4068 6390
368 342 447 401 63
1255 341 1318 396 IN
1361 340 1582 397 EPIST.
1615 341 1705 393 AD
1744 338 1985 396 EPIIES.
2018 345 2170 399 CAP.
2215 347 2302 405 IV.
2340 351 2575 408 IIOMIL.
2616 354 2749 410 VIII.
3542 361 3613 415 ιιι

360 457 590 527 ’τούτοιη
626 459 794 514 Ἔνθα
828 458 1032 528 Πέτρος
1060 453 1147 531 ἦν.
1189 458 1349 512 Ἀλλά
1373 457 1611 512 τοιοῦτον
1631 459 1783 513 οὐδὲν
1818 458 1940 526 ἐγέ-

368 567 492 606 νετο
511 551 645 603 ἐκεῖθ
669 548 783 602 an:
800 543 868 617 ἦν
886 546 1315 619 παραδεδομένος
1335 546 1449 618 [61]
1472 547 1732 619 τέσσαρσι
1748 564 1837 599 τετ
1847 563 1941 617 ρα-

366 638 504 699 δίοις
551 636 895 705 στρατιωτῶν
942 633 1240 703 φυλάσσειν
1274 635 1456 698 αὐτὸν,
1504 636 1597 687 καὶ
1634 636 1733 705 οὐχ
1776 633 1937 704 ὕμνει

366 726 490 778 οὐδέ
521 724 813 795 ήγρύπνει,
836 722 949 775 ἀλλ’
982 721 1239 774 ἐκάθευδε
1268 739 1283 753 ·
1310 723 1401 775 καὶ
1435 722 1554 774 οὐδὲ
1589 738 1938 795 μεμαστιγω-

369 812 532 883 μένος
553 794 643 881 ἢν,
667 811 803 864 ἀλλὰ
828 810 1028 880 μείζων
1050 812 1078 862 ὁ
1109 810 1370 873 κίνδυνος.
1418 794 1691 862 Ἐνταῡθοί
1703 809 1801 878 μὲν
1826 810 1936 881 γὰρ

364 901 467 971 ἤδη
499 900 561 952 τὸ
596 900 705 951 πᾶν
754 898 1031 967 εἴργαστο,
1072 897 1166 949 καὶ
1208 897 1362 967 δίκην
1407 891 1546 967 ἦσαν
1595 895 1887 959 δεδωκότες
1918 913 1931 927 ο

365 974 484 1043 ἐκεῖ
521 989 578 1041 δὲ
607 989 840 1042 οὐδέπω.
881 989 1045 1040 Ὥστε
1074 989 1123 1040 εἰ
1150 986 1224 1057 μὴ
1251 987 1457 1057 πληγαὶ
1486 986 1725 1049 ώδύνων,
1754 986 1869 1039 ἀλλ’
1896 988 1930 1056 ἡ

364 1080 663 1150 προσδοκία
691 1079 786 1132 τοῦ
820 1079 1103 1149 μέλλοντος
1132 1077 1401 1149 ἐθορύῦει.
1439 1078 1579 1148 Ὅρα
1612 1077 1703 1129 καὶ
1730 1079 1846 1130 ἐκεῖ
1872 1076 1934 1129 τὸ

364 1166 569 1236 θαῦμα.
609 1167 765 1221 Ἰδοὺ
793 1168 1047 1236 ἄγγελος
1075 1167 1316 1233 Κυρίου,
1343 1166 1527 1234 φησὶν,
1558 1163 1804 1231 ἐπέστη,
1836 1163 1934 1217 καὶ

359 1256 490 1325 φῶς
518 1256 791 1325 ἔλαμψεν
832 1257 902 1309 ἐν
937 1255 1015 1319 τῷ
1054 1255 1361 1324 οἰκήματι·
1410 1254 1680 1320 πατάξας
1716 1254 1783 1307 δὲ
1819 1253 1934 1321 τὴν

359 1345 635 1411 πλευρὰν
688 1342 796 1396 τοῦ
857 1342 1102 1412 Πέτρου,
1166 1342 1404 1412 ἤγειρεν
1462 1344 1651 1396 αὐτὸν
1701 1343 1928 1411 λέγων·

374 1432 639 1485 Ἀνάστα
659 1431 728 1484 ἐν
745 1430 930 1499 τάχει.
956 1431 1063 1484 Kal
1098 1430 1315 1495 εὐθέως
1343 1430 1639 1493 ἐξέπεσον
1662 1430 1847 1483 αὐτοῦ
1874 1434 1932 1483 al

358 1523 613 1588 ἁλύσεις
657 1524 726 1576 ἐκ
776 1523 896 1576 τῶν
949 1522 1183 1590 χειρῶν.
1248 1522 1407 1573 Ὥστε
1467 1522 1542 1593 μὴ
1595 1520 1811 1590 νομίσαι
1873 1519 1932 1571 τὸ

358 1613 595 1681 πρᾶγμα
623 1611 717 1663 τοῦ
747 1611 922 1681 φωτὸς
957 1611 1115 1679 μόνον
1142 1606 1304 1673 εἶναι,
1332 1610 1425 1662 καὶ
1456 1610 1549 1662 τὸν
1579 1610 1787 1677 Πέτρον
1816 1607 1934 1661 ἔνυ-

360 1700 472 1765 ξεν.
508 1699 693 1761 Οὐδεὶς
727 1699 783 1751 δέ
814 1698 875 1751 τὸ
907 1699 1021 1766 φῶς
1054 1699 1217 1769 ἐώρα,
1255 1698 1392 1751 ἀλλά
1429 1697 1586 1767 μόνος
1621 1697 1802 1759 αὐτὸς,
1839 1697 1932 1749 καὶ

359 1789 537 1842 ἐδόκει
567 1790 651 1841 ὃτι
674 1788 859 1858 ὃραμά
885 1788 1030 1840 ἐστιν
1054 1804 1070 1818 ·
1108 1787 1279 1850 οὕτως
1309 1787 1406 1839 οὐκ
1433 1786 1849 1839 ἐπαισθάνονται
1882 1787 1930 1838 οἱ

360 1876 714 1939 καθεύδοντες
744 1874 853 1929 τῶν
883 1875 977 1929 τώ
1005 1875 1138 1928 Θεοῦ
1164 1875 1514 1944 εὐεργεσιῶν.
1543 1870 1687 1926 Εἷπε
1717 1874 1804 1935 δὲ,
1838 1891 1932 1943 φη-

360 1964 469 2023 σὶν,
497 1967 531 2017 ό
554 1962 807 2033 ἄγγελος
825 1964 975 2031 πρὸς
997 1962 1183 2015 αὐτόν
1209 1979 1221 1991 ·
1250 1961 1569 2030 Περίζωσαι
1596 1963 1693 2015 καὶ
1711 1962 1933 2029 ὑπόδη-

358 2067 466 2106 σαι
494 2052 567 2105 τὰ
613 2050 917 2105 σανδάλιά
946 2066 1083 2104 σου.
1130 2051 1238 2103 Kal
1277 2050 1570 2118 ἐποίησεν
1609 2050 1779 2103 οὕτω.
1823 2051 1931 2104 Kal

357 2136 522 2208 λέγει
544 2137 724 2203 αὐτῷ,
751 2137 1082 2206 Περιϐαλοῦ
1119 2138 1185 2190 τὸ
1215 2136 1447 2205 ἱμάτιόν
1475 2151 1612 2200 σου,
1655 2136 1754 2189 καὶ
1790 2137 1930 2191 ἀκο-

355 2226 564 2279 λούθει
588 2243 710 2292 μοι.
743 2227 849 2278 Καὶ
869 2224 1133 2288 ἐξελθὼν
1167 2224 1589 2292 ἠκολούθησεν
1614 2221 1793 2287 αὐτῷ,
1830 2224 1931 2276 καὶ

356 2297 473 2349 οὐκ
520 2294 650 2363 ᾐδει
686 2295 777 2347 ὅτι
811 2294 1033 2362 ἀληθές
1061 2295 1193 2347 ἐστι
1232 2297 1296 2346 τὸ
1340 2296 1657 2363 γινόμενον
1697 2293 1793 2346 διὰ
1822 2294 1930 2347 τοῦ

356 2383 620 2453 ἀγγέλου
642 2399 656 2412 '
700 2383 894 2436 ἐδόκει
931 2382 1000 2435 δὲ
1028 2382 1219 2451 ὅραμα
1256 2381 1534 2445 βλέπειν.
1586 2383 1931 2449 Διελθόντες

354 2469 428 2522 δὲ
453 2470 694 2537 πρώτην
712 2469 1001 2538 φυλακὴν
1020 2469 1120 2523 καί
1141 2468 1452 2537 δευτέραν,
1480 2465 1671 2537 ἦλθον
1697 2470 1793 2522 ἐπὶ
1819 2471 1931 2536 τὴν

355 2559 564 2625 πύλην
603 2556 718 2624 τὴν
759 2555 1015 2623 σιδηρᾶν
1044 2556 1159 2622 τὴν
1202 2557 1511 2625 φέρουσαν
1556 2559 1641 2623 εὶς
1677 2560 1791 2624 τὴν
1823 2558 1930 2609 πόα

357 2648 483 2706 λιν,
548 2645 681 2712 ἥτις
738 2644 1040 2714 αὐτομάτη
1077 2644 1329 2712 ἠνοίχθη
1361 2644 1581 2707 αὐτοῖς.
1617 2647 1726 2699 Kal
1748 2658 1772 2685 ει
1805 2648 1929 2698 εἱσ-

351 2733 661 2797 ελθόντες,
690 2731 1000 2801 προῆλθον
1023 2733 1224 2801 ῥύμην
1239 2731 1408 2802 μίαν,
1426 2732 1523 2786 καὶ
1538 2732 1755 2799 εὐθέως
1772 2737 1802 2787 ό
1822 2732 1927 2802 ἆγ-

351 2824 537 2893 τελος
563 2822 666 2877 ἀπ’
688 2820 876 2875 αὑτοῦ
905 2820 1159 2889 ἀπέστη,

427 3034 527 3088 Διά
562 3033 617 3087 τί
648 3035 724 3105 μὴ
756 3033 915 3088 τοῦτο
964 3034 1181 3104 γέγονεν
1210 3034 1463 3099 ἐνταῦθα,
1510 3034 1648 3106 ὅπερ
1695 3034 1788 3087 ἐπὶ
1829 3035 1925 3087 τοῦ

354 3124 570 3178 Παύλου
616 3125 713 3178 καὶ
746 3124 907 3187 Σίλα;
944 3123 1064 3175 Ὀτι
1107 3125 1223 3175 ἐκεῖ
1265 3122 1364 3193 μέν
1394 3121 1620 3191 ἔμελλον
1670 3113 1926 3176 ἀπολύειν

352 3210 554 3275 αὐτούς
581 3229 595 3243 ο
632 3212 722 3266 διὰ
760 3211 919 3265 τοῦτο
945 3212 1044 3264 οὐκ
1077 3211 1338 3281 ἠθέλησεν
1377 3211 1551 3273 οὕτως
1586 3211 1924 3280 ἀπολυθῆναι

352 3300 554 3362 αὐτούς
578 3316 593 3332 ο
634 3299 725 3352 ἐπὶ
751 3300 807 3352 δέ
836 3297 930 3352 τοῦ
965 3298 1236 3370 μακαρίου
1270 3300 1502 3370 Πέτρου,
1534 3299 1611 3361 είς
1646 3299 1803 3366 φόνον
1827 3300 1925 3351 αὐ-

352 3386 447 3441 τὸν
472 3387 697 3458 ἔμελλον
729 3387 962 3455 ἐξάγειν.
998 3387 1061 3439 Τί
1086 3383 1214 3450 οὗν;
1246 3388 1307 3440 οὐ
1345 3387 1523 3458 πολλῴ
1552 3386 1926 3456 θαυμασιώτε-

358 3490 451 3546 ρον
471 3471 561 3546 ἦν,
603 3477 789 3546 φησὶν,
834 3473 1127 3545 ἐξαχθέντα
1156 3475 1249 3527 καὶ
1285 3475 1655 3543 παραδοθέντα
1684 3476 1803 3537 ταῖς
1829 3474 1923 3527 τοῦ

352 3560 623 3630 βασιλέως
651 3563 827 3630 χερσὶ,
854 3561 974 3612 τότε
1009 3563 1073 3613 ἐκ
1105 3561 1283 3631 μέσων
1311 3561 1491 3614 αὐτῶν
1517 3561 1923 3632 ἐξαρπασθῆναι

352 3648 463 3700 τῶν
505 3648 785 3713 κινδύνων,
815 3649 910 3701 καὶ
939 3648 1101 3719 μηδὲν
1131 3648 1325 3701 παθεῖν
1349 3667 1363 3715 ;
1393 3648 1535 3700 οὓτω
1572 3650 1681 3719 γὰρ
1711 3648 1776 3701 ἂν
1801 3649 1924 3701 οὑδέ

351 3738 405 3789 οί
443 3737 773 3807 στρατιῶται
812 3736 1107 3791 ἀπώλοντο.
1149 3737 1312 3803 Μέγα
1362 3735 1594 3790 ἐνταῦθα
1644 3737 1920 3806 κεκίνηται

350 3823 594 3893 ζήτημα,
640 3823 698 3875 '0
732 3822 864 3886 Θεὸς
901 3823 990 3875 τὸν
1023 3820 1188 3876 αὐτοῦ
1217 3821 1423 3885 δοῦλον,
1464 3824 1619 3892 φησὶ,
1656 3823 1793 3891 μετά
1820 3822 1922 3891 τῆς

348 3913 556 3983 ἐτέρων
577 3912 749 3965 ἔσωσε
772 3913 1065 3983 τιμωρίας,
1098 3912 1238 3982 μετά
1256 3913 1355 3983 τῆς
1381 3912 1582 3983 ἐτέρων
1612 3911 1919 3979 ἀπωλείας;

349 4001 419 4053 Τί
444 3998 535 4056 οὖν
574 4004 847 4074 ἐροῦμεν;
892 4002 1113 4072 Πρῶτον
1147 4003 1245 4072 μὲν
1286 3998 1400 4065 οὖν,
1439 4002 1521 4055 ὅτι
1560 4002 1621 4054 οὐ
1654 4001 1793 4071 μετά
1820 4001 1924 4071 τῆς

350 4090 557 4160 ἐτέρων
582 4090 866 4152 ἀπωλείας
890 4105 905 4121 ο
929 4089 1199 4161 δεύτερον,
1230 4090 1312 4161 ἕξει
1329 4092 1389 4142 οὐ
1418 4090 1517 4159 τῆς
1540 4088 1634 4142 τοῦ
1661 4091 1922 4159 πράγμα-

348 4152 783 4248 τοςυοίκονομίας
806 4178 963 4231 τοῦτο
986 4152 1396 4247 γέγονεν,ὶλλὰ
1417 4152 1515 4247 της
1541 4178 1634 4231 τοῦ
1667 4152 1922 4231 δίκαστοῦ

350 4266 599 4338 πικρίας.
632 4268 792 4332 Πῶς;
835 4266 894 4319 ⁸0
942 4266 1039 4334 μὲν
1070 4267 1203 4330 Θεὸς
1235 4265 1409 4329 οὕτως
1437 4266 1809 4337 ᾡκονόμησεν,
1846 4267 1922 4330 ὡς

354 4353 432 4426 μὴ
464 4355 623 4424 μόνον
669 4354 897 4417 τούτους
941 4355 1016 4426 μὴ
1054 4354 1370 4415 ἀπολέσθαι,
1418 4354 1553 4407 ἀλλά
1589 4356 1683 4408 καὶ
1715 4357 1921 4407 ἐκεῖνον

349 4441 614 4511 σωθῆναι,
647 4442 901 4511 καθάπερ
923 4443 986 4514 δὴ
1011 4443 1107 4495 καὶ
1138 4443 1375 4495 ἐνταῦθα
1404 4442 1499 4494 ἐπὶ
1523 4441 1618 4494 τοῦ
1650 4443 1922 4512 δεσμοφύ-

347 4529 515 4592 λακος
542 4547 557 4561 ο
592 4531 798 4592 ἐκεῖνος
835 4529 893 4581 δὲ
920 4531 1019 4582 οὐκ
1046 4531 1321 4600 ἐχρήσατο
1351 4532 1416 4599 τῇ
1451 4530 1628 4601 δωρεᾷ
1657 4533 1736 4593 εἰς
1781 4531 1917 4583 δέον.

345 4618 694 4686 Γενομένης
712 4617 780 4670 δὲ
796 4617 1042 4686 ἡμέρας,
1067 4618 1251 4687 φησὶν,
1271 4614 1351 4687 ἦν
1373 4619 1634 4686 τάραχος
1655 4621 1766 4672 οὐκ
1797 4619 1922 4672 ὀλί-

346 4723 456 4775 γος
481 4707 685 4770 ἐντοῖς
708 4710 1113 4773 στρατιώταις,
1137 4708 1196 4760 τί
1220 4708 1333 4774 ἄρα
1356 4710 1389 4760 ὁ
1415 4706 1637 4772 Πέτρος
1662 4708 1917 4776 ἐγένετο.

347 4790 482 4848 Εἶτα
504 4796 596 4860 τίς
639 4796 916 4861 Ἐξέτασιν
948 4794 1041 4847 τοῦ
1074 4795 1400 4866 πράγματος
1423 4800 1660 4849 ποιεῖται
1688 4800 1716 4849 6
1747 4797 1919 4867 Ἠρώ-

345 4885 466 4954 δης,
496 4885 591 4938 καὶ
621 4883 918 4955 ἀνακρίνας
941 4885 1156 4947 αὐτοὺς,
1186 4884 1473 4938 ἐκέλευσεν
1497 4886 1823 4956 ἀπαχθῆναι.
1858 4886 1919 4937 EE

350 4973 452 5043 μὲν
476 4973 585 5043 γὰρ
605 4974 678 5043 μὴ
706 4974 1007 5044 ἀνέκρινεν,
1027 4968 1094 5043 ἦν
1114 4974 1178 5027 ἄν
1203 4990 1284 5035 τις
1302 4974 1569 5043 ἀπολογία
1587 4991 1599 5003 °
1625 4975 1719 5028 νῦν
1740 4975 1795 5028 δέ
1816 4992 1919 5029 πα-

350 5062 516 5132 ρέστη
527 5078 636 5126 σεν,
652 5062 954 5133 ἀνέκρινεν,
979 5061 1179 5132 ἔμαθεν
1195 5064 1275 5116 ὅτι
1293 5064 1521 5128 ἐδέδετο,
1537 5065 1618 5117 ὅτι
1638 5063 1698 5117 τὸ
1711 5065 1920 5133 δεσμω-

346 5150 538 5220 τήριον
553 5150 871 5219 ἡσφάλιστο,
889 5150 971 5202 ὅτι
987 5151 1033 5203 οί
1052 5149 1291 5219 φύλακες
1307 5147 1446 5223 ἦσαν
1461 5153 1567 5222 πρὸ
1582 5152 1687 5204 τῶν
1709 5152 1886 5222 θυρῶν
1903 5168 1916 5184 ο

348 5240 411 5293 οὐ
441 5242 619 5309 τοῖχος
650 5236 1022 5309 διωρώρυκτο,
1051 5239 1112 5291 οὐ
1138 5238 1278 5308 θύρα
1307 5240 1570 5310 ἀνέῳκτο,
1602 5240 1753 5293 οὐδὲν
1791 5240 1921 5294 ἄλλο

348 5330 686 5398 κακουργίας
700 5329 1019 5398 τεκμήριον.
1051 5328 1251 5399 Ἐχρῆν
1265 5329 1426 5381 αὐτὸν
1444 5329 1552 5382 ἀπὸ
1569 5328 1773 5381 τούτων
1800 5328 1923 5382 θαυ-

350 5417 521 5486 μάσαι
554 5416 644 5469 τοῦ
676 5416 810 5469 Θεοῦ
834 5417 934 5486 τὴν
967 5414 1216 5485 δύναμιν,
1248 5416 1370 5485 ἥτις
1401 5417 1495 5470 καὶ
1526 5420 1590 5470 ἐκ
1617 5417 1800 5487 μέσων
1824 5418 1922 5469 αὐ-

343 5507 437 5557 τὸν
471 5506 757 5574 ἀνήρπασε
805 5503 915 5555 τῶν
954 5502 1213 5557 κινδύνων
1234 5520 1249 5533 ο
1274 5505 1369 5557 καὶ
1420 5508 1800 5575 προσκυνῆσαι
1829 5506 1922 5558 τὸν

345 5592 581 5647 τοσαῦτα
608 5587 906 5661 δυνηθέντα
928 5608 941 5622 ·
968 5594 996 5644 6
1020 5591 1076 5644 δὲ
1109 5591 1350 5656 ἐκείνους
1375 5594 1652 5663 ἀπήγαγε.
1684 5594 1810 5656 Πῶς
1828 5588 1921 5647 οὖν

346 5682 584 5735 ἐνταῦθα
603 5683 631 5733 6
665 5680 797 5743 Θεὸς
825 5678 1028 5747 αῖτιος;
1061 5681 1124 5733 Εἰ
1146 5680 1246 5749 μὲν
1272 5680 1381 5751 γὰρ
1405 5683 1583 5751 τοῖχον
1613 5682 1919 5754 διαρραγῆ-

413 5943 437 5971 ι
460 5931 592 5994 )larg
646 5929 777 5982 Savil
803 5930 1072 6001 ἐξελθόντες,
1095 5934 1149 5983 εὶ
1169 5932 1236 5983 ila
1261 5930 1390 5984 Bibl.

2049 478 2136 513 ναι
2168 462 2281 535 [62]
2306 468 2530 538 ἐποίησε
2553 509 2569 533 ,
2600 470 2694 521 καὶ
2727 467 2898 531 οὕτως
2947 468 3218 535 ἐξέϐαλεν,
3248 472 3377 534 ἴσως
3404 469 3469 524 ἂν
3498 456 3611 525 ἐνό-

2051 550 2214 623 μίσθη
2259 555 2358 625 τῆς
2404 557 2628 610 ἐκείνων
2666 557 2937 628 ῥᾳθυμίας
2962 559 3024 611 τὸ
3052 562 3284 629 πρᾶγμα
3309 576 3324 591 ⁸
3348 562 3394 612 εί
3428 561 3483 612 δὲ
3517 560 3609 613 οὔ·

2042 655 2149 701 τως
2179 640 2554 713 ᾠκονόμησεν,
2580 644 2719 697 ὥστε
2736 644 3015 715 δειχθῆναι
3042 647 3123 699 ὅτι
3153 646 3251 699 οὐκ
3268 646 3611 717 ἀνθρωπίνης

2038 730 2406 800 κακουργίας,
2440 731 2576 785 ἀλλὰ
2620 732 2767 794 θείας
2806 732 3250 803 θαυματουργίας
3276 734 3335 787 τὸ
3376 736 3611 805 πρᾶγμα

2035 810 2124 885 ἦν,
2148 818 2199 870 τί
2229 819 2293 890 δὴ
2327 819 2486 873 τοῦτο
2530 821 2786 891 ἐποίησεν
2814 839 2828 887 ;
2859 822 2923 874 El
2961 822 3069 893 γὰρ
3118 822 3313 892 ἔμελλε
3356 822 3606 891 φεύγειν,

2034 902 2208 968 οὓτως
2259 908 2335 970 ὼς
2374 902 2488 979 εἶχε
2538 910 2637 973 τὰς
2691 909 2912 973 ἁλύσεις
2954 911 3152 980 ἔφυγεν
3200 911 3301 963 ἄν’
3330 913 3378 963 εί
3417 912 3608 981 ἔμελλε

2038 993 2265 1061 φεύγειν
2289 996 2744 1067 τεθορυϐημένος,
2780 999 2881 1052 οὐκ
2913 998 2978 1053 ἂν
3004 999 3276 1070 τοσαύτην
3311 1001 3610 1070 ἐποιήσατο

2035 1080 2313 1150 πρόνοιαν,
2348 1082 2489 1137 ὥστε
2539 1086 2634 1137 καὶ
2670 1086 2737 1138 τὰ
2761 1086 3016 1140 σανδάλια
3047 1087 3227 1139 λαϐεῖν
3247 1128 3260 1151 ,
3291 1086 3404 1140 ἀλλ’
3428 1088 3609 1140 εἴασεν

2035 1167 2121 1222 ἄν.
2144 1167 2258 1221 Νῦν
2299 1170 2355 1222 δέ
2385 1171 2473 1225 διά
2507 1171 2666 1225 τοῦτό
2717 1190 2880 1243 φησιν
2905 1175 2932 1226 6
2963 1174 3191 1242 ἄγγελος
3228 1174 3365 1244 πρὸς
3420 1165 3604 1240 αὐτὸν,

2046 1255 2380 1324 ’Υπόδησαι
2407 1257 2477 1311 τὰ
2506 1258 2814 1312 σανδάλιά
2850 1274 2968 1312 σου
2990 1276 3001 1288 ·
3040 1260 3127 1313 ἵνα
3166 1261 3409 1329 μάθωσιν
3433 1262 3513 1315 ὅτι
3541 1261 3603 1313 οὐ

2036 1343 2278 1413 φεύγων,
2301 1344 2437 1399 ἀλλά
2473 1347 2611 1417 μετὰ
2643 1346 2844 1417 πολλῆς
2876 1345 3111 1409 ἀνέσεως
3132 1348 3193 1400 τὸ
3226 1350 3457 1418 πρᾶγμα
3493 1350 3606 1419 alp-

2032 1432 2256 1500 γάσατο.
2314 1434 2607 1504 Δεδεμένος
2639 1434 2769 1504 γάρ,
2807 1437 2901 1487 καὶ
2939 1433 3140 1505 μεταξὺ
3178 1434 3287 1487 τῶν
3316 1435 3408 1488 δύο
3430 1436 3605 1505 μένων

2036 1521 2384 1590 στρατιωτῶν
2439 1523 2539 1574 οὐκ
2599 1520 2664 1574 ἂν
2693 1521 2962 1590 τοσαύτην
3016 1522 3312 1590 ἐποιήσατο
3362 1522 3555 1592 σχολὴν
3584 1562 3603 1589 ,

2034 1604 2171 1659 ὥστε
2209 1608 2301 1660 καὶ
2331 1608 2429 1671 τὰς
2456 1608 2673 1673 ἁλύσεις
2705 1609 2886 1676 λῦσαι,
2918 1610 3014 1663 καὶ
3044 1608 3216 1663 ταῦτα
3245 1609 3325 1672 είς
3356 1610 3452 1680 τὴν
3472 1613 3607 1663 ἐσω-

2032 1692 2195 1763 τέραν
2217 1693 2291 1746 ὣν
2314 1695 2407 1747 καὶ
2434 1695 2595 1757 αὐτὸς
2630 1697 2901 1768 φυλακήν.
2933 1697 3097 1749 ’Ὥστε
3144 1696 3244 1766 τῆς
3272 1697 3487 1758 ἀδικίας
3507 1697 3603 1750 τοῦ

2032 1780 2287 1834 δικαστοῦ
2312 1782 2531 1850 γέγονεν
2550 1785 2583 1853 ἡ
2614 1782 2836 1846 κόλασις
2861 1784 2968 1836 τῶν
2997 1785 3273 1853 φυλάκων.
3306 1786 3404 1838 Διά
3422 1784 3475 1837 τί
3495 1784 3605 1855 γὰρ

2045 1870 2286 1923 Ἰουδαῖοι
2327 1870 2401 1942 μὴ
2448 1870 2608 1925 τοῦτο
2645 1871 2959 1943 ἐποίησαν;
3001 1873 3111 1925 Καὶ
3152 1872 3258 1943 γάρ
3292 1872 3479 1941 ἐτέρου
3519 1872 3605 1924 δε-

2035 1960 2346 2028 σμωτηρίου
2385 1960 2689 2030 μέμνημαι,
2727 1960 2937 2013 ἐκείνου
2967 1960 3064 2029 μὲν
3095 1959 3188 2012 τοῦ
3217 1959 3486 2030 προτέρου
3505 1958 3602 2011 τοῦ

2032 2046 2089 2098 ἐν
2127 2046 2312 2116 Ῥώμῃ
2346 2087 2361 2113 ,
2410 2047 2602 2100 τούτου
2655 2047 2712 2100 δὲ
2757 2045 2853 2099 τοῦ
2922 2048 2979 2099 ἐν
3024 2046 3358 2117 Καισαρείᾳ,
3412 2047 3510 2101 νῦν
3544 2047 3603 2099 δὲ

2031 2132 2126 2186 τοῦ
2166 2135 2224 2186 ἐν
2268 2134 2686 2205 Ἱεροσολύμοις.
2729 2134 3089 2196 Ἀκούσαντες
3116 2133 3225 2205 γὰρ
3250 2135 3301 2186 οἱ
3324 2135 3604 2205 ἀρχιερεῖς

2033 2224 2127 2275 καὶ
2154 2223 2204 2275 οί
2235 2224 2519 2293 Φαρισαῖοι
2571 2221 2726 2296 παρὰ
2752 2220 2861 2274 τῶν
2883 2222 3298 2274 ἀποσταλέντων
3332 2223 3463 2292 παρ’
3502 2224 3602 2277 a6-

2031 2311 2139 2363 τῶν
2164 2312 2244 2372 είς
2268 2310 2329 2362 τὸ
2343 2311 2741 2380 δεσμωτήριον,
2767 2311 2910 2362 ὥστε
2933 2310 3226 2378 ἐξαγαγεῖν
3250 2310 3343 2364 τὸν
3372 2311 3600 2381 Πέτρον,

2030 2399 2112 2451 ὃτι
2145 2399 2294 2450 Ἐσω
2311 2398 2501 2451 οὐδένα
2519 2396 2775 2468 εὐρομεν,
2797 2396 2932 2450 ἀλλά
2966 2399 3062 2451 καὶ
3083 2398 3474 2467 κεκλεισμένας
3501 2398 3603 2459 τὰς

2032 2485 2222 2556 θύρας,
2280 2487 2376 2538 καὶ
2422 2486 2549 2548 τοὺς
2588 2484 2836 2553 φύλακας
2859 2484 3100 2547 ἐστῶτας
3123 2485 3231 2554 πρὸ
3257 2484 3365 2536 τῶν
3396 2484 3599 2553 θυρῶν·

2028 2573 2118 2627 διὰ
2163 2574 2217 2626 τί
2266 2573 2340 2643 μὴ
2381 2573 2511 2635 τοὺς
2550 2571 2798 2641 φύλακας
2829 2572 3075 2636 ἀνεῖλον,
3115 2571 3252 2625 ἀλλά
3302 2572 3602 2643 διηπόρουν

2029 2661 2159 2730 περὶ
2192 2660 2372 2714 αὐτῶν
2426 2660 2702 2728 λέγοντες,
2739 2658 2807 2711 Τί
2844 2659 2910 2711 ἂν
2942 2658 3153 2726 γένοιτο
3203 2658 3400 2725 τοῦτο;
3446 2660 3510 2712 Εἰ
3543 2659 3601 2712 δὲ

2030 2750 2234 2820 σφόδρα
2271 2749 2391 2802 κατ’
2418 2748 2597 2801 αὐτῶν
2627 2746 2899 2816 φονῶντες
2924 2746 3074 2800 οὐδὲν
3110 2746 3353 2799 τοιοῦτον
3383 2746 3603 2816 ἐνενόη-

2031 2854 2152 2902 σαν,
2179 2835 2359 2907 πολλῷ
2414 2834 2615 2905 μᾶλλον
2658 2836 2722 2888 σὺ
2756 2837 2783 2887 6
2818 2834 2954 2904 πρὸς
2985 2833 3207 2887 ἐκείνων
3233 2833 3394 2903 χάριν
3421 2835 3601 2887 πάντα

2029 2925 2219 2978 ποιῶν.
2248 2925 2346 2981 Διά
2371 2923 2530 2976 τοῦτο
2557 2921 2820 2992 μετῆλθεν
2859 2921 3023 2974 αὐτὸν
3046 2923 3079 2991 ἠ
3122 2921 3244 2991 δίκη
3274 2921 3501 2990 ταχέως.
3536 2921 3601 2971 Εἰ

2027 3012 2084 3065 δὲ
2134 3011 2293 3066 τοῦτο
2350 2994 2624 3079 ἐγκαλεῖς,
2676 3009 2900 3077 ἐγκάλει
2949 3010 3044 3062 καὶ
3100 3009 3230 3079 περὶ
3252 3008 3359 3061 τῶν
3389 3009 3446 3060 ἐν
3478 3010 3602 3066 ταῖς

2027 3100 2167 3163 ὁδοῖς
2220 3098 2629 3168 σφαττομένων,
2664 3098 2760 3151 καὶ
2820 3097 2948 3166 περὶ
2982 3096 3090 3149 τῶν
3126 3096 3322 3158 ἀδίκως
3356 3097 3602 3165 ἀναιρου-

2029 3186 2206 3255 μένων
2240 3186 2448 3255 μυρίων
2478 3184 2702 3255 ἐτέρων,
2734 3185 2827 3235 καὶ
2861 3184 2941 3237 ἔτι
2967 3184 3096 3254 περὶ
3123 3184 3234 3236 τῶν
3265 3183 3472 3236 παίδων
3491 3182 3603 3234 τῶν

2025 3273 2119 3326 ἐπὶ
2149 3273 2245 3326 τοῦ
2276 3272 2514 3343 Χριστοῦ
2559 3272 2954 3341 ἀναιρεθέντων
2986 3288 3000 3302 ο
3034 3272 3129 3324 καί¹
3176 3271 3285 3341 γὰρ
3327 3272 3420 3323 καὶ
3463 3270 3603 3324 ἐκεί-

2025 3380 2154 3426 νοις,
2187 3364 2261 3425 ώς
2311 3364 2373 3414 σὺ
2394 3362 2593 3429 λέγεις,
2623 3364 2650 3414 6
2696 3361 2930 3431 Χριστὸς
2974 3361 3185 3429 ἐγένετο
3215 3360 3385 3424 αίτιος
3410 3376 3425 3391 ⁸
3463 3360 3601 3430 μᾶλ-

2024 3449 2115 3502 λον
2173 3450 2270 3518 οὐχ
2290 3450 2317 3500 ὁ
2344 3448 2578 3517 Χριστὸς
2602 3488 2615 3509 ,
2652 3448 2766 3500 ἀλλ’
2795 3450 2828 3516 ἡ
2859 3449 3023 3518 μανία
3053 3449 3201 3518 καὶὴ
3229 3449 3480 3518 τυραννὶς
3504 3449 3598 3501 τοῦ

2025 3524 2232 3607 πατρὸς
2294 3534 2388 3587 τοῦ
2444 3535 2686 3605 Ἡρώδου
2716 3536 2765 3589 ι).
2796 3537 2859 3588 El
2902 3537 2957 3587 δέ
2981 3536 3179 3604 λέγεις,
3208 3535 3307 3589 Διά
3342 3536 3399 3589 τί
3425 3537 3501 3606 μὴ
3533 3538 3599 3590 ἐκ

2024 3626 2132 3678 τῶν
2171 3625 2372 3696 χειρῶν
2413 3624 2577 3676 αὐτὸν
2606 3624 2827 3694 ἥρπασε
2870 3624 2964 3677 τοῦ
3010 3624 3411 3696 Ἠρώδου;κα“ι
3437 3625 3600 3679 τοῦτο

2024 3712 2252 3781 ἠδύνατο
2282 3711 2527 3780 ποιῆσαι,
2548 3711 2661 3763 ἀλλ’
2679 3712 2832 3765 οὐδὲν
2850 3713 3135 3782 ἐκέρδανεν
3160 3713 3227 3767 ἂν
3250 3713 3360 3765 ἀπὸ
3383 3713 3595 3770 τούτου.

2024 3800 2263 3863 Ποσάκις
2288 3797 2421 3866 γοῦν
2455 3799 2483 3850 6
2523 3799 2760 3868 Χριστὸς
2779 3801 2841 3852 ἐκ
2871 3802 3037 3869 μέσου
3070 3800 3246 3853 αὐτῶν
3274 3800 3465 3869 ἐξῆλθε
3482 3800 3596 3855 τῶν

2023 3887 2262 3959 χειρῶν;
2299 3886 2352 3939 τί
2400 3881 2495 3940 οὖν
2548 3887 2708 3939 τοῦτο
2760 3886 3014 3957 ὠφέλησε
3057 3889 3183 3950 τοὺς
3229 3886 3593 3958 ἀγνώμονας;

2036 3976 2301 4029 Ἐνταῦθα
2333 3974 2517 4044 μέντοι
2550 3991 2614 4044 γε
2641 3976 2735 4028 καὶ
2764 3974 2935 4046 πολλὴ
2968 3977 3079 4037 τοῖς
3105 3978 3316 4040 πιστοῖς
3359 3975 3599 4046 ὠφέλεια.

2023 4064 2231 4132 γίνεται
2270 4063 2378 4115 ἀπὸ
2429 4061 2538 4115 τῶν
2574 4062 2992 4131 γεγενημένων·
3027 4062 3443 4133 ὑπομνημάτων
3487 4062 3599 4134 γὰρ

2024 4150 2353 4222 γενομένων,
2404 4152 2498 4203 καὶ
2540 4149 2651 4203 τῶν
2690 4149 2902 4220 ἐχθρῶν
2945 4149 3124 4201 αὐτῶν
3171 4150 3596 4221 μαρτυρούντων

2024 4240 2136 4301 τοῖς
2188 4237 2614 4308 πραττομένοις,
2651 4233 3104 4307 ἀνύποπτοςῆνὴ
3141 4237 3594 4307 μαρτυρία.Ὣσ-

2023 4343 2130 4396 περ
2163 4321 2254 4380 οὖν
2293 4326 2456 4378 κάκεῖ
2502 4324 2798 4395 οὐδαμόθεν
2836 4323 3057 4377 ἄλλοθεν
3095 4323 3592 4394 ἐπεστομίσθησαν,

2025 4413 2141 4465 ἀλλ’
2169 4414 2202 4484 ἢ
2239 4414 2303 4466 ἐκ
2355 4414 2450 4466 τοῦ
2484 4415 2611 4475 τοὺς
2653 4414 2911 4476 ἐλθόντας
2955 4413 3239 4483 ὁμολογεῖν
3270 4413 3339 4467 τά
3368 4428 3596 4484 γεγενη-

2030 4502 2187 4572 μένα,
2220 4502 2361 4555 οὖτω
2407 4503 2471 4572 δὴ
2514 4502 2610 4554 καὶ
2654 4500 2907 4557 ἐνταῦθα.
2938 4500 3037 4554 Διά
3080 4500 3132 4553 τί
3182 4499 3291 4570 γὰρ
3324 4503 3352 4554 6
3398 4502 3594 4573 δεσμο-

2026 4586 2200 4655 φύλαξ
2226 4587 2377 4639 οὐδὲν
2404 4586 2645 4639 τοιοῦτον
2668 4586 2922 4657 ἐποίησε;
2960 4589 3138 4640 καίτοι
3163 4604 3226 4655 γε
3254 4588 3407 4642 οὐδὲν
3438 4588 3595 4642 ἐλάτ-

2023 4691 2152 4727 τονα
2205 4673 2311 4727 τῶν
2363 4673 2552 4727 τούτου
2620 4674 2689 4726 τά
2753 4674 2993 4745 Ἡρώδου
3042 4670 3130 4745 ἦν.
3172 4673 3276 4727 Τοῦ
3329 4674 3440 4746 γὰρ
3468 4676 3594 4729 ίδείν

2023 4760 2377 4830 ἀνεῳγμένας
2428 4759 2527 4823 τὰς
2576 4760 2765 4831 θύρας,
2799 4761 2922 4814 ὅσον
2946 4763 3027 4825 εἰς
3070 4761 3384 4832 ἐκπλήξεως
3413 4762 3592 4831 λόγον,

2021 4849 2174 4901 οὐδὲν
2223 4848 2440 4900 ἔλαττον
2486 4847 2547 4901 τὸ
2603 4849 2796 4917 μαθεῖν
2838 4849 2919 4901 ὅτι
2963 4848 3367 4919 κεκλεισμένων
3411 4850 3595 4903 αὐτῶν

2022 4934 2246 5006 ἐξῆλθεν
2275 4938 2302 4989 ὁ
2347 4935 2663 5005 δεδεμένος·
2697 4936 2874 4989 καίτοι
2924 4936 3098 4989 ταῦτα
3159 4938 3252 4990 καὶ
3318 4938 3592 5006 φαντασία

2022 5024 2200 5088 ἔδοξεν
2217 5022 2280 5076 ἂν
2311 5018 2448 5076 εἶναι
2483 5023 2701 5092 μᾶλλον,
2731 5024 2907 5075 ἐκεῖνο
2940 5023 2996 5077 δὲ
3024 5024 3232 5090 οὐκέτι,
3274 5025 3410 5095 μετὰ
3430 5026 3591 5095 ἀκρι-

2023 5111 2174 5175 ϐείας
2204 5110 2699 5179 ἀπαγγελλόμενον.
2771 5110 2933 5162 Ὥστε
2957 5111 3005 5162 εί
3036 5112 3130 5164 καὶ
3158 5106 3310 5172 οὗτος
3341 5106 3592 5181 οῦτωςῆν

2022 5200 2277 5269 πονηρὸς,
2335 5196 2563 5265 ἔσφαξεν
2629 5197 2695 5250 ἂν
2749 5196 2839 5249 τὸν
2886 5197 3122 5263 Παῦλον,
3166 5197 3279 5270 [65]
3338 5196 3592 5267 καθάπερ

2022 5292 2226 5350 ἐκεῖνος
2280 5289 2405 5350 τοὺς
2465 5285 2803 5358 στρατιώτας
2833 5303 2846 5319 ·
2877 5286 2992 5339 ἀλλ’
3020 5288 3119 5340 οὐκ
3137 5283 3225 5357 ἦν.
3271 5287 3331 5338 El
3356 5285 3412 5337 δέ
3454 5286 3591 5356 πρὸς

2021 5379 2145 5441 τοὺς
2192 5377 2472 5444 λέγοντας,
2510 5375 2597 5428 διὰ
2626 5376 2678 5427 τί
2707 5375 2800 5427 καὶ
2834 5376 2902 5427 τὰ
2944 5375 3134 5427 παιδία
3162 5372 3538 5444 συνεχώρησεν
3563 5377 3592 5425 ὁ

2022 5465 2152 5528 Θεὸς
2175 5464 2547 5534 ἀναιρεθῆναι,
2576 5462 2923 5533 βουληθῶμεν
2950 5461 3420 5532 ἀπολογήσασθαι,
3444 5462 3587 5527 τὰχκ

2022 5555 2100 5614 είς
2155 5552 2489 5621 μακρότερον
2547 5550 2939 5618 ἐμπεσούμεθα
2995 5549 3174 5617 λόγον,
3233 5548 3291 5601 ὃν
3338 5550 3397 5602 ἐν
3456 5565 3591 5619 προ-

2020 5640 2220 5711 οιμίοις
2244 5639 2352 5692 ἔδει
2378 5638 2632 5707 λέγεσθαι
2664 5640 2799 5709 πρὸς
2816 5638 2983 5707 ὑμᾶς.

2083 5807 2251 5866 1·Α1ἱί,
2274 5808 2359 5869 τοῦ
2391 5808 2587 5856 πάππου
2614 5806 2699 5855 τοῦ
2732 5806 2966 5869 Ἡρώδου.
2998 5805 3153 5855 Paulo
3186 5814 3299 5869 post
3322 5808 3593 5869 legendum

2020 5870 2218 5932 omnium
2244 5868 2437 5932 VidPIlIl'
2464 5871 2634 5924 αὐτοὺς
2661 5866 2847 5926 ἥρπασε
2876 5866 2989 5925 τοῦ,
3016 5870 3093 5915 vel
3116 5866 3228 5926 τῶν,
3258 5866 3493 5932 Ἡρώδου,
3538 5873 3597 5920 ιιι
3684 5890 3687 5895 ·

2026 5930 2241 5985 Smilius
2269 5929 2544 5995 suspicatus
2569 5938 2676 5992 est;
2700 5945 2795 5980 non
2815 5936 3013 5995 autem,
3038 5932 3181 5980 αὐτὸν
3203 5929 3408 5995 ἥρπασε.
