4060 6400
430 275 503 331 65
1112 268 1174 326 S.
1208 264 1498 324 JOAIMIS
1530 263 2023 323 CHRYSOSTOMI
2064 265 2387 322 ARCHIEP.
2428 258 2985 324 CONSTAN'HRUF.
3626 271 3699 327 66
3800 336 3803 337 ν

502 389 653 453 Τέως
690 388 748 442 δὲ
788 387 960 443 πολλά
985 388 1054 458 τῇ
1094 385 1309 440 Παύλου
1360 383 1861 455 εὐχαριστήσαντες
1881 382 2013 438 ἀλύ-

384 502 387 505 ν
432 490 538 536 σει,
588 472 1033 542 καταπαύσωμεν
1081 470 1173 522 τὸν
1217 469 1396 538 λόγον,
1434 468 1518 521 ὅτι
1570 467 1844 521 τοσούτων
1873 470 2008 539 ἡμῖν

429 556 651 624 ἀγαθῶν
684 556 836 610 αἰτία
867 555 1082 624 γέγονε,
1120 552 1609 626 παρακαλέσαντες
1635 552 1780 622 ὑμᾶς
1803 551 1879 623 μὴ
1906 550 1998 622 9⁸6⁸

429 659 522 696 νον
553 642 628 712 μὴ
648 641 1045 713 δυσχεραίνειν,
1084 642 1201 694 εἴτι
1223 640 1311 694 διὰ
1344 638 1579 710 Χριστὸν
1601 638 1851 703 πάθοιτε,
1876 637 2015 692 ἀλλά

431 726 528 780 καὶ
562 725 776 796 χαίρειν
801 724 878 787 ὡς
902 726 951 777 οί
972 723 1285 786 ἀπόστολοι,
1311 724 1406 778 καί
1429 722 1737 792 καυχᾶσθαι
1762 722 1838 785 ὡς
1861 721 2013 776 Παῦ-

431 810 523 873 λος
550 808 740 878 έλεγεν
776 824 791 839 ⁸
836 808 1087 862 Ἥδιστα
1137 806 1525 876 καυχήσομαι
1566 806 1637 859 ἐν
1682 805 1812 871 ταῖς
1841 806 2018 860 ἀσθε-

430 894 622 959 νείαις
646 910 791 962 μου.
826 891 926 944 Διά
955 892 1065 963 γὰρ
1090 889 1249 943 τοῦτο
1282 890 1378 944 καὶ
1401 891 1656 960 ῆκουσεν,
1697 889 1894 958 Ἀρκεῖ
1914 906 2015 943 σοι

431 978 471 1046 ἡ
502 977 674 1047 χάρις
696 993 839 1046 μου.
881 974 1094 1037 Παῦλος
1115 975 1210 1026 ἐπὶ⁵
1247 974 1467 1044 δεσμοῖς
1493 974 1792 1044 καυχᾶται,
1826 974 1920 1028 καὶ
1947 975 2013 1028 σὺ

432 1062 528 1117 ἐπὶ
554 1060 771 1131 πλούτῳ
802 1058 945 1129 μέγα
974 1061 1229 1131 φρονεῖς;
1260 1059 1309 1112 οἱ
1337 1057 1629 1113 ἀπόστολοι
1650 1058 1871 1129 ἔχαιρον
1892 1097 1907 1120 ,
1932 1058 2016 1112 ὅτι

430 1142 856 1216 κατηξιώθησαν
912 1142 1350 1214 μαστιγωθῆναι,
1385 1142 1478 1195 καὶ
1512 1143 1576 1195 σὺ
1628 1143 1813 1196 ἄνεσιν
1833 1141 2016 1213 ζητεῖς

431 1232 528 1283 καὶ
554 1228 768 1300 τρυφήν
796 1243 811 1292 ;
843 1225 968 1289 Πῶς
994 1222 1090 1280 οὖν
1112 1225 1286 1289 Θέλεις
1310 1225 1418 1279 τῶν
1449 1224 1630 1278 αὐτῶν
1651 1225 1884 1290 ἐκείνοις
1920 1241 2018 1278 τυ-

430 1315 568 1383 χεῖν,
600 1311 935 1374 ἀπεναντίας
979 1311 1163 1374 αὐτοῖς
1192 1308 1396 1363 ὁδεύων
1417 1308 1654 1365 ἐνταῦθα
1683 1327 1698 1377 ;
1731 1310 1845 1365 Καὶ
1874 1309 2015 1377 νῦν,

432 1394 566 1466 φησί
592 1436 606 1461 ,
633 1395 956 1463 πορεύομαι
982 1397 1067 1461 είς
1110 1394 1505 1463 Ἰεροσόλυμα
1558 1392 1880 1462 δεδεμένος
1935 1391 2017 1458 τῷ

430 1479 745 1547 πνεύματι,
780 1477 851 1530 τὰ
891 1477 962 1530 ἐν
1008 1476 1213 1543 αὐτοῖς
1263 1475 1736 1544 συναντήσοντα
1776 1493 1880 1545 μοι
1926 1474 2015 1545 μὴ

429 1562 625 1629 εἰδὼς,
670 1560 841 1629 πλὴν
886 1559 977 1614 ὅτι
1005 1563 1070 1615 τό
1096 1559 1344 1630 Πνεῦμα
1362 1578 1466 1631 μοι
1503 1560 1656 1615 κατὰ
1672 1561 1857 1613 πόλιν
1888 1559 2015 1613 δια-

425 1647 784 1718 μαρτύρεται
812 1645 1016 1715 λέγον,
1070 1646 1161 1699 ὅτι
1207 1644 1405 1715 δεσμά
1423 1662 1501 1715 με
1532 1645 1627 1698 καὶ
1652 1646 1890 1712 θλίψεις
1915 1643 2018 1712 μέν

430 1745 633 1785 γουσι.
671 1730 741 1782 Τί
764 1725 857 1783 οὖν
890 1729 1129 1800 ἀπέρχῃ,
1162 1730 1211 1782 εἰ
1235 1728 1412 1798 δεσμά
1456 1744 1516 1780 σε
1548 1729 1643 1781 καὶ
1672 1727 1882 1796 θλίψεις
1916 1726 2016 1798 μέ-

432 1812 750 1879 νουσι;Διά
797 1810 957 1865 τοῦτο
1020 1812 1175 1877 αὐτὸ,
1232 1812 1421 1882 φησὶν,
1462 1810 1551 1865 ἴνα
1598 1811 1884 1882 δεσμευθῶ
1928 1810 2017 1865 διὰ

434 1898 693 1969 Χριστὸν,
730 1897 820 1951 ἵνα
857 1896 1117 1951 ἀποθάνω
1153 1895 1221 1950 δι’
1244 1895 1429 1949 αὐτόν.
1480 1896 1555 1949 Οὐ
1587 1896 1695 1966 7&9
1736 1898 1899 1967 μόνον
1927 1897 2017 1949 δε-

439 1982 625 2051 θῆναι,
671 1980 810 2036 άλλά
876 1981 972 2034 καὶ¹
1026 1979 1320 2033 ἀποθανεῖν
1350 1979 1586 2049 ἐτοίμως
1615 1979 1724 2050 ἔχω
1753 1980 1893 2051 ὑπὲρ
1921 1980 2016 2034 τοῦ

434 2066 703 2135 ὀνόματος
726 2063 823 2118 τοῦ
846 2063 1054 2136 Κυρίου
1085 2062 1245 2133 ήμῶν
1273 2062 1452 2134 Ἰησοῦ
1486 2064 1751 2134 Χριστοῦ.

507 2251 675 2305 Οὐδὲν
702 2249 803 2321 τῆς
833 2248 1014 2320 ψυχῆς
1053 2245 1276 2316 ἐκείνης
1312 2244 1750 2319 μακαριώτερον.
1793 2246 1885 2299 Ἐν
1907 2245 2019 2300 τίσι

435 2336 709 2405 καυχᾶται
727 2351 743 2400 ;
762 2333 849 2386 Ἐν
868 2332 1110 2403 δεσμοῖς,
1129 2331 1188 2385 ἐν
1211 2329 1548 2400 θλίψεσιν,ἐν
1567 2330 1772 2395 ἁλύσει,
1792 2331 1849 2382 ἐν
1866 2331 2018 2398 στίγ-

442 2436 628 2490 μασιν.
695 2414 845 2486 Ἐγὼ
900 2414 979 2469 τὰ
1034 2415 1333 2483 στίγματα
1380 2414 1489 2469 τοῦ
1527 2415 1750 2481 Κυρίου
1824 2412 2020 2480 Ἰησοῦ

436 2500 717 2572 Χριστοῦ,
730 2498 918 2569 φησὶν,
938 2499 1009 2553 ἐν
1029 2498 1111 2565 τῷ
1128 2497 1358 2566 σώματί
1381 2515 1502 2567 μου
1522 2495 1822 2562 βαστάζω,
1849 2497 2016 2551 καθά·
2079 2553 2087 2560 _

436 2604 541 2658 περ
556 2584 813 2657 τρόπαιόν
827 2601 880 2637 τι
898 2582 1059 2653 μέγαο
1074 2582 1169 2635 καὶ
1184 2582 1625 2647 πάλιν,”Εν-εκεν
1636 2580 1743 2634 τοῦ
1760 2582 2017 2650 Ἰσραὴλ,

438 2670 594 2741 φησι,
633 2671 749 2735 τὴν
769 2666 999 2721 ἅλυσιν
1020 2665 1253 2734 ταύτην
1285 2665 1622 2733 περίκειμαι
1655 2681 1670 2696 ο
1700 2665 1794 2718 καὶ
1833 2664 2018 2729 πάλιν,

450 2754 555 2807 Ἐν
583 2746 624 2823 ᾖ
677 2749 989 2819 πρεσϐεύω
1053 2748 1121 2801 ἐν
1172 2748 1409 2802 ἁλύσει.
1453 2747 1518 2800 Τί
1544 2747 1662 2800 ἐστι
1688 2748 1846 2801 τοῦτο
1878 2766 1893 2812 ς
1919 2748 2021 2802 οῦκ

437 2835 706 2907 αἰσχύνῃς
738 2832 799 2886 οὐ
828 2832 1077 2895 δέδοικας
1121 2836 1223 2902 τήν
1267 2831 1597 2901 οἰκουμένην
1612 2832 1901 2903 δεσμώτης
1922 2850 2023 2886 πε-

442 2920 598 2993 ριιών
626 2936 644 2986 ;
674 2918 734 2972 οὐ
766 2916 907 2988 φοϐῇ
939 2916 1014 2988 μή
1068 2931 1152 2979 τις
1186 2916 1479 2969 ἀσθένειαν
1506 2915 1601 2969 τοῦ
1629 2916 1765 2969 Θεοῦ
1804 2934 1897 2971 σου
1924 2935 2023 2971 κα-

436 3001 621 3074 ταγνῷ
642 3018 657 3069 ;
681 3001 862 3072 μήτις
887 3000 979 3053 διά
998 2998 1159 3053 τοῦτο
1182 3000 1243 3052 οὐ
1273 2998 1349 3071 μὴ
1384 2998 1665 3070 προσέλθῃ
1694 3017 1709 3066 ;
1744 3001 1819 3053 Οὐ
1837 2999 2023 3054 τοιαῦ-

436 3087 509 3143 τά
539 3104 662 3158 μου,
692 3086 847 3156 φησὶ,
863 3084 933 3137 τὰ
960 3082 1139 3153 δεσμά
1165 3098 1179 3113 ο
1214 3077 1323 3137 οἶδε
1355 3083 1452 3137 καὶ
1478 3084 1537 3137 ἐν
1558 3082 1853 3153 βασιλείοις
1882 3084 2022 3156 λάμ-

438 3169 792 3224 πειν.⁹⁷Ωστε
847 3165 993 3234 τοὺς
1042 3165 1309 3234 δεσμούς
1341 3184 1486 3236 μου,
1532 3168 1688 3236 φησὶ,
1724 3167 2023 3236 φανεροὺς

437 3252 721 3324 γενέσθαι
755 3250 826 3304 ἐν
870 3249 993 3317 ὅλῳ
1028 3248 1108 3314 τῷ
1133 3249 1487 3317 πραιτωρίῳ,
1523 3249 1625 3303 καὶ
1638 3249 1782 3316 τοὺς
1812 3252 2020 3304 πλείο-
2088 3322 2089 3325 η

438 3355 552 3402 νας
571 3335 690 3390 τῶν
719 3331 1004 3403 ἀδελφῶν
1048 3333 1118 3387 ἐν
1158 3333 1356 3403 Κυρίῳ
1397 3335 1761 3400 πεποιθότας
1784 3336 1910 3400 τοῖς
1936 3332 2026 3388 δει-

439 3418 618 3490 σμοῖς
641 3435 760 3488 μου
798 3414 1246 3485 περισσοτέρως
1288 3414 1521 3485 τολμᾷν
1546 3416 1786 3486 ἀφόϐως
1807 3418 2026 3472 λαλεῖν

439 3504 548 3557 τὸν
597 3502 789 3572 λόγον
843 3501 1011 3571 Ὁρᾷς
1056 3499 1273 3570 δεσμῶν
1305 3499 1459 3569 ίσχὺν
1489 3500 1774 3571 μᾶλλον,ῆ
1812 3501 2025 3570 νεκρῶν

439 3587 828 3652 ἀναστάσεωςς
862 3582 1159 3655 Δεδεμένον
1192 3600 1261 3654 με
1296 3579 1438 3636 εἶδον
1463 3623 1479 3645 ,
1510 3585 1606 3637 καί⁵
1650 3583 1851 3655 μᾶλλον
1892 3586 2026 3657 θαρ-

442 3669 651 3741 ροῦσιν.
686 3670 862 3723 Ὅπου
900 3667 1010 3739 7&9
1048 3667 1225 3738 δεσμά
1244 3706 1262 3733 ,
1293 3666 1509 3737 ἀνάγκη
1541 3667 1637 3721 καὶ
1668 3668 1814 3739 μέγα
1845 3686 1897 3722 τι
1926 3686 2024 3738 γε·

440 3752 628 3806 νέσθαι
651 3752 771 3804 ἐκεῖ
800 3767 815 3782 ·
846 3750 981 3804 ὅπου
1012 3749 1212 3819 θλῖψις,
1248 3750 1469 3813 πάντως
1487 3751 1608 3803 ἐκεῖ
1629 3752 1723 3804 καὶ⁵
1753 3752 2022 3822 σωτηρία,

441 3838 663 3899 πάντως
692 3836 811 3888 ἐκεῖ
838 3832 1022 3896 ἄνεσις
1042 3872 1058 3898 ,
1089 3834 1313 3896 πάντως
1340 3835 1459 3887 ἐκεῖ
1494 3834 1707 3903 μεγάλα
1737 3834 2024 3907 κατορθώ-

445 3936 616 3991 ματα.
654 3918 713 3971 'U
742 3917 853 3987 7&9
882 3916 1129 3978 διάϐολος
1186 3916 1317 3970 ὅταν
1346 3916 1597 3989 λακτίσῃ,
1633 3918 1755 3971 τότε
1785 3918 2025 3991 πλήττε-

440 4019 533 4057 ται
557 4018 571 4031 '
596 4003 725 4056 ὅταν
743 4000 881 4072 δήσῃ
912 3999 1040 4064 τοὺς
1064 3998 1159 4052 τοῦ
1190 3998 1329 4052 Θεοῦ
1360 3998 1600 4064 δούλους,
1629 4001 1753 4055 τότε
1786 4002 2026 4072 μάλιστα

439 4089 471 4140 ὁ
507 4086 665 4155 λόγος
715 4083 1016 4137 ἐπιδίδωσι.
1053 4083 1166 4135 Καὶ
1200 4083 1300 4137 θέα
1342 4083 1621 4155 πανταχοῦ
1682 4083 1844 4138 τοῦτο
1876 4085 2025 4153 γινό-

444 4186 629 4241 μενον.
672 4165 1028 4239 Ἐδεσμεύθη,
1060 4167 1153 4220 καὶ
1202 4166 1261 4219 ἐν
1306 4165 1385 4236 τῷ
1436 4166 1799 4239 δεσμωτηρίῳ
1848 4168 2025 4222 ταῦτα

443 4252 759 4321 εἰργάσατο.
792 4250 896 4304 Ἐν
914 4250 1095 4313 αὐτοῖς
1124 4250 1255 4322 γάρ,
1279 4251 1433 4321 φησὶ,
1462 4250 1589 4318 τοῖς
1608 4251 1862 4321 δεσμοῖς
1876 4270 2021 4322 μου.

456 4336 789 4409 Ἐδεσμεύθη
821 4337 880 4390 ἐν
921 4330 1132 4407 Ῥώμῃ,
1166 4336 1260 4389 καὶ
1306 4335 1555 4400 πλείονας
1577 4337 1888 4407 ἐπηγάγετο
1914 4352 1927 4365 ·
1957 4339 2022 4391 οὐ

442 4421 552 4492 7&9
570 4421 736 4483 αὐτὸς
762 4419 921 4490 μόνος
938 4418 1182 4490 ἐθάρρει,
1200 4416 1336 4471 ἀλλά
1359 4419 1453 4473 καὶ
1473 4419 1622 4473 ἄλλοι
1642 4420 1826 4473 πολλοὶ
1840 4419 1910 4472 δι’
1927 4421 2025 4473 αὑ-

442 4504 561 4560 τοῦ.
593 4501 923 4573 Ἐδεσμεύθη
955 4504 1013 4555 ἐν
1047 4502 1476 4573 Ἱεροσολύμοις,
1508 4503 1602 4556 καὶ
1626 4503 1910 4574 δεδεμένος
1930 4505 2025 4574 δη-

449 4590 706 4660 μηγορῶν
756 4587 849 4639 τὸν
904 4585 1128 4656 βασιλέα
1166 4586 1497 4656 κατέπληξε,
1530 4586 1624 4640 καὶ
1663 4588 1753 4642 τὸν
1786 4589 2025 4659 ἄρχοντα

447 4671 563 4744 [64]
596 4671 677 4734 είς
730 4668 896 4739 φόϐον
955 4669 1163 4737 ήγαγεν
1197 4684 1212 4701 ’
1243 4669 1487 4739 ἔμφοϐος
1540 4672 1648 4742 γὰρ
1692 4672 2020 4741 γενόμενος,

445 4757 642 4825 φησὶν,
679 4753 950 4808 ἀπέλυσεν
1001 4754 1185 4816 αὑτὸν,
1216 4753 1312 4807 καὶ
1334 4755 1435 4806 οὐκ
1464 4754 1729 4824 ᾐσχύνετο
1754 4756 1906 4826 παρὰ
1928 4756 2023 4809 τοῦ

443 4836 729 4907 δεδεμένου
772 4835 1058 4907 μανθάνων
1110 4836 1239 4905 περὶ
1281 4836 1390 4890 τῶν
1440 4836 1742 4906 μελλόντων
1779 4839 1807 4891 ό
1852 4839 2023 4908 δήσας

444 4923 628 4976 αὐτόν.
670 4919 964 4991 Δεδεμένος
980 4918 1156 4983 ἔπλει,
1193 4921 1288 4973 καὶ
1311 4921 1566 4988 ναυάγιον
1594 4921 1775 4983 ἔλυσε,
1808 4923 1901 4975 καὶ
1928 4923 2020 4975 τὸν

445 5005 694 5079 χειμῶνα
747 5004 1030 5072 ἐπέδησεν.
1070 5004 1159 5057 Ἐν
1206 5004 1426 5073 δεσμοῖς
1455 5004 1607 5067 ὄντος
1638 5006 1804 5059 αὑτοῦ
1834 5006 1895 5059 τὸ
1926 5006 2023 5075 θη-

448 5092 564 5163 ρίον
586 5091 761 5144 έκεῖνο
789 5087 1094 5157 καθήψατο,
1122 5088 1217 5141 καὶ
1241 5088 1409 5159 μηδὲν
1434 5088 1816 5159 λυμηνάμενον
1839 5090 2023 5156 ἐξέπε-

447 5194 538 5230 σεν
570 5186 620 5229 ι.
669 5171 857 5242 Ἐδέθη
894 5172 952 5223 ἐν
989 5169 1200 5242 Ῥώμῃ,
1232 5174 1326 5224 καὶ
1364 5171 1646 5243 δεδεμένος
1690 5172 2022 5244 δημηγορῶν

448 5260 677 5331 μυρίους
718 5254 1090 5319 ἐπεσπάσατο,
1118 5256 1240 5309 ἀντὶ
1295 5255 1516 5310 πάντων
1540 5256 1701 5310 τοῦτο
1729 5257 1861 5311 αὐτὸ
1890 5275 2023 5329 προ-

447 5343 796 5412 ϐαλλόμενος,
821 5339 921 5410 τὴν
956 5339 1148 5394 ἅλυσιν
1178 5339 1339 5408 λέγω.

530 5538 671 5594 Ἀλλ’
709 5540 810 5593 οὐκ
837 5538 985 5591 ἐστιν
1040 5536 1228 5592 ἁλύσει
1265 5536 1485 5609 δεθῆναι
1534 5538 1649 5594 νῦν.
1683 5537 1825 5594 Ἀλλ’
1875 5540 2023 5594 ἐστιν

323 5670 333 5683 .
448 5625 614 5697 ἐτέρα
649 5623 859 5689 ἀλυσις,
896 5623 961 5678 ἂν
1004 5622 1300 5694 ἐθέλωμεν.
1344 5626 1482 5678 Ποία
1510 5625 1574 5695 δὴ
1608 5623 1789 5696 αὖτη;
1821 5625 1895 5680 T0
1922 5626 2024 5696 τῆς

512 5866 541 5897 η
561 5865 639 5918 An
661 5862 1003 5926 λυμαινομένου
1024 5856 1271 5916 ἐξέπεσενῖ

2118 384 2302 458 χειρὸς
2325 387 2569 457 κρατεῖν,
2595 384 2657 438 :0
2681 383 2756 455 μὴ
2778 383 2917 456 πρὸς
2942 383 3256 451 πλεονεξίαν
3279 384 3497 455 ἕτοιμον
3533 380 3695 440 εἶναι.

2116 470 2304 543 Ταύτῃ
2348 472 2416 540 τῇ
2465 467 2657 522 ἁλύσει
2705 468 2959 539 δήσωμεν
2983 468 3250 532 ἑαυτούς’
3295 471 3417 524 ἀντὶ
3449 469 3694 539 σιδηρίου

2121 553 2365 624 γενέσθω
2386 556 2521 625 ἡμῖν
2550 555 2580 607 ό
2603 551 2701 607 τοῦ
2729 551 2865 607 Θεοῦ
2890 552 3077 622 φόϐος.
3106 552 3376 624 Λύσωμεν
3401 553 3526 618 τοὺς
3553 554 3698 607 δεδε-

2118 639 2316 709 μένους
2362 638 2468 692 ὑπὺ
2514 639 2728 703 πενίας,
2766 637 2872 691 ὑπὸ
2926 637 3180 708 θλίψεως.
3233 638 3352 692 Οὐκ
3404 638 3553 691 ἐστιν
3581 639 3696 691 ίσον

2114 720 2493 794 δεσμωτηρίου
2534 721 2705 795 θύρας
2740 720 2973 786 ἀνοῖξαι,
3031 720 3132 776 καὶ
3154 720 3334 791 ψυχὴν
3376 720 3695 789 συγκεκλει-

2117 808 2328 879 σμένην
2350 808 2570 875 ἀφεῖναι
2592 822 2608 838 ·
2636 807 2738 860 οὐκ
2760 805 2909 860 ἐστιν
2944 805 3059 858 ίσον
3089 803 3252 859 λῦσαι
3281 804 3456 879 δεσμά
3478 804 3693 873 δεσμω-

2114 876 2227 945 τῶν
2250 876 2573 962 δεδεμένων,
2601 891 2698 944 καὶ
2725 889 3165 961 τεθραυσμένους
3180 876 3452 944 ἀπολῦσαὶ
3475 891 3534 943 ἐν
3561 888 3697 957 ἀφέο

2120 990 2223 1031 σει.
2252 974 2423 1029 Τοῦτο
2444 975 2655 1028 ἐκείνου
2677 974 2864 1046 μεῖζόν
2885 975 3034 1027 ἐστιν
3058 988 3079 1001 ο
3105 972 3315 1026 ἐκείνου
3346 971 3443 1041 μὲν
3474 970 3580 1042 γάρ
3608 971 3699 1025 ού-

2118 1060 2229 1122 δεὶς
2261 1062 2438 1114 κεῖται
2476 1059 2689 1131 μισθὸς,
2719 1058 2910 1113 τούτου
2946 1058 3005 1112 δέ
3054 1055 3259 1129 μυρίοι.
3304 1057 3511 1128 Μακρά
3541 1058 3576 1127 ἡ
3601 1054 3698 1109 τοῦ

2120 1142 2336 1197 Παύλου
2357 1143 2583 1212 γέγονεν
2611 1141 2821 1208 ἅλυσις,
2843 1142 2937 1196 καὶ
2956 1140 3054 1195 ἐπὶ
3069 1139 3205 1194 πολὺ
3230 1139 3498 1210 κατέσχεν
3527 1141 3695 1211 ήμᾶς·

2120 1228 2216 1282 καὶ
2246 1228 2355 1298 γάρ
2380 1228 2529 1281 ἐστιν
2558 1227 2729 1291 ὅντως
2760 1226 2972 1298 μακρὰ,
3000 1227 3095 1280 καὶ
3125 1226 3309 1297 πάσης
3337 1226 3526 1296 σειρᾶς
3564 1242 3697 1295 χρυ-

2122 1313 2223 1384 σῆς
2251 1312 2622 1384 κοσμιωτέρα.
2651 1310 2807 1382 Αὕτη,
2829 1312 2959 1375 τοὺς
2978 1310 3297 1383 δεδεμένους
3329 1310 3581 1382 καθάπερ
3611 1310 3699 1365 διά

2119 1414 2264 1461 τινος
2299 1397 2552 1468 μηχανῆς
2577 1396 2728 1450 ἕλκει
2758 1396 2920 1467 πρὸς
2962 1394 3055 1449 τὸν
3090 1394 3341 1467 οὐρανὸν,
3384 1395 3479 1449 καὶ
3508 1393 3697 1465 ὥσπερ

2120 1480 2299 1553 χρυσῆ
2351 1480 2512 1551 σειρὰ
2552 1478 2936 1552 ἐξαρτηθεῖσα,
2992 1478 3211 1533 ἀνέλκει
3242 1478 3382 1548 πρὸς
3412 1476 3573 1531 αὐτὸν
3605 1477 3698 1529 τὸν

2118 1563 2368 1635 οὐρανόν
2400 1564 2494 1617 καὶ
2524 1561 2588 1616 :0
2613 1563 2677 1634 δὴ
2725 1561 3062 1634 θαυμαστὸν,
3096 1561 3249 1616 κάτω
3286 1559 3523 1625 δεθεῖσα,
3568 1559 3700 1624 τοὺς

2120 1646 2437 1719 δεδεμένους
2466 1648 2581 1703 ἀνω
2612 1647 2782 1701 ἕλκει.
2824 1646 3019 1701 Καίτοι
3048 1647 3148 1718 οὐχ
3177 1646 3318 1717 αὕτη
3369 1645 3480 1699 τῶν
3507 1661 3697 1715 πραγ-

2123 1735 2311 1805 μάτων
2338 1734 2372 1805 ή
2409 1724 2570 1803 φύσις
2589 1748 2605 1764 ⁸
2635 1732 2752 1787 ἀλλ’
2813 1732 2943 1786 ’ὁταν
2969 1730 3105 1805 Θεὸς
3132 1732 3412 1801 οἰκονομῇ,
3439 1730 3515 1800 μὴ
3546 1731 3701 1800 ζήτει

2122 1817 2466 1888 πραγμάτων
2496 1816 2660 1886 φύσιν
2709 1815 2845 1887 μηδέ
2901 1813 3246 1877 ἀκολούθίαν,
3278 1814 3415 1867 ἀλλά
3453 1814 3523 1868 τά
3557 1813 3703 1884 ὑπὲρ

2122 1902 2286 1969 φύσιν
2310 1901 2406 1955 καὶ
2436 1900 2780 1955 ἀκολουθίαν.
2832 1898 3115 1970 Μάθωμεν
3147 1897 3284 1968 μηδὲ
3338 1898 3398 1951 ἐν
3435 1902 3557 1961 ταῖς
3586 1897 3701 1951 θλί-

2120 1984 2247 2054 ψεσι
2274 1985 2661 2048 καταπίπτειν,
2696 1982 2835 2056 μηδὲ
2861 1982 3259 2054 δυσχεραίνειν.
3292 1982 3436 2053 Ὅρα
3471 1980 3579 2051 7&9
3604 1980 3708 2034 τὸν

2126 2069 2397 2141 μακάριον
2441 2069 2633 2122 τοῦτον
2655 2084 2671 2100 ·
2724 2066 3137 2139 μεμαστίγωτο,
3184 2067 3280 2120 καὶ
3310 2065 3708 2136 μεμαστίγωτο

2126 2154 2360 2225 ἰσχυρῶς
2385 2168 2400 2183 ⁸
2454 2152 2700 2218 Πολλὰς
2750 2153 2859 2222 γάρ
2906 2150 3134 2218 αὐτοῖς,
3168 2152 3358 2223 φησὶν,
3393 2149 3702 2217 ἐπιθέντες

2123 2238 2359 2308 πληγάς
2380 2252 2395 2267 ’
2432 2238 2530 2291 καὶ
2552 2237 2783 2303 ἐδέδετο,
2810 2236 3086 2290 καὶτοῦτο
3115 2236 3281 2289 πάλιν
3310 2234 3548 2306 ἰσχυρῶς
3567 2251 3581 2265 ·
3619 2236 3707 2298 εἰς

2123 2324 2232 2395 7&9
2250 2324 2350 2395 τὴν
2379 2322 2657 2394 ἐσωτέραν
2685 2321 2936 2392 φυλακὴν
2960 2319 3216 2376 ἐνέϐαλεν
3237 2319 3421 2382 αὑτὸν,
3445 2317 3538 2371 καὶ
3564 2317 3703 2388 μετὰ.

2125 2407 2371 2470 πλείονος
2424 2405 2749 2475 ἀσφαλείας.
2799 2404 2912 2458 Καὶ
2946 2404 3004 2457 ἐν
3039 2400 3320 2466 τοσούτοις
3347 2399 3423 2455 ὢν
3472 2400 3613 2454 κατὰ
3639 2400 3714 2453 :0

2127 2490 2500 2561 μεσονύκτιον,
2530 2490 2620 2543 ὅτε
2654 2488 2749 2542 καὶ
2772 2488 2824 2540 οἰ
2857 2487 3065 2558 σφόδρα
3110 2486 3473 2558 ἐγηγερμένοι
3499 2483 3704 2538 καθεύ-

2123 2575 2325 2638 δουσιν,
2379 2574 2572 2646 ἐτέρου
2633 2570 2835 2643 δεσμοῦ
2912 2571 3319 2642 χαλεπωτέρου,
3373 2570 3469 2624 τοῦ
3532 2568 3711 2621 ὕπνου

2124 2659 2496 2730 ἐπικειμένου,
2522 2656 2649 2731 ᾖδον
2671 2658 2764 2711 καὶ
2794 2655 3000 2728 ὕμνουν
3026 2656 3118 2710 τὸν
3145 2654 3373 2728 Κύριον.
3403 2654 3471 2707 Τί
3495 2651 3703 2706 τούτων

2124 2745 2323 2814 γένοιτ’
2358 2745 2426 2799 ἂν
2471 2744 2580 2798 τῶν
2612 2742 2805 2814 ψυχῶν
2837 2739 3382 2813 άδαμαντινώτερονς
3425 2738 3713 2792 Ἐνενόουνυ

2125 2830 2208 2882 δτι
2237 2829 2333 2883 καὶ
2360 2828 2410 2881 0!
2440 2827 2631 2890 παῖδες
2657 2829 2717 2881 ἐν
2749 2826 2886 2897 πυρὶ
2912 2821 3038 2899 ᾖδον
3070 2825 3166 2879 καὶ
3191 2828 3251 2879 ἐν
3271 2823 3487 2895 καμίνῳ
3507 2838 3521 2851 ·
3571 2822 3713 2883 ίσως

2123 2912 2449 2983 ἐλογίζοντο,
2482 2911 2566 2965 ὅτι
2584 2910 2779 2982 Ἡμεῖς
2806 2910 2962 2965 οὐδὲν
2990 2907 3233 2963 τοιοῦτον
3262 2906 3476 2961 οὐδέπω
3500 2904 3706 2958 πεπόν-

2126 2996 2321 3065 θαμεν.
2380 2993 2541 3049 Ἀλλὰ
2593 2994 2778 3058 καλῶς
2831 2992 3005 3047 ποιῶν
3048 2993 3079 3045 ό
3132 2990 3292 3059 λόγος
3346 2989 3427 3053 είς
3481 2989 3705 3056 ἐτέρους

2124 3082 2274 3152 ἡμᾶς
2324 3080 2491 3134 πάλιν
2548 3078 2813 3151 ἐξήνεγκε
2875 3076 3109 3149 δεσμοὺς
3177 3075 3279 3130 καὶ
3328 3074 3711 3145 δεσμωτήριον

2125 3166 2211 3219 ἐτε
2219 3181 2332 3239 ρον.

2196 3332 2264 3386 Τί
2297 3330 2489 3396 πάθως
2551 3328 2815 3401 βούλομαι
2874 3327 3126 3400 σιγῆσαι,
3175 3324 3293 3381 ἀλλ’
3335 3323 3397 3379 οῦ
3442 3323 3702 3396 δύναμαι.

2127 3418 2359 3487 Ἕτερον
2410 3415 2788 3485 δεσμωτήριον
2820 3408 2982 3486 εὖρον
3012 3412 3223 3468 ἐκείνου
3273 3409 3456 3482 πολλῷ
3487 3411 3702 3483 θαυμα-

2127 3501 2389 3572 σιώτερον
2436 3500 2532 3553 καὶ
2578 3498 3115 3570 ἐκπληκτικὼτερον.
3151 3495 3323 3554 Ἀλλά
3383 3514 3471 3566 μοι
3520 3496 3705 3551 διανά-

2129 3602 2315 3657 στητε,
2342 3587 2419 3649 ὠς
2446 3583 2543 3638 νῦν
2591 3582 2900 3656 ἀρχομένου
2936 3583 3032 3636 τοῦ
3081 3581 3263 3651 λόγου,
3304 3580 3398 3633 καὶ
3425 3579 3707 3650 ἀκμαζού-

2129 3686 2250 3732 σαις
2288 3666 2619 3739 προσέλθετε
2660 3668 2781 3730 ταῖς
2826 3666 3114 3729 διανοίαις.
3144 3664 3418 3734 Βούλομαι
3446 3662 3704 3734 διακόψαι

2125 3754 2219 3808 τὸν
2241 3753 2419 3823 λόγον,
2449 3753 2544 3806 καὶ
2560 3752 2663 3805 οὐκ
2687 3751 2967 3822 ἀνέχεται.
2984 3750 3254 3824 Καθάπερ
3270 3754 3379 3824 γάρ
3392 3769 3477 3816 τις
3499 3750 3705 3823 μεταξὺ

2128 3840 2300 3895 πίνων
2333 3840 2434 3893 οὐκ
2485 3837 2553 3892 ἂν
2608 3837 2899 3908 ἀνάσχοιτο
2952 3838 3229 3908 διακόψαι,
3284 3839 3388 3893 κᾶν
3415 3837 3596 3892 ότιοῦν
3619 3853 3714 3900 τις

2127 3922 2533 3994 ἐπαγγέλληται
2554 3936 2572 3951 ’
2606 3919 2749 3974 οὓτω
2766 3921 2923 3990 κάγὼ
2939 3922 3041 3992 τῆς
3066 3922 3287 3986 κύλικος
3310 3920 3706 3991 ἐπιλαϐόμενος

2126 4007 2228 4078 τῆς
2266 4004 2589 4078 θαυμαστῆς
2616 4003 2713 4058 τοῦ
2751 4004 3129 4079 δερμωτηρίου
3155 4005 3267 4060 τῶν
3295 4005 3385 4059 διά
3414 4004 3541 4079 [65]·
3565 4006 3707 4075 Χρι-

2130 4062 2254 4147 στόν
2289 4062 2612 4160 δεδεμένων,
2644 4089 2708 4141 οὐ
2753 4062 3350 4159 ὧάμαίῖπαύσασθαι,
3378 4062 3440 4143 οῦ
3467 4062 3712 4159 δύναμαι.

2129 4176 2371 4247 σιγῆσαι.
2417 4174 2481 4227 Et
2506 4174 2618 4245 7&9
2652 4172 2814 4237 αὐτὸς
2842 4175 2901 4226 ἐν
2924 4172 3283 4244 δεσμωτηρίῳ
3324 4174 3420 4227 καὶ
3465 4175 3524 4226 ἐν
3551 4170 3706 4224 νυκτὶ

2126 4260 2227 4313 οὐκ
2261 4258 2536 4327 ἐσίγησεν,
2565 4257 2688 4311 οὐδὲ
2715 4258 2774 4311 ἐν
2801 4256 3073 4327 μάστιξιν,
3106 4256 3218 4326 ἐγὼ
3248 4259 3543 4330 σιγήσομαι
3570 4259 3709 4313 καθ-

2126 4344 2331 4415 ήμενος
2370 4341 2585 4413 ήμέρας
2630 4338 2821 4409 οὔσης,
2872 4341 3013 4410 μετά
3058 4340 3261 4412 πολλῆς
3316 4344 3414 4413 τῆς
3468 4343 3708 4404 ἀνέσεως

2128 4427 2520 4497 φθεγγόμενος,
2546 4425 2654 4478 τῶν
2682 4423 3006 4495 δεδεμένων,
3033 4423 3153 4477 τῶν
3172 4423 3714 4498 μεμαστιγωμένων,

2126 4510 2239 4565 τῶν
2269 4512 2328 4565 ἐν
2359 4510 2500 4581 μέση
2531 4508 2688 4562 νυκτὶ
2714 4507 2875 4562 τοῦτο
2908 4507 2989 4579 μὴ
3011 4508 3325 4578 παθόντων;

2197 4677 2261 4730 Ol
2294 4675 2486 4737 παῖδες
2510 4672 2613 4726 οὐκ
2644 4671 2846 4740 ἐσίγων
2877 4674 2937 4726 ἐν
2956 4674 3179 4747 καμίνῳ
3192 4674 3289 4729 καὶ
3320 4676 3381 4730 ἐν
3402 4675 3569 4748 πυρί·
3610 4680 3713 4734 καὶ

2126 4760 2288 4831 ήμεῖς
2323 4761 2424 4812 οὐκ
2449 4755 2821 4831 αἰσχυνόμεθα
2848 4758 3151 4826 σιγῶντες;
3192 4760 3426 4831 Ἴδωμεν
3470 4756 3565 4814 οῦν
3612 4764 3709 4815 καὶ

2124 4845 2285 4900 τοῦτο
2310 4843 2373 4897 τὸ
2410 4843 2812 4915 δεσμωτήριον.
2836 4842 3130 4912 Ἑδέθησαν
3162 4846 3260 4897 καὶ
3302 4844 3559 4907 ἐνταῦθα,
3589 4846 3714 4899 ἀλλ”

2127 4928 2329 4991 εὐθέως
2358 4926 2453 4981 καὶ
2489 4927 2555 4980 ἐκ
2584 4927 2890 4996 προοιμίων
2915 4925 3213 4991 ἐδείκνυτο,
3245 4928 3328 4981 ὅτι
3351 4928 3452 4981 οὐκ
3481 4929 3707 4998 ἔμελλον

2127 5012 2402 5077 καίεσθαι,
2440 5010 2555 5064 ἀλλ’
2586 5010 2662 5075 ὡς
2697 5013 2777 5074 εἰς
2810 5010 3183 5082 δεσμωτήριον
3215 5013 3465 5067 εἰσιέναι.
3500 5013 3564 5065 Τί
3598 5015 3708 5086 7&9

2126 5096 2346 5164 δεσμεῖς
2391 5094 2521 5158 τοὺς
2578 5094 2879 5165 μέλλοντας
2934 5094 3322 5164 φλογίζεσθαις
3388 5096 3713 5165 Ἐδέθησαν,

2128 5177 2312 5241 καθὼς
2362 5177 2599 5245 Παῦλος,
2654 5177 2751 5232 καὶ
2808 5178 2977 5242 πόδας
3023 5179 3119 5232 καὶ
3166 5180 3353 5249 χεῖρας
3380 5196 3393 5209 ο
3441 5179 3711 5250 ἐδέθησαν

2130 5261 2269 5335 μετὰ
2295 5262 2552 5316 τοσούτου
2588 5259 2785 5334 θυμοῦ.
2814 5264 2925 5317 Καί
2949 5262 3067 5334 γάρ
3091 5263 3301 5325 ἐκεῖνος
3336 5265 3414 5326 εἰς
3446 5264 3546 5334 τὴν
3571 5264 3709 5317 ἐσω-

2126 5347 2292 5418 τέραν
2343 5345 2504 5399 ἔϐαλε
2561 5345 2836 5418 φυλακὴν,
2882 5345 2978 5400 καὶ
3030 5336 3187 5409 οὗτος
3219 5345 3314 5398 ἐπὶ
3343 5346 3477 5399 πολὺ
3506 5347 3711 5417 καῆναι

2124 5431 2227 5498 τὴν
2260 5430 2492 5499 κάμινον
2514 5428 2819 5483 ἐκέλευσεν.
2853 5428 2995 5482 Ἀλλ’
3025 5427 3225 5499 ἴδωμεν
3238 5429 3309 5485 τὰ
3334 5431 3473 5501 μετά
3501 5429 3705 5485 ταῦτα.

2140 5512 2483 5579 ’Υμνούντων
2540 5512 2767 5566 ἐκείνων
2813 5512 3023 5565 ἐσείετο
3073 5511 3136 5565 :0
3181 5512 3579 5585 δεσμωτήριον,
3607 5514 3707 5567 καὶ

2127 5595 2479 5666 ἀνεῴχθησαν
2508 5594 2567 5650 αἱ
2599 5594 2762 5668 θύραι
2782 5612 2799 5628 ο
2834 5596 2928 5649 καὶ
2955 5594 3162 5649 τούτων
3196 5595 3510 5667 ὑμνούντων
3533 5597 3712 5669 ἐλύθη

2129 5683 2198 5734 τά
2230 5678 2407 5749 δεσμά
2436 5679 2662 5735 καὶτῶν
2696 5680 2875 5734 ποδῶν
2912 5680 3007 5734 καὶ
3031 5680 3143 5733 τῶν
3168 5679 3372 5751 χειρῶν
3400 5693 3413 5708 ⁸
3450 5679 3703 5753 ἀνεῴχθη

2127 5766 2190 5818 :0
2221 5766 2620 5836 δεσμωτήριον,
2664 5765 2761 5819 καὶ
2794 5763 3148 5835 ἀνεῴχθησαν
3175 5765 3232 5818 αἱ
3267 5764 3428 5837 θύραι
3463 5765 3565 5836 τῆς
3600 5783 3703 5818 κα-

2134 5849 2289 5920 μίνου
2309 5865 2323 5880 '
2364 5848 2554 5918 δρόσος
2579 5848 2689 5920 7&9
2715 5846 3021 5920 πνεύματος
3043 5848 3366 5921 διεσύριζεν.
3386 5850 3527 5906 Ἀλλ’
3552 5850 3704 5921 δμως
