4060 6400
291 342 355 399 es
1164 327 1232 384 IN
1270 323 1488 383 EPlST.
1530 322 1623 378 AD
1662 316 1903 375 EPIIES.
1942 314 2094 372 CAP.
2129 313 2216 371 IV.
2260 313 2485 370 IIOMIL.
2529 314 2663 370 VIII.
3484 315 3554 372 66

360 458 412 510 7.
438 453 592 511 Nunc
616 458 794 505 autem
820 445 971 503 Pauli
996 453 1204 515 catena:
1246 442 1426 499 multis
1467 439 1601 494 actis
1644 434 1861 507 gratiis,

293 550 443 604 tinem
473 548 809 614 imponamus
830 535 1237 608 orationi,quod
1254 546 1361 589 tam
1391 532 1681 588 multorum
1712 526 1866 582 nobis

293 641 545 693 bonorum
574 635 731 690 fuerit
752 646 915 686 causa
936 670 955 697 ,
984 644 1106 684 cum
1137 641 1234 681 vos
1259 624 1627 696 rogaverimus
1667 629 1723 673 ut
1757 631 1866 673 non

291 733 455 787 solum
483 744 593 784 non
622 743 764 796 aegre
788 725 994 787 feratis,
1026 723 1072 776 si
1102 719 1227 790 quid
1257 718 1397 787 passi
1421 715 1629 769 fueritis
1651 721 1868 781 propter

284 824 594 885 Christum,
630 816 724 872 sed
774 802 936 871 etiam
989 810 1266 881 gaudeatis
1313 809 1449 862 sicut
1500 802 1765 873 apostoli,
1814 809 1869 855 et

286 912 582 985 gloriemini
610 950 627 975 ,
659 921 714 962 ut
738 907 952 962 dicebat
974 904 1201 967 Paulus,
1228 898 1592 953 Labeulissime
1615 892 1870 966 gloriabor

287 1009 337 1061 in
374 1002 750 1073 inﬁrmitatibus
786 1000 929 1054 meis.
961 998 1247 1065 Propterea
1273 991 1509 1058 audivit,
1542 988 1739 1058 Sufﬁcit
1781 986 1869 1040 tibi

289 1099 447 1169 gratia
484 1112 595 1148 utea
626 1092 718 1166 ('2.
748 1090 872 1146 Cor.
904 1089 991 1143 1‘2.
1027 1088 1112 1157 9).
1145 1084 1339 1140 Paulus
1368 1082 1627 1153 gloriatur
1652 1088 1870 1150 propter

289 1182 488 1244 vincula
517 1230 533 1253 ,
578 1197 631 1240 et
656 1197 710 1239 tu
737 1192 952 1254 propter
1001 1179 1216 1235 divitias
1238 1176 1403 1230 altum
1435 1172 1615 1243 Sapis?
1642 1170 1870 1239 apostoli

288 1280 586 1353 gaudebant
612 1277 752 1346 quod
783 1275 928 1344 digtn
958 1279 1140 1326 essent
1168 1268 1331 1322 habiti
1371 1266 1461 1336 qui
1489 1262 1668 1333 ﬂagris
1692 1261 1872 1317 caade-

291 1387 500 1440 rentur,
548 1382 603 1427 et
645 1382 699 1425 tu
747 1371 914 1425 otium
960 1366 1159 1437 quieris
1195 1371 1251 1418 et
1296 1359 1553 1418 delicias?
1591 1354 1871 1428 Quomodo

284 1483 413 1539 ergo
434 1470 511 1521 vis
538 1465 725 1520 eadem
757 1477 875 1532 qua:
902 1461 977 1515 illi
1007 1456 1304 1526 consequi,
1346 1470 1467 1511 cum
1500 1452 1587 1508 hic
1610 1449 1871 1521 gradiaris

290 1561 366 1615 via
392 1562 471 1615 eis
506 1553 812 1612 contraria?
841 1551 911 1606 Et
954 1567 1119 1615 nunc,
1158 1547 1365 1619 inquit,
1410 1544 1543 1600 vado
1577 1545 1631 1597 in
1656 1540 1872 1596 Jerusa-

288 1652 383 1707 lem
408 1650 647 1717 alligatus
696 1646 908 1713 spiritu,
966 1656 1078 1712 quae
1128 1640 1183 1694 in
1230 1654 1291 1692 ea
1332 1647 1545 1692 ventura
1584 1632 1709 1687 mihi
1756 1640 1872 1686 sunt

288 1744 526 1813 ignorans
547 1756 567 1793 :
588 1739 685 1792 nisi
708 1736 847 1807 quod
877 1734 1105 1805 Spiritus
1133 1738 1338 1785 sanctus
1362 1744 1451 1800 per
1471 1741 1668 1781 omnem
1690 1724 1869 1778 civita-

293 1842 384 1886 tem
405 1830 530 1884 mihi
556 1834 860 1898 protestatur
893 1824 1067 1876 dicens
1085 1861 1101 1885 ,
1130 1819 1267 1890 quod
1292 1817 1496 1873 vincula
1520 1825 1567 1871 et
1590 1814 1871 1869 tribulatio-

291 1940 375 1978 κει
418 1939 498 1974 me
546 1926 749 1972 manent
802 1917 947 1987 (Act.
969 1913 1064 1970 20.
1090 1912 1182 1966 22.
1394 1908 1505 1963 Cur
1529 1920 1659 1977 ergo
1687 1904 1866 1969 vadis,

292 2016 333 2069 si
376 2013 583 2068 vincula
639 2021 694 2066 et
732 2008 1050 2063 afllictiones
1100 2016 1152 2059 te
1204 2001 1458 2058 manent?
1499 2000 1725 2069 Propter
1767 1996 1871 2051 hoc

292 2105 459 2176 ipsum
525 2112 582 2157 ut
641 2101 844 2155 vinciar
904 2105 1124 2169 propter
1174 2094 1481 2158 Christum,
1551 2099 1611 2145 ut
1674 2088 1872 2144 moriar

294 2208 507 2270 propter
536 2196 730 2265 ipsum.
759 2191 874 2247 Non
922 2191 1097 2245 solum
1139 2187 1283 2243 enim
1334 2193 1548 2255 paratus
1590 2197 1706 2236 sum
1750 2180 1869 2233 vin-

290 2269 385 2345 ciri
410 2330 426 2355 ,
458 2286 554 2342 sed
584 2286 746 2340 etiam
775 2281 909 2338 mori
935 2296 1034 2351 pro
1065 2278 1281 2333 nomine
1309 2274 1519 2330 Domini
1547 2271 1717 2328 nostri
1745 2269 1871 2325 Jesu

290 2380 483 2435 Christi
494 2419 507 2432 .

362 2469 556 2523 Paulus
580 2467 633 2519 in
654 2463 870 2519 vinculis
897 2470 947 2516 et
979 2459 1131 2515 malis
1168 2456 1501 2530 gloriabatur.
1526 2483 1601 2495 —-
1622 2451 1763 2508 Nihil
1790 2460 1875 2506 est

293 2562 375 2617 illa
396 2565 568 2614 anima
600 2558 827 2623 beati“.
861 2555 918 2609 In
943 2551 1263 2623 quibusnam
1285 2544 1578 2620 gloriatur?
1600 2544 1657 2600 In
1686 2543 1876 2598 vincu-

293 2571 375 2617 illa
396 2577 568 2614 anima
600 2571 719 2612 neat
813 2593 827 2608 .
861 2571 918 2609 In
943 2571 1263 2623 quibusnam
1285 2571 1572 2620 glorlalurt
1600 2571 1657 2600 ιιι
1691 2571 1873 2598 nucu-

291 2655 386 2719 lis,
412 2656 465 2709 in
509 2571 892 2707 aﬂlictiomus
914 2688 931 2714 ,
963 2648 1015 2701 in
1044 2654 1233 2700 catena
1254 2684 1270 2709 ,
1297 2643 1351 2697 in
1373 2638 1730 2711 stigmatibus.
1762 2636 1873 2707 Ego

292 2748 529 2818 stigmata
575 2741 781 2797 Domini
821 2738 949 2793 Iesu
991 2735 1182 2793 Christi
1221 2734 1275 2788 in
1314 2746 1525 2802 corpore
1565 2745 1676 2784 meo
1729 2738 1873 2798 porto

295 2836 449 2907 (Gal.
479 2836 532 2890 6.
566 2835 699 2905 I7),
730 2842 1001 2901 tamquam
1042 2841 1294 2898 magnum
1336 2822 1550 2894 aliquod
1580 2831 1872 2891 tropaeum;

291 2942 342 2984 et
366 2942 574 2992 rursus,
607 2926 824 2995 PrOpter
846 2920 1041 2985 Israel,
1069 2918 1257 2990 inquit,
1283 2925 1460 2970 catena
1475 2917 1569 2968 hac
1584 2913 1874 2968 circumda-

291 3032 370 3076 tus
409 3036 523 3074 sum
571 3019 590 3090 (
614 3020 726 3071 Act.
766 3016 859 3070 28.
885 3012 957 3068 20
977 3014 1032 3082 );
1060 3021 1115 3067 et
1144 3025 1330 3065 rursus
1361 3025 1376 3062 :
1408 3006 1473 3061 In
1502 3023 1601 3076 quo
1630 3006 1876 3076 legatione

291 3118 478 3189 [ungor
498 3114 552 3166 in
602 3121 780 3164 catena
825 3106 995 3179 (Eph.
1044 3105 1099 3160 6.
1150 3102 1222 3158 20
1239 3101 1280 3173 ).
1312 3099 1450 3169 Quid
1474 3099 1575 3153 hoc
1599 3114 1729 3169 ergo
1754 3098 1875 3153 est!

292 3223 396 3261 non
426 3216 479 3260 te
516 3203 711 3276 pudet?
740 3217 846 3256 non
884 3197 1226 3262 extimescis,
1273 3203 1440 3249 totmn
1486 3191 1670 3247 orbem
1720 3203 1876 3246 terra:

295 3299 506 3353 vinctus
547 3292 904 3351 circumiens?
931 3305 1037 3345 non
1067 3288 1259 3343 metuis
1286 3302 1355 3340 ne
1378 3285 1498 3356 quis
1531 3285 1696 3339 Deum
1729 3296 1874 3337 tuum

291 3385 927 3447 accusetimbccillitatis?
952 3401 1019 3438 ne
1041 3383 1159 3453 quis
1181 3389 1464 3451 pr0pterea
1489 3393 1593 3432 non
1620 3376 1877 3431 accedat?

292 3485 411 3541 Non
438 3493 596 3546 sunt,
650 3479 852 3549 inquit,
901 3476 1021 3529 talia
1050 3488 1169 3528 inea
1206 3470 1417 3526 vincula
1451 3487 1466 3523 :
1496 3469 1672 3524 sciunt
1716 3468 1877 3522 etiam

292 3576 575 3647 splendere
603 3576 652 3626 in
674 3573 807 3625 aulis
835 3584 1041 3639 regum.
1066 3566 1151 3620 Ita
1182 3575 1235 3619 ut
1261 3564 1463 3619 vincula
1490 3579 1603 3615 mea
1626 3602 1640 3625 ,
1671 3562 1875 3631 inquit,

294 3668 563 3736 manifesta
588 3656 761 3733 βενεκῖ
792 3663 843 3714 in
868 3661 1004 3714 ωηιιὶ
1034 3657 1293 3728 praetorio,
1315 3666 1363 3709 et
1392 3655 1562 3724 plures
1588 3670 1616 3706 e
1638 3652 1880 3723 fratribus

292 3764 348 3817 in
378 3759 599 3815 Domino
641 3757 949 3824 conﬁdentes
992 3754 1045 3805 in
1098 3748 1312 3804 vinculis
1354 3750 1498 3810 meis,
1542 3746 1880 3800 abundantius

296 3857 539 3910 auderent
577 3852 685 3905 sine
714 3851 891 3902 timore
915 3845 1115 3900 verbum
1162 3841 1260 3896 Dei
1311 3840 1448 3910 loqui
1500 3836 1773 3911 (Philipp.
1824 3838 1877 3891 1.

296 3950 389 4005 I3.
416 3948 541 4016 II).
570 3939 1107 3999 Viden’vinculorum
1144 3936 1253 3989 vim
1285 3934 1485 4002 magis,
1524 3948 1681 4002 quam
1715 3933 1766 3985 in
1798 3946 1884 3986 re-

296 4039 633 4098 surrectione
660 4030 1035 4091 mortuorum?
1063 4030 1305 4084 Vinctum
1334 4026 1602 4089 viderunt,
1635 4034 1690 4079 et
1716 4023 1882 4095 magis

296 4131 594 4190 conﬁdunt.
627 4129 727 4184 Ubi
774 4130 916 4181 enim
956 4129 1080 4177 sunt
1124 4118 1369 4183 vincula,
1416 4117 1525 4171 illic
1570 4131 1783 4186 quoque
1827 4123 1885 4169 nt

298 4223 478 4295 magni
507 4220 703 4291 aliquid
732 4220 926 4271 factmn
966 4215 1036 4268 sit
1077 4225 1299 4267 necesse
1336 4218 1419 4263 est
1448 4226 1463 4263 :
1497 4208 1585 4261 ubi
1628 4206 1880 4273 afﬂictio,

302 4318 413 4372 illic
439 4327 649 4386 quoque
674 4310 894 4364 ontniuo
924 4317 1006 4362 est
1042 4306 1187 4359 salus
1208 4345 1223 4368 ,
1280 4301 1499 4356 omnino
1535 4301 1644 4355 illic
1691 4311 1770 4353 est
1800 4314 1886 4354 re-

302 4409 536 4472 laxatio,
592 4405 704 4460 illic
746 4403 966 4457 omnino
1016 4407 1141 4452 sunt
1191 4397 1445 4466 praeclara
1486 4404 1539 4448 et
1581 4408 1645 4447 ex
1691 4394 1887 4447 virtute

302 4509 456 4570 gesta
489 4496 744 4550 facinora.
767 4492 898 4547 Nam
942 4488 1187 4543 diabolus
1238 4486 1451 4555 quando
1497 4482 1883 4548 calcitraverit,

306 4601 434 4645 tunc
489 4585 679 4641 feritur
723 4602 739 4639 :
791 4581 1004 4653 quando
1050 4576 1282 4632 vinxerit
1336 4575 1429 4629 Dei
1493 4587 1708 4637 servos,
1762 4581 1888 4626 tunc

305 4682 539 4737 maxime
566 4677 759 4731 crescit
779 4673 1021 4728 verbum.
1055 4669 1185 4724 Vide
1203 4677 1381 4721 autem
1405 4668 1509 4719 hoc
1534 4663 1726 4731 ubique
1749 4660 1885 4717 fieri.

306 4772 530 4826 Vinctus
557 4767 685 4831 fuit,
714 4773 768 4819 et
795 4764 911 4817 haec
932 4761 1059 4816 fecit
1092 4760 1144 4814 in
1183 4772 1401 4814 carcere
1424 4773 1438 4810 :
1462 4754 1531 4808 In
1558 4757 1684 4824 ipsis
1704 4754 1844 4807 enim
1869 4795 1886 4822 ,

307 4871 502 4933 inquit,
524 4857 737 4912 vinculis
756 4855 876 4908 meis
894 4855 912 4923 (
932 4852 1070 4906 Ibid.
1097 4851 1150 4904 1.
1178 4850 1209 4903 7
1231 4850 1269 4920 ).
1304 4847 1524 4902 Vinctus
1550 4843 1647 4899 fuit
1676 4844 1887 4910 Ilomze,

306 4965 366 5010 et
388 4953 569 5024 plures
598 4948 805 5004 induxit
833 4962 848 5001 :
877 4960 984 4999 non
1014 4942 1156 4997 enim
1202 4943 1317 5010 ipse
1357 4938 1503 4993 solus
1551 4937 1851 4990 confidebat
1873 4976 1888 5001 ,

309 5046 407 5101 sed
434 5044 594 5099 etiam
614 5040 704 5094 alii
732 5036 884 5093 multi
914 5050 1010 5106 per
1048 5034 1240 5103 ipsum.
1294 5029 1518 5085 Vinctus
1542 5029 1639 5083 fuit
1677 5026 1895 5082 Jeroso-

310 5137 495 5209 lymis,
526 5143 580 5189 et
602 5132 813 5187 vinctus
836 5128 1162 5184 concionans
1207 5138 1387 5194 regem
1428 5118 1812 5189 obstupefecit,
1840 5127 1895 5173 et

311 5206 509 5285 timore
551 5225 728 5280 aﬂ‘ecit
778 5220 1088 5293 praefectum
1120 5234 1133 5270 :
1164 5231 1287 5271 nam
1339 5206 1533 5269 timore
1583 5215 1889 5283 perculsus,

312 5338 440 5378 eum
468 5316 730 5381 absolvit;
763 5328 863 5370 nec
884 5327 1008 5367 eum
1033 5306 1124 5379 qui
1157 5310 1399 5361 vinxerat
1428 5303 1616 5374 puduit
1657 5317 1688 5356 a
1718 5303 1896 5355 vincto

312 5415 527 5469 discere
544 5409 613 5465 de
636 5406 846 5461 futuris.
884 5402 1103 5458 Vinctus
1147 5396 1462 5466 navigabat,
1495 5403 1552 5447 et
1577 5392 1736 5448 solvit
1762 5407 1897 5445 nau-

312 5502 577 5573 fragium,
606 5507 662 5556 et
678 5498 849 5553 vinxit
872 5498 1267 5565 tempestatem.
1291 5487 1425 5543 Cum
1464 5494 1607 5541 esset
1637 5487 1689 5539 in
1717 5488 1901 5539 vincu-

314 5593 387 5649 lis
410 5634 426 5657 ,
453 5592 606 5647 illum
633 5588 806 5657 tetigit
831 5584 1000 5641 bestia
1025 5623 1042 5650 ,
1071 5590 1127 5637 et
1151 5594 1219 5635 eo
1259 5578 1479 5634 minime
1522 5577 1649 5629 lteso
1684 5576 1895 5630 ct-cidit.

317 5686 543 5743 Vinctus
590 5692 674 5739 est
716 5680 901 5735 Roma:
927 5716 943 5745 ,
969 5685 1025 5733 et
1054 5676 1261 5729 vinctus
1299 5670 1647 5726 coneionatus
1685 5666 1901 5722 attraxit

1977 432 2391 487 innmnerabiles
2410 473 2425 497 ,
2454 447 2565 503 prae
2588 432 2839 488 omnibus
2863 432 2967 489 hoc
3009 435 3182 505 ipsum
3211 451 3513 507 proponens
3532 482 3549 505 ,

1969 537 2164 593 nempe
2191 532 2456 580 catenam.

2039 615 2229 672 Contra
2250 633 2428 672 avaros
2456 628 2503 671 et
2523 619 2675 689 plura
2710 617 2929 673 habendi
2954 619 3186 687 rapidos.
3209 649 3280 660 —
3306 617 3413 677 Sed
3443 638 3548 678 non

1970 708 2095 763 licet
2121 722 2283 774 nunc,
2315 710 2506 780 inquit,
2540 709 2725 764 vinciri
2752 711 2976 765 catenis.
2999 710 3102 767 Sed
3127 711 3231 766 alia
3256 726 3336 767 est
3363 725 3551 771 eatena

1970 800 2017 855 si
2065 800 2308 855 velimus.
2337 800 2591 867 Quianam
2635 811 2813 856 autem
2866 804 2979 858 Inec
3004 805 3129 859 est?
3170 804 3353 859 Manus
3382 809 3554 859 conti-

1970 907 2136 959 nere,
2165 893 2230 947 ad
2261 895 2535 949 avaritiam
2558 906 2611 950 et
2638 896 2786 964 plura
2811 894 3041 951 habendi
3077 898 3421 968 cupiditatem
3445 916 3550 953 non

1971 1000 2093 1040 esse
2122 995 2356 1053 paratos.
2397 986 2523 1040 Ilaec
2552 996 2739 1041 catena
2772 1003 2871 1041 nos
2915 989 3060 1057 ipsos
3086 990 3380 1044 vinciamus
3413 1008 3426 1044 :
3456 1007 3554 1061 pro

1972 1076 2116 1131 ferro
2145 1076 2216 1131 sit
2261 1076 2416 1130 nobis
2448 1078 2607 1132 timor
2636 1078 2750 1133 Dei.
2781 1078 3063 1134 Solvamus
3091 1096 3221 1144 eos,
3253 1082 3341 1151 qui
3390 1083 3551 1135 vincti

1971 1175 2130 1235 sunt,
2161 1184 2190 1223 a
2236 1179 2549 1239 paupertate
2574 1212 2590 1234 ,
2630 1172 2698 1225 ab
2738 1171 3049 1228 aﬂlictione.
3093 1174 3207 1230 Non
3257 1185 3381 1229 sunt
3407 1178 3553 1245 paria

1971 1264 2183 1332 aperire
2205 1275 2383 1332 portas
2402 1264 2655 1330 carceris,
2678 1274 2734 1319 et
2750 1264 3005 1319 inclusam
3023 1266 3264 1323 relaxare
3284 1270 3513 1322 animam
3535 1287 3551 1324 :

1972 1371 2078 1410 non
2111 1366 2239 1411 sunt
2264 1357 2432 1425 paria,
2464 1357 2763 1411 vinctorum
2800 1358 3012 1413 solvere
3042 1360 3253 1413 vincula
3276 1402 3291 1426 ,
3320 1370 3375 1415 et
3419 1375 3553 1415 con-

1971 1448 2126 1502 tritos
2154 1448 2433 1502 absolvere
2460 1448 2512 1501 in
2541 1450 2879 1505 remissione.
2926 1450 3039 1505 Hoc
3069 1452 3158 1507 illo
3205 1462 3289 1508 est
3335 1453 3506 1523 majus
3528 1464 3550 1509 ἐ

1971 1554 2094 1593 nam
2126 1539 2267 1594 illius
2292 1539 2508 1608 quidem
2537 1540 2682 1594 nulla
2710 1551 2794 1595 est
2818 1557 3026 1597 merces
3053 1546 3323 1613 proposita
3344 1588 3359 1612 ,
3392 1547 3554 1615 hujus

1970 1641 2150 1687 autem
2178 1633 2617 1689 innumerabiles.
2640 1634 2819 1704 Longa
2850 1633 2950 1690 fuit
2971 1637 3118 1691 Pauli
3137 1648 3324 1694 catena
3345 1680 3360 1703 .
3388 1650 3444 1696 et
3462 1642 3552 1696 ditt

1971 1724 2303 1796 multumque
2347 1741 2444 1780 nos
2475 1727 2642 1782 tenuit
2677 1748 2691 1784 :
2736 1738 2819 1782 est
2863 1729 3007 1784 enim
3048 1747 3232 1787 revera
3278 1734 3467 1805 longa,
3500 1747 3556 1793 et

1971 1818 2159 1887 quavis
2187 1828 2373 1872 catena
2406 1833 2565 1873 aurea
2613 1819 2911 1875 honestior.
2963 1821 3081 1892 Ipsa
3129 1825 3336 1881 vinctos
3389 1829 3555 1885 veluti

1970 1906 2196 1977 quadam
2221 1908 2465 1962 machina
2494 1908 2652 1963 trahit
2673 1910 2741 1965 ad
2769 1912 2980 1979 cadum,
3006 1923 3060 1969 et
3080 1924 3346 1987 tamquam
3367 1931 3555 1976 catena

1971 2013 2132 2053 aurea
2164 2013 2417 2070 suspensa
2444 2000 2509 2055 ad
2537 2000 2725 2056 caelum
2749 2018 2960 2059 sursum
2990 2006 3191 2063 trahit:
3221 2019 3275 2064 et
3302 2012 3446 2080 quod
3472 2023 3557 2069 est

1972 2091 2274 2145 mirandum
2295 2133 2309 2157 ,
2344 2091 2552 2148 inferne
2580 2094 2755 2150 vincta
2784 2096 2992 2152 vinctos
3012 2114 3226 2156 sursum
3256 2104 3435 2158 trahit.
3462 2108 3560 2160 At-

1971 2183 2061 2254 qui
2110 2197 2215 2237 non
2245 2193 2328 2238 est
2354 2183 2468 2238 haec
2516 2200 2692 2239 rerum
2734 2194 2961 2256 natura;
3009 2190 3104 2246 sed
3150 2194 3366 2262 quando
3416 2197 3557 2253 Deus

1972 2274 2309 2329 administrat
2336 2290 2400 2329 ac
2424 2276 2715 2345 dispensat,
2747 2293 2814 2332 ne
2846 2296 3054 2349 quaaras
3082 2299 3259 2338 rerum
3287 2295 3553 2355 naturam,

1973 2380 2148 2435 neque
2173 2368 2646 2436 consequentiam,
2678 2368 2775 2423 sed
2805 2386 2927 2440 quae
2956 2382 3082 2426 sunt
3107 2389 3267 2444 supra
3312 2368 3555 2434 naturam

1974 2466 2029 2513 et
2045 2460 2507 2529 consequentiam.
2529 2460 2806 2515 Discamus
2833 2462 2884 2516 in
2906 2462 3283 2521 afﬂictionibus
3308 2483 3413 2523 non
3459 2471 3556 2525 de-

1967 2546 2061 2620 jici
2079 2588 2094 2614 ,
2125 2565 2224 2604 nec
2251 2566 2391 2620 wgre
2418 2551 2575 2605 ferre.
2611 2550 2740 2606 Vide
2760 2555 2903 2608 enim
2945 2553 3085 2610 hunc
3106 2557 3353 2614 beatum:
3380 2561 3558 2633 flagris

1973 2654 2145 2695 caesus
2167 2639 2342 2695 fuerat
2366 2650 2419 2696 et
2462 2641 2620 2697 valde
2645 2656 2853 2709 caesus;
2886 2643 3081 2701 Multas
3128 2650 3270 2703 enim
3295 2691 3310 2717 ,
3358 2652 3553 2723 inquit,

1974 2731 2157 2802 plagas
2182 2733 2228 2786 ei
2251 2734 2566 2802 impatientes
2588 2732 2740 2807 (Act.
2764 2735 2853 2791 16.
2880 2736 3019 2807 25):
3047 2748 3103 2793 et
3125 2740 3335 2796 vinctus
3359 2741 3555 2813 fuerat,

1974 2825 2137 2896 idque
2177 2841 2364 2881 rursus
2389 2826 2572 2893 valde;
2627 2829 2680 2884 in
2735 2829 3042 2886 interiorem
3082 2834 3226 2888 enim
3261 2838 3558 2894 custodiam

1975 2930 2098 2972 eum
2127 2916 2341 2988 injecit,
2363 2918 2524 2989 idque
2550 2920 2773 2975 firmiter
2796 2930 2852 2975 et
2872 2932 3087 2979 utesset
3108 2925 3162 2979 in
3186 2937 3318 2983 tuto.
3344 2928 3559 2985 Etcum

1976 3011 2029 3066 in
2076 3021 2183 3066 tam
2238 3012 2422 3067 multis
2471 3022 2619 3067 esset
2671 3012 3105 3082 difficultatibus,
3159 3019 3333 3074 media
3365 3032 3557 3091 nocte,

1975 3102 2189 3173 quando
2215 3104 2376 3157 etiam
2405 3103 2682 3159 dormiunt
2723 3106 2814 3175 qni
2858 3106 3015 3163 valde
3057 3117 3183 3163 sunt
3228 3118 3557 3181 experrecti,

1978 3194 2231 3263 imposito
2258 3196 2417 3248 etiam
2440 3195 2632 3264 majori
2659 3197 2872 3251 vinculo
2891 3240 2907 3264 ,
2937 3215 3131 3271 nempe
3155 3217 3345 3258 somno
3363 3246 3379 3272 ,
3402 3223 3562 3260 cane-

1978 3285 2111 3341 bant
2137 3295 2193 3340 et
2221 3285 2508 3339 laudabant
2541 3287 2843 3343 Dominum.
2885 3290 3023 3356 Quid
3071 3291 3154 3346 his
3182 3295 3373 3349 animis
3399 3296 3562 3352 fuerit

1980 3378 2149 3448 magis
2176 3376 2620 3432 adamantinutn?
2664 3378 3139 3452 Cogitabantquod
3173 3388 3325 3455 pueri
3352 3405 3563 3459 quoque

1978 3469 2244 3524 canebant
2266 3469 2320 3523 in
2349 3471 2466 3540 igne
2505 3482 2557 3525 et
2590 3472 2641 3525 in
2671 3473 2885 3528 fornace
2925 3491 2939 3527 :
2969 3474 3192 3532 fortasse
3246 3483 3566 3549 reputabant

1980 3561 2241 3623 dicentes,
2269 3562 2379 3617 Nos
2410 3563 2538 3617 nihil
2561 3563 2735 3619 adhuc
2764 3566 2867 3620 tale
2890 3569 3028 3635 passi
3056 3582 3261 3625 smnus.
3286 3571 3388 3627 Sed
3418 3587 3564 3631 recte

1981 3666 2041 3707 se
2061 3668 2253 3723 gerens
2277 3656 2467 3717 oratio,
2521 3670 2619 3711 nos
2648 3656 2714 3710 ad
2742 3656 2844 3711 alia
2874 3673 3061 3715 rursus
3094 3661 3313 3718 abduxit
3352 3666 3563 3722 vincula

1984 3754 2040 3798 et
2066 3745 2231 3798 alium
2252 3760 2549 3800 carcerem.

2054 3839 2107 3894 8.
2137 3837 2271 3905 Quid
2300 3854 2449 3909 agam
2466 3846 2490 3894 ἵ
2516 3840 2634 3896 volo
2658 3850 2852 3908 tacere,
2876 3843 3095 3900 sedaton
3130 3862 3366 3917 possum.
3390 3851 3564 3906 Alium

1984 3932 2162 3988 inveni
2192 3948 2459 3987 carcerem
2493 3934 2582 3987 illo
2603 3935 3073 4004 admirabiliorem,
3107 3949 3161 3994 et
3189 3944 3276 4010 qui
3310 3945 3567 4012 majorem

1985 4023 2139 4079 affert
2160 4033 2451 4094 stuporem.
2496 4024 2602 4078 Sed
2634 4040 2777 4080 nunc
2806 4027 2935 4080 mihi
2965 4031 3267 4099 exsurgite,
3300 4043 3566 4104 tamquam

1986 4131 2127 4170 nunc
2170 4117 2384 4186 incipiat
2413 4117 2607 4178 oratio,
2656 4119 2968 4188 vegetisque
2996 4136 3137 4176 nunc
3180 4124 3419 4181 accedite
3449 4130 3565 4180 ani-

1987 4210 2109 4263 mis.
2146 4208 2279 4262 Volo
2308 4218 2536 4279 emptam
2567 4210 2954 4279 interrumpere
2979 4213 3304 4280 orationem;
3336 4231 3396 4270 ea
3442 4233 3569 4271 Vero

1989 4316 2095 4355 non
2126 4301 2272 4355 sinit.
2304 4299 2437 4355 Nam
2461 4310 2517 4354 ut
2545 4304 2694 4371 quis,
2719 4302 2845 4355 dum
2875 4303 3027 4371 bibit,
3060 4320 3163 4359 non
3194 4321 3379 4376 passus
3408 4309 3571 4365 fuerit

1991 4392 2306 4461 interrumpi
2330 4432 2344 4456 ,
2367 4391 2622 4461 quidquid
2651 4392 2699 4446 ei
2730 4395 3099 4450 renuntietur:
3132 4396 3203 4449 ita
3235 4413 3333 4467 ego
3359 4415 3571 4470 quoque

1990 4483 2327 4554 apprehenso
2378 4484 2673 4537 admirabili
2726 4486 2959 4539 carceris
3007 4486 3199 4554 poculo
3247 4503 3432 4543 eorum
3480 4495 3570 4561 qui

1990 4576 2154 4630 vincti
2182 4586 2305 4630 sunt
2336 4585 2551 4645 pr0pter
2596 4576 2903 4645 Christum,
2936 4595 3040 4634 non
3077 4595 3292 4651 possum
3321 4598 3571 4655 cessare,

1993 4685 2099 4723 non
2126 4682 2340 4737 possum
2372 4667 2549 4722 silere.
2594 4666 2726 4721 Nam
2754 4670 2797 4722 si
2848 4670 2962 4738 ipse
2989 4672 3040 4724 in
3091 4687 3309 4729 carcere
3338 4685 3392 4729 et
3420 4690 3574 4734 nocte

1994 4776 2101 4815 non
2123 4758 2288 4827 siluit,
2313 4774 2412 4813 nec
2439 4759 2490 4813 in
2523 4759 2746 4828 ﬂagellis
2781 4775 2917 4830 :ego
2941 4761 3110 4817 silebo
3135 4762 3330 4819 sedens
3357 4782 3477 4822 cum
3505 4770 3577 4824 sit

1994 4851 2111 4906 dies
2129 4890 2144 4915 ,
2173 4859 2227 4904 et
2255 4849 2307 4903 in
2339 4850 2505 4903 multo
2525 4849 2636 4903 otio
2666 4850 2885 4919 loquens
2903 4860 2957 4905 et
2976 4852 3173 4921 quiete,
3200 4869 3320 4908 cum
3348 4855 3447 4912 hoc
3469 4875 3575 4915 non

1996 4943 2302 4998 usuvenerit
2326 4942 2390 4995 iis
2418 4942 2508 5013 qui
2534 4943 2694 4997 vincti
2714 4984 2730 5011 ,
2761 4944 2852 5015 qui
2868 4942 3060 5017 'ﬂagris
3096 4948 3221 5002 caesi
3246 4948 3491 5016 fuerant,
3520 4961 3577 5009 et

1998 5035 2171 5090 media
2199 5032 2389 5089 nocte?

1990 5182 1995 5187 .
2072 5127 2150 5182 De
2172 5127 2329 5180 tribus
2352 5126 2540 5194 pueris.
2560 5155 2634 5167 —
2651 5124 2807 5181 Pueri
2835 5142 2943 5181 non
2969 5128 3197 5184 silebant
3218 5130 3271 5185 in
3294 5130 3507 5189 fornace
3526 5145 3580 5190 et

2000 5221 2122 5289 igne
2147 5217 2322 5292 (Dan.
2352 5218 2458 5284 '5),
2489 5226 2543 5272 et
2568 5232 2665 5272 nos
2691 5234 2793 5273 non
2823 5219 3045 5290 pudebit
3071 5222 3267 5277 silere?
3292 5222 3582 5280 Videamus

2002 5326 2129 5382 ergo
2153 5311 2292 5365 hunc
2310 5325 2600 5364 carcerem.
2627 5310 2723 5364 Hic
2747 5326 2959 5381 quoque
2988 5313 3149 5367 vincti
3170 5325 3327 5380 sunt;
3359 5316 3454 5371 sed
3475 5329 3584 5369 sta-

2003 5403 2098 5457 tim
2120 5403 2188 5457 ab
2216 5402 2436 5457 exordio
2463 5401 2851 5456 ostendebatur
2877 5402 3016 5472 quod
3039 5420 3145 5458 non
3168 5415 3350 5459 essent
3370 5408 3581 5475 urendi,

2004 5493 2101 5550 sed
2122 5492 2272 5564 quasi
2299 5493 2545 5547 intraturi
2572 5493 2624 5547 in
2646 5507 2940 5549 carcerem.
2971 5494 3079 5548 Cur
3100 5506 3277 5551 autem
3308 5512 3403 5553 eos
3432 5498 3582 5570 ligas,

2005 5589 2094 5659 qui
2124 5595 2250 5642 sunt
2287 5585 2680 5642 comburendi?
2733 5584 2907 5642 Vincti
2950 5595 3137 5655 erant,
3180 5589 3319 5644 sicut
3348 5590 3582 5658 Paulus,

2008 5677 2230 5748 pedibus
2258 5687 2313 5732 et
2336 5678 2579 5733 manibus
2611 5696 2625 5732 :
2656 5677 2821 5733 vincti
2848 5687 3001 5734 erant
3044 5694 3150 5734 non
3190 5682 3379 5737 minori
3426 5684 3501 5738 ira
3532 5695 3588 5740 et

2012 5771 2212 5831 furore.
2241 5769 2373 5826 Nam
2397 5780 2453 5828 et
2482 5770 2571 5828 ille
2597 5771 2779 5841 injecit
2816 5772 2867 5828 in
2909 5771 3217 5829 interiorem
3257 5775 3587 5841 custodiam.
