4060 6400
538 342 607 397 67
1233 338 1292 394 S.
1329 338 1608 395 JOANNIS
1643 339 2116 397 CIIRVSOSTOMI
2155 341 2463 399 ARCHIEP.
2503 345 3033 405 LONSTANTINOP.
3725 350 3784 405 ϐκ

536 470 592 512 et
617 458 743 513 hinc
766 452 925 527 jussit
952 453 1103 510 valde
1129 455 1345 509 accendi
1369 456 1661 511 fornacem.
1694 455 1798 511 Sed
1836 455 2111 513 videamus

536 568 655 620 qua:
673 558 797 604 sunt
814 556 1158 617 consequuta.
1180 546 1287 600 lllis
1305 547 1532 616 hymnos
1555 547 1866 603 canentibus
1887 560 2111 601 concus—

535 659 626 696 sus
652 652 736 696 est
761 655 967 703 carcer,
996 647 1051 692 et
1075 647 1272 707 apertae
1292 648 1417 691 sunt
1450 649 1615 707 portae
1643 655 1656 691 :
1688 648 1744 692 et
1773 638 1853 692 his
1883 636 2109 707 hymnos

534 731 848 787 canentibus
900 731 1072 784 soluta
1112 739 1234 784 sunt
1278 730 1486 783 vincula
1522 728 1713 798 pedum
1739 738 1792 783 et
1829 744 2105 794 manuum,

534 833 751 889 apertus
779 831 861 876 est
889 836 1093 889 carcer,
1132 830 1187 876 et
1211 832 1410 889 aperta:
1438 830 1562 875 sunt
1608 830 1774 891 portae
1827 822 2059 876 fornacis
2091 839 2105 873 :

532 913 783 967 sibilabat
810 911 955 967 enim
996 925 1085 966 ros
1114 910 1364 980 Spiritus.
1412 910 1785 965 Verumtamen
1817 926 1901 966 me
1940 912 2107 965 multa

532 1004 911 1059 circumfluunt
939 1019 952 1056 :
983 1002 1165 1058 nescio
1194 1001 1444 1071 quidnam
1476 1002 1704 1070 primum
1733 1002 1928 1066 dicam,
1956 1002 2109 1071 quid-

530 1112 656 1151 nam
692 1096 984 1151 secundum
1012 1112 1025 1148 :
1057 1094 1178 1149 ideo
1205 1109 1333 1163 rogo
1351 1109 1418 1148 ne
1447 1093 1567 1163 quis
1592 1109 1621 1147 a
1649 1109 1735 1149 me
1762 1093 1937 1163 exigat
1961 1093 2107 1147 ordi-

532 1205 688 1253 nem;
716 1196 800 1243 est
828 1188 968 1241 enim
996 1201 1175 1242 rerum
1204 1186 1367 1240 multa
1397 1185 1662 1256 cognatio.
1685 1183 1853 1239 Soluti
1872 1193 1994 1240 sunt
2018 1184 2106 1253 qui

529 1298 651 1337 cum
668 1282 748 1336 eis
769 1281 927 1335 vincti
951 1278 1179 1343 fuerant,
1200 1278 1294 1333 sed
1320 1287 1493 1331 tamen
1516 1276 1853 1332 dormiebant
1875 1292 1888 1329 :
1914 1275 1997 1329 hic
2014 1291 2109 1329 an-

530 1382 636 1428 tem
657 1388 752 1443 pro
779 1373 841 1425 iis
861 1370 1057 1441 aliquid
1080 1370 1221 1425 aliud
1243 1370 1439 1425 factum
1458 1378 1568 1424 est:
1589 1369 1853 1424 combusti
1871 1378 1992 1423 sunt
2015 1370 2106 1437 qui

527 1482 623 1521 eos
654 1463 980 1534 injiciebant.
1004 1464 1110 1519 Sed
1138 1463 1279 1533 quod
1308 1462 1549 1517 volebam
1578 1461 1781 1526 dicere,
1804 1460 1936 1515 vidit
1956 1460 2104 1514 solu-

530 1571 613 1614 tos
643 1574 758 1622 rex,
788 1566 843 1613 et
870 1566 993 1611 ante
1023 1571 1117 1611 eos
1140 1553 1402 1624 procidit:
1426 1554 1558 1608 vidit
1584 1555 1809 1624 hynmos
1829 1563 2101 1618 canentes,

527 1659 582 1704 et
627 1659 852 1719 quatuor
896 1646 1027 1701 vidit
1054 1646 1428 1711 ambulantes,
1460 1654 1514 1700 et
1556 1646 1766 1699 vocavit
1803 1658 1916 1699 eos.
1957 1643 2107 1697 Sicut

526 1756 655 1811 ergo
684 1739 879 1794 Paulus
904 1753 1006 1793 non
1035 1739 1292 1792 exivisset
1311 1779 1326 1803 ,
1360 1738 1457 1791 etsi
1490 1745 1703 1806 posset,
1728 1736 1829 1790 nisi
1857 1737 1942 1805 qui
1971 1736 2105 1804 inje-

526 1839 676 1885 cerat
702 1846 824 1885 eum
870 1838 1147 1892 vocasset,
1178 1840 1233 1884 et
1262 1829 1535 1884 eduxisset
1563 1846 1574 1880 :
1606 1829 1676 1882 ita
1724 1844 1822 1884 nec
1868 1828 1944 1882 illi
1994 1838 2102 1883 tres

526 1921 676 1990 pueri
706 1920 983 1986 exierunt,
1017 1919 1187 1974 donec
1217 1919 1261 1973 is
1283 1920 1371 1989 qui
1400 1918 1752 1988 injecitjussit
1777 1918 1941 1972 exire.
1964 1917 2100 1985 Quid

524 2030 588 2068 cx
620 2013 719 2067 hoc
744 2011 1038 2066 discimus?
1067 2010 1183 2065 Non
1235 2012 1487 2066 festinare
1535 2010 1604 2065 ad
1650 2025 1947 2076 aerumnas,
2002 2023 2103 2063 nec

524 2120 813 2174 properare
840 2103 907 2158 ad
937 2101 1291 2169 afflictiones;
1321 2116 1419 2157 nec
1447 2116 1633 2156 rursus
1659 2102 1711 2155 in
1733 2102 1812 2156 eis
1842 2116 2057 2156 manere
2078 2140 2095 2167 ,

523 2201 569 2255 si
592 2201 697 2255 sint
716 2200 805 2270 qui
827 2200 1057 2254 solvant.
1086 2197 1190 2251 Sed
1219 2197 1308 2251 ille
1334 2196 1549 2266 quidem
1571 2195 1796 2265 procidit
1815 2195 1881 2251 ad
1904 2194 2101 2264 pedes;

521 2302 731 2362 poterat
757 2292 899 2347 enim
924 2290 1132 2363 ingredi
1155 2290 1241 2346 ubi
1262 2299 1415 2345 erant
1434 2288 1604 2344 sancti
1632 2305 1647 2343 :
1669 2288 1757 2345 hic
1778 2300 1954 2343 autem
1975 2303 2097 2343 cum

524 2385 761 2438 venisset
782 2383 848 2437 ad
878 2384 1110 2451 ostium,
1138 2383 1285 2437 stetit
1320 2400 1333 2434 :
1364 2396 1468 2435 non
1499 2380 1730 2435 audebat
1769 2380 1911 2435 enim
1936 2368 2096 2434 acce-

519 2477 647 2531 dere
676 2476 740 2530 ad
766 2491 885 2530 eum
915 2476 1003 2544 qui
1027 2477 1168 2529 intus
1184 2483 1297 2528 erat
1318 2488 1609 2539 carcerem,
1632 2487 1791 2542 quem
1819 2471 1945 2540 ipsis
1969 2484 2098 2524 con-

521 2576 791 2621 struxerat
821 2582 914 2636 per
942 2567 1139 2636 ignem.
1168 2563 1545 2634 Contemplare
1572 2572 1749 2617 autem
1776 2561 1957 2616 verba.
2000 2561 2095 2615 llle

516 2661 646 2715 dicit
673 2679 685 2713 :
724 2659 953 2725 Domini,
987 2657 1108 2728 quid
1133 2673 1215 2711 me
1237 2664 1431 2726 Oportet
1457 2660 1623 2727 facere
1640 2696 1655 2720 ,
1682 2664 1736 2709 ut
1764 2655 1859 2709 sim
1882 2652 2051 2708 salvus
2069 2653 2096 2707 Σ)

515 2754 613 2808 Hic
636 2753 724 2807 ille
745 2770 848 2806 non
874 2767 994 2806 cum
1032 2759 1176 2805 tanta
1200 2749 1414 2819 quidem
1441 2748 1737 2803 humilitate
1755 2790 1770 2815 ,
1792 2762 1975 2802 vocem
1997 2762 2090 2801 au-

516 2855 622 2898 tem
653 2844 831 2898 emisit
857 2857 961 2897 non
994 2843 1169 2896 minus
1189 2840 1483 2910 jucundam
1514 2856 1528 2892 :
1562 2840 1747 2894 Sidrac
1766 2879 1781 2904 ,
1826 2839 2018 2904 Misac,
2045 2846 2093 2890 et

448 3002 461 3013 η.
515 2935 823 3005 Abdenaga,
868 2933 997 2987 servi
1051 2932 1148 2986 Dei
1209 2931 1426 2995 excelsi,
1487 2931 1801 3001 egredimini,
1845 2940 1892 2985 et
1935 2933 2093 2985 venite

514 3026 754 3096 (Daniel.
782 3026 835 3079 5.
867 3040 915 3078 v.
939 3023 1063 3092 95).
1086 3024 1306 3095 Magnus
1335 3025 1506 3079 honor
1530 3042 1542 3077 :
1573 3023 1721 3078 Servi
1748 3022 1844 3077 Dei
1866 3023 2048 3079 excelsi
2070 3066 2086 3091 ,

513 3116 828 3187 egredimini,
847 3125 891 3169 et
908 3116 1083 3169 venite.
1101 3114 1379 3180 Quomodo
1410 3114 1770 3184 egredientur,
1793 3129 1826 3167 ο
1841 3115 1961 3168 rex?
1977 3116 2090 3168 vin-

512 3217 628 3263 ctos
650 3206 872 3277 injeeisti
900 3206 951 3260 in
974 3208 1147 3276 ignem
1184 3225 1197 3261 :
1224 3214 1331 3259 tam
1355 3206 1513 3275 longo
1542 3215 1779 3275 tempore
1804 3204 2015 3259 fuerunt
2038 3210 2090 3261 in

512 3303 671 3372 igne?
701 3300 831 3355 Nam
858 3300 902 3353 si
933 3298 1155 3354 fuissent
1187 3298 1533 3363 adamantini,
1560 3298 1605 3351 si
1636 3298 1872 3353 materia:
1898 3299 2088 3352 metal-

511 3394 628 3447 licic
652 3433 667 3458 ,
697 3392 785 3462 qui
819 3400 986 3445 totum
1012 3389 1160 3444 illum
1188 3389 1453 3444 canebant
1477 3388 1731 3460 hymnum
1753 3430 1767 3455 ,
1795 3404 1971 3443 annon
1997 3405 2089 3459 pe-

510 3485 760 3540 riissent?
789 3484 1012 3555 Propter
1033 3481 1137 3537 hoc
1164 3483 1335 3551 ipsum
1364 3481 1496 3535 salvi
1541 3480 1786 3548 fuerunt,
1819 3482 1960 3552 quod
1989 3484 2087 3553 hy-

511 3590 666 3629 mnos
691 3585 965 3629 canerent.
1003 3573 1181 3627 Animi
1228 3586 1415 3627 eorum
1457 3571 1783 3626 alacritatem
1829 3573 2088 3631 reveritus

510 3676 594 3720 est
618 3666 751 3736 ignis
783 3683 796 3719 :
822 3663 1082 3719 reveritus
1111 3670 1195 3717 est
1218 3663 1378 3717 etiam
1404 3663 1669 3717 canticum
1698 3662 1827 3717 illud
1854 3663 2087 3718 admira-

509 3757 618 3812 bile
645 3765 698 3809 et
727 3756 974 3826 hymnos.
1015 3754 1295 3821 Quomodo
1324 3768 1417 3809 eos
1444 3756 1647 3809 vocas?
1674 3756 1906 3810 Primum
1928 3756 2036 3810 dixi
2068 3772 2084 3810 :

511 3844 656 3900 Servi
683 3843 779 3897 Dei
794 3845 972 3898 excelsi
996 3859 1014 3897 :
1038 3844 1215 3917 omnia
1246 3844 1385 3898 enim
1413 3852 1636 3913 possunt
1658 3845 1750 3899 Dei
1772 3846 1931 3900 servi.
1953 3844 2086 3900 Nam

510 3938 556 3991 si
582 3945 708 3993 sunt
734 3936 897 4005 aliqui
920 3937 1056 3990 servi
1080 3936 1376 4000 hominum,
1400 3945 1453 3988 et
1482 3935 1534 3988 in
1564 3935 1721 3990 rebus
1750 3936 1956 3991 illorum
1978 3952 2087 3990 nott

512 4028 771 4082 minorem
797 4027 994 4080 habent
1019 4035 1357 4095 potestatem,
1377 4025 1655 4094 Imperium
1676 4026 2085 4081 etadministra-

510 4122 712 4175 tionen'l
732 4160 747 4186 ,
771 4120 937 4175 multo
959 4119 1126 4189 magis
1150 4119 1290 4173 servi
1310 4120 1423 4175 Dei.
1459 4118 1654 4173 Vocem
1689 4121 1865 4175 emisit
1888 4120 2086 4190 jucun-

508 4214 786 4269 dissimam
818 4228 832 4265 :
856 4211 1059 4266 sciebat
1082 4225 1141 4266 se
1162 4227 1223 4266 ea
1241 4212 1470 4266 maxime
1497 4212 1626 4282 ipsis
1651 4215 1929 4268 assentari.
1950 4214 2085 4271 Nam

509 4308 594 4375 si,
625 4315 685 4361 ut
711 4305 853 4361 servi
902 4305 996 4361 Dei
1028 4314 1343 4369 manerent,
1376 4304 1428 4359 in
1476 4306 1648 4375 ignem
1677 4315 1802 4361 sunt
1826 4307 2081 4378 ingressi,

512 4418 617 4456 non
644 4410 759 4456 erat
785 4401 890 4455 alia
909 4415 1013 4453 vox
1042 4399 1141 4454 hac
1161 4398 1445 4468 jucundior
1477 4416 1491 4453 :
1519 4414 1625 4454 non
1650 4400 1691 4453 si
1728 4415 1821 4455 eos
1844 4410 2087 4456 vocasset

511 4509 662 4564 reges
680 4533 695 4558 ,
729 4508 832 4547 non
856 4491 900 4545 si
928 4490 1171 4545 dominos
1200 4489 1344 4543 orbis
1370 4498 1524 4544 terra:
1544 4530 1558 4554 ,
1592 4498 1733 4544 tanta
1764 4505 1856 4545 eos
1880 4488 2087 4559 affecis-

509 4596 593 4641 set
611 4585 878 4656 voluptate
896 4625 912 4652 ,
943 4593 1138 4655 quanta
1161 4599 1279 4637 cum
1303 4584 1381 4639 eis
1401 4583 1567 4649 dixit,
1595 4584 1739 4639 Servi
1764 4585 1860 4639 Dei
1879 4587 2082 4641 excelsi.

511 4680 581 4733 Et
608 4679 733 4749 quid
772 4678 1020 4733 miraris?
1049 4678 1126 4730 Ad
1156 4692 1398 4747 magnam
1430 4678 1572 4732 enim
1596 4678 1781 4732 urbem
1799 4718 1812 4742 ,
1843 4694 1963 4748 quae
1991 4694 2083 4733 or-

510 4773 591 4826 bis
637 4781 793 4826 terraa
840 4769 1115 4824 obtinebat
1158 4768 1523 4833 dominatum,
1578 4777 1632 4822 et
1673 4768 1760 4824 cui
1798 4769 2085 4824 auctoritas

510 4877 730 4933 magnos
772 4862 997 4916 faciebat
1039 4861 1293 4929 spiritus,
1339 4860 1533 4914 Paulus
1577 4862 1816 4916 scribens
1862 4861 1963 4914 hoc
1987 4876 2085 4930 po-

506 4960 644 5020 suit,
692 4965 748 5009 ut
772 4954 911 5024 quod
961 4953 1202 5023 dignitati
1239 4968 1303 5007 ex
1354 4952 1649 5023 aequilibrio
1694 4955 2084 5022 reslionderet,

509 5052 617 5105 imo
641 5062 768 5103 vero
796 5056 847 5100 et
874 5045 1148 5100 consulatu
1171 5054 1225 5099 et
1250 5060 1413 5114 regno
1440 5056 1494 5098 et
1513 5045 1656 5099 orbis
1684 5055 1837 5099 terrm
1862 5046 2083 5116 imperio

507 5143 662 5210 longe
683 5138 854 5207 majus
869 5148 1027 5207 atque
1049 5136 1183 5191 adeo
1206 5137 1690 5205 incomparabiliter
1707 5122 1877 5209 majus
1903 5152 2078 5207 esset;
2106 5206 2117 5219 ο

507 5234 704 5287 Paulus
752 5247 923 5286 servus
974 5227 1099 5283 Iesu
1136 5228 1323 5282 Christi
1376 5228 1559 5301 (Rom.
1588 5232 1755 5300 1.1).
1815 5232 1958 5284 Servi
1986 5231 2083 5286 Dei

506 5325 704 5378 excelsi.
734 5321 791 5376 Si
818 5322 983 5383 enim,
1032 5320 1235 5388 inquit,
1269 5326 1471 5374 tantum
1517 5331 1718 5389 ponunt
1746 5322 1978 5376 studium
2027 5333 2083 5379 ut

505 5417 614 5469 sint
641 5414 816 5480 servi,
840 5412 1057 5467 omnino
1077 5412 1155 5465 eis
1183 5411 1285 5466 hoc
1314 5412 1765 5481 persuadebimus.
1798 5413 1930 5469 Vide
1955 5431 2082 5485 ergo

504 5507 662 5558 etiam
689 5518 970 5572 puerorum
998 5501 1245 5571 pietatem
1280 5518 1293 5554 :
1333 5517 1436 5555 non
1462 5515 1882 5557 succcnsuerunt
1908 5521 2080 5575 neque

504 5596 623 5649 irati
652 5603 777 5649 sunt
819 5608 989 5664 neque
1028 5592 1492 5657 contradixerunt,
1540 5593 1635 5648 sed
1681 5596 1880 5664 egressi
1931 5606 2074 5651 sunt.

502 5687 631 5743 Nam
662 5686 707 5740 si
732 5686 1044 5756 supplicium
1075 5686 1465 5740 existimassem
1486 5727 1501 5753 ,
1523 5685 1662 5755 quod
1684 5687 1865 5756 injecti
1894 5700 2073 5743 essent

504 5784 555 5838 in
586 5784 890 5837 fornacem.
936 5782 1365 5838 succcnsuisscnt
1395 5782 1442 5835 ci
1486 5781 1571 5851 qui
1614 5779 1866 5852 injecerat
1897 5796 2073 5837 :nnnc

2216 464 2394 511 autem
2418 457 2547 512 nihil
2577 460 2801 527 horum;
2850 462 2943 517 sed
2988 464 3059 517 ita
3103 464 3345 520 exierunt
3398 477 3665 538 tamquam
3704 477 3786 543 qui

2218 547 2488 615 prodirent
2528 566 2559 603 e
2588 550 2719 604 cmlo
2746 569 2759 605 ε
2790 560 2846 606 et
2882 552 3021 619 quod
3050 553 3118 607 de
3164 556 3276 610 sole
3321 559 3449 613 dicit
3498 561 3785 630 propheta,

2218 635 2495 705 Tamquam
2519 656 2735 707 sponsus
2763 642 3034 710 procedens
3057 660 3084 695 e
3109 645 3332 699 thalamo
3372 665 3463 701 suo
3489 648 3507 720 (
3531 650 3673 705 Psal.
3703 655 3784 708 18.

2218 726 2316 796 6),
2352 726 2452 781 hoc
2477 728 2635 783 etiam
2663 730 2755 800 qui
2771 730 2837 785 de
2857 732 2936 787 eis
2956 732 3184 801 dixerit,
3215 750 3319 790 non
3344 738 3621 794 aberrarit.
3648 741 3783 809 Quo.

2215 820 2411 874 modo?
2467 822 2561 877 Illo
2606 823 2683 878 sic
2711 825 3037 895 procedente
3090 827 3189 898 ipsi
3240 837 3367 883 tunc
3419 846 3784 900 processerunt

2213 910 2561 979 splendidius.
2611 912 2743 967 Nam
2798 914 2911 983 ipse
2957 915 3172 985 quidem
3205 919 3559 987 procedebat,
3604 923 3781 980 orbem

2216 1008 2375 1056 terra:
2404 1003 2674 1057 illustrans
2699 1006 2882 1059 sensili
2913 1007 3143 1073 lumine,
3177 1010 3251 1064 illi
3283 1026 3408 1065 vero
3427 1012 3581 1067 aliter
3605 1017 3783 1072 orbem

2215 1100 2369 1145 terra:
2427 1092 2823 1159 illuminantes,
2879 1112 3072 1167 nempe
3121 1100 3381 1167 spirituali
3426 1103 3606 1159 modo.
3653 1105 3781 1161 Nam

2213 1192 2431 1251 propter
2459 1183 2602 1253 ipsos
2629 1200 2725 1240 rex
2755 1186 2935 1241 statim
2965 1189 3110 1243 misit
3151 1191 3461 1258 decretum,
3506 1197 3645 1264 quod
3674 1197 3783 1254 haec

2214 1273 2377 1327 verba
2404 1274 2742 1330 continebat:
2764 1277 3283 1337 Plaeueruntcoram
3312 1302 3395 1340 me
3422 1287 3568 1355 signa
3592 1299 3645 1343 et
3662 1306 3779 1359 pro-

2212 1362 2373 1433 digia,
2404 1380 2523 1434 quae
2550 1364 2676 1420 fecit
2704 1366 2844 1421 Deus
2872 1369 3027 1424 nobis
3054 1373 3259 1425 ostendi
3288 1384 3576 1444 tamquam
3598 1396 3780 1449 magna

2210 1462 2266 1506 et
2289 1452 2442 1507 fortia
2467 1452 2641 1525 (Dan.
2675 1456 2727 1510 5.
2756 1456 2843 1512 99.
2872 1459 3030 1529 100).
3061 1460 3319 1518 Exierunt
3343 1465 3519 1534 itaque
3553 1469 3782 1538 Splendi-

2209 1546 2335 1600 dum
2362 1548 2666 1603 emittentes
2692 1550 2898 1615 radium
2918 1592 2933 1617 ,
2957 1553 3045 1622 qui
3072 1553 3224 1610 laetus
3250 1556 3463 1625 quidem
3483 1569 3601 1614 erat
3624 1565 3777 1617 etiam

2210 1635 2262 1690 in
2290 1637 2418 1706 ipsis
2444 1639 2792 1708 regionibus:
2831 1643 3061 1698 maxime
3110 1653 3285 1699 autem
3329 1658 3537 1717 poterat
3592 1652 3782 1723 ubique

2208 1728 2429 1783 extendi
2469 1745 2565 1800 per
2617 1731 2801 1788 literas
2838 1734 3041 1803 regias,
3068 1743 3122 1789 et
3160 1736 3369 1793 solvere
3394 1740 3639 1796 tenebras
3663 1760 3781 1813 qua:

2207 1830 2362 1875 erant
2394 1821 2589 1892 ubique
2636 1834 2895 1878 extensae.
2948 1824 3300 1894 Egredtmini,
3348 1839 3396 1883 et
3441 1834 3617 1887 venite.
3663 1833 3777 1889 Non

2202 1912 2360 1981 jussit
2412 1913 2685 1969 fornacem
2744 1916 3117 1986 exstinguere,
3170 1918 3265 1973 sed
3314 1920 3419 1976 hoc
3482 1924 3641 1977 etiam
3685 1942 3778 1982 eos

2205 2005 2435 2060 maxime
2466 2005 2779 2073 honoravit,
2825 2007 2966 2076 quod
3001 2008 3287 2064 crediderit
3319 2025 3411 2065 eos
3450 2028 3555 2067 non
3604 2016 3775 2070 solum

2204 2109 2362 2164 posse
2391 2096 2533 2149 intus
2555 2096 2859 2163 ambulare,
2889 2097 2982 2152 sed
3013 2097 3173 2152 etiam
3214 2114 3280 2154 eo
3317 2101 3538 2159 ardente
3577 2107 3774 2175 egredi.

2274 2188 2324 2242 9.
2359 2187 2644 2242 Videamus
2666 2199 2843 2242 autem
2874 2229 2890 2255 ,
2922 2189 2965 2242 si
2995 2189 3172 2258 placet
3202 2230 3217 2257 ,
3246 2193 3408 2247 verba
3435 2209 3649 2264 quoque
3675 2212 3772 2252 cu-

2201 2280 2370 2334 stodis
2409 2280 2643 2335 carceris
2677 2297 2690 2331 :
2722 2279 2933 2334 Domini
2962 2321 2979 2347 ,
3008 2281 3130 2351 quid
3167 2300 3247 2337 me
3274 2296 3468 2353 oportet
3512 2292 3679 2358 facere
3719 2300 3775 2344 ut

2199 2372 2369 2424 salvus
2396 2370 2516 2438 ﬁam
2545 2368 2679 2442 (Act.
2714 2371 2799 2425 16.
2829 2372 2959 2442 50)?
3012 2372 3145 2440 Quid
3171 2374 3268 2429 hac
3297 2390 3425 2431 voce
3449 2377 3777 2445 jucundius?

2201 2462 2349 2518 Facit
2377 2464 2520 2533 ipsos
2545 2464 2764 2534 angelos
2790 2466 3008 2520 exsilire
3036 2485 3050 2519 :
3079 2476 3137 2520 ut
3165 2466 3301 2521 hanc
3325 2469 3534 2524 audiret
3565 2487 3769 2540 vocem,

2198 2570 2384 2611 servus
2408 2571 2620 2627 quoque
2648 2556 2819 2612 factus
2846 2566 2930 2613 est
2955 2559 3046 2614 Dei
3074 2558 3387 2629 Unigennps
3409 2579 3422 2615 :
3445 2565 3581 2618 hanc
3612 2565 3771 2620 Petro

2198 2570 2384 2611 servus
2408 2571 2620 2627 quoque
2648 2570 2819 2612 laetus
2846 2570 2930 2613 est
2955 2570 3046 2614 Det
3079 2570 3280 2629 Unigen
3363 2577 3387 2615 s
3409 2579 3422 2615 :
3445 2570 3581 2618 hanc
3612 2570 3768 2620 Petro

2197 2650 2448 2705 dicebant
2468 2665 2656 2706 vocem
2684 2651 2774 2721 qui
2801 2651 3244 2715 credideruntlab
3272 2570 3425 2709 “tio
3458 2673 3471 2709 :
3519 2657 3655 2723 Quid
3684 2662 3768 2729 fa-

2195 2744 2381 2796 ciemus
2410 2751 2466 2796 ut
2496 2742 2627 2797 salvi
2658 2744 2857 2798 simus?
2889 2743 2955 2797 Et
2979 2743 3104 2812 quid
3133 2744 3302 2800 dicit?
3329 2746 3561 2813 Credite,
3594 2758 3649 2802 et
3674 2748 3769 2803 ba-

2195 2835 2469 2904 ptizemini
2512 2834 2531 2905 (
2560 2833 2696 2888 Ibid.
2728 2833 2782 2888 ἓ.
2809 2835 2898 2889 57.
2932 2835 3002 2891 58
3031 2836 3072 2906 ).
3113 2836 3381 2892 Lubenter
3410 2838 3570 2893 etiam
3602 2839 3652 2893 in
3678 2855 3772 2909 ge-

2197 2925 2428 2980 hennam
2455 2927 2740 2981 cecidisset
2770 2927 2966 2981 Paulus
2989 2969 3005 2995 ,
3037 2938 3094 2982 ut
3120 2927 3259 2984 hanc
3289 2945 3473 2985 vocem
3505 2931 3713 2986 audiret
3737 2948 3768 2987 a

2193 3016 2411 3083 Judreis,
2437 3027 2657 3088 propter
2682 3018 3006 3073 desiderium
3028 3034 3212 3074 eorum
3230 3020 3415 3075 salutis
3436 3031 3489 3076 et
3513 3022 3767 3076 obedien-

2195 3108 2303 3162 tiae.
2337 3107 2471 3163 Vide
2499 3117 2679 3163 autem
2704 3148 2719 3175 ,
2748 3108 2827 3163 eis
2858 3108 3120 3178 permittit
3151 3117 3367 3189 totum,
3397 3110 3529 3164 nihil
3558 3112 3769 3166 curioe

2194 3203 2435 3272 inquirit.
2470 3200 2762 3255 Videamus
2802 3208 2978 3255 autem
3008 3216 3129 3269 qua:
3167 3210 3483 3271 sequuntur.
3524 3202 3619 3256 llic
3660 3219 3768 3256 non

2193 3294 2320 3347 dicit
2355 3312 2368 3348 :
2414 3293 2486 3348 Ut
2528 3295 2707 3349 salvus
2741 3294 2863 3348 liam
2888 3334 2903 3358 ,
2947 3293 3043 3348 sed
3084 3294 3272 3363 quavis
3313 3308 3447 3349 voce
3478 3295 3673 3349 clarior
3713 3307 3772 3350 et

2193 3386 2492 3441 evidentior
2518 3388 2726 3441 exstitit
2752 3387 3017 3453 doctrina,
3050 3396 3106 3441 et
3134 3388 3312 3442 statim
3342 3387 3401 3442 ﬁt
3430 3388 3765 3457 prtedicater.

2192 3476 2309 3531 Non
2334 3492 2468 3546 opus
2499 3476 2658 3531 habet
2684 3487 2742 3531 ut
2766 3478 3033 3533 eatechesi
3062 3478 3368 3533 instituatur
3386 3520 3401 3544 ,
3430 3480 3565 3534 sicut
3583 3491 3769 3536 custos

2191 3570 2460 3634 carceris;
2491 3568 2586 3624 sed
2610 3569 2784 3640 quid?
2816 3570 2983 3623 Deum
3015 3570 3286 3641 praedicat,
3318 3582 3373 3626 et
3398 3571 3592 3627 fatetur
3615 3583 3767 3642 pote-

2192 3670 2387 3715 statem
2418 3676 2433 3715 :
2467 3660 2525 3715 ιιι
2554 3661 2784 3716 veritate
2816 3660 2941 3715 novi
2964 3701 2980 3726 ,
3009 3660 3150 3729 quod
3182 3661 3523 3718 Deusﬁtester
3548 3664 3660 3733 ipse
3684 3674 3771 3720 est

2192 3753 2334 3808 Deus
2357 3752 2602 3820 deorum,
2622 3763 2678 3809 et
2704 3753 2960 3808 Dominus
2980 3753 3338 3821 dominorum,
3355 3757 3601 3824 quoniam
3621 3757 3769 3812 misit

2190 3846 2435 3915 angelum
2458 3862 2634 3910 suum,
2654 3855 2709 3900 et
2729 3846 2977 3902 liberavit
2994 3862 3089 3901 vos
3104 3862 3133 3901 a
3154 3846 3365 3901 fornace
3383 3846 3543 3921 (Dan.
3569 3850 3623 3903 5.
3647 3849 3764 3919 95).

2192 3936 2260 3991 Et
2288 3936 2415 4006 quid
2445 3946 2624 4006 postea
2643 3937 2666 3990 ?
2687 3936 2803 3993 Non
2829 3952 2966 3993 unus
2991 3947 3173 3992 custos
3191 3940 3423 3994 carceris
3441 3981 3458 4006 ,
3486 3944 3582 3995 sed
3611 3942 3769 3997 multi

2190 4029 2458 4084 eatechesi
2479 4030 2832 4085 instituuntur
2853 4046 2947 4100 per
2968 4031 3149 4085 literas
3166 4032 3360 4101 regias,
3378 4046 3472 4101 per
3487 4045 3768 4103 aspectum

2190 4136 2391 4176 rerum.
2425 4121 2558 4176 Nam
2585 4123 2726 4193 quod
2756 4138 2849 4178 rex
2879 4139 2983 4177 non
3012 4132 3154 4178 esset
3193 4124 3448 4179 mentitus
3470 4164 3485 4188 ,
3518 4128 3771 4182 omnibus
3840 4134 3843 4137 ’

2191 4214 2530 4282 perspicuum
2576 4223 2694 4269 erat
2722 4232 2736 4269 :
2765 4231 2869 4268 non
2909 4215 3052 4268 enim
3100 4214 3358 4270 voluisset
3389 4216 3611 4285 captivis
3653 4218 3773 4274 haec

2191 4306 2332 4361 ferre
2359 4306 2665 4361 testimonia
2688 4349 2702 4371 ,
2735 4322 2909 4376 neque
2947 4292 3040 4360 sua
3072 4305 3305 4376 dejicere
3333 4322 3395 4362 ac
3421 4307 3724 4378 deprimere
3750 4329 3795 4379 ε,

2192 4400 2453 4455 noluisset
2473 4409 2633 4454 tantae
2658 4400 2907 4454 amentia:
2935 4399 3175 4468 prmbere
3204 4400 3536 4469 opinionem.
3565 4387 3796 4473 Quam-ej

2190 4491 2378 4547 obrem
2397 4532 2413 4556 ,
2441 4491 2541 4546 nisi
2569 4491 2810 4546 veritatis
2839 4491 3001 4545 multa
3041 4490 3229 4545 fuisset
3256 4493 3627 4561 perspicuitas,
3657 4510 3795 4567 non;

2191 4582 2307 4638 haec
2335 4583 2655 4652 scripsisset,
2680 4582 2838 4651 idque
2854 4598 2973 4637 cum
3001 4591 3107 4636 tam
3138 4582 3291 4636 nmlti
3313 4582 3584 4638 adessent.
3607 4585 3775 4642 Vide-

2192 4677 2260 4729 tis
2287 4685 2485 4745 quanta
2512 4674 2582 4733 sit
2624 4676 2698 4729 vis
2728 4675 3086 4739 vinculorum,
3121 4684 3318 4744 quanta
3348 4675 3514 4730 virtus
3542 4669 3794 4755 hymno-1.

2190 4782 2307 4821 rum
2339 4768 2431 4837 qui
2476 4775 2758 4822 cantantur
2787 4767 2839 4820 in
2876 4766 3214 4821 afflictione?
3250 4765 3503 4820 Animum
3535 4783 3641 4822 non
3672 4762 3794 4825 de—‘

2189 4862 2525 4931 Sponderunt
2574 4878 2747 4932 neque
2802 4861 2998 4930 dejecti
3057 4872 3227 4927 sunt,
3284 4862 3379 4917 sed
3435 4871 3560 4917 tunc
3612 4874 3775 4920 erant

2188 4954 2637 5021 vehementiores,
2661 4964 2786 5009 tunc
2805 4969 2990 5009 eorum
3014 4954 3111 5009 fuit
3133 4954 3301 5023 major
3317 4955 3477 5009 animi
3495 4955 3773 5013 alacritas.

2187 5048 2379 5104 Merito
2419 5051 2532 5104 haec
2572 5050 2893 5118 cogitarunt.
2927 5049 3112 5118 Restat
3152 5048 3323 5103 adhuc
3348 5064 3534 5102 unum.
3574 5047 3681 5103 Cur
3708 5050 3771 5104 in

2188 5154 2405 5194 carcere
2444 5140 2479 5193 ii
2518 5140 2607 5209 qui
2647 5140 2811 5193 vincti
2841 5149 2996 5194 erant
3026 5181 3041 5206 ,
3072 5148 3195 5193 sunt
3219 5140 3375 5193 soluti
3406 5158 3417 5199 ;
3453 5140 3505 5193 in
3549 5139 3773 5194 fornace

2187 5238 2364 5284 autem
2396 5230 2571 5285 exusti
2613 5238 2739 5284 sunt
2766 5231 2854 5299 qui
2888 5230 3237 5298 injiciehaut?
3279 5230 3439 5298 Atqui
3484 5229 3776 5297 oportebat

2188 5326 2291 5381 hoc
2314 5327 2418 5394 pati
2451 5340 2629 5396 regem
2662 5343 2673 5378 :
2703 5341 2877 5396 neque
2916 5327 3056 5380 enim
3089 5334 3293 5379 tantum
3326 5336 3630 5395 peecarunt,
3665 5342 3773 5381 nec

2185 5418 2274 5486 qui
2304 5417 2607 5471 vinciebant
2633 5433 2809 5486 neque
2833 5421 2921 5486 qui
2950 5417 3279 5485 iujiciebant,
3312 5427 3570 5487 quantum
3602 5418 3646 5472 is
3671 5420 3770 5488 qui

2181 5509 2343 5577 jussit
2382 5510 2484 5563 hoc
2525 5510 2663 5563 fieri.
2710 5508 2820 5564 Cur
2864 5524 2991 5578 ergo
3036 5509 3110 5561 illi
3152 5509 3470 5578 perierunt?
3508 5509 3601 5575 Hic
3654 5525 3772 5563 non

2188 5602 2341 5655 valde
2383 5616 2516 5669 opus
2559 5610 2641 5655 est
2690 5611 2746 5655 ut
2788 5617 2875 5656 res
2912 5610 3160 5656 accurate
3203 5602 3549 5671 disceptetur.
3592 5601 3776 5655 Erant

2185 5693 2325 5747 enim
2358 5694 2503 5761 impii
2540 5710 2553 5746 :
2586 5702 2867 5763 propterea
2899 5692 3000 5744 hoc
3036 5692 3261 5746 consilio
3291 5693 3341 5747 id
3373 5694 3624 5763 agebatur
3651 5735 3672 5759 ,
3712 5706 3778 5746 ut

2190 5784 2560 5840 ostenderetur
2584 5803 2659 5839 \‘ts
2682 5786 2841 5851 ignis,
2874 5794 2925 5839 et
2957 5785 3127 5856 majus
3161 5787 3311 5842 lierct
3342 5785 3679 5841 miraculum.
3710 5785 3772 5841 Si
