4060 6400
298 340 362 396 (Π
1110 333 1179 389 IN
1214 332 1434 391 EPIST.
1515 331 1606 387 AD
1640 331 1884 390 EPIIES.
1920 331 2074 390 CAP.
2134 335 2224 391 IV.
2269 336 2509 393 IIOMIL.
2553 333 2689 390 VIII.
3473 331 3544 385 68

304 448 458 507 πολλά
505 465 573 520 με
621 447 903 520 περιρρεῖ·
963 445 1065 499 οὐκ
1105 439 1225 498 οἴδα
1262 446 1413 498 ποῖον
1448 442 1587 497 εἴπω
1618 444 1856 515 πρῶτον,

306 547 435 598 ποῖον
463 542 520 595 δέ
543 539 814 611 δεύτερον.
861 536 954 591 Διὸ
1005 536 1332 605 παρακαλῶ,
1372 535 1445 606 μή
1490 552 1557 604 με
1587 534 1741 598 τάξιν
1770 550 1855 596 τις

304 626 586 685 άπαιτείτω
607 640 621 654 ’
655 622 824 694 πολλὴ
850 622 959 692 γὰρ
982 623 1015 693 ἡ
1047 619 1338 689 συγγένεια
1365 619 1474 671 τῶν
1494 625 1865 690 πραγμάτων.

316 710 598 779 Ἑλύθησαν
650 709 699 760 οἱ
745 704 1120 775 συνδεδεμένοι
1173 704 1376 767 αὐτοῖς,
1408 704 1502 756 καὶ
1546 704 1694 773 ὅμως
1745 701 1868 755 ἐκά⁴

305 794 471 847 θευδον
497 808 511 823 ο
546 790 788 843 ἐνταῦθα
816 790 872 842 δέ
916 789 1037 841 ἀντὶ
1079 785 1273 839 τούτου
1300 787 1524 856 γέγονεν
1555 785 1745 856 ἐτερόν
1774 802 1825 837 τι
1848 801 1863 815 ο

306 876 635 944 κατεκάησαν
664 875 712 927 οἱ
739 872 1072 945 ἐμϐαλόντες
1098 870 1318 934 αὐτούς.
1354 870 1513 935 Ἀλλ’,
1539 871 1677 940 ὅπερ
1718 868 1867 921 ἐϐου-

303 962 457 1032 λόμην
482 962 679 1022 εἰπεῖν,
727 954 833 1011 εἶδε
865 956 1215 1026 λελυμένους,
1268 955 1364 1007 καὶ
1398 954 1741 1026 προσέπεσεν
1765 952 1866 1005 αὐ-

300 1050 396 1109 τοῖς
417 1046 446 1098 6
477 1043 730 1114 βασιλεύς
753 1055 800 1083 α·
820 1043 1058 1113 ἤκουσεν
1101 1039 1443 1110 ὑμνούντων,
1477 1038 1573 1093 καὶ
1594 1040 1866 1107 τέσσαρας

296 1128 394 1185 εἶδε
419 1128 883 1201 περιπατοῦντας,
921 1127 1016 1180 καὶ
1061 1124 1322 1178 ἐκάλεσεν
1352 1123 1567 1188 αὐτούς.
1596 1122 1867 1191 Καθάπερ

296 1211 382 1269 οὖν
410 1216 437 1266 6
476 1211 689 1275 Παῦλος
735 1212 833 1264 οῦκ
872 1209 1085 1280 ἐξῆλθε,
1120 1209 1298 1262 καίτοι
1341 1208 1658 1279 δυνάμενος,
1702 1206 1807 1269 ἕως
1838 1207 1867 1258 6

296 1298 538 1369 ἐμϐαλὼν
581 1297 840 1350 ἐκάλεσεν
869 1296 1033 1348 αὑτὸν
1084 1294 1179 1347 καὶ
1220 1292 1512 1362 ἐξήγαγεν,
1542 1291 1715 1354 οὕτως
1744 1290 1866 1344 οὐδὲ

300 1386 345 1437 οἱ
371 1385 513 1453 τρεῖς
546 1381 737 1443 παῖδες
767 1378 1013 1449 ἐξῆλθον,
1045 1377 1149 1441 ἕως
1185 1370 1248 1430 οῦ
1273 1380 1302 1431 6
1347 1374 1601 1447 ἐμϐαλὼν
1630 1375 1866 1441 ἐξελθεῖν

301 1466 558 1519 ἐκέλευσε.
588 1463 653 1515 Τί
690 1463 796 1516 ἀπὸ
826 1462 1015 1516 τούτου
1046 1461 1455 1531 παιδευόμεθα;
1490 1461 1583 1529 Μὴ
1618 1460 1865 1513 σπεύδειν

300 1552 353 1602 ἐν
376 1550 489 1610 ταῖς
514 1546 855 1614 ἐπαγωγαῖς,
885 1544 1020 1616 μηδὲ
1049 1544 1367 1612 ἐπείγεσθαι
1395 1546 1453 1597 ἐν
1480 1545 1599 1606 ταῖς
1630 1543 1863 1610 emam,

303 1633 429 1703 μήτε
455 1630 617 1683 πάλιν
639 1629 874 1684 λυόντων
900 1627 1181 1697 ἐμμένειν.
1217 1628 1356 1679 Ἀλλ’
1390 1622 1543 1690 οὗτος
1577 1625 1676 1695 μέν
1706 1642 1868 1696 προσ-

304 1716 486 1768 έπεσε·
524 1714 621 1767 καὶ
680 1712 790 1784 γὰρ
828 1711 1092 1765 εἰσελθεῖν
1139 1710 1394 1781 ἠδύνατο,
1438 1710 1568 1764 ἔνθα
1618 1705 1759 1781 ἦσαν
1818 1711 1866 1762 οί

303 1800 464 1865 ἅγιον
504 1799 711 1858 ἐκεῖνος
760 1795 817 1848 δέ
863 1795 1000 1864 πρὸς
1028 1794 1123 1865 τὴν
1155 1794 1326 1865 θύραν
1368 1792 1560 1857 ἐλθὼν,
1594 1792 1723 1863 ἔστη
1748 1809 1760 1821 ·
1804 1792 1865 1844 οὑ

301 1884 398 1951 γὰρ
422 1881 625 1950 ἐτόλμα
656 1878 975 1949 προσελθεῖν
1008 1879 1089 1941 είς
1123 1879 1182 1931 τὸ
1208 1879 1583 1948 δεσμωτήριον
1612 1876 1674 1928 τὸ
1697 1876 1865 1937 ἔνδον,

288 1965 425 2035 ὅπερ
470 1965 654 2025 αὐτοῖς
701 1961 788 2014 διὰ
836 1960 930 2015 τοῦ
966 1961 1140 2032 πυρὸς
1189 1961 1586 2014 κατεσκεύασε.
1623 1960 1734 2014 Καὶ
1768 1960 1867 2012 θέα

305 2048 466 2116 μοιτά
488 2049 732 2119 ῥήματα.
761 2040 927 2109 Οὗτός
958 2064 1109 2116 φησι,
1138 2046 1362 2113 Κύριοι,
1380 2047 1437 2099 τί
1461 2062 1537 2115 με
1564 2044 1659 2098 δεῖ
1675 2044 1869 2097 ποιεῖν

300 2134 392 2193 ἵνα
421 2130 635 2195 σωοῶ;
670 2131 879 2192 ἐκεῖνος
924 2129 984 2181 οὐ
1018 2127 1156 2193 μετὰ
1178 2128 1448 2199 τοσαύτης
1491 2128 1589 2200 μὲν
1616 2145 1867 2180 ταπεινο-

301 2211 582 2283 φροσύνης,
634 2208 737 2261 οὐκ
778 2207 1000 2260 ἔλαττον
1033 2207 1092 2260 δέ
1145 2209 1328 2276 φωνὴν
1354 2207 1487 2278 ἡδίω
1534 2207 1735 2278 ἀφῆκε,
1766 2210 1868 2260 Σε-

298 2296 459 2365 δρὰχ,
490 2293 713 2357 Μισὰκ,
752 2292 1101 2363 Ἀϐδεναγώ,
1131 2295 1184 2345 οί
1208 2292 1416 2347 δοῦλοι
1445 2292 1551 2346 τοῦ
1580 2292 1727 2346 Θεοῦ
1765 2292 1868 2347 τοῦ

299 2381 577 2449 ὑψίστου,
618 2376 917 2442 ἐξέλθετε,
959 2376 1059 2430 καί
1089 2376 1283 2432 δεῦτε.
1330 2376 1559 2447 Μεγάλη
1591 2376 1762 2448 τιμή·
1803 2378 1868 2429 Οἱ

288 2464 497 2517 δοῦλοι
545 2460 655 2515 τοῦ
704 2460 854 2514 Θεοῦ
906 2459 1014 2514 τοῦ
1069 2460 1359 2527 ὑψίστου,
1411 2458 1710 2526 ἐξέλθετε,
1766 2460 1867 2513 καί

296 2545 477 2600 δεῦτε.
525 2545 649 2609 Πῶς
687 2543 997 2609 ἐξέλθωσιν,
1026 2536 1071 2596 ὦ
1110 2542 1371 2612 βασιλεῦ;
1430 2536 1746 2614 δεδεμένους
1778 2543 1869 2597 ἐν-

290 2629 480 2691 ,έϐαλες
505 2628 583 2699 τῷ
614 2628 770 2699 πυρὶ,
802 2626 1056 2679 τοσοῦτον
1080 2625 1430 2695 ἐνεχρόνισαν
1469 2625 1549 2696 τῷ
1578 2626 1712 2697 πυρὶ
1743 2626 1869 2697 χρό-

296 2730 417 2781 νον;
451 2713 511 2765 Εἰ
542 2712 651 2782 γὰρ
680 2710 1035 2781 ἀδαμάντινοι
1088 2704 1249 2781 ἦσαν,
1278 2711 1329 2762 εἰ
1361 2709 1470 2780 γὰρ
1509 2708 1635 2762 ῦλαι
1667 2709 1867 2779 μεταλ-

288 2797 458 2856 λικαί,
495 2798 591 2849 καὶ
650 2794 820 2866 ῦμνον
855 2793 1106 2862 λέγοντες
1136 2795 1345 2847 ἐκεῖνον
1381 2791 1620 2855 ἃπαντα,
1666 2793 1766 2846 οὐκ
1802 2793 1870 2845 ἂν

295 2880 568 2934 ἀπώλοντο
594 2896 608 2945 ;
636 2877 743 2931 Διά
769 2876 926 2930 τοῦτο
955 2877 1055 2947 μὲν
1080 2872 1173 2929 οὖν
1200 2875 1506 2946 ἐσώθησαν,
1533 2876 1616 2929 ὅτι
1643 2875 1864 2945 ῦμνουν.

307 2964 531 3036 ᾘδέσθη
582 2964 685 3033 τὴν
725 2962 1035 3035 προθυμίαν
1062 2959 1244 3013 αὐτῶν
1272 2957 1334 3011 τὸ
1365 2959 1499 3030 πῦρ,
1541 2960 1741 3031 ᾐδέσθη
1774 2959 1870 3013 καὶ

292 3052 390 3118 τὴν
416 3048 561 3118 ᾠδὴν
593 3048 693 3118 τὴν
744 3045 1067 3116 θαυμαστὴν
1098 3043 1315 3113 ἐκείνην
1342 3044 1436 3095 καὶ
1466 3044 1595 3105 τοὺς
1638 3041 1861 3112 ῦμνους.

294 3133 415 3194 Πῶς
435 3132 632 3194 αὐτοὺς
660 3129 875 3195 καλεῖς;
908 3127 1203 3198 Προλαϐὼν
1227 3121 1401 3191 εἷπον,
1431 3129 1494 3180 Ol
1525 3125 1735 3181 δοῦλοι
1762 3126 1870 3180 τοῦ

294 3217 440 3271 θεοῦ
476 3215 586 3270 τοῦ
636 3216 940 3282 ὑψίστου·
1000 3214 1113 3274 τοῖς
1165 3210 1276 3281 γὰρ
1323 3208 1419 3262 τοῦ
1480 3209 1617 3263 Θεοῦ
1662 3210 1872 3273 δούλοις

293 3304 471 3356 πάντα
499 3300 724 3354 δυνατά.
752 3299 816 3351 Εἰ
838 3298 948 3368 γὰρ
978 3294 1282 3367 ἀνθρώπων
1306 3295 1413 3347 εἰσὶ
1449 3293 1563 3366 [66]
1592 3294 1767 3347 δοῦλοί
1788 3312 1871 3347 τι-

291 3405 399 3450 νες,
435 3387 531 3444 καὶ
578 3386 638 3438 ἐν
689 3385 801 3445 τοῖς
848 3382 1077 3435 ἐκείνων
1124 3380 1224 3449 οὐχ
1258 3372 1422 3450 ἦττον
1476 3378 1720 3449 ἰσχύουσι
1777 3379 1871 3433 καὶ

292 3470 557 3542 κρατοῦσι
595 3468 692 3522 καὶ
734 3465 1130 3525 διατάττονται,
1176 3461 1353 3533 πολλῷ
1410 3462 1611 3532 μᾶλλον
1662 3463 1713 3515 οἱ
1775 3462 1870 3516 τοῦ

290 3551 427 3607 Θεοῦ
453 3550 654 3606 δοῦλοι.
681 3548 794 3619 Τὴν
821 3548 1046 3620 ἡδίστην
1073 3550 1257 3617 φωνὴν
1280 3545 1570 3599 ἐκάλεσενο
1604 3545 1718 3616 ᾔδει
1741 3543 1870 3598 τού-

287 3652 371 3706 τῳ
400 3634 642 3705 μάλιστα
692 3630 1006 3685 κολακεύων
1058 3629 1276 3692 αὐτούς.
1332 3629 1396 3681 Εἰ
1428 3628 1538 3694 γὰρ
1569 3628 1658 3683 ἵνα
1694 3627 1872 3681 δοῦλοι

286 3718 386 3773 τοῦ
421 3715 556 3771 Θεοῦ
591 3715 851 3787 μένωσιν,
886 3717 965 3777 εἰς
1006 3713 1117 3785 πῦρ
1148 3713 1435 3785 ἐνέϐησαν,
1465 3713 1565 3765 οὑκ
1597 3709 1664 3783 ἦν
1690 3713 1873 3774 αὐτοῖς

287 3804 452 3875 ἑτέρα
484 3801 638 3872 φωνὴ
667 3798 872 3870 ταύτης
905 3799 1068 3870 ἡδίων
1091 3814 1104 3829 ·
1168 3797 1267 3850 οὐκ
1299 3798 1382 3859 ἂν,
1429 3798 1477 3849 εί
1507 3795 1742 3867 βασιλεῖς
1775 3796 1874 3849 αὑ-

289 3887 422 3949 τοὺς
448 3884 733 3949 ἐκάλεσεν,
767 3883 868 3936 οὐκ
901 3882 987 3948 ἂν,
1015 3882 1063 3934 εί
1091 3880 1193 3949 τῆς
1228 3880 1553 3951 οἰκουμένης
1585 3879 1869 3943 δεσπότας,

286 3968 465 4033 οὕτως
490 3968 558 4021 ἂν
592 3967 788 4030 αὐτοὺς
812 3965 1108 4037 ηῦφρανεν,
1140 3964 1214 4025 ὡς
1241 3964 1330 4016 ὅτε
1364 3960 1539 4027 εἶπεν,
1578 3965 1643 4016 Ol
1665 3962 1874 4015 δοῦλοι

291 4050 445 4108 Θεοῦ
497 4050 607 4105 τοῦ
644 4050 939 4119 ὑψίστου.
1000 4047 1111 4101 Καὶ
1162 4046 1215 4099 τί
1263 4045 1596 4116 θαυμάζεις;
1650 4046 1729 4116 Τῇ
1764 4046 1874 4116 γὰρ

289 4136 509 4207 μεγάλῃ
565 4135 742 4200 πόλει,
795 4136 862 4204 τῇ
919 4130 1200 4205 κρατούσῃ
1235 4130 1335 4199 τῆς
1381 4129 1728 4199 οἰκουμένης,
1778 4129 1875 4182 καὶ

290 4223 440 4292 μέγα
471 4219 748 4293 φρονούσῃ
786 4219 874 4271 ἐπ’
914 4215 1245 4286 ἀξιώμασιν,
1274 4214 1350 4277 ὡς
1383 4214 1710 4285 ἀντίρροπον
1737 4212 1877 4283 πρὸς

285 4305 473 4371 ἀξίαν,
513 4304 717 4375 μᾶλλον
745 4302 801 4355 δέ
829 4301 1014 4370 πολλῷ
1041 4299 1229 4370 μεῖζον
1254 4298 1349 4351 καὶ
1374 4297 1723 4368 ἀσυγκρίτως
1754 4298 1875 4367 μεῖ-

284 4388 384 4454 ζον
417 4389 511 4441 καὶ
558 4386 825 4449 ὑπατείας
864 4384 960 4439 καὶ
990 4382 1269 4454 βασιλείας
1307 4382 1405 4435 καὶ
1432 4381 1531 4451 τῆς
1564 4381 1739 4451 ἀρχῆς
1773 4379 1876 4450 τῆς

284 4473 643 4543 οἰκουμένης,
677 4473 706 4524 ὁ
736 4469 949 4531 Παῦλος
992 4467 1152 4521 τοῦτο
1176 4466 1390 4520 τέθεικε
1420 4466 1679 4535 γράφωνο
1712 4463 1877 4517 Παῦ-

281 4562 404 4624 λος
443 4556 666 4622 δοῦλος
701 4554 909 4622 Ἰησοῦ
945 4551 1228 4621 Χριστοῦ.
1261 4552 1325 4603 Ol
1350 4549 1562 4603 δοῦλοι
1590 4547 1698 4602 τοῦ
1725 4547 1877 4603 Θεοῦ

282 4642 403 4696 τοῦ
447 4641 740 4708 ὑψίστου.
797 4638 860 4690 Εἰ
908 4635 1018 4707 γὰρ
1068 4632 1357 4705 τοσαύτην,
1394 4632 1551 4704 φησι,
1598 4631 1878 4685 ποιοῦνται

284 4724 560 4795 σπουδὴν,
594 4723 736 4775 ῶστε
769 4719 946 4775 δοῦλοι
973 4715 1132 4778 εἶναι,
1165 4719 1383 4779 πάντως
1405 4716 1581 4786 τούτῳ
1616 4715 1878 4785 πείσομεν

285 4808 520 4869 αὐτούς.
552 4807 701 4876 Ὅρα
725 4803 906 4858 τοίνυν
928 4802 1027 4856 καὶ
1057 4800 1159 4872 τὴν
1198 4799 1484 4853 εὐλάϐειαν
1506 4798 1617 4852 τῶν
1647 4798 1877 4851 παίδων.

287 4892 419 4944 Οὐκ
446 4890 864 4959 ἠγανάκτησαν,
889 4886 1012 4939 οὐδὲ
1045 4884 1418 4955 ὠργίσθησαν,
1450 4882 1572 4935 οὐδὲ
1605 4883 1878 4946 ἀντεῖπον,

284 4976 429 5030 ἀλλ”
457 4974 698 5043 ἐξῆλθον.
735 4973 798 5025 El
818 4973 929 5043 γὰρ
956 4970 1228 5041 τιμωρίαν
1257 4968 1319 5021 τὸ
1345 4968 1578 5040 πρᾶγμα
1608 4965 1879 5036 ἐνόμιζον,

283 5062 356 5115 τὸ
383 5060 650 5128 ἐμπεσεῖν
678 5058 757 5120 εἰς
779 5057 879 5126 τὴν
902 5054 1155 5124 κάμινον,
1202 5051 1305 5105 κᾶν
1336 5052 1581 5122 ἤλγησαν
1628 5049 1764 5118 πρὸς
1788 5049 1882 5101 τὸν

283 5142 648 5214 ἐμϐαλόνταο
706 5139 803 5194 νῦν
829 5140 888 5192 δὲ
917 5138 1070 5193 οὐδὲν
1115 5136 1343 5199 τούτων,
1367 5134 1483 5188 ἀλλ’
1514 5134 1590 5197 ὼς
1620 5132 1678 5199 ἐξ
1716 5131 1881 5186 αὐτοῦ

284 5226 590 5299 ⁹προϊόντες
630 5224 725 5278 τοῦ
769 5224 1028 5293 οὐρανοῦ,
1058 5220 1202 5275 οὕτω
1227 5218 1526 5291 προῄεσαν.
1553 5217 1666 5271 Καὶ
1698 5217 1726 5270 ὃ
1755 5218 1885 5287 περὶ

279 5310 395 5364 τοῦ
435 5310 588 5380 ἡλίου
618 5308 785 5381 φησὶν
822 5309 852 5361 6
881 5310 1191 5381 προφήτης,
1221 5307 1303 5358 ὅτι
1340 5304 1431 5370 Ὠς
1476 5302 1738 5371 νυμφίος
1787 5301 1884 5355 ἐκ-

282 5395 713 5463 πορευόμενος
766 5392 837 5448 ἐκ
892 5390 1131 5446 παστοῦ
1171 5388 1381 5453 αὑτοῦ,
1416 5385 1574 5439 τοῦτο
1615 5390 1705 5440 καὶ
1756 5384 1886 5455 περὶ

278 5480 510 5532 τούτων
540 5477 709 5532 εἰπών
729 5494 816 5541 τις
843 5478 945 5530 οὑκ
970 5477 1037 5530 ἂν
1061 5475 1316 5546 ἁμάρτοι.
1349 5472 1473 5533 Πῶς
1497 5488 1512 5536 ;
1543 5470 1663 5522 Ὅτι
1694 5468 1884 5522 τούτου

275 5562 356 5632 δὴ
390 5560 492 5615 τοῦ
524 5560 698 5625 οὕτως
734 5559 1175 5632 ἐκπορευομένου
1208 5557 1407 5610 ἐκεῖνοι
1427 5554 1547 5607 τότε
1575 5552 1889 5622 λαμπρότε-

279 5662 394 5715 ρον
419 5645 831 5717 ἐξεπορεύοντο.
865 5636 1033 5707 Οὗτος
1059 5643 1157 5714 μὲν
1185 5641 1293 5711 γὰρ
1319 5637 1675 5707 ἐξεπορεύετο
1689 5638 1786 5707 τὴν
1813 5637 1889 5689 οἱ·
1922 5701 1926 5705 4

274 5731 580 5800 κουμένην
615 5730 866 5798 φωτίζων
896 5727 975 5798 τῷ
1004 5726 1247 5798 αἰσθητῷ
1293 5722 1454 5793 φωτὶ,
1488 5724 1685 5775 ἐκεῖνοι
1712 5721 1769 5774 δέ
1792 5719 1889 5792 τὴν

309 5938 325 5946 -
357 5885 386 5946 ξ
419 5879 750 5946 Inch'iptura
777 5893 907 5946 sacra
928 5892 1027 5946 _nnn
1049 5877 1261 5941 legitur,
1287 5874 1417 5937 quod
1438 5878 1553 5923 ante
1578 5878 1681 5921 tres
1701 5882 1882 5934 pueros

272 5939 755 5992 DIabuchoduinosor
777 5941 1057 6004 procidunt.

1968 447 2293 520 οἰκουμένην
2334 448 2662 519 φωτίζοντες
2713 446 2935 516 ἑτέρως,
2970 443 3178 514 νοητῶς
3230 443 3393 512 λέγω.
3446 446 3551 497 Δια

1970 532 2080 603 γάρ
2122 537 2316 599 αὐτοὺς
2360 534 2563 596 εὐθέως
2605 534 2883 603 διάταγμα
2922 531 3169 600 ἔπεμπεν
3208 529 3238 581 6
3284 529 3544 599 βασιλεὺς

1964 617 2135 671 ταῦτα
2168 619 2288 690 ἔχον
2314 620 2385 672 τά
2438 620 2685 690 ῥήματα·
2716 620 2953 687 Ἤρεσεν
3008 613 3253 667 ἐναντίον
3297 613 3430 679 ἐμοῦ
3476 616 3547 667 τΞι

1969 704 2174 773 σημεῖα
2202 702 2299 758 καὶ
2328 702 2396 757 τὰ
2444 703 2669 774 τέρατα,
2700 700 2737 755 ἀ
2787 699 3045 771 ἐποίησεν
3075 700 3104 751 6
3131 697 3263 761 Θεὸς
3305 699 3545 768 δηλωσαι

1965 787 2120 855 ἡμῖν,
2156 787 2232 850 ὡς
2284 786 2500 858 μεγάλα
2554 786 2648 839 καὶ
2705 783 3106 855 ίσχυρά.Ὣστε
3154 779 3545 851 λαμπροτέραν

1966 867 2197 940 ἐξῄεσαν
2231 870 2487 940 ἀφιέντες
2511 870 2729 931 ἀκτῖνα,
2764 865 2998 936 φαιδρὰν
3030 864 3130 935 μέν
3162 859 3329 916 οὖσαν
3358 863 3450 915 καὶ
3486 864 3547 915 ἐν

1965 954 2149 1017 αὐτοῖς
2178 958 2286 1019 τοῖς
2313 955 2556 1027 χωρίοις,
2589 953 2826 1025 μάλιστα
2851 951 2909 1004 δὲ
2944 947 3225 1019 πανταχοῦ
3247 947 3546 1017 ἐκταθῆναι

1964 1044 2269 1117 δυναμένην
2312 1047 2398 1100 διὰ
2446 1046 2556 1099 τῶν
2572 1047 2933 1117 ,γραμμάτων
2957 1041 3070 1097 τῶν
3098 1041 3416 1111 βασιλικῶν,
3452 1040 3548 1093 καὶ

1964 1127 2125 1183 λῦσαι
2157 1130 2219 1183 τὸ
2269 1128 2545 1201 πανταχοῦ
2571 1115 2869 1199 τεταμένον
2904 1128 2931 1167 ι»
2966 1127 3177 1189 σκότος.
3214 1123 3545 1188 Ἐξέλθετε,

1964 1212 2065 1266 καί
2102 1212 2295 1267 δεῦτε.
2347 1214 2462 1266 Οὐκ
2488 1213 2742 1266 ἐκέλευσε
2772 1212 2964 1265 σϐέσαι
2998 1211 3097 1283 τὴν
3124 1208 3376 1279 κάμινον,
3410 1207 3547 1261 ἀλλα

1959 1296 2061 1349 ’καὶ
2086 1296 2263 1367 τούτῳ
2315 1296 2551 1366 μάλιστα
2581 1297 2779 1359 αὐτοὺς
2812 1296 3066 1367 ἐτίμησε,
3109 1292 3188 1363 τῷ
3226 1292 3545 1351 πιστεῦσαι,

1960 1380 2048 1432 ’ὅτι
2085 1380 2410 1451 δυνήσονται
2445 1379 2519 1451 μὴ
2548 1380 2709 1451 μόνον
2740 1379 2889 1433 ἔνδον
2913 1378 3263 1452 περιπατεῖν,
3294 1376 3431 1429 ἀλλά
3455 1376 3550 1429 καὶ

1965 1462 2265 1534 καιομένης
2292 1460 2550 1527 ἐξελθεῖν.

2040 1628 2269 1699 Ἴδωμεν
2306 1628 2385 1693 δέ,
2450 1631 2499 1684 εἰ
2558 1629 2726 1694 δοκεῖ,
2778 1628 2874 1683 καὶ
2910 1628 3004 1682 τοῦ
3036 1625 3443 1698 δεσμοφύλακας
3476 1624 3549 1679 τά

1968 1714 2207 1785 ῥήματα.
2240 1715 2469 1782 Κύριοι,
2501 1714 2559 1767 τί
2587 1731 2665 1783 με
2706 1712 2797 1767 δεῖ
2829 1712 3049 1779 ποιεῖν,
3097 1713 3197 1766 ἵνα
3231 1708 3443 1774 σωθῶ;
3480 1710 3548 1763 Τί

1963 1797 2169 1867 ταύτης
2190 1798 2287 1867 τῆς
2309 1799 2492 1869 φωνῆς
2509 1797 2656 1868 ἥδιον
2677 1816 2691 1863 ;
2729 1796 2879 1867 Αὕτη
2911 1797 3143 1867 σκιρτᾷν
3163 1795 3257 1848 καὶ⁵
3278 1793 3545 1862 ἀγγέλους

1965 1884 2137 1934 ποιεῖ’
2173 1882 2260 1935 ἵνα
2285 1880 2493 1951 ταύτην
2514 1881 2723 1953 ἀκούσῃ
2748 1880 2847 1951 τὴν
2870 1880 3075 1951 φωνὴν,
3102 1880 3196 1933 καὶ
3224 1877 3406 1941 δοῦλος
3430 1875 3552 1944 ἐγέ-

1965 1982 2086 2020 νετο
2141 1967 2169 2018 6
2209 1965 2302 2018 τοῦ
2334 1965 2471 2019 Θεοῦ
2520 1965 2834 2035 Μονογενής
2857 1980 2871 1992 ·
2924 1962 3131 2033 ταύτην
3165 1961 3302 2032 πρὸς
3332 1960 3542 2034 Πέτρον

1967 2049 2151 2118 ἔλεγον
2174 2049 2273 2120 τὴν
2304 2048 2486 2121 φωνὴν
2508 2050 2558 2102 οί
2596 2047 2751 2118 παρὰ
2780 2047 2880 2118 τὴν
2906 2046 3082 2117 ἀρχὴν
3110 2043 3501 2107 πιστεύσαντες
3523 2060 3539 2076 ο

1973 2135 2037 2188 Τί
2085 2133 2445 2203 ποιήσομεν,
2478 2134 2565 2187 ἵνα
2599 2132 2897 2203 σωθῶμεν;
2933 2132 3043 2183 Καὶ
3080 2130 3132 2184 τί
3159 2146 3325 2200 φησιν
3349 2127 3547 2195 αὐτός;

1967 2217 2326 2283 Πιστεύσατε,
2349 2219 2445 2272 καὶ
2481 2216 2837 2287 βαπτίσθητε.
2866 2215 3068 2278 Ἡδέως
3094 2215 3161 2268 ἂν
3188 2215 3281 2267 καὶ
3299 2214 3379 2277 είς
3395 2211 3550 2281 γέεν-

1965 2320 2062 2357 ναν
2096 2302 2353 2356 ἐνέπεσεν
2397 2303 2425 2354 6
2478 2300 2712 2365 Παῦλος,
2755 2299 2898 2352 ῶστε
2942 2297 3150 2368 ταύτην
3184 2296 3417 2350 ἀκοῦσαι
3449 2295 3551 2366 τὴν
3598 2350 3608 2362 ,

1967 2384 2150 2455 φωνὴν
2198 2385 2352 2448 παρὰ
2382 2382 2671 2448 Ἰουδαίων,
2712 2383 2779 2437 δι’
2805 2382 3107 2452 ἐπιθυμίαν
3141 2379 3416 2450 σωτηρίας
3454 2380 3551 2433 καὶ

1968 2470 2217 2541 ὑπακοῆς
2249 2469 2449 2521 αὐτῶν.
2475 2468 2619 2540 Ὅρα
2664 2467 2722 2521 δέ
2744 2483 2758 2498 ⁸
2798 2466 2858 2520 τὸ
2884 2467 2991 2519 πᾶν
3022 2466 3205 2528 αὐτοῖς
3240 2463 3549 2534 ἐπιτρέπει,

1967 2553 2120 2608 οὐδὲν
2173 2552 2621 2625 περιεργάζεται.
2658 2551 2801 2606 Ἀλλ’
2852 2550 3051 2620 ἴδωμεν
3084 2548 3151 2602 τά
3183 2549 3323 2618 μετά
3356 2547 3549 2602 ταῦτα.

1971 2636 2087 2709 [67]
2111 2628 2279 2700 Οὗτος
2301 2636 2362 2689 οὐ
2380 2635 2675 2704 λέγει,”1να
2698 2633 2879 2698 σωθῶ,
2898 2632 3033 2686 ἀλλὰ
3050 2630 3353 2703 τρανοτέρα
3370 2631 3552 2702 πάσης

1970 2719 2153 2790 φωνῆς
2185 2719 2336 2789 αὐτῷ
2367 2720 2400 2790 ἡ
2429 2717 2750 2772 διδασκαλία
2791 2718 2986 2787 γέγονε
3009 2731 3023 2745 ο
3080 2716 3175 2767 καὶ
3210 2715 3320 2786 γὰρ
3347 2714 3550 2777 εὐθέως

1968 2803 2181 2870 γίνεται
2236 2800 2439 2873 κήρυξ.
2490 2803 2566 2857 Οὐ
2597 2802 2769 2855 δεῖται
2804 2797 3209 2870 κατηχηθῆναι,
3246 2797 3493 2869 καθάπερ
3523 2798 3555 2850 6

1966 2884 2334 2956 δεσμοφύλαξ,
2391 2885 2530 2940 ἀλλά
2581 2884 2671 2952 τί;
2729 2883 3126 2953 Ἀνακηρύττει
3152 2882 3245 2936 τὸν
3272 2881 3426 2946 Θεὸν,
3458 2882 3554 2933 καὶ

1966 2970 2222 3040 ὁμολογεῖ
2242 2969 2343 3039 τὴν
2370 2968 2603 3040 δύναμιν
2628 2985 2641 2999 ο
2681 2968 2797 3021 Ἐπ’
2822 2966 3081 3039 ἀληθείας
3107 2963 3246 3033 οἶδα,
3269 2966 3353 3019 ὅτι
3379 2967 3407 3018 6
3423 2964 3555 3026 Θεὸς

1970 3054 2124 3124 ὑμῶν
2155 3055 2317 3117 αύτός
2340 3056 2455 3107 ἐστι
2475 3052 2585 3106 τῶν
2614 3050 2751 3105 θεῶν
2771 3050 2924 3115 Θεὸς,
2960 3050 3055 3104 καὶ
3088 3050 3293 3121 Κύριος
3321 3048 3432 3101 τῶν
3456 3064 3556 3101 κυ-

1972 3137 2101 3208 ρίων
2122 3156 2135 3169 ·
2172 3139 2255 3191 ὅτι
2294 3136 2645 3201 ἐξαπέστειλε
2678 3134 2769 3187 τὸν
2790 3134 3025 3203 ἄγγελον
3049 3135 3235 3199 αὑτοῦ,
3270 3133 3363 3186 καὶ
3384 3134 3557 3204 ἐρρύ-

1971 3238 2102 3274 σατο
2123 3222 2268 3292 ὑμᾶς
2298 3220 2406 3274 ἀπὸ
2420 3220 2520 3291 τῆς
2544 3219 2799 3289 καμίνου.
2827 3218 2939 3271 Καὶ
2959 3217 3014 3269 τί
3051 3218 3189 3289 μετά
3222 3216 3415 3282 ταῦτα;
3442 3216 3556 3286 Οὐχ

1968 3300 2049 3367 εἷς
2077 3304 2444 3375 δεσμοφύλαξ,
2496 3302 2635 3358 ἀλλὰ
2672 3302 2860 3355 πολλοὶ
2897 3302 3264 3373 κατηχοῦνται
3310 3301 3398 3355 διά
3444 3300 3556 3353 τῶν

1969 3388 2317 3458 γραμμάτων
2334 3388 2443 3440 τῶν
2466 3385 2783 3457 βασιλικῶν,
2808 3384 2896 3439 διὰ
2916 3385 3014 3454 τῆς
3030 3385 3157 3448 θέας
3179 3384 3287 3437 τῶν
3302 3382 3559 3455 πραγμά-

1969 3488 2095 3525 των.
2122 3470 2245 3523 ’Ότι
2279 3470 2390 3542 γὰρ
2434 3472 2536 3524 οὐκ
2570 3471 2638 3524 ἂν
2682 3468 2952 3537 ἐψεύσατο
2979 3471 3007 3521 6
3063 3468 3337 3538 βασιλεὺς,
3390 3468 3557 3521 παντί

1971 3571 2074 3606 που
2103 3552 2290 3623 δῆλον
2321 3554 2383 3607 οὐ
2414 3557 2524 3625 γὰρ
2545 3551 2611 3606 ἂν
2627 3552 2862 3622 ἠθέλησε
2887 3550 3117 3605 τοιαῦτα
3134 3552 3247 3611 τοῖς
3276 3550 3558 3620 αίχμαλω-

1969 3635 2202 3690 τισθεῖσι
2227 3638 2597 3709 μαρτυρῆσαι,
2634 3636 2755 3689 ούδέ
2785 3634 2855 3688 τὰ
2881 3634 3048 3688 αὐτοῦ
3068 3634 3429 3688 καταϐαλεῖνο
3457 3635 3558 3687 οὐκ

1973 3722 2039 3774 ἂν
2061 3718 2295 3791 ἠθέλησε
2348 3720 2620 3790 τοσαύτης
2676 3718 2863 3781 ἀνοίας
2892 3717 3053 3782 δόξαν
3082 3717 3291 3771 λαϐεῖν.
3311 3718 3474 3769 Ὥστε
3508 3718 3558 3769 εἰ

1975 3805 2051 3877 μὴ
2079 3804 2246 3876 πολλὴ
2276 3804 2375 3875 τῆς
2396 3803 2651 3875 ἀληθείας
2672 3804 2706 3873 ή
2731 3801 3079 3877 περιφάνεια,
3113 3800 3213 3854 οὑκ
3236 3800 3302 3854 ἀν
3332 3800 3561 3854 τοιαῦτα

1971 3888 2199 3960 ἔγραψε,
2233 3887 2330 3941 καὶ
2365 3886 2637 3940 τοσούτων
2681 3885 2986 3957 παρόντων.
3036 3885 3227 3956 Ὀρᾶτε
3269 3884 3411 3953 πόση
3451 3884 3559 3935 τῶν

1972 3973 2188 4044 δεσμῶν
2217 3972 2251 4043 ὴ
2280 3970 2542 4040 δύναμις;
2577 3970 2721 4040 πόση
2754 3969 2853 4039 τῆς
2879 3969 3154 4040 ὑμνῳδίας
3182 3969 3281 4038 τῆς
3304 3972 3361 4020 ἐν
3383 3968 3561 4037 θλίψει

1974 4059 2009 4129 ἡ
2046 4056 2232 4127 ἰσχύςς
2267 4055 2382 4108 Οὐκ
2409 4055 2796 4127 ἀπηγόρευσαν
2823 4053 2945 4106 οὐδὲ
2967 4052 3250 4115 ἀνέπεσον,
3281 4052 3415 4105 ἀλλὰ
3436 4052 3559 4104 τότε

1977 4140 2179 4214 μᾶλλον
2206 4135 2349 4211 ἦσαν
2382 4139 2623 4210 σφοδροὶ,
2652 4139 2774 4191 τότε
2804 4136 3016 4205 ,πλείων
3047 4138 3082 4208 ἡ
3124 4137 3423 4207 προθυμία.
3471 4134 3556 4186 Εἰ-

1974 4226 2150 4288 κότως
2169 4222 2343 4278 ταῦτα
2366 4222 2659 4278 ἐννοοῦσιν.
2705 4223 2829 4275 Ἔτι
2858 4221 2916 4274 ἐν
2949 4219 3325 4274 ὑπολείπεται.
3377 4218 3475 4271 Διὰ
3509 4217 3562 4270 τί

1976 4311 2035 4363 ἐν
2077 4308 2178 4381 μὲν
2196 4307 2274 4377 τῷ
2312 4307 2672 4377 δεσμωτηρίῳ
2704 4307 2754 4360 οἱ
2783 4305 3056 4376 δεδεμένοι
3094 4303 3385 4375 ἐλύθησαν,
3424 4301 3563 4355 ἐνδέ

1975 4395 2042 4464 τῇ
2082 4391 2299 4462 καμίνῳ
2345 4392 2394 4443 οἰ
2438 4390 2769 4461 ἐμϐαλόντες
2817 4389 3202 4457 κατεκάησαν;
3237 4386 3445 4454 ,Καίτοι
3484 4396 3562 4454 ’γε

1976 4474 2271 4547 ἐχρῆν.τὸν
2294 4472 2520 4543 βασιλέα
2543 4471 2703 4525 τοῦτο
2728 4470 2920 4524 παθεῖν
2945 4487 2959 4501 ·
2988 4471 3048 4523 οὐ
3080 4470 3190 4540 γὰρ
3220 4468 3271 4521 οἱ
3301 4466 3565 4539 δεσμοῦν-

1976 4577 2067 4623 τες
2108 4557 2228 4612 οὐδὲ
2265 4560 2313 4611 οῖ
2360 4556 2720 4627 ἐμϐάλλοντες
2757 4554 3011 4608 τοσοῦτον
3060 4554 3330 4624 ἥμαρτον,
3370 4552 3494 4605 ὅσον
3536 4555 3569 4605 6

1979 4643 2219 4699 κελεύων
2267 4640 2426 4694 τοῦτο
2470 4640 2749 4709 γενέσθαι.
2811 4638 2969 4702 Τίνος
3007 4632 3099 4691 οῦν
3137 4636 3320 4689 ἕνεκεν
3365 4636 3569 4689 ἐκεῖνοι

1978 4727 2295 4793 ἀπώλοντο;
2341 4722 2604 4777 Ἐνταῦθα
2638 4724 2698 4776 ού
2746 4722 2917 4794 πολλή
2952 4738 3037 4783 τις
3081 4721 3237 4791 χρεία
3274 4720 3373 4790 τῆς
3406 4720 3568 4790 ἀκρι-

1981 4810 2248 4879 ϐολογίας.
2293 4807 2536 4871 ’Λσεϐεῖς
2566 4807 2675 4878 γὰρ
2706 4802 2847 4878 ἦσαν
2867 4822 2880 4836 ’
2913 4806 3003 4859 διὰ
3033 4804 3192 4857 τοῦτο
3228 4804 3569 4875 ᾠκονόμητο,

1982 4898 2069 4949 ἵνα
2098 4893 2281 4964 δειχθῇ
2310 4892 2404 4946 τοῦ
2445 4891 2678 4962 πυρὸςὴ
2713 4891 2885 4961 ἰσχὺς,
2928 4890 3023 4943 καὶ
3060 4888 3242 4960 μεῖζον
3282 4889 3341 4941 τὸ
3382 4887 3571 4957 θαῦμα

1982 4982 2228 5049 γένηται.
2274 4978 2336 5030 Ei
2357 4975 2466 5046 γὰρ
2492 4976 2617 5038 τοὺς
2652 4974 2757 5039 ἔξω
2778 4973 2921 5027 οὕτω
2950 4973 3280 5041 κατέφαγεν,
3308 4971 3401 5034 οὓς
3425 4972 3571 5024 ἔνδον

1984 5061 2119 5135 εἶχε,
2152 5062 2270 5124 πῶς
2297 5061 2531 5122 ἀπαθεῖς
2558 5059 2801 5123 ἐδείκνυ;
2839 5058 2957 5111 Ἵνα
2991 5057 3123 5128 δήλη
3164 5058 3390 5127 γένηται
3420 5056 3572 5124 ἡτοῦ

1985 5144 2119 5200 Θεοῦ
2152 5143 2400 5213 δύναμις.
2428 5143 2539 5195 Καὶ
2565 5142 2754 5211 μηδεὶς
2779 5138 3127 5211 θαυμαζέτω,
3154 5142 3201 5192 εί
3232 5139 3324 5192 τὸν
3347 5138 3573 5207 βασιλέα

1987 5236 2045 5287 ἐν
2062 5228 2214 5294 τάξει
2236 5228 2329 5281 τοῦ
2356 5226 2764 5297 δεσμοφύλακος
2790 5224 2962 5295 ἔθηκα
2988 5241 3001 5254 ο
3026 5224 3086 5277 τὸ
3107 5225 3215 5293 γὰρ
3238 5224 3368 5276 αὐτὸ
3389 5222 3575 5292 εἰργά-

1989 5329 2138 5367 σατο.
2206 5309 2375 5363 Οὐδὲν
2432 5308 2541 5378 γὰρ
2580 5301 2733 5369 οὗτος
2778 5306 2987 5360 ἐκείνου
3033 5305 3417 5376 λαμπρότερος
3461 5298 3530 5373 ἦν
3557 5316 3571 5330 ο

1989 5394 2276 5451 ἀπώναντο
2312 5391 2424 5463 γὰρ
2454 5393 2777 5462 ἀμφότεροι.
2824 5389 2984 5453 Ἀλλ’,
3021 5390 3158 5461 ὅπερ
3200 5389 3357 5458 ἔφην,
3393 5387 3475 5439 ὅτι
3517 5388 3575 5439 ἐν

1988 5482 2107 5543 ταῖς
2136 5477 2378 5547 θλίψεσιν
2403 5475 2555 5538 ὄντες
2588 5476 2638 5527 οἱ
2660 5474 2878 5537 δίκαιοι,
2905 5473 3028 5526 τότε
3058 5472 3293 5543 μάλιστά
3316 5472 3419 5523 εἰσι
3447 5486 3578 5537 σφο-

1989 5563 2253 5635 δρότεροι,
2279 5562 2411 5614 ὅταν
2456 5562 2513 5613 ἐν
2561 5558 2777 5628 δεσμοῖς
2807 5551 2927 5613 ὦσι.
2947 5557 3021 5609 Τὸ
3063 5557 3169 5628 γὰρ
3210 5554 3297 5608 διὰ
3341 5552 3576 5625 Χριστόν

1991 5665 2043 5701 τι
2076 5646 2287 5711 παθεῖν,
2322 5646 2501 5715 πάσης
2534 5640 2891 5714 παραμυθίας
2918 5640 3087 5712 ἥδιον.
3140 5637 3405 5691 Βούλεσθε
3439 5638 3577 5690 ὑπο-

2072 5868 2099 5906 b
2138 5865 2288 5929 Marg.
2327 5860 2500 5925 Sa\'il.,
2536 5861 2811 5925 κεχυμένον,
2843 5867 2896 5910 et
2916 5873 3051 5921 mox,
3096 5860 3183 5909 οὐκ
3208 5858 3442 5920 ἐτόλμησε
3466 5855 3580 5904 σϐέ-

1999 5946 2099 5978 σαι.
