4068 6390
479 323 553 381 σε)
1188 314 1249 373 S.
1289 314 1584 372 JOANNIS
1618 314 2108 373 CHRYSOSTOMI
2146 315 2468 373 ARCHIEP.
2502 316 3055 374 CONSTANTINOP.
3658 324 3725 376 '70

487 443 679 514 μνήσω
704 438 859 514 Δὑμᾶς
894 436 991 492 καὶ
1033 436 1223 503 ἐτέρου
1272 432 1690 506 δεσμωτηρίους
1734 435 2057 503 Ἀναγκαῖον

483 510 592 580 άπδ
621 510 722 592 τῆς
755 521 995 585 ἁλύσεως
1022 535 1226 590 ταυτης
1257 518 1342 588 ἐφ’
1370 519 1555 590 ἕτερον
1583 518 1757 571 ἐλθεῖν
1779 519 2059 591 δεσμωτή-

484 625 621 678 ριον.
656 606 729 660 Τδ
756 594 905 658 ποῖον
930 601 1216 674 βούλεσθες
1257 602 1317 655 τὸ
1346 600 1439 654 τοῦ
1480 601 1776 673 Ἱερεμίους
1803 600 1836 671 ἢ
1874 601 1935 653 τὸ
1961 600 2055 653 τοῦ

494 689 733 762 Ἶωσήφ;
773 688 807 759 ἢ
847 687 910 740 τὸ
953 686 1233 750 Ἰωάννου;
1267 685 1441 755 Χάρις
1483 686 1550 755 τῇ
1585 683 1795 737 Παύλου
1826 683 2052 737 ἁλύσει*

482 772 625 825 πόσα
646 770 848 839 ἀνέῳξε
870 768 950 839 τῷ
968 768 1112 839 λόγῳ
1140 768 1489 837 δεσμωτήρια
1509 784 1523 832 ;
1566 767 1638 819 T6
1674 768 1918 820 Ἰωάννου
1941 767 2056 837 βού-

480 852 673 921 λεσθε;
739 852 923 923 Ἐδέθη
968 853 1063 906 καὶ
1093 845 1245 914 οἶιτος
1287 850 1417 904 ποτὲ
1449 850 1539 904 διὰ
1579 851 1669 905 τὸν
1695 850 1930 921 Χριστὸν
1964 850 2058 904 καὶ

480 940 573 993 τὸν
593 937 686 990 τοῦ
710 936 844 989 Θεοῦ
870 935 1053 1005 νόμον.
1105 933 1170 987 Τί
1185 929 1308 999 οῦν;
1338 931 1448 1004 ἄρα
1471 935 1631 1005 ήργει
1652 936 1710 988 ἐν
1736 934 1815 1004 τῷ
1841 933 2055 1004 δεσμω-

477 1020 654 1091 τηρίῳ
681 1018 785 1085 GN;
819 1017 939 1087 ούχὶ
969 1017 1026 1069 δὲ
1059 1017 1267 1070 ἐκεῖθεν
1296 1016 1517 1086 πέμψας
1560 1018 1624 1070 ἐκ
1656 1015 1750 1069 τοῦ
1776 1016 2058 1087 δεσμωτη-

483 1104 600 1177 ρίου
624 1104 774 1171 ἐλεγε
798 1103 910 1165 τοῖς
943 1099 1212 1171 μαθηταῖς
1242 1101 1430 1165 αὐτοῦ,
1475 1101 1838 1172 Πορευθέντες
1865 1102 2055 1154 εἴπατε

477 1185 560 1257 τῷ
582 1183 822 1257 Χριστῷ,
856 1183 940 1237 Σὺ
956 1179 1057 1236 εἷό
1071 1183 1415 1253 ἐρχόμενος,
1436 1184 1474 1252 ἢ
1491 1184 1695 1253 ἓτερον
1712 1182 2055 1251 προσδοκῶ-

473 1285 620 1338 μεν;
644 1269 752 1321 Kal
782 1269 897 1320 ἐκεῖ
925 1266 1001 1319 ὢν
1032 1266 1139 1336 ἄρα
1173 1266 1448 1320 ἐδίδασκεν
1480 1284 1493 1297 ·
1522 1268 1581 1320 ού
1610 1266 1715 1337 γὰρ
1743 1266 1807 1337 δὴ
1835 1266 2049 1335 ἡμέλει.

494 1350 632 1404 Ἀλλ’
666 1350 934 1423 Ἱερεμίας
964 1350 1085 1419 οὐχὶ
1118 1352 1487 1422 προεφήτευσε
1518 1349 1646 1421 περὶ
1673 1350 1766 1403 τοῦ
1800 1349 2053 1404 Βαϐυλω-

477 1432 617 1499 νίου,
659 1432 838 1487 πάντα
878 1430 952 1486 τὰ
999 1430 1165 1487 αὐτοῦ
1207 1433 1302 1487 xal
1324 1434 1440 1487 ἐκεῖ
1466 1432 1663 1500 ποιῶν;
1698 1432 1847 1486 Τίδέ
1871 1435 1900 1488 6
1938 1434 2052 1488 Ἰω-

2158 435 2303 504 σήφ;
2336 435 2457 506 οὐχὶ
2495 434 2853 507 τριακαίδεκα
2885 435 2979 509 ἐτη
3014 435 3218 490 ἐδέδετο
3238 435 3406 502 ;⁹Δλλ’
3433 435 3583 507 ὅμως
3606 438 3728 492 οὐδὲ

2153 519 2272 571 ἐκεῖ
2304 518 2405 589 τῆς
2428 519 2630 590 ἀρετῆς
2670 518 2985 575 ἐπελάθετο.
3039 521 3160 575 Ἔτι
3204 520 3320 584 ἐνὸς
3361 520 3605 583 εἰπόντες
3639 521 3725 573 δε-

2155 602 2346 671 σμοὺς,
2372 603 2795 674 καταπαύσομεν
2817 603 2910 656 τὸν
2930 603 3107 673 λόγον.
3149 603 3343 673 Ἐδέθη
3364 604 3459 657 καὶ
3478 606 3507 657 6
3529 606 3729 658 Δεσπό-

2152 702 2249 755 της
2278 688 2305 739 6
2334 688 2618 757 ἡμέτερος,
2657 689 2686 741 6
2713 689 2814 759 τὴν
2849 689 3172 759 οἰκουμένην
3204 687 3371 751 λύσας
3404 688 3514 741 τῶν
3547 690 3728 759 άμαρ-

2153 770 2410 840 τημάτων
2437 786 2453 802 '
2484 770 2743 840 ἐδέθησαν
2788 773 2969 842 χεῖρες
3022 773 3078 824 αῖ
3132 772 3301 842 μυρία
3355 773 3726 843 ἐργασάμεναι

2156 851 2434 923 [68]καλά·
2458 855 2765 921 Δήσαντες
2785 853 3110 924 γὰρ·αὑτὸν,
3132 854 3316 923 φησιν,
3334 854 3565 923 ἤγαγον
3577 857 3725 923 πρὸς

2153 936 2448 1004 Καϊάφαν.
2482 939 2591 990 Καὶ
2624 937 2832 991 ἐδέδετο
2863 938 2894 990 6
2918 937 3156 992 τοσαῦτα
3185 938 3725 1009 θαυματουργήματα

2152 1021 2542 1091 ἐργασάμενος.
2585 1021 2769 1073 Ταῦτα
2795 1020 3122 1088 ἐννοοῦντες,
3151 1021 3419 1090 μηδέποτε
3439 1022 3725 1091 δυσχεραί-

2151 1120 2351 1173 νωμεν,
2376 1103 2511 1158 ἀλλὰ
2540 1105 2645 1158 κᾶν
2665 1104 2926 1175 δεθῶμεν,
2956 1106 3236 1177 χαίρωμεν
3253 1123 3266 1136 ’
3298 1105 3401 1158 κᾶν
3433 1106 3507 1174 μὴ
3534 1107 3590 1157 ἐν
3611 1110 3724 1168 τοῖς

2151 1184 2368 1255 δεσμοῖς
2395 1180 2545 1256 ὦμεν
2565 1225 2579 1249 ,
2625 1187 2702 1251 ὡς
2737 1188 3108 1259 συνδεδεμένοι
3138 1186 3515 1257 νδιακεώμεθα.
3562 1188 3724 1259 Ὁρᾷς

2152 1267 2276 1321 ὅσον
2305 1269 2506 1337 ἀγαθὸν
2544 1271 2572 1323 6
2597 1271 2821 1342 δεσμός;
2856 1272 3045 1327 Ταῦτα
3092 1272 3268 1325 πάντα
3310 1269 3529 1331 εἰδότες,
3565 1271 3721 1340 χάριν

2152 1352 2567 1424 ἀναπέμπωμεν
2613 1356 2753 1426 ὑπὲρ
2800 1356 3017 1410 πάντων
3060 1357 3139 1428 τῷ
3188 1354 3341 1426 Θεῷ,
3398 1354 3455 1407 ἐν
3504 1354 3722 1426 Χριστῷ

2165 1433 2339 1504 Ἰησοῦ
2370 1436 2449 1509 τῷ
2476 1437 2663 1510 Κυρίῳ

1922 2002 2170 2059 ΟΜῙΛΙᾹ
2220 2002 2301 2062 Θ¹.

474 2184 808 2256 Παρακαλῶ
848 2182 963 2242 οὖν
990 2182 1146 2254 ὑμᾶς
1179 2184 1316 2255 ἐγὼ,
1361 2185 1396 2239 ό
1421 2183 1668 2255 δέσμιος
1710 2184 1781 2239 ἐν
1811 2184 2027 2253 Κυρίῳ,

545 2271 728 2337 ἀξίως
758 2267 1161 2337 περιπατῆσαι
1190 2266 1297 2336 τῆς
1332 2268 1609 2337 κλήσεως
1632 2262 1708 2336 ἧς
1731 2265 2047 2333 ἐκλήθητε,

539 2353 691 2423 μετὰ
732 2350 937 2419 πάσης
976 2350 1538 2418 ταπεινοφροσύνης
1567 2350 1662 2403 καὶ
1692 2349 2045 2417 πραότητος,

540 2434 688 2508 μετὰ
738 2435 1181 2505 μακροθυμίας,
1243 2432 1598 2501 ἀνεχόμενοι
1648 2430 1939 2498 ἀλλήλων
1977 2430 2050 2483 ἐν

543 2519 766 2590 ἀγάπῃ,
798 2515 1238 2582 σπουδάζοντες
1277 2515 1480 2583 τηρεῖν
1506 2514 1622 2583 τὴν
1652 2515 1904 2583 ἑνότητα
1942 2511 2047 2569 τοῦ

543 2608 882 2673 πνεύματος
907 2601 978 2654 ἐν
1005 2600 1086 2665 τῷ
1108 2599 1433 2668 συνδέσμῳ
1454 2595 1563 2667 τῆς
1588 2597 1853 2667 εἰρήνης.

557 2709 869 2782 Ἀπεσείχθη
894 2709 994 2780 τῆς
1034 2707 1279 2773 ἁλύσεως
1306 2706 1400 2761 τοῦ
1430 2707 1645 2762 Παύλου
1673 2709 1707 2779 ή
1749 2709 1903 2779 ἰσχὺς
1940 2706 2040 2763 καὶ

475 2794 689 2867 μεγάλη
716 2794 809 2847 καὶ
837 2792 1082 2863 σημείων
1111 2790 1486 2863 λαμπροτέρα.
1513 2790 1589 2842 Ού
1621 2792 1800 2862 μάτην
1826 2787 1920 2846 οὖν
1956 2794 2044 2845 ἐν-

473 2878 667 2939 ταῦθα.
706 2876 783 2939 ὡς
844 2876 1015 2937 ἔοικε,
1066 2874 1271 2945 ταύτην
1320 2874 1706 2946 προϐάλλεται,
1737 2875 1859 2929 ούδέ
1895 2875 2043 2945 εἰκῆ,

472 2960 588 3014 ἀλλ’
610 2960 685 3023 ὡς
718 2957 955 3029 μάλιστα
990 2957 1058 3010 δι’
1082 2957 1255 3027 αὐτῆς
1278 2956 1641 3027 δυσωπήσων.
1663 2956 1775 3010 Kal
1802 2957 1857 3010 τί
1881 2974 2041 3027 φησις

476 3040 803 3111 Παρακαλῶ
848 3035 957 3095 οὖν
1017 3039 1175 3110 ὑμᾶς
1222 3038 1358 3109 ἐγὼ,
1391 3042 1427 3093 ό
1452 3038 1699 3108 δέσμιος
1735 3040 1806 3093 ἐν
1828 3042 2043 3108 Κυρίῳ,

470 3128 654 3194 ἀξίως
702 3123 1106 3193 περιπατῆσαι
1153 3121 1264 3190 τῆς
1295 3121 1573 3189 κλήσεως
1602 3118 1679 3193 ἧς
1726 3122 2042 3192 ἐκλήθητε.

474 3210 632 3277 Πῶς;
666 3208 828 3264 Μετὰ
860 3206 1065 3273 πάσης
1090 3205 1671 3273 ταπεινοφροσύνης,
1701 3205 1850 3275 μετὰ
1864 3208 2047 3274 πραό-

473 3309 649 3359 τητος
682 3288 780 3344 καὶ
821 3288 1253 3358 μακροθυμίας.
1277 3288 1630 3357 ἀνεχόμενοι
1660 3288 1951 3358 ἀλλήλων
1975 3289 2046 3342 ἐν

470 3374 692 3445 ἀγάπῃ,
725 3371 837 3442 υύχ
865 3370 1051 3434 ἁπλῶς
1084 3370 1147 3423 τὸ
1179 3371 1401 3440 δέσμιον
1430 3365 1571 3423 εἷναι
1604 3371 1788 3435 καλὸν,
1818 3370 1955 3425 ἀλλὰ
1984 3373 2044 3425 τὸ

469 3459 561 3512 διὰ
593 3455 850 3528 Χριστόν.
902 3453 1003 3507 Διά
1029 3453 1189 3507 τοῦτό
1216 3469 1404 3524 φησιν,
1448 3452 1512 3506 '0
1554 3453 1802 3524 δέσμιος
1831 3454 1903 3508 ἐν
1930 3457 2045 3508 Κυ-

464 3543 597 3608 ρίῳ,
657 3539 922 3602 τουτέστι,
978 3536 1067 3591 διὰ
1123 3537 1378 3608 Χριστόν.
1436 3538 1602 3591 Ούδέν
1654 3537 1847 3591 τούτου
1903 3537 2055 3593 ἴσον-

484 3622 644 3677 Ἀλλὰ
688 3621 889 3693 μᾶλλον
935 3620 1083 3691 ἡμᾶς
1120 3620 1387 3690 ἀποσύρει
1447 3621 1557 3673 τῶν
1600 3622 1979 3691 προκειμένων
2004 3625 2039 3693 ή

471 3705 660 3768 ἅλυσις
714 3706 807 3757 καὶ
868 3703 1137 3773 περισπᾷ,
1176 3703 1273 3756 zal
1302 3704 1614 3756 ἀντιπεσεῖν
1638 3704 1735 3773 ούχ
1778 3704 2044 3773 ὑπομένο-

471 3805 592 3857 μεν,
623 3786 738 3840 axx
765 3785 1040 3856 ἐλκόμεθα
1077 3785 1171 3839 καὶ
1204 3784 1449 3848 ἄκοντες,
1480 3785 1680 3856 μᾶλλον
1710 3786 1767 3838 δὲ
1793 3788 1888 3840 καὶ
1922 3787 2044 3857 βου-

468 3869 683 3940 λόμενοι
718 3871 814 3923 καὶ
854 3868 1159 3938 εὐχόμενοι.
1210 3869 1318 3921 Καὶ
1344 3869 1456 3921 εἴθε
1502 3868 1591 3921 άεὶ
1637 3870 1885 3942 περὶτῆς
1910 3870 2040 3923 άλύ-

470 3970 609 4015 σεως
635 3951 847 4007 Παύλου
881 3950 1226 4020 διαλέγεσθαι
1271 3947 1360 4022 ἦν.
1400 3950 1561 4004 Ἀλλὰ
1595 3952 1670 4021 μὴ
1695 3955 2037 4023 ναρκήσητε·

468 4036 554 4090 ἔτι
577 4036 685 4106 γὰρ
708 4036 883 4089 ἐκεῖνο
933 4037 1108 4088 εἰπεῖν
1156 4033 1436 4105 βούλομαι,
1463 4035 1492 4087 δ
1534 4034 1720 4088 πολλοὶ
1750 4035 2040 4107 ζητοῦντές

469 4135 638 4190 φασι·
678 4119 791 4173 Kal
827 4120 877 4171 εί
936 4117 1102 4171 καλὸν
1149 4118 1204 4171 al
1253 4116 1482 4186 θλίψεις,
1518 4117 1635 4181 πῶς
1668 4119 1829 4181 αὐτὸς
1851 4120 2040 4173 ἀπολο·

466 4202 731 4274 γούμενος
768 4201 902 4273 πρὸς
924 4200 1016 4254 τὸν
1048 4200 1359 4272 Ἀγρίππαν
1392 4199 1596 4269 ἔλεγεν,
1625 4201 1937 4272 Εὐξαίμην
1963 4202 2040 4256 ἂν

464 4287 548 4353 τῷ
571 4283 713 4351 Θεῷ,
753 4283 851 4339 καὶ
880 4283 1156 4354 ὲνόλίγῳ
1206 4283 1305 4336 καὶ
1351 4283 1422 4337 ἐν
1464 4282 1696 4349 πολλῷ,
1737 4286 1808 4339 οὐ
1847 4286 2040 4355 μόνον

460 4370 561 4436 σὲ,
589 4368 751 4424 ἀλλὰ
806 4366 905 4422 καὶ
953 4369 1187 4432 πάντας
1222 4366 1365 4433 τοὺς
1402 4365 1739 4433 ἀκούοντάς
1766 4385 1885 4436 μου
1922 4368 2038 4436 σή·-

460 4469 649 4523 μερον
676 4451 956 4521 γενέσθαι
1002 4449 1333 4514 τοιούτους,
1380 4451 1588 4513 ὁποῖος
1614 4450 1713 4504 καὶ
1748 4450 1863 4521 ἐγώ
1897 4455 2033 4522 εὶμι,

462 4533 757 4602 παρεκτὸς
791 4532 909 4587 τῶν
937 4530 1177 4600 δεσμῶν
1206 4532 1434 4585 τούτων
1454 4547 1468 4562 ·
1521 4533 1633 4602 Οὐχ
1662 4533 1737 4596 ὡς
1768 4535 2036 4588 ἀπευκτὸν

462 4617 527 4669 τὸ
553 4619 785 4688 πρᾶγμα
834 4614 1092 4686 νομίζων,
1139 4613 1313 4667 ταῦτα
1353 4614 1530 4682 ἐλεγε,
1572 4614 1647 4687 μὴ
1698 4617 1938 4683 γένοιτοο
1972 4618 2034 4671 ού

462 4701 573 4771 ⁹γάρ
603 4701 689 4766 ἂν,
720 4703 772 4754 εί
802 4717 864 4769 γε
911 4698 1185 4753 ὰπευκτδν
1228 4697 1315 4769 ἦν,
1346 4700 1622 4769 ἐκαυχᾶτο
1670 4701 1765 4754 ἐπὶ
1807 4703 1921 4764 τοῖς
1950 4701 2035 4754 δε·-

466 4786 645 4854 σμοῖς,
675 4786 770 4837 ἐπὶ
815 4786 939 4846 ταῖς
988 4782 1280 4851 φυλακαῖς,
1310 4782 1403 4834 ἐπὶ
1429 4785 1549 4845 ταῖς
1574 4782 1759 4845 ἄλλαις
1792 4782 2031 4854 θλίψεσι-

459 4868 569 4921 οὐδ’
586 4867 651 4921 ἂν
667 4868 894 4939 γράφων
917 4865 1122 4933 ἔλεγεν,
1137 4864 1387 4920 Ἥδιστα
1410 4868 1793 4934 καυχήσομαι
1812 4866 1882 4920 ἐν
1908 4867 2035 4934 ταῖς

458 4951 801 5014 ἀσθενείαις
831 4966 951 5018 μου
968 4967 980 4979 '
1006 4948 1142 5001 ἀλλὰ
1166 4948 1218 5001 τί
1244 4966 1259 5013 ς
1291 4946 1461 5000 Τοῦτο
1489 4948 1621 5000 αὐτὸ
1648 4951 1949 5019 τεκμήριον
1964 4945 2033 5021 ἦν

460 5036 555 5090 τοῦ
590 5035 800 5108 μεγάλα
826 5034 1073 5105 ἡγεῖσθαι
1102 5033 1173 5086 τὰ
1201 5033 1397 5102 δεσμά.
1449 5033 1662 5102 ’Ὥσπερ
1693 5034 1803 5102 γὰρ
1834 5035 2033 5105 Κοριν-

460 5119 596 5182 οίοις
612 5121 835 5192 γράφων
846 5118 998 5186 ἐλεγε
1011 5134 1025 5148 ο
1052 5116 1223 5170 Γάλα
1238 5113 1395 5184 ὑμᾶς
1410 5116 1685 5176 ἐπότισα.
1705 5117 1775 5169 οὐ
1800 5114 2030 5183 βρῶμα,

457 5204 623 5257 οὔπω
643 5203 751 5273 γὰρ
773 5200 1073 5255 ἐδύνασθε
1093 5216 1106 5229 ·
1137 5198 1280 5252 οῦτω
1303 5199 1367 5268 δὴ
1392 5198 1485 5251 καὶ
1506 5198 1759 5263 ἐνταῦθα,
1782 5200 1883 5252 οὐκ
1905 5199 2033 5271 ἡδύ-

459 5303 619 5340 ναντο
648 5284 881 5341 ἀκοῦσαι
912 5283 974 5336 τὸ
1002 5282 1221 5346 κάλλος,
1256 5282 1379 5334 οὑδέ
1404 5282 1496 5335 τὸν
1520 5281 1746 5353 κόσμον,
1782 5282 1903 5335 οὐδὲ
1932 5282 2032 5355 τὴν

459 5369 727 5439 ὠφέλειαν
750 5369 858 5421 τῶν
891 5365 1129 5437 δεσμῶν.
1148 5364 1246 5417 Διά
1269 5362 1427 5417 τοῦτό
1457 5381 1643 5433 φησιν,
1678 5365 1888 5430 Ἐκτὸς
1916 5362 2034 5417 τῶν

457 5450 698 5520 δεσμῶν
708 5449 1083 5512 τούτων.Τοῖς
1101 5446 1282 5517 μέντοι
1296 5445 1389 5500 Ἐδ
1397 5448 1568 5517 ραίοις
1583 5447 1681 5517 οὐχ
1697 5446 2032 5511 οῦτως,άλλὰ

458 5532 691 5604 παρῄνει
718 5531 1061 5585 συνδεδέσθαι
1088 5531 1202 5592 τοῖς
1245 5528 1575 5601 δεδεμένοις.
1616 5529 1717 5583 Διὰ
1746 5530 1906 5582 τοῦτο
1936 5531 2031 5584 καὶ

456 5614 575 5688 [69]
594 5615 755 5679 αὐτὸς
776 5615 990 5687 ἔχαιρεν
1004 5614 1097 5667 ἐπὶ
1113 5615 1227 5676 τοῖς
1248 5613 1488 5683 δεσμοῖς,
1506 5612 1602 5667 καὶ
1619 5613 1705 5666 ἐδε
1714 5614 1923 5683 σμεῖτο,
1938 5613 2031 5666 καὶ

460 5699 601 5771 μετὰ
631 5698 739 5752 τῶν
766 5696 1061 5769 δεσμωτῶν
1088 5696 1332 5766 ἀπήγετο
1380 5696 1461 5757 είς
1488 5696 1754 5766 φυλακήν.
1802 5696 2026 5768 Μεγάλη

455 5782 559 5851 τῆς
584 5781 828 5846 ἁλύσεως
886 5780 1101 5835 Παύλου
1163 5779 1198 5850 ή
1237 5778 1410 5849 ίσχύςο
1438 5780 1604 5850 ἀρκεῖ
1637 5780 1759 5833 ἀντὶ
1809 5780 2028 5833 πάντων

457 5864 616 5923 τοῦτο
643 5865 704 5922 τδ
734 5865 935 5938 θέαμα,
983 5861 1264 5935 δεδεμένον
1302 5864 1435 5920 ίδεῖν
1467 5863 1680 5919 Παῦλον
1708 5864 1802 5919 καὶ
1832 5862 2025 5931 ἐξαγόο

2151 2202 2311 2256 μενον
2332 2186 2446 2242 ἀπὸ
2472 2188 2566 2244 τοῦ
2595 2190 2989 2265 δεσμωτηρίου.
3020 2196 3313 2268 Δεδεμένον
3340 2201 3469 2255 ἰδεῖν
3504 2206 3597 2259 καὶ
3625 2206 3716 2261 ἕν-

2147 2268 2237 2356 δον
2259 2270 2587 2356 καθήμενον,
2615 2276 2773 2339 ποίας
2804 2276 2996 2349 ήδονῆς
3024 2280 3183 2335 τοῦτο
3208 2282 3269 2336 ού
3312 2284 3493 2355 μεῖζον
3516 2304 3533 2356 ;
3567 2288 3716 2355 τίνος

2147 2351 2248 2404 οὐκ
2275 2351 2341 2407 ἂν
2366 2357 2661 2427 τιμήσαιμι
2690 2360 2753 2412 τὸ
2784 2363 3019 2432 πρᾶγμα
3042 2379 3058 2430 ;

2218 2435 2331 2506 Ούχ
2354 2438 2517 2508 δρᾶτε
2543 2443 2667 2504 τοὺς
2694 2442 2969 2511 βασιλέας,
3015 2445 3143 2510 τοὺς
3177 2446 3417 2513 ὑπάτους
3466 2452 3559 2506 ἐπὶ
3588 2453 3714 2520 ζεύ-

2147 2532 2278 2584 γους
2310 2521 2643 2591 φερομένους
2675 2526 2771 2578 xal
2799 2528 3292 2599 χρυσοφοροῦντας,
3340 2533 3435 2586 καὶ
3473 2538 3599 2601 τοὺς
3624 2537 3715 2592 δο-

2150 2604 2517 2691 ρυφοροῦντας
2545 2608 2721 2691 πάντα
2752 2610 2974 2680 ἔχοντας
3006 2614 3184 2683 χρυσᾶ
3204 2656 3219 2679 ,
3252 2619 3431 2688 χρυσᾶ
3452 2618 3521 2672 τά
3549 2620 3712 2691 δόρα-

2146 2701 2233 2744 τα,
2264 2690 2470 2756 χρυσᾶς
2504 2690 2602 2753 τὰς
2632 2692 2881 2759 ἀσπίδας,
2928 2699 3107 2767 χρυσᾶ
3136 2698 3205 2751 τὰ
3255 2700 3467 2770 ἱμάτια,
3517 2690 3714 2769 ἵππους

2146 2771 2557 2860 χρυσοφόρους;
2602 2775 2772 2860 Πόσον
2811 2779 2910 2847 τῆς
2954 2779 3082 2844 θέας
3124 2781 3340 2853 ἐκείνης
3368 2786 3526 2839 τοῦτο
3584 2805 3711 2860 τερ-

2146 2852 2443 2923 πνότερον;
2484 2854 2665 2922 Ἀπαξ
2694 2858 2759 2911 ἂν
2800 2860 3053 2932 ηὐξάμην
3106 2852 3316 2919 Παῦλον
3357 2867 3482 2920 ίδεῖν
3509 2870 3574 2923 ἐκ
3617 2852 3712 2925 τοῦ

2143 2934 2518 3007 δεσμωτηρίου
2554 2942 2694 3010 μετὰ
2723 2943 2832 2995 τῶν
2861 2945 3153 3012 δεσμωτῶν
3182 2948 3414 3015 ἐξιόντα,
3441 2952 3474 3023 ἢ
3514 2954 3711 3025 μυριά-

2145 3041 2233 3087 κις
2252 3024 2506 3112 ἐκείνους
2524 3028 2663 3112 μετὰ
2689 3030 2787 3099 τῆς
2812 3031 3138 3104 δορυφορίας
3162 3036 3382 3106 ἐκείνης
3408 3024 3708 3112 παραπεμ-

2144 3107 2431 3189 πομένους.
2463 3110 2669 3174 Πόσους
2700 3112 2876 3166 οίεσθε
2919 3116 3187 3184 ἀγγέλους
3217 3123 3578 3189 προηγεῖσθαι
3608 3107 3705 3176 αύ-

2142 3188 2259 3253 τοῦ,
2286 3190 2375 3242 ὅτε
2398 3190 2640 3273 ,ἐξήγετο
2694 3193 2867 3259 οὖτω;
2924 3199 3034 3251 Kal
3061 3200 3143 3253 δτι
3170 3200 3231 3253 ού
3264 3188 3576 3273 ψεύδομαι,
3603 3205 3713 3260 άπό

2144 3288 2287 3334 τινος
2319 3271 2552 3338 παλαιᾶς
2574 3276 2813 3349 ἱστορίας
2836 3279 2897 3332 τὸ
2916 3283 3150 3353 πρᾶγμα
3182 3284 3313 3353 ύμῖν
3370 3271 3583 3357 ποιήσω
3611 3305 3713 3355 φα-

2144 3359 2321 3428 νερόν.
2364 3359 2663 3426 Ἐλισσαῖος
2687 3365 2715 3416 6
2747 3368 3052 3437 προφήτης,
3091 3371 3232 3439 τάχα
3275 3371 3332 3424 δέ
3357 3371 3471 3425 ἴστε
3503 3374 3595 3429 τὸν
3619 3376 3711 3428 ἄν·

2143 3441 2265 3528 δρα,
2302 3442 2397 3528 τοῦ
2426 3443 2698 3528 ,βασιλέως
2757 3449 2954 3519 Συρίας
3003 3452 3527 3525 ἐκπεπολεμωμένου
3574 3458 3711 3528 πρὸς

2143 3525 2232 3611 τὸν
2278 3525 2373 3578 τοῦ
2423 3527 2639 3611 Ἰσραὴλ
2674 3530 2933 3599 βασιλέα,
2990 3534 3300 3607 καθήμενος
3351 3540 3481 3609 παρ’
3512 3525 3707 3611 ἐαυτῷ,

2143 3608 2380 3670 ἅπαντα,
2417 3610 2561 3682 άπερ
2602 3614 2809 3677 ἐκεῖνος
2859 3616 2916 3667 ἐν
2972 3620 3085 3681 τοῖς
3115 3620 3361 3689 ταμείοις
3413 3608 3552 3691 μετά
3600 3608 3710 3676 τῶν

2143 3691 2542 3775 κοινωνούντων
2580 3695 2727 3765 αύτῷ
2753 3697 2853 3767 τῆς
2893 3698 3118 3770 γνώμης
3147 3702 3482 3767 ἐϐουλεύετο,
3504 3708 3585 3769 είς
3615 3705 3711 3775 μέ-

2144 3774 2507 3857 σονᾼέξέφερε,
2545 3780 2639 3831 καὶ
2677 3779 2915 3850 ἀκύρους
2944 3783 3115 3837 ἐποίει
3159 3784 3254 3838 τοῦ
3286 3785 3551 3855 βασιλέως
3610 3774 3710 3857 τὰς

2142 3854 2359 3925 βουλὰς,
2392 3860 2461 3913 τά
2488 3860 2775 3932 ἀπόρρητα
2808 3864 3108 3934 προλέγων,
3139 3868 3236 3920 καὶ
3267 3854 3366 3922 οὐκ
3414 3872 3594 3940 ἀφιεὶς
3628 3854 3709 3939 είς

2140 3939 2238 4002 τὰς
2264 3941 2519 4008 παγίδας,
2558 3941 2624 4005 ἃς
2668 3945 2875 4009 ἐκεῖνος
2913 3948 3098 4014 ἐτίθει,
3154 3951 3433 4020 ἐμπεσεῖν.
3491 3955 3708 4010 Ἐλύπει

2138 4023 2296 4113 τοῦτο
2326 4025 2416 4113 τδν
2447 4024 2693 4113 βασιλέα,
2727 4030 2823 4081 καὶ
2867 4029 3126 4101 ἀθυμῶν,
3179 4037 3237 4088 ἐν
3277 4037 3484 4108 ἀπορία
3536 4040 3704 4113 πολλῇ

2140 4107 2513 4175 καθειστήκει,
2539 4110 2639 4162 οὐκ
2664 4110 2803 4182 έχων
2831 4114 3019 4182 μαθεῖν
3046 4115 3128 4169 τὸν
3158 4107 3468 4189 ἐκφέροντα
3490 4107 3708 4180 ἅπαντα

2139 4190 2233 4242 καὶ
2264 4189 2704 4257 ἐπιϐουλεύοντα,
2743 4196 2837 4247 καὶ
2865 4196 2964 4259 τὰς
2997 4199 3248 4268 μηχανάς
3276 4202 3585 4272 άκυροῦντα
3608 4210 3706 4271 τὰς

2137 4274 2349 4330 τούτου.
2394 4275 2711 4362 ’θποροῦντι
2748 4279 2927 4333 τοίνυν
2955 4282 3106 4353 αὐτῷ
3137 4284 3232 4337 καὶ
3269 4286 3368 4357 τὴν
3400 4289 3579 4343 αἰτίαν
3607 4291 3707 4362 ζη-

2138 4357 2319 4412 τοῦντι
2375 4354 2499 4411 εἶπέ
2520 4376 2606 4422 τις
2649 4360 2759 4414 τῶν
2785 4363 3164 4431 ὑπασπιστῶν,
3196 4369 3279 4421 ὅτι
3308 4354 3372 4441 δὴ
3422 4354 3708 4443 προφήτης

2137 4443 2223 4513 εἴη
2244 4458 2328 4506 τις
2368 4442 2668 4506 Ἐλισσαῖος
2696 4446 2755 4497 ἐν
2791 4447 3074 4520 Σαμαρείᾳ
3121 4451 3448 4521 καθήμενος,
3469 4442 3706 4512 γούκέῶν

2136 4525 2355 4579 ἑστάναι
2388 4526 2486 4597 τὴν
2507 4527 2601 4580 τοῦ
2632 4527 2897 4597 βασιλέως
2923 4530 3168 4602 γνώμην,
3197 4534 3333 4588 ἀλλά
3385 4538 3563 4591 πάντα
3610 4542 3707 4593 ἐκ-

2137 4608 2340 4680 φέρων.
2378 4610 2614 4676 Ἐκεῖνος
2669 4612 2917 4683 ἐνόμισεν
2965 4615 3337 4687 εὑρηκέναιτὸ
3370 4623 3495 4675 πᾶν.
3537 4624 3706 4678 Οὐδὲν

2134 4690 2190 4743 δέ
2214 4692 2319 4761 ἄρα
2367 4691 2531 4745 αὐτοῦ
2571 4692 2919 4767 ἀθλιώτερον.
2954 4697 3096 4769 Ὅρα
3132 4703 3261 4772 γάρ·
3313 4702 3432 4755 δέον
3477 4706 3705 4776 τιμῆσαι

2133 4776 2225 4861 τὸν
2258 4778 2447 4861 ἄνδρα,
2482 4777 2780 4848 θαυμάσαι,
2841 4781 3204 4853 ἐκπλαγῆναι,
3250 4787 3298 4838 εί
3336 4787 3399 4858 δὴ
3431 4790 3705 4861 τοσαύτην

2134 4860 2246 4930 ἔχει
2282 4860 2380 4931 τὴν
2419 4863 2592 4932 ἰσχὺν,
2624 4862 2699 4926 ὡς
2732 4863 2841 4916 ἀπὸ
2863 4865 3132 4921 τοσούτων
3168 4868 3396 4922 σταδίων
3456 4860 3705 4943 καθήμε-

2132 4959 2242 5005 νον,
2272 4945 2448 4997 πάντα
2473 4944 2542 4997 τὰ
2571 4946 2631 4999 ἐν
2674 4944 2753 5016 τῷ
2780 4947 2991 5017 ταμείῳ
3022 4948 3116 5001 τοῦ
3173 4949 3457 5019 βασιλέως,
3488 4955 3705 5019 οὐδενὸς

2131 5026 2582 5095 ἀπαγγέλλοντος,
2608 5030 2827 5083 ειδέναι·
2851 5031 3009 5084 τοῦτο
3037 5033 3134 5101 μὲν
3159 5034 3259 5087 οὐκ
3288 5036 3534 5107 ἐποίησε.
3565 5055 3705 5109 παρα

2131 5109 2373 5175 οξυνθεὶς
2394 5110 2474 5172 δὲ,
2500 5112 2595 5163 καὶ
2621 5114 2721 5181 τῆς
2743 5112 2912 5185 ὀργῆς
2950 5115 3238 5184 γενόμενος
3274 5117 3463 5186 μόνης,
3496 5120 3701 5185 ἱππέας

2132 5193 2225 5245 καὶ
2245 5193 2467 5273 ὁπλίτας
2497 5194 2783 5261 συντάξας,
2812 5196 3022 5266 πέμπει
3051 5201 3418 5268 παραστήσων
3445 5200 3536 5253 τὸν
3569 5220 3704 5273 προ-

2132 5277 2329 5346 φήτην.
2349 5271 2458 5330 Ἦν
2478 5277 2535 5330 δὲ
2568 5276 2645 5347 τῷ
2675 5277 2966 5351 Ἐλισσαίῳ
2993 5281 3241 5351 μαθητὴς
3265 5284 3323 5335 ἐν
3343 5271 3703 5353 προπυλαίοις

2131 5359 2211 5413 ἐτι
2261 5361 2361 5430 τῆς
2414 5361 2779 5431 προφητείας,
2837 5363 2946 5416 τῶν
2994 5363 3251 5417 τοιούτων
3300 5366 3701 5437 ἀποκαλύψεων

2133 5442 2297 5512 μήπω
2313 5442 2630 5513 κρινόμενος
2646 5441 2947 5509 ἀξιοῦσθαι.
2979 5446 3321 5516 Ἐπέστησαν
3347 5449 3397 5500 οί
3426 5452 3701 5520 στρατιῶο

2128 5540 2220 5576 ται
2246 5523 2342 5577 τοῦ
2399 5524 2694 5595 βασιλέως,
2743 5528 2820 5590 ὠς
2867 5529 3120 5599 δήσοντες
3151 5531 3245 5584 τὸν
3272 5530 3461 5601 ἄνδρα,
3496 5534 3701 5603 μᾶλλον

2126 5608 2184 5662 δέ
2204 5608 2294 5662 τὸν
2323 5611 2628 5681 προφήτην.
2652 5610 2823 5664 Πάλιν
2841 5613 2921 5673 εἰς
2950 5613 3183 5685 δεσμοὺς
3206 5615 3577 5686 ἐμπίπτομεν,
3600 5627 3700 5677 καὶ

2126 5692 2179 5745 τί
2212 5691 2408 5759 πάθω;
2447 5694 2711 5747 πάντοθεν
2743 5689 2895 5758 οὗτος
2920 5696 2949 5747 6
2978 5696 3134 5765 λόγος
3168 5696 3340 5762 οὕτως
3388 5699 3695 5768 ὑφαίνεται.

2128 5778 2239 5831 Kal
2295 5775 2417 5831 ίδὼν
2444 5778 2472 5829 6
2508 5776 2755 5848 μαθητὴς
2781 5776 2889 5830 τῶν
2946 5779 3292 5852 στρατιωτῶν
3349 5779 3412 5833 τὸ
3466 5782 3696 5853 πλῆθος,

2128 5862 2342 5934 ἐξέστη,
2374 5862 2468 5918 καὶ
2493 5861 2752 5934 περιδεὴς
2784 5861 2877 5916 καὶ
2901 5861 3160 5935 ἔντρομος
3192 5863 3562 5935 προσδραμὼν
3614 5867 3699 5940 τῷ
