4060 6400
412 309 483 364 69
1290 297 1356 355 [Ν
1385 294 1598 355 EPIST.
1637 284 1731 352 AD
1766 290 1990 351 EPHES

413 422 554 476 enim
580 430 673 470 eos
698 414 786 486 qui
814 411 945 468 forts
973 421 1131 470 erant
1156 410 1234 467 sic
1251 408 1455 476 exedit,
1475 408 1745 480 quomodo
1772 421 1869 462 eos
1891 406 1983 475 qui

413 519 564 564 erant
594 507 736 561 intus
762 505 1026 562 reddebat
1063 503 1262 559 illzesos
1286 511 1342 557 et
1369 500 1691 571 impatibiles
1716 498 1740 553 ?
1776 497 1848 552 Ut
1875 512 1987 552 ma-

415 601 605 657 nifesta
636 598 789 655 fieret
814 598 908 653 Dei
934 597 1192 668 potentia.
1214 594 1386 650 Nemo
1404 604 1582 649 autem
1600 594 1825 648 miretur
1842 589 1987 662 quod

414 706 595 762 regem
626 689 679 743 in
707 688 899 745 eodem
921 688 1113 742 ordine
1135 686 1404 756 posuerim
1433 698 1539 756 quo
1561 682 1839 739 custodem
1864 696 1985 737 car-

414 784 556 839 ceris
588 798 603 835 :
644 780 877 848 idipsum
922 778 1066 833 enim
1096 776 1243 832 fecit.
1278 775 1378 831 Hic
1413 776 1557 830 enim
1593 774 1685 829 illo
1709 772 1843 828 nihil
1869 781 1990 828 erat

416 869 723 943 praeclarior
749 889 762 923 :
792 868 1056 923 ambobus
1092 868 1236 922 enim
1265 866 1481 936 profuit.
1525 864 1633 920 Sed
1662 864 1799 920 sicut
1835 863 1984 929 dixi,

411 963 537 1032 justi
563 961 691 1016 dum
712 961 763 1015 in
795 960 1047 1015 aerumnis
1075 968 1375 1025 versantur,
1406 967 1533 1013 tunc
1554 967 1672 1014 sunt
1697 958 1989 1013 vehemen-

418 1056 580 1109 tiores
602 1095 619 1120 ,
650 1053 862 1123 quando
891 1060 1018 1107 sunt
1056 1054 1107 1106 in
1154 1052 1400 1107 vinculis.
1432 1050 1563 1105 Nam
1590 1060 1811 1121 propter
1838 1050 1991 1106 Clario

416 1156 557 1201 stum
583 1145 781 1216 aliquid
812 1159 935 1201 esse
962 1158 1176 1214 passum
1208 1185 1224 1210 ,
1252 1152 1335 1199 est
1359 1144 1551 1212 quovis
1582 1143 1774 1198 solatio
1800 1143 1992 1212 jucun-

416 1238 557 1293 dius.
596 1236 772 1292 Vultis
800 1218 966 1291 alium
995 1251 1207 1306 quoque
1236 1250 1507 1291 carcerem
1549 1235 1702 1290 vobis
1744 1246 1990 1290 revocem

419 1328 470 1380 in
516 1325 873 1382 memoriam?
915 1325 997 1381 Ab
1045 1325 1145 1379 hac
1189 1336 1376 1380 catena
1421 1326 1473 1378 in
1516 1324 1680 1379 alium
1720 1338 1992 1379 carcerem

417 1419 739 1475 veniendum
786 1426 888 1473 est.
941 1417 1237 1483 Quemnam
1282 1416 1489 1471 vultis?
1526 1415 1847 1471 .leremiaene
1872 1457 1889 1485 ,
1925 1431 1994 1470 an

417 1509 634 1579 iosephi
662 1551 678 1577 ,
708 1525 776 1563 an
823 1508 1098 1564 Joannis?
1138 1507 1288 1563 Pauli
1332 1515 1537 1563 catenae
1582 1508 1757 1577 gratia
1787 1525 1801 1561 :
1832 1522 1994 1576 quam

420 1601 618 1657 multos
659 1600 891 1656 orationi
939 1609 1140 1655 nostrae
1181 1599 1393 1671 aperuit
1437 1600 1722 1655 carceres!
1755 1598 1996 1655 Vultisne

416 1692 683 1749 Joannis?
730 1692 953 1748 Vinctus
984 1692 1083 1747 fuit
1118 1691 1204 1746 hic
1241 1706 1455 1762 quoque
1481 1698 1699 1761 propter
1728 1689 1996 1746 Christum

418 1794 475 1841 et
516 1784 688 1855 legem
726 1784 843 1838 Dei.
884 1783 1022 1852 Quid
1056 1798 1186 1854 ergo
1208 1823 1224 1851 ,
1257 1782 1425 1839 fuitne
1469 1782 1674 1838 otiosus
1698 1797 1822 1837 cum
1850 1791 1997 1838 esset

420 1877 475 1931 in
514 1875 777 1931 carcere?
805 1889 986 1930 annon
1031 1875 1157 1931 inde
1194 1890 1263 1930 ex
1302 1888 1525 1930 carcere
1567 1874 1745 1930 missis
1783 1874 1998 1930 dicebat

418 1969 693 2040 discipulis
713 1968 827 2022 suis
849 2009 865 2033 ,
898 1968 1099 2023 Euntes
1123 1968 1285 2023 dicite
1312 1967 1525 2022 Christo
1545 1986 1558 2021 :
1578 1966 1657 2020 Tu
1682 1983 1734 2020 es
1760 1967 1846 2036 qui
1872 1982 1992 2019 uen-

1995 334 2009 349 .
2049 292 2203 349 CAP.
2243 284 2332 350 iV.
2374 288 2610 351 HOMIL.
2652 291 2743 348 IX.
3596 292 3666 356 '70

2092 413 2232 458 turus
2261 420 2412 472 es,an
2431 406 2589 459 alium
2608 414 2953 476 exspectamus
2974 403 3192 476 (Matth.
3214 407 3302 462 ii.
3331 406 3391 477 ὅ)
3411 407 3519 465 ?Et
3541 424 3665 465 cum

2095 496 2201 550 illic
2228 505 2373 551 esset
2403 535 2418 560 ,
2450 496 2677 552 docebat
2709 514 2725 552 :
2754 512 2859 551 non
2899 512 3043 552 enim
3069 507 3187 552 erat
3212 498 3511 568 negligens.
3554 498 3666 554 Sed

2093 586 2350 643 .lcremias
2375 603 2552 644 annon
2581 589 2827 660 praedixit
2850 588 2918 644 de
2941 590 3264 662 Babylonio,
3294 606 3415 660 quae
3441 593 3524 647 sui
3544 590 3675 647 ofli-

2094 684 2163 741 cii
2184 692 2338 739 erant
2352 683 2532 738 omnia
2552 684 2713 738 etiam
2746 684 2855 738 illic
2873 681 3077 739 faciens
3098 684 3121 737 ?
3145 682 3284 749 Quid
3306 699 3435 739 vero
3450 682 3677 755 Joseph?

2094 790 2273 831 annon
2301 776 2512 830 vinctus
2540 787 2653 830 erat
2685 790 2780 843 per
2806 776 3061 830 tredecim
3093 777 3306 830 annos?
3335 778 3582 832 Attamen
3607 792 3678 831 ne

2095 866 2205 923 illic
2232 867 2449 937 quidem
2496 868 2700 923 oblitus
2743 876 2828 922 est
2865 867 3100 923 virtutis.
3150 867 3283 923 Cum
3316 868 3493 925 adhuc
3517 868 3679 923 unius

2095 958 2305 1015 vincula
2332 958 2629 1014 dixerimus
2652 1001 2668 1026 ,
2699 959 2858 1013 linem
2887 959 3227 1029 imponemus
3251 960 3506 1015 orationi.
3539 960 3675 1014 Vin-

2096 1060 2216 1106 ctus
2254 1064 2467 1121 quoque
2494 1051 2592 1106 luit
2622 1051 2881 1107 Dominus
2915 1062 3101 1105 noster
3125 1091 3141 1115 ,
3174 1052 3266 1121 qui
3296 1052 3484 1107 orbem
3519 1060 3681 1107 terra:

2095 1142 2256 1197 solvit
2282 1158 2314 1197 a
2340 1142 2576 1213 peccatis
2605 1158 2621 1197 :
2650 1146 2845 1198 vinctae
2875 1154 2999 1198 sunt
3030 1158 3253 1209 manus,
3285 1160 3406 1215 quae
3430 1145 3575 1200 bona
3603 1146 3682 1200 fe—

2097 1242 2285 1290 cerunt
2319 1234 2767 1291 innumerabilia:
2808 1233 3042 1289 Vinctum
3087 1235 3233 1289 enim
3259 1274 3277 1301 ,
3308 1234 3481 1305 inquit
3510 1277 3526 1303 ,
3567 1253 3684 1290 eum

2098 1323 2352 1379 duxerunt
2392 1324 2461 1380 ad
2504 1324 2755 1396 Caipham
2783 1324 2803 1399 (
2834 1323 2919 1378 ld.
2954 1324 3047 1379 26.
3079 1325 3146 1379 57
3175 1324 3216 1396 ).
3253 1324 3316 1379 Et
3344 1326 3555 1380 vinctus
3581 1325 3684 1380 fuit

2099 1416 2188 1486 qui
2235 1425 2343 1469 tam
2401 1415 2567 1471 multa
2617 1416 2818 1471 iecerat
2866 1414 3148 1470 miracula.
3208 1415 3335 1469 Haec
3383 1416 3684 1486 cogitantes

2102 1522 2387 1578 numquam
2407 1522 2551 1577 aegre
2578 1505 2833 1573 feramus,
2855 1505 2948 1561 sed
2977 1507 3184 1561 etiamsi
3210 1505 3466 1563 fuerimus
3495 1507 3683 1575 vincti,

2100 1598 2456 1669 gaudeamus:
2480 1598 2583 1653 etsi
2609 1613 2717 1653 non
2744 1613 2930 1653 sumus
2963 1598 3017 1653 in
3047 1598 3293 1662 vinculis,
3322 1599 3492 1653 simus
3538 1609 3682 1653 tam-

2103 1706 2261 1757 quam
2303 1688 2562 1760 colligati.
2587 1688 2752 1745 Vides
2779 1699 3037 1758 quantum
3069 1688 3268 1744 bonum
3299 1690 3370 1745 sit
3393 1690 3685 1745 vinculum.

2105 1780 2228 1834 Haec
2250 1781 2427 1835 omnia
2468 1795 2589 1835 cum
2617 1780 2885 1846 sciamus,
2916 1780 3028 1835 Deo
3062 1781 3261 1850 gratias
3298 1794 3399 1850 pro
3440 1781 3689 1837 omnibus

2104 1875 2431 1940 emittamus,
2453 1873 2507 1927 in
2536 1871 2755 1928 Christo
2777 1872 2905 1928 Jesu
2939 1872 3163 1927 Domino
3190 1883 3401 1928 nostro.

428 2053 3688 2079 Μ

1824 2103 2168 2169 HOMILIA
2211 2098 2329 2160 ιχ.

425 2218 552 2273 Car.
594 2215 647 2269 4.
681 2229 733 2266 v.
771 2214 819 2269 ι.
854 2211 1071 2267 Obsecro
1113 2213 1281 2280 itaque
1322 2228 1408 2267 vos
1446 2228 1537 2284 ego
1582 2212 1775 2265 vinctus
1821 2212 1875 2264 in
1902 2210 2007 2263 Do-

497 2306 655 2370 mino,
686 2312 739 2357 ut
766 2303 917 2373 digne
942 2301 1207 2356 ambuletis
1234 2304 1500 2355 vocatione
1527 2318 1628 2371 qua
1652 2302 1815 2355 vocati
1842 2301 1958 2354 estis
1989 2342 2004 2367 ,

495 2397 548 2450 2.
580 2412 694 2449 cum
713 2395 848 2449 omni
878 2394 1161 2448 humilitate
1181 2403 1227 2447 et
1244 2394 1643 2453 mansuetudine,
1672 2408 1783 2445 cum
1807 2392 2005 2461 patien-

501 2488 592 2547 tia.
619 2495 973 2555 supportantes
1001 2484 1214 2538 invicem
1237 2484 1292 2537 in
1316 2484 1526 2537 caritate
1543 2523 1561 2549 ,
1591 2483 1644 2537 5.
1669 2481 1873 2535 solliciti
1897 2494 2007 2534 ser-

498 2595 615 2632 uare
640 2578 886 2630 unitatem
912 2576 1122 2646 spiritus
1148 2577 1201 2629 in
1228 2575 1434 2629 vinculo
1457 2576 1611 2645 pacis.

503 2669 555 2724 l.
589 2669 814 2723 Ostensa
842 2678 924 2722 est
950 2677 1152 2722 catenae
1178 2668 1327 2722 Pauli
1355 2683 1544 2738 magna
1561 2669 1728 2722 virtus
1747 2709 1761 2734 ,
1784 2676 1839 2722 et
1863 2680 2003 2738 prte-

434 2763 623 2817 clarior
649 2762 833 2831 signis.
853 2760 965 2815 Non
982 2770 1186 2817 temere
1206 2775 1334 2833 ergo
1349 2775 1448 2816 nec
1468 2760 1684 2827 frustra,
1705 2760 2002 2823 utvidetur,

431 2866 551 2909 eam
587 2854 790 2924 profert
815 2895 829 2917 ,
860 2852 955 2908 sed
986 2861 1253 2923 tamquam
1282 2868 1376 2923 per
1402 2853 1572 2922 ipsam
1596 2850 1803 2923 pudore
1834 2850 2005 2906 sulfu-

433 2964 611 3003 surus.
644 2947 711 3001 Et
736 2945 865 3017 quid
894 2945 1011 3000 ait?
1041 2944 1260 3000 Obsecro
1298 2946 1466 3013 itaque
1504 2961 1590 2999 vos
1614 2960 1706 3015 ego
1737 2944 1931 2997 vinctus
1952 2944 2007 2995 in

436 3038 656 3094 Domina
674 3080 690 3104 ,
720 3048 771 3092 ut
797 3038 947 3109 digne
975 3037 1239 3091 ambuletis
1260 3038 1517 3102 vocatione
1542 3053 1641 3106 qua
1667 3036 1830 3114 uocati
1865 3036 2004 3090 estis.

434 3130 716 3198 Quomodo
740 3130 763 3183 ἒ
793 3128 918 3183 Cum
945 3129 1079 3182 omni
1113 3128 1399 3182 humilitate
1426 3168 1442 3194 ,
1487 3143 1601 3180 cum
1628 3127 2011 3181 mansuetudine

434 3230 487 3275 et
515 3219 761 3292 patientia
780 3258 796 3285 ,
828 3219 957 3272 alter
984 3219 1200 3272 alterum
1226 3218 1526 3272 sustinentes
1553 3218 1606 3271 in
1632 3218 1865 3271 caritate.
1893 3216 2011 3272 Non

438 3311 754 3383 simpliciter
806 3311 1040 3365 vinctum
1094 3324 1214 3364 esse
1254 3309 1452 3364 bonum
1490 3318 1618 3375 est,
1653 3309 1748 3364 sed
1795 3319 2013 3381 propter

439 3402 711 3459 Christum
744 3415 868 3456 esse
898 3402 1161 3455 vinctum.
1188 3399 1481 3468 Pr0pterea
1510 3398 1643 3454 dicit
1669 3441 1683 3465 ,
1723 3399 1930 3454 Vinctus
1959 3401 2014 3453 in

444 3493 684 3557 Domino,
714 3493 766 3547 id
789 3500 892 3559 est,
918 3500 1135 3560 propter
1158 3490 1449 3545 Christum.
1468 3489 1610 3545 Nihil
1634 3490 1711 3544 illi
1739 3490 1815 3545 rei
1843 3499 2017 3559 potest

443 3584 779 3655 atquiparari.
829 3582 935 3639 Sed
974 3591 1166 3637 catena
1194 3597 1293 3637 nos
1318 3582 1488 3652 magis
1513 3581 1775 3636 abstrahit
1802 3589 1859 3637 et
1880 3582 2018 3636 avel-

445 3678 510 3731 lit
535 3692 566 3731 a
593 3675 902 3746 propositis,
938 3682 993 3729 et
1020 3688 1127 3728 non
1149 3673 1475 3727 sustinemus
1495 3672 1784 3737 resistere,
1815 3670 1908 3727 sed
1938 3671 2020 3725 in-

444 3768 538 3822 viti
577 3766 881 3828 trahimur;
914 3765 1023 3819 imo
1046 3764 1288 3818 volentes
1315 3771 1369 3817 et
1392 3771 1662 3832 optantes.
1706 3761 1776 3816 Et
1813 3763 2017 3817 utinam

444 3874 657 3928 semper
685 3857 814 3911 mihi
835 3856 1020 3911 liceret
1045 3855 1189 3925 loqui
1210 3853 1277 3908 de
1296 3862 1483 3909 catena
1506 3852 1678 3908 Pauli.
1702 3852 1808 3908 Sed
1836 3868 1904 3908 ne
1932 3854 2023 3908 ob-

448 3950 762 4019 torpescatis
789 3966 804 4003 :
836 3947 956 4002 volo
980 3946 1155 4001 adhuc
1183 3938 1533 4015 quaestionem
1562 3952 1794 3999 tractare
1815 3985 1830 4011 ,
1862 3958 2022 4015 quam

447 4041 603 4096 multi
631 4039 896 4095 ederunt:
926 4038 1035 4094 Sed
1063 4038 1107 4093 si
1133 4038 1289 4092 bona:
1313 4045 1440 4090 sunt
1463 4051 1718 4091 aerumna:
1744 4077 1758 4100 ,
1791 4050 1888 4091 cur
1908 4037 2024 4107 ipse

447 4147 508 4188 se
545 4131 839 4187 defendens
875 4130 1015 4199 apud
1068 4129 1358 4200 Agrippam
1403 4127 1658 4195 dicebat,
1701 4128 1837 4198 Opto
1883 4126 2025 4197 apud

449 4222 616 4277 Deum
641 4232 689 4278 et
714 4223 769 4276 in
798 4222 997 4275 modico
1031 4231 1083 4274 et
1124 4222 1178 4274 in
1204 4237 1389 4292 magno
1421 4261 1437 4287 ,
1464 4237 1567 4275 non
1602 4230 1799 4274 tantum
1825 4230 1906 4286 te,
1936 4220 2025 4275 sed

449 4315 600 4368 etiam
623 4328 817 4379 omnes,
835 4312 921 4383 qui
944 4328 1025 4366 me
1049 4312 1263 4365 audiunt
1287 4311 1454 4379 hodie,
1479 4311 1589 4380 ﬁeri
1610 4312 1760 4378 tales,
1789 4312 1955 4383 qualis
1978 4320 2028 4365 et

451 4422 543 4476 ego
572 4421 704 4470 sum,
720 4405 940 4474 exceptis
963 4403 1179 4458 vinculis
1204 4404 1283 4457 his
1311 4404 1331 4474 (
1356 4404 1468 4457 Act.
1494 4404 1584 4458 26.
1616 4403 1687 4459 29
1710 4405 1756 4475 )?
1774 4404 1889 4458 Non
1912 4404 2028 4460 hmc

451 4496 667 4552 dicebat
692 4507 959 4566 tamquam
989 4495 1305 4550 existimans
1336 4510 1452 4550 rem
1484 4510 1605 4550 esse
1634 4495 2027 4565 deprecandam

453 4596 510 4642 et
534 4585 951 4651 exsecrandam;
983 4585 1125 4640 absit
1151 4600 1169 4644 ε
1199 4600 1303 4639 non
1326 4586 1467 4640 enim
1497 4627 1511 4649 .
1539 4585 1583 4641 si
1614 4601 1700 4641 res
1730 4595 1875 4641 esset
1895 4588 2027 4642 abo-

457 4677 708 4733 minanda
736 4720 751 4743 ,
782 4679 1102 4747 gloriaretur
1125 4676 1193 4732 de
1219 4677 1446 4732 vinculis
1463 4710 1480 4745 ,
1508 4678 1577 4734 de
1598 4680 1903 4736 carceribus
1924 4722 1939 4746 ,
1962 4681 2030 4736 de

460 4770 584 4824 aliis
622 4767 1007 4824 afflictionibus
1030 4787 1042 4823 :
1068 4783 1169 4824 nec
1202 4770 1448 4825 scribens
1489 4770 1754 4838 dixisset,
1784 4770 2032 4827 Lubenter

457 4863 715 4934 gloriabor
740 4863 793 4916 in
822 4862 1202 4931 inﬁrmitatibus
1233 4864 1355 4918 meis
1388 4863 1409 4935 (
1434 4863 1488 4916 2.
1525 4862 1644 4918 Cor.
1671 4864 1758 4918 i2.
1790 4865 1864 4937 9)
1888 4882 1905 4932 ;
1936 4866 2031 4922 sed

460 4955 627 5024 quid?
653 4954 764 5009 Hoc
787 4955 960 5025 ipsum
991 4964 1109 5009 erat
1131 4954 1383 5010 indicium
1412 4997 1427 5020 ,
1455 4957 1597 5026 quod
1629 4959 1801 5028 magni
1834 4958 2035 5015 faceret

461 5046 691 5101 vincula.
712 5046 863 5101 Sicut
888 5047 1032 5101 enim
1058 5045 1271 5101 dicebat
1301 5048 1544 5103 scribens
1581 5050 1650 5103 ad
1680 5048 1989 5107 Corinthios
2015 5071 2029 5108 :

461 5135 566 5191 Lac
584 5138 721 5191 vobis
749 5146 923 5207 potum
950 5137 1087 5203 dedi,
1116 5154 1219 5192 non
1246 5154 1453 5204 escam;
1478 5140 1702 5193 nondum
1728 5142 1861 5195 enim
1890 5153 2036 5214 pote-

463 5230 587 5281 ratis
616 5228 692 5299 (Ι.
714 5227 834 5283 Cor.
867 5230 921 5284 ‘5.
950 5228 1010 5300 2)
1044 5246 1058 5282 :
1089 5230 1160 5284 ita
1194 5230 1279 5285 hic
1301 5245 1514 5302 quoque
1540 5249 1645 5287 non
1668 5244 1917 5304 poterant
1935 5252 2032 5292 au-

464 5319 583 5374 dire
609 5318 1062 5388 pulchritudinem
1090 5336 1188 5375 nec
1213 5321 1463 5377 decorem
1492 5339 1589 5378 nec
1615 5325 1898 5381 utilitatem
1921 5328 2039 5384 vin-

462 5411 729 5465 culorum.
760 5411 1046 5482 Propterea
1069 5411 1215 5477 dicit,
1245 5408 1483 5485 Exceptis
1512 5416 1589 5471 In’s
1612 5417 1823 5472 vinculis
1851 5417 2037 5493 (Hebr.

471 5504 557 5559 i3.
583 5503 661 5574 5).
707 5502 861 5573 Apud
893 5503 1151 5559 Hebraeos
1178 5513 1355 5560 autem
1385 5522 1492 5562 non
1521 5508 1594 5563 ita
1614 5550 1631 5574 ,
1659 5509 1755 5565 sed
1781 5511 2042 5568 suadebat

470 5601 530 5648 ut
555 5593 713 5650 simul
754 5594 1079 5650 vincirentur
1106 5610 1226 5652 cum
1268 5597 1479 5653 vinctis.
1519 5598 1808 5671 Propterea
1846 5612 1900 5658 et
1928 5605 2042 5674 ipse

472 5685 750 5742 tutabatur
780 5696 999 5757 propter
1024 5687 1235 5743 vincula
1268 5728 1283 5752 ,
1331 5697 1386 5743 et
1422 5690 1752 5748 vinciebatur
1778 5733 1794 5760 ,
1837 5705 1891 5750 et
1917 5710 2040 5752 cum

476 5775 663 5836 vinctis
701 5778 1061 5836 abducebatur
1086 5780 1138 5835 in
1176 5782 1493 5843 custodiam.
1526 5784 1712 5858 Magna
1733 5796 1817 5844 est
1846 5789 1924 5846 vis
1944 5805 2036 5848 ca-

784 5898 1053 5963 Pareot.
1100 5870 1215 5965 ει.
1261 5900 1455 5965 LXII.

2115 2231 2251 2277 lena:
2293 2221 2439 2275 Pauli
2469 2238 2482 2275 :
2514 2220 2713 2276 sufficit
2744 2235 2843 2292 pro
2869 2222 3119 2278 omnibus
3149 2222 3251 2280 hoc
3278 2227 3643 2294 spectaculum
3674 2271 3692 2297 ,

2111 2313 2335 2368 Paulum
2361 2312 2541 2366 videre
2562 2312 2818 2379 vinctum,
2847 2322 2903 2367 et
2924 2313 3171 2369 eductum
3194 2330 3475 2371 ecarcere.
3504 2317 3697 2374 Videre

2112 2406 2343 2459 vinctum
2384 2412 2440 2459 et
2470 2403 2613 2457 intus
2642 2403 2917 2458 sedentem
2948 2444 2964 2470 ,
2994 2421 3094 2475 qua
3138 2405 3413 2477 voluptate
3457 2424 3563 2463 non
3609 2420 3693 2464 est

2112 2497 2227 2551 haec
2251 2493 2465 2563 major?
2490 2509 2597 2564 quo
2624 2495 2794 2565 pretio
2817 2509 2931 2549 rem
2956 2510 3064 2549 non
3092 2496 3468 2553 aestimaverim
3496 2500 3520 2554 ?

2179 2586 2555 2657 Imperatorum
2588 2596 2636 2641 et
2670 2585 2947 2641 Consulum
2980 2589 3146 2641 cultus
3175 2606 3290 2642 cum
3318 2590 3536 2660 spiritali
3558 2594 3698 2647 cultu

2111 2676 2273 2732 Pauli
2296 2694 2324 2732 e
2344 2692 2543 2731 carcere
2561 2678 2788 2731 exeuntis
2807 2688 3147 2747 comparatus.
3165 2679 3364 2735 —Non
3388 2681 3576 2737 videtis
3597 2684 3700 2737 lm-

2118 2777 2394 2838 peratores
2420 2777 2476 2823 et
2497 2767 2755 2824 Consules
2780 2784 2939 2823 curru
2964 2780 3219 2840 gestatos,
3234 2782 3289 2827 et
3308 2788 3439 2827 auro
3458 2786 3699 2844 ornatos,

2113 2870 2168 2917 et
2207 2861 2465 2917 satellites
2502 2863 2680 2917 omnia
2711 2862 2969 2919 habentes
2996 2881 3156 2921 aurea
3178 2906 3193 2931 ,
3225 2883 3415 2923 aureas
3446 2868 3659 2926 lanceas
3682 2915 3699 2940 ,

2114 2968 2306 3012 aureos
2331 2955 2548 3027 clypeos
2567 2996 2584 3023 ,
2613 2970 2803 3010 aureas
2826 2966 3005 3013 vestes
3025 2999 3040 3023 ,
3068 2974 3236 3029 equos
3274 2962 3449 3018 aureis
3484 2974 3703 3021 ornatos

2115 3047 2419 3118 ephippiis?
2445 3047 2616 3116 Quam
2642 3057 2727 3104 est
2750 3048 2853 3104 hoc
2876 3053 3242 3120 spectaculum
3270 3055 3360 3109 illo
3380 3057 3705 3122 jucundius?

2116 3136 2329 3196 Mallem
2353 3139 2521 3195 semei
2541 3140 2724 3196 videre
2753 3141 2974 3197 Paulum
2996 3158 3028 3199 e
3047 3160 3263 3203 carcere
3282 3159 3563 3205 exeuntem
3580 3166 3704 3207 cum

2116 3231 2312 3286 vinctis
2336 3273 2351 3297 ,
2384 3247 2543 3303 quam
2580 3232 2773 3289 millies
2810 3235 2930 3291 illos
2952 3236 3211 3295 deductos
3235 3255 3357 3295 cum
3385 3243 3473 3297 illa
3500 3245 3705 3300 satelli—

2121 3329 2230 3375 tum
2260 3323 2571 3391 stipantium
2596 3334 2831 3380 caterva.
2858 3326 3027 3394 Quam
3056 3328 3254 3384 multos
3274 3331 3587 3389 existimatis
3608 3350 3707 3390 an-

2120 3415 2268 3484 gelos
2294 3431 2416 3470 eum
2441 3418 2803 3485 praecessisse,
2824 3420 3039 3489 quando
3063 3422 3141 3476 sic
3165 3422 3529 3480 educebatur?
3551 3427 3706 3496 Quod

2122 3516 2297 3562 autem
2328 3521 2433 3562 non
2466 3510 2727 3574 mentiar,
2759 3524 2827 3565 ex
2854 3513 3021 3567 veteri
3048 3514 3277 3583 quadam
3309 3516 3529 3573 historia
3557 3522 3710 3576 vobis

2124 3597 2313 3652 faciam
2355 3600 2717 3668 perspicuum.
2762 3602 2984 3657 Elisazus
3022 3603 3318 3674 propheta,
3352 3607 3491 3665 forte
3530 3621 3707 3667 autem

2124 3688 2367 3760 quisnam
2414 3690 2483 3745 sit
2526 3691 2707 3759 scitis,
2748 3707 2868 3747 cum
2912 3709 3009 3749 rex
3049 3694 3220 3768 Syriae
3258 3697 3456 3755 bellum
3500 3716 3713 3773 gereret

2125 3780 2381 3837 adversus
2419 3796 2598 3853 regem
2639 3784 2801 3839 Israel
2826 3824 2842 3851 ,
2882 3784 3077 3842 sedens
3115 3788 3255 3858 apud
3295 3805 3356 3847 se
3389 3790 3444 3846 in
3474 3794 3712 3852 medium

2128 3870 2431 3940 proferebat
2472 3888 2821 3945 quaecumque
2866 3876 2957 3930 ille
3000 3878 3053 3932 in
3100 3877 3303 3935 intimis
3348 3887 3714 3951 penetralibus

2127 3962 2463 4018 consultabat
2492 3980 2614 4018 cum
2652 3964 2718 4019 iis
2743 3980 2881 4035 quos
2908 3967 3193 4024 adhibebat
3222 3971 3289 4025 ad
3318 3975 3601 4031 consilium
3632 3980 3713 4048 (4.

2130 4051 2259 4124 Reg.
2284 4055 2337 4108 6.
2363 4053 2443 4125 8);
2473 4064 2528 4109 et
2556 4054 2697 4126 regis
2720 4058 2941 4112 consilia
2968 4057 3197 4115 faciebat
3225 4061 3395 4132 irrita,
3416 4067 3717 4137 praedicens

2129 4158 2323 4198 arcana
2347 4184 2363 4209 ,
2396 4156 2451 4199 et
2479 4160 2585 4200 non
2621 4146 2805 4202 sinens
2845 4148 3084 4205 incidere
3126 4151 3177 4206 in
3220 4153 3441 4225 laqueos
3468 4173 3603 4229 quos
3627 4161 3717 4217 ille

2132 4234 2402 4291 tendebat.
2437 4234 2548 4291 Hoc
2577 4252 2755 4308 regem
2782 4239 2922 4295 male
2949 4239 3209 4309 habebat,
3240 4254 3294 4300 et
3321 4249 3501 4305 animo
3527 4254 3717 4312 anxius

2134 4327 2185 4382 in
2213 4343 2400 4397 magna
2430 4338 2543 4383 erat
2568 4330 2918 4398 perplexitate
2947 4343 3000 4387 et
3030 4333 3385 4408 haesitatione,
3410 4351 3469 4396 ut
3493 4347 3578 4414 qui
3608 4363 3717 4403 non

2136 4426 2317 4487 posset
2340 4418 2653 4485 resciscere,
2674 4420 2918 4489 quisnam
2945 4432 3089 4477 esset
3111 4426 3198 4494 qui
3226 4432 3403 4486 omnia
3428 4435 3714 4508 proferret,

2136 4517 2190 4563 et
2217 4509 2459 4562 tenderet
2486 4508 2705 4564 insidias
2732 4511 3013 4583 irritasque
3037 4516 3286 4574 redderet
3304 4522 3423 4592 ejus
3446 4529 3720 4587 machina-

2138 4600 2329 4655 tiones.
2375 4599 2438 4653 Εἰ
2482 4615 2610 4670 ergo
2650 4602 2908 4658 dubitanti
2952 4614 3007 4660 et
3042 4622 3258 4665 causam
3292 4621 3549 4683 quaerenti
3588 4624 3722 4682 dixit

2139 4693 2352 4763 quidam
2382 4708 2446 4747 ex
2478 4694 2795 4787 satellitibus
2815 4730 2833 4764 -,
2861 4713 2983 4754 esse
3007 4703 3293 4772 quemdam
3317 4707 3572 4770 Elisazum
3597 4733 3722 4787 pro-

2140 4786 2367 4883 phetam-
2398 4786 2672 4843 sedentem
2704 4788 2758 4843 in
2788 4790 3027 4848 Samaria
3051 4837 3067 4862 ,
3095 4798 3185 4867 qui
3215 4814 3322 4857 non
3349 4804 3552 4863 sineret
3582 4816 3725 4883 regis

2140 4878 2457 4933 sententiam
2488 4893 2609 4935 esse
2636 4881 2866 4951 ﬁrmam,
2893 4885 2986 4940 sed
3016 4890 3194 4945 omnia
3226 4895 3506 4963 proferret.
3535 4901 3585 4957 is
3612 4878 3726 4961 eiii-

2141 4971 2376 5026 stimavit
2398 4986 2459 5027 se
2488 4980 2654 5027 totum
2684 4975 2971 5035 invenisse.
3002 4979 3139 5048 Sed,
3169 4995 3227 5039 ut
3252 4986 3469 5061 videas,
3498 5010 3564 5049 eo
3591 4999 3726 5056 nihil

2142 5073 2257 5118 erat
2284 5064 2552 5121 miserius.
2579 5064 2713 5121 Cum
2738 5080 3009 5138 oporteret
3034 5076 3204 5131 virum
3232 5079 3527 5156 honorare,
3555 5091 3728 5149 admi-

2148 5154 2273 5218 rari,
2317 5164 2554 5226 stupere,
2583 5157 2627 5211 si
2659 5166 2857 5215 tantam
2889 5162 3113 5221 haberet
3148 5170 3418 5241 virtutem,
3448 5154 3728 5240 utvsedcns

2147 5254 2253 5338 tam
2280 5245 2461 5338 multis
2488 5255 2725 5302 remotus
2750 5252 2958 5322 stadiis,
2983 5257 3146 5311 sciret
3167 5276 3516 5338 quaecumque
3540 5272 3728 5332 ﬁerent

2147 5336 2200 5389 in
2224 5336 2747 5434 regis-penetralibus
2767 5382 2781 5405 ,
2812 5344 2956 5398 nullo
2982 5354 3353 5423 renuntiante;
3382 5336 3486 5416 hoc
3512 5366 3726 5434 quidem

2150 5441 2257 5526 non
2283 5425 2428 5493 fecit,
2460 5429 2553 5483 sed
2586 5430 2822 5488 irritatus
2846 5446 2899 5490 et
2930 5437 3006 5492 ira
3036 5444 3289 5511 percitus,
3319 5425 3730 5526 coactis-equiti-

2150 5518 2251 5574 bus
2276 5528 2331 5574 et
2355 5522 2575 5576 armatis
2600 5523 2878 5596 militibus,
2902 5544 2997 5585 eos
3023 5534 3183 5589 mittit
3207 5540 3522 5610 prophetam
3548 5518 3730 5611 obses.

2152 5624 2328 5667 suros.
2374 5611 2505 5667 Erat
2533 5624 2707 5670 autem
2741 5618 2936 5675 Elismo
2964 5622 3256 5695 discipulus
3281 5632 3457 5691 adhuc
3484 5640 3538 5695 in
3565 5648 3730 5700 vesti-

2153 5703 2293 5805 bulis
2319 5706 2633 5805 prophetiae,
2662 5713 2751 5781 qui
2778 5714 3013 5771 nondum
3041 5718 3289 5790 dignatus
3313 5740 3458 5786 esset
3481 5742 3735 5805 consequi

2152 5799 2413 5870 ejusmodi
2462 5804 2833 5863 revelationes.
2895 5811 3248 5872 Accesserunt
3302 5825 3444 5892 regis
3496 5799 3723 5897 milites,

3307 5929 3346 5991 5
