4060 6400
355 326 412 378 1i
1046 313 1103 370 S.
1142 307 1418 367 JOANNIS
1453 296 1921 360 CHRYSOSTUMI
1958 294 2274 355 ARCHIEP.
2306 299 2833 358 CONSTANTINOP.

358 450 627 510 nunquam
669 430 895 489 vincturi
935 428 1203 483 hominem
1227 464 1245 493 ,
1285 424 1392 478 imo
1432 433 1561 475 vero
1599 415 1933 510 prophetam.

358 506 873 587 ltursus‘iucidimus
892 522 945 577 in
968 518 1197 583 vincula,
1217 524 1292 578 et,
1314 513 1440 585 quid
1460 509 1685 567 faciam?
1705 506 1937 576 undique

357 624 475 678 haec
501 621 579 677 sic
610 616 913 675 contexitur
937 611 1130 667 oratio.
1160 607 1296 664 Cum
1322 613 1500 659 autem
1526 599 1752 656 vidisset
1777 594 1939 651 disci-

358 714 514 785 pulus
540 710 773 768 militum
801 703 1191 762 multitudinem
1207 741 1222 769 ,
1249 696 1540 767 obstupuit,
1563 696 1860 785 timensque
1885 696 1941 785 et

362 777 597 858 iremens
621 811 907 854 accurrens
926 793 993 849 ad
1016 791 1348 862 magistrum,
1371 783 1694 842 renuntiavit
1716 777 1938 835 calami-

361 905 524 950 tatem
544 901 602 949 ut
622 889 859 962 putabat,
881 896 937 941 et
958 882 1262 941 inevitabile
1283 877 1602 950 significavit
1620 870 1936 962 periculum.

361 985 499 1041 Risit
521 958 779 1053 propheta
798 976 938 1049 quod
961 973 1225 1031 timuisset
1243 984 1361 1041 quae
1383 981 1489 1022 non
1509 973 1661 1019 erant
1674 958 1936 1024 timenda,

359 1084 416 1131 et
440 1074 689 1130 hortatus
723 1078 806 1125 est
834 1078 890 1123 ut
917 1063 1230 1122 confideret.
1270 1061 1367 1115 llle
1392 1067 1570 1113 autem
1597 1064 1657 1109 ut
1685 1053 1774 1123 qui
1799 1057 1942 1106 esset

358 1164 720 1239 imperfectus,
752 1175 856 1215 non
881 1156 1152 1221 credebat,
1183 1152 1277 1208 sed
1305 1166 1373 1205 ex
1397 1164 1457 1204 re
1481 1148 1593 1239 visa
1622 1143 1796 1239 adhuc
1820 1157 1945 1239 per-

359 1233 561 1323 culsus,
596 1254 876 1311 tenebatur
903 1258 1065 1304 metu.
1097 1244 1234 1312 Quid
1264 1257 1395 1297 vero
1423 1236 1719 1310 pr0pheta?
1747 1233 1899 1304 Aperi
1924 1273 1938 1294 ,

360 1350 565 1421 inquit,
597 1345 831 1405 Domine,
857 1341 1027 1395 oculos
1055 1336 1203 1407 hujus
1228 1332 1409 1404 pueri,
1440 1338 1488 1384 et
1511 1327 1675 1421 videat
1702 1325 1779 1421 (f.
1808 1323 1938 1421 Deg.

361 1443 415 1499 6.
434 1415 531 1511 17)
550 1452 671 1495 esse
691 1436 872 1506 plures
892 1431 1193 1494 uobiscum,
1216 1439 1374 1496 quam
1395 1436 1516 1477 cum
1538 1419 1688 1511 ipsis.
1713 1417 1780 1471 Et
1797 1415 1943 1469 videt

360 1510 582 1605 repente
598 1538 763 1585 totum
785 1534 1042 1588 montem,
1061 1534 1218 1590 quem
1237 1514 1508 1571 habitabat
1523 1510 1802 1605 propheta,
1821 1519 1942 1561 esse

360 1603 578 1701 plenum
604 1623 758 1694 equis
785 1619 955 1691 igneis
976 1624 1031 1671 et
1054 1610 1317 1684 ejusmodi
1336 1606 1581 1664 curribus
1606 1621 1620 1658 :
1643 1603 1745 1659 hoc
1763 1608 1941 1654 autem

361 1698 495 1778 nihil
519 1726 637 1775 erat
658 1713 805 1770 aliud
831 1725 990 1782 quam
1017 1716 1218 1763 structa
1245 1702 1388 1758 acies
1416 1698 1747 1770 angelorum.

412 1812 485 1867 ’2.
526 1810 582 1865 Si
607 1816 783 1863 autem
813 1802 1062 1858 Elisaeum
1086 1796 1154 1851 ad
1177 1794 1230 1850 id
1254 1793 1427 1849 solum
1455 1798 1600 1845 tanta
1621 1783 1944 1855 sequebatur

360 1906 504 1958 acies
523 1941 538 1967 ,
579 1897 707 1969 quid
748 1890 1008 1950 Paulum?
1053 1888 1166 1943 lloc
1194 1884 1354 1941 etiam
1385 1880 1594 1937 dicebat
1623 1875 1786 1969 David
1818 1888 1942 1969 pro-

362 1965 565 2067 pheta:
598 1965 789 2047 Castra
830 1984 1095 2039 metabitur
1138 1978 1348 2051 angelus
1390 1972 1599 2029 Domini
1639 1971 1692 2023 in
1735 1965 1944 2021 circuitu

362 2064 643 2145 iimentium
678 2096 830 2145 eum;
873 2090 926 2134 et
966 2089 1149 2132 rursus
1172 2114 1190 2140 ,
1219 2072 1285 2126 In
1311 2069 1543 2123 manibus
1570 2064 1743 2118 tollent
1770 2071 1817 2113 te
1839 2100 1855 2125 ,
1882 2073 1944 2110 ne

364 2180 567 2254 quando
609 2175 839 2243 offendas
882 2170 950 2224 ad
994 2167 1215 2238 lapidem
1268 2161 1441 2233 pedem
1469 2155 1650 2254 tuum(
1687 2152 1835 2254 13ml.-
1853 2150 1940 2203 55.

363 2246 417 2333 tl.
448 2286 491 2330 et
520 2273 610 2330 90.
643 2270 769 2341 12).
816 2267 885 2322 Et
923 2262 1049 2334 quid
1088 2261 1208 2315 dico
1245 2252 1501 2327 angelos?
1542 2251 1657 2341 ipse
1689 2246 1944 2341 Dominus

364 2375 481 2423 erat
521 2378 642 2419 cum
690 2336 808 2430 ipso
846 2352 1176 2426 egrediente.
1220 2348 1336 2402 Non
1374 2344 1516 2400 enim
1545 2340 1614 2395 ab
1642 2336 1945 2430 Abrahamo

364 2460 579 2533 quidem
602 2429 905 2516 videbatur,
935 2463 1040 2503 non
1062 2452 1179 2502 erat
1198 2450 1373 2497 autem
1395 2453 1514 2494 cum
1541 2442 1606 2490 eo
1630 2434 1781 2533 i-ipse
1796 2429 1945 2533 enim

365 2523 611 2626 promisit
658 2547 843 2602 dicens
869 2584 885 2610 ,
916 2540 1026 2612 Ego
1072 2536 1323 2591 vobiscum
1350 2548 1463 2587 sum
1505 2526 1734 2584 omnibus
1773 2523 1947 2626 diebus

365 2612 522 2715 usque
544 2641 612 2696 ad
638 2634 1117 2705 consummationem
1144 2625 1315 2681 saeculi
1340 2624 1357 2691 (
1384 2619 1570 2676 Matth.
1597 2618 1690 2715 28.
1719 2614 1789 2715 Si)
1810 2612 1851 2685 ).
1882 2613 1948 2667 Et

366 2707 553 2795 rursus
578 2735 645 2789 ab
672 2747 738 2787 eo
763 2730 909 2783 visus
934 2724 1182 2787 dicebat,
1213 2717 1338 2774 Noli
1368 2716 1567 2778 timere,
1598 2710 1687 2764 sed
1713 2707 1911 2776 loquere
1929 2745 1945 2771 ,

367 2833 487 2904 quia
526 2844 616 2899 ego
643 2842 756 2882 sum
790 2833 990 2884 tecum,
1024 2826 1070 2871 et
1100 2829 1245 2869 nemo
1272 2821 1317 2866 te
1342 2802 1950 2904 invadet-ut‘tihi‘noceat

374 2890 514 2995 (Act.
547 2890 635 2975 18.
667 2915 745 2985 9).
774 2913 942 2969 Porro
972 2910 1025 2963 in
1051 2904 1254 2962 somnis
1280 2913 1490 2995 quoque
1519 2895 1568 2952 ei
1596 2892 1838 2995 adstitit,
1867 2890 1950 2994 di-

369 2983 531 3071 cens:
561 2983 809 3065 Constans
838 3013 942 3059 esto
965 3017 984 3056 :
1006 3001 1133 3054 sicut
1158 2995 1290 3051 enim
1317 2991 1609 3061 testiﬁcatus
1635 3004 1687 3071 es
1710 2985 1772 3038 de
1796 2999 1873 3037 me
1897 2983 1951 3035 in

369 3104 679 3167 Jerusalem,
708 3098 778 3153 sic
805 3106 851 3151 te
879 3100 1074 3165 oportet
1104 3100 1151 3144 et
1180 3086 1357 3141 Romae
1384 3079 1670 3152 testiﬁcari(
1694 3077 1812 3131 Ibid
1839 3074 1947 3128 .25.

374 3202 489 3272 11).
514 3201 737 3265 Semper
759 3190 975 3263 quidem
997 3183 1166 3240 sancti
1190 3188 1314 3237 sunt
1333 3173 1695 3272 admirabiles,
1717 3178 1773 3272 et
1791 3168 1953 3223 multa

374 3261 520 3365 pleni
549 3261 756 3360 gratia;
781 3261 1020 3337 maxime
1046 3285 1228 3330 autem
1252 3267 1463 3342 quando
1493 3266 1545 3321 in
1574 3261 1956 3365 periculonver-

376 3352 579 3441 Isautur'
599 3386 817 3451 propter
843 3372 1115 3431 Christum
1139 3407 1156 3434 ,
1194 3363 1407 3437 quando
1434 3370 1559 3416 sunt
1584 3355 1767 3412 vincti.
1809 3352 1956 3451 Sicut

375 3480 519 3537 enim
565 3445 719 3530 miles
762 3468 914 3524 fortis
952 3473 1008 3521 et
1042 3471 1291 3518 strenuus
1316 3464 1399 3512 est
1427 3466 1640 3521 semper
1662 3445 1955 3519 jucundum

382 3568 723 3629 cernentibus
740 3559 1123 3635 spectaculum,
1139 3553 1369 3609 maxime
1385 3557 1561 3603 autem
1578 3540 1792 3635 quando
1808 3539 1958 3610 juxta

378 3668 553 3733 ipsum
596 3632 788 3728 regem
804 3651 1012 3709 steterit
1037 3656 1093 3704 et
1123 3646 1175 3699 in
1204 3642 1321 3698 acie
1348 3639 1508 3695 fuerit
1532 3635 1649 3733 :‘ita
1678 3632 1837 3688 etiam
1868 3644 1960 3684 co-

378 3728 486 3827 gita
515 3751 733 3809 Paulum
751 3788 767 3814 ,
797 3753 1052 3816 quantum
1084 3737 1277 3794 licebat
1299 3732 1500 3796 videre,
1530 3728 1808 3827 docentem

380 3812 512 3916 ipsis
540 3812 788 3896 vinculis.
814 3812 1000 3889 Dicam
1029 3838 1085 3886 et
1109 3828 1395 3899 cogitatum
1420 3819 1562 3916 quod
1591 3817 1801 3916 interim
1830 3812 1961 3867 mihi

380 3908 526 3993 venit
548 3934 603 3998 iu
626 3928 898 3986 mentem?
924 3926 1118 3980 Beatus
1139 3927 1341 3989 martyr
1359 3914 1585 3985 Babylas
1604 3908 1678 3982 (a)
1699 3910 1812 3977 ipse
1831 3921 1964 3970 quo-

382 4045 489 4103 que
518 4027 726 4082 vinctus
757 4021 857 4075 fuit
881 4018 950 4073 ob
979 4012 1220 4072 eamdem
1247 4022 1483 4070 causam,
1516 4003 1586 4058 ob
1614 4015 1772 4101 quam
1802 3998 1964 4103 Joan-

384 4087 480 4177 nes
499 4161 517 4188 ,
545 4126 605 4173 ut
633 4114 724 4186 qui
754 4125 933 4181 regem
964 4107 1142 4175 inique
1166 4116 1227 4157 se
1255 4107 1529 4170 gerentem
1558 4090 1813 4161 arguerit.
1850 4087 1966 4156 Ipse

388 4211 658 4269 decedens
698 4200 971 4261 mandavit
1007 4206 1069 4252 ut
1104 4192 1315 4249 vincula
1357 4193 1685 4259 ponerentur
1717 4196 1837 4236 cum
1869 4194 1967 4235 suo

388 4283 617 4376 corpore
639 4340 656 4369 ,
684 4306 741 4354 et
765 4306 960 4364 corpus
997 4286 1315 4358 sepeliretur
1340 4281 1572 4335 vinctum
1634 4284 1689 4376 et
1715 4270 1967 4376 nuncsiti

389 4364 513 4454 sunt
529 4364 819 4463 compedes
832 4400 955 4441 cum
970 4382 1171 4438 cinere.
1189 4376 1421 4433 Tantum
1441 4380 1558 4428 erat
1573 4369 1623 4426 ei
1644 4364 1968 4463 desiderium

388 4456 721 4544 vinculorum
749 4485 967 4552 propter
990 4470 1280 4529 Christum.
1306 4463 1525 4519 Ferrum
1551 4457 1839 4552 pertransiit
1858 4456 1971 4552 ani-

390 4598 477 4636 ma
501 4580 610 4650 eius
636 4576 657 4647 (
681 4548 828 4628 Ρεὶιι.
860 4568 986 4625 tot.
1016 4560 1149 4637 18),
1180 4559 1310 4617 dicit
1332 4555 1591 4650 propheta
1619 4551 1687 4607 de
1713 4548 1969 4650 Josepho.

392 4674 509 4728 Jam
528 4642 668 4725 vero
698 4664 949 4721 mulieres
974 4669 1185 4730 quoque
1214 4657 1531 4720 acceperant
1568 4645 1757 4701 horum
1783 4642 1971 4697 vincu-

392 4767 571 4821 lorum
593 4754 998 4829 experientiam.
1026 4751 1097 4805 At
1122 4761 1221 4803 nos
1245 4759 1354 4801 non
1381 4743 1609 4813 ligamur
1633 4756 1647 4794 :
1672 4752 1845 4808 neque
1873 4736 1974 4791 hoc

394 4852 596 4911 suadeo
614 4889 630 4916 ,
656 4861 779 4904 cum
818 4858 925 4899 non
959 4841 1029 4896 sit
1054 4852 1199 4893 nunc
1223 4846 1450 4905 tempus.
1481 4830 1560 4886 Ne
1585 4829 1719 4900 liges
1744 4841 1931 4882 manus
1955 4866 1972 4893 ,

394 4944 489 5002 sed
517 4949 773 4999 mentem.
820 4935 956 4991 Sunt
992 4933 1153 4987 etiam
1197 4927 1301 4982 alia
1330 4923 1539 4980 vincula
1569 4939 1585 4978 :
1611 4920 1699 4991 qui
1731 4918 1845 4973 haec
1873 4933 1979 4971 non

398 5038 617 5101 ferunt,
649 5031 823 5088 ferent
849 5027 961 5082 illa.
990 5020 1128 5079 Audi
1158 5019 1428 5074 Christum
1458 5015 1724 5070 dicentem
1758 5028 1770 5064 :
1803 5009 1983 5080 Ligate

406 5131 519 5202 ejus
543 5139 723 5181 manus
749 5132 795 5177 et
821 5119 970 5192 pedes
990 5114 1199 5189 (Matth.
1222 5112 1312 5167 22.
1342 5108 1454 5182 15).
1483 5108 1589 5202 Sed
1616 5107 1757 5202 absit
1781 5116 1840 5160 ut
1869 5105 1985 5159 illo-

405 5198 527 5277 rum
555 5214 887 5273 vinculorum
910 5207 1232 5278 accipiamus
1262 5201 1646 5274 experientiam
1664 5238 1679 5262 ,
1702 5198 1859 5254 detur
1885 5213 1983 5252 au-

407 5321 517 5367 tem
563 5316 620 5363 ut
656 5306 739 5361 his
779 5300 1111 5373 impleamur.
1145 5296 1268 5351 ldeo
1292 5292 1501 5348 dicebat
1532 5309 1547 5347 :
1576 5290 1684 5360 Ego
1713 5289 1904 5342 vinctus
1932 5289 1984 5341 in

406 5401 628 5457 Domino
650 5439 667 5467 ,
692 5411 817 5468 rogo
842 5409 929 5449 vos
951 5398 1004 5446 ut
1030 5389 1181 5459 digne
1204 5384 1468 5440 ambuletis
1492 5382 1746 5437 vocatione
1768 5397 1867 5451 qua
1892 5396 1982 5433 vo-

405 5492 507 5547 cati
535 5490 652 5545 estis
681 5487 900 5559 (Ephes.
926 5484 980 5539 4.
1013 5480 1126 5552 lii).
1154 5477 1357 5548 Caput,
1389 5473 1559 5545 inquit
1587 5489 1792 5541 rursus,
1822 5472 1986 5527 habe-

414 5597 533 5638 mus
553 5579 846 5637 Christum.
872 5574 983 5633 Nos
1007 5572 1163 5629 simul
1190 5569 1464 5626 suscitavit
1482 5578 1536 5623 et
1555 5566 1843 5623 consedere
1866 5565 1987 5621 fecit

470 5762 545 5823 (a)
572 5759 648 5811 De
667 5760 813 5810 beato
832 5756 1010 5821 Babyla
1024 5754 1135 5805 vide
1146 5765 1309 5816 supra,
1329 5751 1526 5813 Tom.2,
1543 5750 1635 5802 col.
1655 5751 1745 5802 527
1763 5758 1814 5803 et
1836 5766 1975 5815 seqq.

3554 296 3623 351 72

2053 410 2107 466 in
2136 413 2457 481 caelestibus,
2483 431 2604 470 cum
2635 431 2878 471 essemus
2904 415 3124 481 inimici,
3152 425 3207 470 et
3233 416 3371 470 mala
3404 414 3629 470 fecisse-

2042 518 2163 560 mus
2205 504 2630 563 innumerabilia.
2676 508 2865 579 Magna
2902 517 2988 564 est
3031 508 3279 576 vocatio,
3324 517 3379 562 et
3421 507 3488 562 ad
3534 522 3621 561 res

2043 610 2265 667 magnas
2290 616 2304 654 :
2328 614 2434 654 non
2462 600 2634 655 solum
2658 601 2802 673 quod
2825 600 3045 670 abillis,
3072 602 3172 657 sed
3196 601 3336 672 quod
3366 601 3524 657 etiam
3553 600 3622 654 ad

2042 687 2167 742 talia
2187 727 2203 755 ,
2228 698 2283 743 et
2308 690 2401 744 tali
2431 690 2612 747 modo.

2114 777 2282 849 Digne
2306 781 2567 836 ambulare
2597 782 2719 848 quid
2746 782 2830 837 sit.
2863 813 2934 823 —
2958 783 3239 850 Quomodo
3262 792 3437 839 autem
3464 785 3624 856 digne

2045 868 2387 925 ambulatur?
2416 871 2541 926 Cum
2570 874 2707 926 omni
2731 873 3035 927 humilitate.
3062 874 3162 943 Qui
3189 884 3271 929 est
3298 875 3439 942 talis,
3465 875 3623 945 digne

2044 960 2277 1015 ambulat
2301 979 2314 1015 :
2340 961 2440 1018 hoc
2467 974 2549 1018 est
2571 965 2969 1021 fundamentum
2998 967 3176 1020 omnis
3200 968 3431 1022 virtutis.
3462 968 3518 1023 Si
3548 970 3623 1023 sis

2045 1050 2282 1119 humilis,
2311 1064 2365 1107 et
2392 1054 2593 1125 cogites
2621 1057 2863 1125 quisnam
2893 1072 3013 1111 cum
3045 1073 3215 1125 esses,
3249 1059 3426 1113 salvus
3452 1060 3623 1115 factus

2044 1149 2122 1200 es,
2148 1139 2459 1191 memoriam
2485 1138 2682 1208 accipis
2700 1140 3033 1195 occasionem
3056 1141 3122 1196 ad
3145 1143 3417 1196 virtutem.
3442 1142 3624 1213 Neque

2044 1228 2270 1283 vinculis
2293 1229 2588 1298 extolleris,
2610 1246 2785 1302 neque
2815 1232 2896 1287 his
2924 1232 3052 1302 ipsis
3079 1249 3198 1303 quas
3223 1233 3352 1299 dixi,
3381 1234 3475 1291 sed
3501 1251 3620 1291 cum

2046 1320 2183 1375 scias
2209 1329 2375 1376 totum
2401 1337 2521 1377 esse
2546 1325 2749 1394 gratiae,
2777 1325 3002 1395 teipsum
3031 1326 3303 1380 contrahis
3326 1336 3380 1380 et
3403 1327 3625 1382 submit-

2052 1412 2140 1466 tis.
2168 1410 2267 1479 Qui
2295 1423 2377 1468 est
2405 1415 2640 1482 humilis,
2669 1424 2843 1486 potest
2860 1432 2988 1472 esse
3014 1432 3199 1473 servus
3224 1428 3406 1489 gratus
3430 1428 3484 1474 et
3510 1434 3624 1475 me-

2044 1518 2164 1558 mor
2186 1504 2453 1560 beneficii.
2485 1505 2621 1572 Quid
2646 1507 2778 1560 enim
2806 1508 2987 1571 habes,
3014 1508 3218 1579 inquit,
3244 1510 3378 1580 quod
3406 1526 3505 1563 non
3532 1527 3622 1563 ac-

2043 1596 2217 1666 cepisti
2242 1596 2336 1662 (1.
2374 1595 2492 1651 Cor.
2525 1599 2578 1653 4.
2622 1598 2653 1651 7
2678 1597 2737 1668 )?
2762 1598 2898 1653 Audi
2938 1614 3124 1654 rursus
3154 1615 3275 1655 eum
3308 1601 3614 1656 dicentem:

2046 1686 2281 1757 Amplius
2322 1687 2426 1741 illis
2468 1688 2695 1743 omnibus
2735 1688 2996 1755 laboravi;
3024 1707 3127 1744 non
3163 1707 3253 1762 ego
3291 1702 3493 1758 autem,
3532 1692 3622 1750 ωά

2046 1782 2211 1849 gratia
2238 1779 2335 1834 Dei
2359 1797 2553 1835 mecum
2574 1781 2593 1851 (
2616 1780 2750 1836 Ibid.
2780 1783 2869 1838 15.
2898 1783 3025 1853 10).
3057 1783 3183 1837 Cum
3208 1785 3344 1837 omni
3370 1825 3385 1850 ,
3415 1786 3619 1855 inquit,

2046 1872 2362 1937 humilitate;
2403 1888 2509 1927 non
2549 1888 2610 1928 ea
2649 1888 2767 1944 quae
2807 1883 2888 1928 est
2926 1874 2977 1928 in
3017 1875 3230 1940 verbis,
3258 1891 3357 1930 nec
3386 1875 3439 1931 in
3464 1876 3622 1931 rebus

2045 1964 2173 2018 solis
2196 2004 2212 2030 ,
2243 1964 2335 2019 sed
2375 1973 2431 2019 et
2467 1981 2586 2035 quae
2622 1975 2704 2021 est
2742 1967 2794 2020 in
2837 1965 3016 2020 habitu
3059 1981 3121 2021 ac
3159 1976 3310 2037 gestu
3338 1976 3392 2021 et
3419 1982 3623 2022 sermo-
3652 1972 3653 1977 ‘

2045 2071 2115 2111 ne
2157 2076 2170 2110 :
2212 2072 2317 2111 non
2357 2058 2409 2112 in
2452 2057 2593 2113 hunc
2635 2059 2848 2129 quidem
2902 2059 3155 2125 humilis,
3202 2059 3255 2114 in
3303 2061 3446 2114 illum
3492 2076 3623 2117 vero

2045 2148 2215 2204 audax
2248 2168 2262 2204 :
2295 2151 2346 2205 in
2389 2165 2578 2205 omnes
2618 2151 2693 2207 sis
2737 2152 2950 2207 humilis
2977 2194 2992 2218 ,
3023 2154 3134 2207 sive
3170 2154 3238 2207 sit
3272 2154 3475 2209 amicus
3510 2155 3657 2233 sive,

2046 2243 2313 2310 inimicus,
2338 2245 2450 2300 sive
2471 2261 2694 2315 magnus
2717 2246 2827 2300 sive
2848 2260 3041 2316 parvus
3065 2263 3079 2299 :
3105 2245 3205 2301 hoc
3226 2256 3307 2301 est
3328 2246 3617 2303 humilitas.

2048 2337 2219 2391 Etiam
2250 2339 2302 2392 in
2327 2347 2471 2393 recte
2504 2338 2658 2392 factis
2677 2338 2750 2393 sis
2775 2338 3007 2392 humilis.
3033 2337 3168 2392 Audi
3189 2338 3332 2392 enim
3354 2338 3621 2393 Christum

2047 2430 2314 2485 dicentem
2341 2471 2355 2494 ,
2385 2428 2529 2484 Beati
2559 2446 2805 2500 pauperes
2832 2429 3014 2500 spiritu
3038 2428 3249 2500 (Matth.
3272 2429 3324 2484 5.
3347 2428 3424 2499 5),
3447 2438 3499 2482 et
3524 2431 3624 2483 hoc

2047 2523 2276 2591 primum
2320 2531 2663 2578 statuentem.
2713 2522 2999 2591 Propterea
3044 2523 3158 2590 ipse
3198 2537 3408 2592 quoque
3448 2522 3573 2576 dicit
3607 2541 3619 2574 :

2048 2612 2174 2668 Cum
2199 2613 2334 2667 omni
2358 2613 2641 2667 humilitate
2665 2622 2710 2667 et
2729 2612 3110 2667 mansuetudine
3135 2624 3181 2666 et
3206 2613 3463 2683 patientia.
3492 2612 3623 2667 Nam

2051 2705 2166 2759 fieri
2199 2715 2375 2775 potest
2405 2715 2461 2760 ut
2490 2705 2561 2759 sit
2587 2705 2776 2776 aliquis
2806 2704 3039 2770 humilis,
3068 2704 3165 2760 sed
3189 2704 3312 2760 aeer
3337 2714 3390 2761 et
3418 2706 3628 2761 iracun-

2049 2796 2185 2862 dus;
2229 2796 2323 2851 sed
2367 2796 2417 2850 id
2459 2796 2590 2850 nihil
2634 2796 2853 2867 prodest
2881 2813 2895 2849 :
2923 2812 3065 2867 szepe
3103 2796 3243 2852 enim
3281 2797 3408 2852 dum
3446 2797 3513 2852 ab
3548 2798 3625 2853 ira

2053 2887 2371 2959 possidetur,
2402 2888 2579 2958 perdit
2606 2890 2802 2942 omnia.
2836 2887 3171 2956 Sustinentes,
3201 2889 3389 2959 inquit,
3417 2890 3628 2943 invicem

2050 2982 2105 3035 in
2131 2982 2358 3035 caritate.
2387 2981 2665 3049 Quomodo
2695 2989 2871 3051 potest
2898 2982 3149 3036 sustineri
3178 3022 3193 3050 ,
3224 2983 3269 3037 si
3299 2992 3381 3037 est
3410 2983 3626 3037 iracun-

2051 3072 2151 3127 dus
2170 3114 2186 3139 ,
2215 3074 2259 3125 si
2285 3082 2562 3126 accusator
2586 3082 2638 3125 et
2665 3071 2992 3126 maledicus?
3020 3072 3160 3127 Dixit
3185 3073 3343 3126 etiam
3373 3073 3585 3127 modum
3613 3092 3625 3125 :

2054 3163 2122 3219 In
2155 3166 2363 3219 caritate
2385 3206 2400 3231 ,
2431 3164 2619 3234 inquit.
2652 3162 2706 3218 Si
2739 3163 3036 3233 proximum
3065 3179 3173 3218 non
3201 3164 3431 3218 sustines
3450 3204 3465 3229 ,
3492 3180 3655 3239 quo-r

2055 3255 2215 3311 modo
2236 3265 2287 3311 te
2308 3256 2588 3311 sustinebit
2613 3255 2791 3309 Deus?
2816 3254 2861 3309 si
2891 3255 3004 3325 ipse
3029 3268 3133 3309 non
3158 3254 3266 3310 fers
3286 3270 3625 3323 conservum,

2055 3345 2322 3416 quomodo
2353 3354 2403 3401 te
2447 3344 2585 3400 feret
2628 3345 2919 3400 Dominus?
2969 3345 3070 3401 Ubi
3114 3353 3196 3401 est
3237 3347 3468 3415 caritas,
3502 3346 3657 3415 ferri,

2058 3446 2282 3509 possunt
2320 3438 2519 3493 omnia.
2567 3438 2786 3493 Solliciti
2831 3453 3027 3492 servare
3067 3438 3311 3492 unitatem
3346 3439 3550 3508 spiritus
3579 3440 3631 3493 in

2057 3534 2256 3588 vinculo
2298 3533 2455 3603 pacis.
2494 3531 2622 3603 Liga
2653 3548 2840 3587 manus
2880 3533 3096 3589 lenitate
3125 3543 3178 3587 et
3205 3535 3627 3591 mansuetudine.

2059 3627 2264 3697 Rursus
2312 3626 2587 3696 pulchrum
2633 3625 2786 3681 adest
2828 3640 3023 3680 nomen
3050 3668 3065 3692 ,
3108 3626 3378 3680 vinculum
3411 3643 3425 3680 :
3457 3626 3630 3696 ipsum

2059 3719 2379 3784 dimisimus,
2398 3728 2454 3775 et
2473 3718 2646 3789 ipsum
2668 3732 2853 3773 rursus
2870 3719 2934 3773 ad
2958 3734 3054 3773 nos
3077 3720 3324 3774 accurrit.
3352 3719 3632 3773 Pulchrum

2061 3822 2142 3867 est
2168 3811 2297 3865 illud
2320 3810 2587 3864 vinculum
2611 3849 2627 3875 ,
2657 3808 2932 3878 pulchrum
2960 3818 3014 3863 et
3043 3808 3145 3864 hoc
3170 3826 3183 3862 :
3207 3818 3261 3863 et
3286 3808 3416 3864 illud
3441 3825 3506 3865 ex
3536 3811 3636 3864 hoc

2063 3904 2320 3958 nascitur.
2351 3902 2603 3971 Teipsum
2631 3899 2820 3970 colliga
2846 3915 2968 3955 cum
2999 3900 3159 3954 fratre
3183 3916 3197 3955 :
3221 3901 3256 3955 ii
3278 3901 3454 3955 omnia
3480 3900 3636 3955 facile

2068 3993 2265 4058 ferunt,
2282 3993 2370 4063 qui
2388 4001 2512 4047 sunt
2528 3992 2753 4061 colligati
2774 3992 2824 4045 in
2843 3992 3081 4046 caritate.
3098 3991 3344 4061 Teipsum
3364 3993 3437 4047 illi
3458 3992 3635 4062 alliga,

2072 4099 2126 4144 et
2148 4089 2295 4142 illum
2320 4087 2411 4141 tibi
2433 4104 2445 4139 :
2465 4086 2739 4140 amborum
2759 4097 2813 4139 tu
2834 4100 2890 4140 es
2907 4084 3153 4140 dominus
3173 4102 3185 4137 :
3206 4100 3326 4140 nam
3344 4101 3499 4155 quem
3516 4086 3638 4140 volo

2083 4182 2314 4235 amicum
2336 4178 2531 4245 facere,
2550 4187 2736 4248 potero
2754 4193 2874 4232 cum
2899 4178 3165 4241 facilitate.
3190 4177 3421 4233 Sollicite
3437 4177 3642 4232 studen-

2082 4280 2175 4337 tes,
2200 4271 2387 4339 inquit.
2418 4268 2661 4324 Ostendit
2689 4284 2801 4323 rem
2826 4284 2931 4323 non
2956 4268 3108 4323 facile
3129 4269 3263 4335 fieri,
3286 4283 3384 4324 nec
3404 4284 3523 4324 esse
3543 4284 3641 4323 cu-

2070 4361 2311 4432 juslibet.
2348 4360 2619 4415 Studentes
2644 4401 2658 4423 ,
2687 4360 2890 4429 inquit,
2920 4375 3117 4414 servare
3144 4360 3387 4414 unitatem
3414 4361 3639 4430 spiritus.

2144 4453 2196 4507 5.
2238 4450 2375 4519 Quid
2415 4459 2499 4506 est
2541 4450 2718 4505 unitas
2767 4450 3019 4520 spiritus?
3048 4449 3195 4505 Sicut
3226 4451 3279 4504 in
3303 4465 3525 4520 corpore
3564 4460 3657 4511 est

2076 4556 2213 4596 unus
2246 4541 2465 4610 spiritus
2490 4541 2580 4611 qui
2606 4541 2783 4595 omnia
2808 4540 3047 4596 continet
3065 4581 3082 4608 ,
3110 4541 3319 4595 etiamsi
3346 4542 3397 4596 in
3425 4542 3646 4599 diversis

2078 4633 2332 4687 membris
2357 4672 2371 4695 ,
2405 4633 2476 4686 ita
2514 4632 2599 4686 hic
2626 4645 2858 4702 quoque.
2899 4632 3185 4702 Propterea
3215 4633 3356 4688 enim
3385 4633 3540 4690 datus
3568 4644 3652 4690 est

2076 4726 2315 4797 spiritus,
2341 4734 2398 4780 ut
2421 4740 2513 4781 eos
2538 4725 2684 4779 uniat
2707 4726 2796 4795 qui
2824 4732 2949 4780 sunt
2972 4724 3219 4794 disjuncti
3243 4740 3439 4796 genere
3459 4736 3513 4782 et
3534 4743 3652 4781 mo—

2078 4819 2246 4875 ribus.
2274 4819 2405 4873 Nam
2432 4833 2592 4874 senex
2619 4826 2673 4872 et
2692 4818 2922 4888 juvenis,
3026 4832 3226 4888 pauper
3250 4826 3305 4873 et
3327 4817 3497 4885 dives,
3521 4835 3653 4888 puer

2080 4920 2136 4967 et
2163 4912 2401 4983 ephebus
2422 4954 2438 4978 ,
2468 4911 2663 4966 mulier
2690 4920 2745 4967 et
2770 4910 2851 4965 vir
2871 4952 2886 4976 ,
2917 4919 2973 4966 et
2998 4911 3173 4965 omnis
3197 4912 3371 4966 anima
3403 4912 3463 4966 fit
3487 4927 3650 4967 unum

2081 5004 2387 5076 quidpiam;
2417 5012 2475 5060 et
2501 5006 2669 5075 magis
2692 5018 2849 5074 quam
2877 5004 2920 5058 si
2949 5012 3092 5059 esset
3118 5019 3279 5059 unum
3302 5019 3514 5074 corpus.
3541 5003 3654 5059 llac

2084 5097 2226 5153 enim
2266 5097 2583 5166 cognatione
2622 5095 2709 5149 illa
2738 5106 2821 5151 est
2853 5095 3020 5150 multo
3052 5095 3222 5165 major
3243 5136 3260 5162 ,
3291 5104 3346 5151 et
3372 5106 3455 5151 est
3482 5096 3657 5166 potior

2086 5188 2201 5245 haec
2229 5188 2444 5244 unitatis
2468 5188 2745 5258 perfectio.
2771 5188 2976 5242 Animae
2996 5187 3138 5243 enim
3159 5187 3463 5256 conjunctio
3488 5203 3551 5244 eo
3573 5198 3659 5243 est

2086 5282 2384 5337 accuratior
2421 5289 2476 5336 et
2507 5281 2742 5336 exactior
2768 5321 2783 5346 ,
2811 5296 2917 5349 quo
2951 5289 3033 5335 est
3072 5279 3364 5349 simplicior
3390 5288 3444 5334 et
3470 5277 3658 5334 formae

2088 5376 2265 5430 unius.
2314 5373 2593 5441 Quomodo
2630 5382 2806 5429 autem
2848 5388 2910 5428 ea
2949 5372 3330 5428 conservatur?
3357 5370 3426 5425 In
3461 5371 3660 5425 vinculo

2088 5470 2249 5539 pacis.
2277 5468 2419 5523 Fieri
2451 5483 2555 5521 non
2584 5474 2760 5537 potest
2788 5475 2842 5519 ut
2868 5480 2931 5521 ea
2964 5465 3033 5520 sit
3066 5464 3120 5519 in
3150 5463 3440 5519 inimicitiis
3468 5471 3523 5518 et
3551 5462 3661 5517 dis—

2089 5561 2357 5616 sensione.
2394 5557 2492 5613 Ubi
2518 5560 2649 5613 enim
2674 5568 2817 5623 sunt,
2848 5556 3035 5627 inquit,
3061 5556 3115 5610 in
3139 5555 3274 5609 vobis
3297 5555 3409 5610 lites
3433 5564 3481 5608 et
3501 5570 3661 5610 temu-

2091 5651 2299 5706 lationes
2318 5660 2364 5706 et
2380 5650 2727 5714 dissensiones,
2747 5666 2916 5703 annon
2935 5648 3162 5703 carnales
3177 5648 3315 5718 estis,
3330 5656 3378 5702 et
3391 5647 3663 5702 scandunt

2091 5746 2340 5803 hominem
2375 5744 2639 5799 ambulatis
2673 5742 2747 5814 (l.
2781 5741 2895 5797 Cor.
2928 5744 2979 5798 5.
3010 5741 3107 5812 5)?
3134 5740 3281 5798 Sicut
3314 5741 3455 5797 enim
3483 5740 3617 5809 ignis
3640 5776 3659 5801 .
