4060 6400
468 327 526 384 71
1328 321 1395 377 ΙΝ
1431 322 1646 382 EPIST.
1689 325 1781 380 AD
1819 326 2062 384 EPHES.
2093 327 2246 381 CAP.
2283 327 2370 384 IV.
2414 329 2645 386 HOMIL.
2681 332 2767 387 IX.
3627 349 3697 404 73

463 439 766 509 διδασκάλῳ
783 479 797 502 ,
829 438 927 509 τὴν
953 439 1260 510 συμφορὰν,
1287 439 1362 503 ὡς
1384 440 1540 511 ᾤετο,
1571 443 1890 514 ἀπήγγειλε,
1932 443 2026 496 καὶ

459 525 555 578 τὸν
595 525 835 592 ἄφυκτον
871 524 1107 593 ἐμήνυσε
1129 523 1388 578 κίνδυνον.
1429 527 1808 596 Κατεγέλασεν
1838 531 1868 582 6
1895 529 2029 600 Προ-

461 608 659 679 φήτης,
685 607 767 660 ὅτι
797 607 868 660 τὰ
892 607 991 660 οὐκ
1022 606 1148 672 ἀξια
1177 607 1328 670 δέους
1358 608 1630 674 ἐδεδοίκει,
1663 612 1757 664 καὶ
1795 611 2028 682 παρῄνει

461 691 702 762 θαρρεῖν.
748 691 983 754 Ἐκεῖνος
1025 691 1086 744 δὲ
1128 690 1324 762 ἀτελὴς
1361 693 1441 745 ἔτι
1473 692 1569 758 ὢν,
1615 694 1715 747 οὐκ
1759 694 2024 757 ἐπείθετο,

458 775 573 829 ἀλλ’
616 774 696 827 ἔτι
737 773 844 826 61:6
868 773 970 842 τῆς
1000 773 1174 843 ὅψεως
1211 773 1646 846 ἐκπληττόμενος
1673 777 1912 831 ἐνέκειτο
1945 775 2026 848 τῷ

463 857 637 929 φόϐῳ.
676 857 742 910 Τί
771 853 864 910 οὖν
893 859 921 910 6
955 857 1248 928 Προφήτης
1271 875 1285 921 ;
1312 858 1490 924 Κύριε
1510 895 1529 924 ,
1555 859 1822 924 ἄνοιξον,
1869 860 2024 930 φησὶ,

459 941 597 1008 τοὺς
619 940 962 1010 ὀφθαλμοὺς
982 941 1090 994 τοῦ
1113 940 1426 1008 παιδαρίου
1448 941 1684 1009 τούτου,
1716 945 1813 997 καί
1836 944 2022 1006 ἰδέτω,

458 1024 574 1098 [70]
603 1026 686 1078 ὅτι
721 1025 940 1085 πλείους
963 1025 1012 1077 οἰ
1036 1022 1155 1094 μεθ’
1181 1025 1214 1094 ή
1224 1023 1342 1094 μῶν
1367 1023 1508 1095 ὑπὲρ
1526 1027 1652 1089 τοὺς
1676 1027 1794 1095 μετ’
1822 1027 2022 1081 αὐτῶν.

457 1109 568 1161 Καὶ
596 1106 751 1175 ἄφνω
786 1107 847 1160 :6
885 1107 1010 1176 δρος
1048 1106 1168 1159 ὅλον
1195 1107 1314 1176 ὁρᾷ,
1346 1105 1484 1176 ὅπερ
1511 1109 1538 1160 6
1573 1109 1867 1181 Προφήτης
1892 1111 2024 1180 ᾤκει

454 1191 598 1256 τότε,
633 1189 815 1243 ἵππων
841 1190 1108 1259 πυρίνων,
1137 1189 1233 1242 καὶ¹
1269 1187 1531 1258 ἁρμάτων
1561 1192 1817 1246 τοιούτων
1855 1193 2018 1263 ἐμπε-

447 1274 788 1346 ¹πλησμένον.
821 1273 992 1327 Τοῦτο
1017 1273 1077 1326 66
1101 1272 1252 1326 οὐδὲν
1279 1274 1464 1340 ἔτερον
1489 1268 1575 1344 ἦν,
1596 1277 1645 1328 εἰ
1674 1277 1748 1346 μή
1776 1276 2024 1346 ἀγγέλων

457 1357 813 1432 παρατάξεις.

527 1503 593 1573 β’.
613 1504 676 1557 Εἰ
703 1503 760 1555 δέ
790 1502 1080 1574 Ἐλισσαίῳ
1095 1505 1236 1577 ὑπὲρ
1251 1507 1437 1560 τούτου
1458 1509 1619 1578 μόνου
1632 1509 1865 1578 τοσαύτη
1884 1525 2024 1577 παρ-

455 1589 640 1641 είπετο
667 1587 817 1651 τάξις
859 1587 1130 1657 ἀγγέλων,
1168 1589 1222 1643 τί
1249 1591 1481 1662 Παύλῳ;
1507 1591 1676 1646 Τοῦτο
1713 1593 1808 1647 καὶ
1831 1594 1859 1645 ό
1891 1610 2026 1663 προ-

456 1673 631 1743 φήτης
669 1670 831 1724 Ααυῖδ
879 1671 1063 1742 ἔλεγε·
1103 1675 1479 1745 Παρεμϐαλεῖ
1509 1676 1761 1745 ἅγγελος
1803 1678 2023 1744 Κυρίου

453 1757 657 1819 κύκλῳ
690 1755 808 1810 τῶν
845 1756 1230 1826 φοϐουμένων
1256 1760 1477 1812 αὐτόν·
1534 1761 1628 1812 καὶ
1667 1760 1850 1825 πάλιν,
1899 1761 2026 1813 Ἑπί

452 1838 667 1909 χειρῶν
680 1837 899 1906 ἀροῦσί
921 1854 1012 1903 σε,
1037 1839 1266 1908 μήποτε
1294 1842 1659 1910 προσκόψῃς
1677 1842 1826 1912 πρὸς
1850 1844 2024 1897 λίθον

455 1923 562 1977 τὸν
592 1921 751 1977 πόδα
776 1939 914 1976 σου.
953 1922 1063 1975 Καὶ
1097 1921 1151 1975 τί
1181 1922 1324 1991 λέγω
1357 1924 1652 1993 ἀγγέλους;
1695 1925 1854 1988 αὐτὸς
1881 1928 1908 1979 6
1935 1930 2026 1979 Δε-

452 2007 658 2076 σπότης
686 2005 805 2058 τότε
854 2007 970 2076 μετ’
1010 2005 1174 2059 αὑτοῦ
1206 2002 1275 2078 ἦν
1299 2006 1552 2072 ἐξιόντος.
1594 2010 1669 2062 Οὐ
1706 2010 1815 2081 γὰρ
1847 2011 2022 2082 δήπου

453 2091 532 2161 τῷ
563 2091 662 2161 μὲν
707 2090 958 2162 Ἀϐραὰμ
981 2090 1282 2159 ὼπτάνετο,
1311 2093 1449 2164 μετά
1477 2093 1534 2147 δέ
1565 2095 1757 2149 τούτου
1789 2097 1889 2151 οὐκ
1918 2094 2018 2169 ἦν·

452 2174 617 2236 αὐτὸς
642 2173 750 2244 γὰρ
771 2173 1138 2243 ἐπηγγείλατο
1161 2175 1335 2244 λέγων
1359 2194 1374 2207 ·
1414 2176 1562 2247 Ἐγώ
1576 2180 1693 2248 εἰμι
1708 2181 1838 2248 μεθ’
1853 2169 2023 2250 ὑμῶν

453 2257 656 2323 πάσας
677 2257 778 2321 τὰς
797 2256 1020 2324 ἡμέρας
1035 2256 1144 2324 ἕως
1160 2258 1270 2326 τῆς
1289 2261 1648 2327 συντελείας
1663 2262 1769 2316 τοῦ
1785 2263 2017 2331 αἰῶνος.

453 2340 564 2393 Καὶ
610 2340 771 2393 πάλιν
807 2340 991 2409 ὀφθεὶς
1019 2341 1186 2412 αὐτῷ,
1225 2341 1417 2411 έλεγε“
1463 2339 1560 2412 Μὴ
1603 2346 1816 2412 φοϐοῦ,
1859 2349 2022 2402 ἀλλὰ

450 2421 644 2487 λάλει,
685 2422 778 2477 ὅτι
803 2421 917 2493 ἐγώ
952 2425 1069 2492 εἰμι
1096 2425 1248 2493 μετὰ
1265 2425 1401 2488 σοῦ,
1443 2426 1543 2480 καί
1576 2428 1776 2494 οὐδεὶς
1802 2429 2020 2496 ἐπιθή-

451 2507 623 2560 σεταί
646 2522 746 2561 σοι
781 2506 890 2561 τοῦ
914 2508 1182 2563 κακῶσαί
1205 2523 1299 2563 σε.
1325 2509 1437 2564 Καὶ
1469 2512 1590 2564 κατ’
1624 2512 1756 2584 ὄναρ
1789 2513 1845 2566 δέ
1869 2515 2020 2585 αὐτῷ

452 2592 654 2661 ἐπέστη
685 2591 892 2659 λέγων·
961 2591 1209 2661 Θάρσειο
1245 2594 1326 2660 ὡς
1376 2595 1486 2664 γὰρ
1529 2594 1896 2666 διεμαρτύρω
1945 2601 2018 2654 τὰ

451 2674 585 2742 περὶ
623 2676 769 2745 ἐμοῦ
802 2678 888 2742 εἰς
925 2676 1337 2747 Ἰερουσαλὴμ,
1367 2678 1521 2732 οὕτω
1567 2698 1642 2735 σε
1669 2681 1766 2735 δεῖ
1802 2683 1903 2737 καὶ
1948 2685 2022 2738 ἐν

464 2756 651 2826 Ῥώμῃ
663 2757 1061 2826 μαρτυρῆσαι.
1101 2759 1212 2812 Ἀεὶ
1231 2760 1328 2829 μὲν
1353 2756 1445 2814 οὗν
1461 2763 1508 2815 οἰ
1527 2762 1673 2831 ἆγιοι
1695 2763 2016 2835 θαυμαστοὶ,

451 2840 546 2893 καὶ
573 2841 776 2911 πολλῆς
808 2841 1038 2911 γέμουσι
1081 2843 1324 2914 χάριτος,
1383 2844 1617 2913 μάλιστα
1665 2847 1723 2900 δὲ
1759 2848 1888 2902 ὅταν
1930 2850 2021 2904 διὰ

451 2923 684 2994 Χριστὸν
713 2925 1113 2991 κινδυνεύωσιν,
1138 2926 1265 2979 ὅταν
1290 2926 1501 2996 δέσμιοι
1548 2928 1827 2996 γίνωνται.
1866 2933 2020 2986 Καθ-

449 3007 593 3077 άπερ
624 3007 732 3079 γάρ
771 3008 1109 3081 στρατιώτης
1150 3012 1399 3078 γενναῖος
1438 3011 1526 3065 ἀεὶ
1570 3013 1668 3082 μὲν
1697 3015 1796 3068 καὶ
1828 3016 2019 3081 ἁπλῶς

449 3091 547 3161 ήδὺ
575 3090 751 3173 θέαμα
766 3093 878 3155 τοῖς
893 3092 1061 3163 ὁρῶσι
1083 3091 1312 3161 γίνεται,
1338 3093 1571 3164 μάλιστα
1585 3095 1641 3148 66
1657 3097 1784 3151 ὅταν
1809 3099 2017 3173 ἑστήκῃ

449 3175 544 3226 καὶ
591 3172 915 3248 παρατάττῃ
967 3175 1098 3246 παρ’
1143 3176 1307 3230 αὐτὸν
1336 3176 1427 3229 τὸν
1480 3177 1735 3248 βασιλέαο
1777 3181 1920 3235 οὕτω
1952 3172 2017 3254 δή

448 3257 542 3310 καὶ
570 3258 784 3312 Παῦλον
805 3259 1078 3330 ἐννόησον,
1106 3261 1228 3312 ὅσον
1256 3256 1325 3331 ἦν
1353 3261 1480 3314 ἰδεῖν
1505 3263 1644 3333 μετὰ
1667 3265 1774 3317 τῶν
1802 3266 2016 3336 δεσμῶν

445 3342 607 3395 αὑτὸν
644 3341 980 3396 διδάσκοντα.
1017 3344 1181 3398 Εἴπω
1212 3361 1263 3397 τι
1299 3344 1503 3414 μεταξὺ
1551 3346 1646 3400 νῦν
1683 3347 1911 3402 ύπελθόν
1948 3368 2016 3420 με

446 3423 656 3493 νόημα;
721 3423 779 3477 '0
833 3427 1104 3495 μακάριος
1146 3425 1358 3497 μάρτυς
1405 3427 1654 3493 Βαϐύλας
1703 3430 1880 3502 ἐδέθη,
1923 3435 2017 3487 καὶ

447 3505 608 3569 αὐτὸς
635 3506 743 3559 ἀπὸ
786 3507 886 3577 τῆς
910 3507 1080 3577 αὐτῆς
1109 3509 1310 3574 αἰτίας,
1359 3510 1454 3579 ἀφ’
1494 3507 1563 3583 ἦς
1596 3513 1690 3565 καὶ
1739 3514 2012 3586 Ἰωάννης.

449 3587 670 3658 βασιλέα
724 3591 1145 3660 παρανομοῦντα
1197 3591 1444 3660 ἐλέγξας.
1513 3587 1681 3658 Οὗτος
1748 3597 2015 3653 τελευτῶν

445 3671 710 3742 ἐπέτρεψε
738 3673 807 3726 τά
844 3673 1020 3744 δεσμά
1051 3674 1273 3744 τεθῆναι
1318 3676 1459 3746 μετά
1488 3677 1582 3731 τοῦ
1620 3677 1890 3749 σώματος,
1918 3684 2014 3738 καὶ

443 3754 504 3806 τὸ
536 3755 694 3825 σῶμα
722 3755 1004 3826 δεδεμένον
1042 3758 1280 3828 ταφῆναι
1306 3776 1320 3790 ο
1347 3761 1442 3812 καὶ
1475 3760 1570 3814 νῦν
1598 3763 1654 3815 αἱ
1687 3764 1846 3817 πέδαι
1877 3768 2013 3819 κεῖν-

442 3853 532 3890 ται
574 3839 712 3908 μετά
739 3838 839 3908 τῆς
877 3839 1102 3911 τέφρας.
1141 3841 1408 3906 Τοσοῦτος
1437 3838 1506 3914 ἦν
1533 3845 1684 3915 αὐτῷ
1713 3846 1876 3911 πόθος
1903 3850 2012 3904 τῶν

441 3920 529 3973 διὰ
554 3921 786 3993 Χριστὸν
808 3921 1042 3990 δεσμῶν.
1072 3923 1330 3992 Σίδηρον
1366 3924 1616 3995 διῆλθεν
1637 3930 1677 3996 ἠ
1702 3932 1874 3999 ψυχὴ
1904 3935 2013 3987 αὐ-

441 4002 570 4067 τοῦ,
601 4006 628 4056 6
649 4005 943 4075 Προφήτης
964 4007 1101 4076 φησὶ
1127 4007 1256 4076 περὶ
1280 4007 1376 4060 τοῦ
1415 4009 1634 4082 Ἰωσήφ.
1665 4012 1802 4086 Ἤδη
1829 4014 1886 4067 δέ
1916 4016 2012 4070 καὶ

441 4089 695 4153 γυναῖκες
731 4086 935 4140 τούτων
962 4087 1154 4141 ἔλαϐον
1200 4093 1394 4161 πεῖραν
1427 4092 1537 4146 τῶν
1585 4093 1802 4166 δεσμῶν
1831 4114 1845 4127 ο
1894 4097 2010 4152 ἀλλ’

441 4172 601 4240 ἡμεῖς
616 4170 676 4222 o6
696 4169 1063 4241 δεσμούμεθα.
1081 4172 1216 4224 Οὐδὲ
1231 4173 1390 4227 τοῦτο
1411 4177 1685 4244 παραινῶ,
1705 4180 1899 4251 καιροῦ
1917 4181 2012 4236 νῦν

441 4255 542 4308 οὑκ
565 4256 718 4319 ὄντος
735 4273 750 4286 ο
785 4256 920 4309 ἀλλὰ
947 4256 1011 4311 σὺ
1041 4257 1116 4328 μὴ
1141 4258 1310 4331 δήσῃς
1338 4261 1435 4324 τὰς
1457 4255 1667 4333 χεῖρας,
1690 4263 1828 4318 ἀλλά
1851 4267 2012 4338 δῆσον

438 4338 536 4407 τήν
565 4338 828 4393 διάνοιαν.
863 4338 1022 4392 Ἔστι
1076 4341 1173 4394 καὶ
1201 4343 1337 4396 ἄλλα
1383 4343 1590 4413 δεσμά·
1636 4348 1686 4399 οἰ
1731 4347 1903 4402 ταῦτα
1935 4349 2010 4421 μὴ

440 4423 713 4493 φέροντες,
750 4425 933 4478 ἐκεῖνα
961 4425 1220 4480 οἴσουσιν.
1261 4429 1462 4482 Ἀκουε
1505 4429 1602 4483 τοῦ
1650 4432 1886 4502 Χριστοῦ
1920 4433 2010 4486 λέ-

437 4523 625 4574 γοντος
645 4524 658 4537 ·
685 4506 917 4573 Δήσατε
939 4508 1126 4563 αὑτοῦ
1147 4509 1349 4578 χεῖρας
1373 4511 1472 4565 καί
1502 4513 1712 4580 πόδας.
1747 4514 1910 4568 Ἀλλά
1934 4511 2010 4589 μή

437 4589 648 4656 γένοιτο
666 4593 860 4658 πεῖραν
884 4591 1108 4645 ἐκείνων
1123 4591 1326 4660 λαϐεῖν,
1348 4589 1556 4649 τούτων
1580 4597 1636 4650 66
1661 4597 1770 4651 τῶν
1794 4598 2010 4670 δεσμῶν

438 4672 534 4725 καὶ⁹
556 4671 936 4742 ἐμπλησθῆναι
961 4674 1194 4742 γένοιτο.
1229 4679 1327 4731 Διά
1357 4677 1529 4732 ταῦτα
1553 4679 1740 4748 ἔλεγεν
1759 4698 1772 4711 ·
1810 4683 1952 4752 Ἐγὼ
1975 4687 2010 4737 ό

436 4753 682 4824 δέσμιος
698 4757 770 4809 ἐν
795 4757 987 4824 Κυρίῳ
1012 4761 1339 4827 παρακαλῶ
1357 4761 1536 4830 ὑμᾶς,
1568 4763 1749 4831 ἀξίως
1764 4781 2007 4835 περιπα-

437 4837 616 4906 τῆσαι
667 4838 780 4907 τῆς
832 4839 1109 4908 κλήσεως
1155 4837 1232 4912 ἧς
1279 4845 1606 4914 ἐκλήθητε’
1667 4851 1764 4902 καὶ
1820 4852 2005 4916 πάλιν,

436 4919 696 4992 Κεφαλήν
744 4921 944 4993 ἔχομεν
995 4924 1087 4977 τὸν
1118 4926 1378 4996 Χριστόν.
1429 4929 1727 5002 Συνήγειρε
1772 4933 1882 5004 γὰρ
1913 4939 2006 4988 καὶ

439 5006 787 5061 συνεκάθισεν
812 5009 965 5079 ἡμᾶς
993 5011 1052 5062 ἐν
1076 5014 1188 5074 τοῖς
1215 5013 1558 5084 ἐπουρανίοις
1581 5016 1807 5086 ἐχθροὺς
1826 5019 2004 5084 ὄντας,

434 5089 529 5144 καὶ
552 5091 722 5162 μυρία
743 5093 1156 5164 ἐργασαμένους
1177 5097 1342 5152 κακά.
1368 5098 1600 5168 Μεγάλη
1616 5103 1649 5170 ή
1676 5101 1887 5172 κλῆσις,
1911 5105 2006 5157 καὶ

435 5175 527 5226 ἐπί
561 5174 841 5244 μεγάλοις,
876 5177 976 5247 οὐχ
1017 5178 1098 5231 ὅτι
1133 5181 1228 5234 ἀπ’
1275 5181 1503 5236 ἐκείνων
1551 5183 1736 5254 μόνον,
1767 5184 1884 5239 ἀλλ’
1923 5188 2006 5240 ὅτι

422 5246 528 5309 ’καὶ
557 5258 650 5310 ἐπὶ
668 5259 928 5328 ’τοιαῦτα⁹
946 5246 1054 5315 καὶ
1083 5262 1308 5334 τοιούτῳ
1331 5265 1539 5338 τρόπῳ.

459 5413 464 5420 “
503 5405 627 5469 Πῶς
655 5406 714 5460 δὲ
744 5407 889 5463 ἔστιν
935 5411 1102 5476 ἀξίως
1149 5415 1560 5487 περιπατῆσαι;
1601 5420 1762 5473 Μετὰ
1797 5421 2005 5492 πάσης

436 5494 1012 5575 ταπεινοφροσύνης.
1079 5497 1138 5549 Ὀ
1175 5499 1417 5562 τοιοῦτος
1472 5498 1638 5566 ἀξίως
1674 5511 2002 5575 περιπατεῖο

433 5569 588 5624 τοῦτο
625 5573 826 5644 ἀρετῆς
855 5577 1040 5648 πάσης
1074 5579 1348 5644 ὑπόθεσις.
1383 5582 1495 5656 [71]
1518 5587 1614 5637 Ἂν
1633 5569 1887 5653 ταπεινὸς
1914 5588 2000 5662 ἧς.

433 5654 528 5745 καὶ
567 5655 956 5745 ἐννοήσῃςτίς
1004 5661 1080 5714 ὢν
1108 5664 1224 5727 πῶς
1274 5654 1504 5737 ἐσώθης,
1565 5669 1822 5742 ἀφορμὴν

433 5738 631 5811 ἀρετὴν
675 5740 970 5811 λαμϐάνεις
1021 5747 1122 5818 τὴν
1163 5750 1403 5821 μνήμην,
1465 5751 1586 5806 οῦτε
1619 5738 1736 5818 τοῖς
1778 5738 1999 5829 δεσμοῖς

2129 442 2371 514 ἐπαίρῃ,
2423 442 2544 496 οὔτε
2578 446 2760 510 αὐτοῖς
2809 448 3016 513 τούτοις
3059 446 3141 516 οἷς
3185 450 3356 518 εἷπον,
3392 457 3508 511 ἀλλ’
3541 460 3698 523 εἰδὼς

2126 522 2208 576 ὅτι
2234 525 2296 578 τὸ
2325 526 2433 579 πᾶν
2468 526 2573 594 τῆς
2607 528 2827 598 χάριτός
2861 533 2997 595 ἐστι,
3038 535 3343 601 συστέλλεις
3381 539 3597 594 σαυτόν.
3641 522 3700 591 ’0

2125 608 2504 680 ταπεινόφρων
2534 613 2630 664 καὶ
2660 613 2958 684 εὐγνώμων
2994 615 3215 671 δύναται
3245 615 3385 674 εἶναι
3413 622 3508 674 καὶ
3536 623 3700 693 εύχά-

2127 706 2309 760 ριστος
2334 693 2572 762 οἰκέτης.
2603 696 2664 748 Τί
2689 695 2799 766 γὰρ
2824 697 3005 766 ἔχεις,
3037 702 3222 772 φησὶν,
3241 703 3274 756 ὃ
3302 706 3415 759 οὐκ
3442 705 3654 772 ἔλαϐες
3676 723 3695 768 ;

2128 772 2327 828 ’Ἄκουε
2369 776 2425 828 δὲ
2481 778 2642 832 πάλιν
2695 779 2859 832 αὑτοῦ
2919 781 3166 850 λέγοντος
3195 801 3210 816 ο
3259 789 3699 856 Περισσότερον

2123 856 2324 940 αὐτῶν
2361 859 2605 914 πάντων
2643 863 2962 929 ἐκοπίασα,
3004 869 3116 921 οὐκ
3169 868 3285 939 ἐγὼ
3334 870 3423 936 δὲ,
3485 871 3623 925 ἀλλ’
3657 873 3695 940 ἡ

2123 939 2297 1008 χάρις
2340 943 2446 997 τοῦ
2489 945 2637 999 Θεοῦ
2673 946 2711 1013 ἡ
2746 946 2868 1025 σὺν
2896 949 3047 1018 ἐμοί.
3079 953 3243 1006 Μετὰ
3280 953 3503 1021 πάσης,
3537 939 3694 1026 φησὶ,

2123 1029 2705 1095 ταπεινοφροσύνης,
2737 1023 2812 1101 μὴ
2839 1029 2940 1102 τῆς
2971 1034 3029 1084 ἐν
3061 1035 3293 1104 ῥήμασι,
3315 1035 3449 1106 μηδέ
3477 1037 3535 1089 ἐν
3559 1023 3698 1104 πρά-

2122 1121 2294 1188 γμασι
2329 1109 2532 1176 μόνοις,
2557 1110 2809 1166 ἀλλὰκαὶ
2840 1114 2898 1166 ἐν
2923 1117 3163 1184 σχήματι
3189 1117 3283 1170 καὶ
3305 1119 3363 1170 ἐν
3381 1119 3657 1188 φθέγματι
3677 1133 3690 1146 ·

2125 1187 2203 1276 μή
2236 1192 2376 1263 πρὸς
2404 1193 2590 1248 τοῦτον
2627 1193 2726 1266 μὲν
2753 1199 3026 1264 ταπεινὸς,
3058 1200 3194 1270 πρὸς
3233 1201 3289 1254 δέ
3316 1187 3539 1256 ἐκεῖνον
3561 1203 3695 1276 θρα-ο

2125 1272 2249 1336 σύς·
2301 1276 2439 1345 πρὸς
2473 1278 2682 1342 πάντας
2733 1279 2824 1332 ἔσο
2865 1283 3140 1346 ταπεινὸς,
3184 1285 3288 1338 κᾶν
3339 1282 3552 1358 φίλοςῇ
3591 1272 3696 1339 κᾶν

2121 1356 2337 1430 ἐχθρὸς,
2371 1363 2476 1414 κᾶν
2507 1361 2681 1431 μέγας
2719 1361 2822 1416 κᾶν
2855 1367 3052 1436 μικρός
3085 1385 3100 1399 θ
3143 1369 3302 1422 τοῦτο
3332 1356 3694 1440 ταπεινοφρον

2112 1440 2280 1512 βύνη.
2337 1443 2448 1496 Καὶ
2499 1445 2558 1497 ἐν
2617 1448 2732 1509 τοῖς
2785 1449 3208 1518 κατορθώμασιν
3270 1451 3363 1506 ἔσο
3413 1453 3689 1517 ταπεινός.

2126 1526 2324 1578 Ἀκουε
2377 1527 2485 1597 γὰρ
2540 1528 2635 1582 τοῦ
2688 1531 2928 1602 Χριστοῦ
2985 1532 3269 1601 λέγοντος,
3304 1536 3596 1605 Μακάριοι
3640 1540 3694 1589 οἰ

2121 1608 2343 1676 πτωχοὶ
2373 1608 2454 1674 τῷ
2489 1612 2805 1680 πνεύματι,
2846 1615 3127 1670 καὶτοῦτο
3175 1619 3390 1688 πρῶτον
3428 1618 3689 1681 τιθέντος.

2121 1691 2219 1744 Διά
2257 1692 2417 1746 τοῦτο
2443 1696 2541 1748 καὶ
2569 1696 2735 1759 αὐτός
2779 1714 2932 1768 φησι·
2968 1701 3130 1754 Μετὰ
3179 1702 3382 1770 πάσης
3420 1717 3693 1758 ταπεινο-

2120 1775 2435 1843 φροσύνης
2461 1777 2561 1830 καὶ
2590 1779 2924 1846 πραότητος
2947 1783 3500 1854 καί-μακροθυμίας.
3536 1787 3691 1838 Ἔστι

2120 1859 2230 1929 γὰρ
2264 1859 2520 1913 ταπεινὸν
2556 1861 2654 1932 μὲν
2683 1857 2842 1924 εἶναι,
2884 1864 3011 1929 ὀξὺν
3057 1866 3115 1918 δὲ
3155 1870 3250 1921 καὶ
3292 1869 3542 1939 ὀργίλον·
3575 1869 3692 1924 ἀλλ’

2121 1942 2272 1995 οὐδὲν
2311 1943 2505 2013 ὄφελος
2526 1961 2539 1975 ·
2569 1944 2828 2011 πολλάκις
2850 1947 2959 2019 γὰρ
2989 1949 3095 2003 61:6
3125 1951 3224 2020 τῆς
3249 1953 3422 2025 ὀργῆς
3465 1956 3691 2024 κατεχό-

2122 2042 2301 2095 μενος.
2327 2027 2504 2081 πάντα
2524 2027 2820 2083 ἀπώλεσεν.
2870 2031 3269 2103 Ἀνεχόμενοι,
3295 2038 3480 2106 φησὶν,
3503 2038 3695 2102 ἀλλή-

2119 2111 2244 2192 λων
2270 2108 2341 2162 ἐν
2367 2109 2588 2191 ἀγάπῃ.
2622 2111 2747 2192 Πῶς
2774 2114 3061 2184 ἀνέχεσθαι
3094 2117 3339 2183 δυνατὸν,
3380 2118 3447 2172 ἂν
3476 2120 3692 2192 ὀργίλος

2120 2187 2176 2265 ᾗ,
2209 2190 2275 2244 ἂν
2291 2187 2596 2264 κατήγορος
2617 2212 2632 2261 ;
2664 2191 2800 2249 Εἷπε
2819 2197 3022 2251 καὶτὸν
3045 2199 3274 2270 τρόπον·
3339 2201 3435 2254 Ἐν
3465 2187 3689 2271 ἀγάπῃ,

2122 2273 2306 2356 φησιν.
2336 2274 2398 2328 Εἰ
2434 2275 2528 2329 τοῦ
2563 2278 2812 2349 πλησίον,
2845 2281 3028 2352 φησὶν,
3065 2284 3166 2339 οὐκ
3201 2283 3389 2356 ἀνέχῃ,
3441 2285 3559 2350 πῶς
3594 2287 3689 2340 σοῦ

2118 2355 2365 2422 ἀνέξεται
2396 2361 2424 2411 ὁ
2461 2359 2626 2426 Θεός;
2663 2363 2711 2416 εἰ
2739 2363 2900 2427 αὐτὸς
2932 2365 3023 2418 τὸν
3053 2365 3339 2435 ὁμόδουλον
3378 2369 3438 2421 o6
3477 2369 3682 2440 φέρεις,

2118 2440 2237 2504 πῶς
2267 2442 2332 2494 σὲ
2357 2443 2493 2496 οίσει
2517 2446 2545 2496 6
2569 2446 2876 2518 Δεσπότης;
2913 2448 3081 2504 Ἔνθα
3111 2449 3177 2505 ἂν
3273 2452 3483 2524 ἀγάπη,
3510 2455 3690 2508 πάντα

2117 2526 2274 2580 οἰστά
2301 2528 2438 2580 ἐστι.
2481 2529 2944 2598 Σπουδάζοντες,
2983 2533 3137 2605 φησὶ,
3167 2535 3368 2605 τηρεῖν
3395 2536 3509 2604 τὴν
3551 2539 3686 2592 ἐνό-

2117 2626 2264 2678 τητα
2278 2611 2383 2691 τοῦ
2409 2614 2747 2682 πνεύματος
2767 2615 2836 2668 ἐν
2854 2615 2933 2680 τῷ
2951 2616 3272 2688 συνδέσμῳ
3292 2619 3402 2687 τῆς
3419 2622 3682 2691 εἰρήνης.

2116 2693 2288 2764 Δῆσον
2321 2688 2539 2778 οὖντὰς
2568 2699 2755 2766 χεῖρας
2788 2701 2854 2770 τῇ
2892 2700 3183 2772 ἐπιεικείᾳ,
3223 2703 3389 2756 Πάλιν
3425 2688 3485 2758 :6
3521 2688 3685 2778 καλδν

2114 2777 2287 2845 ὄνομα
2313 2777 2572 2847 ἤνθησεν,
2593 2781 2621 2831 6
2645 2779 2865 2850 δεσμός·
2889 2781 3182 2854 ἀφήκαμεν
3205 2785 3493 2851 αύτὸν,καὶ
3513 2791 3676 2855 αὐτὸς

2078 2920 2080 2923 τ
2116 2862 2248 2932 ἡμῖν
2273 2859 2435 2940 πάλιν
2469 2862 2762 2933 ἐπέδραμε.
2792 2863 2974 2928 Καλὸς
3001 2868 3206 2932 ἐκεῖνος
3235 2871 3262 2922 ό
3283 2869 3501 2940 δεσμὸς,
3518 2874 3683 2938 καλὸς

2116 2942 2210 2996 καὶ
2247 2935 2429 3006 οὗτος
2462 2943 2555 2998 καὶ
2586 2947 2791 3010 ἐκεῖνος
2821 2948 2929 3000 ἀπὺ
2954 2949 3149 3002 τούτου
3179 2951 3442 3007 τίκτεται.
3489 2954 3686 3026 Σύνδη-

2117 3043 2209 3079 σον
2251 3027 2449 3080 σαυτὸν
2483 3027 2562 3098 τῷ
2589 3027 2804 3099 ἀδελφῷ
2826 3045 2840 3060 ⁶
2886 3033 2935 3084 οἰ
2964 3032 3198 3086 τοιοῦτοι
3227 3033 3443 3090 ἅπαντα
3472 3037 3688 3107 κούφως

2115 3107 2375 3179 φέρουσιν
2414 3111 2464 3163 οἱ
2495 3112 2868 3182 συνδεδεμένοι
2903 3117 2970 3186 τῇ
3006 3115 3215 3188 ἀγάπῃ.
3255 3117 3459 3172 Σαυτὺν
3492 3121 3688 3192 ἐκείνῳ

2114 3192 2440 3265 πρόσδησον,
2476 3194 2730 3248 κάκεῖνον
2763 3196 2879 3249 σοί·
2920 3199 3249 3271 ἀμφοτέρων
3279 3201 3342 3255 σὺ
3375 3202 3567 3276 κύριος
3591 3223 3603 3234 ’
3629 3207 3688 3260 ὃν

2113 3277 2224 3348 γὰρ
2246 3277 2312 3331 ἂν
2352 3277 2704 3348 βουλήσωμαι
2731 3280 2956 3350 ποιῆσαι
2992 3282 3168 3351 φίλον,
3194 3284 3516 3358 δυνήσομαι.
3548 3293 3688 3344 Μετ’

2111 3361 2396 3433 εὐκολίας
2449 3361 2914 3428 σπουδάζοντες.
2989 3367 3276 3420 Δείκνυσιν
3326 3371 3425 3441 οὐχ
3478 3374 3687 3441 ἁπλῶς,

2111 3431 2232 3497 οὐδὲ
2251 3443 2346 3496 τοῦ
2383 3443 2637 3513 τυχόντος
2669 3445 2731 3497 τὸ
2767 3448 2999 3517 πρᾶγμα
3027 3444 3185 3504 εἶναι.
3219 3431 3684 3525 Σπουδάζοντες,

2113 3526 2267 3596 φησὶ,
2292 3525 2494 3596 τηρεῖν
2512 3525 2628 3594 τὴν
2659 3527 2912 3596 ἑνότητα
2934 3531 3038 3585 τοῦ
3071 3534 3432 3603 πνεύματος.

2181 3680 2251 3742 γ’.
2272 3672 2338 3727 Τί
2367 3674 2513 3727 ἐστιν
2534 3673 2726 3745 ἐνότης
2749 3676 3087 3747 πνεύματος;
3112 3680 3382 3754 Καθάπερ
3398 3686 3455 3737 ἐν
3475 3688 3684 3756 σώματι

2111 3757 2332 3830 πνεῦμά
2360 3759 2478 3810 ἐστι
2509 3758 2570 3810 τὸ
2594 3759 2772 3818 πάντα
2814 3761 3059 3832 συνέχον,
3093 3765 3189 3819 καὶ
3227 3766 3285 3819 ἐν
3317 3785 3370 3820 τι
3400 3771 3588 3824 ποιοῦν
3627 3775 3689 3827 :6

2109 3843 2168 3896 ἐν
2191 3841 2470 3912 διαφόροις
2509 3839 2568 3893 ὃν
2605 3842 2824 3912 μέλεσιν
2849 3861 2862 3875 ⁸
2892 3845 3036 3900 οὕτω
3070 3847 3134 3919 δὴ
3180 3850 3273 3903 καί
3301 3852 3554 3909 ἐνταῦθα.
3588 3858 3688 3913 Διά

2109 3925 2220 3996 γὰρ
2246 3923 2490 4013 τοῦτο-τὸ
2518 3925 2749 4013 πνεῦμα,
2765 3927 2942 4013 ἐδόθη,
2979 3931 3064 3984 ἵνα
3103 3933 3230 3998 τοὺς
3262 3935 3407 4004 γένει
3434 3940 3530 3992 καὶ
3562 3941 3689 4013 τρό..

2109 4026 2233 4071 ποις
2264 4007 2542 4080 διαφόροις
2573 4007 2927 4080 διεστηκότας
2955 4013 3152 4087 ἐνώσῃ.
3179 4018 3238 4070 Ὀ
3259 4019 3367 4090 γὰρ
3387 4021 3566 4092 γέρων
3591 4007 3686 4077 καὶ

2108 4095 2136 4145 ὁ
2157 4092 2296 4155 νέος,
2329 4093 2357 4144 ό
2380 4093 2545 4161 πένης
2568 4093 2661 4144 καὶ
2687 4093 2715 4144 6
2745 4092 3020 4159 πλούσιος,
3066 4100 3094 4150 6
3117 4101 3245 4163 παῖς
3277 4102 3373 4154 καὶ
3400 4105 3428 4156 6
3458 4103 3682 4176 ἔφηϐος,

2106 4179 2138 4247 ἡ
2170 4177 2308 4245 γυνὴ
2364 4177 2513 4228 καὶὸ
2547 4176 2706 4247 ἀνὴρ,
2749 4180 2841 4232 καὶ
2879 4183 3023 4233 πᾶσα
3074 4182 3218 4255 ψυχὴ
3257 4185 3315 4238 ἓν
3364 4204 3415 4240 τι
3452 4190 3680 4257 γίνεται,

2108 4261 2200 4338 καὶ
2233 4258 2431 4330 μᾶλλον
2458 4258 2490 4328 ἢ
2525 4260 2573 4311 εἰ
2597 4261 2756 4330 σῶμα
2780 4262 2838 4316 ἓν
2869 4259 2957 4335 ἦν.
2979 4266 3192 4336 Ταύτης
3225 4268 3333 4339 γὰρ
3361 4271 3460 4341 τῆς
3485 4290 3684 4342 συγγε-

2108 4333 2256 4407 νείας
2295 4343 2476 4414 πολλῷ
2507 4345 2709 4414 μείζων
2744 4333 2949 4420 ἐκείνη,
3005 4351 3098 4402 καὶ
3133 4333 3334 4406 πλείων
3364 4333 3682 4428 η’ἀκρίϐεια

2106 4429 2207 4496 τῆς
2248 4429 2514 4513 ἑνώσξεωςτ
2563 4428 2628 4480 Ἠ
2663 4428 2772 4500 γὰρ
2802 4432 2899 4500 τῆς
2944 4431 3122 4503 ψυχῆς
3154 4437 3418 4506 συνάφεια
3459 4441 3684 4513 ἀκριϐε-

2109 4512 2276 4582 στέρα
2300 4512 2466 4576 ἐστὶν,
2499 4511 2609 4580 ὅσῳ
2637 4513 2732 4565 καὶ
2761 4513 2907 4582 ἀπλῆ
2933 4516 3029 4567 καὶ
3083 4520 3363 4592 μονοειδής
3390 4511 3684 4592 ἐστι-Πῶς

2105 4595 2163 4648 δὲ
2191 4592 2330 4662 αὓτη
2365 4593 2694 4679 φυλάττεται
2720 4610 2740 4679 ;7
2779 4596 2881 4648 Ἐν
2910 4595 2990 4660 τῷ
3027 4599 3351 4671 συνδέσμῳ
3387 4604 3498 4672 τῆς
3525 4610 3686 4679 εἰρή-

2106 4694 2239 4743 νης.
2273 4676 2386 4729 Οὐκ
2409 4675 2556 4728 ἔστιν
2579 4678 2635 4728 ἐν
2657 4676 2826 4748 ἔχθρᾳ
2859 4680 2954 4730 καὶ
2979 4681 3259 4737 διαστάσει
3288 4686 3491 4758 ταύτην
3517 4675 3679 4749 εἶναι.

2107 4761 2300 4844 ’Ὅπου
2332 4759 2442 4829 γὰρ
2497 4758 2688 4844 ἔριδες
2722 4760 2834 4834 [7'2]
2871 4763 2940 4816 ἐν
2966 4765 3128 4833 ἡμῖν,
3181 4771 3334 4838 φησὶ,
3385 4773 3482 4827 καὶ
3515 4774 3682 4844 ζῆλοι

2105 4843 2203 4896 καί
2241 4842 2649 4912 διχοστασίαι,
2682 4845 2819 4914 οὐχὶ
2867 4853 3148 4916 σαρκικοί
3195 4853 3357 4918 ἐστε,
3402 4842 3683 4914 καὶκατὰ

2105 4925 2425 5012 ἄνθρωπον
2473 4931 2886 5012 περιπατεῖτε;
2947 4933 3218 5005 Καθάπερ
3278 4937 3387 5010 γὰρ
3435 4939 3493 4992 τὸ
3547 4936 3679 5012 πῦρ,

2103 5008 2231 5062 ὅταν
2270 5008 2367 5078 μὲν
2399 5007 2543 5078 ξηρά
2574 5008 2711 5080 εὕρῃ
2741 5009 2892 5077 ξῦλα,
2925 5014 3054 5083 μίαν
3084 5015 3152 5068 τά
3178 5007 3365 5072 πάντα*
3386 5007 3679 5092 ἐργάζεται

2106 5093 2310 5164 πυρὰν,
2339 5093 2468 5146 ὃταν
2496 5093 2551 5146 δέ
2571 5095 2736 5166 ὑγρὰ,
2763 5097 2885 5149 οὐδὲ
2903 5100 3116 5168 ἐνεργεῖ
3139 5103 3258 5156 οὐδὲ
3280 5107 3641 5173 συγκολλᾶται
3660 5129 3674 5142 ο

2102 5175 2245 5229 οὕτω
2290 5175 2384 5228 καὶ
2434 5176 2710 5230 ἐνταῦθα’
2755 5179 2906 5233 οὐδὲν
2963 5183 3072 5233 τῶν
3108 5185 3334 5258 ψυχρῶν
3379 5190 3547 5261 αὐτὴν
3591 5207 3680 5244 συ-

2105 5258 2325 5327 σφίγξαι
2343 5258 2582 5344 δύναται,
2614 5260 2844 5314 ἕκαστον
2862 5263 2920 5315 δὲ
2943 5263 3017 5328 ὡς
3043 5267 3137 5319 ἐπὶ
3159 5268 3218 5320 :6
3247 5269 3383 5321 πολὺ
3407 5258 3517 5325 τῶν
3547 5272 3674 5344 θερ-

2106 5341 2245 5412 μῶν.
2293 5342 2425 5395 Ἀπὸ
2457 5343 2647 5397 τούτου
2672 5344 2804 5414 γοῦν
2834 5346 2929 5399 καὶ
2957 5349 2990 5418 ή
3025 5348 3299 5420 θερμότης
3324 5352 3425 5423 τῆς
3449 5341 3674 5426 ἀγάπης

2103 5424 2345 5490 τίκτεται
2370 5442 2386 5458 ο
2426 5427 2536 5479 61:6
2577 5426 2672 5480 :06
2709 5428 3008 5499 συνδέσμου
3047 5433 3145 5504 τῆς
3175 5433 3399 5507 εἰρήνης
3429 5424 3677 5508 βούλεται

2103 5509 2362 5579 συνδῆσαι
2394 5510 2598 5573 πάντας
2653 5512 2822 5582 ήμᾶς.
2852 5513 3121 5586 Καθάπερ
3164 5519 3294 5589 γὰρ,
3340 5523 3525 5593 φησὶν,
3578 5525 3674 5578 ἐὰν

2104 5593 2260 5664 θέλῃς
2294 5593 2486 5647 σαυτὸν
2533 5593 2706 5665 ἑτέρῳ
2729 5596 3083 5682 νπροσδῆσαι,
3124 5599 3300 5665 ἄλλως
3339 5605 3400 5656 ού
3443 5606 3667 5682 δυνήσῃ,

2104 5677 2282 5746 ἀλλ’ἢ
2330 5677 2417 5731 διὰ
2445 5679 2540 5732 τοῦ
2575 5681 2827 5732 κάκεῖνον
2884 5681 3066 5751 σαυτῷ
3117 5687 3441 5758 προσδῆσαι,
3479 5694 3574 5746 καὶ
3617 5677 3677 5747 ἐἰ

2109 5761 2310 5824 ἐθέλοις
2331 5761 2548 5817 διπλοῦν
2571 5763 2794 5833 ποιῆσαι
2823 5762 2913 5816 τὸν
2944 5764 3161 5836 δεσμὸν,
3189 5772 3292 5842 χρὴ
3320 5773 3571 5829 κάκεῖνόν
3596 5792 3677 5831 σοι
