4068 6390
388 336 457 395 73
1062 333 1119 388 S.
1156 332 1444 390 JOANNIS
1481 329 1967 387 CHRYSOSTOMI
2017 327 2336 387 ARCHIEP.
2371 329 2923 389 CONSTANTINOP.
3556 331 3626 393 τι

384 445 780 519 προσδεθῆναν
826 444 969 497 οὕτω
1007 446 1101 498 καὶ
1142 444 1376 500 ἐνταῦθα
1426 444 1677 518 ἀλλήλοις
1729 442 1954 515 προσδε-

382 530 570 586 δέσθαι
597 529 868 601 βούλεται,
904 529 1002 599 οὐχ
1036 528 1221 592 ἁπλῶς
1249 528 1573 599 εἰρηνεύειν,
1608 527 1730 581 οὐδέ
1770 526 1957 589 ἁπλῶς

382 615 579 684 φιλεῖν,
611 613 729 667 ἀλλ’
762 614 821 665 ἐν
848 614 1015 666 πᾶσιν
1044 608 1183 665 εἶναι
1213 611 1344 682 μίαν
1371 612 1575 683 ψυχήν.
1599 610 1780 673 Καλὸς
1806 605 1958 672 οὗτος

380 708 408 759 6
433 703 661 774 δεσμός·
689 701 865 770 τούτῳ
886 700 963 771 τῷ
991 700 1176 772 δεσμῷ
1194 700 1291 755 καὶ
1308 700 1561 770 ἀλλήλοις
1582 700 1678 753 καὶ
1701 698 1836 770 πρὸς
1868 698 1958 751 τὸν

373 788 513 841 ’Θεὸν
551 786 908 858 συνδήσωμεν
937 783 1185 845 ἑαυτούς.
1218 784 1293 838 Οὐ
1325 783 1521 849 θλίϐει,
1549 784 1609 836 οὐ
1640 781 1823 845 πιέζει
1854 779 1956 844 τάς

366 871 669 941 δεδεμένας
696 872 886 941 χεῖρας
916 862 1071 931 οὗτος
1100 869 1129 920 6
1156 866 1376 939 δεσμὸς,
1410 866 1527 920 ἀλλ’
1557 864 1872 939 ἀνίησιοκαὶ
1899 864 1957 917 ἐν

379 953 693 1028 εὐρυχωρίᾳ
714 952 1007 1023 καθίστησι
1033 951 1202 1023 πολλῇ
1238 949 1466 1005 καὶτῶν
1494 949 1805 1021 λελυμένων
1828 946 1959 1018 μᾶλ-

379 1040 472 1094 λον
527 1036 884 1108 εὐθυμεῖσθαι
923 1037 1090 1089 ποιεῖ.
1149 1035 1208 1088 '0
1256 1033 1475 1106 ἰσχυρὸς
1528 1034 1627 1087 καὶ
1676 1030 1957 1103 δεδεμένος

381 1122 521 1192 μετά
545 1120 639 1175 τοῦ
678 1118 939 1183 ἀσθενοῦς
970 1117 1327 1183 διαϐαστάζει
1364 1135 1427 1172 τε
1452 1119 1678 1182 ἐκεῖνον,
1721 1116 1816 1170 καὶ
1857 1114 1957 1169 οὐκ

378 1208 601 1278 ἀφίησιν
633 1204 967 1259 ἀπολέσθαιο
1018 1204 1121 1257 κᾶν
1170 1202 1310 1273 μετά
1342 1201 1437 1255 τοῦ
1491 1200 1739 1274 ῥᾳθύμου
1786 1215 1957 1269 προσ-

377 1291 528 1363 δεθῇ,
563 1289 822 1359 διεγείρει
874 1288 1076 1359 μᾶλλον
1109 1286 1294 1341 αὐτόν.
1361 1285 1643 1355 Ἁδελφός
1688 1284 1798 1354 γὰρ
1834 1283 1969 1338 ὑπὸι

377 1373 645 1443 ἀδελφοῦ
694 1372 1129 1441 βοηθούμενος,
1172 1368 1361 1440 φησὶν,
1407 1370 1488 1436 ὡς
1533 1369 1712 1433 πόλις
1739 1364 1951 1437 ὀχυρά.

376 1457 594 1529 Ταύτην
623 1455 722 1528 τὴν
760 1455 953 1509 ἀλυσιν
986 1455 1084 1524 οὐχ
1113 1453 1249 1507 ὁδῶν
1277 1452 1557 1524 διάστημα
1589 1451 1834 1506 κωλῦσαι
1859 1448 1953 1501 δύο

375 1558 556 1605 ναται,
600 1539 703 1593 οὐκ
747 1536 997 1609 οὐρανὸς,
1025 1538 1087 1590 οὑ
1128 1536 1223 1607 γῆ,
1258 1535 1319 1589 οὐ
1373 1536 1637 1601 θάνατος,
1670 1535 1770 1588 οὐκ
1825 1532 1955 1587 ἀλλο

362 1624 527 1678 οὐδὲν
547 1661 563 1689 ,
599 1621 737 1675 ἀλλὰ
759 1621 978 1675 πάντων
1014 1620 1132 1673 ἐστὶ
1163 1618 1432 1691 κρείττων
1460 1619 1557 1672 καὶ
1592 1617 1949 1688 ἰσχυροτέρω

362 1707 514 1779 -αῦτη
558 1707 655 1761 καὶ
680 1704 788 1759 ἀπὸ
819 1705 951 1775 μιᾶς
997 1702 1254 1774 τεχθεῖσα
1288 1701 1486 1773 ψυχῆς,
1536 1700 1761 1756 δύναται
1814 1699 1950 1771 ὁμοῦ

372 1789 602 1852 πολλοὺς
649 1784 985 1858 περιλαϐεῖν.
1021 1787 1221 1839 Ἀκουε
1261 1784 1373 1857 γὰρ
1408 1782 1623 1839 Παύλου
1664 1783 1945 1853 λέγοντος·

366 1876 450 1929 Οὐ
472 1870 943 1941 στενοχωρεῖσθε
980 1868 1050 1923 δὲ
1077 1869 1148 1922 ἐν
1179 1867 1307 1935 τοῖς
1336 1866 1721 1937 σπλάγχνοις
1757 1865 1947 1935 ὑμῶν.

362 1953 720 2025 Πλατύνθητε
750 1952 847 2007 καὶ
881 1953 1062 2023 ὑμεῖς.
1096 1949 1162 2004 Τί
1190 1950 1255 2023 δὴ
1282 1945 1375 2004 οὖν
1406 1948 1598 2004 τοῦτον
1625 1948 1949 2018 λυμαίνεται

358 2037 461 2091 τὸν
489 2037 723 2108 δεσμόν;
758 2034 1074 2107 Χρημάτων
1114 2033 1275 2105 ἔρως,
1304 2030 1619 2103 φιλαρχίας,
1662 2030 1823 2101 δόξης
1855 2030 1949 2085 καὶ

367 2122 479 2175 τῶν
517 2120 694 2174 ἀλλων
738 2118 1029 2173 τοιούτων·
1082 2116 1314 2188 χαύνους
1370 2116 1571 2179 αὐτοὺς
1602 2127 1629 2156 α
1671 2117 1817 2168 ποιεῖ
1853 2115 1949 2168 καὶ

356 2205 669 2259 διακόπτει.
697 2197 821 2267 Πῶς
851 2198 965 2268 οὑν,
993 2201 1081 2255 ἵνα
1113 2200 1189 2273 μὴ
1214 2199 1584 2264 διακοπῶσιν;
1629 2198 1756 2253 Ἐάν
1772 2199 1946 2253 ταῦτα

368 2286 613 2343 ἐκποδὼν
639 2285 889 2357 γένηται,
913 2286 1011 2338 καὶ
1042 2282 1208 2355 μηδὲν
1238 2280 1544 2355 παρενοχλῇ
1577 2281 1687 2335 τῶν
1712 2281 1947 2352 διαφθει-

362 2374 573 2445 ρόντων
589 2372 690 2443 τὴν
716 2369 963 2440 ἀγάπην.
994 2368 1194 2421 Ἀκουε
1229 2365 1341 2436 γάρ
1372 2366 1465 2418 τοῦ
1495 2365 1735 2438 Χριστοῦ
1764 2364 1947 2434 λέγον-

363 2469 490 2519 τος·
545 2455 732 2508 Ὅταν
770 2449 1092 2520 πληθυνθῇ
1142 2451 1179 2517 ἠ
1213 2448 1466 2518 ἀνομία,
1513 2447 1857 2518 ψυγήσεται
1902 2451 1942 2518 ἡ
1994 2500 1999 2507 ,

358 2537 566 2609 ἀγάπη
596 2535 720 2590 τῶν
744 2533 1011 2589 πολλῶν.
1048 2532 1213 2585 Οὐδὲν
1242 2530 1417 2594 οὓτως
1454 2525 1695 2584 ἐναντίον
1728 2531 1940 2603 ἀγάπῃ,

364 2624 440 2685 ώς
472 2620 739 2693 ἁμαρτία,
773 2619 870 2673 καὶ⁸
906 2618 967 2671 οὐ
1016 2616 1162 2684 λέγω
1203 2617 1271 2686 τῇ
1307 2615 1445 2683 πρὸς
1481 2614 1574 2667 τὸν
1615 2613 1771 2679 Θεὸν,
1806 2614 1942 2666 ἀλλά

362 2708 462 2760 καὶ
488 2708 553 2777 τῇ
595 2703 731 2775 πρὸς
762 2702 854 2756 τὸν
884 2700 1133 2773 πλησίον.
1165 2699 1289 2761 Πῶς
1322 2694 1416 2751 οῦν
1442 2699 1538 2752 καὶ
1571 2698 1767 2769 λῃσταί
1794 2701 1942 2770 εἰρη-

362 2789 599 2853 νεύουσι,
627 2786 796 2857 φησί;
851 2785 1010 2849 Πότε,
1052 2781 1173 2836 εἰπέ
1211 2799 1335 2852 μοις
1389 2782 1653 2845 Πάντως,
1695 2782 1825 2835 ὅταν
1877 2783 1939 2834 οὐ

360 2870 639 2946 λῃστρικῷ
678 2869 867 2941 τρόπῳ
893 2867 1227 2938 χρήσωνται.
1263 2866 1361 2917 Ἂν
1388 2863 1496 2935 γὰρ
1524 2866 1584 2918 ἐν
1612 2865 1817 2930 αὐτοῖς,
1857 2860 1937 2930 οἷς

362 2956 430 3008 ἂν
453 2952 839 3023 διανέμωνται,
872 2948 947 3019 μὴ
980 2947 1106 3010 τοὺς
1130 2946 1329 3017 νόμους
1359 2946 1640 3016 φυλάξωσι
1682 2948 1809 3011 τοὺς
1843 2946 1937 3001 τοῦ

359 3037 594 3102 δικαίου,
636 3036 731 3089 καὶ
767 3034 983 3103 ἑκάστῳ
1014 3031 1360 3102 ἀπονείμωσι
1401 3030 1462 3083 τὸ
1508 3030 1736 3097 δίκαιον,
1770 3032 1938 3105 εὑρή-

362 3140 476 3185 σεις
512 3122 579 3174 ἂν
621 3117 911 3179 κάκείνους
968 3118 1026 3168 ἐν
1075 3113 1333 3185 πολέμοις
1364 3114 1461 3167 καί
1511 3113 1737 3184 μάχαις.
1771 3115 1936 3168 Ὥστε

358 3205 479 3259 οὐδέ
506 3205 564 3256 ἐν
592 3205 707 3264 τοῖς
740 3201 932 3262 κακοῖς
961 3199 1061 3270 τὴν
1100 3198 1326 3267 εἰρήνην
1359 3195 1506 3249 ἐστιν
1541 3197 1722 3266 εὑρεῖν
1743 3214 1757 3229 ο
1798 3214 1937 3252 παν-

357 3288 524 3359 ταχοῦ
557 3286 615 3339 δὲ
645 3287 852 3355 ταύτην
886 3282 1034 3335 ἔστιν
1061 3281 1265 3351 εὑρεῖν,
1292 3280 1425 3332 ὅπου
1457 3280 1523 3333 ἂν
1557 3281 1698 3350 μετά
1728 3280 1934 3335 δικαιο-

359 3371 525 3442 σύνης
557 3369 654 3423 καὶ
705 3365 910 3440 ἀρετῆς
976 3363 1184 3435 βιῶσιν.
1245 3363 1408 3416 Ἀλλά
1466 3363 1557 3429 τί;
1607 3364 1937 3434 ἀντερασταὶ

356 3451 773 3524 είρηνεύουσινς
819 3447 1107 3518 Οὐδαμῶς.
1172 3444 1335 3500 Ἀλλά
1381 3445 1504 3498 τίνα
1540 3444 1718 3515 βούλει
1764 3446 1932 3511 efﬂuo;

357 3535 695 3605 Πλεονέκτης
752 3532 892 3604 μετά
940 3528 1266 3584 πλεονέκτου
1316 3530 1417 3582 οὐκ
1476 3528 1543 3582 ἂν
1594 3526 1933 3599 εἱρηνεύσειέ

355 3635 521 3672 ποτε·
561 3619 637 3681 ώς
676 3618 729 3670 εί
752 3633 817 3686 γε
857 3615 932 3686 μὴ
968 3609 1109 3686 ἦσαν
1141 3612 1340 3666 δίκαιοι
1385 3610 1481 3664 καὶ
1514 3612 1799 3675 ἐπιεικεῖς,
1839 3612 1933 3663 καὶ

353 3700 704 3772 ἀδικούμενοι
755 3697 960 3771 μεταξὺ
1014 3695 1227 3763 αὐτῶν,
1280 3694 1375 3748 καὶ
1422 3694 1725 3765 διεσπάσθη
1778 3694 1846 3748 ἂν
1872 3695 1933 3748 τὸ

351 3786 528 3854 γένος.
563 3784 830 3854 Καθάπερ
858 3783 966 3853 γάρ
995 3780 1090 3835 δύο
1122 3779 1329 3851 θηρίων
1360 3778 1567 3848 σφόδρα
1596 3777 1929 3845 πεινώντων,

354 3868 472 3941 [75]
490 3868 554 3922 ἂν
581 3867 655 3938 μή
685 3883 740 3919 τι
771 3865 982 3934 γένοιτο
1012 3864 1174 3935 μέσον
1199 3861 1262 3915 τὸ
1293 3862 1594 3932 δυνάμενον
1625 3862 1717 3914 ὑπ’
1747 3861 1930 3915 αὐτῶν

351 3951 719 4023 ἀναλωθῆναι,
756 3949 926 4004 ἐαυτά
954 3946 1332 4001 κατεσθίουσιν
1352 3959 1366 3975 ·
1407 3944 1551 3998 οὕτω
1575 3946 1670 3999 καὶ
1697 3945 1792 3998 ἐπὶ
1822 3945 1931 4000 τῶν

350 4036 691 4092 πλεονεκτῶν
744 4035 838 4088 καὶ
867 4032 980 4087 τῶν
1007 4030 1197 4085 κακῶν
1230 4029 1450 4099 ἐγένετο
1500 4029 1587 4084 ἄν.
1626 4030 1792 4081 Ὥστε
1827 4031 1930 4083 οὐκ

350 4121 431 4175 ἔνι
466 4121 690 4191 εἰρήνην
727 4113 891 4182 εἶναι,
954 4114 1031 4186 μὴ
1079 4113 1347 4188 πρότερον
1379 4113 1583 4183 ἀρετῆς
1644 4111 1927 4185 κατορΘω-

352 4205 559 4273 θείσης.
602 4198 1127 4269 Κατασκευάσωμεν
1174 4197 1229 4249 δέ
1281 4195 1375 4250 καὶ
1410 4194 1587 4260 πόλιν,
1637 4197 1687 4250 εί
1724 4196 1925 4268 βούλει,

350 4291 568 4342 πάντων
596 4281 933 4340 πλεονεκτῶν
955 4284 1050 4334 καὶ
1069 4279 1349 4351 ίσοτίμων,
1381 4281 1477 4333 καὶ
1493 4279 1683 4351 μηδεὶς
1714 4278 1927 4351 φερέτω

347 4374 529 4443 ψῆφον
553 4370 649 4425 τοῦ
680 4367 1007 4432 ἀδικεῖσθαι,
1038 4364 1176 4419 ἀλλά
1192 4366 1396 4428 πάντες
1419 4365 1776 4418 ἀδικείτωσαν
1800 4381 1819 4395 ι
1848 4365 1924 4436 μὴ

346 4457 572 4511 δύναται
609 4452 874 4522 συστῆναι
909 4452 943 4521 ὴ
979 4448 1135 4511 πόλις
1173 4448 1393 4519 ἐκείνη;
1427 4448 1710 4518 Οὐδαμῶς.
1764 4447 1927 4503 Ἀλλά

352 4540 555 4613 μοιχῶν
583 4538 730 4592 ἔστιν
760 4537 988 4607 είρήνη;
1043 4531 1184 4586 Ἀλλ’
1232 4532 1353 4601 οὐχὶ
1392 4532 1646 4603 εὑρήσεις
1678 4531 1798 4585 οὐδὲ
1831 4530 1926 4585 δύο

346 4622 724 4695 ὁμονοοῦντας.
766 4620 931 4673 ’Ὥστε
956 4616 1108 4669 οὐδὲν
1139 4615 1332 4668 τούτου
1368 4616 1560 4675 αἴτιον,
1580 4614 1763 4680 πάλιν,
1793 4614 1827 4685 ἢ
1862 4613 1924 4667 τὸ

348 4710 448 4777 τὴν
479 4705 699 4774 ἀγάπην
729 4702 1006 4771 ψυγῆναιο
1052 4698 1145 4751 τοῦ
1190 4699 1248 4752 δέ
1273 4698 1375 4769 τὴν
1419 4697 1642 4766 ἀγάπην
1682 4697 1923 4768 ψυγῆναι

348 4790 518 4843 αἴτιον
546 4786 607 4840 τὸ
636 4784 1008 4855 πληθυνθῆναι
1040 4784 1138 4850 τὴν
1174 4782 1425 4851 ἀνομίαν.
1470 4780 1563 4844 Εἰς
1592 4779 1700 4851 γὰρ
1726 4780 1920 4849 φιλαυ-

348 4873 469 4925 τίαν
490 4870 612 4938 άγει
639 4867 819 4929 τοῦτο,
850 4867 946 4919 καὶ
975 4866 1177 4933 διαιρεῖ
1206 4865 1301 4916 καὶ
1330 4863 1503 4934 σχίζει
1528 4864 1589 4917 τὸ
1621 4864 1800 4935 σῶμα,
1827 4866 1921 4920 καὶ

348 4955 538 5025 χαυνοῖ
582 4952 675 5005 καὶ
721 4952 944 5020 διασπᾷ.
988 4948 1158 5002 Ἔνθα
1207 4948 1265 5000 δὲ
1316 4948 1522 5020 ἀρετὴ,
1569 4948 1631 5001 τὸ
1676 4949 1919 5005 ἐναντίον

349 5038 496 5091 ποιεῖ
518 5053 532 5067 ο
571 5039 599 5089 6
627 5035 727 5106 μὲν
761 5034 868 5104 γὰρ
892 5033 1145 5103 ἐνάρετος
1167 5033 1262 5085 καί
1299 5033 1599 5103 χρημάτων
1632 5032 1916 5103 κρείττων.

351 5120 513 5172 Ὥστε
540 5118 645 5172 κᾶν
693 5119 875 5188 μυρίοι
916 5111 1051 5168 ὦσιν
1090 5120 1147 5169 ἐν
1179 5115 1363 5184 πενίᾳ,
1395 5114 1630 5168 δύναιντ’
1674 5114 1739 5168 ἂν
1781 5111 1918 5168 εἶναι

350 5203 643 5274 είρηνικοίσ
675 5204 724 5255 οί
761 5202 818 5253 δέ
845 5200 1189 5265 πλεονέκται,
1217 5198 1320 5252 κᾶν
1354 5197 1448 5251 δύο
1474 5192 1628 5265 ὦσιν,
1661 5199 1920 5253 οὐδέποτε

348 5284 600 5339 δύνανται
636 5286 692 5338 ἐν
721 5284 913 5355 εἰρήνῃ
946 5278 1105 5337 εἶναι.

419 5430 459 5482 δ’
468 5429 647 5482 ,Ὥστε
664 5428 756 5481 ἐὰν
777 5429 937 5499 ἡμεῖς
951 5420 1101 5497 ὦμεν
1123 5426 1387 5497 ἐνάρετοι,
1411 5427 1444 5496 ή
1466 5425 1653 5498 ἀγάπη
1673 5427 1772 5481 οὐκ
1787 5426 1918 5479 ἀπο-

350 5511 523 5564 λεῖται
543 5525 557 5539 .
586 5510 694 5563 ἀπὸ
713 5511 822 5581 γὰρ
849 5510 1069 5580 ἀγάπης
1096 5511 1131 5578 ἡ
1161 5509 1355 5581 ἀρετὴ,
1386 5510 1483 5563 καὶ
1513 5510 1621 5563 ἀπὸ
1655 5510 1860 5581 ἀρετῆς
1882 5512 1917 5582 ἡ

350 5593 560 5662 ἀγάπη.
582 5592 691 5646 Καὶ
715 5593 851 5659 πῶς,
884 5590 996 5661 ἐγὼ
1020 5593 1183 5661 λέγωο
1230 5592 1289 5644 Ὀ
1317 5592 1572 5664 ἐνάρετος
1593 5595 1653 5648 οὐ
1677 5598 1917 5667 προτιμᾷ

413 5786 443 5817 ⁸
460 5784 606 5836 Savil.
630 5786 813 5834 mavult
836 5784 1005 5847 χαῦνον
1028 5786 1183 5837 αὐτόν.

2062 446 2320 517 χρήματα
2350 445 2553 517 φιλίας,
2588 446 2711 500 οὐδὲ
2742 447 3079 518 μνησίκακός
3104 449 3271 515 ἐστιν,
3304 445 3422 503 οὐδὲ
3450 452 3627 507 ἀδικεῖ

2057 527 2149 580 τὸν
2175 528 2420 598 πλησίονσ
2442 529 2540 599 οὐχ
2564 530 2794 601 ὑϐρίζει,
2828 530 2981 601 φέρει
3002 532 3176 585 πάντα
3197 533 3476 602 γενναίως.
3496 536 3627 591 Ἀπὸ

2057 609 2261 663 τούτων
2289 613 2323 682 ή
2345 611 2535 683 ἀγάπη
2563 614 2895 667 συνίσταται.
2921 613 3144 669 Πάλιν⁶ὁ
3167 615 3415 683 ἀγαπῶν,
3448 617 3625 673 πάντα

2058 690 2232 746 ταῦτα
2256 694 2565 762 ὑφίσταται.
2608 695 2795 760 Οὕτως
2851 696 3095 767 ἀλλήλων
3133 699 3249 751 ἐστὶ
3286 716 3625 754 κατασκευα-

2061 775 2249 829 στικά.
2292 777 2401 829 Καὶ
2444 777 2603 831 τοῦτο
2651 779 2751 850 μὲν
2798 779 3047 833 ἐντεῦθεν
3074 780 3364 849 δείκνυται,
3399 783 3480 835 ὅτι
3517 783 3624 837 ἀπὸ

2056 858 2259 932 ἀρετῆς
2282 860 2315 931 ή
2345 860 2534 932 ἀγάπη
2552 877 2568 893 ’
2588 861 2666 933 τῷ
2684 860 2792 932 γὰρ
2820 864 3014 928 εἰπεῖν,
3041 864 3227 918 Ὅταν
3248 866 3568 934 πληθυνθῇ
3582 867 3624 935 ἠ

2056 941 2294 1011 ἀνομία,
2335 943 2677 1013 ψυγήσεται
2701 946 2740 1014 ἠ
2770 945 2993 1015 ἀγάπη,
3020 944 3178 999 τοῦτο
3215 947 3514 1019 ἐδήλωσεν·
3542 952 3626 1004 ὅτι

2055 1023 2114 1077 δὲ
2131 1025 2239 1078 ἀπὸ
2252 1026 2519 1098 ἀγάπηςή
2543 1028 2737 1099 ἀρετὴ,
2760 1027 2825 1081 '0
2840 1028 3090 1100 ἀγαπῶν
3107 1029 3216 1084 τὸν
3224 1032 3510 1099 πλησίον,
3525 1033 3628 1086 νό-

2049 1108 2521 1178 μονέπλήρωσε,
2550 1112 2735 1183 φησίν.
2767 1112 2927 1165 Ὥστε
2954 1112 3013 1166 ἓν
3033 1112 3140 1168 τῶν
3158 1114 3252 1168 δύο
3268 1111 3407 1169 εἶναι
3430 1115 3536 1188 χρὴ
3588 1116 3623 1187 ἢ

2058 1189 2262 1261 σφόδρα
2289 1192 2500 1260 φιλικὸν
2526 1194 2620 1248 καὶ¹
2647 1193 2942 1265 ἐρώμενον,
2965 1195 2999 1265 ἢ
3036 1196 3237 1269 σφόδρα
3258 1198 3529 1268 ἐνάρετον.
3563 1198 3623 1251 Ὀ

2054 1273 2164 1346 γάρ
2192 1275 2251 1327 τὸ
2272 1274 2330 1328 ἓν
2352 1276 2510 1347 ἔχων,
2543 1277 2603 1342 ἐξ
2629 1278 2873 1349 ἀνάγκης
2904 1279 3076 1332 καὶτὸ
3106 1279 3292 1352 ἕτερον
3314 1283 3576 1353 κέκτηται
3602 1296 3619 1313 ’

2054 1357 2149 1410 καὶ
2167 1358 2494 1424 τούναντίον,
2525 1362 2553 1413 ὁ
2578 1361 2653 1431 μὴ
2682 1360 2837 1426 είδὼς
2866 1362 3060 1431 φιλεῖν,
3093 1364 3189 1417 καὶ
3215 1366 3427 1437 πονηρά
3455 1366 3623 1436 ἐργά-

2056 1455 2208 1493 σεται
2229 1456 2242 1470 ο
2265 1442 2294 1494 6
2314 1459 2447 1513 πονη
2457 1442 2526 1514 ρά
2540 1442 2927 1514 ἐργαζόμενος,
2954 1446 3075 1500 οὐδὲ
3092 1446 3263 1517 φιλεῖν
3290 1442 3419 1501 οἶδε.
3440 1450 3622 1502 Μετα-

2051 1521 2330 1593 διώξωμεν
2344 1524 2523 1580 τοίνυν
2540 1526 2638 1597 τὴν
2654 1527 2876 1598 ἀγάπην
2891 1542 2906 1557 ⁸
2935 1528 3192 1601 φρούριον
3214 1530 3322 1602 γάρ
3346 1532 3462 1584 ἐστι
3486 1532 3623 1602 πρὸς

2050 1604 2111 1658 τὸ
2143 1607 2310 1678 μηδὲν
2340 1611 2692 1681 συγχωρῆσαι
2722 1612 2871 1682 ἡμᾶς
2896 1611 3088 1666 παθεῖν
3112 1615 3281 1667 κακόν
3300 1630 3315 1644 ο
3347 1613 3622 1685 συνδήσωδ-

2054 1705 2153 1759 μεν
2185 1691 2434 1756 ἑαυτούς.
2461 1693 2644 1762 Μηδὲν
2672 1693 2887 1766 δολερὸν
2912 1694 3052 1750 ἔστω
3091 1698 3220 1769 παρ’
3258 1698 3410 1768 ήμῖν,
3452 1698 3621 1770 μηδὲν

2052 1770 2284 1854 ῦπουλον
2304 1789 2319 1804 θ
2342 1775 2495 1829 οὐδὲν
2513 1775 2621 1849 γὰρ
2642 1775 2953 1854 εὑρίσκεται
2969 1778 3228 1845 τοιοῦτον,
3253 1779 3379 1833 ἔνθα
3400 1781 3466 1834 ἂν
3485 1777 3521 1854 ᾗ
3539 1799 3621 1850 φι-

2049 1852 2158 1909 λία.
2180 1852 2321 1911 Εῐπε
2339 1858 2397 1912 δὲ
2414 1858 2573 1913 τοῦτο
2589 1859 2686 1914 καὶ
2705 1849 2863 1924 ἀλλος
2880 1861 3043 1930 σοφός
3058 1878 3141 1925 τις
3164 1862 3305 1933 ἀνήρ
3325 1879 3338 1893 ·
3378 1849 3620 1932 Ἐπῖςρίι

2046 1940 2163 1992 λον
2201 1939 2311 1993 ἐὰν
2344 1940 2445 1995 καὶ
2484 1941 2736 2011 σπάσης
2750 1944 3081 2014 ῥομφαίαν,
3109 1943 3196 2014 μὴ
3234 1945 3580 2015 ἀπελπίσῃς
3600 1961 3613 1975 '

2045 2021 2179 2075 ἐστι
2215 2021 2327 2092 γὰρ
2365 2022 2683 2092 ἐπάνοδος.
2713 2027 2843 2081 Ἐπί
2886 2028 3071 2096 φίλον
3112 2028 3220 2082 ἐὰν
3264 2028 3514 2099 ἀνοίξῃς
3552 2028 3618 2084 τὸ

2048 2106 2263 2175 στόμα,
2310 2107 2398 2177 μὴ
2434 2108 2746 2179 ἀπογνῷς·
2783 2110 2916 2165 ἐστι
2962 2111 3071 2183 γὰρ
3111 2111 3433 2182 διαλλαγὴ,
3469 2113 3618 2167 ἄνευ

2046 2190 2414 2261 όνειδισμοῦ,
2456 2192 2558 2247 καὶ
2604 2195 2956 2263 μυστηρίων
2999 2195 3461 2265 ἀποκαλύψεως,
3519 2198 3621 2252 καῖ

2044 2272 2286 2344 πληγῆς
2322 2274 2552 2343 δολίας.
2602 2270 2693 2332 Ἐὐ
2734 2278 2949 2342 τούτοις
2993 2280 3296 2350 ἀποφεύγει
3338 2282 3511 2352 φίλος,
3559 2284 3620 2337 ἐν

2044 2357 2405 2434 ἀποκαλύψει,
2448 2360 2603 2431 φησὶ,
2653 2363 2991 2434 μυστηρίων.
3044 2365 3144 2418 "Av
3192 2364 3393 2430 πάντες
3434 2366 3617 2421 τοίνυν

2043 2433 2193 2511 ὦμεν
2231 2440 2396 2511 φίλοι,
2429 2443 2549 2496 οὐδὲ
2590 2433 2907 2517 μυστηρίων
2932 2446 3049 2499 δεῖ·
3082 2446 3271 2520 ῶσπερ
3313 2447 3421 2518 γὰρ
3453 2449 3616 2513 αὐτός

2041 2539 2126 2586 τις
2157 2524 2295 2594 πρὸς
2336 2526 2531 2580 ἐαυτὸν
2573 2527 2726 2581 οὐδὲν
2767 2528 2883 2599 ἔχει
2919 2532 3237 2601 μυστήριον,
3284 2533 3405 2586 οὐδὲ
3453 2533 3617 2596 αὐτὸς

2043 2608 2235 2662 ἐαυτὸν
2261 2608 2524 2680 κρύπτειν
2550 2610 2841 2682 δυνήσεται
2862 2627 2876 2641 ⁸
2909 2611 3080 2677 οὕτως
3105 2614 3225 2668 οὐδὲ
3252 2615 3376 2678 τοὺς
3403 2616 3611 2685 φίλους.

2042 2695 2157 2747 Οὐκ
2178 2693 2347 2749 ὄντων
2377 2691 2469 2749 οὖν
2497 2698 2834 2769 μυστηρίων,
2860 2697 3117 2763 ἀδύνατος
3140 2701 3173 2771 ή
3199 2701 3264 2753 ἐκ
3288 2701 3477 2754 τούτου
3498 2702 3617 2755 δια-

2043 2779 2208 2851 κοπή.
2239 2780 2317 2831 Δι’
2351 2779 2503 2833 οὐδὲν
2549 2781 2659 2852 γάρ
2698 2781 2896 2852 ἔχομεν
2927 2784 3223 2854 μυστήρια,
3255 2783 3288 2854 ἢ
3328 2785 3416 2838 διά
3443 2785 3505 2837 τὸ
3537 2785 3614 2857 μή

2041 2865 2177 2917 πᾶσι
2202 2863 2427 2935 θαρρεῖν
2449 2878 2463 2894 ⁸
2495 2863 2637 2918 ὥστε
2663 2866 2692 2917 6
2723 2866 2941 2935 ψυγμὸς
2987 2864 3102 2938 [⁵14]
3131 2868 3230 2937 τῆς
3260 2868 3480 2939 ἀγάπης
3515 2885 3615 2921 πε⁴⁵

2041 2945 2237 3017 ποίηκε
2265 2947 2563 3018 μυστήρια.
2594 2947 2659 2999 Τί
2678 2949 2785 3017 γὰρ
2817 2948 2963 3018 ἔχεις
2994 2951 3329 3023 μυστήριον;
3359 2950 3613 3021 ἀδικῆσαι

2038 3029 2130 3083 τὸν
2171 3028 2399 3100 πλησίον
2433 3029 2647 3100 βούλει;
2691 3030 2725 3101 ἢ
2771 3032 3003 3097 κωλύεις
3047 3033 3252 3102 ἀγαθοῦ
3297 3052 3441 3098 τινος
3482 3053 3612 3105 μετ-

2039 3111 2207 3182 έχειν,
2238 3113 2335 3166 καὶ
2357 3113 2445 3168 διά
2480 3113 2641 3166 τοῦτο
2668 3113 2967 3185 κρύπτεις;
3013 3116 3152 3170 Ἀλλ’
3177 3118 3329 3172 οὐδὲν
3362 3119 3567 3173 τούτων
3590 3132 3606 3147 ⁸

2036 3195 2153 3249 ἀλλ’
2187 3196 2454 3268 αίσχύνῃ;
2483 3195 2695 3249 Οὐκοῦν
2722 3196 2783 3250 τὸ
2812 3198 2889 3270 μὴ
2919 3199 3144 3271 θαρρεῖν
3177 3203 3366 3255 τούτου
3400 3205 3611 3275 τεκμή-

2038 3296 2173 3350 ριον.
2216 3280 2313 3333 Ἂν
2355 3281 2453 3350 μὲν
2492 3275 2587 3333 οὖν
2629 3280 2819 3353 ἀγάπη
2869 3280 2925 3353 ᾖ,
2960 3284 3059 3336 οὐκ
3102 3283 3255 3339 ἔσται
3294 3288 3609 3358 μυστηρίων

2036 3362 2397 3433 ἀποκάλυψις,
2430 3361 2547 3416 ἀλλ’
2576 3362 2698 3416 οὐδὲ
2731 3365 3053 3435 ὀνειδισμὸς.
3087 3367 3182 3430 Τίς
3212 3369 3320 3439 γὰρ
3360 3370 3446 3434 ἂν,
3485 3370 3608 3423 εἰπέ

2039 3461 2150 3515 μοι,
2173 3444 2270 3497 καὶ
2295 3444 2425 3498 πότε
2456 3447 2523 3516 τῇ
2554 3444 2748 3498 ἐαυτοῦ
2778 3445 2923 3519 ψυχῇ
2956 3449 3302 3516 όνειδίσειεν;
3337 3452 3400 3504 El
3425 3452 3481 3504 δέ
3511 3453 3607 3505 καὶ

2035 3528 2264 3597 γένοιτο,
2312 3527 2405 3582 ἐπὶ
2436 3528 2638 3600 κέρδει.
2690 3531 2842 3584 Ἐπεὶ
2889 3533 2984 3585 καὶ
3016 3533 3208 3587 παισὶν
3251 3534 3605 3605 ὀνειδίζομεν,

2033 3610 2219 3665 δακεῖν
2251 3611 2450 3676 αὐτοὺς
2484 3610 2831 3683 βουλόμενοι’
2861 3616 2953 3668 καὶ
2972 3617 3001 3670 6
3027 3617 3262 3687 Χριστὸς
3283 3618 3338 3669 δὲ
3366 3619 3485 3671 τότε
3506 3620 3607 3689 ἤρ-

2035 3694 2163 3759 ξατο
2177 3694 2458 3759 ὀνειδίζειν
2474 3697 2574 3758 τάς
2595 3696 2802 3764 πόλεις,
2825 3698 3018 3768 λέγων,
3039 3701 3189 3755 Οὺαί
3205 3716 3305 3755 σοι
3320 3702 3602 3771 Χωραζὶν,

2033 3777 2171 3832 οὐαί
2184 3791 2285 3831 σοι
2307 3777 2634 3845 Βηθσαϊδὰ,
2664 3780 2750 3832 ἵνα
2763 3780 3083 3853 ὀνειδισμῶν
3105 3784 3408 3856 ἀπαλλάξῃ.
3436 3786 3604 3841 Οὐδὲν

2031 3861 2140 3931 γάρ
2173 3860 2317 3915 οὑτω
2355 3861 2575 3916 δύναται
2619 3863 2968 3934 καθάψασθαι
3010 3866 3265 3932 διανοίας,
3299 3870 3391 3921 καὶ
3420 3868 3599 3922 διανα-

2033 3947 2229 4017 στῆσαι
2252 3945 2452 4017 μᾶλλον
2478 3946 2667 4018 αὐτὴν,
2692 3950 2786 4002 καὶ
2801 3950 3138 4021 παρειμένην
3155 3951 3482 4021 ἀνορθῶσαι.
3507 3953 3602 4023 Μὴ

2029 4030 2094 4104 δὴ
2114 4029 2463 4101 όνειδίζωμεν
2486 4030 2673 4094 ἁπλῶς
2693 4031 2975 4102 ἀλλήλους.
3006 4033 3073 4086 Τί
3093 4034 3233 4105 γάρ;
3264 4036 3356 4087 ἐπὶ
3380 4036 3599 4107 χρήμα-

2032 4133 2116 4168 σιν
2144 4114 2305 4169 αὐτὸν
2336 4110 2645 4180 ὀνειδίσεις’;
2684 4115 2984 4186 Μηδαμῶς,
3025 4116 3079 4170 εί
3104 4134 3169 4186 γε
3195 4119 3351 4171 κοινά
3371 4119 3441 4172 τά
3471 4120 3601 4173 ὄντα

2030 4199 2316 4270 κέκτησαι.
2362 4197 2500 4251 Ἀλλ’
2530 4199 2622 4251 ἐπὶ
2649 4198 3075 4271 ἀμαρτήμασιν;
3111 4200 3251 4254 Ἀλλ’
3271 4202 3391 4266 οὐδὲ
3417 4202 3599 4270 τοῦτο,

2027 4280 2165 4337 ἀλλά
2186 4282 2387 4353 μᾶλλον
2408 4278 2741 4352 διορθώσεις.
2765 4283 2876 4336 Καὶ
2904 4281 3168 4351 πληγῆς,
3187 4284 3343 4354 φησὶ,
3367 4284 3594 4350 δολίας.

2027 4367 2092 4419 Τί
2117 4382 2282 4432 ποτε;
2318 4365 2511 4419 ἐαυτὸν
2539 4366 2859 4437 ἀναιρήσεις
2886 4366 2971 4428 τίς
2998 4366 3056 4420 δὲ
3080 4366 3305 4437 πλήξει;
3334 4368 3469 4421 Οὐδὲ
3493 4363 3595 4432 εἷς.

2026 4447 2323 4518 Διώκωμεν
2338 4449 2516 4502 τοίνυν
2535 4448 2633 4520 τὴν
2655 4449 2897 4518 ἀγάπην.
2912 4449 3025 4503 Οὐκ
3044 4445 3198 4507 εἶπεν
3219 4451 3425 4517 ἁπλῶς,
3441 4452 3599 4521 Ἀγα-

2024 4532 2238 4604 πῶμεν,
2267 4530 2424 4598 ἀλλά,
2471 4531 2791 4603 Διώκωμεν.
2824 4533 3034 4606 Πολλῆς
3070 4533 3154 4587 δεῖ
3186 4534 3289 4604 τῆς
3318 4537 3554 4607 σπουδῆς
3576 4550 3593 4566 ·

2022 4617 2234 4687 ταχέως
2274 4615 2620 4684 ἀφανίζεται,
2669 4616 2819 4683 ὀξεῖα
2863 4616 3001 4687 πρὸς
3039 4616 3389 4689 ἁναχώρησίν
3435 4620 3591 4672 ἐστι’

2023 4701 2261 4754 τοσαῦτα
2293 4700 2352 4751 ἐν
2383 4699 2462 4771 τῷ
2490 4698 2591 4771 βίῳ
2619 4698 2698 4770 τῷ
2731 4700 3015 4770 πράγματι
3044 4700 3219 4772 τούτῳ
3250 4701 3591 4771 λυμαίνεται.

2025 4785 2122 4837 Ἂν
2158 4782 2444 4856 διώκωμεν
2472 4784 2664 4853 αὐτὴν,
2689 4783 2751 4836 οὐ
2786 4783 2981 4853 φθάσει
3016 4785 3288 4852 ἀπελθεῖν,
3324 4786 3457 4841 ἀλλά
3492 4805 3591 4841 τα-

2022 4868 2162 4937 χέως
2186 4866 2356 4938 αὐτὴν
2381 4866 2744 4937 ἐξελκύσομεν
2770 4882 2785 4897 ·
2822 4868 2856 4936 ή
2877 4867 3067 4937 ἀγάπη
3097 4869 3191 4922 τοῦ
3224 4869 3357 4924 Θεοῦ
3395 4870 3473 4941 τῷ
3496 4872 3591 4924 οὐ-

2025 4950 2173 5022 ρανῷ
2195 4948 2400 5019 συνῆψε
2424 4949 2525 5021 τὴν
2548 4950 2656 5021 γῆν
2677 4964 2691 4978 ·
2716 4952 2750 5020 ή
2776 4950 2965 5022 ἀγάπη
2986 4950 3081 5005 τοῦ
3111 4951 3247 5006 Θεοῦ
3269 4954 3360 5006 τὸν
3377 4953 3592 5025 ἀνθρω-

2022 5052 2122 5088 πον
2147 5034 2240 5087 ἐπὶ
2267 5032 2357 5087 τὸν
2380 5033 2568 5104 θρόνον
2599 5034 2690 5087 τὸν
2709 5033 2988 5104 βασιλικὸν
3014 5035 3270 5090 ἐκάθισεν
3289 5052 3302 5065 '
3336 5039 3369 5109 ἡ
3398 5038 3591 5110 ἀγάπη

2020 5118 2114 5172 τοῦ
2154 5116 2291 5170 Θεοῦ
2329 5117 2423 5170 τὸν
2469 5117 2602 5171 Θεὸν
2634 5116 2836 5183 ἔδειξεν
2874 5118 2969 5171 ἐπὶ
3002 5119 3101 5190 τῆς
3125 5121 3228 5191 γῆς
3254 5136 3267 5148 ’
3319 5121 3354 5191 ἡ
3398 5121 3589 5191 ἀγάπη

2018 5202 2114 5255 τοῦ
2148 5200 2282 5273 Θεοῦ
2322 5201 2414 5254 τὸν
2450 5200 2728 5273 Δεσπότην
2777 5200 2960 5256 δοῦλον
3000 5202 3255 5274 ἐποίησεν
3277 5220 3292 5235 ο
3328 5205 3362 5273 ή
3397 5203 3589 5275 ἀγάπη

2019 5286 2112 5341 τοῦ
2144 5284 2282 5338 Θεοῦ
2306 5284 2446 5354 ὑπὲρ
2476 5283 2586 5337 τῶν
2608 5285 2816 5356 ἐχθρῶν
2839 5284 2929 5338 τὸν
2957 5285 3283 5357 ’Δγαπητὸν,
3312 5287 3452 5356 ὑπὲρ
3480 5285 3589 5339 τῶν

2023 5369 2325 5440 μισούντων
2356 5367 2446 5420 τὸν
2470 5368 2616 5432 Υἱὸν,
2643 5368 2785 5439 ὑπὲρ
2806 5368 2913 5421 τῶν
2938 5369 3141 5429 δούλων
3169 5370 3260 5422 τὸν
3287 5370 3586 5440 Δεσπότην,

2022 5455 2163 5524 ὑπὲρ
2208 5452 2317 5506 τῶν
2365 5452 2666 5520 ἀνθρώπων
2716 5454 2807 5505 τὸν
2858 5453 3009 5516 Θεὸν,
3059 5454 3199 5526 ὑπὲρ
3237 5454 3464 5508 οἰκετῶν
3494 5455 3589 5508 τὸν

2020 5536 2303 5606 ἐλεύθερον
2346 5535 2631 5605 ἐκδοθῆναι
2666 5535 2908 5603 ἐποίησε.
2961 5537 3070 5591 Καὶ
3105 5537 3225 5590 οὐδὲ
3257 5537 3418 5607 μέχρι
3459 5536 3589 5589 τού-

2017 5638 2109 5675 του
2142 5619 2294 5689 ἔστη,
2323 5617 2461 5671 ἀλλά
2508 5618 2602 5670 καὶ
2631 5620 2723 5672 ἐπὶ
2763 5619 2985 5689 μείζονα
3020 5623 3168 5690 ἡμᾶς
3195 5620 3472 5683 ἐκάλεσεν.
3509 5620 3587 5674 Οὐ

2018 5704 2127 5775 γάρ
2169 5702 2329 5775 μόνον
2369 5700 2678 5773 ἀπήλλαξεν
2706 5703 2855 5773 ἡμᾶς
2884 5703 2992 5757 τῶν
3042 5704 3323 5776 προτέρων
3375 5703 3585 5771 κακῶν,

2020 5788 2157 5843 ἀλλά
2196 5789 2290 5842 καὶ
2319 5786 2498 5858 πολλῴ
2532 5788 2754 5857 μείζονα
2781 5788 2971 5845 δώσειν
3000 5789 3161 5859 ἕτερα
3198 5789 3580 5858 ἐπηγγείλατο.
