2030 3200
233 181 268 211 ῗ3
673 178 707 206 IN
726 178 834 208 EPIST.
854 178 901 207 AD
919 177 1043 207 EPHES.
1065 177 1142 205 CAP.
1163 176 1207 204 IV.
1228 176 1344 204 llOMlL.
1365 176 1408 204 IX.
1832 183 1872 211 ιη-

232 240 340 277 qnando
362 239 432 274 ligna
451 237 558 274 quidem
580 237 711 265 invenerit
730 237 801 265 sicca
813 257 821 269 ,
835 236 925 263 omnia
938 243 1018 262 unam

231 286 313 315 efﬁcit
330 292 441 321 pyram;
458 283 563 320 quando
577 287 665 311 autem
684 282 793 310 humida
804 302 812 315 ,
829 289 879 311 nec
892 285 1019 317 operatur

231 340 281 360 nec
292 330 458 367 conglutinat
471 339 479 358 :
493 330 531 359 ita
543 329 587 357 hic
600 334 679 357 etiam
694 337 701 355 :
715 328 782 356 nihil
795 336 828 356 cx
842 327 945 363 frigidis
957 334 1018 355 eum

230 382 319 414 potest
327 377 522 412 constringere,
534 375 582 403 sed
594 383 627 403 ex
637 374 730 403 calidis
743 374 950 409 unumquodque
962 380 1018 400 ma-

228 424 300 452 xima
321 430 355 451 ex
378 426 463 458 parte.
486 422 525 449 Ex
546 421 598 449 hoc
619 428 684 456 ergo
702 420 782 448 etiam
807 420 924 447 nascitur
943 419 1018 447 calor

228 470 348 498 caritatis
361 477 368 496 :
382 476 396 495 a
415 468 522 499 vinculo
541 467 615 503 pacis
631 466 688 494 vult
704 473 754 494 nos
772 473 866 493 omnes
878 465 1014 501 colligam.

228 514 455 550 Quemadmodum
469 513 541 542 enim
554 534 562 545 ,
576 513 680 548 inquit,
694 512 715 539 si
730 512 796 539 velis
812 511 925 546 teipsum
940 510 1016 537 alteri

227 563 348 597 alligare,
360 569 414 589 non
425 560 503 588 aliter
515 560 626 595 poteris,
639 559 689 587 nisi
703 558 778 586 illum
788 565 894 594 quoque
906 557 952 585 tibi
965 557 1016 592 ipsi

228 610 337 644 alliges;
353 608 422 643 quod
437 608 458 635 si
472 608 538 635 velis
550 607 649 641 duplex
668 605 756 633 facere
769 605 904 633 vinculum
916 625 924 637 ,
940 604 1016 632 illum

228 663 333 690 quoque
344 658 447 690 oportet
458 655 503 681 tibi
515 661 574 681 esse
584 653 718 688 alligatum
729 661 735 679 :
747 652 782 680 ita
793 652 837 679 hic
845 659 952 687 quoque
962 651 1018 678 vult

228 711 274 730 eos
288 703 357 730 inter
368 710 397 730 se
409 709 468 730 esse
480 702 611 737 alligatos,
625 708 677 728 non
690 701 776 729 solum
790 700 817 728 in
829 707 894 735 pace
906 699 1015 734 degere,

229 757 277 776 uec
294 749 380 776 solum
395 749 521 783 diligere.
537 747 585 775 sed
600 753 695 774 omnes
712 753 774 775 esse
794 753 874 773 unam
888 745 1014 773 animam.

230 794 371 822 Pulchrum
385 799 425 821 est
439 794 490 821 hoc
500 794 633 821 vinculum
647 802 655 820 :
667 793 718 821 hoc
727 792 833 821 vinculo
845 797 870 820 et
885 799 934 819 nos
947 792 1017 819 inter

229 848 287 873 nos,
299 846 325 867 et
339 849 387 867 nos
401 840 474 874 ipsos
485 848 544 866 curn
558 841 611 866 Deo
621 839 785 874 colligemus.
798 838 855 866 Non
866 837 959 873 afﬂigit
968 844 1017 865 nec

227 887 378 921 comprimit
388 886 525 921 colligatus
536 894 629 912 manus
642 887 692 912 ltoc
701 884 845 917 vinculum,
856 883 904 911 sed
914 882 1017 910 relaxat

227 936 254 959 et
274 932 298 958 in
313 932 402 966 amplo
417 939 447 959 ac
460 932 513 958 lato
528 932 590 958 sinit
603 938 663 958 esse
676 930 780 966 spatio;
792 933 820 958 et
833 929 915 958 efficit
928 933 958 956 ut
971 929 1017 964 qui

227 982 288 1003 sunt
308 977 406 1010 vincti,
423 977 475 1003 sint
497 976 613 1004 laatiores
634 976 666 1003 iis
680 976 725 1011 qui
749 974 829 1003 soluti
844 978 916 1003 sunt.
929 973 1022 1002 Fortis

227 1023 305 1049 etiam
321 1030 380 1049 cum
395 1022 473 1049 debili
489 1022 585 1057 ligatus
595 1043 602 1053 ,
618 1025 645 1049 et
657 1021 732 1049 illum
746 1025 834 1057 portat
846 1025 874 1049 et
886 1028 940 1048 non
953 1019 1016 1048 sinit

226 1069 314 1103 perire
326 1088 333 1100 ,
347 1068 450 1095 etiamsi
465 1075 524 1095 cum
538 1068 611 1102 segni
625 1071 653 1095 et
669 1067 765 1103 ignavo
779 1066 859 1095 fuerit
874 1066 997 1102 alligatus
1007 1086 1017 1099 ,

227 1115 311 1149 ipsum
327 1116 410 1148 magis
423 1115 534 1141 excitat.
548 1113 640 1141 Frater
650 1114 727 1147 enim,
741 1113 836 1149 inquit,
850 1121 868 1140 α
878 1114 958 1149 fratre
971 1112 1018 1139 ad-

225 1160 305 1194 iutus,
319 1165 355 1186 est
368 1165 494 1195 tamquam
509 1161 567 1187 urbs
580 1160 677 1187 munita
690 1158 788 1196 (Prov.
803 1159 848 1187 18.
862 1159 896 1187 19
942 1158 1017 1186 Hanc

225 1211 345 1234 catenam
361 1214 413 1234 non
434 1210 521 1241 potest
541 1206 682 1241 prohibere
695 1206 796 1233 viarum
812 1205 926 1241 spatium
938 1225 947 1238 ,
963 1212 1016 1232 non

226 1252 329 1284 ca-lum,
344 1260 396 1279 non
412 1257 494 1286 terra,
510 1260 561 1279 non
575 1259 659 1286 mors,
674 1259 762 1287 neque
774 1251 848 1279 aliud
860 1251 1015 1287 quidquam,

226 1297 273 1325 sed
295 1302 337 1324 est
358 1298 480 1324 omnibus
502 1298 638 1332 potentior
660 1301 687 1325 et
708 1296 841 1324 validior:
857 1296 915 1324 haec
934 1296 1016 1324 etiam

226 1347 287 1369 nata
302 1350 335 1369 ex
348 1351 399 1370 una
412 1343 516 1375 anima,
531 1347 619 1377 potest
634 1342 732 1370 multos
746 1341 824 1369 simul
837 1340 1016 1377 comprehen-

226 1390 299 1418 dere.
314 1388 383 1415 Audi
395 1389 464 1416 enim
478 1388 586 1415 Paulum
599 1388 732 1416 dicentem
744 1397 751 1415 :
763 1386 825 1414 Non
835 1386 1018 1423 angustiamt'ns'

225 1435 252 1461 in
274 1434 346 1460 nobis
358 1454 365 1466 ,
384 1434 564 1468 angustiamini
583 1438 667 1460 autem
684 1433 712 1460 in
725 1432 861 1460 uisceribus
874 1433 963 1460 uestris
976 1432 1015 1468 (2.

226 1480 285 1508 Cor.
299 1480 325 1507 6.
340 1480 374 1507 12
386 1480 405 1514 ).
423 1479 573 1506 Dilatemini
590 1483 616 1506 et
628 1486 685 1506 vos.
702 1478 771 1513 Quid
783 1485 848 1514 ergo
863 1478 914 1506 hoc
925 1478 1017 1506 vincu-

227 1527 281 1553 lum
295 1525 457 1553 labefactat?
472 1527 555 1552 Amor
569 1526 688 1560 pecuniae
700 1545 708 1557 ,
725 1525 830 1560 imperii
842 1530 869 1553 et
883 1525 1016 1553 honorum

227 1572 370 1606 gluriwque
383 1571 513 1606 cupiditas
528 1577 555 1598 et
569 1571 683 1598 aliorum
698 1570 849 1605 hujusmodi
862 1579 869 1597 :
882 1577 929 1598 eos
942 1571 1017 1598 laxos

227 1619 314 1647 reddit
328 1624 355 1646 et
369 1619 463 1645 molles
475 1639 483 1650 ,
499 1618 624 1653 ipsosque
638 1617 774 1645 discindit.
798 1616 939 1652 Quomodo
952 1624 1024 1652 ergo.

227 1665 287 1696 ﬁat,
303 1669 333 1691 ut
347 1672 398 1691 non
414 1663 616 1691 discindantur?
635 1662 663 1691 Si
678 1662 736 1690 haec
749 1662 837 1691 ablata
852 1662 951 1691 fuerint
965 1663 1016 1690 im-

228 1710 387 1744 pedimenta,
402 1714 428 1737 et
442 1710 507 1737 nihil
520 1710 668 1737 molestiam
680 1709 774 1736 aﬂerat
785 1716 819 1736 ex
832 1709 864 1737 iis
876 1716 936 1743 quae
948 1709 1016 1736 cari-

228 1761 306 1783 tatem
327 1760 508 1790 corrumpunt.
529 1755 597 1782 Audi
618 1755 688 1782 enim
705 1754 841 1783 Christum
859 1754 1015 1783 dicentem:

228 1801 337 1834 Quando
351 1801 515 1828 abundaverit
537 1801 656 1836 iniquitas
665 1822 674 1834 ,
688 1800 832 1836 refrigescet
846 1801 937 1828 caritas
950 1800 1018 1827 mut-

226 1854 307 1876 torum
323 1849 332 1884 (
347 1849 441 1875 Matth.
454 1849 500 1876 24.
516 1849 550 1876 12
563 1848 584 1883 ).
600 1847 708 1875 Caritati
724 1847 790 1874 nihil
804 1851 846 1875 est
867 1854 942 1882 aeque
953 1854 1018 1874 con-

228 1896 338 1922 trarium
360 1899 440 1929 atque
460 1899 597 1930 peccatum
612 1902 618 1921 :
634 1901 683 1923 nec
697 1893 758 1922 dico
771 1893 857 1921 solum
871 1893 974 1921 inritati
989 1893 1016 1920 in

227 1941 321 1973 Deum,
332 1940 378 1968 scd
389 1941 468 1968 etiam
479 1940 583 1968 caritati
595 1940 621 1967 in
633 1940 794 1975 proximum.
804 1938 943 1976 Quomodo
952 1946 1026 1974 ergo.

225 1987 344 2014 latrones
354 2007 360 2019 ,
375 1987 477 2020 inquit,
492 1987 590 2021 degunt
604 1987 630 2013 in
643 1986 727 2021 pace?
740 1985 862 2020 Quando,
876 1984 919 2013 dic
931 1984 995 2012 mihi
1008 2005 1016 2017 ,

226 2033 344 2068 degunt?
356 2032 423 2059 Cum
436 2033 568 2059 latronum
581 2032 701 2059 moribus
711 2039 763 2059 non
775 2035 894 2059 utuntur.
906 2031 933 2059 Si
944 2031 1016 2059 enim

227 2079 253 2105 in
268 2079 301 2106 iis
314 2078 378 2113 ipsis
388 2078 484 2113 quibus
496 2078 659 2110 dividuntur,
670 2085 724 2105 non
736 2081 844 2105 servent
855 2077 928 2113 leges
937 2077 1016 2112 justi-

227 2124 270 2151 tite
280 2145 287 2157 ,
302 2129 332 2151 ut
344 2124 486 2158 unicuique
498 2123 568 2158 quod
580 2123 681 2158 justum
694 2128 735 2150 est
748 2123 883 2155 tribuant,
897 2123 1017 2150 invenies

227 2170 285 2197 illos
298 2177 403 2205 quoque
415 2176 474 2197 esse
487 2169 512 2196 in
527 2169 604 2197 bellis
617 2173 644 2196 et
656 2168 761 2204 pugnis.
774 2168 954 2203 Quamobrem
967 2176 1018 2196 nec

227 2216 253 2243 in
264 2216 339 2243 malis
350 2216 412 2243 licet.
423 2222 514 2250 pacem
527 2215 664 2242 invenire:
675 2214 772 2249 ubique
781 2217 870 2241 autem
882 2221 941 2241 eam
953 2213 1017 2241 licet

227 2262 356 2294 invenire,
368 2262 412 2289 ubi
423 2269 483 2288 cum
495 2261 597 2295 justitia
608 2265 635 2288 et
646 2260 745 2288 virtute
753 2260 861 2287 vivitur.
873 2259 925 2287 Sed
936 2259 1016 2295 quid?

226 2310 358 2337 rivalesne
367 2313 394 2336 et
404 2308 491 2335 aemuli
504 2309 530 2335 in
542 2315 607 2342 pace
618 2306 726 2335 vivunt?
736 2306 854 2334 Minime.
865 2306 917 2334 Sed
927 2313 1017 2341 quem-

227 2363 288 2383 nam
307 2356 347 2382 vis
367 2354 473 2382 dicam?
491 2354 594 2381 Avarus
607 2360 751 2388 numquam
765 2352 818 2381 erit
835 2352 861 2380 in
877 2359 942 2387 pace
954 2360 1015 2379 cum

227 2408 308 2428 avaro
323 2410 330 2427 :
344 2408 406 2428 nam
421 2400 443 2427 si
464 2407 516 2427 non
531 2404 621 2427 essent
639 2399 709 2426 inter
724 2406 754 2426 se
770 2398 834 2434 justi
848 2402 876 2426 et
888 2398 956 2433 arqui
966 2419 975 2432 ,
989 2402 1017 2426 et

227 2448 272 2475 alii
293 2447 360 2475 alios
382 2446 518 2474 ofﬁcerent
539 2446 644 2479 injuria,
661 2444 817 2480 dissipatum
834 2448 907 2471 esset
921 2452 1015 2472 eorum

227 2501 320 2527 genus.
343 2493 417 2520 Sicut
436 2492 506 2518 cnim
527 2490 591 2517 ferte
610 2490 668 2517 duae
689 2489 766 2517 valde
783 2490 950 2522 esurientes,
965 2489 1016 2517 nisi

227 2539 325 2575 aliquid
340 2538 485 2566 intercedat
504 2538 619 2565 medium
634 2537 704 2573 quod
718 2537 803 2573 possit
816 2537 851 2565 ab
864 2537 903 2565 eis
915 2544 1015 2565 consu-

228 2587 264 2613 mi
274 2607 282 2619 ,
296 2586 348 2613 illze
363 2593 391 2612 se
406 2585 542 2612 exedunt:
558 2585 591 2611 ita
606 2585 685 2611 etiam
699 2584 768 2611 inter
782 2590 877 2611 araros
890 2589 918 2611 ct
931 2583 1016 2611 malus

228 2633 356 2659 eveniret.
372 2631 549 2665 Quamobrem
563 2631 620 2657 lieri
634 2638 686 2657 non
701 2634 789 2665 potest
801 2634 830 2657 ut
842 2630 876 2658 sit
889 2637 950 2665 pax,
965 2629 1016 2657 nisi

229 2679 313 2706 virtus
325 2682 489 2705 exerceatur.
504 2677 711 2709 Construamus,
727 2675 749 2703 si
765 2676 866 2711 placet,
881 2676 1015 2703 civitatem

228 2732 369 2752 avarorum
385 2728 411 2751 et
424 2724 469 2759 qui
484 2731 562 2758 pares
577 2723 629 2750 sint
644 2722 670 2750 in
683 2723 802 2755 honore,
817 2726 845 2749 et
858 2729 937 2750 nemo
949 2729 1015 2749 con-

229 2771 336 2798 demnet
357 2769 497 2804 injuriam,
514 2769 560 2796 sed
581 2775 674 2795 omnes
692 2767 816 2802 iniuriam
835 2767 966 2799 inferant;
980 2774 1014 2794 an

230 2819 317 2849 [mest
334 2814 486 2850 hujusmodi
501 2814 594 2841 civitas
606 2813 772 2841 consistere?
787 2813 903 2841 Minime.
918 2814 952 2840 At
966 2820 1017 2848 pax

229 2866 272 2889 est
284 2861 484 2888 adulterorum?
497 2860 549 2888 Sed
564 2868 598 2888 ne
615 2860 682 2888 duos
696 2859 802 2895 quidem
819 2860 938 2887 invenies
949 2866 1016 2888 cou-

228 2908 333 2937 eordes.
347 2907 525 2942 Quamobrem
541 2915 595 2937 non
608 2912 649 2937 est
662 2914 756 2937 rursus
769 2906 820 2935 alia
833 2906 912 2943 huius
923 2914 1014 2942 causa,

1074 242 1152 269 quam
1175 233 1245 269 quod
1264 234 1397 262 refrixerit
1410 235 1529 263 caritas:
1543 236 1614 271 quod
1627 242 1716 266 autem
1730 239 1867 268 refrixerit

1072 279 1182 314 caritas,
1194 287 1274 308 causa
1285 286 1336 313 est,
1347 281 1418 316 quod
1429 281 1569 310 abundarit
1579 283 1713 318 iniquitas.
1726 285 1782 313 Hoc
1792 288 1863 315 enim

1071 325 1145 353 ducit
1167 326 1201 354 ad
1226 327 1362 362 proprium
1387 335 1505 356 amorem
1519 349 1527 362 ,
1551 334 1580 358 et
1600 330 1694 359 dividit
1715 338 1743 360 et
1764 341 1863 370 corpus

1074 372 1190 407 scindit,
1204 373 1358 409 emollitque
1370 378 1398 402 et
1411 374 1522 403 divellit.
1537 375 1586 404 Ubi
1600 382 1689 405 autem
1704 384 1746 407 est
1760 381 1843 409 virtus
1856 403 1865 414 ,

1071 417 1134 446 facit
1146 419 1309 447 contrarium
1323 430 1330 448 :
1347 427 1409 448 nam
1424 420 1520 450 virtute
1535 422 1670 457 praeditus,
1686 429 1729 453 est
1742 427 1865 461 pecuniis

1070 465 1203 500 superior.
1219 465 1311 502 Itaque
1321 467 1425 495 etiamsi
1436 468 1643 498 innumerabiles
1652 470 1749 507 degant
1759 473 1785 500 in
1797 482 1864 509 pau-

1070 515 1184 545 pertate,
1198 512 1336 546 potuerint
1347 520 1407 541 esse
1422 514 1522 549 paciﬁci
1535 524 1542 542 :
1553 517 1626 544 avari
1641 522 1740 552 autem,
1755 520 1861 549 etiamsi

1069 556 1124 583 sint
1146 557 1200 584 duo
1223 561 1344 592 tantum,
1365 567 1509 595 numquam
1529 567 1640 596 possunt
1661 570 1722 592 esse
1742 564 1770 593 in
1784 573 1862 601 pace.

1104 601 1131 629 4.
1152 601 1192 629 De
1203 604 1317 631 caritate.
1333 604 1407 632 Unde
1418 610 1478 633 orta
1497 607 1547 634 sint
1560 616 1657 636 arcana
1674 615 1699 637 et
1712 617 1863 640 secreta.—

1068 646 1259 698 Quamobrem,
1283 650 1309 678 si
1330 649 1427 679 virtute
1447 651 1531 680 simus
1552 653 1669 688 prmditi,
1689 663 1744 684 non
1763 658 1862 692 peribit

1068 694 1167 721 caritas
1182 702 1190 721 :
1205 694 1290 723 virtus
1303 695 1375 723 enim
1389 701 1431 724 est
1442 705 1476 725 ex
1486 698 1608 733 caritate,
1619 704 1648 728 et
1656 701 1754 730 caritas
1764 710 1797 730 ex
1808 705 1862 732 vir-

1070 743 1137 767 tute.
1152 739 1293 774 Quomodo
1306 746 1406 775 autem,
1421 750 1472 778 ego
1488 743 1586 772 dicam.
1608 744 1659 779 Qui
1677 751 1719 775 est
1733 749 1861 783 praeditus

1068 785 1178 820 virtute,
1194 794 1247 814 non
1263 788 1371 823 praefert
1381 790 1521 824 pecuniam
1535 792 1671 826 amicitiae,
1684 802 1738 822 non
1753 800 1795 823 est
1805 804 1862 824 me-

1069 838 1130 859 mor
1147 831 1252 866 injurize
1273 840 1402 869 accepta),
1417 836 1567 870 proximum
1590 845 1640 866 nec
1658 838 1756 875 injuria
1777 841 1862 870 afﬁcit

1069 884 1120 905 nec
1131 880 1305 911 contumelia,
1320 881 1409 909 omnia
1430 881 1482 910 fert
1495 883 1556 912 forti
1569 889 1596 912 et
1608 893 1741 921 generoso
1759 888 1860 916 animo.

1069 923 1107 951 Ex
1121 924 1163 952 his
1177 931 1283 954 constat
1294 927 1402 956 caritas.
1416 928 1518 958 Rursus
1531 931 1575 966 qui
1589 932 1685 968 diligit,
1700 933 1757 962 haec
1770 937 1860 964 omnia

1068 972 1190 1007 suscipit.
1205 973 1250 1001 Sic
1264 981 1295 1002 ea
1315 979 1379 1003 sunt
1393 975 1558 1013 huiusmodi,
1578 984 1607 1007 ut
1620 981 1732 1009 alterum
1748 982 1861 1012 alterunt

1068 1019 1224 1047 constituat.
1240 1021 1274 1048 Et
1288 1029 1323 1049 ex
1339 1022 1391 1051 hoc
1403 1024 1563 1059 ostenditur,
1584 1027 1655 1062 qttod
1669 1028 1767 1057 caritas
1781 1030 1816 1058 sit
1827 1038 1862 1059 ex

1069 1064 1168 1093 virtute
1183 1074 1190 1093 :
1206 1065 1322 1095 dicendo
1331 1067 1415 1102 enim,
1430 1069 1540 1103 Quando
1552 1070 1718 1101 abundaverit
1730 1074 1862 1110 iniquitas,

1068 1111 1213 1147 refrigescet
1225 1113 1329 1146 caritas,
1352 1113 1404 1142 hoc
1424 1115 1583 1150 signiﬁcavit
1598 1127 1605 1145 :
1619 1119 1691 1154 quod
1703 1124 1794 1148 autem
1808 1122 1864 1148 vir-

1069 1161 1112 1185 tus
1126 1165 1158 1184 ex
1173 1158 1285 1187 caritate
1301 1167 1307 1186 :
1325 1158 1377 1192 Qui
1389 1159 1484 1196 diligit,
1500 1160 1596 1197 inquit,
1613 1164 1768 1199 proximum,
1782 1166 1862 1202 legem

1067 1202 1180 1238 impleuit
1195 1203 1283 1239 (Rom.
1296 1207 1340 1234 15.
1354 1206 1395 1242 8).
1411 1207 1592 1241 Quamobrem
1608 1217 1641 1238 ex
1661 1211 1766 1240 duobus
1778 1220 1866 1241 unum

1068 1256 1129 1277 esse
1142 1256 1258 1286 oportet,
1278 1258 1323 1280 aut
1344 1253 1421 1282 valde
1435 1254 1589 1290 diligentem
1611 1260 1638 1285 et
1658 1257 1796 1294 dilectum,
1816 1267 1869 1289 aut.

1071 1295 1148 1323 valde
1162 1296 1260 1326 virtute
1282 1298 1434 1333 praeditum.
1448 1300 1499 1334 Qui
1513 1302 1585 1329 enim
1601 1302 1683 1331 habet
1699 1313 1791 1338 unum,
1812 1315 1862 1335 nc-

1068 1341 1318 1388 cessariomquoque
1339 1345 1459 1379 possidet
1480 1346 1594 1375 alterum
1617 1356 1623 1374 :
1645 1353 1673 1376 et
1698 1356 1790 1379 contra
1816 1354 1871 1388 qui.

1070 1387 1154 1431 nescit
1165 1387 1289 1423 diligere,
1309 1389 1392 1416 tuulta
1405 1398 1512 1426 quoque
1533 1392 1602 1420 mala
1617 1393 1716 1427 faciet;
1732 1396 1779 1431 qui
1793 1387 1871 1426 mals

1068 1430 1143 1465 facit,
1159 1433 1246 1461 nescit
1265 1433 1386 1469 diligere.
1407 1435 1604 1472 Persequamur
1615 1446 1681 1474 ergo
1698 1430 1837 1470 caritatem
1854 1452 1861 1471 :

1069 1481 1110 1504 est
1124 1478 1196 1505 enim
1212 1479 1366 1513 praesidium
1375 1480 1409 1508 ad
1423 1481 1482 1519 hoc_
1490 1487 1520 1509 ut
1533 1490 1586 1510 non
1600 1485 1770 1519 permittatur
1786 1488 1863 1516 nobis

1068 1522 1170 1559 aliquid
1185 1524 1249 1551 mali
1263 1526 1317 1560 pati
1334 1534 1341 1553 ε
1354 1526 1511 1561 colligemus
1522 1535 1580 1556 nos.
1594 1529 1666 1558 Nihil
1681 1531 1717 1559 sit
1730 1533 1800 1568 apud
1813 1542 1871 1562 nos.

1068 1568 1203 1603 dolosum,
1232 1570 1304 1598 nihil.
1327 1570 1523 1601 fraudulentum
1550 1579 1578 1602 et
1599 1575 1757 1606 insidiosum
1775 1589 1782 1607 :
1797 1579 1873 1608 nihil,

1069 1614 1140 1642 enim
1153 1616 1291 1644 invenitur
1303 1616 1454 1652 hujusmodi
1467 1619 1512 1648 ubi
1524 1619 1603 1649 fuerit
1617 1623 1744 1652 amicitia.
1759 1624 1816 1653 Hoc
1825 1626 1864 1653 di-

1069 1661 1108 1688 xit
1117 1660 1158 1689 vir
1167 1669 1273 1698 quoque
1285 1663 1355 1691 alius
1364 1664 1472 1699 sapiens
1486 1674 1494 1693 :
1508 1665 1543 1693 In
1552 1667 1661 1695 amicum
1674 1669 1773 1697 etiamsi
1786 1672 1866 1699 strin-

1069 1707 1137 1734 zeris
1150 1715 1244 1742 ensem,
1257 1717 1288 1736 ne
1305 1709 1441 1745 desperes;
1454 1716 1491 1739 est
1502 1712 1569 1739 enim
1582 1720 1711 1748 regressus
1726 1723 1736 1743 :
1748 1717 1782 1743 ad
1795 1718 1862 1744 ami-

1070 1761 1136 1786 cum,
1159 1755 1182 1782 si
1207 1763 1236 1782 os
1258 1757 1406 1791 aperueris,
1430 1765 1463 1785 ne
1486 1758 1643 1793 despondeas
1668 1761 1801 1795 animant;
1826 1769 1862 1791 est

1068 1799 1240 1827 reroncilt'atio
1257 1805 1348 1835 praeter
1363 1802 1620 1836 esprobrationem,et
1627 1813 1778 1833 arcanorum
1791 1816 1863 1835 τινες

1069 1844 1198 1878 lationem,
1212 1850 1236 1872 et
1250 1846 1353 1881 plagam
1375 1846 1490 1874 dolosam
1510 1847 1604 1883 (Eccls'.
1624 1849 1670 1877 2’2.
1689 1850 1735 1879 26.
1755 1851 1813 1888 27).
1832 1853 1862 1881 In

1069 1890 1112 1918 his
1127 1890 1230 1927 aufugit
1242 1892 1356 1926 amicus,
1371 1893 1398 1920 in
1417 1900 1576 1922 arcanorum
1592 1897 1768 1927 revelatione.
1782 1900 1811 1928 Si
1825 1901 1863 1929 si-

1069 1943 1129 1982 mus
1144 1936 1236 1972 itaque
1248 1944 1343 1965 omnes
1352 1938 1442 1973 amici,
1454 1947 1488 1967 ne
1498 1941 1604 1969 arcanis
1614 1943 1721 1977 quidem
1733 1950 1775 1973 est
1783 1953 1861 1982 opus.

1071 1981 1105 2010 Ut
1118 1983 1190 2010 enim
1207 1991 1261 2011 non
1281 1983 1362 2012 habet
1380 1985 1520 2021 quisquam
1539 1988 1610 2022 apud
1627 1996 1658 2017 se
1682 1990 1765 2019 ullum
1785 1999 1862 2021 arca-

1070 2037 1144 2062 num,
1159 2038 1247 2065 neque
1259 2031 1317 2066 ipse
1331 2032 1449 2068 seipsum
1464 2038 1553 2071 potest
1564 2034 1662 2068 celare,
1678 2036 1717 2064 ita
1727 2045 1778 2066 nec
1790 2039 1861 2067 ami-

1069 2082 1126 2103 cos.
1142 2075 1209 2103 Cum
1225 2076 1306 2112 igitur
1318 2084 1372 2105 non
1390 2077 1444 2106 sint
1455 2086 1563 2112 arcana,
1586 2080 1644 2108 ﬁeri
1661 2089 1715 2110 non
1731 2088 1818 2118 potest
1832 2091 1862 2114 ut

1068 2128 1103 2148 ex
1122 2128 1154 2149 ea
1177 2129 1207 2149 re
1229 2122 1266 2150 sit
1285 2122 1424 2152 abscissio.
1438 2125 1545 2154 Arcana
1563 2126 1635 2154 enim
1654 2135 1709 2156 non
1730 2129 1871 2159 habemus.

1069 2171 1180 2202 propter
1190 2168 1274 2202 aliud,
1286 2176 1366 2204 quam
1378 2169 1449 2205 quod
1461 2178 1514 2198 non
1524 2171 1649 2200 omnibus
1663 2173 1777 2202 ﬁdamus
1793 2185 1801 2203 :
1815 2184 1860 2204 ca-

1068 2213 1156 2240 ritatis
1169 2213 1259 2248 itaque
1270 2214 1439 2249 refrigeratio
1453 2214 1515 2243 fecit
1528 2223 1636 2245 arcana.
1652 2218 1719 2247 Nam
1731 2221 1796 2255 quid
1810 2221 1859 2250 ha-

1068 2258 1117 2286 bes
1142 2260 1296 2287 arcanum?
1318 2260 1359 2288 vis
1383 2260 1508 2295 iniuriam
1531 2262 1620 2291 facere
1643 2266 1788 2299 proximo?
1811 2273 1860 2296 aut

1068 2304 1196 2340 prohibes
1209 2313 1244 2333 ne
1256 2305 1418 2342 sitalicujus
1430 2307 1503 2335 boni.
1508 2308 1653 2345 particeps,
1673 2316 1701 2338 et
1715 2317 1857 2348 propterea

1068 2358 1130 2379 eum
1144 2350 1215 2379 celas
1225 2351 1237 2377 ’ἒ
1248 2351 1283 2379 At
1301 2351 1367 2379 nihil
1382 2357 1423 2380 est
1440 2352 1535 2381 horum
1547 2362 1554 2387 ;
1568 2355 1617 2383 sed
1631 2356 1788 2386 erubescis?
1802 2359 1862 2387 Hoc

1068 2400 1111 2424 est
1124 2404 1188 2432 ergo
1202 2396 1306 2432 signum
1320 2398 1392 2433 quod
1407 2406 1460 2426 non
1481 2399 1551 2427 fidis.
1571 2400 1599 2428 Si
1620 2402 1654 2429 sit
1672 2410 1737 2439 ergo
1748 2405 1857 2440 caritas,

1069 2451 1123 2471 non
1138 2444 1189 2472 erit
1208 2444 1325 2472 detectio
1348 2452 1519 2478 arcanorum,
1539 2446 1586 2474 sed
1602 2455 1652 2476 nec
1673 2450 1856 2485 exprobratio.

1069 2491 1134 2526 Quis
1145 2490 1226 2524 enim,
1234 2490 1288 2523 dic,
1296 2498 1397 2524 quaeso,
1410 2491 1506 2519 anima:
1516 2499 1572 2519 suae
1587 2500 1711 2529 umquam
1719 2495 1872 2530 exprobra-.

1070 2537 1159 2565 rei-it?
1174 2536 1250 2571 Quod
1267 2537 1291 2564 si
1310 2537 1390 2565 etiam
1409 2537 1465 2570 ﬁat,
1481 2539 1510 2566 lit
1531 2544 1640 2574 pr0ptcr
1659 2540 1773 2569 lucrum.
1790 2541 1856 2570 Nam

1068 2583 1149 2611 etiam
1172 2582 1262 2618 pueris
1285 2583 1478 2617 exprobramus
1499 2584 1618 2613 volentes
1642 2592 1690 2613 eos
1708 2586 1857 2616 mordere:

1069 2630 1191 2658 Christus
1208 2636 1315 2664 quoque
1335 2630 1488 2657 civitatibus
1511 2635 1574 2658 tunc
1593 2631 1858 2667 cmpitexprobrare,

1074 2676 1119 2704 Vc
1132 2675 1175 2703 tibi
1189 2675 1324 2708 Corazain,
1340 2683 1376 2702 me
1391 2675 1435 2702 tibi
1448 2675 1586 2703 Bel/naida
1600 2675 1675 2712 (Luc.
1697 2677 1739 2704 10.
1757 2678 1812 2712 15),
1828 2682 1859 2706 ιιι

1070 2731 1116 2750 eas
1130 2722 1257 2750 liberaret
1269 2729 1283 2749 a
1296 2722 1411 2757 probris.
1425 2721 1497 2749 Nihil
1511 2722 1582 2750 enim
1593 2723 1711 2750 animum
1724 2724 1759 2751 ita
1771 2729 1859 2759 potest

1071 2773 1190 2804 tangere,
1206 2771 1234 2795 et
1246 2775 1308 2796 eum
1321 2768 1406 2802 magis
1419 2770 1546 2801 excitare,
1562 2772 1589 2796 et
1603 2767 1736 2803 deiectum
1754 2777 1786 2798 ac
1802 2769 1859 2798 dis-

1070 2814 1186 2841 solutum
1209 2813 1322 2849 erigere.
1347 2813 1439 2848 Neque
1463 2820 1512 2841 nos
1534 2818 1636 2842 temere
1653 2814 1722 2843 alter
1744 2816 1857 2844 alterum

1072 2859 1177 2895 probris
1195 2863 1361 2895 appetamus.
1379 2859 1448 2893 Quid
1462 2859 1554 2887 enim?
1568 2865 1676 2895 propter
1698 2861 1860 2896 pccuniasne

1072 2906 1169 2942 probra
1189 2906 1314 2942 ingercs?
1337 2906 1519 2942 Nequaquam,
1537 2906 1666 2942 siquidem
1682 2915 1741 2943 qum
1761 2907 1859 2942 habes,
