  <div class='ocr_page' id='page_1' title='image "/cluster/home/n/w/nwhite01/storage/ocr_20150623/62/nnc1.0046979654/081.png"; bbox 0 0 4060 6400; ppageno 0'>
   <div class='ocr_carea' id='block_1_1' title="bbox 405 356 3685 426">
    <p class='ocr_par' dir='ltr' id='par_1_1' title="bbox 405 356 3685 426">
     <span class='ocr_line' id='line_1_1' title="bbox 405 356 3685 426; baseline -0.004 0"><span class='ocrx_word' id='word_1_1' title='bbox 405 371 478 426; x_wconf 81' lang='lat'><strong>75</strong></span> <span class='ocrx_word' id='word_1_2' title='bbox 1112 363 1173 422; x_wconf 87' lang='lat' dir='ltr'><strong>S.</strong></span> <span class='ocrx_word' id='word_1_3' title='bbox 1214 362 1490 421; x_wconf 75' lang='lat' dir='ltr'><strong>JOANNIS</strong></span> <span class='ocrx_word' id='word_1_4' title='bbox 1526 359 2002 418; x_wconf 79' lang='lat' dir='ltr'><strong>CHRYSOSTOMI</strong></span> <span class='ocrx_word' id='word_1_5' title='bbox 2041 357 2354 415; x_wconf 83' lang='lat' dir='ltr'><strong>ARCHIEP.</strong></span> <span class='ocrx_word' id='word_1_6' title='bbox 2395 356 2931 418; x_wconf 84' lang='lat' dir='ltr'><strong>CONSTANTINOP.</strong></span> <span class='ocrx_word' id='word_1_7' title='bbox 3620 372 3685 423; x_wconf 57' lang='lat'><strong>7&#39;;</strong></span> 
     </span>
    </p>
   </div>
   <div class='ocr_carea' id='block_1_2' title="bbox 415 478 1991 562">
    <p class='ocr_par' dir='ltr' id='par_1_2' title="bbox 415 478 1991 562">
     <span class='ocr_line' id='line_1_2' title="bbox 415 478 1991 562; baseline -0.008 -19"><span class='ocrx_word' id='word_1_8' title='bbox 415 486 659 562; x_wconf 80' lang='lat' dir='ltr'><strong>possides</strong></span> <span class='ocrx_word' id='word_1_9' title='bbox 684 486 1004 541; x_wconf 90' lang='lat' dir='ltr'><strong>communia.</strong></span> <span class='ocrx_word' id='word_1_10' title='bbox 1033 486 1101 539; x_wconf 84' lang='lat' dir='ltr'><strong>At</strong></span> <span class='ocrx_word' id='word_1_11' title='bbox 1124 490 1341 554; x_wconf 72' lang='lat' dir='ltr'><strong>p‘mpter</strong></span> <span class='ocrx_word' id='word_1_12' title='bbox 1366 482 1625 553; x_wconf 86' lang='lat' dir='ltr'><strong>peccata?</strong></span> <span class='ocrx_word' id='word_1_13' title='bbox 1650 480 1726 535; x_wconf 91' lang='lat' dir='ltr'><strong>Ne</strong></span> <span class='ocrx_word' id='word_1_14' title='bbox 1747 480 1846 534; x_wconf 89' lang='lat' dir='ltr'><strong>hoc</strong></span> <span class='ocrx_word' id='word_1_15' title='bbox 1873 478 1991 548; x_wconf 87' lang='lat' dir='ltr'><strong>qui-</strong></span> 
     </span>
    </p>
   </div>
   <div class='ocr_carea' id='block_1_3' title="bbox 413 570 1995 646">
    <p class='ocr_par' dir='ltr' id='par_1_3' title="bbox 413 570 1995 646">
     <span class='ocr_line' id='line_1_3' title="bbox 413 570 1995 646; baseline -0.008 -10"><span class='ocrx_word' id='word_1_16' title='bbox 413 581 558 644; x_wconf 92' lang='lat' dir='ltr'><strong>dcm,</strong></span> <span class='ocrx_word' id='word_1_17' title='bbox 587 577 680 632; x_wconf 89' lang='lat' dir='ltr'><strong>sed</strong></span> <span class='ocrx_word' id='word_1_18' title='bbox 712 579 886 646; x_wconf 82' lang='lat' dir='ltr'><strong>potius</strong></span> <span class='ocrx_word' id='word_1_19' title='bbox 905 576 1169 646; x_wconf 81' lang='lat' dir='ltr'><strong>corriges.</strong></span> <span class='ocrx_word' id='word_1_20' title='bbox 1196 573 1266 629; x_wconf 88' lang='lat' dir='ltr'><strong>Et</strong></span> <span class='ocrx_word' id='word_1_21' title='bbox 1287 575 1512 646; x_wconf 81' lang='lat' dir='ltr'><strong>plagam,</strong></span> <span class='ocrx_word' id='word_1_22' title='bbox 1543 571 1735 643; x_wconf 90' lang='lat' dir='ltr'><strong>inquit,</strong></span> <span class='ocrx_word' id='word_1_23' title='bbox 1766 570 1995 625; x_wconf 78' lang='lat' dir='ltr'><strong>dolosam</strong></span> 
     </span>
    </p>
   </div>
   <div class='ocr_carea' id='block_1_4' title="bbox 413 664 1993 739">
    <p class='ocr_par' dir='ltr' id='par_1_4' title="bbox 413 664 1993 739">
     <span class='ocr_line' id='line_1_4' title="bbox 413 664 1993 739; baseline -0.006 -13"><span class='ocrx_word' id='word_1_24' title='bbox 413 673 494 739; x_wconf 88' lang='grc'><strong>(1.</strong></span> <span class='ocrx_word' id='word_1_25' title='bbox 524 671 641 724; x_wconf 80' lang='lat' dir='ltr'><strong>Cor.</strong></span> <span class='ocrx_word' id='word_1_26' title='bbox 676 670 763 723; x_wconf 70' lang='grc'><strong>14.</strong></span> <span class='ocrx_word' id='word_1_27' title='bbox 804 670 883 739; x_wconf 89' lang='grc'><strong>1).</strong></span> <span class='ocrx_word' id='word_1_28' title='bbox 916 668 1054 727; x_wconf 88' lang='lat' dir='ltr'><strong>Ouid</strong></span> <span class='ocrx_word' id='word_1_29' title='bbox 1081 666 1253 723; x_wconf 83' lang='lat' dir='ltr'><strong>vero?</strong></span> <span class='ocrx_word' id='word_1_30' title='bbox 1282 668 1516 736; x_wconf 90' lang='lat' dir='ltr'><strong>seipsum</strong></span> <span class='ocrx_word' id='word_1_31' title='bbox 1562 664 1831 734; x_wconf 81' lang='lat' dir='ltr'><strong>perimet?</strong></span> <span class='ocrx_word' id='word_1_32' title='bbox 1873 664 1993 732; x_wconf 89' lang='lat' dir='ltr'><strong>quis</strong></span> 
     </span>
    </p>
   </div>
   <div class='ocr_carea' id='block_1_5' title="bbox 412 753 1993 833">
    <p class='ocr_par' dir='ltr' id='par_1_5' title="bbox 412 753 1993 833">
     <span class='ocr_line' id='line_1_5' title="bbox 412 753 1993 833; baseline -0.005 -18"><span class='ocrx_word' id='word_1_33' title='bbox 412 761 585 833; x_wconf 88' lang='lat' dir='ltr'><strong>ipsum</strong></span> <span class='ocrx_word' id='word_1_34' title='bbox 631 759 934 828; x_wconf 85' lang='lat' dir='ltr'><strong>percutiet?</strong></span> <span class='ocrx_word' id='word_1_35' title='bbox 972 758 1162 814; x_wconf 85' lang='lat' dir='ltr'><strong>Nemo.</strong></span> <span class='ocrx_word' id='word_1_36' title='bbox 1202 757 1597 827; x_wconf 86' lang='lat' dir='ltr'><strong>Persequamur</strong></span> <span class='ocrx_word' id='word_1_37' title='bbox 1634 770 1765 825; x_wconf 90' lang='lat' dir='ltr'><strong>ergo</strong></span> <span class='ocrx_word' id='word_1_38' title='bbox 1803 753 1993 809; x_wconf 88' lang='lat' dir='ltr'><strong>carita-</strong></span> 
     </span>
    </p>
   </div>
   <div class='ocr_carea' id='block_1_6' title="bbox 411 845 1993 919">
    <p class='ocr_par' dir='ltr' id='par_1_6' title="bbox 411 845 1993 919">
     <span class='ocr_line' id='line_1_6' title="bbox 411 845 1993 919; baseline -0.005 -12"><span class='ocrx_word' id='word_1_39' title='bbox 411 863 540 907; x_wconf 86' lang='lat' dir='ltr'><strong>tem.</strong></span> <span class='ocrx_word' id='word_1_40' title='bbox 573 850 689 905; x_wconf 91' lang='lat' dir='ltr'><strong>Non</strong></span> <span class='ocrx_word' id='word_1_41' title='bbox 732 850 868 904; x_wconf 81' lang='lat' dir='ltr'><strong>dixit</strong></span> <span class='ocrx_word' id='word_1_42' title='bbox 904 849 1234 918; x_wconf 84' lang='lat' dir='ltr'><strong>simpliciter,</strong></span> <span class='ocrx_word' id='word_1_43' title='bbox 1278 848 1589 919; x_wconf 85' lang='lat' dir='ltr'><strong>Diligamus,</strong></span> <span class='ocrx_word' id='word_1_44' title='bbox 1639 846 1757 912; x_wconf 90' lang='lat' dir='ltr'><strong>sed,</strong></span> <span class='ocrx_word' id='word_1_45' title='bbox 1807 845 1993 900; x_wconf 89' lang='lat' dir='ltr'><strong>Perse-</strong></span> 
     </span>
    </p>
   </div>
   <div class='ocr_carea' id='block_1_7' title="bbox 408 938 1991 1014">
    <p class='ocr_par' dir='ltr' id='par_1_7' title="bbox 408 938 1991 1014">
     <span class='ocr_line' id='line_1_7' title="bbox 408 938 1991 1014; baseline -0.004 -17"><span class='ocrx_word' id='word_1_46' title='bbox 408 958 660 1014; x_wconf 90' lang='lat' dir='ltr'><strong>quamur.</strong></span> <span class='ocrx_word' id='word_1_47' title='bbox 691 942 855 996; x_wconf 82' lang='lat' dir='ltr'><strong>Multo</strong></span> <span class='ocrx_word' id='word_1_48' title='bbox 884 941 1062 996; x_wconf 89' lang='lat' dir='ltr'><strong>studio</strong></span> <span class='ocrx_word' id='word_1_49' title='bbox 1097 956 1234 1010; x_wconf 92' lang='lat' dir='ltr'><strong>opus</strong></span> <span class='ocrx_word' id='word_1_50' title='bbox 1268 950 1320 995; x_wconf 89' lang='lat' dir='ltr'><strong>et</strong></span> <span class='ocrx_word' id='word_1_51' title='bbox 1358 938 1629 1010; x_wconf 78' lang='lat' dir='ltr'><strong>diligentia</strong></span> <span class='ocrx_word' id='word_1_52' title='bbox 1670 956 1685 993; x_wconf 89' lang='lat'><strong>:</strong></span> <span class='ocrx_word' id='word_1_53' title='bbox 1727 939 1833 992; x_wconf 92' lang='lat' dir='ltr'><strong>cito</strong></span> <span class='ocrx_word' id='word_1_54' title='bbox 1864 950 1991 991; x_wconf 87' lang='lat' dir='ltr'><strong>eva-</strong></span> 
     </span>
    </p>
   </div>
   <div class='ocr_carea' id='block_1_8' title="bbox 409 1030 1991 1100">
    <p class='ocr_par' dir='ltr' id='par_1_8' title="bbox 409 1030 1991 1100">
     <span class='ocr_line' id='line_1_8' title="bbox 409 1030 1991 1100; baseline -0.004 -11"><span class='ocrx_word' id='word_1_55' title='bbox 409 1037 601 1100; x_wconf 87' lang='lat' dir='ltr'><strong>nescit,</strong></span> <span class='ocrx_word' id='word_1_56' title='bbox 630 1037 786 1091; x_wconf 87' lang='lat' dir='ltr'><strong>velox</strong></span> <span class='ocrx_word' id='word_1_57' title='bbox 811 1045 895 1090; x_wconf 82' lang='lat' dir='ltr'><strong>est</strong></span> <span class='ocrx_word' id='word_1_58' title='bbox 922 1035 986 1088; x_wconf 91' lang='lat' dir='ltr'><strong>ad</strong></span> <span class='ocrx_word' id='word_1_59' title='bbox 1027 1033 1387 1089; x_wconf 88' lang='lat' dir='ltr'><strong>recedendum</strong></span> <span class='ocrx_word' id='word_1_60' title='bbox 1420 1051 1434 1086; x_wconf 86' lang='lat'>:</span> <span class='ocrx_word' id='word_1_61' title='bbox 1468 1041 1575 1088; x_wconf 93' lang='lat' dir='ltr'><strong>tam</strong></span> <span class='ocrx_word' id='word_1_62' title='bbox 1616 1032 1779 1087; x_wconf 91' lang='lat' dir='ltr'><strong>multa</strong></span> <span class='ocrx_word' id='word_1_63' title='bbox 1808 1031 1861 1084; x_wconf 92' lang='lat' dir='ltr'><strong>in</strong></span> <span class='ocrx_word' id='word_1_64' title='bbox 1885 1030 1991 1084; x_wconf 90' lang='lat' dir='ltr'><strong>vita</strong></span> 
     </span>
    </p>
   </div>
   <div class='ocr_carea' id='block_1_9' title="bbox 408 1125 1990 1194">
    <p class='ocr_par' dir='ltr' id='par_1_9' title="bbox 408 1125 1990 1194">
     <span class='ocr_line' id='line_1_9' title="bbox 408 1125 1990 1194; baseline -0.003 -14"><span class='ocrx_word' id='word_1_65' title='bbox 408 1126 536 1181; x_wconf 87' lang='lat' dir='ltr'><strong>huic</strong></span> <span class='ocrx_word' id='word_1_66' title='bbox 564 1126 640 1181; x_wconf 88' lang='lat' dir='ltr'><strong>rei</strong></span> <span class='ocrx_word' id='word_1_67' title='bbox 667 1126 885 1181; x_wconf 83' lang='lat' dir='ltr'><strong>exitium</strong></span> <span class='ocrx_word' id='word_1_68' title='bbox 927 1125 1175 1180; x_wconf 76' lang='lat' dir='ltr'><strong>afferunt.</strong></span> <span class='ocrx_word' id='word_1_69' title='bbox 1204 1125 1259 1180; x_wconf 90' lang='lat' dir='ltr'><strong>Si</strong></span> <span class='ocrx_word' id='word_1_70' title='bbox 1295 1140 1413 1179; x_wconf 89' lang='lat' dir='ltr'><strong>eam</strong></span> <span class='ocrx_word' id='word_1_71' title='bbox 1447 1138 1849 1194; x_wconf 85' lang='lat' dir='ltr'><strong>persequamur,</strong></span> <span class='ocrx_word' id='word_1_72' title='bbox 1884 1136 1990 1177; x_wconf 92' lang='lat' dir='ltr'><strong>non</strong></span> 
     </span>
    </p>
   </div>
   <div class='ocr_carea' id='block_1_10' title="bbox 410 1214 1992 1287">
    <p class='ocr_par' dir='ltr' id='par_1_10' title="bbox 410 1214 1992 1287">
     <span class='ocr_line' id='line_1_10' title="bbox 410 1214 1992 1287; baseline -0.002 -15"><span class='ocrx_word' id='word_1_73' title='bbox 410 1218 555 1287; x_wconf 86' lang='lat' dir='ltr'><strong>prius</strong></span> <span class='ocrx_word' id='word_1_74' title='bbox 596 1219 900 1284; x_wconf 86' lang='lat' dir='ltr'><strong>recesserit,</strong></span> <span class='ocrx_word' id='word_1_75' title='bbox 944 1233 1100 1287; x_wconf 87' lang='lat' dir='ltr'><strong>quam</strong></span> <span class='ocrx_word' id='word_1_76' title='bbox 1145 1234 1263 1273; x_wconf 92' lang='lat' dir='ltr'><strong>eam</strong></span> <span class='ocrx_word' id='word_1_77' title='bbox 1293 1219 1401 1272; x_wconf 90' lang='lat' dir='ltr'><strong>cito</strong></span> <span class='ocrx_word' id='word_1_78' title='bbox 1447 1216 1845 1271; x_wconf 87' lang='lat' dir='ltr'><strong>attraxerimus.</strong></span> <span class='ocrx_word' id='word_1_79' title='bbox 1893 1214 1992 1270; x_wconf 91' lang='lat' dir='ltr'><strong>Dei</strong></span> 
     </span>
    </p>
   </div>
   <div class='ocr_carea' id='block_1_11' title="bbox 406 1306 1991 1379">
    <p class='ocr_par' dir='ltr' id='par_1_11' title="bbox 406 1306 1991 1379">
     <span class='ocr_line' id='line_1_11' title="bbox 406 1306 1991 1379; baseline -0.001 -17"><span class='ocrx_word' id='word_1_80' title='bbox 406 1310 601 1362; x_wconf 90' lang='lat' dir='ltr'><strong>caritas</strong></span> <span class='ocrx_word' id='word_1_81' title='bbox 627 1310 760 1363; x_wconf 67' lang='lat' dir='ltr'><strong>caelo</strong></span> <span class='ocrx_word' id='word_1_82' title='bbox 788 1319 981 1364; x_wconf 88' lang='lat' dir='ltr'><strong>terram</strong></span> <span class='ocrx_word' id='word_1_83' title='bbox 1013 1310 1322 1379; x_wconf 87' lang='lat' dir='ltr'><strong>conjunxit;</strong></span> <span class='ocrx_word' id='word_1_84' title='bbox 1368 1309 1461 1365; x_wconf 89' lang='lat' dir='ltr'><strong>Dei</strong></span> <span class='ocrx_word' id='word_1_85' title='bbox 1499 1309 1695 1363; x_wconf 91' lang='lat' dir='ltr'><strong>caritas</strong></span> <span class='ocrx_word' id='word_1_86' title='bbox 1721 1306 1991 1362; x_wconf 88' lang='lat' dir='ltr'><strong>hominem</strong></span> 
     </span>
    </p>
   </div>
   <div class='ocr_carea' id='block_1_12' title="bbox 408 1400 1989 1473">
    <p class='ocr_par' dir='ltr' id='par_1_12' title="bbox 408 1400 1989 1473">
     <span class='ocr_line' id='line_1_12' title="bbox 408 1400 1989 1473; baseline 0.001 -20"><span class='ocrx_word' id='word_1_87' title='bbox 408 1400 597 1455; x_wconf 87' lang='lat' dir='ltr'><strong>sedere</strong></span> <span class='ocrx_word' id='word_1_88' title='bbox 619 1401 921 1470; x_wconf 81' lang='lat' dir='ltr'><strong>fecitsuper</strong></span> <span class='ocrx_word' id='word_1_89' title='bbox 942 1402 1189 1456; x_wconf 90' lang='lat' dir='ltr'><strong>thronum</strong></span> <span class='ocrx_word' id='word_1_90' title='bbox 1220 1403 1458 1473; x_wconf 87' lang='lat' dir='ltr'><strong>regium;</strong></span> <span class='ocrx_word' id='word_1_91' title='bbox 1489 1402 1580 1456; x_wconf 89' lang='lat' dir='ltr'><strong>Dei</strong></span> <span class='ocrx_word' id='word_1_92' title='bbox 1605 1400 1799 1455; x_wconf 90' lang='lat' dir='ltr'><strong>caritas</strong></span> <span class='ocrx_word' id='word_1_93' title='bbox 1822 1400 1989 1455; x_wconf 92' lang='lat' dir='ltr'><strong>Deum</strong></span> 
     </span>
    </p>
   </div>
   <div class='ocr_carea' id='block_1_13' title="bbox 406 1489 1992 1561">
    <p class='ocr_par' dir='ltr' id='par_1_13' title="bbox 406 1489 1992 1561">
     <span class='ocr_line' id='line_1_13' title="bbox 406 1489 1992 1561; baseline 0 -17"><span class='ocrx_word' id='word_1_94' title='bbox 406 1491 641 1546; x_wconf 84' lang='lat' dir='ltr'><strong>ostendit</strong></span> <span class='ocrx_word' id='word_1_95' title='bbox 682 1506 844 1561; x_wconf 89' lang='lat' dir='ltr'><strong>super</strong></span> <span class='ocrx_word' id='word_1_96' title='bbox 891 1502 1131 1560; x_wconf 86' lang='lat' dir='ltr'><strong>terram;</strong></span> <span class='ocrx_word' id='word_1_97' title='bbox 1174 1493 1271 1548; x_wconf 89' lang='lat' dir='ltr'><strong>Dei</strong></span> <span class='ocrx_word' id='word_1_98' title='bbox 1311 1493 1508 1548; x_wconf 88' lang='lat' dir='ltr'><strong>caritas</strong></span> <span class='ocrx_word' id='word_1_99' title='bbox 1544 1491 1822 1545; x_wconf 91' lang='lat' dir='ltr'><strong>dominum</strong></span> <span class='ocrx_word' id='word_1_100' title='bbox 1865 1489 1992 1545; x_wconf 81' lang='lat' dir='ltr'><strong>fecit</strong></span> 
     </span>
    </p>
   </div>
   <div class='ocr_carea' id='block_1_14' title="bbox 2102 477 3685 555">
    <p class='ocr_par' dir='ltr' id='par_1_14' title="bbox 2102 477 3685 555">
     <span class='ocr_line' id='line_1_14' title="bbox 2102 477 3685 555; baseline 0.006 -23"><span class='ocrx_word' id='word_1_101' title='bbox 2102 493 2352 542; x_wconf 88' lang='lat' dir='ltr'><strong>servum;</strong></span> <span class='ocrx_word' id='word_1_102' title='bbox 2401 477 2492 532; x_wconf 90' lang='lat' dir='ltr'><strong>Dei</strong></span> <span class='ocrx_word' id='word_1_103' title='bbox 2522 477 2717 532; x_wconf 89' lang='lat' dir='ltr'><strong>caritas</strong></span> <span class='ocrx_word' id='word_1_104' title='bbox 2746 477 2872 532; x_wconf 83' lang='lat' dir='ltr'><strong>fecit</strong></span> <span class='ocrx_word' id='word_1_105' title='bbox 2912 487 2967 533; x_wconf 94' lang='lat' dir='ltr'><strong>ut</strong></span> <span class='ocrx_word' id='word_1_106' title='bbox 2997 480 3295 537; x_wconf 85' lang='lat' dir='ltr'><strong>traderetur</strong></span> <span class='ocrx_word' id='word_1_107' title='bbox 3330 482 3555 539; x_wconf 81' lang='lat' dir='ltr'><strong>dilectus</strong></span> <span class='ocrx_word' id='word_1_108' title='bbox 3589 500 3685 555; x_wconf 86' lang='lat' dir='ltr'><strong>pro</strong></span> 
     </span>
    </p>
   </div>
   <div class='ocr_carea' id='block_1_15' title="bbox 2101 570 3683 645">
    <p class='ocr_par' dir='ltr' id='par_1_15' title="bbox 2101 570 3683 645">
     <span class='ocr_line' id='line_1_15' title="bbox 2101 570 3683 645; baseline 0.006 -21"><span class='ocrx_word' id='word_1_109' title='bbox 2101 570 2349 635; x_wconf 90' lang='lat' dir='ltr'><strong>inimicis,</strong></span> <span class='ocrx_word' id='word_1_110' title='bbox 2386 570 2527 624; x_wconf 81' lang='lat' dir='ltr'><strong>ﬁlius</strong></span> <span class='ocrx_word' id='word_1_111' title='bbox 2560 583 2660 639; x_wconf 90' lang='lat' dir='ltr'><strong>pro</strong></span> <span class='ocrx_word' id='word_1_112' title='bbox 2686 570 2751 623; x_wconf 93' lang='lat' dir='ltr'><strong>iis</strong></span> <span class='ocrx_word' id='word_1_113' title='bbox 2777 570 2867 641; x_wconf 87' lang='lat' dir='ltr'><strong>qui</strong></span> <span class='ocrx_word' id='word_1_114' title='bbox 2913 571 3157 637; x_wconf 89' lang='lat' dir='ltr'><strong>oderant,</strong></span> <span class='ocrx_word' id='word_1_115' title='bbox 3189 573 3419 629; x_wconf 89' lang='lat' dir='ltr'><strong>dominis</strong></span> <span class='ocrx_word' id='word_1_116' title='bbox 3443 591 3539 645; x_wconf 88' lang='lat' dir='ltr'><strong>pro</strong></span> <span class='ocrx_word' id='word_1_117' title='bbox 3564 592 3683 633; x_wconf 87' lang='lat' dir='ltr'><strong>ser-</strong></span> 
     </span>
    </p>
   </div>
   <div class='ocr_carea' id='block_1_16' title="bbox 2103 646 3695 734">
    <p class='ocr_par' dir='ltr' id='par_1_16' title="bbox 2103 646 3695 734">
     <span class='ocr_line' id='line_1_16' title="bbox 2103 646 3695 734; baseline 0.006 -19"><span class='ocrx_word' id='word_1_118' title='bbox 2103 662 2204 729; x_wconf 89' lang='lat' dir='ltr'><strong>vis,</strong></span> <span class='ocrx_word' id='word_1_119' title='bbox 2244 662 2383 716; x_wconf 90' lang='lat' dir='ltr'><strong>Deus</strong></span> <span class='ocrx_word' id='word_1_120' title='bbox 2409 676 2508 731; x_wconf 89' lang='lat' dir='ltr'><strong>pro</strong></span> <span class='ocrx_word' id='word_1_121' title='bbox 2534 661 2861 727; x_wconf 91' lang='lat' dir='ltr'><strong>hominibus,</strong></span> <span class='ocrx_word' id='word_1_122' title='bbox 2906 662 3044 719; x_wconf 90' lang='lat' dir='ltr'><strong>liber</strong></span> <span class='ocrx_word' id='word_1_123' title='bbox 3082 679 3181 734; x_wconf 90' lang='lat' dir='ltr'><strong>pro</strong></span> <span class='ocrx_word' id='word_1_124' title='bbox 3208 664 3442 723; x_wconf 78' lang='lat' dir='ltr'><strong>famulis.</strong></span> <span class='ocrx_word' id='word_1_125' title='bbox 3480 668 3591 724; x_wconf 90' lang='lat' dir='ltr'><strong>Nec</strong></span> <span class='ocrx_word' id='word_1_126' title='bbox 3617 646 3695 734; x_wconf 14' lang='lat' dir='ltr'><strong>eo?</strong></span> 
     </span>
    </p>
   </div>
   <div class='ocr_carea' id='block_1_17' title="bbox 2102 732 3696 827">
    <p class='ocr_par' dir='ltr' id='par_1_17' title="bbox 2102 732 3696 827">
     <span class='ocr_line' id='line_1_17' title="bbox 2102 732 3696 827; baseline 0.006 -18"><span class='ocrx_word' id='word_1_127' title='bbox 2102 770 2271 824; x_wconf 83' lang='lat' dir='ltr'><strong>llSqlle</strong></span> <span class='ocrx_word' id='word_1_128' title='bbox 2291 754 2550 818; x_wconf 84' lang='lat' dir='ltr'><strong>constitit,</strong></span> <span class='ocrx_word' id='word_1_129' title='bbox 2571 753 2666 809; x_wconf 92' lang='lat' dir='ltr'><strong>sed</strong></span> <span class='ocrx_word' id='word_1_130' title='bbox 2687 768 2785 809; x_wconf 91' lang='lat' dir='ltr'><strong>nos</strong></span> <span class='ocrx_word' id='word_1_131' title='bbox 2805 756 3011 810; x_wconf 90' lang='lat' dir='ltr'><strong>vocavit</strong></span> <span class='ocrx_word' id='word_1_132' title='bbox 3035 732 3099 810; x_wconf 89' lang='lat' dir='ltr'><strong>ad</strong></span> <span class='ocrx_word' id='word_1_133' title='bbox 3124 757 3347 827; x_wconf 87' lang='lat' dir='ltr'><strong>majora.</strong></span> <span class='ocrx_word' id='word_1_134' title='bbox 3376 758 3492 814; x_wconf 88' lang='lat' dir='ltr'><strong>Non</strong></span> <span class='ocrx_word' id='word_1_135' title='bbox 3512 732 3696 818; x_wconf 68' lang='lat' dir='ltr'><strong>soluml</strong></span> 
     </span>
    </p>
   </div>
   <div class='ocr_carea' id='block_1_18' title="bbox 2100 827 3706 979">
    <p class='ocr_par' dir='ltr' id='par_1_18' title="bbox 2100 827 3706 979">
     <span class='ocr_line' id='line_1_18' title="bbox 2100 827 3706 979; baseline 0.006 -78"><span class='ocrx_word' id='word_1_136' title='bbox 2100 846 2243 901; x_wconf 90' lang='lat' dir='ltr'><strong>enim</strong></span> <span class='ocrx_word' id='word_1_137' title='bbox 2274 860 2371 901; x_wconf 89' lang='lat' dir='ltr'><strong>nos</strong></span> <span class='ocrx_word' id='word_1_138' title='bbox 2396 844 2641 900; x_wconf 86' lang='lat' dir='ltr'><strong>liberavit</strong></span> <span class='ocrx_word' id='word_1_139' title='bbox 2663 860 2693 900; x_wconf 88' lang='lat' dir='ltr'><strong>a</strong></span> <span class='ocrx_word' id='word_1_140' title='bbox 2725 845 2991 916; x_wconf 86' lang='lat' dir='ltr'><strong>prioribus</strong></span> <span class='ocrx_word' id='word_1_141' title='bbox 3018 846 3191 913; x_wconf 90' lang='lat' dir='ltr'><strong>malis,</strong></span> <span class='ocrx_word' id='word_1_142' title='bbox 3214 849 3308 903; x_wconf 89' lang='lat' dir='ltr'><strong>sed</strong></span> <span class='ocrx_word' id='word_1_143' title='bbox 3335 850 3494 906; x_wconf 83' lang='lat' dir='ltr'><strong>etiam</strong></span> <span class='ocrx_word' id='word_1_144' title='bbox 3517 827 3706 979; x_wconf 44' lang='lat' dir='ltr'><strong>multoj</strong></span> 
     </span>
     <span class='ocr_line' id='line_1_19' title="bbox 2101 938 3683 979; baseline 0 0"><span class='ocrx_word' id='word_1_145' title='bbox 2101 939 2298 979; x_wconf 72' lang='lat' dir='ltr'><strong>mninm</strong></span> <span class='ocrx_word' id='word_1_146' title='bbox 2328 952 2386 979; x_wconf 64' lang='lat' dir='ltr'><strong>gn</strong></span> <span class='ocrx_word' id='word_1_147' title='bbox 2418 938 2663 979; x_wconf 69' lang='lat' dir='ltr'><strong>dnlnrnm</strong></span> <span class='ocrx_word' id='word_1_148' title='bbox 2697 949 2781 979; x_wconf 67' lang='lat' dir='ltr'><strong>aut</strong></span> <span class='ocrx_word' id='word_1_149' title='bbox 2820 940 3084 979; x_wconf 66' lang='lat' dir='ltr'><strong>nnllinilnc</strong></span> <span class='ocrx_word' id='word_1_150' title='bbox 3144 941 3248 979; x_wconf 77' lang='lat' dir='ltr'><strong>Drn</strong></span> <span class='ocrx_word' id='word_1_151' title='bbox 3279 941 3358 979; x_wconf 75' lang='lat' dir='ltr'><strong>hic</strong></span> <span class='ocrx_word' id='word_1_152' title='bbox 3416 945 3546 979; x_wconf 63' lang='lat' dir='ltr'><strong>onsic</strong></span> <span class='ocrx_word' id='word_1_153' title='bbox 3574 946 3683 979; x_wconf 63' lang='lat' dir='ltr'><strong>nm.</strong></span> 
     </span>
    </p>
   </div>
   <div class='ocr_carea' id='block_1_19' title="bbox 2101 938 3683 1010">
    <p class='ocr_par' dir='ltr' id='par_1_19' title="bbox 2101 938 3683 1010">
     <span class='ocr_line' id='line_1_20' title="bbox 2101 938 3683 1010; baseline 0.006 -18"><span class='ocrx_word' id='word_1_154' title='bbox 2101 939 2301 1008; x_wconf 89' lang='lat' dir='ltr'><strong>majora</strong></span> <span class='ocrx_word' id='word_1_155' title='bbox 2327 952 2387 994; x_wconf 88' lang='lat' dir='ltr'><strong>se</strong></span> <span class='ocrx_word' id='word_1_156' title='bbox 2418 938 2665 995; x_wconf 91' lang='lat' dir='ltr'><strong>daturum</strong></span> <span class='ocrx_word' id='word_1_157' title='bbox 2697 949 2783 995; x_wconf 90' lang='lat' dir='ltr'><strong>est</strong></span> <span class='ocrx_word' id='word_1_158' title='bbox 2820 940 3105 1009; x_wconf 89' lang='lat' dir='ltr'><strong>pollicitus.</strong></span> <span class='ocrx_word' id='word_1_159' title='bbox 3144 941 3248 997; x_wconf 87' lang='lat' dir='ltr'><strong>Pro</strong></span> <span class='ocrx_word' id='word_1_160' title='bbox 3277 941 3385 1010; x_wconf 90' lang='lat' dir='ltr'><strong>his,</strong></span> <span class='ocrx_word' id='word_1_161' title='bbox 3415 945 3548 999; x_wconf 90' lang='lat' dir='ltr'><strong>actis</strong></span> <span class='ocrx_word' id='word_1_162' title='bbox 3574 946 3683 1002; x_wconf 92' lang='lat' dir='ltr'><strong>Deo</strong></span> 
     </span>
    </p>
   </div>
   <div class='ocr_carea' id='block_1_20' title="bbox 2097 1031 3680 1106">
    <p class='ocr_par' dir='ltr' id='par_1_20' title="bbox 2097 1031 3680 1106">
     <span class='ocr_line' id='line_1_21' title="bbox 2097 1031 3680 1106; baseline 0.005 -20"><span class='ocrx_word' id='word_1_163' title='bbox 2097 1031 2303 1099; x_wconf 87' lang='lat' dir='ltr'><strong>gratiis,</strong></span> <span class='ocrx_word' id='word_1_164' title='bbox 2330 1045 2543 1087; x_wconf 90' lang='lat' dir='ltr'><strong>omnem</strong></span> <span class='ocrx_word' id='word_1_165' title='bbox 2573 1046 2961 1103; x_wconf 88' lang='lat' dir='ltr'><strong>persequamur</strong></span> <span class='ocrx_word' id='word_1_166' title='bbox 2983 1038 3256 1102; x_wconf 86' lang='lat' dir='ltr'><strong>virtutem,</strong></span> <span class='ocrx_word' id='word_1_167' title='bbox 3291 1044 3347 1091; x_wconf 88' lang='lat' dir='ltr'><strong>et</strong></span> <span class='ocrx_word' id='word_1_168' title='bbox 3374 1051 3485 1106; x_wconf 85' lang='lat' dir='ltr'><strong>prae</strong></span> <span class='ocrx_word' id='word_1_169' title='bbox 3503 1040 3680 1094; x_wconf 90' lang='lat' dir='ltr'><strong>omni-</strong></span> 
     </span>
    </p>
   </div>
   <div class='ocr_carea' id='block_1_21' title="bbox 2099 1122 3679 1202">
    <p class='ocr_par' dir='ltr' id='par_1_21' title="bbox 2099 1122 3679 1202">
     <span class='ocr_line' id='line_1_22' title="bbox 2099 1122 3679 1202; baseline 0.006 -25"><span class='ocrx_word' id='word_1_170' title='bbox 2099 1122 2200 1178; x_wconf 88' lang='lat' dir='ltr'><strong>bus</strong></span> <span class='ocrx_word' id='word_1_171' title='bbox 2244 1122 2518 1179; x_wconf 86' lang='lat' dir='ltr'><strong>caritatem</strong></span> <span class='ocrx_word' id='word_1_172' title='bbox 2563 1132 2931 1192; x_wconf 81' lang='lat' dir='ltr'><strong>exerceamus,</strong></span> <span class='ocrx_word' id='word_1_173' title='bbox 2968 1134 3025 1179; x_wconf 92' lang='lat' dir='ltr'><strong>ut</strong></span> <span class='ocrx_word' id='word_1_174' title='bbox 3065 1126 3209 1198; x_wconf 82' lang='lat' dir='ltr'><strong>digni</strong></span> <span class='ocrx_word' id='word_1_175' title='bbox 3254 1127 3548 1185; x_wconf 86' lang='lat' dir='ltr'><strong>habeamur</strong></span> <span class='ocrx_word' id='word_1_176' title='bbox 3589 1135 3679 1202; x_wconf 89' lang='lat' dir='ltr'><strong>qui</strong></span> 
     </span>
    </p>
   </div>
   <div class='ocr_carea' id='block_1_22' title="bbox 2099 1213 3682 1292">
    <p class='ocr_par' dir='ltr' id='par_1_22' title="bbox 2099 1213 3682 1292">
     <span class='ocr_line' id='line_1_23' title="bbox 2099 1213 3682 1292; baseline 0.006 -25"><span class='ocrx_word' id='word_1_177' title='bbox 2099 1227 2490 1284; x_wconf 89' lang='lat' dir='ltr'><strong>consequamur</strong></span> <span class='ocrx_word' id='word_1_178' title='bbox 2520 1213 2660 1269; x_wconf 89' lang='lat' dir='ltr'><strong>bona</strong></span> <span class='ocrx_word' id='word_1_179' title='bbox 2688 1215 2972 1284; x_wconf 90' lang='lat' dir='ltr'><strong>promissa,</strong></span> <span class='ocrx_word' id='word_1_180' title='bbox 3004 1232 3099 1285; x_wconf 91' lang='lat' dir='ltr'><strong>per</strong></span> <span class='ocrx_word' id='word_1_181' title='bbox 3122 1218 3344 1287; x_wconf 82' lang='lat' dir='ltr'><strong>gratiam</strong></span> <span class='ocrx_word' id='word_1_182' title='bbox 3369 1230 3424 1274; x_wconf 92' lang='lat' dir='ltr'><strong>et</strong></span> <span class='ocrx_word' id='word_1_183' title='bbox 3450 1221 3682 1292; x_wconf 86' lang='lat' dir='ltr'><strong>benigni-</strong></span> 
     </span>
    </p>
   </div>
   <div class='ocr_carea' id='block_1_23' title="bbox 2099 1305 3681 1374">
    <p class='ocr_par' dir='ltr' id='par_1_23' title="bbox 2099 1305 3681 1374">
     <span class='ocr_line' id='line_1_24' title="bbox 2099 1305 3681 1374; baseline 0.006 -15"><span class='ocrx_word' id='word_1_184' title='bbox 2099 1313 2261 1360; x_wconf 82' lang='lat' dir='ltr'><strong>tatem</strong></span> <span class='ocrx_word' id='word_1_185' title='bbox 2292 1305 2500 1360; x_wconf 89' lang='lat' dir='ltr'><strong>Domini</strong></span> <span class='ocrx_word' id='word_1_186' title='bbox 2529 1306 2703 1360; x_wconf 88' lang='lat' dir='ltr'><strong>nostri</strong></span> <span class='ocrx_word' id='word_1_187' title='bbox 2730 1305 2858 1361; x_wconf 86' lang='lat' dir='ltr'><strong>Jesu</strong></span> <span class='ocrx_word' id='word_1_188' title='bbox 2891 1306 3111 1374; x_wconf 88' lang='lat' dir='ltr'><strong>Christi,</strong></span> <span class='ocrx_word' id='word_1_189' title='bbox 3157 1311 3241 1364; x_wconf 93' lang='lat' dir='ltr'><strong>cui</strong></span> <span class='ocrx_word' id='word_1_190' title='bbox 3282 1326 3404 1367; x_wconf 91' lang='lat' dir='ltr'><strong>cum</strong></span> <span class='ocrx_word' id='word_1_191' title='bbox 3435 1312 3594 1369; x_wconf 89' lang='lat' dir='ltr'><strong>Patre</strong></span> <span class='ocrx_word' id='word_1_192' title='bbox 3626 1326 3681 1370; x_wconf 91' lang='lat' dir='ltr'><strong>et</strong></span> 
     </span>
    </p>
   </div>
   <div class='ocr_carea' id='block_1_24' title="bbox 2096 1397 3681 1470">
    <p class='ocr_par' dir='ltr' id='par_1_24' title="bbox 2096 1397 3681 1470">
     <span class='ocr_line' id='line_1_25' title="bbox 2096 1397 3681 1470; baseline 0.004 -15"><span class='ocrx_word' id='word_1_193' title='bbox 2096 1397 2299 1467; x_wconf 87' lang='lat' dir='ltr'><strong>Spiritu</strong></span> <span class='ocrx_word' id='word_1_194' title='bbox 2324 1408 2509 1453; x_wconf 90' lang='lat' dir='ltr'><strong>saneto</strong></span> <span class='ocrx_word' id='word_1_195' title='bbox 2532 1397 2722 1467; x_wconf 78' lang='lat' dir='ltr'><strong>gloria,</strong></span> <span class='ocrx_word' id='word_1_196' title='bbox 2750 1398 3054 1468; x_wconf 90' lang='lat' dir='ltr'><strong>imperium,</strong></span> <span class='ocrx_word' id='word_1_197' title='bbox 3079 1399 3267 1470; x_wconf 87' lang='lat' dir='ltr'><strong>honor,</strong></span> <span class='ocrx_word' id='word_1_198' title='bbox 3291 1418 3433 1459; x_wconf 90' lang='lat' dir='ltr'><strong>nunc</strong></span> <span class='ocrx_word' id='word_1_199' title='bbox 3460 1412 3515 1460; x_wconf 91' lang='lat' dir='ltr'><strong>et</strong></span> <span class='ocrx_word' id='word_1_200' title='bbox 3540 1421 3681 1461; x_wconf 87' lang='lat' dir='ltr'><strong>sem-</strong></span> 
     </span>
    </p>
   </div>
   <div class='ocr_carea' id='block_1_25' title="bbox 2097 1489 3187 1560">
    <p class='ocr_par' dir='ltr' id='par_1_25' title="bbox 2097 1489 3187 1560">
     <span class='ocr_line' id='line_1_26' title="bbox 2097 1489 3187 1560; baseline 0.003 -17"><span class='ocrx_word' id='word_1_201' title='bbox 2097 1504 2215 1560; x_wconf 87' lang='lat' dir='ltr'><strong>per,</strong></span> <span class='ocrx_word' id='word_1_202' title='bbox 2242 1498 2297 1545; x_wconf 91' lang='lat' dir='ltr'><strong>et</strong></span> <span class='ocrx_word' id='word_1_203' title='bbox 2320 1489 2373 1544; x_wconf 92' lang='lat' dir='ltr'><strong>in</strong></span> <span class='ocrx_word' id='word_1_204' title='bbox 2400 1489 2596 1544; x_wconf 83' lang='lat' dir='ltr'><strong>saecula</strong></span> <span class='ocrx_word' id='word_1_205' title='bbox 2623 1490 2962 1546; x_wconf 83' lang='lat' dir='ltr'><strong>saeculorum.</strong></span> <span class='ocrx_word' id='word_1_206' title='bbox 2994 1492 3187 1549; x_wconf 85' lang='lat' dir='ltr'><strong>Amen.</strong></span> 
     </span>
    </p>
   </div>
   <div class='ocr_carea' id='block_1_26' title="bbox 1812 1695 2285 1756">
    <p class='ocr_par' dir='ltr' id='par_1_26' title="bbox 1812 1695 2285 1756">
     <span class='ocr_line' id='line_1_27' title="bbox 1812 1695 2285 1756; baseline -0.008 0"><span class='ocrx_word' id='word_1_207' title='bbox 1812 1695 2158 1756; x_wconf 86' lang='lat' dir='ltr'><strong>HOMILIA</strong></span> <span class='ocrx_word' id='word_1_208' title='bbox 2202 1695 2285 1754; x_wconf 83' lang='lat' dir='ltr'><strong>X.</strong></span> 
     </span>
    </p>
   </div>
   <div class='ocr_carea' id='block_1_27' title="bbox 403 1843 1984 1916">
    <p class='ocr_par' dir='ltr' id='par_1_27' title="bbox 403 1843 1984 1916">
     <span class='ocr_line' id='line_1_28' title="bbox 403 1843 1984 1916; baseline -0.003 -15"><span class='ocrx_word' id='word_1_209' title='bbox 403 1846 533 1901; x_wconf 61' lang='lat' dir='ltr'><strong>Car.</strong></span> <span class='ocrx_word' id='word_1_210' title='bbox 572 1848 627 1902; x_wconf 76' lang='grc'><strong>4.</strong></span> <span class='ocrx_word' id='word_1_211' title='bbox 661 1863 712 1901; x_wconf 89' lang='lat' dir='ltr'><strong>v.</strong></span> <span class='ocrx_word' id='word_1_212' title='bbox 744 1849 797 1902; x_wconf 81' lang='grc'><strong>4.</strong></span> <span class='ocrx_word' id='word_1_213' title='bbox 844 1846 1013 1902; x_wconf 87' lang='lat' dir='ltr'><strong>Unum</strong></span> <span class='ocrx_word' id='word_1_214' title='bbox 1047 1862 1230 1916; x_wconf 84' lang='lat' dir='ltr'><strong>corpus</strong></span> <span class='ocrx_word' id='word_1_215' title='bbox 1267 1855 1312 1901; x_wconf 87' lang='lat' dir='ltr'><strong>et</strong></span> <span class='ocrx_word' id='word_1_216' title='bbox 1339 1862 1469 1899; x_wconf 87' lang='lat' dir='ltr'><strong>unus</strong></span> <span class='ocrx_word' id='word_1_217' title='bbox 1508 1844 1740 1913; x_wconf 78' lang='lat' dir='ltr'><strong>spiritus,</strong></span> <span class='ocrx_word' id='word_1_218' title='bbox 1769 1843 1900 1898; x_wconf 85' lang='lat' dir='ltr'><strong>sicut</strong></span> <span class='ocrx_word' id='word_1_219' title='bbox 1938 1851 1984 1896; x_wconf 88' lang='lat' dir='ltr'><strong>et</strong></span> 
     </span>
    </p>
   </div>
   <div class='ocr_carea' id='block_1_28' title="bbox 474 1936 1614 2009">
    <p class='ocr_par' dir='ltr' id='par_1_28' title="bbox 474 1936 1614 2009">
     <span class='ocr_line' id='line_1_29' title="bbox 474 1936 1614 2009; baseline -0.003 -17"><span class='ocrx_word' id='word_1_220' title='bbox 474 1940 635 1992; x_wconf 81' lang='lat' dir='ltr'><strong>vocati</strong></span> <span class='ocrx_word' id='word_1_221' title='bbox 658 1940 776 1993; x_wconf 87' lang='lat' dir='ltr'><strong>estis</strong></span> <span class='ocrx_word' id='word_1_222' title='bbox 797 1939 849 1991; x_wconf 88' lang='lat' dir='ltr'><strong>in</strong></span> <span class='ocrx_word' id='word_1_223' title='bbox 878 1955 981 1991; x_wconf 85' lang='lat' dir='ltr'><strong>una</strong></span> <span class='ocrx_word' id='word_1_224' title='bbox 1007 1954 1096 2009; x_wconf 87' lang='lat' dir='ltr'><strong>spe</strong></span> <span class='ocrx_word' id='word_1_225' title='bbox 1118 1936 1391 1991; x_wconf 88' lang='lat' dir='ltr'><strong>vocationis</strong></span> <span class='ocrx_word' id='word_1_226' title='bbox 1418 1944 1614 1992; x_wconf 66' lang='lat' dir='ltr'><strong>vestrae.</strong></span> 
     </span>
    </p>
   </div>
   <div class='ocr_carea' id='block_1_29' title="bbox 474 2025 1984 2099">
    <p class='ocr_par' dir='ltr' id='par_1_29' title="bbox 474 2025 1984 2099">
     <span class='ocr_line' id='line_1_30' title="bbox 474 2025 1984 2099; baseline -0.002 -15"><span class='ocrx_word' id='word_1_227' title='bbox 474 2038 527 2084; x_wconf 83' lang='lat'><strong>1.</strong></span> <span class='ocrx_word' id='word_1_228' title='bbox 567 2029 791 2097; x_wconf 90' lang='lat' dir='ltr'><strong>Quando</strong></span> <span class='ocrx_word' id='word_1_229' title='bbox 811 2029 874 2082; x_wconf 90' lang='lat' dir='ltr'><strong>ad</strong></span> <span class='ocrx_word' id='word_1_230' title='bbox 902 2044 1150 2099; x_wconf 90' lang='lat' dir='ltr'><strong>magnum</strong></span> <span class='ocrx_word' id='word_1_231' title='bbox 1175 2027 1371 2097; x_wconf 86' lang='lat' dir='ltr'><strong>aliquid</strong></span> <span class='ocrx_word' id='word_1_232' title='bbox 1398 2042 1497 2082; x_wconf 92' lang='lat' dir='ltr'><strong>nos</strong></span> <span class='ocrx_word' id='word_1_233' title='bbox 1517 2025 1829 2082; x_wconf 87' lang='lat' dir='ltr'><strong>exhortatur</strong></span> <span class='ocrx_word' id='word_1_234' title='bbox 1849 2025 1984 2083; x_wconf 83' lang='lat' dir='ltr'><strong>Pau—</strong></span> 
     </span>
    </p>
   </div>
   <div class='ocr_carea' id='block_1_30' title="bbox 402 2119 1981 2195">
    <p class='ocr_par' dir='ltr' id='par_1_30' title="bbox 402 2119 1981 2195">
     <span class='ocr_line' id='line_1_31' title="bbox 402 2119 1981 2195; baseline -0.003 -18"><span class='ocrx_word' id='word_1_235' title='bbox 402 2124 596 2195; x_wconf 29' lang='lat' dir='ltr'><strong>lus,.ut</strong></span> <span class='ocrx_word' id='word_1_236' title='bbox 620 2123 709 2192; x_wconf 89' lang='lat' dir='ltr'><strong>qui</strong></span> <span class='ocrx_word' id='word_1_237' title='bbox 739 2123 809 2178; x_wconf 91' lang='lat' dir='ltr'><strong>sit</strong></span> <span class='ocrx_word' id='word_1_238' title='bbox 842 2122 997 2177; x_wconf 80' lang='lat' dir='ltr'><strong>valde</strong></span> <span class='ocrx_word' id='word_1_239' title='bbox 1026 2122 1240 2192; x_wconf 88' lang='lat' dir='ltr'><strong>sapiens</strong></span> <span class='ocrx_word' id='word_1_240' title='bbox 1269 2129 1324 2176; x_wconf 90' lang='lat' dir='ltr'><strong>et</strong></span> <span class='ocrx_word' id='word_1_241' title='bbox 1353 2120 1665 2190; x_wconf 90' lang='lat' dir='ltr'><strong>spiritualis,</strong></span> <span class='ocrx_word' id='word_1_242' title='bbox 1703 2119 1850 2175; x_wconf 86' lang='lat' dir='ltr'><strong>ducit</strong></span> <span class='ocrx_word' id='word_1_243' title='bbox 1885 2134 1981 2173; x_wconf 77' lang='lat' dir='ltr'><strong>ex-</strong></span> 
     </span>
    </p>
   </div>
   <div class='ocr_carea' id='block_1_31' title="bbox 403 2209 1982 2282">
    <p class='ocr_par' dir='ltr' id='par_1_31' title="bbox 403 2209 1982 2282">
     <span class='ocr_line' id='line_1_32' title="bbox 403 2209 1982 2282; baseline -0.002 -16"><span class='ocrx_word' id='word_1_244' title='bbox 403 2215 757 2270; x_wconf 86' lang='lat' dir='ltr'><strong>hortationem</strong></span> <span class='ocrx_word' id='word_1_245' title='bbox 805 2214 873 2268; x_wconf 87' lang='lat' dir='ltr'><strong>ab</strong></span> <span class='ocrx_word' id='word_1_246' title='bbox 915 2214 981 2269; x_wconf 91' lang='lat' dir='ltr'><strong>iis</strong></span> <span class='ocrx_word' id='word_1_247' title='bbox 1028 2228 1147 2282; x_wconf 76' lang='lat' dir='ltr'><strong>qua:</strong></span> <span class='ocrx_word' id='word_1_248' title='bbox 1177 2221 1304 2268; x_wconf 87' lang='lat' dir='ltr'><strong>sunt</strong></span> <span class='ocrx_word' id='word_1_249' title='bbox 1346 2212 1397 2267; x_wconf 89' lang='lat' dir='ltr'><strong>in</strong></span> <span class='ocrx_word' id='word_1_250' title='bbox 1442 2211 1609 2277; x_wconf 61' lang='lat' dir='ltr'><strong>caelis,</strong></span> <span class='ocrx_word' id='word_1_251' title='bbox 1652 2220 1712 2266; x_wconf 89' lang='lat' dir='ltr'><strong>ut</strong></span> <span class='ocrx_word' id='word_1_252' title='bbox 1746 2210 1835 2281; x_wconf 90' lang='lat' dir='ltr'><strong>qui</strong></span> <span class='ocrx_word' id='word_1_253' title='bbox 1880 2209 1982 2263; x_wconf 91' lang='lat' dir='ltr'><strong>hoc</strong></span> 
     </span>
    </p>
   </div>
   <div class='ocr_carea' id='block_1_32' title="bbox 401 2303 1978 2377">
    <p class='ocr_par' dir='ltr' id='par_1_32' title="bbox 401 2303 1978 2377">
     <span class='ocr_line' id='line_1_33' title="bbox 401 2303 1978 2377; baseline -0.003 -16"><span class='ocrx_word' id='word_1_254' title='bbox 401 2309 575 2377; x_wconf 87' lang='lat' dir='ltr'><strong>ipsum</strong></span> <span class='ocrx_word' id='word_1_255' title='bbox 618 2322 650 2360; x_wconf 88' lang='lat' dir='ltr'><strong>a</strong></span> <span class='ocrx_word' id='word_1_256' title='bbox 695 2308 920 2361; x_wconf 89' lang='lat' dir='ltr'><strong>Domino</strong></span> <span class='ocrx_word' id='word_1_257' title='bbox 958 2305 1246 2361; x_wconf 89' lang='lat' dir='ltr'><strong>didicerit:</strong></span> <span class='ocrx_word' id='word_1_258' title='bbox 1278 2305 1417 2360; x_wconf 89' lang='lat' dir='ltr'><strong>sicut</strong></span> <span class='ocrx_word' id='word_1_259' title='bbox 1454 2306 1615 2360; x_wconf 90' lang='lat' dir='ltr'><strong>etiam</strong></span> <span class='ocrx_word' id='word_1_260' title='bbox 1657 2303 1788 2359; x_wconf 86' lang='lat' dir='ltr'><strong>dicit</strong></span> <span class='ocrx_word' id='word_1_261' title='bbox 1831 2304 1978 2367; x_wconf 89' lang='lat' dir='ltr'><strong>alibi,</strong></span> 
     </span>
    </p>
   </div>
   <div class='ocr_carea' id='block_1_33' title="bbox 399 2396 1981 2464">
    <p class='ocr_par' dir='ltr' id='par_1_33' title="bbox 399 2396 1981 2464">
     <span class='ocr_line' id='line_1_34' title="bbox 399 2396 1981 2464; baseline -0.003 -12"><span class='ocrx_word' id='word_1_262' title='bbox 399 2398 667 2452; x_wconf 84' lang='lat' dir='ltr'><strong>Ambulate</strong></span> <span class='ocrx_word' id='word_1_263' title='bbox 692 2400 745 2452; x_wconf 84' lang='lat' dir='ltr'><strong>in</strong></span> <span class='ocrx_word' id='word_1_264' title='bbox 768 2398 1052 2464; x_wconf 85' lang='lat' dir='ltr'><strong>dilectione,</strong></span> <span class='ocrx_word' id='word_1_265' title='bbox 1081 2398 1213 2451; x_wconf 91' lang='lat' dir='ltr'><strong>sicut</strong></span> <span class='ocrx_word' id='word_1_266' title='bbox 1239 2404 1286 2451; x_wconf 89' lang='lat' dir='ltr'><strong>et</strong></span> <span class='ocrx_word' id='word_1_267' title='bbox 1308 2397 1538 2451; x_wconf 81' lang='lat' dir='ltr'><strong>Christus</strong></span> <span class='ocrx_word' id='word_1_268' title='bbox 1574 2396 1752 2450; x_wconf 75' lang='lat' dir='ltr'><strong>dilexit</strong></span> <span class='ocrx_word' id='word_1_269' title='bbox 1790 2411 1903 2460; x_wconf 82' lang='lat' dir='ltr'><strong>nos,</strong></span> <span class='ocrx_word' id='word_1_270' title='bbox 1935 2403 1981 2447; x_wconf 91' lang='lat' dir='ltr'><strong>et</strong></span> 
     </span>
    </p>
   </div>
   <div class='ocr_carea' id='block_1_34' title="bbox 399 2486 1978 2561">
    <p class='ocr_par' dir='ltr' id='par_1_34' title="bbox 399 2486 1978 2561">
     <span class='ocr_line' id='line_1_35' title="bbox 399 2486 1978 2561; baseline -0.003 -16"><span class='ocrx_word' id='word_1_271' title='bbox 399 2492 610 2545; x_wconf 83' lang='lat' dir='ltr'><strong>tradidit</strong></span> <span class='ocrx_word' id='word_1_272' title='bbox 623 2492 950 2561; x_wconf 86' lang='lat' dir='ltr'><strong>semetipsum</strong></span> <span class='ocrx_word' id='word_1_273' title='bbox 969 2508 1060 2560; x_wconf 88' lang='lat' dir='ltr'><strong>pro</strong></span> <span class='ocrx_word' id='word_1_274' title='bbox 1086 2489 1227 2544; x_wconf 89' lang='lat' dir='ltr'><strong>nobis</strong></span> <span class='ocrx_word' id='word_1_275' title='bbox 1246 2488 1462 2558; x_wconf 85' lang='lat' dir='ltr'><strong>(Ephes.</strong></span> <span class='ocrx_word' id='word_1_276' title='bbox 1490 2489 1544 2544; x_wconf 85' lang='lat'><strong>5.</strong></span> <span class='ocrx_word' id='word_1_277' title='bbox 1569 2486 1663 2559; x_wconf 70' lang='lat'><strong>2);</strong></span> <span class='ocrx_word' id='word_1_278' title='bbox 1693 2495 1748 2542; x_wconf 86' lang='lat' dir='ltr'><strong>et</strong></span> <span class='ocrx_word' id='word_1_279' title='bbox 1772 2502 1978 2552; x_wconf 85' lang='lat' dir='ltr'><strong>rursus,</strong></span> 
     </span>
    </p>
   </div>
   <div class='ocr_carea' id='block_1_35' title="bbox 401 2579 1981 2651">
    <p class='ocr_par' dir='ltr' id='par_1_35' title="bbox 401 2579 1981 2651">
     <span class='ocr_line' id='line_1_36' title="bbox 401 2579 1981 2651; baseline -0.003 -15"><span class='ocrx_word' id='word_1_280' title='bbox 401 2582 516 2637; x_wconf 79' lang='lat' dir='ltr'><strong>[Ioc</strong></span> <span class='ocrx_word' id='word_1_281' title='bbox 538 2585 786 2637; x_wconf 84' lang='lat' dir='ltr'><strong>sentiatur</strong></span> <span class='ocrx_word' id='word_1_282' title='bbox 812 2586 866 2637; x_wconf 86' lang='lat' dir='ltr'><strong>in</strong></span> <span class='ocrx_word' id='word_1_283' title='bbox 892 2582 1030 2637; x_wconf 81' lang='lat' dir='ltr'><strong>vobis</strong></span> <span class='ocrx_word' id='word_1_284' title='bbox 1050 2581 1187 2651; x_wconf 87' lang='lat' dir='ltr'><strong>quod</strong></span> <span class='ocrx_word' id='word_1_285' title='bbox 1206 2590 1253 2634; x_wconf 85' lang='lat' dir='ltr'><strong>et</strong></span> <span class='ocrx_word' id='word_1_286' title='bbox 1273 2582 1327 2634; x_wconf 89' lang='lat' dir='ltr'><strong>in</strong></span> <span class='ocrx_word' id='word_1_287' title='bbox 1351 2579 1549 2635; x_wconf 82' lang='lat' dir='ltr'><strong>Christo</strong></span> <span class='ocrx_word' id='word_1_288' title='bbox 1576 2579 1607 2632; x_wconf 75' lang='grc' dir='ltr'><strong>,Ι</strong></span> <span class='ocrx_word' id='word_1_289' title='bbox 1616 2595 1721 2643; x_wconf 87' lang='lat' dir='ltr'><strong>esu,</strong></span> <span class='ocrx_word' id='word_1_290' title='bbox 1758 2579 1841 2649; x_wconf 87' lang='lat' dir='ltr'><strong>qui</strong></span> <span class='ocrx_word' id='word_1_291' title='bbox 1868 2595 1981 2631; x_wconf 88' lang='lat' dir='ltr'><strong>cum</strong></span> 
     </span>
    </p>
   </div>
   <div class='ocr_carea' id='block_1_36' title="bbox 396 2671 1981 2743">
    <p class='ocr_par' dir='ltr' id='par_1_36' title="bbox 396 2671 1981 2743">
     <span class='ocr_line' id='line_1_37' title="bbox 396 2671 1981 2743; baseline -0.003 -16"><span class='ocrx_word' id='word_1_292' title='bbox 396 2673 640 2743; x_wconf 78' lang='lat' dir='ltr'><strong>informa</strong></span> <span class='ocrx_word' id='word_1_293' title='bbox 674 2673 769 2727; x_wconf 89' lang='lat' dir='ltr'><strong>Dei</strong></span> <span class='ocrx_word' id='word_1_294' title='bbox 796 2683 943 2737; x_wconf 82' lang='lat' dir='ltr'><strong>esset,</strong></span> <span class='ocrx_word' id='word_1_295' title='bbox 988 2689 1089 2726; x_wconf 88' lang='lat' dir='ltr'><strong>non</strong></span> <span class='ocrx_word' id='word_1_296' title='bbox 1129 2672 1364 2742; x_wconf 85' lang='lat' dir='ltr'><strong>rapinam</strong></span> <span class='ocrx_word' id='word_1_297' title='bbox 1398 2671 1671 2726; x_wconf 85' lang='lat' dir='ltr'><strong>arbitratus</strong></span> <span class='ocrx_word' id='word_1_298' title='bbox 1697 2680 1768 2725; x_wconf 90' lang='lat' dir='ltr'><strong>est</strong></span> <span class='ocrx_word' id='word_1_299' title='bbox 1796 2687 1902 2724; x_wconf 89' lang='lat' dir='ltr'><strong>esse</strong></span> <span class='ocrx_word' id='word_1_300' title='bbox 1929 2685 1981 2722; x_wconf 87' lang='lat' dir='ltr'><strong>se</strong></span> 
     </span>
    </p>
   </div>
   <div class='ocr_carea' id='block_1_37' title="bbox 398 2760 1976 2836">
    <p class='ocr_par' dir='ltr' id='par_1_37' title="bbox 398 2760 1976 2836">
     <span class='ocr_line' id='line_1_38' title="bbox 398 2760 1976 2836; baseline -0.004 -18"><span class='ocrx_word' id='word_1_301' title='bbox 398 2765 644 2836; x_wconf 78' lang='lat' dir='ltr'><strong>a&#39;qualem</strong></span> <span class='ocrx_word' id='word_1_302' title='bbox 674 2764 783 2818; x_wconf 90' lang='lat' dir='ltr'><strong>Deo</strong></span> <span class='ocrx_word' id='word_1_303' title='bbox 806 2764 1064 2836; x_wconf 81' lang='lat' dir='ltr'><strong>(Philipp.</strong></span> <span class='ocrx_word' id='word_1_304' title='bbox 1088 2762 1144 2816; x_wconf 76' lang='lat'><strong>2.</strong></span> <span class='ocrx_word' id='word_1_305' title='bbox 1176 2764 1230 2818; x_wconf 84' lang='lat'><strong>5.</strong></span> <span class='ocrx_word' id='word_1_306' title='bbox 1261 2762 1341 2830; x_wconf 87' lang='lat'><strong>6).</strong></span> <span class='ocrx_word' id='word_1_307' title='bbox 1376 2763 1487 2816; x_wconf 88' lang='lat' dir='ltr'><strong>lloc</strong></span> <span class='ocrx_word' id='word_1_308' title='bbox 1513 2761 1675 2815; x_wconf 91' lang='lat' dir='ltr'><strong>etiam</strong></span> <span class='ocrx_word' id='word_1_309' title='bbox 1707 2760 1794 2815; x_wconf 91' lang='lat' dir='ltr'><strong>hic</strong></span> <span class='ocrx_word' id='word_1_310' title='bbox 1834 2760 1976 2815; x_wconf 82' lang='lat' dir='ltr'><strong>facit.</strong></span> 
     </span>
    </p>
   </div>
   <div class='ocr_carea' id='block_1_38' title="bbox 397 2853 1981 2924">
    <p class='ocr_par' dir='ltr' id='par_1_38' title="bbox 397 2853 1981 2924">
     <span class='ocr_line' id='line_1_39' title="bbox 397 2853 1981 2924; baseline -0.002 -15"><span class='ocrx_word' id='word_1_311' title='bbox 397 2856 620 2923; x_wconf 87' lang='lat' dir='ltr'><strong>Quando</strong></span> <span class='ocrx_word' id='word_1_312' title='bbox 671 2856 813 2911; x_wconf 90' lang='lat' dir='ltr'><strong>enim</strong></span> <span class='ocrx_word' id='word_1_313' title='bbox 862 2854 1105 2924; x_wconf 82' lang='lat' dir='ltr'><strong>exempla</strong></span> <span class='ocrx_word' id='word_1_314' title='bbox 1160 2853 1430 2924; x_wconf 90' lang='lat' dir='ltr'><strong>proposita</strong></span> <span class='ocrx_word' id='word_1_315' title='bbox 1475 2862 1599 2908; x_wconf 87' lang='lat' dir='ltr'><strong>sunt</strong></span> <span class='ocrx_word' id='word_1_316' title='bbox 1642 2868 1852 2923; x_wconf 89' lang='lat' dir='ltr'><strong>magna,</strong></span> <span class='ocrx_word' id='word_1_317' title='bbox 1898 2862 1981 2907; x_wconf 92' lang='lat' dir='ltr'><strong>est</strong></span> 
     </span>
    </p>
   </div>
   <div class='ocr_carea' id='block_1_39' title="bbox 398 2942 1980 3014">
    <p class='ocr_par' dir='ltr' id='par_1_39' title="bbox 398 2942 1980 3014">
     <span class='ocr_line' id='line_1_40' title="bbox 398 2942 1980 3014; baseline -0.003 -12"><span class='ocrx_word' id='word_1_318' title='bbox 398 2948 668 3002; x_wconf 73' lang='lat' dir='ltr'><strong>azmulatio</strong></span> <span class='ocrx_word' id='word_1_319' title='bbox 709 2947 1001 3001; x_wconf 84' lang='lat' dir='ltr'><strong>vehemens</strong></span> <span class='ocrx_word' id='word_1_320' title='bbox 1039 2956 1093 3000; x_wconf 93' lang='lat' dir='ltr'><strong>et</strong></span> <span class='ocrx_word' id='word_1_321' title='bbox 1134 2945 1476 3000; x_wconf 89' lang='lat' dir='ltr'><strong>desiderium.</strong></span> <span class='ocrx_word' id='word_1_322' title='bbox 1522 2942 1661 3010; x_wconf 85' lang='lat' dir='ltr'><strong>Quid</strong></span> <span class='ocrx_word' id='word_1_323' title='bbox 1700 2958 1828 3014; x_wconf 89' lang='lat' dir='ltr'><strong>ergo</strong></span> <span class='ocrx_word' id='word_1_324' title='bbox 1856 2943 1980 2998; x_wconf 91' lang='lat' dir='ltr'><strong>dicit</strong></span> 
     </span>
    </p>
   </div>
   <div class='ocr_carea' id='block_1_40' title="bbox 397 3035 1981 3106">
    <p class='ocr_par' dir='ltr' id='par_1_40' title="bbox 397 3035 1981 3106">
     <span class='ocr_line' id='line_1_41' title="bbox 397 3035 1981 3106; baseline -0.004 -11"><span class='ocrx_word' id='word_1_325' title='bbox 397 3054 497 3095; x_wconf 90' lang='lat' dir='ltr'><strong>nos</strong></span> <span class='ocrx_word' id='word_1_326' title='bbox 525 3039 817 3094; x_wconf 89' lang='lat' dir='ltr'><strong>adhortans</strong></span> <span class='ocrx_word' id='word_1_327' title='bbox 860 3037 929 3092; x_wconf 88' lang='lat' dir='ltr'><strong>ad</strong></span> <span class='ocrx_word' id='word_1_328' title='bbox 977 3037 1279 3092; x_wconf 86' lang='lat' dir='ltr'><strong>unitatem?</strong></span> <span class='ocrx_word' id='word_1_329' title='bbox 1329 3035 1497 3091; x_wconf 90' lang='lat' dir='ltr'><strong>Unum</strong></span> <span class='ocrx_word' id='word_1_330' title='bbox 1542 3051 1726 3106; x_wconf 87' lang='lat' dir='ltr'><strong>corpus</strong></span> <span class='ocrx_word' id='word_1_331' title='bbox 1764 3044 1810 3089; x_wconf 88' lang='lat' dir='ltr'><strong>et</strong></span> <span class='ocrx_word' id='word_1_332' title='bbox 1850 3051 1981 3089; x_wconf 89' lang='lat' dir='ltr'><strong>unus</strong></span> 
     </span>
    </p>
   </div>
   <div class='ocr_carea' id='block_1_41' title="bbox 397 3128 1979 3200">
    <p class='ocr_par' dir='ltr' id='par_1_41' title="bbox 397 3128 1979 3200">
     <span class='ocr_line' id='line_1_42' title="bbox 397 3128 1979 3200; baseline -0.003 -15"><span class='ocrx_word' id='word_1_333' title='bbox 397 3131 626 3200; x_wconf 85' lang='lat' dir='ltr'><strong>spiritus,</strong></span> <span class='ocrx_word' id='word_1_334' title='bbox 663 3133 791 3183; x_wconf 79' lang='lat' dir='ltr'><strong>sicut</strong></span> <span class='ocrx_word' id='word_1_335' title='bbox 839 3140 887 3184; x_wconf 83' lang='lat' dir='ltr'><strong>et</strong></span> <span class='ocrx_word' id='word_1_336' title='bbox 933 3129 1097 3183; x_wconf 87' lang='lat' dir='ltr'><strong>vocati</strong></span> <span class='ocrx_word' id='word_1_337' title='bbox 1137 3130 1254 3184; x_wconf 88' lang='lat' dir='ltr'><strong>estis</strong></span> <span class='ocrx_word' id='word_1_338' title='bbox 1304 3129 1360 3182; x_wconf 83' lang='lat' dir='ltr'><strong>in</strong></span> <span class='ocrx_word' id='word_1_339' title='bbox 1406 3146 1510 3183; x_wconf 87' lang='lat' dir='ltr'><strong>una</strong></span> <span class='ocrx_word' id='word_1_340' title='bbox 1561 3144 1653 3198; x_wconf 87' lang='lat' dir='ltr'><strong>spe</strong></span> <span class='ocrx_word' id='word_1_341' title='bbox 1699 3128 1979 3182; x_wconf 86' lang='lat' dir='ltr'><strong>vocationis</strong></span> 
     </span>
    </p>
   </div>
   <div class='ocr_carea' id='block_1_42' title="bbox 397 3218 1975 3288">
    <p class='ocr_par' dir='ltr' id='par_1_42' title="bbox 397 3218 1975 3288">
     <span class='ocr_line' id='line_1_43' title="bbox 397 3218 1975 3288; baseline -0.003 -12"><span class='ocrx_word' id='word_1_342' title='bbox 397 3234 573 3277; x_wconf 72' lang='lat' dir='ltr'><strong>vestra:</strong></span> <span class='ocrx_word' id='word_1_343' title='bbox 598 3238 617 3276; x_wconf 92' lang='lat'><strong><em>:</em></strong></span> <span class='ocrx_word' id='word_1_344' title='bbox 643 3222 697 3278; x_wconf 83' lang='lat'><strong>5.</strong></span> <span class='ocrx_word' id='word_1_345' title='bbox 730 3237 860 3276; x_wconf 84' lang='lat' dir='ltr'><strong>unus</strong></span> <span class='ocrx_word' id='word_1_346' title='bbox 888 3220 1158 3286; x_wconf 88' lang='lat' dir='ltr'><strong>Dominus,</strong></span> <span class='ocrx_word' id='word_1_347' title='bbox 1191 3237 1294 3274; x_wconf 87' lang='lat' dir='ltr'><strong>una</strong></span> <span class='ocrx_word' id='word_1_348' title='bbox 1318 3220 1467 3288; x_wconf 80' lang='lat' dir='ltr'><strong>ﬁdes,</strong></span> <span class='ocrx_word' id='word_1_349' title='bbox 1525 3235 1684 3273; x_wconf 87' lang='lat' dir='ltr'><strong>unum</strong></span> <span class='ocrx_word' id='word_1_350' title='bbox 1704 3218 1975 3288; x_wconf 87' lang='lat' dir='ltr'><strong>baptisma.</strong></span> 
     </span>
    </p>
   </div>
   <div class='ocr_carea' id='block_1_43' title="bbox 397 3310 1979 3383">
    <p class='ocr_par' dir='ltr' id='par_1_43' title="bbox 397 3310 1979 3383">
     <span class='ocr_line' id='line_1_44' title="bbox 397 3310 1979 3383; baseline -0.002 -16"><span class='ocrx_word' id='word_1_351' title='bbox 397 3314 536 3383; x_wconf 84' lang='lat' dir='ltr'><strong>Quid</strong></span> <span class='ocrx_word' id='word_1_352' title='bbox 562 3324 645 3370; x_wconf 90' lang='lat' dir='ltr'><strong>est</strong></span> <span class='ocrx_word' id='word_1_353' title='bbox 670 3325 849 3369; x_wconf 90' lang='lat' dir='ltr'><strong>autem</strong></span> <span class='ocrx_word' id='word_1_354' title='bbox 884 3329 1044 3368; x_wconf 87' lang='lat' dir='ltr'><strong>unum</strong></span> <span class='ocrx_word' id='word_1_355' title='bbox 1076 3311 1314 3382; x_wconf 89' lang='lat' dir='ltr'><strong>corpus?</strong></span> <span class='ocrx_word' id='word_1_356' title='bbox 1342 3312 1449 3378; x_wconf 80' lang='lat' dir='ltr'><strong>Qui</strong></span> <span class='ocrx_word' id='word_1_357' title='bbox 1471 3318 1596 3365; x_wconf 87' lang='lat' dir='ltr'><strong>sunt</strong></span> <span class='ocrx_word' id='word_1_358' title='bbox 1634 3310 1832 3380; x_wconf 91' lang='lat' dir='ltr'><strong>ubique</strong></span> <span class='ocrx_word' id='word_1_359' title='bbox 1872 3319 1979 3365; x_wconf 82' lang='lat' dir='ltr'><strong>ter-</strong></span> 
     </span>
    </p>
   </div>
   <div class='ocr_carea' id='block_1_44' title="bbox 396 3400 1978 3469">
    <p class='ocr_par' dir='ltr' id='par_1_44' title="bbox 396 3400 1978 3469">
     <span class='ocr_line' id='line_1_45' title="bbox 396 3400 1978 3469; baseline -0.006 -7"><span class='ocrx_word' id='word_1_360' title='bbox 396 3421 577 3462; x_wconf 88' lang='lat' dir='ltr'><strong>rarum</strong></span> <span class='ocrx_word' id='word_1_361' title='bbox 616 3406 801 3460; x_wconf 89' lang='lat' dir='ltr'><strong>tideles</strong></span> <span class='ocrx_word' id='word_1_362' title='bbox 832 3414 886 3459; x_wconf 89' lang='lat' dir='ltr'><strong>et</strong></span> <span class='ocrx_word' id='word_1_363' title='bbox 916 3404 1128 3459; x_wconf 87' lang='lat' dir='ltr'><strong>fuerunt</strong></span> <span class='ocrx_word' id='word_1_364' title='bbox 1148 3414 1200 3457; x_wconf 91' lang='lat' dir='ltr'><strong>et</strong></span> <span class='ocrx_word' id='word_1_365' title='bbox 1230 3402 1391 3457; x_wconf 82' lang='lat' dir='ltr'><strong>futuri</strong></span> <span class='ocrx_word' id='word_1_366' title='bbox 1417 3410 1561 3456; x_wconf 89' lang='lat' dir='ltr'><strong>sunt.</strong></span> <span class='ocrx_word' id='word_1_367' title='bbox 1587 3402 1789 3455; x_wconf 78' lang='lat' dir='ltr'><strong>Rursus</strong></span> <span class='ocrx_word' id='word_1_368' title='bbox 1814 3409 1868 3455; x_wconf 92' lang='lat' dir='ltr'><strong>et</strong></span> <span class='ocrx_word' id='word_1_369' title='bbox 1889 3400 1978 3469; x_wconf 91' lang='lat' dir='ltr'><strong>qui</strong></span> 
     </span>
    </p>
   </div>
   <div class='ocr_carea' id='block_1_45' title="bbox 395 3495 1974 3564">
    <p class='ocr_par' dir='ltr' id='par_1_45' title="bbox 395 3495 1974 3564">
     <span class='ocr_line' id='line_1_46' title="bbox 395 3495 1974 3564; baseline -0.004 -13"><span class='ocrx_word' id='word_1_370' title='bbox 395 3507 522 3552; x_wconf 88' lang='lat' dir='ltr'><strong>ante</strong></span> <span class='ocrx_word' id='word_1_371' title='bbox 548 3496 746 3552; x_wconf 87' lang='lat' dir='ltr'><strong>Christi</strong></span> <span class='ocrx_word' id='word_1_372' title='bbox 767 3496 1051 3551; x_wconf 84' lang='lat' dir='ltr'><strong>adventum</strong></span> <span class='ocrx_word' id='word_1_373' title='bbox 1084 3495 1415 3564; x_wconf 88' lang='lat' dir='ltr'><strong>placuerunt,</strong></span> <span class='ocrx_word' id='word_1_374' title='bbox 1440 3502 1562 3548; x_wconf 89' lang='lat' dir='ltr'><strong>sunt</strong></span> <span class='ocrx_word' id='word_1_375' title='bbox 1579 3508 1739 3547; x_wconf 93' lang='lat' dir='ltr'><strong>unum</strong></span> <span class='ocrx_word' id='word_1_376' title='bbox 1761 3507 1974 3561; x_wconf 83' lang='lat' dir='ltr'><strong>corpus.</strong></span> 
     </span>
    </p>
   </div>
   <div class='ocr_carea' id='block_1_46' title="bbox 396 3585 1974 3657">
    <p class='ocr_par' dir='ltr' id='par_1_46' title="bbox 396 3585 1974 3657">
     <span class='ocr_line' id='line_1_47' title="bbox 396 3585 1974 3657; baseline -0.004 -14"><span class='ocrx_word' id='word_1_377' title='bbox 396 3588 718 3657; x_wconf 84' lang='lat' dir='ltr'><strong>Quomodo?</strong></span> <span class='ocrx_word' id='word_1_378' title='bbox 756 3588 1017 3655; x_wconf 88' lang='lat' dir='ltr'><strong>Quoniam</strong></span> <span class='ocrx_word' id='word_1_379' title='bbox 1063 3587 1137 3640; x_wconf 89' lang='lat' dir='ltr'><strong>illi</strong></span> <span class='ocrx_word' id='word_1_380' title='bbox 1188 3601 1398 3656; x_wconf 90' lang='lat' dir='ltr'><strong>quoque</strong></span> <span class='ocrx_word' id='word_1_381' title='bbox 1446 3585 1713 3640; x_wconf 89' lang='lat' dir='ltr'><strong>Christum</strong></span> <span class='ocrx_word' id='word_1_382' title='bbox 1758 3592 1974 3638; x_wconf 88' lang='lat' dir='ltr'><strong>norunt.</strong></span> 
     </span>
    </p>
   </div>
   <div class='ocr_carea' id='block_1_47' title="bbox 396 3675 1973 3745">
    <p class='ocr_par' dir='ltr' id='par_1_47' title="bbox 396 3675 1973 3745">
     <span class='ocr_line' id='line_1_48' title="bbox 396 3675 1973 3745; baseline -0.004 -10"><span class='ocrx_word' id='word_1_383' title='bbox 396 3680 676 3735; x_wconf 87' lang='lat' dir='ltr'><strong>Undenam</strong></span> <span class='ocrx_word' id='word_1_384' title='bbox 706 3679 806 3732; x_wconf 89' lang='lat' dir='ltr'><strong>hoc</strong></span> <span class='ocrx_word' id='word_1_385' title='bbox 831 3678 1080 3732; x_wconf 85' lang='lat' dir='ltr'><strong>constat?</strong></span> <span class='ocrx_word' id='word_1_386' title='bbox 1104 3676 1359 3730; x_wconf 84' lang='lat' dir='ltr'><strong>Abraham</strong></span> <span class='ocrx_word' id='word_1_387' title='bbox 1403 3685 1547 3745; x_wconf 90' lang='lat' dir='ltr'><strong>pater</strong></span> <span class='ocrx_word' id='word_1_388' title='bbox 1574 3686 1752 3739; x_wconf 86' lang='lat' dir='ltr'><strong>vester,</strong></span> <span class='ocrx_word' id='word_1_389' title='bbox 1780 3675 1973 3744; x_wconf 88' lang='lat' dir='ltr'><strong>inquit,</strong></span> 
     </span>
    </p>
   </div>
   <div class='ocr_carea' id='block_1_48' title="bbox 396 3767 1976 3838">
    <p class='ocr_par' dir='ltr' id='par_1_48' title="bbox 396 3767 1976 3838">
     <span class='ocr_line' id='line_1_49' title="bbox 396 3767 1976 3838; baseline -0.004 -11"><span class='ocrx_word' id='word_1_390' title='bbox 396 3772 662 3827; x_wconf 67' lang='lat' dir='ltr'><strong>exsultavit</strong></span> <span class='ocrx_word' id='word_1_391' title='bbox 698 3781 754 3823; x_wconf 89' lang='lat' dir='ltr'><strong>ut</strong></span> <span class='ocrx_word' id='word_1_392' title='bbox 798 3770 985 3824; x_wconf 87' lang='lat' dir='ltr'><strong>videret</strong></span> <span class='ocrx_word' id='word_1_393' title='bbox 1014 3770 1146 3821; x_wconf 87' lang='lat' dir='ltr'><strong>diem</strong></span> <span class='ocrx_word' id='word_1_394' title='bbox 1180 3784 1386 3832; x_wconf 88' lang='lat' dir='ltr'><strong>meum;</strong></span> <span class='ocrx_word' id='word_1_395' title='bbox 1425 3778 1469 3821; x_wconf 88' lang='lat' dir='ltr'><strong>et</strong></span> <span class='ocrx_word' id='word_1_396' title='bbox 1504 3769 1650 3833; x_wconf 87' lang='lat' dir='ltr'><strong>vidit,</strong></span> <span class='ocrx_word' id='word_1_397' title='bbox 1687 3777 1733 3821; x_wconf 86' lang='lat' dir='ltr'><strong>et</strong></span> <span class='ocrx_word' id='word_1_398' title='bbox 1775 3767 1976 3838; x_wconf 87' lang='lat' dir='ltr'><strong>gavisus</strong></span> 
     </span>
    </p>
   </div>
   <div class='ocr_carea' id='block_1_49' title="bbox 395 3858 1976 3933">
    <p class='ocr_par' dir='ltr' id='par_1_49' title="bbox 395 3858 1976 3933">
     <span class='ocr_line' id='line_1_50' title="bbox 395 3858 1976 3933; baseline -0.004 -16"><span class='ocrx_word' id='word_1_399' title='bbox 395 3872 471 3917; x_wconf 86' lang='lat' dir='ltr'><strong>est</strong></span> <span class='ocrx_word' id='word_1_400' title='bbox 492 3861 672 3933; x_wconf 82' lang='lat' dir='ltr'><strong>(Joan.</strong></span> <span class='ocrx_word' id='word_1_401' title='bbox 705 3862 757 3915; x_wconf 90' lang='lat'><strong>8.</strong></span> <span class='ocrx_word' id='word_1_402' title='bbox 786 3861 914 3930; x_wconf 81' lang='lat'><strong>56);</strong></span> <span class='ocrx_word' id='word_1_403' title='bbox 941 3870 995 3914; x_wconf 91' lang='lat' dir='ltr'><strong>et</strong></span> <span class='ocrx_word' id='word_1_404' title='bbox 1024 3875 1229 3922; x_wconf 87' lang='lat' dir='ltr'><strong>rursus,</strong></span> <span class='ocrx_word' id='word_1_405' title='bbox 1260 3859 1321 3914; x_wconf 85' lang='lat' dir='ltr'><strong>Si</strong></span> <span class='ocrx_word' id='word_1_406' title='bbox 1346 3859 1613 3912; x_wconf 84' lang='lat' dir='ltr'><strong>crederetis</strong></span> <span class='ocrx_word' id='word_1_407' title='bbox 1643 3858 1833 3928; x_wconf 84' lang='lat' dir='ltr'><strong>Moysi,</strong></span> <span class='ocrx_word' id='word_1_408' title='bbox 1869 3874 1976 3911; x_wconf 87' lang='lat' dir='ltr'><strong>cre-</strong></span> 
     </span>
    </p>
   </div>
   <div class='ocr_carea' id='block_1_50' title="bbox 396 3948 1971 4020">
    <p class='ocr_par' dir='ltr' id='par_1_50' title="bbox 396 3948 1971 4020">
     <span class='ocr_line' id='line_1_51' title="bbox 396 3948 1971 4020; baseline -0.005 -11"><span class='ocrx_word' id='word_1_409' title='bbox 396 3954 581 4009; x_wconf 83' lang='lat' dir='ltr'><strong>deretis</strong></span> <span class='ocrx_word' id='word_1_410' title='bbox 609 3953 777 4020; x_wconf 88' lang='lat' dir='ltr'><strong>utique</strong></span> <span class='ocrx_word' id='word_1_411' title='bbox 803 3962 847 4005; x_wconf 88' lang='lat' dir='ltr'><strong>et</strong></span> <span class='ocrx_word' id='word_1_412' title='bbox 875 3951 1000 4004; x_wconf 79' lang='lat' dir='ltr'><strong>mihi</strong></span> <span class='ocrx_word' id='word_1_413' title='bbox 1030 3967 1048 4004; x_wconf 92' lang='lat'><em>:</em></span> <span class='ocrx_word' id='word_1_414' title='bbox 1075 3952 1137 4004; x_wconf 92' lang='lat' dir='ltr'><strong>de</strong></span> <span class='ocrx_word' id='word_1_415' title='bbox 1167 3966 1244 4003; x_wconf 90' lang='lat' dir='ltr'><strong>me</strong></span> <span class='ocrx_word' id='word_1_416' title='bbox 1284 3950 1415 4003; x_wconf 87' lang='lat' dir='ltr'><strong>enim</strong></span> <span class='ocrx_word' id='word_1_417' title='bbox 1442 3950 1529 4003; x_wconf 87' lang='lat' dir='ltr'><strong>ille</strong></span> <span class='ocrx_word' id='word_1_418' title='bbox 1569 3949 1769 4020; x_wconf 86' lang='lat' dir='ltr'><strong>scripsit</strong></span> <span class='ocrx_word' id='word_1_419' title='bbox 1805 3948 1971 4019; x_wconf 90' lang='lat' dir='ltr'><strong>(Ibid.</strong></span> 
     </span>
    </p>
   </div>
   <div class='ocr_carea' id='block_1_51' title="bbox 396 4040 1974 4114">
    <p class='ocr_par' dir='ltr' id='par_1_51' title="bbox 396 4040 1974 4114">
     <span class='ocr_line' id='line_1_52' title="bbox 396 4040 1974 4114; baseline -0.003 -14"><span class='ocrx_word' id='word_1_420' title='bbox 396 4046 452 4101; x_wconf 84' lang='lat'><strong>5.</strong></span> <span class='ocrx_word' id='word_1_421' title='bbox 483 4043 599 4114; x_wconf 73' lang='grc'>46),</span> <span class='ocrx_word' id='word_1_422' title='bbox 634 4053 687 4097; x_wconf 94' lang='lat' dir='ltr'><strong>et</strong></span> <span class='ocrx_word' id='word_1_423' title='bbox 717 4043 1008 4112; x_wconf 61' lang='lat' dir='ltr'><strong>prophetae.</strong></span> <span class='ocrx_word' id='word_1_424' title='bbox 1046 4041 1161 4094; x_wconf 82' lang='lat' dir='ltr'><strong>Non</strong></span> <span class='ocrx_word' id='word_1_425' title='bbox 1202 4041 1542 4109; x_wconf 90' lang='lat' dir='ltr'><strong>scripsissent</strong></span> <span class='ocrx_word' id='word_1_426' title='bbox 1583 4051 1783 4106; x_wconf 90' lang='lat' dir='ltr'><strong>autem,</strong></span> <span class='ocrx_word' id='word_1_427' title='bbox 1821 4040 1868 4093; x_wconf 91' lang='lat' dir='ltr'><strong>si</strong></span> <span class='ocrx_word' id='word_1_428' title='bbox 1906 4040 1974 4095; x_wconf 89' lang='lat' dir='ltr'><strong>de</strong></span> 
     </span>
    </p>
   </div>
   <div class='ocr_carea' id='block_1_52' title="bbox 396 4131 1972 4206">
    <p class='ocr_par' dir='ltr' id='par_1_52' title="bbox 396 4131 1972 4206">
     <span class='ocr_line' id='line_1_53' title="bbox 396 4131 1972 4206; baseline -0.003 -15"><span class='ocrx_word' id='word_1_429' title='bbox 396 4152 461 4192; x_wconf 89' lang='lat' dir='ltr'><strong>eo</strong></span> <span class='ocrx_word' id='word_1_430' title='bbox 515 4136 850 4206; x_wconf 86' lang='lat' dir='ltr'><strong>ignorassent</strong></span> <span class='ocrx_word' id='word_1_431' title='bbox 896 4148 1013 4202; x_wconf 78' lang='lat' dir='ltr'><strong>quae</strong></span> <span class='ocrx_word' id='word_1_432' title='bbox 1057 4131 1304 4186; x_wconf 88' lang='lat' dir='ltr'><strong>dicebant</strong></span> <span class='ocrx_word' id='word_1_433' title='bbox 1351 4149 1364 4184; x_wconf 92' lang='lat'>:</span> <span class='ocrx_word' id='word_1_434' title='bbox 1403 4146 1523 4185; x_wconf 90' lang='lat' dir='ltr'><strong>cum</strong></span> <span class='ocrx_word' id='word_1_435' title='bbox 1571 4132 1741 4200; x_wconf 89' lang='lat' dir='ltr'><strong>ipsum</strong></span> <span class='ocrx_word' id='word_1_436' title='bbox 1794 4142 1972 4187; x_wconf 89' lang='lat' dir='ltr'><strong>autem</strong></span> 
     </span>
    </p>
   </div>
   <div class='ocr_carea' id='block_1_53' title="bbox 397 4223 1973 4294">
    <p class='ocr_par' dir='ltr' id='par_1_53' title="bbox 397 4223 1973 4294">
     <span class='ocr_line' id='line_1_54' title="bbox 397 4223 1973 4294; baseline -0.003 -11"><span class='ocrx_word' id='word_1_437' title='bbox 397 4235 635 4294; x_wconf 89' lang='lat' dir='ltr'><strong>nossent,</strong></span> <span class='ocrx_word' id='word_1_438' title='bbox 677 4227 836 4283; x_wconf 89' lang='lat' dir='ltr'><strong>etiam</strong></span> <span class='ocrx_word' id='word_1_439' title='bbox 875 4224 1188 4279; x_wconf 74' lang='lat' dir='ltr'><strong>adorabunt.</strong></span> <span class='ocrx_word' id='word_1_440' title='bbox 1238 4223 1596 4291; x_wconf 91' lang='lat' dir='ltr'><strong>Quamobrem</strong></span> <span class='ocrx_word' id='word_1_441' title='bbox 1647 4224 1720 4277; x_wconf 89' lang='lat' dir='ltr'><strong>illi</strong></span> <span class='ocrx_word' id='word_1_442' title='bbox 1762 4239 1973 4294; x_wconf 91' lang='lat' dir='ltr'><strong>quoque</strong></span> 
     </span>
    </p>
   </div>
   <div class='ocr_carea' id='block_1_54' title="bbox 396 4316 1972 4388">
    <p class='ocr_par' dir='ltr' id='par_1_54' title="bbox 396 4316 1972 4388">
     <span class='ocr_line' id='line_1_55' title="bbox 396 4316 1972 4388; baseline -0.002 -13"><span class='ocrx_word' id='word_1_443' title='bbox 396 4330 519 4375; x_wconf 88' lang='lat' dir='ltr'><strong>sunt</strong></span> <span class='ocrx_word' id='word_1_444' title='bbox 550 4335 711 4375; x_wconf 89' lang='lat' dir='ltr'><strong>unum</strong></span> <span class='ocrx_word' id='word_1_445' title='bbox 734 4333 948 4388; x_wconf 91' lang='lat' dir='ltr'><strong>corpus.</strong></span> <span class='ocrx_word' id='word_1_446' title='bbox 980 4316 1097 4371; x_wconf 87' lang='lat' dir='ltr'><strong>Non</strong></span> <span class='ocrx_word' id='word_1_447' title='bbox 1128 4325 1209 4371; x_wconf 81' lang='lat' dir='ltr'><strong>est</strong></span> <span class='ocrx_word' id='word_1_448' title='bbox 1235 4316 1556 4385; x_wconf 90' lang='lat' dir='ltr'><strong>disjunctum</strong></span> <span class='ocrx_word' id='word_1_449' title='bbox 1582 4332 1776 4386; x_wconf 88' lang='lat' dir='ltr'><strong>corpus</strong></span> <span class='ocrx_word' id='word_1_450' title='bbox 1801 4332 1833 4372; x_wconf 89' lang='lat' dir='ltr'><strong>a</strong></span> <span class='ocrx_word' id='word_1_451' title='bbox 1858 4318 1972 4387; x_wconf 85' lang='lat' dir='ltr'><strong>spi-</strong></span> 
     </span>
    </p>
   </div>
   <div class='ocr_carea' id='block_1_55' title="bbox 397 4407 1970 4480">
    <p class='ocr_par' dir='ltr' id='par_1_55' title="bbox 397 4407 1970 4480">
     <span class='ocr_line' id='line_1_56' title="bbox 397 4407 1970 4480; baseline -0.003 -14"><span class='ocrx_word' id='word_1_452' title='bbox 397 4414 499 4467; x_wconf 87' lang='lat' dir='ltr'><strong>ritu</strong></span> <span class='ocrx_word' id='word_1_453' title='bbox 526 4431 539 4468; x_wconf 90' lang='lat'>:</span> <span class='ocrx_word' id='word_1_454' title='bbox 570 4412 769 4480; x_wconf 87' lang='lat' dir='ltr'><strong>alioqui</strong></span> <span class='ocrx_word' id='word_1_455' title='bbox 801 4425 905 4465; x_wconf 92' lang='lat' dir='ltr'><strong>non</strong></span> <span class='ocrx_word' id='word_1_456' title='bbox 937 4407 1093 4464; x_wconf 81' lang='lat' dir='ltr'><strong>fuerit</strong></span> <span class='ocrx_word' id='word_1_457' title='bbox 1116 4422 1328 4479; x_wconf 88' lang='lat' dir='ltr'><strong>corpus.</strong></span> <span class='ocrx_word' id='word_1_458' title='bbox 1355 4407 1465 4463; x_wconf 85' lang='lat' dir='ltr'><strong>Nos</strong></span> <span class='ocrx_word' id='word_1_459' title='bbox 1490 4408 1631 4463; x_wconf 91' lang='lat' dir='ltr'><strong>enim</strong></span> <span class='ocrx_word' id='word_1_460' title='bbox 1658 4408 1893 4464; x_wconf 91' lang='lat' dir='ltr'><strong>solemus</strong></span> <span class='ocrx_word' id='word_1_461' title='bbox 1918 4410 1970 4463; x_wconf 93' lang='lat' dir='ltr'><strong>in</strong></span> 
     </span>
    </p>
   </div>
   <div class='ocr_carea' id='block_1_56' title="bbox 395 4501 1967 4573">
    <p class='ocr_par' dir='ltr' id='par_1_56' title="bbox 395 4501 1967 4573">
     <span class='ocr_line' id='line_1_57' title="bbox 395 4501 1967 4573; baseline -0.003 -13"><span class='ocrx_word' id='word_1_462' title='bbox 395 4506 576 4570; x_wconf 88' lang='lat' dir='ltr'><strong>uuitis,</strong></span> <span class='ocrx_word' id='word_1_463' title='bbox 600 4513 652 4558; x_wconf 94' lang='lat' dir='ltr'><strong>et</strong></span> <span class='ocrx_word' id='word_1_464' title='bbox 675 4519 793 4573; x_wconf 73' lang='lat' dir='ltr'><strong>qua:</strong></span> <span class='ocrx_word' id='word_1_465' title='bbox 813 4503 1033 4557; x_wconf 77' lang='lat' dir='ltr'><strong>multam</strong></span> <span class='ocrx_word' id='word_1_466' title='bbox 1060 4501 1257 4556; x_wconf 90' lang='lat' dir='ltr'><strong>habent</strong></span> <span class='ocrx_word' id='word_1_467' title='bbox 1281 4501 1740 4570; x_wconf 88' lang='lat' dir='ltr'><strong>consequentiam,</strong></span> <span class='ocrx_word' id='word_1_468' title='bbox 1769 4501 1967 4569; x_wconf 88' lang='lat' dir='ltr'><strong>dicere,</strong></span> 
     </span>
    </p>
   </div>
   <div class='ocr_carea' id='block_1_57' title="bbox 392 4594 1970 4665">
    <p class='ocr_par' dir='ltr' id='par_1_57' title="bbox 392 4594 1970 4665">
     <span class='ocr_line' id='line_1_58' title="bbox 392 4594 1970 4665; baseline -0.002 -13"><span class='ocrx_word' id='word_1_469' title='bbox 392 4600 487 4652; x_wconf 83' lang='lat' dir='ltr'><strong>Est</strong></span> <span class='ocrx_word' id='word_1_470' title='bbox 516 4614 676 4651; x_wconf 89' lang='lat' dir='ltr'><strong>unum</strong></span> <span class='ocrx_word' id='word_1_471' title='bbox 707 4612 920 4665; x_wconf 84' lang='lat' dir='ltr'><strong>corpus.</strong></span> <span class='ocrx_word' id='word_1_472' title='bbox 953 4596 1026 4649; x_wconf 89' lang='lat' dir='ltr'><strong>lta</strong></span> <span class='ocrx_word' id='word_1_473' title='bbox 1056 4596 1213 4648; x_wconf 90' lang='lat' dir='ltr'><strong>etiam</strong></span> <span class='ocrx_word' id='word_1_474' title='bbox 1242 4609 1340 4648; x_wconf 91' lang='lat' dir='ltr'><strong>nos</strong></span> <span class='ocrx_word' id='word_1_475' title='bbox 1366 4594 1416 4648; x_wconf 90' lang='lat' dir='ltr'><strong>iu</strong></span> <span class='ocrx_word' id='word_1_476' title='bbox 1446 4595 1640 4650; x_wconf 89' lang='lat' dir='ltr'><strong>unione</strong></span> <span class='ocrx_word' id='word_1_477' title='bbox 1677 4595 1970 4664; x_wconf 91' lang='lat' dir='ltr'><strong>accipimus</strong></span> 
     </span>
    </p>
   </div>
   <div class='ocr_carea' id='block_1_58' title="bbox 392 4685 1969 4758">
    <p class='ocr_par' dir='ltr' id='par_1_58' title="bbox 392 4685 1969 4758">
     <span class='ocr_line' id='line_1_59' title="bbox 392 4685 1969 4758; baseline -0.001 -18"><span class='ocrx_word' id='word_1_478' title='bbox 392 4704 556 4743; x_wconf 89' lang='lat' dir='ltr'><strong>unum</strong></span> <span class='ocrx_word' id='word_1_479' title='bbox 587 4703 783 4758; x_wconf 88' lang='lat' dir='ltr'><strong>corpus</strong></span> <span class='ocrx_word' id='word_1_480' title='bbox 812 4702 917 4741; x_wconf 91' lang='lat' dir='ltr'><strong>uno</strong></span> <span class='ocrx_word' id='word_1_481' title='bbox 939 4686 1131 4755; x_wconf 88' lang='lat' dir='ltr'><strong>capite.</strong></span> <span class='ocrx_word' id='word_1_482' title='bbox 1156 4685 1212 4741; x_wconf 92' lang='lat' dir='ltr'><strong>Si</strong></span> <span class='ocrx_word' id='word_1_483' title='bbox 1240 4694 1323 4740; x_wconf 92' lang='lat' dir='ltr'><strong>est</strong></span> <span class='ocrx_word' id='word_1_484' title='bbox 1344 4694 1519 4740; x_wconf 89' lang='lat' dir='ltr'><strong>autem</strong></span> <span class='ocrx_word' id='word_1_485' title='bbox 1550 4702 1709 4740; x_wconf 91' lang='lat' dir='ltr'><strong>unum</strong></span> <span class='ocrx_word' id='word_1_486' title='bbox 1732 4695 1890 4756; x_wconf 91' lang='lat' dir='ltr'><strong>caput</strong></span> <span class='ocrx_word' id='word_1_487' title='bbox 1915 4696 1969 4741; x_wconf 89' lang='lat' dir='ltr'><strong>et</strong></span> 
     </span>
    </p>
   </div>
   <div class='ocr_carea' id='block_1_59' title="bbox 394 4776 1971 4847">
    <p class='ocr_par' dir='ltr' id='par_1_59' title="bbox 394 4776 1971 4847">
     <span class='ocr_line' id='line_1_60' title="bbox 394 4776 1971 4847; baseline -0.001 -14"><span class='ocrx_word' id='word_1_488' title='bbox 394 4796 556 4834; x_wconf 91' lang='lat' dir='ltr'><strong>unum</strong></span> <span class='ocrx_word' id='word_1_489' title='bbox 583 4792 799 4847; x_wconf 91' lang='lat' dir='ltr'><strong>corpus,</strong></span> <span class='ocrx_word' id='word_1_490' title='bbox 827 4785 1039 4832; x_wconf 88' lang='lat' dir='ltr'><strong>constat</strong></span> <span class='ocrx_word' id='word_1_491' title='bbox 1064 4791 1258 4847; x_wconf 87' lang='lat' dir='ltr'><strong>corpus</strong></span> <span class='ocrx_word' id='word_1_492' title='bbox 1278 4792 1344 4833; x_wconf 82' lang='lat' dir='ltr'><strong>ex</strong></span> <span class='ocrx_word' id='word_1_493' title='bbox 1368 4777 1624 4832; x_wconf 87' lang='lat' dir='ltr'><strong>membris</strong></span> <span class='ocrx_word' id='word_1_494' title='bbox 1647 4776 1887 4833; x_wconf 89' lang='lat' dir='ltr'><strong>honestis</strong></span> <span class='ocrx_word' id='word_1_495' title='bbox 1916 4787 1971 4831; x_wconf 92' lang='lat' dir='ltr'><strong>et</strong></span> 
     </span>
    </p>
   </div>
   <div class='ocr_carea' id='block_1_60' title="bbox 390 4868 1970 4939">
    <p class='ocr_par' dir='ltr' id='par_1_60' title="bbox 390 4868 1970 4939">
     <span class='ocr_line' id='line_1_61' title="bbox 390 4868 1970 4939; baseline -0.005 -12"><span class='ocrx_word' id='word_1_496' title='bbox 390 4889 497 4927; x_wconf 89' lang='lat' dir='ltr'><strong>non</strong></span> <span class='ocrx_word' id='word_1_497' title='bbox 528 4871 785 4926; x_wconf 87' lang='lat' dir='ltr'><strong>honestis.</strong></span> <span class='ocrx_word' id='word_1_498' title='bbox 813 4869 1077 4923; x_wconf 83' lang='lat' dir='ltr'><strong>Caeterum</strong></span> <span class='ocrx_word' id='word_1_499' title='bbox 1118 4883 1293 4939; x_wconf 88' lang='lat' dir='ltr'><strong>neque</strong></span> <span class='ocrx_word' id='word_1_500' title='bbox 1322 4869 1376 4922; x_wconf 91' lang='lat' dir='ltr'><strong>in</strong></span> <span class='ocrx_word' id='word_1_501' title='bbox 1406 4868 1718 4922; x_wconf 89' lang='lat' dir='ltr'><strong>vilissimum</strong></span> <span class='ocrx_word' id='word_1_502' title='bbox 1747 4868 1970 4938; x_wconf 87' lang='lat' dir='ltr'><strong>insurgit</strong></span> 
     </span>
    </p>
   </div>
   <div class='ocr_carea' id='block_1_61' title="bbox 389 4959 1965 5035">
    <p class='ocr_par' dir='ltr' id='par_1_61' title="bbox 389 4959 1965 5035">
     <span class='ocr_line' id='line_1_62' title="bbox 389 4959 1965 5035; baseline -0.006 -14"><span class='ocrx_word' id='word_1_503' title='bbox 389 4966 443 5021; x_wconf 97' lang='lat' dir='ltr'><strong>id</strong></span> <span class='ocrx_word' id='word_1_504' title='bbox 472 4963 615 5035; x_wconf 88' lang='lat' dir='ltr'><strong>quod</strong></span> <span class='ocrx_word' id='word_1_505' title='bbox 639 4972 722 5018; x_wconf 91' lang='lat' dir='ltr'><strong>est</strong></span> <span class='ocrx_word' id='word_1_506' title='bbox 748 4961 940 5032; x_wconf 89' lang='lat' dir='ltr'><strong>majus,</strong></span> <span class='ocrx_word' id='word_1_507' title='bbox 989 4976 1160 5029; x_wconf 86' lang='lat' dir='ltr'><strong>neque</strong></span> <span class='ocrx_word' id='word_1_508' title='bbox 1197 4959 1325 5014; x_wconf 90' lang='lat' dir='ltr'><strong>illud</strong></span> <span class='ocrx_word' id='word_1_509' title='bbox 1371 4959 1496 5014; x_wconf 90' lang='lat' dir='ltr'><strong>huic</strong></span> <span class='ocrx_word' id='word_1_510' title='bbox 1537 4959 1757 5013; x_wconf 89' lang='lat' dir='ltr'><strong>invidet.</strong></span> <span class='ocrx_word' id='word_1_511' title='bbox 1808 4960 1965 5030; x_wconf 88' lang='lat' dir='ltr'><strong>Atqui</strong></span> 
     </span>
    </p>
   </div>
   <div class='ocr_carea' id='block_1_62' title="bbox 392 5050 1966 5113">
    <p class='ocr_par' dir='ltr' id='par_1_62' title="bbox 392 5050 1966 5113">
     <span class='ocr_line' id='line_1_63' title="bbox 392 5050 1966 5113; baseline -0.006 0"><span class='ocrx_word' id='word_1_512' title='bbox 392 5074 497 5113; x_wconf 89' lang='lat' dir='ltr'><strong>non</strong></span> <span class='ocrx_word' id='word_1_513' title='bbox 527 5056 772 5112; x_wconf 89' lang='lat' dir='ltr'><strong>eumdem</strong></span> <span class='ocrx_word' id='word_1_514' title='bbox 811 5070 965 5108; x_wconf 90' lang='lat' dir='ltr'><strong>usum</strong></span> <span class='ocrx_word' id='word_1_515' title='bbox 1010 5068 1106 5106; x_wconf 88' lang='lat' dir='ltr'><strong>nec</strong></span> <span class='ocrx_word' id='word_1_516' title='bbox 1144 5051 1386 5107; x_wconf 89' lang='lat' dir='ltr'><strong>eamdem</strong></span> <span class='ocrx_word' id='word_1_517' title='bbox 1431 5050 1757 5105; x_wconf 75' lang='lat' dir='ltr'><strong>iunctionem</strong></span> <span class='ocrx_word' id='word_1_518' title='bbox 1790 5052 1966 5104; x_wconf 88' lang='lat' dir='ltr'><strong>omnia</strong></span> 
     </span>
    </p>
   </div>
   <div class='ocr_carea' id='block_1_63' title="bbox 386 5144 1967 5215">
    <p class='ocr_par' dir='ltr' id='par_1_63' title="bbox 386 5144 1967 5215">
     <span class='ocr_line' id='line_1_64' title="bbox 386 5144 1967 5215; baseline -0.004 -8"><span class='ocrx_word' id='word_1_519' title='bbox 386 5153 637 5215; x_wconf 70' lang='lat' dir='ltr'><strong>alterunt,</strong></span> <span class='ocrx_word' id='word_1_520' title='bbox 687 5148 782 5204; x_wconf 88' lang='lat' dir='ltr'><strong>sed</strong></span> <span class='ocrx_word' id='word_1_521' title='bbox 829 5147 1209 5202; x_wconf 90' lang='lat' dir='ltr'><strong>convenienter</strong></span> <span class='ocrx_word' id='word_1_522' title='bbox 1247 5144 1436 5199; x_wconf 89' lang='lat' dir='ltr'><strong>rationi</strong></span> <span class='ocrx_word' id='word_1_523' title='bbox 1486 5145 1820 5200; x_wconf 88' lang='lat' dir='ltr'><strong>necessitatis</strong></span> <span class='ocrx_word' id='word_1_524' title='bbox 1858 5163 1871 5197; x_wconf 95' lang='lat'>:</span> <span class='ocrx_word' id='word_1_525' title='bbox 1913 5156 1967 5201; x_wconf 89' lang='lat' dir='ltr'><strong>et</strong></span> 
     </span>
    </p>
   </div>
   <div class='ocr_carea' id='block_1_64' title="bbox 386 5237 1963 5317">
    <p class='ocr_par' dir='ltr' id='par_1_64' title="bbox 386 5237 1963 5317">
     <span class='ocr_line' id='line_1_65' title="bbox 386 5237 1963 5317; baseline -0.006 -17"><span class='ocrx_word' id='word_1_526' title='bbox 386 5247 513 5317; x_wconf 85' lang='lat' dir='ltr'><strong>quia</strong></span> <span class='ocrx_word' id='word_1_527' title='bbox 541 5245 672 5299; x_wconf 76' lang='lat' dir='ltr'><strong>facta</strong></span> <span class='ocrx_word' id='word_1_528' title='bbox 702 5250 823 5298; x_wconf 89' lang='lat' dir='ltr'><strong>sunt</strong></span> <span class='ocrx_word' id='word_1_529' title='bbox 853 5240 1028 5294; x_wconf 89' lang='lat' dir='ltr'><strong>omnia</strong></span> <span class='ocrx_word' id='word_1_530' title='bbox 1054 5238 1359 5293; x_wconf 90' lang='lat' dir='ltr'><strong>necessario</strong></span> <span class='ocrx_word' id='word_1_531' title='bbox 1384 5246 1437 5292; x_wconf 90' lang='lat' dir='ltr'><strong>et</strong></span> <span class='ocrx_word' id='word_1_532' title='bbox 1461 5237 1527 5291; x_wconf 90' lang='lat' dir='ltr'><strong>ad</strong></span> <span class='ocrx_word' id='word_1_533' title='bbox 1547 5237 1790 5293; x_wconf 83' lang='lat' dir='ltr'><strong>diversos</strong></span> <span class='ocrx_word' id='word_1_534' title='bbox 1816 5252 1963 5303; x_wconf 90' lang='lat' dir='ltr'><strong>usus,</strong></span> 
     </span>
    </p>
   </div>
   <div class='ocr_carea' id='block_1_65' title="bbox 384 5329 1964 5399">
    <p class='ocr_par' dir='ltr' id='par_1_65' title="bbox 384 5329 1964 5399">
     <span class='ocr_line' id='line_1_66' title="bbox 384 5329 1964 5399; baseline -0.003 -10"><span class='ocrx_word' id='word_1_535' title='bbox 384 5337 567 5391; x_wconf 89' lang='lat' dir='ltr'><strong>omnia</strong></span> <span class='ocrx_word' id='word_1_536' title='bbox 613 5346 738 5390; x_wconf 88' lang='lat' dir='ltr'><strong>sunt</strong></span> <span class='ocrx_word' id='word_1_537' title='bbox 782 5334 984 5387; x_wconf 90' lang='lat' dir='ltr'><strong>honore</strong></span> <span class='ocrx_word' id='word_1_538' title='bbox 1014 5332 1180 5399; x_wconf 87' lang='lat' dir='ltr'><strong>paria.</strong></span> <span class='ocrx_word' id='word_1_539' title='bbox 1223 5329 1360 5385; x_wconf 89' lang='lat' dir='ltr'><strong>Sunt</strong></span> <span class='ocrx_word' id='word_1_540' title='bbox 1396 5339 1572 5384; x_wconf 88' lang='lat' dir='ltr'><strong>autem</strong></span> <span class='ocrx_word' id='word_1_541' title='bbox 1612 5329 1715 5384; x_wconf 90' lang='lat' dir='ltr'><strong>alia</strong></span> <span class='ocrx_word' id='word_1_542' title='bbox 1751 5329 1964 5399; x_wconf 88' lang='lat' dir='ltr'><strong>quidem</strong></span> 
     </span>
    </p>
   </div>
   <div class='ocr_carea' id='block_1_66' title="bbox 385 5420 1959 5498">
    <p class='ocr_par' dir='ltr' id='par_1_66' title="bbox 385 5420 1959 5498">
     <span class='ocr_line' id='line_1_67' title="bbox 385 5420 1959 5498; baseline -0.004 -17"><span class='ocrx_word' id='word_1_543' title='bbox 385 5427 845 5498; x_wconf 59' lang='lat' dir='ltr'><strong>praestantissima,</strong></span> <span class='ocrx_word' id='word_1_544' title='bbox 876 5432 928 5479; x_wconf 87' lang='lat' dir='ltr'><strong>et</strong></span> <span class='ocrx_word' id='word_1_545' title='bbox 952 5438 1070 5493; x_wconf 74' lang='lat' dir='ltr'><strong>quae</strong></span> <span class='ocrx_word' id='word_1_546' title='bbox 1098 5423 1327 5476; x_wconf 89' lang='lat' dir='ltr'><strong>maxime</strong></span> <span class='ocrx_word' id='word_1_547' title='bbox 1346 5420 1676 5475; x_wconf 89' lang='lat' dir='ltr'><strong>dominatum</strong></span> <span class='ocrx_word' id='word_1_548' title='bbox 1697 5421 1959 5486; x_wconf 90' lang='lat' dir='ltr'><strong>obtinent,</strong></span> 
     </span>
    </p>
   </div>
   <div class='ocr_carea' id='block_1_67' title="bbox 353 5506 1960 5583">
    <p class='ocr_par' dir='ltr' id='par_1_67' title="bbox 353 5506 1960 5583">
     <span class='ocr_line' id='line_1_68' title="bbox 353 5506 1960 5583; baseline -0.007 -7"><span class='ocrx_word' id='word_1_549' title='bbox 353 5506 487 5576; x_wconf 69' lang='lat' dir='ltr'><strong>lalia</strong></span> <span class='ocrx_word' id='word_1_550' title='bbox 518 5531 646 5572; x_wconf 90' lang='lat' dir='ltr'><strong>vero</strong></span> <span class='ocrx_word' id='word_1_551' title='bbox 676 5517 852 5571; x_wconf 91' lang='lat' dir='ltr'><strong>minus</strong></span> <span class='ocrx_word' id='word_1_552' title='bbox 885 5532 899 5567; x_wconf 90' lang='lat'>:</span> <span class='ocrx_word' id='word_1_553' title='bbox 934 5525 991 5568; x_wconf 93' lang='lat' dir='ltr'><strong>ut</strong></span> <span class='ocrx_word' id='word_1_554' title='bbox 1032 5524 1191 5583; x_wconf 90' lang='lat' dir='ltr'><strong>caput</strong></span> <span class='ocrx_word' id='word_1_555' title='bbox 1233 5520 1316 5566; x_wconf 89' lang='lat' dir='ltr'><strong>est</strong></span> <span class='ocrx_word' id='word_1_556' title='bbox 1360 5512 1520 5566; x_wconf 90' lang='lat' dir='ltr'><strong>totius</strong></span> <span class='ocrx_word' id='word_1_557' title='bbox 1552 5511 1795 5581; x_wconf 89' lang='lat' dir='ltr'><strong>corporis</strong></span> <span class='ocrx_word' id='word_1_558' title='bbox 1826 5526 1960 5580; x_wconf 80' lang='lat' dir='ltr'><strong>prae-</strong></span> 
     </span>
    </p>
   </div>
   <div class='ocr_carea' id='block_1_68' title="bbox 384 5604 1962 5677">
    <p class='ocr_par' dir='ltr' id='par_1_68' title="bbox 384 5604 1962 5677">
     <span class='ocr_line' id='line_1_69' title="bbox 384 5604 1962 5677; baseline -0.004 -14"><span class='ocrx_word' id='word_1_559' title='bbox 384 5609 772 5664; x_wconf 84' lang='lat' dir='ltr'><strong>stantissimum</strong></span> <span class='ocrx_word' id='word_1_560' title='bbox 804 5622 854 5664; x_wconf 84' lang='lat' dir='ltr'><strong>et</strong></span> <span class='ocrx_word' id='word_1_561' title='bbox 883 5607 1052 5677; x_wconf 87' lang='lat' dir='ltr'><strong>magis</strong></span> <span class='ocrx_word' id='word_1_562' title='bbox 1078 5606 1408 5660; x_wconf 88' lang='lat' dir='ltr'><strong>dominatum</strong></span> <span class='ocrx_word' id='word_1_563' title='bbox 1440 5604 1707 5670; x_wconf 92' lang='lat' dir='ltr'><strong>obtinens,</strong></span> <span class='ocrx_word' id='word_1_564' title='bbox 1734 5613 1790 5658; x_wconf 93' lang='lat' dir='ltr'><strong>ut</strong></span> <span class='ocrx_word' id='word_1_565' title='bbox 1822 5604 1962 5673; x_wconf 90' lang='lat' dir='ltr'><strong>quod</strong></span> 
     </span>
    </p>
   </div>
   <div class='ocr_carea' id='block_1_69' title="bbox 385 5697 1961 5767">
    <p class='ocr_par' dir='ltr' id='par_1_69' title="bbox 385 5697 1961 5767">
     <span class='ocr_line' id='line_1_70' title="bbox 385 5697 1961 5767; baseline -0.004 -10"><span class='ocrx_word' id='word_1_566' title='bbox 385 5704 441 5758; x_wconf 89' lang='lat' dir='ltr'><strong>in</strong></span> <span class='ocrx_word' id='word_1_567' title='bbox 476 5720 535 5757; x_wconf 75' lang='lat' dir='ltr'><strong>se</strong></span> <span class='ocrx_word' id='word_1_568' title='bbox 573 5702 767 5757; x_wconf 84' lang='lat' dir='ltr'><strong>habeat</strong></span> <span class='ocrx_word' id='word_1_569' title='bbox 800 5716 992 5756; x_wconf 88' lang='lat' dir='ltr'><strong>omnes</strong></span> <span class='ocrx_word' id='word_1_570' title='bbox 1018 5714 1210 5756; x_wconf 85' lang='lat' dir='ltr'><strong>sensus</strong></span> <span class='ocrx_word' id='word_1_571' title='bbox 1248 5708 1302 5754; x_wconf 90' lang='lat' dir='ltr'><strong>et</strong></span> <span class='ocrx_word' id='word_1_572' title='bbox 1329 5698 1524 5753; x_wconf 67' lang='lat' dir='ltr'><strong>anima:</strong></span> <span class='ocrx_word' id='word_1_573' title='bbox 1566 5697 1915 5767; x_wconf 87' lang='lat' dir='ltr'><strong>principatum</strong></span> <span class='ocrx_word' id='word_1_574' title='bbox 1946 5717 1961 5751; x_wconf 86' lang='lat'><strong><em>:</em></strong></span> 
     </span>
    </p>
   </div>
   <div class='ocr_carea' id='block_1_70' title="bbox 385 5788 1949 5865">
    <p class='ocr_par' dir='ltr' id='par_1_70' title="bbox 385 5788 1949 5865">
     <span class='ocr_line' id='line_1_71' title="bbox 385 5788 1949 5865; baseline -0.004 -16"><span class='ocrx_word' id='word_1_575' title='bbox 385 5811 555 5865; x_wconf 82' lang='lat' dir='ltr'><strong>neque</strong></span> <span class='ocrx_word' id='word_1_576' title='bbox 583 5794 781 5865; x_wconf 90' lang='lat' dir='ltr'><strong>absque</strong></span> <span class='ocrx_word' id='word_1_577' title='bbox 807 5794 976 5863; x_wconf 85' lang='lat' dir='ltr'><strong>capite</strong></span> <span class='ocrx_word' id='word_1_578' title='bbox 1008 5793 1105 5848; x_wconf 83' lang='lat' dir='ltr'><strong>vivi</strong></span> <span class='ocrx_word' id='word_1_579' title='bbox 1144 5801 1348 5863; x_wconf 85' lang='lat' dir='ltr'><strong>potest;</strong></span> <span class='ocrx_word' id='word_1_580' title='bbox 1381 5788 1602 5860; x_wconf 89' lang='lat' dir='ltr'><strong>pedibus</strong></span> <span class='ocrx_word' id='word_1_581' title='bbox 1627 5798 1804 5844; x_wconf 90' lang='lat' dir='ltr'><strong>autem</strong></span> <span class='ocrx_word' id='word_1_582' title='bbox 1835 5804 1949 5843; x_wconf 87' lang='lat' dir='ltr'><strong>am-</strong></span> 
     </span>
    </p>
   </div>
   <div class='ocr_carea' id='block_1_71' title="bbox 2093 1838 3672 1924">
    <p class='ocr_par' dir='ltr' id='par_1_71' title="bbox 2093 1838 3672 1924">
     <span class='ocr_line' id='line_1_72' title="bbox 2093 1838 3672 1924; baseline 0.011 -32"><span class='ocrx_word' id='word_1_583' title='bbox 2093 1838 2292 1908; x_wconf 80' lang='lat' dir='ltr'><strong>putatis</strong></span> <span class='ocrx_word' id='word_1_584' title='bbox 2322 1840 2473 1894; x_wconf 91' lang='lat' dir='ltr'><strong>multi</strong></span> <span class='ocrx_word' id='word_1_585' title='bbox 2502 1841 2744 1897; x_wconf 80' lang='lat' dir='ltr'><strong>vixerunt</strong></span> <span class='ocrx_word' id='word_1_586' title='bbox 2781 1843 2939 1914; x_wconf 90' lang='lat' dir='ltr'><strong>longo</strong></span> <span class='ocrx_word' id='word_1_587' title='bbox 2981 1854 3238 1917; x_wconf 91' lang='lat' dir='ltr'><strong>tempore.</strong></span> <span class='ocrx_word' id='word_1_588' title='bbox 3270 1849 3367 1906; x_wconf 91' lang='lat' dir='ltr'><strong>Est</strong></span> <span class='ocrx_word' id='word_1_589' title='bbox 3402 1852 3581 1924; x_wconf 88' lang='lat' dir='ltr'><strong>itaque</strong></span> <span class='ocrx_word' id='word_1_590' title='bbox 3618 1854 3672 1911; x_wconf 90' lang='lat' dir='ltr'><strong>id</strong></span> 
     </span>
    </p>
   </div>
   <div class='ocr_carea' id='block_1_72' title="bbox 2092 1929 3673 2014">
    <p class='ocr_par' dir='ltr' id='par_1_72' title="bbox 2092 1929 3673 2014">
     <span class='ocr_line' id='line_1_73' title="bbox 2092 1929 3673 2014; baseline 0.012 -31"><span class='ocrx_word' id='word_1_591' title='bbox 2092 1929 2196 1985; x_wconf 89' lang='lat' dir='ltr'><strong>illis</strong></span> <span class='ocrx_word' id='word_1_592' title='bbox 2223 1945 2327 1985; x_wconf 92' lang='lat' dir='ltr'><strong>non</strong></span> <span class='ocrx_word' id='word_1_593' title='bbox 2355 1932 2524 1986; x_wconf 89' lang='lat' dir='ltr'><strong>solum</strong></span> <span class='ocrx_word' id='word_1_594' title='bbox 2550 1934 2655 1988; x_wconf 89' lang='lat' dir='ltr'><strong>situ</strong></span> <span class='ocrx_word' id='word_1_595' title='bbox 2677 1939 3035 2004; x_wconf 83' lang='lat' dir='ltr'><strong>praestantius,</strong></span> <span class='ocrx_word' id='word_1_596' title='bbox 3060 1940 3155 1995; x_wconf 91' lang='lat' dir='ltr'><strong>sed</strong></span> <span class='ocrx_word' id='word_1_597' title='bbox 3176 1943 3334 1997; x_wconf 90' lang='lat' dir='ltr'><strong>etiam</strong></span> <span class='ocrx_word' id='word_1_598' title='bbox 3365 1946 3673 2014; x_wconf 86' lang='lat' dir='ltr'><strong>operatione</strong></span> 
     </span>
    </p>
   </div>
   <div class='ocr_carea' id='block_1_73' title="bbox 2091 2023 3670 2109">
    <p class='ocr_par' dir='ltr' id='par_1_73' title="bbox 2091 2023 3670 2109">
     <span class='ocr_line' id='line_1_74' title="bbox 2091 2023 3670 2109; baseline 0.013 -32"><span class='ocrx_word' id='word_1_599' title='bbox 2091 2032 2147 2078; x_wconf 91' lang='lat' dir='ltr'><strong>et</strong></span> <span class='ocrx_word' id='word_1_600' title='bbox 2173 2023 2382 2079; x_wconf 87' lang='lat' dir='ltr'><strong>ordine.</strong></span> <span class='ocrx_word' id='word_1_601' title='bbox 2411 2024 2589 2093; x_wconf 91' lang='lat' dir='ltr'><strong>Quare</strong></span> <span class='ocrx_word' id='word_1_602' title='bbox 2624 2026 2726 2082; x_wconf 93' lang='lat' dir='ltr'><strong>hoc</strong></span> <span class='ocrx_word' id='word_1_603' title='bbox 2766 2028 2887 2086; x_wconf 92' lang='lat' dir='ltr'><strong>dico</strong></span> <span class='ocrx_word' id='word_1_604' title='bbox 2918 2049 2931 2085; x_wconf 92' lang='lat'>:</span> <span class='ocrx_word' id='word_1_605' title='bbox 2961 2031 3097 2087; x_wconf 91' lang='lat' dir='ltr'><strong>Sunt</strong></span> <span class='ocrx_word' id='word_1_606' title='bbox 3141 2035 3194 2089; x_wconf 90' lang='lat' dir='ltr'><strong>in</strong></span> <span class='ocrx_word' id='word_1_607' title='bbox 3225 2037 3460 2093; x_wconf 84' lang='lat' dir='ltr'><strong>Ecclesia</strong></span> <span class='ocrx_word' id='word_1_608' title='bbox 3498 2041 3670 2109; x_wconf 89' lang='lat' dir='ltr'><strong>multi,</strong></span> 
     </span>
    </p>
   </div>
   <div class='ocr_carea' id='block_1_74' title="bbox 2089 2114 3672 2194">
    <p class='ocr_par' dir='ltr' id='par_1_74' title="bbox 2089 2114 3672 2194">
     <span class='ocr_line' id='line_1_75' title="bbox 2089 2114 3672 2194; baseline 0.014 -27"><span class='ocrx_word' id='word_1_609' title='bbox 2089 2114 2181 2183; x_wconf 94' lang='lat' dir='ltr'><strong>qui</strong></span> <span class='ocrx_word' id='word_1_610' title='bbox 2206 2127 2331 2169; x_wconf 91' lang='lat' dir='ltr'><strong>sunt</strong></span> <span class='ocrx_word' id='word_1_611' title='bbox 2367 2115 2420 2170; x_wconf 92' lang='lat' dir='ltr'><strong>in</strong></span> <span class='ocrx_word' id='word_1_612' title='bbox 2450 2117 2614 2172; x_wconf 88' lang='lat' dir='ltr'><strong>altum</strong></span> <span class='ocrx_word' id='word_1_613' title='bbox 2657 2122 2844 2189; x_wconf 90' lang='lat' dir='ltr'><strong>erecti,</strong></span> <span class='ocrx_word' id='word_1_614' title='bbox 2879 2130 2936 2176; x_wconf 93' lang='lat' dir='ltr'><strong>ut</strong></span> <span class='ocrx_word' id='word_1_615' title='bbox 2971 2134 3152 2194; x_wconf 88' lang='lat' dir='ltr'><strong>caput,</strong></span> <span class='ocrx_word' id='word_1_616' title='bbox 3182 2128 3582 2187; x_wconf 87' lang='lat' dir='ltr'><strong>considerantes</strong></span> <span class='ocrx_word' id='word_1_617' title='bbox 3615 2142 3672 2189; x_wconf 89' lang='lat' dir='ltr'><strong>et</strong></span> 
     </span>
    </p>
   </div>
   <div class='ocr_carea' id='block_1_75' title="bbox 2089 2208 3668 2290">
    <p class='ocr_par' dir='ltr' id='par_1_75' title="bbox 2089 2208 3668 2290">
     <span class='ocr_line' id='line_1_76' title="bbox 2089 2208 3668 2290; baseline 0.013 -31"><span class='ocrx_word' id='word_1_618' title='bbox 2089 2208 2428 2275; x_wconf 87' lang='lat' dir='ltr'><strong>speculantes</strong></span> <span class='ocrx_word' id='word_1_619' title='bbox 2454 2210 2706 2277; x_wconf 67' lang='lat' dir='ltr'><strong>eteleslia,</strong></span> <span class='ocrx_word' id='word_1_620' title='bbox 2752 2214 2889 2268; x_wconf 87' lang='lat' dir='ltr'><strong>sicut</strong></span> <span class='ocrx_word' id='word_1_621' title='bbox 2931 2217 3070 2272; x_wconf 91' lang='lat' dir='ltr'><strong>oculi</strong></span> <span class='ocrx_word' id='word_1_622' title='bbox 3115 2219 3167 2273; x_wconf 91' lang='lat' dir='ltr'><strong>in</strong></span> <span class='ocrx_word' id='word_1_623' title='bbox 3210 2221 3406 2290; x_wconf 91' lang='lat' dir='ltr'><strong>capite,</strong></span> <span class='ocrx_word' id='word_1_624' title='bbox 3447 2225 3668 2279; x_wconf 84' lang='lat' dir='ltr'><strong>multum</strong></span> 
     </span>
    </p>
   </div>
   <div class='ocr_carea' id='block_1_76' title="bbox 2088 2299 3670 2374">
    <p class='ocr_par' dir='ltr' id='par_1_76' title="bbox 2088 2299 3670 2374">
     <span class='ocr_line' id='line_1_77' title="bbox 2088 2299 3670 2374; baseline 0.013 -22"><span class='ocrx_word' id='word_1_625' title='bbox 2088 2299 2345 2355; x_wconf 88' lang='lat' dir='ltr'><strong>distantes</strong></span> <span class='ocrx_word' id='word_1_626' title='bbox 2369 2315 2398 2353; x_wconf 89' lang='lat' dir='ltr'><strong>a</strong></span> <span class='ocrx_word' id='word_1_627' title='bbox 2428 2310 2590 2369; x_wconf 88' lang='lat' dir='ltr'><strong>terra,</strong></span> <span class='ocrx_word' id='word_1_628' title='bbox 2625 2311 2681 2357; x_wconf 92' lang='lat' dir='ltr'><strong>et</strong></span> <span class='ocrx_word' id='word_1_629' title='bbox 2718 2305 2807 2374; x_wconf 91' lang='lat' dir='ltr'><strong>qui</strong></span> <span class='ocrx_word' id='word_1_630' title='bbox 2837 2320 2956 2361; x_wconf 93' lang='lat' dir='ltr'><strong>cum</strong></span> <span class='ocrx_word' id='word_1_631' title='bbox 3002 2323 3067 2363; x_wconf 92' lang='lat' dir='ltr'><strong>ea</strong></span> <span class='ocrx_word' id='word_1_632' title='bbox 3105 2310 3237 2365; x_wconf 90' lang='lat' dir='ltr'><strong>nihil</strong></span> <span class='ocrx_word' id='word_1_633' title='bbox 3278 2312 3477 2369; x_wconf 84' lang='lat' dir='ltr'><strong>habent</strong></span> <span class='ocrx_word' id='word_1_634' title='bbox 3520 2330 3670 2371; x_wconf 86' lang='lat' dir='ltr'><strong>com-</strong></span> 
     </span>
    </p>
   </div>
   <div class='ocr_carea' id='block_1_77' title="bbox 2090 2393 3668 2472">
    <p class='ocr_par' dir='ltr' id='par_1_77' title="bbox 2090 2393 3668 2472">
     <span class='ocr_line' id='line_1_78' title="bbox 2090 2393 3668 2472; baseline 0.011 -26"><span class='ocrx_word' id='word_1_635' title='bbox 2090 2408 2250 2448; x_wconf 91' lang='lat' dir='ltr'><strong>mune</strong></span> <span class='ocrx_word' id='word_1_636' title='bbox 2301 2410 2316 2447; x_wconf 91' lang='lat'><strong>:</strong></span> <span class='ocrx_word' id='word_1_637' title='bbox 2373 2393 2462 2448; x_wconf 90' lang='lat' dir='ltr'><strong>alii</strong></span> <span class='ocrx_word' id='word_1_638' title='bbox 2510 2403 2687 2450; x_wconf 91' lang='lat' dir='ltr'><strong>autem</strong></span> <span class='ocrx_word' id='word_1_639' title='bbox 2738 2407 2921 2453; x_wconf 91' lang='lat' dir='ltr'><strong>tenent</strong></span> <span class='ocrx_word' id='word_1_640' title='bbox 2970 2400 3144 2457; x_wconf 88' lang='lat' dir='ltr'><strong>locum</strong></span> <span class='ocrx_word' id='word_1_641' title='bbox 3190 2403 3418 2472; x_wconf 87' lang='lat' dir='ltr'><strong>pedum,</strong></span> <span class='ocrx_word' id='word_1_642' title='bbox 3470 2416 3668 2463; x_wconf 85' lang='lat' dir='ltr'><strong>terram</strong></span> 
     </span>
    </p>
   </div>
   <div class='ocr_carea' id='block_1_78' title="bbox 2087 2486 3668 2569">
    <p class='ocr_par' dir='ltr' id='par_1_78' title="bbox 2087 2486 3668 2569">
     <span class='ocr_line' id='line_1_79' title="bbox 2087 2486 3668 2569; baseline 0.013 -31"><span class='ocrx_word' id='word_1_643' title='bbox 2087 2486 2377 2553; x_wconf 90' lang='lat' dir='ltr'><strong>calcantes,</strong></span> <span class='ocrx_word' id='word_1_644' title='bbox 2416 2486 2511 2543; x_wconf 90' lang='lat' dir='ltr'><strong>sed</strong></span> <span class='ocrx_word' id='word_1_645' title='bbox 2550 2488 2742 2558; x_wconf 89' lang='lat' dir='ltr'><strong>pedum</strong></span> <span class='ocrx_word' id='word_1_646' title='bbox 2786 2505 3057 2549; x_wconf 90' lang='lat' dir='ltr'><strong>sanorum.</strong></span> <span class='ocrx_word' id='word_1_647' title='bbox 3096 2495 3211 2551; x_wconf 88' lang='lat' dir='ltr'><strong>Non</strong></span> <span class='ocrx_word' id='word_1_648' title='bbox 3258 2498 3401 2553; x_wconf 90' lang='lat' dir='ltr'><strong>enim</strong></span> <span class='ocrx_word' id='word_1_649' title='bbox 3446 2500 3668 2569; x_wconf 82' lang='lat' dir='ltr'><strong>pedibus</strong></span> 
     </span>
    </p>
   </div>
   <div class='ocr_carea' id='block_1_79' title="bbox 2088 2577 3665 2659">
    <p class='ocr_par' dir='ltr' id='par_1_79' title="bbox 2088 2577 3665 2659">
     <span class='ocr_line' id='line_1_80' title="bbox 2088 2577 3665 2659; baseline 0.01 -29"><span class='ocrx_word' id='word_1_650' title='bbox 2088 2577 2243 2631; x_wconf 91' lang='lat' dir='ltr'><strong>datur</strong></span> <span class='ocrx_word' id='word_1_651' title='bbox 2267 2579 2396 2633; x_wconf 91' lang='lat' dir='ltr'><strong>vitio</strong></span> <span class='ocrx_word' id='word_1_652' title='bbox 2420 2580 2562 2649; x_wconf 91' lang='lat' dir='ltr'><strong>quod</strong></span> <span class='ocrx_word' id='word_1_653' title='bbox 2592 2590 2786 2636; x_wconf 88' lang='lat' dir='ltr'><strong>terram</strong></span> <span class='ocrx_word' id='word_1_654' title='bbox 2818 2584 3048 2653; x_wconf 89' lang='lat' dir='ltr'><strong>calcent,</strong></span> <span class='ocrx_word' id='word_1_655' title='bbox 3092 2587 3187 2642; x_wconf 89' lang='lat' dir='ltr'><strong>sed</strong></span> <span class='ocrx_word' id='word_1_656' title='bbox 3211 2589 3352 2659; x_wconf 90' lang='lat' dir='ltr'><strong>quod</strong></span> <span class='ocrx_word' id='word_1_657' title='bbox 3375 2591 3441 2646; x_wconf 89' lang='lat' dir='ltr'><strong>ad</strong></span> <span class='ocrx_word' id='word_1_658' title='bbox 3470 2593 3665 2646; x_wconf 82' lang='lat' dir='ltr'><strong>malum</strong></span> 
     </span>
    </p>
   </div>
   <div class='ocr_carea' id='block_1_80' title="bbox 2086 2670 3667 2745">
    <p class='ocr_par' dir='ltr' id='par_1_80' title="bbox 2086 2670 3667 2745">
     <span class='ocr_line' id='line_1_81' title="bbox 2086 2670 3667 2745; baseline 0.011 -22"><span class='ocrx_word' id='word_1_659' title='bbox 2086 2678 2305 2723; x_wconf 85' lang='lat' dir='ltr'><strong>currant</strong></span> <span class='ocrx_word' id='word_1_660' title='bbox 2334 2688 2347 2724; x_wconf 91' lang='lat'><strong>:</strong></span> <span class='ocrx_word' id='word_1_661' title='bbox 2371 2684 2491 2724; x_wconf 89' lang='lat' dir='ltr'><strong>nam</strong></span> <span class='ocrx_word' id='word_1_662' title='bbox 2520 2670 2705 2740; x_wconf 84' lang='lat' dir='ltr'><strong>Pedes,</strong></span> <span class='ocrx_word' id='word_1_663' title='bbox 2735 2675 2923 2745; x_wconf 90' lang='lat' dir='ltr'><strong>inquit,</strong></span> <span class='ocrx_word' id='word_1_664' title='bbox 2946 2693 3121 2731; x_wconf 88' lang='lat' dir='ltr'><strong>eorum</strong></span> <span class='ocrx_word' id='word_1_665' title='bbox 3143 2684 3450 2737; x_wconf 73' lang='lat' dir='ltr'><strong>currunt-ad</strong></span> <span class='ocrx_word' id='word_1_666' title='bbox 3471 2687 3667 2741; x_wconf 86' lang='lat' dir='ltr'><strong>malum</strong></span> 
     </span>
    </p>
   </div>
   <div class='ocr_carea' id='block_1_81' title="bbox 2088 2757 3668 2839">
    <p class='ocr_par' dir='ltr' id='par_1_81' title="bbox 2088 2757 3668 2839">
     <span class='ocr_line' id='line_1_82' title="bbox 2088 2757 3668 2839; baseline 0.015 -28"><span class='ocrx_word' id='word_1_667' title='bbox 2088 2757 2240 2830; x_wconf 90' lang='lat' dir='ltr'><strong>(lsai.</strong></span> <span class='ocrx_word' id='word_1_668' title='bbox 2273 2761 2362 2816; x_wconf 86' lang='lat'><strong>59.</strong></span> <span class='ocrx_word' id='word_1_669' title='bbox 2386 2762 2465 2832; x_wconf 90' lang='lat'><strong>7).</strong></span> <span class='ocrx_word' id='word_1_670' title='bbox 2493 2763 2673 2833; x_wconf 90' lang='lat' dir='ltr'><strong>Neque</strong></span> <span class='ocrx_word' id='word_1_671' title='bbox 2702 2780 2852 2836; x_wconf 89' lang='lat' dir='ltr'><strong>ergo,</strong></span> <span class='ocrx_word' id='word_1_672' title='bbox 2886 2762 3076 2839; x_wconf 80' lang='lat' dir='ltr'><strong>inquit,</strong></span> <span class='ocrx_word' id='word_1_673' title='bbox 3104 2773 3243 2827; x_wconf 90' lang='lat' dir='ltr'><strong>oculi</strong></span> <span class='ocrx_word' id='word_1_674' title='bbox 3264 2776 3587 2833; x_wconf 83' lang='lat' dir='ltr'><strong>extollantur</strong></span> <span class='ocrx_word' id='word_1_675' title='bbox 3612 2790 3668 2836; x_wconf 92' lang='lat' dir='ltr'><strong>et</strong></span> 
     </span>
    </p>
   </div>
   <div class='ocr_carea' id='block_1_82' title="bbox 2086 2851 3667 2935">
    <p class='ocr_par' dir='ltr' id='par_1_82' title="bbox 2086 2851 3667 2935">
     <span class='ocr_line' id='line_1_83' title="bbox 2086 2851 3667 2935; baseline 0.014 -31"><span class='ocrx_word' id='word_1_676' title='bbox 2086 2851 2314 2921; x_wconf 89' lang='lat' dir='ltr'><strong>superbe</strong></span> <span class='ocrx_word' id='word_1_677' title='bbox 2337 2867 2395 2907; x_wconf 92' lang='lat' dir='ltr'><strong>se</strong></span> <span class='ocrx_word' id='word_1_678' title='bbox 2423 2864 2610 2923; x_wconf 86' lang='lat' dir='ltr'><strong>gerant</strong></span> <span class='ocrx_word' id='word_1_679' title='bbox 2635 2855 2892 2913; x_wconf 91' lang='lat' dir='ltr'><strong>adversus</strong></span> <span class='ocrx_word' id='word_1_680' title='bbox 2922 2860 3123 2930; x_wconf 90' lang='lat' dir='ltr'><strong>pedes;</strong></span> <span class='ocrx_word' id='word_1_681' title='bbox 3154 2879 3327 2935; x_wconf 92' lang='lat' dir='ltr'><strong>neque</strong></span> <span class='ocrx_word' id='word_1_682' title='bbox 3347 2868 3507 2934; x_wconf 87' lang='lat' dir='ltr'><strong>pedes</strong></span> <span class='ocrx_word' id='word_1_683' title='bbox 3535 2886 3667 2925; x_wconf 81' lang='lat' dir='ltr'><strong>ocu-</strong></span> 
     </span>
    </p>
   </div>
   <div class='ocr_carea' id='block_1_83' title="bbox 2086 2942 3666 3027">
    <p class='ocr_par' dir='ltr' id='par_1_83' title="bbox 2086 2942 3666 3027">
     <span class='ocr_line' id='line_1_84' title="bbox 2086 2942 3666 3027; baseline 0.014 -33"><span class='ocrx_word' id='word_1_684' title='bbox 2086 2942 2152 2996; x_wconf 91' lang='lat' dir='ltr'><strong>lis</strong></span> <span class='ocrx_word' id='word_1_685' title='bbox 2180 2942 2471 3010; x_wconf 90' lang='lat' dir='ltr'><strong>invideant,</strong></span> <span class='ocrx_word' id='word_1_686' title='bbox 2505 2945 2739 3016; x_wconf 89' lang='lat' dir='ltr'><strong>alioquin</strong></span> <span class='ocrx_word' id='word_1_687' title='bbox 2768 2949 3052 3021; x_wconf 89' lang='lat' dir='ltr'><strong>unicuique</strong></span> <span class='ocrx_word' id='word_1_688' title='bbox 3091 2968 3187 3008; x_wconf 90' lang='lat' dir='ltr'><strong>sua</strong></span> <span class='ocrx_word' id='word_1_689' title='bbox 3227 2958 3437 3027; x_wconf 89' lang='lat' dir='ltr'><strong>propria</strong></span> <span class='ocrx_word' id='word_1_690' title='bbox 3467 2960 3666 3017; x_wconf 83' lang='lat' dir='ltr'><strong>tollitur</strong></span> 
     </span>
    </p>
   </div>
   <div class='ocr_carea' id='block_1_84' title="bbox 2088 3035 3663 3116">
    <p class='ocr_par' dir='ltr' id='par_1_84' title="bbox 2088 3035 3663 3116">
     <span class='ocr_line' id='line_1_85' title="bbox 2088 3035 3663 3116; baseline 0.013 -28"><span class='ocrx_word' id='word_1_691' title='bbox 2088 3035 2444 3103; x_wconf 89' lang='lat' dir='ltr'><strong>pulchritudo,</strong></span> <span class='ocrx_word' id='word_1_692' title='bbox 2478 3048 2533 3094; x_wconf 90' lang='lat' dir='ltr'><strong>et</strong></span> <span class='ocrx_word' id='word_1_693' title='bbox 2560 3054 2687 3095; x_wconf 90' lang='lat' dir='ltr'><strong>suus</strong></span> <span class='ocrx_word' id='word_1_694' title='bbox 2717 3041 2982 3110; x_wconf 83' lang='lat' dir='ltr'><strong>perfectus</strong></span> <span class='ocrx_word' id='word_1_695' title='bbox 3016 3045 3305 3116; x_wconf 91' lang='lat' dir='ltr'><strong>impeditur</strong></span> <span class='ocrx_word' id='word_1_696' title='bbox 3330 3066 3457 3106; x_wconf 90' lang='lat' dir='ltr'><strong>usus</strong></span> <span class='ocrx_word' id='word_1_697' title='bbox 3486 3062 3541 3108; x_wconf 91' lang='lat' dir='ltr'><strong>et</strong></span> <span class='ocrx_word' id='word_1_698' title='bbox 3569 3069 3663 3110; x_wconf 86' lang='lat' dir='ltr'><strong>sua</strong></span> 
     </span>
    </p>
   </div>
   <div class='ocr_carea' id='block_1_85' title="bbox 2089 3127 3660 3214">
    <p class='ocr_par' dir='ltr' id='par_1_85' title="bbox 2089 3127 3660 3214">
     <span class='ocr_line' id='line_1_86' title="bbox 2089 3127 3660 3214; baseline 0.014 -35"><span class='ocrx_word' id='word_1_699' title='bbox 2089 3127 2286 3183; x_wconf 82' lang='lat' dir='ltr'><strong>{unctio</strong></span> <span class='ocrx_word' id='word_1_700' title='bbox 2306 3147 2319 3181; x_wconf 91' lang='lat'><strong>:</strong></span> <span class='ocrx_word' id='word_1_701' title='bbox 2345 3139 2397 3185; x_wconf 91' lang='lat' dir='ltr'><strong>et</strong></span> <span class='ocrx_word' id='word_1_702' title='bbox 2411 3131 2531 3200; x_wconf 88' lang='lat' dir='ltr'><strong>jure</strong></span> <span class='ocrx_word' id='word_1_703' title='bbox 2548 3132 2598 3186; x_wconf 93' lang='lat' dir='ltr'><strong>id</strong></span> <span class='ocrx_word' id='word_1_704' title='bbox 2618 3132 2811 3188; x_wconf 90' lang='lat' dir='ltr'><strong>dicitur</strong></span> <span class='ocrx_word' id='word_1_705' title='bbox 2831 3155 2845 3189; x_wconf 90' lang='lat'>:</span> <span class='ocrx_word' id='word_1_706' title='bbox 2866 3151 2985 3190; x_wconf 90' lang='lat' dir='ltr'><strong>nam</strong></span> <span class='ocrx_word' id='word_1_707' title='bbox 3004 3128 3093 3207; x_wconf 90' lang='lat' dir='ltr'><strong>qui</strong></span> <span class='ocrx_word' id='word_1_708' title='bbox 3109 3140 3385 3197; x_wconf 90' lang='lat' dir='ltr'><strong>insidiatur</strong></span> <span class='ocrx_word' id='word_1_709' title='bbox 3400 3147 3660 3214; x_wconf 86' lang='lat' dir='ltr'><strong>proximo,</strong></span> 
     </span>
    </p>
   </div>
   <div class='ocr_carea' id='block_1_86' title="bbox 2086 3222 3658 3311">
    <p class='ocr_par' dir='ltr' id='par_1_86' title="bbox 2086 3222 3658 3311">
     <span class='ocr_line' id='line_1_87' title="bbox 2086 3222 3658 3311; baseline 0.012 -36"><span class='ocrx_word' id='word_1_710' title='bbox 2086 3222 2185 3276; x_wconf 92' lang='lat' dir='ltr'><strong>sibi</strong></span> <span class='ocrx_word' id='word_1_711' title='bbox 2218 3224 2444 3290; x_wconf 92' lang='lat' dir='ltr'><strong>primum</strong></span> <span class='ocrx_word' id='word_1_712' title='bbox 2472 3234 2624 3294; x_wconf 87' lang='lat' dir='ltr'><strong>parat</strong></span> <span class='ocrx_word' id='word_1_713' title='bbox 2652 3226 2890 3282; x_wconf 88' lang='lat' dir='ltr'><strong>insidias.</strong></span> <span class='ocrx_word' id='word_1_714' title='bbox 2918 3228 2973 3284; x_wconf 90' lang='lat' dir='ltr'><strong>Si</strong></span> <span class='ocrx_word' id='word_1_715' title='bbox 2998 3246 3123 3301; x_wconf 89' lang='lat' dir='ltr'><strong>ergo</strong></span> <span class='ocrx_word' id='word_1_716' title='bbox 3136 3233 3306 3302; x_wconf 85' lang='lat' dir='ltr'><strong>pedes</strong></span> <span class='ocrx_word' id='word_1_717' title='bbox 3333 3236 3502 3291; x_wconf 89' lang='lat' dir='ltr'><strong>nolint</strong></span> <span class='ocrx_word' id='word_1_718' title='bbox 3528 3253 3658 3311; x_wconf 86' lang='lat' dir='ltr'><strong>por-</strong></span> 
     </span>
    </p>
   </div>
   <div class='ocr_carea' id='block_1_87' title="bbox 2087 3316 3660 3399">
    <p class='ocr_par' dir='ltr' id='par_1_87' title="bbox 2087 3316 3660 3399">
     <span class='ocr_line' id='line_1_88' title="bbox 2087 3316 3660 3399; baseline 0.013 -34"><span class='ocrx_word' id='word_1_719' title='bbox 2087 3321 2198 3367; x_wconf 89' lang='lat' dir='ltr'><strong>tare</strong></span> <span class='ocrx_word' id='word_1_720' title='bbox 2226 3322 2383 3382; x_wconf 88' lang='lat' dir='ltr'><strong>caput</strong></span> <span class='ocrx_word' id='word_1_721' title='bbox 2430 3330 2552 3369; x_wconf 92' lang='lat' dir='ltr'><strong>cum</strong></span> <span class='ocrx_word' id='word_1_722' title='bbox 2579 3316 2759 3385; x_wconf 89' lang='lat' dir='ltr'><strong>egredi</strong></span> <span class='ocrx_word' id='word_1_723' title='bbox 2788 3320 3149 3376; x_wconf 90' lang='lat' dir='ltr'><strong>necessarium</strong></span> <span class='ocrx_word' id='word_1_724' title='bbox 3176 3332 3291 3388; x_wconf 90' lang='lat' dir='ltr'><strong>est,</strong></span> <span class='ocrx_word' id='word_1_725' title='bbox 3320 3326 3421 3381; x_wconf 86' lang='lat' dir='ltr'><strong>sibi</strong></span> <span class='ocrx_word' id='word_1_726' title='bbox 3449 3344 3660 3399; x_wconf 88' lang='lat' dir='ltr'><strong>quoque</strong></span> 
     </span>
    </p>
   </div>
   <div class='ocr_carea' id='block_1_88' title="bbox 2086 3403 3656 3488">
    <p class='ocr_par' dir='ltr' id='par_1_88' title="bbox 2086 3403 3656 3488">
     <span class='ocr_line' id='line_1_89' title="bbox 2086 3403 3656 3488; baseline 0.012 -32"><span class='ocrx_word' id='word_1_727' title='bbox 2086 3403 2356 3457; x_wconf 91' lang='lat' dir='ltr'><strong>interitum</strong></span> <span class='ocrx_word' id='word_1_728' title='bbox 2377 3404 2607 3461; x_wconf 72' lang='lat' dir='ltr'><strong>alierunt</strong></span> <span class='ocrx_word' id='word_1_729' title='bbox 2623 3418 2839 3477; x_wconf 92' lang='lat' dir='ltr'><strong>propter</strong></span> <span class='ocrx_word' id='word_1_730' title='bbox 2855 3409 3277 3469; x_wconf 90' lang='lat' dir='ltr'><strong>immobilitatem</strong></span> <span class='ocrx_word' id='word_1_731' title='bbox 3300 3426 3353 3471; x_wconf 90' lang='lat' dir='ltr'><strong>et</strong></span> <span class='ocrx_word' id='word_1_732' title='bbox 3372 3418 3656 3488; x_wconf 84' lang='lat' dir='ltr'><strong>pigritiam:</strong></span> 
     </span>
    </p>
   </div>
   <div class='ocr_carea' id='block_1_89' title="bbox 2084 3494 3658 3579">
    <p class='ocr_par' dir='ltr' id='par_1_89' title="bbox 2084 3494 3658 3579">
     <span class='ocr_line' id='line_1_90' title="bbox 2084 3494 3658 3579; baseline 0.012 -33"><span class='ocrx_word' id='word_1_733' title='bbox 2084 3502 2139 3547; x_wconf 92' lang='lat' dir='ltr'><strong>et</strong></span> <span class='ocrx_word' id='word_1_734' title='bbox 2168 3494 2210 3547; x_wconf 86' lang='lat' dir='ltr'><strong>si</strong></span> <span class='ocrx_word' id='word_1_735' title='bbox 2246 3503 2405 3563; x_wconf 89' lang='lat' dir='ltr'><strong>caput</strong></span> <span class='ocrx_word' id='word_1_736' title='bbox 2443 3496 2643 3551; x_wconf 89' lang='lat' dir='ltr'><strong>nullam</strong></span> <span class='ocrx_word' id='word_1_737' title='bbox 2675 3498 2805 3552; x_wconf 86' lang='lat' dir='ltr'><strong>velit</strong></span> <span class='ocrx_word' id='word_1_738' title='bbox 2829 3499 3020 3569; x_wconf 91' lang='lat' dir='ltr'><strong>pedum</strong></span> <span class='ocrx_word' id='word_1_739' title='bbox 3049 3516 3230 3558; x_wconf 90' lang='lat' dir='ltr'><strong>curam</strong></span> <span class='ocrx_word' id='word_1_740' title='bbox 3250 3521 3459 3576; x_wconf 87' lang='lat' dir='ltr'><strong>gerere,</strong></span> <span class='ocrx_word' id='word_1_741' title='bbox 3486 3510 3658 3579; x_wconf 88' lang='lat' dir='ltr'><strong>ipsum</strong></span> 
     </span>
    </p>
   </div>
   <div class='ocr_carea' id='block_1_90' title="bbox 2084 3584 3657 3660">
    <p class='ocr_par' dir='ltr' id='par_1_90' title="bbox 2084 3584 3657 3660">
     <span class='ocr_line' id='line_1_91' title="bbox 2084 3584 3657 3660; baseline 0.013 -24"><span class='ocrx_word' id='word_1_742' title='bbox 2084 3585 2311 3652; x_wconf 91' lang='lat' dir='ltr'><strong>primum</strong></span> <span class='ocrx_word' id='word_1_743' title='bbox 2344 3584 2573 3641; x_wconf 84' lang='lat' dir='ltr'><strong>laeditur.</strong></span> <span class='ocrx_word' id='word_1_744' title='bbox 2612 3588 2681 3641; x_wconf 87' lang='lat' dir='ltr'><strong>At</strong></span> <span class='ocrx_word' id='word_1_745' title='bbox 2709 3589 2796 3643; x_wconf 89' lang='lat' dir='ltr'><strong>illa</strong></span> <span class='ocrx_word' id='word_1_746' title='bbox 2823 3590 3038 3660; x_wconf 89' lang='lat' dir='ltr'><strong>quidem</strong></span> <span class='ocrx_word' id='word_1_747' title='bbox 3078 3593 3307 3651; x_wconf 90' lang='lat' dir='ltr'><strong>alterum</strong></span> <span class='ocrx_word' id='word_1_748' title='bbox 3342 3597 3396 3653; x_wconf 92' lang='lat' dir='ltr'><strong>in</strong></span> <span class='ocrx_word' id='word_1_749' title='bbox 3431 3600 3657 3656; x_wconf 82' lang='lat' dir='ltr'><strong>alterum</strong></span> 
     </span>
    </p>
   </div>
   <div class='ocr_carea' id='block_1_91' title="bbox 2083 3675 3660 3751">
    <p class='ocr_par' dir='ltr' id='par_1_91' title="bbox 2083 3675 3660 3751">
     <span class='ocr_line' id='line_1_92' title="bbox 2083 3675 3660 3751; baseline 0.013 -22"><span class='ocrx_word' id='word_1_750' title='bbox 2083 3690 2188 3729; x_wconf 86' lang='lat' dir='ltr'><strong>non</strong></span> <span class='ocrx_word' id='word_1_751' title='bbox 2216 3675 2489 3747; x_wconf 86' lang='lat' dir='ltr'><strong>insurgere</strong></span> <span class='ocrx_word' id='word_1_752' title='bbox 2505 3688 2587 3733; x_wconf 88' lang='lat' dir='ltr'><strong>est</strong></span> <span class='ocrx_word' id='word_1_753' title='bbox 2604 3690 3019 3738; x_wconf 89' lang='lat' dir='ltr'><strong>consentaneum</strong></span> <span class='ocrx_word' id='word_1_754' title='bbox 3045 3686 3158 3742; x_wconf 91' lang='lat' dir='ltr'><strong>:sic</strong></span> <span class='ocrx_word' id='word_1_755' title='bbox 3182 3689 3323 3744; x_wconf 91' lang='lat' dir='ltr'><strong>enim</strong></span> <span class='ocrx_word' id='word_1_756' title='bbox 3348 3695 3660 3751; x_wconf 89' lang='lat' dir='ltr'><strong>naturaliter</strong></span> 
     </span>
    </p>
   </div>
   <div class='ocr_carea' id='block_1_92' title="bbox 2081 3768 3658 3847">
    <p class='ocr_par' dir='ltr' id='par_1_92' title="bbox 2081 3768 3658 3847">
     <span class='ocr_line' id='line_1_93' title="bbox 2081 3768 3658 3847; baseline 0.013 -26"><span class='ocrx_word' id='word_1_757' title='bbox 2081 3768 2381 3823; x_wconf 89' lang='lat' dir='ltr'><strong>ordinatum</strong></span> <span class='ocrx_word' id='word_1_758' title='bbox 2408 3779 2491 3825; x_wconf 90' lang='lat' dir='ltr'><strong>est</strong></span> <span class='ocrx_word' id='word_1_759' title='bbox 2522 3787 2536 3823; x_wconf 88' lang='lat'><strong>:</strong></span> <span class='ocrx_word' id='word_1_760' title='bbox 2569 3771 2662 3826; x_wconf 87' lang='lat' dir='ltr'><strong>sed</strong></span> <span class='ocrx_word' id='word_1_761' title='bbox 2690 3774 2958 3842; x_wconf 91' lang='lat' dir='ltr'><strong>quomodo</strong></span> <span class='ocrx_word' id='word_1_762' title='bbox 2988 3776 3104 3831; x_wconf 83' lang='lat' dir='ltr'><strong>ﬁeri</strong></span> <span class='ocrx_word' id='word_1_763' title='bbox 3134 3787 3308 3847; x_wconf 87' lang='lat' dir='ltr'><strong>potest</strong></span> <span class='ocrx_word' id='word_1_764' title='bbox 3337 3791 3393 3836; x_wconf 92' lang='lat' dir='ltr'><strong>ut</strong></span> <span class='ocrx_word' id='word_1_765' title='bbox 3420 3781 3582 3840; x_wconf 89' lang='lat' dir='ltr'><strong>homo</strong></span> <span class='ocrx_word' id='word_1_766' title='bbox 3602 3786 3658 3843; x_wconf 90' lang='lat' dir='ltr'><strong>in</strong></span> 
     </span>
    </p>
   </div>
   <div class='ocr_carea' id='block_1_93' title="bbox 2082 3859 3657 3949">
    <p class='ocr_par' dir='ltr' id='par_1_93' title="bbox 2082 3859 3657 3949">
     <span class='ocr_line' id='line_1_94' title="bbox 2082 3859 3657 3949; baseline 0.014 -36"><span class='ocrx_word' id='word_1_767' title='bbox 2082 3859 2354 3916; x_wconf 91' lang='lat' dir='ltr'><strong>hominem</strong></span> <span class='ocrx_word' id='word_1_768' title='bbox 2381 3876 2485 3917; x_wconf 92' lang='lat' dir='ltr'><strong>non</strong></span> <span class='ocrx_word' id='word_1_769' title='bbox 2516 3863 2795 3935; x_wconf 70' lang='lat' dir='ltr'><strong>insurgat-‘2</strong></span> <span class='ocrx_word' id='word_1_770' title='bbox 2820 3866 3002 3936; x_wconf 91' lang='lat' dir='ltr'><strong>Neque</strong></span> <span class='ocrx_word' id='word_1_771' title='bbox 3035 3871 3176 3925; x_wconf 88' lang='lat' dir='ltr'><strong>enim</strong></span> <span class='ocrx_word' id='word_1_772' title='bbox 3203 3874 3508 3943; x_wconf 89' lang='lat' dir='ltr'><strong>angelorum</strong></span> <span class='ocrx_word' id='word_1_773' title='bbox 3537 3880 3657 3949; x_wconf 92' lang='lat' dir='ltr'><strong>quis</strong></span> 
     </span>
    </p>
   </div>
   <div class='ocr_carea' id='block_1_94' title="bbox 2068 3951 3655 4039">
    <p class='ocr_par' dir='ltr' id='par_1_94' title="bbox 2068 3951 3655 4039">
     <span class='ocr_line' id='line_1_95' title="bbox 2068 3951 3655 4039; baseline 0.013 -34"><span class='ocrx_word' id='word_1_774' title='bbox 2068 3951 2339 4023; x_wconf 85' lang='lat' dir='ltr'><strong>insurgit,</strong></span> <span class='ocrx_word' id='word_1_775' title='bbox 2388 3954 2637 4022; x_wconf 90' lang='lat' dir='ltr'><strong>quoniam</strong></span> <span class='ocrx_word' id='word_1_776' title='bbox 2680 3970 2778 4010; x_wconf 91' lang='lat' dir='ltr'><strong>nec</strong></span> <span class='ocrx_word' id='word_1_777' title='bbox 2832 3956 2911 4011; x_wconf 90' lang='lat' dir='ltr'><strong>illi</strong></span> <span class='ocrx_word' id='word_1_778' title='bbox 2961 3958 3219 4017; x_wconf 89' lang='lat' dir='ltr'><strong>adversus</strong></span> <span class='ocrx_word' id='word_1_779' title='bbox 3269 3965 3655 4039; x_wconf 86' lang='lat' dir='ltr'><strong>archangelos;</strong></span> 
     </span>
    </p>
   </div>
   <div class='ocr_carea' id='block_1_95' title="bbox 2080 4045 3657 4129">
    <p class='ocr_par' dir='ltr' id='par_1_95' title="bbox 2080 4045 3657 4129">
     <span class='ocr_line' id='line_1_96' title="bbox 2080 4045 3657 4129; baseline 0.013 -32"><span class='ocrx_word' id='word_1_780' title='bbox 2080 4058 2256 4113; x_wconf 90' lang='lat' dir='ltr'><strong>neque</strong></span> <span class='ocrx_word' id='word_1_781' title='bbox 2285 4059 2469 4100; x_wconf 89' lang='lat' dir='ltr'><strong>rursus</strong></span> <span class='ocrx_word' id='word_1_782' title='bbox 2492 4045 2651 4101; x_wconf 88' lang='lat' dir='ltr'><strong>bruta</strong></span> <span class='ocrx_word' id='word_1_783' title='bbox 2680 4046 2800 4115; x_wconf 89' lang='lat' dir='ltr'><strong>plus</strong></span> <span class='ocrx_word' id='word_1_784' title='bbox 2827 4063 2986 4118; x_wconf 87' lang='lat' dir='ltr'><strong>quam</strong></span> <span class='ocrx_word' id='word_1_785' title='bbox 3012 4066 3113 4122; x_wconf 91' lang='lat' dir='ltr'><strong>ego</strong></span> <span class='ocrx_word' id='word_1_786' title='bbox 3140 4053 3318 4110; x_wconf 77' lang='lat' dir='ltr'><strong>efferri</strong></span> <span class='ocrx_word' id='word_1_787' title='bbox 3346 4066 3403 4113; x_wconf 93' lang='lat' dir='ltr'><strong>et</strong></span> <span class='ocrx_word' id='word_1_788' title='bbox 3425 4061 3657 4129; x_wconf 89' lang='lat' dir='ltr'><strong>majores</strong></span> 
     </span>
    </p>
   </div>
   <div class='ocr_carea' id='block_1_96' title="bbox 2079 4135 3654 4215">
    <p class='ocr_par' dir='ltr' id='par_1_96' title="bbox 2079 4135 3654 4215">
     <span class='ocr_line' id='line_1_97' title="bbox 2079 4135 3654 4215; baseline 0.013 -27"><span class='ocrx_word' id='word_1_789' title='bbox 2079 4135 2298 4203; x_wconf 86' lang='lat' dir='ltr'><strong>spiritus</strong></span> <span class='ocrx_word' id='word_1_790' title='bbox 2322 4144 2547 4206; x_wconf 89' lang='lat' dir='ltr'><strong>possunt</strong></span> <span class='ocrx_word' id='word_1_791' title='bbox 2570 4139 2850 4208; x_wconf 89' lang='lat' dir='ltr'><strong>concipere</strong></span> <span class='ocrx_word' id='word_1_792' title='bbox 2875 4159 2889 4195; x_wconf 90' lang='lat'>:</span> <span class='ocrx_word' id='word_1_793' title='bbox 2916 4141 3005 4197; x_wconf 90' lang='lat' dir='ltr'><strong>ubi</strong></span> <span class='ocrx_word' id='word_1_794' title='bbox 3025 4152 3201 4199; x_wconf 92' lang='lat' dir='ltr'><strong>autem</strong></span> <span class='ocrx_word' id='word_1_795' title='bbox 3231 4162 3326 4215; x_wconf 90' lang='lat' dir='ltr'><strong>par</strong></span> <span class='ocrx_word' id='word_1_796' title='bbox 3346 4159 3429 4204; x_wconf 89' lang='lat' dir='ltr'><strong>est</strong></span> <span class='ocrx_word' id='word_1_797' title='bbox 3448 4150 3654 4209; x_wconf 81' lang='lat' dir='ltr'><strong>honore</strong></span> 
     </span>
    </p>
   </div>
   <div class='ocr_carea' id='block_1_97' title="bbox 2078 4227 3655 4306">
    <p class='ocr_par' dir='ltr' id='par_1_97' title="bbox 2078 4227 3655 4306">
     <span class='ocr_line' id='line_1_98' title="bbox 2078 4227 3655 4306; baseline 0.011 -27"><span class='ocrx_word' id='word_1_798' title='bbox 2078 4234 2290 4294; x_wconf 90' lang='lat' dir='ltr'><strong>natura,</strong></span> <span class='ocrx_word' id='word_1_799' title='bbox 2322 4234 2379 4282; x_wconf 91' lang='lat' dir='ltr'><strong>et</strong></span> <span class='ocrx_word' id='word_1_800' title='bbox 2406 4242 2571 4282; x_wconf 91' lang='lat' dir='ltr'><strong>unum</strong></span> <span class='ocrx_word' id='word_1_801' title='bbox 2593 4227 2811 4295; x_wconf 89' lang='lat' dir='ltr'><strong>donum,</strong></span> <span class='ocrx_word' id='word_1_802' title='bbox 2841 4240 2897 4286; x_wconf 92' lang='lat' dir='ltr'><strong>et</strong></span> <span class='ocrx_word' id='word_1_803' title='bbox 2920 4233 3019 4287; x_wconf 90' lang='lat' dir='ltr'><strong>iste</strong></span> <span class='ocrx_word' id='word_1_804' title='bbox 3048 4234 3165 4303; x_wconf 90' lang='lat' dir='ltr'><strong>plus</strong></span> <span class='ocrx_word' id='word_1_805' title='bbox 3202 4252 3359 4306; x_wconf 88' lang='lat' dir='ltr'><strong>quam</strong></span> <span class='ocrx_word' id='word_1_806' title='bbox 3399 4240 3489 4295; x_wconf 92' lang='lat' dir='ltr'><strong>ille</strong></span> <span class='ocrx_word' id='word_1_807' title='bbox 3518 4242 3655 4298; x_wconf 88' lang='lat' dir='ltr'><strong>nihil</strong></span> 
     </span>
    </p>
   </div>
   <div class='ocr_carea' id='block_1_98' title="bbox 2078 4317 3657 4392">
    <p class='ocr_par' dir='ltr' id='par_1_98' title="bbox 2078 4317 3657 4392">
     <span class='ocr_line' id='line_1_99' title="bbox 2078 4317 3657 4392; baseline 0.013 -21"><span class='ocrx_word' id='word_1_808' title='bbox 2078 4317 2240 4375; x_wconf 92' lang='lat' dir='ltr'><strong>habet</strong></span> <span class='ocrx_word' id='word_1_809' title='bbox 2265 4335 2364 4375; x_wconf 89' lang='lat' dir='ltr'><strong>nec</strong></span> <span class='ocrx_word' id='word_1_810' title='bbox 2384 4329 2688 4391; x_wconf 90' lang='lat' dir='ltr'><strong>superatur,</strong></span> <span class='ocrx_word' id='word_1_811' title='bbox 2711 4324 2979 4392; x_wconf 91' lang='lat' dir='ltr'><strong>quomodo</strong></span> <span class='ocrx_word' id='word_1_812' title='bbox 3005 4341 3111 4381; x_wconf 90' lang='lat' dir='ltr'><strong>non</strong></span> <span class='ocrx_word' id='word_1_813' title='bbox 3134 4328 3485 4388; x_wconf 83' lang='lat' dir='ltr'><strong>insurrexerit</strong></span> <span class='ocrx_word' id='word_1_814' title='bbox 3500 4334 3524 4387; x_wconf 70' lang='grc' dir='ltr'><em>ἲ</em></span> <span class='ocrx_word' id='word_1_815' title='bbox 3542 4335 3657 4391; x_wconf 83' lang='lat' dir='ltr'><strong>lino</strong></span> 
     </span>
    </p>
   </div>
   <div class='ocr_carea' id='block_1_99' title="bbox 2078 4412 3654 4492">
    <p class='ocr_par' dir='ltr' id='par_1_99' title="bbox 2078 4412 3654 4492">
     <span class='ocr_line' id='line_1_100' title="bbox 2078 4412 3654 4492; baseline 0.013 -29"><span class='ocrx_word' id='word_1_816' title='bbox 2078 4425 2205 4466; x_wconf 91' lang='lat' dir='ltr'><strong>vero</strong></span> <span class='ocrx_word' id='word_1_817' title='bbox 2234 4421 2455 4482; x_wconf 88' lang='lat' dir='ltr'><strong>propter</strong></span> <span class='ocrx_word' id='word_1_818' title='bbox 2483 4412 2596 4466; x_wconf 76' lang='lat' dir='ltr'><strong>lucc</strong></span> <span class='ocrx_word' id='word_1_819' title='bbox 2622 4428 2727 4467; x_wconf 93' lang='lat' dir='ltr'><strong>non</strong></span> <span class='ocrx_word' id='word_1_820' title='bbox 2752 4413 2916 4470; x_wconf 89' lang='lat' dir='ltr'><strong>debes</strong></span> <span class='ocrx_word' id='word_1_821' title='bbox 2943 4416 3218 4489; x_wconf 89' lang='lat' dir='ltr'><strong>insurgere</strong></span> <span class='ocrx_word' id='word_1_822' title='bbox 3246 4420 3300 4475; x_wconf 92' lang='lat' dir='ltr'><strong>in</strong></span> <span class='ocrx_word' id='word_1_823' title='bbox 3326 4425 3654 4492; x_wconf 85' lang='lat' dir='ltr'><strong>proximum.</strong></span> 
     </span>
    </p>
   </div>
   <div class='ocr_carea' id='block_1_100' title="bbox 2076 4503 3653 4587">
    <p class='ocr_par' dir='ltr' id='par_1_100' title="bbox 2076 4503 3653 4587">
     <span class='ocr_line' id='line_1_101' title="bbox 2076 4503 3653 4587; baseline 0.01 -30"><span class='ocrx_word' id='word_1_824' title='bbox 2076 4503 2206 4557; x_wconf 89' lang='lat' dir='ltr'><strong>Nam</strong></span> <span class='ocrx_word' id='word_1_825' title='bbox 2235 4504 2281 4559; x_wconf 90' lang='lat' dir='ltr'><strong>si</strong></span> <span class='ocrx_word' id='word_1_826' title='bbox 2314 4505 2494 4558; x_wconf 89' lang='lat' dir='ltr'><strong>omnia</strong></span> <span class='ocrx_word' id='word_1_827' title='bbox 2532 4514 2657 4559; x_wconf 89' lang='lat' dir='ltr'><strong>sunt</strong></span> <span class='ocrx_word' id='word_1_828' title='bbox 2695 4509 3018 4575; x_wconf 91' lang='lat' dir='ltr'><strong>communia,</strong></span> <span class='ocrx_word' id='word_1_829' title='bbox 3067 4519 3122 4565; x_wconf 93' lang='lat' dir='ltr'><strong>et</strong></span> <span class='ocrx_word' id='word_1_830' title='bbox 3165 4511 3300 4567; x_wconf 91' lang='lat' dir='ltr'><strong>alter</strong></span> <span class='ocrx_word' id='word_1_831' title='bbox 3331 4514 3450 4583; x_wconf 87' lang='lat' dir='ltr'><strong>plus</strong></span> <span class='ocrx_word' id='word_1_832' title='bbox 3494 4532 3653 4587; x_wconf 88' lang='lat' dir='ltr'><strong>quam</strong></span> 
     </span>
    </p>
   </div>
   <div class='ocr_carea' id='block_1_101' title="bbox 2076 4596 3654 4674">
    <p class='ocr_par' dir='ltr' id='par_1_101' title="bbox 2076 4596 3654 4674">
     <span class='ocr_line' id='line_1_102' title="bbox 2076 4596 3654 4674; baseline 0.012 -26"><span class='ocrx_word' id='word_1_833' title='bbox 2076 4597 2213 4650; x_wconf 88' lang='lat' dir='ltr'><strong>alter</strong></span> <span class='ocrx_word' id='word_1_834' title='bbox 2232 4612 2336 4651; x_wconf 90' lang='lat' dir='ltr'><strong>non</strong></span> <span class='ocrx_word' id='word_1_835' title='bbox 2357 4596 2536 4663; x_wconf 88' lang='lat' dir='ltr'><strong>habet,</strong></span> <span class='ocrx_word' id='word_1_836' title='bbox 2562 4596 2825 4652; x_wconf 87' lang='lat' dir='ltr'><strong>undenam</strong></span> <span class='ocrx_word' id='word_1_837' title='bbox 2841 4603 3178 4670; x_wconf 86' lang='lat' dir='ltr'><strong>arrogantia?</strong></span> <span class='ocrx_word' id='word_1_838' title='bbox 3194 4603 3447 4674; x_wconf 87' lang='lat' dir='ltr'><strong>Ejusdem</strong></span> <span class='ocrx_word' id='word_1_839' title='bbox 3468 4625 3654 4667; x_wconf 87' lang='lat' dir='ltr'><strong>sumus</strong></span> 
     </span>
    </p>
   </div>
   <div class='ocr_carea' id='block_1_102' title="bbox 2080 4689 3654 4766">
    <p class='ocr_par' dir='ltr' id='par_1_102' title="bbox 2080 4689 3654 4766">
     <span class='ocr_line' id='line_1_103' title="bbox 2080 4689 3654 4766; baseline 0.01 -25"><span class='ocrx_word' id='word_1_840' title='bbox 2080 4697 2281 4741; x_wconf 81' lang='lat' dir='ltr'><strong>naturae</strong></span> <span class='ocrx_word' id='word_1_841' title='bbox 2303 4689 2611 4758; x_wconf 87' lang='lat' dir='ltr'><strong>participes,</strong></span> <span class='ocrx_word' id='word_1_842' title='bbox 2643 4690 2834 4744; x_wconf 70' lang='lat' dir='ltr'><strong>animae</strong></span> <span class='ocrx_word' id='word_1_843' title='bbox 2861 4700 2915 4745; x_wconf 88' lang='lat' dir='ltr'><strong>et</strong></span> <span class='ocrx_word' id='word_1_844' title='bbox 2941 4694 3183 4762; x_wconf 88' lang='lat' dir='ltr'><strong>corporis</strong></span> <span class='ocrx_word' id='word_1_845' title='bbox 3203 4696 3471 4766; x_wconf 89' lang='lat' dir='ltr'><strong>similiter,</strong></span> <span class='ocrx_word' id='word_1_846' title='bbox 3496 4716 3654 4756; x_wconf 86' lang='lat' dir='ltr'><strong>eum-</strong></span> 
     </span>
    </p>
   </div>
   <div class='ocr_carea' id='block_1_103' title="bbox 2076 4777 3655 4856">
    <p class='ocr_par' dir='ltr' id='par_1_103' title="bbox 2076 4777 3655 4856">
     <span class='ocr_line' id='line_1_104' title="bbox 2076 4777 3655 4856; baseline 0.009 -24"><span class='ocrx_word' id='word_1_847' title='bbox 2076 4777 2197 4832; x_wconf 92' lang='lat' dir='ltr'><strong>dem</strong></span> <span class='ocrx_word' id='word_1_848' title='bbox 2228 4778 2503 4846; x_wconf 84' lang='lat' dir='ltr'><strong>spiramus</strong></span> <span class='ocrx_word' id='word_1_849' title='bbox 2530 4793 2729 4845; x_wconf 89' lang='lat' dir='ltr'><strong>aerem,</strong></span> <span class='ocrx_word' id='word_1_850' title='bbox 2762 4780 2951 4835; x_wconf 90' lang='lat' dir='ltr'><strong>iisdem</strong></span> <span class='ocrx_word' id='word_1_851' title='bbox 2992 4784 3192 4839; x_wconf 88' lang='lat' dir='ltr'><strong>utimur</strong></span> <span class='ocrx_word' id='word_1_852' title='bbox 3218 4786 3525 4856; x_wconf 85' lang='lat' dir='ltr'><strong>alimentis;</strong></span> <span class='ocrx_word' id='word_1_853' title='bbox 3556 4807 3655 4845; x_wconf 88' lang='lat' dir='ltr'><strong>un-</strong></span> 
     </span>
    </p>
   </div>
   <div class='ocr_carea' id='block_1_104' title="bbox 2074 4870 3651 4943">
    <p class='ocr_par' dir='ltr' id='par_1_104' title="bbox 2074 4870 3651 4943">
     <span class='ocr_line' id='line_1_105' title="bbox 2074 4870 3651 4943; baseline 0.009 -19"><span class='ocrx_word' id='word_1_854' title='bbox 2074 4871 2265 4924; x_wconf 92' lang='lat' dir='ltr'><strong>denam</strong></span> <span class='ocrx_word' id='word_1_855' title='bbox 2294 4870 2657 4925; x_wconf 88' lang='lat' dir='ltr'><strong>insurrectio?</strong></span> <span class='ocrx_word' id='word_1_856' title='bbox 2686 4871 2755 4926; x_wconf 89' lang='lat' dir='ltr'><strong>At</strong></span> <span class='ocrx_word' id='word_1_857' title='bbox 2776 4887 2933 4941; x_wconf 88' lang='lat' dir='ltr'><strong>posse</strong></span> <span class='ocrx_word' id='word_1_858' title='bbox 2960 4884 3175 4943; x_wconf 89' lang='lat' dir='ltr'><strong>propter</strong></span> <span class='ocrx_word' id='word_1_859' title='bbox 3198 4877 3446 4935; x_wconf 88' lang='lat' dir='ltr'><strong>virtutem</strong></span> <span class='ocrx_word' id='word_1_860' title='bbox 3472 4883 3651 4937; x_wconf 90' lang='lat' dir='ltr'><strong>incor-</strong></span> 
     </span>
    </p>
   </div>
   <div class='ocr_carea' id='block_1_105' title="bbox 2075 4963 3650 5031">
    <p class='ocr_par' dir='ltr' id='par_1_105' title="bbox 2075 4963 3650 5031">
     <span class='ocr_line' id='line_1_106' title="bbox 2075 4963 3650 5031; baseline 0.01 -19"><span class='ocrx_word' id='word_1_861' title='bbox 2075 4974 2264 5028; x_wconf 91' lang='lat' dir='ltr'><strong>poreas</strong></span> <span class='ocrx_word' id='word_1_862' title='bbox 2304 4974 2561 5031; x_wconf 89' lang='lat' dir='ltr'><strong>superare</strong></span> <span class='ocrx_word' id='word_1_863' title='bbox 2600 4970 2908 5030; x_wconf 85' lang='lat' dir='ltr'><strong>potestates,</strong></span> <span class='ocrx_word' id='word_1_864' title='bbox 2951 4963 3147 5020; x_wconf 82' lang='lat' dir='ltr'><strong>sufﬁcit</strong></span> <span class='ocrx_word' id='word_1_865' title='bbox 3183 4966 3248 5022; x_wconf 87' lang='lat' dir='ltr'><strong>ad</strong></span> <span class='ocrx_word' id='word_1_866' title='bbox 3296 4968 3650 5027; x_wconf 87' lang='lat' dir='ltr'><strong>inducendam</strong></span> 
     </span>
    </p>
   </div>
   <div class='ocr_carea' id='block_1_106' title="bbox 2073 5051 3650 5131">
    <p class='ocr_par' dir='ltr' id='par_1_106' title="bbox 2073 5051 3650 5131">
     <span class='ocr_line' id='line_1_107' title="bbox 2073 5051 3650 5131; baseline 0.011 -29"><span class='ocrx_word' id='word_1_867' title='bbox 2073 5051 2433 5121; x_wconf 82' lang='lat' dir='ltr'><strong>arrogantiam</strong></span> <span class='ocrx_word' id='word_1_868' title='bbox 2465 5068 2478 5104; x_wconf 94' lang='lat'><strong>:</strong></span> <span class='ocrx_word' id='word_1_869' title='bbox 2508 5052 2616 5105; x_wconf 91' lang='lat' dir='ltr'><strong>imo</strong></span> <span class='ocrx_word' id='word_1_870' title='bbox 2654 5066 2786 5105; x_wconf 88' lang='lat' dir='ltr'><strong>vero</strong></span> <span class='ocrx_word' id='word_1_871' title='bbox 2827 5067 2933 5107; x_wconf 92' lang='lat' dir='ltr'><strong>non</strong></span> <span class='ocrx_word' id='word_1_872' title='bbox 2982 5053 3141 5110; x_wconf 81' lang='lat' dir='ltr'><strong>fuerit</strong></span> <span class='ocrx_word' id='word_1_873' title='bbox 3183 5056 3285 5113; x_wconf 91' lang='lat' dir='ltr'><strong>hoc</strong></span> <span class='ocrx_word' id='word_1_874' title='bbox 3321 5063 3650 5131; x_wconf 87' lang='lat' dir='ltr'><strong>arrogantia.</strong></span> 
     </span>
    </p>
   </div>
   <div class='ocr_carea' id='block_1_107' title="bbox 2074 5142 3652 5212">
    <p class='ocr_par' dir='ltr' id='par_1_107' title="bbox 2074 5142 3652 5212">
     <span class='ocr_line' id='line_1_108' title="bbox 2074 5142 3652 5212; baseline 0.01 -16"><span class='ocrx_word' id='word_1_875' title='bbox 2074 5142 2187 5212; x_wconf 87' lang='lat' dir='ltr'><strong>Ego</strong></span> <span class='ocrx_word' id='word_1_876' title='bbox 2231 5151 2409 5197; x_wconf 90' lang='lat' dir='ltr'><strong>autem</strong></span> <span class='ocrx_word' id='word_1_877' title='bbox 2450 5144 2642 5198; x_wconf 90' lang='lat' dir='ltr'><strong>merito</strong></span> <span class='ocrx_word' id='word_1_878' title='bbox 2678 5143 2939 5200; x_wconf 85' lang='lat' dir='ltr'><strong>adversus</strong></span> <span class='ocrx_word' id='word_1_879' title='bbox 2978 5146 3275 5205; x_wconf 80' lang='lat' dir='ltr'><strong>daemonem</strong></span> <span class='ocrx_word' id='word_1_880' title='bbox 3323 5154 3555 5210; x_wconf 90' lang='lat' dir='ltr'><strong>extollor</strong></span> <span class='ocrx_word' id='word_1_881' title='bbox 3596 5166 3652 5212; x_wconf 89' lang='lat' dir='ltr'><strong>et</strong></span> 
     </span>
    </p>
   </div>
   <div class='ocr_carea' id='block_1_108' title="bbox 2071 5232 3650 5316">
    <p class='ocr_par' dir='ltr' id='par_1_108' title="bbox 2071 5232 3650 5316">
     <span class='ocr_line' id='line_1_109' title="bbox 2071 5232 3650 5316; baseline 0.012 -32"><span class='ocrx_word' id='word_1_882' title='bbox 2071 5232 2225 5287; x_wconf 87' lang='lat' dir='ltr'><strong>valde</strong></span> <span class='ocrx_word' id='word_1_883' title='bbox 2249 5234 2498 5287; x_wconf 88' lang='lat' dir='ltr'><strong>extollor.</strong></span> <span class='ocrx_word' id='word_1_884' title='bbox 2536 5233 2671 5289; x_wconf 84' lang='lat' dir='ltr'><strong>Vide</strong></span> <span class='ocrx_word' id='word_1_885' title='bbox 2698 5245 2874 5290; x_wconf 89' lang='lat' dir='ltr'><strong>autem</strong></span> <span class='ocrx_word' id='word_1_886' title='bbox 2904 5237 3174 5306; x_wconf 91' lang='lat' dir='ltr'><strong>quomodo</strong></span> <span class='ocrx_word' id='word_1_887' title='bbox 3207 5240 3402 5297; x_wconf 91' lang='lat' dir='ltr'><strong>Paulus</strong></span> <span class='ocrx_word' id='word_1_888' title='bbox 3438 5260 3650 5316; x_wconf 89' lang='lat' dir='ltr'><strong>quoque</strong></span> 
     </span>
    </p>
   </div>
   <div class='ocr_carea' id='block_1_109' title="bbox 2070 5324 3647 5399">
    <p class='ocr_par' dir='ltr' id='par_1_109' title="bbox 2070 5324 3647 5399">
     <span class='ocr_line' id='line_1_110' title="bbox 2070 5324 3647 5399; baseline 0.012 -23"><span class='ocrx_word' id='word_1_889' title='bbox 2070 5324 2225 5379; x_wconf 87' lang='lat' dir='ltr'><strong>valde</strong></span> <span class='ocrx_word' id='word_1_890' title='bbox 2253 5325 2615 5381; x_wconf 84' lang='lat' dir='ltr'><strong>extollebatur</strong></span> <span class='ocrx_word' id='word_1_891' title='bbox 2638 5326 2893 5384; x_wconf 89' lang='lat' dir='ltr'><strong>adversus</strong></span> <span class='ocrx_word' id='word_1_892' title='bbox 2913 5329 3232 5386; x_wconf 66' lang='lat' dir='ltr'><strong>daemonem.</strong></span> <span class='ocrx_word' id='word_1_893' title='bbox 3259 5334 3481 5399; x_wconf 91' lang='lat' dir='ltr'><strong>Quando</strong></span> <span class='ocrx_word' id='word_1_894' title='bbox 3505 5340 3647 5394; x_wconf 90' lang='lat' dir='ltr'><strong>enim</strong></span> 
     </span>
    </p>
   </div>
   <div class='ocr_carea' id='block_1_110' title="bbox 2072 5417 3648 5495">
    <p class='ocr_par' dir='ltr' id='par_1_110' title="bbox 2072 5417 3648 5495">
     <span class='ocr_line' id='line_1_111' title="bbox 2072 5417 3648 5495; baseline 0.01 -25"><span class='ocrx_word' id='word_1_895' title='bbox 2072 5431 2259 5487; x_wconf 85' lang='lat' dir='ltr'><strong>magna</strong></span> <span class='ocrx_word' id='word_1_896' title='bbox 2305 5427 2359 5471; x_wconf 92' lang='lat' dir='ltr'><strong>et</strong></span> <span class='ocrx_word' id='word_1_897' title='bbox 2398 5417 2729 5473; x_wconf 86' lang='lat' dir='ltr'><strong>admirabilia</strong></span> <span class='ocrx_word' id='word_1_898' title='bbox 2772 5418 2841 5474; x_wconf 92' lang='lat' dir='ltr'><strong>de</strong></span> <span class='ocrx_word' id='word_1_899' title='bbox 2877 5436 2943 5475; x_wconf 93' lang='lat' dir='ltr'><strong>eo</strong></span> <span class='ocrx_word' id='word_1_900' title='bbox 2978 5420 3193 5477; x_wconf 87' lang='lat' dir='ltr'><strong>dicebat</strong></span> <span class='ocrx_word' id='word_1_901' title='bbox 3236 5424 3468 5495; x_wconf 67' lang='lat' dir='ltr'><strong>daemon,</strong></span> <span class='ocrx_word' id='word_1_902' title='bbox 3497 5430 3547 5485; x_wconf 92' lang='lat' dir='ltr'><strong>ei</strong></span> <span class='ocrx_word' id='word_1_903' title='bbox 3587 5446 3648 5485; x_wconf 84' lang='lat' dir='ltr'><strong>os</strong></span> 
     </span>
    </p>
   </div>
   <div class='ocr_carea' id='block_1_111' title="bbox 2071 5512 3645 5583">
    <p class='ocr_par' dir='ltr' id='par_1_111' title="bbox 2071 5512 3645 5583">
     <span class='ocr_line' id='line_1_112' title="bbox 2071 5512 3645 5583; baseline 0.008 -16"><span class='ocrx_word' id='word_1_904' title='bbox 2071 5512 2352 5577; x_wconf 86' lang='lat' dir='ltr'><strong>obstruxit,</strong></span> <span class='ocrx_word' id='word_1_905' title='bbox 2394 5528 2465 5567; x_wconf 88' lang='lat' dir='ltr'><strong>ne</strong></span> <span class='ocrx_word' id='word_1_906' title='bbox 2506 5512 2815 5568; x_wconf 88' lang='lat' dir='ltr'><strong>adulantem</strong></span> <span class='ocrx_word' id='word_1_907' title='bbox 2844 5514 3060 5583; x_wconf 87' lang='lat' dir='ltr'><strong>quidem</strong></span> <span class='ocrx_word' id='word_1_908' title='bbox 3101 5515 3301 5572; x_wconf 81' lang='lat' dir='ltr'><strong>ferens.</strong></span> <span class='ocrx_word' id='word_1_909' title='bbox 3347 5519 3477 5575; x_wconf 81' lang='lat' dir='ltr'><strong>Nam</strong></span> <span class='ocrx_word' id='word_1_910' title='bbox 3523 5537 3645 5579; x_wconf 90' lang='lat' dir='ltr'><strong>cum</strong></span> 
     </span>
    </p>
   </div>
   <div class='ocr_carea' id='block_1_112' title="bbox 2070 5604 3641 5684">
    <p class='ocr_par' dir='ltr' id='par_1_112' title="bbox 2070 5604 3641 5684">
     <span class='ocr_line' id='line_1_113' title="bbox 2070 5604 3641 5684; baseline 0.007 -25"><span class='ocrx_word' id='word_1_911' title='bbox 2070 5604 2341 5669; x_wconf 89' lang='lat' dir='ltr'><strong>ancillula,</strong></span> <span class='ocrx_word' id='word_1_912' title='bbox 2387 5620 2506 5673; x_wconf 84' lang='lat' dir='ltr'><strong>quae</strong></span> <span class='ocrx_word' id='word_1_913' title='bbox 2545 5604 2791 5675; x_wconf 87' lang='lat' dir='ltr'><strong>spiritum</strong></span> <span class='ocrx_word' id='word_1_914' title='bbox 2840 5606 3068 5661; x_wconf 89' lang='lat' dir='ltr'><strong>habebat</strong></span> <span class='ocrx_word' id='word_1_915' title='bbox 3107 5607 3388 5679; x_wconf 85' lang='lat' dir='ltr'><strong>Pythonis,</strong></span> <span class='ocrx_word' id='word_1_916' title='bbox 3419 5613 3641 5684; x_wconf 90' lang='lat' dir='ltr'><strong>diceret,</strong></span> 
     </span>
    </p>
   </div>
   <div class='ocr_carea' id='block_1_113' title="bbox 2074 5694 3645 5769">
    <p class='ocr_par' dir='ltr' id='par_1_113' title="bbox 2074 5694 3645 5769">
     <span class='ocr_line' id='line_1_114' title="bbox 2074 5694 3645 5769; baseline 0.01 -22"><span class='ocrx_word' id='word_1_917' title='bbox 2074 5694 2143 5747; x_wconf 89' lang='lat' dir='ltr'><strong>Ili</strong></span> <span class='ocrx_word' id='word_1_918' title='bbox 2169 5695 2391 5748; x_wconf 83' lang='lat' dir='ltr'><strong>homines</strong></span> <span class='ocrx_word' id='word_1_919' title='bbox 2416 5703 2532 5748; x_wconf 88' lang='lat' dir='ltr'><strong>sunt</strong></span> <span class='ocrx_word' id='word_1_920' title='bbox 2558 5696 2685 5751; x_wconf 82' lang='lat' dir='ltr'><strong>servi</strong></span> <span class='ocrx_word' id='word_1_921' title='bbox 2712 5694 2809 5750; x_wconf 88' lang='lat' dir='ltr'><strong>Dei</strong></span> <span class='ocrx_word' id='word_1_922' title='bbox 2834 5697 3039 5761; x_wconf 73' lang='lat' dir='ltr'><strong>excelsi,</strong></span> <span class='ocrx_word' id='word_1_923' title='bbox 3070 5700 3157 5769; x_wconf 86' lang='lat' dir='ltr'><strong>qui</strong></span> <span class='ocrx_word' id='word_1_924' title='bbox 3183 5702 3318 5756; x_wconf 88' lang='lat' dir='ltr'><strong>vobis</strong></span> <span class='ocrx_word' id='word_1_925' title='bbox 3344 5707 3645 5761; x_wconf 66' lang='lat' dir='ltr'><strong>annuntiat</strong></span> 
     </span>
    </p>
   </div>
   <div class='ocr_carea' id='block_1_114' title="bbox 2069 5789 3640 5867">
    <p class='ocr_par' dir='ltr' id='par_1_114' title="bbox 2069 5789 3640 5867">
     <span class='ocr_line' id='line_1_115' title="bbox 2069 5789 3640 5867; baseline 0.01 -26"><span class='ocrx_word' id='word_1_926' title='bbox 2069 5790 2199 5844; x_wconf 83' lang='lat' dir='ltr'><strong>viam</strong></span> <span class='ocrx_word' id='word_1_927' title='bbox 2237 5789 2456 5844; x_wconf 85' lang='lat' dir='ltr'><strong>veritatis</strong></span> <span class='ocrx_word' id='word_1_928' title='bbox 2484 5789 2618 5861; x_wconf 81' lang='lat' dir='ltr'><strong>(Act.</strong></span> <span class='ocrx_word' id='word_1_929' title='bbox 2662 5789 2746 5845; x_wconf 80' lang='grc'><strong>16.</strong></span> <span class='ocrx_word' id='word_1_930' title='bbox 2798 5790 2898 5862; x_wconf 82' lang='grc'><strong>17),</strong></span> <span class='ocrx_word' id='word_1_931' title='bbox 2936 5791 3089 5846; x_wconf 82' lang='lat' dir='ltr'><strong>valde</strong></span> <span class='ocrx_word' id='word_1_932' title='bbox 3131 5793 3430 5867; x_wconf 86' lang='lat' dir='ltr'><strong>increpans,</strong></span> <span class='ocrx_word' id='word_1_933' title='bbox 3470 5798 3640 5865; x_wconf 78' lang='lat' dir='ltr'><strong>impu-</strong></span> 
     </span>
    </p>
   </div>
  </div>
