4060 6400
415 362 488 417 75
1323 362 1391 418 IN
1427 363 1645 421 EPIST.
1696 366 1785 421 AD
1823 364 2062 421 EPIIES.
2102 364 2254 420 CAP.
2297 365 2380 418 IV.
2424 363 2658 420 "03111..
2698 363 2767 418 χ.
2958 332 2964 337 ”
3577 368 3649 424 76

426 475 595 545 ’Υπὲρ
633 474 698 545 δὴ
744 475 949 532 τούτων
986 477 1475 551 εὐχαριστήσαντες
1513 482 1591 553 τῷ
1618 482 1757 553 Θεῷ,
1797 484 1978 536 πᾶσαν

415 558 615 627 ἀρετὴν
667 559 1035 631 μετέλθωμεν,
1076 563 1171 616 καὶ
1199 563 1322 633 ’πρὸ
1370 565 1586 618 πάντων
1626 566 1727 636 τὴν
1758 565 1979 635 ἀγάπην

419 640 536 710 μετ’
574 641 857 712 ἀκριϐείας
907 645 1363 717 κατορθώσωμεν,
1414 648 1503 702 ἴνα
1554 648 1977 719 καταξιωθῶμεν

418 726 693 794 ἐπιτυχεῖν
738 725 849 779 τῶν
892 728 1321 799 ἐπηγγελμένων
1370 729 1613 798 ἀγαθῶν,
1652 731 1835 801 χάριτι
1884 732 1979 784 καὶ

2082 480 2459 552 φιλανθρωπίᾳ
2487 480 2585 534 τοῦ
2608 480 2813 551 Κυρίου
2841 478 3015 550 ἡμῶν.
3042 478 3216 549 Ἰησοῦ
3244 479 3502 550 Χριστοῦ,
3531 484 3649 551 μεθῗ

2080 560 2141 618 οῦ
2170 565 2248 634 τῷ
2282 564 2455 636 Πατρὶ
2487 563 2602 635 ἅμα
2635 563 2713 634 τῷ
2739 563 2885 634 ἁγίῳ
2918 561 3218 633 Πνεύματι,
3252 561 3400 626 δόξα,
3429 562 3651 634 κράτος.

2080 647 2238 718 τιμὴ,
2270 646 2366 701 νῦν
2395 648 2487 701 καὶ
2523 646 2635 713 ἀεὶ,
2664 646 2759 701 καὶ
2784 646 2865 709 εἰς
2894 645 3023 709 τοὺς
3044 644 3248 708 αἰῶνας
3278 644 3388 699 τῶν
3414 644 3649 699 αἰώνων.

2095 731 2153 783 Ἀ
2162 732 2291 801 μήν.

1888 1135 2131 1189 ΟΜΙΔΙΔ
2172 1136 2231 1193 1’.

425 1337 533 1390 Ἓν
552 1333 723 1405 σῶμα
755 1336 853 1390 καί
879 1335 949 1390 ἓν
977 1338 1234 1407 πνεῦμα,
1260 1340 1452 1405 καθὼς
1478 1339 1573 1393 καί
1598 1337 1895 1407 ἐκλήθητε
1914 1338 1985 1392 ἐν

692 1418 802 1488 μιᾷ
832 1419 1035 1474 ἑλπίδι
1057 1420 1168 1489 τῆς
1197 1423 1473 1489 κλήσεως
1499 1422 1681 1492 ὑμῶν.

491 1522 729 1577 α¹.”οταν
739 1523 831 1576 ἐπί
849 1541 900 1576 τι
920 1525 1101 1594 μεῖζον
1119 1526 1407 1597 παρακαλῇ
1424 1529 1452 1579 6
1468 1525 1733 1597 μακάριος
1750 1524 1981 1590 Παῦλος,

422 1606 640 1669 συνετὸς
660 1605 742 1659 ῶν
764 1607 967 1678 σφόδρα
990 1610 1083 1661 καὶ
1103 1610 1491 1679 πνευματικὸς,
1525 1610 1631 1663 ἀπὸ
1656 1608 1763 1662 τῶν
1795 1610 1853 1660 ἐν
1872 1611 1985 1671 τοῖς

418 1692 668 1762 οὐρανοῖς
683 1694 914 1745 ποιεῖται
934 1692 1032 1762 τὴν
1048 1693 1410 1765 παράκλησιν,
1426 1694 1581 1746 τοῦτο
1600 1693 1664 1765 δὴ
1680 1689 1811 1747 αὐτὸ
1833 1691 1985 1762 παρά

419 1775 512 1828 τοῦ
540 1775 747 1847 Κυρίου
786 1776 1121 1846 μεμαθηκώς
1140 1794 1157 1810 ο
1185 1777 1369 1840 καθὼς
1402 1778 1495 1831 καὶ
1531 1776 1766 1847 ἀλλαχοῦ
1808 1792 1940 1845 φησι
1967 1793 1981 1807 ο

421 1858 794 1925 Περιπατεῖτε
816 1859 887 1913 ἐν
915 1859 1138 1929 ἀγάπῃ,
1167 1860 1361 1925 καθὼς
1385 1861 1483 1914 καί
1511 1863 1545 1915 ό
1565 1860 1816 1928 Χριστὸς
1842 1857 1984 1927 fnd-

420 1955 616 2009 πησεν
655 1940 767 2013 [75]
806 1941 985 2011 ἡμᾶς,
1038 1945 1137 1998 καὶ
1182 1945 1522 2013 παρέδωκεν
1563 1944 1780 2000 ἑαυτὸν
1833 1942 1984 2010 ὑπὲρ

418 2023 605 2092 ἡμῶν·
621 2024 714 2077 καὶ
734 2025 915 2091 πάλιν,
936 2026 1112 2081 Τοῦτο
1132 2028 1464 2096 φρονείσθω
1486 2026 1727 2096 ἐνὺμῖν,
1750 2026 1781 2079 ὃ
1803 2025 1901 2079 καί
1917 2026 1986 2079 ἑν

416 2105 648 2174 Χριστῷ
687 2107 911 2175 Ἰησοῦ,
942 2108 1009 2175 ὃς
1034 2109 1103 2162 ἐν
1131 2108 1331 2180 μορφῇ
1354 2111 1501 2164 Θεοῦ
1529 2109 1835 2177 ὑπάρχων,
1871 2109 1981 2175 οὺχ

418 2191 730 2259 ἁρπαγμὸν
765 2190 1037 2261 ἡγήσατο
1072 2193 1137 2245 τὸ
1169 2188 1321 2245 εἶναι
1361 2192 1466 2245 ἷσα
1517 2190 1657 2256 Θεῷ.
1691 2190 1861 2243 Τοῦτο
1891 2191 1985 2243 καὶ

419 2272 652 2325 ἐνταῦθα
672 2275 831 2325 ποιεί.
868 2274 1034 2326 Ὅταν
1063 2269 1225 2346 γάρῇ
1254 2273 1321 2327 τὰ
1346 2274 1719 2343 ὑποδείγματα
1750 2272 1817 2326 τὰ
1846 2290 1982 2342 προ-

419 2356 647 2425 κείμενα
676 2357 905 2428 μεγάλα,
946 2358 1171 2429 σφοδρός
1193 2361 1307 2411 ἐστι
1335 2360 1482 2431 ζήλῳ
1505 2360 1599 2413 καὶ
1626 2359 1703 2431 τῷ
1724 2359 1890 2430 πόθῳ.
1919 2356 1983 2410 Τί

416 2434 513 2491 οῦν
543 2455 727 2508 φησιν,
756 2442 836 2503 εἰς
869 2440 1094 2511 ἑνότητα
1116 2442 1443 2511 προτρέπων
1474 2443 1619 2512 ἡμᾶς
1642 2460 1659 2509 ;
1685 2444 1787 2495 Ἓν
1815 2439 1985 2508 σῶμα

417 2522 520 2574 καί
543 2521 613 2574 ἓν
629 2521 883 2592 πνεῦμα,
909 2523 1104 2587 καθὼς
1132 2524 1230 2577 καὶ
1248 2525 1541 2594 ἐκλήθητε
1559 2526 1628 2578 ἐν
1658 2523 1766 2594 μιᾷ
1785 2524 1983 2578 ἐλπίδι

419 2602 529 2672 τῆς
568 2604 841 2671 κλήσεως
881 2605 1079 2673 ὑμῶν’
1111 2602 1198 2673 εἶς
1236 2609 1472 2676 Κύριος,
1512 2608 1621 2676 μία
1657 2608 1880 2673 πίστις,
1912 2607 1983 2661 ἐν

414 2686 747 2757 βάπτισμα.
774 2689 839 2742 Τί
861 2689 918 2742 δέ
941 2692 1111 2754 ἐστιν,
1140 2693 1243 2745 Ἕν
1267 2691 1474 2761 σῶμα;
1500 2694 1562 2744 UE
1590 2692 1862 2762 πανταχοῦ
1884 2691 1982 2762 τῆς

418 2775 739 2844 οἰκουμένης
772 2774 955 2828 πιστοὶ
996 2776 1089 2830 καὶ
1116 2777 1268 2841 ὄντες
1297 2780 1393 2832 καὶ
1421 2779 1704 2849 γενόμενοι
1734 2779 1827 2832 καὶ
1865 2778 1985 2831 ἐσό-

423 2873 593 2925 μενοι.
626 2858 793 2911 Πάλιν
826 2859 921 2911 καὶ
946 2860 998 2912 οἱ
1027 2859 1132 2930 πρὸ
1162 2860 1261 2932 τῆς
1293 2860 1386 2915 τοῦ
1416 2860 1650 2932 Χριστοῦ
1682 2862 1983 2932 παρουσίας

421 2940 869 3013 εὑηρεστηκότες,
913 2942 971 2996 ἓν
1023 2944 1182 3011 σῶμά
1208 2946 1334 2998 εἰσι.
1380 2944 1538 3012 Πῶς;
1579 2945 1704 2998 Ὀτι
1744 2944 1984 2998 κάκεῖνοι

420 3022 509 3075 τὸν
540 3024 773 3094 Χριστὸν
810 3025 1027 3096 ⁴ᾔδεσαν.
1073 3027 1244 3079 Πόθεν
1279 3027 1475 3099 δῆλον;
1521 3026 1775 3097 Ἀϐραὰμ
1808 3028 1840 3080 ὁ
1871 3044 1984 3081 πα-

420 3105 531 3174 τὴρ
562 3106 750 3175 ἡμῶν,
785 3109 967 3178 φησὶν,
998 3108 1427 3179 ἠγαλλιάσατο,
1457 3111 1556 3164 ἵνα
1579 3111 1677 3178 ἴδῃ
1710 3110 1823 3177 τὴν
1843 3111 1986 3180 ἠμέ-

416 3206 537 3257 par
568 3189 683 3258 τὴν
708 3190 882 3260 ἐμὴν,
915 3191 1014 3244 καὶ
1042 3188 1184 3257 εἶδε,
1214 3192 1311 3246 καί
1333 3192 1516 3262 ἐχάρη
1544 3208 1558 3221 ·
1591 3193 1687 3246 κτιιί⁵
1707 3193 1889 3257 πάλιν,
1916 3194 1985 3246 Εἰ

420 3274 836 3341 ἐπιστεύσατε,
859 3275 1011 3345 φησὶ,
1038 3275 1281 3344 Μωυσῇ,
1305 3277 1701 3330 ἐπιστεύσατε
1716 3276 1792 3330 ἂν
1818 3277 1949 3345 ἐμοι
1967 3292 1981 3309 ο

422 3356 554 3426 περί
576 3356 686 3425 γὰρ
706 3357 853 3426 ἐμοῦ
868 3358 1100 3423 ἐκεῖνος
1114 3360 1358 3428 ἔγραψε,
1379 3359 1473 3412 καὶ
1488 3361 1537 3412 οἰ
1551 3360 1846 3431 προφῆται.
1871 3360 1985 3413 Οὐκ

423 3439 488 3493 ἂν
520 3440 577 3493 δέ
599 3440 843 3510 ἔγραψαν
877 3442 1006 3512 περὶ
1026 3436 1087 3496 οὗ
1118 3442 1350 3512 ἠγνόουν
1380 3442 1416 3497 ἀ
1443 3443 1627 3511 ἔλεγον
1649 3458 1663 3475 ο
1701 3443 1900 3508 εἰδότες
1927 3443 1985 3497 δέ

425 3524 604 3589 αὐτὸν,
635 3525 727 3579 καὶ
752 3526 1137 3597 προσεκύνουν.
1165 3527 1330 3580 Ὥστε
1352 3526 1591 3581 κάκεῖνοι
1615 3526 1676 3580 ἓν
1705 3527 1884 3597 σῶμα.
1908 3528 1983 3581 Οὐ

424 3608 674 3678 διέστηκε
714 3609 874 3677 σῶμα
914 3608 1244 3679 πνεύματος,
1282 3611 1404 3662 ἐπεὶ
1433 3611 1535 3663 οὐκ
1574 3610 1641 3664 ἂν
1678 3609 1763 3679 εἴη
1802 3609 1983 3680 σῶμα.

426 3690 583 3745 Οῦτω
608 3692 701 3744 καὶ
725 3694 858 3761 ἡμῖν
890 3691 1009 3756 ἐθος
1037 3693 1131 3745 ἐπὶ
1173 3692 1281 3745 τῶν
1321 3692 1617 3763 ήνωμένων
1658 3694 1753 3746 καὶ
1785 3693 1987 3765 πολλὴν

426 3774 524 3842 τὴν
573 3774 890 3828 ἀκολουθίαν
938 3775 1169 3845 ἐχόντων
1222 3775 1429 3844 λέγειν·
1471 3776 1566 3828 Ἐν
1611 3775 1771 3846 σῶμά
1815 3776 1984 3832 ἐστιν.

426 3857 580 3911 υῦτω
616 3857 709 3910 καὶ
754 3858 846 3910 ἐπὶ
890 3858 990 3928 τῆς
1033 3857 1278 3920 ἐνώσεως
1320 3858 1384 3910 τὸ
1436 3858 1594 3929 σῶμα
1635 3858 1985 3929 λαμϐάνομεν

431 3941 529 4010 μιᾷ
557 3940 785 4011 κεφαλῇ.
808 3941 869 3993 Et
890 3940 945 3992 δέ
977 3938 1074 4011 μία
1095 3940 1305 4012 κεφαλὴ
1336 3942 1428 3993 καὶ
1449 3940 1507 3994 ἓν
1538 3941 1716 4012 σῶμα.
1738 3942 1797 3994 τὸ
1826 3941 1984 4011 σῶμα

426 4024 485 4089 ἐξ
516 4024 749 4093 ἐντίμων
783 4023 877 4076 καὶ
912 4024 1122 4093 ἀτίμων
1153 4024 1435 4092 σύγκειται
1474 4023 1668 4094 μελῶν.
1703 4024 1848 4095 Πλὴν
1871 4023 1985 4076 ἀλλ’

426 4105 547 4159 οὔτε
568 4107 661 4159 τοῦ
700 4106 1035 4176 φαυλοτάτου
1068 4107 1128 4159 τὸ
1157 4106 1338 4178 μεῖζον
1367 4106 1837 4172 κατεξανίσταται,
1861 4106 1985 4160 οὔτε

425 4191 582 4244 τοῦτο
612 4192 806 4261 ἐκείνῳ
834 4190 1200 4259 διαφθονεῖται
1221 4200 1262 4243 ⁸.
1289 4190 1482 4244 Καίτοι
1512 4206 1575 4257 γε
1605 4190 1664 4243 οὐ
1689 4189 1789 4261 τὴν
1817 4191 1986 4261 αὐτὴν

430 4273 737 4328 συντέλειαν
775 4274 844 4327 τὰ
876 4276 1054 4329 πάντα
1093 4272 1358 4343 εἰσφέρει,
1402 4271 1538 4327 ἀλλά
1587 4272 1730 4326 κατά
1759 4273 1852 4325 τὸν
1888 4275 1987 4344 τῆς

428 4358 671 4428 ἀνάγκης
719 4356 895 4426 λόγον.
937 4358 1049 4410 Καὶ
1090 4358 1174 4410 ὅτι
1210 4356 1390 4410 πάντα
1420 4355 1732 4424 ἀναγκαίως
1762 4356 1989 4428 γεγένη-

426 4456 539 4501 ται,
567 4442 662 4494 καὶ⁸
683 4442 762 4503 εἰς
786 4441 972 4511 χρείας
991 4439 1299 4510 διαφόρους,
1328 4438 1507 4492 πάντα
1533 4439 1685 4508 ὁμότι
1695 4456 1790 4508 μα.
1833 4438 1987 4492 Ἔστι

426 4524 487 4577 δὲ
515 4524 583 4576 τά
625 4523 722 4593 μὲν
759 4523 1093 4593 κυριώτατα,
1127 4524 1196 4577 τὰ
1219 4523 1277 4575 δὲ
1309 4520 1504 4595 ⁴ἧττον·
1548 4517 1680 4586 οἷον,
1712 4524 1744 4594 ή
1778 4522 1987 4594 κεφαλὴ

428 4606 628 4669 παντὸς
659 4604 753 4659 τοῦ
784 4606 1032 4676 σώματός
1064 4609 1179 4659 ἐστι
1208 4606 1537 4677 κυριωτέρα,
1575 4606 1673 4668 τάς
1703 4623 1763 4659 τε
1795 4605 1987 4679 αἰσθή-

430 4707 543 4754 σεις
572 4691 751 4754 πάσας
780 4692 837 4745 ἐν
873 4693 1036 4763 ἐαυτῇ
1063 4691 1279 4762 ἔχουσα,
1320 4693 1412 4746 καὶ
1444 4693 1506 4744 τὸ
1530 4694 1629 4761 τῆς
1657 4691 1833 4761 ψυχῆς
1864 4694 1988 4760 i775-

433 4774 650 4844 μονικόν
676 4791 691 4805 ·
737 4776 833 4828 καὶ
874 4775 1118 4845 κεφαλῆς
1163 4775 1290 4829 ἀνευ
1324 4774 1486 4846 ζῆσαι
1523 4776 1625 4828 οὐκ
1652 4776 1731 4828 ἐνι
1756 4791 1769 4804 ·
1810 4774 1988 4828 ποδῶν

427 4858 485 4911 δὲ
529 4856 869 4912 ἐκκοπέντων
906 4857 1091 4911 πολλοὶ
1127 4857 1291 4910 πολὺν
1318 4858 1512 4929 χρόνον
1541 4857 1791 4911 ἐϐίωσαν,
1827 4858 1987 4911 Ὥστε

429 4940 491 4992 ού
520 4943 585 5011 τῇ
627 4940 772 4993 θέσει
817 4940 975 5011 μόνον
1004 4939 1142 5011 αῦτη
1181 4939 1402 5010 βελτίων
1442 4941 1686 5005 ἐκείνων,
1726 4940 1862 4993 ἀλλά
1894 4940 1989 4993 καὶ

428 5024 566 5095 αὐτῇ
608 5027 674 5093 τῇ
719 5023 968 5095 ἐνεργείᾳ
1000 5023 1097 5077 καὶ
1133 5026 1199 5094 τῇ
1230 5023 1400 5089 τάξει.
1432 5023 1496 5076 Τί
1530 5023 1597 5094 δὴ
1630 5022 1786 5076 τοῦτο
1816 5022 1985 5089 λέγω;

430 5106 580 5159 Εἰσὶν
638 5109 696 5161 ἐν
747 5110 811 5177 τῇ
881 5106 1175 5177 Ἐκκλησία
1227 5105 1434 5170 πολλοὶ,
1483 5106 1624 5159 εἰσὶν
1672 5106 1803 5168 εἰςιν
1852 5103 1986 5173 ὕψος

428 5189 832 5260 ἀνωρθωμένοι.
862 5188 1111 5259 καθάπερ
1137 5192 1171 5260 ἠ
1194 5189 1426 5260 κεφαλὴ,
1452 5189 1520 5243 τὰ
1546 5190 1772 5260 οὐράνια
1834 5204 1987 5257 περι-

432 5272 778 5336 σκοποῦντες,
808 5274 1059 5344 καθάπερ
1087 5274 1137 5326 οἰ
1187 5273 1453 5344 ὀφθαλμοὶ
1495 5275 1545 5325 οἰ
1572 5274 1629 5325 ἐν
1664 5275 1731 5343 τῇ
1757 5272 1988 5341 κεφαλῇ,

429 5356 566 5410 πολὺ
618 5356 719 5425 τῆς
756 5355 858 5427 γῆς
905 5355 1297 5424 ἀφεστηκότες,
1351 5356 1501 5410 οὐδὲν
1554 5357 1765 5426 ἔχοντες
1813 5354 1988 5408 κοινὸν

428 5438 567 5509 πρὸς
594 5439 763 5510 αὐτήν
780 5455 796 5471 ·
824 5438 974 5491 ἀλλοι
998 5438 1057 5490 δὲ
1088 5437 1262 5491 ποδῶν
1290 5439 1440 5504 τάξιν
1464 5439 1738 5511 ἐπέχουσι,
1768 5438 1865 5509 τὴν
1888 5439 1990 5507 γῆν

437 5520 751 5587 πατοῦντες,
781 5521 955 5575 ποδῶν
988 5520 1175 5592 μέντοι
1216 5522 1485 5591 ὑγιεινῶν.
1536 5524 1609 5576 Ού
1647 5522 1753 5595 γάρ
1792 5522 1853 5576 τὸ
1893 5522 1990 5591 τὴν

493 5739 521 5807 ξ
547 5740 697 5807 §avtL
719 5740 772 5807 _in
798 5756 971 5807 marg”
996 5745 1149 5805 τούτῳ
1171 5745 1319 5793 ἐκεῖνο
1344 5746 1587 5807 διαφθονεῖ.

446 5832 449 5835 -
496 5798 527 5841 δ
545 5801 696 5854 Forte
718 5798 981 5866 legenduim
1004 5809 1047 5855 οἱ
1072 5798 1151 5864 μέν
1177 5808 1254 5865 εἰς.

2085 1339 2188 1407 γῆν
2222 1342 2412 1393 πατεῖν
2462 1337 2714 1409 ἔγκλημα
2754 1336 2954 1405 ποδῶν,
2987 1338 3123 1394 ἀλλὰ
3168 1340 3230 1395 τὸ
3266 1342 3350 1406 εἰς
3391 1343 3671 1414 πονηρίανρ

2083 1421 2298 1491 τρέχειν
2318 1438 2332 1451 ο
2366 1424 2431 1475 οι
2454 1421 2637 1489 πόδες
2661 1421 2771 1492 γάρ
2797 1419 3017 1487 αὐτῶν,
3036 1424 3225 1492 φησὶν,
3252 1427 3340 1490 εἰς
3358 1426 3659 1493 πονηρίαν

2084 1504 2388 1572 τρέχουσι.
2435 1505 2590 1574 Μήτε
2637 1503 2702 1576 δὴ
2735 1498 2827 1557 οῦν
2855 1495 3023 1569 οὗτοι,
3065 1505 3222 1574 φησί,
3260 1506 3403 1577 μέγα
3434 1509 3653 1578 φρονεί-

2082 1604 2263 1640 τωσαν
2304 1588 2446 1642 κατά
2470 1588 2582 1641 τῶν
2624 1587 2822 1651 ποδῶν,
2858 1588 2992 1659 μηδὲ
3032 1590 3233 1642 ἐκεῖνοι
3274 1590 3487 1654 τούτοις
3559 1592 3655 1662 βα·-

2088 1672 2477 1725 σκαινέτωσαν·
2514 1670 2635 1724 ἐπεὶ
2662 1670 2725 1724 τὸ
2745 1673 2944 1725 οἰκεῖον
2968 1672 3196 1726 ἐκάστου
3222 1674 3418 1737 κάλλος
3445 1675 3653 1746 ἀνῄρη-

2083 1769 2193 1813 ται,
2241 1754 2337 1808 καὶ
2376 1756 2409 1825 ἡ
2455 1754 2612 1824 χρεία
2661 1756 2696 1824 ἡ
2754 1754 3045 1825 αὐτοτελὴς
3094 1755 3521 1824 ἐμπεπόδισταιο
3560 1759 3664 1810 καὶέ

2085 1837 2339 1901 εἰκότως⁸
2398 1839 2427 1889 ὁ
2478 1836 2587 1908 7&9
2632 1836 2711 1907 τῷ
2752 1837 2978 1908 πλησίον
3036 1838 3426 1904 ἐπιϐουλεύων,
3476 1839 3656 1910 ἐαυτῷ

2085 1920 2295 1989 πρῶτον
2318 1919 2431 1992 [76]
2448 1920 2862 1973 ἐπεϐούλευσεν.
2888 1921 2987 1974 Ἀν
3005 1939 3065 1974 τε
3081 1916 3173 1973 οὖν
3190 1922 3239 1975 οἰ
3261 1922 3419 1985 πόδες
3437 1923 3511 1993 μὴ
3534 1924 3656 1993 βου·

2084 2002 2289 2071 ληθῶσι
2334 2003 2560 2073 κομίσαι
2604 2020 2707 2056 που
2749 2002 2848 2074 τὴν
2882 2003 3125 2075 κεφαλὴν
3162 2006 3243 2067 εἰς
3276 2003 3455 2069 ἔξοδον
3487 2008 3656 2075 ἀναγ-

2084 2086 2247 2138 καίαν
2263 2127 2277 2150 ,
2312 2086 2406 2138 καὶ
2434 2088 2646 2148 ἑαυτοῖς
2670 2084 3004 2155 ἐλυμήναντο
3025 2086 3111 2139 διὰ
3132 2086 3234 2149 τῆς
3256 2087 3541 2156 ἀκινησίας
3564 2089 3656 2142 καὶ

2082 2169 2177 2220 τοῦ
2211 2169 2367 2222 δκνου
2392 2186 2405 2198 ·
2450 2170 2516 2222 ἄν
2542 2186 2602 2221 τε
2628 2170 2662 2239 ἡ
2708 2169 2929 2239 κεφαλὴ
2964 2170 3235 2240 μηδεμίαν
3280 2170 3515 2243 βουληθῇ
3547 2172 3657 2226 τῶν

2084 2250 2258 2303 ποδῶν
2292 2251 2616 2323 ποιήσασθαι
2668 2252 2769 2320 τὴν
2818 2252 3096 2323 πρόνοιαν,
3141 2251 3280 2324 αὕτη
3323 2253 3514 2324 πρώτη
3557 2254 3657 2324 τὴν

2086 2333 2289 2404 βλάϐην
2323 2335 2563 2399 ἐδέξατο.
2618 2334 2758 2387 Ἀλλ’
2794 2336 2976 2387 ἐκεῖνα
3022 2335 3121 2405 μὲν
3154 2336 3377 2399 εἰκότως
3413 2336 3658 2409 ἀλλήλοιν

2083 2417 2145 2470 οὑ
2193 2418 2679 2484 κατεξανίσταται’
2729 2418 2977 2488 φυσικῶς
3015 2420 3126 2491 γὰρ
3180 2419 3324 2473 οὔτω
3359 2421 3654 2476 τέτακται·

2084 2500 2367 2572 ἄνθρωπον
2392 2501 2449 2553 δὲ
2486 2502 2605 2564 πῶς
2626 2502 2852 2557 δυνατὸν
2890 2501 3179 2573 ἀνθρώπου
3216 2504 3290 2574 μὴ
3351 2504 3651 2569 κατεξανα-

2086 2584 2301 2653 στῆναι;
2326 2584 2461 2638 Οὐδὲ
2478 2584 2587 2655 γὰρ
2606 2585 2854 2653 ἀγγέλων
2873 2602 2957 2649 τις
2972 2586 3448 2652 κατεξανίσταται·
3468 2589 3657 2658 ἐπειδὴ

2080 2664 2203 2718 οὔτε
2232 2668 2427 2719 ἐκεῖνοι
2474 2667 2583 2719 τῶν
2617 2667 2975 2737 ἀρχαγγέλων
3004 2684 3018 2699 ·
3052 2669 3176 2721 ούδέ
3217 2669 3352 2738 ἐμοῦ
3387 2670 3551 2723 πάλιν
3588 2670 3659 2723 τά

2080 2748 2250 2817 ἄλογα
2276 2748 2459 2819 μεῖζόν
2482 2767 2535 2802 τι
2561 2750 2828 2821 φρονῆσαι
2856 2750 3081 2803 δύναται
3106 2768 3119 2780 ·
3149 2750 3279 2803 ἔνθα
3310 2751 3369 2804 δὲ
3397 2752 3657 2822 ὁμότιμος

2081 2833 2116 2901 ἡ
2151 2830 2310 2899 φύσις
2350 2832 2444 2885 καὶ
2490 2834 2588 2903 μία
2630 2835 2663 2904 ἡ
2701 2832 2898 2904 δωρεά,
2930 2834 3024 2886 καὶ
3067 2833 3221 2886 οὐδὲν
3251 2828 3406 2897 οὗτος
3443 2835 3655 2887 ἐκείνου

2082 2913 2243 2967 πλέον
2270 2913 2493 2985 ἔσχηκε,
2528 2914 2647 2979 πῶς
2693 2916 2754 2968 οὐ
2827 2916 2901 2987 μὴ
2948 2916 3353 2987 κατεξαναστῇς
3399 2918 3508 2970 Καὶ
3551 2917 3667 2987 μὴν·

2081 2996 2170 3049 διὰ
2206 2995 2381 3050 ταῦτα
2418 2996 2888 3067 κατεξαναστῆναι
2938 3000 3038 3052 οὐκ
3082 2998 3323 3068 ὀφείλεις
3370 2999 3512 3052 κατά
3560 2999 3657 3053 τοῦ

2083 3080 2333 3151 πλησίον.
2363 3081 2426 3133 Εἰ
2453 3080 2565 3152 γάρ
2594 3080 2772 3135 πάντα
2808 3082 2983 3143 κοινὰ,
3015 3081 3111 3135 καλ⁵
3139 3082 3291 3135 οὐδὲν
3322 3082 3510 3154 ἕτερος
3544 3086 3659 3138 ἐτέ-

2085 3180 2181 3232 ρου
2208 3162 2368 3216 πλέον
2415 3162 2549 3233 ἔχει,
2589 3162 2755 3217 πόθεν
2790 3165 2822 3233 ἡ
2868 3165 3126 3231 ἀπόνοια;
3173 3165 3395 3230 Φύσεως
3436 3167 3659 3238 μετέχο-

2087 3265 2184 3318 μεν
2212 3247 2313 3317 τῆς
2342 3248 2531 3319 αὺπῆς,
2561 3247 2744 3318 ψυχῆς
2773 3248 2869 3301 καὶ
2901 3248 3155 3318 σώματος
3185 3250 3410 3319 ὁμοίως,
3444 3251 3536 3305 τὸν
3562 3252 3660 3305 αὑ-

2082 3330 2173 3383 τὸν
2218 3330 2560 3401 ἀναπνέομεν
2591 3331 2753 3403 ἀέρα,
2797 3334 2916 3395 ταῖς
2953 3332 3146 3395 αὐταῖς
3174 3333 3499 3403 κεχρήμεθα
3531 3352 3659 3404 τρο-

2086 3416 2213 3483 φαῖς
2240 3430 2253 3443 ·
2299 3413 2464 3467 πόθεν
2497 3414 2533 3485 ἡ
2570 3413 2964 3480 ἐξανάστασιςς
3010 3414 3121 3468 Καὶ
3155 3414 3261 3484 μὴν
3294 3413 3357 3467 τὸ
3402 3416 3663 3471 δύνασθαι

2084 3497 2173 3551 διά
2202 3495 2302 3567 τὴν
2344 3495 2543 3567 ἀρετὴν
2576 3496 2686 3549 τῶν
2730 3496 3038 3567 ἀσωμάτων
3072 3497 3451 3567 περιγίνεσθαι
3500 3499 3661 3553 δυνά-

2088 3597 2233 3652 μεων
2270 3580 2450 3633 ἰκανὸν
2478 3581 2559 3642 εἰς
2584 3579 2903 3644 ἀλαζονείαν
2940 3581 3169 3648 ἀγαγεῖν
3197 3596 3210 3610 ·
3246 3580 3446 3650 μᾶλλον
3471 3582 3529 3635 δέ
3558 3585 3659 3636 οὐκ

2087 3665 2153 3719 ἂν
2190 3664 2275 3734 εἴη
2312 3664 2468 3717 τοῦτο
2494 3662 2799 3728 ἀλαζονεία.
2838 3663 2977 3732 Ἐγὼ
3003 3665 3112 3735 γὰρ
3137 3664 3365 3728 είκότως
3398 3666 3539 3719 κατὰ
3564 3667 3659 3720 τοῦ

2086 3748 2337 3817 δαίμονος
2363 3747 2503 3817 μέγα
2527 3748 2729 3818 φρονῶ,
2758 3748 2852 3801 καὶ
2877 3747 3081 3819 σφόδρα
3106 3747 3270 3818 μέγα.
3306 3750 3415 3802 Καὶ
3442 3750 3543 3820 ὅρα
3565 3752 3660 3803 καὶ

2089 3830 2300 3894 Παῦλος
2330 3830 2448 3893 πῶς
2492 3830 2634 3901 μέγα
2671 3829 2889 3900 ἐφρόνει
2915 3830 3057 3883 κατὰ
3085 3829 3180 3883 τοῦ
3206 3831 3482 3901 δαίμονος.
3526 3833 3658 3886 Ὅτε

2088 3914 2197 3986 γὰρ
2245 3912 2454 3985 μεγάλα
2489 3914 2617 3986 περὶ
2646 3912 2810 3966 αὑτοῦ
2852 3912 3004 3980 ἔλεγε
3035 3915 3127 3966 καὶ
3170 3912 3461 3984 θαυμαστά
3486 3917 3515 3969 6
3539 3916 3659 3969 δαί-

2091 4015 2228 4068 μων,
2268 3996 2626 4066 ἐπεστόμισεν
2681 3996 2862 4059 αὑτδν,
2909 3996 3032 4049 οὑδέ
3080 3996 3472 4061 κολακεύοντος
3530 4000 3659 4053 ἀνα-

2090 4080 2368 4150 σχόμενος.
2420 4079 2700 4150 Λεγούσης
2738 4079 2848 4149 γὰρ
2874 4080 3091 4149 ἐκείνης
3117 4078 3217 4149 τῆς
3238 4080 3531 4150 παιδίσκης
3557 4079 3659 4149 τῆς

2086 4162 2147 4214 τὸ
2175 4162 2390 4233 πνεῦμα
2416 4161 2511 4213 τοῦ
2536 4162 2780 4223 πύθωνος
2805 4160 3059 4236 ἐχούσης,
3085 4156 3263 4215 Οὗτοι
3284 4165 3338 4214 οἱ
3361 4162 3660 4229 ἄνθρωποι

2087 4243 2296 4298 δοῦλοι
2317 4245 2422 4299 τοῦ
2444 4246 2593 4300 Θεοῦ
2621 4246 2729 4300 τοῦ
2766 4245 3032 4313 ὑψίστου
3066 4244 3244 4309 εἰσὶν,
3270 4245 3488 4308 οἵτινες
3519 4262 3660 4299 κατ-

2087 4328 2493 4396 αγγέλλουσιν
2549 4328 2692 4398 ὑμῖν
2743 4327 2888 4382 ὁδὸν
2938 4326 3269 4393 σωτηρίας.
3329 4327 3674 4398 ἐπιτιμήσας,

2090 4409 2334 4479 σφοδρῶς
2361 4410 2719 4479 ἐπεστόμισεν
2748 4406 2912 4462 αὐτοῦ
2950 4408 3049 4479 τὴν
3086 4408 3441 4478 ἀναίσχυντον
3479 4410 3657 4476 γλῶσ-

2090 4509 2205 4544 σαν.
2238 4492 2349 4545 Καὶ
2364 4492 2528 4545 πάλιν
2550 4490 2782 4560 ἀλλαχοῦ
2808 4491 3010 4561 γράφει
3035 4488 3210 4558 λέγων
3234 4508 3247 4521 ⁸
3278 4494 3599 4560 Συντρίψει
3624 4501 3681 4554 όρ

2091 4574 2235 4641 Θεὸς
2252 4572 2360 4627 τὸν
2378 4571 2653 4629 Σατανᾶν
2672 4573 2789 4627 ὑπὸ
2814 4572 2959 4638 τοὺς
2977 4573 3169 4640 πόδας
3190 4571 3358 4643 ὑμῶν
3376 4574 3447 4627 ἐν
3466 4574 3655 4643 τάχει.

2088 4657 2180 4726 Μή
2213 4674 2266 4710 τι
2289 4657 2348 4710 τὸ
2378 4657 2477 4726 τῆς
2505 4656 2717 4725 φύσεως
2743 4656 3197 4727 παρηλλαγμένον
3228 4656 3482 4728 ἐποίησεν
3502 4676 3533 4723 ;γ

2161 4803 2228 4873 β’.
2244 4802 2409 4873 Ὁρᾷς
2426 4802 2507 4856 ὅτι
2523 4801 2673 4855 οὐδὲν
2696 4806 2839 4855 ποιεί
2858 4804 2919 4857 τὸ
2942 4804 3053 4858 τῶν
3073 4802 3286 4873 φύσεων
3314 4802 3500 4874 μέσον,
3524 4802 3679 4857 ἀλλὰ,

2086 4885 2148 4938 τὸ
2167 4885 2267 4954 τῆς
2291 4884 2664 4955 προαιρέσεως
2686 4902 2700 4951 ;
2736 4885 2834 4938 Διά
2858 4886 2958 4956 τὴν
2980 4888 3301 4956 προαίρεσιν
3316 4884 3497 4939 τοίνυν
3526 4885 3677 4941 πολὺ.

2089 4967 2305 5039 χείρους
2358 4968 2613 5022 ἁπάντων
2662 4967 2817 5021 εἰσίν.
2851 4968 2990 5020 Ἀλλ’
3037 4969 3269 5037 ἀγγέλου
3296 4968 3358 5021 οὐ
3404 4967 3661 5032 κατεξαν-

2094 5049 2337 5120 ίσταμαι,
2370 5050 2536 5121 φησί’
2574 5050 2706 5104 πολὺ
2761 5050 2869 5122 γὰρ
2898 5051 2959 5103 τὸ
2991 5051 3158 5121 μέσον
3203 5049 3339 5121 ἐμοῦ
3361 5050 3657 5103 κάκείνου.

2094 5132 2207 5187 Καὶ
2256 5133 2363 5203 μὴν
2406 5133 2695 5204 ἀνθρώπου
2745 5132 3231 5200 κατεξανίστασθαι
3268 5133 3369 5186 οὐκ
3401 5133 3657 5201 ὀφείλεις,

2093 5216 2156 5271 οὐ
2190 5218 2390 5289 μᾶλλον
2416 5218 2450 5289 ἢ
2480 5219 2735 5288 ἀγγέλου.
2770 5219 2825 5272 ’0
2868 5218 2970 5289 μὲν
3007 5218 3116 5289 γὰρ
3145 5217 3374 5286 ἄγγελος
3401 5219 3465 5286 τῇ
3500 5216 3659 5285 φύσει

2095 5299 2190 5353 σοῦ
2214 5301 2518 5369 διέστηκεν,
2549 5302 2684 5373 ὅπερ
2712 5298 2836 5354 οὔτε
2860 5299 3133 5371 ἐγκώμιον
3157 5300 3389 5362 ἐκείνου,
3414 5297 3537 5357 οὔτε
3559 5315 3661 5353 κα-

2095 5383 2189 5437 κία
2210 5384 2420 5452 γένοιτο
2445 5400 2458 5413 ·
2498 5384 2783 5453 ἄνθρωπος
2837 5383 2895 5435 δέ
2942 5382 3230 5454 ἀνθρώπου
3260 5381 3444 5435 οὐκέτι
3477 5380 3659 5450 φύσει,

2093 5465 2231 5519 ἀλλά
2264 5465 2580 5537 προαιρέσει
2630 5465 2878 5537 διέστηκε
2898 5482 2911 5495 ·
2959 5466 3052 5518 καὶ
3078 5464 3195 5518 ἐστι
3238 5465 3333 5518 καὶ
3364 5465 3423 5516 ἐν
3449 5464 3663 5535 ἀνθρὼ-

2096 5564 2220 5611 ποις
2266 5547 2515 5617 ἄγγελος.
2546 5548 2707 5603 Ὥστε
2744 5550 2794 5601 εἰ
2829 5547 2951 5603 κατ’
2995 5548 3241 5616 ἀγγέλων
3270 5546 3347 5618 μὴ
3402 5546 3663 5611 κατεξαν-

2106 5631 2345 5697 ίστασαι,
2376 5628 2557 5700 πολλῷ
2598 5630 2797 5702 μᾶλλον
2843 5632 2985 5685 κατὰ
3032 5630 3337 5699 ἀνθρώπων
3376 5629 3487 5682 τῶν
3508 5632 3564 5683 ἐν
3592 5632 3659 5699 τῇ

2099 5713 2259 5779 φύσει
2288 5712 2458 5785 ταύτῃ
2489 5714 2795 5782 γενομένων
2834 5714 3101 5783 ἀγγέλων.
3132 5714 3194 5766 Εἰ
3236 5714 3343 5784 γὰρ
3367 5713 3577 5781 γένοιτο
3600 5712 3661 5764 ἐν

2096 5796 2401 5868 ἀνθρώποις
2452 5798 2704 5873 ἐνάρετος
2748 5796 2919 5861 οὕτως
2965 5798 3038 5861 ὡς
3079 5797 3326 5866 ἄγγελος,
3372 5794 3505 5849 πολύ
3564 5807 3661 5849 σου
