4060 6400
406 374 477 430 17
1127 367 1187 423 S.
1225 365 1517 430 JOANNIS
1553 367 2048 427 CHRYSOSTOM!
2084 370 2406 429 ARCHIEP.
2446 371 2992 433 CONSTANTINOP-.
3571 382 3644 438 78

405 490 607 563 μᾶλλον
659 476 811 547 οὗτος
848 481 1071 554 μείζων,
1126 482 1161 552 ἢ
1215 482 1421 545 ἐκεῖνός
1454 486 1590 537 ἐστι.
1642 484 1707 538 Τί
1735 483 1974 555 δήποτε;

404 577 526 628 ’Ὁτι
556 572 694 640 ὅπερ
719 567 827 621 ἀπὸ
869 566 1086 641 φύσεως
1117 565 1276 637 ἔσχεν
1301 568 1536 633 ἐκεῖνος,
1575 568 1734 622 τοῦτο
1760 566 1976 638 κατώρ-

400 659 575 713 θωσεν
607 653 716 708 ἀπὸ
759 650 1139 724 προαιρέσεως
1187 649 1350 714 αὐτός
1372 667 1389 682 ο
1436 652 1532 706 καί
1559 652 1643 717 ὅτι
1667 649 1978 723 ἀπῴκισται

404 758 498 793 σου
524 741 555 791 ό
584 734 817 805 ἅγγελος
856 734 953 787 καὶ
992 733 1073 805 τῷ
1103 734 1255 804 τόπφ
1287 733 1383 788 καὶ
1418 734 1511 787 τὸν
1541 733 1770 805 οὐρανὸν
1814 733 1973 788 οἰκεῖ·

398 817 554 886 οὗτος
586 821 645 883 δὲ
674 817 1078 889 ἀναστρέφεται
1110 817 1250 887 μετά
1275 815 1394 882 σοῦ,
1424 818 1520 871 καὶ
1548 816 1733 871 δίδωσί
1771 833 1854 869 σοι
1881 814 1977 868 τοῦ

400 908 565 978 ζήλου
602 905 797 976 ῥοπήν.
831 903 941 957 Καὶ
981 902 1088 972 μὴν
1128 903 1225 961 καὶ
1251 894 1408 965 οὗτος
1435 901 1748 970 ἀπῴκισται
1778 898 1979 970 μᾶλλον

398 992 433 1060 ἢ
464 991 691 1051 ἐκεῖνος,
745 984 945 1054 Ἠμῶν
991 984 1123 1055 γὰρ,
1170 982 1432 1061 φησί,τὸ
1479 981 1597 1061 [Π]
1647 982 1979 1051 πολίτευμα

396 1074 468 1128 ἐν
498 1069 799 1141 οὐρανοῖς.
819 1069 948 1133 ’Ότι
966 1067 1024 1121 δέ
1053 1067 1252 1136 μᾶλλον
1279 1060 1437 1130 οὗτος
1464 1067 1795 1137 ἀπῴκισται,
1812 1066 1977 1122 ἄκουε

398 1174 515 1222 σον,
548 1153 652 1207 ποῠ
682 1151 849 1206 αὑτοῦ
900 1151 1138 1221 κάθηται
1173 1153 1204 1219 ὴ
1243 1150 1479 1221 κεφαλή’
1512 1149 1609 1212 Εἰς
1640 1150 1732 1203 τὸν
1765 1148 1973 1220 θρόνον,

398 1241 555 1311 φησί,
579 1239 670 1292 τὸν
699 1235 976 1313 βασιλικόν
997 1252 1010 1265 ·
1048 1236 1159 1305 ὅσῳ
1187 1233 1245 1286 δὲ
1275 1234 1465 1313 πόρρω
1486 1233 1645 1304 ἡμῶν
1692 1234 1722 1286 ὁ
1767 1232 1975 1305 θρόνος,

396 1322 639 1393 τοσούτῳ
662 1320 754 1374 καὶ
780 1312 954 1381 οὗτος.
986 1316 1125 1369 Ἀλλ’
1147 1316 1257 1385 ὁρῶ
1285 1312 1447 1388 τιμῆς
1478 1315 1842 1378 ἀπολαύοντα,
1870 1334 1977 1386 φη-

399 1409 474 1473 σὶ,
506 1407 604 1462 καὶ
633 1407 713 1469 εἰς
750 1400 1087 1474 ζηλοτυπίαν
1137 1401 1364 1471 ἄγομαι.
1417 1399 1590 1457 Τοῦτο
1622 1402 1730 1471 γάρ
1779 1402 1926 1455 ἐστιν
1948 1400 1978 1457 ὃ

397 1493 577 1547 πάντα
604 1491 717 1545 ἀνω
750 1487 848 1540 καὶ
877 1486 1031 1539 κάτω
1061 1484 1354 1555 πεποίηκε,
1386 1485 1482 1538 καὶ
1512 1487 1573 1538 ού
1597 1484 1696 1555 τὴν
1723 1485 1979 1555 οἰκουμέο

395 1593 494 1648 νην
527 1574 709 1644 μόνον,
735 1569 873 1624 ἀλλὰ
897 1568 991 1622 καὶ
1010 1567 1110 1637 τὴν
1139 1567 1465 1639 Ἐκκλησίαν
1486 1566 1693 1638 μυρίων
1710 1567 1977 1637 ἐνέπλησε

396 1656 661 1729 θορύϐων.
693 1655 805 1707 Καὶ
826 1653 1079 1722 καθάπερ
1107 1652 1186 1714 εἰς
1206 1650 1402 1721 λιμένα
1425 1650 1659 1722 γαληνὸν
1688 1650 1977 1722 πνεύματα

394 1744 564 1814 ἄγρια
598 1741 656 1807 ἐξ
706 1738 958 1806 ἐναντίας
1011 1736 1348 1806 ἐμπεσόντα,
1377 1737 1561 1807 πάσης
1593 1735 1853 1801 σπιλάδος
1881 1737 1978 1791 καὶ

394 1825 596 1888 παντὸς
635 1820 888 1892 πορθμοῦ
921 1819 1386 1889 ἐπισφαλέστερον
1428 1819 1590 1874 αὐτὸν
1621 1818 1973 1890 καθίστησινο

393 1912 536 1966 οὓτω
564 1909 630 1979 δὴ
665 1907 761 1961 καὶ
809 1905 839 1957 ὁ
876 1904 977 1974 τῆς
1023 1902 1185 1973 δόξης
1226 1902 1366 1974 έρως
1401 1902 1757 1970 ἐπεισελθὼν,
1796 1902 1977 1956 πάντα

392 1992 662 2067 ἀνέτρεψε
693 1990 788 2045 καί
819 1988 1063 2059 συνέχεε.
1119 1987 1543 2058 Παραγεγόνατε
1587 1986 1849 2050 πολλάκις
1876 1987 1976 2057 ἐμη

392 2074 637 2151 πρησμῷ
662 2073 852 2129 οἰκιῶν
875 2072 1130 2143 μεγάλων
1149 2087 1163 2099 ⁸
1201 2071 1370 2124 εἰδετε
1402 2070 1521 2134 πῶς
1546 2071 1753 2135 ἄνεισιν
1780 2072 1861 2134 εἰς
1884 2069 1976 2123 τὸν

393 2158 620 2233 οὐρανὸν
649 2161 678 2213 ὁ
710 2157 940 2220 καπνὸς,
974 2157 1069 2209 καὶ
1095 2154 1325 2225 μηδενὸς
1350 2154 1669 2235 προσιόντος
1699 2152 1891 2207 σϐέσαι
1914 2152 1977 2206 τὸ

394 2247 583 2309 κακὸν,
613 2244 750 2297 ἀλλά
793 2241 855 2295 τὺ
894 2241 1017 2294 καθ’
1069 2239 1261 2292 ἐαυτὸν
1289 2238 1523 2293 ἑκάστου
1574 2236 1972 2306 σκοπουμένου,

396 2329 537 2402 μετά
555 2327 757 2396 πολλῆς
788 2326 888 2395 τῆς
913 2324 1145 2400 ἡσυχίας
1167 2323 1228 2377 τὺ
1252 2322 1365 2395 πῦρ
1388 2322 1605 2389 ᾶπαντα
1628 2323 1971 2394 ἐπινέμεται’

391 2414 488 2468 καὶ
511 2410 842 2482 περιέστηκε
875 2406 975 2477 μὲν
1004 2407 1267 2471 πολλάκις
1318 2405 1506 2476 κύκλῳ
1532 2408 1685 2473 πᾶσα
1711 2409 1745 2477 ἡ
1794 2404 1972 2470 πόλις,

390 2496 789 2568 περιεστήκασι
840 2491 898 2544 δὲ
942 2489 1135 2551 θεαταὶ
1168 2488 1381 2557 κακῶν,
1427 2490 1488 2544 οὑ
1539 2490 1823 2560 σύμμαχοι
1852 2489 1974 2543 ούδέ

392 2578 580 2657 βοηθοί
602 2594 615 2607 ·
676 2576 772 2629 καὶ
804 2575 953 2628 ἐστιν
992 2574 1136 2657 ἰδεῖν
1182 2574 1339 2635 οὐδὲν
1377 2572 1671 2657 ποιούντας
1722 2572 1974 2636 ἅπαντας

388 2656 935 2733 τοὺςπεριεστῶτας,
952 2656 1069 2710 ἀλλ’
1095 2656 1327 2713 ἕκαστον
1352 2656 1537 2713 αὐτῶν
1554 2656 1657 2727 τὴν
1688 2660 1847 2729 χεῖρα
1877 2658 1974 2709 ἐκ·

390 2747 655 2815 τείνοντα,
694 2742 791 2797 καὶ
815 2741 893 2810 τῷ
928 2740 1262 2811 προσφάτως
1285 2738 1493 2794 ἐλθόντι
1519 2739 1657 2812 πρὸς
1684 2739 1776 2793 τὸν
1808 2739 1974 2797 τόπον

390 2828 792 2892 ἐπιδεικνύντα,
846 2825 881 2896 ἢ
928 2825 1017 2879 διά
1070 2823 1289 2894 θυρίδος
1322 2823 1585 2895 λαμπάδα
1608 2823 1975 2894 ὲξαλλομένην

392 2897 657 2986 συνεχῶς,
698 2912 733 2982 ἢ
767 2910 959 2973 δοκοὺς
1013 2908 1562 2980 καταρριπτομένας,
1610 2908 1644 2979 ἢ
1689 2907 1974 2979 περίϐολον

389 3001 685 3070 ὁλόκληρον
711 2994 822 3049 τῶν
856 2993 1199 3069 ἐρεισμάτων
1241 2993 1669 3046 ἀποσπασθέντα
1710 2993 1807 3049 καὶ
1836 2993 1975 3065 πρὸς

388 3086 491 3156 τὴν
528 3082 640 3153 γῆν,
664 3079 1042 3150 ἐπειγόμενον.
1078 3076 1202 3130 Εἰσὶ
1237 3077 1296 3129 δὲ
1341 3076 1531 3130 πολλοὶ
1554 3077 1662 3129 τῶν
1684 3078 1975 3150 τολμηρῶν

391 3170 485 3231 καὶ
514 3163 924 3237 ῥιψοκινδύνων,
960 3160 1011 3225 οἳ
1064 3160 1160 3227 καὶ
1214 3159 1443 3230 πλησίον
1495 3160 1677 3214 αὐτῶν
1717 3161 1975 3229 γενέσθαι

391 3253 500 3306 τῶν
542 3248 853 3319 καιομένων
882 3244 1338 3316 οἰκοδομημάτων
1384 3244 1824 3316 κατετόλμησαν,
1875 3245 1975 3315 ούχ

391 3336 536 3391 ὥστε
569 3348 730 3404 χειρα
758 3330 947 3403 ὀρέξαι
970 3330 1153 3393 αὐτοῖς
1197 3329 1294 3382 καί
1333 3328 1527 3383 σϐέσαι
1548 3327 1610 3383 τὸ
1635 3330 1829 3397 κακὸν,
1857 3329 1975 3383 ἀλλ’

391 3420 534 3476 ὥστε
564 3414 835 3488 ἡδυτέραν
873 3406 1130 3483 γενέσθαι
1164 3412 1266 3483 τὴν
1291 3413 1443 3477 θέαν,
1477 3415 1544 3468 ἐκ
1575 3413 1671 3466 τοῦ
1707 3413 1975 3482 σύνεγγυς

392 3503 573 3558 πάντα
605 3499 919 3570 δυναμένων
952 3498 1139 3559 αὐτῶν,
1163 3499 1540 3568 περισκοπεῖν,
1573 3497 1609 3552 ἃ
1629 3498 1755 3561 τοὺς
1776 3499 1976 3565 ἔξωθεν

393 3587 653 3655 πολλάκις
691 3584 907 3638 ἔλαθεν.
962 3584 1027 3636 Εἰ
1058 3583 1117 3636 δὲ
1151 3583 1246 3635 καί
1270 3581 1501 3652 λαμπρὰ
1529 3583 1623 3635 καὶ
1647 3582 1857 3653 μεγάλη
1881 3582 1975 3636 τύ·

391 3688 477 3742 χοι
508 3665 643 3740 οὖσα
668 3670 703 3739 ἡ
735 3667 904 3731 οἰκία.
940 3665 1174 3720 ἐλεεινὸν
1202 3665 1383 3735 θέαμα
1407 3665 1504 3719 καὶ
1551 3666 1761 3719 πολλῶν
1790 3667 1974 3732 αὐτοῖς

390 3753 647 3825 δακρύων
676 3751 829 3817 ἀξιον
859 3745 1002 3803 εἶναι
1034 3749 1205 3813 δοκεῖ.
1264 3750 1375 3801 Καὶ
1413 3749 1564 3803 ἐστιν
1593 3749 1813 3819 ἀληθῶς
1844 3751 1974 3805 ἰδεῖν

392 3839 572 3907 θέαμα
621 3835 883 3904 ἐλεεινὸν,
936 3833 1134 3900 κιόνων
1181 3834 1424 3902 κεφαλὰς
1458 3835 1608 3899 κόνιν
1655 3835 1970 3905 γινομένας,

392 3920 623 3983 πολλοὺς
657 3918 714 3970 δὲ
752 3917 846 3970 καί
893 3917 1093 3981 αὐτοὺς
1140 3916 1661 3987 διακεκλασμένους,
1711 3921 1839 3984 τοὺς
1872 3920 1974 3990 μὲν

390 4003 487 4058 τοῦ
534 4001 705 4072 πυρὸς
751 3999 1254 4071 κατεργαζομένου,
1289 4002 1417 4063 τοὺς
1466 4000 1523 4054 δὲ
1578 4001 1841 4065 πολλάκις
1865 4004 1974 4057 τῶν

390 4084 867 4157 οἰκοδομησάντων
902 4083 1105 4145 αὐτοὺς
1152 4082 1353 4154 χειρῶν
1403 4084 1682 4147 ῶθουσῶν,
1712 4085 1856 4139 ὥστε
1894 4087 1971 4157 μὴ

393 4155 614 4229 πλείονα
647 4167 857 4238 τροφὴν
899 4164 1158 4234 γενέσθαι
1208 4164 1287 4235 τῷ
1324 4167 1481 4237 πυρί.
1522 4168 1681 4235 Ἔστι
1737 4168 1796 4227 δὲ
1842 4155 1971 4229 ἰδεῖν

391 4253 706 4323 ἀγάλματα,
750 4249 786 4304 ἀ
820 4249 960 4319 μετὰ
990 4247 1189 4301 πολλοῦ
1213 4248 1310 4301 τοῦ
1339 4249 1569 4319 κόσμου,
1617 4250 1719 4320 τῆς
1769 4251 1972 4322 ὀροφῆς

391 4338 767 4408 ἐπικειμένης,
808 4335 1075 4404 εἱστήκει,
1107 4333 1583 4402 ἀνακαλυφθέντα,
1625 4335 1725 4405 τῆς
1766 4336 1970 4406 στέγης

390 4419 808 4493 ἀφαιρεθείσης,
832 4417 927 4471 καὶ
956 4417 1015 4470 ἐν
1045 4416 1242 4487 αἰθρίῳ
1266 4417 1405 4487 μετὰ
1432 4417 1638 4487 πολλῆς
1666 4418 1767 4488 τῆς
1798 4420 1973 4491 ἀμορ-

391 4508 521 4577 φίας
554 4505 849 4575 ἑστηκότα.
878 4502 945 4555 Τί
969 4501 1061 4569 δέ;
1094 4501 1186 4555 τὸν
1215 4501 1449 4554 πλοῦτον
1472 4502 1565 4555 τὸν
1593 4501 1743 4558 ἔνδον
1770 4505 1970 4570 ἐναπο-

393 4588 644 4660 κείμενον
686 4587 770 4650 τίς
807 4586 1154 4657 διηγήσαιτο,
1204 4585 1273 4637 τά
1322 4585 1513 4654 ἱμάτια
1544 4585 1614 4639 τά
1644 4587 1841 4667 χρυσᾶ,
1877 4589 1973 4641 καὶ

390 4673 462 4728 τά
496 4671 667 4741 σκεύη
689 4671 758 4725 τά
786 4670 1043 4741 ἀργυρᾶς
1081 4670 1191 4721 Καὶ
1224 4667 1333 4738 γὰρ
1362 4667 1493 4735 ἔνθα
1528 4669 1689 4739 μόνος
1712 4669 1743 4733 ό
1777 4669 1971 4723 δεσπό-

390 4774 493 4826 της
522 4755 695 4826 εἰσῄει
728 4752 869 4823 μετὰ
892 4753 991 4823 τῆς
1020 4750 1216 4816 ἐαυτοῦ
1251 4752 1509 4819 συζύγου,
1550 4751 1685 4818 ἔνθα
1710 4752 1820 4806 τῶν
1843 4753 1971 4817 πολ-

392 4841 502 4895 λῶν
534 4837 763 4910 ἱματίων
810 4836 905 4903 καὶ
938 4834 1252 4907 ἀρωμάτων
1281 4834 1347 4894 τὺ,
1366 4836 1592 4905 ταμεῖον
1623 4830 1717 4907 ἦν,
1753 4836 1861 4898 τῶν
1890 4836 1970 4890 λι-

394 4925 503 4983 θων
532 4922 643 4975 τῶν
672 4919 981 4985 πολυτελῶν
1009 4919 1077 4971 τὰ
1125 4918 1328 4989 δοχεῖα,
1369 4920 1498 4988 μιᾶς
1527 4921 1710 4990 πυρᾶς
1740 4920 1971 4991 γενομέ-

392 5027 511 5081 νης,
534 5007 629 5062 καί
659 5004 989 5075 βαλανευταί
1018 5002 1113 5055 καὶ
1139 5000 1422 5071 κοπρῶναι
1454 5003 1548 5055 καὶ
1581 5001 1849 5073 δραπέται
1875 5006 1972 5060 καὶ

391 5094 594 5157 πάντες
642 5087 829 5154 λοιπὸν
874 5086 1042 5150 ἔνδον,
1076 5086 1172 5138 καὶ
1212 5086 1395 5149 πάντα
1419 5083 1488 5138 τά
1526 5085 1675 5139 ἔνδον
1700 5086 1846 5160 ὕδωρ
1876 5092 1971 5157 καὶ

392 5176 505 5248 πῦρ
533 5174 630 5229 καὶ
659 5171 833 5243 πηλὸς
854 5172 950 5226 καὶ
972 5171 1141 5234 κόνις,
1175 5170 1270 5223 καὶ
1296 5169 1430 5235 ξύλα
1455 5170 1794 5240 ἡμίκαυστα.
1824 5173 1889 5225 Τί
1913 5175 1968 5227 δὲ

389 5263 490 5334 τὴν
520 5259 702 5315 εἰκόνα
738 5256 941 5327 ταύτην
974 5254 1230 5309 ἐπιπλέον
1279 5253 1566 5321 ἐξέτεινα;
1623 5256 1738 5326 Ούχ
1783 5257 1969 5321 ἁπλῶς

390 5345 569 5408 οἰκίας
615 5340 947 5414 ἐμπρησμὸν
980 5338 1296 5409 ὑπογράψαι
1344 5337 1706 5407 βουλόμενοςο
1764 5338 1817 5392 τί
1860 5341 1970 5411 γάρ

394 5447 486 5500 μοι
509 5426 701 5481 τούτου
730 5425 919 5496 μέλει;
952 5421 1089 5476 ἀλλά
1116 5424 1470 5493 παραστῆσαι
1505 5420 1829 5492 βουλόμενος
1857 5427 1970 5487 τοῖς

391 5511 678 5585 ὑμετέροις
705 5509 1028 5580 ὀφθαλμοῖς,
1057 5506 1132 5569 ὡς
1159 5501 1271 5558 οἷόν
1295 5522 1376 5568 τε,
1417 5505 1487 5559 τά
1515 5505 1617 5575 τῆς
1645 5504 1970 5577 Ἐκκλησίας

372 5596 563 5652 νιιακά.
610 5593 880 5663 Καθάπερ
918 5592 1028 5662 γὰρ
1073 5589 1404 5661 ἐμπρησμὸς
1434 5588 1625 5651 ὅντως,
1660 5588 1693 5658 ἢ
1729 5590 1968 5659 σκηπτός

393 5699 478 5745 τις
526 5677 730 5734 ἄνωθεν
769 5675 883 5748 [78]
926 5676 1248 5747 φερόμενος,
1289 5671 1464 5735 οὓτως
1505 5672 1586 5735 εἰς
1643 5671 1807 5725 αὐτὸν
1838 5690 1969 5726 κατ-

393 5762 595 5836 ηνέχθη
624 5760 723 5830 τῆς
755 5759 1079 5832 Ἐκκλησίας
1111 5756 1201 5811 τὸν
1232 5756 1450 5825 ὄροφον,
1479 5756 1574 5809 καὶ
1603 5753 1795 5808 οὐδένα
1819 5755 1969 5811 διαν-

395 5850 639 5917 ίστησιν·
670 5842 805 5899 ἀλλά
834 5846 931 5915 τῆς
984 5842 1162 5906 οἰκίας
1196 5840 1294 5911 τῆς
1340 5838 1601 5911 πατρῴας
1642 5839 1959 5922 καιομένης,

2083 483 2425 556 καθεύδομεν
2448 485 2614 541 ὕπνον
2642 487 2762 541 τινά
2791 487 2961 558 βαθὺν
2992 488 3085 543 καὶ
3108 489 3453 561 ἀναίσθητον.
3490 494 3645 559 Τίνος

2078 567 2188 638 γάρ
2212 569 2312 638 οὐχ
2354 569 2532 640 ἥψατο
2577 570 2738 624 τοῦτο
2778 566 2854 624 τὸ’
2894 571 3043 643 πῦρ;
3090 572 3260 628 ποίων
3314 576 3644 647 ἀγαλμάτων

2078 649 2189 704 τῶν
2219 653 2279 707 ἐν.
2305 651 2603 724 Ἐκκλησία
2647 654 2934 717 ἐστώτωνς
2988 656 3285 726 Ἐκκλησία
3336 657 3445 727 γάρ
3493 661 3645 714 οὐδὲν

2078 731 2265 805 ἕτερόν
2293 735 2462 799 ἐστιν,
2507 737 2623 790 ἀλλ’
2651 738 2684 809 ἢ
2715 738 2804 792 διά
2843 738 2953 797 τῶν
2980 740 3266 812 ἡμετέρων
3292 740 3480 811 ψυχῶν
3504 742 3645 813 ῴκο-

2072 815 2357 890 δομημένη
2383 819 2550 874 οἰκία.
2591 821 2654 873 Ἠ
2690 821 2745 874 δὲ
2775 834 2802 862 ι
2832 823 2978 875 οἰκία
3008 823 3147 894 αὕτη
3178 824 3276 877 ούκ
3307 824 3453 879 ἐστιν
3483 827 3647 880 ἰσότι-

2083 916 2183 968 μος
2213 901 2424 967 ἅπασα,
2455 902 2589 955 ἀλλά
2616 903 2724 957 τῶν
2747 906 2827 967 εἰς
2863 905 3034 976 αὐτὴν
3060 905 3455 960 συντελούντων
3482 908 3645 962 λίθων

2079 982 2130 1034 οἰ
2171 983 2273 1059 μέν
2308 986 2417 1037 εἰσι
2447 985 2693 1057 λαμπροὶ
2730 989 2825 1041 καὶ
2861 987 3099 1059 φαιδροὶ,
3131 990 3183 1041 οἰ
3209 989 3266 1042 δέ
3296 989 3519 1043 ἐκείνων
3546 990 3648 1060 μὲν

2080 1063 2335 1129 ἐλάττους
2359 1069 2452 1121 καί
2473 1068 2859 1143 ἀμαυρότεροι,
2884 1069 3065 1141 πολλῷ
3096 1070 3154 1124 δὲ
3182 1071 3358 1125 ἄλλων
3381 1071 3643 1140 βελτίους.

2083 1148 2271 1203 Ἔστιν
2299 1150 2425 1211 ἰδεῖν
2454 1151 2689 1206 ἐνταῦθα
2718 1153 2948 1217 πολλοὺς
2974 1156 3069 1208 καὶ
3119 1155 3322 1226 χρυσοῦ
3354 1157 3510 1223 τάξιν
3547 1158 3650 1209 ἐπ-

2082 1232 2328 1302 έχοντας,
2352 1234 2554 1305 χρυσοῦ
2586 1235 2680 1292 τοῦ
2730 1237 3062 1307 κοσμοῦντος
3110 1240 3202 1292 τὸν
3238 1239 3461 1309 ϐροφονο
3502 1240 3653 1293 ἐστιν.

2082 1314 2211 1369 ἰδεῖν
2237 1318 2331 1369 καί
2353 1317 2445 1369 τὸν
2476 1317 2583 1370 ἀπὸ
2614 1318 2948 1389 ἀγαλμάτων
2975 1320 3178 1392 κόσμον
3203 1320 3394 1385 ἀλλους
3421 1340 3649 1393 παρεχο-

2082 1399 2279 1467 μένους
2300 1417 2314 1430 ’
2367 1401 2594 1465 πολλοὺς
2638 1402 2786 1457 ἔστιν
2820 1405 2949 1460 ἰδεῖν
2982 1406 3059 1470 ὼς
3106 1405 3333 1470 στύλους
3385 1408 3644 1471 ἑστῶτας.

2078 1478 2203 1535 Οῐδε
2230 1481 2339 1554 γάρ
2369 1484 2464 1538 καὶ
2509 1484 2828 1561 ἀνθρώπους
2858 1487 3083 1553 στύλους
3108 1488 3315 1554 καλεῖν,
3355 1490 3416 1543 ού
3449 1491 3516 1560 τῇ
3551 1489 3646 1542 δυ-

2077 1565 2241 1636 νάμει
2270 1566 2452 1637 μόνον,
2489 1567 2627 1621 ἀλλά
2659 1569 2755 1624 καὶ
2779 1569 2859 1642 τῷ
2886 1571 3074 1635 κάλλει
3113 1573 3281 1627 πολὺν
3307 1573 3647 1645 παρέχοντας

2077 1651 2308 1722 κόσμον,
2366 1653 2610 1722 κεφαλὰς
2688 1654 2911 1726 ἔχοντας
2990 1658 3437 1729 κεχρυσωμένας.
3492 1660 3651 1719 Ἐστι,

2077 1734 2281 1804 πλῆθος
2315 1734 2463 1799 ἰδεῖν,
2489 1736 2676 1800 ὡςέπί
2702 1738 2836 1792 πολὺ
2864 1740 2926 1792 τὸ
2951 1739 3230 1811 διάστημα
3250 1741 3346 1795 καί
3367 1741 3465 1812 τὴν
3490 1742 3649 1814 εύρυ⁴

2077 1819 2285 1890 χωρίαν
2320 1818 2431 1873 τῶν
2486 1822 2791 1893 περιϐόλων
2819 1818 2993 1878 εἶναι·
3022 1825 3084 1879 τὸ
3122 1824 3229 1897 γὰρ
3277 1824 3412 1879 πολὺ
3448 1825 3649 1897 πλῆθος

2075 1902 2176 1974 τὴν
2200 1900 2353 1967 τάξιν
2381 1902 2571 1977 ἐπέχει
2602 1904 2711 1959 τῶν
2738 1904 2901 1961 λίθων
2925 1907 3034 1960 τῶν
3057 1908 3185 1971 τοὺς
3207 1907 3419 1979 τοίχους
3447 1909 3650 1964 οἰκοδο-

2079 2002 2345 2056 μουντων.

2146 2158 2215 2224 γ’.
2232 2153 2449 2207 Μᾶλλον
2463 2151 2518 2207 δὲ
2535 2153 2628 2206 ἐπὶ
2646 2152 3031 2230 λαμπροτέραν
3042 2155 3216 2211 ἐλθεῖν
3230 2157 3412 2213 εἰκόνα
3430 2158 3529 2213 δεῖ.
3542 2158 3650 2213 Δύ-

2073 2256 2143 2309 τη
2178 2238 2211 2308 ἡ
2245 2237 2545 2309 Ἐκκλησία
2567 2238 2668 2292 οὐκ
2690 2240 2798 2293 ἀπὸ
2824 2240 2934 2296 τῶν
2955 2241 3120 2296 λίθων
3143 2241 3347 2297 τούτων
3369 2243 3650 2314 ᾠκοδόμη-

2075 2339 2183 2385 ται,
2219 2320 2333 2375 ἀλλ’
2366 2321 2474 2381 ἀπὸ
2518 2322 2615 2377 τοῦ
2649 2319 2856 2394 χρυσοῦ
2885 2324 3101 2377 καὶτοῦ
3128 2324 3372 2397 ἀργύρου
3402 2326 3500 2380 καὶ
3537 2328 3650 2381 τῶν

2075 2404 2240 2458 λίθων
2262 2403 2372 2457 τῶν
2394 2404 2615 2475 τιμίων,
2640 2408 2737 2465 καὶ
2758 2405 2926 2468 πολὺς
2955 2407 3234 2478 πανταχοῦ
3266 2408 3592 2481 διέσπαρται
3619 2414 3655 2467 ό

2077 2488 2298 2561 χρυσός.
2337 2488 2475 2543 Ἀλλ’
2505 2487 2550 2541 ῶ
2582 2488 2690 2544 τῶν
2740 2490 2956 2562 πικρῶν
2995 2490 3279 2563 δακρύωνί
3330 2492 3512 2548 πάντα
3539 2496 3657 2567 γὰρ

2075 2572 2250 2626 ταῦτα
2275 2570 2574 2641 κατέφλεξε
2602 2572 2702 2643 τῆς
2731 2572 3038 2639 κενοδοξίας
3068 2576 3103 2645 ἡ
3126 2577 3408 2647 τυραννὶς,
3436 2579 3470 2649 ἠ
3497 2596 3647 2649 παμ-

2076 2657 2251 2727 φάγος
2282 2656 2422 2728 αῢτη
2449 2656 2602 2726 φλὸξ,
2639 2658 2734 2711 καὶ
2760 2658 2935 2720 οὐδεὶς
2965 2659 3228 2731 ἀνωτέρω
3251 2662 3346 2715 τοῦ
3384 2664 3647 2734 πράγμα-

2076 2760 2166 2807 τος
2187 2742 2440 2811 γέγονεν·
2477 2741 2594 2796 ἀλλ’
2627 2742 2942 2813 ἑστήκαμεν
2962 2742 3065 2814 τὴν
3097 2742 3197 2811 μὲν
3222 2743 3397 2815 φλόγα
3433 2746 3647 2817 θαυμά-

2076 2827 2282 2894 ζοντες,
2307 2825 2500 2879 σϐέσαι
2544 2824 2602 2878 δέ
2653 2824 2717 2883 τὸ
2759 2824 2932 2880 κακὸν
2957 2825 3145 2881 οὐκέτι
3190 2827 3499 2893 δυνάμενοι.
3526 2830 3649 2884 Κᾶν

2076 2909 2360 2980 σϐέσωμεν
2384 2908 2445 2962 δέ
2487 2906 2625 2979 πρὸς
2671 2907 2880 2980 βραχὺν
2916 2909 3130 2981 καιρὸν,
3159 2910 3295 2965 ἀλλά
3315 2913 3478 2967 πάλιν
3509 2914 3649 2983 μετά

2073 2993 2166 3047 δύο
2188 2993 2283 3047 καί
2309 2994 2458 3060 τρεῖς
2487 2992 2699 3063 ⁴ἡμέρας
2728 2991 2917 3063 ῶσπερ
2944 2992 3057 3046 ἀπό
3074 3010 3217 3057 τινος
3242 2996 3465 3060 σποδιᾶς
3494 3014 3648 3050 σπιν-

2074 3075 2179 3148 θὴρ
2215 3075 2578 3146 ἐντυφόμενος
2636 3075 2932 3147 ἀνέτρεψεν
2979 3076 3215 3140 ἅπαντα,
3258 3079 3354 3132 καὶ
3396 3080 3497 3133 ὃσα
3534 3083 3647 3144 τοῖς

2074 3159 2343 3237 πρότερον
2390 3159 2456 3213 ού
2501 3159 2925 3230 κατειργάσατο.
2990 3159 3147 3215 Οὕτω
3183 3161 3246 3232 δὴ
3290 3162 3386 3216 καί
3413 3163 3653 3225 ἐνταῦθα,

2074 3244 2282 3312 γίνεται
2301 3259 2317 3273 ·
2347 3243 2443 3297 καί
2471 3242 2584 3314 γάρ
2612 3243 2709 3297 καί
2747 3244 2843 3297 ἐπὶ
2882 3244 2983 3315 τῆς
3020 3248 3301 3317 πυρκαϊᾶς
3326 3246 3487 3301 τοῦτο
3511 3265 3648 3319 συμ-

2075 3329 2280 3383 ϐαίνειν
2310 3328 2431 3393 ἔθος
2457 3328 2594 3383 ἐστί.
2628 3328 2703 3383 Τὸ
2743 3329 2801 3383 δὲ
2849 3328 3045 3394 αῐτιον,
3068 3331 3179 3384 τῶν
3220 3330 3427 3385 στύλων
3464 3333 3647 3387 αὐτῶν

2073 3413 2174 3484 τῆς
2205 3412 2529 3484 Ἐκκλησίας
2575 3412 2643 3469 τὰ
2675 3412 2981 3484 ἐρείσματα
3017 3413 3275 3484 διέφυγεν
3303 3417 3473 3487 ἡμᾶς,
3517 3418 3648 3481 τοὺς

2075 3497 2165 3550 τὸν
2191 3496 2388 3568 δροφον
2416 3497 2731 3567 ἀνέχοντας,
2758 3497 2854 3551 καί
2896 3498 3160 3568 πρότερον
3192 3499 3373 3552 πᾶσαν
3400 3515 3645 3568 συγκρα-

2073 3580 2301 3644 τοῦντας
2320 3580 2419 3651 τὴν
2434 3579 2749 3656 οἰκοδομίαν
2773 3579 3068 3651 περιέϐαλε
3085 3579 3166 3651 τῷ
3183 3581 3336 3652 πυρί.
3361 3581 3460 3635 Διά
3487 3581 3651 3646 τοῦτο

2076 3665 2171 3721 καὶ
2196 3666 2275 3728 εἰς
2301 3666 2429 3729 τοὺς
2451 3664 2671 3728 λοιποὺς
2702 3663 2918 3735 τοίχους
2940 3663 3161 3728 εὔκολος
3196 3666 3416 3735 γέγονεν
3457 3668 3492 3737 ἡ
3530 3666 3645 3721 δια-

2074 3748 2274 3819 δρομή.
2307 3749 2417 3801 Καὶ
2450 3749 2559 3818 γὰρ
2587 3748 2681 3800 ἐπὶ
2711 3748 2819 3805 τῶν
2862 3747 3333 3819 οἰκοδομημάτων,
3365 3750 3493 3804 ὅταν
3545 3752 3649 3822 μὲν

2076 3832 2249 3901 ξύλων
2270 3829 2619 3900 ἐπιλάϐηται,
2649 3830 2851 3901 μᾶλλον
2866 3831 3150 3895 όπλίζεται
3177 3831 3318 3885 κατὰ
3336 3833 3444 3887 τῶν
3458 3832 3641 3887 λίθων’

2073 3919 2202 3971 ὅταν
2223 3916 2280 3967 δὲ
2303 3914 2428 3977 τοὺς
2450 3913 2675 3978 στύλους
2709 3914 3016 3989 κατενέγκῃ
3038 3915 3137 3968 καὶ
3167 3914 3299 3987 ῥίψῃ
3328 3918 3523 3987 χαμαὶ,
3550 3918 3639 3972 οὐ-

2072 4002 2161 4061 δέν
2192 3999 2365 4052 δεῖται
2401 3997 2588 4052 λοιπὸν
2630 3998 2767 4070 πρὸς
2800 3998 2862 4052 τὸ
2898 4002 2969 4053 τά
3011 3997 3175 4052 λοιπά
3210 4002 3275 4070 τῇ
3320 4001 3478 4071 φλογὶ
3509 4021 3642 4058 κατ-

2073 4081 2433 4157 εργάσασθαι.
2459 4080 2580 4134 Τῶν
2592 4080 2702 4153 γάρ
2720 4081 3036 4152 ἐρειδόντων
3056 4081 3150 4135 καὶ
3172 4082 3649 4155 ὑποστηριζόντων

2073 4169 2139 4221 τά
2194 4167 2307 4221 ἀνω
2356 4164 2833 4231 καταπιπτόντων,
2886 4165 3173 4236 αὐτόματα
3225 4168 3457 4223 κάκεῖνα
3505 4172 3645 4240 μετὰ

2073 4249 2275 4319 πολλῆς
2303 4248 2402 4318 τῆς
2428 4247 2779 4318 ἑτοιμότητος
2802 4246 3014 4312 τούτοις
3036 4249 3246 4304 ἕπεται.
3274 4250 3430 4307 Οὕτω
3460 4253 3525 4325 δὴ
3549 4256 3647 4311 καί⁵

2073 4335 2167 4389 νῦν
2210 4333 2437 4402 γέγονεν
2484 4333 2580 4385 ἐπὶ
2615 4331 2716 4401 τῆς
2747 4333 3114 4403 Ἐκκλησίας’
3154 4334 3373 4389 πάντων
3418 4337 3479 4390 τὸ
3531 4337 3644 4409 πῦρ

2074 4417 2404 4473 ἐπελάϐετο·
2462 4414 2630 4486 τιμὰς
2668 4415 2769 4479 τὰς
2805 4416 2957 4487 παρά
3001 4416 3306 4489 ἀνθρώπων
3352 4417 3640 4490 ζητοῦμεν,

2073 4505 2167 4560 καί
2205 4503 2334 4574 περί
2374 4498 2472 4571 τὴν
2506 4500 2666 4565 δόξαν
2697 4501 3055 4571 ἐκκαιόμεθα,
3086 4501 3182 4555 καὶ
3225 4501 3326 4555 ούκ
3371 4503 3644 4575 ἀκούομεν

2069 4586 2169 4643 τοῦ,
2196 4584 2315 4639 Ἰὼϐ
2346 4585 2595 4652 λέγοντος
2617 4601 2630 4615 ·
2683 4586 2753 4638 Εἰ
2806 4583 2906 4637 καὶ
2937 4583 3212 4655 ἁμαρτὼν
3256 4585 3557 4654 ἀκουσίως
3589 4590 3641 4654 b,

2071 4669 2397 4738 διετράπην
2416 4669 2820 4739 πολυοχλίαν;
2842 4667 2995 4730 Εἶδες
3019 4668 3194 4738 ψυχὴν
3213 4668 3498 4739 ἐνάρετον;
3530 4673 3644 4727 Ούκ

2073 4753 2188 4827 [79]
2219 4751 2515 4823 ᾐσχύνθην,
2557 4753 2742 4821 φησὶν,
2770 4750 3012 4805 ἐναντίον
3043 4751 3136 4804 τοῦ
3170 4751 3409 4822 πλήθους
3442 4756 3644 4820 παντὸς

2071 4839 2246 4891 εἰπεῖν
2272 4836 2340 4890 τά
2369 4835 2603 4890 ἀκούσια
2630 4836 3024 4906 ἁμαρτήματα,
3070 4836 3133 4887 Εἰ
3189 4835 3246 4889 δὲ
3287 4838 3492 4900 ἐκεῖνος
3542 4839 3644 4893 ούκ

2075 4920 2364 4993 ᾐσχύνετο,
2392 4917 2574 4988 πολλῷ
2622 4918 2823 4988 μᾶλλον
2874 4919 3021 4988 ἡμᾶς
3068 4918 3235 4989 ἐχρῆν
3262 4918 3420 4973 τοῦτο
3444 4925 3639 4980 ποιεῖν.

2071 5004 2219 5073 Λέγε
2247 5001 2357 5072 γὰρ
2388 5001 2491 5065 σὺ,
2521 5002 2675 5071 φησὶ,
2707 5001 2814 5067 τὰς
2840 5000 3089 5073 ἀνομίας
3118 5015 3235 5055 σου
3261 5001 3506 5071 πρῶτος.
3542 5006 3647 5065 ἵνα
3762 5038 3767 5041 -

2071 5084 2408 5154 δικαιωθῇς.
2446 5084 2623 5153 Πολλὴ
2667 5083 2893 5152 γέγονεν
2921 5085 2956 5154 ἡ
2991 5084 3290 5155 σφοδρότης
3330 5086 3522 5140 τούτου
3546 5088 3648 5142 τοῦ

2072 5169 2266 5236 κακοῦ,
2298 5171 2476 5224 πάντα
2514 5167 2926 5238 ἀνατέτραπται
2971 5168 3065 5221 καὶ
3114 5168 3427 5236 ἠφάνισται.
3462 5172 3644 5243 Τιμῆς

2070 5254 2249 5307 δοῦλοι
2302 5253 2628 5321 γεγόναμεν,
2691 5251 2925 5320 ἀφέντες
2967 5250 3058 5304 τὸν
3110 5251 3277 5307 Θεόν·
3312 5254 3496 5309 ούκέτι
3527 5259 3642 5322 τοῖς

2070 5338 2392 5408 ἀρχομένοις
2425 5332 2723 5403 ἐπιπλῆξαι
2746 5332 3041 5403 δυνάμεθα,
3073 5334 3152 5404 τῷ
3191 5336 3339 5405 αὐτῷ
3368 5337 3461 5391 καὶ
3487 5341 3643 5395 αύτοί

2072 5421 2426 5492 κατεχόμενοι
2450 5417 2668 5487 πυρετῷ
2689 5434 2701 5445 ·
2730 5419 2822 5471 καί
2853 5418 3006 5470 αὐτοὶ
3037 5417 3091 5470 δὲ
3116 5418 3347 5490 δεόμεθα
3376 5423 3638 5494 ἰατρείας,

2069 5506 2121 5558 οἰ
2151 5503 2445 5575 ταχθέντες
2479 5504 2559 5561 εἰς
2588 5504 2648 5554 τὸ
2688 5501 3012 5571 θεραπεύειν
3048 5504 3174 5566 τοὺς
3193 5503 3388 5569 ἀλλους
3411 5507 3517 5561 ὑπὸ
3541 5509 3639 5563 τοῦ

2070 5587 2227 5645 Θεοῦ.
2263 5587 2398 5639 Ποία
2418 5585 2602 5637 λοιπὸν
2634 5587 2788 5650 ἐλπὶς
2822 5586 3092 5658 σωτηρίας
3132 5589 3503 5658 ὑπολείπεται,
3529 5593 3641 5648 τῶν

2133 5734 2157 5763 8
2184 5721 2292 5784 Duo
2317 5734 2457 5784 ωδε..
2481 5722 2648 5784 ψυχῶν
2668 5720 3023 5784 οἰκοδομζαηἪ
3045 5723 3112 5770 δέ.

2133 5784 2162 5825 b
2184 5780 2793 5849 ηεεηουίάαηὶίέκουσίως
2812 5780 3075 5849 habebam.
3109 5788 3161 5835 et
3181 5781 3249 5837 sic
3273 5783 3462 5849 legerat
3483 5785 3646 5847 in‘teh

2074 5859 2188 5919 pres
2205 5843 2424 5907 Latitius,
2450 5843 2536 5908 qui
2564 5850 2781 5896 verterat
2802 5843 3087 5905 voluntarie.
