4060 6400
426 333 498 388 79
1172 319 1230 377 S.
1270 314 1548 375 JOANNIS
1581 309 2052 373 CHRYSOSTOMI
2086 310 2399 369 ARCHIEP.
2441 312 2973 372 CONSTANTINOP.
3620 318 3690 374 80

428 448 674 513 fulciunt,
704 444 795 501 illa
821 455 1034 515 quoque
1059 453 1125 497 ea
1153 446 1450 509 sequuntur
1473 449 1593 491 cum
1624 445 1815 503 magna
1841 427 2009 484 facill-

433 552 560 597 tate.
600 538 679 593 ita
703 535 865 592 etiam
893 548 1035 589 nunc
1062 530 1310 587 usuvenit
1335 529 1386 583 in
1410 527 1651 585 Ecclesia
1681 542 1696 580 :
1724 525 1860 596 ignis
1888 537 2008 577 om-

429 633 519 686 nia
547 626 930 700 apprehendit;
975 625 1209 680 honores
1248 622 1534 694 quaerimus
1563 621 1631 677 ab
1666 617 2006 685 hominibus,

429 732 484 777 et
520 735 705 777 amore
750 719 932 790 gloria:
970 715 1314 772 accendimur
1347 731 1359 767 :
1404 728 1503 768 nec
1529 712 1776 767 audimus
1812 710 2006 766 Jobum

432 816 701 872 dicentem
732 831 745 867 :
777 812 840 867 Si
868 827 982 865 cum
1012 811 1319 881 peccauerim
1348 806 1715 872 involuntarie,
1751 808 2045 860 aversatus'

431 925 548 963 sum
586 905 962 960 multitudinem
1002 902 1123 974 (Job
1160 902 1250 957 51.
1280 898 1392 971 54).
1420 898 1611 955 Vidisti
1640 898 1869 952 animam
1896 897 2013 951 vir-

439 1008 552 1054 tute
576 995 891 1069 prteditam?
934 993 1048 1050 Non
1090 1007 1178 1049 me
1218 991 1423 1061 puduit,
1463 990 1654 1060 inquit,
1686 1004 1867 1045 coram
1892 992 2012 1046 uni-

433 1104 591 1145 versa
617 1086 955 1142 multitudine
979 1084 1158 1141 dicere
1178 1083 1472 1139 voluntaria
1495 1092 1730 1154 peccata.
1755 1084 1811 1139 Si
1832 1094 2011 1141 autem

432 1183 582 1239 illum
612 1198 717 1238 non
747 1181 955 1252 puduit,
979 1180 1148 1233 multo
1172 1178 1341 1248 magis
1367 1192 1463 1232 nos
1491 1186 1762 1248 oporteret
1791 1178 1893 1232 hoc
1927 1177 2011 1232 fa-

431 1289 576 1330 cere.
609 1272 729 1339 Dic,
764 1273 953 1342 inquit,
987 1271 1128 1342 prior
1153 1270 1441 1341 iniquitates
1472 1278 1615 1336 tuas,
1642 1278 1697 1322 ut
1714 1269 2013 1337 justiﬁceris

435 1366 605 1439 (Isai.
638 1366 726 1420 45.
759 1363 891 1434 26).
920 1363 1105 1433 Magna
1135 1363 1231 1417 fuit
1270 1360 1427 1431 hujus
1467 1360 1592 1414 mali
1632 1360 1964 1416 vehementia
1993 1378 2007 1415 :

433 1460 613 1514 omnia
641 1466 764 1512 sunt
789 1472 976 1513 eversa
1017 1464 1071 1512 et
1098 1455 1293 1511 deleta.
1326 1456 1559 1511 Honoris
1586 1456 1726 1511 servi
1767 1455 1889 1511 facti
1918 1470 2011 1510 su-

434 1566 556 1607 mus
583 1552 693 1606 Deo
720 1550 943 1606 dimisso
977 1567 988 1602 :
1022 1564 1128 1604 non
1162 1550 1392 1620 amplius
1421 1564 1706 1621 possumus
1735 1551 2014 1621 increpare

432 1665 528 1705 eos
571 1650 661 1721 qui
701 1665 732 1704 a
776 1649 930 1704 nobis
971 1654 1261 1716 reguntur,
1290 1660 1413 1700 cum
1449 1645 1549 1715 ipsi
1578 1660 1792 1716 quoque
1820 1645 2009 1703 eadem

434 1741 584 1796 febre
611 1750 920 1796 teneamur:
949 1747 1002 1794 et
1029 1739 1127 1808 ipsi
1157 1752 1375 1807 egemus
1402 1737 1686 1802 medicina,
1716 1754 1851 1808 quos
1873 1740 2014 1796 Deus

436 1835 615 1903 posuit
655 1842 712 1889 ut
750 1833 869 1905 aliis
897 1830 1258 1886 mederemur.
1289 1830 1545 1895 Quaenam
1573 1840 1750 1891 autem
1773 1830 1882 1901 jam
1924 1847 2013 1888 re-

434 1934 540 1979 stat
563 1939 684 1996 spes
712 1923 933 1989 salutis,
977 1937 1097 1985 cum
1140 1922 1173 1975 ii
1216 1920 1317 1990 ipsi
1347 1922 1436 1991 qui
1468 1922 1749 1977 medentur
1787 1923 2014 1979 aliorum

435 2033 596 2073 manu
642 2014 918 2087 indigent?
948 2015 1074 2069 llaec
1107 2029 1211 2069 non
1257 2013 1352 2068 abs
1400 2029 1459 2068 re
1501 2013 1641 2079 dixi,
1683 2029 1784 2069 nec
1815 2024 2016 2072 temere

434 2122 769 2178 conqueror,
806 2106 901 2162 sed
932 2115 988 2161 ut
1016 2120 1203 2160 omnes
1228 2104 1582 2161 communiter
1608 2114 1743 2160 cum'
1762 2108 2016 2164 uxoribus

435 2210 492 2255 ct
515 2201 637 2255 ﬁliis
657 2242 672 2267 ,
706 2200 887 2254 cinere
913 2198 1119 2268 aspersi
1146 2207 1200 2252 et
1225 2212 1387 2253 sacco
1413 2197 1616 2262 induti,
1645 2198 1902 2269 jejunium
1932 2201 2016 2256 in-

437 2294 736 2359 tendamus,
768 2292 933 2347 Deum
962 2305 1211 2360 rogemus
1242 2298 1297 2345 ut
1325 2305 1539 2344 manum
1569 2290 1721 2346 nobis
1745 2292 2013 2361 praebeat,

436 2395 493 2440 et
518 2384 717 2439 malum
748 2384 1073 2452 exstinguat.
1120 2381 1265 2436 Illius
1307 2381 1449 2441 enim
1478 2396 1636 2436 manu
1678 2398 1737 2437 re
1767 2398 1890 2439 vera
1935 2394 2019 2439 est

436 2491 593 2547 opus,
621 2492 740 2546 quae
768 2484 851 2531 est
882 2489 1073 2545 magna
1098 2483 1153 2530 et
1180 2472 1531 2536 admirabilis.
1563 2475 1758 2544 Majora
1790 2492 1820 2531 a
1863 2477 2017 2533 nobis

437 2568 553 2623 ﬁeri
594 2576 809 2637 oportet
854 2581 1012 2637 quam
1055 2580 1175 2635 quae
1217 2564 1459 2620 fecerunt
1507 2566 1754 2621 Ninivitae
1789 2586 1801 2620 :
1833 2567 2015 2622 Adhuc

437 2667 556 2724 tres,
586 2657 773 2727 inquit,
802 2659 928 2720 dies,
957 2665 1004 2710 et
1032 2654 1220 2709 Ninive
1249 2663 1494 2709 evertetur
1524 2654 1666 2725 (Jan.
1696 2658 1750 2712 5.
1779 2658 1859 2727 4).
1886 2658 2017 2714 Ter-

441 2751 614 2806 ribilis
656 2749 964 2821 praedicatio
1010 2758 1066 2804 et
1110 2749 1290 2803 multis
1327 2748 1485 2819 plena
1523 2750 1701 2806 minis.
1738 2753 2017 2819 Quomodo

438 2842 581 2899 enim
625 2856 731 2897 non
773 2841 962 2896 fuisset
994 2840 1339 2904 horrendum,
1375 2850 1496 2909 post
1531 2850 1639 2897 tres
1669 2842 1783 2898 dies
1816 2859 2016 2915 exspe-

439 2943 586 2988 ctare
635 2933 821 2987 urbem
874 2931 1076 3000 sibiipsi
1120 2930 1233 2985 fore
1272 2932 1613 3000 sepulcrum,
1659 2941 1714 2987 et
1754 2935 2017 3003 perituros

439 3036 631 3077 omnes
665 3037 773 3076 uno
798 3036 995 3092 genere
1023 3021 1309 3090 supplicii?
1347 3020 1403 3077 Si
1440 3023 1583 3078 enim
1606 3024 1818 3093 quando
1840 3028 2014 3081 conti-

444 3114 602 3184 gerit,
630 3128 736 3167 uno
767 3120 1026 3182 tempore,
1059 3113 1113 3167 in
1142 3128 1243 3167 una
1274 3114 1456 3178 domo,
1482 3113 1616 3169 duos
1645 3114 1783 3172 ﬁlios
1813 3120 2011 3187 perire,

443 3212 528 3259 est
565 3202 763 3257 malum
794 3201 1224 3269 intolerandum;
1262 3212 1317 3258 et
1358 3203 1403 3258 si
1441 3203 1577 3260 Jobo
1606 3206 1776 3261 visum
1804 3217 1888 3263 est
1914 3210 2016 3266 hoc

442 3294 673 3349 maxime
696 3293 933 3348 omnium
961 3294 1315 3360 intolerabile,
1343 3296 1481 3366 quod
1507 3312 1669 3367 super
1692 3315 1879 3357 omnes
1900 3304 2015 3372 ejus

442 3384 580 3440 ﬁlios
610 3394 809 3440 tectum
837 3384 1129 3453 ceciderit,
1158 3394 1215 3441 et
1238 3386 1316 3441 sic
1344 3386 1452 3441 sint
1480 3388 1782 3459 interempti
1811 3410 1826 3447 :
1857 3394 2015 3463 quid-

2116 444 2240 484 nam
2269 428 2491 498 fuisset,
2521 431 2702 488 videre
2721 473 2736 499 ,
2764 447 2869 487 non
2897 446 3056 487 uuam
3097 432 3319 489 domum
3345 449 3521 505 neque
3552 435 3690 492 duos

2114 521 2272 588 ﬁlios,
2302 523 2397 578 sed
2422 534 2638 593 gentem
2667 532 2883 580 centum
2910 534 2965 579 et
2994 524 3180 595 viginti
3207 525 3435 581 duorum
3464 527 3687 582 millium

2113 614 2215 669 sub
2237 614 2387 669 tectis
2421 614 2715 670 infossam?
2742 613 2901 672 Scitis
2928 624 3185 686 quantum
3212 616 3282 670 sit
3308 616 3527 671 malum.
3556 617 3691 672 Nam

2112 705 2196 759 hae
2240 721 2452 777 quoque
2493 707 2647 762 nobis
2688 721 2861 777 nuper
2899 707 3174 762 intentata;
3199 717 3324 761 sunt
3351 708 3544 775 minae,
3584 724 3691 763 non

2113 797 2371 868 pr0pheta
2396 798 2576 869 aliquo
2598 813 2785 854 vocem
2814 799 3094 855 emittente
3119 816 3134 865 ;
3162 814 3335 869 neque
3370 799 3516 855 enim
3544 800 3690 870 digni

2112 904 2298 945 sumus
2325 891 2416 961 qui
2443 892 2603 945 talem
2626 906 2817 948 vocem
2851 891 3166 957 audiamus;
3197 892 3294 948 sed
3334 893 3524 962 quavis
3559 894 3689 950 tuba

2114 979 2495 1049 signiﬁcantius
2510 980 2671 1037 minis
2684 981 2836 1036 nobis
2848 981 3389 1038 vociferantibus.Sed
3409 983 3544 1039 sicut
3559 983 3687 1050 dixi,

2118 1070 2524 1126 Adhucsunttres
2535 1071 3524 1139 dies,etNinioesubvertetur.Terribiles
3536 1074 3693 1144 plane

2115 1160 2291 1215 minae.
2316 1160 2423 1217 Sed
2456 1176 2599 1217 nunc
2634 1162 2764 1218 nihil
2798 1172 2880 1219 est
2925 1164 3052 1219 tale.
3072 1164 3189 1219 Non
3216 1165 3357 1219 enim
3380 1165 3552 1221 adhuc
3581 1176 3690 1223 tres

2115 1250 2250 1320 dies,
2268 1267 2441 1322 neque
2459 1253 2650 1309 Ninive
2674 1254 3031 1321 subvertetur,
3048 1255 3141 1310 sed
3164 1256 3314 1310 multi
3339 1265 3463 1312 sunt
3486 1256 3600 1313 dies
3624 1274 3688 1313 cx

2115 1358 2221 1412 quo
2237 1343 2380 1398 orbis
2394 1352 2653 1399 terrarum
2674 1345 2910 1400 Ecclesia
2924 1354 2979 1401 et
2995 1355 3076 1401 est
3089 1361 3274 1401 eversa
3290 1358 3345 1402 et
3353 1347 3686 1417 jacethumi,

2117 1436 2362 1493 omnibus
2375 1437 2574 1507 pariter
2588 1438 2729 1492 malo
2739 1437 2986 1500 detentis,
3003 1438 3170 1508 magis
3180 1448 3353 1493 autem
3366 1438 3453 1504 iis,
3465 1453 3690 1509 quorum

2115 1538 2200 1583 est
2219 1515 2410 1585 munus
2430 1544 2615 1601 regere
2646 1551 2660 1586 :
2689 1530 2832 1586 unde
2859 1531 3018 1586 etiam
3047 1531 3219 1601 majus
3233 1540 3316 1588 est
3329 1533 3549 1597 malum,
3586 1548 3692 1604 quo

2116 1624 2287 1691 major
2310 1631 2393 1678 est
2415 1623 2534 1693 ejus
2562 1624 2876 1679 necessitas.
2904 1623 3079 1679 Nolite
3108 1639 3238 1694 ergo
3268 1625 3448 1679 mirari
3476 1626 3521 1681 si
3548 1627 3692 1681 suasi

2116 1713 2318 1783 majora
2365 1712 2543 1770 facere
2586 1729 2746 1785 quam
2788 1714 3034 1770 Ninivitae
3078 1715 3179 1771 hac
3226 1715 3293 1771 de
3336 1731 3539 1772 causa:
3584 1718 3694 1772 imo

2118 1820 2248 1860 vero
2287 1820 2392 1860 non
2433 1821 2576 1859 nunc
2616 1806 2789 1860 solum
2831 1806 3065 1876 praedico
3107 1807 3370 1877 jejunium
3396 1850 3414 1876 ,
3459 1809 3551 1864 sed
3592 1809 3695 1866 hoc

2117 1898 2278 1953 etiam
2325 1897 2501 1951 indico
2542 1898 3025 1965 medicamentum,
3066 1900 3209 1969 quod
3239 1900 3383 1954 illam
3410 1901 3690 1956 cadentem

2117 1988 2289 2044 erexit
2336 1989 2623 2044 civitatem.
2671 1988 2949 2056 Quodnam
2996 1998 3176 2045 autem
3217 2000 3300 2045 est
3343 1991 3477 2046 hoc?
3522 1991 3692 2059 Vidit,

2119 2081 2320 2151 inquit,
2352 2079 2601 2133 Dominus
2619 2122 2635 2146 ,
2660 2080 2795 2149 quod
2820 2080 3163 2151 unusquisque
3189 2083 3391 2137 recessit
3415 2099 3448 2136 a
3472 2084 3562 2138 viis
3591 2087 3694 2138 suis

2120 2173 2288 2237 matis,
2320 2183 2367 2227 et
2392 2188 2503 2226 eum
2536 2172 2762 2241 paenituit
2789 2171 2853 2226 de
2877 2171 3016 2226 malo
3039 2173 3178 2241 quod
3205 2174 3335 2227 dixit
3359 2190 3413 2229 se
3437 2176 3691 2245 [acturum

2118 2268 2206 2321 eis.
2242 2266 2354 2321 Hoc
2373 2280 2593 2336 agamus
2616 2273 2671 2320 et
2695 2278 2793 2327 nos
2818 2273 2872 2319 et
2901 2279 2998 2320 vos
3025 2281 3041 2319 :
3070 2266 3385 2321 recedamus
3410 2267 3479 2321 ab
3504 2283 3689 2324 amore

2120 2358 2381 2427 pecuniae,
2404 2356 2471 2411 ab
2490 2370 2674 2410 amore
2692 2356 2903 2426 gloriae,
2927 2365 3176 2426 rogantes
3201 2357 3366 2411 Deum
3394 2368 3453 2413 ut
3479 2373 3694 2415 manum

2120 2448 2275 2503 nobis
2306 2446 2577 2517 porrigat,
2619 2455 2676 2502 et
2714 2445 2950 2501 membra
2992 2462 3112 2517 qua:
3154 2448 3465 2504 ceciderunt
3505 2452 3692 2521 erigat.

2117 2542 2299 2611 Neque
2343 2540 2487 2596 enim
2526 2548 2651 2595 sunt
2694 2540 2880 2595 eadem
2924 2540 3080 2596 nobis
3111 2541 3366 2597 timenda.
3411 2542 3543 2598 Nam
3571 2553 3697 2600 tunc

2116 2630 2333 2703 quidem
2351 2631 2527 2687 casuri
2548 2640 2702 2686 erant
2725 2630 2927 2699 lapides
2952 2640 3007 2686 et
3035 2630 3199 2701 ligna,
3224 2643 3276 2687 et
3298 2647 3524 2703 corpora
3539 2643 3693 2689 erant

2116 2724 2471 2783 interimenda
2514 2742 2528 2779 :
2560 2738 2703 2779 nunc
2730 2732 2909 2778 autem
2938 2723 3071 2778 nihil
3113 2723 3301 2779 horum
3324 2766 3341 2791 ,
3372 2714 3468 2782 sed
3505 2727 3698 2781 animae

2115 2827 2245 2873 sunt
2281 2813 2552 2871 tradendae
2597 2813 2704 2885 igni
2745 2813 3025 2884 gehennae.
3082 2813 3389 2885 Rogemus,
3429 2816 3697 2886 praeterita

2117 2907 2489 2972 conﬁteamur,
2518 2919 2616 2975 pro
2640 2904 2834 2959 futuris
2862 2904 3213 2974 postulemus,
3246 2913 3305 2959 ut
3331 2905 3474 2975 digni
3504 2907 3697 2962 habea-

2118 3017 2271 3067 mur,
2300 3000 2389 3071 qui
2419 2999 2487 3054 ab
2526 2997 2627 3052 hac
2654 2996 2860 3052 crudeli
2884 3006 2940 3052 et
2982 2997 3202 3051 immani
3239 2997 3409 3052 bestia
3447 2999 3696 3066 liberati,

2118 3093 2316 3161 gratias
2358 3089 2667 3146 emittamus
2713 3088 2945 3159 benigno
2988 3088 3098 3144 Deo
3135 3098 3190 3145 et
3229 3089 3412 3155 Patri,
3442 3105 3563 3144 cum
3591 3106 3698 3160 quo

2118 3184 2258 3240 Filio
2296 3183 2457 3239 simul
2498 3197 2620 3238 cum
2651 3189 2835 3237 sancto
2877 3179 3078 3251 Spiritu
3117 3181 3321 3251 gloria,
3365 3182 3598 3252 potentia
3640 3196 3700 3238 et

2120 3277 2327 3343 honor,
2368 3290 2511 3332 nunc
2547 3283 2603 3334 et
2644 3289 2892 3346 semper,
2924 3284 2981 3331 et
3022 3275 3075 3329 in
3116 3275 3309 3330 sucula
3357 3275 3695 3331 saeculorum.

2121 3370 2314 3423 Amen.

445 3502 3142 3527 W

1827 3571 2173 3637 HOMILIA
2214 3574 2329 3634 XI.

445 3706 573 3761 CAP.
599 3707 654 3761 4.
681 3722 733 3761 v.
762 3708 816 3762 4.
849 3706 1017 3761 Unum
1057 3723 1243 3775 corpus
1286 3718 1333 3760 et
1370 3724 1500 3762 unus
1541 3709 1782 3778 spiritus,
1814 3711 1943 3766 sicut
1976 3723 2024 3768 et

515 3798 677 3851 vocati
713 3798 829 3852 estis
870 3798 924 3851 in
962 3814 1066 3851 una
1107 3815 1194 3869 spe
1234 3799 1509 3853 vocationis
1538 3810 1713 3856 uestrae
1753 3817 1772 3856 :
1803 3803 1857 3859 5.
1890 3820 2025 3859 unus

458 3906 463 3911 τ
517 3887 788 3952 Dominus,
817 3904 918 3941 una
943 3889 1090 3957 ﬁdes,
1118 3905 1277 3943 unum
1300 3890 1548 3962 baptisma
1579 3908 1599 3945 :
1626 3892 1679 3948 6.
1711 3909 1842 3948 unus
1874 3894 2019 3951 Deus

516 3992 564 4035 et
595 3980 752 4035 Pater
777 3982 999 4035 omnium
1017 4023 1032 4048 ,
1055 3983 1142 4051 qui
1161 3992 1233 4036 est
1251 4000 1403 4053 super
1428 4000 1619 4051 omnes,
1645 3994 1693 4039 et
1721 4003 1809 4055 per
1832 3988 2022 4054 omnia,

519 4082 569 4127 et
596 4074 650 4127 in
679 4074 929 4127 omnibus.
961 4074 1016 4130 7.
1051 4072 1333 4140 Unicuique
1357 4083 1525 4128 autem
1553 4085 1779 4130 nostrum
1809 4077 1931 4132 data
1950 4088 2026 4133 est

519 4168 683 4238 gratia
722 4165 996 4221 secundum
1022 4183 1308 4220 mensuram
1333 4166 1618 4221 donationis
1641 4168 1847 4223 Christi.

522 4263 575 4315 1.
596 4261 884 4316 Caritatem
906 4261 1096 4330 quaerit
1120 4275 1150 4313 a
1169 4260 1324 4315 nobis
1347 4260 1562 4327 Paulus,
1588 4277 1691 4316 non
1710 4264 2024 4333 quamlibet,

450 4354 546 4408 sed
575 4368 693 4423 qua:
722 4367 821 4407 nos
848 4351 1195 4421 conglutinet,
1241 4362 1297 4407 et
1336 4351 1531 4408 efﬁciat
1558 4361 1615 4407 ut
1639 4354 1777 4408 alter
1800 4355 1854 4409 in
1890 4355 2028 4412 alte-

450 4462 568 4501 rum
601 4447 672 4501 ita
700 4460 797 4501 nos
828 4443 1118 4500 habeamus
1141 4484 1158 4510 ,
1192 4452 1249 4498 nt
1286 4443 1467 4500 divelli
1494 4459 1602 4500 non
1641 4446 1907 4514 possimus
1927 4489 1943 4514 ,
1976 4456 2031 4504 et

451 4554 571 4608 quae
596 4546 793 4593 tantam
820 4548 875 4593 et
902 4546 1007 4591 tam
1039 4547 1280 4591 exactam
1309 4537 1543 4606 praebeat
1569 4539 2026 4608 conjunctionem,

451 4638 649 4701 quanta
677 4640 761 4685 est
786 4629 1147 4684 membrorum
1175 4644 1297 4684 cum
1318 4629 1595 4684 membris.
1625 4630 1751 4687 Huic
1778 4634 1919 4688 enim
1948 4642 2034 4690 est

378 4712 381 4715 ’
455 4736 577 4790 quae
620 4736 812 4791 magna
858 4728 1113 4786 operatur
1157 4720 1317 4776 bona.
1359 4721 1647 4792 Propterea
1684 4724 1832 4792 dicit,
1864 4723 2032 4779 Unum

454 4829 659 4884 corpus,
688 4821 744 4867 et
765 4820 985 4883 propter
1013 4820 1359 4877 conscnshm,
1382 4821 1439 4867 et
1460 4812 1599 4882 quod
1626 4814 1850 4869 aliorum
1878 4815 2032 4870 bonis

456 4922 564 4962 non
594 4905 881 4972 inhiemus,
905 4913 961 4959 et
981 4904 1121 4975 quod
1148 4905 1303 4959 simul
1332 4905 1589 4960 lattemur.
1619 4906 1686 4961 Et
1711 4921 1832 4961 cum
1854 4909 2033 4963 omnia

454 4998 615 5054 simul
647 5013 742 5068 per
785 4997 888 5052 hoc
934 4996 1274 5059 ostendisset,
1322 4997 1546 5067 pulchre
1589 4998 1742 5065 dixit,
1792 4999 1861 5053 Et
1903 5017 2034 5056 unus

453 5091 696 5159 spiritus,
736 5088 1023 5144 ostendens
1063 5087 1203 5158 quod
1243 5087 1311 5142 ab
1351 5104 1458 5143 uno
1498 5104 1723 5159 corpore
1756 5090 1859 5145 erit
1898 5106 2035 5147 unus

455 5182 676 5253 spiritus
720 5197 737 5236 :
777 5188 871 5235 aut
897 5179 1038 5250 quod
1069 5178 1185 5233 ﬁeri
1217 5180 1386 5249 possit
1426 5189 1484 5235 ut
1512 5180 1583 5234 sit
1610 5180 1826 5251 quidem
1870 5197 2035 5237 unum

454 5286 675 5343 corpus,
700 5286 810 5328 non
832 5285 970 5327 unus
995 5279 1172 5325 autem
1195 5270 1414 5340 spiritus
1443 5288 1457 5325 :
1489 5279 1552 5327 ut
1576 5271 1622 5327 si
1649 5272 1769 5343 quis
1801 5272 1884 5341 sit,
1902 5274 2036 5329 ami-

456 5377 553 5418 cus
585 5363 960 5419 hmreticorum
990 5380 1005 5416 :
1036 5369 1129 5416 aut
1158 5376 1226 5417 ex
1260 5361 1353 5417 illo
1382 5361 1641 5432 pudorem
1668 5364 1856 5420 incutit
1880 5373 1939 5420 ut
1967 5363 2034 5420 ad

458 5456 801 5513 concordiam
830 5456 1076 5512 veniatur
1100 5494 1116 5521 ,
1150 5468 1376 5525 nempe,
1417 5455 1509 5526 qui
1555 5472 1719 5512 unum
1759 5457 2040 5528 accepistis

460 5551 704 5621 spiritum
728 5589 747 5617 ,
788 5559 845 5605 et
881 5565 949 5605 ex
977 5564 1085 5604 uno
1123 5547 1271 5602 fonte
1312 5548 1475 5617 potati
1502 5547 1632 5604 estis
1651 5590 1667 5615 ,
1697 5563 1803 5604 non
1832 5548 2039 5606 debetis

462 5640 748 5697 dissentire
776 5661 790 5697 :
819 5650 913 5696 aut
939 5638 1185 5709 spiritum
1217 5637 1304 5692 hic
1332 5637 1462 5692 dicit
1489 5638 1820 5693 alacritatem
1848 5640 2035 5694 animi.

466 5733 667 5790 Deinde
711 5732 1067 5804 subjungcus,
1111 5730 1255 5786 Sicut
1293 5739 1339 5785 et
1366 5730 1527 5785 vocati
1556 5731 1692 5799 estis,
1729 5731 1931 5801 inquit,
1975 5730 2037 5785 In

2129 3732 2234 3769 una
2258 3731 2345 3784 spe
2364 3710 2637 3767 vocationis
2662 3686 2993 3765 uestraejﬂoc
3016 3719 3121 3776 est,
3145 3710 3284 3766 Deus
3310 3723 3403 3763 vos
3427 3709 3492 3763 ad
3514 3708 3706 3764 cadent

2128 3806 2369 3871 vocavit,
2413 3804 2546 3859 nihil
2575 3801 2729 3857 alteri
2760 3803 2878 3872 plus
2908 3803 3095 3858 tribuit
3122 3818 3281 3874 quam
3310 3803 3502 3858 alteri:
3533 3803 3700 3857 omni-

2130 3897 2230 3952 bus
2256 3895 2728 3960 immortalitatem,
2759 3894 3007 3950 omnibus
3032 3895 3194 3949 vitam
3220 3905 3502 3960 aeternam,
3524 3895 3702 3949 omni-

2130 3990 2230 4045 bus
2275 3988 2495 4059 gloriam
2544 3987 2933 4054 immortalem,
2981 3988 3229 4042 omnibus
3275 3986 3703 4053 fraternitatem,

2130 4081 2382 4137 omnibus
2409 4079 2627 4135 donavit
2657 4078 3021 4134 hereditatem.
3054 4079 3251 4135 Factus
3293 4089 3378 4135 est
3421 4095 3706 4136 commune

2131 4171 2369 4226 omnium
2396 4178 2555 4240 caput
2578 4211 2593 4236 ,
2620 4183 2806 4223 omnes
2835 4169 2992 4224 simul
3019 4170 3295 4225 suscitavit
3324 4179 3378 4225 et
3412 4171 3706 4227 consedere

2131 4264 2277 4319 fecit.
2305 4263 2404 4331 Qui
2430 4277 2558 4333 ergo
2597 4262 2648 4316 in
2676 4261 3038 4332 spiritualibus
3067 4262 3276 4317 habetis
3304 4270 3504 4318 tantam
3530 4262 3707 4317 hono-

2132 4354 2207 4408 ris
2243 4353 2617 4423 aequalitatem,
2650 4351 2915 4407 undenam
2942 4353 3265 4408 extollimini
3293 4362 3348 4409 et
3371 4354 3658 4424 superbitis
3684 4357 3707 4406 ?

2133 4445 2275 4516 quod
2301 4446 2389 4500 hic
2414 4446 2483 4499 sit
2506 4444 2677 4509 dives,
2699 4444 2840 4515 quod
2869 4445 2970 4499 iste
2999 4442 3189 4499 fortis?
3216 4452 3273 4500 et
3292 4445 3563 4515 quomodo
3591 4459 3703 4500 non

2135 4538 2240 4593 sint
2270 4537 2383 4591 haec
2412 4536 2675 4592 ridicula?
2710 4535 2842 4590 Nam
2869 4535 2955 4591 dic
2984 4536 3137 4605 mihi,
3167 4537 3212 4592 si
3234 4552 3329 4593 rex
3352 4547 3444 4591 aut
3470 4538 3708 4606 impera-

2136 4637 2220 4682 tor
2244 4627 2427 4682 decem
2456 4627 2701 4681 homines
2727 4627 3029 4695 acceperit,
3063 4638 3118 4683 et
3143 4642 3332 4684 omnes
3360 4643 3591 4700 purpura
3621 4629 3706 4683 in-

2136 4719 2333 4783 duerit,
2361 4728 2416 4774 et
2436 4720 2489 4773 in
2513 4719 2705 4773 throno
2731 4719 2895 4788 regali
2922 4718 3113 4775 sedere
3141 4720 3351 4787 fecerit,
3387 4730 3440 4776 et
3463 4719 3713 4776 eumdem

2138 4811 2383 4866 omnibus
2409 4811 2667 4866 honorem
2694 4809 2936 4875 dederit,
2970 4826 3204 4867 aususne
3245 4811 3405 4868 fuerit
3449 4812 3711 4883 quispiam

2138 4903 2461 4970 exprobrare
2503 4900 2679 4965 alteri,
2721 4908 2780 4954 ut
2818 4900 2908 4971 qui
2954 4902 3025 4955 sit
3069 4902 3265 4970 ditior,
3314 4913 3408 4957 aut
3442 4914 3501 4958 ut
3526 4903 3617 4973 qui
3646 4904 3717 4958 sit

2139 4991 2433 5048 illustrior?
2470 4992 2705 5046 Minime.
2755 4990 2938 5061 Neque
2979 4992 3157 5048 adhuc
3194 5001 3361 5048 totum
3406 4994 3562 5048 dixi:
3608 5008 3713 5049 non

2141 5076 2347 5139 tantum
2370 5083 2513 5138 enim
2539 5091 2622 5138 est
2645 5082 2950 5137 discrimen.
2975 5082 3110 5137 Num
3139 5099 3266 5154 ergo
3295 5084 3347 5138 in
3374 5084 3519 5140 caelis
3541 5100 3719 5155 aequa-

2142 5177 2223 5231 les
2249 5190 2432 5230 sumus
2453 5216 2467 5240 ,
2499 5183 2555 5229 et
2583 5173 2719 5229 infra
2749 5173 3081 5230 diﬁ‘erimus?
3115 5175 3258 5231 Unus
3296 5175 3548 5232 Dominus
3567 5219 3582 5242 ,
3613 5194 3718 5232 una

2143 5270 2304 5341 ﬁdes,
2352 5285 2507 5323 unum
2548 5268 2815 5340 baptisma.
2863 5268 3003 5325 Ecce
3042 5283 3166 5340 spes
3207 5271 3522 5326 vocationis.
3574 5269 3719 5326 Unus

2142 5363 2281 5419 Deus
2307 5372 2353 5417 et
2379 5362 2535 5416 Pater
2560 5361 2802 5425 omnium,
2820 5364 2904 5428 qui
2924 5370 2995 5415 est
3018 5377 3169 5431 super
3195 5377 3387 5427 omnes,
3416 5371 3464 5418 et
3493 5378 3582 5431 per
3607 5378 3717 5415 om-

2144 5455 2251 5522 nia,
2284 5462 2331 5508 et
2352 5453 2407 5508 in
2432 5453 2681 5507 omnibus.
2708 5452 2845 5507 Num
2879 5452 2972 5507 tibi
3000 5452 3215 5523 quidem
3244 5453 3447 5524 major,
3479 5453 3556 5508 illi
3593 5468 3719 5508 vero

2144 5545 2320 5600 minor
2365 5552 2449 5600 est
2485 5542 2804 5597 invocatus?
2849 5557 2977 5596 num
3024 5551 3079 5596 tu
3119 5542 3334 5612 quidem
3374 5558 3441 5598 ex
3470 5541 3599 5608 ﬁde,
3629 5542 3718 5596 ille

2146 5653 2274 5691 vero
2300 5652 2366 5692 ex
2394 5634 2646 5705 operibus
2671 5636 2839 5690 factus
2861 5644 2944 5690 est
2968 5635 3189 5690 salvus?
3228 5650 3355 5691 num
3382 5635 3475 5689 tibi
3500 5634 3716 5705 quidem

2146 5729 2426 5786 remissum
2453 5736 2535 5784 est
2561 5737 2837 5799 peccatum
2875 5742 2970 5797 per
2994 5728 3348 5799 baptismum,
3385 5725 3461 5784 illi
3486 5740 3615 5782 vero
3645 5726 3717 5779 ni-
