4060 6400
367 351 441 408 79
1261 349 1327 405 IN
1366 347 1581 403 EPIST.
1621 345 1712 400 AD
1750 343 1995 401 EPIIES.
2024 343 2174 401 CAP.
2211 342 2300 400 IV.
2344 341 2580 399 HOMIL.
2622 344 2713 399 XI.
3518 346 3589 402 80

366 462 720 534 ἰατρευόντων
745 460 840 514 καὶ
866 458 1048 513 αὐτῶν
1077 460 1177 529 τῆς
1208 461 1407 533 ἐτέρων
1431 460 1697 531 δεομένων
1717 460 1916 532 χειρός;

364 545 547 600 Ταῦτα
572 544 671 613 οὐχ
702 544 889 607 άπλῶς
927 540 1101 606 εἶπον,
1133 543 1255 598 οὐδὲ
1284 548 1460 614 μάτην
1484 544 1770 616 ὀδύρομαι,
1804 545 1919 598 ἀλλ’

366 631 451 682 ἴνα
476 628 627 697 κοινῇ
655 626 855 689 πάντες
888 626 1027 696 μετά
1052 626 1328 695 γυναικῶν
1355 628 1450 681 καὶ
1491 628 1695 682 παίδων
1726 627 1920 681 σποδὸν

362 709 835 779 καταπασάμενοι,
859 710 955 763 καὶ
976 709 1177 763 σάκκον
1196 709 1650 781 περιζωσάμενοι,
1668 708 1921 779 νηστείαν

362 792 739 861 ἐπιτείνωμεν,
786 792 877 845 τὸν
928 792 1060 847 Θεὸν
1101 793 1574 864 παρακαλέσωμεν
1601 794 1761 849 αὐτὸν
1790 795 1921 865 ἡμῖν

364 879 518 947 χεῖρα
548 875 755 945 ὀρέξαι,
784 875 880 929 καὶ
914 875 1102 929 σϐέσαι
1132 876 1195 929 τὸ
1217 876 1408 930 δεινόν.
1434 878 1545 948 Τῆς
1576 878 1685 948 γάρ
1711 879 1920 931 ἐκείνου

365 958 542 1028 χειρὸς
569 958 738 1020 ὅντως
777 958 957 1028 χρεία,
1010 958 1111 1026 τῆς
1149 959 1410 1031 μεγάλης,
1455 959 1553 1029 τῆς
1580 960 1918 1031 θαυμαστῆς.

363 1041 599 1105 Μείζονα
640 1039 750 1092 τῶν
800 1040 1101 1094 Νινευϊτῶν
1153 1042 1406 1110 γενέσθαι
1452 1042 1533 1096 δεῖ
1580 1044 1712 1112 παρ’
1739 1043 1918 1114 ἡμῶν.

368 1125 491 1177 Ἔτι
518 1123 676 1192 τρεῖς
704 1123 936 1192 ἡμέραι,
964 1125 1119 1195 φησί,
1149 1125 1251 1181 καί
1273 1128 1481 1180 Νινευτ
1505 1128 1921 1197 καταστραφή-

363 1220 554 1258 σεται.
583 1203 814 1275 Φοϐερὸν
849 1205 910 1258 τὸ
939 1208 1218 1278 κήρυγμα,
1256 1206 1352 1259 καὶ
1384 1207 1584 1278 πολλῆς
1623 1208 1790 1279 γέμον
1823 1208 1924 1279 τῆς

363 1287 626 1356 ἀπειλῆς·
682 1286 801 1349 πῶς
836 1287 945 1358 γάρ
974 1287 1033 1341 οῦ
1064 1306 1079 1355 ;
1120 1288 1260 1360 μετὰ
1290 1293 1436 1362 τρεῖς
1460 1290 1675 1362 ἡμέρας
1698 1292 1925 1363 προσδο-

365 1370 468 1439 κᾷν
492 1368 590 1439 τὴν
618 1368 772 1422 πόλιν
798 1371 982 1433 αὐτοῖς
1010 1372 1228 1425 ἔσεσθαι
1264 1373 1454 1441 τάφον,
1480 1374 1578 1426 καὶ
1612 1376 1714 1445 μιᾷ
1754 1392 1925 1446 τιμω-

366 1452 487 1522 ρίας
517 1451 630 1524 ἰδέᾳ
658 1452 866 1515 πάντας
923 1454 1239 1510 ἀπολέσθαι.
1299 1457 1363 1509 Εἰ
1415 1456 1525 1528 γὰρ
1569 1459 1697 1512 ὅταν
1743 1459 1923 1530 συμϐῇ

363 1534 506 1589 κατά
540 1536 631 1589 τὸν
660 1536 850 1605 καιρὸν
874 1538 933 1589 ἐν
958 1540 1104 1611 οἰκίᾳ
1137 1543 1233 1612 μιᾷ
1264 1540 1357 1595 δύο
1385 1542 1582 1605 παῖδας
1603 1541 1921 1608 ἀπολέσθαι,

364 1619 639 1690 ἀφόρητον
667 1623 878 1690 γίνεται
912 1624 972 1679 τὸ
1019 1625 1211 1684 δεινὸν.
1245 1628 1342 1681 καὶ
1392 1628 1441 1679 εἰ
1494 1626 1573 1696 τῷ
1605 1625 1725 1679 Ἰὼϐ
1768 1625 1926 1678 τοῦτο

369 1701 601 1770 μάλιστα
656 1704 873 1759 πάντων
932 1706 1108 1772 ἔδοξεν
1151 1705 1291 1761 εἶναι
1326 1709 1621 1781 ἀφόρητον,
1649 1709 1733 1761 ὅτι
1759 1709 1925 1761 πᾶσιν

365 1784 527 1837 αὐτοῦ
557 1788 667 1850 τοῖς
691 1790 877 1842 παισὶν
911 1789 1103 1842 ἔπεσεν
1131 1802 1159 1830 ιι
1188 1792 1217 1844 0
1244 1791 1457 1862 ὄροφος,
1492 1791 1587 1845 καί⁹
1625 1790 1797 1855 οὕτως
1830 1791 1926 1843 ἀν-

365 1867 638 1938 ῃρέθησαν
657 1886 671 1899 ·
706 1872 758 1924 τί
783 1867 871 1941 ἦν,
904 1873 1030 1926 ίδεῖν
1060 1874 1121 1926 οὐ
1156 1873 1284 1944 μίαν
1310 1874 1508 1938 οἰκίαν,
1539 1875 1660 1929 οὐδὲ
1679 1875 1771 1928 δύο
1799 1876 1926 1927 παῖ-

364 1950 481 2015 δας,
518 1951 632 2004 ἀλλ’
677 1952 828 2017 ἔθνος
868 1954 1079 2009 δώδεκα
1126 1957 1403 2027 μυριάδων
1436 1957 1541 2012 ὐπὸ
1572 1957 1681 2011 τῶν
1712 1958 1925 2029 ὀρόφων

368 2034 883 2106 καταχωννύμενον;
924 2039 1067 2091 Ἰστε
1118 2038 1304 2109 ἡλίκον
1332 2040 1394 2093 τὸ
1441 2040 1632 2095 δεινόν.
1677 2043 1789 2095 Καὶ
1816 2040 1925 2111 γάρ

367 2118 461 2168 καὶ
493 2118 625 2186 ἡμῖν
656 2117 848 2189 πρώην
879 2118 1015 2190 αῦτη
1060 2119 1282 2189 γέγονεν
1314 2123 1348 2193 ὴ
1376 2123 1594 2195 ἀπειλὴ,
1626 2124 1686 2177 οὐ
1717 2124 1929 2195 προφή-

340 2202 459 2250 ’του
481 2200 624 2263 τινὸς
674 2202 855 2273 φωνὴν
886 2202 1134 2271 ἀφιέντος
1176 2206 1256 2272 (οὐ
1300 2206 1408 2277 γάρ
1440 2206 1578 2271 ἄξιοι
1618 2209 1779 2279 ἡμεῖς
1815 2225 1927 2261 τοι-

367 2279 537 2352 αύτης
560 2283 790 2337 ἀκοῦσαι
819 2287 1046 2356 φωνῆς),
1064 2287 1201 2340 ἀλλά
1233 2289 1414 2360 πάσης
1441 2290 1738 2359 σάλπιγγος
1767 2290 1929 2361 εὐση-

371 2363 598 2436 μότερον
622 2368 723 2437 τῆς
770 2368 976 2423 ἄνωθεν
1006 2370 1235 2440 ἀπειλῆς
1289 2372 1726 2444 ἀνακραγούσης.
1765 2372 1925 2437 Ἀλλ’,

369 2446 505 2517 ὅπερ
536 2449 691 2519 ἔφην,
719 2449 850 2505 Ἔτι
901 2454 1058 2522 τρεῖς
1098 2454 1332 2523 ἡμέραι,
1366 2457 1524 2527 φησὶ,
1576 2457 1676 2511 καὶ
1728 2456 1935 2511 Νινευτ

371 2532 954 2601 καταστραφήσεται.
998 2536 1209 2607 Φοϐερά
1241 2538 1410 2601 ὅντως
1452 2540 1487 2610 ἠ
1527 2539 1747 2610 ἀπειλή.
1794 2538 1931 2592 Ἀλλ’

371 2612 522 2667 οὐδὲν
564 2616 801 2671 τοιοῦτόν
848 2619 965 2673 ἐστι
998 2620 1111 2675 νῦν.
1159 2622 1235 2675 Οὐ
1280 2621 1388 2691 γὰρ
1418 2621 1498 2676 ἔτι
1528 2625 1677 2693 τρεῖς
1705 2623 1931 2695 ἡμέραι,

431 2798 463 2832 ι
488 2788 690 2842 Rectius
703 2799 953 2857 sumptum
972 2796 1147 2846 fuisset
1167 2797 1412 2848 ἐπέπεσεν.

2021 460 2139 514 οὐδὲ
2178 458 2368 512 Νινευῒ
2394 459 2933 529 καταστραφήσεται,
2968 457 3106 511 ἀλλά
3154 460 3344 512 πολλαί
3382 461 3589 532 ἡμέραι

2019 540 2079 607 ἐξ
2107 535 2170 596 οῦ
2194 542 2291 611 τῆς
2319 541 2644 611 οἰκουμένης
2667 543 2701 611 ἡ
2729 540 3023 610 Ἐκκλησία
3047 541 3473 611 κατέστραπται,
3493 546 3588 598 καὶ

2020 626 2102 687 εἰς
2134 624 2329 694 ἔδαφος
2358 627 2557 687 κεῖται,
2586 625 2805 678 πάντων
2836 622 2897 687 ἐξ
2921 624 3041 694 ῖσης
3062 623 3139 693 τῷ
3172 622 3327 693 κακῷ
3360 641 3587 698 κατεχοο

2023 707 2221 777 μένων,
2270 706 2466 777 μᾶλλον
2508 708 2565 760 δὲ
2608 706 2717 760 τῶν
2752 707 2809 758 ἐν
2832 708 3029 777 ἀρχαῖς
3064 706 3237 759 ὄντων
3259 709 3373 768 τοῖς
3403 708 3588 769 αὐτοῖς

2021 790 2356 845 ὑπευθύνωνο
2414 791 2539 844 ὅθεν
2595 790 2690 843 καὶ
2746 789 2809 842 τὸ
2869 789 3039 842 κακὸν
3099 792 3301 859 χεῖρον,
3332 790 3442 860 ὅσῳ
3491 790 3587 842 καὶ

2020 873 2220 927 πλείων
2248 873 2432 937 αὐτοῖς
2464 875 2496 943 ἠ
2543 873 2780 942 ἀνάγκη.
2812 874 2903 941 Μὴ
2934 871 3115 925 τοίνυν
3143 872 3460 943 θαυμάσητε
3498 872 3591 926 διὰ

2019 958 2074 1011 τί
2099 956 2321 1027 μείζονα
2346 957 2629 1027 παρῄνεσα
2662 957 2836 1009 ποιεῖν
2860 954 2970 1008 τῶν
2998 955 3331 1007 Νινευῖτῷν⁹
3386 955 3586 1025 μᾶλλον

2020 1040 2077 1094 δὲ
2105 1041 2166 1093 οὐ
2196 1040 2448 1111 νηστείαν
2484 1040 2740 1110 κηρύττω
2766 1040 2861 1092 νῦν
2892 1040 3071 1109 μόνον,
3103 1039 3238 1093 ἀλλά
3269 1039 3330 1092 τὸ
3366 1040 3591 1111 φάρμα-

2021 1142 2119 1179 κον
2146 1127 2324 1180 ἐκεῖνο
2357 1124 2734 1196 ύποδείκνυμι,
2763 1124 2791 1177 ὃ
2819 1125 2912 1177 καὶ
2948 1126 3046 1195 τὴν
3072 1124 3228 1177 πόλιν
3258 1123 3473 1193 ἐκείνην
3500 1122 3590 1177 πί-

2023 1224 2261 1261 πτουσαν
2293 1208 2576 1277 ἀνέστησε.
2613 1210 2773 1260 Ποῖον
2822 1208 2886 1279 δὴ
2915 1207 3106 1269 τοῦτο;
3164 1203 3303 1260 Εἷδε
3352 1207 3588 1274 Κύριος,

2024 1292 2209 1361 φησὶν,
2246 1292 2335 1345 ὅτι
2359 1290 2590 1357 ἀπέστη
2623 1291 2879 1355 ἕκαστος
2909 1290 3026 1343 ἀπὸ
3064 1288 3181 1342 τῶν
3212 1287 3367 1343 ὁδῶν
3403 1288 3591 1344 αὑτοῦ

2024 1374 2143 1428 τῶν
2192 1374 2496 1443 πονηρῶν,
2547 1374 2646 1427 καὶ
2685 1375 3055 1444 μετενόησεν
3089 1372 3188 1425 ἐπὶ
3218 1371 3293 1439 τῇ
3320 1372 3518 1438 κακίᾳ,
3548 1365 3593 1443 ᾖ

2023 1456 2290 1526 ἐλάλησε
2329 1458 2578 1525 ποιῆσαι
2610 1456 2835 1522 αὐτοῖς.
2896 1454 3067 1509 Τοῦτο
3113 1456 3444 1527 πράττωμεν
3495 1456 3593 1509 καὶ

2024 1544 2186 1614 ἡμεῖς
2237 1542 2333 1596 καὶ
2386 1543 2540 1612 ὑμεῖς
2562 1557 2575 1571 ⁸
2610 1541 2937 1610 ἀποστῶμεν
2981 1537 3077 1592 τοῦ
3129 1539 3240 1593 τῶν
3293 1538 3594 1610 χρημάτων

2027 1626 2247 1697 ἔρωτος,
2292 1623 2386 1679 τοῦ
2439 1625 2537 1694 τῆς
2570 1622 2749 1693 δόξης,
2802 1621 3247 1693 παρακαλοῦντες
3302 1622 3395 1674 τὸν
3458 1621 3594 1675 Θεὸν

2027 1712 2183 1780 χεῖρα
2214 1708 2419 1779 ὀρέξαι,
2455 1708 2548 1761 καὶ
2579 1708 2931 1777 διαναστῆσαι
2963 1708 3030 1760 τὰ
3080 1706 3403 1760 πεπτωκότα
3433 1705 3590 1775 μέλη.

2027 1792 2162 1845 Οὐδὲ
2199 1791 2308 1863 γάρ
2352 1791 2490 1859 ὑπὲρ
2518 1790 2625 1844 τῶν
2651 1790 2851 1844 αὐτῶν·
2877 1791 2906 1842 0
2937 1789 3118 1859 φόϐος.
3175 1789 3309 1859 Τότε
3357 1788 3457 1859 μὲν
3484 1786 3594 1858 γὰρ

2027 1872 2163 1926 λίθοι
2213 1874 2308 1927 καὶ
2362 1872 2495 1939 ξύλα
2530 1873 2892 1926 καταπίπτειν
2931 1871 3177 1943 ἔμελλον,
3230 1872 3325 1924 καὶ
3366 1870 3595 1939 σώματα

2028 1955 2144 2028 [80]
2176 1955 2547 2027 ἀναιρεῖσθαιο
2604 1956 2697 2010 νῦν
2724 1957 2780 2010 δὲ
2810 1956 3018 2010 τούτων
3044 1957 3220 2020 οὐδὲν,
3264 1954 3401 2008 ἀλλὰ
3424 1952 3595 2023 ψυχαὶ

2024 2037 2105 2108 τῷ
2139 2041 2239 2110 τῆς
2269 2039 2493 2109 γεέννης
2532 2038 2783 2109 μέλλουσι
2812 2038 3201 2110 παραδίδοσθαι
3231 2036 3383 2108 πυρί.
3410 2036 3595 2105 Παρα-

2029 2122 2368 2193 καλέσωμεν,
2420 2122 2966 2193 ἐξομολογησώμεθα,
3000 2122 3140 2192 ὑπὲρ
3171 2120 3280 2173 τῶν
3310 2117 3595 2188 προτέρων

2028 2211 2178 2282 αὐτῷ
2227 2211 2388 2281 χάριν
2439 2210 2883 2281 ὁμολογήσωμεν,
2940 2210 3081 2279 ὑπὲρ
3133 2208 3242 2260 τῶν
3291 2204 3596 2276 μελλόντων

2027 2294 2269 2364 αἰτῶμεν
2302 2294 2389 2346 ἵνα
2440 2291 2891 2361 καταξιωθῶμεν,
2921 2291 3013 2343 τοῦ
3055 2290 3244 2362 θηρίου
3272 2285 3464 2340 τούτου
3495 2282 3592 2337 τοῦ

2027 2375 2265 2447 χαλεποῦ
2302 2376 2398 2429 καὶ
2446 2375 2747 2430 δεινοτάτου
2796 2374 3219 2442 ἀπαλλαγέντες,
3249 2371 3408 2442 χάριν
3458 2368 3595 2447 ἀναξ-

2026 2444 2243 2530 πέμψαι
2299 2458 2379 2529 τῷ
2422 2459 2789 2531 φιλανθρώπῳ
2822 2458 2941 2528 Θεῷ
2988 2458 3085 2513 καὶ
3114 2456 3315 2526 Πατρὶ,
3357 2454 3476 2525 μεθ’
3528 2444 3594 2505 οῦ

2027 2541 2107 2611 τῷ
2157 2541 2273 2612 Υἰῷ
2328 2543 2447 2611 ἅμα
2503 2540 2582 2612 τῷ
2630 2541 2773 2612 άγίῳ
2832 2540 3112 2611 Πνεύματι
3166 2539 3317 2604 δόξα,
3369 2534 3593 2607 κράτος,

2027 2622 2183 2695 τιμὴ,
2216 2622 2311 2677 νῦν
2337 2624 2432 2678 καὶ
2453 2623 2562 2690 ἀεὶ,
2596 2626 2691 2679 καὶ
2728 2626 2808 2688 εἰς
2837 2625 2963 2688 τοὺς
3005 2621 3206 2686 αἰῶνας
3229 2620 3336 2675 τῶν
3360 2618 3592 2673 αἰώνων.

2043 2706 2235 2777 Ἀμήν.

373 2962 2226 2994 Ἠ

1834 3135 2071 3191 ΟΜΙΛῘΑ
2107 3135 2209 3190 IA'.

374 3308 484 3395 Ἓξ
504 3310 683 3395 σῶμα.
706 3313 835 3395 ’καὶ
852 3312 923 3367 ἐν
947 3313 1214 3395 gratiam
1252 3312 1454 3395 καθὼς
1492 3312 1590 3367 καὶ
1613 3312 1931 3395 ,ἐκεζῄθητε

443 3381 513 3455 ἐν
529 3380 636 3451 μιᾷ
657 3383 858 3437 ἐλπίδι
896 3383 1010 3455 τῆς
1039 3380 1314 3451 κλήσεως
1337 3382 1504 3455 ὐμῷν
1531 3403 1544 3416 ·
1578 3380 1666 3449 εἷς
1692 3380 1928 3455 Κύριος,

439 3449 546 3524 pla
602 3449 826 3519 πίστις,
874 3449 1493 3524 ἐν’βάπτισμάονέἶς,
1539 3455 1684 3524 Θεὸς
1728 3449 1931 3523 Πατὴρ

446 3522 701 3582 πάντων,
755 3526 788 3577 ὁ
830 3524 928 3576 ἐπὶ
963 3522 1233 3588 πάντων,
1275 3523 1374 3577 καὶ
1414 3522 1509 3576 διὰ
1535 3523 1796 3586 πάντων,
1830 3522 1928 3577 καί

443 3592 512 3645 ἐν
542 3590 750 3671 πᾶσιν.
778 3593 905 3671 ξΕνὶ
934 3593 1277 3671 ὃὲ-ἐκᾴστρζ
1293 3593 1462 3671 ήμῶῖ
1483 3593 1665 3671 ἐδόθη
1690 3594 1729 3671 ῄ
1761 3592 1929 3662 χάρις

443 3662 593 3717 κατὰ
620 3662 687 3715 τὸ
715 3663 937 3733 μέτρον
964 3663 1074 3732 τῆς
1094 3661 1314 3732 δωρεᾶς
1341 3663 1450 3717 τοῦ
1476 3661 1753 3732 Χριστοῦ.

432 3807 501 3857 α’.
519 3802 762 3874 Ἀγάπην
778 3803 931 3874 ζητεῖ
945 3803 1073 3874 παρ’
1096 3804 1129 3872 ἡ
1136 3802 1251 3872 μῶν
1274 3804 1302 3856 0
1323 3800 1531 3864 Παῦλος
1554 3801 1614 3854 οὐ
1630 3802 1727 3871 τὴν
1741 3797 1931 3870 τυχοῦ-

371 3906 493 3956 σαν,
522 3890 659 3944 ἀλλά
702 3891 802 3963 τὴν
842 3890 1225 3959 συγκολλῶσαν
1248 3890 1395 3960 ἡμᾶς
1430 3889 1524 3942 καὶ
1550 3888 1928 3951 άδιασπάστως

370 3977 516 4049 ἔχειν
552 3980 689 4050 πρὸς
714 3979 976 4050 ἀλλήλους
1008 3978 1289 4041 ποιοῦσαν,
1320 3978 1415 4031 καὶ
1438 3975 1708 4046 τοσαύτην
1736 3976 1928 4028 ἐνωσιν

369 4067 464 4120 καὶ
483 4065 655 4130 οὕτως
701 4066 905 4136 ἀκριϐῆ
959 4064 1359 4137 παρεχομένην,
1392 4064 1591 4118 ὡσανεὶ
1621 4063 1757 4134 μέλη
1790 4062 1928 4133 πρὸς

374 4155 531 4226 μέλη.
553 4154 701 4225 Αὕτη
722 4156 830 4226 γάρ
847 4156 1038 4225 ἐστινὴ
1067 4155 1135 4207 τὰ
1158 4152 1369 4223 μεγάλα
1396 4151 1736 4222 ἐργαζομένη
1766 4149 1924 4204 καλά.

369 4243 468 4296 Διά
494 4242 651 4296 τοῦτό
672 4260 855 4314 φησιν·
880 4244 991 4296 Ἓν
1014 4240 1206 4310 σῶμα,
1237 4240 1333 4294 καὶ
1373 4242 1439 4311 τῇ
1471 4238 1802 4310 συμπαθείᾳ,
1833 4238 1929 4292 καὶ

368 4329 447 4401 τῷ
477 4330 552 4402 μὴ
584 4330 870 4402 βάλλεσθαι
894 4331 1006 4392 τοῖς
1029 4329 1228 4399 ἐτέρων
1251 4326 1473 4395 ἀγαθοῖς
1499 4337 1547 4391 α,
1575 4327 1669 4379 καὶ
1698 4325 1777 4395 τῷ
1807 4341 1929 4394 συγ.

369 4420 603 4490 χαίρειν.
653 4418 762 4470 Καὶ
789 4418 965 4470 πάντα
991 4413 1126 4485 ὁμοῦ
1152 4415 1240 4469 διὰ
1272 4414 1460 4468 τούτου
1495 4412 1691 4477 δείξας,
1718 4414 1827 4467 Καὶ
1856 4411 1927 4467 ἓν

371 4505 623 4574 πνεῦμα,
661 4503 841 4566 καλῶς
887 4500 1026 4567 εἷπε,
1054 4502 1269 4567 δεικνὺς
1301 4501 1510 4555 ὅτιάπύ
1539 4500 1633 4553 τοῦ
1665 4500 1784 4564 ἐνὸς
1818 4499 1923 4553 σώ-

374 4609 540 4662 ματος
583 4591 641 4645 ἐν
697 4590 911 4661 πνεῦμα
940 4589 1113 4655 ἔσται,
1140 4590 1175 4661 ἦ
1214 4589 1296 4642 ὅτι
1340 4587 1454 4641 ἔστι
1486 4586 1585 4658 μὲν
1608 4586 1767 4657 σῶμα
1792 4581 1929 4639 εἶναι

372 4679 452 4745 ἐν,
490 4681 589 4751 οὐχ
621 4680 679 4733 ἒν
714 4680 772 4734 δέ
804 4678 1048 4749 πνεῦμαο
1088 4677 1165 4742 ὼς
1198 4678 1265 4732 ἂν
1307 4677 1361 4730 εί
1391 4694 1478 4740 τις
1516 4676 1611 4729 καὶ
1635 4676 1930 4746 αἰρετικῶν

371 4768 524 4838 φίλος
554 4767 675 4839 εἴη·
710 4767 743 4838 ἢ
795 4766 903 4820 ἀπὸ
949 4765 1139 4819 τούτου
1179 4764 1318 4837 πρὸς
1363 4763 1623 4834 ὁμόνοιαν
1668 4763 1926 4829 δυσωπεῖ,

379 4852 590 4908 τοιοῦτό
620 4871 674 4906 τι
723 4852 914 4923 λέγων·
946 4851 1012 4908 Οί
1041 4851 1099 4905 ἐν
1147 4851 1365 4923 πνεῦμα
1408 4850 1689 4913 λαϐόντες,
1738 4850 1831 4903 καὶ
1867 4851 1932 4903 ἐκ

374 4944 501 5014 μιᾶς
532 4941 877 5003 ποτισθέντες
921 4940 1127 5012 πηγῆς,
1162 4941 1262 4994 οὐκ
1297 4939 1538 5009 ὀφείλετε
1567 4938 1855 5008 διχονοεῖνο
1896 4936 1931 5009 ῆ

371 5028 587 5101 πνεῦμα
610 5028 845 5084 ἐνταῦθα
865 5028 965 5100 τὴν
991 5028 1300 5100 προθυμίαν
1326 5026 1510 5097 φησίν.
1537 5020 1671 5079 Εἶτα
1688 5026 1929 5093 ἐπάγων,

332 5108 574 5185 ’Καθὼς
640 5116 954 5185 ἐκλήθητε,
1005 5115 1191 5187 φησὶν,
1253 5116 1350 5169 Ἐν
1399 5113 1508 5184 μιᾷ
1566 5113 1767 5168 ἐλπίδι
1823 5110 1932 5180 τῆς

370 5206 645 5273 κλήσεως
682 5204 869 5274 ὑμῶν.
919 5205 1230 5267 Τουτέστιν,
1271 5203 1330 5257 '0
1366 5202 1497 5265 Θεὸς
1525 5203 1669 5273 ὑμᾶς
1700 5200 1793 5255 ἐπὶ
1820 5202 1932 5265 τοῖς

371 5295 552 5357 αὐτοῖς
584 5294 873 5348 ἐκάλεσεν*
938 5292 1092 5346 οὐδὲν
1135 5291 1308 5362 ἑτέρῳ
1347 5290 1509 5343 πλέον
1542 5290 1802 5359 ἀπένειμε
1832 5288 1929 5340 τοῦ

270 5412 273 5413 ν
371 5382 557 5452 ἐτέρου
583 5394 598 5408 °
633 5382 800 5433 πᾶσιν
832 5379 1154 5442 ἀθανασίαν,
1180 5379 1317 5431 πᾶσι
1345 5376 1489 5448 ζωὴν
1525 5375 1764 5440 αἰώνιον,
1795 5376 1932 5429 πᾶσι

369 5470 528 5538 δόξαν
563 5470 853 5535 ἀθάνατον,
898 5470 1065 5524 πᾶσιν
1098 5467 1452 5539 ἀδελφότητα,
1484 5468 1617 5521 πᾶσι
1667 5467 1931 5539 κληρονο-

432 5658 460 5686 ⁸
489 5657 625 5707 Unus
652 5657 804 5705 cn)dex
830 5662 881 5705 et
900 5670 1053 5718 marg.
1074 5653 1248 5718 Savin
1272 5656 1354 5702 καὶ
1375 5655 1443 5715 τῷ
1465 5653 1738 5718 συμπαθεῖν,
1762 5654 1841 5701 καὶ
1864 5655 1933 5715 τῷ

373 5720 711 5830 μήοῗιάῧκνεσθαι
747 5719 843 5775 τοῖς
879 5716 1045 5781 ἐτέρων
1085 5716 1289 5781 ἀγαθοῖς,
1330 5728 1439 5778 qua:
1482 5716 1628 5766 lectio
1664 5728 1760 5765 non
1794 5728 1934 5777 sper-

372 5792 436 5828 ne
536 5817 548 5830 .

2038 3313 2168 3385 μίαν
2210 3311 2515 3386 ἐχαρίσατο.
2590 3314 2756 3385 Κοινὴ
2815 3314 3031 3368 πάντων
3087 3313 3302 3381 ἐγένετο
3363 3314 3597 3387 κεφαλὴ,

2032 3405 2237 3466 πάντας
2263 3403 2552 3473 συνήγειρε
2578 3403 2674 3455 καί⁵
2703 3401 3076 3456 συνεκάθισεν.
3118 3403 3181 3455 Οἰ
3200 3401 3379 3456 τοίνυν
3401 3405 3459 3457 ἐν
3480 3406 3595 3469 τοῖς

2034 3490 2423 3558 πνευματικοῖς
2479 3487 2747 3558 τοσαύτην
2805 3488 3021 3559 ἔχοντες
3079 3489 3370 3558 ἰσοτιμίαν,
3427 3489 3597 3543 πόθεν

2036 3576 2178 3645 μέγα
2234 3576 2520 3645 φρονεῖτε;
2570 3576 2652 3628 ὅτι
2684 3577 2713 3628 0
2753 3575 2903 3628 δεῖνα
2934 3575 3208 3641 πλούσιος,
3254 3576 3349 3629 καὶ
3385 3578 3414 3628 0
3449 3577 3597 3630 δεῖνα

2033 3662 2247 3732 ἰσχυρός
2272 3678 2286 3727 ;
2314 3662 2409 3715 καὶ⁸
2437 3661 2553 3725 πῶς
2574 3663 2674 3714 οὐκ
2698 3662 2763 3715 ἂν
2786 3663 2869 3730 εἰη
2896 3663 3054 3715 τοῦτο
3079 3662 3250 3731 γέλως
3274 3681 3289 3729 ;
3325 3655 3462 3715 Εἰπὲ
3486 3664 3595 3735 γάρ

2032 3766 2143 3818 μοι,
2178 3750 2226 3801 εἰ
2251 3750 2280 3802 0
2313 3747 2567 3817 βασιλεύς
2605 3765 2736 3800 ποτε
2782 3747 2963 3802 λαϐὼν
3002 3749 3240 3820 ὀνόματα
3269 3750 3425 3815 δέκα,
3454 3752 3594 3805 πάν-

2027 3852 2127 3898 τας
2152 3835 2447 3907 ἁλουργίδα
2481 3834 2718 3897 ἐνέδυσε,
2756 3836 2852 3888 καὶ
2882 3836 2974 3887 ἐπὶ
3009 3836 3102 3889 τοῦ
3134 3836 3323 3908 θρόνου
3372 3836 3594 3891 ἐκάθισε

2028 3925 2121 3977 τοῦ
2163 3925 2463 3995 βασιλικοῦ,
2520 3924 2615 3978 καὶ
2664 3925 2829 3977 πᾶσιν
2861 3923 3028 3979 ἔδωκε
3076 3926 3177 3995 τὴν
3205 3926 3374 3997 αὐτὴν
3406 3927 3590 3998 τιμὴν,

2027 4006 2137 4082 ἆρα
2183 4011 2249 4066 ἂν
2281 4010 2485 4065 τούτων
2526 4011 2792 4081 ἐτόλμησέ
2824 4028 2910 4075 τις
2952 4011 3207 4065 ὀνειδίσαι
3254 4011 3344 4065 τὸν
3382 4012 3591 4083 ἕτερον,

2027 4101 2104 4163 ὡς
2139 4101 2537 4173 πλουσιώτερος
2561 4099 2657 4166 ὢν,
2690 4102 2724 4173 ἢ
2754 4101 2829 4161 ὠς
2858 4101 3266 4172 ).αμπρότερος;
3309 4102 3591 4173 Οὐδαμῶς.

2029 4188 2141 4261 [81]
2175 4190 2283 4242 Καὶ
2303 4188 2456 4242 οὔπω
2479 4188 2540 4243 τὸ
2564 4190 2674 4242 πᾶν
2723 4189 2954 4260 εἴρηκα·
2998 4189 3057 4241 οὐ
3106 4189 3215 4260 γάρ
3249 4188 3502 4243 τοσοῦτον
3531 4189 3593 4243 τὸ

2030 4278 2215 4349 μέσον.
2257 4278 2346 4330 Ἐν
2373 4274 2468 4333 οὖν
2496 4281 2609 4339 τοῖς
2629 4278 2878 4349 οὐρανοῖς
2913 4277 3040 4342 ἴσοι,
3072 4277 3167 4330 καὶ
3205 4278 3355 4332 κάτω
3377 4278 3592 4350 διεστή-

2026 4382 2236 4434 καμεν;
2271 4361 2375 4431 Εἷς
2433 4366 2667 4433 Κύριος,
2715 4365 2825 4434 μία
2876 4365 3102 4431 πίστις,
3136 4364 3208 4417 ἓν
3247 4364 3585 4434 βάπτισμα.

2038 4453 2170 4507 Ἰδοὺ
2208 4455 2242 4523 ἡ
2271 4454 2425 4517 ἐλπὶς
2473 4454 2572 4523 τῆς
2624 4453 2889 4524 κλήσεως.
2927 4448 3031 4518 Εἷς
3064 4451 3209 4518 Θεὸς
3257 4453 3355 4507 καὶ
3384 4454 3590 4524 Πατὴρ

2028 4542 2287 4605 πάντων,
2317 4545 2350 4595 ό
2386 4542 2487 4595 ἐπὶ
2527 4542 2787 4607 πάντων,
2827 4541 2927 4596 καί
2950 4542 3048 4595 διὰ
3094 4541 3355 4608 πάντων,
3385 4543 3485 4597 καὶ
3520 4544 3592 4598 ἐν

2029 4628 2220 4684 πᾶσιν
2244 4630 2447 4695 αὑτός.
2486 4628 2578 4699 Μὴ
2604 4628 2714 4699 γάρ
2753 4630 2837 4682 σοὶ
2865 4630 2965 4700 μὲν
2997 4631 3026 4682 0
3065 4630 3289 4701 μείζων,
3317 4630 3511 4702 ἐκείνῳ
3533 4630 3591 4684 δὲ

2029 4717 2059 4769 0
2093 4715 2329 4769 ἐλάττων
2360 4716 2674 4787 ἐπεκλήθη;
2706 4717 2781 4787 μὴ
2819 4715 2928 4786 γὰρ
2960 4716 3024 4770 σὺ
3051 4717 3151 4787 μὲν
3177 4718 3286 4770 ἀπὸ
3318 4718 3587 4783 πίστεως,

2029 4802 2236 4866 ἐκεῖνος
2269 4802 2326 4856 δὲ
2361 4802 2469 4856 ἀπὸ
2503 4802 2682 4873 ἔργων
2705 4801 2921 4873 ἐσώθη;
2961 4803 3036 4875 μὴ
3060 4804 3170 4876 γὰρ
3204 4805 3287 4857 σοὶ
3310 4805 3407 4877 μὲν
3432 4805 3589 4874 ἀφεί-

2031 4887 2098 4959 θη
2147 4888 2237 4943 διά
2286 4888 2380 4943 τοῦ
2433 4889 2845 4960 βαπτίσματος,
2872 4891 3067 4962 ἐκείνῳ
3097 4891 3156 4945 δὲ
3193 4890 3296 4957 οῦ;
3331 4892 3545 4961 Ἀπαγε
3572 4909 3588 4924 ·

2030 4972 2136 5042 Εἷς
2165 4976 2308 5043 Θεὸς
2333 4977 2435 5031 καί
2480 4977 2685 5045 Πατὴρ
2715 4976 2977 5042 πάντων,
2995 4980 3030 5032 ό
3064 4978 3164 5032 ἐπὶ
3194 4977 3454 5044 πάντων,
3492 4980 3590 5033 καὶ

2031 5063 2129 5117 διὰ
2149 5064 2413 5130 πάντων,
2444 5064 2544 5119 καί
2569 5065 2640 5119 ἐν
2662 5064 2854 5121 πᾶσιν
2873 5065 3179 5135 ὑμῖν.-Ὀ
3206 5066 3306 5120 ἐπὶ
3328 5066 3590 5132 πάντων,

2032 5153 2330 5219 τουτέστιν,
2353 5155 2382 5207 0
2406 5153 2590 5208 ἐπάνω
2614 5154 2830 5209 πάντων
2849 5169 2863 5183 ·
2899 5154 3009 5209 Καὶ
3036 5155 3135 5209 διὰ
3155 5153 3417 5221 πάντων,
3443 5171 3592 5208 τουτ-

2032 5239 2171 5307 έστι,
2196 5239 2459 5311 προνοῶν,
2483 5240 2702 5299 δωικῶν
2733 5257 2749 5272 ο
2780 5241 2890 5295 Καὶ
2912 5241 2983 5294 ἐν
3018 5240 3209 5298 πᾶσιν
3231 5242 3376 5311 ὑμῖν
3397 5282 3412 5308 ,
3437 5258 3593 5296 τουτ-

2033 5326 2199 5393 ἐστιν,
2231 5330 2260 5381 0
2288 5329 2346 5382 ἐν
2400 5329 2565 5381 πᾶσιν
2601 5326 2787 5381 οἰκῶν.
2839 5328 3032 5382 Καίτοι
3093 5328 3187 5381 τοῦ
3248 5326 3401 5392 Υίοῦ,
3433 5327 3593 5381 τοῦτο

2033 5413 2171 5468 εἶναι
2221 5431 2387 5484 φησιν
2416 5431 2432 5447 ·
2465 5414 2604 5469 ὥστε
2656 5415 2706 5467 εἰ
2746 5404 3093 5478 ἐλαττώσεως
3116 5410 3204 5485 ἦν,
3229 5414 3330 5468 οὐκ
3364 5415 3429 5467 ἂν
3462 5415 3593 5487 περὶ

2034 5501 2128 5555 τοῦ
2158 5501 2371 5573 Πατρὸς
2402 5500 2630 5574 ἐρρήθη.
2676 5500 2803 5555 Ἑνὶ
2838 5499 2907 5554 δὲ
2938 5499 3172 5567 ἑκάστῳ
3205 5499 3376 5570 ἡμῶν
3410 5500 3591 5570 ἐδόθη

2036 5590 2076 5658 ἠ
2115 5587 2306 5658 χάρις.
2364 5588 2429 5641 Τί
2463 5582 2589 5654 οῦν,
2624 5589 2779 5658 φησί,
2833 5587 2927 5641 καὶ
2963 5585 3129 5639 πόθεν
3164 5586 3233 5639 τὰ
3276 5587 3591 5659 χαρίσματα

2034 5676 2264 5746 διάφορα
2286 5693 2300 5741 ;
2327 5675 2497 5729 Τοῦτο
2526 5675 2634 5745 γὰρ
2659 5674 2747 5727 ἀεὶ
2790 5674 2881 5727 καὶ
2928 5674 3122 5737 αὐτοὺς
3148 5676 3250 5727 καὶ
3276 5676 3591 5745 Κορινθίους

2038 5766 2130 5818 καὶ
2186 5763 2411 5828 πολλοὺς
2450 5763 2691 5832 ἐτέρους,
2731 5762 2855 5824 τοὺς
2906 5761 3001 5831 μὲν
3046 5761 3127 5824 εἰς
3158 5762 3433 5828 ἀπόνοιαν,
3466 5762 3589 5825 τοὺς
