4068 6390
467 297 530 352 8|
1176 299 1234 355 S.
1276 298 1566 357 JOANNIS
1593 298 2089 357 CHRYSOSTOMI
2127 299 2445 359 ARCHIEP.
2485 303 3039 364 CONSTANTINOP.
3625 305 3700 360 89

464 414 523 466 δὲ
547 412 627 476 εἰς
655 411 893 481 ἀθυμίαν
934 413 1028 468 καί¹
1064 414 1259 483 φθόνον
1277 416 1468 486 ἀνῆγε.
1500 417 1598 471 Διά
1632 417 1790 473 τοῦτο
1824 434 2027 471 παντα-

464 498 563 569 χοῦ
610 500 673 554 10
712 501 806 555 106
844 502 1094 575 σώματος
1123 505 1425 577 ὑπόδειγμα
1456 508 1873 578 παραλαμϐάνει
1900 525 1915 539 ·
1944 508 2031 564 διὰ

465 589 622 644 τοῦτο
654 592 749 645 καὶ
781 591 877 646 νῦν
910 594 1069 647 τοῦτο
1109 595 1353 649 τέθεικεν
1372 638 1387 663 ,
1413 597 1600 667 ἐπειδὴ
1628 598 1819 669 ἐμελλε
1840 599 2030 669 διαφό-

467 696 578 750 ρων
620 683 975 753 χαρισμάτων
1042 685 1423 753 μνημονεύειν.
1465 687 1881 759 Ἀκριϐέστερον
1932 690 2031 759 μὲν

465 763 558 820 οὖν
577 768 713 822 αὐτὸ
741 772 796 824 ἐν
824 774 891 843 τῇ
918 772 1056 844 πρὸς
1076 775 1395 844 Κορινθίους
1424 777 1711 849 Ἐπιστολῇ
1743 778 2033 850 ἐπεξέρχε-

464 877 577 925 ται,
633 862 823 935 ἐπειδὴ
864 866 959 919 καὶ
990 866 1109 920 ἐκεῖ
1137 867 1375 939 μάλιστα
1404 869 1466 922 τὸ
1490 871 1705 941 νόσημα
1726 872 1885 926 τοῦτο
1913 874 2033 926 ἐτυ-

465 949 647 1020 ράννει
679 968 693 982 ’
726 951 821 1004 νῦν
864 953 922 1006 δὲ
970 956 1206 1011 ἐνταῦθα
1243 958 1403 1028 μόνον
1434 959 1654 1031 ⁴ᾐνίξατο
1676 976 1692 991 ⁶
1730 960 1828 1014 καὶ
1854 960 1957 1032 ὅρα
1980 961 2033 1016 τί

467 1059 653 1113 φησιν.
687 1044 801 1098 Οὐκ
834 1040 955 1098 εἷπε
979 1085 994 1110 ,
1030 1048 1188 1103 Κατά
1215 1050 1315 1120 τὴν
1346 1051 1578 1105 ἑκάστου
1606 1051 1812 1118 πίστιν,
1839 1054 1928 1107 ἵνα
1957 1054 2033 1125 μὴ

464 1136 544 1197 εἰς
577 1134 814 1206 ἀθυμίαν
844 1137 1057 1214 ἐμϐάλῃ
1084 1140 1348 1207 ἐκείνους,
1379 1143 1507 1206 τοὺς
1541 1144 1795 1215 μεγάλων
1832 1144 1909 1217 μὴ
1942 1163 2033 1199 τε-

463 1224 771 1294 τυχηκότας
801 1243 813 1255 °
848 1227 984 1281 ἀλλά
1004 1228 1096 1293 τίς
1132 1231 1291 1285 Κατὰ
1319 1232 1384 1285 τὸ
1413 1231 1630 1303 μέτρον
1667 1232 1778 1303 τῆς
1811 1231 2034 1305 δωρεᾶς

465 1314 573 1369 τοῦ
608 1318 888 1385 Χριστοῦ.
930 1320 1012 1374 Τά
1049 1320 1265 1377 πάντων
1300 1325 1828 1397 κεφαλαιωδέστερα,
1875 1327 2030 1397 φησί,

466 1408 623 1463 κοινά
656 1410 872 1466 πάντων
910 1413 1047 1477 ἐστὶ,
1069 1414 1129 1466 10
1147 1414 1448 1486 βάπτισμα,
1472 1417 1534 1470 τὸ
1554 1416 1643 1471 διὰ
1671 1418 1905 1482 πίστεως
1924 1437 2032 1473 σω-

467 1498 647 1570 θῆναι,
673 1502 731 1556 10
756 1503 847 1557 τὸν
876 1504 1007 1557 Θεὸν
1027 1504 1170 1577 ἔχειν
1200 1508 1437 1579 Πατέρα,
1463 1509 1524 1563 τὸ
1550 1510 1647 1563 τοῦ
1670 1510 1836 1564 αὐτοῦ
1863 1511 2033 1567 Πνεύ-

468 1612 637 1665 ματος
664 1596 909 1659 ἆπαντας
938 1598 1203 1669 μετέχειν.
1240 1600 1304 1651 El
1334 1599 1392 1651 δέ
1423 1617 1475 1653 τι
1506 1599 1664 1655 πλέον
1689 1603 1718 1655 0
1748 1602 1897 1656 δεῖνα
1919 1602 2033 1672 ἔχει

470 1690 528 1741 ἐν
552 1688 631 1760 τῷ
666 1689 989 1761 χαρίσματι,
1032 1692 1106 1761 μὴ
1140 1690 1318 1759 ἄλγει,
1346 1692 1470 1746 ἐπεὶ
1512 1694 1603 1746 καί
1629 1696 1658 1747 ό
1686 1694 1847 1761 πόνος
1882 1696 2034 1767 αὐτῷ

466 1780 669 1835 πλείων
708 1781 862 1835 ἐστί·
892 1783 988 1835 καί
1020 1782 1049 1835 ὁ
1080 1782 1150 1836 τά
1177 1785 1339 1838 πέντε
1378 1786 1617 1841 τάλαντα
1644 1787 1843 1855 λαϐὼν,
1874 1790 2036 1844 πέντε

468 1874 728 1944 ἀπῃτεῖτο
759 1888 773 1903 '
801 1874 831 1926 0
865 1872 921 1925 δέ
948 1873 1015 1927 τά
1043 1874 1157 1937 δύο,
1204 1875 1298 1933 δύο
1349 1878 1509 1947 μόνον
1553 1881 1916 1951 προσήνεγκε,
1941 1883 2037 1937 καὶ

467 1963 619 2017 οὐδὲν
647 1963 867 2018 ἔλαττον
900 1963 1057 2035 ἔσχεν
1090 1966 1320 2024 ἐκείνου.
1353 1968 1450 2022 Διά
1472 1968 1631 2024 τοῦτο
1664 1972 1760 2025 καὶ
1798 1974 2036 2029 ἐνταῦθα

470 2055 578 2108 ἀπὸ
626 2056 725 2127 τῆς
772 2057 942 2128 αὐτῆς
978 2058 1158 2122 αἰτίας
1192 2062 1601 2132 παραμυθεῖται
1630 2062 1723 2119 τὸν
1746 2066 2036 2123 ἀκούοντα.

471 2147 626 2218 Πρὸς
679 2151 1083 2222 καταρτισμὸν
1129 2151 1247 2206 τῶν
1282 2154 1488 2225 ἀγίων,
1523 2157 1711 2225 φησὶν,
1744 2160 1829 2222 εἰς
1859 2158 2039 2229 ἔργον

469 2242 801 2310 διακονίας,
842 2246 930 2310 είς
966 2245 1292 2316 οἰκοδομὴν
1328 2246 1436 2301 τοῦ
1460 2246 1734 2318 σώματος
1761 2250 1869 2305 τοῦ
1905 2254 2038 2320 Χρι..

469 2334 638 2388 στοῦ.
682 2334 783 2388 Διά
813 2335 971 2389 τοῦτο
1006 2337 1101 2390 καὶ
1153 2337 1316 2401 αὐτὸς
1360 2337 1568 2407 ἔλεγεν·
1604 2340 1753 2394 Οὐαί
1782 2358 1904 2410 μοι,
1930 2341 2039 2396 ἐὰν

470 2424 555 2494 μὴ
612 2426 1091 2495 εὐαγγελίζωμαι.
1133 2422 1280 2490 Οἷον,
1314 2428 1621 2500 ἀποστολῆς
1650 2430 1809 2482 ἔλαϐέ
1824 2448 1909 2495 τις
1940 2430 2039 2502 χά.

472 2534 665 2587 ρισμα.
693 2516 853 2571 Ἀλλά
874 2517 963 2572 διά
985 2517 1143 2571 τοῦτο
1176 2517 1325 2589 αὐτῷ
1354 2519 1504 2583 οὐαὶ,
1536 2521 1724 2593 ἐπειδὴ
1754 2521 1939 2576 ἔλαϐε*
1972 2522 2037 2574 σὺ

468 2608 526 2661 δὲ
581 2607 678 2661 τοῦ
733 2608 975 2662 κινδύνου
1025 2609 1351 2680 ἀπήλλαξαι.
1386 2611 1549 2666 Κατὰ
1589 2612 1657 2664 τὸ
1700 2612 1941 2681 μέτρον.
1971 2613 2038 2666 Τί

469 2701 604 2760 ἐστι,
657 2699 821 2753 Κατὰ
856 2700 922 2753 τὸ
952 2699 1220 2769 μέτρον;
1262 2702 1575 2768 Τουτέστιν,
1624 2703 1684 2757 οὐ
1750 2702 1889 2773 πρὸς
1940 2703 2039 2776 τὴν

470 2791 745 2860 ἡμετέραν
785 2790 943 2855 ἀξίαν
970 2809 985 2823 ·
1010 2793 1134 2846 ἐπεὶ
1181 2794 1292 2847 οὐδ’
1322 2794 1390 2848 ἂν
1426 2794 1617 2848 ἐλαϐεν
1651 2793 1825 2859 οὐδεὶς
1848 2794 1886 2850 ἀ
1914 2795 2038 2850 ἐλα-

469 2882 565 2936 ϐεν
598 2898 613 2913 ο
652 2881 789 2936 ἀλλά
823 2882 1025 2947 πάντες
1051 2884 1160 2939 ἀπὸ
1189 2886 1289 2955 τῆς
1317 2886 1528 2957 δωρεᾶς
1556 2886 1846 2957 ἐλάϐομεν.

543 3027 608 3097 β’.
628 3028 739 3081 Καὶ
760 3027 849 3081 διά
865 3027 920 3081 τί
941 3030 970 3081 0
995 3028 1093 3099 μὲν
1115 3028 1297 3093 πλέον,
1317 3030 1346 3085 0
1360 3030 1416 3083 δέ
1440 3030 1682 3098 ἐλαττον;
1705 3032 1871 3090 Οὐδὲν
1884 3032 2042 3093 τοῦτο

472 3118 632 3180 ποιεῖ,
660 3117 847 3185 φησὶν,
876 3114 992 3169 ἀλλ’
1019 3116 1315 3188 ἀδιάφορον
1354 3116 1415 3175 10
1442 3119 1675 3189 πρᾶγμά
1703 3121 1851 3173 ἐστιν
1868 3134 1883 3149 ⁸
1910 3120 2043 3175 Exa—

474 3218 597 3265 στος
623 3201 731 3271 γάρ
760 3201 897 3273 πρὸς
922 3202 1020 3273 τὴν
1046 3202 1332 3274 οἰκοδομὴν
1363 3203 1624 3261 συντελεῖ.
1651 3205 1763 3261 Καὶ
1800 3205 1891 3259 διὰ
1914 3207 2042 3260 τού-

470 3307 567 3344 του
593 3288 884 3353 δείκνυσιν,
918 3291 1001 3344 ὅτι
1043 3291 1145 3343 οὐκ
1186 3290 1295 3343 ἀπὸ
1336 3290 1434 3360 τῆς
1463 3291 1668 3354 οἰκείας
1694 3290 1852 3359 ἀξίας
1880 3294 1911 3347 0
1943 3294 2043 3365 μὲν

475 3376 659 3441 πλέον,
686 3378 715 3431 0
760 3377 819 3430 δέ
868 3376 1091 3431 ἔλαττον
1150 3376 1365 3443 ἐλαϐεν,
1403 3376 1541 3430 ἀλλά
1579 3377 1647 3432 δι’
1689 3378 1939 3451 ἐτέρους,
1965 3382 2042 3446 ὡς

474 3464 587 3537 [82]
623 3465 787 3530 αὐτὸς
817 3464 1121 3537 ἐμέτρησεν
1158 3481 1171 3493 ·
1206 3466 1330 3519 ἐπεὶ
1354 3467 1449 3524 καὶ
1471 3466 1707 3537 ἀλλαχοῦ
1733 3466 1882 3536 λέγει
1908 3485 1924 3499 ο
1966 3470 2044 3525 Τὰ

472 3554 542 3608 δὲ
570 3556 726 3625 μέλη
768 3554 937 3610 ἔθετο
974 3553 1045 3608 ἓν
1078 3554 1343 3611 ἕκαστον
1371 3556 1593 3618 αὐτῶν.
1637 3557 1832 3624 καθὼς
1856 3559 2040 3626 αὐτὸς

473 3642 758 3712 ἠθέλησε.
799 3643 909 3697 Καὶ
930 3642 988 3696 οὐ
1020 3641 1166 3711 λέγει
1193 3642 1283 3696 τὸν
1310 3643 1489 3711 λόγον,
1521 3643 1609 3696 ἵνα
1651 3644 1726 3714 μὴ
1758 3638 2045 3718 καταϐάλῂ

473 3733 546 3789 τὰ
570 3734 893 3805 φρονήματα
924 3731 1033 3786 τῶν
1082 3731 1409 3786 ἀκουόντων.
1446 3732 1541 3787 Διὸ
1567 3731 1752 3802 λέγει·
1805 3719 2053 3802 Ἀναϐὰς

475 3825 565 3890 εἰς
612 3823 772 3889 ὕψος
824 3820 1297 3890 ᾐχμαλώτευσεν
1325 3821 1766 3891 αἰχμαλωσίαν,
1796 3823 1894 3876 καὶ
1912 3823 2047 3876 ἔδω-

477 3926 547 3963 κε
610 3908 840 3977 δόματα
912 3906 1037 3973 τοῖς
1104 3907 1455 3977 ἀνθρώποις.
1507 3908 1655 3962 Ὠσεί
1724 3908 1916 3979 ἐλεγεο
1978 3909 2050 3965 Τί

482 3997 628 4069 μέγα
669 3996 885 4067 φρονεῖς
919 4011 934 4060 ;
992 3993 1087 4049 τοῦ
1140 3993 1276 4047 Θεοῦ
1328 3994 1391 4049 10
1428 3996 1535 4050 πᾶν
1567 3996 1810 4065 γέγονεν.
1849 3997 1909 4050 '0
1948 3997 2051 4068 μὲν,

482 4085 775 4157 Προφήτης
798 4083 963 4154 φησὶν
994 4083 1052 4135 ἐν
1087 4080 1167 4153 τῷ
1199 4080 1421 4153 ιίιαλμνῷ⁸
1457 4084 1710 4150 Ἕλαϐες
1739 4083 2049 4154 δόματαέν

479 4170 813 4240 ἀνθρώποις
849 4186 864 4200 ·
900 4168 1063 4233 αὐτὸς
1114 4168 1171 4225 δέ
1228 4184 1414 4241 φησιν*
1446 4168 1673 4224 Ἔδωκε
1712 4169 1940 4239 δόματα
1977 4171 2049 4229 ἐν

481 4257 834 4327 ἀνθρώποις.
881 4255 1051 4309 Τοῦτο
1100 4254 1297 4309 ταυτόν
1333 4257 1483 4309 ἐστιν
1522 4257 1738 4328 ἐκείνῳ.
1789 4257 2048 4317 Τοιοῦτόν

484 4350 601 4401 ἐστι
639 4345 755 4408 καὶ,
806 4341 879 4398 Τὸ
919 4342 989 4395 δέ
1035 4342 1219 4409 ἀνέϐη
1274 4341 1331 4395 τί
1373 4342 1567 4407 ἐστιν,
1613 4345 1667 4396 εί
1707 4342 1793 4413 μὴ
1824 4343 1914 4398 ὅτι
1948 4346 2047 4401 καὶ

485 4430 699 4499 κατέϐη
750 4429 987 4500 πρῶτον
1018 4431 1107 4497 εἰς
1133 4429 1210 4483 τὰ
1237 4429 1537 4499 κατώτερα
1560 4429 1715 4500 μέρη
1752 4430 1863 4500 τῆς
1882 4430 1997 4501 τῆς
2032 4451 2050 4499 ;

496 4520 560 4571 '0
586 4518 865 4584 καταϐὰς,
892 4519 1074 4584 αὑτός
1121 4518 1255 4572 ἐστι
1295 4517 1393 4572 καί
1426 4520 1460 4572 ό
1491 4518 1719 4585 ἀναϐὰς
1774 4521 2051 4588 ὑπεράνω

488 4606 729 4660 πάντων
773 4605 893 4659 τῶν
940 4605 1232 4673 οὐρανῶν,
1272 4607 1375 4659 ἵνα
1400 4604 1694 4675 πληρώση
1726 4606 1797 4660 τὰ
1832 4606 2049 4661 πάντα.

488 4692 675 4746 Ταῦτα
711 4691 947 4756 ἀκούων,
983 4692 1058 4762 μὴ
1090 4692 1388 4763 μετάϐασιν
1412 4693 1620 4764 νόμιζε.
1654 4694 1829 4765 Ὅπερ
1868 4694 1975 4765 γὰρ
1996 4697 2053 4749 ἐν

487 4781 557 4851 τῇ
611 4779 746 4850 πρὸς
810 4778 1208 4849 Φιλιππησίους
1254 4779 1547 4852 Ἐπιστολῇ
1609 4781 2050 4848 κατασκευάζει,

488 4868 650 4922 τοῦτο
683 4868 779 4923 καὶ
815 4868 1067 4923 ἐνταῦθα.
1098 4869 1363 4939 Καθάπερ
1389 4871 1505 4922 ἐκεῖ
1533 4869 1663 4941 περὶ
1696 4887 2054 4942 ταπεινοφροο

493 4955 660 5027 σύνης
695 4955 976 5027 παραινῶν
1013 4957 1249 5027 παράγει
1282 4956 1375 5010 τὸν
1396 4956 1651 5023 Χριστὸν,
1684 4956 1827 5013 οὕτω
1859 4957 1924 5028 δὴ
1962 4959 2056 5013 καὶ

492 5042 750 5107 ἐνταῦθα,
803 5043 999 5111 λέγων·
1057 5046 1162 5109 Εις
1211 5044 1285 5097 τὰ
1319 5042 1619 5112 κατώτερα
1646 5044 1798 5113 μέρη
1836 5044 2053 5115 κατέϐη

495 5131 606 5202 τῆς
634 5129 769 5202 τῆς.
796 5130 863 5184 El
885 5130 995 5201 γὰρ
1033 5130 1110 5201 μὴ
1141 5129 1299 5183 τοῦτο
1334 5127 1431 5201 ἦν.
1462 5130 1715 5200 περιττὸς
1738 5126 1888 5194 οὗτος
1918 5134 1947 5184 0
1970 5133 2057 5185 λό-

497 5237 589 5287 γος
615 5220 784 5290 ὅνπερ
812 5218 976 5286 λέγει·
1014 5218 1313 5287 ’Υπήκοος
1334 5217 1657 5287 γενόμενος
1668 5218 1844 5288 μέχρι
1877 5221 2057 5275 θανά·

498 5324 625 5360 του.
674 5306 806 5359 Ἀπὸ
846 5306 906 5361 δὲ
934 5306 1029 5360 τοῦ
1063 5304 1330 5374 ἀναϐῆναι
1367 5304 1468 5376 τὴν
1492 5304 1792 5359 κατάϐασιν
1820 5306 2055 5361 αἰνίττε-

498 5410 609 5447 ται.
630 5395 712 5447 Τά
753 5393 810 5447 δὲ
839 5393 989 5449 κάτω
1023 5394 1163 5464 μέρη
1193 5394 1292 5463 τῆς
1327 5393 1455 5463 γῆς,
1496 5393 1590 5447 τὸν
1616 5393 1844 5447 θάνατόν
1869 5411 2054 5464 φησιν,

501 5480 611 5534 ἀπὸ
668 5481 767 5551 τῆς
820 5482 930 5535 τῶν
966 5481 1266 5553 ἀνθρώπων
1297 5482 1575 5547 ὑπονοίας,
1615 5480 1865 5553 καθάπερ
1906 5483 1999 5536 καὶ
2027 5485 2058 5537 0

516 5564 708 5619 Ἰακὼϐ
750 5567 903 5637 έλεγε
932 5586 948 5602 θ
977 5569 1271 5635 Κατάξετε
1299 5569 1367 5625 τὸ
1391 5568 1580 5638 γῆράς
1611 5588 1729 5639 μου
1763 5569 1889 5639 μετ’
1920 5569 2058 5625 ὀδύ-

503 5667 615 5717 νης
640 5655 727 5717 είς
754 5654 901 5719 ᾅδου
932 5673 947 5687 ·
980 5657 1075 5710 καὶ
1100 5657 1264 5711 πάλιν
1291 5656 1350 5711 ἐν
1381 5655 1460 5726 τῷ
1481 5655 1700 5726 ψαλμῷ,
1743 5656 2056 5726 Ὀμοιωθή-

505 5752 688 5807 σομαι
712 5741 833 5807 τοῖς
870 5744 1332 5799 καταϐαίνουσιν
1360 5744 1445 5809 εἰς
1470 5741 1703 5797 λάκκον
1730 5760 1745 5775 ο
1781 5744 2051 5813 τουτέστι,

2132 421 2243 482 τοῖς
2268 419 2620 476 ἀποθανοῦσι.
2649 420 2748 474 Διά
2771 420 2825 474 τί
2851 420 3009 474 τοῦτο
3045 421 3105 476 τὸ
3145 419 3342 491 χωρίον
3403 418 3693 491 ἐπεξεργά-

2133 505 2285 571 ζεται
2317 507 2551 561 ἐνταῦθα
2581 526 2596 575 ;
2629 508 2725 562 καὶ
2751 508 2908 562 ποίαν
2931 507 3308 578 αἰχμαλωσίαν
3342 507 3475 578 φησί
3513 525 3528 573 ;
3569 508 3691 578 Τὴν

2130 594 2223 648 τοῦ
2267 595 2512 649 διαϐόλου
2542 613 2558 629 °
2593 597 2935 667 αἰχμάλωτον
2970 596 3081 667 γὰρ
3119 596 3210 648 τὸν
3251 595 3517 665 τύραννον
3566 594 3693 647 ἐλα-

2131 683 2213 747 ϐε,
2241 683 2334 737 τὸν
2388 683 2632 737 διάϐολον
2691 684 2856 751 λέγω,
2893 685 2988 738 καὶ
3041 684 3132 736 10v
3172 683 3422 745 θάνατον,
3466 682 3560 735 καί
3592 682 3694 749 τὴν

2128 764 2268 835 ἀρὰν
2308 767 2403 819 καὶ
2438 769 2538 837 τὴν
2586 767 2881 838 ἁμαρτίαν.
2929 768 3091 837 Ὀρᾷς
3118 765 3286 819 σκῦλα
3321 766 3413 818 καὶ
3440 765 3692 834 λάφυρας

2136 853 2206 907 Τὸ
2232 852 2300 907 δὲ
2335 853 2518 922 ἀνέϐη
2541 855 2599 907 τί
2615 855 2748 908 ἐστι
2780 893 2797 919 ,
2824 856 2878 908 εἰ
2909 853 2995 922 μὴ
3025 854 3113 907 ὅτι
3136 852 3236 906 καὶ
3265 853 3517 920 κατέϐη;
3554 850 3693 903 Τοῦ-

2130 957 2191 993 το
2226 940 2364 1011 πρὸς
2395 943 2521 1006 τοὺς
2549 942 2761 996 Παύλου
2788 941 2884 995 τοῦ
2911 940 3289 1012 Σαμοσατέως.
3317 939 3381 993 '0
3410 939 3703 1003 καταϐὰς,

2128 1029 2313 1095 αὐτός
2348 1028 2480 1083 ἐστι
2511 1030 2608 1083 καί
2642 1032 2676 1083 ό
2699 1030 2925 1094 ἀναϐὰς
2954 1026 3231 1096 ὑπεράνω
3260 1025 3378 1079 τῶν
3398 1023 3690 1094 οὐρανῶν,

2132 1115 2234 1168 ἳνα
2292 1114 2585 1185 πληρώση
2608 1116 2682 1170 τὰ
2711 1115 2933 1169 πάντα.
2975 1112 3159 1178 Εἰςτά
3197 1110 3502 1183 κατώτερα,
3534 1110 3689 1181 φησὶ,

2135 1202 2272 1273 μέρη
2300 1202 2504 1273 κατέϐη
2531 1203 2632 1273 τῆς
2660 1204 2784 1273 γῆς,
2824 1201 2941 1274 μεθ’
2967 1202 3004 1255 ἀ
3037 1200 3137 1254 οὐκ
3168 1199 3315 1253 ἐστιν
3359 1198 3521 1270 ἐτερα
3544 1215 3558 1228 ·
3600 1198 3694 1252 καὶ

2132 1289 2300 1359 ἀνέϐη
2324 1290 2579 1362 ὑπεράνω
2610 1292 2845 1355 πάντων,
2879 1289 2996 1362 μεθ’
3025 1288 3054 1342 0
3100 1288 3202 1342 οὐκ
3230 1287 3376 1341 ἐστιν
3405 1286 3590 1358 ἐτερόν
3613 1305 3689 1341 τι.

2132 1376 2307 1431 Τοῦτό
2335 1379 2451 1431 ἐστι
2473 1378 2573 1447 τῆς
2604 1378 2887 1449 ἐνεργείας
2914 1374 3078 1431 αὐτοῦ
3101 1375 3195 1429 καὶ
3218 1374 3317 1445 τῆς
3340 1372 3655 1436 δεσποτείας
3672 1390 3701 1409 ·ν

2131 1465 2358 1537 καὶγὰρ
2388 1466 2482 1519 καὶ
2521 1464 2688 1519 πάλαι
2737 1465 2914 1519 πάντα
2965 1462 3310 1533 πεπλήρωτο.
3354 1459 3464 1514 Καὶ
3509 1459 3694 1525 αὐτὸς

2131 1556 2316 1611 ἔδωκε
2351 1556 2492 1623 τοὺς
2527 1556 2644 1625 μέν
2670 1555 3067 1621 ἀποστόλους,
3091 1554 3233 1622 τοὺς
3262 1554 3329 1608 δὲ
3360 1552 3701 1622 προφήτας..

2131 1644 2274 1709 τοὺς
2300 1642 2369 1696 δὲ
2396 1642 2846 1713 εὐαγγελιστάς,
2896 1641 3037 1709 τοὺς
3068 1642 3136 1695 δὲ
3174 1640 3462 1711 ποιμένας
3483 1638 3581 1692 καὶ
3604 1638 3692 1691 δι-

2131 1730 2500 1796 δασκάλους,
2538 1727 2688 1797 πρὸς
2727 1729 2836 1782 τὸν
2873 1728 3279 1798 καταρτισμὸν
3333 1726 3452 1781 τῶν
3485 1725 3705 1795 ἁγίων,

2130 1820 2218 1884 εις
2247 1817 2424 1889 ἔργον
2450 1816 2758 1881 διακονίας
2780 1855 2795 1879 ,
2823 1818 2910 1882 εἰς
2940 1814 3263 1884 οἰκοδομὴν
3294 1814 3398 1869 τοῦ
3421 1812 3695 1884 σώματος

2132 1906 2239 1960 τοῦ
2266 1903 2541 1973 Χριστοῦ.
2576 1903 2754 1974 Ὅπερ
2777 1902 2925 1972 λέγει
2954 1900 3210 1973 ἀλλαχοῦ,
3242 1901 3340 1956 Διὸ
3367 1901 3465 1955 καὶ
3485 1902 3517 1955 ό
3546 1899 3693 1964 Θεὸς

2131 1993 2319 2048 αὐτὸν
2380 1991 2762 2059 ὑπερύψωσε,
2820 1990 3094 2044 τοῦτοκαὶ
3148 1988 3380 2043 ἐνταῦθα
3401 1987 3551 2057 λέγει
3578 2004 3592 2018 ·
3636 1986 3705 2037 Ὁι

2133 2078 2394 2145 καταϐὰς
2419 2118 2435 2139 .
2464 2080 2646 2144 αὑτός
2680 2078 2813 2131 ἐστι
2846 2076 2946 2131 καί
2973 2080 3007 2132 ό
3039 2075 3285 2142 ἀναϐάς.
3328 2074 3496 2128 Οὐδὲν
3527 2071 3705 2126 αὐτὸν

2134 2166 2335 2237 ἔϐλαψε
2359 2167 2423 2220 τὸ
2454 2168 2535 2231 εἰς
2553 2165 2624 2219 τά
2652 2164 2936 2235 κατώτερα
2957 2163 3098 2235 μέρη
3132 2163 3230 2233 τῆς
3258 2162 3361 2232 γῆς
3390 2160 3701 2224 κατελθεῖν,

2133 2254 2256 2309 οὐδέ
2280 2252 2558 2306 ἐνεπόδισε
2591 2251 2729 2323 πρὸς
2754 2251 2817 2304 10
2842 2250 3098 2323 ἀνωτέρω
3115 2248 3371 2318 γενέσθαι
3393 2248 3503 2303 τῶν
3524 2246 3691 2317 οὐρα-

2134 2342 2262 2396 νῶν.
2298 2341 2461 2393 Ὥστε
2506 2340 2617 2410 ὅσῳ
2650 2338 2715 2393 άν
2748 2355 2835 2402 τις
2878 2336 3209 2407 ταπεινωθῇ,
3236 2333 3477 2405 τοσούτῳ
3495 2333 3695 2404 μᾶλλον

2136 2429 2383 2499 ὑψοῦται.
2419 2426 2687 2498 Καθάπερ
2730 2425 2838 2497 γὰρ
2883 2427 2979 2479 ἐπὶ
3025 2423 3122 2479 τοῦ
3151 2423 3343 2487 ὓδατος
3367 2423 3478 2493 ὅσῳ
3508 2420 3574 2474 άν
3607 2436 3693 2484 τις

2134 2516 2291 2571 τοῦτο
2334 2518 2414 2577 εἰς
2432 2514 2492 2568 10
2518 2513 2669 2571 κάτω
2693 2512 2999 2584 κατενέγκῃ
3024 2551 3039 2576 ,
3068 2510 3306 2581 τοσούτῳ
3333 2509 3535 2579 μᾶλλον
3564 2506 3697 2561 αὐτὸ

2135 2604 2272 2675 πρὸς
2322 2603 2455 2673 ὕψος
2504 2603 2719 2671 ἀνάγει,
2747 2602 2842 2655 καὶ
2873 2601 2982 2672 ὅσῳ
3012 2599 3079 2655 ἀν
3113 2616 3200 2663 τις
3243 2601 3308 2653 ἐκ
3328 2597 3705 2667 διαστήματος-

2136 2692 2416 2763 ἀκοντίσῃ,
2444 2688 2682 2759 τοσούτῳ
2723 2688 3077 2759 ἐπιτυγχάνει
3108 2703 3123 2718 ο
3155 2685 3320 2773 οὓτω-
3334 2683 3560 2773 τῆς
3598 2698 3697 2734 τα·-

2137 2777 2587 2851 πεινοφροσύνης.
2634 2776 2774 2830 Ἀλλ’
2803 2777 2932 2830 ὅταν
2973 2774 3104 2846 περὶ
3142 2768 3276 2828 Θεοῦ
3301 2768 3415 2843 [85]
3446 2770 3711 2841 λέγωμενπ

2133 2869 2235 2933 τὰς
2261 2866 2556 2930 ἀναϐάσεις
2575 2906 2591 2932 ,
2621 2864 2836 2936 ἀνάγκη
2857 2863 3074 2937 πρῶτον
3104 2861 3405 2916 κατάϐασιν
3439 2861 3641 2912 ἐννοεῖν
3676 2874 3701 2896 ο-

2135 2956 2263 3010 ὅταν
2306 2955 2362 3009 δὲ
2398 2952 2527 3025 περὶ
2564 2952 2876 3025 ἀνθρώπου,
2901 2949 3106 3004 οὐκέτι.
3141 2944 3275 3002 Εἶτα
3302 2949 3399 3001 καὶ
3425 2948 3525 3017 τὴν
3559 2944 3695 3015 πρό-

2137 3061 2288 3099 νοιαν
2308 3041 2479 3096 αὐτοῦ
2505 3041 2745 3095 δείκνυσι
2774 3039 2869 3093 καὶ
2898 3037 2998 3111 τὴν
3020 3036 3233 3108 σοφίαν,
3272 3034 3365 3090 καί
3388 3050 3555 3105 φησιν
3576 3049 3590 3064 ·
3639 3032 3711 3086 Ὀα

2136 3129 2361 3186 τοιαῦτα
2386 3128 2785 3201 ἐργασάμενος,
2816 3126 2909 3181 καὶ
2941 3123 3175 3179 τοσαῦτα
3197 3123 3443 3193 ἰσχύσας,
3475 3120 3570 3176 καί
3596 3119 3701 3190 μέ-

2138 3237 2230 3290 χρι
2251 3218 2359 3271 τῶν
2383 3215 2709 3286 κατωτέρων
2744 3212 2924 3284 μερῶν
2951 3211 3027 3282 μὴ
3058 3209 3536 3281 παραιτησάμενος
3566 3223 3703 3261 κατ-

2138 3306 2313 3359 ελθεῖν
2362 3304 2430 3357 δι’
2461 3303 2630 3374 ἡμᾶς,
2660 3300 2760 3359 οὐκ
2797 3299 2861 3353 ἂν
2892 3295 3079 3361 ἁπλῶς
3124 3296 3222 3359 τὰς
3280 3292 3541 3364 διανομὰς
3590 3291 3703 3345 τῶν

2138 3392 2493 3467 χαρισμάτων
2564 3390 2838 3459 ἐποίησεν.
2876 3386 3129 3457 Ἀλλαχοῦ
3187 3385 3244 3439 δέ
3291 3384 3592 3467 φηανῌὸτι
3641 3382 3707 3435 10

2137 3462 2363 3551 Πνεῦμα
2388 3476 2547 3532 τοῦτο
2566 3476 2884 3548 εἰργάσατο,
2915 3473 3056 3528 οὕτω
3078 3472 3252 3541 λέγων
3277 3488 3293 3505 ο
3334 3473 3431 3525 Ἐν
3458 3462 3507 3537 ᾧ
3533 3470 3705 3525 ἔθετο

2137 3568 2294 3639 ὑμᾶς
2320 3566 2385 3621 τό
2418 3564 2660 3634 Πνεῦμα
2688 3564 2755 3618 τὸ
2780 3563 2951 3632 ἅγιον
2964 3561 3339 3624 ἐπισκόπους
3366 3556 3707 3626 ποιμαίνειν

2138 3658 2253 3726 τὴν
2284 3653 2652 3718 Ἐκκλησίαν
2702 3650 2810 3705 τοῦ
2860 3648 3104 3718 Κυρίου.
3160 3646 3269 3701 Καὶ
3312 3644 3543 3699 ἐνταῦθα
3605 3643 3717 3713 μέν¹

2138 3758 2324 3812 φησιν,
2351 3741 2433 3794 ὅτι
2457 3740 2486 3792 0
2514 3738 2667 3801 Υἱὸς,
2691 3735 2925 3807 ἀλλαχοῦ
2956 3735 3036 3797 δέ,
3060 3736 3185 3787 ὅτιὸ
3214 3732 3364 3795 Θεός·
3396 3731 3491 3784 καὶ
3520 3730 3705 3794 πάλιν,

2138 3830 2331 3895 Αὐτὸς
2366 3827 2554 3881 ἔδωκε
2594 3824 2669 3895 τῇ
2708 3824 3035 3890 Ἐκκλησία
3096 3821 3239 3887 τοὺς
3278 3819 3397 3889 μὲν
3446 3818 3709 3873 ἀποστό-

2138 3920 2309 3983 λους,
2352 3914 2495 3980 τοὺς
2541 3912 2608 3966 δὲ
2648 3913 2980 3981 προφήτας.
2998 3908 3091 3963 Ἐν
3139 3907 3197 3961 δέ
3241 3911 3308 3978 τῇ
3341 3906 3478 3979 πρὸς
3504 3906 3708 3974 Κοριν-

2142 4002 2289 4066 θίους
2326 4001 2490 4072 φησίν
2508 4017 2523 4031 ο
2550 3998 2693 4069 Ἐγὼ
2720 3992 3380 4068 έφύτευσα,’ᾼπολλὼς
3397 3993 3708 4058 ἐπότισεν,

2139 4090 2277 4146 ἀλλ’
2302 4092 2335 4145 ό
2364 4088 2510 4154 Θεὸς
2558 4086 2786 4157 ηὔξανε
2818 4104 2832 4116 ·
2869 4084 2965 4139 καὶ
3017 4084 3199 4147 πάλιν,
3233 4082 3287 4134 '0
3323 4080 3603 4151 φυτεύων
3634 4075 3717 4135 δέ

2142 4176 2243 4231 καὶ
2273 4180 2306 4233 ό
2335 4173 2604 4243 ποτίζων,
2641 4174 2712 4229 έν
2756 4175 2947 4229 εἰσιν·
2988 4171 3246 4236 ἕκαστος
3283 4168 3354 4222 δὲ
3406 4166 3514 4223 τὸν
3552 4166 3712 4221 ἴδιον

2138 4262 2361 4333 μισθὸν
2397 4261 2658 4330 λήψεται
2699 4258 2851 4314 κατὰ
2909 4257 3017 4311 τὸν
3082 4256 3239 4313 ίδιον
3289 4256 3504 4310 κόπον.
3551 4252 3712 4307 Οὕτω

2145 4349 2241 4403 καὶ¹
2262 4348 2516 4404 ἐνταῦθα.
2558 4348 2626 4403 Τί
2645 4346 2774 4420 γάρ,
2800 4346 2851 4399 εἰ
2876 4344 3098 4401 ἔλαττον
3119 4343 3425 4415 εἰσφέρεις;
3452 4340 3710 4395 τοσοῦτον

2146 4436 2357 4501 ἔλαϐες.
2395 4432 2636 4504 Πρῶτον
2688 4433 3074 4497 ἀποστόλους
3103 4446 3117 4459 ·
3167 4430 3345 4484 πάντα
3395 4429 3505 4500 γὰρ
3564 4427 3711 4497 εἶχον

2145 4518 2308 4579 οὗτοι.
2358 4522 2645 4590 Δεύτερον
2690 4519 3038 4593 προφήτας
3092 4514 3232 4589 ἦσαν
3289 4518 3399 4588 γάρ
3447 4532 3614 4580 τινες,
3656 4514 3710 4569 οῖ

2147 4609 2435 4663 ἀπόστολοι
2464 4608 2560 4679 μὲν
2581 4606 2680 4663 οὐκ
2704 4601 2867 4677 ἦσαν,
2895 4605 3167 4676 προφῆται
3199 4603 3276 4671 δὲ,
3313 4602 3503 4672 ὥσπερ
3544 4603 3713 4671 Ἀγα-

2148 4697 2261 4761 ϐος.
2298 4693 2506 4765 Τρίτον
2538 4691 2968 4764 εὐαγγελιστάς
2996 4709 3011 4722 ν
3053 4692 3103 4744 οἰ
3154 4690 3230 4762 μὴ
3258 4690 3563 4761 περιιόντες
3582 4707 3723 4749 παντΔ

2148 4782 2337 4855 ταχοῦ,
2366 4781 2479 4837 ἀλλ’
2505 4779 2979 4851 εὐαγγελιζόμενοι
3003 4779 3184 4850 μόνον,
3209 4778 3283 4842 ὡς
3303 4768 3603 4849 Πρίσκιλλα
3619 4776 3713 4837 καὶ

2162 4870 2410 4935 Ἀκύλας.
2440 4867 2734 4940 Ποιμένας
2755 4867 2855 4922 καί
2891 4866 3323 4932 διδασκάλους,
3345 4866 3472 4929 τοὺς
3488 4865 3713 4935 ὁλόκλη-

2155 4975 2245 5032 ρον
2304 4954 2845 5028 ἐμπεπιστευμένους
2888 4953 3058 5016 ἔθνος.
3109 4954 3174 5005 Τί
3196 4947 3290 5006 οῦν
3313 4970 3335 5018 ;,
3354 4953 3403 5004 οἱ
3452 4953 3719 5022 ποιμένες

2152 5048 2248 5102 καὶ
2276 5046 2327 5099 οἰ
2348 5043 2656 5100 διδάσκαλοι
2682 5043 2933 5106 ἐλάττους
2958 5059 2975 5109 ;
3007 5042 3121 5095 Καὶ⁹
3150 5042 3292 5096 πάνυ
3309 5082 3323 5107 ,
3348 5040 3457 5097 τῶν
3475 5040 3729 5112 περιιόν-Ἴ

2150 5150 2261 5188 των
2287 5134 2381 5187 καί⁵
2402 5130 2903 5202 εὐαγγελιζομένων
2933 5131 2983 5184 οἰ
3012 5129 3310 5203 καθήμενοι
3342 5129 3434 5182 καὶ
3468 5130 3598 5197 περὶ
3616 5128 3723 5187 ἕνα..

2151 5222 2318 5276 τόπον
2340 5212 2845 5291 ήσχολημένοι,οίον
2861 5215 3143 5289 Τιμόθεος,
3172 5215 3363 5279 Τίτος.
3388 5214 3600 5279 Ἀλλως
3630 5215 3713 5283 δὲ,

2152 5311 2215 5363 οὐ
2266 5308 2489 5363 δυνατὸν
2534 5305 2783 5360 ἐντεῦθεν
2818 5303 3145 5375 ποιήσασθαι
3179 5304 3278 5372 τὴν
3309 5303 3716 5373 ὑποταγὴνκα),

2152 5399 2251 5469 τήν
2278 5396 2628 5467 προτίμησιν,
2664 5393 2779 5448 ἀλλ’
2800 5394 2906 5447 ἀπὸ
2942 5393 3136 5463 ἐτέρας
3170 5391 3715 5461 Ἐπιστολῆς.Αῠτὸς

2153 5485 2338 5540 ἔδωκε
2367 5524 2383 5549 ,
2435 5482 2610 5554 φησί’
2661 5480 2827 5553 μηδὲν
2875 5479 3154 5549 ἀντείπῃς.
3201 5478 3273 5532 Ἦ
3323 5477 3715 5546 εὐαγγελιστάς

2156 5588 2311 5642 φησι,
2344 5572 2471 5633 τοὺς
2494 5569 2555 5622 τὸ
2587 5566 2916 5635 Εὐαγγέλιον
2942 5566 3275 5635 γράψαντας.
3309 5567 3466 5634 Πρὸς
3497 5580 3713 5632 καταρ-

2158 5657 2372 5728 τισμὸν
2408 5654 2525 5710 τῶν
2546 5655 2749 5726 ἁγίων,
2775 5656 2862 5720 εἰς
2884 5655 3059 5723 ἔργον
3091 5652 3420 5721 διακονίας,
3449 5654 3536 5720 εἰς
3553 5654 3712 5705 οἱκο-

2158 5744 2351 5817 δομὴν
2382 5743 2485 5799 τοὺ
2505 5743 2772 5814 σώματος
2809 5741 2913 5796 τοῦ
2944 5740 3217 5810 Χριστοῦ.
