4060 6400
322 329 382 386 81
1205 329 1268 384 ΙΝ
1307 320 1522 386 EPIST.
1562 330 1653 386 AD
1690 320 1931 386 EPHES.
1974 327 2126 385 CAP.
2171 329 2255 385 IV.
2296 331 2527 388 HOMlL.
2569 332 2664 389 XI.
3516 341 3588 397 82

323 446 436 500 hil?
467 448 646 515 Apage
677 463 689 498 :
727 440 870 501 Unus
912 444 1048 500 Deus
1086 455 1131 499 et
1166 445 1317 499 Pater
1346 445 1570 500 omnium
1591 486 1607 513 ,
1635 447 1722 515 qui
1747 461 1896 512 super

320 555 491 591 ontnes
510 577 527 603 ,
557 548 605 591 et
641 554 730 608 per
757 539 926 592 omnia
949 579 964 603 ,
991 547 1040 592 et
1062 538 1116 592 in
1143 538 1373 593 omnibus
1396 539 1553 593 vobis.
1586 537 1757 608 Super
1785 553 1898 590 om-

321 647 406 684 nes
429 671 445 695 ,
476 630 580 685 hoc
601 638 686 686 est
706 671 724 699 ,
753 630 1012 687 Dominus
1036 640 1090 688 et
1114 633 1361 702 superior
1386 632 1634 687 omnibus
1671 649 1684 684 :
1716 628 1784 684 Et
1811 647 1900 700 per

318 721 508 787 omnia,
537 719 640 776 hoc
663 729 767 788 est,
797 720 1104 792 providens,
1130 723 1508 778 administrans
1535 739 1550 777 :
1576 722 1642 776 Et
1663 723 1716 776 in
1736 722 1898 776 omni-

319 815 410 869 bus
427 815 587 880 vobis,
617 815 721 870 hoc
743 822 846 882 est,
877 814 967 885 qui
997 815 1051 869 in
1081 815 1328 870 omnibus
1352 814 1574 870 habitat.
1603 815 1762 885 Atqui
1793 815 1896 869 hoc

316 906 500 961 dicunt
527 920 649 962 esse
678 907 797 962 Filii
827 923 842 960 :
872 907 1220 978 quamobrem
1249 907 1294 963 si
1337 916 1481 964 esset
1520 907 1621 962 hoc
1663 907 1895 962 diminu-

316 996 497 1064 tionis,
535 1011 641 1052 non
671 996 870 1052 dictum
906 1006 1051 1054 esset
1087 998 1154 1053 de
1183 999 1361 1054 Patre.
1411 998 1688 1072 Unicuique
1725 1009 1894 1053 autem

315 1099 538 1144 nostrum
567 1091 690 1144 data
726 1101 800 1146 est
837 1092 1023 1161 gratia.
1053 1089 1190 1158 Quid
1215 1106 1364 1162 ergo,
1406 1090 1596 1162 inquit,
1625 1089 1888 1145 undenam

312 1191 436 1236 sunt
473 1181 682 1236 diversa
710 1183 1076 1238 charismata?
1105 1183 1218 1238 Hoc
1246 1183 1390 1238 enim
1420 1197 1635 1252 semper
1666 1182 1809 1252 ipsos
1836 1190 1892 1236 et

310 1273 620 1328 Corinthios
648 1282 702 1328 et
730 1274 927 1329 multos
955 1273 1089 1328 alios
1112 1315 1126 1339 ,
1167 1273 1266 1328 hos
1293 1274 1505 1344 quidem
1535 1274 1602 1328 ad
1632 1288 1888 1343 arrogan-

313 1365 462 1432 tiam,
493 1364 614 1419 illos
639 1379 770 1420 vero
799 1365 1094 1420 deducebat
1120 1365 1185 1419 ad
1213 1380 1500 1420 maerorem
1528 1374 1582 1420 et
1610 1364 1885 1419 invidiam.

313 1455 602 1524 Pr0pterea
659 1470 873 1526 semper
935 1455 1167 1511 ostendit
1223 1456 1527 1526 exemplum
1583 1456 1824 1525 corporis
1869 1473 1882 1509 :

309 1558 592 1620 propterea
619 1564 759 1605 nunc
786 1564 998 1620 quoque
1025 1549 1127 1605 hoc
1154 1550 1350 1620 posuit,
1377 1551 1626 1619 quoniam
1653 1550 1887 1604 facturus

309 1649 426 1696 erat
450 1641 775 1697 mentionem
800 1642 1133 1698 diversorum
1163 1641 1565 1697 charismatum.
1587 1641 1762 1711 Atque
1785 1639 1887 1697 hoc

307 1733 521 1802 quidem
568 1736 908 1805 persequitur
951 1735 1190 1790 exactius
1235 1734 1288 1790 in
1326 1734 1566 1805 Epistola
1593 1733 1660 1788 ad
1691 1733 1882 1788 Corin-

307 1824 482 1892 thios,
523 1827 773 1897 quoniam
812 1828 921 1883 illic
960 1827 1048 1884 hic
1076 1828 1296 1884 morbus
1323 1827 1556 1883 maxime
1598 1826 1885 1883 exercebat

309 1917 642 1988 tyrannidem
689 1935 704 1974 :
751 1933 893 1975 nunc
930 1935 1057 1975 vero
1100 1918 1189 1975 hic
1232 1929 1434 1975 tantum
1481 1919 1641 1975 tacite
1689 1919 1880 1974 innuit.

310 2011 439 2067 Vide
467 2021 645 2068 autem
672 2011 797 2083 quid
827 2013 987 2069 dicat.
1015 2013 1132 2069 Non
1169 2013 1302 2068 dixit
1321 2055 1336 2078 ,
1362 2012 1667 2070 Secundum
1697 2013 1882 2067 unius-

302 2107 564 2178 cujusque
586 2107 746 2162 ﬁdem
767 2151 782 2176 ,
808 2125 875 2164 ne
903 2109 955 2164 in
983 2109 1146 2164 animi
1174 2124 1428 2180 angorem
1453 2108 1574 2164 illos
1598 2107 1878 2178 injiceret,

301 2200 392 2269 qni
413 2215 601 2271 magna
622 2216 728 2256 non
752 2213 905 2256 erant
930 2202 1202 2273 assequuti
1233 2220 1246 2257 :
1278 2201 1371 2256 sed
1399 2200 1563 2271 quid?
1588 2200 1881 2255 Secundum

300 2305 590 2346 mensuram
625 2292 746 2348 doni
787 2293 994 2349 Christi.
1024 2293 1156 2361 Quae
1189 2294 1479 2365 principem
1510 2293 1683 2348 locum
1713 2291 1881 2362 magis

300 2381 500 2438 habent
525 2387 663 2440 inter
685 2386 884 2449 omnia,
916 2400 977 2442 ea
1017 2394 1141 2442 sunt
1182 2386 1360 2440 omnia
1407 2384 1740 2448 communia,
1771 2383 1878 2438 ba-

300 2475 738 2544 ptisma,salvum
765 2491 884 2532 esse
906 2491 1000 2546 per
1020 2476 1200 2540 ﬁdem,
1226 2477 1393 2531 Deum
1423 2474 1620 2529 habere
1644 2474 1876 2539 Patrem,

297 2564 538 2632 ejusdem
563 2565 791 2634 Spiritus
820 2580 1007 2621 omnes
1032 2580 1153 2621 esse
1177 2565 1478 2635 participes.
1507 2563 1564 2620 Si
1588 2563 1676 2618 hic
1700 2571 1876 2617 autem

300 2658 438 2711 alius
461 2657 581 2727 plus
608 2657 770 2712 habet
801 2658 854 2712 in
880 2657 1219 2724 charismate,
1264 2671 1335 2712 ne
1385 2655 1589 2720 doleas,
1627 2656 1874 2726 quoniam

301 2749 375 2802 illi
407 2749 522 2818 plus
548 2757 630 2803 est
658 2748 858 2803 laboris
892 2766 906 2799 τ
936 2759 991 2803 et
1019 2748 1086 2803 ab
1114 2763 1180 2803 eo
1205 2747 1295 2818 qui
1325 2747 1563 2818 quinque
1593 2755 1876 2816 acceperat

300 2841 538 2905 talenta,
592 2841 938 2910 exigebantur
989 2840 1260 2910 quinque;
1315 2839 1361 2894 is
1410 2848 1587 2893 autem
1637 2838 1727 2908 qui
1771 2837 1877 2892 duo

297 2933 525 3002 accepit,
547 2931 656 2987 duo
685 2943 886 2987 tantum
915 2933 1110 2997 attulit,
1140 2947 1241 2987 nec
1271 2933 1446 2986 minus
1473 2945 1630 3001 quam
1654 2930 1745 2985 ille
1774 2929 1876 2983 ha-

296 3023 428 3078 buit.
457 3024 746 3093 Propterea
790 3023 876 3078 hic
900 3038 966 3078 ex
993 3022 1179 3078 eadem
1205 3037 1362 3079 causa
1391 3022 1697 3077 consolatur
1719 3020 1875 3075 audi-

296 3123 488 3170 torem.
514 3115 592 3168 Ad
611 3115 1090 3171 consummationem
1116 3125 1425 3183 sanctorum,
1453 3113 1647 3185 inquit,
1676 3116 1728 3166 in
1749 3129 1876 3182 opus

296 3208 599 3273 ministerii,
645 3209 698 3262 in
748 3209 1134 3276 tediﬁcationem
1183 3208 1412 3275 corporis
1465 3206 1652 3261 Christi
1699 3205 1875 3275 (Infra

294 3313 345 3350 υ.
393 3298 460 3353 19.
485 3299 527 3369 ).
551 3299 836 3366 Propterea
867 3301 980 3369 ipse
1023 3315 1232 3371 quoque
1263 3298 1492 3364 dicebat,
1546 3298 1630 3354 Va:
1656 3297 1800 3362 mihi,
1832 3297 1875 3351 si

295 3407 398 3442 non
427 3391 868 3463 evangelisauero(
895 3394 944 3446 1.
963 3392 1081 3448 Cor.
1105 3395 1158 3449 9.
1186 3393 1290 3462 16)
1313 3395 1326 3447 Ξ
1358 3393 1551 3461 Utpote
1580 3391 1720 3461 quod
1743 3405 1871 3461 apo-

294 3479 520 3535 stolatus
541 3481 800 3551 ejusmodi
817 3481 1081 3539 charisma
1100 3485 1413 3555 accepisset.
1438 3483 1543 3539 Sed
1567 3491 1870 3554 propterea,

295 3571 389 3626 Va:
409 3572 509 3626 sibi
529 3572 756 3641 dicebat,
788 3576 1036 3644 quoniam
1053 3585 1333 3646 acceperat
1357 3594 1370 3630 :
1395 3585 1448 3630 tu
1475 3585 1648 3630 autem
1674 3575 1870 3629 libera-

294 3673 382 3720 tus
407 3679 465 3720 es
489 3680 518 3719 a
550 3666 805 3736 periculo.
827 3667 1121 3722 Secundum
1155 3683 1458 3721 mensuram.
1481 3667 1616 3734 Quid
1636 3674 1738 3732 est,
1771 3665 1870 3721 Sco

292 3759 515 3812 cundum
539 3761 858 3815 mensuram?
887 3760 999 3816 Hoc
1019 3771 1121 3828 est,
1146 3776 1252 3816 non
1275 3775 1372 3831 pro
1393 3761 1589 3815 nostris
1625 3759 1828 3813 meritis
1853 3775 1866 3810 :

290 3851 491 3922 alioqui
512 3867 670 3908 nemo
695 3854 988 3923 accepisset
1027 3871 1144 3925 quae
1182 3855 1422 3925 accepit;
1449 3854 1544 3910 sed
1571 3854 1872 3922 accepimus

290 3957 480 3998 omnes
506 3959 538 3999 a
563 3945 870 4001 donatione.

363 4037 417 4090 Ξ.
458 4036 560 4092 Cur
587 4039 640 4092 in
682 4035 912 4092 Ecclesia
953 4039 1086 4093 alius
1135 4041 1271 4109 plus,
1294 4038 1427 4093 alius
1466 4039 1631 4093 minus
1668 4037 1867 4092 habent.

291 4160 364 4170 -—
388 4131 495 4184 Cur
519 4139 694 4185 autem
723 4131 810 4185 hic
833 4130 1043 4199 quidem
1067 4131 1184 4201 plus
1209 4173 1222 4196 ,
1251 4131 1337 4185 ille
1363 4146 1491 4186 vero
1517 4131 1694 4185 minus
1715 4146 1872 4185 acce-

293 4223 413 4292 pit?
444 4223 554 4276 Hoc
582 4222 748 4289 nihil,
782 4222 973 4292 inquit,
1002 4223 1146 4288 facit,
1171 4223 1264 4279 sed
1292 4239 1379 4278 res
1405 4233 1487 4278 est
1511 4223 1818 4278 indili‘erens
1852 4241 1865 4276 :

293 4313 656 4382 unusquisque
681 4313 823 4368 enim
865 4312 1076 4369 confert
1110 4314 1176 4368 ad
1207 4312 1632 4369 aediﬁcationem.
1681 4315 1744 4368 Et
1773 4329 1870 4382 per

291 4406 398 4462 hoc
433 4407 668 4462 ostendit
705 4407 846 4477 quod
889 4423 994 4462 non
1036 4421 1101 4462 ex
1148 4407 1258 4461 suis
1287 4407 1510 4470 meritis,
1543 4406 1628 4461 hic
1658 4406 1867 4477 quidem

291 4500 432 4569 plus,
461 4499 552 4554 ille
594 4515 722 4554 vero
761 4500 937 4554 minus
971 4498 1215 4569 accepit,
1244 4498 1340 4554 sed
1385 4508 1603 4569 propter
1626 4501 1779 4565 alios,
1813 4509 1871 4554 ut

290 4596 408 4661 Ipse
433 4607 649 4646 mensus
678 4600 780 4646 est.
808 4591 941 4645 Nam
967 4591 1092 4646 alibi
1119 4605 1332 4661 quoque
1359 4589 1487 4644 dicit
1517 4605 1532 4644 :
1564 4589 1742 4644 Posuit
1771 4609 1866 4644 auo

289 4692 390 4736 tem
435 4683 680 4749 membra,
730 4683 1120 4754 unumquodque
1168 4698 1344 4736 eorum
1391 4683 1519 4735 sicut
1552 4683 1658 4751 ipse
1709 4681 1867 4736 voluit

269 4769 430 4840 (Ibid.
463 4778 551 4832 12.
581 4777 649 4832 18
677 4778 716 4846 ).
746 4777 863 4830 Non
889 4776 1018 4831 dicit
1053 4785 1228 4830 autem
1255 4777 1535 4840 rationem,
1565 4792 1632 4831 ne
1660 4777 1870 4830 audito-

289 4885 409 4925 rum
457 4871 675 4940 spiritus
713 4869 977 4938 deprimat
1018 4883 1081 4923 ac
1122 4867 1354 4938 dejiciat.
1386 4867 1440 4923 8.
1471 4866 1693 4936 Propter
1734 4869 1869 4938 quod

289 4964 430 5029 dicit,
460 4963 746 5018 Ascendens
769 4963 822 5015 in
851 4962 1010 5015 altum
1037 4963 1286 5030 captivam
1313 4961 1458 5015 duxit
1486 4961 1822 5032 captivitatem
1845 5003 1862 5030 ,

288 5065 336 5109 et
362 5057 498 5109 dedit
537 5056 672 5110 dona
701 5057 1002 5109 hominibus.
1031 5054 1145 5110 Hoc
1179 5064 1262 5111 est
1294 5072 1307 5110 :
1337 5054 1473 5122 Quid
1499 5055 1772 5111 extolleris
1813 5065 1868 5112 et

288 5155 344 5200 te
373 5145 649 5216 magniﬁce
691 5146 1093 5216 circumspicis?
1120 5145 1213 5201 Dei
1258 5155 1340 5201 est
1366 5148 1698 5202 universum.
1731 5149 1864 5202 Pro-

289 5237 448 5309 pheta
472 5237 684 5307 quidem
715 5237 843 5292 dicit
869 5239 923 5292 in
948 5237 1180 5304 Psalmo,
1203 5238 1449 5310 Accepisti
1474 5239 1610 5294 dona
1629 5240 1682 5294 in
1703 5240 1865 5292 homi-

288 5329 434 5382 nibus
456 5328 627 5395 (Psal.
660 5329 855 5398 67.19)
882 5347 897 5395 ;
929 5330 1043 5399 ipse
1080 5338 1255 5384 autem
1283 5329 1445 5396 dicit,
1473 5329 1626 5384 Dedit
1652 5331 1786 5384 dona
1811 5332 1862 5384 in

290 5421 593 5475 hominibus.
623 5420 856 5488 ldipsum
902 5432 1080 5476 autem
1126 5430 1209 5476 est
1253 5420 1354 5476 hoc
1398 5431 1452 5476 et
1487 5421 1637 5476 illud.
1678 5421 1864 5478 Simile

289 5510 414 5566 item
444 5512 546 5564 hoc
576 5527 588 5563 :
621 5509 674 5564 9.
707 5510 855 5578 Quod
878 5522 1046 5565 autem
1087 5511 1311 5565 ascendit
1335 5512 1456 5583 quid
1479 5522 1572 5577 est,
1602 5513 1701 5567 nisi
1727 5514 1863 5583 quod

287 5611 334 5656 et
375 5602 633 5657 descendit
679 5603 897 5672 primum
937 5604 991 5656 in
1030 5603 1294 5673 inferiores
1345 5612 1511 5671 partes
1559 5603 1860 5658 terrw?10.

291 5694 391 5762 Qui
415 5695 708 5764 descendit,
735 5697 844 5767 ipse
863 5707 936 5750 est
958 5704 1005 5751 et
1032 5696 1118 5764 qui
1141 5696 1366 5751 ascendit
1390 5712 1542 5767 super
1567 5712 1738 5751 omnes
1759 5713 1860 5750 cte-

285 5790 360 5844 los
406 5800 462 5845 ut
505 5791 800 5861 adimpleret
846 5791 1032 5846 omnia.
1062 5788 1187 5846 Haec
1214 5790 1433 5846 audiens
1452 5831 1466 5857 ,
1496 5805 1563 5846 ne
1589 5789 1861 5846 existimes

2012 448 2311 502 transitum.
2340 447 2471 503 Nam
2523 450 2662 516 quod
2711 451 2762 505 in
2815 451 3047 522 Epistola
3101 455 3167 509 ad
3215 455 3588 528 Philippenses

2004 535 2264 609 (Philipp.
2290 539 2344 595 2,
2366 541 2442 611 7),
2468 541 2556 596 hic
2580 557 2791 613 quoque
2818 545 3045 600 adstruit
3071 555 3124 601 ct
3148 547 3447 603 conﬁrmat.
3467 550 3587 606 Sic-

2002 637 2060 683 ut
2089 629 2196 683 illic
2225 630 2455 686 suadens
2496 632 2847 690 humilitatem
2868 677 2883 703 ,
2915 637 3129 692 adducit
3159 638 3427 695 Christum
3463 660 3475 695 :
3510 643 3582 697 ita

1999 728 2054 774 et
2077 721 2184 788 hic,
2214 739 2333 778 cum
2360 725 2507 793 dicit,
2543 725 2811 782 Descendit
2837 731 2890 782 in
2919 731 3182 802 inferiores
3212 742 3380 801 partes
3412 743 3576 788 terraz.

1998 813 2128 868 Nam
2157 815 2258 870 nisi
2290 816 2362 870 ita
2393 826 2567 884 esset,
2595 835 3045 891 supervacaneum
3073 833 3216 879 esset
3244 827 3385 894 quod
3414 827 3576 893 dicit,

2001 902 2249 960 Obediens
2278 907 2442 976 factus
2483 925 2639 977 usque
2677 911 2745 964 ad
2770 921 2979 966 mortem
3012 911 3186 984 (Ibid.
3214 933 3262 970 v.
3290 916 3368 985 8).
3398 917 3480 971 Ex
3512 933 3579 971 eo

1995 995 2137 1066 quod
2163 998 2421 1065 ascendit,
2441 999 2612 1056 innuit
2631 1000 2967 1056 descensum.
2996 1003 3277 1061 inferiores
3299 1021 3428 1062 vero
3445 1022 3572 1074 par-

1994 1095 2076 1143 tes
2098 1096 2253 1143 terrte
2279 1089 2408 1144 dicit
2435 1102 2661 1146 mortem
2687 1133 2702 1157 ,
2732 1093 3026 1149 secundum
3055 1094 3330 1150 hominum
3360 1098 3572 1167 Opinio-

1992 1193 2115 1235 nem
2148 1199 2162 1235 :
2191 1181 2330 1236 sicut
2369 1183 2530 1238 etiam
2583 1184 2794 1240 dicebat
2844 1185 3026 1252 Jacob,
3062 1186 3332 1242 Deducetis
3379 1190 3573 1243 senium

1990 1289 2155 1326 meum
2175 1290 2288 1327 cum
2317 1275 2492 1330 dolore
2515 1276 2584 1330 ad
2608 1278 2796 1350 inferos
2822 1278 2840 1348 (
2871 1279 2998 1334 Gen.
3021 1280 3110 1334 44.
3129 1280 3199 1336 99
3221 1281 3239 1350 )
3264 1298 3278 1347 ;
3311 1291 3366 1336 et
3389 1297 3575 1338 rursus

1991 1365 2044 1419 in
2064 1366 2310 1433 'Psalmo,
2336 1367 2533 1423 Similis
2563 1386 2648 1425 ero
2689 1372 3100 1428 descendentibus
3121 1373 3175 1427 in
3202 1375 3367 1427 lacum
3393 1373 3568 1444 (Psal.

1989 1455 2113 1512 “2.
2138 1457 2229 1525 7);
2263 1456 2366 1512 hoc
2391 1467 2474 1514 est
2494 1501 2510 1526 ,
2539 1461 2784 1516 mortuis.
2817 1461 2924 1516 Cur
2956 1461 3099 1517 hunc
3145 1463 3320 1518 locum
3349 1463 3436 1519 hic
3464 1473 3571 1520 tra-

1987 1547 2130 1601 ctat?
2153 1563 2439 1617 quamnam
2468 1549 2597 1605 dicit
2635 1553 3034 1622 captivitatem?
3055 1554 3424 1626 Captivitatem
3454 1555 3570 1610 dia-

1986 1637 2094 1694 boli
2123 1657 2136 1693 :
2163 1648 2446 1708 tyrannum
2474 1644 2682 1713 accepit
2721 1645 2988 1714 captiva
3011 1687 3025 1712 ,
3056 1662 3250 1717 nempe
3297 1648 3564 1703 diabolum

1985 1737 2041 1784 et
2091 1739 2316 1786 mortem
2340 1772 2356 1797 ,
2399 1742 2452 1786 et
2482 1736 2904 1792 essecrationem
2932 1779 2946 1802 ,
2979 1747 3032 1793 et
3080 1748 3375 1808 peccatum.
3406 1738 3568 1793 Vides

1985 1821 2217 1891 prmdam
2246 1831 2300 1878 et
2327 1824 2536 1894 spolia?
2566 1826 2716 1891 Quod
2743 1839 2911 1883 autem
2939 1828 3163 1885 ascendit
3191 1831 3314 1902 quid
3343 1840 3436 1898 est,
3464 1831 3563 1885 nisi

1982 1912 2119 1981 quod
2143 1924 2189 1966 et
2216 1914 2512 1971 descendit?
2536 1917 2650 1973 Hoc
2688 1929 2769 1974 est
2796 1920 3050 1977 adversus
3076 1937 3191 1988 eos,
3222 1924 3311 1994 qui
3338 1922 3563 1978 Paulum

1983 2002 2389 2061 Samosatcnum
2417 2019 2728 2078 sequuntur.
2762 2011 2861 2079 Qui
2887 2013 3158 2078 descendit,
3184 2015 3291 2084 ipse
3312 2022 3384 2069 est
3408 2023 3456 2067 et
3478 2013 3566 2083 qui

1981 2095 2206 2148 ascendit
2248 2113 2400 2167 super
2442 2115 2612 2153 omnes
2655 2102 2805 2155 cwlos
2849 2112 2902 2155 ut
2931 2102 3230 2173 adimpleret
3259 2104 3430 2158 omnia
3460 2102 3558 2173 (a).

1981 2190 2060 2245 Ad
2103 2192 2380 2249 interiores
2399 2236 2414 2261 ,
2446 2195 2651 2265 inquit,
2679 2209 2859 2267 partes
2889 2207 3048 2252 terra:
3077 2197 3396 2264 descendit,
3443 2202 3565 2267 post

1981 2298 2100 2353 quae
2145 2301 2249 2339 non
2295 2295 2419 2341 sunt
2445 2288 2563 2342 alia:
2595 2306 2606 2342 :
2637 2299 2691 2344 et
2731 2291 2973 2346 ascendit
3015 2305 3177 2360 super
3203 2290 3411 2354 omnia,
3443 2298 3563 2359 post

1979 2389 2098 2444 qua:
2127 2392 2231 2430 non
2277 2387 2360 2432 est
2403 2379 2600 2448 aliquid
2627 2380 2790 2435 aliud.
2824 2381 2934 2436 lloc
2976 2391 3059 2436 est
3087 2381 3202 2450 ejus
3231 2380 3480 2435 efﬁcacirc
3508 2391 3562 2434 ct

1978 2464 2327 2534 dominatus;
2375 2485 2495 2524 nam
2528 2470 2642 2526 lucc
2685 2487 2895 2542 quoque
2943 2474 3122 2526 omnia
3169 2473 3296 2527 olim
3338 2472 3555 2540 impleta

1979 2559 2208 2615 fuerant.
2238 2563 2329 2617 11.
2352 2562 2420 2615 Et
2444 2564 2552 2631 ipse
2591 2564 2728 2618 dedit
2760 2566 3005 2636 quosdam
3045 2566 3244 2636 quidem
3280 2565 3558 2635 apostolos,

1978 2651 2222 2720 quosdam
2243 2662 2410 2706 autem
2436 2653 2727 2724 prophetas,
2758 2655 2887 2710 alios
2915 2672 3029 2710 vero
3056 2657 3406 2727 evangelistas,
3430 2656 3560 2707 alios

1977 2751 2145 2795 autem
2193 2753 2418 2812 pastores
2466 2757 2511 2798 et
2549 2746 2814 2809 doctores,
2849 2746 2936 2801 12.
2979 2748 3029 2800 in
3077 2747 3557 2800 consummationem

1975 2843 2282 2900 sanctorum,
2313 2836 2366 2889 in
2405 2853 2533 2906 opus
2568 2837 2853 2906 ministerii,
2884 2838 2936 2892 in
2965 2839 3352 2908 aediﬁcationem
3378 2853 3560 2906 corpo-

1975 2926 2047 2978 ris
2091 2924 2296 2980 Christi.
2336 2927 2491 2996 Quod
2530 2929 2655 2984 alibi
2692 2929 2842 2995 dicit,
2874 2926 3094 3001 PrOpter
3142 2931 3278 3002 quod
3326 2940 3372 2985 et
3422 2930 3560 2984 Deus

1975 3017 2214 3072 exultavit
2240 3019 2385 3072 illum
2406 3020 2740 3092 (Philipp.2.
2775 3022 2851 3094 9),
2885 3023 2988 3078 hoc
3031 3024 3119 3079 hic
3148 3038 3360 3095 quoque
3405 3023 3556 3091 dicit,

1979 3112 2079 3178 Qui
2106 3113 2381 3179 descendit,
2409 3114 2609 3186 ipse'est
2636 3125 2682 3169 et
2706 3116 2793 3184 qui
2818 3116 3062 3170 ascendit.
3091 3117 3242 3185 Quod
3268 3117 3563 3173 descende-

1975 3207 2044 3260 rit
2068 3206 2134 3261 ad
2162 3206 2440 3263 inferiores
2462 3218 2641 3278 partes
2668 3216 2845 3276 terrae,
2868 3209 3002 3264 nihil
3032 3210 3081 3264 ei
3109 3210 3300 3273 obfuit,
3334 3225 3433 3264 nec
3457 3211 3558 3264 im-

1974 3297 2142 3367 pediit
2161 3299 2447 3368 quominus
2467 3299 2782 3355 ascenderet
2809 3316 2967 3370 supra
2992 3302 3173 3357 castos.
3198 3301 3558 3369 Quamobrem

1976 3405 2083 3459 quo
2110 3391 2229 3462 quis
2258 3406 2317 3446 se
2357 3392 2694 3446 humiliorem
2726 3392 2943 3457 fecerit,
2973 3408 3038 3448 eo
3065 3395 3234 3463 magis
3261 3394 3555 3449 extollitur.

1974 3481 2121 3537 Sicut
2150 3483 2294 3538 enim
2327 3483 2380 3537 in
2406 3498 2540 3553 aqua
2563 3498 2668 3553 quo
2697 3484 2866 3554 magis
2897 3499 3015 3539 eam
3046 3483 3182 3540 infra
3205 3484 3559 3549 detuleris,eo

1973 3573 2142 3642 magis
2170 3573 2222 3626 in
2250 3573 2414 3628 altum
2443 3573 2692 3640 etiertur;
2723 3583 2776 3628 et
2796 3589 2903 3644 quo
2929 3587 2994 3629 ex
3021 3575 3207 3644 majori
3236 3575 3408 3644 spatio
3433 3575 3553 3630 fue-

1974 3664 2048 3718 ris
2067 3662 2352 3733 jaculatus,
2381 3680 2447 3720 eo
2490 3666 2659 3736 magis
2682 3667 3021 3736 assequeris:
3053 3667 3121 3723 ita
3149 3667 3308 3723 etiam
3352 3667 3407 3723 in
3458 3668 3556 3721 hua

1972 3755 2218 3812 militate.
2248 3755 2352 3811 Sed
2384 3756 2593 3826 quando
2614 3757 2682 3812 de
2707 3757 2818 3812 Deo
2840 3757 3040 3813 dixeris
3064 3759 3427 3823 escensiones,
3456 3774 3552 3814 ne-

1972 3864 2123 3904 cesse
2144 3858 2224 3903 est
2247 3847 2479 3918 primum
2509 3850 2744 3918 cogitare
2770 3848 3086 3906 descensum
3106 3867 3120 3916 ;
3140 3850 3352 3917 quando
3375 3859 3554 3906 autem

1971 3938 2040 3993 de
2065 3938 2298 4003 homine,
2332 3953 2688 4009 nequaquam.
2722 3940 2927 3997 Deinde
2954 3941 3190 3997 ostendit
3235 3943 3394 3997 etiam
3436 3944 3557 4011 ejus

1972 4030 2358 4100 providentiam
2380 4040 2435 4085 et
2459 4032 2774 4100 sapientiam
2810 4050 2822 4087 :
2851 4033 3105 4103 dicitque,
3129 4035 3218 4104 qui
3245 4044 3351 4089 tam
3383 4035 3548 4090 multa

1972 4123 2116 4190 fecit,
2148 4131 2203 4178 et
2245 4123 2336 4194 qui
2369 4133 2570 4179 tantum
2602 4126 2795 4195 patuit,
2844 4137 2899 4182 et
2941 4128 3007 4183 ad
3057 4129 3337 4185 inferiores
3381 4145 3552 4200 usque

1971 4223 2130 4270 teme
2149 4225 2329 4285 partes
2349 4231 2445 4284 pro
2471 4215 2626 4271 nobis
2651 4217 2980 4273 descendere
3007 4234 3112 4274 non
3143 4221 3427 4287 recusavit,
3446 4237 3554 4275 non

1971 4313 2176 4361 temere
2199 4305 2327 4362 fecit
2351 4307 2752 4362 distributiones
2779 4309 3182 4365 charismatum.
3206 4311 3346 4366 Alibi
3374 4320 3550 4367 autem

1969 4395 2100 4452 dicit
2127 4397 2267 4468 quod
2289 4396 2391 4453 hoc
2413 4407 2661 4467 operatus
2679 4400 2748 4453 sit
2768 4399 3104 4468 Spiritus,sic
3127 4401 3308 4456 dicens
3333 4419 3346 4456 :
3370 4402 3434 4456 In
3455 4420 3554 4473 quo

1972 4489 2138 4558 posuit
2161 4506 2249 4542 vos
2279 4489 2502 4558 Spiritus
2539 4499 2748 4544 sanctus
2773 4491 3032 4562 episcOpos
3073 4508 3244 4560 regere
3269 4492 3552 4548 Ecclesium

1970 4578 2180 4634 Domini
2208 4579 2347 4651 (Act.
2371 4580 2461 4635 20.
2489 4581 2584 4650 ‘28)
2611 4599 2623 4634 :
2658 4581 2743 4635 hic
2786 4590 2962 4636 autem
2987 4582 3117 4636 dicit
3154 4583 3296 4652 quod
3341 4584 3549 4650 Filius;

1969 4671 2094 4725 alibi
2116 4671 2256 4742 quod
2285 4672 2424 4726 Beus
2449 4687 2466 4736 ;
2493 4680 2545 4725 et
2573 4686 2811 4739 rursum,
2847 4671 2969 4742 Ipse
2996 4673 3134 4726 dedit
3154 4671 3398 4729 Ecclesia:
3424 4677 3554 4732 alios

1968 4761 2170 4830 quidem
2215 4763 2489 4832 apostolos,
2518 4762 2646 4816 alios
2674 4773 2840 4817 autem
2868 4765 3136 4834 prophetas
3163 4765 3183 4836 (
3213 4767 3265 4821 1.
3297 4767 3416 4823 Cor.
3461 4769 3545 4833 12,

1967 4850 2084 4924 28).
2113 4853 2170 4910 In
2193 4853 2432 4924 Epistola
2457 4863 2632 4908 autem
2663 4854 2730 4910 ad
2756 4853 3059 4910 Corinthios
3085 4857 3235 4925 dicit,
3268 4857 3377 4930 Ego
3399 4861 3553 4930 plan-

1969 4949 2090 5014 tavi,
2113 4947 2298 5018 Apollo
2349 4947 2561 5018 rigavit,
2591 4945 2732 5002 Deus
2783 4958 2950 5003 autem
3000 4951 3362 5007 incrementum
3414 4954 3556 5009 dedit

1943 5033 2056 5106 (Id.
2086 5039 2139 5093 3.
2170 5039 2222 5094 6.
2253 5038 2286 5094 8
2313 5037 2368 5107 );
2397 5047 2451 5094 et
2476 5054 2682 5107 rursus,
2728 5039 2826 5107 Qui
2851 5041 3048 5110 plantat
3088 5053 3256 5098 autem
3295 5054 3340 5098 et
3365 5046 3450 5115 qui
3477 5047 3551 5099 ri-

1967 5138 2053 5200 gat
2073 5145 2230 5183 unum
2255 5139 2408 5183 sunt:
2438 5132 2777 5201 unusquisque
2794 5141 2960 5186 autem
2986 5136 3245 5203 propriam
3274 5135 3551 5189 mercedem

2033 5304 2103 5368 (o)
2128 5304 2205 5353 De
2237 5304 2384 5368 Pauli
2412 5304 2714 5368 samosateni
2737 5308 2916 5357 haeresi
2951 5314 3026 5358 sat
3048 5309 3240 5358 diversa
3265 5307 3550 5359 referuntur

1966 5366 2328 5432 arseriptgri‘bus
2349 5366 2712 5432 Ecclesiasticis
2733 5406 2745 5428 ,
2771 5369 3049 5432 Athanasio,
3073 5370 3316 5432 Eusebio,
3342 5369 3551 5432 Epipha-

1966 5431 2062 5487 nio,
2077 5427 2128 5477 et
2150 5427 2425 5477 Philastrio.
2439 5429 2640 5487 Quidam
2655 5427 2776 5480 vero
2797 5431 2961 5481 dicunt
2981 5430 3111 5480 illum
3134 5441 3186 5480 ut
3212 5439 3262 5480 et
3280 5427 3550 5480 Sabellium'

1968 5490 2274 5539 identitatem
2295 5489 2454 5554 Patris
2466 5489 2636 5540 etFilii
2660 5497 2713 5540 et
2732 5491 2938 5554 Spiritus
2954 5502 3106 5554 sancti
3132 5493 3400 5542 induxisse.
3415 5494 3550 5545 Chri-

1967 5559 2094 5613 stum
2135 5564 2344 5613 negasse
2384 5551 2545 5601 Deum
2589 5566 2702 5601 esse
2735 5551 2909 5602 dicitur
2933 5568 2959 5602 a
2986 5553 3297 5603 'l‘heodoreto
3321 5554 3407 5603 lib.
3431 5556 3462 5604 2
3483 5557 3550 5605 de

1967 5611 2227 5662 Haereticis
2247 5612 2424 5663 fabulis
2440 5653 2454 5671 ,
2483 5621 2534 5663 et
2555 5613 2687 5663 clare
2715 5628 2741 5662 a
2765 5615 3046 5664 Philastrio.
3074 5615 3226 5673 Quam
3249 5619 3548 5667 sententiam

1967 5674 2053 5738 hic
2066 5683 2313 5738 oppugnat
2335 5674 2700 5738 Chrysostomus
2724 5682 2776 5724 et
2799 5678 2951 5738 carpit
2975 5689 3037 5724 ex
3078 5677 3155 5725 his
3178 5676 3312 5725 Pauli
3339 5681 3504 5728 verbis
3522 5712 3544 5737 ,ν

1967 5735 2053 5806 Qui
2074 5735 2338 5806 descendit,
2356 5735 2458 5806 ipse
2481 5744 2550 5789 est
2571 5744 2616 5789 st
2635 5738 2717 5802 qui
2739 5735 2952 5789 ascendit
2975 5752 3119 5802 super
3145 5753 3304 5791 innatas
3329 5739 3467 5794 calt»
3488 5735 3546 5794 ut

1969 5797 2250 5858 adimpleret
2273 5797 2447 5848 omnia.
