4060 6400
469 267 539 323 83

412 378 433 429 Ἰ
473 381 684 456 accipiet
710 378 986 435 secundum
1006 394 1152 432 suum
1172 377 1395 430 laborem
1423 372 1500 447 (Ξ.
1527 372 1645 428 Cor.
1670 373 1724 427 5.
1759 369 1839 441 6).
1870 366 1947 422 Ita
1968 364 2056 420 hic

408 462 435 511 ²τ
475 488 711 545 quoque.
741 472 878 539 Quid
919 471 1082 535 enim,
1116 470 1163 524 si
1192 469 1349 524 affers
1378 465 1587 521 minus?
1616 471 1819 519 tantum
1846 456 2057 526 accepi-

420 556 426 605 Ϊ
476 566 567 620 sti.
596 563 829 619 Primum
856 562 1146 633 apostolos;
1173 559 1227 614 hi
1256 558 1395 615 enim
1426 556 1694 611 habebant
1721 551 1900 608 omnia
1934 567 1947 603 :
1978 564 2058 602 se-

476 654 644 711 cundo
669 656 978 727 prophetas;
1003 663 1159 709 erant
1184 652 1329 707 enim
1358 649 1518 719 aliqui
1554 648 1644 718 qui
1685 644 1908 714 apostoli
1935 641 2056 712 qui—

414 734 443 796 ἶ²
479 747 603 803 dem
631 762 738 801 non
768 755 921 800 erant
942 786 956 809 ,
982 754 1134 799 erant
1161 753 1337 798 autem
1368 739 1643 811 pr0phetze
1664 778 1678 802 ,
1706 745 1762 791 ut
1797 734 2011 805 Agabus
2039 748 2054 785 :

478 841 624 892 tertio
650 837 999 909 evangelistas,
1029 836 1116 906 qui
1158 851 1263 890 non
1302 849 1488 889 omnes
1514 831 1735 887 obibant
1774 829 2055 898 regiones,

480 930 578 985 sed
614 928 1051 997 evangelizabant
1072 967 1087 991 ,
1114 937 1170 980 ut
1212 925 1449 981 Priscilla
1477 934 1530 979 et
1560 922 1746 993 Aquila
1775 938 1789 976 :
1822 918 2061 973 Pastores

479 1030 531 1074 et
556 1020 804 1082 doctores,
830 1033 1058 1089 quorum
1083 1017 1204 1072 ﬁdei
1233 1024 1341 1071 tota
1370 1030 1502 1086 gens
1524 1024 1641 1069 erat
1668 1011 1890 1068 credita.
1922 1007 2061 1075 Quid

482 1109 646 1181 ergo?
676 1119 829 1165 erant
850 1118 1101 1179 pastores
1128 1116 1181 1162 et
1206 1107 1454 1162 doctores
1482 1104 1806 1161 inferiores?
1833 1101 2062 1158 Maxime

483 1199 699 1271 quidem
722 1240 739 1267 ,
769 1200 832 1254 iis
862 1199 952 1268 qui
980 1212 1166 1252 omnes
1199 1198 1420 1252 obibant
1442 1196 1687 1266 regiones
1712 1204 1767 1249 et
1790 1191 2063 1263 evangeli-

486 1292 751 1357 zantibus,
775 1291 813 1345 ii
840 1291 928 1360 qui
955 1290 1212 1345 sedebant
1245 1297 1299 1343 et
1338 1290 1389 1342 in
1424 1302 1533 1342 uno
1579 1285 1699 1341 loco
1725 1292 1878 1340 erant
1901 1298 2064 1338 occu-

486 1383 622 1455 pati,
648 1392 705 1437 ut
728 1381 1041 1437 Timotheus
1067 1389 1121 1434 et
1148 1380 1319 1434 Titus.
1348 1378 1557 1449 Alioqui
1597 1386 1774 1432 autem
1816 1391 1916 1431 nec
1945 1375 2068 1428 hinc

490 1475 607 1530 ﬁeri
654 1483 829 1545 potest
853 1473 1115 1542 subjectio
1137 1482 1191 1526 et
1215 1471 1436 1526 honoris
1460 1470 1721 1541 praelatio,
1747 1468 1841 1524 sed
1873 1484 1939 1523 ex
1965 1467 2069 1521 alia

490 1565 735 1634 epistola.
769 1562 890 1633 Ipse
940 1562 1097 1625 dedit,
1146 1560 1348 1631 inquit;
1390 1575 1459 1615 ne
1510 1558 1918 1615 contradixeris.
1968 1560 2072 1611 Aut

494 1655 847 1725 evangelistas
889 1653 1038 1717 dicit,
1068 1666 1161 1706 eos
1204 1652 1294 1722 qui
1334 1651 1649 1721 scripserint
1696 1648 2066 1718 Evangelium.

494 1747 575 1799 Ad
604 1746 1085 1800 consummationem
1110 1753 1404 1797 sanctorum
1429 1784 1444 1809 ,
1471 1742 1525 1796 in
1550 1757 1676 1812 opus
1704 1737 1989 1805 ministerii,
2018 1737 2071 1790 in

494 1840 881 1909 wdi/ioationem
914 1838 1139 1907 corporis
1175 1834 1382 1891 Christi.

566 1935 622 1988 5.
664 1933 827 1987 Vides
892 1929 1312 1986 auctoritatem?
1370 1927 1740 1996 Unusquisque
1801 1922 2029 1977 :ediﬁcat
2057 1963 2071 1988 ,

498 2025 863 2092 unusquisque
894 2022 1100 2091 perﬁcit
1119 2030 1173 2075 et
1197 2026 1553 2084 consummat,
1584 2016 1948 2087 unusquisque
1970 2014 2076 2068 mi-

502 2116 710 2169 nistrat.
742 2115 829 2169 15.
853 2112 1028 2166 Donec
1054 2127 1377 2165 occurramus
1395 2151 1412 2177 ,
1444 2109 1614 2178 inquit
1636 2147 1654 2173 ,
1684 2123 1854 2161 omnes
1880 2106 1933 2159 in
1959 2107 2077 2158 uni-

502 2219 655 2264 tatem
675 2209 796 2279 ﬁdei
821 2218 867 2263 et
894 2208 1165 2278 agnitionis
1202 2205 1327 2259 Filii
1352 2204 1483 2271 Dei,
1508 2206 1561 2258 in
1587 2205 1749 2258 virum
1778 2202 2075 2274 perfectum,

500 2303 556 2356 in
584 2317 871 2356 mensuram
899 2300 1061 2354 celatis
1089 2299 1417 2369 plenitudinis
1457 2297 1666 2353 Christi.
1717 2297 1953 2353 IEtatem
1994 2294 2081 2351 hic

504 2393 634 2448 dicit
690 2391 977 2463 perlectam
1030 2390 1376 2462 agnitionem.
1426 2388 1889 2455 Quemadmodum
1937 2388 2081 2443 enim

503 2488 586 2541 vir
634 2495 740 2540 stat
787 2485 975 2540 ﬁrmus
1026 2499 1091 2539 ac
1139 2484 1362 2549 stabilis,
1404 2482 1556 2553 pueri
1592 2490 1770 2537 autem
1814 2480 2082 2537 mentibus

504 2576 995 2633 circumferuntur:
1032 2576 1103 2629 ita
1156 2576 1317 2629 etiam
1375 2574 1428 2627 in
1473 2571 1738 2628 ﬁdelibus.
1792 2570 1863 2626 In
1909 2571 2080 2625 unita-

506 2678 644 2733 tem,
699 2668 892 2738 inquit,
949 2666 1090 2735 ﬁdei.
1134 2665 1247 2720 Hoc
1272 2673 1376 2730 est,
1397 2663 1570 2719 donec
1614 2672 1885 2718 ostensum
1924 2661 2085 2716 fuerit

507 2776 609 2816 nos
635 2774 823 2814 omnes
863 2774 1023 2813 unam
1055 2758 1251 2813 habere
1273 2756 1457 2811 ﬁdem.
1486 2755 1599 2811 Hoc
1625 2763 1709 2810 est
1734 2754 1877 2810 enim
1907 2754 2085 2809 unitas

510 2850 656 2917 ﬁdei,
685 2848 898 2920 quando
922 2862 1110 2903 omnes
1129 2863 1291 2903 unum
1321 2862 1529 2911 sumus,
1561 2845 1774 2917 quando
1795 2845 2087 2916 colligatio-

514 2952 641 2995 nem
672 2954 861 2995 omues
886 2940 1045 2995 simul
1070 2938 1431 3010 agnoscimus.
1448 2938 1630 3008 Usque
1655 2937 1721 2993 ad
1750 2936 1854 2991 hoc
1881 2946 2097 3007 tempus.

512 3035 729 3100 operari
766 3038 1008 3099 oportet,
1038 3030 1081 3083 si
1111 3039 1398 3099 propterea
1449 3028 1700 3098 accepisti
1740 3027 2005 3082 charisma
2032 3036 2089 3081 ut

516 3123 651 3179 alios
690 3123 944 3178 aediﬁces.
973 3121 1104 3177 Vide
1134 3136 1201 3175 ne
1227 3122 1452 3190 teipsum
1473 3128 1681 3175 evertas
1706 3119 1795 3174 alii
1822 3119 2086 3176 invidens.

515 3215 657 3270 Deus
679 3224 730 3269 te
755 3214 1057 3277 honoravit,
1077 3222 1131 3268 et
1148 3213 1324 3282 posuit
1349 3222 1407 3267 ut
1421 3212 1584 3266 alium
1607 3210 1849 3281 perﬁcias
1877 3225 1939 3264 ac
1964 3224 2092 3265 con-

517 3322 776 3362 summes.
798 3305 932 3361 Nam
962 3313 1016 3360 et
1037 3304 1309 3375 apostolus
1328 3304 1382 3359 in
1404 3303 1505 3358 hoc
1525 3312 1657 3368 erat,
1678 3312 1733 3359 et
1755 3301 2011 3373 propheta
2039 3301 2092 3355 in

516 3399 619 3453 hoc
649 3406 783 3464 erat,
815 3398 1139 3467 prophetans
1184 3405 1237 3452 et
1275 3396 1625 3466 persuadens,
1665 3403 1720 3451 et
1767 3396 2091 3466 evangelista

518 3489 910 3557 evangelizans,
940 3496 995 3543 et
1016 3496 1198 3558 pastor
1226 3488 1523 3543 etdoctor:
1553 3501 1739 3541 omnes
1770 3501 1929 3541 unum
1958 3500 2092 3555 opus

518 3588 885 3648 susceperant.
909 3579 986 3634 Ne
1008 3578 1138 3633 mihi
1158 3578 1299 3633 enim
1321 3577 1521 3633 dixeris
1538 3576 1889 3632 differentiam
1913 3576 2093 3631 chari-

517 3681 746 3724 smatum
778 3687 793 3725 :
819 3686 1005 3726 omnes
1035 3686 1199 3725 unum
1239 3686 1371 3740 opus
1406 3670 1692 3733 habebant.
1722 3670 1855 3726 Nam
1882 3670 2094 3741 quando

519 3776 709 3816 omnes
748 3762 994 3816 similiter
1022 3763 1325 3827 credimus,
1366 3771 1492 3817 tunc
1521 3770 1605 3818 est
1642 3764 1837 3817 unitas.
1886 3763 2094 3818 Etenim

519 3851 660 3922 quod
688 3850 791 3905 hoc
811 3852 978 3905 virum
997 3852 1140 3907 dicat
1169 3853 1479 3922 perfectum.
1498 3860 1580 3907 est
1604 3854 1962 3924 perspicuum.
1997 3855 2096 3908 At-

521 3943 611 4009 qui
635 3942 762 3995 alibi
789 3957 886 3996 nos
914 3942 1043 3997 dicit
1068 3944 1339 4012 parvulos,
1362 3945 1520 3998 etiam
1548 3959 1669 3998 cum
1707 3960 1891 4000 sumus
1917 3946 2094 4015 perfe-

522 4033 612 4096 cti,
655 4032 748 4086 sed
795 4033 899 4085 alio
942 4042 1211 4101 spectans.
1240 4033 1370 4088 Nam
1422 4034 1494 4088 ibi
1538 4036 1750 4103 quidem
1800 4052 1899 4091 nos
1946 4047 2100 4093 vocat

524 4123 770 4192 parvulos
794 4124 1001 4179 ratione
1027 4124 1206 4178 habita
1230 4125 1418 4180 futurae
1440 4128 1757 4194 cognitionis
1781 4146 1795 4182 :
1828 4145 1948 4183 nam
1975 4146 2096 4186 cum

524 4217 760 4283 dixisset,
793 4214 878 4269 Ea:
903 4225 1046 4286 parte
1071 4218 1439 4287 cognoscimus,
1468 4218 1747 4287 subjunxit
1786 4220 1967 4283 etiam,
1998 4222 2099 4277 Per

520 4308 825 4377 aenigmata,
857 4318 911 4363 et
936 4324 1054 4379 quae
1079 4318 1203 4363 sunt
1230 4308 1531 4379 hujusmodi
1560 4313 1636 4379 (1.
1657 4310 1775 4366 Cor.
1795 4314 1950 4369 15.9.
1971 4316 2098 4386 12):

523 4401 610 4455 hic
649 4411 824 4455 autem
869 4402 1003 4457 dixit
1045 4403 1152 4457 alio
1194 4404 1509 4473 respiciens,
1541 4420 1733 4474 nempe
1777 4406 1846 4459 ad
1888 4406 2096 4463 facilem

524 4491 916 4560 prolapsionem
943 4501 996 4546 et
1016 4493 1363 4549 mutationem
1394 4510 1407 4547 :
1437 4494 1575 4549 sicut
1602 4497 1761 4550 etiam
1787 4496 2055 4553 dicitalibi
2082 4518 2094 4553 :

529 4581 877 4651 Perfectorum
905 4591 1072 4636 autent
1117 4593 1190 4637 est
1230 4584 1424 4639 solidus
1470 4586 1609 4640 cibus
1638 4586 1658 4657 (
1687 4586 1845 4643 Hebr.
1874 4589 1928 4643 5.
1961 4588 2027 4643 14
2054 4590 2095 4661 ).

528 4673 685 4728 Vides
726 4675 994 4743 quomodo
1042 4676 1150 4731 illic
1190 4691 1403 4746 quoque
1448 4677 1580 4733 dicit
1622 4679 1931 4749 perfectos?
1963 4682 2099 4738 Vide

524 4764 790 4833 quomodo
820 4764 905 4818 hic
946 4766 1153 4820 vocavit
1194 4766 1460 4835 perfectos
1501 4783 1597 4838 per
1624 4784 1685 4825 ea
1719 4786 1839 4841 qua:
1877 4772 2098 4844 subjun-

525 4863 741 4921 guntur,
770 4854 859 4908 14.
896 4853 962 4909 Ut
996 4856 1111 4928 jam
1135 4872 1237 4910 non
1265 4857 1422 4911 simus
1450 4859 1674 4925 parvuli.
1701 4859 1830 4916 Haec
1877 4873 1959 4917 est
1977 4905 1993 4930 ,
2022 4864 2104 4919 in-

526 4946 658 5015 quit,
688 4961 958 5013 mensura,
982 4957 1038 5002 ut
1064 4963 1290 5018 paucum
1316 4950 1457 5021 quod
1480 4953 1787 5023 accepimus
1812 4958 1956 5011 omni
1983 4966 2102 5012 stu-

527 5040 615 5095 dio
646 5039 973 5110 firmiterque
1015 5056 1079 5096 ac
1104 5041 1366 5099 stabiliter
1404 5045 1749 5103 retineamus.
1779 5047 1846 5102 Ut
1861 5050 1975 5119 jam
2000 5066 2102 5106 non

526 5133 770 5201 amplius.
802 5132 957 5198 lllud,
989 5132 1111 5187 Non
1137 5135 1377 5206 amplius,
1402 5136 1636 5190 ostendit
1664 5153 1758 5193 eos
1782 5139 2101 5209 jampridem

525 5224 599 5277 ita
621 5222 785 5277 fuisse
809 5223 1047 5289 affectos,
1076 5232 1131 5280 et
1155 5228 1387 5297 seipsum
1412 5229 1559 5297 ponit
1590 5229 1642 5283 in
1669 5229 1786 5284 loco
1816 5234 2103 5289 correctio-

526 5315 643 5383 nis,
673 5324 724 5371 et
752 5317 991 5388 corrigit.
1024 5317 1313 5388 Propterea
1340 5320 1500 5387 dicit,
1534 5321 1635 5377 Tot
1683 5321 1899 5378 fuerunt
1926 5325 2055 5381 fabri
2082 5367 2099 5393 ,

527 5421 595 5462 ne
620 5407 902 5462 aediﬁcium
942 5408 1313 5476 labefactetur,
1342 5428 1408 5466 ne
1436 5414 1861 5483 circumferatur,
1896 5425 1953 5471 ut
1996 5419 2102 5475 sint

525 5496 730 5567 lapides
755 5498 890 5554 firmi
920 5508 975 5556 et
1001 5501 1239 5556 stabiles.
1270 5502 1381 5557 Hoc
1409 5505 1552 5558 enim
1580 5514 1664 5560 est
1692 5506 1927 5576 illorum,
1958 5526 2103 5565 nem-

527 5603 595 5658 pe
638 5587 894 5647 ﬁuctuare
918 5633 933 5657 ,
962 5593 1217 5649 vacillare
1240 5636 1255 5659 ,
1294 5594 1624 5651 circumferri
1652 5607 1705 5651 et
1735 5597 1991 5654 labeﬁeri.
2030 5602 2099 5658 Ut

511 5676 628 5744 jam
653 5696 752 5734 non
783 5682 938 5738 simus
966 5685 1185 5756 amplius
1214 5688 1433 5758 parvuli,
1461 5689 1783 5759 ﬂuctuantes,
1814 5702 1859 5746 et
1880 5696 2096 5750 circum-

1233 264 1291 320 S.
1329 260 1604 319 JOANNIS
1638 249 2105 316 CHRYSOSTOMI
2143 249 2457 307 ARCHIEP.
2496 249 3018 310 CONSTANTINOP.

3659 254 3726 307 ει

2154 363 2379 434 feramur
2416 366 2555 419 omni
2601 375 2746 420 vento
2773 368 3014 422 doctrina:
3040 368 3095 421 in
3121 368 3344 439 nequitia
3368 370 3645 434 hominum,
3676 371 3732 426 in

2154 456 2341 511 astutia
2367 455 2437 510 ad
2464 457 2933 512 circumventionem
2959 460 3164 513 erroris.
3196 458 3268 514 Et
3296 461 3730 533 circumferamur,

2154 547 2360 615 inquit,
2391 548 2529 601 omni
2574 558 2741 603 vento.
2787 549 3149 621 Prosequutus
3197 560 3282 607 est
3323 553 3689 623 metaphoram
3714 574 3757 622 ,ν

2156 638 2448 694 ostendens
2476 639 2529 693 in
2556 654 2662 709 quo
2691 641 2929 711 periculo
2952 651 3077 697 sunt
3100 642 3293 698 animae
3320 659 3439 714 quae
3467 643 3732 700 dubitant.

2162 729 2332 795 Omni,
2364 731 2557 801 inquit,
2585 743 2751 800 uento,
2782 734 2835 786 in
2865 735 3137 805 nequitiam
3162 735 3439 801 hominum,
3471 737 3525 790 in
3548 738 3738 791 astutia

2158 822 2227 874 ad
2271 823 2741 877 circumventionem
2787 826 2991 880 erroris.
3042 832 3281 881 Koesqu
3342 826 3590 883 dicuntur
3644 830 3739 899 qui

2160 921 2382 968 utuntur
2399 914 2539 969 talis.
2556 913 2714 970 Tales
2739 924 2865 970 sunt
2888 917 2976 985 qui
3007 927 3132 971 sunt
3154 916 3288 972 vafri
3314 927 3369 974 et
3389 920 3570 986 astuti,
3596 929 3741 991 post-

2161 1011 2319 1073 quam
2346 1005 2586 1074 ceperint
2614 1004 2968 1075 simpliciores
2997 1023 3011 1059 :
3042 1007 3116 1061 illi
3159 1008 3303 1062 enim
3342 1010 3519 1062 omnia
3569 1018 3741 1064 trans-

2163 1104 2369 1167 ponunt
2390 1103 2445 1150 et
2473 1095 2823 1151 transferunt.
2861 1096 2959 1151 llic
2984 1098 3145 1151 vitam
3187 1114 3399 1169 quoque
3428 1101 3619 1171 tetigit.
3647 1103 3737 1157 15.

2173 1185 2447 1243 Veritatem
2471 1196 2637 1241 autem
2665 1190 2903 1259 facientes
2927 1190 2981 1243 in
3008 1191 3233 1257 caritate,
3265 1208 3547 1247 crescamus
3573 1195 3627 1247 in
3650 1194 3741 1250 illo

2167 1296 2259 1351 per
2286 1280 2474 1344 omnia,
2502 1280 2589 1350 qui
2628 1291 2701 1333 est
2735 1289 2887 1350 caput
2926 1280 3177 1347 Christus,
3208 1283 3294 1337 16.
3323 1300 3385 1337 ea:
3422 1301 3519 1355 quo
3538 1326 3553 1352 ,
3586 1294 3744 1349 totum

2166 1390 2349 1445 corpus
2375 1380 2691 1443 compactum
2719 1383 2765 1427 et
2803 1390 3084 1429 connexum
3110 1392 3199 1445 per
3222 1392 3421 1431 omnem
3450 1380 3743 1447 juncturam

2167 1464 2660 1531 subministrationis,
2691 1466 2969 1520 secundum
3001 1468 3341 1537 operationem
3368 1469 3422 1523 in
3458 1488 3744 1529 mensuram

2168 1556 2565 1628 uniuscujusque
2605 1558 2850 1623 membri,
2899 1569 3222 1628 augmentum
3261 1562 3491 1631 corporis
3536 1564 3658 1634 facit
3690 1564 3744 1618 in

2170 1649 2558 1718 aediﬁcationem
2600 1652 2681 1705 sui
2721 1652 2775 1705 in
2811 1651 3038 1705 caritate.
3074 1651 3312 1709 Obscure
3351 1654 3637 1711 admodum
3663 1667 3747 1713 est

2173 1739 2570 1809 interpretatus,
2608 1756 2674 1796 eo
2716 1742 2857 1812 quod
2888 1742 3123 1819 voluerit.
3154 1745 3333 1800 omnia
3358 1747 3512 1801 simul
3545 1747 3745 1805 dicere.

2175 1831 2288 1887 Hoc
2311 1839 2398 1888 est
2423 1842 2599 1888 autem
2621 1835 2760 1904 quod
2787 1834 2916 1889 dicit
2945 1853 2958 1888 :
2985 1835 3135 1891 Sicut
3164 1837 3380 1905 spiritus
3411 1840 3499 1909 qui
3526 1839 3767 1897 descen-l

2174 1925 2308 1981 dita
2342 1926 2584 1992 cerebro,
2618 1928 2879 1983 sentiendi
2909 1930 3233 1997 facultatem,
3262 1946 3379 2003 qua:
3407 1942 3490 1987 est
3519 1949 3611 2002 per
3636 1950 3750 1990 ner-

2175 2032 2293 2085 vos,
2320 2033 2426 2074 non
2450 2019 2694 2075 absolute
2715 2018 2806 2075 dat
2832 2021 3101 2085 omnibus,
3134 2023 3227 2076 sed
3258 2039 3355 2093 pro
3377 2024 3749 2079 convenientia

2178 2120 2232 2168 et
2274 2113 2618 2183 proportione
2670 2113 3084 2186 uniuscujusque
3139 2117 3403 2182 membri;
3444 2119 3492 2173 ei
3536 2118 3750 2189 quidem

2178 2205 2321 2274 quod
2351 2205 2469 2274 plus
2490 2214 2666 2275 potest
2690 2206 2982 2275 suscipere,
3020 2208 3267 2277 amplius,
3296 2208 3467 2262 minus
3496 2218 3669 2264 autem
3700 2209 3751 2264 ei

2181 2297 2321 2366 quod
2343 2297 2552 2363 minus;
2581 2298 2683 2353 hoc
2706 2298 2847 2353 enim
2870 2308 2953 2354 est
2977 2299 3147 2362 radix,
3179 2314 3372 2369 nempe
3393 2300 3609 2370 spiritus
3633 2318 3645 2352 :
3673 2302 3753 2355 sic

2181 2389 2342 2444 etiam
2370 2388 2612 2444 Christus
2650 2406 2663 2442 :
2696 2390 2974 2445 animabus
3019 2391 3163 2445 enim
3207 2400 3470 2460 tamquam
3501 2391 3754 2447 membris

2182 2483 2230 2537 ei
2256 2483 2527 2551 appensis,
2554 2482 2671 2551 ejus
2700 2482 3033 2552 providentia
3064 2493 3116 2537 et
3138 2481 3516 2537 charismatum
3553 2498 3751 2553 suppe-

2184 2572 2391 2640 ditatio,
2418 2584 2771 2644 congruenter
2794 2576 3122 2644 proportioni
3166 2584 3220 2630 et
3265 2577 3668 2638 convenientiae,
3699 2577 3753 2631 in

2185 2679 2435 2719 mensura
2464 2664 2853 2721 incrementum
2894 2666 3020 2721 facit
3067 2666 3482 2736 uniuscujusque
3508 2665 3753 2720 membri.

2185 2756 2323 2825 Quid
2344 2765 2427 2811 est
2448 2766 2648 2823 autem,
2668 2756 2772 2811 Per
2786 2760 3079 2829 juncturam
3106 2758 3616 2814 subministrationis?
3646 2758 3759 2814 Hoc

2186 2858 2289 2913 est,
2319 2864 2415 2918 per
2435 2863 2674 2904 sensum.
2692 2850 2785 2905 llle
2812 2851 2953 2905 enim
2976 2852 3194 2921 spiritus
3213 2851 3300 2921 qui
3326 2853 3759 2907 subministratur

2188 2948 2243 2995 et
2292 2940 2663 3010 suppeditatur
2712 2942 2968 2997 membris
3018 2958 3049 2997 a
3099 2943 3293 3012 capite,
3348 2943 3760 3014 unumquodque

2189 3034 2487 3089 membrum
2536 3044 2757 3104 tangens
2808 3036 2881 3090 ita
2930 3045 3202 3105 operatur.
3235 3036 3306 3093 Ut
3350 3037 3394 3091 si
3436 3037 3555 3107 quis
3594 3037 3758 3102 dicat,

2190 3124 2394 3195 Corpus
2416 3126 2711 3196 suscipiens
2737 3126 3281 3184 subministrationem
3306 3142 3369 3182 ac
3388 3128 3763 3199 suppeditatio-

2191 3231 2337 3281 nem,
2363 3225 2719 3286 congruenter
2748 3218 3073 3287 proportioni
3107 3217 3468 3272 membrorum
3502 3234 3620 3289 quae
3641 3228 3765 3274 sunt

2192 3306 2245 3360 in
2286 3307 2424 3377 ipso,
2456 3307 2529 3360 ita
2556 3307 2683 3362 facit
2719 3308 3104 3363 incrementum
3137 3326 3150 3361 :
3181 3318 3271 3363 aut
3298 3309 3451 3365 aliter
3473 3349 3490 3376 ,
3525 3310 3762 3366 Membra

2193 3409 2550 3470 congruenter
2594 3401 2935 3470 proportioni
2966 3416 3077 3456 sua:
3114 3417 3379 3457 mensurze
3421 3403 3763 3472 suscipientia

2193 3493 2672 3563 suppeditationem
2698 3536 2713 3562 ,
2760 3495 2837 3549 sic
2888 3504 3150 3565 augentur
3180 3514 3193 3550 :
3225 3505 3317 3551 aut
3362 3496 3522 3551 etiam
3568 3497 3763 3563 aliter,

2195 3583 2425 3653 Spiritus
2451 3585 2679 3655 desuper
2701 3585 2910 3640 abunde
2950 3585 3196 3652 affluens,
3230 3595 3284 3642 et
3323 3589 3500 3642 omnia
3529 3589 3786 3643 membra

2198 3685 2440 3746 tangens,
2464 3685 2519 3730 et
2537 3676 2901 3746 suppeditatus
2921 3686 2981 3731 ut
3004 3679 3369 3747 unusquisque
3397 3688 3572 3748 potest
3598 3680 3787 3734 susci-t

2197 3782 2360 3838 pere,
2393 3768 2463 3822 ita
2491 3777 2731 3837 augetur.
2760 3768 2997 3835 Quanam
3028 3778 3203 3824 autem
3246 3769 3312 3823 de
3339 3785 3495 3825 causa
3527 3770 3766 3835 addidit,

2197 3858 2263 3913 In
2286 3860 2538 3913 caritate?
2564 3859 2702 3914 Fieri
2732 3861 2874 3915 enim
2902 3875 3010 3915 non
3054 3870 3229 3929 potest
3266 3870 3323 3915 ut
3362 3862 3516 3916 aliter
3552 3862 3795 3931 spiritus.

2199 3951 2288 4007 ille
2313 3951 2619 4006 descendat.
2653 3950 2802 4007 Sicut
2829 3952 2994 4018 enim,
3021 3954 3062 4008 si
3090 3954 3374 4023 contigerit
3401 3963 3460 4008 ut
3489 3969 3676 4008 manus
3700 3956 3773 4008 sit

2199 4044 2379 4097 avulsa
2425 4056 2453 4095 a
2498 4056 2742 4110 corpore,
2773 4044 2992 4112 spiritus
3037 4044 3127 4113 qui
3180 4044 3419 4113 procedit
3465 4059 3495 4097 a
3525 4046 3769 4107 cerebro,

2200 4149 2443 4203 qurerens
2464 4134 2933 4201 continuationem,
2961 4149 3081 4189 cum
3113 4151 3219 4188 non
3240 4135 3523 4200 invenerit,
3551 4150 3656 4189 non
3686 4150 3773 4189 ex-

2202 4224 2311 4279 silit
2334 4240 2364 4279 e
2384 4239 2630 4294 corpore,
2658 4233 2713 4279 ct
2756 4240 2821 4279 eo
2850 4224 3121 4295 perforato
3163 4226 3273 4280 exit
3300 4227 3366 4281 ad
3395 4242 3606 4281 manum
3631 4245 3646 4292 ;
3677 4228 3774 4282 sed

2120 4378 2125 4381 Α
2202 4317 2245 4371 si
2259 4317 2523 4386 jacentem
2552 4331 2659 4371 non
2680 4317 2961 4383 invenerit,
2981 4333 3085 4373 non
3118 4319 3314 4389 tangit:
3344 4320 3413 4374 ita
3433 4319 3519 4375 hic
3538 4335 3771 4391 quoque,

2201 4409 2247 4463 si
2276 4424 2380 4464 non
2408 4410 2573 4463 simus
2605 4409 2836 4480 colligati
2864 4411 3104 4465 caritate.

2272 4504 2327 4558 4.
2371 4502 2647 4557 Humilitas
2682 4504 2749 4556 ad
2786 4505 3025 4558 unitatem
3054 4506 3279 4577 corporis
3325 4504 3562 4560 Ecclesiae
3599 4522 3776 4560 neces-

2203 4596 2355 4648 saria.
2384 4626 2456 4635 —
2480 4594 2605 4650 Haec
2633 4605 2808 4651 autem
2836 4598 3012 4651 omnia
3041 4598 3108 4649 ab
3142 4613 3206 4652 eo
3250 4598 3387 4652 dicta
3432 4608 3557 4655 sunt
3582 4599 3780 4654 exhor-

2204 4688 2367 4741 tantia
2398 4687 2465 4740 ad
2488 4686 2866 4742 humilitatem.
2897 4688 3034 4754 Quid
3061 4690 3226 4756 enim,
3262 4690 3431 4760 inquit
3455 4733 3471 4755 ,
3500 4691 3548 4746 si
3577 4692 3663 4745 hic
3686 4701 3780 4747 aut

2204 4779 2293 4835 ille
2323 4781 2439 4849 plus
2488 4781 2713 4852 accipit?
2764 4782 3012 4837 eumdem
3055 4788 3265 4853 accepit
3301 4784 3569 4854 spiritum,
3598 4787 3686 4856 qui
3710 4801 3783 4841 ex

2205 4874 2393 4929 eodem
2422 4876 2596 4945 capite
2633 4875 2894 4931 emittitur
2916 4915 2933 4943 ,
2972 4877 3061 4945 qui
3095 4876 3339 4932 similiter
3367 4886 3619 4947 operatur
3641 4920 3657 4945 ,
3687 4880 3779 4948 qui

2205 4966 2451 5020 similiter
2476 4966 2678 5036 tangit,
2712 4966 2811 5032 Qui
2849 4968 3189 5038 compingitur
3217 4976 3265 5023 et
3289 4970 3646 5040 conjungitur,
3675 4970 3783 5025 hoc

2204 5066 2324 5122 est,
2386 5058 2537 5125 cujus
2598 5072 2788 5127 magna
2851 5072 2979 5113 cura
3034 5061 3256 5128 geritur.
3302 5060 3417 5115 Non
3455 5063 3597 5117 enim
3642 5078 3777 5131 quo-

2204 5151 2614 5223 modocumque,
2647 5150 2741 5207 sed
2770 5152 3057 5207 admodum
3084 5153 3369 5209 artiﬁciose
3393 5170 3589 5225 corpus
3616 5156 3775 5210 situm

2207 5244 2508 5316 sitoportet
2538 5264 2551 5301 :
2584 5262 2704 5301 nam
2737 5248 2781 5301 si
2814 5262 2845 5301 e
2874 5248 2991 5303 loco
3017 5250 3346 5314 excesserit,
3396 5266 3503 5306 non
3551 5252 3776 5321 amplius

2206 5336 2368 5391 situm
2417 5346 2517 5392 est.
2567 5338 2741 5405 Quare
2774 5354 2878 5392 non
2924 5348 3135 5408 oportet
3176 5340 3349 5395 solum
3385 5351 3443 5395 ut
3477 5343 3547 5397 sit
3599 5343 3777 5396 unitas

2207 5428 2419 5497 corpori
2445 5468 2459 5492 ,
2496 5428 2591 5482 sed
2637 5428 2797 5484 etiam
2841 5439 2900 5484 ut
2927 5424 3283 5501 suumlocum
3312 5441 3488 5487 teneat
3518 5450 3532 5486 :
3564 5434 3704 5502 quod
3728 5436 3776 5489 si

2206 5519 2631 5588 exsuperaveris,
2667 5534 2772 5575 non
2800 5522 3086 5589 esunitus,
3117 5537 3293 5593 neque
3332 5524 3577 5593 spiritum
3608 5527 3779 5581 susci-

2208 5611 2308 5679 pis.
2355 5612 2547 5666 Annon
2573 5611 2721 5667 vides
2766 5612 2818 5666 in
2861 5613 3063 5668 ossium
3110 5614 3631 5684 transpositionibus,
3657 5632 3797 5685 quae,

2207 5704 2383 5774 aliquo
2410 5719 2537 5761 casu
2564 5707 2895 5775 contingunt,
2943 5706 3156 5777 quando
3198 5722 3260 5765 os
3303 5708 3420 5766 loco
3461 5723 3560 5766 suo
3605 5720 3778 5764 trans-

3799 5111 3808 5151 l
