4068 6390
304 293 376 350 85
1212 288 1285 347 ΙΝ
1320 286 1542 348 EPIST.
1582 288 1677 348 AD
1713 282 1955 343 EPHES.
1996 282 2149 340 CAP.
2177 284 2265 339 IV.
2306 283 2543 340 HOMIL.
2579 282 2669 339 XI.
2804 308 2809 343 ;
3468 282 3539 345 ει

380 403 623 475 γ⁹.’ορᾷς
653 403 714 456 τὸ
741 402 984 474 ἀξίωμας
1019 404 1289 470 Ἕκαστος
1314 407 1607 476 οίκοδομεῖ,
1638 405 1872 465 ἕκαστος

310 493 624 565 καταρτίζει
648 530 665 557 ,
712 492 951 556 ’ἕκαστος
985 492 1245 548 διακονεῖ.
1279 494 1507 564 Μέχρις
1543 489 1616 550 οὗ
1654 508 1875 547 καταν-

1978 398 2116 466 ἐνὸς
2148 398 2407 453 ἑκάστου
2430 398 2672 467 μέλους.
2705 381 2821 465 τὴν
2850 396 3118 466 αὔξησιν
3133 400 3241 454 τοῦ
3259 399 3537 469 σώματος

1978 489 2227 543 ποιεῖται
2257 492 2346 555 είς
2382 488 2709 557 οίκοδομὴν
2748 488 2966 543 ἑαυτοῦ
2984 488 3296 559 ἐνὰγάπῃ.
3327 492 3541 562 Σφόδρα

308 586 591 653 τήσομεν,
628 586 796 653 φησὶν
815 623 830 646 ,
857 587 912 638 οί
950 585 1174 650 πάντες
1200 587 1289 651 είς
1321 584 1436 653 τὴν
1482 584 1737 651 ἑνότητα
1763 582 1876 649 τῆς
1977 581 2205 650 ἀσαφῶς
2227 580 2544 651 ἡρμήνευσε
2568 620 2585 646 ,
2620 581 2699 651 τῷ
2730 580 2906 634 πάντα
2931 581 3068 651 ὁμοῦ
3095 582 3317 653 θελῆσαι
3342 585 3539 637 εἰπεῖν.

309 677 585 740 πίστεως,
621 674 842 743 καὶτῆς
866 674 1241 745 ἐπιγνώσεως
1268 676 1377 730 τοῦ
1409 675 1547 730 Υίοῦ
1566 674 1674 728 τοῦ
1703 671 1875 738 Θεοῦ,
1916 658 1929 719 ¹.
1981 673 2047 723 Ὃ
2096 671 2153 723 δέ
2194 688 2369 743 φησι,
2402 671 2561 726 τοῦτό
2603 673 2721 725 ἐστι
2743 688 2755 700 ’
2810 670 3077 743 Καθάπερ
3125 672 3184 725 τὸ
3234 673 3453 743 πνεῦμα
3483 661 3545 726 τὺ

304 769 397 832 εἰς
425 764 613 834 ἄνδρα
663 767 896 819 τέλειον
914 806 929 830 ,
952 768 1042 832 εἰς
1084 766 1307 835 μέτρον
1332 766 1573 834 ἡλικίας
1599 764 1706 819 τοῦ
1724 765 1877 830 πλη-

303 855 573 924 ρώματος
600 856 711 909 τοῦ
739 854 1020 923 Χριστοῦ.
1056 855 1306 910 Ἡλικίαν
1339 854 1576 910 ἐνταῦθά
1603 871 1737 925 φησι
1776 851 1876 924 τὴν

310 948 519 1000 τελείαν
578 947 896 1012 ἐπίγνωσιν.
941 947 1209 1017 Καθάπερ
1251 947 1360 1018 γάρ
1410 949 1438 1001 6
1488 946 1629 1016 ἀνὴρ
1675 944 1876 1015 ἑστηκε

313 1036 563 1107 βεϐαίως,
597 1039 645 1089 οἱ
676 1037 733 1089 δὲ
769 1038 952 1101 παῖδες
974 1037 1073 1099 τὰς
1096 1039 1301 1109 φρένας
1345 1040 1763 1108 περιφέρονται,
1788 1033 1878 1087 οὖ-

314 1144 390 1180 τω
435 1128 530 1181 καὶ
592 1128 687 1181 ἐπὶ
739 1128 847 1180 τῶν
889 1128 1115 1182 πιστῶν.
1145 1130 1252 1195 Είς
1280 1127 1398 1195 τὴν
1414 1128 1690 1195 ἑνότητα,
1718 1125 1875 1195 φησὶ,

312 1221 422 1289 τῆς
444 1221 723 1285 πίστεως.
753 1219 1062 1284 Τουτέστιν,
1095 1220 1200 1283 ἕως
1238 1219 1303 1274 ἂν
1335 1218 1638 1290 δειχθῶμεν
1679 1219 1878 1280 πάντες

314 1313 442 1382 μίαν
485 1310 668 1364 πίστιν
712 1311 945 1381 ἔχοντες.
997 1311 1168 1364 Τοῦτο
1218 1311 1327 1381 γάρ
1365 1312 1514 1363 ἐστιν
1557 1310 1745 1379 ἑνότης
1795 1307 1883 1360 πίο

318 1419 507 1465 στεως,
544 1402 671 1454 ὅταν
720 1402 920 1465 πάντες
955 1400 1013 1454 ἓν
1048 1395 1219 1471 ὦμεν,
1257 1402 1385 1454 ὅταν
1420 1400 1621 1463 πάντες
1676 1399 1881 1469 ὁμοίως

314 1492 406 1544 τὸν
436 1491 736 1562 σύνδεσμον
772 1492 1245 1561 ἐπιγινώσκωμεν.
1280 1492 1458 1561 Μέχρι
1491 1490 1615 1542 τότε
1650 1489 1880 1559 ἐργάξε-

318 1579 441 1632 σθαι
468 1579 592 1649 χρὴ,
626 1582 674 1633 εί
713 1579 801 1634 διά
837 1579 993 1633 τοῦτο
1032 1581 1282 1651 χάρισμα
1320 1579 1535 1645 ἔλαϐες,
1568 1580 1659 1631 ἵνα
1688 1578 1883 1640 ἀλλους

317 1671 625 1741 οἰκοδομῆς.
666 1672 839 1724 Βλέπε
896 1673 971 1742 μὴ
1004 1674 1199 1725 σαυτὸν
1242 1672 1630 1744 καταστρέψῃς
1655 1714 1671 1738 ,
1709 1672 1883 1740 ἐτέρῳ

320 1762 551 1829 φθονῶν.
602 1762 860 1833 Ἐτίμησέ
900 1779 960 1815 σε
988 1765 1015 1816 ό
1039 1764 1191 1827 Θεὸς,
1220 1764 1315 1816 καὶ
1336 1761 1548 1827 έταξεν,
1577 1762 1718 1814 ὥστε
1752 1779 1883 1814 κατ-

320 1852 561 1922 αρτίζειν
603 1852 809 1922 ἐτερον.
868 1855 976 1907 Καὶ
1029 1854 1137 1923 γὰρ
1186 1856 1282 1907 καὶ
1317 1858 1345 1908 6
1391 1855 1693 1919 ἀπόστολος
1745 1854 1884 1924 πρὸς

252 1948 263 1963 ⁶
320 1944 493 2014 τούτῳ
543 1940 632 2015 ἦν,
678 1946 823 1999 καὶό
852 1947 1136 2017 προφήτης
1179 1946 1315 2016 πρὸς
1370 1945 1548 2017 τούτῳ
1578 1942 1646 2017 ἦν
1672 1964 1886 2017 προφη-

321 2035 492 2089 τεύων
519 2036 613 2088 καὶ
658 2035 879 2099 πείθων,
909 2036 1004 2090 καὶ
1045 2039 1073 2089 6
1116 2037 1506 2108 εύαγγελιστὴς
1534 2037 1885 2106 εὐαγγελιζό-

328 2142 505 2194 μενος,
549 2124 644 2178 καὶ
667 2126 696 2179 6
732 2126 935 2197 ποιμὴν
970 2128 1065 2179 καὶ
1110 2129 1139 2180 6
1176 2127 1495 2191 διδάσκαλος
1531 2144 1545 2159 ’
1579 2128 1779 2191 πάντες
1828 2129 1886 2180 ἓν

324 2217 481 2287 ἔργον
504 2212 644 2286 ἦσαν
667 2217 1099 2289 ἀναδεδεγμένοι.
1129 2220 1220 2289 Μὴ
1243 2219 1351 2290 γάρ
1395 2236 1484 2290 μοι
1506 2219 1605 2289 τὴν
1624 2214 1888 2290 διαφοράν

322 2309 431 2361 τῶν
454 2309 810 2381 χαρισμάτων
841 2308 952 2382 [84]
975 2311 1163 2384 εἴπῃς·
1202 2311 1405 2375 πάντες
1432 2311 1490 2365 ἓν
1531 2310 1689 2382 ἔργον
1722 2307 1886 2382 εἶχον.

326 2400 500 2452 Ὅταν
562 2400 617 2453 δὲ
670 2401 872 2464 πάντες
913 2402 1113 2471 ὁμοίως
1149 2402 1515 2473 πιστεύωμεν,
1549 2403 1670 2457 τότε
1701 2404 1891 2469 ἑνότης

324 2490 492 2543 ἐστίν.
526 2490 646 2544 Ὀτι
663 2492 773 2563 γάρ
791 2492 951 2546 τοῦτο
974 2492 1121 2562 λέγει
1138 2494 1305 2563 ἄνδρα
1334 2494 1559 2561 τέλειον,
1584 2495 1763 2566 δῆλον.
1783 2498 1892 2550 Καὶ

328 2582 440 2651 μὴν
483 2581 713 2653 ἀλλαχοῦ
744 2585 972 2654 νηπίους
1015 2585 1164 2656 ἡμᾶς
1197 2603 1353 2656 φησι,
1385 2586 1502 2653 καὶ,
1548 2588 1676 2642 ὅταν
1697 2588 1892 2641 τέλειοι

322 2666 497 2742 ὦμεν,
539 2674 676 2727 ἀλλά
712 2676 849 2746 πρὸς
888 2676 1077 2746 ἕτερον
1099 2676 1263 2748 όρῶν.
1312 2678 1461 2731 Ἐκεῖ
1490 2678 1591 2748 μὲν
1618 2679 1728 2750 γὰρ
1752 2678 1892 2750 πρός

325 2763 427 2834 τὴν
455 2764 754 2834 μέλλουσαν
781 2767 983 2835 γνῶσιν
1000 2768 1227 2839 νηπίους
1250 2770 1507 2825 ἐκάλεσεν
1530 2786 1546 2800 ·
1568 2770 1738 2824 εἰπὼν
1760 2771 1892 2843 γὰρ,

341 2856 443 2908 Ἐκ
468 2856 692 2924 μέρους
713 2857 1106 2929 γινώσκομεν,
1133 2861 1385 2934 ἐπήγαγε
1413 2862 1509 2916 καὶ
1537 2862 1618 2927 τὸ,
1644 2864 1722 2915 Δι’
1758 2864 1897 2917 αίνι-

327 2946 581 3013 γμάτων,
614 2949 711 3000 καὶ
742 2949 844 3002 ὅσα
894 2950 1122 3004 τοιαῦτα
1145 2967 1161 2982 ⁸
1192 2952 1426 3007 ἐνταῦθα
1455 2953 1511 3006 δὲ
1542 2954 1679 3026 πρὸς
1710 2954 1897 3025 ἕτερον

328 3032 476 3101 εἷπε,
506 3038 645 3108 πρὸς
692 3040 752 3093 τὸ
782 3041 1205 3111 εὐμετάπτωτον
1230 3059 1245 3073 ο
1274 3043 1464 3114 ὥσπερ
1511 3044 1607 3097 καὶ
1662 3044 1895 3113 ἀλλαχοῦ

329 3144 465 3197 φησι
490 3145 505 3158 ⁸
547 3126 803 3183 Τελείων
846 3130 916 3184 δὲ
944 3133 983 3200 ἡ
1026 3134 1243 3200 στερεὰ
1283 3134 1494 3202 τροφήε
1547 3134 1711 3205 Ὀρᾷς
1741 3126 1921 3187 κάκεῖ

328 3218 573 3284 τελείους
600 3220 714 3285 πῶς
733 3239 899 3293 φησιν
922 3240 939 3288 ;
971 3224 1115 3294 Ὅρα
1140 3226 1236 3277 καὶ
1258 3226 1375 3288 πῶς
1401 3225 1630 3279 ἐκάλεσε
1650 3224 1897 3290 τελείους

330 3307 567 3363 ἐνταῦθα
620 3309 706 3363 διὰ
742 3310 851 3364 τῶν
883 3314 1264 3383 ἐπαγομένων,
1292 3313 1495 3367 είπώνο
1523 3315 1658 3369 Ἵνα
1688 3313 1900 3383 μηκέτι

330 3399 497 3470 ὦμεν
540 3402 764 3471 νήπιοι.
796 3405 937 3458 Αύτό
980 3423 1113 3476 φησι
1145 3406 1205 3460 τὺ
1240 3407 1439 3480 μέτρον
1463 3407 1523 3461 τδ
1554 3407 1735 3476 ὀλίγον
1763 3408 1899 3479 ὅπερ

336 3492 629 3564 ἐλάϐομεν,
670 3494 757 3549 ἴνα
811 3498 1130 3566 κατέχωμεν
1183 3498 1323 3567 μετά
1386 3498 1569 3569 πάσης
1625 3498 1859 3568 σπουδῆς
1882 3538 1898 3564 ν

330 3585 479 3653 ,μετά
502 3586 857 3657 στερρότητος
886 3589 981 3640 καὶ
1004 3588 1367 3658 βεϐαιώσεως.
1403 3590 1531 3644 Ἵνα
1549 3592 1783 3660 μηκέτι.
1806 3592 1898 3654 Τὸ,

334 3676 583 3744 Μηκέτι,
612 3677 853 3731 δείκνυσι
883 3679 1053 3734 πάλαι
1078 3680 1239 3733 τοῦτο
1270 3681 1561 3746 παθόντας,
1593 3682 1690 3735 καὶ
1720 3683 1904 3754 τίθησι

334 3767 433 3820 καὶ
458 3768 648 3821 ἑαυτὸν
672 3771 731 3823 ἐν
764 3770 914 3834 τάξει
942 3769 1298 3842 διορθώσεως,
1331 3772 1426 3824 καὶ
1457 3772 1905 3843 διορθοῦται.Διά

333 3858 498 3912 τοῦτό
547 3875 707 3929 φησι⁶
739 3859 1011 3926 Τέκτονες,
1031 3863 1273 3916 τοσοῦτοι
1312 3862 1626 3932 γεγόνασιν,
1656 3864 1744 3918 ἵνα
1766 3866 1800 3935 η
1824 3866 1904 3917 οἰ-

330 3950 544 4022 κοδομὴ
611 3953 685 4023 μὴ
745 3954 1059 4022 σαλεύηται,
1090 3954 1177 4007 ἵνα
1229 3956 1304 4025 μὴ
1372 3956 1764 4028 περιφέρηται,
1818 3957 1906 4010 ἵνα

334 4044 652 4111 πεπηγότες
673 4037 806 4097 ὦσιν
852 4046 900 4098 οί
925 4044 1083 4099 λίθοι.
1136 4045 1389 4100 Ἐκείνων
1427 4046 1537 4117 γὰρ
1588 4047 1746 4100 τοῦτό
1781 4049 1900 4101 ἐστι

334 4132 404 4187 τὸ
433 4134 873 4200 κλυδωνίζεσθαι,
913 4136 974 4189 τὸ
989 4135 1389 4208 περιφέρεσθαι
1420 4140 1513 4192 καὶ
1549 4138 1899 4192 σαλεύεσθαι.

338 4224 479 4278 Ἵνα
511 4224 722 4293 μηκέτι
747 4221 924 4293 ὦμεν,
953 4229 1105 4299 φησὶ,
1124 4228 1352 4294 νήπιοι,
1379 4227 1901 4298 κλυδωνιζόμενοι,

338 4318 444 4372 καὶ
459 4320 902 4389 περιφερόμενοι
923 4320 1101 4375 παντὶ
1115 4321 1311 4389 ἀνέμῳ
1330 4320 1441 4390 τῆς
1472 4320 1871 4387 διδασκαλίας
1890 4363 1906 4387 ,

335 4410 415 4464 ἐν
447 4408 525 4479 τῇ
552 4413 756 4479 κυϐείςι
777 4411 895 4466 τῶν
929 4412 1274 4482 ἀνθρώπων,
1300 4414 1370 4467 ἐν
1392 4413 1727 4483 πανουργίᾳ
1759 4415 1910 4482 πρὸς

337 4501 463 4569 τὴν
480 4504 800 4570 μεθοδείαν
828 4504 940 4574 τῆς
962 4504 1406 4572 πλάνης.-Καί
1436 4506 1906 4574 περιφερόμενοι,

340 4595 503 4664 φησι,
532 4595 711 4649 παντὶ
746 4596 961 4667 ἀνέμῳ.
1002 4598 1298 4668 Ἐπεξῆ).θε
1347 4599 1413 4668 τῇ
1470 4601 1670 4669 τροπῇ,
1693 4598 1911 4662 δεικνὺς

359 4684 465 4749 τὰς
512 4685 864 4750 δισταζούσας
890 4687 1066 4758 ψυχὰς
1097 4690 1155 4740 ἑν
1177 4688 1274 4759 οἴῳ
1306 4686 1537 4758 κινδύνῳ
1568 4689 1694 4742 εἰσί.
1725 4688 1911 4743 Παντὶ

340 4776 568 4846 ἀνέμῳ,
604 4779 793 4848 φησὶν,
827 4778 898 4832 ὲν
926 4777 1001 4848 τῇ
1046 4779 1253 4845 κυϐείᾳ
1306 4777 1427 4832 τῶν
1454 4778 1802 4847 ἀνθρώπων,
1833 4781 1903 4833 ἐν

341 4868 685 4937 πανουργίᾳ
740 4869 891 4937 πρὸς
959 4867 1074 4937 τὴν
1110 4869 1428 4938 μεθοδείαν
1467 4867 1579 4936 τῆς
1639 4867 1901 4936 πλάνης.

344 4958 631 5013 Κυϐευταὶ
701 4957 948 5027 λέγονται
1007 4958 1057 5010 οί
1109 4961 1221 5021 τοῖς
1278 4959 1495 5020 πεττοῖς
1550 4957 1903 5027 κεχρημένοι.

345 5046 599 5102 Τοιοῦτοί
646 5049 783 5102 εἰσιν
808 5050 858 5101 οί
906 5047 1240 5119 πανοῦργοι,
1272 5047 1493 5102 ἐπειδὰν
1518 5048 1914 5119 ἀφελεστέρους

344 5139 504 5202 τινάς
534 5138 739 5195 λάϐωσι
773 5155 788 5170 ⁶
829 5140 1049 5211 καὶγὰρ
1070 5142 1263 5193 ἐκεῖνοι
1296 5141 1647 5209 μετατιθέασι
1692 5141 1785 5194 καὶ
1818 5158 1914 5212 με·-

342 5230 677 5302 ταφέρουσιν
705 5229 938 5284 ἅπαντα.
970 5230 1232 5284 Ἐνταῦθα
1260 5231 1355 5285 καὶ
1382 5230 1497 5301 βίου
1515 5230 1714 5301 ἥψατο.
1745 5230 1916 5298 Ἀλη-

345 5325 633 5389 θεύοντες
674 5322 765 5385 δὲ,
796 5323 958 5393 φησιν
984 5364 999 5386 ,
1038 5322 1108 5375 ἐν
1138 5320 1336 5391 ἀγάπῃ
1358 5360 1374 5386 ,
1403 5321 1769 5390 αὐξήσωμεν
1825 5323 1915 5386 είς

342 5416 538 5470 αὐτὸν
597 5416 673 5468 τὰ
715 5411 928 5476 πάντα,
953 5411 1022 5479 ὅς
1053 5412 1225 5466 ἐστιν
1253 5413 1292 5481 ἠ
1313 5411 1545 5482 κεφαλὴ
1575 5414 1609 5466 d
1637 5413 1914 5480 Χριστὸς,

344 5508 425 5573 ἐξ
452 5502 525 5563 οὗ
550 5504 676 5562 πᾶν
692 5504 759 5560 τὸ
786 5503 975 5573 σῶμα,
996 5503 1114 5559 ἀπὸ
1137 5503 1245 5558 τοῦ
1274 5503 1552 5572 Χριστοῦ,
1578 5504 1734 5575 φησὶ,
1760 5517 1912 5558 συν-

347 5598 876 5670 αρμολογούμενον
908 5596 1007 5651 καί
1023 5594 1527 5667 συμόιόαζόμενον
1563 5595 1661 5650 διὰ
1711 5595 1915 5663 πάσης

348 5688 520 5758 ἁφῆς
549 5687 661 5757 τῆς
703 5687 1115 5758 ἐπιχορηγίας,
1139 5685 1267 5742 κατ’
1298 5684 1600 5755 ἐνέργειαν
1626 5686 1694 5740 ἐν
1718 5686 1912 5754 μέτρῳ

1975 759 2083 813 ἀπὸ
2121 758 2215 812 τοῦ
2263 761 2563 829 ἐγκεφάλου
2628 760 2981 827 καταϐαῖνον,
3037 763 3099 815 τδ
3145 763 3236 817 διά
3278 765 3385 819 τῶν
3430 768 3548 819 νεύ-

1979 869 2091 925 ρων
2119 850 2226 924 [τὺ]
2254 851 2573 923 αἰσθητικὸν
2601 854 2699 925 ούχ
2721 853 2910 916 ἁπλῶς
2933 854 3116 907 δίδωσι
3148 858 3314 909 πᾶσιν
3351 895 3367 920 ,
3408 858 3545 911 ἀλλά

1977 941 2121 996 κατὰ
2178 942 2469 1011 ἀναλογίαν
2529 945 2757 998 ἑκάστου
2819 944 3012 1015 μέλους
3037 986 3053 1011 ,
3115 946 3194 1017 τῷ
3242 947 3342 1017 μὲν
3388 947 3545 1001 δυνα-

1981 1033 2128 1105 μένῳ
2160 1034 2323 1088 πλέον
2368 1034 2640 1100 δέξασθαι,
2670 1035 2852 1099 πλέον,
2884 1037 2961 1107 τῷ
2987 1037 3042 1091 δέ
3068 1037 3295 1103 ἐλάττω,
3328 1039 3547 1095 ἔλαττον

1980 1128 2158 1200 (τοῦτο
2216 1130 2326 1201 γάρ
2379 1131 2575 1200 ἐστινὴ
2621 1130 2766 1200 ῥίζα,
2801 1130 2865 1182 τὸ
2906 1130 3179 1201 πνεῦμα)·
3213 1129 3362 1184 οῦτω
3397 1132 3493 1186 καὶ
3516 1135 3550 1186 6

1978 1219 2217 1289 Χριστός
2250 1235 2264 1248 ·
2295 1220 2551 1290 καθάπερ
2576 1220 2683 1290 γὰρ
2716 1219 2894 1289 μελῶν
2920 1218 3029 1273 τῶν
3051 1218 3241 1290 ψυχῶν
3276 1221 3355 1283 είς
3385 1220 3550 1275 αὑτὸν

1980 1310 2392 1381 ἀνηρτημένων,
2429 1314 2463 1383 ἡ
2490 1313 2716 1384 πρόνοια
2767 1312 2932 1365 αὑτοῦ
2974 1315 3068 1367 καὶ
3118 1316 3151 1383 ἡ
3181 1314 3414 1384 χορηγία
3438 1313 3548 1367 τῶν

1982 1405 2336 1476 χαρισμάτων
2393 1405 2537 1458 κατά
2579 1406 2870 1474 ἀναλογίαν
2925 1407 2982 1459 ἐν
3046 1406 3228 1476 μέτρῳ
3281 1405 3380 1475 τὴν
3430 1405 3549 1470 ἑνὸς

1982 1496 2213 1548 ἑκάστου
2239 1496 2431 1566 μέλους
2455 1495 2681 1567 αὔξησιν
2700 1500 2956 1550 ποιεῖται.
2980 1497 3045 1548 Τί
3066 1497 3123 1549 δέ
3152 1499 3289 1561 ἐστι,
3305 1496 3406 1549 Διὰ
3436 1494 3549 1565 τῆς

1983 1585 2144 1654 ἁφῆς
2180 1584 2291 1653 τῆς
2317 1587 2705 1656 ἐπιχορηγίας
2738 1604 2757 1650 ;
2794 1589 3077 1652 Τουτέστι,
3105 1588 3195 1641 διὰ
3225 1588 3327 1657 τῆς
3359 1588 3550 1659 αἰσθη-

1986 1692 2141 1739 σεως.
2172 1676 2245 1728 T6
2293 1677 2417 1748 γάρε
2454 1677 2669 1748 πνεῦμα
2733 1679 2910 1730 ἐκεῖνο
2940 1678 2999 1729 τὸ
3048 1678 3549 1748 ἐπιχορηγούμενον

1964 1769 2098 1829 τοῖς
2121 1767 2338 1836 μέλεσιν
2367 1767 2474 1820 ἀπὸ
2505 1768 2606 1837 τῆς
2650 1769 2914 1836 κεφαλῆς,
2935 1766 3049 1838 [85]
3090 1768 3318 1820 ἑκάστου
3354 1768 3550 1837 μέλους

1986 1856 2291 1924 ἁπτόμενον
2312 1855 2484 1918 οὕτως
2512 1857 2744 1926 ἐνεργεῖ.
2761 1856 2848 1918 Ὠς
2874 1855 2937 1908 ἄν
2974 1873 3056 1918 τις
3085 1858 3260 1908 εἴποι·
3292 1855 3366 1908 T6
3393 1856 3551 1925 σῶμα

1986 1946 2518 2017 ἀντιλαμϐανόμενον
2557 1948 2656 2018 τῆς
2694 1947 3070 2018 ἐπιχορηγίας,
3097 1945 3237 1999 κατὰ
3258 1944 3550 2013 ἀναλογίαν

1988 2036 2098 2104 τῶν
2151 2038 2209 2090 ἐν
2254 2037 2404 2108 αὐτῷ
2430 2037 2633 2107 μελῶν,
2653 2036 2798 2090 οὓτω
2819 2039 3055 2089 ποιεῖται
3082 2037 3182 2107 τὴν
3210 2035 3435 2106 αὔξησιν
3467 2052 3482 2068 ο
3515 2036 3550 2106 ἢ

1989 2129 2193 2198 ἑτέρως
2224 2143 2238 2158 ·
2275 2128 2356 2181 Τὰ
2410 2128 2545 2199 μέλη
2596 2130 2737 2181 κατά
2774 2129 2873 2198 τὴν
2910 2127 3201 2196 ἀναλογίαν
3224 2127 3318 2181 τοῦ
3352 2127 3551 2180 οἰκείου

1972 2292 1975 2295 Δ
1998 2220 2199 2289 μέτρου
2225 2219 2487 2289 δεχόμενα
2514 2220 2612 2289 τὴν
2636 2220 3019 2290 ἐπιχορηγίαν,
3044 2218 3216 2281 οὓτως
3249 2217 3495 2282 αὔξεται·
3512 2216 3551 2290 ἢ

1991 2312 2087 2363 καὶ
2168 2312 2410 2383 ἑτέρως’
2458 2312 2531 2364 Τὸ
2606 2312 2823 2381 πνεῦμα
2878 2311 3083 2365 ἀνωθεν
3156 2311 3550 2382 ἐπιρῤεόμενον

1992 2399 2276 2470 ἀφθόνως,
2325 2403 2419 2454 καὶ
2461 2402 2680 2456 πάντων
2726 2402 3032 2471 ἀπτόμενον
3077 2401 3185 2454 τῶν
3230 2402 3428 2472 μελῶν,
3452 2402 3548 2454 καὶ

1993 2492 2417 2563 χορηγούμενον,
2448 2492 2523 2554 ὼς
2555 2492 2788 2545 ἑκαστον
2826 2491 3047 2545 δύναται
3086 2492 3359 2558 δέξασθαι,
3384 2490 3554 2555 οὕτως

1995 2586 2236 2651 αὒξεται.
2285 2588 2440 2650 Τίνος
2466 2587 2523 2639 δέ
2555 2587 2741 2640 ’ἐνεκεν
2767 2586 3128 2658 προσέθηκεν,
3184 2587 3280 2639 Ἐν
3315 2584 3557 2655 άγάπη;

1995 2678 2069 2731 Οὐ
2101 2677 2209 2749 γὰρ
2230 2676 2402 2739 ἄλλως
2431 2677 2508 2729 ἕνι
2528 2676 2806 2730 κατελθεῖν
2828 2680 3001 2731 ἐκεῖνο
3047 2677 3107 2729 τὸ
3151 2676 3389 2746 πνεῦμα.
3413 2676 3560 2728 Καθ-

1997 2769 2138 2839 άπερ
2166 2770 2273 2839 γάρ
2299 2809 2314 2834 ,
2348 2771 2395 2822 εί
2425 2769 2576 2839 τύχοι
2599 2769 2717 2840 χεὶρ
2740 2768 3151 2824 ἀποσπασθεῖσα
3168 2768 3262 2821 τοῦ
3289 2766 3557 2836 σώματος,

1995 2857 2057 2910 τὸ
2078 2857 2291 2927 πνεῦμα
2334 2858 2394 2910 τὸ
2440 2858 2546 2911 ἀπὸ
2572 2858 2665 2912 τοῦ
2707 2859 3010 2927 ἐγκεφάλου
3039 2860 3137 2930 τὴν
3160 2858 3443 2927 συνέχειαν
3461 2857 3559 2927 ζη-

1996 2944 2145 3006 τοῦν,
2168 2946 2263 2999 καὶ
2287 2945 2361 3017 μὴ
2396 2947 2574 3017 εὐρὺν,
2609 2948 2708 3000 οὐκ
2739 2948 3017 3014 ἐξάλλεται
3050 2948 3145 3001 τοῦ
3173 2947 3441 3019 σώματος,
3468 2951 3563 3002 καὶ

1998 3032 2292 3103 διατρῆσαν
2344 3034 2489 3102 πρὸς
2542 3034 2646 3104 τὴν
2678 3037 2835 3104 χεῖρα
2887 3035 3190 3105 ἐξέρχεται,
3237 3036 3353 3089 ἀλλ’
3385 3036 3452 3090 ἂν
3488 3037 3563 3105 μὴ

2001 3125 2137 3199 εὕρῃ
2153 3125 2401 3197 κείμενον
2414 3139 2464 3195 ι,
2487 3127 2584 3197 οὐχ
2610 3126 2861 3181 ἅπτεταιο
2890 3127 3033 3181 οὕτω
3061 3130 3155 3183 καὶ
3182 3129 3438 3196 ἐνταῦθα,
3468 3131 3565 3183 ἐὰν

2003 3215 2079 3285 μὴ
2108 3208 2259 3284 ὦμεν
2287 3216 2354 3284 τῇ
2379 3214 2571 3287 ἀγάπῃ
2601 3214 2973 3284 συνδεδεμένοι
3006 3215 3057 3270 ι’.

2070 3375 2132 3431 δ’.
2145 3375 2328 3430 Ταῦτα
2347 3376 2413 3445 δὴ
2441 3376 2617 3430 πάντα
2643 3375 2777 3448 πρὸς
2804 3376 3300 3447 ταπεινοφροσύνην
3316 3376 3471 3447 αὐτῷ
3488 3378 3569 3429 εί-

2007 3484 2186 3538 ρηται.
2210 3468 2275 3520 Τί
2312 3466 2441 3538 γὰρ,
2470 3467 2653 3538 φησὶν,
2686 3467 2735 3518 εί
2768 3466 2929 3519 πλέον
2961 3466 3226 3537 λαμϐάνει
3250 3468 3278 3519 6
3300 3466 3475 3532 δεῖνα;
3506 3468 3570 3520 τὸ

2004 3558 2134 3613 αὐτὸ
2158 3557 2374 3628 πνεῦμα
2401 3558 2610 3621 ἐλαϐεν,
2636 3556 2744 3611 ἀπὸ
2764 3558 2862 3627 τῆς
2889 3557 3058 3627 αὐτῆς
3087 3558 3325 3629 κεφαλῆς
3358 3561 3487 3612 ἐκπε
3498 3578 3569 3629 μ·-

2005 3652 2257 3720 πόμενον,
2274 3649 2471 3720 ὁμοίως
2487 3648 2759 3720 ἐνεργοῦν,
2788 3649 2987 3719 ὁμοίως
3001 3649 3328 3720 ἀπτόμενον,
3343 3653 3571 3719 Συναρ-

2001 3743 2553 3814 μολογούμενονκαὶ
2565 3739 3085 3812 συμϐιόαζόμενον,
3094 3740 3358 3809 τουτέστι,
3373 3744 3572 3815 πολλῆς

2007 3832 2276 3886 ἀπολαῦον
2312 3832 2409 3903 τῆς
2430 3831 2764 3902 ἐπιμελείας.
2803 3832 2878 3886 Οὐ
2907 3831 3015 3902 γὰρ
3035 3832 3242 3896 ἁπλῶς,
3273 3832 3412 3887 ἀλλά
3440 3836 3573 3903 σφό-

2006 3922 2106 3994 δρα
2133 3921 2394 3993 τεχνικῶς
2413 3922 2494 3975 δεῖ
2512 3922 2723 3975 κεῖσθαι
2750 3922 2812 3975 τὸ
2840 3922 3018 3994 σῶμα’
3048 3923 3145 3988 ὡς,
3169 3924 3377 3978 ἐάντδν
3407 3923 3572 3978 τόπον

2007 4014 2162 4085 ἐκϐῇ,
2209 4014 2393 4067 οὐκέτι
2422 4017 2614 4068 κεῖται.
2649 4015 2810 4068 Ὥστε
2836 4015 2933 4085 οὑχ
2975 4015 3213 4086 ἡνῶσθαι
3240 4014 3317 4085 τῷ
3359 4014 3571 4084 σώματι

2006 4108 2087 4160 δεῖ
2126 4108 2303 4177 μόνον,
2349 4106 2480 4160 ἀλλὰ
2511 4106 2605 4160 καὶ
2652 4106 2743 4159 τὸν
2785 4107 2979 4159 οἰκεῖον
3020 4108 3185 4160 ’τόπον
3229 4107 3463 4178 ἐπέχειν,
3496 4108 3572 4170 ὡς

2009 4198 2103 4251 ἐὰν
2129 4198 2391 4267 ύπερϐῇς,
2441 4198 2538 4267 οὐχ
2574 4197 2799 4266 ἥνωσαι,
2834 4197 2955 4249 οὐδὲ
2987 4192 3115 4269 δέχῃ
3146 4196 3206 4250 τὸ
3237 4198 3471 4268 πνεῦμα.
3502 4199 3572 4251 Ἣ

2009 4292 2108 4362 οὐχ
2133 4293 2263 4363 ὁρᾷς
2296 4293 2353 4343 ἑν
2385 4292 2503 4354 ταῖς
2544 4291 2651 4343 τῶν
2690 4289 2860 4343 ὀστῶν
2910 4290 3232 4360 μεταθέσεσι
3271 4293 3389 4352 ταῖς
3432 4289 3576 4343 κατά

2010 4400 2129 4436 τινα
2156 4382 2471 4453 περίστασιν
2499 4379 2948 4451 συμϐαινούσαις,
2983 4381 3111 4434 ὅταν
3151 4380 3240 4432 τὸν
3267 4381 3462 4433 οίκεῖον
3483 4381 3574 4433 τό-

2010 4489 2111 4525 πον
2140 4472 2238 4524 ὑπε
2249 4460 2400 4541 ρϐἀν,
2425 4471 2524 4524 ’τὸν
2555 4470 2739 4542 ἑτέρου
2763 4469 2988 4541 κατέχῃ,
3024 4468 3141 4531 πῶς
3168 4468 3246 4539 τῷ
3274 4468 3435 4521 παντὶ
3466 4468 3575 4521 σώ-

2016 4582 2143 4635 ματι
2179 4562 2512 4633 λυμαίνεται,
2565 4562 2659 4615 καὶ
2692 4560 2919 4615 θάνατον
2968 4560 3226 4623 πολλάκις
3258 4560 3572 4631 εἰργάσατο,

2013 4656 2126 4709 ἐστι
2150 4655 2207 4708 δὲ
2236 4654 2370 4706 ὅπου
2392 4654 2486 4706 καὶ
2522 4651 2737 4718 ἀνάξιον
2763 4651 2962 4723 εὑρέθη
3000 4650 3185 4705 λοιπὸν
3220 4651 3314 4704 τοῦ
3349 4651 3577 4721 κατέχε-

2015 4749 2166 4815 σθαι;
2197 4745 2382 4799 πολλοὶ
2408 4744 2517 4815 γὰρ
2546 4744 2805 4808 πολλάκις
2832 4743 2967 4797 αὐτὸ
3010 4743 3364 4813 ἐκκόψαντες,
3398 4743 3578 4798 διάκε-

2013 4857 2104 4896 νον
2136 4840 2226 4896 τὸν
2249 4839 2411 4892 τόπον
2447 4837 2731 4909 ἐποίησαν.
2780 4833 3064 4905 Πανταχοῦ
3084 4835 3202 4906 γὰρ
3231 4837 3266 4906 η
3295 4834 3578 4901 πλεονεξία
3650 4894 3655 4901 δ

2016 4933 2205 4989 κακόν.
2231 4931 2344 4987 Καὶ
2370 4930 2462 4984 ἐπὶ
2484 4930 2591 4983 τῶν
2628 4928 2903 4999 στοιχείων
2938 4928 3016 4994 δὲ,
3056 4928 3182 4981 ὅταν
3226 4928 3326 4999 τὴν
3367 4929 3577 4982 οἰκείαν

2016 5010 2219 5096 ἀφέντα
2233 5022 2567 5094 συμμετρίαν
2588 5021 2875 5091 πλεονάσῃ,
2891 5018 2953 5083 τὸ
2973 5020 3078 5085 πᾶν
3097 5018 3432 5089 λυμαίνεται.
3448 5018 3581 5071 Τοῦ-

2016 5122 2075 5175 τό
2112 5122 2228 5174 ἐστι
2255 5117 2317 5171 τὸ
2343 5113 3007 5184 Συναρμολογούμενον,
3026 5110 3125 5165 καὶ
3155 5106 3579 5179 συμϐιϐαζόμε-

2015 5231 2145 5269 νον.
2165 5213 2327 5266 Ὥστε
2348 5210 2573 5263 ἕκαστον
2593 5207 2684 5259 ἐπὶ
2701 5206 2802 5275 τῆς
2822 5205 3025 5267 οἰκείας
3054 5203 3233 5283 μένειν
3254 5200 3459 5272 χώρας,
3483 5201 3580 5253 καὶ

2019 5307 2097 5378 μὴ
2122 5307 2222 5376 τῆς
2249 5304 2438 5377 ἐτέρας
2469 5300 2561 5354 καὶ
2592 5299 2756 5371 μηδὲν
2783 5297 2933 5367 αὐτῷ
2965 5295 3345 5368 προσηκούσης
3365 5292 3580 5347 ἐπιϐαί-

2016 5417 2149 5467 νειν,
2181 5398 2428 5468 ἐννόησον
2450 5395 2571 5449 ὅσον
2599 5391 2733 5447 ἐστί.
2761 5391 2833 5444 Σὺ
2867 5389 2937 5443 τὰ
2966 5388 3101 5459 μέλη
3129 5384 3411 5452 συντιθείς,
3445 5385 3581 5439 ἐκεῖο

2084 5631 2109 5659 α
2135 5612 2397 5679 Κειμένηνξί
2580 5674 2595 5679 _
2632 5674 2649 5679 Α
2728 5674 2738 5679 _
2888 5671 2900 5679 _
3016 5667 3040 5678 υ

2082 5681 2110 5720 δ
2138 5668 2273 5729 υιιὺε
2292 5668 2467 5735 εὸᾱθι,
2490 5674 2829 5736 συνδεδεμένοι,
2853 5671 2909 5719 τὸ
2930 5668 3114 5732 πνεῦμα
3132 5668 3338 5717 κάτεισι.
