4060 6400
471 283 551 344 158

478 415 568 463 νος
591 395 796 453 ἄνωθεν
824 386 1165 472 ἐπιχορηγεῖ.
1207 404 1472 476 Καθάπερ
1497 404 1603 478 γάρ
1626 403 1720 456 ἐπὶ
1741 400 1833 456 τοῦ
1863 398 2051 470 σῶμα·

480 493 572 555 τός
593 493 743 549 ἐστιν
774 493 983 565 ὄργανα
1029 498 1252 553 τοιαῦτα
1299 499 1551 563 δεκτικὰς,
1596 497 1770 562 οὕτως
1808 495 1929 549 ἐστί⁸
1964 493 2058 547 καί

482 589 577 643 ἐπὶ
606 590 701 643 τοῦ
734 590 1069 662 πνεύματος,
1096 595 1199 666 τῆς
1223 596 1386 668 ’ῥίζης
1413 595 1621 651 ἀνωθεν
1639 593 1806 665 οὔσης
1835 591 2018 660 πάσης
2036 606 2052 621 ⁶

479 680 592 739 οἷον
629 687 664 757 ἡ
700 688 919 758 καρδία,
960 690 1055 745 τοῦ
1098 694 1407 763 πνεύματος
1428 710 1443 725 ο
1475 694 1535 746 τὸ
1573 687 1747 763 ἧπαρ,
1772 688 1867 744 τοῦ
1895 688 2060 759 αἵμα-

480 796 573 845 τος
592 797 607 814 ⁸
634 782 665 834 ὁ
689 784 861 857 σπλὴν
881 826 897 850 .
925 788 1023 858 τῆς
1052 790 1138 860 χο)
1149 791 1213 860 ἧς
1242 791 1336 844 καὶ
1372 790 1508 844 ἄλλα
1550 788 1710 845 ἄλλου
1736 804 1751 819 ο
1784 786 1967 842 πάντα
1998 784 2055 838 δὲ

482 874 658 932 ταῦτα
683 880 792 932 ἀπὸ
822 880 918 935 τοῦ
949 883 1251 953 ἐγκεφάλου
1280 885 1378 957 τὴν
1407 883 1585 939 αἰτίαν
1612 883 1726 954 ἔχει
1750 895 1764 911 °
1797 880 1940 935 οὕτω
1966 878 2059 931 καὶ

480 974 511 1024 ὁ
537 973 669 1039 Θεὸς
698 975 942 1049 ἐποίησε,
974 979 1067 1033 τὸν
1100 980 1385 1053 ἄνθρωπον
1418 981 1619 1051 σφόδρα
1648 978 1846 1049 τιμῶν,
1874 977 1968 1031 καὶ
1996 975 2058 1028 οὐ

486 1067 807 1141 βουλόμενος
851 1075 1019 1129 αὐτοῦ
1072 1077 1328 1147 ἀπέχειν,
1383 1078 1482 1148 τὴν
1525 1075 1624 1145 μὲν
1670 1074 1849 1129 αἰτίαν
1900 1068 2063 1132 αὐτὸς

484 1164 955 1239 ἀναρτησάμενος,
976 1173 1273 1243 συνεργοὺς
1289 1172 1346 1225 δὲ
1365 1171 1541 1243 ἐαυτῷ
1555 1171 1904 1241 καταστήσας
1927 1184 1941 1198 ·
1972 1166 2064 1221 καὶ

484 1261 577 1315 τὸν
600 1263 700 1335 μὲν
727 1267 921 1337 έθηκεν
944 1270 1025 1332 εἰς
1047 1269 1226 1335 τοῦτο,
1253 1270 1344 1324 τὸν
1369 1269 1424 1323 δέ
1453 1270 1532 1333 εἰς
1559 1269 1755 1326 ἐκεῖνο.
1784 1262 1908 1320 Οἷον
1932 1262 2068 1319 ἀπόδ

488 1360 677 1426 στολος
702 1363 921 1434 ἀγγεῖον
941 1365 1037 1420 τοῦ
1064 1368 1317 1438 σώματός
1350 1368 1468 1420 ἐστί
1492 1365 1555 1419 τὸ
1580 1364 1958 1436 καιριώτερον,
1982 1360 2067 1425 δε-

484 1456 718 1529 χόμενος
753 1459 867 1533 [86]
903 1462 1034 1536 παρ’
1055 1462 1222 1517 αὑτοῦ
1250 1463 1319 1516 τά
1343 1464 1538 1517 πάντα.
1561 1462 1723 1514 Ὥστε
1755 1451 1944 1529 ὥσπερ
1979 1456 2068 1512 διὰ

490 1554 705 1623 φλεϐῶν
752 1560 847 1613 καὶ
884 1560 1184 1632 ἀρτηριῶν,
1226 1549 1320 1614 τοῦ
1365 1560 1523 1630 λόγου
1552 1558 1715 1628 λέγω,
1752 1558 1832 1621 εἰς
1863 1556 2072 1618 πάντας

482 1651 798 1726 διατρέχειν
834 1658 1099 1727 ποιεῖτὴν
1141 1657 1286 1730 ζωὴν
1306 1657 1406 1728 τὴν
1438 1654 1674 1713 αἰώνιον.
1706 1654 1764 1707 'O
1786 1652 2071 1724 προφήτης

490 1747 835 1819 προλέγειτά
866 1753 1148 1824 μέλλοντα,
1179 1754 1274 1807 καί
1299 1754 1461 1816 αὐτὸς
1481 1750 1550 1806 τά
1567 1749 1707 1804 αὐτὰ
1733 1744 2073 1803 κατασκευά-

485 1842 603 1908 ζει·
638 1846 733 1900 καὶ
757 1851 961 1913 ἐκεῖνος
986 1851 1083 1921 μὲν
1106 1850 1385 1922 συντίθησι
1410 1851 1479 1905 τά
1496 1848 1631 1902 ὀστᾶ
1651 1852 1668 1877 '°
1704 1834 1869 1909 αύτδς
1895 1843 1953 1897 δὲ
1977 1841 2074 1895 αὒ-

490 1940 604 2001 τοῖς
630 1940 775 2016 ζωὴν
810 1948 1053 2018 χορηγεῖ,
1095 1947 1254 2014 Πρὸς
1293 1944 1697 2015 καταρτισμὸν
1719 1941 1838 1997 τῶν
1862 1940 2069 2011 ἁγίων»

486 2036 582 2102 εις
610 2037 790 2108 ἔργον
813 2041 1138 2109 διακονίας.
1172 2043 1237 2095 Ἠ
1263 2042 1455 2113 ἀγάπη
1493 2039 1853 2110 ἀνοικοδομεῖν,
1885 2037 1982 2091 καὶ
2012 2034 2074 2088 τὸ

494 2135 894 2202 συγκολλᾶσθαι
914 2140 1163 2212 ἀλλήλοις
1179 2142 1273 2195 καὶ
1292 2136 1818 2211 συμπήγνυσθαικαί
1842 2131 2076 2207 ἁρμόζε-

497 2233 641 2301 σθαι,
680 2235 838 2290 τοῦτο
875 2241 1038 2293 ποιεῖ.
1077 2240 1141 2293 Εἰ
1168 2240 1348 2295 τοίνυν
1382 2238 1685 2310 βουλόμεθα
1709 2234 1804 2291 τοῦ
1833 2233 2077 2305 πνεύμαί-

492 2332 587 2392 τος
611 2330 904 2386 ἀπολαύειν
947 2333 1043 2387 τοῦ
1087 2334 1196 2389 ἀπὸ
1224 2334 1324 2405 τῆς
1351 2334 1617 2405 κεφαλῆς,
1662 2331 1907 2403 ἀλλήλων
1937 2329 2076 2401 ὲχώε-

492 2424 659 2490 μεθα.
695 2426 798 2481 Δύο
834 2430 943 2500 γάρ
971 2430 1079 2484 εἰσι
1108 2430 1402 2503 διαιρέσεις
1429 2429 1537 2484 ἀπὸ
1566 2429 1663 2483 τοῦ
1697 2430 1949 2498 σώματος
1980 2424 2075 2480 τοῦ

492 2521 952 2594 ἐκκλησιαστικοῦ
974 2542 987 2557 ο
1014 2527 1112 2598 μία
1138 2528 1257 2599 μὲν,
1289 2528 1418 2581 ὅταν
1434 2525 1697 2597 ψύξωμεν
1714 2523 1811 2595 τὴν
1835 2522 2075 2593 ἀγάπην.

488 2615 723 2688 δευτέρα
749 2619 826 2686 δὲ,
849 2621 979 2675 ὅταν
1006 2621 1211 2685 ἀνάξια.
1226 2619 1320 2674 τοῦ
1344 2620 1517 2675 τελεῖν
1539 2621 1620 2683 εἰς
1645 2620 1819 2673 ἐκεῖνο
1836 2617 1898 2670 τὺ
1918 2616 2079 2687 σῶμα

495 2714 858 2786 τολμήσωμεν
882 2734 895 2748 ·
934 2718 1209 2790 ἑκατέρως
1236 2717 1344 2787 γάρ
1382 2712 1688 2788 χωρίξομεν
1721 2712 1947 2776 ἑαυτοὺς
1982 2710 2079 2765 τοῦ

491 2807 884 2880 πληρώματος.
913 2813 977 2867 Εἰ
1024 2813 1082 2867 δὲ
1114 2813 1207 2866 καί
1247 2812 1440 2876 ἀλλους
1466 2813 1545 2873 εἰς
1577 2810 1639 2865 τὸ
1664 2807 1968 2880 οἰκοδομεῖν
1990 2823 2080 2860 τε·-

494 2902 767 2972 τάγμεθα,
815 2906 864 2958 οἰ
906 2904 984 2977 μὴ
1022 2905 1468 2977 οἰκοδομοῦντες,
1507 2903 1645 2958 ἀλλὰ
1684 2903 1778 2957 καὶ
1815 2901 2080 2972 πρότερον

498 2997 797 3067 σχίζοντες,
825 2998 877 3052 τί
909 3000 1010 3055 οὐκ
1045 2999 1113 3055 ἂν
1143 3000 1401 3065 πάθοιεν;
1434 2999 1601 3052 Οὐδὲν
1640 2998 2082 3069 οὕτως,Ἐκκληο

496 3092 623 3145 σίαν
658 3093 948 3166 δυνήσεται
992 3095 1243 3166 διαιρεῖν,
1292 3095 1368 3159 ὡς
1403 3093 1665 3164 φιλαρχία
1689 3110 1703 3124 ·
1742 3092 1894 3145 οὐδὲν
1936 3091 2081 3145 οὕτω

496 3187 793 3255 “παροξύνει
830 3190 922 3244 τὸν
948 3190 1102 3256 Θεὸν,
1141 3190 1217 3254 ὼς
1250 3190 1312 3243 τὸ
1350 3188 1679 3259 Ἐκκλησίαν
1720 3187 2078 3258 διαιρεθῆναι.

499 3277 624 3339 Κᾶν
652 3285 821 3358 μυρία
840 3280 989 3357 ὦμεν
1010 3286 1376 3357 ἐργασάμενοι
1399 3285 1561 3351 καλά,
1588 3285 1698 3338 τῶν
1718 3284 1778 3337 τὸ
1804 3283 1963 3354 σῶμα
1986 3284 2083 3336 αύ-

498 3380 596 3435 ἲτοῦ
621 3382 981 3456 διατεμόντων
1021 3384 1122 3438 οὐκ
1151 3384 1410 3438 ἐλάττονα
1446 3383 1689 3453 δώσομεν
1730 3381 1911 3451 δίκην,
1934 3381 1983 3433 οἰ
2018 3379 2082 3433 τὸ

502 3477 781 3550 πλήρωμα
812 3480 1244 3551 κατατέμνοντες
1273 3478 1334 3532 τὸ
1359 3477 1831 3550 ἐκκλησιαστικόν.
1876 3477 2083 3530 Ἐκεῖνο

499 3576 604 3643 μὲν
630 3576 739 3648 γὰρ
759 3578 852 3634 ἐπὶ
877 3576 1061 3650 κέρδει
1075 3577 1174 3649 τῆς
1211 3576 1536 3647 οἰκουμένης
1553 3576 1788 3643 ἐγένετο,
1821 3576 1870 3629 εἰ
1891 3573 1984 3628 καὶ
2007 3572 2082 3644 μὴ

504 3674 613 3730 ἀπὸ
636 3673 877 3737 διανοίας
920 3672 1213 3745 τοιαύτηςδ
1239 3671 1396 3727 τοῦτο
1441 3671 1499 3725 δέ
1544 3671 1697 3724 οὐδὲν
1742 3668 1980 3739 οὐδαμοῦ
2022 3668 2083 3722 τὸ

502 3773 774 3844 χρήσιμον
831 3769 966 3840 εχει,
1014 3770 1152 3825 ἀλλά
1206 3769 1376 3841 πολλὴ
1427 3770 1461 3840 ἡ
1512 3768 1704 3840 βλάϐη.
1768 3766 1952 3821 Ταῦτά
1994 3784 2084 3837 μοι

502 3871 626 3942 οὐχὶ
669 3864 806 3941 πρὸς
845 3870 969 3934 τοὺς
1001 3869 1267 3941 ἄρχοντας
1314 3869 1527 3940 είρηταί
1586 3869 1766 3939 μόνον,
1816 3865 1952 3921 ἀλλὰ
1991 3867 2084 3919 καὶ

507 3970 644 4040 πρὸς
674 3970 799 4031 τοὺς
831 3968 1185 4039 ἀρχομένους.
1218 3967 1383 4037 Ἀνὴρ
1401 3966 1458 4019 δέ
1478 3983 1562 4029 τις
1590 3966 1744 4035 ἆγιος
1772 3959 1893 4018 εἶπέ
1920 3983 1972 4018 τι
1998 3965 2085 4018 δο-

507 4065 638 4120 κοῦν
669 4050 808 4117 εἶναι
838 4062 1127 4134 τολμηρὸν,
1168 4062 1307 4133 πλὴν
1339 4061 1454 4115 ἀλλ’
1493 4062 1641 4131 ὅμως
1671 4060 1990 4131 ἐφθέγξατο.
2021 4062 2063 4113 Τ
2070 4061 2087 4113 ί

503 4163 572 4235 δὴ
601 4162 758 4216 τοῦτό
786 4163 964 4224 ἐστινς
1016 4152 1153 4214 Οὐδὲ
1189 4158 1491 4231 μαρτυρίου
1520 4152 1663 4229 αἷμα
1693 4156 1896 4229 ταύτην
1926 4157 2087 4212 δύνα-

510 4261 637 4315 σθαι
661 4252 962 4328 ἐξαλείφειν
983 4250 1082 4329 τὴν
1111 4255 1385 4330 ἁμαρτίαν
1411 4255 1631 4327 ἔφησεν.
1668 4256 1805 4309 Εἰπέ
1834 4255 1945 4325 γάρ
1976 4274 2087 4325 μοι,

506 4355 653 4419 τίνος
674 4353 861 4408 ἕνεκεν
883 4353 1210 4423 μαρτυρεῖςς
1233 4350 1293 4404 οὑ
1316 4350 1404 4405 διὰ
1424 4341 1523 4421 τὴν
1540 4347 1695 4415 δόξαν
1712 4350 1804 4405 τοῦ
1822 4350 2088 4421 Χριστοῦς

523 4450 582 4501 Ὀ
618 4448 796 4503 τοίνυν
832 4448 930 4519 τὴν
968 4447 1148 4518 ψυχὴν
1187 4447 1485 4517 προέμενος
1517 4446 1655 4518 ὑπὲρ
1694 4446 1793 4502 τοῦ
1829 4436 2089 4517 Χριστοῦ,

512 4543 632 4607 πῶς
666 4544 764 4616 τὴν
820 4541 1147 4613 Ἐκκλησίαν
1190 4540 1412 4611 πορθεῖς
1435 4583 1451 4608 ,
1503 4534 1645 4613 ὗπὲρ
1670 4536 1738 4612 ἧς
1771 4540 1871 4608 τὴν
1913 4540 2090 4613 ψυχὴν

515 4643 796 4713 προήκατο
836 4643 866 4695 ὁ
898 4640 1161 4711 Χριστός;
1197 4639 1397 4692 Ἀκουε
1430 4638 1523 4693 τοῦ
1563 4639 1777 4693 Παύλου
1816 4630 2090 4709 λέγοντος,

514 4736 598 4793 ὃτι
648 4739 769 4792 Οὐκ
812 4736 932 4807 εἰμί
988 4735 1163 4802 ἄξιος
1194 4734 1509 4791 καλεῖσθαι
1562 4735 1943 4802 ἀπόστολος,
2001 4724 2092 4789 ὅτι

515 4832 733 4896 ἐδίωξα
763 4829 878 4901 τὴν
918 4829 1292 4897 Ἐκκλησίαν
1323 4830 1431 4884 τοῦ
1467 4831 1650 4896 Θεοῦ,
1699 4824 1792 4885 καὶ
1828 4832 2093 4904 ἐπόρθουν

516 4931 712 5002 αὑτήν.
752 4929 868 4982 Οὐκ
894 4925 1042 4981 ἐστιν
1084 4924 1226 4998 αὕτη
1271 4926 1566 4998 ἐλάττωνὴ
1599 4928 1768 5000 βλάϐη
1801 4932 1899 5000 τῆς
1945 4928 2094 4997 παρά

520 5023 753 5095 ἐχθρῶν,
786 5022 923 5078 ἀλλά
967 5024 1104 5078 πολὺ
1142 5024 1365 5095 μείζων»
1427 5023 1640 5094 Ἐκείνη
1690 5025 1790 5095 μὲν
1837 5024 1947 5096 γὰρ
1999 5026 2094 5078 καὶ

521 5119 801 5191 Ααμπροτέ
808 5136 906 5190 ραν
920 5118 1090 5193 αὐτὴν
1109 5120 1423 5191 ἐργάζεται,
1440 5118 1578 5192 αῦτη
1593 5121 1650 5174 δέ
1662 5121 1831 5192 αὐτὴν
1843 5121 1938 5175 καί
1949 5122 2097 5193 παρά

520 5220 634 5281 τοῖς
658 5216 873 5288 ἐχθροῖς
906 5216 1279 5287 καταισχύνει,
1304 5218 1433 5271 ὅταν
1460 5215 1565 5269 ὑπὸ
1590 5215 1697 5270 τῶν
1721 5215 1866 5270 ἰδίων
1894 5215 2095 5271 τέκνων

524 5318 654 5371 πολε
662 5318 851 5388 μῆται.
883 5316 1044 5386 Μέγα
1063 5318 1171 5387 γάρ
1188 5317 1387 5389 δεῖγμα
1409 5317 1623 5389 ἀπάτης
1644 5311 1781 5371 εῖναι
1804 5317 1952 5371 δοκεῖ
1969 5315 2097 5390 παρ’

524 5419 708 5481 αὐτοῖς
728 5416 791 5470 τὸ
807 5418 934 5480 τοὺς
950 5416 1306 5489 γεννηθέντας
1326 5418 1384 5471 ἐν
1402 5416 1536 5489 αὐτῇ
1553 5416 1649 5470 καὶ
1667 5416 1990 5487 τραφέντας,
2006 5417 2100 5470 καὶ

525 5534 596 5569 τα
626 5516 911 5588 ἀπόρρητα
943 5517 1115 5589 αὐτῆς
1147 5516 1531 5589 μεμαθηκότας
1573 5516 1837 5589 ἀκριϐῶς,
1879 5519 2098 5583 τούτους

529 5612 1030 5687 μεταϐαλλομένους
1083 5617 1341 5690 ἐξαίφνης
1394 5615 1461 5671 τὰ
1527 5617 1634 5672 τῶν
1673 5617 1882 5690 ἐχθρῶν
1933 5618 2098 5692 αὐτὴν

525 5712 878 5771 διατίθεσθαι.

1185 287 1252 344 S.
1292 285 1583 345 JOANNIS
1620 280 2118 343 CHRYSOSTOMI
2156 283 2479 344 ARCIIIEP.
2519 289 3092 347 CONSTANTINOP.

3666 293 3735 349 86

2231 412 2292 458 ε’.
2310 404 2495 461 Ταῦτά
2512 415 2603 478 μοι
2628 407 2865 479 εἰρήσθω
2881 408 3018 477 πρὸς
3039 407 3164 470 τοὺς
3179 405 3486 478 ἀδιαφόρως
3501 400 3739 472 διδόντας

2159 502 2387 568 ἑαυτοὺς
2433 506 2549 567 τοῖς
2582 504 2825 575 σχίζουσι
2864 502 2964 575 τὴν
3009 503 3357 573 Ἐκκλησίαν.
3393 503 3456 556 Εἰ
3497 502 3598 574 μὲν
3629 501 3741 573 γάρ

2158 596 2255 651 καὶ
2274 597 2516 670 δόγματα
2542 600 2756 671 ἔχουσιν
2784 599 3022 665 ἐναντία,
3058 600 3155 654 καί
3181 599 3268 653 διὰ
3293 598 3452 653 τοῦτο
3481 600 3544 653 οὗ
3572 610 3741 668 προσ-

2158 693 2297 764 ῆκεν
2320 694 2552 758 ἐκείνοις
2580 695 2987 766 ἀναμίγνυσθαι
3006 713 3020 727 ο
3046 697 3095 749 εἰ
3123 697 3181 751 δὲ
3205 696 3273 750 τά
3296 696 3438 751 αὺτά
3464 695 3739 766 φρονοῦσι,

2161 792 2342 864 πολλῷ
2391 793 2612 864 μᾶλλον.
2658 793 2725 848 Τί
2753 794 2983 865 δήποτε;
3012 794 3136 847 ’Ότι
3179 794 3471 865 φιλαρχίας
3516 794 3664 847 ἐστὶν
3708 795 3743 865 ἡ

2160 888 2338 951 νόσος.
2363 890 2481 944 Οὐκ
2510 892 2625 944 ίστε
2662 889 2715 946 τί
2744 890 3077 944 πεπόνθασιν
3103 891 3153 943 οἰ
3184 891 3313 962 περὶ
3342 890 3486 961 Κορέ
3516 888 3611 943 καὶ
3640 891 3743 942 Δα-

2167 985 2265 1041 θάν
2292 987 2385 1040 καί
2418 979 2679 1059 Ἀ’ϐειρών
2698 986 2840 1060 ;ἆρα
2856 978 3011 1043 αύτοί
3040 988 3212 1058 μόνοι,
3229 987 3349 1059 οὐχὶ
3365 987 3421 1041 δὲ
3438 987 3530 1041 καί
3553 981 3602 1040 οἰ
3626 986 3740 1061 [87]

2168 1080 2286 1152 μετ’
2314 1080 2495 1133 αὐτῶν
2513 1099 2528 1148 ;
2547 1082 2611 1137 Τί
2631 1082 2810 1151 λέγεις
2829 1100 2844 1143 ;
2867 1085 2899 1154 ἠ
2921 1083 3058 1154 αὐτὴ
3077 1083 3259 1146 πίστις
3282 1083 3449 1148 ἐστὶν,
3472 1082 3744 1154 ὀρθόδοξοί

2164 1178 2271 1230 εἰσι
2306 1180 2569 1234 κάκεῖνοι.
2592 1168 2751 1245 Τίνος
2788 1176 2881 1236 οῦν
2916 1181 3107 1237 ἕνεκεν
3136 1182 3237 1236 οὐκ
3271 1183 3376 1235 εἰσί
3414 1181 3533 1253 μεθ’
3554 1183 3741 1253 ἡμῶν;

2168 1266 2274 1343 Εἷς
2287 1278 2520 1348 Κύριος,
2536 1280 2646 1350 μία
2669 1282 2895 1347 πίστις,
2919 1281 2989 1335 ἒν
3002 1281 3339 1352 βάπτισμα.
3354 1282 3419 1336 Εἰ
3436 1281 3504 1334 τὰ
3521 1281 3743 1335 ἐκείνων

2169 1373 2352 1438 καλῖῶς
2368 1375 2597 1444 γίνεται,
2626 1378 2695 1431 τά
2724 1378 2970 1449 ἡμέτερα
2990 1379 3177 1443 κακῶς
3201 1394 3216 1408 ο
3245 1380 3295 1432 εἰ
3320 1377 3375 1431 δὲ
3404 1378 3473 1431 τὰ
3499 1376 3743 1449 ἡμέτερα

2168 1470 2382 1540 καλῶς,
2422 1473 2491 1527 τὰ
2512 1473 2737 1529 ἐκείνων
2761 1475 2967 1539 κακῶςι
2988 1475 3227 1543 Νήπιοι,
3261 1476 3417 1546 φησί,
3450 1473 3745 1529 κλυδωνιυ

2178 1560 2413 1640 ζ’όμενοι
2453 1570 2553 1625 καί
2588 1574 3035 1643 περιφερόμενοι
3064 1573 3244 1628 παντί
3278 1572 3495 1642 ἀνέμῳ.
3529 1571 3744 1643 Ἀρκεῖν

2169 1667 2328 1722 τοῦτο
2354 1670 2597 1740 ἡγεῖσθε,
2622 1668 2743 1726 εἰπέ
2775 1690 2888 1744 μοι,
2906 1672 2966 1726 τὸ
2986 1672 3187 1740 λέγειν,
3218 1672 3298 1726 ὅτι
3325 1669 3592 1742 όρθόδοξοί
3614 1672 3743 1732 εἰσι,

2169 1764 2239 1819 τά
2265 1764 2368 1835 τῆς
2389 1768 2722 1839 χειροτονίας
2750 1764 2809 1822 δὲ
2836 1769 3042 1840 οἴχεται
3062 1770 3160 1824 καὶ
3178 1769 3423 1823 ἀπόλωλε
3442 1786 3458 1835 ;
3483 1766 3593 1820 Καὶ
3610 1764 3665 1819 τί
3684 1763 3744 1821 τὸ

2170 1859 2359 1929 ὄφελος
2375 1862 2483 1917 τῶν
2506 1862 2703 1929 ἄλλων,
2728 1864 2929 1937 ταύτης
2960 1865 3062 1920 οὐκ
3085 1856 3469 1938 ἠκριϐωμένης
3492 1880 3509 1929 ;
3536 1862 3743 1932 Ὥσπερ

2173 1954 2282 2027 γὰρ
2316 1952 2459 2028 ὑπὲρ
2481 1957 2584 2028 τῆς
2629 1958 2884 2024 πίστεως,
2926 1952 3070 2014 οὕτω
3108 1962 3203 2014 καὶ
3230 1957 3370 2031 ὑπὲρ
3406 1956 3609 2028 ταύτης
3640 1954 3745 2023 μάξ-

2173 2051 2364 2121 χεσθαι
2391 2054 2519 2125 χρή.
2563 2048 2735 2120 Ἐπεὶ,
2761 2058 2811 2109 εἰ
2843 2057 3005 2110 παντὶ
3040 2048 3218 2123 ἔξεστι
3244 2054 3483 2126 πληροῦν
3508 2052 3605 2117 τὰς
3630 2053 3743 2123 χεῖ-

2175 2154 2278 2218 Ρας
2301 2149 2489 2215 αὑτοῦ,
2515 2150 2657 2206 κατά
2682 2153 2809 2216 τοὺς
2840 2153 3124 2219 παλαιοὺς,
3155 2156 3250 2209 καί
3279 2153 3440 2222 ἰερεϊς
3478 2147 3743 2219 γίνεσθαι,

2179 2240 2493 2313 παρίτωσαν
2519 2244 2741 2309 πάντες,
2771 2246 2894 2315 εἰκῆ
2916 2246 2978 2299 τὸ
2997 2245 3380 2315 θυσιαστήριον
3403 2241 3746 2313 ᾠκοδόμηται

2172 2335 2353 2405 τοῦτο,
2397 2338 2521 2408 εἰκῆ
2548 2338 2609 2392 τδ
2647 2340 2922 2411 πλήρωμα
2952 2340 3051 2411 τῆς
3090 2339 3439 2411 Ἐκκλησίας,
3479 2338 3603 2407 εἰκῆ
3638 2333 3747 2388 τῶν

2176 2424 2369 2507 ίερέων
2410 2437 2440 2490 ὁ
2465 2437 2736 2509 ἀριθμός’
2791 2438 3072 2509 ἀνέλωμεν
3120 2437 3259 2491 αὐτά
3304 2434 3398 2490 καὶ
3427 2432 3749 2503 διαφθείρω·

2180 2548 2298 2603 μεν.
2356 2533 2449 2604 Μὴ
2489 2534 2731 2602 γένοιτο,
2778 2534 2962 2606 φησίν.
3002 2534 3190 2606 Ὑμεῖς
3225 2532 3369 2586 αὐτά
3400 2532 3620 2593 ποιεῖτε,
3656 2530 3749 2583 καί

2178 2645 2338 2697 φατε,
2362 2630 2454 2701 Μὴ
2484 2631 2729 2699 γένοιτος
2754 2632 2872 2695 πῶς
2909 2631 3109 2699 λέγεις,
3143 2629 3235 2699 Μὴ
3261 2629 3494 2699 γένοιτοδ
3523 2625 3749 2696 γενομέο

2178 2741 2284 2778 νων
2311 2725 2524 2794 αὐτῶν;
2559 2726 2702 2795 Ἐγὼ
2729 2726 2871 2796 λέγω
2890 2718 2987 2781 καὶ
3022 2726 3389 2799 μαρτύρομαι,
3418 2725 3479 2778 οὒ
3499 2723 3561 2777 τὺ
3582 2724 3747 2793 ἐμαυ-

2178 2816 2271 2869 τοῦ
2302 2817 2542 2880 σκοπῶν.
2575 2818 2712 2872 ἀλλά
2740 2819 2839 2890 τὴν
2860 2817 3133 2889 ὑμετέραν
3164 2817 3439 2889 σωτηρίαν
3459 2831 3474 2847 ’
3506 2816 3556 2867 εἰ
3584 2814 3641 2867 δέ
3666 2820 3749 2877 τις

2179 2909 2517 2981 ἀδιαφοροίη,
2563 2911 2724 2975 αὐτὸς
2761 2912 2829 2965 ἂν
2860 2911 3027 2979 εἰδείη
3058 2925 3074 2942 ⁵
3118 2912 3167 2964 εἰ
3198 2910 3256 2964 δέ
3301 2927 3407 2963 τινι
3441 2908 3645 2962 τούτων
3688 2906 3749 2958 ού

2183 3006 2356 3076 μέλει,
2403 3007 2518 3061 ἀλλ’
2563 3008 2695 3078 ἡμῖν
2746 3008 2898 3078 μέλει
2924 3024 2940 3039 ⁶
2983 3008 3132 3078 Ἐγὼ
3176 3008 3509 3077 ἐφύτευσα,
3564 3003 3749 3074 φησὶν,

2191 3103 2500 3171 Ἀπολλὼς
2543 3104 2845 3168 ἐπότισεν,
2888 3104 3027 3158 ἀλλ’
3069 3107 3104 3159 ό
3147 3104 3292 3170 Θεὸς
3332 3103 3575 3170 ηὔξανε.
3628 3099 3753 3161 Πῶς

2179 3200 2397 3273 οἴσομεν
2424 3199 2515 3255 τὸν
2538 3201 2690 3274 παρὰ
2710 3201 2819 3255 τῶν
2846 3200 3113 3274 Ἐλλήνων
3130 3200 3374 3271 γέλωτας
3400 3198 3460 3253 Ει
3485 3197 3593 3270 γὰρ
3612 3194 3753 3266 ὑπὲρ

2180 3298 2288 3352 τῶν
2318 3297 2585 3368 αἱρέσεων
2627 3299 2950 3368 ἐγκαλοῦσιν
2988 3299 3142 3370 ἡμῖν,
3181 3297 3320 3367 ὑπὲρ
3348 3286 3551 3349 τούτων
3577 3291 3630 3347 τί
3652 3292 3753 3345 οὐκ

2181 3393 2428 3465 ἐροῦσιν;
2464 3395 2529 3449 Εἰ
2552 3394 2623 3449 τά
2647 3396 2787 3450 αὐτὰ
2812 3391 3076 3465 δόγματα,
3130 3395 3179 3449 εἰ
3204 3392 3273 3447 τὰ
3296 3392 3434 3446 αὑτά
3455 3390 3750 3461 μυστήρια,

2178 3490 2325 3554 τίνος
2342 3490 2527 3545 ἕνεκεν
2549 3492 2735 3564 ἔτερος
2770 3493 2952 3563 ἄρχων
2974 3492 3139 3563 ἑτέρα
3174 3480 3467 3560 Ἐκκλησία
3486 3485 3750 3555 ἐπιπηδᾷς

2194 3588 2408 3660 Ὁρᾶτε,
2441 3578 2627 3659 φησὶν,
2651 3589 2732 3642 ὅτι
2765 3588 2943 3642 πάντα
2970 3585 3274 3654 κενοδοξίας
3305 3584 3660 3655 πεπλήρωται
3686 3581 3756 3635 τὰ

2183 3685 2556 3753 Χριστιανῶν,
2591 3687 2684 3740 καὶ
2717 3686 2977 3759 φιλαρχία
3005 3673 3137 3758 mp"
3174 3686 3355 3748 αὐτοῖς
3393 3681 3485 3736 καὶ
3543 3681 3757 3750 ἀπάτη,

2184 3783 2468 3853 γύμνωσον
2488 3784 2684 3847 αὐτοὺς
2730 3783 2825 3837 τοῦ
2866 3782 3119 3854 πλήθους,
3152 3783 3305 3853 φησὶ,
3348 3781 3446 3852 τὴν
3487 3779 3636 3832 νόσον
3669 3777 3759 3829 έκ-

2187 3880 2378 3949 κοψον,
2435 3880 2529 3934 τοῦ
2580 3878 2738 3950 ὄχλου
2775 3879 2874 3952 τὴν
2910 3878 3234 3951 διαφθορὰν,
3277 3880 3373 3932 καὶ
3423 3876 3577 3931 οὐδέν
3628 3875 3757 3928 εἰσι.

2190 3974 2449 4029 Βούλεσθε
2475 3976 2613 4031 εἴπω
2636 3976 2673 4032 ἃ
2695 3976 2826 4048 περί
2847 3976 2944 4047 τῆς
2967 3975 3173 4037 πόλεως
3194 3974 3411 4043 λέγουσι
3438 3973 3536 4044 τῆς
3562 3964 3761 4043 ήμετέερ

2189 4089 2325 4144 ρας;
2356 4071 2474 4136 πῶς
2501 4073 2651 4143 ἡμᾶς
2679 4075 2760 4137 εἰς
2786 4072 3035 4127 εὐκολίαν
3062 4071 3439 4125 διαϐάλλουσιν
3461 4087 3478 4136 ;
3520 4069 3759 4135 Ἔξεστι,

2189 4172 2342 4241 φησί,
2381 4171 2548 4224 παντὶ
2567 4170 2646 4241 τῷ
2685 4169 2991 4241 βουλομένῳ
3020 4168 3201 4239 εὑρεῖν
3227 4167 3353 4227 τοὺς
3381 4164 3760 4235 πειθομένους,

2189 4266 2286 4321 καὶ
2311 4267 2410 4321 οὐκ
2437 4268 2502 4322 ἀν
2531 4285 2663 4322 ποτε
2691 4268 2987 4339 ἀπορήσειε
3019 4266 3244 4321 τούτων.
3277 4265 3343 4317 Ὢ
3369 4262 3464 4317 τοῦ
3498 4260 3761 4332 γέλωτοςί

2189 4362 2361 4418 ταῦτα
2411 4364 2584 4434 πόσης
2620 4365 2915 4435 αἱσχύνης;
2960 4363 3126 4418 Ἀλλά
3175 4363 3269 4416 καί⁵
3329 4359 3515 4431 ἐτερος
3563 4358 3761 4426 γέλως,

2192 4459 2353 4531 ἑτέρα
2379 4459 2640 4530 αἰσχύνη·
2671 4461 2771 4514 Ἂν
2796 4476 2941 4523 τινες
2965 4458 3187 4522 ἁλόντες
3209 4458 3337 4528 παρ’
3367 4458 3498 4529 ἡμῖν
3526 4456 3620 4509 ἐπὶ
3651 4458 3765 4519 τοῖς

2191 4556 2524 4628 αἰσχίστοις,
2595 4556 2862 4627 μέλλωσιν
2912 4555 3193 4625 ἐπιτιμίου
3243 4553 3533 4624 τυγχάνειν
3594 4551 3763 4615 τινος,

2192 4654 2359 4718 πολὺς
2402 4654 2434 4707 ὁ
2469 4654 2691 4726 τρόμος,
2727 4652 2895 4717 πολὺς
2924 4655 2952 4705 ό
2983 4651 3145 4720 φόϐος
3173 4649 3437 4705 πάντοθεν
3458 4668 3474 4682 ·
3505 4648 3598 4720 Μὴ
3624 4649 3764 4702 ἀπο-

2193 4751 2451 4823 πηδήσῒινν
2528 4751 2697 4820 φησι,
2761 4748 2835 4821 μὴ
2880 4747 3000 4819 μετ’
3058 4747 3282 4801 ἐκείνων
3332 4750 3451 4818 στῇ.
3526 4747 3764 4817 Ἀποπη-

2188 4847 2332 4920 δήσῃ
2374 4846 2473 4917 μὲν
2522 4847 2631 4918 γὰρ
2676 4845 2933 4916 μυριάκις
2974 4846 3003 4897 ὁ
3042 4842 3301 4907 τοιοῦτος,
3347 4844 3441 4896 καὶ
3470 4841 3609 4897 ἔστω
3646 4840 3765 4912 μετ’

2194 4946 2441 5011 ἐκείνων,
2470 4945 2592 5015 ούχί
2637 4943 2748 4997 τῶν
2785 4942 3183 5015 ἡμαρτηκότων
3213 4941 3355 5010 λέγω
3378 4957 3393 4970 ο
3445 4938 3559 4993 ἀλλ’
3603 4939 3765 5002 εἴτις

2194 5040 2578 5112 ἀναμάρτητος
2602 5040 2677 5094 ὢν
2701 5039 2978 5110 τυγχάνοι,
3012 5040 3106 5091 καί
3136 5036 3382 5107 βούλεται
3415 5034 3765 5107 μεταθέσθαι,

2200 5137 2533 5209 μεταθέσθωι
2578 5137 2748 5207 Ἀλγῶ
2782 5136 2880 5207 μὲν
2912 5135 3020 5206 γὰρ
3047 5135 3140 5189 καὶ
3165 5134 3433 5205 κόπτομαι
3461 5134 3555 5187 καί
3576 5132 3766 5202 ὀδύρο-

2201 5251 2297 5305 μαι
2338 5235 2432 5289 καὶ
2473 5232 2920 5308 διαπρίομαιατά
2965 5230 3280 5302 σπλάγχνα,
3319 5230 3394 5294 ῶς
3433 5231 3632 5284 οἰκείου
3670 5231 3766 5301 μέ-

2201 5331 2328 5396 λους
2371 5331 2840 5403 ἀποστερούμενος
2856 5347 2869 5359 ⁸
2911 5328 3051 5401 πλὴν
3072 5327 3186 5383 ἀλλ’
3207 5328 3305 5399 οὺχ
3326 5326 3499 5393 οὕτως
3522 5327 3672 5396 ἀλγῶ
3691 5326 3768 5391 ὡς

2199 5428 2603 5499 ἀναγκάζεσθαί
2631 5427 2795 5496 τι,διά
2822 5428 2912 5481 τὸν
2944 5425 3107 5495 φόϐον
3130 5422 3339 5489 τοῦτον,
3368 5422 3476 5478 τῶν
3500 5420 3575 5493 μὴ
3598 5431 3765 5495 1:906—

2200 5528 2441 5600 ηκόντων
2473 5529 2663 5584 ποιεῖν.

2264 5732 2286 5757 υ
2317 5717 2453 5767 L'nus
2485 5716 2637 5768 codex
2662 5722 2714 5763 et
2734 5722 2884 5776 marg.
2908 5708 3081 5774 Savil.,
3107 5710 3187 5760 καὶ
3212 5706 3547 5772 διαπυροῦμα.
