2030 3200
159 165 195 193 85
613 159 647 188 IN
665 157 773 188 EPIST.
793 157 841 185 AD
859 154 983 184 EPHES.
1003 154 1080 183 CAP.
1101 156 1144 183 IV.
1166 156 1279 185 llOMIL.
1301 157 1347 185 XI.
1759 157 1795 185 86

160 226 243 253 misso
255 224 338 252 alium
352 227 437 255 tenet,
451 217 587 257 quomodo
605 225 691 248 totum
707 224 805 253 corpus
826 215 910 249 laedit,
922 218 951 243 et

159 279 232 307 sepe
245 275 358 298 mortem
371 269 460 302 amart,
472 273 501 297 et
512 275 584 304 saepe
597 268 678 295 etiam
693 266 730 294 de
741 269 840 294 ctetero
852 265 946 292 inven-

161 323 217 346 tum
229 321 271 344 est
285 316 422 351 indignum
432 314 503 350 quod
518 312 683 341 retineatur?
697 311 774 339 multi
792 311 864 339 enim
877 317 949 345 saepe

160 371 195 391 eo
215 361 318 395 exciso,
342 361 430 388 locum
458 360 578 388 fecerunt
603 365 727 386 vacuum.
747 357 861 391 Semper
877 355 949 384 enitn

162 409 261 437 malum
274 412 316 435 est
332 407 369 439 id.
384 406 455 441 quod
475 406 617 434 redundat.
632 406 666 432 Et
686 405 711 432 in
725 403 868 431 elementis
881 410 949 437 quo-

161 463 213 489 que
232 454 339 489 quando
358 461 406 480 sua
420 453 511 480 relicta
532 452 687 487 symmetria
702 451 849 484 plusquam
872 449 950 476 decet

162 500 365 532 abundaverint,
389 499 554 526 universitati
578 498 721 531 perniciem
747 497 870 524 afferunt.
895 496 950 523 Iloc

162 552 203 573 est
218 554 278 573 esse
292 550 457 580 compactum
471 549 499 571 et
514 551 675 571 connexum.
686 543 773 575 Quare
784 543 951 577 unumquod-

163 601 214 627 que
235 593 261 619 in
275 599 324 619 suo
348 591 406 618 loco
422 598 540 621 manere,
564 597 614 616 nec
636 589 661 615 in
685 589 797 616 alterum
821 589 950 616 excedere

164 647 215 665 non
234 638 447 670 convenientem,
470 639 598 671 quantum
612 635 647 662 sit
662 635 759 670 cogita.
777 635 816 662 Tu
832 635 949 661 membra

163 684 318 718 crnitponis;
333 683 377 710 ille
397 682 512 716 deSnper
527 681 712 709 subministrat
734 689 765 708 ac
788 682 948 716 suppeditat.

164 731 196 758 Ut
211 731 281 757 enint
296 730 322 756 in
333 736 448 763 corpore
462 733 523 755 sunt
542 727 672 762 ejusmodi
694 728 869 754 instrttntcnta
890 733 950 761 apta

163 776 195 802 ad
210 774 406 809 suscipiendum
419 795 426 806 ,
440 774 474 800 ita
488 773 568 800 etiam
584 773 609 799 in
624 772 717 805 spiritu
728 793 735 805 ,
752 780 812 799 cum
828 773 862 799 sit
872 772 952 799 desu-

166 829 213 856 per
226 820 349 847 universa
364 819 441 846 radix
457 828 463 845 :
481 823 508 845 ut
523 826 569 845 cor
584 823 624 845 est
638 818 715 844 radix
736 818 856 852 spiritus,
876 818 952 851 jecttr

164 866 310 901 sanguinis,
327 866 381 892 lien
406 865 467 891 bilis
480 885 487 896 ,
508 869 534 891 et
554 864 605 890 alia
627 864 739 891 alterius
757 871 763 889 :
780 863 837 890 lucc
863 868 951 890 autem

165 914 254 939 omnia
275 912 374 938 habent
396 918 503 937 causam
523 918 536 936 a
561 910 691 937 cerebro:
705 910 744 936 sic
764 910 834 936 Deus
847 917 953 944 quoque

167 960 238 991 fecit,
263 958 397 985 hominem
420 957 496 984 valde
523 957 668 989 honorans,
692 961 719 983 et
749 957 842 984 nolens
863 957 896 984 ab
920 964 953 984 eo

166 1005 267 1035 abesse,
284 1008 314 1030 ut
327 1004 370 1038 qui
384 1004 440 1037 ipse
455 1002 561 1037 quidem
576 1011 684 1030 causam
703 1011 717 1030 a
731 1011 760 1030 se
775 1003 890 1037 pendere
904 1011 952 1029 vo-

167 1051 260 1083 luerit,
281 1050 331 1077 sibi
355 1054 443 1076 autem
466 1049 602 1083 adjutores
621 1039 808 1081 constitueriti
832 1053 860 1076 et
880 1049 953 1075 illum

166 1097 272 1131 quidem
288 1096 319 1122 ad
336 1096 395 1127 hoc,
413 1095 483 1122 hunc
496 1103 559 1122 vero
574 1095 606 1122 ad
629 1094 693 1121 illud
714 1094 841 1129 posuerit.
855 1094 954 1121 Exem-

168 1142 203 1177 pli
217 1149 295 1169 causa
311 1141 446 1176 apostolus
461 1146 502 1168 est
521 1148 568 1167 vas
582 1141 700 1168 omnium
724 1141 844 1174 corporis
859 1141 954 1175 pracci-

168 1196 259 1223 puum,
272 1188 306 1215 ab
321 1188 379 1222 ipso
405 1188 493 1215 omnia
513 1188 658 1222 accipiens.
684 1188 861 1220 Quamobrem
886 1193 953 1214 tam—

168 1243 246 1269 quam
263 1243 310 1269 per
323 1241 405 1261 venas
418 1240 444 1261 et
458 1235 578 1266 arterias,
596 1235 669 1261 verbi
692 1235 810 1268 inquam,
835 1234 899 1261 facit
922 1234 956 1261 ad

168 1288 262 1308 omnes
286 1288 395 1308 currere
417 1281 496 1307 vitam
520 1286 657 1307 :ctcrnam.
680 1281 814 1315 Propheta
837 1280 957 1314 praedicit

170 1327 269 1358 futura,
284 1331 311 1353 et
331 1326 388 1361 ipse
414 1326 506 1353 eadem
526 1326 650 1353 adstruit.
668 1327 699 1353 Et
714 1327 757 1353 ille
778 1326 884 1361 quidem
896 1334 956 1352 ossa

168 1373 322 1408 componit;
337 1373 394 1407 ipse
408 1373 447 1400 eis
458 1372 537 1399 vitam
552 1373 714 1407 suppeditat.
730 1373 768 1400 Ad
780 1373 957 1408 perfectionem

169 1425 323 1452 sanctorum,
333 1420 366 1446 ad
379 1428 442 1454 apus
454 1420 597 1447 ministerii.
612 1420 715 1447 Caritas
733 1421 846 1447 aadiﬁcat
858 1425 884 1447 et
900 1420 956 1447 efﬁ‘

170 1468 206 1494 cit
220 1471 249 1494 ut
264 1467 333 1493 inter
348 1474 378 1493 se
391 1467 618 1500 conglutinentur,
634 1467 839 1500 compingantur
851 1471 878 1493 et
892 1474 957 1492 con-

168 1514 323 1548 jungantur.
339 1512 367 1540 Si
379 1513 501 1540 volumus
515 1520 579 1547 ergo
596 1513 645 1539 frui
659 1513 754 1546 spiritu
777 1513 819 1547 qui
840 1512 960 1546 procedit

171 1568 186 1586 a
208 1559 304 1594 capite,
318 1559 386 1586 alter
407 1559 484 1585 alteri
509 1559 705 1585 adltzcreamus.
728 1558 794 1585 Nam
817 1558 876 1584 dum
897 1562 959 1584 sunt

171 1608 316 1634 divisiones
344 1614 359 1633 a
387 1613 499 1640 corpore
530 1606 730 1637 ecclesiastico;
757 1614 808 1631 una
830 1604 957 1639 quidem,

174 1652 279 1687 quando
294 1651 476 1679 refrixerimus
493 1651 517 1678 in
531 1651 642 1679 caritate
655 1660 661 1683 ;
676 1650 791 1678 secunda
806 1656 893 1677 autent
908 1657 959 1684 qua

171 1698 231 1725 ausi
246 1697 373 1724 fuerimus
393 1705 424 1724 ea
444 1698 531 1724 facere
541 1718 547 1729 ,
562 1705 622 1731 qua:
637 1701 698 1723 sunt
713 1696 818 1731 indigna
836 1700 864 1722 ut
876 1697 960 1723 simus

173 1745 199 1772 in
211 1745 257 1772 illo
266 1752 379 1779 corpore
393 1752 400 1776 ;
416 1749 527 1778 utroque
545 1744 615 1770 enitn
632 1743 711 1770 modo
734 1751 782 1770 nos
805 1750 960 1778 separamus

173 1799 187 1817 a
199 1791 278 1825 pleno
291 1791 337 1818 illo
352 1796 494 1817 conventu.
510 1790 586 1823 Quod
602 1790 624 1817 si
635 1790 757 1817 collocati
772 1797 803 1817 ac
822 1791 960 1817 constituti

173 1844 265 1863 sumus
278 1841 305 1863 ut
315 1836 382 1863 alios
397 1836 429 1863 ad
445 1837 494 1862 ltoc
509 1836 682 1869 azdiﬁcemus,
692 1836 736 1870 qui
751 1836 823 1870 prius
837 1836 961 1863 scindunt

172 1882 235 1916 quid
250 1890 301 1909 nun
317 1881 471 1916 patientur?
484 1882 553 1909 Nihil
565 1881 712 1909 Ecclesium
727 1890 802 1917 alque
818 1887 905 1915 potest
921 1882 962 1909 di-

173 1928 273 1960 videre,
291 1933 319 1954 ut
330 1928 440 1954 atttbitio
455 1933 481 1954 et
501 1936 577 1955 amor
591 1928 693 1961 itnperii
714 1932 739 1955 et
753 1927 864 1962 gerendi
880 1928 962 1962 magi-

172 1979 272 2000 stratus
287 1982 294 2000 :
307 1974 372 2000 nihil
387 1974 469 2001 Deum
484 1981 560 2008 teque
573 1974 660 2000 irritat
673 1978 751 2008 atque
770 1973 882 2001 divisam
902 1981 962 2000 esse

174 2019 331 2047 Ecclesium.
358 2020 467 2047 Etiamsi
494 2019 562 2047 bona
585 2019 727 2046 fecerimus
747 2019 959 2051 innumerabilia,

175 2074 229 2092 non
255 2066 383 2096 minores,
407 2073 486 2100 quant
513 2066 557 2100 qui
584 2066 643 2100 ejus
668 2073 765 2100 corpus
788 2065 960 2097 discindunt,

176 2119 268 2145 pinnas
283 2112 416 2144 dabitnus,
431 2112 476 2146 qui
492 2112 598 2146 plettuttt
621 2112 830 2139 ecclesiasticum
843 2119 961 2138 conven-

176 2164 232 2185 tum
245 2158 454 2185 conscindimus.
468 2158 535 2185 Nam
551 2158 616 2185 illud
632 2159 740 2193 quidem
756 2159 854 2185 factum
875 2164 916 2185 est
929 2158 961 2184 ad

176 2204 279 2231 lucrum
291 2204 364 2231 orbis
378 2208 520 2236 terrarum,
541 2205 590 2231 etsi
605 2212 656 2231 non
671 2212 703 2231 eo
716 2206 805 2231 anitno
822 2214 828 2230 ε
842 2204 892 2231 hoc
916 2212 964 2231 au-

176 2254 230 2277 tem
239 2250 337 2277 nullam
351 2258 462 2285 nsquam
474 2250 552 2277 habet
563 2251 714 2282 utilitatem,
727 2251 773 2277 sed
786 2259 817 2277 ex
831 2258 863 2277 eo
874 2250 964 2277 damni

175 2301 218 2323 est
231 2297 383 2330 plurimum.
400 2297 462 2324 Haac
476 2305 490 2323 a
506 2305 548 2324 tne
563 2297 633 2325 dicta
657 2303 720 2324 sunt
743 2305 795 2323 non
820 2298 905 2324 solum
927 2298 958 2323 ad

176 2350 225 2369 eos
237 2342 281 2376 qui
296 2347 390 2377 gerunt
406 2343 584 2377 magistratus,
609 2344 655 2370 sed
674 2345 753 2369 etiam
767 2343 799 2370 ad
814 2351 860 2370 cos
874 2344 916 2378 qtti
933 2344 966 2370 ab

178 2388 232 2416 illis
245 2394 385 2423 reguntur.
404 2389 474 2416 Dixit
489 2394 578 2417 autent
592 2390 633 2417 vir
646 2390 752 2425 quidam
768 2396 875 2417 sanctus
887 2391 961 2425 quid-

177 2434 250 2465 dam.
264 2435 335 2469 quod
351 2443 472 2470 n'tagnam
488 2444 542 2471 prze
555 2444 585 2463 se
600 2437 650 2464 fert
663 2438 811 2468 audaciam,
822 2437 866 2464 sed
878 2442 965 2464 tamen

178 2485 221 2507 est
233 2480 385 2515 eloquutus.
401 2481 470 2514 Quid
487 2482 536 2509 hoc
551 2487 593 2509 est
605 2487 692 2509 autem
705 2483 716 2507 ’ἰ
728 2483 798 2510 Dixit
814 2491 846 2509 ne
858 2484 966 2516 sangui—

178 2534 240 2553 nem
254 2527 361 2562 quidem
382 2527 502 2563 martyrii
527 2536 606 2562 posse
628 2529 717 2555 delere
744 2530 793 2556 hoc
817 2535 965 2563 peccatum.

179 2572 244 2599 Nam
259 2573 301 2599 dic
323 2573 398 2604 mihi,
414 2581 556 2608 quamnam
571 2575 605 2601 ob
618 2582 724 2601 causam
740 2583 769 2602 es
784 2576 900 2611 martyr?
919 2584 967 2603 an-

180 2626 234 2644 non
250 2625 359 2652 propter
371 2618 469 2645 Christi
484 2619 619 2653 gloriam?
634 2620 682 2653 Qui
708 2628 756 2654 pro
778 2621 885 2647 Christo
906 2622 967 2648 ani-

180 2674 251 2692 mam
270 2666 391 2700 posuisti,
419 2667 481 2701 quid
510 2668 644 2702 popularis
669 2668 828 2699 Ecclesiam.
852 2677 900 2703 pro
915 2677 966 2700 qua

179 2713 303 2741 Christus
317 2721 391 2741 suam
404 2714 521 2748 profudit
545 2714 683 2741 animam?
703 2715 771 2742 Audi
795 2715 904 2742 Paulum
928 2716 967 2742 di-

179 2765 297 2791 centem,
315 2759 375 2786 Non
388 2768 443 2786 sum
457 2760 548 2794 dignus
568 2768 651 2787 vocari
664 2762 794 2793 apostolus
805 2783 812 2794 ,
826 2762 869 2795 qui
884 2770 968 2796 perse—

180 2810 271 2839 quutus
281 2813 337 2831 sum
353 2805 491 2832 Ecclesium
506 2805 553 2832 Dei
565 2806 603 2841 (l.
618 2807 676 2834 Cor.
693 2807 732 2833 15.
747 2807 785 2838 9),
797 2812 824 2834 et
837 2815 894 2834 eam
910 2816 968 2835 sum

179 2850 365 2885 depopulatus.
378 2851 434 2878 Non
450 2857 490 2879 est
503 2852 553 2879 hoc
567 2853 654 2879 minus
668 2852 794 2880 damnum
806 2862 886 2889 quant
896 2854 966 2889 quod

180 2897 291 2925 adertur
316 2897 350 2925 ab
376 2897 499 2931 inimicis,
523 2898 570 2926 sed
592 2900 676 2927 multo
702 2899 798 2935 majus.
825 2900 889 2929 Nam
905 2901 968 2929 illud

334 2952 464 2983 Parant.
485 2951 543 2982 Gn.
566 2950 661 2983 LXII.

1004 214 1111 250 quidem
1123 222 1182 243 eam
1197 216 1279 244 efﬁcit
1290 216 1449 248 clariorem;
1463 215 1514 244 hoc
1528 221 1617 244 autem
1628 215 1711 244 etiam
1723 215 1793 250 apud

1004 262 1128 290 inimicos
1140 270 1200 290 eam
1214 262 1314 298 probro
1328 270 1361 290 ac
1371 263 1504 291 dedecore
1516 262 1615 294 afﬁcit,
1630 261 1739 297 quando
1751 262 1793 289 sui

1001 309 1049 336 ﬁlii
1063 317 1122 337 eam
1136 309 1207 338 bello
1221 314 1359 345 appetunt.
1376 309 1488 337 Videtur
1502 309 1574 337 enim
1594 316 1721 344 magnum
1733 315 1794 335 esse

1004 355 1105 384 fraudis
1118 356 1245 384 indicium
1256 356 1326 391 apud
1340 363 1401 388 eos,
1416 355 1487 391 quod
1499 355 1546 390 qtti
1568 354 1595 382 in
1618 361 1649 381 ea
1662 357 1725 381 sunt
1737 353 1795 381 nati

1003 407 1031 430 et
1042 402 1147 431 educati
1171 406 1199 430 et
1216 403 1275 438 ejus
1296 410 1393 431 arcana
1419 407 1515 430 exacte
1541 401 1703 432 didicerunt,
1720 399 1795 428 11η-

1004 454 1084 483 pente
1098 449 1202 483 mutati,
1218 454 1352 485 tamquam
1366 449 1467 477 inimici
1480 449 1508 476 in
1517 456 1579 477 eam
1594 447 1755 475 sintaﬂecti.

1040 496 1067 524 5.
1088 496 1175 523 Haeca
1190 504 1232 523 tne
1245 496 1315 523 dicta
1335 496 1389 523 sint
1409 496 1443 523 ad
1462 503 1520 529 eos,
1534 495 1579 530 qui
1594 502 1624 522 se
1637 493 1740 521 dedunt
1754 492 1797 520 in-

1004 540 1207 569 discriminatim
1227 541 1270 574 iis,
1291 541 1337 577 qui
1351 541 1477 569 scindunt
1500 540 1661 569 Ecclesiam.
1684 539 1751 567 Nam
1770 538 1795 566 si

1004 587 1128 622 dogmata
1143 587 1251 623 quidem
1264 587 1365 615 habent
1388 587 1534 619 contraria,
1551 586 1593 614 vel
1609 589 1719 621 propter
1742 584 1795 612 hoc

1005 632 1092 667 ipsum
1103 640 1157 660 non
1171 633 1350 662 conveniebat
1361 640 1422 661 eum
1438 633 1491 661 illis
1501 632 1608 666 misceri
1624 642 1631 660 :
1646 631 1689 659 sin
1703 635 1794 659 autem

1005 679 1098 707 eadem
1112 679 1241 713 sentiunt,
1255 679 1341 707 multo
1364 679 1459 714 magis.
1478 678 1585 713 Quare?
1606 677 1738 712 Quoniam
1752 680 1796 704 est

1005 727 1115 754 morbus
1129 726 1281 754 ambitionis
1294 731 1321 753 et
1332 725 1432 756 amoris
1447 725 1550 761 imperii
1571 729 1599 753 et
1611 724 1793 759 magistratus.

1004 773 1119 801 Nescitis
1129 773 1191 808 quid
1201 774 1274 809 passi
1282 773 1430 804 suntCore.
1442 773 1545 800 Dathan
1555 777 1583 800 et
1593 772 1693 799 Abit-on
1704 771 1716 797 Ἰ
1732 776 1795 796 num

1006 821 1055 855 ipsi
1072 821 1143 848 soli?
1157 829 1246 848 annon
1259 821 1338 848 etiam
1354 821 1372 848 ii
1386 820 1431 856 qui
1451 825 1529 848 erant
1550 828 1611 848 cttm
1626 820 1712 854 ipsis?
1726 817 1796 852 Quid

1006 867 1090 894 dicis?
1105 867 1198 895 cadent
1213 872 1256 895 est
1271 867 1347 899 fides,
1369 867 1406 894 illi
1426 874 1533 902 qttoque
1554 871 1617 893 sunt
1635 864 1797 893 orthodoxi?

1006 921 1055 941 cur
1077 921 1141 949 ergo
1167 921 1218 940 non
1239 918 1301 940 sunt
1325 913 1485 941 nobiscum?
1499 912 1571 940 Unus
1591 911 1731 942 Dominus,
1745 918 1798 937 una

1007 959 1169 994 ﬁdes,unum
1191 959 1324 994 baptisma.
1349 958 1377 987 Si
1402 966 1445 986 res
1466 958 1573 986 illorutn
1589 961 1662 985 recte
1678 957 1796 988 habent,

1007 1010 1106 1033 nostrae
1121 1007 1206 1040 male;
1221 1007 1245 1035 si
1263 1015 1308 1036 res
1329 1012 1429 1035 nostra:
1442 1007 1521 1040 bene,
1538 1013 1581 1034 res
1595 1006 1701 1033 illorum
1714 1003 1795 1031 male.

1008 1052 1125 1087 Parvuli,
1135 1053 1229 1088 inquit,
1241 1055 1402 1089 ﬂuctuantes,
1414 1059 1437 1081 et
1449 1053 1493 1089 qui
1506 1053 1719 1088 circumferuntur
1728 1051 1799 1078 omni

1009 1104 1091 1126 vento.
1105 1100 1315 1130 Existimatisne.
1327 1108 1428 1135 qureso,
1444 1100 1568 1127 Sufﬁcere
1577 1100 1599 1126 si
1608 1099 1713 1127 dicatttr
1726 1098 1799 1134 quod

1009 1145 1063 1172 sint
1076 1145 1218 1172 orthodoxi
1231 1165 1238 1177 ,
1254 1151 1346 1181 pereat
1358 1151 1448 1173 autem
1469 1150 1498 1173 et
1512 1145 1628 1172 intereat
1641 1144 1775 1172 ordinatio
1786 1144 1799 1171 Y

1011 1190 1114 1225 thniul
1130 1195 1242 1225 prosunt
1265 1191 1327 1222 alia,
1344 1191 1365 1218 si
1379 1199 1410 1220 ea
1431 1199 1484 1218 non
1505 1191 1540 1218 sit
1564 1195 1658 1219 exacta
1678 1195 1705 1218 et
1718 1197 1799 1217 accu-

1010 1241 1067 1263 rata
1078 1237 1089 1263 ἳ
1099 1236 1175 1264 Sicut.
1188 1237 1259 1264 enim
1275 1245 1322 1272 pro
1338 1237 1400 1269 ﬁde,
1414 1238 1450 1265 ita
1463 1238 1544 1264 etiam
1559 1245 1609 1271 pro
1622 1236 1672 1264 hac
1679 1243 1800 1271 pugnan-

1009 1281 1072 1309 dum
1082 1286 1134 1309 est.
1147 1281 1213 1309 Nam
1228 1282 1251 1309 si
1266 1282 1374 1310 cuilibet
1399 1283 1461 1310 licet
1481 1290 1544 1310 suas
1561 1282 1672 1317 implere
1692 1288 1799 1313 manus,

1010 1331 1040 1354 ut
1060 1327 1184 1355 dicebant
1207 1332 1322 1360 veteres,
1351 1332 1378 1356 et
1402 1328 1460 1356 ﬁeri
1483 1327 1647 1361 sacerdotes,
1671 1327 1802 1355 accedant

1011 1381 1125 1401 omnes:
1140 1373 1237 1401 frustra
1258 1373 1308 1401 fuit
1328 1374 1387 1401 hate
1410 1382 1456 1402 ara
1479 1373 1620 1406 aediﬁcata,
1647 1374 1745 1401 frustra
1757 1378 1802 1402 est

1012 1419 1107 1454 plenus
1120 1420 1247 1447 Ecclesiae
1261 1424 1421 1452 conventus,
1450 1419 1547 1448 frustra
1571 1424 1612 1447 est
1630 1419 1801 1448 sacerdotum

1012 1473 1138 1493 numerus
1155 1474 1162 1492 :
1176 1473 1208 1494 ea
1222 1466 1256 1493 de
1268 1466 1357 1494 medio
1370 1466 1494 1493 tollamus
1506 1471 1534 1494 et
1546 1466 1698 1501 perdamus.
1711 1465 1799 1499 Absit,

1012 1511 1107 1547 inquit.
1125 1511 1180 1539 Vos
1191 1512 1248 1539 haec
1261 1511 1318 1547 ipsa
1337 1512 1443 1544 facitis;
1459 1516 1488 1539 et
1506 1511 1604 1544 dicitis,
1627 1512 1721 1539 Absit?
1734 1519 1803 1547 quo-

1012 1558 1092 1586 modo
1105 1558 1183 1591 dicis,
1204 1558 1293 1591 Absit.
1317 1565 1378 1585 cum
1400 1559 1457 1593 ipsa
1482 1559 1549 1586 facta
1563 1558 1639 1586 sint?
1662 1558 1721 1594 Ego
1744 1558 1803 1586 haec

1012 1604 1073 1631 dico
1087 1608 1114 1631 ct
1126 1603 1264 1636 testiﬁcor,
1279 1611 1333 1631 non
1347 1609 1471 1639 spectans
1484 1604 1511 1631 id
1525 1603 1595 1639 quod
1606 1611 1664 1632 mea
1678 1604 1802 1637 interest,

1012 1650 1060 1678 sed
1072 1656 1189 1678 vestram
1203 1650 1318 1678 salutem
1332 1658 1339 1676 :
1353 1650 1376 1677 si
1397 1650 1458 1685 quis
1477 1650 1513 1677 sit
1531 1649 1576 1685 qui
1589 1654 1661 1684 putet
1677 1649 1743 1676 nihil
1757 1657 1803 1677 re-

1012 1697 1094 1728 ferre.
1108 1697 1165 1731 ipse
1175 1697 1291 1730 viderit;
1307 1697 1329 1724 si
1341 1696 1385 1724 cui
1395 1701 1485 1724 autem
1496 1704 1528 1724 ex
1541 1696 1583 1724 his
1597 1704 1650 1724 non
1665 1700 1708 1724 est
1719 1703 1802 1729 curae,

1013 1746 1041 1769 at
1053 1742 1131 1769 nobis
1140 1747 1182 1770 est
1198 1751 1206 1769 :
1223 1742 1276 1777 Ego
1292 1742 1414 1777 plautaui,
1429 1742 1524 1776 inquit,
1541 1742 1742 1776 Apouorigaoit,
1756 1743 1801 1769 sed

1014 1788 1084 1815 Deus
1099 1788 1168 1815 dedit
1180 1788 1362 1815 incrementum
1385 1788 1422 1825 (1.
1437 1788 1498 1816 Cor.
1509 1788 1537 1816 3.
1558 1788 1597 1824 6).
1612 1788 1752 1822 Quomodo
1766 1788 1806 1816 fe-

1014 1842 1105 1862 remus
1119 1834 1273 1862 Graecorum
1289 1834 1372 1862 risutn
1386 1839 1414 1862 et
1427 1834 1570 1862 ludibrium
1583 1835 1595 1861 τ
1609 1834 1675 1863 Nam
1689 1835 1712 1862 si
1725 1835 1803 1862 nobis

1013 1881 1120 1908 crimini
1144 1880 1209 1908 dant
1233 1881 1361 1914 haereses,
1384 1880 1419 1908 de
1433 1881 1476 1908 his
1497 1881 1561 1916 quid
1581 1888 1635 1908 non
1650 1880 1761 1909 dicent?
1775 1881 1804 1909 Si

1014 1927 1109 1954 eadem
1121 1931 1185 1954 sunt
1198 1927 1334 1962 dogmata,
1346 1927 1369 1954 si
1382 1926 1478 1956 eadem
1491 1926 1630 1962 mysteria,
1644 1934 1759 1962 quanam
1771 1927 1805 1954 de

1014 1982 1094 2002 causa
1109 1974 1179 2001 alius
1192 1978 1282 2002 rector
1304 1973 1384 2001 aliam
1400 1973 1503 2001 invadit
1516 1973 1686 2001 Ecclesium?
1699 1973 1804 2004 Videte.

1016 2021 1149 2055 inquiunt,
1165 2019 1236 2055 quod
1248 2027 1293 2048 res
1303 2026 1400 2047 omnes
1411 2019 1626 2048 Christianorum
1639 2019 1727 2054 plenae
1741 2024 1806 2046 sunt

1017 2067 1089 2095 inani
1099 2067 1205 2102 gloria?
1219 2067 1291 2102 quod
1301 2067 1412 2094 ambitio
1426 2066 1494 2102 apud
1508 2074 1565 2099 eos,
1582 2065 1654 2093 fraus
1667 2065 1780 2094 etdolns
1795 2066 1807 2091 ?

1016 2111 1110 2140 Adime
1123 2114 1173 2145 eis,
1183 2114 1314 2149 inquiunt,
1324 2112 1531 2145 multitudinem,
1538 2111 1664 2140 exscinde
1670 2111 1805 2144 morbum,

1016 2164 1044 2186 et
1056 2160 1140 2187 tut-bat
1158 2159 1369 2195 corruptionem,
1397 2163 1424 2187 et
1443 2158 1511 2186 nihil
1525 2162 1597 2185 sunt.
1617 2157 1704 2185 Vultis
1717 2156 1805 2184 dicam

1016 2213 1076 2240 qum
1089 2204 1179 2232 dicunt
1192 2205 1226 2232 de
1239 2209 1329 2232 nostra
1344 2204 1473 2232 civitate?
1484 2202 1620 2238 quomodo
1631 2210 1680 2230 nos
1693 2207 1808 2237 arguunt

1017 2251 1051 2278 de
1067 2251 1148 2278 nimia
1160 2250 1307 2278 facilitate?
1318 2250 1400 2283 Licet,
1418 2249 1549 2285 inquiunt,
1558 2249 1643 2276 cuivis
1653 2248 1752 2276 volenti
1767 2249 1808 2275 in-

1017 2297 1109 2324 venire
1119 2297 1164 2331 qtti
1179 2296 1389 2331 persuadeantur
1401 2300 1428 2323 et
1438 2295 1567 2328 credant;
1582 2301 1632 2322 nec
1644 2294 1661 2322 ii
1677 2301 1803 2329 umquam

1018 2343 1161 2371 defuerint.
1174 2342 1197 2369 Ο
1209 2350 1265 2369 rem
1279 2342 1417 2370 ridiculam
1429 2342 1435 2368 l
1456 2341 1595 2375 Quodnam
1608 2346 1649 2369 est
1662 2343 1714 2369 hoc
1725 2339 1808 2368 dede-

1019 2390 1087 2417 cus?
1099 2389 1151 2417 Sed
1165 2394 1207 2417 est
1220 2389 1292 2416 aliud
1316 2396 1423 2424 quoque
1442 2389 1595 2422 ridiculunt,
1610 2393 1637 2416 et
1657 2388 1729 2416 aliud
1743 2396 1808 2423 pro-

1022 2436 1097 2463 brum
1122 2443 1155 2463 ac
1167 2436 1294 2463 dedecus.
1319 2436 1349 2463 Si
1363 2436 1407 2471 qui
1422 2444 1454 2463 ex
1477 2436 1554 2463 nobis
1577 2435 1692 2463 convicti
1716 2442 1806 2463 rerum

1018 2482 1247 2517 turpissimarum,
1263 2482 1318 2509 sint
1329 2482 1445 2517 aliquam
1460 2489 1566 2516 penam
1578 2481 1677 2514 daturi,
1693 2487 1807 2516 magnus

1021 2533 1063 2556 est
1086 2534 1196 2562 tremor,
1211 2535 1322 2563 magnus
1336 2529 1455 2563 undique
1468 2535 1559 2563 pavor,
1584 2527 1624 2554 Ne
1637 2527 1748 2558 resiliat,
1765 2526 1807 2552 in-

1021 2576 1089 2610 quit,
1112 2581 1139 2602 et
1162 2575 1303 2608 desciscat,
1320 2583 1355 2603 ne
1367 2579 1421 2602 stet
1441 2582 1502 2602 cum
1519 2572 1580 2605 illis.
1597 2574 1692 2601 Millies
1707 2572 1810 2600 resiliat

1021 2629 1053 2649 ac
1075 2621 1182 2649 deficiat
1205 2625 1230 2649 et
1257 2621 1365 2649 sitcum
1379 2621 1441 2653 illis,
1454 2629 1506 2648 non
1519 2620 1592 2652 dico,
1607 2620 1630 2647 si
1643 2620 1702 2655 quis
1724 2619 1760 2646 sit
1773 2626 1807 2647 ex

1022 2669 1055 2696 iis
1075 2668 1120 2703 qui
1142 2672 1298 2704 peccarunt,
1320 2667 1367 2695 sed
1389 2668 1438 2695 etsi
1463 2668 1523 2702 quis
1545 2668 1580 2694 sit
1605 2667 1671 2694 nulli
1699 2671 1807 2701 peccato

1022 2716 1155 2743 obnoxius
1169 2720 1198 2743 et
1207 2716 1265 2743 vult
1279 2715 1406 2747 deﬁcere,
1421 2714 1537 2742 deﬁciat.
1551 2713 1616 2741 Nam
1634 2721 1685 2748 ego
1699 2713 1806 2747 quidem

1022 2762 1100 2790 doleo
1114 2767 1142 2789 et
1156 2761 1243 2789 deﬂeo
1264 2766 1292 2789 et
1311 2762 1408 2796 plango
1420 2766 1447 2788 et
1468 2760 1616 2788 visaeribus
1635 2759 1765 2791 dissecor,
1781 2764 1810 2786 ut

1022 2810 1066 2843 qui
1082 2810 1172 2843 priver
1196 2809 1304 2844 proprio
1331 2808 1468 2840 membro;
1491 2808 1537 2834 sed
1553 2815 1605 2834 nun
1630 2806 1667 2834 ita
1690 2806 1769 2834 doleo
1783 2810 1811 2833 ut

1023 2860 1133 2890 propter
1154 2860 1253 2884 ntetum
1280 2863 1361 2891 cogar
1382 2855 1482 2891 aliquid
1505 2854 1594 2882 faecre
1616 2852 1686 2881 haud
1709 2860 1808 2881 convc-

1025 2909 1111 2929 utens.

1586 2945 1607 2976 ϐ
