4060 6400
422 860 429 913 l

442 345 525 407 ἮἺ

528 465 918 536 Chrysostomus
959 455 1201 513 doctrina:
1235 453 1371 507 verbi
1414 452 1706 521 praefectus.
1753 441 2040 498 Ecclesium

458 535 687 613 scindere
712 571 813 608 non
837 551 1004 606 minus
1020 557 1093 604 est
1122 547 1311 601 malum
1340 558 1492 614 quam
1518 538 1741 594 incidere
1776 537 1832 589 in
1877 535 2036 587 lucre-

454 651 571 703 sim.
605 677 676 689 -—
704 646 819 701 Non
853 643 1197 698 dominamur
1224 645 1417 691 vestra:
1457 631 1602 694 fidei,
1632 646 1668 686 ο
1704 626 1910 691 dilecti,
1942 638 2041 679 nec

456 738 659 794 domini
707 750 858 791 more
886 733 1003 787 haec
1029 732 1355 800 imperamus
1384 742 1397 779 :
1425 722 1684 779 doctrina:
1724 718 1873 775 verbi
1904 732 2040 787 prae-

456 834 577 889 fecti
605 845 791 887 sumus
822 846 836 882 :
869 842 974 882 non
1020 832 1107 881 est
1148 831 1324 877 autem
1372 818 1530 873 nobis
1559 814 1844 870 mandatus
1870 810 2035 879 magi-

457 934 677 990 stratus,
732 937 831 977 nec
855 921 977 974 data
1019 913 1348 972 auctoritas:
1382 908 1807 966 consiliariorum
1852 905 2039 957 admo-

457 1018 698 1074 nentium
732 1017 905 1069 locum
934 1020 1198 1066 tenemus.
1242 1005 1590 1062 Consiliarius
1617 1000 1747 1055 dicit
1783 1012 1902 1069 quas
1926 1012 1957 1051 a
1983 1010 2043 1053 se

458 1112 773 1180 procedunt,
822 1123 928 1162 non
967 1104 1338 1161 necessitatem
1389 1100 1621 1155 allerens
1648 1095 1878 1152 auditori
1906 1112 1920 1159 ;
1946 1092 2041 1148 sed

458 1206 512 1260 in
539 1205 658 1275 ejus
688 1209 952 1273 potestate
974 1199 1193 1254 dimittit
1220 1207 1277 1250 ut
1302 1194 1543 1249 facienda
1574 1192 1871 1262 eligatquze
1899 1187 2040 1242 dicta

458 1304 586 1351 sunt
612 1313 625 1349 :
654 1293 825 1364 culpa:
847 1300 960 1347 tum
981 1290 1154 1345 solum
1185 1295 1270 1343 est
1299 1286 1583 1350 obnoxius,
1629 1283 1674 1337 si
1707 1297 1812 1336 non
1845 1279 2043 1334 dixerit

458 1404 579 1459 quae
608 1389 657 1444 ei
683 1396 808 1442 sunt
826 1384 1134 1442 commissa.
1161 1380 1287 1436 Ideo
1310 1378 1425 1433 haec
1455 1377 1700 1435 dicimus,
1735 1374 1849 1428 haec
1874 1370 2043 1442 loqui-

458 1498 602 1548 mur,
650 1495 719 1536 ne
766 1478 857 1533 illo
902 1476 991 1531 die
1041 1476 1200 1530 liceat
1248 1470 1401 1526 vobis
1444 1469 1643 1531 dicere,
1691 1465 1862 1521 Nemo
1889 1462 2043 1518 nobis

457 1576 612 1639 dixit,
636 1588 796 1629 nemo
822 1569 1096 1641 explicuit,
1130 1565 1512 1636 ignoravimus,
1533 1561 1734 1615 nullum
1764 1556 2041 1613 existima-

457 1670 632 1723 vimus
678 1679 799 1720 esse
848 1671 1146 1733 peccatum.
1176 1659 1465 1727 Propterea
1512 1652 1635 1709 dico
1663 1662 1719 1707 et
1748 1658 2038 1723 protestor,

460 1759 756 1815 Ecclesium
806 1754 1055 1811 scindere
1087 1768 1192 1806 non
1235 1750 1415 1805 minus
1457 1762 1579 1802 esse
1627 1746 1849 1810 malum,
1882 1758 2040 1814 quam

460 1852 697 1907 incidere
728 1850 779 1904 in
809 1847 1078 1902 haeresim.
1111 1844 1204 1904 Dic
1225 1841 1430 1902 mihi,si
1458 1839 1577 1910 quis
1600 1837 1883 1908 alicuiregi
1909 1836 2043 1891 sub-

454 1946 649 2011 jectus,
695 1940 761 1997 ad
806 1940 965 1995 alium
1013 1936 1227 2007 quidem
1277 1948 1385 1987 non
1424 1929 1700 1995 defecerit,
1759 1942 1933 1997 neque
1983 1939 2042 1981 se

458 2036 617 2091 alicui
648 2033 757 2103 regi
784 2029 1069 2093 dediderit,
1100 2026 1193 2082 sed
1226 2025 1367 2079 illius
1392 2030 1665 2093 acceptam
1693 2027 1747 2075 et
1772 2018 2040 2074 detentum

458 2140 747 2197 purpuram
776 2139 805 2177 a
829 2122 990 2177 fibula
1022 2130 1186 2175 totam
1216 2117 1515 2176 demiserit,
1549 2123 1604 2169 et
1632 2114 1685 2168 in
1733 2113 1898 2167 multa
1932 2109 2042 2164 fra-

459 2225 672 2288 gmenta
702 2212 1014 2281 disruperit,
1059 2225 1125 2264 an
1161 2209 1339 2263 minus
1366 2207 1618 2276 punietur
1660 2219 1819 2275 quam
1855 2202 1945 2272 qui
1975 2201 2041 2255 ad

459 2308 688 2362 alterum
736 2301 1093 2359 defecerunt?
1120 2299 1258 2367 Quid
1302 2313 1452 2363 vero,
1508 2297 1554 2350 si
1591 2296 1810 2365 insuper
1867 2295 2042 2364 ipsum

458 2411 671 2468 quoque
720 2409 903 2464 regem
949 2392 1135 2464 jugulo
1197 2391 1590 2460 apprehensum
1643 2387 2041 2449 interemisset,

460 2487 799 2543 membratim
820 2484 1132 2553 discerpens
1161 2481 1277 2553 ejus
1304 2494 1522 2549 corpus,
1568 2493 1827 2549 quasnam
1858 2492 2042 2546 poenas

459 2578 696 2634 dedisset
723 2591 821 2648 pro
847 2572 1098 2631 meritis?
1125 2571 1181 2628 Si
1202 2580 1381 2626 autem
1408 2571 1497 2641 qui
1521 2570 1629 2641 regi
1655 2584 1916 2625 conservo
1944 2583 2045 2623 suo

461 2671 571 2726 hoc
590 2670 795 2732 fecerit,
825 2667 1028 2737 majora
1060 2664 1188 2720 fecit
1215 2678 1374 2732 quam
1408 2671 1465 2716 ut
1487 2677 1621 2732 quas
1668 2676 1766 2731 par
1806 2670 1889 2716 est
1915 2659 2045 2715 dare

459 2765 633 2835 possit
660 2776 881 2833 pennas;
912 2761 1003 2831 qui
1028 2758 1303 2814 Christum
1350 2757 1560 2827 jugulat
1604 2765 1659 2810 et
1709 2755 2044 2810 membratim

460 2855 701 2917 dilaniat,
730 2868 888 2924 quam
937 2866 1044 2906 non
1093 2849 1386 2905 merebitur
1429 2848 1771 2919 gehennam?
1815 2848 2043 2917 hancne,

462 2946 615 3014 cujus
667 2953 792 2999 sunt
832 2945 1107 2998 intentata:
1137 2940 1336 2996 minae?
1367 2940 1477 3010 Ego
1502 2939 1714 3009 quidem
1744 2954 1849 2994 non
1898 2939 2046 2993 arbi-

464 3047 600 3100 tror,
646 3036 741 3091 sed
786 3035 947 3089 aliam
997 3034 1153 3103 longe
1206 3032 1529 3101 graviorem.
1574 3030 1745 3085 Dicite
1786 3040 2048 3101 quotquot

463 3130 664 3185 adestis
705 3130 724 3200 (
754 3144 873 3183 nam
905 3143 1097 3197 magna
1122 3143 1189 3182 ex
1210 3135 1362 3196 parte
1390 3126 1491 3181 hoc
1520 3137 1603 3182 est
1634 3126 1888 3181 delictum
1931 3142 2049 3181 mu-

464 3220 735 3290 lierum),
792 3218 1105 3273 absentibus
1151 3226 1367 3271 narrate
1423 3217 1527 3272 hoc
1575 3217 1901 3287 exemplum,
1954 3232 2048 3272 eas

466 3320 687 3369 terrete.
733 3312 791 3366 Si
840 3312 932 3381 qui
975 3311 1288 3365 existimant
1318 3325 1405 3365 me
1429 3309 1617 3365 dolore
1647 3309 1867 3365 afficere
1893 3320 1948 3365 et
1970 3312 2050 3366 sic

465 3405 674 3471 ulcisci,
695 3404 865 3458 sciant
894 3418 953 3457 se
982 3401 1098 3458 htec
1125 3402 1320 3458 frustra
1372 3401 1569 3457 facere.
1610 3400 1742 3456 Nam
1773 3403 1817 3457 si
1844 3417 1942 3457 nos
1967 3402 2047 3457 vis

466 3494 671 3560 ulcisci,
700 3509 801 3564 ego
827 3493 919 3548 tibi
946 3491 1017 3548 do
1064 3492 1306 3560 modum,
1356 3508 1462 3563 quo
1503 3492 1707 3563 absque
1734 3492 1931 3548 damno
1959 3504 2050 3547 tuo

468 3589 653 3645 ulcisci
682 3589 891 3658 possis;
921 3590 1029 3643 imo
1058 3603 1189 3643 vero
1235 3603 1342 3643 non
1383 3588 1585 3658 absque
1625 3586 1823 3642 damno
1868 3587 2050 3642 ulcisci

470 3682 590 3750 quis
619 3689 817 3749 potest,
862 3690 918 3733 at
962 3678 1155 3733 saltem
1197 3693 1319 3734 cum
1365 3678 1561 3733 minori
1595 3678 1895 3749 :colaphos
1921 3678 2051 3735 mihi

472 3774 726 3843 impinge,
755 3787 994 3842 conspue
1021 3772 1076 3827 in
1100 3771 1316 3842 publico
1344 3786 1656 3839 occurrens,
1683 3783 1738 3827 et
1764 3772 1943 3843 plagas
1974 3771 2055 3825 in-

472 3865 617 3934 flige.

544 3956 600 4013 6.
639 3953 915 4010 llorrescis
962 3954 1077 4009 haec
1118 3953 1387 4009 audiens?
1432 3952 1712 4008 Horrescis
1754 3954 1798 4007 si
1842 3952 2052 4014 dixero.

473 4046 743 4117 Colaphos
785 4046 917 4101 mihi
960 4047 1195 4116 impinge
1234 4053 1335 4101 :et
1361 4045 1642 4100 Dominum
1675 4054 1821 4099 tuum
1849 4044 2054 4100 discer-

474 4138 581 4208 pis,
628 4152 731 4193 nec
768 4137 1087 4198 horrescis?
1135 4136 1375 4192 membra
1415 4135 1628 4191 Domini
1674 4135 1959 4202 dilaceras,
2005 4144 2060 4190 et

477 4247 585 4285 non
610 4231 1017 4285 contremiscis?
1038 4230 1277 4285 Ecclesia
1299 4238 1385 4284 est
1406 4228 1597 4283 domus
1625 4236 1869 4299 paterna,
1894 4224 2059 4283 unum

479 4336 697 4392 corpus,
727 4331 781 4377 et
807 4336 944 4377 unus
969 4321 1210 4391 spiritus.
1249 4319 1355 4376 Sed
1381 4320 1464 4375 vis
1490 4335 1578 4377 me
1605 4320 1788 4373 ulcisci
1814 4322 1838 4371 't
1869 4319 1946 4373 Ad
1978 4334 2063 4373 me

480 4431 650 4488 usque
689 4415 945 4472 consiste.
996 4414 1104 4470 Cur
1139 4429 1238 4485 pro
1286 4428 1373 4468 me
1416 4412 1690 4467 Christum
1736 4411 2063 4467 ulcisceris?

481 4509 591 4564 imo
616 4525 712 4563 cur
738 4508 994 4565 adversus
1019 4508 1201 4562 clavos
1226 4506 1508 4562 culcitras?
1537 4508 1712 4574 Atque
1737 4504 1921 4558 ulcisci
1948 4503 2067 4574 qui-

484 4600 607 4656 dem
644 4617 907 4673 nusquam
934 4610 1016 4656 est
1051 4602 1251 4656 bonum
1280 4614 1380 4655 nec
1411 4598 1697 4654 honestum
1730 4598 1942 4664 ;altero
1968 4612 2066 4651 au-
2099 4641 2103 4645 .

487 4701 595 4746 tem
630 4691 879 4761 iujuriam
908 4691 1156 4756 faciente,
1198 4691 1426 4745 alterum
1466 4690 1787 4744 contumelia
1826 4687 2064 4752 afﬁcere,

486 4792 575 4839 est
593 4783 751 4853 longe
778 4783 1013 4854 gravius.
1048 4782 1244 4854 lnjuria
1272 4797 1333 4838 es
1358 4796 1387 4835 a
1418 4782 1575 4837 nobis
1598 4780 1821 4835 affectus
1845 4781 1869 4833 ‘l
1892 4795 1987 4834 cur
2015 4779 2067 4834 ei

490 4889 551 4929 es
592 4875 852 4929 molestus
900 4875 988 4943 qui
1043 4874 1138 4929 tibi
1187 4888 1294 4929 non
1336 4872 1464 4928 fecit
1516 4870 1801 4939 iniuriam?
1850 4870 1952 4924 hoc
1987 4879 2071 4925 est

494 4977 752 5023 extrema:
782 4968 1024 5023 insaniae.
1066 4967 1181 5022 Non
1228 4981 1325 5037 per
1367 4966 1594 5021 ironiam
1633 4964 1755 5019 dico
1781 4963 1923 5033 quod
1951 4978 2069 5017 sum

491 5062 757 5127 dicturus,
786 5075 959 5131 neque
987 5070 1190 5117 temere
1208 5101 1226 5127 ,
1257 5058 1353 5115 sed
1379 5059 1450 5114 ita
1482 5066 1542 5112 ut
1567 5056 1740 5112 sentio
1767 5064 1820 5110 et
1845 5070 1961 5109 sum
1997 5055 2073 5108 af-

492 5152 663 5210 fectus
687 5170 701 5206 :
725 5152 917 5208 vellem
963 5165 1396 5222 unumquemque
1441 5163 1626 5204 eorum
1665 5148 1757 5218 qui
1799 5147 2071 5202 vobiscum

1208 336 1266 391 S.
1304 329 1579 391 JOANNIS
1615 319 2089 385 CHRYSOSTOMI
2117 318 2425 376 ABCHlEP.
2463 314 2997 377 CONSTANTINOP.

2147 435 2201 491 in
2238 451 2337 492 nos
2376 435 2616 492 ulcerato
2644 445 2770 491 sunt
2808 437 3024 503 animo,
3055 442 3111 490 et
3137 432 3292 489 nobis
3334 431 3475 487 male
3503 428 3724 493 volunt,

2145 538 2199 585 et
2224 540 2442 599 propter
2466 529 2610 585 hunc
2630 529 2785 584 Suum
2813 529 2976 584 animi
2993 528 3234 583 dolorem
3266 526 3473 598 seipsos
3502 525 3720 591 lardum,

2145 630 2202 677 et
2226 622 2334 676 alio
2359 623 2575 687 vadunt,
2605 622 2758 677 nobis
2785 623 2836 676 in
2870 624 2981 691 ipsa
3012 621 3147 677 facie
3174 622 3355 691 plagas
3380 618 3642 689 infligere,
3668 626 3727 673 et

2145 716 2374 769 nudatos
2396 713 2576 784 ﬂagris
2605 714 2813 769 caedere
2833 714 2946 768 sive
2969 714 3090 782 jure
3118 712 3232 766 sive
3259 710 3450 781 injuria
3476 725 3717 775 accuser,

2145 815 2200 859 et
2228 805 2359 860 iram
2408 806 2461 860 in
2492 821 2589 860 nos
2617 806 2906 861 immittere
2929 806 3118 882 potius
3157 819 3315 874 quam
3345 818 3406 858 ea
3435 818 3555 873 qum
3579 816 3722 857 nunc

2144 897 2344 952 audent
2382 897 2577 953 facere.
2609 897 2663 953 Si
2714 898 2815 952 hoc
2861 898 3011 952 fieret
3039 937 3055 962 ,
3102 897 3229 950 nihil
3271 904 3417 950 esset
3450 895 3721 950 hominem

2146 989 2296 1043 nihili
2325 999 2378 1043 et
2407 988 2606 1044 nullius
2634 989 3003 1043 aestimationis
3046 989 3159 1041 haec
3185 988 3316 1057 pati.
3352 987 3598 1056 Alioquin
3627 1002 3723 1040 au-

2146 1087 2252 1133 tem
2288 1094 2388 1148 ego
2442 1078 2633 1149 injuria
2672 1090 2728 1134 et
2753 1078 3075 1135 contumelia
3114 1078 3336 1133 affectus
3367 1078 3531 1132 Deum
3562 1092 3720 1146 roga-

2146 1187 2293 1237 rein,
2344 1180 2398 1226 et
2439 1182 2614 1226 vestra
2665 1181 2881 1241 peccata
2921 1171 3219 1225 remitteret
3261 1187 3275 1222 ε
3318 1184 3423 1224 non
3467 1170 3717 1239 quoniam

2147 1274 2345 1319 tantam
2377 1264 2546 1319 habeo
2575 1264 2846 1327 ﬁduciam,
2873 1263 2967 1318 sed
2998 1264 3249 1329 quoniam
3278 1264 3366 1333 qui
3391 1271 3475 1316 est
3500 1263 3719 1318 allectus

2146 1356 2358 1425 injuria,
2381 1355 2593 1426 quando
2624 1366 2777 1425 rogat
2808 1371 2906 1425 pro
2931 1370 2998 1410 eo
3022 1356 3109 1425 qui
3140 1354 3269 1409 fecit
3298 1353 3564 1424 injuriam,
3598 1369 3716 1408 ma-

2143 1463 2300 1518 gnam
2332 1447 2491 1503 habet
2535 1446 2803 1502 ﬁduciam.
2835 1446 2898 1501 Si
2935 1447 2986 1500 in
3017 1446 3290 1507 hominem,
3324 1446 3513 1515 inquit,
3541 1462 3720 1515 pecca-

2144 1542 2268 1594 uerit
2291 1541 2561 1611 quispiam,
2607 1539 2820 1594 orabunt
2862 1556 2956 1608 pro
2995 1539 3107 1607 ipso
3146 1539 3238 1607 (1.
3270 1539 3396 1609 Reg.
3420 1540 3474 1593 2.
3498 1539 3569 1595 25
3593 1539 3633 1610 ).
3659 1539 3717 1595 Si

2144 1643 2323 1688 autem
2354 1649 2459 1687 non
2499 1646 2713 1702 possem
2738 1646 2857 1702 ego,
2894 1630 3027 1685 alios
3054 1639 3269 1686 sanctos
3299 1646 3633 1701 quaererem,
3662 1638 3719 1685 et

2144 1740 2411 1795 rogarem,
2445 1734 2500 1778 et
2526 1723 2628 1778 hoc
2654 1722 2949 1778 efficerent.
2980 1721 3131 1776 Nunc
3160 1728 3336 1776 autem
3372 1728 3529 1791 quem
3559 1736 3717 1792 roga-

2144 1818 2321 1873 bimus
2344 1858 2360 1884 ,
2394 1817 2502 1873 Deo
2527 1832 2557 1871 a
2597 1816 2752 1872 nobis
2781 1815 2975 1871 affecto
3014 1814 3336 1869 contumelia
3364 1815 3389 1868 ?
3425 1814 3556 1869 Vide
3584 1817 3717 1869 inae-

2145 1912 2476 1983 qualitatem.
2498 1911 2573 1966 Ex
2593 1912 2656 1965 iis
2673 1910 2838 1976 enim,
2860 1911 2949 1981 qui
2973 1909 3088 1965 haec
3105 1909 3301 1964 faciunt
3326 1910 3377 1964 in
3407 1910 3716 1975 Ecclesiam,

2146 2006 2237 2060 alii
2276 2004 2489 2074 quidem
2538 2012 2631 2057 aut
2670 2017 2956 2072 numquam
3002 2001 3280 2067 accedunt,
3322 2010 3414 2055 aut
3455 2002 3619 2056 semel
3665 2003 3717 2056 iu

2144 2113 2305 2161 anno,
2336 2106 2391 2152 et
2412 2106 2535 2152 tunc
2557 2105 2760 2150 temere
2780 2104 2834 2149 et
2860 2092 3357 2163 quomodocumque
3384 2112 3397 2147 :
3427 2093 3514 2147 alii
3542 2103 3719 2148 autem

2144 2190 2476 2261 frequentius
2505 2188 2745 2259 quidem,
2774 2187 2867 2241 sed
2901 2186 2999 2255 ipsi
3040 2199 3253 2254 quoque
3283 2194 3484 2239 temere
3505 2188 3559 2239 et
3587 2185 3720 2240 levi-

2146 2293 2227 2339 ter
2254 2282 2581 2337 disserentes
2605 2321 2620 2345 ,
2666 2288 2722 2333 et
2762 2278 2831 2333 de
2860 2277 3026 2331 nihilo
3066 2286 3327 2346 nugantes
3369 2293 3382 2329 :
3424 2276 3511 2329 alii
3540 2284 3719 2331 autem

2145 2376 2235 2446 qui
2281 2374 2531 2429 videntur
2557 2372 2701 2425 serio
2738 2385 2898 2439 agere
2921 2411 2935 2434 ,
2973 2369 3024 2423 hi
3052 2376 3177 2422 sunt
3204 2367 3291 2437 qui
3320 2374 3445 2421 sum
3473 2376 3721 2423 auctores

2146 2466 2302 2536 hujus
2326 2463 2661 2521 calamitatis.
2682 2461 2735 2517 Si
2760 2477 2888 2531 ergo
2912 2475 3007 2515 vos
3026 2474 3237 2530 quoque
3259 2467 3474 2528 propter
3493 2474 3554 2513 ea
3581 2460 3722 2514 serio

2146 2558 2303 2629 agitis
2342 2566 2399 2628 et
2428 2554 2659 2609 studium
2690 2564 2925 2607 vestrum
2974 2550 3192 2620 ponitis,
3236 2549 3403 2604 satius
3440 2561 3586 2606 esset
3627 2565 3723 2605 vos

2146 2651 2433 2706 collocatos
2475 2662 2595 2704 esse
2623 2662 2743 2702 cum
2781 2644 3172 2715 negligentibus
3201 2661 3214 2697 :
3245 2642 3355 2699 imo
3392 2659 3519 2699 vero
3556 2643 3722 2698 satius

2148 2750 2324 2805 esset,
2346 2755 2519 2811 neque
2547 2740 2665 2794 illos
2698 2753 2819 2794 esse
2850 2737 3201 2807 negligentes,
3232 2750 3405 2806 neque
3433 2749 3527 2789 vos
3550 2735 3719 2801 tales;

2149 2849 2258 2889 non
2302 2851 2400 2891 vos
2432 2832 2556 2887 dico
2581 2832 2669 2902 qui
2713 2830 2912 2885 adestis
2936 2871 2952 2896 ,
2982 2829 3075 2883 sed
3113 2828 3234 2883 illos
3274 2828 3363 2898 qui
3391 2827 3637 2882 resiliunt
3659 2842 3724 2883 ac

2148 2928 2472 2983 desciscunt.
2503 2925 2580 2980 Ea
2618 2939 2710 2980 res
2755 2933 2838 2978 est
2866 2921 3208 2977 adulterium.
3256 2920 3315 2975 Si
3352 2934 3481 2990 ergo
3516 2919 3631 2974 lucc
3656 2919 3725 2973 de

2150 3021 2255 3076 illis
2282 3018 2384 3074 dici
2418 3032 2522 3072 non
2562 3015 2834 3080 admittis,
2859 3028 2987 3084 ergo
3028 3028 3126 3067 nec
3165 3011 3233 3067 de
3272 3011 3426 3066 nobis
3456 3028 3470 3063 :
3500 3025 3619 3064 nam
3657 3026 3725 3066 ex

2148 3111 2358 3167 duobus
2382 3109 2609 3163 alterum
2642 3107 2839 3160 factum
2867 3119 2989 3160 esse
3014 3111 3225 3174 oportet
3251 3112 3448 3172 praeter
3470 3100 3633 3171 leges.
3665 3101 3722 3157 Si

2152 3205 2267 3258 lucc
2293 3216 2421 3273 ergo
2447 3201 2513 3255 de
2541 3199 2697 3254 nobis
2721 3214 2817 3252 vos
2837 3196 3197 3266 suspicamini,
3231 3194 3402 3265 parati
3432 3209 3615 3248 sumus
3639 3208 3728 3248 ce-

2151 3295 2281 3350 dere
2308 3292 2523 3363 rcgendi
2547 3304 2741 3346 munus
2766 3290 2852 3344 cui
2878 3289 3071 3344 voletis
3095 3304 3110 3350 ;
3139 3286 3300 3341 modo
3325 3300 3428 3340 una
3452 3287 3520 3340 sit
3547 3286 3728 3340 Eccle-

2153 3389 2232 3442 sia
2265 3405 2278 3442 :
2304 3386 2349 3440 si
2380 3401 2478 3440 nos
2504 3392 2681 3438 autem
2711 3381 2945 3451 legitime
2972 3378 3133 3434 creati
3161 3392 3347 3432 sumus
3366 3419 3381 3441 ,
3414 3376 3729 3446 persuadete

2156 3487 2216 3533 ut
2255 3477 2587 3544 deponantur
2626 3473 2716 3543 qui
2757 3470 2914 3526 sedes
2945 3478 3139 3539 praeter
3180 3467 3322 3533 leges
3355 3466 3727 3521 ascenderunt.

2155 3569 2281 3625 llaec
2303 3567 2434 3627 dixi,
2463 3580 2567 3618 non
2595 3572 2860 3629 tamquam
2890 3561 3177 3628 imperans.
3198 3558 3290 3612 sed
3314 3571 3408 3612 vos
3437 3565 3580 3612 tutos
3606 3555 3731 3611 red-

2157 3661 2290 3716 dens
2317 3670 2370 3714 et
2393 3659 2552 3713 certis
2577 3654 2820 3711 muniens
2846 3651 3130 3723 prmsidiis.
3158 3651 3420 3719 Quoniam
3444 3652 3732 3720 unusquis-

2158 3769 2262 3825 que
2283 3752 2444 3806 hahet
2470 3758 2700 3813 aetatem,
2729 3755 2783 3801 et
2813 3745 2881 3800 de
2908 3744 2974 3799 iis
2994 3758 3113 3815 qua:
3142 3742 3307 3813 gessit
3325 3751 3410 3797 est
3432 3741 3736 3796 redditurus

2162 3847 2424 3904 rationem
2449 3886 2466 3910 ,
2496 3858 2628 3913 rogo
2658 3856 2727 3896 ue
2757 3838 3009 3894 universo
3036 3838 3087 3891 in
3114 3852 3212 3891 nos
3242 3835 3488 3904 conjecto
3509 3876 3525 3901 ,
3548 3834 3736 3889 existi-

2162 3939 2319 3995 metis
2339 3952 2433 3993 vos
2458 3936 2602 4006 ipsos
2629 3949 2733 3987 non
2761 3946 2886 3987 esse
2918 3929 3111 3985 rationi
3138 3927 3425 3984 reddenda:
3452 3926 3733 3991 obnoxios,

2164 4050 2232 4089 ne
2258 4046 2356 4088 vos
2377 4042 2579 4086 temere
2600 4026 2931 4096 decipientes
2961 4021 3244 4093 plangatis.
3268 4020 3575 4075 Reddemus
3595 4018 3737 4074 enim

2164 4126 2426 4182 rationem
2457 4136 2554 4191 pro
2581 4118 2775 4173 vestris
2798 4115 3099 4179 animabus,
3137 4112 3230 4168 sed
3260 4110 3475 4181 quando
3497 4110 3738 4179 delique-

2164 4220 2351 4281 rimus,
2383 4213 2596 4284 quando
2625 4225 2729 4264 non
2756 4206 3121 4279 rogaverimus
3144 4245 3160 4270 ,
3187 4201 3402 4273 quando
3425 4216 3529 4255 non
3556 4198 3741 4254 admo-

2167 4311 2460 4371 nuerimus,
2487 4304 2702 4377 quando
2727 4316 2833 4357 non
2860 4299 3121 4354 fuerimus
3149 4294 3450 4365 protestati.
3480 4293 3606 4348 Post
3626 4290 3743 4345 hmc

2168 4415 2368 4468 autem,
2395 4397 2675 4454 concedite
2704 4402 2761 4446 ut
2783 4406 2883 4462 ego
2907 4402 3119 4459 quoque
3146 4386 3346 4449 dicant,
3381 4382 3607 4469 Mundus
3630 4398 3742 4435 sum

2170 4515 2202 4552 a
2230 4493 2477 4565 sanguine
2507 4488 2729 4544 omnium
2752 4484 2899 4554 (Act.
2931 4483 3022 4537 ΩΟ.
3054 4480 3125 4535 26
3148 4480 3186 4548 ),
3215 4486 3292 4544 et,
3321 4476 3557 4530 Animam
3581 4490 3747 4527 meam

2170 4588 2398 4646 liberabit
2426 4583 2562 4637 Deus
2586 4580 2678 4652 (‘2.
2710 4577 2846 4631 Tim.
2878 4576 2933 4631 4.
2977 4572 3113 4643 18).
3141 4570 3307 4625 Dicite
3332 4582 3453 4638 qua:
3487 4566 3665 4628 vultis,
3692 4574 3749 4619 et

2170 4684 2366 4755 justam
2392 4690 2607 4732 causam
2637 4680 2855 4743 propter
2882 4683 3038 4738 quam
3067 4663 3320 4720 receditis
3346 4670 3399 4716 et
3424 4659 3747 4722 desciscitis,

2174 4750 2229 4833 et
2257 4790 2356 4846 ego
2378 4767 2735 4840 respondebo.
2764 4762 2869 4819 Sed
2893 4776 2996 4816 non
3022 4757 3236 4814 dicetis.
3267 4754 3375 4810 Vos
3403 4767 3617 4823 quoque
3640 4750 3749 4821 jam

2173 4886 2321 4943 rogo,
2342 4878 2400 4923 ut
2432 4875 2650 4920 strenue
2680 4856 2917 4919 instetis,
2949 4864 3006 4907 ut
3034 4849 3301 4907 reducatis
3327 4862 3420 4903 eos
3449 4846 3538 4917 qui
3571 4858 3751 4899 reces-

2177 4934 2363 5021 serunt
2388 4977 2402 5013 :
2428 4968 2484 5011 ut
2507 4951 2788 5010 unanimes
2808 4946 3095 5018 gratiarum
3122 4942 3389 4997 actionem
3419 4938 3529 4993 Deo
3551 4934 3757 4991 emitta-

2179 5069 2320 5113 tnus.
2349 5047 2612 5119 Quoniam
2632 5052 2715 5099 est
2738 5041 2788 5096 ei
2812 5037 2979 5110 gloria
3001 5037 3053 5090 in
3081 5033 3300 5090 saecula.
3326 5033 3520 5089 Amen.

505 5232 3760 5291 ’____________________________________

1880 5308 2222 5371 HOMlLIA
2262 5304 2410 5368 XII.

499 5446 626 5503 CAP.
655 5449 709 5502 4.
744 5462 794 5500 v.
822 5445 908 5501 17.
942 5441 1054 5497 Hoc
1077 5441 1234 5511 igitur
1266 5439 1378 5493 dico
1404 5446 1450 5491 et
1487 5436 1725 5500 testiﬁcor
1755 5436 1807 5486 in
1838 5431 2074 5499 Domino,

571 5550 625 5593 ut
664 5538 779 5609 jam
816 5554 917 5591 non
946 5532 1246 5595 ambuletis,
1278 5533 1406 5584 sicut
1448 5539 1495 5584 et
1526 5538 1698 5599 gentes
1727 5525 1989 5579 ambulant
2024 5526 2079 5579 in

572 5632 792 5693 vanitate
837 5645 1013 5685 sensus
1056 5626 1136 5682 sui
1159 5666 1175 5693 ,
1225 5623 1437 5679 tenebris
1482 5620 1805 5677 obscuratum
1847 5617 2080 5673 habentes

572 5724 906 5780 intellectum.

576 5819 624 5873 l.
668 5819 956 5893 Doctorem
981 5823 1198 5888 oportet
1227 5813 1509 5872 instituere
1533 5818 1588 5869 et
1613 5807 1846 5881 dirigere
1866 5805 2084 5862 animos

2182 5427 2584 5499 discipulorum,
2616 5434 2722 5474 non
2754 5417 2926 5471 solum
2953 5408 3281 5467 consulendo
3302 5418 3355 5462 et
3380 5402 3643 5465 docendo,
3666 5401 3761 5457 sed

2184 5537 2238 5582 et
2265 5492 2518 5581 terrendo
2543 5522 2599 5569 et
2626 5513 2738 5567 Deo
2765 5505 3043 5564 tradendo.
3072 5501 3203 5557 Nam
3244 5498 3495 5569 quoniam
3537 5508 3656 5564 quas
3694 5492 3765 5546 ab

2186 5606 2770 5672 hominibus'dicuntur
2812 5608 3081 5668 tamquam
3125 5608 3154 5646 a
3191 5589 3484 5654 conservis,
3513 5602 3619 5640 non
3649 5583 3765 5639 suf-

2189 5706 2373 5763 ﬁciunt
2415 5700 2480 5755 ad
2510 5693 2830 5765 tangendam
2861 5690 3117 5750 animam,
3141 5696 3362 5739 necesse
3391 5688 3474 5735 est
3502 5677 3767 5746 reliquum

2190 5797 2420 5856 Domino
2448 5790 2680 5849 tradere.
2713 5785 2825 5844 Hoc
2860 5797 2987 5852 ergo
3018 5777 3214 5836 Paulus
3236 5788 3444 5848 quoque
3465 5772 3609 5829 facit.
3636 5767 3769 5823 Nam
