4068 6390
362 366 432 424 87
1183 368 1250 423 ΙΝ
1296 366 1515 423 EPIST.
1543 367 1634 423 AD
1673 365 1914 423 EPIIES.
1958 366 2111 422 CAP.
2142 366 2232 421 IV.
2280 366 2517 422 HOMIL.
2552 365 2667 420 XII.
3559 366 3627 419 88

430 482 508 537 Ού
560 481 887 551 κυριεύομεν
951 481 1105 552 ὑμῶν
1167 482 1267 552 τῆς
1317 482 1595 545 πίστεως,
1644 478 1942 550 ἀγαπητοὶ,

353 569 484 625 οὑδὲ
500 568 834 633 δεσποτικῶς
853 568 1029 622 ταῦτα
1056 570 1423 640 ἐπιτάττομεν
1446 587 1460 601 ο
1491 572 1573 632 εἰς
1594 566 1946 623 διδασκαλίαν

354 660 519 726 λόγου
567 658 1100 729 προεχειρίσθημεν,
1157 660 1258 712 οὑκ
1305 652 1387 722 εἰς
1444 658 1620 729 ἀρχὴν
1682 656 1805 710 οὑδὲ
1866 656 1947 718 είς

355 747 665 800 αὑθεντίανο
689 746 1011 817 συμϐούλων
1038 745 1193 810 τάξιν
1215 746 1485 816 ἐπέχομεν
1512 743 1943 817 παραινούντων.

370 833 433 887 '0
478 834 861 904 συμϐουλεύων
902 834 1050 903 λέγει
1084 834 1154 888 τὰ
1192 832 1323 905 παρ’
1358 833 1584 897 ἐαυτοῦ,
1635 833 1735 886 οὑκ
1774 834 1945 899 ἀναγ-

355 922 545 987 κάζων
599 923 692 976 τὸν
745 923 1064 995 ἀκροατὴν,
1106 923 1233 987 ⁴ἀλλ’
1268 923 1431 977 αὑτὸν
1463 923 1659 993 ἀφίησι
1703 921 1804 991 τῆς
1838 921 1948 973 τῶν

356 1013 670 1081 λεγομένων
734 1012 1003 1084 αἱρέσεως
1078 1012 1269 1085 κύριον
1306 1029 1321 1045 ο
1380 1014 1440 1067 ἐν
1523 1012 1734 1075 τούτοις
1797 1010 1947 1065 ἐστὶν

358 1099 663 1165 ὑπεύθυνος
684 1100 865 1171 μόνον,
882 1100 949 1155 ἂν
966 1101 1035 1155 τά
1057 1101 1411 1173 παραστάντα
1429 1100 1505 1171 μὴ
1526 1100 1694 1155 εἴποι.
1710 1098 1809 1153 Διά
1827 1096 1944 1171 [88]

357 1187 523 1241 τοῦτο
551 1189 645 1241 καὶ
686 1189 848 1257 ἡμεῖς
894 1188 1069 1242 ταῦτά
1099 1206 1299 1259 φαμεν,
1348 1188 1518 1243 ταῦτα
1561 1187 1815 1258 λέγομεν,
1862 1187 1948 1239 ἵνα

360 1275 495 1344 ὑμῖν
534 1275 608 1347 μή
636 1274 729 1347 ἐξῇ
756 1277 875 1328 κατ’
907 1276 1123 1347 ἐκείνην
1151 1277 1250 1349 τὴν
1276 1276 1491 1347 ἡμέραν
1520 1276 1722 1343 λέγειν’
1760 1274 1947 1337 Οὐδεὶς

357 1365 497 1433 ἡμῖν
542 1358 915 1428 εἶπεν,οὑδε“ις
951 1363 1313 1430 διεστείλατο,
1371 1364 1740 1435 ἠγνοήσαμεν,
1794 1362 1948 1416 οὐδὲν

363 1448 646 1520 ἡγούμεθα
674 1449 734 1503 τὸ
766 1450 1070 1521 ἁμάρτημα
1097 1449 1257 1505 εἶναι.
1317 1450 1417 1505 Διά
1442 1450 1624 1505 τοῦτο’
1656 1450 1800 1518 λέγω
1852 1450 1947 1503 καὶ

358 1537 827 1609 διαμαρτύρομαι,
860 1539 941 1592 ὅτι
964 1537 1059 1592 τοῦ
1088 1541 1168 1602 είς
1192 1538 1405 1608 αἵρεσιν
1451 1540 1714 1609 ἐμπεσεῖν
1759 1537 1821 1591 τὸ
1848 1537 1947 1608 τήν

372 1625 699 1696 Ἐκκλησίαν
720 1626 904 1697 σχίσαι
929 1627 1029 1681 οὑκ
1051 1626 1271 1680 ἔλαττόν
1297 1630 1414 1681 ἐστι
1442 1627 1632 1681 κακόν.
1671 1626 1807 1679 Είπέ
1831 1643 1944 1696 μοι,

362 1711 419 1766 εἶ
434 1730 517 1776 τις
545 1712 650 1766 ὑπὸ
678 1713 889 1785 βασιλεῖ
918 1732 1024 1769 τινι
1055 1714 1364 1785 τυγχάνων,
1399 1714 1572 1787 ἐτέρῳ
1604 1713 1702 1785 μὲν
1736 1714 1947 1784 βασιλεῖ

365 1802 441 1874 μὴ
471 1801 789 1874 πρόιτθοιτον
822 1802 955 1873 μηδὲ
986 1802 1061 1873 δῷ
1094 1803 1292 1857 ἐαυτὸν
1319 1803 1486 1873 ἄλλῳ,
1512 1801 1681 1857 αὑτοῦ
1710 1802 1768 1857 δέ
1797 1801 1945 1856 ἐκεί-

364 1907 456 1943 νου
502 1889 600 1961 τὴν
630 1889 923 1960 ἁλουργίδα
971 1889 1149 1942 λαϐὼν
1183 1891 1280 1944 καὶ
1323 1889 1649 1961 κατασχὼν,
1699 1890 1807 1944 ἀπὸ
1846 1890 1946 1961 τῆς

363 1975 597 2046 περόνης
615 1977 951 2047 κατήνεγκεν
976 1977 1219 2041 ἃπασαν,
1248 1977 1343 2029 καὶ
1359 1976 1641 2049 διέρρηξεν
1667 1978 1745 2041 εὶς
1777 1976 1947 2030 πολλὰ

363 2064 641 2134 ῥήγματα,
670 2058 780 2135 ἆρα
806 2059 967 2135 ἦττον
990 2063 1053 2116 ἀν
1079 2063 1189 2117 τῶν
1220 2063 1393 2137 ἑτέρῳ
1421 2064 1807 2136 προσθεμένων
1833 2066 1948 2118 ὲκο.

361 2148 533 2220 λάσθη
557 2166 571 2214 ς
600 2151 666 2203 Τί
685 2152 764 2215 δέ,
797 2152 847 2203 εί
880 2150 1019 2221 μετά
1057 2150 1250 2205 τούτου
1279 2152 1442 2206 αὑτὸν
1468 2152 1560 2205 τὸν
1590 2152 1813 2222 βασιλέα
1837 2153 1946 2207 ἀπὸ

360 2237 453 2291 τοῦ
497 2237 694 2308 λαιμοῦ
744 2239 1032 2308 κατασχὼν
1070 2239 1326 2307 ἔσφαττε,
1369 2239 1513 2293 κατὰ
1545 2239 1721 2310 μέλοο
1743 2239 1948 2306 διαξαί-

360 2342 468 2378 νων
492 2325 657 2379 αὑτοῦ
700 2325 761 2379 τὸ
789 2325 970 2396 σῶμα,
1016 2327 1177 2380 ποίαν
1206 2328 1273 2380 ἀν
1304 2325 1460 2396 δίκην
1485 2326 1629 2390 δοὺς,
1667 2326 1766 2398 τὴν
1791 2327 1946 2392 ἀξίαν

360 2412 600 2478 ἐδωκεν;
631 2413 694 2466 Εἰ
712 2412 769 2466 δὲ
799 2414 879 2477 είς
906 2412 1129 2483 βασιλέα
1162 2413 1252 2467 τὸν
1276 2413 1567 2484 ὁμόδουλον
1596 2412 1758 2468 τοῦτο
1782 2417 1950 2487 ἐργας

362 2501 615 2571 σάμενος,
671 2501 852 2571 πάσης
898 2501 964 2555 ἂν
995 2502 1218 2571 μείζονα
1264 2501 1422 2574 δίκης
1450 2500 1763 2573 εἰργάσατο·
1800 2505 1829 2556 6
1855 2502 1948 2556 τὸν

359 2590 595 2661 Χριστὸν
641 2590 891 2659 σφάττων
923 2591 1019 2644 καὶ
1055 2591 1342 2658 διαξαίνων
1383 2591 1525 2645 κατά
1573 2592 1752 2661 μέλος,
1788 2594 1948 2657 ποίας

359 2678 583 2749 γεέννης
598 2678 697 2731 οὑκ
717 2677 870 2732 ἔσται
888 2679 1036 2745 ἄξιος
1058 2695 1071 2739 ;
1104 2675 1215 2749 ἆρα
1238 2678 1442 2750 ταύτης
1459 2678 1473 2751 1
1484 2678 1603 2751 τῆς]
1623 2679 1949 2751 ἀπειλουμέ-

358 2782 457 2837 νης
472 2784 488 2831 ;
510 2766 625 2819 Οὐκ
636 2765 811 2835 ἐγωγε
823 2761 973 2837 οἶμαι
982 2807 994 2830 ,
1012 2767 1125 2820 ἀλλ’
1138 2766 1327 2836 ἐτέρας
1342 2766 1520 2837 πολλῷ
1540 2767 1818 2837 χαλεπωτέ
1828 2785 1945 2837 ρας.

360 2853 587 2917 Εἶπατε,
622 2854 747 2910 ὅσαι
771 2855 1011 2926 πάρεστε
1041 2854 1137 2925 (ὠς
1164 2854 1275 2924 γάρ
1308 2853 1401 2907 ἐπὶ
1437 2854 1497 2907 τὸ
1514 2854 1650 2908 πολὺ
1676 2857 1948 2923 γυναικῶν

356 2941 517 2995 τοῦτο
547 2942 607 2994 τὸ
646 2941 976 3013 ἐλάττωμα),
1022 2946 1141 3008 ταῖς
1171 2942 1438 3006 ἀπούσαις
1465 2942 1796 3014 διηγήσασθε
1824 2943 1949 2998 τοῦ·

354 3047 419 3084 το
446 3030 510 3084 τὸ
553 3031 889 3102 ὑπόδειγμα,
932 3032 1229 3103 φοϐήσατε.
1296 3032 1365 3086 Εἴ
1396 3049 1542 3094 τινες
1584 3034 1733 3103 ἡμᾶς
1758 3032 1948 3086 λυπεῖν

356 3120 455 3171 καὶ
483 3118 794 3190 ἀμύνασθαι
835 3119 1010 3191 τούτῳ
1056 3120 1387 3188 νομίζουσιν,
1429 3115 1487 3173 εὖ
1523 3120 1830 3186 είδέτωσαν,
1864 3121 1948 3174 ὅτι

356 3204 533 3259 ταῦτα
559 3207 737 3278 μάτην
762 3206 1023 3263 ποιοῦσιν.
1077 3208 1139 3260 Εἰ
1173 3208 1282 3278 γάρ
1310 3209 1457 3278 ἡμᾶς
1482 3206 1790 3277 ἀμύνασθαι
1823 3207 1949 3279 βού-

356 3293 465 3358 λει,
492 3294 603 3363 ἐγώ
636 3312 719 3349 σοι
760 3295 953 3367 δίδωμι
1001 3297 1222 3366 τρόπον,
1260 3296 1383 3350 καθ’
1431 3296 1492 3350 ὃν
1525 3297 1695 3367 χωρὶς
1719 3298 1818 3367 τῆς
1848 3298 1948 3368 σῆς

358 3381 567 3452 βλάϐης
593 3382 905 3453 ἀμύνασθαι
931 3385 1136 3455 δυνήσῃ
1162 3401 1176 3415 ·
1210 3384 1412 3454 μᾶλλον
1434 3383 1491 3437 δὲ
1511 3385 1611 3437 οὐκ
1636 3383 1751 3437 ἐστι
1775 3386 1945 3456 χωρἰς

359 3468 567 3542 βλάϐης
607 3470 940 3540 ἀμύνασθαι,
986 3471 1125 3542 πλὴν
1160 3472 1299 3525 ἀλλὰ
1333 3473 1472 3542 μετὰ
1500 3472 1783 3535 ἐλάττονος
1812 3472 1944 3543 βλά-

356 3557 462 3629 ϐης
479 3572 494 3589 ⁸
520 3557 773 3628 ράπισον,
798 3559 1075 3631 ἐμπτυσον
1098 3559 1394 3631 ἐντυχοῦσα
1412 3559 1668 3633 δημοσίᾳ,
1689 3561 1786 3615 καὶ
1805 3561 1945 3633 πλη-

316 3689 327 3701 .
356 3646 462 3716 γάς
495 3645 749 3702 ἐντεινον.

428 3739 505 3800 ς’.
528 3735 775 3805 Φρίττεις
790 3728 964 3789 ταῦτα
983 3735 1256 3790 ἀκούουσα
1276 3753 1290 3802 ;
1324 3737 1421 3789 Ἂν
1444 3736 1604 3799 είπω,
1622 3736 1754 3808 Ἐμέ
1777 3736 1941 3808 ῥάπι-

357 3834 474 3883 σον,
510 3819 752 3890 φρίττεις
772 3837 787 3853 ο
816 3819 1021 3879 καὶτὸν
1041 3820 1318 3892 Δεσπότην
1351 3837 1444 3873 σου
1470 3820 1823 3892 σπαράττεις,
1849 3822 1944 3875 καὶ

353 3904 415 3956 ού
466 3905 712 3975 φρίττεις
735 3922 749 3967 ;
775 3904 844 3958 τά
875 3904 1011 3975 μέλη
1041 3905 1109 3959 τά
1147 3906 1455 3960 Δεσποτικά
1482 3906 1801 3971 διαξαίνεις,
1848 3907 1942 3960 καὶ

352 3987 416 4040 οὑ
442 3989 702 4058 τρέμεις;
734 3984 897 4051 Οἷκός
924 3990 1071 4042 ἐστιν
1102 3990 1135 4059 ὴ
1166 3988 1465 4059 Ἐκκλησία
1498 3991 1794 4061 πατρικός⁴
1831 3991 1943 4045 Ἔν

353 4070 666 4139 vivimus!
688 4070 759 4125 ἓν
774 4071 1033 4141 πνεῦμα.
1074 4072 1234 4125 Ἀλλὰ
1275 4071 1454 4143 βούλει
1486 4090 1554 4144 με
1592 4074 1937 4145 ἀμύνασθαι;

354 4155 567 4226 Μέχρις
598 4155 732 4225 ἐμοῦ
762 4156 939 4227 στῆθι.
959 4156 1023 4208 Τί
1046 4155 1162 4210 ἀντ’
1184 4156 1316 4226 ἐμοῦ
1344 4156 1434 4211 τὸν
1457 4158 1692 4229 Χριστὸν
1716 4158 1934 4231 ἀμύνῃς

357 4235 562 4305 μᾶλλον
592 4235 651 4288 δὲ
670 4234 721 4287 τί
751 4236 894 4289 κατά
922 4234 1031 4288 τῶν
1049 4235 1198 4306 ἥλων
1225 4235 1532 4302 λακτίζεις;
1559 4237 1811 4309 Οὑδαμοῦ
1838 4239 1937 4307 μὲν

350 4312 450 4371 οὖν
489 4318 552 4371 τὸ
598 4317 911 4389 ἀμύνασθαι
941 4318 1143 4372 καλόνο
1188 4319 1252 4372 τὸ
1279 4319 1339 4372 δὲ
1385 4319 1575 4391 ἐτέρου
1620 4321 1935 4384 ἀδικοῦντος

350 4399 543 4469 ἕτερον
588 4400 861 4472 ὑϐρίζειν,
913 4400 1095 4471 πολλῷ
1146 4400 1548 4476 χαλεπώτερον.
1602 4403 1739 4476 Παρ’
1776 4404 1934 4476 ήμῶν

347 4480 643 4553 ἠδίκησαι;
688 4484 742 4537 τί
767 4483 860 4537 τὸν
893 4485 995 4537 οὐκ
1024 4485 1325 4555 ἠδικηκότα
1364 4485 1593 4553 λυπεῖς;
1627 4486 1787 4541 τοῦτο
1825 4505 1933 4557 μα-

350 4565 475 4627 νίας
512 4566 772 4637 ἐσχάτης.
815 4569 930 4620 Οὐκ
969 4568 1411 4639 εἰρωνευόμενος,
1455 4569 1484 4622 ὃ
1516 4568 1694 4640 μέλλω
1729 4571 1931 4640 λέγειν,

350 4648 522 4718 φημὶ,
550 4649 670 4703 οὑδὲ
700 4651 910 4714 ἁπλῶς,
956 4651 1073 4704 ἀλλ’
1117 4650 1190 4715 ὼς
1230 4653 1339 4723 ἐχω
1363 4653 1458 4707 καὶ
1497 4654 1573 4717 ὠς
1611 4654 1892 4725 διάκειμαι
1915 4672 1928 4685 ο

347 4731 582 4786 ἕκαστον
602 4734 711 4789 τῶν
733 4736 831 4790 σὺν
858 4735 985 4804 ὑμῖν
1006 4734 1361 4804 λυπουμένων
1379 4737 1515 4807 πρὸς
1538 4739 1705 4808 ἡμᾶς,
1725 4740 1821 4793 καὶ
1843 4740 1932 4793 διά

2055 480 2260 548 ταύτην
2291 478 2392 549 τὴν
2421 477 2600 548 λύπην
2626 475 2972 547 βλαπτόντων
2995 477 3242 539 ἑαυτοὺς,
3271 476 3366 529 καὶ
3389 475 3625 547 ἀλλαχοῦ

2047 563 2448 633 πορευομένων.
2493 560 2795 631 ἐϐουλόμην
2834 559 3050 628 πληγάς
3084 559 3338 612 ἐντείνειν
3378 562 3509 628 ἡμῖν
3549 563 3629 623 εἰς

2045 647 2146 717 τὴν
2177 646 2299 715 ὄψιν
2323 644 2515 716 αὑτὴν,
2549 644 2643 698 καὶ
2681 646 2921 713 γυμνοὺς
2944 644 3294 697 ἀποδύσαντα
3321 644 3629 707 αἰκίζεσθαι

2049 729 2322 799 μάστιξιν.
2344 728 2455 781 εἴτε
2473 729 2702 791 δικαίως
2722 727 2833 781 εἴτε
2858 727 3056 791 ἀδίκως
3082 727 3364 797 ἐγκαλοίη.
3386 729 3481 780 καὶ
3500 729 3631 797 μάλ-

2047 812 2135 865 λον
2162 813 2402 883 είςήμάς
2425 810 2646 880 ἀφιέναι
2663 810 2762 880 τὴν
2780 810 3019 881 όργὴν,ἢ
3044 811 3217 863 ταῦτα
3239 810 3466 880 τολμᾷν,
3482 810 3517 863 ἆ
3534 811 3631 865 νῦν

2046 897 2337 968 τολμῶσιν.
2367 896 2430 948 Εἰ
2458 894 2617 948 τοῦτο
2638 893 2883 963 γέγονεν,
2907 894 3058 946 οὐδὲν
3084 894 3149 946 ἂν
3203 890 3293 962 ἦν,
3341 893 3629 963 οὑδαμινδν

2047 980 2331 1051 ἄνθρωπον
2371 979 2467 1032 καὶ
2503 978 2712 1041 οὐδενὸς
2745 977 2894 1043 ἀξιον
2923 976 3080 1046 λόγου
3122 977 3347 1031 τοιαῦτα
3375 977 3628 1047 πάσχειν.

2051 1065 2259 1127 ’Ἄλλως
2288 1065 2345 1117 δὲ
2375 1063 2441 1116 ἂν
2458 1064 2553 1115 καὶ
2578 1062 2931 1133 παρεκάλεσα
2956 1063 2984 1115 6
3009 1061 3337 1132 ἠδικημένος
3363 1063 3457 1114 καὶ
3479 1062 3632 1130 ὑϐρι-

2049 1148 2244 1218 σμένος
2276 1147 2385 1215 ἐγὼ
2425 1148 2516 1200 τὸν
2549 1146 2703 1207 Θεὸν,
2735 1146 2831 1199 καὶ
2872 1146 3083 1215 ἀφῆκεν
3118 1146 3247 1214 ὑμῖν
3277 1144 3346 1198 τὰ
3377 1145 3629 1215 ἁμαρτή-

2051 1246 2228 1303 ματα·
2273 1231 2372 1284 οὑκ
2409 1230 2598 1301 ἐπειδὴ
2658 1229 2773 1302 [89]
2816 1229 3132 1299 παρρησίαν
3167 1228 3276 1298 ἔχω
3334 1228 3627 1298 τοσαύτην,

2046 1314 2160 1368 ἀλλ’
2186 1313 2374 1384 ἐπειδὴ
2406 1316 2434 1366 6
2468 1313 2825 1384 ἠδικημένος,
2848 1313 2977 1364 ὅταν
3005 1312 3147 1383 ὑπὲρ
3178 1311 3271 1364 τοῦ
3304 1311 3632 1381 ἠδικηκότος

2048 1395 2605 1471 παρακαλῇ,’πολλὴν
2624 1396 2890 1467 κέκτηται
2916 1394 3018 1465 τὴν
3044 1394 3382 1467 παρρησίαν.
3412 1397 3522 1448 ’Ἂν
3542 1397 3633 1461 είς

2047 1482 2363 1551 ἄνθρωπόν
2398 1499 2489 1547 τις
2530 1479 2787 1549 ἁμάρτῃ,
2820 1480 2977 1549 φησὶ,
3024 1479 3464 1549 προσ-εὔξονται
3498 1478 3633 1546 περὶ

2047 1566 2253 1621 αὐτοῦ.
2288 1567 2351 1618 El
2376 1564 2435 1618 δέ
2467 1564 2543 1635 μὴ
2579 1562 2864 1634 ἠδυνάμην
2906 1561 3039 1631 ἐγὼ,
3080 1564 3303 1633 ἐτέρους
3334 1561 3401 1615 ἂν
3442 1562 3634 1630 ἁγίους

2050 1650 2292 1720 ἐζήτησα
2318 1649 2411 1701 καὶ
2452 1646 2827 1717 παρεκάλεσα,
2859 1647 2956 1699 καὶ
2996 1644 3156 1698 τοῦτο
3184 1645 3249 1698 ἂν
3280 1645 3630 1715 εἰργάσαντο.

2046 1733 2168 1788 Νῦν
2216 1733 2275 1787 δὲ
2304 1730 2439 1786 τίνα
2488 1731 2584 1784 καὶ
2642 1729 3125 1801 παρακαλέσομεν,
3178 1728 3272 1782 τοῦ
3318 1728 3453 1781 Θεοῦ
3500 1730 3633 1797 παρ’

2046 1817 2203 1888 ήμῶν
2236 1814 2639 1887 ὑϐριζομένους
2672 1813 2816 1884 Ὅρα
2860 1812 3198 1882 ἀνωμαλίαν.
3242 1813 3362 1864 Τῶν
3394 1811 3502 1882 γάρ
3550 1812 3633 1873 εἰς

2045 1903 2145 1973 τὴν
2190 1900 2522 1971 Ἐκκλησίαν
2557 1898 2764 1968 ταύτην
2804 1897 3106 1957 τελούντων
3148 1894 3199 1949 οἱ
3251 1896 3348 1967 μὲν
3376 1896 3633 1949 οὐδέποτε

2046 1985 2354 2055 προσίασιν,
2384 1984 2417 2054 ἢ
2448 1982 2541 2035 τοῦ
2578 1981 2825 2034 ἐνιαυτοῦ
2861 1981 3029 2047 ἅπαξ.
3074 1981 3168 2034 καὶ
3211 1981 3337 2033 τότε
3370 1981 3493 2049 εἰκῆ
3524 1980 3627 2034 καὶ

2044 2070 2119 2131 ὡς
2148 2068 2340 2138 ἔτυχεν
2360 2085 2373 2097 ·
2398 2069 2447 2120 οἱ
2472 2066 2529 2119 δέ
2558 2066 2942 2137 συνεχέστερον
2973 2066 3092 2136 μὲν,
3112 2066 3205 2118 καὶ
3233 2064 3389 2118 αὑτοὶ
3418 2064 3473 2115 δὲ
3496 2062 3624 2131 εἰκῆ

2047 2155 2142 2207 καὶ
2170 2151 2376 2216 ἁπλῶς,
2394 2150 2767 2219 διαλεγόμενοι
2798 2151 2893 2203 καὶ
2914 2148 3335 2220 ἐρεσχελοῦντες
3362 2148 3505 2219 ὑπὲρ
3533 2146 3630 2199 τοῦ

2051 2236 2309 2309 μηδενός·
2344 2236 2394 2287 οί
2437 2234 2497 2287 δέ
2542 2233 2704 2301 δῆθεν
2767 2232 3092 2297 σπουδάζειν
3144 2232 3453 2294 δοκοῦντες,
3485 2224 3633 2285 οὗτοί

2047 2324 2184 2375 εἰσιν
2216 2321 2265 2372 οἰ
2291 2318 2389 2390 τήν
2424 2315 2712 2387 συμφοράν
2755 2316 2964 2385 ταύτην
2992 2315 3373 2386 ἐργαζόμενοι.
3411 2315 3473 2369 Εἰ
3500 2313 3632 2380 γοῦν

2045 2404 2251 2457 τούτων
2278 2402 2465 2454 ἕνεκεν
2508 2398 2866 2463 σπουδάζετε,
2909 2398 3121 2468 βέλτιον
3166 2399 3260 2451 καὶ
3307 2399 3454 2467 ὑμᾶς
3492 2396 3634 2467 μετά

2046 2488 2154 2540 τῶν
2187 2484 2532 2555 ἀμελούντων
2569 2482 2857 2553 τετάχθαιο
2894 2482 3095 2550 μᾶλλον
3121 2481 3178 2534 δὲ
3204 2481 3263 2533 τὸ
3294 2480 3504 2550 βέλτιον
3538 2476 3631 2550 ἦν.

2053 2571 2190 2641 μήτε
2219 2569 2461 2631 ἐκείνους
2504 2564 2645 2621 εἶναι
2674 2568 2918 2638 ἀμελεῖς,
2957 2568 3095 2638 μήτε
3127 2565 3405 2628 τοιούτους
3452 2563 3629 2634 ὑμᾶς’

2048 2655 2147 2725 οὑχ
2192 2654 2336 2723 ὑμᾶς
2368 2650 2512 2720 λέγω
2550 2652 2677 2713 τοὺς
2728 2650 3028 2721 παρόντας,
3074 2649 3188 2701 ἀλλ’
3228 2648 3472 2711 ἐκείνους
3504 2646 3633 2708 τοὺς

2048 2734 2465 2806 ἀποπηδῶντας.
2500 2732 2732 2803 Μοιχεία
2770 2733 2832 2785 τὸ
2874 2733 3110 2804 πρᾶγμά
3139 2733 3312 2784 ἐστιν.
3351 2731 3414 2783 Εἰ
3466 2729 3523 2782 δέ
3570 2730 3630 2781 οὑ

2048 2820 2181 2893 δέχῃ
2199 2821 2324 2890 περὶ
2351 2817 2576 2871 ἐκείνων
2620 2817 2797 2871 ταῦτα
2825 2816 3067 2877 ἀκούειν,
3114 2814 3313 2868 οὐκοῦν
3352 2812 3475 2867 οὑδέ
3504 2813 3635 2882 περὶ

2050 2903 2209 2973 ήμῶν
2229 2919 2242 2933 ·
2273 2900 2384 2955 τῶν
2413 2901 2524 2971 γὰρ
2561 2900 2656 2954 δύο
2708 2898 2768 2953 τὸ
2811 2898 2999 2969 ἐτερον
3033 2899 3369 2968 παρανόμως
3401 2896 3634 2965 γεγενῆ-

2054 2987 2176 3039 σθαι
2202 2985 2300 3038 δεῖ.
2330 2985 2393 3038 El
2429 2985 2526 3055 μὲν
2555 2979 2649 3037 οῦν
2693 2984 2821 3050 περὶ
2859 2982 3019 3053 ἡμῶν
3047 2981 3224 3034 ταῦτα
3258 2980 3595 3033 ὑποπτεύετε
3615 3019 3632 3043 ,

2047 3069 2254 3139 ἕτοιμοι
2282 3067 2686 3139 παραχωρῆσαι
2705 3067 2805 3137 τῆς
2828 3066 3003 3138 ἀρχῆς
3018 3066 3237 3135 ὅτῳπερ
3259 3063 3325 3117 ἂν
3346 3062 3630 3133 βούλησθε-ε’

2051 3150 2210 3222 μόνον
2255 3150 2556 3221 Ἐκκλησία
2615 3150 2757 3202 ἔστω
2810 3149 2937 3218 μία·
2994 3151 3043 3201 εἰ
3085 3148 3143 3201 δὲ
3180 3150 3344 3217 ἡμεῖς
3392 3147 3634 3217 ἐννόμως

2046 3234 2411 3304 γεγενήμεθα,
2448 3233 2679 3286 πείσατε
2729 3231 3065 3285 καταθέσθαι
3106 3232 3235 3294 τοῦς
3279 3230 3634 3301 παρανόμους

2045 3318 2138 3370 ἐπὶ¹
2165 3317 2257 3370 τὸν
2286 3316 2474 3388 θρόνον
2502 3316 2937 3387 ἀναϐεϐηκότας.
2982 3314 3169 3368 Ταῦτα
3202 3310 3379 3379 εἷπον,
3413 3314 3511 3383 οὑχ
3556 3313 3631 3375 ὼς

2046 3400 2370 3465 ἐπιτάττων,
2408 3398 2522 3452 ἀλλ’
2560 3400 2707 3470 ὑμᾶς
2744 3398 3183 3468 ἀσφαλιζόμενος
3214 3399 3311 3452 καὶ
3350 3395 3629 3467 φρουρῶν.

2056 3483 2276 3554 Ἐπειδή
2302 3482 2535 3546 ἕκαστος
2562 3483 2780 3553 ἠλικίαν
2808 3481 2944 3552 ἔχει,
2974 3481 3069 3534 καὶ
3092 3480 3202 3533 τῶν
3231 3477 3391 3549 αὐτῷ.
3414 3496 3633 3550 πεπρα-

2045 3567 2262 3638 γμένων
2292 3565 2452 3619 δώσει
2488 3568 2587 3629 τὰς
2637 3565 2764 3619 δίκα
2781 3582 2829 3628 ς,
2869 3563 3173 3633 παρακαλῶ
3205 3563 3281 3633 μὴ
3310 3562 3371 3615 τὸ
3416 3564 3523 3615 πᾶν
3546 3562 3632 3631 ἐφ’

2042 3653 2195 3722 ἡμᾶς
2223 3648 2509 3721 ῥίψαντας,
2542 3648 2786 3720 νομίζειν
2814 3648 3142 3711 ἀνευθύνους
3178 3643 3319 3700 εἶναι
3352 3646 3497 3716 ὑμᾶς
3531 3645 3632 3698 αὑ-

2043 3739 2190 3798 τοὺς.
2228 3734 2318 3787 ἴνα
2361 3734 2437 3805 μὴ
2483 3734 2662 3805 μάτην
2707 3730 3031 3794 ἀπατῶντες
3086 3731 3318 3794 ἐαυτοὺς
3367 3731 3623 3800 κόπτητε.

2043 3818 2219 3887 Λόγον
2251 3816 2352 3888 μὲν
2376 3818 2485 3885 γὰρ
2508 3815 2757 3886 δώσομεν
2778 3814 2919 3886 ὑπὲρ
2951 3814 3060 3868 τῶν
3083 3813 3273 3885 ψυχῶν
3300 3814 3477 3884 ὑμῶν,
3515 3813 3633 3866 ἀλλ’

2041 3902 2172 3955 ὅταν
2207 3901 2277 3954 τά
2343 3899 2473 3971 παρ’
2508 3898 2677 3971 ήμῶν
2720 3897 2967 3969 ἐλλείπῃ,
3018 3898 3147 3951 ὅταν
3184 3897 3260 3967 μή
3315 3896 3632 3967 παρακαλέ-

2044 4000 2249 4055 σωμεν,
2277 3984 2407 4053 ὅταν
2440 3986 2516 4054 μὴ
2564 3982 3005 4053 νουθετήσωμεν,
3039 3982 3169 4034 ὅταν
3217 3980 3295 4050 μὴ
3327 3980 3631 4051 διαμαρτυ-

2044 4069 2289 4140 ρώμεθα.
2345 4067 2502 4122 Μετά
2555 4066 2613 4120 δὲ
2666 4066 2863 4130 ταῦτα,
2919 4065 3039 4119 δότε
3090 4065 3188 4118 καὶ
3236 4064 3360 4135 ἐμοὶ
3412 4066 3628 4117 εἰπεῖν·

2040 4156 2312 4222 Καθιιρὸς
2333 4152 2449 4222 ἐγὼ
2479 4151 2600 4206 ἀπὸ
2643 4149 2752 4205 τοῦ
2788 4150 3039 4219 αἵματος
3086 4148 3352 4211 πάντων,
3382 4149 3498 4212 καὶ,
3544 4148 3629 4200 ὅτι

2048 4236 2167 4306 Τὴν
2211 4236 2424 4306 ψυχήν
2455 4253 2569 4305 μου
2609 4234 2866 4302 ῥύσεται
2915 4234 2949 4285 ό
2978 4231 3144 4296 Θεός.
3200 4231 3403 4283 Εἴπατε
3435 4231 3464 4283 ὃ
3498 4230 3628 4299 βούο-

2039 4320 2223 4384 λεσθε,
2251 4323 2348 4375 καὶ
2385 4320 2569 4373 αἰτίαν
2602 4318 2820 4372 δικαίαν
2856 4317 2925 4370 δι’
2958 4316 3025 4387 ἣν
3070 4315 3255 4378 ἄπιτε,
3300 4314 3396 4368 καὶ
3424 4314 3626 4368 ἀπολο-

2040 4407 2303 4476 γήσομαι.
2356 4403 2497 4457 Ἀλλ’
2542 4403 2642 4457 οὑκ
2690 4402 2888 4474 ἐρεῖτε.
2933 4398 3046 4463 Διὸ,
3083 4397 3407 4470 παρακαλῶ,
3459 4415 3627 4453 σπου-

2040 4490 2240 4543 δασατε
2257 4486 2351 4541 καὶ
2377 4488 2520 4557 ὑμᾶς
2536 4486 2734 4549 αὑτοὺς
2750 4480 3001 4538 ἐντεῦθεν
3019 4480 3121 4552 ἠδη
3148 4481 3342 4550 στῆσαι
3370 4481 3624 4551 βεϐαίως,

2041 4572 2290 4634 καὶτοὺς
2339 4569 2737 4641 μετατεθέντας
2785 4565 3183 4633 ἐπαναγαγεῖν,
3218 4566 3306 4619 ἵνα
3346 4566 3629 4637 ὁμοθυμα-

2039 4656 2128 4709 δὸν
2156 4653 2568 4724 ἀναπέμψωμεν
2608 4648 2959 4724 εὐχαριστίαν
2987 4646 3065 4718 τῷ
3106 4647 3248 4715 Θεῷ,
3292 4650 3378 4704 ὄτι
3409 4651 3558 4723 αύτῷ
3589 4654 3624 4722 ὴ

2036 4739 2164 4805 δόξα
2199 4740 2276 4802 εἰς
2299 4737 2425 4801 τοὺς
2449 4736 2670 4800 αἰῶνας.
2716 4736 2907 4802 Ἀμήν.

1781 5020 2025 5084 οΜιΑιΑ
2074 5029 2175 5083 ων.
2221 5099 2233 5110 υ

354 5164 538 5236 Τοῦτο
556 5157 671 5218 οὖν
694 5162 851 5232 λέγω
872 5165 971 5236 καὶ
990 5166 1357 5233 μαρτύρομαι
1385 5166 1455 5219 ἑν
1476 5168 1694 5235 Κυρίῳ.
1712 5169 1926 5236 μηκέτι

418 5234 581 5303 ὑμᾶς
629 5234 997 5301 περιπατεῖν,
1046 5235 1240 5299 καθὼς
1286 5238 1385 5289 καί
1440 5236 1512 5289 τὰ
1539 5234 1725 5291 λοιπὰ
1783 5238 1927 5303 ἔθνη

419 5304 752 5373 περιπατεῖ,
771 5306 840 5374 ἐν
853 5306 1201 5373 ματαιότητι
1227 5306 1332 5359 τοῦ
1350 5307 1491 5374 νοὸς
1507 5308 1730 5374 αὐτῶν,
1750 5309 1929 5361 ἐσκο-

417 5374 692 5443 τισμένοι
718 5373 791 5442 τῇ
815 5374 1070 5443 διανοίᾳ.

419 5498 489 5560 α’.
524 5505 629 5557 Τὸν
647 5504 964 5559 διδάσκαλον
979 5550 993 5573 ,
1021 5507 1080 5559 οὑ
1099 5506 1259 5576 μόνον
1277 5506 1712 5576 συμϐουλεύοντα
1729 5510 1822 5562 καὶ
1844 5508 1926 5561 δι-

344 5588 623 5641 δάποντα
663 5586 744 5639 δεῖ
771 5590 1122 5659 καταρτίζειν
1168 5590 1265 5641 καὶ
1318 5590 1512 5659 ὀρθοῦν
1541 5591 1641 5654 τὰς
1680 5590 1789 5643 τῶν
1822 5609 1926 5661 μα-

347 5670 731 5739 θητευομένων
769 5670 967 5739 ψυχὰς,
1002 5672 1139 5725 ἀλλὰ
1164 5672 1258 5725 καὶ
1289 5671 1555 5740 φοϐοῦντα
1588 5674 1682 5727 καὶ
1707 5673 1783 5745 τῷ
1805 5672 1924 5743 Θεῷ

349 5752 731 5825 παραδιδᾲντα.
779 5753 994 5825 Ἐπειδὴ
1029 5756 1139 5826 γάρ
1180 5756 1249 5808 τὰ
1301 5755 1450 5826 παρά
1479 5756 1587 5810 τῶν
1620 5756 1922 5829 ἀνθρώπων

353 5838 467 5911 [90]
500 5837 792 5908 λεγόμενα,
826 5838 900 5903 ὡς
938 5839 1090 5909 παρὰ
1110 5838 1436 5910 ὁμοδούλων,
1470 5841 1567 5910 οὑχ
1603 5841 1760 5895 ἱκανά
1790 5840 1922 5897 καθ·

2026 5166 2265 5234 ἅψασθαι
2306 5166 2505 5237 ψυχῆς,
2556 5168 2855 5235 ἀναγκαῖον
2901 5165 2981 5236 τῷ
3027 5164 3218 5236 Κυρίῳ
3266 5164 3619 5235 παραδιδόναι

2024 5250 2229 5303 λοιπόν.
2248 5250 2420 5303 Τοῦτο
2449 5246 2543 5304 οὖν
2578 5252 2671 5302 καὶ
2700 5252 2727 5303 6
2752 5249 2961 5313 Παῦλος
2991 5253 3154 5303 ποιεῖ.
3198 5250 3335 5320 Περὶ
3363 5266 3620 5303 ταπεινο-

2027 5335 2300 5404 φροσύνης
2346 5334 2454 5404 γὰρ
2498 5333 2591 5386 καί¹
2630 5331 2875 5397 ἐνὼσεως
2907 5333 3232 5404 διαλεχθεὶς,
3290 5333 3385 5385 καὶ
3411 5333 3506 5385 τοῦ
3542 5335 3617 5405 μὴ

2027 5417 2137 5469 δεῖν
2173 5418 2359 5487 ἓτερον
2389 5417 2876 5484 κατεξανίστασθαι
2901 5417 2993 5471 τοῦ
3029 5414 3238 5489 ἐτέρου,
3282 5417 3516 5471 ἄκουσον
3563 5422 3617 5472 τί

2030 5530 2164 5583 φησι
2187 5530 2201 5545 θ
2238 5516 2417 5567 Τοῦτο
2454 5510 2567 5568 οὖν
2591 5512 2747 5583 λέγω
2770 5514 2867 5567 καὶ
2896 5515 3264 5583 μαρτύρομαι
3299 5513 3370 5565 ἐν
3396 5515 3614 5583 Κυρίῳ,

2027 5597 2240 5665 μηκέτι
2258 5596 2411 5665 ὑμᾶς
2432 5597 2799 5665 περιπατεῖν,
2830 5598 3025 5664 καθὼς
3046 5596 3144 5650 καὶ
3170 5596 3241 5649 τὰ
3262 5596 3448 5650 λοιπὰ
3467 5598 3613 5668 ἔθνη

2031 5678 2354 5746 περιπατεῖ.
2408 5681 2521 5732 Οὑκ
2578 5676 2737 5743 εἷπε,
2788 5681 3008 5751 Μηκέτι
3065 5681 3210 5750 ὑμᾶς
3266 5686 3613 5752 περιπατεῖν,

2030 5762 2215 5826 καθὼς
2266 5766 2655 5834 περιπατεῖτε·
2700 5762 3144 5834 πληκτικὼτερος
3179 5764 3287 5835 γὰρ
3333 5767 3361 5817 ὀ
3411 5764 3567 5835 λόγος
3596 5783 3609 5795 ⁸

2031 5845 2167 5899 ἁλλά
2186 5845 2245 5900 τὸ
2268 5846 2401 5899 αὑτὸ
2439 5847 2536 5917 μὲν
2563 5845 2849 5918 ἐδήλωσεν,
2894 5846 3003 5904 ἀπὸ
3027 5847 3081 5900 δὲ
3121 5847 3324 5920 ἐτέρων
3349 5847 3409 5901 τὸ
3439 5851 3611 5919 παρά-
