4068 6390
437 325 506 380 89
1103 320 1161 373 S.
1199 315 1487 374 JOANNIS
1527 310 2015 373 CHRYSOSTOMI
2057 312 2379 369 ARCIIIEP.
2422 309 2970 366 CONSTANTENOP.
3606 306 3675 360 90
3734 329 3743 335 ε

430 438 632 504 δειγμα
663 436 858 507 ἤγαγε.
890 435 999 488 Καὶ
1045 436 1179 506 πρὸς
1206 435 1637 499 Θεσσαλονικέας
1664 435 1721 488 δὲ
1750 434 1997 504 γράφων,

432 521 494 570 τὸ
514 518 649 571 αὐτὸ
673 518 830 571 τοῦτο
849 521 993 571 ποιεῖ
1022 519 1193 586 λέγων
1215 536 1229 549 ο
1253 519 1348 585 Μὴ
1368 518 1438 571 ἐν
1465 517 1637 571 πάθει
1661 516 1998 584 ἐπιθυμίας,

435 603 632 666 καθὼς
673 602 865 654 καὶτὰ
895 603 1079 657 λοιπά
1105 603 1273 669 ἔθνη.
1314 602 1669 669 Διεστήκατε,
1702 599 1858 668 φησὶ,
1888 600 2002 659 τοῖς

433 684 701 754 δόγμασιν
723 685 920 750 αὐτῶν,
952 686 1091 739 ἀλλά
1111 685 1170 738 τὸ
1198 685 1319 738 ὅλον
1337 684 1527 752 γέγονε
1563 682 1659 735 τοῦ
1688 682 1826 735 Θεοῦ
1847 699 1863 714 ο
1892 681 2012 750 ἐγὼ

433 768 491 820 δὲ
529 767 677 837 ζητῶ
704 768 773 820 τά
814 770 944 839 παρ’
979 769 1152 838 ὑμῶν,
1186 768 1278 820 τὸν
1316 766 1429 838 βίον
1457 766 1554 819 καὶ
1580 765 1673 818 τὸν
1703 765 2006 835 περίπατον

432 852 525 904 τὸν
556 849 697 903 κατά
733 851 822 903 τὸν
854 852 985 904 Θεόν
1018 849 1055 879 ³·
1085 850 1241 903 τοῦτο
1269 849 1533 921 ὑμέτερόν
1566 850 1703 902 ἐστι.
1735 848 2005 918 Μάρτυρα

434 935 490 987 δὲ
534 935 625 987 τὸν
663 934 865 1005 Κύριον
896 934 1045 987 καλῶ
1091 933 1199 987 τῶν
1249 933 1558 1003 εἰρημένων
1604 931 1749 1002 ἐμοὶ,
1776 930 1859 983 ὅτι
1906 930 2005 999 οὐχ

438 1017 863 1088 ὑπεστειλάμην,
907 1016 1023 1070 ἀλλ’
1054 1011 1207 1069 εἷπον
1249 1014 1365 1077 πῶς
1412 1014 1495 1067 δεῖ
1526 1015 1866 1084 περιπατεῖν.
1902 1013 2007 1065 Ἐν

430 1101 798 1169 ματαιότητι,
832 1100 985 1170 φησὶ,
1036 1098 1143 1152 τοῦ
1180 1097 1324 1164 νοὸς
1365 1095 1584 1152 αὐτῶν.
1637 1096 1702 1148 Τί
1758 1096 1873 1147 ἐστι
1912 1093 2005 1147 νοῦ

438 1183 778 1253 ματαιότης;
814 1183 888 1237 Τδ
931 1183 1059 1252 περὶ
1108 1181 1178 1234 τὰ
1226 1180 1431 1252 μάταια
1473 1177 1833 1250 ήσχολῆσθαι.
1869 1177 2005 1230 Τίνα

435 1267 493 1319 δέ
526 1269 641 1319 ἐστι
672 1267 896 1337 μάταια,
922 1265 1037 1319 ἀλλ’
1061 1264 1095 1337 ἢ
1124 1264 1194 1317 τὰ
1224 1263 1471 1335 παρόντα
1491 1264 1744 1328 ἅπαντας
1778 1261 1906 1333 περὶ
1929 1254 2006 1314 ὧν

435 1366 601 1418 φησιν
633 1351 661 1402 6
700 1348 1148 1418 Ἐκκλησιαστής·
1203 1346 1540 1413 Ματαιότης
1566 1345 2004 1414 ματαιοτήτων,
2050 1341 2057 1350 ’

434 1430 506 1483 τὰ
532 1430 731 1484 πάντα
756 1433 1103 1500 ματαιότης.
1139 1428 1278 1481 Ἀλλ’
1304 1430 1421 1499 ἐρεῖ
1443 1445 1529 1492 τις
1548 1444 1561 1458 ’
1588 1428 1652 1480 Εἰ
1684 1428 1892 1497 μάταια
1911 1425 2007 1479 καὶ

438 1514 756 1585 ματαιότης,
786 1514 932 1574 τίνος
962 1514 1149 1566 ἕνεκεν
1177 1512 1401 1580 γέγονεν
1425 1527 1440 1574 ;
1466 1513 1516 1563 εί
1553 1510 1648 1563 τοῦ
1682 1510 1818 1564 Θεοῦ
1845 1510 2005 1581 ἔργα,

436 1596 554 1660 πῶς
586 1598 827 1668 μάταια;
862 1597 957 1651 καὶ
984 1596 1155 1658 πολὺς
1187 1597 1317 1666 περὶ
1352 1594 1556 1649 τούτων
1578 1596 1607 1647 6
1644 1595 1821 1664 λόγος.
1863 1594 2005 1647 Ἀλλ’

434 1680 623 1743 ἄκουε,
646 1680 924 1750 ἀγαπητέ·
953 1680 1027 1732 Οὐ
1059 1678 1127 1731 τὰ
1162 1679 1256 1731 τοῦ
1287 1676 1422 1731 Θεοῦ
1449 1678 1586 1749 ἔργα
1616 1673 1741 1731 εἷπε
1780 1678 2005 1748 μάταια,

438 1765 513 1833 μὴ
538 1764 777 1831 γένοιτοσ
815 1764 916 1815 οὐκ
956 1762 1182 1831 οὐρανὸς
1218 1761 1472 1831 μάταιος,
1518 1760 1640 1814 οὐδέ
1672 1760 1742 1830 γῆ
1779 1761 2005 1830 ματαία,

439 1847 513 1917 μὴ
549 1846 759 1915 γένοιτο
779 1860 794 1876 ⁸
823 1847 920 1916 οὐχ
948 1846 1119 1916 ἥλιος,
1153 1844 1274 1898 οὐδὲ
1306 1844 1504 1914 σελήνη
1534 1848 1630 1898 καὶ
1659 1845 1857 1912 ἄστρα,
1887 1844 2008 1897 οὐδὲ

435 1930 497 1981 τὸ
518 1929 678 1999 σῶμα
701 1930 763 1982 τὸ
794 1930 1061 2000 ήμέτερον
1085 1945 1097 1957 ·
1144 1928 1321 1982 πάντα
1348 1928 1457 1999 γὰρ
1485 1927 1660 1980 ταῦτα
1687 1927 1829 1981 καλὰ
1857 1928 2005 1980 λίαν’

436 2013 571 2066 ἀλλά
583 2012 635 2065 τί
654 2014 884 2082 μάταιον
905 2027 919 2076 ;
951 2011 1298 2082 ’Δκούσωμεν
1315 2010 1480 2064 αὑτοῦ
1499 2011 1750 2079 λέγοντος
1765 2010 1859 2064 τοῦ
1892 2012 2012 2063 Ἐκ-

438 2094 763 2164 κλησιαστοῦ
793 2113 808 2127 ·
838 2095 1171 2164 Ἐφύτευσά
1206 2114 1308 2165 μοι
1336 2094 1717 2164 ἀμπελῶνας,
1747 2093 2009 2163 ἐποίησά

431 2197 534 2248 μοι
563 2178 821 2246 ᾅδοντας
842 2179 940 2232 καί
974 2178 1263 2247 ᾀδούσας,
1300 2178 1563 2246 ἐποίησά
1578 2197 1681 2248 μοι
1708 2178 2012 2249 κολυμϐή-

437 2268 583 2332 θρας
617 2264 873 2329 ὑδάτων,
896 2264 1135 2333 ἐγένετό
1169 2281 1272 2332 μοι
1292 2264 1537 2332 ποίμνια
1562 2262 1662 2316 καί
1685 2263 2010 2330 βουκόλια,

438 2351 791 2417 συνήγαγον
817 2348 1078 2416 χρυσίον
1114 2346 1212 2400 καὶ
1245 2347 1529 2415 ἀργύριον
1551 2362 1564 2374 ·
1604 2346 1705 2400 καὶ
1727 2343 1888 2401 εἶδον
1919 2348 2011 2401 ὅτι

440 2430 637 2486 πάντα
656 2432 985 2500 ματαιότης
1004 2447 1017 2462 ο
1056 2430 1151 2483 καὶ
1194 2431 1377 2496 πάλιν,
1408 2430 1747 2499 Ματαιότης
1766 2446 2008 2500 ματαιο-

438 2513 654 2581 τήτων,
698 2514 775 2567 τὰ
797 2513 995 2568 πάντα
1016 2514 1363 2582 ματαιότης.
1392 2514 1592 2567 Ἄκουε
1624 2516 1719 2567 καὶ
1752 2513 1845 2567 τοῦ
1876 2515 2015 2586 Προ-

438 2601 608 2670 φήτου
637 2597 921 2668 λέγοντος·
958 2596 1330 2665 Θησαυρίζει,
1366 2597 1463 2650 καί
1491 2599 1563 2652 οὐ
1584 2597 1865 2668 γινώσκει
1895 2600 2014 2652 τίνι

438 2680 696 2744 συνάξει
721 2681 893 2734 αὐτὰ.
928 2680 1086 2734 Κατά
1110 2681 1268 2733 τοῦτο
1292 2681 1591 2750 ματαιότης
1614 2683 2013 2752 ματαιοτήτων,

439 2766 494 2816 αἱ
520 2763 773 2834 λαμπραὶ
805 2764 1106 2835 οἰκοδομαὶ,
1136 2765 1166 2817 6
1206 2764 1373 2827 πολὺς
1415 2764 1511 2817 καὶ
1537 2766 1844 2836 περιρρέων
1883 2782 2016 2835 χρυ-

442 2848 553 2911 σὸς,
587 2847 696 2901 τῶν
730 2849 1081 2919 ἀνδραπόδων
1136 2850 1192 2902 αί
1233 2848 1425 2916 ἀγέλαι
1480 2849 1624 2902 κατά
1662 2849 1761 2920 τὴν
1809 2849 2018 2919 ἀγορὰν

442 2929 720 2995 σοϐοῦσαι,
749 2933 777 2985 6
818 2931 988 3000 τῦφος
1036 2931 1131 2985 καὶ
1168 2933 1202 3000 ἡ
1236 2930 1535 2997 κενοδοξία,
1573 2933 1641 2987 τά
1689 2932 2017 3003 φρονήματα

441 3020 536 3073 καὶ
584 3023 613 3073 6
660 3022 891 3091 κόμπος.
927 3020 1114 3075 Ταῦτα
1160 3020 1269 3091 γὰρ
1301 3021 1482 3074 πάντα
1526 3020 1766 3091 μάταια·
1813 3021 1875 3073 οὐ
1908 3019 2017 3092 γάρ

442 3108 594 3174 παρὰ
630 3104 766 3157 Θεοῦ
805 3106 1116 3176 γεγένηται,
1153 3104 1289 3158 ἀλλά
1339 3105 1470 3174 παρ’
1500 3104 1655 3174 ήμῶν
1689 3103 2018 3175 δεδημιούρ-

440 3206 629 3259 γηται.
667 3190 733 3241 Τί
767 3189 969 3261 δήποτε
995 3191 1053 3243 δὲ
1085 3191 1327 3261 μάταια;
1370 3188 1494 3241 Ὅτι
1522 3188 1675 3241 οὐδὲν
1714 3187 1826 3258 ἔχει
1860 3188 2018 3251 τέλος

444 3273 704 3344 χρηστόν.

512 3417 594 3469 Τά
624 3418 880 3489 χρήματα
901 3419 1126 3489 μάταια,
1152 3421 1279 3474 ὅταν
1301 3422 1380 3485 είς
1396 3418 1606 3491 τρυφὴν
1636 3417 2016 3489 ἀναλίσκηται·

441 3500 504 3552 οὐ
534 3501 741 3570 μάταια
763 3502 819 3554 δὲ
844 3504 1077 3571 γίνεται,
1106 3505 1233 3557 ὅταν
1260 3507 1337 3568 είς
1362 3505 1603 3574 πένητας
1632 3502 2017 3574 σκορπίζηται.

444 3583 613 3638 Ὅταν
644 3584 700 3638 δὲ
741 3587 820 3648 είς
860 3586 1071 3658 τρυφὴν
1122 3587 1431 3660 ἀναλώσῃς,
1488 3587 1688 3658 ἴδωμεν
1743 3585 1923 3639 αὐτῶν
1959 3587 2020 3639 τὸ

444 3668 593 3732 τέλος
624 3669 676 3721 τί
705 3670 837 3723 ποτέ
859 3672 997 3726 ἐστι’
1017 3670 1289 3742 λιπασμὸς
1314 3673 1586 3742 σώματος,
1618 3671 1836 3742 ἐρυγαὶ,
1861 3670 2024 3723 πνεύ-

448 3767 617 3819 ματα,
646 3751 853 3822 κόπρου
883 3754 1110 3823 πλῆθος,
1144 3755 1479 3825 καρηϐαρία,
1519 3754 1761 3824 μαλακία
1797 3753 2019 3824 σαρκός,

444 3834 540 3885 καὶ
562 3832 833 3907 θερμότης
862 3838 955 3890 καὶ
985 3838 1229 3900 ἔκλυσις.
1271 3837 1360 3901 Ὠς
1380 3838 1489 3906 γὰρ
1518 3836 1585 3890 ἂν
1614 3839 1667 3891 εἴ
1700 3855 1785 3901 τις
1818 3855 2021 3909 τετρη-

450 3918 609 3987 μένον
637 3919 792 3973 πίθον
830 3921 1111 3974 ἐπαντλῶν
1144 3922 1517 3992 ματαιοπονεῖ,
1541 3919 1683 3973 οὓτω
1714 3921 1809 3974 καὶ
1840 3923 1869 3974 6
1895 3938 2023 3992 τρυ-

447 4002 563 4069 φῶν
592 4003 670 4065 είς
717 4003 874 4057 πίθον
912 4004 1245 4075 τετρημένον
1292 4004 1491 4058 ἀντλεῖ.
1538 4004 1747 4069 ’Ἄλλως
1779 4004 1859 4070 δὲ,
1916 4007 2023 4076 μά-

448 4102 597 4139 ταιον
642 4087 858 4155 λέγεται
904 4086 965 4139 τὸ
997 4087 1370 4159 προσδοκηθέν
1405 4088 1507 4157 μὲν
1556 4087 1700 4158 ἔχειν
1726 4090 1912 4159 τιμὴν,
1946 4091 2023 4163 μὴ

447 4170 681 4239 ἐσχηκὸς
716 4170 772 4222 δέ
794 4186 809 4200 ·
845 4168 961 4241 [91]
994 4171 1131 4240 ὅπερ
1162 4170 1258 4224 καὶ
1284 4169 1437 4224 κενὸν
1465 4170 1705 4239 λέγουσι,
1739 4172 1834 4224 καὶ
1860 4174 2022 4237 κενὰς

451 4256 692 4318 ἐλπίδας,
719 4256 813 4309 καὶ⁵
833 4256 894 4309 τὸ
920 4256 1061 4327 εικῆ.
1095 4257 1206 4309 Καὶ
1242 4255 1430 4319 ἁπλῶς
1451 4255 1509 4309 δὲ
1543 4257 1774 4326 μάταιον
1803 4257 2023 4327 λέγεται

454 4340 515 4392 τὸ
546 4340 683 4411 πρὸς
713 4339 877 4410 μηδὲν
902 4341 1196 4410 χρήσιμον.
1231 4341 1460 4409 Ἴδωμεν
1481 4335 1594 4405 οὖν,
1619 4340 1668 4393 εί
1693 4341 1767 4412 μὴ
1798 4341 2024 4395 τοιαῦτα

449 4424 515 4476 τὰ
545 4424 879 4493 ἀνθρώπινα.
919 4424 1200 4493 Φάγωμεν
1230 4424 1329 4477 καί
1369 4426 1625 4494 πίωμενο
1670 4424 1881 4493 αὔριον
1913 4424 2025 4495 γὰρ

448 4509 933 4576 ἀποθνήσκομεν.
973 4505 1038 4560 Τί
1076 4503 1169 4561 οὖν
1197 4506 1259 4560 τὸ
1291 4507 1463 4574 τέλος,
1512 4508 1634 4560 είπέ
1670 4524 1791 4578 μοι;
1822 4508 2023 4579 Φθορά.

462 4592 844 4661 Ἐνδυσώμεθα
881 4592 976 4646 καὶ
1006 4591 1456 4661 περιϐαλώμεθα,
1494 4592 1587 4645 καὶ
1633 4591 1687 4644 τί
1724 4591 1786 4644 τὸ
1814 4593 2022 4662 πέρας;

451 4675 640 4729 θὺδέν.
682 4676 918 4729 Τοιαῦτά
956 4693 1100 4738 τινες
1126 4675 1235 4727 τῶν
1291 4674 1558 4747 Ἐλλήνων
1604 4674 2023 4746 ἐφιλοσόφησαν,

452 4759 590 4812 ἀλλά
633 4760 840 4830 μάτην·
901 4758 991 4813 τὸν
1025 4759 1259 4831 σκληρὸν
1323 4759 1435 4828 βίον
1486 4758 1850 4824 ἐπεδείξαντο,
1911 4758 2025 4811 ἀλλ’

453 4843 662 4906 ἁπλῶς,
702 4845 762 4896 ού
816 4842 954 4913 πρός
996 4860 1049 4895 τι
1092 4843 1246 4906 τέλος
1278 4842 1550 4913 χρήσιμον
1598 4839 1853 4911 ὁρῶντες,
1890 4839 2026 4893 ἀλλὰ

456 4926 593 4996 πρὸς
627 4926 932 4989 κενοδοξίαν
960 4928 1056 4979 καὶ
1074 4927 1174 4995 τήν
1197 4925 1349 4996 παρά
1365 4923 1473 4978 τῶν
1502 4922 1714 4977 πολλῶν
1744 4924 1931 4994 τιμήν.
1962 4921 2026 4975 Τί

454 5010 511 5063 δὲ
546 5011 580 5080 ή
610 5011 761 5080 παρὰ
803 5010 911 5063 τῶν
953 5010 1161 5063 πολλῶν
1196 5010 1365 5079 τιμή;
1396 5007 1585 5063 Οὐδέν.
1622 5007 1684 5059 El
1726 5005 2029 5076 γάρ.αὒτοὶ

456 5094 506 5145 οἱ
536 5094 637 5161 τὴν
660 5093 825 5163 τιμὴν
852 5095 1215 5163 παρεχόμενοι
1239 5091 1593 5155 ἀπόλλυνται,
1615 5088 1795 5159 πολλῷ
1824 5089 2028 5159 μᾶλλον

458 5185 493 5251 ἡ
525 5184 681 5253 τιμή.
716 5183 775 5235 Ὀ
804 5184 971 5253 τιμὴν
1016 5183 1271 5253 παρέχων
1319 5180 1511 5251 ἑτέρῳ,
1548 5176 1727 5247 ἐαυτῷ
1765 5175 2029 5247 πρότερον

460 5267 662 5333 ὀφείλει
684 5270 986 5337 παρασχεῖν
1010 5284 1024 5297 ο
1058 5267 1106 5317 εί
1138 5265 1195 5317 δέ
1223 5264 1297 5334 μὴ
1323 5263 1557 5334 παρέχοι
1588 5259 1787 5330 ἐαυτῷ,
1812 5258 1930 5322 πῶς
1963 5256 2029 5310 ἂν

463 5348 634 5419 ἑτέρῳ
668 5350 923 5420 παρέξοι;
965 5348 1079 5402 Νῦν
1110 5348 1167 5401 δὲ
1198 5346 1291 5401 καὶ
1336 5346 1433 5409 τὰς
1472 5343 1637 5414 τιμὰς
1673 5341 1942 5414 ζητοῦμεν
1971 5339 2031 5404 ἐξ

464 5431 694 5484 εὐτελῶν
722 5434 815 5485 καὶ
844 5432 1338 5502 εὐκαταφρονήτων
1366 5428 1595 5499 ἀνδρῶν,
1623 5425 1833 5496 ἀτίμων
1863 5426 2031 5477 ὄντων

465 5514 556 5564 καὶ
588 5516 984 5568 ἐπονειδίστων.
1010 5516 1146 5569 Ποία
1175 5510 1268 5568 οὖν
1299 5512 1439 5581 αῦτη
1472 5511 1604 5581 τιμή
1629 5526 1643 5575 ;

466 5777 498 5812 n
530 5716 555 5744 α
581 5703 735 5763 Alius,
762 5724 884 5755 κατα
904 5725 984 5757 τον
1022 5708 1133 5769 βίον
1167 5708 1225 5757 Et
1266 5706 1334 5756 sic
1369 5708 1559 5767 legerat
1606 5707 1857 5767 interpres
1902 5705 2033 5753 Lati-

505 5779 577 5812 us.

522 5779 577 5812 IS.

2184 434 2249 505 β’.
2266 432 2431 503 Ὀρᾷς
2446 432 2528 483 ὅτι
2549 420 2839 499 ματαιότης
2867 426 3241 498 ματαιοτήτων
3259 423 3329 476 τά
3350 421 3525 476 πάντα
3543 439 3557 486 ;
3575 423 3676 475 Διά

2109 518 2266 570 τοῦτο
2283 516 2486 584 ἔλεγεν·
2519 515 2621 566 Ἐν
2636 515 2988 583 ματαιότητι
3005 511 3110 564 τοῦ
3127 510 3269 574 νοὸς
3285 506 3505 561 αὐτῶν.
3534 506 3673 558 Ἀλλ’

2112 603 2144 670 ή
2175 601 2441 671 θρησκεία
2477 598 2657 652 αὐτῶν
2689 599 2750 651 οὑ
2786 596 3048 665 τοιαύτης
3075 594 3140 646 Τί
3162 592 3281 658 δαί;
3308 587 3417 662 ἆρα
3445 591 3505 643 οὐ
3545 590 3679 653 ξύλα

2111 685 2206 738 καὶ
2244 682 2382 737 λίθοι
2428 682 2497 735 τά
2542 679 3027 752 προσκυνούμενα;
3069 677 3256 730 Ἥλιον
3294 674 3506 744 φαίνειν
3546 676 3680 742 ήμῖν

2111 768 2368 837 ἐποίησεν
2406 765 2527 819 ἀντὶ
2577 765 2769 835 λύχνου
2794 781 2805 797 ·
2854 763 2939 826 τίς
2985 761 3076 815 τὸν
3123 760 3315 829 λύχνον
3355 760 3447 811 τὸν
3483 756 3680 812 ἑαυτοῦ

2113 850 2437 921 προσκυνεῖ;
2460 849 2649 911 ’Ἥλιος
2678 846 2911 917 παρέχει
2934 844 2996 897 τὸ
3013 844 3127 913 φῶς
3148 860 3161 874 ·
3186 842 3301 895 ἀλλ’
3319 842 3446 895 ὅταν
3475 843 3680 904 ἐκεῖνος

2116 932 2190 1003 μὴ
2218 931 2462 1004 δύνηται,
2479 932 2670 1001 λύχνος
2701 929 2922 984 δύναται
2940 946 2952 959 ·
2981 929 3034 981 τί
3064 928 3242 981 τοίνυν
3262 927 3322 979 οὐ
3354 926 3682 995 προσκυνεῖς

2113 1027 2205 1081 τὸν
2238 1027 2462 1099 λύχνον;
2507 1027 2637 1090 Ναὶ,
2692 1026 2843 1095 φησὶ,
2876 1023 3167 1095 προσκυνῶ
3204 1021 3264 1074 τὸ
3306 1019 3439 1090 πῦρ.
3491 1020 3554 1071 Ὠ
3585 1018 3681 1071 τοῦ

2113 1110 2346 1178 γέλωτος
2368 1112 2381 1165 !
2407 1109 2644 1177 τοσαύτη
2677 1111 2712 1179 ή
2746 1107 2938 1179 ὕϐρις,
2981 1107 3075 1159 καὶ
3109 1106 3210 1159 οὐκ
3241 1103 3504 1176 αἰσχύνῃς
3540 1103 3683 1172 Ὅρα

2114 1192 2171 1246 δὲ
2202 1194 2297 1247 καὶ
2343 1194 2537 1263 ἑτέραν
2584 1191 2747 1245 πάλιν
2773 1208 2785 1220 ·
2818 1189 2891 1244 Τὸ
2923 1185 3397 1261 προσκυνούμενον
3444 1185 3496 1239 τί
3531 1186 3685 1238 σϐεν-

2115 1275 2289 1342 νύεις;
2315 1276 2367 1329 τί
2397 1275 2718 1341 ἀπολλύεις;
2749 1274 2802 1327 τί
2829 1274 3075 1343 ἀναιρεῖς
3098 1287 3192 1323 σου
3222 1270 3314 1323 τὸν
3335 1268 3489 1336 θεόν;
3518 1268 3605 1321 διὰ
3631 1266 3683 1319 τί

2119 1358 2193 1430 μὴ
2216 1362 2515 1430 συγχωρεῖς
2533 1358 2631 1428 τὴν
2653 1355 2830 1411 οίκίαν
2855 1352 3238 1426 ἐμπεπλῆσθαι
3267 1350 3430 1405 αὐτοῦ
3452 1368 3465 1415 ;
3491 1350 3555 1403 Εἰ
3575 1352 3686 1421 γὰρ

2061 1505 2071 1515 ,
2117 1442 2237 1506 θεός
2267 1444 2380 1495 ἐστι
2405 1441 2466 1494 τὸ
2508 1438 2639 1511 πῦρ,
2682 1438 3023 1509 ἐπινεμέσθω
3058 1454 3148 1490 σου
3178 1436 3237 1490 τὸ
3271 1436 3447 1503 σῶμα,
3496 1434 3571 1503 μὴ
3606 1434 3686 1504 τῷ

2116 1523 2350 1595 πυθμένι
2371 1524 2469 1596 τῆς
2488 1525 2692 1594 χύτρας
2720 1524 2816 1577 καὶ
2837 1520 2930 1574 τοῦ
2956 1520 3181 1589 λέϐητος
3210 1519 3302 1573 τὸν
3329 1518 3449 1571 θεὸν
3477 1516 3685 1570 ὑποϐά-

2116 1606 2214 1678 λῃς
2235 1624 2246 1635 ·
2273 1608 2460 1675 είσαγε
2493 1609 2572 1669 είς
2592 1607 2662 1659 τά
2679 1608 2902 1676 ταμεϊα,
2920 1603 3107 1671 εἴσαγε
3135 1602 3216 1664 είς
3239 1602 3307 1654 τὰ
3334 1599 3535 1670 σηρικά
3560 1598 3689 1669 ἱμά-

2115 1708 2228 1743 τια.
2270 1690 2341 1742 Σὺ
2385 1689 2444 1743 δὲ
2492 1689 2552 1742 οὑ
2591 1688 2753 1759 μόνον
2801 1688 2901 1739 οὐκ
2954 1685 3215 1753 εἰσάγεις,
3270 1683 3403 1737 ἀλλὰ
3449 1682 3554 1736 κᾶν
3598 1681 3689 1736 διὰ

2118 1773 2470 1843 περιπέτειαν
2525 1789 2669 1835 τινος
2725 1769 3037 1841 ἐπεισέλθῃ.
3098 1767 3363 1820 πάντοθεν
3422 1765 3684 1831 ἐλαύνεις,

2119 1857 2327 1920 πάντας
2360 1857 2672 1924 συγκαλεῖς,
2702 1857 2798 1908 καὶ
2833 1853 3022 1923 ὥσπερ
3050 1852 3237 1923 θηρίου
3273 1851 3419 1913 τινὸς
3443 1850 3689 1903 ἐπεισελ-

2119 1940 2320 2003 θόντος,
2348 1938 2515 2011 ’ὀδύρῃ
2548 1940 2641 1994 καὶ
2671 1938 2897 2001 στένεις,
2926 1937 3021 1989 καὶ
3052 1933 3336 2007 συμφοράν
3367 1932 3428 1985 τὸ
3454 1934 3689 2005 πρᾶγμα

2120 2026 2305 2089 καλεῖς
2357 2025 2803 2096 ὑπερϐάλλουσαν
2856 2022 2918 2075 τὸ
2970 2020 3062 2073 τὸν
3113 2019 3232 2071 θεόν
3282 2034 3374 2070 σου
3411 2019 3688 2088 παρεῖναι.

2124 2109 2273 2178 Ἐχω
2295 2107 2405 2176 ἐγὼ
2431 2108 2583 2172 Θεὸν,
2615 2107 2709 2160 καὶ
2730 2106 2907 2159 πάντα
2937 2098 3096 2165 ποιῶ,
3116 2102 3255 2154 ὥστε
3286 2100 3446 2153 αὐτὸν
3471 2102 3694 2167 ἐνστερ·

2120 2190 2393 2257 νίσασθω,
2443 2192 2537 2245 καὶ
2587 2189 2961 2262 μακαριότητα
2995 2185 3232 2256 ἐμαυτοῦ
3276 2183 3541 2254 ἡγοῦμαι,
3593 2185 3692 2252 οὐχ

2120 2275 2249 2328 ὅταν
2276 2273 2376 2346 τὴν
2412 2274 2588 2327 οἰκίαν
2615 2273 3012 2341 ἐπισκέπτηται
3050 2272 3150 2339 τὴν
3180 2269 3338 2338 ἐμὴν,
3376 2267 3491 2321 ἀλλ’
3522 2267 3588 2320 ἂν
3612 2269 3693 2329 είς

2114 2358 2221 2435 ετὴν
2253 2359 2482 2429 καρδίαν
2515 2358 2677 2411 αὑτὸν
2709 2356 2920 2409 ἑλκύσω
2960 2354 3060 2425 τὴν
3102 2354 3264 2423 ἐμήν.
3306 2351 3572 2435 Ἕλκυσον
3597 2350 3694 2435 καῖ

2124 2432 2190 2498 σὺ
2211 2444 2271 2498 τὺ
2294 2441 2406 2514 πῦρ
2427 2446 2507 2505 εἰς
2536 2441 2633 2512 τὴν
2653 2440 2880 2511 καρδίαν
2900 2438 2997 2508 τὴν
3026 2438 3144 2507 σήν.
3169 2436 3348 2498 Γέλως
3375 2432 3569 2496 ταῦτα,
3596 2433 3695 2487 καί⁵

2127 2526 2444 2600 ματαιότης.
2480 2526 2657 2579 Καλὸν
2685 2525 2746 2578 τὸ
2784 2523 2895 2595 πῦρ
2924 2524 3005 2585 εἰς
3034 2522 3252 2592 χρῆσιν,
3278 2520 3380 2573 οὐκ
3406 2520 3487 2581 είς
3521 2535 3693 2586 προσ-

2124 2611 2384 2681 κύνησιν·
2433 2611 2511 2673 είς
2554 2606 2851 2670 διακονίαν,
2887 2606 2967 2669 είς
3000 2602 3324 2675 ὑπηρεσίαν,
3349 2604 3430 2665 είς
3472 2602 3532 2654 τὸ
3570 2600 3693 2654 δου-

2124 2694 2301 2748 λεύειν
2332 2692 2476 2764 ἐμοὶ,
2509 2693 2607 2745 οὐκ
2639 2692 2719 2753 είς
2748 2690 2809 2743 τὸ
2836 2690 3059 2760 κρατεῖν
3094 2685 3226 2757 ἐμοῦ
3252 2702 3267 2717 ο
3300 2688 3475 2739 ἐκεῖνο
3498 2685 3564 2737 δι’
3594 2684 3695 2755 ἐμὲ

2126 2777 2369 2847 γέγονεν,
2398 2772 2638 2853 ούκργὼ
2668 2774 2735 2827 δι’
2767 2773 2917 2825 αὑτό.
2946 2772 3009 2824 El
3033 2771 3355 2840 προσκυνεῖς
3384 2768 3444 2821 τὸ
3478 2767 3607 2853 πῦρ,
3640 2765 3694 2853 τί

2126 2861 2287 2922 αὐτὸς
2318 2859 2415 2930 μὲν
2459 2848 2551 2911 ἐπὶ
2582 2857 2681 2926 τῆς
2723 2854 2911 2924 κλίνης
2953 2854 3297 2915 κατάκεισαι,
3342 2849 3590 2922 μαγείρῳ
3635 2848 3694 2902 δὲ

2127 2943 2367 3007 κελεύεις
2395 2942 2730 3012 παρεστάναι
2753 2957 2845 2992 σου
2870 2937 2948 3009 τῷ
2970 2937 3075 3007 θεῷ
3096 2954 3109 3001 ;
3137 2936 3306 2998 Αὐτὸς
3322 2934 3573 3001 ἀνάδεξαι
3599 2934 3696 3005 τὴν

2130 3027 2480 3099 μαγειρικὴν,
2511 3024 2604 3077 καὶ
2628 3022 2929 3093 ἀρτοκόπος
2963 3018 3143 3089 γενοῦ,
3169 3020 3217 3071 εἰ
3243 3017 3443 3087 βούλει,
3466 3018 3559 3071 καὶ
3576 3016 3699 3088 χαλ-

2128 3110 2279 3174 κεύς.
2325 3109 2493 3162 Οὐδὲν
2546 3106 2655 3176 γὰρ
2698 3105 2903 3158 τούτων
2949 3103 3056 3156 τῶν
3100 3102 3304 3171 τεχνῶν
3349 3100 3695 3171 τιμιώτερον,

2127 3192 2315 3262 ἐπειδὴ
2342 3190 2515 3243 ταῦτα
2541 3191 2569 3242 6
2606 3189 2696 3252 σὸς
2726 3188 3111 3241 ἐπισκέπτεται
3142 3184 3282 3248 θεός.
3313 3184 3379 3236 Τί
3410 3183 3567 3255 ὓϐριν
3588 3184 3698 3253 ἡγῇ

2126 3277 2229 3347 τὴν
2259 3276 2477 3345 τέχνην,
2513 3272 2639 3326 ἔνθα
2692 3288 2786 3324 σου
2820 3270 2985 3332 πολὺς
3015 3272 3043 3322 6
3083 3269 3231 3332 οεός;
3271 3268 3323 3321 τί
3351 3269 3464 3329 τοῖς
3492 3264 3699 3328 δούλοις

2128 3360 2454 3423 ἐπιτάττεις,
2473 3357 2636 3421 αὐτὸς
2650 3357 2707 3409 δὲ
2727 3357 2786 3409 οὐ
2803 3354 3078 3418 καταξιοῖς
3099 3370 3111 3414 ;
3136 3351 3317 3405 Καλὸν
3336 3348 3396 3403 τὸ
3423 3349 3539 3421 [92]
3562 3348 3697 3419 πῦρ,

2128 3444 2312 3513 ἐπειδὴ
2349 3444 2444 3497 καὶ
2475 3440 2643 3496 καλοῦ
2673 3436 3031 3511 δημιουργοῦ,
3066 3436 3181 3490 ἀλλ’
3229 3436 3290 3488 οὐ
3335 3434 3456 3496 θεός
3479 3452 3493 3465 ·
3540 3433 3700 3505 ἔργον

2127 3528 2237 3599 γάρ
2287 3528 2445 3591 Θεοῦ,
2512 3526 2573 3579 ού
2623 3525 2745 3586 θεὸς
2794 3521 3017 3591 ἐκλήθη.
3075 3520 3187 3589 Οὐχ
3238 3520 3369 3589 ὁρᾷς
3427 3516 3592 3570 αὐτοῦ
3639 3516 3701 3570 τὸ

2128 3611 2362 3673 ἀτακτον
2383 3628 2400 3674 ;
2425 3609 2541 3672 πῶς
2569 3609 2697 3662 ὅταν
2720 3604 3045 3674 ἐπιλάϐηται
3071 3602 3266 3665 οἰκίας,
3290 3600 3526 3671 οὐδαμοῦ
3551 3600 3700 3653 ἵστα·

2128 3712 2257 3761 ται;
2291 3692 2404 3747 ἀλλ’
2435 3693 2529 3745 ἐὰν
2556 3694 2654 3761 σχῇ
2692 3688 2893 3760 συνεχῆ
2925 3704 3066 3750 τινα,
3096 3687 3271 3741 πάντα
3299 3685 3569 3755 καθαιρεῖ,
3595 3683 3701 3737 κᾶν

2134 3778 2209 3850 μὴ
2237 3777 2500 3832 τεκτόνων
2526 3772 2761 3845 χεῖρεςή
2790 3773 2883 3826 καὶ
2912 3773 3087 3825 ἄλλων
3115 3770 3279 3823 τινῶν
3313 3770 3574 3823 σϐἐσωσιν
3598 3766 3701 3820 αύ-

2130 3847 2223 3915 τοῦ
2250 3861 2348 3931 τὴν
2384 3859 2598 3929 μανίαν,
2630 3856 2691 3910 ού
2725 3855 2911 3926 φίλους
2941 3850 3103 3915 οἶδεν,
3138 3854 3199 3906 οὐ
3234 3850 3544 3921 πολεμίους,
3581 3847 3701 3903 ἀλλ’

2130 3943 2328 4016 ὁμοίως
2354 3944 2488 3996 πᾶσι
2528 3941 2811 4011 κέχρηται.
2848 3936 3020 3992 Τοῦτο
3051 3933 3144 3988 οὖν
3185 3935 3324 3998 θεὸς,
3355 3932 3450 3987 καὶ
3487 3934 3585 3987 οὐκ
3615 3934 3703 3987 αί-

2134 4027 2423 4099 σχύνεσθε;
2453 4028 2660 4087 Ὄντως
2688 4023 2869 4086 καλῶς
2893 4017 3067 4075 εἶπενο
3102 4018 3206 4073 Ἑν
3225 4020 3570 4086 ματαιότητι
3592 4016 3702 4072 τοῦ

2130 4112 2273 4177 νοὸς
2307 4108 2525 4165 αὐτῶν.
2567 4105 2705 4160 Ἀλλ’
2738 4107 2766 4158 6
2796 4104 2969 4175 ἥλιος,
3004 4103 3160 4172 φησὶ,
3193 4100 3334 4164 θεός.
3369 4101 3538 4153 Τοῦτο
3566 4099 3698 4169 γάρ,

2133 4195 2254 4249 εἰπέ
2292 4212 2402 4264 μοι,
2436 4192 2621 4254 πόθεν,
2662 4189 2757 4244 καὶ
2794 4188 2882 4242 διὰ
2920 4188 3004 4253 τίς
3037 4188 3119 4240 ὅτι
3152 4184 3267 4254 φῶς
3301 4184 3493 4252 ἀφίησι
3527 4182 3700 4247 πολύς

2146 4277 2285 4332 Ἀλλ’
2313 4278 2411 4346 οὐχ
2435 4276 2569 4347 ὁρᾷς
2599 4272 2762 4327 αὑτὸν
2788 4269 3086 4341 νικώμενον
3112 4266 3217 4321 ὑπὸ
3244 4267 3355 4319 τῶν
3381 4269 3576 4334 νεφῶν,
3606 4264 3704 4317 καὶ

2132 4362 2348 4433 ἀνάγκῃ
2374 4359 2693 4413 δουλεύοντα
2725 4355 2961 4425 φύσεως,
2998 4354 3092 4405 καὶ
3126 4350 3443 4433 ἐκλείποντα
3472 4348 3567 4401 καὶ
3586 4348 3703 4433 ,ὑπὸ

2134 4432 2363 4518 σελήνης
2406 4446 2500 4499 καὶ
2534 4442 2726 4512 νέφους
2763 4438 3171 4511 κρυπτόμενονς
3212 4432 3403 4518 Καίτοι
3444 4449 3508 4499 γε
3540 4432 3702 4518 νέφος

2132 4515 2519 4596 ἀσθενέστερον
2548 4525 2724 4596 ἡλίου,
2754 4522 2867 4575 ἀλλ’
2900 4522 3048 4588 ὅμως
3075 4515 3345 4587 πολλαχοῦ
3378 4516 3582 4586 κρατεῖ,
3608 4515 3703 4567 καὶ

2132 4612 2294 4665 τοῦτο
2325 4610 2382 4663 δὲ
2420 4611 2518 4680 τῆς
2550 4608 2642 4661 τοῦ
2679 4606 2813 4659 Θεοῦ
2857 4603 3047 4671 σοφίας
3079 4600 3240 4671 ἔργον
3271 4597 3439 4651 ἐστίν.
3484 4598 3540 4651 '0
3570 4596 3703 4660 Θεὸς

2134 4693 2420 4765 παναρκὴς
2452 4688 2588 4745 εἶναι
2627 4689 2849 4760 ὀφείλει,
2884 4682 3039 4749 οὗτος
3080 4685 3135 4738 δὲ
3179 4682 3391 4737 πολλῶν
3435 4684 3581 4765 ἐστιν
3611 4683 3702 4765 ἐν·

2134 4779 2260 4849 δεής
2282 4764 2297 4806 έ
2319 4777 2479 4829 τοῦτο
2499 4774 2556 4828 δέ
2585 4773 2686 4827 οὐκ
2707 4772 2822 4825 ἐστι
2852 4768 3008 4822 Θεοῦ.
3037 4770 3216 4821 Δεῖται
3249 4765 3359 4835 γὰρ
3385 4764 3542 4833 ἀέρος
3566 4764 3703 4833 πρὸς

2134 4862 2196 4915 τὸ
2227 4862 2413 4931 φᾶναι,
2442 4860 2534 4912 καὶ
2561 4856 2721 4926 ἀέρος
2744 4852 2944 4907 λεπτοῦ
2965 4869 2979 4882 ⁸
3009 4851 3084 4914 ὡς
3110 4851 3136 4903 ὃ
3162 4868 3225 4920 γε
3254 4850 3457 4919 σφόδρα
3488 4864 3705 4931 πυκνω-

2136 4929 2249 5008 θεὶς
2276 4945 2375 4998 οὐκ
2397 4942 2590 5011 ἀφίησι
2613 4938 2710 5010 τὴν
2733 4939 2923 4991 ἀκτῖνα
2945 4933 3187 4987 διαδῦναι
3211 4949 3223 4963 '
3254 4932 3427 4985 δεῖται
3450 4931 3542 4982 καὶ
3573 4929 3703 4982 ὕδα-

2136 5045 2247 5093 τος,
2273 5027 2368 5080 καὶ
2395 5027 2582 5095 ἐτέρου
2611 5022 2705 5075 τοῦ
2729 5022 3034 5090 ἐπέχοντος,
3066 5016 3205 5069 ὥστε
3237 5015 3313 5085 μὴ
3343 5012 3701 5082 καταφλέξαι.

2138 5112 2203 5165 Εἰ
2230 5110 2339 5181 γὰρ
2367 5107 2442 5179 μὴ
2476 5094 2649 5177 πηγαὶ
2681 5104 2776 5159 καὶ
2794 5104 2981 5172 λίμναι
3011 5100 3106 5153 καὶ
3129 5097 3363 5167 ποταμοὶ
3390 5094 3705 5181 καὶλθάλασ-

2142 5178 2391 5249 σαιίτινά
2433 5178 2713 5261 ίὺγρότητα
2755 5187 2842 5239 διὰ
2871 5186 2971 5255 τῆς
3007 5183 3117 5236 τῶν
3149 5181 3336 5250 ἀτμῶν
3368 5178 3704 5261 συνέστησαν

2139 5278 2463 5339 ἀναδόσεως,
2514 5259 2681 5326 οὐδὲν
2742 5270 2808 5324 ἂν
2869 5266 3139 5320 ἐκώλυσεν
3194 5260 3580 5332 ἐκπρωθῆναι
3634 5259 3703 5339 τά

2141 5362 2336 5416 πάντα.
2373 5337 2535 5427 Ὁρᾷς
2556 5351 2668 5418 οὖν,
2696 5352 2880 5422 φησὶν,
2904 5350 2991 5403 ὅτι
3018 5348 3165 5413 θεός;
3200 5346 3387 5427 ’Ὢῗτῆς
3414 5341 3607 5427 μανίας
3626 5337 3706 5427 {ib

2139 5443 2232 5498 τοῦ
2280 5422 2547 5510 γέλωτοςί
2586 5434 2791 5506 ἐπειδὴ.
2829 5434 2987 5503 φησὶ,
3024 5426 3501 5510 βλάψαιῌδύναται,
3534 5422 3704 5510 θεός.

2143 5527 2253 5581 Καὶ
2429 5522 2515 5575 διὰ
2542 5520 2698 5574 τοῦτο
2740 5518 2800 5571 οὐ
2832 5517 2970 5578 θεὸς,
3003 5515 3083 5566 ὃτι
3116 5515 3172 5564 ἐν
3201 5506 3280 5595 οἷς
3312 5510 3431 5595 μεν-
3452 5507 3703 5595 βλάπτει,

2142 5587 2361 5670 οὐδενὸς,
2375 5608 2563 5669 δεῖται,
2593 5605 2650 5654 ἐν
2670 5598 2747 5665 οἷς
2776 5600 2831 5652 δὲ
2860 5598 3078 5665 ὠφελεῖ,
3107 5594 3317 5646 πολλῶν
3347 5592 3548 5661 ἐτέρων
3573 5587 3706 5659 χρῂο

2144 5693 2228 5756 ζει
2253 5707 2265 5722 ’
2293 5688 2427 5743 Θεοῦ
2460 5689 2514 5740 δὲ
2556 5687 2615 5739 τὸ
2654 5686 2751 5755 μὲν
2785 5682 3065 5753 βλάπτειν,
3122 5678 3326 5747 πόρρω,
3360 5674 3421 5726 τὸ
3458 5672 3513 5723 δὲ
3557 5671 3701 5737 ὠφε-

2144 5776 2276 5839 λεῖν,
2314 5774 2531 5827 οἰκεῖον.
2572 5754 2736 5821 Ὅταν
2765 5762 2856 5819 οὗν
2907 5764 2967 5815 τὸ
3011 5762 3253 5816 ἐναντίον
3296 5754 3352 5831 ᾖ,
3398 5756 3513 5819 πῶς
3548 5754 3704 5819 θεόςς
