4060 6400
384 340 455 397 39
1294 328 1358 384 IN
1396 325 1615 383 EPIST.
1659 326 1747 379 AD
1787 324 2027 379 EPllES.
2067 325 2221 379 car.
2268 324 2354 378 Iv.
2399 325 2631 382 ltOMlL.
2676 327 2789 383 xu.
3176 308 3196 328 ‘
3588 338 3669 390 alr

386 471 507 512 cum
534 453 601 507 de
623 449 925 505 humilitate
951 443 1293 501 disseruisset
1318 453 1371 497 et
1401 442 1469 496 de
1499 442 1716 501 unione.
1746 449 1799 493 et
1824 439 1965 508 quod

391 563 495 600 ltoll
528 550 771 611 oporteat
798 539 1026 592 alterum
1054 544 1238 589 contra
1262 534 1489 587 altermn
1523 532 1818 600 insurgere,
1844 528 1967 582 audi

388 636 516 707 quid
545 635 686 688 dicat
716 649 731 686 :
768 629 881 683 Hoc
906 645 1024 699 ergo
1056 627 1169 679 dico
1196 635 1242 678 et
1274 624 1512 693 testiﬁcor
1551 624 1604 675 in
1644 621 1882 681 Domino,
1914 630 1969 673 ut

379 734 493 801 jam
515 744 617 781 non
643 722 911 779 antbuletis
940 723 1069 773 sicut
1096 728 1142 772 et
1173 727 1340 787 gentes
1366 715 1644 769 ambulant.
1671 713 1785 767 Non
1812 712 1966 776 dixit,

387 822 505 877 Non
532 818 763 891 amplius
788 812 1073 870 ambuletis
1103 811 1240 865 sicut
1274 807 1560 863 ambulatis
1590 821 1605 870 ;
1638 805 1799 859 nimis
1826 804 1967 857 enim

389 914 650 985 pungitea
687 911 889 972 oratio;
923 906 1017 962 sed
1048 905 1277 973 idipsum
1304 901 1518 971 quidem
1546 898 1881 971 signiﬁcavit,
1900 897 1968 951 ab

387 1009 505 1063 aliis
525 1015 703 1058 autem
727 1001 876 1057 duxit
897 999 1220 1067 exemplum.
1251 996 1419 1051 Porro
1439 994 1505 1048 ad
1525 991 1969 1048 Thessalonicen-

388 1115 475 1154 ses
504 1111 720 1168 quoque
746 1094 1005 1156 scribens,
1041 1090 1143 1144 hoc
1186 1087 1313 1142 facit
1338 1086 1524 1141 dicens
1558 1102 1571 1137 :
1615 1084 1735 1138 Non
1764 1084 1818 1137 in
1845 1100 1966 1152 pas-

387 1192 527 1245 sione
550 1188 785 1243 desiderii
815 1186 945 1239 sicut
974 1192 1020 1237 et
1043 1191 1237 1236 eceterae
1260 1189 1429 1251 gentes
1455 1178 1474 1249 (
1502 1180 1553 1233 l.
1580 1177 1763 1232 Thess.
1791 1177 1845 1231 4.
1870 1175 1965 1244 5).

390 1286 471 1340 Ab
510 1284 746 1346 illorum,
777 1278 969 1349 inquit,
998 1273 1335 1345 dogmatibus
1357 1270 1654 1328 dissentitis
1682 1286 1697 1334 ;
1735 1269 1829 1325 sed
1866 1268 1969 1323 hoc

390 1389 558 1434 totum
587 1379 681 1434 Dei
722 1394 737 1431 :
769 1390 869 1446 ego
896 1381 1075 1428 autem
1115 1386 1177 1425 ea
1223 1382 1406 1439 quaero
1433 1382 1554 1436 quae
1585 1381 1616 1420 a
1653 1364 1807 1419 vobis
1844 1372 1970 1417 sunt

391 1470 713 1542 prtestanda,
757 1468 942 1530 vitam,
986 1473 1042 1520 et
1080 1463 1191 1518 Deo
1221 1468 1602 1530 congruentem
1648 1456 1968 1511 ambulatio-

391 1581 510 1619 nem
536 1583 550 1617 :
585 1563 686 1618 hoc
714 1571 798 1615 est
825 1568 1085 1613 vestrum.
1111 1555 1328 1611 Testem
1350 1561 1528 1607 autem
1557 1551 1769 1622 appello
1789 1550 1968 1605 Domi-

390 1673 515 1712 num
558 1670 744 1710 eorum
785 1668 905 1724 qua:
937 1666 967 1705 a
995 1666 1082 1705 me
1106 1649 1247 1705 dicta
1274 1656 1421 1713 sunt,
1459 1644 1601 1716 quod
1628 1650 1734 1700 non
1778 1645 1967 1698 reticui

390 1764 489 1804 nec
535 1745 848 1817 suppressi,
896 1742 991 1797 sed
1050 1740 1161 1797 dixi
1209 1737 1658 1810 quemadmodum
1713 1744 1960 1805 OporIcat

388 1840 682 1897 ambulare.
713 1839 781 1893 In
808 1838 1049 1900 vanitate,
1096 1833 1290 1905 inquit,
1329 1848 1506 1887 sensus
1546 1832 1795 1900 ipsorum.
1831 1828 1968 1897 Quid

389 1943 473 1989 est
490 1946 680 1989 sensus
697 1946 789 1987 seu
808 1928 1005 1985 mentis
1028 1926 1274 1981 vanitas?
1292 1923 1503 1979 Versari
1527 1923 1580 1977 in
1610 1923 1772 1978 rebus
1797 1921 1966 1975 vanis.

389 2028 645 2095 Quantam
676 2033 854 2078 autem
884 2030 1008 2077 sunt
1029 2036 1187 2086 vana,
1217 2018 1318 2073 nisi
1341 2018 1516 2072 omnia
1546 2015 1826 2087 prmsentia
1854 2015 1878 2067 τ
1902 2013 1970 2069 de

387 2118 581 2188 quibus
625 2117 756 2171 dicit
799 2113 1168 2175 Ecclesiastes,
1212 2109 1420 2164 Vanitas
1469 2109 1773 2171 vanitatum,
1799 2105 1971 2159 omnia

389 2214 585 2267 uanitas
610 2209 805 2279 (Eccle.
832 2207 882 2262 Ι.
905 2205 988 2276 2).
1019 2204 1125 2261 Sed
1151 2203 1292 2257 dicet
1308 2199 1590 2272 quispiam,
1613 2197 1669 2254 Si
1691 2206 1815 2252 sunt
1835 2212 1969 2251 vana

389 2313 446 2359 et
467 2303 691 2367 vanitas,
714 2314 942 2372 quanam
965 2298 1033 2353 de
1061 2310 1219 2352 causa
1241 2296 1378 2350 facta
1409 2293 1577 2348 sunt?
1603 2293 1647 2346 si
1672 2292 1763 2347 Dei
1783 2306 1965 2361 opera,

389 2395 657 2466 quomodo
685 2402 811 2448 sunt
831 2390 1006 2446 vana?
1029 2398 1086 2445 et
1112 2389 1275 2443 multa
1296 2386 1365 2442 dc
1386 2386 1469 2442 his
1495 2385 1657 2440 verba
1684 2384 1836 2438 ﬁunt.
1864 2382 1969 2439 Sed

390 2488 535 2553 audi,
564 2502 598 2540 o
617 2486 829 2541 dilecte.
857 2484 975 2539 Non
1000 2482 1098 2538 Dei
1119 2496 1282 2552 opera
1308 2478 1445 2535 dixit
1471 2494 1630 2542 vana,
1656 2478 1796 2533 absit
1820 2494 1832 2530 :
1858 2492 1965 2530 non

390 2590 475 2635 est
511 2578 702 2633 eaalum
746 2592 939 2631 vanum
961 2617 977 2641 ,
1028 2588 1201 2643 neque
1244 2580 1386 2626 terra
1428 2585 1564 2624 vana
1593 2586 1607 2634 ;
1645 2569 1787 2623 absit
1818 2585 1831 2620 :
1866 2583 1970 2621 non

392 2673 470 2728 sol
490 2715 504 2736 ,
538 2687 639 2727 nec
666 2673 788 2723 luna
809 2710 823 2733 ,
859 2682 958 2723 nec
984 2675 1160 2731 astra,
1188 2679 1289 2720 nec
1314 2676 1509 2731 corpus
1546 2670 1789 2714 nostrum
1818 2678 1831 2715 :
1856 2659 1973 2715 haec

391 2763 536 2818 enim
565 2761 745 2817 omnia
774 2767 899 2814 sunt
922 2757 1078 2812 valde
1104 2756 1244 2811 bona
1278 2772 1292 2809 :
1318 2753 1413 2809 sed
1453 2752 1579 2822 quid
1609 2760 1692 2805 est
1728 2765 1922 2804 vanum
1948 2749 1973 2803 ἲ

393 2853 685 2909 Audiamus
732 2852 905 2921 ipsum
953 2848 1334 2904 Ecclesiastem
1378 2844 1683 2911 dicentem,
1734 2842 1974 2897 Plantavi

393 2947 515 2999 mihi
542 2946 730 3009 vineas,
760 2944 857 3012 feci
886 2941 1013 2996 mihi
1036 2949 1265 2995 cantores
1288 2947 1337 2994 et
1362 2938 1681 3002 cantatrices,
1714 2936 1813 3008 feci
1848 2935 1974 2988 milii

393 3037 614 3108 piscinas
657 3051 904 3105 aquarum
942 3049 963 3087 :
991 3037 1193 3103 fuerunt
1235 3030 1359 3084 mihi
1404 3045 1577 3101 greges
1620 3036 1668 3082 et
1707 3040 1933 3081 armenta
1955 3068 1970 3089 ,

392 3128 531 3198 coegi
568 3144 750 3180 aurum
779 3136 825 3180 et
852 3134 1121 3196 argentum
1148 3140 1167 3188 ,'
1206 3131 1252 3175 et
1284 3121 1385 3174 vidi
1420 3119 1556 3187 quod
1581 3119 1751 3172 omnia
1779 3118 1973 3171 vanitas

394 3223 413 3289 (
441 3219 607 3273 Eccle.
634 3218 689 3271 9..
716 3220 770 3274 5.
803 3233 938 3287 seqq.
966 3217 1020 3284 );
1061 3222 1117 3269 et
1158 3228 1342 3268 rursus
1364 3252 1381 3278 ,
1422 3210 1627 3264 Vanitas
1663 3210 1970 3273 vanitatum,

394 3310 563 3363 omnia
586 3309 801 3363 uanitas.
828 3307 962 3361 Audi
981 3306 1141 3361 etiam
1171 3306 1485 3374 prophetam
1510 3300 1773 3356 dicentem
1800 3319 1813 3354 :
1845 3300 1975 3354 Tlte-

393 3401 636 3465 saurizat,
681 3409 726 3453 et
764 3400 965 3469 ignorat
987 3397 1069 3450 cui
1095 3393 1415 3465 congregabit
1447 3406 1507 3446 ea
1534 3402 1552 3463 (
1576 3390 1723 3445 Psal.
1759 3392 1849 3447 38.
1878 3393 1972 3460 7).

396 3491 505 3545 llac
525 3492 733 3546 ratione
757 3491 960 3543 vanitas
982 3487 1273 3542 vanitatem
1298 3484 1550 3555 prwclara
1572 3482 1815 3548 aediﬁcia,
1840 3483 1974 3537 mul-

397 3590 508 3636 tum
554 3597 742 3636 aurum
800 3589 855 3634 et
899 3578 1309 3640 circumﬂuens,
1356 3590 1542 3645 greges
1584 3574 1971 3642 mancipiorum

393 3675 625 3745 superbe
669 3674 722 3728 in
766 3672 885 3727 foro
916 3670 1257 3731 incedentes,
1288 3668 1457 3722 faStus
1482 3675 1537 3721 et
1559 3666 1726 3736 gloria
1775 3665 1969 3728 inanis,

393 3776 449 3821 et
474 3766 635 3821 elatio
658 3765 853 3820 mentis
875 3772 930 3818 et
963 3760 1285 3832 arrogantia.
1320 3759 1447 3814 Haec
1472 3758 1613 3813 enim
1642 3756 1820 3811 omnia
1849 3765 1975 3811 sunt

392 3872 527 3911 vana
560 3875 573 3912 :
607 3873 711 3911 non
744 3856 889 3910 enim
918 3870 949 3909 a
981 3853 1091 3908 Deo
1119 3852 1257 3906 facta
1296 3858 1439 3913 sunt,
1481 3848 1575 3903 sed
1610 3862 1639 3901 a
1670 3847 1824 3901 nobis
1849 3856 1974 3902 sunt

394 3951 667 4005 fabricata.
690 3950 795 4003 Cur
822 3958 1000 4003 autem
1038 3960 1175 4000 vana
1202 3943 1504 4010 ?Quoniam
1534 3940 1737 3995 nullum
1774 3938 1973 3994 habent

394 4044 593 4099 bonum
625 4042 806 4096 ﬁnem.
984 4104 987 4107 _

467 4135 709 4189 Pecunia:
744 4146 919 4197 vana,
958 4129 1002 4185 si
1031 4137 1391 4184 consumantur
1417 4126 1485 4179 ad
1514 4124 1741 4179 delicias.
1771 4152 1842 4164 ——
1869 4122 1972 4177 Pe-

395 4226 565 4281 cunia:
591 4234 717 4279 sunt
747 4239 917 4287 vanas,
951 4220 1163 4290 quando
1204 4224 1589 4272 consumuntur
1623 4214 1676 4268 in
1707 4213 1929 4268 delicias
1955 4228 1970 4276 ;

396 4334 504 4372 non
534 4328 658 4371 sunt
684 4325 862 4370 autem
902 4328 1082 4377 vanae,
1125 4310 1340 4380 quando
1366 4308 1746 4379 disperguntur
1776 4321 1975 4376 paupe-

396 4410 564 4463 ribus.
606 4406 828 4475 Quando
869 4416 1044 4459 autem
1089 4417 1182 4457 eas
1209 4400 1603 4471 consumpseris
1638 4404 1690 4454 in
1730 4397 1971 4463 delicias,

396 4500 669 4553 videamus
694 4498 935 4567 quisnam
955 4496 1022 4549 sit
1048 4508 1229 4548 earum
1254 4491 1405 4545 ﬁnis:
1428 4490 1691 4560 pinguedo
1711 4488 1972 4558 corporis,

398 4601 601 4653 ructus,
648 4590 825 4652 ﬂatus,
873 4584 1158 4640 multitudo
1203 4583 1478 4650 stercoris,
1519 4581 1757 4652 crapula,
1801 4583 1976 4636 carnis

400 4680 655 4736 mollities
674 4721 689 4744 ,
716 4679 969 4748 calorque
994 4686 1050 4731 et
1088 4674 1390 4730 dissolutio.
1418 4673 1487 4730 Ut
1522 4674 1565 4728 si
1594 4674 1713 4744 quis
1738 4672 1978 4728 infundat

398 4776 452 4829 in
497 4773 697 4828 dolium
738 4770 1064 4842 perforatum
1086 4810 1103 4835 ,
1136 4783 1270 4823 vane
1297 4768 1505 4822 laborat
1536 4785 1549 4820 :
1579 4768 1647 4821 ita
1686 4767 1845 4821 etiam
1885 4767 1975 4836 qui

398 4865 544 4935 degit
573 4865 625 4919 in
657 4862 885 4925 deliciis,
920 4860 1152 4915 infumlit
1178 4859 1229 4912 in
1257 4858 1457 4913 dolium
1487 4862 1834 4927 perforatum.
1866 4856 1975 4911 Va-

399 4975 526 5013 num
554 4958 685 5012 alias
714 4956 908 5010 dicitur
935 4953 1076 5023 quod
1106 4962 1473 5022 exspectatum
1500 4961 1584 5005 cst
1607 4951 1822 5021 quidem
1862 4949 1978 5006 fore

398 5060 457 5104 ut
492 5050 544 5103 in
586 5049 791 5101 honore
830 5055 974 5100 esset
1000 5054 1055 5099 et
1083 5043 1287 5113 pretio,
1318 5059 1424 5097 non
1461 5041 1560 5096 fuit
1584 5052 1761 5095 autem
1793 5060 1805 5095 :
1835 5042 1977 5112 quod

396 5141 561 5195 etiam
588 5137 776 5191 dicunt
803 5136 959 5189 inane
985 5142 1042 5189 et
1069 5147 1192 5202 spes
1216 5133 1403 5187 inanes
1423 5173 1439 5197 ,
1473 5142 1526 5186 et
1556 5131 1607 5185 id
1637 5131 1777 5201 quod
1808 5132 1865 5185 ﬁt
1896 5142 1977 5187 te-

396 5246 548 5287 mere
585 5238 641 5284 et
685 5226 1099 5283 inconsiderate.
1146 5224 1214 5278 Et
1255 5224 1474 5278 omnino
1515 5222 1741 5278 dicimus
1783 5238 1976 5276 vanum

398 5322 654 5394 quidquid
683 5320 748 5375 ad
778 5319 906 5372 nihil
935 5328 1017 5373 est
1049 5316 1196 5371 utile.
1224 5315 1513 5371 Videamus
1536 5332 1663 5387 ergo
1692 5332 1866 5371 annon
1890 5330 1979 5371 res

398 5414 648 5468 humana:
672 5414 779 5465 sint
798 5408 1082 5480 ejusmodi.
1110 5407 1335 5461 Edamus
1356 5418 1398 5461 et
1420 5407 1646 5462 bibamus
1673 5424 1693 5473 ;
1717 5425 1830 5463 cras
1846 5409 1977 5462 enim

398 5507 672 5560 moriemur
701 5504 779 5572 (l.
812 5501 930 5555 Cor.
964 5500 1053 5554 l5.
1087 5498 1200 5569 52).
1231 5498 1359 5566 Quis
1380 5509 1463 5553 est
1490 5502 1976 5570 crgo,dic,qua?so,

400 5596 525 5649 ﬁnis
551 5596 573 5648 ?
604 5594 907 5663 Corruplio.
942 5591 1229 5644 lnduamur
1264 5599 1317 5643 et
1357 5590 1662 5657 vestiantur,
1693 5593 1889 5661 etquis
1918 5592 1979 5645 ii-

402 5688 538 5741 nis?
578 5686 739 5741 Nihil.
784 5685 907 5739 llaec
950 5683 1121 5740 Grmci
1163 5683 1376 5752 quidam
1426 5694 1550 5737 sunt
1595 5686 1976 5756 philosolihati,

401 5780 498 5837 sed
542 5793 676 5835 vane
717 5786 771 5833 et
818 5775 1013 5830 frustra
1049 5791 1061 5828 :
1097 5775 1256 5829 vitam
1308 5776 1872 5841 ostentaruntduram
1924 5788 1977 5835 et

2075 454 2341 507 asperam,
2358 441 2454 496 sed
2482 450 2683 497 temere
2705 443 3188 513 etinconsiderate,
3214 463 3319 501 non
3334 448 3399 501 ad
3426 450 3654 515 aliquem

2076 530 2236 586 ﬁnem
2264 534 2587 603 aSpicientes
2615 536 2802 590 utilem
2820 579 2835 601 ,
2863 537 2957 592 sed
2983 538 3050 592 ad
3083 539 3294 593 inanem
3324 541 3571 610 gloriam,
3604 554 3656 596 et

2075 620 2331 678 honorem
2362 628 2450 695 qui
2475 626 2703 681 habetur
2724 643 2751 679 a
2774 628 2977 682 multis.
3004 629 3140 697 Quid
3173 638 3256 685 est
3279 640 3459 686 autem
3487 631 3659 686 honor

2074 717 2163 785 qui
2194 716 2420 772 habetur
2440 734 2470 773 a
2497 719 2679 774 multis
2706 722 2728 775 ?
2753 720 2916 775 Nihil.
2944 721 3075 776 Nam
3102 723 3149 777 si
3177 722 3211 777 ii
3241 724 3401 779 etiam
3432 736 3659 793 pereunt

2074 822 2103 862 a
2125 809 2317 879 quibus
2341 810 2567 867 habetur
2591 812 2783 879 honor,
2815 814 2985 869 multo
3013 816 3182 885 magis
3209 815 3401 871 honor.
3434 817 3536 883 Qui
3565 818 3657 872 alii

2076 908 2298 969 prmstat
2322 901 2603 966 honorem.
2628 904 2727 959 sibi
2750 906 2898 974 prius
2913 905 3072 962 debet
3087 916 3343 976 praestare
3368 926 3381 962 :
3410 909 3452 961 si
3476 919 3655 963 autem

2074 991 2176 1045 sibi
2222 1008 2331 1047 non
2375 1003 2627 1064 praestat,
2666 997 2937 1067 quomodo
2978 999 3255 1068 praestabit
3280 999 3657 1057 alteri?Nunc

2073 1092 2256 1139 autem
2276 1085 2532 1142 honorem
2551 1089 2837 1157 qumrimus
2853 1090 2920 1145 ab
2938 1091 3244 1157 infamibus,
3263 1092 3331 1148 ab
3353 1093 3657 1148 hominibus

2073 1176 2287 1242 vilibus,
2332 1178 2556 1247 abjeetis
2583 1189 2638 1235 et
2665 1182 3053 1251 ignominiosis.
3085 1182 3394 1254 Cuiusmodi
3420 1201 3549 1258 ergo
3573 1195 3659 1243 est

2073 1265 2162 1322 hic
2188 1267 2360 1322 honor
2386 1270 2410 1323 ?
2887 1314 2907 1334 ,

2143 1361 2196 1416 2.
2240 1358 2386 1432 Ignis
2432 1361 2728 1419 adoratores
2776 1366 3169 1437 redarguuntur.
3200 1366 3461 1424 --Vides
3513 1369 3654 1439 quod

2072 1451 2179 1507 sint
2208 1453 2385 1507 omnia
2425 1456 2632 1511 vanitas
2656 1457 2955 1512 vanitatum
2981 1460 3005 1513 ἲ
3033 1458 3163 1514 Ideo
3190 1459 3432 1525 dicebat,
3464 1460 3532 1515 In
3566 1478 3655 1515 υα-

2074 1546 2231 1599 nitate
2246 1547 2426 1601 mentis
2444 1564 2572 1602 sum.
2602 1548 2706 1605 Sed
2728 1566 2794 1605 an
2820 1566 3007 1606 eorum
3034 1552 3222 1621 religio
3248 1568 3353 1607 non
3377 1562 3460 1608 est
3490 1553 3612 1608 talis
3631 1554 3657 1607 ἲ

2073 1636 2210 1703 Quid
2235 1639 2453 1693 autem?
2480 1654 2658 1695 annon
2687 1641 2826 1712 ligna
2850 1653 2899 1697 et
2925 1643 3128 1712 lapides
3147 1644 3477 1699 adorantur?
3508 1646 3657 1701 Fecit

2074 1730 2229 1786 nobis
2258 1732 2424 1787 solem
2467 1733 2645 1788 lucere
2691 1751 2785 1804 pro
2816 1736 3030 1790 lucerna
3060 1754 3076 1789 :
3112 1737 3231 1807 quis
3281 1753 3435 1791 suam
3469 1738 3658 1793 adorat

2075 1821 2347 1878 lucernam
2378 1824 2402 1876 ?
2444 1825 2536 1880 Sol
2584 1826 2785 1895 prazbet
2811 1827 2985 1883 lucem
3012 1845 3026 1893 ;
3056 1829 3152 1883 sed
3178 1829 3391 1898 quando
3417 1829 3506 1883 ille
3547 1844 3653 1883 non

2074 1924 2280 1985 potest,
2314 1917 2531 1972 lucerna
2561 1929 2737 1989 potest
2770 1942 2783 1976 :
2815 1937 2911 1975 cur
2948 1937 3077 1992 ergo
3108 1938 3215 1976 non
3243 1924 3437 1978 adoras
3478 1924 3653 1978 lucer—

2075 2023 2199 2062 nam
2229 2009 2252 2061 ?
2276 2009 2458 2076 Certe,
2488 2012 2680 2081 inquit,
2707 2012 2876 2068 adoro
2903 2014 3101 2085 ignem.
3129 2016 3174 2071 0
3198 2031 3311 2070 rem
3337 2017 3614 2071 ridiculam
3639 2017 3653 2070 !

2075 2108 2278 2156 tantum
2303 2104 2579 2172 probrum,
2609 2116 2663 2161 et
2701 2122 2805 2160 non
2835 2107 3109 2163 erubescis
3138 2109 3160 2160 ?
3187 2108 3267 2163 En
3301 2103 3485 2163 iursus
3515 2111 3650 2164 alle-

2073 2209 2214 2250 rum.
2243 2193 2350 2249 Cur
2374 2196 2515 2265 quod
2545 2197 2797 2252 aduratur
2821 2200 3116 2268 eXstinguis
3133 2198 3156 2251 ?
3188 2214 3285 2254 cur
3314 2199 3538 2269 perdis?
3561 2216 3657 2254 cur

2074 2284 2235 2339 deum
2268 2294 2415 2340 tuum
2447 2288 2516 2342 de
2546 2287 2725 2342 medio
2754 2289 2894 2343 tollis
2923 2290 2947 2343 ?
2985 2305 3081 2343 cur
3111 2305 3215 2343 non
3262 2292 3395 2344 sinis
3438 2290 3655 2347 domum

2076 2385 2220 2431 tuam
2250 2393 2318 2433 eo
2343 2393 2465 2434 esse
2498 2370 2756 2448 repletam
2788 2382 2811 2433 '3
2836 2380 2968 2435 Nam
2998 2382 3042 2435 si
3076 2382 3212 2451 ignis
3236 2393 3319 2438 est
3348 2383 3503 2449 deus,
3531 2399 3654 2437 cor-

2078 2470 2193 2539 pori
2221 2478 2310 2524 tuo
2338 2470 2707 2537 admoveatur,
2736 2488 2840 2526 non
2863 2472 3029 2527 fundo
3057 2474 3177 2528 ollze
3205 2483 3259 2528 et
3285 2474 3472 2529 lebetis
3495 2474 3656 2530 deum

2074 2558 2326 2633 subjicias
2353 2582 2367 2618 :
2398 2563 2643 2619 introduc
2672 2564 2724 2618 in
2746 2565 2934 2619 cellam
2961 2566 3296 2635 penuariam,
3330 2566 3577 2621 introduc
3604 2568 3657 2621 in

2075 2663 2255 2709 vestes
2278 2654 2500 2710 sericas.
2532 2655 2611 2709 Tu
2640 2666 2818 2711 autem
2848 2672 2952 2710 non
2982 2657 3155 2711 solum
3188 2672 3294 2711 non
3321 2656 3617 2712 introducis
3643 2700 3657 2719 ,

2076 2749 2171 2804 sed
2215 2749 2376 2804 etiam
2424 2749 2470 2805 si
2514 2765 2642 2805 casu
2677 2751 2856 2819 aliquo
2896 2751 3055 2805 fuerit
3084 2752 3393 2821 ingressus,
3422 2752 3661 2821 undique

2076 2858 2200 2897 eum
2239 2842 2428 2912 abigis,
2460 2858 2649 2898 omnes
2676 2844 2925 2911 advocas,
2958 2854 3012 2900 et
3041 2845 3263 2914 perinde
3300 2854 3459 2915 atque
3489 2846 3534 2900 si
3574 2846 3655 2899 in—

2076 2950 2258 3004 gressa
2298 2935 2369 2989 sit
2406 2934 2520 2991 fera
2565 2935 2739 3005 aliqua
2761 2977 2776 3001 ,
2808 2938 2879 2991 ita
2909 2946 2963 2991 et
2994 2936 3091 2991 ﬁes
3130 2946 3187 2991 et
3228 2937 3535 3007 ingemiscis
3556 2978 3569 3000 ,
3600 2946 3659 2991 et

2078 3025 2216 3081 hanc
2259 3040 2372 3081 rem
2414 3042 2574 3081 vocas
2611 3026 2970 3082 calamitatem
3002 3028 3295 3098 ingentem,
3344 3022 3659 3098 quod'deus

2078 3127 2199 3173 tuus
2227 3118 2388 3173 adsit.
2414 3118 2597 3173 Habeo
2622 3133 2750 3189 ergo
2775 3119 2966 3181 Deum,
2990 3128 3045 3174 et
3073 3120 3251 3174 omnia
3290 3120 3425 3173 facio
3452 3128 3511 3174 ut
3534 3135 3657 3174 eum

2078 3219 2293 3278 pectore
2320 3226 2441 3265 meo
2476 3211 2822 3280 complectar,
2854 3221 2909 3265 ct
2945 3226 3119 3266 meam
3148 3213 3406 3268 existimo
3432 3212 3658 3267 felicita-

2078 3311 2208 3368 tem,
2254 3317 2362 3357 non
2401 3303 2615 3373 quando
2640 3303 2858 3358 domum
2886 3320 3062 3359 meam
3092 3305 3295 3369 invisit,
3324 3304 3418 3359 sed
3446 3304 3660 3374 quando

2076 3410 2199 3449 eum
2233 3404 2443 3449 traxero
2477 3395 2545 3449 ad
2574 3410 2669 3450 cor
2702 3412 2899 3451 meum.
2942 3396 3022 3451 Tn
3064 3412 3277 3466 quoque
3306 3397 3457 3452 trahe
3482 3397 3659 3466 ignem

2076 3485 2145 3541 ad
2171 3501 2265 3541 cor
2292 3498 2462 3541 tuum.
2491 3487 2615 3542 Harc
2653 3497 2780 3543 sunt
2806 3488 3028 3543 ridicula
3059 3497 3115 3543 et
3149 3489 3385 3541 vanitas.
3407 3486 3547 3557 Ignis
3572 3503 3662 3543 res

2078 3577 2214 3632 bona
2237 3588 2318 3632 est
2346 3578 2413 3632 ad
2435 3593 2613 3646 usum,
2642 3594 2748 3636 non
2779 3579 2844 3634 ad
2872 3579 3237 3634 adoratiouem
3262 3597 3277 3646 ;
3307 3579 3374 3633 ad
3415 3579 3657 3635 ministe-

2076 3670 2215 3724 rium
2243 3678 2299 3724 et
2325 3670 2624 3735 servitium,
2665 3679 2721 3726 et
2747 3680 2803 3725 ut
2828 3670 2959 3725 mihi
2994 3673 3227 3737 serviat,
3277 3686 3383 3725 non
3413 3671 3547 3726 utin
3574 3688 3660 3726 me

2077 3759 2317 3815 obtineat
2345 3761 2627 3831 imperium
2659 3772 2717 3817 et
2743 3762 3075 3817 dominatum
3125 3782 3138 3818 :
3188 3764 3276 3818 ille
3319 3774 3541 3833 propter
3571 3782 3657 3818 me

2077 3851 2248 3907 factus
2271 3862 2375 3919 est,
2410 3869 2514 3907 non
2541 3869 2642 3923 ego
2668 3863 2889 3924 propter
2929 3853 3123 3925 ipsum.
3151 3856 3205 3911 Si
3238 3857 3413 3926 ignem
3442 3857 3657 3921 adoras,

2077 3959 2174 3999 cur
2193 3944 2531 4015 ipsequidem
2552 3946 2701 4015 jaces
2721 3946 2775 4001 in
2801 3947 2959 4013 Icelo,
2977 3962 3151 4016 coquo
3170 3958 3347 4002 autem
3372 3957 3461 4001 tuo
3482 3948 3659 4019 jnbes,

2078 4037 2149 4091 sit
2178 4051 2342 4106 prope
2380 4037 2539 4092 deum
2571 4047 2717 4093 tuum
2748 4039 2772 4093 ?
2812 4038 2932 4107 Ipse
2954 4050 3124 4092 artem
3157 4039 3370 4109 suscipe
3408 4040 3663 4108 coquina-

2078 4128 2235 4193 riam,
2264 4137 2321 4182 et
2344 4128 2515 4198 pistor
2540 4128 2780 4192 efﬁcere,
2820 4139 2913 4183 aut
2941 4129 2985 4184 si
3014 4133 3203 4194 mavis,
3237 4127 3388 4184 faber
3415 4129 3659 4183 :erarius.

2077 4218 2219 4274 Nihil
2263 4228 2348 4274 est
2392 4219 2535 4274 enim
2580 4218 2664 4275 his
2708 4221 2915 4275 artibus
2946 4220 3347 4286 honorabilius,
3379 4235 3499 4275 cum
3526 4220 3658 4275 deus

2079 4318 2200 4364 tuus
2228 4325 2320 4365 eas
2341 4310 2535 4364 invisat
2559 4320 2614 4365 et
2638 4326 2819 4365 earum
2841 4326 3023 4366 curam
3050 4320 3219 4379 gerat.
3245 4312 3382 4378 Quid
3406 4313 3660 4382 probrum

2077 4416 2141 4456 ac
2169 4401 2404 4457 dedecus
2445 4402 2719 4457 existimas
2746 4413 2937 4468 artem,
2982 4404 3071 4458 ubi
3110 4404 3243 4460 deus
3283 4414 3406 4461 tuus
3434 4416 3517 4461 est
3544 4408 3649 4461 fre-

2079 4495 2291 4564 quens?
2311 4510 2407 4549 cur
2431 4495 2602 4549 servis
2629 4495 2871 4559 mandas,
2903 4498 3015 4565 ipse
3041 4508 3216 4552 autem
3246 4514 3352 4552 non
3381 4499 3663 4569 dignaris?

2080 4585 2224 4639 Bona
2246 4600 2331 4641 res
2349 4595 2433 4640 est
2456 4586 2614 4657 ignis,
2640 4587 2890 4658 quoniam
2916 4588 3037 4642 boni
3066 4598 3149 4643 est
3177 4590 3405 4660 opiﬁcis,
3436 4591 3531 4646 sed
3555 4609 3660 4667 non

2080 4676 2215 4731 deus
2246 4693 2259 4730 :
2288 4691 2423 4745 opus
2451 4677 2596 4732 enim
2624 4677 2741 4745 Dei,
2775 4693 2879 4732 non
2908 4679 3042 4734 deus
3072 4690 3155 4735 est
3192 4682 3510 4751 appellatus.
3540 4683 3656 4738 Non

2081 4767 2229 4822 vides
2255 4767 2371 4837 ejus
2399 4768 2743 4838 petulantiam
2773 4770 2797 4821 ?
2825 4771 3093 4840 quomodo
3117 4773 3330 4841 quando
3354 4775 3545 4828 domos
3568 4791 3663 4844 ap-

2081 4860 2449 4930 prehenderit,
2477 4875 2737 4933 nusquam
2764 4878 2822 4917 se
2840 4865 3014 4930 sistat,
3034 4865 3128 4919 sed
3149 4865 3194 4919 si
3210 4866 3383 4936 aliqua
3406 4867 3661 4933 tenuerit,

2082 4951 2261 5005 omnia
2288 4951 2486 5021 diruat,
2517 4962 2573 5009 et
2596 4953 2697 5007 nisi
2727 4954 2998 5009 fabrorum
3027 4966 3119 5010 aut
3144 4956 3443 5026 aliquorum
3474 4974 3665 5013 manus

2082 5046 2313 5099 furorem
2355 5045 2472 5113 ejus
2513 5046 2902 5111 exstinxerint,
2951 5062 3057 5101 non
3095 5048 3297 5103 amicos
3338 5058 3518 5115 nom,
3555 5065 3662 5103 non

2085 5139 2293 5205 hostes,
2325 5137 2419 5193 sed
2446 5138 2694 5193 omnibus
2722 5138 2970 5194 similiter
3012 5142 3221 5195 utitur?
3248 5142 3465 5197 lliccine
3507 5141 3661 5207 deus,

2084 5246 2185 5285 nec
2222 5246 2317 5285 vos
2359 5231 2563 5301 pudet?
2601 5231 2679 5286 Re
2706 5247 2833 5286 vera
2881 5232 3103 5303 pulchre
3143 5234 3295 5299 dixit,
3338 5233 3406 5289 In
3446 5235 3667 5288 vanitate

2084 5322 2264 5374 mentis
2284 5337 2410 5375 sua}.
2438 5322 2507 5375 At
2536 5323 2615 5376 sol
2641 5331 2722 5376 est
2746 5365 2762 5388 ,
2788 5324 2988 5394 inquit,
3022 5324 3173 5379 deus.
3209 5324 3302 5380 Dic
3324 5325 3488 5390 mihi,
3521 5324 3665 5380 unde

2084 5411 2137 5465 id
2178 5421 2233 5467 et
2270 5414 2482 5477 quare?
2519 5412 2781 5479 Quoniam
2826 5414 3049 5468 multam
3093 5415 3289 5470 emittit
3330 5417 3520 5470 lucem.
3559 5417 3665 5471 Sed

2085 5520 2190 5557 non
2224 5504 2371 5559 vides
2393 5520 2512 5559 eum
2540 5506 2731 5560 vincia
2766 5507 3017 5573 nubibus,
3046 5518 3101 5563 et
3138 5508 3341 5564 servire
3363 5511 3667 5565 necessitati

2086 5604 2311 5660 naturae,
2343 5604 2398 5649 et
2425 5595 2655 5651 deiicere
2677 5606 2731 5651 et
2752 5597 3008 5653 abscondi
3035 5614 3063 5651 a
3089 5599 3213 5653 luna
3243 5609 3297 5654 et
3322 5601 3667 5671 nube?atqui

2086 5688 2256 5743 nubes
2281 5699 2363 5744 est
2378 5689 2494 5743 sole
2520 5688 2855 5754 imbecillior,
2874 5689 2971 5745 sed
2992 5699 3167 5745 tamen
3191 5706 3334 5761 smpe
3355 5694 3406 5746 in
3433 5709 3554 5746 eum
3572 5693 3666 5746 οξ)-

2088 5778 2221 5834 tinet
2240 5778 2673 5848 dominatum;ct
2698 5778 2801 5836 hoc
2821 5788 2903 5837 cst
2925 5796 3057 5852 opus
3084 5781 3177 5838 Dei
3206 5783 3498 5854 sapientiae.
3527 5783 3668 5839 Deus
