4060 6400
411 318 473 373 εις
1136 305 1192 361 S.
1231 301 1505 361 JOANNIS
1542 294 2008 356 CIIRYSOSTOMI
2051 294 2364 351 ARCIIIEP.
2400 294 2930 353 CONSTANTINUP.
3623 303 3693 360 92

412 434 574 489 debet
601 445 721 487 esse
754 428 900 484 omni
922 442 989 483 ex
1016 433 1165 494 parte
1198 422 1494 486 sufficiens,
1532 420 1617 475 hic
1653 434 1783 475 vero
1820 415 2000 471 multis

413 524 613 593 indiget
642 540 656 576 :
688 521 790 575 hoc
811 528 989 573 autem
1014 531 1120 573 non
1137 525 1219 570 est
1245 515 1357 569 Dei.
1383 515 1520 570 Aere
1546 513 1687 567 enim
1713 510 1909 579 indiget
1934 507 1999 560 ad

416 616 725 679 lucentium,
759 626 931 682 eoque
960 609 1178 673 subtili;
1214 623 1334 662 nam
1367 606 1455 677 qui
1486 614 1569 661 est
1588 602 1741 657 valde
1763 614 1997 663 crassus,

413 724 520 762 non
549 706 676 760 sinit
699 702 925 759 transire
946 700 1151 755 radium
1179 721 1191 754 :
1223 714 1357 769 aqua
1380 698 1539 752 etiam
1564 695 1783 765 indiget,
1809 703 1863 748 et
1889 692 1996 745 alio

413 800 554 872 quod
581 814 703 855 eum
731 797 1005 852 continent
1035 809 1103 849 ne
1133 792 1431 847 comburat.
1459 789 1593 845 Nam
1621 788 1722 843 nisi
1753 786 1926 841 fontes
1946 793 2001 839 et

415 893 563 946 lacus
601 898 655 945 et
682 888 827 943 fluvii
855 896 910 943 et
954 885 1122 940 maria
1165 892 1220 939 et
1262 891 1457 937 caetera
1501 880 1679 935 omnia
1719 877 1998 932 humorem

414 984 700 1054 quemdam
746 981 1136 1036 constituerent
1183 992 1280 1047 per
1322 990 1579 1045 vaporum
1623 971 2027 1034 emissionem,

418 1076 546 1131 nihil
566 1083 769 1131 vetaret
784 1072 1069 1145 quominus
1087 1071 1264 1126 omnia
1288 1070 1642 1139 ignescerent.
1666 1064 1829 1119 Vides
1849 1078 1998 1133 ergo,

417 1168 608 1235 inquit,
635 1165 776 1237 quod
802 1164 937 1219 deus
956 1163 1064 1218 sit?
1090 1162 1134 1219 Ο
1162 1160 1452 1216 insaniam!
1485 1173 1519 1213 o
1544 1173 1655 1213 rem
1684 1154 1997 1211 ridiculam!

417 1258 677 1324 Quoaiam
707 1264 904 1327 potest,
937 1252 1373 1324 inquitplaedere,
1400 1250 1534 1305 deus
1566 1257 1665 1304 est.
1701 1246 1859 1317 Atqui
1882 1260 2004 1317 pro-

420 1359 538 1418 pter
568 1348 668 1402 hoc
697 1363 801 1402 non
834 1354 919 1402 est
943 1346 1104 1408 deus,
1138 1344 1260 1414 quia
1300 1342 1354 1397 in
1383 1342 1446 1397 iis
1466 1383 1482 1407 ,
1519 1340 1573 1396 in
1603 1339 1796 1410 quibus
1825 1336 2001 1400 laedit,

420 1443 569 1496 nullo
600 1441 835 1511 indiget;
881 1441 934 1494 in
964 1439 1156 1510 quibus
1188 1446 1364 1490 autem
1394 1434 1633 1504 prodest,
1667 1432 1854 1488 multis
1887 1430 2005 1484 aliis

423 1533 583 1588 habet
618 1548 791 1602 opus:
821 1547 851 1585 a
885 1532 994 1587 Deo
1035 1539 1216 1586 autem
1257 1528 1453 1583 lmdere
1482 1526 1695 1598 quidem
1724 1534 1806 1580 est
1831 1538 2007 1578 remo-

422 1639 532 1681 tutu
552 1667 568 1690 ,
604 1625 857 1695 prodesse
896 1632 1073 1678 autem
1115 1631 1198 1678 est
1241 1621 1357 1690 ejus
1389 1619 1682 1689 proprium.
1714 1615 1847 1672 Cum
1878 1628 2007 1684 ergo

422 1718 491 1772 sit
518 1716 727 1788 idquod
748 1726 830 1771 est
851 1715 1205 1781 contrarium,
1227 1711 1499 1783 quomodo
1516 1710 1689 1765 deus?
1717 1707 1830 1763 Non
1857 1705 2007 1760 vides

420 1809 560 1879 quod
589 1816 846 1863 venenata
886 1809 1173 1877 pbarmaca
1210 1820 1332 1875 quae
1373 1811 1598 1859 mortem
1641 1797 1872 1856 afferunt
1909 1798 2006 1853 lte-

422 1901 575 1965 tlunt,
601 1909 655 1955 et
685 1899 834 1953 nullo
855 1898 1123 1968 indigent;
1155 1897 1370 1967 quando
1394 1904 1570 1949 autem
1594 1902 1844 1963 prosunt,
1870 1890 2008 1945 mul-

424 1995 492 2048 tis
520 1993 712 2062 egent?
742 1993 966 2061 Propter
993 2000 1045 2046 te
1072 2005 1200 2061 ergo
1226 1999 1308 2045 est
1339 1987 1479 2054 talis,
1510 1996 1565 2041 et
1592 1983 1813 2055 pulcher
1838 1992 1891 2037 et
1916 1983 2009 2037 im-

427 2085 650 2140 becillus
674 2103 687 2138 :
715 2082 957 2154 pulcher,
986 2091 1043 2137 ut
1064 2095 1322 2152 agnoscas
1344 2065 1659 2134 Dominum:
1687 2074 2005 2140 imbecillus,

426 2195 493 2232 uc
519 2194 639 2232 eum
668 2177 816 2231 dicas
842 2191 963 2233 esse
987 2176 1285 2231 dominum.
1317 2175 1387 2228 At
1416 2171 1603 2238 nutrit,
1636 2169 1827 2240 inquit,
1861 2169 2010 2238 plan-

427 2282 508 2323 tas
533 2279 587 2324 et
614 2269 858 2324 semina?
887 2267 1024 2336 Quid
1054 2282 1204 2333 vero,
1237 2281 1363 2320 num
1396 2264 1527 2327 ideo
1554 2277 1767 2333 quoque
1801 2270 2009 2317 stercus

412 2363 508 2416 "est
535 2361 705 2417 deos?
737 2364 860 2415 nam
891 2360 1021 2416 illud
1050 2374 1263 2431 quoque
1291 2359 1477 2413 nutrit.
1518 2356 1626 2412 Cur
1661 2372 1767 2410 non
1797 2354 2011 2409 additur

424 2452 553 2516 falx,
584 2464 638 2507 ct
666 2467 855 2508 manus
884 2451 1167 2522 agricolae?
1192 2450 1426 2507 Ostende
1450 2449 1581 2505 mihi
1610 2450 1777 2504 solem
1805 2448 2011 2502 nutrire

427 2545 622 2607 solum,
651 2556 705 2600 et
732 2561 837 2600 non
861 2560 1021 2615 egere
1043 2559 1214 2614 neque
1242 2551 1406 2610 terra,
1438 2558 1540 2597 nec
1567 2556 1725 2611 aqua,
1749 2554 1848 2594 nec
1871 2538 2013 2609 agri-

427 2639 682 2692 cultura:
728 2637 824 2693 sed
864 2637 1130 2707 jaciantur
1177 2636 1422 2701 semina,
1473 2643 1527 2689 et
1572 2632 1813 2688 immisso
1861 2632 2012 2686 radio

355 2762 366 2771 ο
425 2731 673 2785 ostendat
702 2731 895 2798 Spicas.
936 2729 994 2784 Si
1031 2738 1210 2782 autem
1243 2743 1350 2782 non
1395 2734 1480 2781 est
1523 2725 1640 2795 ejus
1678 2724 1877 2789 solius,
1915 2724 2011 2779 sed

427 2823 587 2876 etiam
615 2822 899 2887 imbrium,
931 2836 1029 2875 cur
1056 2837 1160 2875 non
1189 2836 1325 2889 aqua
1354 2834 1568 2891 quoque
1593 2826 1676 2873 est
1700 2818 1872 2873 deus?
1904 2816 2011 2873 Sed

432 2916 665 2970 nondum
690 2914 757 2969 de
781 2914 883 2969 hoc
909 2914 1103 2984 agitur.
1126 2915 1237 2967 Cur
1257 2929 1361 2966 non
1384 2912 1545 2966 etiam
1574 2918 1714 2966 terra
1737 2919 1821 2965 est
1846 2910 2012 2965 deus?

429 3023 526 3061 cur
556 3022 659 3061 non
702 3016 756 3061 et
794 3016 1037 3069 stercus,
1083 3014 1139 3061 et
1177 3004 1320 3074 ligo?
1353 3003 1475 3058 Haec
1503 3018 1631 3073 ergo
1667 3003 1881 3068 omnia,
1926 3004 2013 3058 dic

432 3097 583 3164 mihi,
616 3098 990 3153 adorabimus?
1018 3096 1063 3153 Ο
1088 3112 1255 3168 nugas
1282 3105 1337 3152 et
1363 3095 1625 3165 ineptias!
1657 3096 1818 3166 Atqui
1845 3096 2015 3166 magis

432 3190 549 3243 sine
576 3190 689 3244 sole
726 3189 885 3244 fuerit
919 3188 1097 3258 spica,
1126 3203 1286 3258 quam
1332 3188 1449 3243 sine
1488 3195 1629 3241 terra
1676 3194 1732 3241 et
1758 3202 1891 3256 aqua
1911 3228 1928 3253 ,
1959 3196 2017 3241 et

435 3282 628 3350 plantae
653 3288 706 3333 et
743 3279 845 3333 alia
882 3280 1064 3336 omnia
1102 3279 1368 3334 similiter.
1418 3278 1601 3349 Itaque
1645 3278 1692 3333 si
1740 3286 1878 3333 terra
1907 3294 2014 3333 non

433 3373 533 3439 sit,
575 3373 705 3429 nihil
735 3374 925 3429 horum
963 3372 1289 3443 apparuerit.
1317 3371 1377 3428 Si
1411 3371 1533 3442 quis
1563 3380 1743 3427 autem
1782 3372 1833 3425 in
1862 3379 2014 3440 tegu-

434 3467 564 3531 lam,
592 3477 650 3521 ut
674 3466 871 3521 faciunt
897 3466 1051 3538 pueri
1078 3474 1133 3522 et
1158 3465 1449 3533 mulieres,
1480 3475 1620 3521 terra
1652 3466 1888 3520 immissa
1915 3465 2017 3520 sub

437 3567 599 3625 tecto,
633 3575 749 3614 eam
783 3561 1019 3629 posuerit
1056 3560 1225 3613 multo
1250 3567 1491 3614 stercore
1518 3559 1775 3629 repletam
1796 3540 2015 3626 ,‘itnbe-

435 3652 586 3707 eillas
612 3653 825 3726 quidem
846 3694 862 3717 ,
897 3654 1103 3722 plantas
1129 3661 1309 3708 tamen
1339 3652 1467 3708 edit.
1500 3652 1683 3724 Itaque
1725 3661 1866 3709 terra
1896 3651 2018 3723 plus

437 3746 645 3800 confert
673 3754 727 3800 et
753 3755 958 3800 stercus
978 3786 992 3809 ,
1021 3754 1077 3800 et
1100 3759 1160 3799 ea
1188 3744 1377 3815 magis,
1406 3759 1565 3815 quam
1595 3743 1740 3799 illum
1761 3784 1777 3809 ,
1808 3752 2019 3813 oportet

437 3836 684 3891 adorare.
712 3835 855 3906 Opus
878 3836 1039 3892 habet
1061 3836 1194 3891 caelo
1214 3851 1279 3890 ne
1302 3844 1512 3901 noceat,
1534 3850 1670 3905 Opus
1692 3835 1852 3890 habet
1869 3849 2015 3902 aere,

438 3942 574 3997 Opus
602 3928 759 3983 habet
789 3927 871 3982 his
901 3928 1070 3999 aquis,
1099 3936 1363 3997 tamquam
1385 3925 1702 3996 quibusdam
1734 3926 1897 3982 frenis
1923 3940 2017 3981 co-

442 4020 751 4074 hibentibus
809 4019 927 4088 ejus
986 4018 1173 4072 virium
1227 4017 1521 4084 ferociam,
1576 4032 1676 4072 nec
1722 4017 2021 4073 sinentibus

440 4126 655 4165 omnem
685 4111 736 4164 in
765 4120 966 4180 partem
989 4109 1235 4164 emittere
1260 4108 1466 4163 radium
1493 4117 1762 4178 tamquam
1789 4108 2020 4164 ferocem

440 4218 660 4273 equum.
696 4202 788 4257 Dic
818 4216 946 4256 vero
970 4201 1123 4266 mihi,
1150 4200 1365 4254 ubinam
1390 4208 1474 4255 est
1502 4200 1546 4254 is
1568 4200 1764 4254 noctu?
1788 4214 2022 4270 quonam

440 4294 577 4350 deus
606 4309 665 4349 es
691 4308 911 4363 peregre
952 4291 1258 4363 profectus?
1298 4306 1401 4345 non
1445 4298 1529 4346 est
1569 4290 1712 4345 enim
1758 4291 1861 4347 hoc
1893 4291 2022 4358 dei,

443 4403 637 4458 nempe
664 4387 858 4443 includi
890 4396 941 4440 et
968 4386 1196 4441 termino
1222 4384 1520 4449 contineri;
1555 4384 1656 4439 hoc
1681 4385 1824 4438 enim
1851 4385 2024 4439 solum

441 4495 730 4548 corporum
761 4488 861 4533 est.
894 4477 997 4533 Sed
1025 4486 1108 4532 est
1134 4476 1376 4547 quaedam
1396 4518 1412 4543 ,
1446 4476 1644 4547 inquit,
1690 4476 1742 4530 in
1786 4477 1902 4546 ipso
1932 4491 2027 4547 po-

416 4582 630 4636 .testas,
662 4583 715 4627 et
744 4578 1006 4625 movetur.
1035 4569 1151 4639 Ipsa
1167 4577 1555 4640 ergopotestas,
1583 4569 1670 4625 dic
1694 4568 1844 4634 mihi,
1874 4580 2027 4627 estne

446 4662 623 4719 deus?
666 4678 764 4717 cur
807 4677 933 4731 ergo
978 4662 1089 4729 ipsa
1133 4672 1286 4730 eget,
1334 4670 1389 4715 et
1435 4661 1611 4732 ignem
1645 4678 1750 4716 non
1779 4662 2027 4719 cohibet?

448 4770 634 4810 rursus
668 4753 809 4825 enim
832 4752 1021 4806 eodem
1051 4752 1188 4806 redit
1215 4752 1407 4805 oratio.
1432 4751 1569 4820 Quid
1599 4769 1727 4808 vero
1753 4750 1841 4808 illa
1874 4766 2027 4824 pote-

450 4846 601 4902 stas?
626 4856 778 4900 estne
816 4844 1152 4907 illuminaus,
1193 4858 1259 4897 an
1290 4858 1387 4912 per
1422 4859 1544 4898 eum
1574 4844 1837 4900 illuminat
1876 4846 1988 4916 ipsa
2009 4888 2026 4914 ,

452 4938 653 4993 nullius
699 4936 891 4991 horum
938 4936 1239 5005 particeps?
1282 4936 1372 4991 Sol
1413 4952 1542 5006 ergo
1588 4947 1671 4993 est
1710 4954 1774 4995 ea
1834 4940 2026 5011 major.

456 5029 742 5099 Quousque
769 5026 1125 5098 labyrinthum
1150 5028 1594 5097 circumagimus?

528 5124 581 5177 5.
614 5120 749 5187 Quid
782 5135 910 5173 vero
936 5135 1099 5189 aqua,
1131 5136 1233 5173 non
1268 5120 1378 5188 ipsa
1403 5136 1611 5190 quoque
1637 5121 1771 5177 deus
1798 5125 1920 5179 est?
1949 5125 2031 5178 itt-

452 5218 660 5287 quiunt.
685 5215 800 5269 Hoc
838 5229 1048 5283 quoque
1072 5227 1256 5267 rursus
1285 5223 1368 5268 est
1392 5213 1670 5269 ridiculum
1702 5232 1807 5271 non
1839 5232 2034 5272 vacans

456 5307 819 5362 contentione.
853 5305 1039 5359 Nonne
1087 5313 1198 5367 est,
1243 5301 1445 5373 inquit,
1488 5304 1652 5371 deus,
1690 5322 1796 5375 quo
1821 5306 1887 5361 ad
1926 5318 2032 5362 tam

457 5400 619 5454 multa
650 5397 887 5453 utimur?
914 5397 980 5451 Et
1017 5395 1084 5449 de
1123 5405 1263 5448 terra
1304 5410 1489 5450 rursus
1530 5396 1792 5453 similiter.
1826 5399 2033 5455 Revera

455 5494 524 5549 In
553 5493 777 5546 vanitate
825 5490 1005 5544 mentis
1035 5503 1171 5553 sum,
1201 5486 1521 5541 obscuratum
1562 5488 1795 5546 habentes
1832 5492 2034 5547 intelle-

456 5598 613 5641 ctum.
638 5586 743 5640 Sed
772 5584 885 5639 haec
906 5596 1047 5636 nunc
1068 5580 1191 5635 dicit
1217 5578 1285 5635 de
1306 5581 1411 5634 vita
1438 5600 1451 5636 :
1483 5582 1798 5639 Scortantur
1818 5596 1869 5640 et
1889 5587 2037 5642 adul-

459 5682 591 5731 toria
623 5678 911 5733 admittunt
950 5674 1141 5730 Grmci.
1188 5672 1375 5727 Merito
1409 5692 1421 5727 :
1458 5690 1577 5729 nam
1608 5678 1699 5747 qui
1745 5679 1878 5734 tales
1906 5681 2038 5735 deos

457 5771 557 5827 sibi
592 5769 933 5837 describunt,
979 5775 1397 5823 consentaneum
1440 5778 1523 5825 cst
1565 5785 1659 5827 eos
1704 5770 1819 5828 btet:
1858 5774 2033 5828 omnia

2110 413 2333 473 facere:
2363 428 2418 473 et
2457 419 2503 475 si
2550 421 2819 490 potuerint
2864 422 3134 478 hominum
3182 423 3367 480 oculos
3410 424 3645 496 eﬂ‘ugere
3669 469 3687 493 ,

2107 507 2281 562 nullus
2309 518 2390 563 est
2418 510 2506 579 qui
2536 511 2607 566 sit
2645 526 2738 567 eos
2766 512 3118 569 cohibiturus.
3150 513 3288 583 Quid
3314 516 3459 571 enim
3492 520 3689 586 poterit

2105 596 2159 651 id
2197 598 2337 667 quod
2377 599 2573 656 dicitur
2608 600 2677 658 de
2707 604 3137 671 resurrectione,
3171 621 3293 660 cum
3336 607 3416 661 eis
3445 606 3689 662 videatur

2105 687 2312 745 fabula?
2340 692 2407 746 At
2430 693 2570 763 quod
2597 693 2791 749 dicitur
2810 694 2877 749 dc
2907 696 2970 749 iis
2996 697 3082 766 qui
3109 707 3233 751 sunt
3258 697 3399 766 apud
3430 698 3628 753 inferos
3659 703 3684 752 Ἰ

2104 779 2211 836 Sed
2239 781 2355 838 haec
2379 799 2592 855 quoque
2620 796 2745 840 sunt
2773 786 2967 841 fabulae
2993 804 3006 840 :
3038 787 3156 843 vide
3177 798 3355 844 autem
3396 791 3685 861 cogitatum

2104 874 2422 929 satanicum.
2449 877 2671 943 Quando
2702 877 2806 933 illis
2830 878 3029 933 dicitur
3047 879 3176 934 deos
3195 895 3315 936 esse
3340 890 3687 949 scortatores,

2106 980 2211 1018 non
2239 965 2423 1020 dicunt
2448 983 2568 1023 esse
2595 968 2822 1035 fabulas,
2855 970 2946 1025 sed
2974 971 3197 1045 credunt
3225 990 3239 1027 :
3270 972 3483 1043 quando
3509 984 3687 1029 autem

2105 1058 2393 1130 loquuntur
2418 1058 2487 1113 de
2526 1061 2818 1130 supplicio,
2860 1061 3031 1128 Sunt,
3064 1063 3344 1134 inquiunt,
3389 1073 3589 1134 poeta},
3634 1074 3690 1120 et

2106 1148 2285 1203 omnia
2314 1148 2640 1217 fabulantur,
2672 1162 2726 1206 ut
2754 1153 2907 1208 bona:
2933 1154 3055 1209 vita:
3083 1164 3253 1211 status
3279 1157 3423 1211 omni
3447 1172 3512 1213 ex
3539 1165 3689 1228 parte

2105 1250 2401 1296 evertatur.

2179 1332 2368 1388 Contra
2411 1339 2570 1407 fatum
2609 1334 2655 1391 et
2684 1339 3157 1409 metempsychosin.
3186 1370 3259 1381 —
3280 1341 3352 1396 At
3386 1341 3687 1412 philosophi

2109 1425 2449 1495 invenerunt,
2482 1427 2674 1498 inquit,
2706 1429 2957 1500 quiddam
2986 1430 3145 1500 plane
3170 1431 3501 1500 pm'clarum,
3529 1442 3584 1489 et
3605 1433 3690 1489 bis

2110 1520 2299 1574 melius
2341 1536 2405 1575 ac
2449 1523 2810 1591 pra-stantius.
2850 1522 3165 1590 Quomodo?
3194 1524 3283 1595 qui
3323 1523 3488 1580 fatum
3528 1526 3686 1582 indu-

2109 1621 2256 1678 cunt,
2288 1622 2343 1667 et
2364 1612 2551 1667 dicunt
2580 1615 2760 1670 omnia
2789 1615 2931 1670 nulla
2952 1616 3066 1686 geri
3096 1614 3451 1685 providentia,
3480 1628 3533 1673 et
3558 1618 3689 1674 nihil

2110 1704 2357 1774 cuiquam
2385 1719 2507 1761 esse
2543 1721 2721 1773 curm,
2764 1706 2857 1763 sed
2884 1717 3134 1763 constare
3160 1709 3337 1763 omnia
3364 1724 3429 1765 ex
3458 1711 3690 1768 atomis?

2108 1797 2205 1852 sed
2252 1798 2341 1867 qui
2385 1797 2571 1854 dicunt
2612 1799 2771 1856 deum
2816 1815 2936 1856 esse
2976 1801 3214 1871 corpus?
3252 1800 3356 1857 Sed
3402 1804 3561 1875 quis?
3603 1804 3714 1872 die,

2110 1905 2293 1959 qumso
2322 1908 2336 1945 :
2365 1892 2455 1963 qui
2484 1892 2742 1948 humanas
2770 1893 2975 1950 animas
2998 1894 3199 1951 faciunt
3224 1910 3345 1952 esse
3370 1896 3605 1960 caninas,
3635 1905 3693 1953 et

2110 1984 2437 2053 persuadent
2479 1984 2785 2041 hominibus
2828 1986 2968 2056 quod
3014 1987 3230 2058 quidam
3268 1989 3554 2059 aliquando
3594 1989 3694 2046 fuit

2110 2077 2281 2141 canis,
2313 2087 2368 2133 et
2394 2077 2480 2133 leo
2504 2086 2557 2133 et
2582 2078 2784 2148 piscis?
2808 2079 3100 2150 Quousque
3124 2094 3231 2135 non
3252 2081 3476 2136 cessatis
3504 2083 3691 2153 nugari

2110 2179 2346 2225 mentem
2371 2169 2626 2227 habentes
2653 2171 3029 2226 obscuratatn?
3053 2187 3174 2227 nam
3198 2183 3255 2227 ut
3280 2174 3368 2243 qui
3398 2174 3505 2228 sint
3529 2175 3578 2228 in
3609 2184 3691 2231 te-

2112 2262 2312 2329 nebris,
2330 2262 2508 2317 omnia
2525 2271 2577 2318 et
2592 2262 2777 2318 dicunt
2791 2272 2845 2318 et
2862 2262 3078 2331 faciunt,
3104 2272 3209 2319 tam
3228 2280 3347 2335 qua:
3362 2264 3428 2319 ad
3446 2264 3691 2336 dogmata

2112 2354 2381 2424 pertinent
2409 2369 2567 2425 quam
2596 2369 2717 2425 qua:
2743 2354 2810 2410 ad
2843 2356 3029 2410 vitam.
3077 2356 3277 2411 Eorum
3319 2357 3461 2413 enim
3485 2373 3605 2428 qua:
3638 2358 3691 2413 iu

2113 2443 2293 2499 medio
2322 2445 2422 2499 sita
2450 2453 2576 2499 sunt
2604 2444 2738 2500 nihil
2766 2445 2909 2500 videt
2932 2446 2979 2500 is
3003 2446 3095 2517 qui
3125 2454 3210 2502 est
3235 2430 3584 2503 circumfusus
3611 2458 3693 2503 te-

2112 2534 2314 2599 nebris,
2343 2534 2438 2591 sed
2464 2550 2629 2605 saepe,
2652 2536 2766 2592 viso
2794 2538 2937 2603 fune,
2968 2537 3240 2593 existimat
3263 2548 3452 2608 sponte
3477 2548 3692 2595 enatum

2112 2635 2416 2698 serpentem
2446 2645 2459 2679 :
2489 2642 2677 2683 rursus
2696 2643 2726 2683 a
2764 2642 2891 2697 sepe
2918 2637 3180 2696 retentus,
3211 2638 3361 2700 putat
3383 2639 3477 2686 aut
3495 2630 3696 2685 daemo-

2114 2736 2237 2775 nem
2265 2720 2494 2791 aliquem
2520 2728 2614 2775 aut
2641 2720 2910 2775 hominem
2938 2736 3061 2776 eum
3092 2721 3358 2789 retinere;
3387 2722 3694 2793 multusque

2113 2822 2196 2869 est
2222 2814 2479 2868 tumultus
2500 2854 2515 2879 ,
2560 2813 2726 2869 multa
2756 2815 3110 2884 perturbatio.
3143 2814 3421 2884 Ejusmodi
3449 2817 3693 2887 quaedam

2113 2905 2488 2960 extimescunt.
2533 2903 2834 2969 Timebunt,
2884 2905 3090 2975 inquit,
3135 2905 3222 2959 ubi
3263 2923 3364 2960 non
3408 2907 3501 2961 erit
3547 2908 3693 2961 timor

2115 2997 2291 3067 (Psal.
2324 2996 2412 3053 52.
2442 2996 2495 3067 6)
2524 3013 2539 3050 :
2571 3012 2692 3067 qua:
2713 2997 2835 3067 jure
2873 3008 3050 3052 autem
3082 2998 3359 3061 timentur,
3405 3014 3510 3054 non
3556 3000 3695 3054 exti-

2116 3098 2360 3146 mescunt
2386 3107 2400 3144 :
2429 3089 2523 3145 sed
2554 3091 2692 3144 sicut
2720 3089 2950 3144 infantes
2976 3091 3165 3159 geSIati
3193 3104 3224 3144 a
3254 3091 3549 3147 nutricibus
3578 3107 3696 3146 ma-

2117 3198 2219 3237 nus
2247 3182 2461 3253 quidem
2502 3181 2555 3237 in
2588 3181 2763 3252 ignem
2803 3197 2869 3237 ex
2918 3182 3209 3254 improviso
3248 3193 3301 3239 et
3339 3184 3391 3239 in
3424 3184 3694 3240 lucernam

2116 3273 2370 3329 audacter
2395 3273 2710 3339 immittunt,
2742 3272 2913 3328 virum
2941 3282 3120 3328 autem
3149 3287 3307 3330 sacco
3334 3274 3573 3329 indutum
3602 3292 3695 3331 ex-

2117 3367 2405 3422 timescunt
2434 3383 2448 3421 :
2478 3366 2557 3421 sic
2586 3365 2675 3420 isti
2704 3380 2918 3436 quoque
2944 3364 3139 3433 Graeci,
3172 3374 3228 3420 ut
3252 3365 3342 3437 qui
3371 3367 3479 3421 sint
3508 3382 3695 3422 revera

2118 3460 2382 3523 infantes,
2432 3460 2570 3514 sicut
2592 3459 2754 3515 etiam
2783 3458 2999 3529 quidam
3030 3459 3166 3515 dixit
3190 3460 3330 3529 apttd
3355 3476 3478 3527 eos,
3521 3460 3696 3518 Cra-ci

2118 3568 2332 3616 semper
2360 3553 2536 3623 pueri,
2568 3552 2758 3607 timent
2780 3552 2993 3623 quidem
3022 3568 3141 3623 qua:
3166 3568 3272 3607 non
3302 3563 3429 3609 sunt
3454 3565 3694 3624 peccata,

2120 3659 2177 3700 ut
2198 3643 2385 3699 sordes
2407 3643 2671 3715 corporis,
2699 3645 2894 3699 mortui
2929 3644 3106 3710 funus,
3137 3644 3335 3713 cubile,
3366 3645 3575 3701 dierum
3601 3646 3698 3703 ob-

2118 3738 2469 3805 servationes,
2492 3748 2545 3792 et
2568 3755 2686 3808 qua:
2712 3749 2836 3793 sunt
2858 3738 3198 3805 hujusmodi;
3230 3755 3349 3810 quae
3372 3749 3550 3795 autem
3573 3748 3700 3796 sunt

2118 3844 2244 3885 vere
2266 3837 2512 3900 peccata,
2543 3830 2890 3900 praedicatus,
2921 3829 3271 3898 adulterium,
3298 3833 3575 3898 scortatio,
3605 3848 3699 3887 eo-

2117 3939 2241 3981 rum
2266 3924 2464 3979 nullam
2484 3925 2678 4005 habent
2697 3926 2979 3981 rationem.
2997 3925 3103 3981 Sed
3120 3926 3317 3983 videris
3338 3927 3551 3998 quidem
3573 3943 3697 3983 eum

2120 4032 2151 4071 a
2177 4017 2373 4072 mortui
2400 4025 2651 4073 contactu
2677 4008 2885 4085 lavari,
2904 4032 2936 4072 a
2964 4020 3191 4075 mortuis
3229 4029 3408 4075 autem
3450 4023 3701 4092 operibus

2121 4123 2493 4179 nequaquam;
2523 4118 2577 4164 et
2604 4124 2702 4179 pro
2736 4109 2975 4180 pecuniis
3001 4111 3217 4181 quidem
3248 4112 3471 4167 multum
3502 4128 3702 4183 ponere

2122 4200 2378 4269 studium,
2407 4200 2711 4257 existimare
2736 4213 2913 4258 autem
2938 4218 3047 4258 uno
3064 4203 3205 4274 gallo
3228 4213 3389 4259 totam
3414 4221 3531 4260 esse
3552 4220 3702 4260 com-

2125 4294 2351 4364 positam
2400 4294 2545 4349 litem
2589 4308 2653 4349 ac
2698 4296 3120 4351 controversiam
3166 4311 3184 4350 :
3230 4297 3367 4352 adeo
3418 4296 3703 4354 obscurata

2126 4400 2307 4445 mente
2326 4398 2470 4445 sunt.
2491 4389 2670 4446 Multis
2693 4390 2988 4445 terroribus
3010 4390 3164 4460 plena
3182 4402 3265 4447 est
3283 4406 3470 4447 eorum
3489 4393 3664 4447 anima
3684 4408 3701 4448 :

2128 4489 2188 4535 ut
2231 4490 2391 4550 puta,
2442 4480 2529 4535 hic
2568 4488 2661 4535 aut
2706 4480 2797 4536 ille
2839 4482 3046 4551 primus
3087 4481 3220 4537 mihi
3271 4483 3506 4538 occurrit
3544 4482 3707 4539 domo

2128 4571 2376 4635 exeunti;
2405 4571 2624 4626 omnino
2651 4572 2960 4642 contingere
2986 4583 3202 4643 oportet
3229 4574 3367 4629 mala
3399 4575 3710 4630 innumera-

2128 4662 2276 4717 bilia.
2303 4660 2456 4716 Nunc
2498 4676 2685 4716 servus
2710 4662 3073 4718 exsecrandus
3116 4663 3253 4719 dans
3294 4664 3423 4719 mihi
3457 4666 3667 4721 calceos
3689 4706 3707 4734 ,

2132 4756 2361 4827 primum
2393 4750 2628 4825 porrexit
2674 4765 2878 4825 partem
2918 4755 3226 4822 sinistram;
3273 4773 3465 4828 graves
3500 4757 3707 4829 signiﬁ-

2130 4859 2319 4904 cantur
2346 4848 2674 4904 calamitates
2694 4889 2709 4914 ,
2741 4858 2795 4903 et
2823 4849 3184 4904 contumeliae.
3230 4850 3343 4921 Ego
3383 4852 3497 4920 ipse
3524 4851 3711 4905 exiens

2132 4942 2350 4997 sinistro
2376 4940 2537 5011 priori
2566 4941 2803 5011 processi
2835 4941 2968 5010 pede
2992 4958 3006 5007 ;
3039 4941 3140 4996 hoc
3157 4957 3370 5012 quoque
3397 4951 3481 4997 est
3498 4943 3709 5013 signum

2134 5033 2515 5088 calamitatum.
2545 5032 2611 5087 Et
2654 5032 2767 5087 haec
2792 5033 3006 5103 quidem
3035 5033 3181 5095 domi
3212 5042 3337 5088 sunt
3361 5035 3498 5089 mala
3524 5052 3538 5089 :
3568 5036 3711 5089 foras

2135 5138 2311 5182 autem
2340 5142 2557 5197 egresso
2597 5126 2786 5181 dexter
2812 5126 2944 5181 mihi
2971 5127 3157 5181 oculus
3198 5126 3403 5182 inferne
3428 5128 3580 5192 salit;
3612 5128 3713 5182 hoc

2136 5228 2219 5274 est
2256 5217 2505 5272 indicium
2553 5217 2929 5288 lacrymarum.
2972 5217 3222 5273 Mulieres
3260 5232 3472 5286 quoque
3500 5217 3712 5287 quando

2137 5317 2329 5365 sonant
2353 5306 2544 5363 calami
2570 5307 2635 5361 ad
2675 5316 2896 5362 textura:
2923 5317 3069 5362 recta
3110 5307 3250 5378 ligna
3279 5308 3445 5373 allisi,
3478 5307 3560 5362 vel
3589 5321 3713 5361 cum

2137 5401 2268 5469 ipsa:
2315 5399 2524 5469 pectine
2566 5398 2968 5466 discriminant,
3015 5399 3116 5454 hoc
3160 5415 3257 5469 pro
3298 5400 3453 5471 signo
3494 5399 3712 5455 habent.

2139 5493 2345 5548 Rursus
2369 5491 2584 5562 quando
2612 5492 2925 5563 subtegmen
2962 5492 3172 5562 pectine
3203 5494 3548 5557 concutiunt,
3579 5501 3634 5548 et
3660 5490 3716 5546 id

2140 5587 2340 5642 faciunt
2362 5586 2731 5641 vehementius
2755 5600 2769 5649 ;
2802 5585 2995 5641 deinde
3015 5586 3105 5655 qui
3129 5595 3254 5641 sunt
3272 5601 3501 5655 superne
3524 5585 3715 5640 calami

2140 5680 2210 5734 ob
2241 5680 2504 5732 intonsum
2535 5677 2694 5731 ictum
2726 5676 2892 5732 edunt
2915 5678 3218 5745 strepitum,
3247 5677 3385 5733 allisi
3414 5676 3480 5730 ad
3514 5687 3715 5731 rectum

2142 5783 2363 5829 textum:
2391 5771 2610 5843 lignum,
2642 5771 2740 5827 hoc
2768 5770 2963 5827 habent
2994 5786 3091 5841 pro
3117 5771 3270 5842 signo
3299 5758 3321 5827 τ’
3349 5780 3405 5829 et
3424 5770 3528 5827 alia
3559 5771 3716 5828 innu-
