4100 6412
454 263 533 331 ,95
1183 267 1243 323 S.
1281 268 1567 325 JOANNIS
1606 269 2101 326 CHRYSOSTOMI
2142 266 2462 326 ARCHIEP.
2503 266 3064 325 CONSTANTINOP.
3628 260 3698 316 94

459 379 808 453 χαριστῶμεν
841 379 923 452 τῷ
949 380 1068 453 Θεῷ
1110 382 1328 438 πάντων
1370 386 1555 441 ἕνεκεν
1578 405 1593 420 ο
1624 388 2035 459 παρακαλῶμεν

462 472 645 530 αὑτὸν.
685 470 758 543 μὴ
787 471 1039 538 ἀναξίους
1079 475 1225 545 ἡμᾶς
1259 477 1604 549 ἀποφανῆναι
1627 481 1728 548 τῆς
1756 496 2035 552 παρασχε-

465 562 652 631 θείσης
680 561 889 631 δωρεᾶς
912 581 923 593 ·
951 563 1043 616 καὶ
1070 566 1224 618 αὐτοὶ
1249 569 1388 636 μετά
1415 569 1623 622 τούτων
1646 570 2039 643 σπουδάζωμεν

462 655 532 706 τὰ
561 651 692 723 παρ’
726 652 936 706 ἑαυτῶν
963 656 1318 724 εἰσενεγκεῖν,
1352 659 1439 713 ἵνα
1472 661 1546 732 μὴ
1572 662 1733 733 μόνον
1765 662 2037 731 λέγοντες,

465 746 600 799 ἀλλά
634 746 728 798 καὶ
774 747 1055 812 ποιοῦντες
1086 748 1448 820 διδάσκωμεν.
1484 753 1641 807 υῦτω
1668 752 1779 826 γὰρ
1816 754 2042 824 δυνησό⁴

2138 388 2277 460 μεθα
2310 387 2427 460 [95]
2450 388 2560 442 τῶν
2582 388 2791 458 μυρίων
2810 385 3031 456 ἀγαθῶν
3057 382 3331 451 ἐπιτυχεῖν
3350 397 3361 410 ·
3388 366 3465 431 ὧν
3492 379 3702 446 γένοιτο

2133 481 2345 545 πάντας
2365 482 2511 553 ἡμᾶς
2543 480 2840 549 ἐπιτυχεῖν,
2865 478 3050 550 χάριτι
3077 477 3172 530 καὶ
3203 471 3581 544 φιλανθρωπία
3605 471 3700 524 τοῦ

2134 573 2345 643 Κυρίου
2376 571 2538 643 ήμῶν
2571 570 2745 643 Ἰησοῦ
2775 567 3033 641 Χριστοῦ,
3060 567 3178 639 μεθ’
3199 559 3260 621 οὗ
3281 564 3358 636 τῷ
3387 563 3563 633 Πατρὶ
3587 563 3702 631 ἅμα

2133 664 2214 735 τῷ
2242 664 2381 736 ἁγίῳ
2418 664 2693 735 Πνεύματι
2727 663 2874 728 δόξα,
2908 662 3129 733 κράτος,
3150 645 3319 729 ’τιμὴ,
3349 656 3444 711 νῦν
3473 656 3564 709 καὶ
3591 653 3699 716 ἀεὶ,

2136 756 2231 810 καὶ
2264 758 2344 820 είς
2374 757 2498 820 τοὺς
2526 754 2728 819 αἰῶνας
2753 754 2861 807 τῶν
2886 752 3113 807 αἰώνων.
3155 749 3374 821 Ἀμήν..

1868 1101 2114 1154 ΟΜΙΛΙΑ
2161 1101 2261 1156 II".

475 1228 655 1304 Τοῦτο
691 1224 990 1304 οὗν-λέγει)
1024 1232 1122 1284 καὶ
1162 1235 1530 1304 μαρτύρομαι
1577 1236 1646 1289 ἐν
1674 1237 1887 1304 Κυρίῳ,
1914 1255 2030 1304 μη-

539 1299 663 1353 κέτι
704 1298 862 1367 ὑμᾶς
902 1298 1263 1369 περιπατεῖν,
1323 1298 1515 1371 καθὼς
1560 1306 1660 1359 καὶ
1718 1298 1794 1359 th
1835 1298 2034 1361 ’λοιπὰ

539 1370 683 1443 {om
714 1370 1501 1443 xsptgateigriyatato'tnn
1519 1375 1624 1429 τοῦ
1652 1377 1793 1441 νοὸς
1813 1376 2033 1443 αὐτῶν,

540 1439 1069 1513 ἐσκοτωμένοι-τῇ
1119 1439 1395 1513 διανοίᾳ,
1423 1439 1595 1511 ὄντες
1627 1439 2038 1513 ἀπηλλοτριιῶ⁵

535 1506 708 1582 μένοι
733 1507 843 1582 τῇς
872 1506 1166 1582 ζωῆς-τοῦ,
1184 1506 1340 1566 Θεοῦ
1372 1512 1470 1566 διὰ
1493 1506 1609 1581 τὴν
1640 1506 2040 1582 ἄγνοιαν’τὴν

543 1574 740 1652 οὖσαν
866 1574 1090 1652 αὐτοῖς,
1142 1581 1240 1634 διὰ
1282 1582 1399 1649 τὴν
1431 1574 1711 1650 πώρωσιν
1741 1583 1853 1649 τῆς
1895 1574 2039 1652 καρ-

540 1647 991 1720 δίαςῌαὺτῶνη
1020 1651 1237 1716 οἵτινες
1284 1647 1722 1720 ἀπηλγηκότες,
1784 1647 2041 1720 ἑαυτοῖις

542 1715 897 1792 παρέδωκαν
914 1716 991 1792 τῇ
1018 1715 1325 1792 ἀσελγείᾳ,
1350 1715 1438 1788 εἷς
1462 1715 1760 1792 ’ἐργασίαν
1782 1715 2041 1792 ἀκαθαρὲ

540 1787 682 1851 σίας
718 1785 924 1854 πάσης
958 1789 1032 1841 ἐν
1053 1785 1399 1859 πλεονεξίᾳ.

541 1899 698 1953 α’.ού
716 1899 854 1969 πρὸς
878 1900 1157 1970 Ἐφεσίους
1168 1903 1338 1957 ταῦτα
1356 1903 1570 1976 εἴρηται
1592 1904 1770 1976 μόνον,
1792 1907 1928 1961 ἀλλά
1948 1909 2044 1962 καὶ

476 1993 613 2064 πρὸς
637 1994 781 2064 ὑμᾶς
803 1995 901 2048 νῦν
933 1995 1175 2064 λέγεται,
1209 1998 1303 2051 καὶ
1327 1999 1387 2051 ού
1420 1998 1550 2070 παρ’
1580 2000 1757 2070 ήμῶν,
1782 2001 1919 2055 ἀλλά
1948 2002 2044 2055 καὶ

472 2085 623 2156 παρά
647 2086 885 2149 Παύλου,
912 2089 1115 2157 μᾶλλον
1135 2090 1191 2142 δὲ
1217 2089 1339 2143 οὔτε
1367 2093 1495 2162 παρ’
1524 2092 1705 2163 ἡμῶν,
1735 2092 1858 2146 οὔτε
1893 2095 2046 2165 παρά

473 2177 705 2243 Παύλου,
731 2177 867 2232 ἀλλὰ
905 2180 1054 2250 παρά
1088 2180 1189 2249 τῆς
1220 2181 1311 2234 τοῦ
1338 2183 1652 2254 Πνεύματος
1681 2184 1923 2253 χάριτος.
1959 2186 2048 2249 Ὠς

471 2263 566 2320 οῦν
598 2268 771 2339 αὐτῆς
797 2269 968 2323 ταῦτα
994 2271 1391 2342 φθεγγομένης,
1416 2272 1559 2327 οὕτω
1585 2275 1889 2328 διακεῖσθαι
1916 2277 2048 2347 χρή.

478 2359 677 2413 Ἀκουε
723 2361 780 2413 δέ
809 2362 902 2416 καὶ
934 2361 987 2415 τί
1018 2362 1316 2431 φθέγγεται
1337 2380 1350 2392 '
1392 2364 1573 2418 Τοῦτο
1603 2360 1717 2419 οὗν
1747 2367 1903 2435 λέγω
1949 2368 2050 2423 καὶ

469 2453 834 2522 μαρτύρομαι
882 2454 952 2507 ἐν
987 2456 1199 2522 Κυρίῳ,
1223 2455 1435 2525 μηκέτι
1462 2456 1618 2526 ὑμᾶς
1664 2461 2031 2526 περιπατεῖν,

471 2542 669 2610 καθὼς
703 2545 802 2598 καὶ
832 2546 906 2600 τὰ
953 2550 1141 2601 λοιπὰ
1167 2548 1314 2615 ἔθνη
1350 2549 1679 2618 περιπατεῖ,
1709 2551 1779 2603 ἐν
1801 2551 2047 2619 ματαιόο

470 2651 601 2701 τητι
637 2635 749 2690 τοῦ
802 2638 943 2702 νοὸς
973 2638 1193 2702 αὐτῶν,
1228 2640 1650 2711 ἐσκοτισμένοι
1677 2640 1752 2710 τῇ
1791 2642 2047 2711 διανοίᾳ,

472 2721 648 2788 ὄντες
676 2723 1227 2795 ἀπηλλοτριωμένοι
1260 2728 1372 2796 τῆς
1405 2726 1554 2796 ζωῆς
1580 2730 1688 2783 τοῦ
1734 2731 1902 2794 Θεοῦ,
1952 2731 2049 2788 διὰ

472 2812 591 2878 τὴν
617 2814 867 2883 ἄγνοιαν
890 2816 1009 2884 τὴν
1035 2814 1234 2872 οὖσαν
1266 2820 1337 2873 ἐν
1364 2820 1591 2886 αὐτοῖς,
1621 2820 1719 2874 διὰ
1769 2823 1884 2890 τὴν
1926 2824 2046 2877 πώ-

471 2920 660 2973 ρωσιν
680 2905 793 2973 τῆς
826 2908 1077 2975 καρδίας
1111 2910 1332 2965 αὐτῶν.
1376 2913 1436 2964 El
1474 2908 1567 2966 οὖν
1629 2912 1823 2981 ἄγνοιά
1874 2916 2046 2981 ἐστιν,

475 2996 525 3045 εί
566 2993 823 3066 πώρωσίς
862 2999 998 3061 ἐστι,
1034 3000 1086 3051 τί
1124 3002 1411 3069 ἐγκαλεῖςς
1453 3003 1545 3056 τὸν
1583 3002 1694 3073 γάρ
1750 3005 2049 3071 ἀγνοοῦντα

474 3085 539 3137 ού
580 3087 765 3150 xum};
796 3088 1046 3158 πάσχειν,
1084 3092 1205 3145 ούδὲ
1237 3095 1604 3161 ἐγκαλεῖσθαι,
1650 3095 1789 3149 ἀλλά
1839 3099 2051 3167 μανθά·

477 3192 591 3228 νειν
633 3175 840 3230 δίκαιόν
891 3180 1037 3232 ἐστιν
1084 3182 1226 3251 ειπερ
1259 3184 1463 3251 ἀγνοεῖ.
1490 3183 1632 3236 Ἀλλ’
1662 3186 1764 3255 ὅρα
1802 3186 1917 3248 πῶς
1950 3186 2053 3238 αύο

476 3267 606 3330 τοὺς
645 3268 849 3332 εὐθέως
902 3271 1215 3343 ἀφαιρεῖται
1263 3275 1366 3344 τῆς
1416 3274 1772 3346 συγγνώμης.
1799 3277 2052 3343 Οἵτινες,

479 3359 667 3426 φησὶν,
729 3361 1174 3431 ἀπηλγηκότες,
1245 3365 1499 3433 ἑαυτοὺς
1572 3366 1925 3435 παρέδωκαν
1976 3369 2053 3439 τῇ

480 3449 791 3520 ἀσελγείᾳ,
825 3454 924 3506 καὶ
955 3453 1029 3523 τῇ
1067 3455 1319 3527 ἐργασίᾳ
1370 3456 1483 3526 τῆς
1519 3458 1894 3527 ἀκαθαρσίας
1944 3459 2057 3514 πά-

482 3556 603 3609 σης
629 3542 700 3596 ἐν
732 3546 1074 3614 πλεονεξίᾳ.
1120 3547 1318 3617 Ὑμεῖς
1353 3547 1422 3601 δὲ
1451 3551 1564 3617 οὐχ
1590 3550 1779 3617 οὕτως
1804 3550 2054 3621 ἐμάθετε

482 3638 592 3688 τὸν
614 3637 890 3704 Χριστόν.
923 3640 1205 3693 Δείκνυσιν
1239 3640 1473 3695 ἐνταῦθα
1500 3643 1583 3695 ὃτι
1610 3644 1711 3714 τῆς
1742 3644 2055 3715 πωρώσεως

483 3728 512 3780 ό
551 3726 666 3796 βίος
708 3728 933 3797 γέγονεν
965 3731 1148 3795 αὐτοῖς
1195 3734 1398 3796 αίτιοςο
1446 3735 1475 3786 ὁ
1532 3734 1589 3787 δὲ
1618 3734 1731 3805 βίος
1757 3736 1817 3801 ἐξ
1845 3738 2051 3800 οἰκείας

485 3818 673 3885 γέγονε
711 3820 982 3891 ῥᾳθυμίας
1024 3823 1119 3876 καὶ
1168 3824 1526 3894 ἀναλγησίας.
1567 3827 1818 3892 ΟΖτινες,
1868 3828 2053 3898 φησὶν,

484 3909 926 3979 ἀπηλγηκότες,
997 3912 1249 3979 ἑαυτοὺς
1310 3916 1682 3982 παρέδωκαν.
1740 3918 1910 3971 Ὅταν
1964 3915 2058 3973 οὖν

486 3999 749 4072 ἀκούσῃς,
782 4002 866 4054 ὃτι
912 4002 1260 4071 Παρέδωκεν
1280 4007 1501 4074 αὐτοὺς
1522 4010 1555 4061 ό
1582 4007 1725 4075 Θεὸς
1744 4010 1827 4073 είς
1856 4009 2060 4065 ἀδόκι-

482 4110 602 4164 μον
619 4093 790 4160 νοῦν,
812 4094 1002 4149 τούτου
1030 4096 1277 4169 μέμνησο
1296 4098 1392 4152 τοῦ
1424 4102 1687 4171 ῥήματος,
1723 4103 1805 4155 ὅτι
1832 4103 2058 4167 ἑαυτοὺς

488 4186 833 4257 παρέδωκαν.
861 4188 924 4240 Εἰ
956 4184 1050 4242 οὖν
1082 4191 1308 4254 ἑαυτοὺς
1344 4192 1688 4263 παρέδωκαν,
1721 4192 1838 4259 πῶς
1866 4196 1894 4248 ό
1922 4194 2059 4259 Θεὸς

488 4279 802 4349 παρέδωκεν
824 4298 837 4343 ;
868 4282 917 4332 εί
945 4280 1002 4333 δὲ
1029 4280 1058 4331 ὁ
1080 4282 1209 4344 Θεὸς
1234 4283 1428 4345 αὐτοὺς
1452 4283 1759 4354 παρέδωκε,
1787 4284 1904 4348 πῶς
1934 4286 2061 4337 ἐαυ-

487 4370 614 4432 tab;
651 4370 1009 4441 παρέδωκαν;
1053 4372 1216 4444 Ὁρᾷς
1268 4374 1365 4444 τὴν
1410 4374 1675 4428 δοκοῦσαν
1698 4375 2058 4443 ἐναντίωσινς

489 4460 566 4514 Τὸ
602 4459 715 4523 οὖν,
756 4463 1081 4532 Παρέδωλιε,
1126 4465 1281 4519 τοῦτό
1337 4468 1475 4530 ἐστι,
1527 4466 1957 4537 συγκεχώρηκεν
2003 4479 2054 4522 ιι.

500 4554 663 4625 Ὀρᾷς
692 4556 778 4608 ὅτι
828 4550 890 4610 οῦ
945 4559 1021 4628 μὴ
1055 4556 1293 4628 καθαρὸς
1327 4558 1460 4626 βίος,
1500 4558 1595 4612 καὶ
1626 4558 1910 4629 δογμάτων
1945 4575 2056 4612 τοι·

491 4646 666 4701 ούτων
693 4649 839 4701 ἐστὶν
860 4650 1149 4716 ύπόθεσις;
1189 4649 1332 4717 Πᾶς,
1372 4652 1555 4721 φησὶν,
1580 4652 1614 4703 ὁ
1645 4650 1851 4719 φαῦλα
1871 4648 2065 4719 πράσ-

492 4754 640 4803 σων,
675 4740 846 4809 μισεῖ
869 4743 934 4794 τὸ
964 4740 1110 4810 φῶς,
1130 4741 1229 4795 καί
1254 4743 1364 4795 οὑκ
1388 4742 1622 4811 ἔρχεται
1651 4742 1802 4810 πρὸς
1827 4742 1891 4795 τὸ
1915 4740 2059 4810 φῶς.

494 4830 621 4895 Πῶς
656 4835 764 4903 γὰρ
804 4834 867 4887 ἂν
895 4834 1111 4887 δύναιτο
1140 4832 1334 4903 μιαρὸς
1363 4833 1523 4904 ἀνὴρ,
1568 4832 1664 4886 καὶ
1708 4832 1908 4903 μᾶλλον
1947 4832 2059 4885 τῶν

497 4923 994 4995 ἐγκαλινδουμένων
1044 4923 1287 4996 βορῦόρῳ
1317 4925 1515 4995 χοίρων
1543 4926 1660 4987 τοῖς
1690 4923 1923 4977 ἀπασῶν
1953 4923 2061 4978 τῶν

496 5016 770 5083 γυναικῶν
822 5016 1068 5086 σώμασιν
1127 5016 1526 5086 ἐμφυρόμενος,
1600 5015 1695 5099 δαὶ
1762 5014 2064 5088 χρημάτων

498 5106 659 5179 ἐρῶν,
699 5107 795 5161 καὶ
826 5108 947 5160 ούδέ
976 5107 1111 5170 ὅλως
1142 5107 1494 5177 σωφροσύνης
1526 5106 1836 5175 ἐφιέμενος,
1870 5104 2065 5161 τοῦτον

501 5194 616 5269 [96]
643 5196 999 5263 ἀναδέξασθαι
1029 5197 1120 5250 τὸν
1145 5197 1292 5267 βίον;
1331 5198 1643 5268 Ἐργασίαν,
1672 5196 1857 5267 φησὶν,
1886 5196 2070 5250 ἔθεντο

501 5288 564 5341 τὸ
592 5290 845 5358 πρᾶγμα.
884 5288 1016 5341 Ἀπὸ
1050 5288 1239 5341 τούτου
1284 5291 1318 5358 ή
1361 5286 1638 5359 πώρωσις,
1668 5289 1776 5341 ἀπὸ
1801 5288 1989 5341 τούτου
2030 5290 2064 5359 ἡ

499 5385 809 5456 σκοτομήνη
840 5384 940 5455 τῆς
960 5384 1213 5449 διανοίας.
1233 5386 1391 5437 Ἔστι
1423 5386 1517 5438 καὶ
1548 5385 1727 5454 φωτὸς
1754 5383 2066 5454 λάμψαντος

504 5476 831 5544 ἐσκοτίσθαι,
864 5479 991 5532 ὅταν
1019 5480 1067 5531 οἱ
1114 5476 1382 5547 ὀφθαλμοὶ
1410 5477 1653 5540 ἀσθενεῖς
1686 5469 1818 5530 ὦσιν
1839 5488 1853 5507 ⁸
1888 5474 2052 5533 ἀσθε·

568 5675 592 5700 ⁸
624 5662 773 5735 κατέ]
792 5662 963 5738 Ξοκνιιη
985 5677 1361 5739 συγκεχώρηκεν,
1392 5676 1559 5724 εἴασεν.

2136 1248 2249 1309 νεῖς
2283 1246 2339 1301 δὲ
2369 1247 2630 1315 γίνονται,
2658 1246 2694 1322 ἦ
2722 1247 2913 1318 χυμῶν
2954 1246 3182 1318 ἐπιρῥοῇ
3210 1244 3484 1315 πονηρῶν,
3513 1244 3544 1316 ἢ
3574 1245 3700 1315 ῥεύ-

2140 1354 2310 1407 ματος
2364 1337 2692 1409 πλημμύρᾳ.
2748 1338 2905 1391 Οὕτω
2938 1337 3001 1407 δὴ
3037 1338 3131 1390 καὶ
3190 1335 3443 1399 ἐνταῦθα,
3488 1335 3617 1389 ὅταν
3668 1336 3707 1404 ἡ

2138 1427 2306 1500 πολλὴ
2340 1427 2488 1498 ῥύμη
2522 1428 2631 1481 τῶν
2664 1429 2934 1499 βιωτικῶν
2962 1426 3307 1499 πραγμάτων
3352 1425 3413 1478 τὸ
3461 1424 3707 1495 διορατι-

2138 1518 2235 1573 κὸν
2269 1518 2427 1588 ἡμῶν
2459 1518 2725 1591 ἐπικλύσῃ
2750 1520 2849 1589 τῆς
2874 1519 3134 1583 διανοίας,
3166 1518 3225 1569 ἐν
3254 1514 3517 1569 σκοτώσει
3550 1513 3703 1584 γίνε-

2140 1626 2232 1661 ται
2252 1626 2268 1642 ·
2304 1607 2399 1662 καὶ
2424 1608 2674 1679 καθάπερ
2700 1612 2758 1663 ἐν
2780 1607 2931 1662 ὕδατι
2969 1606 3112 1662 κατά
3158 1606 3353 1677 βάθους
3381 1605 3410 1645 δ
3437 1605 3705 1674 κείμενοι,

2141 1697 2231 1751 τὸν
2256 1698 2408 1769 ἥλιον
2438 1699 2541 1751 οὐκ
2566 1698 2631 1752 ἂν
2659 1698 3016 1769 δυνηθείημεν
3038 1698 3194 1769 ὁρᾷν,
3216 1694 3405 1766 ὥσπερ
3426 1694 3570 1756 τινὸς
3590 1692 3709 1746 δια-

2143 1789 2467 1861 φράγματος
2494 1788 2591 1843 τοῦ
2621 1788 2820 1844 πολλοῦ
2849 1790 3053 1843 ἀνωθεν
3090 1788 3443 1858 ἐπικειμένου
3470 1785 3663 1847 ὓδατος
3687 1800 3707 1817 ο

2144 1882 2289 1935 οὕτω
2315 1881 2381 1953 δὴ
2404 1883 2500 1936 καὶ
2527 1884 2584 1935 ἐν
2613 1883 2727 1945 τοῖς
2764 1880 3065 1951 ὀφθαλμοῖς
3107 1882 3206 1951 τῆς
3230 1878 3476 1942 διανοίας
3503 1877 3713 1945 γίνεται

2145 1973 2403 2044 πώρωσις
2424 1975 2521 2045 τῆς
2548 1974 2795 2045 καρδίας,
2823 1975 2951 2028 ὅταν
2982 1973 3171 2044 μηδεὶς
3195 1974 3293 2044 τὴν
3318 1973 3496 2043 ψυχὴν
3535 1987 3708 2025 κατα-

2149 2065 2268 2136 σείη
2290 2064 2473 2136 φόϐος.
2506 2067 2628 2119 Οὺκ
2648 2066 2782 2119 ἐστι
2806 2067 2990 2134 φόϐος
3020 2064 3189 2129 Θεοῦ,
3216 2063 3402 2136 φησιν,
3426 2064 3715 2118 ἀπέναντι

2147 2160 2268 2214 τῶν
2313 2157 2637 2229 ὀφθαλμῶν
2664 2159 2871 2214 αὐτοῦ.
2909 2160 3018 2211 Καὶ
3051 2158 3213 2212 πάλιν
3234 2172 3247 2187 ·
3296 2154 3483 2211 Εἶπεν
3509 2155 3713 2224 ἀείρων

2148 2250 2218 2303 ἐν
2241 2250 2454 2318 καρδίᾳ
2488 2250 2697 2304 αὑτοῦ·
2728 2252 2849 2304 Οὐκ
2876 2249 3007 2303 ἐστι
3044 2250 3207 2314 Θεός.
3239 2248 3500 2319 Πώρωσις
3535 2246 3590 2299 δὲ
3625 2246 3721 2298 ob-

2149 2342 2383 2413 δαμόθεν
2400 2344 2627 2411 γίνεται,
2658 2342 2774 2396 ἀλλ’
2802 2342 2833 2413 ἢ
2861 2341 2971 2396 ἀπὸ
3000 2341 3386 2413 ἀναισθησίαςο
3420 2340 3575 2393 τοῦτο
3601 2339 3717 2393 δια-

2154 2435 2379 2504 φράττει
2405 2434 2531 2498 τοὺς
2559 2435 2779 2506 πόρους,
2806 2434 2975 2487 Ὅταν
3010 2433 3118 2503 γάρ
3146 2432 3324 2504 ῥεῦμα
3361 2433 3607 2502 πεπηγὸς
3636 2432 3718 2495 είς

2153 2526 2249 2579 ἕνα
2284 2526 2589 2598 συνάγηται
2635 2527 2823 2593 τόπον,
2864 2526 3055 2597 νεκρὸν
3084 2526 3295 2594 γίνεται
3342 2525 3403 2578 τὸ
3436 2525 3595 2595 μέλος
3624 2523 3719 2577 καὶ

2151 2617 2510 2689 ἀναίσθητονο
2569 2617 2672 2673 κᾶν
2719 2618 2950 2689 καύσῃς,
2997 2618 3102 2671 κᾶν
3144 2616 3339 2688 τέμῃς,
3394 2617 3495 2671 κᾶν
3538 2616 3719 2671 ὁτιοῦν

2150 2710 2333 2780 ποιῇς,
2364 2708 2464 2760 οὐκ
2494 2708 2828 2763 αἰσθάνεται.
2859 2707 3015 2763 Οὕτω
3042 2708 3137 2761 καὶ
3181 2709 3380 2762 ἐκεῖνοι
3417 2706 3565 2772 ἅπαξ
3591 2708 3719 2761 ἐαυ-

2148 2801 2273 2862 τοὺς
2304 2798 2487 2863 δόντες
2537 2802 2605 2871 τῇ
2656 2800 2931 2870 ἀσελγείᾳ,
2964 2799 3064 2852 κᾶν
3097 2798 3266 2870 πυρὸς
3296 2799 3474 2871 δίκην,
3507 2800 3610 2852 xiv
3637 2815 3720 2852 σι·

2152 2892 2317 2963 δήρου
2344 2894 2631 2962 ἐπαγάγῃς
2659 2893 2842 2955 αὐτοῖς
2864 2892 2957 2945 τὸν
2974 2891 3149 2959 λόγον,
3176 2891 3326 2944 οὐδὲν
3354 2891 3717 2955 καθάπτεται,

2151 2985 2303 3038 οὐδὲν
2359 2986 2699 3036 καθικνεῖται
2745 2982 2955 3035 αὐτῶν·
3011 2982 3339 3054 νενέκρωται
3395 2984 3505 3053 γὰρ
3539 2982 3723 3035 αὐτῶν

2155 3061 2301 3140 ἅπαξ
2334 3075 2391 3128 τὸ
2449 3076 2626 3146 μέλος·
2680 3075 2784 3128 κᾶν
2834 3075 2909 3146 μὴ
2962 3073 3059 3145 τὴν
3104 3074 3460 3143 ἀναισθησίαν
3502 3076 3721 3145 ἀνέλῃς,

2155 3170 2294 3222 ὥστε
2316 3170 2666 3238 ὑγιαινόντων
2690 3168 2931 3238 ἅψασθαι
2958 3166 3157 3237 μελῶν,
3188 3167 3366 3220 πάντα
3382 3170 3502 3237 εἰκῆ
3528 3183 3641 3219 ποιε
3651 3171 3718 3231 ῖς,

2167 3262 2272 3313 Ἐν
2300 3260 2646 3327 πλεονεξίᾳ,
2702 3261 2889 3328 φησίν.
2934 3258 3200 3312 Ἐνταῦθα
3257 3258 3492 3329 μάλιστα
3545 3258 3723 3311 αὐτῶν

2155 3353 2255 3425 τὴν
2307 3353 2599 3422 ἀπολογίαν
2641 3354 2911 3424 ἀφείλετο.
2955 3353 3114 3423 Ἐξῆν
3160 3352 3266 3423 γὰρ
3307 3352 3513 3416 αὐτοῖς,
3557 3352 3612 3404 εί
3656 3367 3720 3420 γε

2156 3446 2460 3509 ἐϐούλοντο,
2515 3446 2653 3517 μήτε
2714 3446 3093 3509 πλεονεκτεῖν,
3155 3447 3290 3515 μήτε
3354 3444 3726 3511 ἀσελγαίνειν,

2161 3540 2297 3611 μήτε
2328 3538 2736 3611 γαστρίζεσθαι,
2770 3538 2865 3592 καὶ
2910 3537 3019 3591 τῶν
3046 3536 3353 3606 ἐπιθυμιῶν
3388 3535 3719 3590 ἀπολαύεινο

2156 3630 2285 3700 ἐξῆν
2312 3631 2406 3684 καὶ
2432 3648 2535 3702 χρη
2546 3630 2752 3700 μάτων,
2776 3629 2904 3697 ἐξῆν
2927 3629 3021 3681 καὶ
3039 3629 3232 3699 ἡδονῆς
3256 3628 3348 3680 καὶ
3364 3630 3574 3698 τρυφῆς
3601 3643 3727 3696 μετ-

2159 3720 2304 3791 έχειν
2344 3723 2482 3792 μετά
2504 3721 2845 3792 συμμετρίας
2868 3736 2882 3750 ·
2918 3720 3035 3773 ἀλλ’
3073 3720 3259 3789 ἐπειδὴ
3286 3719 3539 3789 ἀμέτρως
3565 3720 3723 3791 ἐχρήο

2162 3828 2324 3867 σαντο
2374 3812 2451 3885 τῷ
2502 3817 2808 3885 πράγματι,
2852 3812 3032 3865 πάντα
3061 3809 3393 3882 διέφθειραν.
3424 3812 3530 3875 Εἰς
3556 3810 3729 3879 ἐργα-

2159 3906 2305 3961 σίαν
2337 3906 2731 3973 ἀκαθαρσίας,
2782 3904 2967 3975 φησίν.
3004 3904 3166 3974 Ὁρᾷς
3197 3902 3313 3966 πῶς
3362 3902 3557 3964 αὐτοὺς
3588 3904 3726 3955 ἀπο·

2162 4003 2343 4070 στερεῖ
2398 4001 2749 4071 συγγνώμης,
2812 4000 3075 4071 ἐργασίαν
3127 3996 3466 4069 ἀκαθαρσίας
3523 3997 3728 4063 εἰπών;

2160 4091 2235 4145 Ού
2268 4093 2694 4163 παραπεσόντες,
2722 4092 2907 4161 φησὶν,
2941 4091 3209 4161 ἥμαρτον,
3250 4088 3364 4143 ἀλλ’
3414 4087 3733 4159 εἰργάζοντο

2160 4183 2304 4239 αύτά
2331 4184 2399 4237 τά
2428 4184 2597 4249 δεινά,
2624 4183 2717 4237 κςιιλ⁵
2747 4182 2946 4256 μελέτῃ
2973 4181 3051 4254 τῷ
3085 4184 3368 4254 πράγματι
3401 4180 3718 4251 ἐκέχρηντο.

2174 4272 2261 4327 Ἐν
2289 4274 2440 4347 πάσῃ
2466 4273 2795 4346 ἀκαθαρσίᾳ.

2245 4364 2576 4434 Ἀκαθαρσία
2622 4368 2772 4419 πᾶσα
2840 4366 3085 4436 μοιχεία,
3150 4362 3413 4433 πορνεία,
3466 4360 3731 4433 παιδερα-

2164 4456 2307 4520 στία,
2357 4456 2568 4525 φθόνος,
2603 4457 2752 4509 πᾶσα
2793 4456 3053 4510 ἀκολασία
3086 4456 3179 4509 καὶ
3223 4453 3496 4521 ἀσέλγεια.
3534 4452 3729 4521 Ὑμεῖς

2161 4545 2231 4598 δὲ
2276 4548 2390 4615 οὐχ
2459 4548 2647 4613 οὕτως
2700 4546 2943 4616 ἐμάθετε
3016 4545 3122 4598 τὸν
3166 4544 3457 4613 Χριστὸν,
3524 4543 3731 4613 φησὶν,

2161 4637 2219 4690 ει
2256 4654 2322 4707 γε
2362 4638 2549 4692 αὐτὸν
2588 4639 2906 4707 ἠκούσατε,
2946 4636 3042 4690 καί
3086 4637 3155 4689 ἐν
3181 4633 3338 4699 αὐτῷ
3359 4633 3730 4703 ἐδιδάχθητε,

2163 4735 2355 4803 καθώς
2406 4737 2575 4791 ἐστιν
2631 4736 2877 4803 ἀλήθεια
2946 4738 3014 4791 ὲν
3066 4737 3147 4802 τῷ
3214 4736 3438 4805 Ἰησοῦ.
3496 4735 3604 4803 Τὸ,
3658 4734 3732 4788 El

2164 4845 2230 4898 γε
2286 4830 2471 4883 αὐτὸν
2526 4830 2848 4898 ἠκούσατε,
2916 4832 3015 4885 οὐκ
3059 4830 3491 4901 ἁμφιϐάλλοντός
3549 4832 3731 4895 ἐστιν,

2165 4921 2301 4975 ἀλλά
2323 4921 2416 4975 καὶ
2448 4922 2651 4992 σφόδρα
2689 4922 3191 4993 διαϐεϐαιουμένου,
3225 4923 3473 4995 καθάπερ
3502 4924 3599 4978 καὶ
3632 4925 3730 4979 ἀλ-

2165 5013 2331 5084 λαχοῦ
2363 5030 2528 5085 φησιν
2552 5031 2566 5044 ο
2607 5016 2792 5083 Εἷπερ
2847 5014 3080 5070 δίκαιον
3124 5017 3284 5084 παρὰ
3314 5015 3437 5081 Θεῷ
3472 5016 3733 5072 ἀνταπο-

2165 5104 2375 5158 δοῦναι
2430 5106 2555 5172 τοῖς
2606 5108 2920 5162 θλίϐουσιν
2972 5106 3126 5177 ὑμᾶς
3160 5106 3387 5175 θλῖψιν.
3421 5106 3729 5167 Τουτέστιν,

2167 5197 2279 5249 Ούκ
2310 5198 2402 5249 ἐπὶ
2432 5198 2644 5260 τούτοις
2674 5200 2905 5269 ἐμάθετε
2934 5200 3026 5252 τὸν
3056 5198 3314 5267 Χριστόν.
3341 5198 3412 5250 Εἴ
3442 5215 3506 5267 τε
3542 5196 3730 5251 αὑτὸν

2168 5289 2491 5355 ἠκούσατε,
2522 5292 2620 5344 καὶ
2653 5294 2723 5345 ὲν
2752 5290 2911 5357 αὐτῷ
2933 5290 3306 5360 ἐδιδάχθητε,
3341 5289 3536 5355 καθώς
3562 5290 3734 5341 ἐστιν

2164 5381 2417 5450 ἀλήθεια
2438 5382 2507 5434 ἐν
2526 5383 2757 5451 Χριστῷ
2790 5384 3011 5453 Ἰησοῦ,
3044 5381 3374 5438 ἀποθέσθαι
3401 5379 3557 5451 ὑμᾶς
3583 5377 3734 5432 κατὰ

2162 5470 2279 5540 τὴν
2304 5472 2601 5541 προτέραν
2630 5475 3026 5544 ἀναστροφὴν
3070 5473 3177 5529 τὸν
3225 5472 3485 5529 παλαιὸν
3513 5471 3734 5539 ἄνθρω-

2239 5670 2266 5710 δ
2293 5667 2439 5732 Mars.
2468 5670 2638 5731 Sa\'il.,
2663 5669 2784 5717 κατὰ
2809 5667 2964 5731 βάθος.
