4096 6388
340 301 413 358 93
1264 290 1330 346 ΙΝ
1369 286 1587 344 EPIST.
1630 286 1722 341 AD
1762 282 1952 340 EPllEl

2057 282 2196 339 CAP.
2236 282 2328 341 IV.
2369 281 2595 340 HOMIL.
2624 282 2778 341 χιιι.
3548 289 3615 341 9i

343 415 621 475 laetabilia
663 412 821 484 digna
850 425 968 483 qua:
1013 406 1310 463 rideantur.
1358 404 1427 459 Et
1454 404 1499 459 si
1530 403 1712 456 asinus
1752 398 1926 453 excla-

345 508 595 572 maverit,
621 515 677 561 et
703 504 747 558 si
774 503 965 575 gallus.
993 509 1047 555 et
1074 500 1118 554 si
1147 497 1267 569 quis
1295 494 1645 556 sternutavit,
1669 502 1723 546 et
1753 489 1927 558 quod-

343 602 426 656 vis
458 598 633 665 aliud,
664 606 933 666 tamquam
973 592 1153 649 decies
1196 589 1339 643 mille
1368 587 1529 641 vincti
1564 583 1825 646 vinculis,
1872 591 1929 636 ut

345 693 456 748 dixi
481 732 497 758 ,
528 702 795 760 tamquam
821 687 912 757 qui
942 693 1223 740 teneantur
1250 682 1301 735 in
1340 678 1592 743 tenebris,
1623 674 1802 729 omnia
1833 673 1929 726 ha-

348 788 477 841 bent
500 792 769 854 suspecta,
802 789 857 835 et
875 786 1002 833 sunt
1028 776 1197 846 magis
1224 774 1444 831 serviles
1471 784 1631 841 quam
1654 770 1930 822 innumera

351 874 640 944 niaucipia.
668 870 776 927 Sed
818 884 888 925 ne
925 883 1024 923 nos
1051 879 1263 938 quoque
1301 863 1375 918 ita
1404 874 1622 931 agamus
1641 900 1657 924 ,
1684 857 1780 913 sed
1808 871 1929 911 cum

348 970 467 1023 lia-c
493 967 673 1021 omnia
700 963 1045 1029 irriserimus,
1075 969 1133 1016 ut
1154 959 1245 1030 qui
1274 959 1515 1013 vivamus
1543 954 1596 1009 in
1626 954 1767 1017 luce,
1794 961 1849 1006 et
1880 952 1933 1004 in

350 1064 485 1116 cado
510 1073 809 1123 versemur,
836 1067 891 1112 et
914 1069 1034 1111 cum
1060 1062 1200 1108 terra
1231 1049 1359 1104 nihil
1387 1047 1674 1102 habeamus
1694 1056 1935 1097 commu-

353 1168 424 1207 ne
443 1194 460 1215 ,
493 1165 656 1205 unum
683 1148 1049 1204 existimemus
1071 1157 1190 1199 esse
1218 1140 1454 1198 terribile
1478 1179 1494 1205 ,
1523 1150 1717 1205 nempe
1744 1148 1935 1203 pecca-

353 1254 468 1297 tum
492 1251 546 1297 et
572 1241 738 1295 Deum
764 1237 1057 1293 oﬂendere.
1090 1233 1243 1301 Quod
1270 1232 1317 1287 si
1348 1231 1451 1286 hoc
1478 1245 1585 1284 non
1611 1228 1713 1292 sit,
1755 1225 1935 1279 omnia

354 1338 459 1390 alia
486 1333 804 1390 irrideamus
823 1371 840 1396 ,
867 1338 922 1385 et
941 1328 1215 1384 diabolum
1243 1325 1331 1395 qui
1362 1323 1477 1378 haec
1506 1320 1704 1375 intulit.
1727 1317 1831 1372 Pro
1854 1316 1937 1371 liis

356 1429 469 1483 beo
495 1441 714 1497 agamus
752 1424 978 1495 gratias;
1011 1420 1243 1476 studium
1287 1429 1552 1490 ponamus
1590 1428 1657 1468 ne
1687 1424 1937 1479 umquam

358 1522 448 1577 tali
482 1520 756 1591 capiamur
790 1515 1083 1580 servitute;
1110 1500 1166 1569 et
1207 1512 1252 1566 si
1279 1511 1400 1582 quis
1429 1524 1495 1565 ex
1524 1504 1711 1562 amicis
1740 1500 1939 1557 nostris

2035 408 2220 467 captus
2258 400 2448 465 fuerit,
2482 401 2693 456 vincula
2722 402 2838 472 ejus
2868 403 3256 473 perlringamus
3279 446 3295 473 ,
3329 406 3617 465 liberemus

2034 505 2157 544 eum
2183 490 2253 545 ab
2271 491 2376 547 hoc
2394 494 2710 562 gravissimo
2730 504 2785 549 et
2811 496 3035 551 ridiculo
3060 513 3300 562 carcere,
3332 500 3618 557 reddamus

2034 596 2156 637 eum
2177 583 2483 651 expeditum
2505 584 2573 639 ad
2597 586 2921 641 currendum
2950 589 3003 642 in
3028 590 3237 655 ca-Ium,
3272 606 3471 660 pennas
3495 609 3620 664 grac

2035 680 2185 727 vatas
2230 674 2499 743 erigamus
2529 693 2543 730 :
2575 688 2795 747 propter
2823 679 2985 734 vitam
3029 690 3082 735 et
3109 681 3298 751 dogma
3332 685 3621 742 doceamus

2038 764 2420 836 philosophari.
2450 768 2558 825 Deo
2581 770 2778 840 gratias
2796 754 3134 842 agamus'pro
3157 777 3426 844 omnibus,
3460 793 3617 848 roge-

2037 873 2154 912 mus
2191 874 2351 922 eum,
2396 874 2463 915 ne
2505 876 2604 917 nos
2643 877 2999 933 appareamus
3044 866 3244 937 indigni
3281 868 3427 925 dono
3465 869 3623 925 nobis

2037 947 2162 1004 dato
2191 967 2204 1003 :
2244 959 2301 1005 et
2329 951 2429 1022 ipsi
2457 967 2582 1008 cum
2612 953 2694 1010 his
2724 966 2906 1011 nostra
2945 958 3256 1015 Studeamus
3293 959 3486 1017 al'l'erre
3506 1003 3521 1025 ,
3562 971 3623 1017 ut

2038 1040 2325 1097 doceamus
2353 1058 2456 1098 non
2500 1045 2672 1100 solum
2702 1046 2979 1116 dicentes,
3020 1049 3117 1105 sed
3153 1051 3313 1106 etiam
3346 1052 3622 1108 iacientes.

2038 1131 2116 1189 Ita
2142 1133 2287 1187 enim
2314 1135 2610 1203 poterimus
2633 1141 2846 1210 assequi
2868 1141 3006 1197 bona
3032 1142 3441 1199 innumerabilia
3469 1161 3625 1215 :quze

2039 1221 2194 1278 detur
2220 1225 2375 1280 nobis
2401 1229 2651 1284 omnibus
2677 1232 2932 1303 consequi
2956 1275 2972 1299 ,
3019 1249 3115 1303 per
3139 1236 3364 1304 gratiam
3390 1244 3446 1292 et
3473 1236 3627 1291 heni-

2040 1314 2295 1384 gnitatem
2322 1317 2533 1374 Domini
2573 1323 2741 1377 nostri
2768 1323 2897 1379 Jesu
2934 1324 3163 1393 Christi,
3193 1328 3278 1383 cui
3317 1343 3438 1384 cum
3467 1328 3627 1385 Patre

2041 1416 2098 1463 et
2140 1408 2339 1479 Spiritu
2375 1422 2564 1470 sancto
2601 1415 2790 1487 gloria,
2834 1418 3137 1489 imperium,
3182 1421 3375 1491 honor,
3404 1438 3546 1478 nunc
3571 1432 3628 1479 et

2049 1514 2286 1571 semper,
2318 1512 2374 1559 et
2401 1505 2454 1560 in
2482 1508 2678 1563 saecula
2706 1510 3045 1565 saeculorum.
3076 1513 3271 1569 Amen.

378 1617 3161 1656 —___—_—_._——-———-———*———_———___——_—'———————

1744 1678 2093 1743 HOMILIA
2137 1679 2313 1745 Xlll.

362 1847 490 1903 CAP.
516 1848 572 1902 4.
600 1861 654 1900 v.
685 1845 774 1900 17.
809 1843 919 1897 Hoc
948 1844 1105 1914 igitur
1130 1840 1245 1894 dico
1270 1848 1318 1893 et
1345 1836 1584 1904 testiﬁcor
1615 1846 1671 1885 sn
1698 1828 1941 1894 Domino,

433 1949 490 1993 ut
505 1939 618 2010 jam
647 1952 750 1990 non
777 1934 1077 1997 ambuletis,
1128 1932 1255 1985 sicut
1296 1938 1343 1983 et
1384 1936 1555 1999 gentes
1585 1924 1847 1979 ambulant
1890 1924 1942 1972 in

432 2032 657 2087 vanitate
681 2045 853 2084 sensus
881 2029 981 2091 sui,
1011 2027 1096 2081 18.
1126 2024 1339 2078 tenebris
1361 2022 1685 2077 obscuratum
1707 2016 1943 2069 habentes

433 2122 767 2186 intellectum,
798 2119 1007 2174 alienati
1031 2136 1061 2170 a
1083 2119 1186 2171 vita
1210 2114 1304 2168 Dei
1335 2132 1421 2183 per
1448 2109 1809 2182 ignorantiam,
1833 2121 1945 2176 quae

437 2226 511 2270 est
537 2216 592 2269 in
612 2214 715 2268 illis
748 2222 951 2283 propter
978 2211 1249 2264 cwcitatem
1274 2206 1442 2260 cordis
1462 2206 1711 2274 ipsorum,
1743 2199 1828 2254 19.
1859 2198 1947 2267 qui

438 2307 761 2375 desperantes
811 2302 1103 2372 semetipsos
1149 2299 1467 2353 tradiderunt
1514 2293 1845 2365 impudicitiae
1892 2291 1945 2344 in

439 2398 777 2467 Operationem
806 2393 1141 2448 immunditiis:
1168 2392 1329 2445 omnis
1355 2392 1408 2444 in
1431 2388 1663 2443 avaritia.

440 2492 490 2545 1.
532 2490 658 2545 Haec
685 2490 822 2544 dicta
859 2496 980 2542 sunt
1011 2502 1114 2541 non
1144 2484 1317 2540 solum
1349 2482 1634 2553 Ephesiis;
1676 2480 1770 2535 sed
1794 2477 1947 2533 vobis

364 2599 577 2654 quoque
619 2597 760 2636 nunc
786 2581 1035 2636 dicuntur
1057 2620 1074 2647 ,
1103 2587 1157 2634 et
1187 2592 1293 2632 non
1323 2590 1353 2629 a
1382 2574 1539 2629 nobis
1564 2615 1578 2640 ,
1611 2575 1703 2628 sed
1730 2573 1888 2627 etiam
1916 2585 1947 2624 a

364 2676 560 2741 Paulo,
604 2676 714 2729 imo
755 2689 854 2728 nec
883 2688 911 2727 a
941 2673 1095 2727 nobis
1116 2714 1132 2739 ,
1181 2685 1279 2725 nec
1308 2684 1335 2721 a
1364 2666 1533 2722 Paulo
1553 2706 1568 2730 ,
1601 2663 1696 2719 sed
1722 2679 1752 2718 a
1779 2663 1947 2733 gratia

362 2768 615 2838 Spiritus.
642 2768 935 2837 Tamquam
954 2780 1083 2836 ergo
1106 2766 1221 2831 ipso
1241 2764 1357 2818 hmc
1377 2763 1589 2817 dicente
1614 2772 1713 2812 nos
1740 2764 1950 2827 oportet

364 2861 525 2915 afﬁci.
559 2859 699 2914 Audi
746 2866 922 2912 autem
962 2857 1086 2927 quid
1115 2856 1296 2911 dicat:
1325 2856 1435 2909 Hoc
1472 2854 1631 2924 igitur
1655 2851 1768 2905 dico
1795 2859 1842 2905 et
1872 2860 1948 2903 te-

365 2957 560 3025 stificor
587 2956 641 3009 in
673 2954 925 3021 Domino,
958 2961 1013 3005 ut
1038 2954 1150 3022 jam
1185 2968 1287 3004 non
1313 2950 1577 3003 ambuletis
1604 2948 1730 3002 sicut
1758 2955 1952 2999 cwterte

366 3059 539 3119 gentes
562 3048 824 3102 ambulant
851 3048 902 3100 in
930 3046 1149 3099 vanitate
1177 3060 1353 3098 sensus
1374 3044 1454 3096 sui
1478 3086 1493 3110 ,
1528 3042 1740 3096 tenebris
1765 3040 1950 3093 obscu-

367 3153 533 3195 ratum
558 3142 795 3194 habentes
822 3140 1145 3205 intellectum,
1175 3137 1382 3190 alienati
1400 3153 1429 3187 a
1452 3137 1550 3189 vita
1578 3135 1672 3189 Dei
1694 3151 1782 3204 per
1804 3134 1952 3204 igno-

367 3235 609 3299 rantiam,
636 3248 751 3303 qua:
776 3242 848 3286 est
869 3233 921 3286 in
941 3232 1065 3302 ipsis
1091 3240 1297 3300 prapter
1319 3230 1593 3283 ctecitatem
1619 3226 1787 3280 cordis
1814 3228 1952 3296 ipso-

368 3342 503 3378 rum.
543 3324 599 3379 Si
626 3333 864 3393 estergo
896 3322 1191 3392 ignorantia
1220 3363 1234 3385 ,
1266 3321 1310 3375 si
1343 3320 1630 3374 excmcatio
1652 3358 1666 3382 ,
1714 3332 1811 3372 cur
1839 3317 1949 3371 cri—

372 3416 640 3471 minaris?
671 3431 795 3469 nam
827 3430 947 3469 cum
978 3415 1067 3484 qui
1101 3414 1310 3483 ignorat
1337 3453 1352 3476 ,
1387 3426 1492 3465 non
1540 3410 1679 3465 male
1712 3410 1819 3478 pati
1852 3421 1951 3463 nec

371 3508 611 3562 accusari
641 3521 852 3577 aequum
882 3514 995 3571 est,
1046 3504 1140 3559 sed
1170 3504 1378 3559 discere
1409 3518 1528 3573 qua:
1570 3502 1802 3573 ignorat.
1844 3500 1952 3556 Sed

373 3597 495 3653 vide
525 3596 799 3667 quomodo
826 3610 921 3651 eos
961 3596 1139 3650 statim
1183 3595 1417 3651 excludit
1456 3610 1487 3649 a
1517 3595 1691 3648 venia.
1736 3593 1832 3659 Qui
1868 3592 1955 3646 de-

376 3701 634 3760 sperantes
660 3690 952 3761 semetipsos
993 3689 1307 3744 tradiderunt
1336 3689 1666 3757 impudicitia
1691 3689 1744 3741 in
1772 3704 1954 3757 opera-

375 3787 563 3838 tionem
605 3783 937 3837 immunditite
960 3783 1123 3836 omnis
1148 3782 1203 3836 in
1246 3783 1475 3835 avaritia.
1519 3780 1609 3837 20.
1662 3779 1763 3834 Vos
1788 3791 1955 3831 autem

376 3892 477 3930 non
500 3874 575 3928 ita
602 3874 850 3928 didicistis
873 3872 1147 3928 Christum.
1193 3873 1292 3928 Hie
1321 3872 1553 3927 ostendit
1579 3888 1764 3927 eorum
1795 3872 1954 3925 vitam

376 3966 544 4021 fuisse
568 3980 784 4019 causam
814 3964 1191 4019 exczecalionis
1224 3982 1238 4018 :
1273 3964 1381 4018 vita
1410 3974 1587 4018 autem
1618 3974 1734 4018 orta
1781 3972 1863 4017 est
1890 3978 1957 4017 ex

377 4074 566 4113 eorum
595 4058 839 4113 socordia
879 4067 936 4112 et
976 4056 1288 4111 indolentia.
1334 4056 1574 4122 Quicum
1599 4097 1613 4123 ,
1663 4055 1866 4125 inquit,
1897 4055 1959 4108 de

377 4168 432 4206 se
456 4153 804 4220 desperassent
828 4160 877 4204 et
906 4150 1131 4203 animum
1175 4148 1560 4218 despondissent
1584 4188 1598 4211 ,
1629 4148 1821 4217 seipsos
1851 4157 1960 4199 tra-

378 4244 643 4297 diderunt.
685 4240 908 4309 Quando
951 4256 1078 4312 ergo
1124 4240 1317 4303 audis.
1360 4240 1525 4293 Deum
1555 4253 1649 4293 eos
1679 4237 1962 4293 tradidisse

380 4336 434 4390 in
466 4334 755 4404 reprobum
777 4348 992 4388 sensum
1023 4332 1215 4403 (Rom.
1249 4333 1300 4386 1.
1326 4330 1417 4401 25)
1447 4372 1462 4397 ,
1494 4330 1777 4385 recordare
1804 4329 1962 4400 hujus

379 4428 535 4481 verbi
563 4426 706 4497 quod
735 4427 943 4497 seipsos
974 4425 1325 4481 tradiderunt.
1361 4424 1416 4479 Si
1444 4425 1587 4480 enim
1615 4428 1821 4493 seipsos
1848 4433 1961 4477 tra-

380 4520 672 4583 diderunt,
722 4517 991 4589 quomodo
1024 4519 1164 4572 Deus
1214 4516 1474 4571 tradidit?
1513 4515 1559 4569 si
1602 4524 1778 4569 autem
1824 4515 1964 4568 Deus

379 4629 481 4670 eos
526 4610 781 4677 tradidit,
826 4608 1094 4679 quomodo
1136 4610 1342 4678 seipsos
1387 4606 1755 4662 tradiderunt?
1804 4605 1964 4661 Vides

382 4721 506 4761 eam
538 4720 659 4774 qua:
688 4718 810 4758 esse
837 4701 1047 4757 videtur
1070 4700 1473 4770 repugnantiam
1498 4699 1521 4752 Ἰ
1553 4698 1783 4752 Tradidit
1810 4713 1957 4768 ergo,

382 4798 532 4854 idem
560 4805 644 4851 est
667 4795 811 4867 quod
841 4794 1121 4865 permisit,
1152 4793 1233 4846 vel
1263 4790 1549 4846 concessit.
1592 4788 1755 4845 Vides
1784 4789 1923 4860 quod
1946 4831 1963 4856 ,

381 4892 478 4946 ubi
509 4905 617 4945 non
644 4900 729 4945 est
756 4890 860 4943 vita
892 4904 1021 4957 pura
1050 4927 1065 4951 ,
1098 4887 1167 4942 ibi
1198 4887 1380 4940 talium
1416 4900 1629 4956 quoque
1656 4884 1965 4955 dogmatum

382 4992 471 5037 est
500 4982 913 5052 argumentum?
945 4979 1124 5032 (inanis
1146 5018 1161 5043 ,
1194 4977 1399 5045 inquit,
1428 4978 1514 5047 qui
1537 4975 1670 5029 male
1693 4976 1820 5046 agit,
1860 4976 1969 5029 odit

386 5076 576 5138 lucem,
607 5082 653 5127 et
679 5090 781 5126 non
805 5073 936 5126 venit
962 5070 1032 5124 ad
1057 5071 1216 5125 lucem
1245 5070 1423 5143 (Joan.
1458 5071 1509 5125 5.
1542 5068 1657 5139 20).
1691 5068 1970 5135 Quomodo

386 5170 535 5223 enim
568 5176 748 5237 posset
774 5164 1065 5235 ﬂagitiosus
1108 5171 1163 5218 et
1190 5163 1429 5232 impurus
1452 5204 1468 5227 ,
1510 5172 1565 5216 et
1601 5161 1694 5231 qui
1732 5161 1971 5215 omnium

389 5258 682 5313 mulierum
712 5254 1031 5325 corporibus
1058 5257 1228 5325 magis
1256 5254 1513 5325 polluitur
1540 5264 1593 5309 et
1618 5253 1927 5324 inquinatur
1950 5293 1969 5322 ,

393 5365 558 5419 quam
586 5349 733 5420 porci
760 5348 853 5419 qui
881 5348 935 5403 in
964 5361 1122 5403 coeno
1150 5347 1511 5411 voluntantur,
1548 5355 1603 5402 et
1627 5354 1771 5401 amat
1809 5360 1964 5416 pecu-

395 5444 540 5498 niam
567 5482 583 5504 ,
610 5450 666 5497 et
703 5428 1069 5511 temperantia:
1100 5455 1165 5494 ac
1194 5439 1472 5494 modestia:
1498 5438 1629 5493 nihil
1668 5441 1852 5495 omnio
1876 5454 1976 5510 ap-

397 5533 567 5602 petit,
600 5531 739 5587 hanc
774 5533 934 5587 vitam
963 5532 1285 5601 suscipere?
1318 5531 1463 5585 lianc
1486 5572 1502 5597 ,
1531 5530 1701 5601 inquit
1726 5574 1743 5600 ,
1772 5542 1976 5587 statue-

396 5634 523 5681 runt
548 5622 936 5697 operationem.
960 5622 1088 5678 Inde
1109 5632 1194 5677 est
1219 5623 1535 5690 excmcatio,
1560 5623 1681 5679 inde
1705 5634 1788 5680 est
1805 5625 1980 5695 caligo

400 5716 614 5774 tuentis.
658 5716 889 5773 Possunt
927 5730 1045 5772 esse
1089 5715 1325 5772 tenebrat
1371 5715 1580 5772 etiamsi
1623 5718 1710 5772 lux
1760 5717 1931 5774 luceat
1959 5758 1974 5785 ,

2049 1829 2261 1896 quando
2290 1831 2538 1889 imbecilli
2567 1847 2691 1893 sunt
2732 1841 2869 1896 oculi
2902 1857 2919 1897 :
2951 1842 3087 1898 fiunt
3114 1854 3296 1901 autem
3326 1847 3575 1907 imbecilli
3606 1891 3626 1915 .

2047 1928 2134 1971 aut
2182 1922 2442 1978 malorum
2475 1925 2757 1985 humorum
2799 1930 3036 2001 affluxu,
3082 1947 3171 1990 aut
3215 1936 3388 1993 ﬂuxus
3427 1941 3624 1995 redun-

2048 2006 2250 2066 dantia.
2284 2014 2359 2068 lta
2392 2016 2477 2071 hic
2503 2034 2717 2089 quoque
2747 2039 2761 2074 :
2795 2024 3010 2092 quando
3038 2028 3237 2083 multus
3267 2029 3497 2100 impetus
3536 2049 3624 2087 re-

2048 2115 2200 2171 rum,
2244 2122 2363 2174 quae
2412 2108 2478 2163 ad
2525 2110 2663 2167 hanc
2694 2114 2855 2169 vitam
2883 2119 3186 2186 pertinent,
3238 2122 3474 2177 obruerit
3504 2140 3627 2194 per-

2050 2198 2312 2267 Spicacem
2337 2205 2531 2258 mentis
2553 2218 2747 2264 nostra:
2767 2210 3098 2282 facultatem,
3114 2231 3178 2271 ea
3191 2226 3273 2273 est
3288 2218 3341 2272 in
3368 2219 3622 2277 tenebris:

2051 2299 2107 2343 et
2135 2291 2271 2346 sicut
2306 2292 2359 2347 in
2388 2294 2651 2365 profundo
2674 2298 2915 2367 iacentes
2947 2304 2999 2359 in
3027 2320 3165 2377 aqua
3186 2349 3201 2371 ,
3236 2311 3406 2365 solem
3443 2312 3624 2368 videre

2050 2396 2158 2435 non
2195 2386 2557 2455 potuerimus,
2606 2391 2772 2447 multa
2814 2408 2950 2464 aqua
2997 2398 3161 2452 veluti
3209 2402 3438 2470 quodam
3478 2416 3632 2473 septo

2051 2486 2283 2543 superne
2331 2477 2579 2547 imposita
2623 2495 2637 2532 :
2687 2482 2757 2537 ita
2802 2485 2853 2539 in
2903 2489 3099 2545 mentis
3142 2492 3310 2548 oculis
3349 2494 3408 2549 lit
3454 2498 3632 2552 cordis

2052 2568 2341 2622 exerceatio
2364 2610 2379 2634 ,
2433 2572 2647 2641 quando
2677 2575 2855 2633 nullus
2900 2580 3061 2635 timor
3087 2583 3319 2640 animam
3368 2590 3630 2645 concutit.

2053 2654 2177 2712 Non
2200 2669 2294 2725 cst,
2323 2661 2514 2733 inquit,
2546 2666 2696 2719 timor
2727 2667 2824 2722 Dei
2844 2681 2960 2724 ante
2981 2673 3152 2728 oculos
3179 2677 3315 2744 ejus;
3340 2688 3395 2733 et
3424 2694 3632 2745 rursus,

2054 2747 2197 2803 Dixit
2224 2752 2466 2822 insipiens
2507 2756 2561 2809 in
2589 2760 2742 2814 corde
2769 2777 2881 2823 suo,
2913 2779 3013 2817 non
3043 2775 3115 2818 est
3157 2765 3296 2823 Deus
3322 2769 3340 2840 (
3368 2769 3513 2825 Psal.
3542 2774 3629 2828 15.

2053 2843 2107 2899 '5.
2150 2845 2245 2916 1).
2284 2847 2397 2902 Non
2426 2852 2645 2909 aliunde
2672 2865 2855 2912 autem
2905 2858 2965 2913 lit
3009 2864 3323 2929 excmcatio,
3373 2881 3529 2935 quam
3567 2882 3635 2921 ex

2054 2949 2245 2991 sensus
2272 2938 2476 2996 defectu
2512 2960 2525 2997 :
2560 2943 2662 3000 hoc
2688 2949 2832 3002 enim
2880 2963 3089 3007 meatus
3119 2955 3367 3011 obstruit.
3408 2958 3633 3026 Quando

2055 3030 2197 3083 enim
2220 3043 2470 3088 concreta
2483 3034 2717 3094 deﬂuxio
2736 3039 2788 3094 in
2814 3057 2977 3098 unum
3002 3044 3176 3101 locum
3202 3049 3431 3119 cogitur,
3462 3068 3633 3108 mem-

2055 3120 2210 3176 brum
2241 3128 2298 3178 Ιίι
2328 3138 2596 3182 mortuum
2628 3139 2683 3184 ει
2707 3147 2869 3188 SBIISU
2896 3134 3231 3200 destitutum;
3264 3150 3316 3196 et
3344 3143 3456 3197 sive
3485 3160 3637 3200 11888-

2056 3217 2132 3270 ris
2154 3259 2169 3283 ,
2214 3219 2327 3273 sive
2353 3222 2591 3277 secueris
2615 3264 2630 3289 ,
2665 3223 2780 3279 sive
2805 3227 3017 3295 quidvis
3044 3229 3236 3286 ieceris
3259 3275 3272 3297 ,
3306 3249 3411 3287 non
3445 3239 3630 3293 sentit.

2057 3304 2130 3359 Ita
2180 3310 2339 3363 etiam
2368 3310 2443 3366 illi
2473 3313 2559 3382 qui
2606 3328 2665 3368 se
2712 3318 2880 3373 semel
2908 3319 3191 3379 dederunt
3234 3323 3582 3394 impudicitia:
3606 3370 3624 3394 ,

2057 3400 2264 3455 etiamsi
2294 3404 2461 3459 instar
2498 3406 2634 3477 ignis
2659 3451 2674 3476 ,
2726 3410 2935 3466 etiamsi
2962 3414 3129 3469 instar
3168 3416 3296 3471 ferri
3337 3420 3634 3475 orationem

2057 3491 2135 3546 eis
2162 3492 2443 3563 applicaris
2464 3538 2478 3559 ,
2520 3498 2655 3551 nihil
2685 3515 2779 3554 eos
2809 3504 3010 3571 tangit,
3064 3505 3196 3560 nihil
3224 3508 3289 3561 ad
3317 3524 3410 3564 eos
3442 3525 3637 3579 pervc-

2060 3586 2139 3641 nit
2167 3606 2179 3639 :
2210 3598 2291 3643 est
2331 3590 2471 3643 enim
2503 3592 2657 3659 plane
2686 3603 2955 3649 mortuum
2988 3612 3176 3653 eorum
3208 3601 3508 3656 membrum
3533 3642 3550 3667 ,
3578 3614 3639 3658 et

2061 3680 2165 3735 nisi
2186 3682 2262 3736 eis
2288 3682 2554 3739 ademeris
2575 3702 2765 3741 sensus
2787 3690 3130 3757 vacuitatem,
3160 3702 3217 3747 ut
3243 3696 3481 3751 membra
3509 3712 3640 3753 sana

2064 3782 2270 3842 tangas,
2300 3772 2498 3828 frustra
2530 3777 2658 3832 lacis
2700 3780 2900 3835 omnia.
2932 3780 2998 3834 In
3022 3784 3259 3851 avaritia,
3311 3787 3501 3858 inquit.
3543 3790 3642 3845 Hic

2062 3865 2293 3919 tuaxime
2315 3865 2529 3921 abstulit
2547 3883 2733 3924 eorum
2751 3873 3153 3931 excusationem
3180 3886 3235 3933 et
3255 3877 3639 3939 defensionem.

2062 3956 2284 4012 Licebat
2324 3958 2466 4013 enim
2495 3960 2610 4028 eis,
2658 3962 2704 4017 si
2746 3965 3074 4030 voluissent,
3127 3985 3300 4040 neque
3340 3987 3461 4027 esse
3497 3974 3643 4029 avari

2067 4063 2241 4118 neque
2265 4050 2517 4118 impudici
2550 4068 2726 4123 neque
2751 4056 2921 4110 ventri
2955 4058 3234 4128 indulgere
3258 4101 3274 4123 ,
3304 4071 3359 4115 et
3384 4076 3510 4117 suas
3533 4081 3639 4119 ex-

2066 4141 2214 4210 plere
2244 4143 2565 4212 cupiditates
2611 4146 2796 4216 eisque
2838 4148 2938 4203 lrui
2969 4167 2984 4203 :
3016 4149 3207 4206 licebat
3253 4160 3309 4206 et
3358 4156 3595 4222 pecuniae
3624 4197 3640 4220 ,

2073 4234 2265 4287 licebat
2283 4243 2337 4288 et
2357 4235 2646 4305 voluptatis
2672 4250 2728 4293 et
2748 4239 3055 4295 deliciarum
3080 4242 3355 4298 moderate
3377 4261 3496 4301 esse
3521 4262 3644 4315 par-

2069 4326 2298 4396 ticipes;
2330 4328 2422 4384 sed
2447 4330 2697 4399 quoniam
2721 4332 2786 4386 iis
2816 4333 3165 4391 immoderate
3196 4336 3273 4390 usi
3296 4349 3442 4405 sunt,
3470 4341 3647 4395 omnia

2069 4432 2443 4491 corruperunt.
2471 4421 2538 4476 In
2563 4425 2906 4493 operationem
2934 4427 3300 4495 immunditia.
3329 4432 3520 4502 inquit.
3552 4433 3647 4487 Vi-

2070 4510 2167 4565 des
2193 4512 2458 4581 quomodo
2484 4529 2578 4569 eos
2606 4514 2778 4585 privat
2809 4517 2959 4570 venia
2985 4557 3001 4582 ,
3030 4517 3215 4574 dicens
3239 4561 3254 4584 ,
3291 4520 3647 4592 Operationem

2071 4602 2404 4657 immunditite
2424 4605 2449 4658 ?
2472 4605 2587 4660 Non
2617 4621 2745 4661 casu
2766 4649 2780 4674 ,
2813 4609 3023 4678 inquit,
3054 4610 3184 4681 lapsi
3214 4627 3524 4682 peccarnut;
3548 4619 3648 4673 sed

2075 4695 2252 4763 gravia
2281 4694 2394 4749 haec
2418 4695 2532 4765 ipsa
2554 4696 2792 4753 fecerunt
2814 4740 2829 4765 ,
2863 4710 2917 4755 et
2943 4716 3005 4756 ea
3027 4717 3086 4758 re
3114 4705 3367 4760 meditata
3394 4709 3473 4763 usi
3500 4720 3648 4765 sunt.

2074 4787 2132 4841 In
2163 4788 2306 4841 omni
2336 4788 2693 4843 immunditia.

2145 4879 2481 4935 lmmunditia
2499 4882 2620 4951 quid
2638 4884 2723 4938 sit.
2750 4915 2821 4924 —
2843 4884 3185 4944 lmmunditia
3205 4891 3381 4946 omnis
3402 4904 3484 4949 est
3501 4893 3654 4948 adul-

2075 4972 2289 5040 terium,
2325 4975 2598 5039 scortalio,
2634 4977 2919 5045 pmdicatus
2942 5020 2960 5045 ,
2994 4980 3189 5035 invidia
3211 5022 3226 5046 ,
3260 4984 3437 5039 omnis
3489 4986 3655 5040 libido

2075 5079 2131 5124 et
2160 5066 2589 5137 intemperantia.
2650 5068 2751 5124 Vos
2778 5082 2943 5124 autem
2972 5089 3072 5126 non
3102 5074 3174 5127 ita
3218 5076 3461 5130 didicistis
3509 5078 3656 5130 Chri-

2077 5169 2210 5213 stum
2229 5176 2247 5213 :
2267 5158 2357 5213 21.
2388 5160 2433 5214 si
2457 5170 2622 5214 tamen
2638 5160 2783 5214 illum
2798 5163 3029 5229 audistis,
3054 5175 3100 5218 et
3124 5165 3177 5219 in
3200 5168 3312 5235 ipso
3334 5166 3494 5220 cdocti
3514 5170 3655 5234 estis,

2078 5253 2209 5307 sicut
2234 5261 2309 5308 est
2327 5254 2511 5308 veritas
2530 5254 2583 5307 in
2616 5252 2763 5308 Jesu.
2789 5254 2944 5323 Illud,
2971 5256 3030 5311 Si
3051 5269 3217 5312 tamen
3246 5260 3392 5313 illum
3417 5262 3653 5327 audistis,

2080 5359 2189 5398 non
2217 5354 2301 5399 est
2326 5344 2638 5411 dubitantis,
2667 5345 2760 5400 sed
2786 5345 2947 5399 etiam
2973 5349 3127 5404 valde
3152 5349 3488 5416 afllrmantis;
3512 5354 3652 5408 sicut

2082 5438 2253 5515 etiam.
2292 5436 2422 5493 dicit
2444 5440 2569 5493 alibi
2604 5456 2617 5491 :
2650 5438 2713 5494 Si
2752 5449 2918 5494 tamen
2953 5442 3154 5512 justum
3185 5452 3258 5497 est
3302 5445 3439 5514 apud
3487 5445 3657 5501 Deum

2082 5530 2292 5585 reddere
2316 5531 2691 5584 retributionem
2716 5532 2779 5584 iis
2822 5532 2908 5600 qui
2936 5547 3024 5586 vos
3066 5532 3308 5587 tribulam
3336 5536 3356 5605 (
3381 5533 3432 5589 Ξ.
3478 5536 3656 5592 Thess.

2088 5625 2139 5679 1.
2172 5622 2265 5696 6).
2322 5623 2377 5679 Id
2405 5633 2526 5689 est,
2575 5623 2691 5678 Non
2736 5624 2788 5679 in
2838 5623 2922 5678 his
2963 5623 3231 5678 Christum
3273 5625 3553 5684 didicistis.
3598 5631 3663 5685 Si

2090 5728 2253 5771 tamen
2282 5716 2425 5772 illum
2450 5714 2663 5772 audistis
2688 5754 2706 5783 ,
2753 5724 2799 5771 et
2823 5715 2878 5770 in
2902 5716 3012 5785 ipso
3043 5716 3205 5771 edocti
3235 5719 3351 5774 estis
3376 5760 3391 5790 ,
3432 5723 3562 5776 sicut
3589 5733 3663 5778 est
