4100 6412
410 312 481 367 95
612 385 618 390 .
1141 299 1198 355 S.
1238 292 1513 353 JOANNIS
1551 283 2021 346 CHRYSOSTOMI
2063 284 2377 342 ARCHIEP.
2409 281 2940 339 CONSTANTINOP.
3595 281 3664 335 96

404 439 585 492 veritas
636 429 687 482 in
725 424 924 482 Christo
963 417 1122 482 Iesu,
1169 413 1261 469 9.2.
1293 412 1541 480 deponere
1575 404 1977 489 vos_secundum

406 526 674 599 pristinam
717 511 1141 572 conversationem
1180 515 1390 559 veterem
1433 501 1706 555 hbminem.
1748 497 1859 551 Hoc
1898 502 1982 549 est

407 587 820 688 ergoChristum
852 603 1123 665 didicisse,
1167 607 1311 651 recte
1352 595 1553 648 vivere.
1579 590 1679 657 Qui
1708 588 1851 643 enim
1876 587 1977 640 im-

408 676 575 781 priibe
603 704 771 764 vivit,
799 699 961 751 Deum
995 695 1224 767 jgnorat,
1256 699 1308 742 et
1338 688 1405 741 ab
1435 700 1500 739 eo
1524 684 1813 753 ignoratur.
1846 676 1983 733 Audi

410 777 547 856 enim
570 798 739 866 ipsum
764 790 889 844 alibi
917 787 1209 840 dicentent:
1237 779 1398 833 Deum
1421 777 1726 844 conﬁtentur
1746 788 1797 827 se
1816 786 1978 834 nosse,

408 892 556 963 factis
584 863 765 957 negant
794 890 982 933 autent.
1015 876 1164 931 Sicut
1206 881 1278 926 est
1318 870 1497 924 veritas
1539 869 1592 920 in
1620 865 1745 920 Jesu
1770 904 1785 929 ,
1818 863 1986 957 ’ἀερο-

408 959 527 1036 itere
558 995 641 1031 vos
668 970 943 1028 secundum
982 965 1249 1038 pristinam
1293 959 1718 1015 conuersationem
1768 961 1985 1008 veterem

411 1072 661 1126 hominem
687 1063 824 1134 (Tit.
852 1064 904 1116 i.
936 1058 1045 1128 16).
1074 1056 1187 1110 Hoc
1212 1064 1324 1118 est,
1357 1066 1463 1105 non
1487 1050 1569 1103 his
1593 1043 1987 1101 conditionibus

411 1171 620 1234 pactum
648 1164 970 1211 conventum
998 1147 1191 1203 fecisti.
1234 1143 1365 1198 Nam
1391 1155 1511 1211 quae
1545 1148 1671 1193 sunt
1698 1134 1837 1205 apud
1865 1149 1983 1197 nos,

413 1227 519 1309 izon
563 1256 692 1303 sunt
713 1243 919 1297 vanitas
939 1280 955 1305 ,
986 1237 1077 1293 sed
1127 1235 1323 1290 veritas
1353 1249 1367 1285 :
1399 1232 1537 1284 sicut
1574 1227 1823 1295 dogmata
1860 1230 1984 1277 sunt

414 1360 560 1408 vera,
592 1342 664 1395 ita
693 1347 747 1391 et
773 1339 901 1388 vita.
940 1330 1154 1384 Vanitas
1180 1324 1324 1380 enim
1352 1330 1434 1377 est
1462 1331 1736 1389 peccatum
1762 1324 1815 1370 et
1840 1328 1989 1368 men-

414 1405 660 1495 dacium;
708 1428 812 1481 vita
853 1431 1031 1477 autem
1078 1426 1220 1473 recta
1263 1423 1346 1469 est
1384 1412 1627 1465 veritas:
1658 1407 1816 1461 habet
1845 1405 1989 1460 enim

416 1538 664 1595 magnum
695 1519 852 1572 linem
878 1528 893 1578 ;
920 1505 1328 1576 intemperantia
1371 1517 1499 1556 vero
1527 1501 1578 1553 in
1609 1497 1737 1553 nihil
1772 1494 1987 1550 desinit.

420 1587 533 1685 Qui
560 1608 899 1677 corrumpitur
925 1645 940 1669 ,
970 1601 1177 1671 inquit,
1223 1594 1497 1651 secundum
1526 1589 1776 1646 desideria
1807 1587 1992 1641 erroris

402 1712 514 1765 ‘sui.
541 1709 690 1763 Sicut
708 1704 825 1772 ejus
849 1695 1168 1767 cupiditates
1188 1698 1242 1745 et
1265 1687 1528 1744 desideria
1551 1691 1991 1752 corrumpuntur,

420 1805 488 1859 ita
518 1802 632 1867 ipse
654 1806 885 1867 quoque.

491 1860 551 1948 2.
588 1860 869 1957 Quomodo
893 1895 1021 1951 ergo
1049 1881 1468 1942 corrumpuntur
1493 1869 1610 1938 ejus
1634 1860 1995 1936 cupiditates?

421 1954 895 2041 Mortesolvuntur
914 1971 1113 2028 omnia.
1146 1965 1280 2021 Audi
1308 1962 1449 2018 enim
1478 1958 1788 2029 prephetam
1817 1954 1998 2008 dicen-

423 2092 529 2132 tem
557 2093 571 2129 :
597 2072 621 2126 ι
632 2090 663 2126 n
685 2070 775 2123 illa
795 2068 875 2119 die
896 2061 1124 2136 peribunt
1146 2072 1317 2112 omnes
1342 2051 1667 2123 cogitationes
1690 2048 1800 2117 ejus
1821 2042 1995 2136 (Psal.

424 2169 545 2224 145.
577 2166 656 2235 4).
698 2160 808 2216 Nec
858 2135 1030 2210 morte
1069 2150 1180 2204 sola
1205 2189 1222 2215 ,
1269 2144 1366 2200 sed
1396 2143 1555 2197 etiam
1602 2138 1782 2193 multis
1832 2135 1994 2189 aliis:

433 2270 493 2311 ut
521 2228 641 2325 puta
670 2293 683 2315 ,
718 2242 1057 2320 pulchritudo
1076 2280 1092 2307 ,
1121 2253 1242 2293 cum
1270 2231 1546 2289 advenerit
1574 2228 1795 2283 morbus
1823 2234 1879 2279 et
1903 2240 1992 2279 se-

427 2316 635 2410 nectus,
665 2316 907 2397 abscedit
930 2378 944 2403 ,
979 2333 1207 2389 moritur
1233 2337 1288 2383 et
1314 2325 1496 2381 interit
1524 2339 1539 2376 :
1572 2321 1733 2376 robur
1760 2316 2001 2387 corporis

428 2409 831 2499 rursusiisdem
874 2426 1104 2485 concidit
1137 2442 1151 2477 :
1192 2418 1400 2477 delicia:
1441 2417 1571 2485 ipsae
1615 2428 1721 2467 non
1760 2409 2003 2465 eamdem

428 2534 642 2605 quidem
666 2529 867 2584 habent
888 2523 1209 2592 voluptatem
1240 2516 1291 2569 in
1319 2518 1593 2567 senectute
1623 2525 1637 2563 :
1668 2506 1826 2575 idque
1854 2502 2005 2557 nobis

432 2596 517 2681 est
548 2622 883 2695 perspicuum
912 2632 975 2670 ex
1004 2608 1281 2668 Berzellai.
1316 2605 1475 2661 Scitis
1505 2614 1691 2656 omnes
1732 2596 2006 2652 historiam

434 2694 699 2788 (2.7Reg.
746 2709 873 2780 19).
917 2710 1022 2761 Aut
1064 2700 1261 2770 alioqui
1300 2711 1422 2752 eum
1464 2694 1637 2762 ipsum
1679 2701 1863 2788 rursus
1887 2700 2010 2740 cor-

434 2778 707 2877 rumpitet
731 2778 904 2873 perdit
924 2795 1207 2867 cupiditas.
1232 2791 1383 2845 Sicut
1403 2785 1543 2841 enim
1570 2784 1689 2837 lana
1710 2781 1776 2834 ab
1804 2778 1869 2832 iis
1892 2791 2012 2845 per-

436 2871 580 2955 ditur
600 2914 665 2952 ex
684 2871 877 2964 quibus
895 2888 1154 2951 nascitur,
1179 2884 1250 2936 ita
1273 2880 1431 2935 etiam
1463 2884 1614 2931 vetus
1642 2874 1822 2928 homo.
1850 2871 2014 2923 Amor

436 2972 578 3047 enini
605 2988 787 3057 gloria:
814 2980 1023 3053 perdit,
1066 2985 1121 3031 et
1149 2987 1292 3043 saepe
1320 2967 1553 3039 perdunt
1581 2964 1881 3032 voluptates
1904 3000 1920 3026 ,
1962 2967 2016 3057 et

441 3046 644 3148 decipit
667 3046 951 3144 cupiditas.
979 3066 1094 3122 Non
1122 3074 1202 3119 est
1232 3062 1373 3116 enim
1402 3074 1464 3113 ea
1492 3069 1579 3111 res
1607 3053 1851 3122 voluptas
1873 3092 1888 3115 ,
1922 3046 2018 3103 sed

440 3140 763 3231 amaritudo,
794 3160 1036 3229 deceptio
1063 3199 1079 3224 ,
1109 3152 1398 3217 simulatio,
1426 3159 1482 3203 et
1509 3145 1736 3201 imitatio
1769 3140 2014 3196 scenica:

444 3277 500 3320 et
526 3277 701 3318 rerum
725 3256 937 3329 quidem
962 3252 1123 3306 facies
1152 3256 1233 3302 est
1253 3241 1551 3314 splendida,
1582 3253 1671 3293 res
1692 3244 1868 3290 autem
1893 3234 2020 3302 ipsa:

443 3372 548 3412 non
575 3360 698 3408 sunt
726 3324 866 3401 aliud
893 3358 1049 3413 quam
1084 3340 1252 3409 plena:
1279 3333 1510 3389 miseria:
1538 3340 1593 3384 et
1622 3324 2022 3396 iniucunditatis

444 3457 501 3503 et
543 3444 724 3499 multa:
769 3433 1099 3508 paupertatis
1131 3448 1142 3483 :
1176 3440 1226 3482 et
1256 3426 1302 3480 si
1346 3435 1631 3494 personam
1659 3415 1944 3472 abstuleris
1969 3421 2024 3468 et

448 3539 641 3593 faciem
691 3506 1036 3591 ostenderis,
1080 3520 1284 3575 videbis
1333 3514 1722 3583 deceptioncm.
1779 3506 2024 3575 Deceptio

450 3632 592 3686 enim
621 3636 702 3681 est
730 3620 942 3692 quando
968 3614 1095 3686 quid
1121 3614 1189 3666 sit
1217 3625 1321 3664 non
1351 3613 1607 3676 apparet,
1636 3601 1730 3657 sed
1757 3599 1899 3671 quod
1922 3613 2027 3651 non

448 3731 534 3776 est
558 3690 871 3773 ostenditur.
896 3712 968 3764 lta
998 3708 1128 3761 ﬁunt
1155 3700 1377 3757 fallacia:
1404 3707 1459 3753 et
1489 3692 1854 3766 paralogismi.
1884 3690 2027 3757 Qua-

456 3826 577 3868 tuor
592 3819 767 3864 autem
785 3804 939 3859 nobis
965 3800 1209 3856 homines
1236 3795 1322 3849 hic
1348 3788 1601 3846 describit
1629 3802 1644 3839 ε
1668 3795 1741 3849 ει,
1772 3785 1815 3837 si
1833 3783 2028 3853 placet,

458 3909 509 3965 id
553 3908 661 3977 jam
710 3905 1039 3955 demonstro.
1086 3891 1182 3945 llic
1219 3886 1430 3957 quidem
1473 3882 1608 3936 duos
1632 3920 1647 3943 ,
1687 3878 1766 3933 sic
1804 3876 2027 3976 dicenso:

460 3965 775 4068 Deponentes
797 4000 1007 4044 veterem
1030 3983 1303 4042 hominem,
1326 3972 1636 4030 renovamiui
1656 3970 1839 4039 spiritu
1860 3965 2033 4020 mentis

460 4060 656 4154 vestrae,
686 4096 731 4139 et
756 4081 949 4137 induite
974 4090 1159 4130 novum
1187 4070 1437 4124 hominem
1464 4083 1482 4131 ;
1516 4065 1567 4118 in
1599 4060 1835 4131 Epistola
1859 4068 2035 4111 autem

460 4184 527 4241 ad
559 4152 823 4236 Romanos
852 4173 983 4227 alios
1002 4169 1157 4231 duos,
1190 4173 1248 4219 ut
1271 4159 1482 4231 quando
1505 4157 1654 4221 dicit,
1695 4152 1849 4207 Video
1872 4160 2038 4203 autent

462 4276 619 4330 aliam
646 4271 802 4339 legem
830 4266 883 4319 in
910 4259 1145 4316 membris
1183 4255 1305 4309 meis
1334 4255 1693 4320 repugnantem
1738 4242 1836 4314 legi
1864 4241 2040 4294 mentis

463 4383 624 4428 meae,
655 4371 700 4415 et
738 4357 1071 4426 captivantem
1117 4364 1193 4401 me
1233 4346 1287 4398 in
1330 4343 1438 4413 iege
1463 4337 1653 4411 peccati
1682 4379 1697 4400 ,
1733 4350 1847 4407 qua:
1889 4342 1961 4385 est
1986 4331 2040 4383 in

468 4426 698 4513 membris
725 4452 844 4505 meis
866 4449 884 4518 (
908 4447 1058 4500 Rom.
1083 4443 1137 4496 7.
1163 4439 1255 4508 23)
1289 4454 1303 4490 :
1334 4444 1388 4491 et
1432 4432 1518 4487 isti
1546 4446 1666 4486 cum
1707 4428 1809 4483 illis
1846 4426 2043 4480 habent

471 4548 881 4620 cognationem;
912 4554 1031 4593 cum
1076 4533 1332 4589 interiore
1376 4541 1544 4581 novus
1568 4564 1583 4590 ,
1630 4537 1751 4576 cum
1778 4517 2044 4574 exteriore

473 4613 623 4698 vetus
655 4657 668 4694 :
696 4637 789 4691 sed
816 4646 923 4687 tres
950 4626 1184 4696 corrupti
1215 4631 1359 4677 sunt.
1391 4617 1487 4673 Vel
1519 4616 1691 4686 petius
1717 4613 1875 4666 etiam
1905 4622 2045 4663 nunc

474 4743 601 4789 sunt
628 4740 757 4791 trcs,
793 4738 961 4778 novus
988 4730 1043 4773 et
1074 4726 1225 4770 vetus
1248 4756 1263 4779 ,
1293 4721 1347 4766 et
1375 4710 1460 4764 hic
1487 4705 1788 4762 essentialis
1816 4711 1868 4756 et
1892 4710 2048 4755 natu-

477 4826 625 4881 ralis.
652 4821 743 4875 95.
776 4810 1103 4870 Iienovamini
1123 4848 1141 4874 ,
1184 4804 1389 4873 inquit,
1441 4800 1625 4871 spiritu
1652 4795 1828 4849 utentis
1851 4801 2044 4846 vestrae.

476 4917 555 4973 Ne
583 4912 701 4984 quis
726 4905 994 4964 existimet
1020 4898 1159 4970 quod
1207 4896 1366 4950 alium
1397 4891 1668 4945 hominem
1708 4882 2009 4984 introducat
2028 4921 2046 4946 ,

481 4972 761 5079 postquam
789 4997 923 5053 dixit
949 5000 1183 5047 veterem
1212 4996 1265 5041 et
1296 4997 1492 5038 novum
1514 5021 1531 5048 ,
1563 4978 1687 5032 vide
1708 4974 1835 5079 quid
1860 4972 2001 5079 dicat
2031 4985 2046 5023 :

486 5063 838 5156 itenolvainini.
881 5082 1142 5141 Renovari
1187 5086 1365 5133 autem
1407 5081 1527 5136 est,
1574 5066 1786 5140 quando
1824 5063 2049 5133 idipsmn

484 5154 626 5261 quod
650 5179 954 5241 consenuit,
978 5180 1284 5235 renovatur,
1314 5176 1369 5222 ut
1388 5163 1530 5236 quod
1557 5162 1647 5215 liat
1671 5156 1813 5261 aliud
1835 5172 1900 5211 ex
1927 5154 2050 5255 alio:

485 5246 557 5337 iia
589 5288 646 5333 ut
672 5274 970 5342 subjectum
998 5264 1215 5335 quidem
1242 5261 1313 5315 sit
1340 5257 1504 5321 idem,
1535 5250 1757 5308 mutatio
1786 5258 1960 5302 autem
1986 5246 2055 5299 sit

487 5376 540 5428 in
569 5369 861 5425 accidente.
893 5362 1042 5417 Sicut
1065 5368 1257 5424 corpus
1280 5349 1492 5422 quidem
1518 5355 1600 5401 est
1629 5345 1766 5398 idem
1791 5384 1807 5409 ,
1836 5342 2055 5395 mutatio

485 5475 663 5521 autem
687 5469 770 5515 est
797 5459 847 5511 in
875 5453 1146 5509 accidente
1189 5464 1202 5499 :
1233 5446 1303 5500 ita
1329 5454 1382 5498 et
1411 5442 1497 5496 hic
1518 5452 1750 5510 quoque.
1778 5433 2056 5501 Quomodo

487 5569 663 5612 autem
687 5552 798 5608 lieri
822 5548 1016 5621 poterit
1040 5538 1350 5598 renovatio?
1378 5534 1441 5589 In
1460 5535 1641 5603 spiritu
1665 5530 1841 5584 mentis
1862 5538 2055 5592 vesti-te,

489 5647 681 5717 inquit.
731 5619 834 5710 Qui
856 5654 983 5708 ergo
1012 5649 1123 5689 rem
1165 5627 1408 5685 habuerit
1448 5635 1680 5680 veterem
1706 5663 1723 5689 ,
1770 5619 1900 5675 nihil
1925 5634 2058 5689 ope-

491 5714 691 5796 rabitur
711 5753 723 5790 :
742 5750 846 5790 non
872 5726 1146 5788 sustinebit
1169 5724 1309 5782 enim
1331 5721 1547 5794 Spiritus
1570 5727 1773 5775 veteres
1795 5714 2050 5770 actiones.

2093 401 2316 473 Spiritu,
2348 398 2539 469 inquit,
2574 400 2753 453 mentis
2774 409 2968 461 vestrm;
2998 395 3099 451 hoc
3124 404 3227 459 est,
3255 394 3443 465 spiritu
3469 395 3556 464 qui
3584 405 3666 450 est

2088 494 2143 550 in
2191 503 2387 547 mente.
2415 492 2506 546 ει.
2554 489 2621 544 Et
2664 488 2936 541 induimini
2966 503 3146 540 novum
3186 487 3458 541 hominem.
3502 485 3665 541 Vides

2088 584 2229 655 quod
2257 600 2416 638 unmn
2447 581 2660 652 quidem
2689 580 2758 634 sit
2788 580 3080 647 subjectum
3102 620 3118 643 ,
3147 578 3454 632 indumenta
3487 588 3663 632 autem
3746 592 3754 601 ·

2089 675 2195 731 duo
2219 717 2232 741 ,
2283 688 2472 744 nempe
2506 683 2561 728 et
2609 671 2659 727 id
2688 686 2793 741 quo
2831 672 3061 733 exuitur,
3103 677 3158 723 et
3183 668 3231 722 id
3259 683 3365 738 quo
3391 668 3669 723 induitur?

2091 763 2297 818 Novum
2322 762 2593 827 hominem,
2617 760 2822 829 inquit,
2852 760 2936 828 qui
2962 758 3236 812 secundum
3279 757 3440 812 Deum
3468 768 3669 811 creatus

2090 856 2231 910 estin
2252 855 2451 925 justitia
2471 864 2518 907 et
2540 853 2802 907 sanctitate
2826 851 3069 906 veritatis.
3095 851 3200 905 Cur
3221 859 3396 905 autem
3421 851 3668 906 virtutem

2090 945 2322 1015 appellat
2347 945 2613 999 hominem
2633 985 2647 1009 ,
2680 952 2733 997 et
2754 958 2849 997 cur
2872 943 3137 997 hominem
3160 941 3386 997 vitium?
3411 940 3669 1009 Quoniam

2091 1036 2251 1091 homo
2278 1052 2381 1091 non
2406 1045 2580 1105 potest
2607 1034 2816 1090 ostendi
2860 1035 3061 1103 absque
3086 1033 3419 1102 Operatione.
3457 1033 3574 1101 Quo
3614 1034 3675 1087 lit

2091 1137 2151 1181 ut
2176 1127 2289 1181 haec
2317 1143 2420 1181 non
2453 1125 2635 1180 minus
2652 1141 2809 1195 quam
2839 1135 3047 1190 natura,
3078 1123 3345 1179 hominem
3368 1123 3671 1188 ostendant,

2092 1221 2204 1276 sive
2230 1221 2427 1276 bonum
2454 1219 2568 1275 sive
2596 1220 2815 1273 malum.
2856 1218 3004 1272 Sicut
3027 1226 3205 1272 autem
3233 1215 3390 1271 facile
3414 1225 3497 1270 est
3524 1215 3669 1280 exui,

2094 1314 2165 1368 ita
2192 1311 2352 1367 etiam
2379 1312 2503 1366 licet
2532 1310 2716 1365 videre
2759 1310 2811 1365 in
2841 1310 3035 1363 virtute
3061 1320 3117 1363 et
3145 1308 3294 1363 vitio.
3336 1307 3558 1362 Juvenis
3583 1307 3673 1375 qui

2094 1414 2176 1459 est
2204 1418 2395 1470 novus,
2426 1411 2509 1457 est
2550 1401 2740 1466 fortis;
2783 1414 2913 1471 ergo
2939 1413 3038 1453 nos
3062 1413 3277 1469 quoque
3320 1398 3486 1453 sitnus
3512 1396 3676 1451 fortes

2095 1496 2161 1551 ad
2182 1495 2544 1565 operationem
2565 1495 2823 1550 bonarum
2844 1492 3113 1547 actionum
3138 1490 3375 1559 :juvenis
3393 1505 3496 1544 non
3517 1490 3680 1546 habet

2095 1602 2316 1657 rugam;
2361 1600 2489 1656 ergo
2517 1600 2616 1641 nec
2653 1600 2751 1640 nos
2791 1599 3002 1655 quoque
3035 1584 3287 1654 :juvenis
3314 1597 3417 1636 non
3444 1582 3677 1637 circum-

2097 1679 2297 1745 fertur,
2329 1693 2502 1748 neque
2529 1676 2686 1733 facile
2712 1679 2831 1747 capi
2864 1683 3038 1745 potest
3065 1690 3095 1728 a
3124 1674 3362 1739 morbis;
3394 1673 3552 1743 igitur
3581 1688 3680 1727 nec

2099 1785 2197 1825 nos
2224 1757 2455 1841 quoque.
2485 1769 2584 1836 Qui
2615 1778 2814 1823 creatus
2840 1777 2935 1822 est.
2960 1766 3095 1821 Vide
3123 1765 3394 1837 quomodo
3423 1766 3508 1820 hic
3532 1780 3682 1820 crea-

2098 1862 2297 1916 tionem
2330 1870 2488 1916 vocet
2512 1858 2886 1916 deductionem
2914 1858 3123 1913 virtutis
3158 1857 3226 1912 ad
3252 1856 3539 1912 essentiam
3564 1898 3579 1923 ,
3624 1865 3683 1909 ut

2103 1968 2224 2023 qua:
2253 1968 2319 2007 ex
2369 1951 2555 2015 nihilo,
2616 1950 2683 2006 ad
2727 1951 2829 2006 hoc
2859 1958 2918 2005 ut
2960 1958 3145 2016 esset,
3188 1948 3259 2003 sit
3294 1947 3542 2001 deducta.
3580 1946 3681 2014 Qui

2099 2044 2270 2100 vero?
2311 2043 2513 2098 creatio
2551 2043 2640 2095 illa
2670 2056 2778 2096 non
2801 2049 2884 2096 est
2907 2039 3204 2096 secundum
3234 2038 3441 2093 Deum?
3470 2034 3683 2107 Nequa-3

2102 2152 2297 2207 quam,
2354 2134 2448 2189 sed
2491 2132 2783 2188 secundum
2828 2132 3143 2187 diabolum:
3187 2130 3301 2201 ipse
3349 2138 3433 2184 est
3475 2138 3685 2184 creator

2104 2236 2327 2305 peccati.
2357 2231 2677 2300 Quomodo?
2706 2230 2877 2284 Homo
2900 2229 3042 2283 enim
3072 2242 3179 2282 non
3206 2242 3271 2282 ex
3296 2241 3431 2296 aqua
3450 2266 3468 2283 .
3498 2240 3597 2279 nec
3617 2239 3685 2278 ex

2107 2335 2249 2379 terra
2270 2334 2352 2378 est
2375 2333 2609 2388 creatus,
2635 2320 2729 2376 sed
2747 2320 2799 2374 in
2824 2319 3027 2389 justitia
3049 2326 3103 2371 et
3122 2318 3401 2372 sanctitate
3427 2315 3682 2371 veritatis.

2106 2419 2241 2485 Quid
2275 2418 2376 2472 hoc
2400 2416 2526 2472 est?
2553 2414 2744 2470 Statim
2774 2414 2923 2468 illum
2952 2412 3154 2467 creavit
3180 2412 3343 2465 lilium
3374 2427 3388 2464 :
3416 2410 3519 2466 hoc
3542 2409 3685 2465 enim

2112 2512 2173 2565 fit
2197 2526 2225 2564 a
2252 2509 2578 2579 baptismate
2628 2525 2641 2561 :
2675 2506 2793 2562 haec
2818 2515 2900 2560 est
2928 2504 3183 2565 essentia.
3222 2502 3390 2559 Recte
3414 2501 3590 2566 dixit,
3623 2498 3690 2554 In

2101 2602 2305 2674 justitia
2330 2611 2377 2654 et
2405 2600 2675 2655 sanctitate
2702 2597 2947 2652 veritatis.
2991 2595 3123 2650 Erat
3145 2584 3437 2664 aliquando
3461 2592 3688 2662 justitia,

2111 2704 2228 2751 erat
2255 2704 2308 2749 et
2332 2693 2587 2747 sanctitas
2612 2691 2668 2745 in
2690 2689 2910 2755 Iudaeis,
2944 2704 3125 2743 verum
3156 2701 3263 2741 non
3301 2685 3561 2747 veritatis,
3592 2683 3689 2737 sed

2114 2795 2270 2857 typus
2299 2798 2361 2838 ac
2385 2786 2553 2853 ﬂgura
2580 2792 2696 2837 erat
2724 2782 2811 2835 illa
2834 2779 3059 2849 justitia.
3104 2778 3239 2833 Esse
3262 2777 3406 2833 enim
3436 2776 3690 2830 mundum

2115 2892 2363 2946 corpore,
2387 2874 2663 2929 munditiae
2685 2881 2801 2927 erat
2827 2883 3007 2943 typus,
3035 2884 3138 2925 non
3162 2868 3359 2923 veritas
3387 2866 3685 2931 munditias,

2112 2969 2334 3039 justitia:
2358 2976 2473 3021 erat
2494 2975 2675 3037 typus,
2702 2979 2808 3017 non
2832 2963 3028 3019 veritas
3045 2960 3286 3031 justitite.
3318 2956 3383 3012 In
3406 2957 3693 3019 sanctitate,

2120 3061 2287 3131 inquit
2312 3100 2327 3126 ,
2360 3068 2406 3113 et
2442 3058 2646 3128 justitia
2670 3055 2914 3109 veritatis.
2956 3054 3020 3107 Et
3050 3054 3150 3106 hoc
3178 3050 3315 3105 forte
3359 3049 3491 3105 dicit
3521 3046 3696 3116 respi-

2120 3152 2269 3208 ciens
2295 3151 2361 3205 ad
2393 3149 2586 3204 falsum
2618 3165 2632 3202 :
2660 3146 2912 3215 quoniam
2941 3143 3095 3198 multi
3125 3151 3253 3197 sunt
3277 3140 3421 3207 apud
3446 3149 3699 3193 externos

2122 3246 2214 3316 qui
2241 3244 2488 3299 videntur
2518 3256 2636 3296 esse
2659 3240 2812 3310 justi,
2843 3237 2936 3294 sed
2968 3245 3093 3290 sunt
3124 3236 3363 3290 fallaces.

2194 3337 2373 3391 Justus
2411 3337 2642 3407 quisnam
2684 3349 2795 3387 vere
2835 3332 2918 3385 sit.
2945 3358 3019 3371 —-
3044 3329 3255 3384 Justitia
3302 3336 3479 3381 autem
3509 3325 3701 3380 dicitur

2125 3430 2294 3483 virtus
2337 3431 2390 3480 in
2438 3441 2657 3496 genere.
2713 3423 2848 3478 Audi
2892 3423 3032 3477 enim
3083 3421 3352 3475 Christum
3391 3418 3698 3483 dicentem,

2131 3520 2249 3576 Nisi
2265 3520 2469 3591 justitia
2492 3526 2657 3571 vestra
2681 3515 2841 3586 magis
2878 3513 3203 3566 abundaverit
3236 3527 3387 3581 quam
3428 3509 3702 3563 scribarum

2131 3621 2175 3666 ct
2217 3610 2620 3674 Pharisceorum,
2680 3622 2781 3659 non
2821 3604 3069 3658 intrabitis
3106 3603 3160 3655 in
3210 3617 3417 3672 regnum
3464 3600 3703 3652 cwlorum

2133 3703 2344 3777 (Matth.
2377 3703 2431 3757 5.
2458 3700 2585 3771 20);
2642 3707 2697 3754 et
2746 3712 2953 3761 rursus,
2996 3694 3175 3748 Justus
3224 3694 3408 3747 dicitur
3448 3693 3537 3762 qui
3578 3691 3705 3769 nihil

2133 3794 2278 3848 habet
2303 3791 2436 3860 quod
2472 3788 2868 3858 reprehendatur
2898 3786 2974 3858 (l.
2996 3785 3152 3839 Joan.
3182 3785 3235 3839 5.
3267 3784 3348 3853 9).
3379 3782 3510 3837 Nam
3545 3783 3597 3836 in
3622 3783 3704 3835 fo-

2134 3884 2379 3941 rensibus
2430 3883 2590 3936 etiam
2628 3877 2842 3949 judiciis
2886 3877 3037 3931 illum
3081 3876 3307 3929 dicimus
3346 3875 3563 3943 justum,
3615 3872 3709 3942 qui

2139 3976 2385 4047 injuriam
2411 3973 2619 4041 accepit
2646 3985 2744 4025 nec
2771 3968 3022 4024 reddidit.
3052 3967 3109 4021 Si
3137 3982 3265 4036 ergo
3292 3981 3392 4020 nos
3417 3980 3629 4035 quoque
3657 3966 3708 4018 in

2140 4066 2406 4123 horrendo
2428 4064 2627 4136 judicio
2654 4061 2981 4133 potuerimus
3020 4061 3155 4114 alter
3196 4057 3335 4128 apud
3380 4058 3606 4111 alterum
3634 4058 3711 4110 vi-

2140 4157 2254 4213 deri
2279 4156 2428 4226 justi,
2456 4153 2751 4225 poterimus
2779 4151 3011 4220 aliquam
3051 4148 3261 4218 assequi
3303 4147 3706 4216 benignitatem.

2140 4250 2275 4306 Nam
2320 4256 2378 4302 ut
2417 4244 2556 4315 apud
2597 4245 2763 4299 Deum
2794 4242 3008 4312 quidem
3055 4240 3351 4303 videamur,
3397 4252 3501 4292 non
3529 4245 3713 4308 potest

2145 4340 2284 4406 fieri,
2308 4335 2561 4409 quidquid
2591 4333 2984 4389 ostenderimus
3008 4348 3023 4385 :
3054 4332 3167 4402 ipse
3190 4328 3333 4384 enim
3358 4326 3479 4397 jure
3503 4341 3717 4395 semper

2146 4442 2229 4488 est
2270 4429 2544 4500 superior;
2589 4426 2726 4481 sicut
2762 4424 2922 4480 etiam
2959 4422 3088 4483 dicit
3130 4421 3408 4491 propheta,
3451 4418 3519 4472 Et
3554 4420 3718 4471 vinces

2148 4541 2264 4579 cum
2296 4521 2547 4595 judicaris
2587 4518 2760 4590 (Psal.
2793 4516 2883 4571 50.
2916 4515 2995 4583 6).
3040 4513 3145 4569 Sed
3189 4512 3257 4578 si,
3289 4511 3576 4581 quaeinter
3621 4524 3718 4563 nos

2150 4614 2643 4681 iuterceduntjura,
2677 4625 2784 4663 non
2824 4607 3241 4676 corruperimus,
3285 4613 3410 4658 tunc
3435 4602 3562 4673 justi
3604 4602 3717 4655 eri-

2152 4724 2271 4766 mus
2304 4727 2316 4761 :
2348 4707 2392 4761 si
2441 4703 2771 4775 potuerimus
2817 4699 3099 4753 ostendere
3139 4709 3237 4749 nos
3276 4694 3519 4763 injuriam
3562 4706 3720 4745 acce-

2153 4801 2320 4873 pisse,
2353 4807 2476 4850 tunc
2499 4793 2626 4865 justi
2658 4792 2879 4846 erimus.
2910 4786 3188 4854 Quomodo
3216 4794 3391 4839 autem
3421 4784 3497 4838 eis
3524 4781 3724 4836 indutis

2155 4904 2335 4945 rursus
2362 4885 2509 4949 dicit,
2538 4880 2862 4937 lnduimini?
2888 4880 2931 4933 A
2959 4880 3065 4931 vita
3094 4877 3264 4945 inquit
3288 4890 3429 4929 nunc
3467 4882 3522 4928 et
3547 4873 3725 4942 operi-

2155 4983 2275 5037 bus.
2306 4979 2457 5033 Tunc
2500 4974 2864 5029 indumentum
2895 4969 2992 5024 iuit
3017 4985 3045 5022 a
3075 4968 3416 5037 baptismate,
3447 4980 3588 5020 nunc
3627 4979 3725 5018 au-

2156 5082 2263 5128 tem
2293 5086 2322 5123 a
2348 5069 2466 5122 vita:
2486 5065 2703 5135 agendae
2724 5062 2931 5116 ratione
2960 5069 3014 5115 et
3042 5058 3293 5128 operibus
3322 5074 3335 5110 :
3365 5071 3473 5111 non
3498 5055 3727 5124 amplius

2158 5160 2449 5219 secundum
2496 5152 2958 5223 concupiscentias
2999 5148 3350 5217 deeeptionis,
3400 5146 3495 5200 sed
3538 5160 3732 5199 secun-

2158 5254 2284 5309 dum
2313 5253 2501 5304 Deum.
2528 5246 2780 5301 Sanctum
2802 5253 2980 5297 autem
3001 5239 3129 5310 quid
3158 5242 3278 5294 est?
3302 5238 3452 5306 Quod
3475 5246 3557 5292 est
3577 5252 3734 5290 mun-

2160 5346 2307 5407 dum,
2337 5339 2477 5411 quod
2505 5338 2746 5393 debetur.
2790 5335 3074 5404 Pr0pterea
3120 5349 3304 5387 eorum
3333 5333 3492 5386 etiam
3519 5330 3607 5400 qui
3632 5330 3732 5385 de-

2161 5440 2439 5490 cesserunt
2473 5430 2613 5499 justa
2651 5426 2876 5482 dicimus
2909 5444 2924 5481 :
2955 5424 3059 5478 hoc
3107 5433 3208 5490 est,
3256 5423 3331 5477 De
3367 5432 3561 5477 cietero
3600 5420 3734 5476 nihil

2163 5527 2242 5583 eis
2267 5524 2458 5587 debeo,
2508 5537 2611 5574 non
2654 5535 2769 5572 sum
2801 5517 2879 5571 eis
2920 5514 3203 5570 obnoxius.
3245 5513 3336 5569 Sic
3377 5513 3609 5568 solemus
3645 5510 3732 5565 di-

2163 5633 2308 5684 cere,
2350 5618 2714 5686 ἀφωσιωσάμην,
2755 5610 2836 5664 Me
2877 5606 3088 5676 expiavi
3134 5613 3189 5660 ct
3229 5605 3467 5673 absolvi,
3510 5613 3565 5661 et
3614 5617 3735 5673 quas

2168 5717 2300 5765 sunt
2324 5702 2659 5775 hujusmodi;
2688 5701 2784 5756 hoe
2810 5708 2909 5767 est,
2933 5696 3073 5753 Nihil
3098 5695 3284 5751 debeo.
