2050 3206
178 164 212 193 95
619 160 652 188 IN
673 160 783 188 EPIST.
800 159 846 188 AD
867 157 987 186 EPIIES.
1003 156 1080 184 CAP.
1096 154 1141 184 IV.
1159 154 1279 183 HOMIL.
1300 154 1369 183 XIII.
1769 154 1806 183 96

180 229 250 249 πον.
266 220 337 256 ’Δρα
360 219 407 247 καὶ
433 218 513 246 τοῦτο
538 218 633 254 μαθεῖν
648 219 707 245 ἐστι
726 218 772 245 τδν
792 218 920 254 Χριστὸν,
934 215 966 243 τὸ

178 263 266 300 ὀρθῶς
279 262 364 298 βιοῦν.
380 262 409 288 '0
424 261 480 296 γὰρ
492 260 619 296 πονηρῶς
638 260 714 295 βιῶν,
725 261 818 294 ἀγνοεί
830 259 876 286 τὸν
889 258 966 292 Θεὸν,

179 305 227 332 καὶ
242 305 381 337 ἀγνοεῖται
406 302 472 337 παρ’
485 301 580 329 αὑτοῦ.
597 302 697 329 Ἄκουε
712 302 767 336 γὰρ
781 301 865 329 αὐτοῦ
882 300 966 327 ἀλλα-

179 346 228 382 χοῦ
240 346 364 380 λέγοντος
375 353 382 359 ·
402 344 477 371 Θεὸν
491 344 694 378 ὁμολογοῦσιν
709 343 830 375 εἰδέναι,
846 342 910 376 τοῖς
932 341 967 368 δὲ

180 388 277 423 ἔργοις
303 386 474 421 ἀρνοῦνται.
501 386 604 418 Καθὼς
628 385 714 412 ἐστιν
731 384 857 419 ἀλήθεια
877 384 914 410 ἐν
927 382 968 416 τῷ

186 433 294 468 Ἰησοῦ,
310 431 475 460 ἀποθέσθαι
486 430 564 465 ὑμᾶς
579 431 654 457 κατὰ
665 429 723 464 τὴν
735 430 881 464 προτέραν
895 429 968 456 ἀνα-

181 475 319 510 στροφὴν
333 474 386 501 τὸν
400 473 530 500 παλαιὸν
546 472 713 506 ἄνθρωπον.
734 471 889 503 Τουτέστιν,
912 470 969 496 Ούκ

183 518 229 545 ἐπὶ
244 516 352 548 τούτοις
379 515 501 542 συνέθου.
530 514 568 540 Οὐ
589 513 739 548 ματαιότης
753 513 787 539 τὰ
811 512 874 547 παρ’
889 513 966 548 ἡμῖν,

183 558 239 586 ἀλλ’
253 557 375 593 ἀλήθεια·
386 556 480 591 ὥσπερ
488 555 523 582 τὰ
533 555 655 591 δόγματα
667 554 765 589 ἀληθῆ.
774 553 832 590 [97]
842 553 913 581 οὓτω
921 553 970 580 καὶ

184 601 198 627 δ
213 600 279 635 βίος.
297 598 455 632 Ματαιότης
467 597 522 632 γὰρ
539 597 556 632 ἡ
569 596 693 631 ,ἁμαρτία
712 595 772 622 ἐστὶ
791 596 839 622 καὶ
851 595 949 630 ψεῦδος
961 602 968 610 ·

184 642 199 668 ὀ
213 640 242 667 δέ
255 640 311 676 βίος
325 640 340 666 δ
350 638 438 674 ὀρθὸς,
452 638 577 673 ἀλήθεια·
588 637 645 672 ἔχει
660 637 714 673 γὰρ
728 637 776 664 καὶ
789 636 863 668 τέλος
879 635 950 671 μέγα
961 643 969 652 ⁸

185 683 202 717 ἠ
217 682 246 709 δὲ
262 680 396 709 ἀκολασία
412 681 452 712 είς
464 680 541 707 οὐδὲν
554 679 678 714 τελευτᾷ,
695 678 750 706 Τὸν
762 677 970 712 φθειρόμενον,

185 725 278 758 φησὶν,
298 723 373 750 κατὰ
394 723 448 754 τὰς
472 721 631 753 ἐπιθυμίας
654 720 710 753 τῆς
729 720 846 753 ἀπάτης
866 719 970 746 αὑτοῦ.

187 767 290 800 ’Ὠσπερ
299 767 326 791 αἱ
336 763 477 799 ἐπιθυμίαι
484 763 566 790 αὑτοῦ
574 762 812 798 φθείρονται,οὒτω
821 762 869 788 καὶ
880 761 971 792 αὑτός.

225 808 256 843 β’.
267 807 327 838 Πῶς
338 807 390 841 ἄρα
399 806 427 832 αἱ
436 805 578 838 ἐπιθυμίαι
594 804 676 831 αὑτοῦ
686 804 839 839 φθείρονται
850 812 856 835 ;
870 803 914 838 Τῷ
929 803 974 829 θα-

186 850 258 884 νάτῳ
276 850 364 876 πάντα
379 847 481 874 λύεται·
509 847 592 873 ἄκουε
619 846 674 881 γὰρ
697 844 744 871 τοῦ
762 845 906 880 Προφήτου
927 843 972 870 λέ-

187 899 289 925 γοντος
307 891 355 916 Ἐν
372 890 473 922 ἐκείνῃ
499 887 537 922 τῇ
554 887 648 922 ἡμέρᾳ
662 887 845 914 ἀπολοῦνται
863 885 974 918 πάντες

188 934 214 959 οί
231 932 419 966 διαλογισμοί
446 930 550 958 αὑτοῦ.
572 931 626 957 Καὶ
646 930 675 956 οὑ
704 929 742 964 τῷ
757 929 865 963 Θανάτῳ
881 928 972 962 μόνον,

188 974 256 1000 ἀλλά
271 974 317 1000 καὶ
334 973 423 1003 ἄλλοις
440 972 564 1003 πολλοῖς·
593 968 649 998 οἷον
662 971 691 997 τὸ
708 970 814 1001 κάλλος,
833 970 880 995 καὶ
895 969 973 996 νόσου

189 1016 235 1042 καὶ
262 1016 354 1050 γήρως
381 1014 550 1045 ἐπελθόντος,
567 1012 703 1047 ὑπεξέστη
720 1012 767 1037 καὶ
790 1011 909 1037 ἀπέθανε
927 1010 975 1037 καὶ

188 1057 310 1093 ἐφθάρη·
338 1057 353 1092 ἡ
375 1055 454 1091 ῥώμη
474 1055 521 1081 τοῦ
547 1054 672 1089 σώματος
694 1054 752 1085 τοῖς
777 1053 869 1084 αὐτοῖς
894 1053 975 1079 πάλιν

189 1100 338 1126 ἁλίσκεται·
359 1099 375 1133 ἡ
402 1097 492 1133 τρυφὴ
520 1096 581 1122 οὐδὲ
599 1095 669 1129 αὕτη
684 1095 734 1129 τὴν
754 1095 840 1128 αὐτὴν
863 1094 919 1129 ἔχει
945 1094 976 1121 ἐν

189 1143 262 1176 γήρα
287 1140 394 1175 ἡδονήν,
425 1139 479 1165 Καὶ
495 1138 573 1173 δῆλον
590 1138 656 1172 ἡμῖν
674 1136 752 1162 τοῦτο
777 1136 831 1162 ἀπὸ
847 1136 893 1162 τοῦ
910 1136 977 1171 Βερ-

189 1183 269 1217 ζελλῆ
287 1189 311 1208 ⁸.
325 1181 395 1208 "la-.2
411 1181 519 1210 πάντως
534 1180 582 1213 τὴν
603 1178 731 1213 ἱστορίαν.
747 1178 781 1203 ’Ἡ
808 1177 908 1211 ἑτέρως
922 1177 976 1204 πά-

189 1224 230 1250 λιν
246 1223 340 1250 τοῦτον
353 1223 433 1249 αὐτὸν
455 1221 562 1256 φθείρει
572 1220 624 1247 καὶ,
636 1219 784 1245 ἀπόλλυσιν
799 1220 815 1253 ὴ
832 1219 975 1254 ἐπιθυμία.

190 1265 323 1300 Καθάπερ
346 1265 400 1300 γὰρ
423 1264 453 1290 τὸ
468 1264 551 1297 ἔριον,
572 1262 618 1295 ἀφ’
637 1258 674 1287 ὧν
687 1261 822 1291 τίκτεται,
843 1260 895 1286 ὑπὸ
914 1260 976 1286 τού-

190 1319 243 1336 των
255 1310 302 1336 καὶ
316 1309 464 1335 ἀπόλλυται
479 1315 485 1321 ·
504 1307 574 1333 οὕτω
589 1305 636 1331 καὶ
651 1306 664 1331 δ
685 1304 802 1335 παλαιὸς
819 1304 975 1339 ἄνθρωπος.

192 1352 246 1379 Καὶ
263 1352 316 1386 γὰρ
330 1351 408 1386 δόξης
429 1350 497 1385 ἔρως
512 1347 642 1375 ἀπόλλυσι
655 1366 662 1378 ,
678 1346 726 1373 καὶ
741 1346 831 1381 ᾐδοναὶ
849 1346 978 1378 πολλάκις

191 1394 345 1423 ἀπώλεσαν,
362 1393 409 1418 καὶ⁹
424 1391 555 1425 ἐπιθυμία
580 1389 763 1424 ἐξηπάτησεν.
779 1388 815 1414 Ού
834 1388 887 1423 γάρ
902 1388 978 1415 ἐστιν

190 1436 274 1466 ὸντως
298 1434 378 1470 ἡδονὴ
392 1453 398 1465 ,
412 1432 479 1459 ἁ).λά
496 1431 594 1467 πικρία
619 1431 667 1456 καὶ
696 1429 788 1464 ἀπάτη
803 1429 832 1455 τὸ
849 1430 977 1463 πρᾶγμα,

193 1477 337 1510 ὑπόκρισις
365 1475 412 1501 καὶ
442 1475 529 1508 σκηνή
544 1482 550 1488 ’
569 1473 616 1499 καὶ
641 1471 671 1498 τὸ
686 1471 735 1507 μὲν
751 1470 897 1506 πρόσωπον
909 1470 978 1504 λαμ-

194 1519 262 1554 πρὸν
277 1518 330 1544 τῶν
351 1516 535 1552 πραγμάτων,
551 1514 621 1540 αὑτά
643 1513 671 1539 δὲ
688 1513 721 1539 τὰ
740 1513 889 1548 πράγματα
903 1512 979 1538 οὐδὲν

192 1561 296 1597 ἕτερον,
310 1559 326 1595 ἦ
341 1558 528 1593 ταλαιπωρίας
544 1557 591 1583 καὶ
604 1554 703 1589 πολλῆς
714 1554 849 1589 πτωχείας
859 1554 980 1597 γέμοντα

193 1595 245 1629 καὶ⁷
264 1602 360 1637 ἀηδίας
383 1601 430 1627 καὶ
451 1599 551 1634 πολλῆς
572 1598 621 1633 τῆς
636 1597 731 1628 πενίας
743 1605 750 1611 ·
765 1596 815 1623 κᾶν
832 1596 934 1630 ἀφέλῃς
949 1595 979 1622 τὸ

194 1644 378 1679 προσωπεῖον,
399 1642 446 1668 καὶ
460 1639 609 1675 γυμνώσῃς
620 1639 669 1674 τὴν
685 1638 756 1672 ὄψιν,
770 1638 829 1672 sum
845 1638 895 1673 τὴν
909 1637 981 1679 and?

194 1695 255 1721 την.
270 1685 376 1719 ’Δπὰτη
393 1684 446 1719 γὰρ
464 1682 543 1709 τοῦτό
555 1683 640 1713 ἐστιν,
652 1680 719 1707 ὅταν
734 1680 801 1715 ὅπερ
818 1679 843 1705 τί
861 1680 929 1711 ἐστι,
944 1678 981 1714 μή

195 1728 337 1763 φαίνηται,
354 1726 410 1752 ἀλλ’
424 1726 490 1759 ὅπερ
509 1725 545 1759 μή
559 1724 627 1755 ἐστι,
645 1722 781 1748 δείκνυται
795 1722 819 1748 ι).
837 1721 916 1747 Οὕτω
934 1722 981 1748 καὶ

194 1772 219 1797 οἱ
236 1768 436 1805 παραλογισμνὶ
446 1767 577 1801 γίνονται.
596 1765 738 1799 Τέσσαρας
750 1764 778 1790 δὲ
798 1764 863 1799 ἡμῖν
877 1762 982 1798 ἀνθρώ-

194 1820 264 1843 πους
295 1809 413 1837 ἐνταῦθα
430 1807 582 1843 ὑπογράφει
595 1814 600 1820 ·
615 1807 672 1837 καὶ,
687 1807 711 1831 εἰ
728 1805 865 1840 βούλεσθε,
880 1806 982 1832 τούτων

195 1855 247 1890 ἥδη
258 1853 307 1888 τὴν
323 1851 458 1884 ἀπόδειξιν
474 1849 597 1884 παρέχω
618 1847 750 1873 Ἐνταῦθα
772 1847 821 1882 μὲν
835 1846 881 1872 δύο
891 1868 898 1879 ,
911 1846 983 1874 οὕτω

195 1888 281 1930 λέγων
294 1903 301 1909 ·
321 1892 511 1926 Ἀποθέμενοι
523 1890 576 1917 τὸν
589 1889 717 1916 παλαιὸν
731 1888 897 1922 ἄνθρωπον,
911 1888 984 1916 ἀνα-

196 1938 324 1965 νεοῦσθε
344 1935 398 1968 τῷ.
411 1934 556 1968 πνεύματι
571 1931 623 1959 τοῦ
640 1932 710 1964 νοὸς
727 1931 819 1965 ὑμῶν,
831 1931 879 1957 καὶ
897 1931 984 1958 ἐνδύ-

201 1982 298 2007 σασθε
314 1978 367 2005 τὸν
386 1976 492 2004 καινὸν
502 1974 669 2008 ἄνθρωπον.
686 1974 730 1999 Ἐν
741 1973 769 1998 δὲ
783 1974 817 2007 τῇ
832 1973 899 2007 πρὸς
914 1973 983 1998 Ῥωο·

199 2021 295 2057 μαίους
305 2020 401 2050 ἄλλους
419 2018 474 2048 δύο,
492 2016 530 2047 ὡς
542 2016 605 2042 ὅταν
617 2015 684 2050 λέγῃ
698 2023 705 2030 ·
722 2013 828 2040 Βλέπω
837 2014 871 2057 δὲ
882 2014 985 2057 ἕτερον

198 2054 291 2097 νόμον
304 2062 338 2087 ἐν
350 2060 411 2093 τοῖς
423 2058 532 2094 μέλεσι
546 2066 617 2092 μου,
629 2054 934 2097 ἀντιστρατευόμενον
946 2054 985 2087 τῷ

198 2096 279 2139 νύγιῴ
297 2104 350 2130 τοῦ
368 2104 439 2135 νοός
446 2110 516 2136 μου,
533 2097 784 2135 αἰχμαλωτίζοηά
800 2106 838 2131 με
854 2096 894 2129 τῷ
905 2097 986 2130 νόμῳ

199 2146 253 2179 τῆς
282 2145 424 2180 ἁμαρτίας
451 2142 491 2175 τῷ
507 2143 570 2169 ὄντι
592 2142 628 2168 ἐν
643 2140 705 2173 τοῖς
720 2139 830 2174 μέλεσι
844 2147 914 2173 μου.
930 2139 986 2165 Καὶ

199 2186 273 2215 οὗτοι
302 2187 372 2222 πρὸς
402 2185 522 2216 ἐκείνους
547 2183 640 2218 ἔχουσι
652 2182 701 2217 τὴν
725 2181 896 2215 συγγένειαν,
917 2180 987 2216 πρὸς

204 2230 253 2266 μὲν
274 2229 320 2255 τὸν
336 2229 389 2254 ἔσω
404 2229 417 2254 δ
436 2226 528 2257 καινὸς
546 2246 552 2258 ,
565 2225 634 2260 πρὸς
650 2224 679 2250 δὲ
695 2223 741 2266 τὸν
825 2223 838 2249 ὁ
850 2222 984 2266 παλαιός--

201 2263 257 2299 ἀλλ’
281 2272 355 2305 ὅμως
386 2270 411 2295 οἰ
437 2269 510 2305 τρεῖς
527 2266 721 2301 διεφθάρησαν.
736 2264 843 2305 Μᾶλλον
862 2263 890 2290 δὲ
911 2264 987 2298 τρεῖς

201 2303 311 2341 είσικαλ.
327 2312 385 2344 νῦν,
401 2303 493 2342 καινὸς
509 2309 556 2336 καὶ
569 2307 694 2339 παλαιὸς,
711 2307 759 2333 καὶ
773 2303 850 2337 οὗτος
861 2307 874 2332 δ
890 2305 987 2331 οὺσιώ-

201 2357 249 2391 δης
269 2355 317 2382 καὶ
331 2353 454 2389 φυσικός.
477 2350 675 2379 Ἀνανεοῦσθε
692 2349 735 2381 δὲ,
754 2348 830 2391 φησι,
846 2347 885 2380 τῷ
897 2347 987 2374 πνεύ-

199 2390 270 2434 ματι
284 2396 338 2424 τοῦ
352 2395 423 2427 νοὸς
437 2392 592 2429 ὑμῶν.”1να
609 2392 645 2427 μή
660 2400 701 2423 τις
715 2390 825 2426 νομίσῃ.
841 2390 881 2416 ὅτι
894 2391 987 2415 ἐπεισ-

203 2431 263 2474 ἀγει
292 2438 434 2473 ἄνθρωπον
460 2436 562 2470 ἓτερον,
579 2433 664 2460 εἰπὼν
680 2432 792 2459 παλαιὸν
810 2431 857 2458 καὶ
871 2431 965 2458 καινὸν
979 2449 987 2463 ,

202 2473 254 2517 δρα
268 2481 294 2506 τί
321 2486 421 2514 φησιν’
445 2476 654 2504 Ἀνανεοῦσθε.
687 2473 891 2517 ᾏνανεοθσθαίᾷ
902 2474 987 2517 ἐστιν,

204 2515 267 2549 ὅταν
292 2521 357 2547 αὐτὸ
382 2520 412 2545 τὸ
440 2518 594 2554 γεγηρακὸς
606 2516 768 2548 ἀνανεῶται,
783 2515 847 2541 ἄλλο
864 2515 893 2548 ἐξ
907 2515 988 2541 ἄλλου

204 2563 356 2598 γινόμενον.
374 2561 456 2587 Ὥστε
483 2560 514 2585 τὸ
539 2559 586 2593 μὲν
602 2558 782 2593 ὑποκείμενον
799 2557 828 2583 τὸ
841 2556 916 2586 αὐτὸ.
933 2555 990 2591 ἡδὲ

207 2608 343 2645 μεταϐολὴ
368 2608 433 2642 περὶ
455 2607 485 2633 τὸ
510 2605 696 2640 συμϐεϐηκός.
727 2603 863 2639 Καθάπερ
888 2603 920 2645 τὸ
941 2603 989 2638 μὲν

207 2644 287 2685 σῶμά
302 2650 360 2676 ἐστι
370 2649 402 2675 τὸ
414 2648 490 2679 αὐτὸ,
506 2649 523 2682 ἡ
539 2648 568 2673 δὲ
590 2645 723 2681 μεταϐολὴ
735 2645 800 2680 περὶ
808 2645 838 2671 τὸ
851 2644 989 2680 συμϐεϐη-

206 2693 254 2724 κὸς
270 2698 294 2723 π,
314 2691 385 2718 οὕτω
411 2690 443 2726 δὴ
469 2690 518 2716 καὶ
541 2688 670 2714 ἐνταῦθα.
686 2687 747 2717 Πῶς
773 2687 794 2713 δ’
806 2687 839 2713 ἂν
853 2686 958 2720 γένοιτο
971 2686 989 2722 ἡ

207 2733 375 2765 ἁνανέωσις;
395 2733 446 2759 Ἑν
460 2730 499 2764 τῷ
516 2731 661 2765 πνεύματι
679 2728 731 2756 τοῦ
742 2728 813 2761 νοὸς
825 2727 919 2762 ὑμῶν,
936 2736 990 2762 φη-

239 2816 253 2841 _I
262 2809 317 2833 Duo
331 2815 401 2841 ωειλ,
410 2807 544 2841 λΒερζιλλεί.
559 2837 578 2841 _
588 2837 601 2841 η
618 2835 623 2841 ,

239 2839 254 2860 b
265 2841 319 2864 Msa.
337 2836 548 2868 (Ιυο,’δειιὶνύηται.
559 2836 635 2865 Edili,
647 2836 772 2861 δείκνυται.

241 2877 251 2890 ε
264 2872 337 2902 Murg.
352 2866 437 2898 δεινίιη
450 2870 490 2893 καὶ
500 2870 605 2901 καθάπερ
621 2869 648 2893 τὸ
659 2868 700 2900 μὲν
710 2867 780 2892 (max.
794 2866 865 2898 σῶμά
883 2866 956 2898 ἐστιν,
972 2867 990 2894 ἡ

208 2903 233 2928 δὲ
250 2911 291 2934 μετ
312 2901 469 2932 συμϐεϐηκός.

1023 214 1076 240 σίν.
1094 214 1144 245 Ὃς
1156 213 1204 240 ἐὰν
1222 211 1269 240 οὖν
1291 212 1342 249 ἔχῃ
1355 213 1470 249 πρᾶγμα
1487 212 1614 243 παλαιὸν,
1630 210 1709 239 οὐδὲν
1723 212 1806 248 ἔργά-

1019 264 1096 283 σεται
1107 264 1114 271 ο
1122 256 1153 282 οὐ
1167 256 1222 290 γὰρ
1235 255 1361 287 ἀνέξεται
1370 254 1402 282 τὸ
1413 255 1523 290 πνεῦμα
1536 254 1661 281 παλαιιῖιν
1669 254 1806 289 πράξεων.

1021 296 1064 329 Τῷ
1078 297 1233 332 πνεύματι,
1247 297 1323 333 φησὶ.
1341 296 1394 324 τοῦ
1408 297 1480 330 νοὸς
1496 297 1581 332 ὑμῶν
1595 306 1601 313 ·
1616 297 1750 328 τουτέστι,
1769 297 1809 332 τῷ

1023 339 1159 374 πνεύματι
1171 338 1209 374 τῷ
1218 340 1246 365 ὲν
1259 339 1297 374 τῷ
1307 338 1356 373 νῷ.
1367 339 1422 365 Καὶ
1433 338 1603 366 ἐνδύσασθε
1617 338 1671 365 τὸν
1679 338 1737 375 [98]
1747 347 1809 365 και-

1021 380 1077 407 νὸν
1102 380 1269 415 ἄνθρωπον.
1290 381 1373 416 Ὁρᾷς
1393 380 1434 407 ὅτι
1457 380 1487 406 τὸ
1508 380 1558 416 μὲν
1586 380 1765 416 ὑποκείμενον
1780 380 1811 406 ἓν

1019 422 1088 451 ἐστι,
1102 422 1138 448 τὰ
1152 421 1180 448 δὲ
1196 421 1332 457 ἐνδύματα
1357 421 1413 453 δύο,
1433 421 1464 448 τό
1483 431 1512 448 τε
1528 422 1690 457 ἐκδυόμενον
1717 421 1765 448 καὶ
1779 421 1811 448 τὸ

1020 463 1197 498 ἐνδυόμενον;
1220 464 1276 490 Τὸν
1292 463 1399 491 καινὸν
1410 463 1578 497 ἄνθρωπον,
1596 464 1675 499 φησὶ,
1691 463 1746 490 τὸν
1757 472 1811 490 κα-

1019 504 1056 531 τὰ
1071 505 1145 531 θεὸν
1167 504 1327 532 κτισθέντα
1356 505 1391 531 ἐν
1411 505 1590 538 δικαιοσύνῃ
1607 504 1657 531 καὶ
1676 506 1811 538 ὁσιότητι

1020 546 1076 579 τῆς
1105 546 1259 580 ἀληθείας.
1280 546 1330 573 Διὰ
1345 547 1372 573 τί
1387 547 1417 573 δὲ
1432 546 1576 582 ἄνθρωπον
1590 547 1668 573 καλεῖ
1682 547 1733 581 τὴν
1747 547 1812 583 ἀρε-

1020 589 1081 622 τὴν,
1107 588 1154 615 καὶ
1180 588 1224 615 διὰ
1246 588 1273 615 τί
1287 588 1433 624 ἄνθρωπον
1445 588 1496 623 τὴν
1510 588 1612 615 κακίαν
1625 597 1633 622 ;
1647 589 1709 615 ὀτι
1725 589 1813 625 χωρὶς

1022 630 1163 665 ἐνεργείας
1187 630 1238 656 οὐκ
1268 630 1302 657 ἂν
1328 629 1448 665 δειχθείη
1472 630 1627 664 ἄνθρωπος.
1654 630 1736 657 Ὥστε
1762 631 1812 665 οὐχ

1022 667 1105 706 ἦττον
1131 672 1181 706 τῆς
1205 671 1314 706 φύσεως
1329 671 1416 699 ταῦτα
1432 671 1576 707 ἄνθρωπον
1589 671 1741 705 δείκνυσιν,
1756 674 1812 699 εἴτε

1023 712 1118 744 καλὸν,
1134 712 1192 739 εἴτε
1205 713 1334 748 πονηρόν.
1349 713 1456 749 Ὠσπερ
1469 713 1498 740 δὲ
1508 713 1540 740 τὸ
1555 713 1754 747 ἀποδύσασθαι,
1768 714 1813 741 εὖ·

1024 754 1111 786 κολον,
1128 754 1200 782 οὕτω
1216 755 1265 782 καὶ
1277 755 1325 782 ἐπὶ
1336 756 1437 790 ἀρετῆς
1456 755 1505 782 καὶ
1523 756 1624 787 κακίας
1646 756 1720 782 ἐστιν
1736 756 1811 783 ιδείν.

1032 797 1061 822 ’0
1081 796 1141 828 νέος
1166 797 1277 832 ίσχυρός
1301 798 1376 824 ἐστιν
1395 804 1403 812 ·
1420 796 1519 824 οὐκοῦν
1535 798 1582 825 καὶ
1598 799 1680 833 ἡμεῖς
1707 798 1813 834 ἰσχυροὶ

1027 837 1173 872 γενώμεθα
1188 838 1256 873 πρὸς
1268 838 1318 874 τὴν
1332 838 1473 874 ἐνέργειαν
1483 838 1537 865 τῶν
1551 839 1661 873 ἀγαθῶν
1675 839 1813 875 πράξεων.

1033 878 1066 906 'O
1079 878 1138 911 νέος
1151 879 1245 915 ῥυτίδα
1259 881 1309 906 οὐκ
1321 879 1377 915 ἔχει
1388 887 1395 894 ·
1408 879 1506 907 οὐκοῦν
1518 880 1586 915 μηδὲ
1597 881 1688 916 ἡμεῖς.
1711 881 1740 907 '0
1754 882 1814 913 νέος

1025 921 1055 948 ού
1074 921 1261 957 περιφέρεται,
1277 922 1338 949 οὐδέ
1351 923 1426 949 ἐστιν
1442 922 1577 955 εὐάλωτος
1591 922 1606 943 ἀ
1622 924 1679 954 τοῖς
1693 925 1815 958 νοσήμα-

1027 970 1088 989 σινο
1116 963 1213 991 οὐκοῦν
1242 964 1309 999 μηδέ
1342 964 1434 1000 ἡμεῖς.
1463 964 1520 991 Τὸν
1544 964 1715 992 κτισθέντα.
1742 965 1814 1000 Ὅρα

1026 1004 1144 1031 ἐνταῦθα
1158 1005 1218 1036 πῶς
1236 1005 1324 1032 κτίσιν
1339 1005 1417 1032 καλεῖ
1428 1004 1478 1040 τὴν
1492 1005 1620 1032 οὐσίωσιν
1634 1007 1684 1042 τῆς
1702 1006 1815 1042 ἀρετῆς,

1025 1046 1075 1082 τὴν
1098 1047 1128 1079 ἐξ
1152 1048 1203 1073 οὐκ
1217 1047 1302 1074 ὅντων
1314 1047 1352 1079 είς
1369 1047 1401 1073 τὸ
1414 1045 1486 1074 εἶναι
1504 1047 1702 1082 παραχθεῖσαν.
1717 1049 1750 1074 Τί
1764 1048 1792 1075 δέ
1805 1056 1814 1081 ;

1026 1088 1118 1124 ἐκείνη
1134 1088 1165 1115 οὐ
1180 1088 1250 1115 κατὰ
1266 1088 1333 1115 Θεὸν
1349 1090 1366 1124 ἡ
1384 1089 1473 1121 κτίσις
1489 1090 1653 1125 ;Οὐδαμῶς,
1667 1090 1736 1118 ἀλλὰ
1746 1092 1817 1118 κατὰ

1026 1129 1073 1156 τὸν
1099 1130 1223 1157 διάϐολον
1249 1138 1256 1146 ·
1278 1130 1359 1163 αὐτὸς
1384 1130 1549 1167 δημιουργὸς
1583 1131 1634 1166 τῆς
1667 1132 1814 1167 ἁμαρτίας.

1028 1170 1109 1204 [Ιῶς;
1131 1171 1162 1197 '0
1189 1172 1243 1206 γὰρ
1269 1172 1413 1207 ἄνθρωπος
1431 1173 1482 1199 οὐκ
1494 1172 1549 1199 ἀπὸ
1564 1171 1671 1205 ὕδατος,
1685 1173 1746 1200 οὐδὲ
1762 1174 1817 1201 ἀπὸ

1028 1212 1078 1246 γῆς
1101 1210 1215 1246 ἐκτίσθη
1237 1210 1340 1243 λοιπὸν,
1360 1210 1418 1238 ἀλλ’
1444 1212 1473 1237 ἐν
1495 1211 1654 1248 δικαιοσύνῃ
1676 1212 1724 1239 καὶ
1743 1213 1817 1240 ὁσιό-

1027 1261 1089 1288 τητι
1121 1252 1171 1288 τῆς
1200 1252 1341 1288 ἀληθείας.
1380 1252 1414 1279 Τί
1445 1254 1504 1280 ἐστι
1541 1253 1639 1288 τοῦτο;
1676 1254 1739 1281 Υἰὸν
1773 1255 1818 1281 εὺ-

1029 1293 1107 1327 θέως,
1124 1294 1216 1329 φησὶν,
1232 1294 1314 1321 αὑτὸν
1336 1293 1444 1321 ἔκτισε·
1457 1295 1537 1322 τοῦτο
1552 1295 1607 1331 γὰρ
1623 1294 1677 1322 ἀπὸ
1697 1296 1744 1322 τοῦ
1769 1296 1818 1332 βα-

1030 1337 1183 1371 πτίσματος
1204 1336 1309 1371 γίνεται
1322 1343 1330 1351 °
1343 1336 1412 1373 αὕτη
1437 1338 1511 1364 ἐστὶν
1526 1338 1543 1373 ἠ
1556 1337 1645 1364 οὐσία.
1662 1338 1761 1370 Καλῶς
1779 1336 1819 1365 εἵ-

1029 1389 1090 1406 πεν·
1100 1380 1151 1407 Ἑν
1157 1379 1333 1414 δικαιοσύνῃ
1344 1379 1532 1414 καὶόσιότητι
1544 1380 1599 1415 τῆς
1609 1378 1820 1415 ἀληθείας.Ἦν

1030 1429 1095 1448 ποτε
1110 1421 1279 1457 δικαιοσύνη,
1296 1419 1331 1457 ἦν
1345 1421 1392 1448 καὶ
1410 1422 1518 1458 ὁσιότης
1532 1423 1578 1449 ἐπὶ
1599 1422 1746 1455 Ἰουδαίων,
1761 1422 1820 1449 ἀλλ’

1030 1464 1060 1491 οὐ
1075 1464 1125 1498 τῆς
1143 1463 1282 1499 ἀληθείας,
1303 1464 1371 1492 ἀλλά
1382 1463 1430 1491 τοῦ
1445 1464 1531 1491 τύπου
1545 1465 1562 1501 ὴ
1575 1464 1733 1500 δικαιοσύνη
1746 1465 1820 1492 ἐκεί-

1030 1507 1074 1540 νη.
1090 1506 1127 1532 Τὸ
1149 1506 1204 1541 γὰρ
1229 1505 1350 1542 καθαρὸν
1377 1504 1447 1533 εἶναι
1470 1506 1577 1542 σώματι
1593 1507 1680 1538 τύπος
1702 1506 1822 1542 καθαρό-

1031 1556 1112 1582 τητος
1121 1545 1166 1583 ἦν,
1184 1547 1245 1583 οὐχὶ
1260 1548 1376 1583 ἀλήθεια
1389 1548 1576 1585 καθαρότητος
1587 1556 1595 1564 ⁸
1613 1548 1699 1581 τύπος
1718 1543 1822 1576 δικαιο-

1032 1589 1116 1625 σύνης
1143 1588 1189 1625 ἦν,
1209 1589 1270 1625 οὐχὶ
1284 1589 1400 1626 ἀλήθεια
1415 1590 1602 1626 δικαιοσύνης.
1612 1592 1664 1618 Ἐν
1677 1591 1821 1625 ὁσιότητι,

1032 1632 1109 1667 φησὶ,
1122 1633 1170 1658 καί
1182 1631 1360 1666 δικαιοσύνῃ
1368 1631 1425 1667 τῆς
1434 1632 1589 1666 ἀληθείας.
1600 1632 1677 1668 Τάχα
1693 1633 1741 1660 καὶ
1754 1633 1822 1669 πρὸς

1032 1673 1062 1700 τὸ
1085 1673 1181 1708 ψευδὲς
1204 1673 1313 1709 εἴρηται
1334 1673 1424 1707 τοῦτο,
1442 1674 1483 1701 δτι
1496 1674 1551 1700 εἰσὶ
1566 1673 1658 1701 πολλοὶ
1670 1674 1749 1711 παρὰ
1765 1676 1822 1707 τοῖς

1033 1716 1132 1749 ἔξωθεν
1147 1715 1289 1747 δοκοῦντες
1302 1712 1372 1742 εἶναι
1386 1715 1497 1749 δίκαιοι,
1511 1715 1579 1743 ἀλλὰ
1591 1715 1710 1751 ψευδεῖς.

1068 1756 1231 1793 Δικαιοσύνη
1237 1756 1275 1790 δὲ,
1283 1758 1300 1791 ἡ
1308 1756 1438 1793 καθολικὴ
1445 1758 1529 1793 ἀρετὴ
1534 1757 1653 1792 λέγεται.
1659 1758 1758 1784 Ἄκουε
1767 1757 1823 1795 γὰρ

1033 1799 1080 1826 τοῦ
1104 1798 1224 1834 Χριστοῦ
1244 1798 1370 1833 λέγοντος
1386 1807 1394 1815 ·
1414 1798 1485 1826 Ἐὰν
1493 1798 1537 1834 μὴ
1561 1800 1730 1834 περισσεύῃ
1747 1800 1766 1834 ἠ
1781 1800 1824 1826 δι-

1034 1841 1181 1875 καιοσύνη
1208 1839 1292 1875 ὑμῶν
1303 1840 1399 1867 πλέον
1415 1840 1475 1868 τῶν
1492 1842 1686 1876 γραμματέων·
1698 1842 1746 1869 καὶ
1766 1844 1824 1869 Φα-

1031 1883 1169 1919 ρισαίων,
1182 1884 1218 1909 οὐ
1234 1881 1275 1917 μὴ
1288 1882 1446 1916 εισέλθητε
1459 1884 1502 1917 εἰς
1515 1883 1574 1917 τὴν
1583 1884 1750 1916 βασιλείαν
1763 1884 1824 1911 τῶν

1034 1924 1172 1960 οὐρανῶν
1184 1933 1191 1940 ·
1208 1926 1255 1952 καὶ
1265 1925 1364 1959 πάλιν,
1379 1926 1499 1959 Δίκαιος
1518 1926 1636 1961 λέγεται
1649 1928 1666 1954 d
1673 1926 1824 1962 μηδεμίαν

1034 1968 1113 2003 ἔχων
1126 1967 1235 2002 λαϐήν.
1256 1968 1333 1995 Ἐπεὶ
1343 1968 1390 1995 καὶ
1404 1969 1433 1995 ἐν
1449 1969 1505 2001 τοῖς
1518 1969 1704 2005 δικαστηρίοις
1718 1971 1824 1997 ἐκεῖνόν

1036 2018 1127 2046 φαμεν
1147 2010 1267 2042 δίκαιον,
1290 2010 1336 2037 τὸν
1351 2010 1515 2046 ἀδικηθέντα
1529 2031 1536 2043 ,
1553 2012 1600 2038 καὶ
1614 2011 1652 2048 μὴ
1676 2012 1823 2047 ἀνταδική-

1036 2060 1131 2080 σαντα.
1148 2053 1198 2079 Ἂν
1220 2052 1310 2079 τοίνυν
1325 2053 1373 2079 καὶ
1391 2053 1471 2088 ἡμεῖς
1487 2053 1535 2081 ἐπὶ
1546 2053 1593 2081 τοῦ
1610 2053 1727 2089 φρικτοῦ
1739 2054 1819 2081 δικα-

1037 2094 1149 2130 στηρίου
1177 2093 1337 2129 δυνηθῶμεν
1352 2094 1453 2121 δίκαιοι
1466 2095 1534 2131 πρὸς
1548 2094 1681 2130 ἀλλήλους
1695 2095 1822 2131 ὀφθῆναι,

1036 2136 1209 2172 δυνησόμεθα
1234 2136 1443 2171 φιλανθρωπίας
1464 2137 1537 2169 τινὸς
1561 2138 1662 2172 τυχεῖν.
1680 2138 1752 2173 Πρὸς
1773 2139 1824 2174 μὲν

1036 2178 1092 2215 γὰρ
1107 2178 1154 2205 τὸν
1170 2177 1237 2205 Θεὸν
1247 2178 1389 2211 ἀδύνατον,
1407 2178 1457 2205 ὅσα
1469 2178 1502 2205 ἂν
1516 2178 1718 2214 ἐπιδειξώμεθα
1730 2188 1737 2195 ·
1755 2188 1824 2207 παν-

1037 2220 1122 2256 ταχοῦ
1151 2220 1206 2256 γὰρ
1228 2220 1311 2252 αὐτὸς
1333 2221 1390 2252 τοῖς
1417 2219 1533 2251 δικαίοις
1555 2221 1629 2256 νικᾷ,
1646 2220 1738 2252 καθὼς
1751 2221 1824 2248 καὶὸ

1038 2263 1186 2298 Προφήτης
1193 2261 1277 2296 λέγει·
1293 2261 1348 2289 Καὶ
1359 2261 1495 2294 νικήσεις
1511 2262 1592 2295 ἐντῷ
1607 2263 1763 2297 κρίνεσθαί
1775 2272 1823 2291 σε.

1044 2305 1125 2332 Ἀλλὰ
1137 2305 1172 2331 τά
1188 2304 1258 2340 πρὸς
1270 2303 1400 2340 ἀλλήλους
1414 2304 1504 2331 δίκαια
1515 2304 1548 2331 ἂν
1559 2304 1597 2340 μὴ
1610 2304 1822 2343 διαφθείρωμεν,

1038 2349 1104 2376 τότε
1137 2348 1259 2383 ἐσόμεθα
1278 2347 1400 2374 δίκαιοι·
1419 2348 1452 2374 ἂν
1481 2347 1639 2384 δυνηθῶμεν
1668 2349 1764 2383 δεῖξαι,
1783 2351 1825 2378 ὅτι

1039 2390 1221 2426 ἠδικήθημεν,
1236 2389 1298 2416 τότε
1313 2389 1430 2424 ἐσόμεθα
1440 2389 1548 2416 δίκαιοι.
1565 2389 1627 2422 Πῶς
1640 2391 1825 2427 ἐνδεδυμένοις

1039 2432 1131 2463 αὐτοῖς
1144 2431 1224 2459 πάλιν
1234 2431 1318 2466 λέγει,
1338 2431 1544 2464 Ἐνδύσασθε;
1565 2431 1631 2458 Ἀπὸ
1646 2431 1693 2459 τοῦ
1704 2432 1762 2468 βίου
1777 2433 1825 2460 νῦν

1040 2483 1108 2510 φησι
1136 2474 1184 2501 καὶ
1198 2474 1253 2501 τῶν
1269 2474 1369 2510 ἔργων.
1386 2474 1453 2501 Τότε
1468 2473 1581 2509 γέγονεν
1595 2474 1650 2501 ἀπὸ
1660 2474 1708 2502 τοῦ
1727 2475 1825 2511 βαπτί-

1041 2525 1143 2552 σματος
1161 2516 1191 2543 τὸ
1202 2516 1316 2552 ἔνδυμα,
1328 2515 1376 2542 νῦν
1389 2515 1417 2542 δὲ
1430 2516 1484 2542 ἀπὸ
1498 2516 1548 2551 τῆς
1559 2516 1699 2548 πολιτείας
1714 2519 1760 2543 καὶ
1769 2517 1827 2545 τῶν

1041 2558 1140 2593 ἔργων,
1163 2558 1255 2585 οὐκέτι
1285 2558 1356 2585 κατὰ
1379 2558 1430 2589 τὰς
1453 2558 1601 2593 ἐπιθυμίας
1625 2559 1676 2593 τῆς
1699 2559 1825 2594 ἀπάτης,

1041 2599 1110 2626 ἀλλὰ
1125 2600 1196 2626 κατὰ
1215 2600 1262 2626 τὸν
1273 2599 1350 2627 Θεὸν.
1372 2600 1408 2626 Τὸ
1430 2599 1459 2626 δὲ
1475 2600 1549 2627 ὅσιον
1563 2600 1657 2627 τίέστι
1672 2609 1679 2633 ;
1692 2600 1729 2627 Τὸ
1742 2601 1826 2628 καθα-

1043 2642 1099 2678 ρὸν,
1119 2642 1150 2681 τὸ
1175 2642 1360 2677 ὀφειλόμενον.
1380 2642 1430 2669 Διὰ
1458 2641 1538 2669 τοῦτο
1559 2642 1606 2669 καὶ
1618 2642 1667 2678 τὴν
1682 2642 1759 2669 ὁσίαν
1778 2644 1827 2672 ἐπὶ

1041 2684 1214 2711 ἀπελθόντων
1232 2683 1289 2720 [99]
1311 2683 1420 2719 φαμέν⁸
1440 2684 1589 2717 τουτέστιν,
1619 2684 1701 2712 Οὐδὲν
1726 2684 1828 2720 ὀφείλω

1042 2725 1134 2756 αὐτοῖς
1144 2725 1247 2758 λοιπὸν,
1266 2726 1316 2752 οὐκ
1333 2725 1392 2760 εἰμὶ
1405 2725 1567 2758 ὑπεύθυνος.
1581 2724 1675 2757 Οὕτως
1693 2725 1829 2761 ἕθοςήμῖν

1042 2767 1132 2801 λέγειν
1156 2767 1203 2794 καὶ
1223 2766 1272 2799 τὸ,
1301 2767 1529 2803 Ἀψιυσιωσάμην,
1559 2768 1606 2794 καὶ
1635 2768 1686 2795 ὅσα
1706 2767 1829 2801 τοιαῦτα,

1043 2809 1167 2836 τουτέστι
1184 2808 1225 2842 τὸ,
1239 2808 1331 2844 Μηδὲν
1346 2808 1456 2844 ὀφείλω.

1079 2894 1092 2915 1³
1106 2895 1173 2920 Uuui
1183 2894 1265 2921 Codex
1280 2894 1363 2926 habet,
1375 2894 1418 2919 οὐκ
1428 2894 1491 2919 ἔστιν
1503 2893 1660 2923 αἰχμάλωτος.
