4100 6412
440 309 511 367 97
1103 303 1163 360 S.
1203 300 1494 358 JOANNIS
1530 297 2020 356 CHRYSOSTOMI

2146 294 2382 354 LCHIEP.
2423 261 2973 352 éONSTAN'nNOP.
3617 293 3689 350 νδ

513 435 582 496 γ’.
599 428 663 481 Ἥ
672 427 787 498 μῶν
806 425 985 479 τοίνυν
1006 425 1120 478 ἐστὶ
1156 423 1230 494 μὴ
1246 422 1615 477 ἀποδύσασθαι
1634 422 1694 473 τὸ
1708 424 1806 491 τῆς
1822 421 2021 472 δικαιο-

446 512 611 583 σύνης
651 511 886 581 ἱμάτιον,
917 509 944 561 ὃ
973 510 1069 561 καὶ
1107 509 1135 560 6
1165 509 1454 578 Προφήτης
1504 506 1719 574 ἱμάτιον
1757 502 2023 573 σωτηρίου

445 594 623 657 καλεῖ,
667 594 755 646 ἵνα
786 592 861 662 τῷ
898 592 1015 661 Θεῷ
1062 590 1435 658 ὀμοιωθῶμεν·
1472 588 1566 639 καὶ
1596 586 1705 657 γάρ
1748 585 1909 649 αὐτὸς
1948 585 2027 638 δι-

446 676 740 742 καιοσύνην
780 674 1075 727 ὲνδὲδυται.
1113 671 1282 724 Τοῦτο
1308 668 1654 739 ἐνδυσώμεθα
1698 668 1762 721 τὸ
1791 668 2025 738 ἱμάτιον.

447 759 523 810 Τὸ
545 759 621 823 δὲ,
642 756 984 819 ἐνδύσασθαι,
1032 755 1184 808 οῦδὲν
1227 755 1353 808 ἄλλο
1403 754 1572 822 δηλοῖ,
1603 753 1635 823 ἢ
1669 751 1730 805 τὸ
1759 751 2029 822 μηδέποτε

447 839 766 892 ἀποθέσθαι.
792 840 993 891 Ἀκουε
1035 838 1141 907 γάρ
1160 835 1253 888 τοῦ
1286 837 1571 905 Προφήτου
1601 834 1869 902 λέγοντος·
1902 833 2031 886 Ἐν-

444 922 707 975 εδύσατο
720 921 985 990 κατάραν
1003 918 1342 988 ώςίίμάτιον,
1360 918 1456 971 καί
1474 918 1551 986 ἦε
1554 936 1605 969 ει
1620 916 1799 982 αὐτῷ.
1812 916 1920 969 Kal
1936 914 2033 969 πά-

448 1003 555 1068 λιν,
582 1005 643 1057 '0
660 1002 1167 1070 περιϐαλλόμενος
1196 1000 1320 1070 φῶς
1348 1001 1429 1066 ώς
1449 1000 1700 1069 ἱμάτιον.
1733 999 1840 1053 Kal
1871 998 2033 1051 πάλιν

448 1090 583 1159 ἡμῖν
608 1085 729 1148 ἔθος
744 1087 920 1153 λέγειν
941 1086 1034 1137 ἐπὶ
1055 1084 1163 1137 τῶν
1182 1083 1483 1155 ἀνθρώπων
1504 1098 1517 1112 '
1551 1084 1592 1136 Ο
1611 1084 1755 1135 δεῖνα
1781 1083 1871 1135 τὸν
1886 1082 2032 1134 δεῖνα

450 1169 941 1225 ἐνεδύσατο.”οστε
970 1168 1030 1221 ού
1059 1169 1187 1237 μίαν
1215 1168 1429 1238 ἡμέραν
1458 1166 1579 1219 οὐδὲ
1621 1166 1881 1236 δευτέραν
1911 1166 2034 1218 οὐδὲ

451 1255 661 1324 τρίτην,
693 1252 827 1306 ἀλλά
860 1252 1151 1314 διαπαντὸς
1181 1253 1329 1321 ἡμᾶς
1356 1250 1602 1321 βούλεται
1646 1245 1786 1303 εἶναι
1814 1249 1874 1302 ἐν
1906 1248 2035 1319 ἀρε-

451 1338 544 1406 τῇ,
582 1334 677 1388 καὶ
700 1334 968 1405 μηδέποτε
994 1336 1231 1403 γυμνοὺς
1255 1330 1393 1387 εἶναι
1422 1331 1517 1385 τοῦ
1569 1331 1785 1402 ἱματίου
1817 1331 2032 1385 τούτου.

456 1419 531 1470 υύ
561 1418 669 1488 γάρ
693 1416 866 1479 οὕτως
890 1416 1176 1486 ἄνθρωπος
1235 1417 1533 1486 ἀσχημονεῖ
1585 1414 1792 1484 γυμνὸς
1850 1413 1927 1468 ὣν
1973 1413 2036 1466 τὸ

459 1500 638 1570 σῶμα,
666 1499 741 1562 ὼς
772 1499 977 1569 γυμνὸς
1015 1497 1092 1551 ὦν
1124 1499 1219 1570 τὴν
1245 1499 1466 1569 ἀρετήν.
1513 1497 1775 1552 Ἐνταῦθα
1804 1498 1965 1551 αὐτὸν
1986 1499 2035 1550 οῖ

456 1582 735 1651 ὁμόδουλοι
785 1581 1075 1651 βλέπουσιν
1127 1581 1562 1652 ἀσχημονοῦντα,
1616 1581 1734 1633 ἐκεῖ
1769 1579 1824 1632 δὲ
1878 1581 1907 1633 6
1939 1582 2038 1631 Δε-

460 1664 665 1734 σπότης
699 1665 793 1716 καὶ
818 1665 867 1716 οἱ
897 1663 1137 1732 ἄγγελοι.
1177 1660 1273 1716 Ἂν
1296 1658 1387 1717 οῦν
1410 1680 1530 1717 τινα
1571 1661 1708 1732 ἴδῃς,
1742 1661 1867 1714 εἰπέ
1924 1677 2037 1731 μοι,

458 1748 663 1816 γυμνὸν
685 1746 771 1799 διὰ
795 1747 894 1816 τῆς
928 1748 1133 1817 ἀγορᾶς
1168 1746 1446 1817 προϊόντα,
1471 1745 1593 1814 οὐχὶ
1621 1746 1837 1813 ἀλγεῖς;
1874 1745 2040 1797 Ὅταν

458 1827 552 1884 οὖν
582 1831 646 1883 σὺ
674 1830 876 1900 γυμνὸς
892 1828 987 1882 τοῦ
1007 1831 1221 1901 ἱματίου
1236 1828 1425 1882 τούτου
1453 1829 1676 1899 τρέχῃς,
1700 1828 1753 1880 τί
1777 1826 2036 1899 ὲροῦμεν;

461 1913 573 1982 Οὐχ
596 1914 726 1983 ὁρᾷς
752 1912 975 1975 τούτους
995 1915 1122 1974 τοὺς
1168 1911 1615 1982 προσαιτοῦντας,
1652 1910 1747 1972 οὓς
1790 1909 2039 1979 λώταγας

461 1998 594 2066 ἡμῖν
611 1995 731 2058 ἔθος
750 1995 961 2061 καλεῖν,
977 1994 1092 2058 πῶς
1110 1996 1375 2065 περιίασι,
1397 1992 1513 2055 πῶς
1529 1994 1621 2046 καὶ
1640 1993 1837 2057 αὐτοὺς
1857 1993 2039 2046 ἐλεοῦ-

465 2096 595 2148 μεν;
651 2078 788 2131 Ἀλλ’
822 2079 969 2148 ὅμως
1014 2076 1223 2140 τούτοις
1265 2076 1386 2130 οὐδὲ
1434 2076 1729 2147 συγγνώμη
1757 2077 1841 2140 τίς
1873 2077 2037 2129 ἐστιν’

461 2161 584 2213 οὐδὲ
614 2161 722 2230 γάρ
750 2161 1194 2229 συγγινώσκομεν
1224 2160 1428 2221 αὐτοῖς,
1451 2160 1578 2211 ὃταν
1595 2159 1912 2220 κυϐεύοντες
1925 2159 2044 2210 έαυ-

462 2243 571 2296 τῶν
595 2244 663 2295 τά
697 2242 885 2312 ἱμάτια
910 2241 1235 2296 ἀπολλύωσι.
1270 2240 1393 2304 Πῶς
1420 2237 1513 2294 οῦν
1547 2243 1676 2311 ἡμῖν
1695 2243 1723 2293 6
1750 2241 1880 2302 Θεὸς
1909 2256 2043 2309 συγ-

463 2327 732 2393 γνώσεται
764 2325 824 2376 τὸ
866 2326 1080 2395 ίμάτιον
1116 2323 1274 2385 τοῦτο
1296 2324 1655 2388 ἀπολέσασιν;
1694 2324 1861 2376 Ὅταν
1887 2326 1995 2393 γάρ
2016 2324 2044 2375 6

462 2407 705 2470 διάϐολος
733 2409 817 2479 ῖδῃ
839 2407 1041 2477 γυμνὸν
1064 2406 1264 2478 ἀρετῆς
1294 2422 1435 2467 τινα,
1456 2405 1656 2468 εὐθέως
1703 2404 1795 2457 καὶ
1826 2404 2046 2457 ἀσϐολοῖ

464 2492 561 2543 καὶ
588 2492 828 2559 ἀμαυροῖ
854 2480 919 2541 τὸ
958 2489 1270 2556 πρόσωπον,
1296 2490 1391 2541 καὶ
1414 2486 1726 2558 τιτρώσκει,
1752 2488 1846 2539 καὶ⁵
1872 2488 2043 2555 ἀναγ-

464 2570 623 2635 κάζει
650 2573 859 2641 μεγάλα
882 2584 931 2626 ει.
964 2572 1165 2642 Γυμνοὶ
1195 2570 1820 2640 γενώμεθαχρημάτων,
1850 2568 1937 2621 ἴνα
1970 2569 2045 2639 μὴ

464 2655 841 2724 γυμνωθῶμεν
866 2652 972 2706 ἀπὸ
1013 2652 1377 2721 δικαιοσύνης*
1414 2654 1447 2722 ἡ
1474 2652 1582 2702 τῶν
1626 2650 1924 2720 χρημάτων
1952 2667 2047 2703 πε-

469 2737 660 2813 ριϐολὴ
689 2736 848 2788 τοῦτο
897 2734 1217 2806 λυμαίνεται
1268 2735 1328 2787 τὸ
1373 2735 1605 2805 ἱμάτιον·
1642 2732 1895 2787 ἀκανθῶν
1932 2734 2047 2785 ἐστι

466 2818 750 2891 περιϐολή.
807 2819 1063 2870 Τοιαῦταί
1112 2820 1248 2871 είσιν
1294 2819 1349 2871 αἱ
1397 2817 1648 2881 ἄκανθαι,
1692 2818 1784 2868 καὶ
1812 2816 1922 2885 ὅσῳ
1982 2814 2048 2868 ἂν

466 2902 719 2963 πλείονας
753 2900 1201 2971 περιϐαλώμεθα,
1234 2899 1473 2969 τοσούτῳ
1503 2899 1701 2968 μᾶλλον
1736 2899 2047 2969 γυμνούμε-

469 2982 559 3037 θα.
607 2982 673 3035 Ἦ
707 2983 963 3050 ἀσέλγεια
989 2984 1184 3054 γυμνοῖ
1212 2981 1303 3035 τοῦ
1328 2980 1539 3051 ἱματίου
1564 2980 1775 3034 τούτουσ
1807 2980 1917 3051 πῦρ
1941 2981 2049 3051 γάρ

468 3068 607 3130 ἐστι,
639 3065 700 3117 τὸ
725 3065 781 3118 δέ
810 3065 924 3136 πῦρ
964 3064 1295 3120 ἀναλωτικὸν
1323 3064 1416 3117 τοῦ
1459 3063 1673 3133 ἱματίου
1696 3063 1907 3119 τούτου.
1940 3066 2050 3135 Σής

469 3152 619 3203 ἐστιν
642 3149 670 3201 6
699 3147 944 3211 πλοῦτοςο
969 3148 1217 3217 καθάπερ
1244 3149 1271 3200 6
1316 3146 1415 3217 σὴς
1446 3148 1624 3199 πάντα
1648 3146 1937 3217 διατρώγει
1958 3148 2051 3200 καὶ

470 3231 593 3285 οῦδὲ
622 3230 728 3284 τῶν
765 3230 1004 3302 σηρικῶν
1057 3230 1319 3299 φείδεται,
1375 3229 1516 3282 οὓτω
1546 3230 1640 3282 καὶ
1662 3224 1832 3292 οὗτος.
1870 3231 2052 3283 Πάντα

468 3314 649 3368 τοίνυν
681 3315 849 3367 ταῦτα
878 3313 1228 3383 ἀποθώμεθα,
1285 3314 1372 3365 ἵνα
1399 3311 1683 3383 γενώμεθα
1707 3312 1924 3377 δίκαιοι,
1965 3313 2051 3364 ἵνα

471 3396 821 3467 ἐνδυσώμεθα
875 3394 967 3449 τὸν
1011 3397 1196 3450 καινὸν
1256 3395 1560 3467 ἄνθρωπον.
1601 3396 1781 3466 Μηδὲν
1804 3396 2051 3462 παλαιὸν,

476 3480 644 3552 μηδὲν
676 3481 1019 3549 φαινόμενον,
1077 3480 1241 3550 μηδὲν
1293 3479 1644 3548 φθειρόμενον
1712 3478 2049 3548 κατέχωμεν.

474 3567 589 3616 Uine
618 3562 763 3616 ἐστιν
794 3566 827 3635 ἡ
878 3563 1048 3635 ἀρετὴ
1078 3563 1354 3628 ἐπίπονος,
1405 3562 1505 3614 οῦκ
1534 3560 1650 3613 ἐστι
1679 3560 2053 3633 δυσκατόρθω-

472 3660 587 3708 τος.

547 3785 659 3855 Ούχ
696 3787 829 3856 ὁρᾷς
852 3788 978 3847 τοὺς
1008 3786 1066 3839 ἐν
1111 3787 1224 3849 τοῖς
1254 3786 1475 3856 δρεσινς
1535 3786 1732 3837 ἐκεῖνοι
1759 3784 1854 3838 καὶ
1878 3784 2054 3848 οίκίας

477 3869 670 3938 ἀφιᾶσι
692 3872 784 3921 καὶ
805 3872 1065 3936 γυναῖκας
1086 3871 1178 3923 καὶ
1203 3870 1393 3931 παῖδας
1420 3868 1514 3920 καὶ
1556 3867 1886 3938 προστασίαν
1914 3867 2056 3921 ἀπα-

478 3969 598 4014 σαν,
629 3954 721 4003 καὶ
745 3952 902 4014 ἐκτὸς
925 3953 1149 4013 ἑαυτοὺς
1178 3950 1271 4003 τοῦ
1295 3951 1498 4020 κόσμου
1527 3952 1903 4020 ποιησάμενοι,
1925 3951 2056 4003 σάκ-

478 4052 574 4089 κον
611 4036 977 4106 περιθέμενοι,
1011 4037 1205 4090 σποδὸν
1232 4035 1738 4105 ὑποστρωσάμενοι,
1768 4034 1924 4088 κλοιά
1946 4035 2054 4089 τῶν

474 4119 764 4190 τραχήλων
802 4118 1217 4190 ἐξαρτήσαντες,
1262 4120 1319 4171 ἐν
1363 4117 1592 4187 οἰκίσκῳ
1648 4117 1828 4188 μικρῷ
1888 4135 2053 4171 κατα⁶

477 4203 791 4264 κλείσαντες
832 4203 1077 4266 ἐαυτοὺς,
1131 4200 1250 4253 οὐδὲ
1304 4201 1470 4271 μέχρι
1519 4199 1724 4253 τούτων
1787 4201 2052 4267 ἵστανται,

477 4284 726 4338 ἀλλὰκαὶ
764 4284 1033 4354 νηστείαις
1058 4284 1152 4337 καὶ
1205 4282 1347 4353 λιμῷ
1378 4282 1611 4351 διηνεκεῖ
1653 4284 2056 4338 κατατείνουσιν

478 4367 724 4429 ἑαυτούς.
750 4367 812 4419 Ei
848 4366 1073 4419 τοιαῦτα
1097 4366 1389 4418 ἐπέταττον
1410 4364 1504 4419 νῦν
1529 4362 1657 4433 ἐγὼ,
1677 4366 1775 4418 ούκ
1800 4366 1865 4420 ἂν
1888 4368 2059 4421 ἀπαν-

478 4469 566 4514 τες
588 4449 838 4519 ἀπεπηδή
848 4466 973 4501 σατε
991 4465 1005 4513 ;
1024 4449 1121 4502 οὐκ
1142 4447 1206 4501 ἂν
1226 4448 1415 4500 εἴπατε
1436 4448 1495 4500 τὸ
1514 4450 1746 4517 πρᾶγμα
1767 4451 2052 4520 φορτικόν;

481 4533 614 4585 Ούδέ
646 4531 883 4584 τοιοῦτόν
911 4549 1052 4602 φημι
1085 4531 1194 4584 δεῖν
1241 4533 1431 4584 ποιεῖν’
1466 4530 1725 4601 βούλομαι
1772 4532 1921 4605 [100]
1957 4535 2057 4604 μὲν

480 4616 609 4683 γάρ,
640 4615 777 4683 πλὴν
802 4614 863 4665 οὐ
905 4613 1197 4684 νομοθετῶ.
1233 4614 1391 4667 Ἀλλά
1420 4614 1473 4666 τί
1499 4630 1513 4680 ;
1560 4615 1668 4667 Καὶ
1693 4614 1936 4685 λουτροῖς
1964 4618 2057 4670 κέ-

481 4713 674 4767 χρησο,
689 4698 782 4749 καί
797 4699 858 4748 τὸ
877 4697 1036 4765 σῶμα
1053 4696 1343 4766 θεράπευε,
1363 4699 1455 4750 κα)⁸
1478 4699 1554 4760 είς
1573 4699 1777 4769 ἀγορὰν
1800 4700 2052 4769 ἔμϐαλλε,

484 4780 579 4832 καὶ
635 4779 809 4831 οἰκίαν
862 4779 982 4847 ἔχε,
1033 4782 1128 4832 καὶ
1186 4779 1450 4843 διακόνοις
1478 4781 1763 4847 διακονοῦ,
1818 4784 1909 4835 xal
1942 4784 2059 4853 χρῶ

486 4862 674 4924 σιτίοις
694 4863 785 4913 καὶ
808 4864 1010 4935 ποτοῖς·
1052 4863 1326 4931 πανταχοῦ
1350 4863 1445 4933 τὴν
1476 4864 1785 4929 πλεονεξίαν
1806 4866 2054 4921 ἔκϐαλλε.

497 4946 710 5015 Ἐκείνη
735 4945 844 5013 γάρ
876 4947 1022 4997 ἐστιν
1055 4946 1088 5015 ἡ
1114 4946 1213 5016 τὴν
1246 4947 1517 5017 ἁμαρτίαν
1547 4948 1794 5013 ποιοῦσα,
1849 4953 1943 5004 καὶ
1998 4954 2062 5005 τὸ

486 5030 618 5084 αὐτὸ
643 5031 873 5100 πρᾶγμα
894 5029 1185 5093 πλεονάζον
1205 5032 1447 5101 ἁμαρτία
1473 5032 1710 5099 γέγονεν.
1728 5034 1890 5087 Ὥστε
1907 5036 2058 5089 οὐδὲν

486 5112 671 5182 ἕτερόν
700 5115 904 5184 ἐστινὴ
953 5114 1252 5180 πλεονεξία,
1313 5115 1345 5184 ἢ
1401 5116 1661 5186 ἁμαρτία.
1709 5117 1817 5168 Kal
1842 5117 1961 5189 δρα·
2001 5120 2059 5172 '0

490 5195 658 5265 θυμὸς
684 5196 809 5248 ὅταν
854 5197 1014 5251 πλέον
1048 5197 1143 5251 τοῦ
1175 5197 1385 5260 δέοντος
1414 5198 1631 5269 κινηθῇ,
1657 5200 1778 5251 τότε
1810 5200 2060 5269 ἐκπηδῶν

488 5280 826 5350 λοιδορεῖται,
866 5281 984 5333 τότε
1015 5281 1212 5344 ἀδίκως
1236 5281 1413 5335 πάντα
1464 5287 1621 5335 ποιεῖ·
1680 5286 1708 5337 6
1740 5282 1848 5337 τῶν
1878 5286 2061 5354 σωμά-

490 5381 598 5417 των
638 5365 799 5436 ἐρως,
828 5367 856 5418 6
888 5365 995 5417 τῶν
1022 5367 1339 5436 χρημάτων,
1365 5368 1394 5419 6
1418 5366 1516 5436 τῆς
1544 5366 1700 5437 δόξης
1719 5410 1735 5435 ,
1781 5369 1809 5420 6
1830 5368 1936 5420 τῶν
1964 5368 2059 5422 ἀλ-

491 5454 597 5509 λων
625 5457 895 5513 ἁπάντων.
928 5458 1039 5512 Kal
1085 5460 1158 5530 μή
1197 5476 1287 5530 μοι
1331 5458 1511 5529 εῐπῃς,
1535 5460 1615 5512 ὅτι
1642 5462 1836 5513 ἐκεῖνοι
1864 5460 2058 5532 ἠδυνή-

554 5647 571 5669 ⁸
611 5647 792 5719 θυοτςο
815 5652 1141 5716 supplendum
1180 5652 1373 5704 videtur
1412 5649 1608 5712 aliquod
1646 5649 1867 5714 verbum,
1912 5666 1955 5700 γ.
1983 5667 2056 5715 g.,

495 5707 776 5772 ἀσχημονεῖν

2130 417 2319 487 θησαν·
2345 416 2526 471 πολλοὶ
2542 416 2650 487 γάρ
2680 416 2858 487 πολλῷ
2896 413 3271 485 ἀσθενέστεροί
3296 432 3390 468 σου
3416 414 3507 468 καὶ
3533 415 3695 468 πλου-

2129 499 2490 569 σιώτεροικαὶ
2528 498 2928 569 τρυφερώτεροι
2973 498 3063 550 τὸν
3098 497 3331 568 σκληρὸν
3368 499 3570 551 ἐκεῖνον
3602 499 3698 550 xal

2127 585 2334 653 τραχὺν
2372 583 2687 647 ἀνεδέξαντο
2715 582 2844 651 βίον.
2880 583 2987 635 Kal
3014 582 3066 634 τί
3102 582 3244 650 λέγω
3274 582 3507 652 ἄνδρας;
3538 580 3697 652 κόραι

2128 666 2369 719 εἰκοστὸν
2398 667 2515 728 ἔτος
2548 665 2701 718 οῦπω
2755 666 3070 734 γενόμεναι,
3127 666 3184 717 ἐν
3239 664 3499 733 θαλάμοις
3525 664 3699 716 καὶέν

2132 749 2456 819 σκιατραφίᾳ
2468 766 2496 801 τ
2506 748 2563 801 ὸν
2579 747 2793 801 ἅπαντα
2804 748 3009 800 διατελέ
3018 765 3175 800 σασαι
3189 748 3399 817 χρόνον,
3414 745 3520 818 [ἐν]
3537 745 3700 799 θαλά-

2134 849 2256 901 μοις
2286 832 2472 903 μύρων
2525 831 2792 902 γέμουσαι
2844 833 2937 884 καὶ
2980 832 3358 901 θυμιαμάτων,
3390 832 3482 882 ἐπὶ
3528 847 3701 900 στρω-

2134 915 2272 985 μνῆς
2298 914 2513 986 ἁπαλῆς
2564 915 2975 985 κατακείμεναι,
3025 915 3231 967 ἁπαλαί
3282 915 3375 967 καὶ⁵
3406 914 3565 967 αὐταὶ
3602 913 3701 982 τὴν

2133 998 2312 1064 φύσιν,
2344 998 2437 1051 καὶ
2464 1000 2530 1069 τῇ
2559 998 2725 1068 πολλῇ
2760 996 3025 1068 θεραπείᾳ
3056 996 3441 1067 μαλακώτεραι
3478 997 3700 1065 γινόμε-

2133 1098 2240 1147 ναι,
2266 1080 2352 1133 διά
2387 1083 2485 1150 τῆς
2507 1081 2719 1151 ἡμέρας
2744 1082 2924 1151 πάσης
2958 1081 3106 1133 οὐδὲν
3136 1081 3321 1151 ἕτερον
3352 1079 3511 1150 ἔργον
3553 1078 3704 1149 ἐχουο

2135 1180 2247 1227 σαι,
2277 1163 2310 1231 ἢ
2337 1164 2395 1216 τὸ
2417 1163 2853 1227 καλλωπίζεσθαι
2877 1164 2971 1215 καὶ
2997 1165 3351 1233 χρυσοφορεῖν
3381 1163 3475 1215 καὶ
3492 1160 3704 1231 τρυφῆς

2135 1246 2426 1300 ἀπολαύειν
2454 1247 2677 1317 πολλῆς,
2715 1247 2837 1300 οὐδὲ
2866 1248 3083 1310 ἑαυταῖς
3115 1246 3551 1317 διακονούμεναι,
3569 1244 3705 1298 ἀλλά

2137 1328 2334 1391 πολλάς
2363 1329 2583 1399 ἔχουσαι
2608 1329 2707 1393 τὰς
2736 1329 3119 1399 θεραπαινίδας
3146 1330 3243 1392 τάς
3270 1329 3704 1400 παρεστηκυίας,

2138 1411 2328 1483 ἱμάτια
2353 1412 2569 1482 ἔχουσαι
2616 1412 2835 1484 μαλακά
2891 1412 2983 1465 τοῦ
3017 1412 3267 1482 σώματος
3326 1411 3704 1482 μαλακώτερα,

2137 1495 2337 1559 λεπτάς
2368 1494 2558 1558 ὀθόνας
2589 1495 2683 1548 καὶ
2706 1495 3002 1565 τρυφεράς,
3034 1494 3091 1547 ἐν
3121 1495 3289 1566 ῥόδοις
3319 1495 3410 1548 καὶ
3452 1496 3572 1558 ταῖς
3596 1511 3708 1549 τοι·⁹

2139 1578 2331 1642 αύταις
2374 1578 2622 1641 εὐωδίαις
2667 1578 2930 1650 διηνεκῶς
2988 1578 3411 1649 ἀσχολούμεναι·
3456 1571 3616 1632 αὗται
3642 1577 3709 1651 δὴ

2140 1662 2396 1730 ἐξαίφνης
2410 1661 2487 1730 τῷ
2508 1662 2642 1732 πυρὶ
2660 1661 2945 1732 ληφθεῖσαι
2973 1660 3066 1714 τοῦ
3086 1663 3341 1731 Χριστοῦ,
3370 1664 3549 1715 πᾶσαν
3570 1662 3710 1715 ἐκεί-

2141 1762 2238 1814 νην
2260 1744 2664 1813 ἀποδυσάμεναι
2722 1743 2819 1815 τὴν
2862 1743 3118 1813 βλακείαν
3152 1745 3245 1797 καὶ
3276 1744 3366 1797 τὸν
3392 1745 3580 1811 τῦφον,
3615 1744 3711 1797 καὶ

2141 1829 2350 1898 τρυφῆς
2400 1827 2494 1879 καὶ
2552 1826 2769 1897 ἡλικίας
2819 1826 3232 1896 ἐπιλαθόμεναι,
3282 1828 3531 1897 καθάπερ
3567 1827 3711 1891 τινὲς

2143 1910 2369 1978 ἀθληταὶ
2412 1912 2644 1977 γενναῖοι
2672 1909 2743 1962 τά
2778 1908 2993 1979 μαλακά
3047 1912 3228 1965 ἐκεῖνα
3283 1909 3707 1977 ἀποδυσάμεναι,

2143 1993 2221 2055 είς
2273 1993 2468 2062 μέσους
2515 1991 2775 2060 ἐνέϐησαν
2820 1993 2946 2054 τοὺς
2985 1993 3219 2059 ἀγῶνας.
3276 1994 3383 2046 Kal
3426 1993 3554 2055 ἴσως
3612 1990 3715 2061 μὲν

2142 2075 2346 2129 ἄπιστα
2406 2072 2543 2137 δόξω
2592 2076 2762 2145 ἐρεῖν,
2820 2075 2958 2145 πλὴν
3011 2075 3125 2128 ἀλλ’
3154 2077 3348 2146 ἀληθῆ.
3395 2075 3610 2138 Ταύτας
3645 2074 3712 2147 δὴ

2139 2158 2237 2221 τάς
2261 2157 2431 2220 οὕτως
2462 2158 2673 2221 ἁπαλάς
2715 2158 2882 2230 κόρας
2916 2159 3122 2228 ἥκουσα
3164 2160 3293 2227 ἐγὼ,
3324 2161 3408 2213 ὅτι
3459 2161 3538 2224 είς
3584 2176 3712 2212 τοσ-

2142 2239 2310 2310 αύτην
2352 2239 2771 2310 σκληραγωγίαν
2815 2241 3008 2304 ἐαυτάς
3046 2242 3272 2311 ἤγαγον,
3304 2242 3377 2305 ώς
3410 2242 3479 2295 τά
3506 2239 3712 2310 τραχύο

2140 2339 2273 2393 τερα
2294 2321 2403 2373 τῶν
2449 2321 2700 2393 τριχίνων
2753 2322 3066 2393 περιθέσθαι
3096 2324 3302 2376 ἑαυτῶν
3349 2327 3460 2387 τοῖς
3500 2322 3714 2393 σώμασι

2142 2404 2607 2473 γεγυμνωμένοις,
2668 2404 2762 2457 καὶ
2807 2405 3170 2475 ἀνυποδήτους
3213 2401 3472 2469 εἷναιτάς
3502 2406 3715 2471 ἁπαλάς

2144 2487 2378 2557 πτέρνας
2407 2487 2642 2550 ἐκείνας,
2664 2488 2759 2541 καὶ
2784 2489 2875 2540 ἐπὶ
2898 2488 3145 2551 στιϐάδος
3172 2489 3551 2542 κατακεῖσθαι’
3581 2489 3713 2558 μᾶλ-

2143 2568 2233 2622 λον
2256 2569 2313 2622 δὲ
2339 2569 2399 2621 τὸ
2419 2569 2579 2621 πλέον
2607 2571 2966 2640 ἐγρηγορέναι
2993 2571 3090 2639 τῆς
3118 2572 3329 2635 νυκτὸς.
3347 2572 3437 2626 καὶ
3461 2569 3583 2623 οῦτε
3616 2570 3715 2640 μύο

2147 2668 2264 2721 ρου,
2293 2650 2417 2703 οῦτε
2464 2652 2625 2705 άλλου
2648 2653 2792 2716 τινὸς
2828 2653 2934 2706 τῶν
2969 2652 3213 2706 παλαιῶν
3238 2655 3491 2725 πρόνοιαν
3542 2655 3714 2706 ποιεῖ-

2147 2734 2290 2798 σθαι,
2314 2733 2449 2785 ἀλλά
2474 2736 2568 2787 καὶ
2619 2734 2718 2805 τὴν
2774 2733 2918 2787 οὕτω
2965 2735 3408 2806 θεραπευομένην
3468 2736 3717 2805 κεφαλὴν

2145 2816 2481 2888 ἀτημέλητον
2507 2815 2674 2886 ἔχειν,
2708 2817 2892 2881 ἀπλῶς
2934 2820 3028 2871 καὶ
3058 2819 3181 2889 είκῆ
3226 2819 3323 2881 τὰς
3346 2819 3537 2890 τρίχας
3567 2819 3715 2872 ἐνδε-

2144 2895 2396 2969 δεμένην,
2426 2899 2565 2953 ὥστε
2610 2900 2686 2969 μὴ
2729 2902 2807 2962 είς
2836 2900 3221 2971 ἀσχημοσύνην
3262 2904 3541 2971 ἐμπεσεῖν.
3575 2902 3718 2972 Τρά-

2146 2980 2287 3045 πεζα
2322 2981 2379 3034 δὲ
2406 2982 2596 3044 αὐταῖς
2635 2984 2782 3034 ἐστιν
2812 2982 3069 3053 ἐσπερινὴ
3132 2984 3289 3054 μόνη,
3321 2984 3569 3055 τράπεζα
3595 2985 3717 3039 οὐδὲ

2147 3063 2376 3133 λαχάνου
2394 3064 2511 3116 οὐδὲ
2540 3064 2726 3134 ἄρτου,
2754 3064 2890 3117 ἀλλὰ
2932 3065 3207 3135 σεμίδαλις
3238 3067 3331 3119 καὶ
3359 3067 3568 3138 κύαμος
3624 3068 3718 3121 καὶ

2147 3145 2441 3218 ἐρέϐινθος,
2498 3147 2590 3200 καὶ
2626 3146 2781 3201 ἐλαία
2839 3147 2931 3200 καὶ
2979 3146 3152 3201 σῦκα·
3210 3149 3305 3202 καὶ
3326 3150 3719 3221 ταλασιουργία

2148 3232 2397 3304 διηνεκὴς
2422 3233 2514 3286 καὶ
2544 3233 2652 3286 τῶν
2678 3234 2816 3286 οἱκοι
2847 3232 3234 3303 θεραπαινίδων
3264 3235 3399 3305 ἔργα
3426 3237 3603 3308 πολλῷ
3617 3257 3717 3310 χα-

2148 3315 2448 3385 λεπώτερα.
2481 3316 2545 3368 Τί
2590 3316 2697 3386 γάρ
2721 3334 2735 3381 ;
2763 3316 2860 3379 τὰς
2910 3316 3223 3385 καμνούσας
3264 3320 3328 3373 τὸ
3361 3319 3518 3390 σῶμα
3550 3321 3712 3391 θερα-

2149 3398 2335 3450 πεύειν
2354 3399 2688 3464 ἀνεδέξαντο,
2706 3400 2799 3462 τὰς
2815 3399 2997 3461 κλίνας
3012 3399 3398 3468 βαστάζουσαι,
3412 3406 3537 3467 τοὺς
3554 3405 3718 3469 πόδας

2150 3480 2456 3533 νίπτουσαισ
2483 3481 2673 3533 πολλαὶ
2723 3481 2779 3532 δὲ
2825 3482 3005 3535 αὐτῶν
3049 3484 3143 3537 καὶ
3186 3485 3591 3556 μαγειρεύουσι.
3620 3488 3720 3539 Το-

2153 3563 2323 3615 σαῦτα
2345 3562 2563 3616 δύναται
2592 3563 2686 3615 τοῦ
2720 3564 2954 3634 Χριστοῦ
2976 3566 3036 3618 τὸ
3062 3565 3191 3637 πῦρ·
3217 3566 3357 3620 οῦτω
3386 3568 3479 3621 καὶ
3507 3567 3719 3636 φύσεως

2149 3645 2417 3718 ἀνώτερον
2447 3648 2479 3714 ἡ
2515 3647 2814 3716 προθυμία.
2864 3648 3008 3719 Πλὴν
3042 3649 3156 3702 ἀλλ’
3182 3649 3330 3703 οῦδὲν
3350 3651 3584 3705 τοιοῦτον
3608 3650 3721 3719 ἐγὼ

2152 3728 2293 3798 ὑμᾶς
2314 3728 2551 3796 ἀπαιτῶ,
2580 3729 2767 3800 ἐπειδὴ
2797 3729 3510 3803 βούλεσθε.παρελαύνεσθαι
3565 3735 3717 3806 παρά

2150 3828 2443 3879 γυναικῶν.

2222 3890 2367 3963 [101]
2385 3892 2449 3946 δ’.
2467 3892 2587 3945 Κάν
2614 3892 2742 3961 γοῦν
2758 3893 2858 3948 ὅσα
2875 3899 2949 3971 μὴ
2973 3896 3223 3969 φορτικά,
3236 3897 3407 3950 ταῦτα
3426 3897 3718 3968 πράττετε,

2151 3976 2331 4046 χειρὸς
2362 3978 2611 4045 κρατεῖτε
2637 3977 2730 4029 καὶ
2760 3979 3073 4033 ἀκολάστων
3098 3980 3407 4050 ὀφθαλμῶν.
3427 3982 3492 4033 Τί
3519 3980 3715 4035 δύσκο-

2152 4058 2262 4123 λον,
2287 4059 2407 4111 εἰπέ
2439 4076 2549 4129 μοι,
2575 4060 2627 4112 τί
2646 4060 2934 4131 δυσχερές;
2964 4063 3155 4115 Δίκαια
3177 4065 3462 4134 πράττετε,
3515 4064 3719 4136 μηδένα

2153 4142 2410 4205 ἀδικεῖτε,
2447 4140 2579 4211 μήτε
2611 4143 2640 4194 6
2660 4143 2848 4211 πένης,
2882 4145 3015 4214 μήτε
3043 4146 3071 4197 6
3096 4145 3364 4209 πλούσιος,
3389 4148 3524 4219 μήτε
3543 4150 3570 4199 6
3591 4150 3717 4217 ἀγο·

2157 4228 2325 4296 ραῖος,
2357 4226 2492 4295 μήτε
2518 4227 2546 4277 6
2580 4224 2864 4295 μισθωτός·
2884 4226 2997 4279 ἔστι
3019 4227 3125 4299 γὰρ
3158 4230 3251 4282 καὶ
3280 4232 3441 4301 μέχρι
3469 4233 3719 4302 πενήτων

2152 4306 2364 4361 ἀδικίαν
2399 4306 2643 4360 διελθεῖν.
2680 4308 2747 4360 ’Π
2794 4309 2891 4378 οὐχ
2917 4310 3080 4380 δρᾶτε
3131 4313 3302 4375 πόσας
3365 4305 3510 4366 οὗτοι
3543 4316 3722 4387 μάχας

2153 4389 2388 4452 ποιοῦσι,
2440 4392 2533 4443 καὶ
2585 4392 2762 4444 πάντα
2792 4392 3195 4462 ἀνατρέπουσι;
3255 4396 3506 4466 Κέχρησο
3535 4398 3719 4468 γάμῳ,

2153 4473 2243 4544 ἔχε
2269 4472 2478 4537 παῖδας·
2506 4474 2600 4526 καὶ
2629 4473 2837 4536 Παῦλος
2859 4475 3116 4541 τοιούτοις
3140 4477 3425 4542 ἐπέταττε,
3464 4481 3723 4543 τοιούτοις

2156 4559 2382 4631 ἔγραφε.
2411 4557 2598 4627 Μέγας
2618 4558 2824 4621 ἐκεῖνος
2854 4558 2882 4609 6
2906 4560 3076 4626 ἀγὼν,
3112 4561 3205 4614 καὶ
3233 4562 3431 4631 ὑψηλὸς
3463 4565 3491 4616 6
3522 4564 3721 4616 σκόπε-

2156 4642 2266 4705 λος,
2295 4642 2390 4694 καὶ
2416 4641 2582 4709 ἐγγὺς
2602 4639 2694 4693 τοῦ
2728 4640 2956 4711 ούρανοῦ
2980 4644 3012 4713 ή
3038 4644 3269 4714 κορυφὴ,
3296 4646 3389 4698 καὶ
3411 4647 3472 4698 οὐ
3495 4645 3719 4699 δύνασαι

2158 4723 2359 4792 φθάσαι
2381 4724 2515 4792 πρὸς
2551 4724 2611 4776 τὸ
2650 4725 2819 4793 μέγα;
2878 4724 3084 4777 Οὐκοῦν
3138 4725 3239 4779 κᾶν
3267 4726 3374 4779 τῶν
3428 4727 3723 4780 ἐλαττόνων

2157 4809 2302 4877 ἔχου,
2332 4809 2425 4859 καὶ
2457 4806 2562 4859 τῶν
2601 4808 2924 4877 κατωτέρων
2955 4808 3158 4877 ἐφίεσο.
3188 4811 3263 4863 Οὐ
3294 4810 3516 4864 δύνασαι
3551 4810 3721 4864 κενῶ-

2158 4907 2247 4943 σαι
2276 4889 2343 4941 τά
2365 4890 2650 4959 χρήματα;
2690 4889 2791 4942 κᾶν
2809 4889 2878 4942 τά
2898 4889 3005 4942 τῶν
3034 4890 3207 4945 ἄλλων
3233 4893 3305 4965 μὴ
3336 4892 3564 4963 ἅρπαζε,
3589 4893 3722 4964 μηδέ

2157 4972 2349 5025 ἀδίκει.
2386 4972 2459 5024 υύ
2489 4972 2715 5025 δύνασαι
2767 4971 3091 5041 νηστεῦσαι;
3124 4975 3224 5028 κᾶν
3269 4974 3343 5045 μὴ
3376 4977 3455 5038 είς
3510 4976 3723 5047 τρυφὴν

2160 5055 2382 5107 σεαυτὸν
2416 5054 2713 5125 ἐξαγάγης,
2735 5055 2809 5108 Ού
2831 5054 3055 5109 δύνασαι
3075 5057 3166 5109 ἐπὶ
3198 5057 3441 5118 στιϐάδος
3464 5059 3723 5111 κατακλι-

2161 5138 2344 5206 θῆναι;
2381 5140 2453 5209 μή
2484 5156 2574 5209 μοι
2620 5140 2806 5202 κλίνας
2842 5140 3264 5211 ἀργυρενδέτους
3321 5141 3719 5207 κατασκεύαζε,

2160 5222 2294 5275 ἀλλά
2317 5222 2552 5291 κέχρησο
2578 5222 2734 5293 κλίνῃ
2761 5225 2856 5276 καὶ
2886 5222 3164 5294 στρώμασι
3198 5224 3272 5293 μὴ
3309 5225 3444 5294 πρὸς
3464 5225 3722 5291 ἐπίδειξιν

2163 5315 2565 5383 πεποιημένοις,
2599 5315 2733 5368 ἀλλά
2766 5316 2903 5385 πρὸς
2935 5316 3253 5378 ἀνάπαυσιν,
3290 5316 3422 5385 μηδὲ
3444 5317 3722 5385 ἐλεφαντί-

2161 5413 2254 5458 νας
2279 5396 2460 5459 κλίνας
2483 5396 2532 5434 b'
2554 5396 2827 5451 σύστειλον
2858 5398 3068 5452 σαυτόν.
3105 5398 3169 5451 Τί
3192 5400 3399 5469 μυρίων
3426 5401 3721 5470 ἀγωγίμων

2160 5477 2385 5548 πληροῖς
2418 5477 2515 5549 τὴν
2537 5478 2767 5547 ὁλκάδας
2804 5482 2900 5533 Ἂν
2924 5476 2987 5554 ᾗς
3018 5480 3302 5550 εὐσταλὴς,
3337 5482 3484 5534 οῦδὲν
3500 5482 3715 5548 δείσεις,

2158 5559 2219 5611 ού
2245 5559 2456 5629 φθόνον,
2483 5562 2543 5613 ού
2576 5561 2910 5634 λῃστὰς,ούκ
2937 5561 3270 5627 ἐπιϐούλους.
3300 5561 3433 5617 Ούδέ
3459 5562 3566 5634 γὰρ
3579 5565 3722 5620 οῦτω

2222 5714 2249 5756 ιι
2276 5715 2423 5779 Harg.
2451 5717 2619 5779 Sa\‘il.,
2641 5720 2951 5779 ἐλεφαντίναις
2974 5719 3166 5776 κλίναις.
