4100 6412
362 345 431 399 97
1242 342 1307 398 IN
1346 340 1557 398 EPIST.
1599 338 1688 394 AD
1724 333 1971 393 EPIIES.
2007 334 2164 393 CAP.
2206 338 2290 394 IV.
2332 340 2560 396 IIOMIL.
2601 340 2740 397 XIII.
3556 345 3627 405 98

429 468 480 522 5.
525 464 731 519 Nostrm
754 478 883 533 ergo
906 470 1029 516 sunt
1052 470 1228 531 partes
1256 475 1322 513 ne
1342 473 1599 513 exuamur
1618 453 1938 510 vestimento

358 559 596 624 institue,
629 555 769 624 quod
802 554 1058 624 propheta
1084 564 1235 605 vocat
1265 551 1641 604 vestimentum
1685 542 1938 598 salutaris

363 649 534 718 (Paul.
564 647 686 702 151.
718 645 830 716 I6),
886 655 942 698 ut
987 644 1098 699 Deo
1140 643 1308 697 simus
1360 639 1605 695 similes:
1639 638 1753 707 ipse
1794 634 1938 688 enim

364 739 577 793 indutus
605 749 686 794 est
713 738 991 807 justitiam.
1021 736 1134 791 Hoc
1162 733 1483 789 vestimento
1520 728 1823 784 induamur.
1852 724 1941 779 ln-

363 831 451 887 dui
485 841 663 886 autem
698 830 828 884 nihil
857 829 999 884 aliud
1028 825 1312 897 signiﬁcat,
1346 840 1503 896 quam
1534 836 1821 893 numquam
1849 820 1943 874 de-

364 938 583 993 ponere.
610 923 754 976 Audi
780 922 923 975 enim
952 920 1266 990 prophetam
1296 917 1581 978 dicentem,
1616 913 1796 967 Induit
1831 928 1942 965 ma-

366 1017 679 1069 ledictionem
705 1016 833 1068 sicut
858 1015 1224 1077 vestimentum,
1254 1020 1303 1064 et
1328 1010 1485 1064 veniet
1524 1009 1569 1062 ei
1588 1024 1608 1072 ;
1650 1017 1704 1060 et
1733 1020 1937 1069 rursus,

368 1108 469 1173 Qui
506 1107 735 1160 induitur
770 1105 961 1159 lumine
1007 1114 1263 1173 tamquam
1289 1101 1577 1156 vestimento
1614 1095 1937 1168 (Psal.108.

365 1198 453 1253 18.
496 1207 543 1252 et
571 1198 695 1253 I05.
729 1195 807 1268 2).
848 1196 914 1250 Et
953 1209 1139 1250 rursus
1178 1193 1332 1247 nobis
1376 1206 1493 1246 mos
1529 1200 1612 1244 est
1652 1189 1831 1244 dicere
1872 1186 1942 1241 de

366 1288 692 1351 hominibus,
740 1288 838 1342 llic
882 1287 1028 1341 illum
1074 1284 1264 1367 iqduit.
1296 1284 1422 1337 Vult
1467 1283 1644 1351 itaque
1690 1295 1787 1334 nos
1834 1293 1940 1332 non

368 1394 530 1433 unum
569 1393 667 1433 nec
705 1377 862 1444 duos,
895 1391 993 1432 nec
1029 1386 1135 1432 tres
1164 1375 1304 1437 dies,
1330 1374 1423 1429 sed
1453 1382 1709 1443 perpetuo
1734 1382 1857 1425 esse
1886 1368 1940 1421 in

365 1471 581 1537 virtute,
610 1478 664 1523 et
695 1471 833 1525 hanc
854 1479 1055 1523 vestem
1084 1482 1373 1537 numquam
1398 1480 1618 1521 exuere.
1660 1464 1939 1518 Hominem

366 1564 508 1617 enim
539 1579 645 1617 non
670 1562 804 1615 adeo
831 1560 1055 1616 dedecet
1094 1575 1215 1614 esse
1260 1557 1460 1612 nudum
1503 1570 1751 1625 corpore,
1782 1564 1942 1622 atque

367 1657 566 1710 nudum
593 1657 787 1711 virtute
811 1673 823 1708 :
856 1656 942 1710 hic
965 1653 1210 1708 conservi
1247 1668 1367 1707 eum
1396 1652 1659 1722 aspiciunt
1689 1649 1941 1704 indecore

367 1764 427 1802 se
451 1758 744 1818 gerentem,
775 1749 883 1803 illic
920 1757 1096 1801 autem
1129 1747 1385 1800 Dominus
1421 1755 1475 1800 et
1502 1745 1697 1816 angeli.
1730 1744 1785 1799 Si
1813 1758 1942 1813 ergo

368 1842 564 1895 videris
591 1841 891 1911 quempiam
921 1840 1119 1894 nudum
1151 1854 1246 1908 per
1273 1839 1442 1891 forum
1485 1836 1938 1907 progredientem,

369 1934 632 2005 dic,rogo,
680 1950 787 1988 non
831 1949 972 2003 a-gre
1004 1932 1153 1987 fers?
1181 1928 1406 1997 Quando
1451 1938 1627 1982 autem
1674 1936 1730 1982 tu
1767 1927 1942 1981 curris

370 2027 469 2081 hac
511 2037 659 2081 veste
709 2026 957 2090 nudatus,
1008 2024 1133 2095 quid
1179 2021 1452 2078 dicemus?
1489 2020 1604 2076 Non
1650 2020 1801 2075 vides
1844 2020 1942 2074 hos

368 2119 661 2179 mendicos.
684 2132 820 2189 quos
840 2118 1074 2171 solemus
1097 2131 1287 2171 vocare
1308 2116 1535 2183 Lotagas
1550 2114 1648 2184 (a),
1673 2112 1942 2182 quomodo

368 2209 714 2275 circumeant,
744 2209 1012 2280 quomodo
1036 2210 1195 2264 etiam
1217 2222 1401 2263 eorum
1432 2206 1819 2260 misereamur‘!
1837 2204 1942 2260 Sed

369 2313 544 2359 tamen
587 2306 667 2360 eis
713 2320 817 2360 non
866 2305 1026 2359 datur
1073 2304 1179 2357 ulla
1228 2302 1426 2358 venia:
1459 2317 1631 2373 neque
1676 2302 1817 2356 enim
1863 2301 1942 2355 eis

369 2397 714 2464 ignoscimus,
741 2396 955 2467 quando
984 2396 1114 2451 aleis
1158 2395 1402 2450 ludentes
1437 2409 1561 2449 suas
1588 2393 1818 2464 perdunt
1854 2408 1945 2447 vc-

368 2496 499 2543 stcs.
540 2487 818 2555 Quomodo
860 2503 989 2558 ergo
1032 2487 1189 2543 nobis
1229 2487 1469 2557 ignoscet
1506 2486 1667 2551 Deus,
1720 2483 1812 2555 qui
1842 2485 1945 2538 hoc

368 2581 743 2635 vestimentum
774 2579 1202 2650 perdiderimus?
1245 2577 1471 2645 Quando
1518 2578 1659 2631 enim
1700 2576 1942 2631 diabolus

368 2672 670 2742 quempiam
696 2672 891 2727 viderit
919 2671 1117 2726 nudum
1144 2672 1360 2735 virtute,
1400 2669 1578 2724 statim
1604 2667 1790 2724 faciem
1820 2667 1940 2721 fuli-

367 2763 491 2832 gine
516 2763 675 2817 illinit
701 2764 1035 2833 maculatque
1055 2774 1110 2816 et
1133 2762 1403 2828 obscurat,
1436 2760 1761 2829 sauciatque,
1796 2768 1848 2815 et
1875 2758 1942 2812 ad

368 2869 555 2923 magna
594 2855 756 2924 cogit.
804 2854 981 2909 Simus
1025 2852 1150 2908 nudi
1196 2852 1457 2921 pecuniis,
1506 2866 1574 2906 ne
1612 2851 1876 2905 nudemur
1911 2863 1943 2903 a

364 2948 565 3016 justitia
598 2947 977 3017 :pecuniarum
1025 2947 1251 3000 amictus
1299 2948 1436 2999 hanc
1473 2944 1647 3014 perdit
1689 2953 1890 2999 vestem
1925 2961 1940 2997 :

367 3046 451 3093 est
474 3039 699 3093 amictus
727 3038 1021 3108 spinarum.
1049 3036 1208 3092 Tales
1235 3045 1358 3092 sunt
1385 3036 1576 3107 spinae,
1607 3043 1663 3090 et
1688 3048 1794 3105 quo
1820 3033 1941 3104 plu-

367 3143 455 3183 res
478 3130 827 3197 indueriinus,
869 3145 935 3185 eo
965 3131 1130 3201 magis
1154 3128 1436 3183 nudamur.
1468 3126 1795 3197 lmpudicitia
1841 3142 1942 3180 nu-

367 3221 461 3275 dat
485 3220 585 3275 hac
612 3230 795 3287 veste;
823 3231 905 3275 est
931 3221 1075 3276 enim
1102 3221 1237 3291 ignis
1265 3237 1277 3274 :
1310 3220 1447 3290 ignis
1470 3229 1647 3274 autem
1676 3220 1944 3274 consumit

372 3313 508 3369 hanc
527 3322 752 3369 vestem.
783 3314 988 3369 Divitis:
1016 3324 1140 3369 sunt
1164 3314 1305 3368 tinea
1336 3331 1349 3367 :
1380 3314 1518 3367 sicut
1544 3313 1683 3367 tinea
1707 3313 1945 3368 corrodit

370 3407 546 3459 omnia
572 3421 671 3462 nec
692 3407 879 3461 sericis
906 3407 1100 3475 parcit;
1145 3406 1214 3460 ita
1245 3406 1358 3460 hate
1382 3420 1614 3475 quoque.
1648 3404 1773 3459 Haec
1800 3420 1929 3475 ergo

369 3500 547 3551 omnia
567 3497 918 3567 deponamus,
942 3507 999 3552 ut
1019 3498 1187 3552 simus
1201 3498 1351 3566 justi,
1372 3506 1430 3552 ut
1454 3512 1647 3552 novum
1671 3496 1941 3552 hominem

370 3588 673 3643 induamur.
730 3588 871 3644 Nihil
924 3598 1096 3655 vetus,
1149 3590 1280 3644 nihil
1321 3589 1463 3660 quod
1512 3598 1755 3660 apparet,
1810 3590 1943 3645 nihil

367 3682 508 3751 quod
529 3684 887 3753 corrumpitur
910 3692 964 3738 et
994 3683 1192 3748 interit,
1223 3683 1610 3754 possideamus.
1636 3682 1816 3738 Virtus
1837 3700 1943 3739 non

369 3782 452 3828 est
477 3774 764 3842 laboriosa,
811 3793 916 3830 non
963 3784 1047 3831 est
1078 3776 1293 3832 difﬁcile
1333 3786 1391 3831 ut
1427 3792 1494 3831 ex
1534 3791 1597 3831 ea
1641 3786 1801 3832 recta:
1837 3778 1944 3832 sint

368 3866 625 3921 actiones.
1794 3911 1807 3925 .

442 3958 520 4012 De
562 3958 827 4013 Monachis
868 3969 913 4012 et
953 3959 1016 4013 de
1067 3959 1353 4031 Virginibus
1412 3956 1612 4014 Christo
1648 3958 1845 4014 dicatis.
1872 3988 1943 3999 —

368 4048 484 4104 Non
515 4050 664 4105 vides
703 4064 797 4106 eos
826 4050 916 4121 qui
942 4059 1066 4105 sunt
1109 4051 1160 4104 in
1207 4051 1514 4106 montibus?
1558 4050 1635 4104 illi
1674 4060 1728 4103 et
1754 4048 1943 4104 domos

369 4141 647 4195 dimittunt
672 4151 728 4197 et
769 4157 961 4198 uxores
989 4151 1045 4197 et
1085 4142 1284 4198 liberos
1312 4151 1366 4197 et
1409 4157 1624 4198 omnem
1656 4142 1941 4213 praefectu-

368 4249 483 4301 ram
508 4244 559 4289 et
586 4233 1123 4301 administrationem,
1156 4246 1211 4291 et
1242 4245 1390 4291 extra
1415 4236 1670 4291 mundum
1702 4237 1800 4308 ipsi
1827 4250 1856 4290 a
1883 4250 1943 4292 se

368 4328 549 4397 positi,
581 4342 738 4383 sacco
768 4328 957 4395 induti,
983 4328 1254 4385 substrato
1279 4331 1481 4397 cinere,
1508 4331 1648 4386 collo
1664 4330 1942 4401 suspensis

367 4420 572 4489 asperis
615 4421 922 4485 collaribus,
970 4437 1090 4477 cum
1141 4424 1193 4478 in
1243 4438 1433 4494 parvas
1478 4438 1537 4480 se
1578 4425 1942 4481 concluserint

367 4510 736 4581 domunculas,
766 4528 832 4568 nc
852 4513 917 4569 ad
943 4514 1055 4569 haec
1079 4515 1293 4584 quidem
1317 4531 1486 4585 usque
1505 4517 1823 4583 consistunt,
1845 4516 1939 4571 sed

369 4612 428 4658 et
449 4603 667 4673 jejuniis
687 4614 741 4659 et
767 4604 904 4659 fame
934 4616 1189 4675 perpetua
1217 4622 1277 4662 se
1303 4606 1563 4679 afﬂigunt.
1588 4609 1745 4678 Atqui
1768 4608 1811 4662 si
1839 4624 1940 4679 ego

364 4698 575 4767 quidem
620 4698 735 4754 bzec
764 4699 1032 4769 juberem,
1079 4716 1183 4755 non
1229 4716 1416 4756 omnes
1472 4701 1789 4757 resiliretis?
1832 4717 1937 4757 non

363 4788 615 4844 diceretis
655 4804 769 4844 rem
810 4804 930 4845 esse
965 4806 1180 4859 gravem
1218 4800 1272 4846 et
1309 4790 1623 4847 difficilem?
1667 4791 1805 4846 Nihil
1833 4792 1938 4847 tale

364 4882 484 4937 dico
512 4898 609 4938 vos
629 4892 881 4951 Oportere
907 4883 1083 4939 facere
1112 4902 1125 4938 :
1156 4901 1279 4940 nam
1297 4885 1418 4940 velo
1438 4884 1675 4956 quidem,
1704 4884 1797 4940 sed
1831 4899 1935 4940 non

365 4976 478 5031 fero
498 4976 691 5047 legem.
724 4976 860 5044 Quid
900 4979 1075 5047 ergo?
1105 4977 1264 5033 Utere
1291 4978 1517 5040 balneis.
1559 4988 1613 5032 et
1657 4992 1781 5031 cura
1810 4966 1934 5031 co'r-

364 5080 484 5135 pus,
517 5076 571 5122 et
597 5066 728 5123 vade
755 5068 820 5122 ad
850 5066 1050 5132 forum,
1080 5078 1133 5123 et
1170 5068 1306 5124 habe
1332 5068 1572 5131 domum,
1598 5076 1653 5124 et
1679 5068 1775 5122 tibi
1813 5083 1933 5124 ser-

365 5159 508 5214 viant
532 5160 782 5227 ministri,
809 5170 864 5216 et
883 5161 1005 5215 cibo
1024 5170 1257 5231 potuque
1279 5170 1429 5217 utere
1452 5179 1466 5216 :
1497 5162 1703 5232 expelle
1722 5177 1937 5233 semper

363 5254 638 5306 avaritiam
683 5262 737 5308 et
778 5254 1144 5323 cupiditatem.
1199 5254 1291 5308 Illa
1338 5255 1482 5310 enim
1525 5266 1610 5311 est
1646 5271 1768 5327 quae
1808 5256 1937 5313 facit

366 5354 662 5412 peccatum,
685 5354 739 5399 et
762 5346 947 5401 eadem
970 5361 1079 5413 res,
1108 5347 1227 5416 plus
1245 5362 1400 5417 quam
1422 5362 1518 5417 par
1541 5348 1611 5403 sit
1633 5348 1931 5416 abundans,

362 5432 498 5490 facta
525 5444 608 5491 est
630 5446 928 5506 peccatum.
954 5436 1071 5509 Non
1086 5447 1169 5495 est
1198 5436 1374 5509 itaque
1402 5455 1553 5495 amor
1576 5441 1728 5512 plura
1756 5441 1937 5511 possi-

423 5573 495 5652 (α)
515 5575 592 5652 βξ
616 5577 942 5652 Chrysostomi
961 5581 1138 5652 verbis
1149 5581 1365 5652 arguitur
1387 5584 1586 5652 Longas
1606 5576 1715 5627 illos
1732 5575 1935 5650 circula-

361 5646 494 5688 tores
514 5638 686 5705 fuisse,
706 5638 790 5704 qui
812 5640 1074 5705 spectaculi
1096 5650 1151 5705 et
1161 5638 1298 5704 stipis
1318 5638 1553 5705 cogenda!
1566 5652 1708 5688 causa
1730 5641 1934 5705 circum-

360 5714 559 5811 gque
577 5700 931 5777 discurrebant.
955 5702 1047 5753 Alii
1065 5700 1295 5778 tibicines
1315 5700 1466 5778 fuisse
1488 5701 1655 5751 dicunt
1690 5714 1719 5751 a
1737 5714 1850 5775 tam
1874 5700 1934 5750 ti-

441 5798 457 5811 .
496 5776 643 5811 quam
665 5773 810 5811 etiam
834 5779 923 5811 ner
942 5790 967 5811 ο
986 5777 1231 5811 scripsere
1252 5766 1446 5811 quidam
1481 5776 1586 5811 λοπάς
1611 5776 1624 5811 :
1650 5776 1759 5811 una:
1781 5769 1934 5811 mter-

441 5798 457 5819 .
496 5776 643 5829 quam
665 5766 810 5829 etiam
834 5779 923 5828 per
942 5790 967 5816 ο
986 5766 1231 5829 scripsere
1252 5766 1446 5827 quidam
1470 5776 1586 5829 am,
1611 5776 1624 5813 :
1650 5776 1759 5826 qua:
1781 5764 1935 5814 inter-

362 5824 569 5887 pretatio
591 5824 687 5876 nou
710 5824 893 5891 pugnat
913 5840 1024 5879 cum
1048 5824 1140 5880 ista
1161 5824 1500 5892 Cbrisostomi.

2043 449 2201 506 dendi
2246 453 2387 509 aliud
2433 471 2592 526 quam
2637 466 2932 526 peceatum.
2982 456 3116 512 Vide
3163 461 3625 519 autemzaninnis

2044 556 2164 596 cum
2188 544 2305 613 plus
2330 562 2489 616 quam
2520 563 2613 617 par
2633 548 2701 601 sit
2721 547 2882 602 fuerit
2912 549 3179 616 incitatus,
3207 561 3332 606 tunc
3360 554 3623 611 exsiliens

2048 636 2340 691 maledictis
2384 640 2618 709 impetit,
2666 650 2789 695 tunc
2831 641 3023 710 injuste
3055 642 3179 697 facit
3221 646 3441 701 omnia:
3471 663 3626 704 amor

2048 726 2228 781 itidem
2278 745 2604 799 corporum,
2667 733 2948 802 pecunias,
3000 733 3220 802 gloria),
3286 745 3341 791 et
3394 738 3623 795 aliorum

2046 821 2305 875 omnium.
2334 822 2444 877 Nec
2470 822 2594 876 mihi
2624 823 2823 879 dixeris
2858 824 2976 877 illos
3002 826 3237 894 potuisse
3261 845 3274 881 :
3303 830 3450 883 inulti
3478 832 3624 885 enim

2049 920 2100 965 te
2132 913 2295 967 multo
2324 915 2701 970 imbecilliores
2725 927 2778 972 et
2810 916 3029 972 ditiores
3056 927 3111 972 et
3135 918 3472 976 delicatiores
3501 938 3623 979 sus-

2046 1017 2302 1072 ceperunt
2347 1008 2488 1062 illam
2530 1008 2717 1063 duram
2759 1019 2814 1064 et
2854 1025 3101 1080 asperam
3147 1013 3327 1067 vitam.
3381 1015 3446 1069 Et
3493 1017 3623 1086 quid

2046 1095 2168 1150 dico
2195 1098 2381 1152 viros?
2410 1100 2599 1168 puella:
2638 1101 2874 1156 nondum
2904 1103 3087 1171 viginti
3113 1120 3284 1159 annos
3313 1116 3471 1170 natm,
3501 1124 3622 1178 qua:

2049 1187 2101 1240 in
2130 1187 2377 1242 thalamis
2403 1199 2457 1244 et
2490 1192 2538 1243 in
2567 1191 2672 1245 vita
2698 1193 2966 1247 umbratili
2998 1203 3164 1248 totum
3197 1204 3409 1264 tempus
3440 1207 3622 1253 trans-

2047 1290 2281 1347 egerant,
2334 1290 2389 1334 et
2414 1281 2660 1349 iacebant
2704 1283 2756 1335 in
2804 1282 3050 1338 thalamis
3094 1284 3305 1340 refertis
3342 1291 3625 1358 unguentis

2046 1379 2101 1423 et
2126 1368 2395 1424 sufﬁtilms
2418 1379 2471 1425 et
2499 1372 2549 1426 in
2579 1373 2724 1427 molli
2745 1373 2928 1437 cubili,
2960 1374 3089 1442 ipsa:
3113 1386 3166 1429 et
3196 1387 3381 1431 natura
3414 1380 3624 1446 molles,

2046 1469 2101 1515 et
2130 1462 2288 1515 multa
2321 1463 2600 1518 curatione
2629 1463 2832 1519 eﬂ‘cctae
2863 1464 3156 1529 molliores,
3182 1467 3375 1536 quibus
3404 1479 3514 1523 toto
3536 1471 3624 1526 die

2047 1556 2247 1610 nullum
2276 1558 2419 1612 aliud
2448 1568 2562 1613 erat
2591 1575 2727 1628 opus
2754 1576 2911 1628 quam
2957 1571 3014 1615 nt
3040 1573 3380 1627 ornarentur.
3429 1575 3485 1623 et
3525 1584 3621 1622 au-

2048 1664 2163 1702 rum
2212 1660 2502 1719 gestarent,
2541 1662 2591 1705 et
2633 1652 2882 1706 omnibus
2911 1654 3217 1709 fruerentur
3241 1656 3476 1725 deliciis;
3506 1677 3627 1731 qua:

2048 1756 2153 1795 non
2186 1742 2313 1811 ipsa:
2340 1743 2440 1797 sibi
2471 1744 2867 1810 ministrabant,
2899 1746 2989 1799 sed
3020 1750 3215 1803 multas
3242 1749 3507 1805 habebant
3528 1769 3624 1807 an-

2047 1831 2197 1886 cillas
2225 1850 2343 1903 quae
2363 1835 2706 1902 assistebant,
2733 1846 2787 1890 et
2809 1837 2996 1891 molles
3018 1836 3287 1894 habebant
3312 1851 3487 1897 vestes
3510 1844 3625 1913 ipso

2045 1937 2273 1993 Corpore
2298 1925 2592 1992 molliores,
2619 1937 2803 1995 utpote
2824 1928 2992 1982 lineas
3012 1929 3236 1985 subtiles
3265 1940 3319 1986 et
3343 1932 3623 2000 delicatas,

2046 2025 2100 2067 et
2137 2014 2350 2070 assidue
2394 2018 2621 2087 agebant
2666 2018 2716 2073 in
2757 2019 2894 2073 rosis
2946 2029 2999 2074 et
3030 2020 3335 2090 bujusmodi
3370 2028 3624 2083 suavibus

2051 2105 2305 2160 odoribus
2331 2125 2344 2160 :
2379 2108 2492 2177 ipse
2521 2124 2649 2164 vero
2671 2120 2890 2179 repente
2917 2126 2945 2164 a
2972 2110 3168 2167 Christi
3192 2114 3312 2183 igne
3336 2130 3624 2188 correptae,

2046 2213 2165 2252 cum
2212 2214 2422 2253 omnem
2468 2200 2612 2254 illam
2662 2201 2940 2256 exuissent
2987 2203 3267 2259 mollitiem
3313 2217 3367 2260 et
3406 2206 3624 2275 fastum,

2047 2288 2378 2349 educationis
2422 2299 2477 2345 et
2516 2291 2688 2345 inlatis
2727 2292 2929 2359 oblitze,
2962 2301 3231 2363 tamquam
3272 2299 3475 2353 strenui
3503 2301 3623 2370 qui-

2046 2381 2167 2437 dam
2196 2383 2430 2450 athletae,
2455 2384 2705 2438 mollibus
2732 2384 2838 2439 illis
2858 2394 3050 2452 exutae,
3082 2387 3134 2440 in
3166 2388 3339 2443 media
3370 2390 3626 2461 ingressa:

2046 2483 2170 2528 sunt
2198 2476 2512 2529 certamina.
2546 2474 2614 2529 Et
2638 2474 2860 2531 videbor
2883 2476 3099 2546 quidem
3123 2478 3303 2535 dicere
3332 2481 3623 2538 incredibi-

2048 2564 2139 2629 lia,
2162 2566 2255 2619 sed
2290 2574 2465 2621 tamen
2488 2582 2634 2621 vera.
2664 2566 2771 2621 Has
2798 2568 3011 2638 quidem
3041 2568 3177 2624 adeo
3206 2571 3399 2626 molles
3426 2574 3629 2642 puellas

2046 2656 2222 2710 audivi
2249 2672 2307 2712 se
2333 2658 2398 2711 ad
2428 2668 2628 2713 tantam
2656 2659 2928 2730 redegisse
2952 2660 3077 2715 vitae
3105 2660 3355 2717 duritiem
3381 2672 3436 2719 ct
3463 2678 3625 2736 aSpc-

2048 2746 2279 2815 ritatem,
2308 2760 2366 2802 ut
2413 2751 2725 2818 asperrimis
2753 2751 2941 2805 ciliciis
2970 2751 3110 2806 nuda
3151 2768 3247 2807 sua
3277 2768 3500 2824 corpora
3543 2759 3625 2812 in-

2046 2836 2294 2903 duerent,
2333 2851 2387 2894 et
2417 2841 2608 2895 molles
2657 2841 2730 2895 illi
2771 2841 3006 2896 calcanei
3034 2843 3194 2897 nullis
3220 2845 3417 2914 alligati
3447 2858 3629 2904 essent

2046 2931 2259 2997 calceis,
2307 2941 2361 2986 et
2399 2932 2451 2986 in
2502 2934 2631 2989 toris
2677 2933 2939 2989 cubarent
2981 2936 3270 3003 gramineis
3304 2956 3319 2993 :
3349 2938 3457 2993 imo
3498 2956 3628 2996 vero

2049 3023 2304 3093 majorem
2330 3024 2503 3079 noctis
2524 3035 2726 3094 partem
2745 3026 3046 3097 vigilarent,
3066 3038 3119 3082 et
3148 3043 3246 3083 nec
3267 3040 3621 3100 unguentum,

2047 3133 2148 3174 nec
2170 3118 2457 3189 quidquam
2480 3133 2544 3174 ex
2571 3119 2677 3173 illis
2701 3121 2940 3189 pristinis
2964 3132 3233 3187 curarent,
3267 3123 3362 3178 sed
3384 3132 3439 3179 et
3462 3135 3623 3195 caput

2047 3209 2189 3279 quod
2222 3211 2370 3279 prius
2406 3210 2476 3264 ita
2502 3209 2790 3265 curabatur
2808 3220 2864 3266 et
2891 3214 3203 3280 ornabatur,
3242 3216 3624 3286 negligeretnr,

2050 3308 2250 3355 temere
2275 3308 2330 3355 et
2358 3300 2822 3356 indiscriminatim
2853 3303 2924 3357 ita
2955 3304 3146 3358 vinctis
3172 3306 3380 3375 capillis
3408 3317 3465 3361 ut
3494 3308 3627 3364 nihil

2049 3391 2308 3446 incideret
2335 3391 2669 3448 indecorum.
2696 3394 2874 3450 Mensa
2902 3405 3078 3449 autem
3118 3405 3202 3451 est
3226 3396 3305 3453 eis
3333 3400 3503 3455 solum
3531 3416 3629 3458 ve-

2048 3486 2305 3554 spertina,
2352 3500 2559 3550 mensa,
2589 3501 2710 3556 qua}
2747 3501 2922 3556 neque
2963 3488 3083 3540 olus
3123 3498 3206 3542 est
3246 3504 3417 3558 neque
3448 3492 3621 3560 panis,

2049 3577 2141 3632 sed
2163 3577 2335 3631 simila
2355 3586 2408 3632 et
2438 3576 2554 3632 faba
2575 3590 2627 3633 et
2650 3579 2791 3632 cicer
2812 3588 2865 3633 et
2888 3579 3020 3634 oleaz
3037 3590 3090 3634 et
3115 3579 3264 3634 ficus.
3295 3582 3619 3653 Perpetuum

2048 3683 2259 3739 quoque
2283 3676 2368 3724 est
2391 3668 2469 3724 eis
2495 3668 2782 3724 laniﬁcium
2812 3686 2825 3723 :
2849 3679 2904 3725 et
2928 3680 3052 3725 sunt
3079 3686 3262 3726 earum
3285 3688 3444 3743 opera
3465 3675 3624 3747 longe

2047 3761 2288 3830 graviora
2310 3775 2468 3831 quam
2489 3759 2801 3814 ancillarum
2823 3760 3254 3817 domesticarum.
3274 3763 3408 3831 Quid
3433 3767 3574 3820 enim
3599 3766 3624 3820 ?

2048 3863 2397 3924 susceperunt
2413 3854 2554 3910 enim
2576 3869 2669 3909 eas
2692 3854 2952 3909 curandas
2972 3871 3088 3925 quae
3112 3856 3355 3911 laborant
3374 3873 3623 3930 corpore,

2049 3945 2215 4000 lectos
2259 3954 2548 4015 portantes,
2584 3944 2745 4014 pedes
2774 3945 3011 4000 lavantes
3041 3963 3054 3998 :
3088 3948 3267 4001 Illullte
3296 3963 3509 4020 quoque
3551 3966 3621 4006 ex

2049 4038 2130 4098 eis
2155 4052 2448 4109 coquorum
2478 4038 2768 4108 funguntur
2791 4038 2989 4093 ofﬁcio.
3014 4039 3248 4096 Tantum
3279 4050 3454 4111 potest
3486 4044 3626 4114 ignis

2046 4129 2249 4185 Christi
2283 4147 2297 4184 :
2326 4131 2398 4185 ita
2424 4138 2667 4184 naturam
2696 4140 2912 4199 superat
2935 4131 3097 4185 animi
3123 4132 3390 4187 alacritas.
3422 4133 3619 4191 Verum

2048 4222 2189 4276 enim
2219 4237 2350 4277 vero
2389 4222 2517 4276 nihil
2567 4222 2671 4276 tale
2713 4237 2743 4275 a
2777 4221 2926 4276 vobis
2973 4224 3150 4294 exigo,
3190 4224 3619 4295 quandoquidem

2046 4316 2207 4371 vultis
2231 4316 2469 4385 superari
2496 4332 2525 4367 a
2558 4314 2887 4368 mulieribus.

2119 4409 2170 4463 4.
2212 4407 2339 4462 “(BC
2365 4407 2555 4461 saltem
2588 4406 2764 4469 facite,
2794 4421 2912 4475 quae
2951 4421 3057 4460 non
3088 4415 3211 4461 sunt
3234 4407 3416 4477 gravia
3448 4417 3503 4464 et
3526 4408 3624 4464 dif-

2047 4499 2209 4554 ﬁcilia
2242 4516 2256 4553 :
2287 4513 2502 4555 manum
2536 4500 2808 4554 continete
2834 4507 2888 4553 et
2918 4498 3217 4569 impudicos
3246 4501 3449 4556 oculos.
3480 4502 3618 4571 Quid

2046 4593 2170 4658 hoc,
2201 4593 2287 4648 dic
2314 4591 2464 4656 mihi,
2492 4601 2575 4647 est
2599 4608 2781 4663 grave,
2809 4591 2936 4662 quid
2964 4592 3224 4647 difﬁcile?
3247 4592 3397 4648 Justa
3435 4595 3615 4663 facite,

2044 4686 2246 4743 nemini
2273 4686 2521 4755 injuriam
2553 4685 2762 4750 inferte,
2792 4697 2965 4755 neque
2992 4699 3214 4755 pauper,
3244 4701 3417 4756 neque
3442 4688 3612 4754 dives,

2044 4795 2220 4851 neque
2248 4779 2336 4850 qui
2366 4779 2418 4834 in
2448 4778 2567 4834 foro
2590 4778 2842 4843 versaris,
2875 4792 2974 4833 nec
3005 4777 3094 4848 qui
3122 4793 3181 4834 es
3206 4781 3572 4836 mercenarius
3598 4800 3613 4837 :

2044 4883 2218 4945 potest
2243 4874 2388 4930 enim
2427 4874 2589 4928 etiam
2617 4870 2684 4927 ad
2714 4885 2973 4941 pauperes
3005 4884 3175 4941 usque
3199 4873 3489 4941 pervadere
3532 4874 3617 4930 in-

2038 4967 2266 5037 justitia.
2310 4964 2424 5019 Non
2452 4963 2644 5018 videtis
2670 4978 2829 5032 quam
2859 4962 3053 5017 multas
3084 4962 3168 5016 isti
3216 4963 3361 5019 cient
3390 4981 3616 5035 pugnas.

2043 5068 2098 5113 et
2136 5065 2383 5113 evertunt
2428 5054 2647 5109 omnia?
2673 5052 2838 5110 Utere
2883 5053 3243 5119 matrimonio,
3291 5054 3426 5111 habe
3454 5057 3618 5112 filios.

2044 5151 2218 5205 Etiam
2246 5149 2441 5204 Paulus
2471 5147 2550 5201 eis
2594 5145 2956 5216 pnecipiebat,
3003 5152 3059 5200 et
3087 5144 3151 5199 ad
3192 5160 3287 5201 eos
3326 5147 3612 5202 scribebat.

2041 5240 2283 5311 Magnum
2313 5251 2396 5294 est
2413 5237 2543 5293 illud
2566 5246 2859 5302 certamen,
2888 5245 2942 5291 et
2967 5236 3107 5291 altus
3134 5236 3405 5305 scopulus,
3432 5246 3487 5292 et
3518 5251 3613 5291 ea.

2040 5351 2231 5394 cutnen
2254 5344 2337 5389 est
2362 5332 2496 5388 caelo
2520 5331 2907 5401 propinquum;
2940 5344 3111 5399 neque
3134 5338 3287 5400 potes
3308 5327 3373 5382 ad
3392 5328 3441 5382 id
3468 5329 3613 5399 quod

2043 5443 2290 5499 magnum
2318 5434 2401 5480 est
2432 5420 2747 5501 pervenire?
2773 5419 2976 5475 Minora
3004 5433 3135 5489 ergo
3164 5419 3350 5473 saltem
3380 5428 3610 5481 sectare,

2041 5536 2095 5583 et
2117 5523 2361 5580 desidera
2392 5535 2510 5590 qua:
2554 5524 2678 5571 sunt
2712 5512 2986 5568 inferiora.
3020 5510 3135 5566 Non
3164 5518 3316 5579 potes
3358 5510 3613 5579 pecunias

2043 5617 2319 5676 eﬂ'undere
2341 5615 2366 5667 ?
2398 5612 2598 5668 Saltem
2630 5623 2693 5662 ea
2719 5621 2838 5677 qua:
2859 5613 2983 5658 sunt
3006 5602 3232 5657 aliorum
3260 5600 3367 5656 noli
3394 5616 3609 5673 rapere,

2042 5726 2142 5768 nec
2184 5708 2265 5764 fac
2308 5705 2575 5776 injuriam.
2622 5699 2738 5755 Non
2784 5706 2937 5768 potes
2977 5692 3259 5765 jejunare?
3299 5692 3500 5748 Saltem
3547 5708 3616 5748 ne

2045 5801 2403 5877 progrediaris
2432 5798 2499 5854 ad
2537 5794 2777 5854 delicias.
2803 5789 2920 5848 Non
2943 5798 3094 5861 potes
3120 5788 3174 5844 in
3201 5797 3320 5844 toro
3348 5787 3613 5843 lterbaceo
