4100 6412
464 327 548 385 09
1113 321 1171 378 8.
1208 318 1484 378 JOANNIS
1519 317 1990 377 CHRYSOSTOMI
2032 318 2342 375 ARCIIIEP.
2384 319 2911 380 CONSTANTINOP.

476 440 708 497 cubare?
750 437 829 494 Ne
867 435 994 493 mihi
1024 449 1305 505 compares
1334 434 1504 489 lectos
1548 440 1771 503 argento
1808 442 2049 497 ornatos,

476 534 572 589 sed
603 534 741 587 lecto
767 542 918 604 utere
947 539 1003 586 et
1024 529 1293 600 stragulis,
1322 544 1427 582 non
1461 527 1612 581 factis
1640 527 1706 581 ad
1734 524 2050 580 ostentatio-

477 641 623 689 nem,
662 624 756 679 sed
795 622 861 677 ad
908 623 1169 692 requiem,
1218 634 1389 690 neque
1428 619 1595 673 lectos
1632 618 1942 671 eburneos:
1973 625 2051 669 tc—

476 715 648 784 ipsum
674 712 950 768 contrahe.
972 710 1107 779 Quid
1141 707 1613 764 innumerabilibus
1632 723 1749 775 qua:
1774 705 2048 774 importari

476 812 700 875 possunt
727 818 917 858 navem
957 802 1147 871 imples
1178 797 1512 853 onerariam?
1548 797 1603 852 Si
1632 798 1707 851 sis
1744 796 2047 850 moderatus

470 908 525 951 et
564 896 913 965 compositus,
961 894 1089 949 nihil
1117 892 1349 958 timebis,
1383 906 1488 945 non
1517 889 1794 956 invidiam,
1834 904 1938 942 non
1966 888 2047 941 la-

468 999 679 1051 trones,
721 1003 826 1043 non
877 987 1235 1041 insidiatores.
1284 983 1402 1039 Non
1449 984 1591 1037 enim
1636 997 1696 1037 es
1743 991 1849 1036 tam
1896 979 2048 1034 dives

475 1082 734 1152 pecuniis,
774 1095 931 1149 quam
961 1080 1104 1133 curis
1136 1095 1149 1131 :
1180 1092 1285 1131 non
1315 1077 1386 1130 ita
1428 1074 1668 1129 abundas
1696 1073 2047 1144 possessioni-

472 1172 575 1228 bus
614 1180 675 1227 ut
716 1170 1001 1242 angoribus
1040 1179 1095 1225 et
1124 1168 1393 1239 periculis.
1444 1166 1542 1234 Qui
1576 1166 1814 1219 ditescere
1852 1166 2044 1228 volunt,

472 1266 662 1336 inquit,
694 1264 988 1319 tentationes
1034 1271 1079 1314 et
1106 1258 1537 1329 concupiscentias
1561 1258 1739 1311 noxias
1766 1255 1859 1309 sibi
1887 1256 2044 1309 indu-

470 1366 590 1411 cunt
621 1356 698 1426 (l.
727 1355 863 1410 Tim.
889 1354 942 1409 6.
977 1353 1059 1423 9).
1090 1352 1215 1408 Ha'c
1256 1352 1520 1407 sustinent
1545 1351 1632 1419 qui
1664 1349 1828 1403 multa
1859 1348 2046 1402 volunt

470 1448 765 1520 possidere.
808 1446 924 1501 Non
967 1446 1109 1510 dico,
1152 1445 1388 1499 Ministra
1419 1443 1713 1508 laboranti;
1758 1450 1813 1496 at
1855 1442 2043 1496 saltem

411 1542 420 1551 '
468 1543 601 1613 jube
629 1557 794 1612 puero
837 1550 897 1595 ut
931 1541 1031 1595 hoc
1057 1540 1233 1595 faciat.
1266 1540 1428 1594 Vides
1454 1554 1610 1607 quam
1650 1554 1756 1593 non
1784 1536 1855 1593 sit
1881 1551 2046 1607 grave

466 1642 524 1690 et
541 1633 823 1688 molestum
842 1633 865 1686 ?
885 1630 1153 1703 quomodo
1179 1631 1319 1685 enim
1346 1639 1509 1695 esset,
1527 1645 1647 1684 cum
1675 1640 1871 1684 tenerae
1894 1628 2042 1698 puel-

469 1727 534 1780 l:e
560 1725 719 1793 longo
761 1726 933 1794 spatio
977 1716 1073 1779 nos
1101 1723 1467 1793 exsuperent?
1496 1722 1600 1776 Nos
1630 1722 1847 1793 pudeat,
1886 1735 2040 1789 rogo,

463 1817 608 1889 quod
636 1818 689 1872 in
723 1817 788 1871 iis
817 1832 937 1885 quae
964 1816 1030 1870 ad
1072 1814 1323 1869 mundtnn
1363 1814 1630 1883 pertinent
1672 1827 1931 1881 nusquam
1963 1816 2041 1865 eis

462 1907 726 1972 cedimus,
764 1921 869 1960 non
897 1907 950 1960 in
979 1905 1158 1973 bellis,
1190 1920 1295 1959 non
1327 1904 1380 1958 in
1409 1903 1820 1967 certaminibus;
1854 1902 1906 1956 in
1929 1900 2041 1970 spi-

468 1998 749 2053 ritualibus
771 2004 951 2052 autem
969 1996 1352 2051 certaminibus
1380 1994 1499 2064 plus
1524 2010 1683 2064 quam
1713 2008 1810 2047 nos
1835 1992 2037 2059 ferunt,

464 2098 522 2143 et
555 2087 756 2158 majora
797 2086 1010 2157 rapiunt
1035 2087 1273 2156 praemia,
1301 2095 1355 2140 et
1380 2085 1562 2139 volant
1585 2084 1744 2138 altius
1769 2092 2037 2153 tamquam

460 2179 703 2250 quaedam
731 2180 920 2250 aquilae
944 2196 958 2232 :
987 2193 1086 2233 nos
1114 2187 1290 2233 autem
1314 2186 1579 2247 tamquam
1602 2176 1801 2247 graculi
1836 2174 2041 2230 inferne

458 2272 602 2325 circa
634 2269 872 2325 nidorem
898 2276 953 2324 et
978 2269 1177 2323 fumum
1206 2283 1417 2337 semper
1445 2282 1739 2344 versamur.
1770 2267 1863 2321 Est
1894 2264 2037 2321 enim

460 2376 522 2415 re
548 2376 669 2415 vera
692 2360 1031 2430 graculorum
1074 2366 1129 2414 et
1154 2358 1487 2429 liguritorutn
1521 2373 1711 2413 canum
1737 2357 1807 2413 de
1833 2370 2033 2411 meusre

449 2451 809 2509 structoribus
821 2456 876 2505 et
891 2448 1346 2519 coquiscogitare.
1376 2448 1509 2503 Audi
1538 2448 1742 2517 priscas
1769 2446 2032 2502 feminas:

460 2560 666 2613 magnae
690 2544 854 2607 enim,
886 2557 1090 2613 magnte
1117 2552 1171 2597 et
1195 2541 1534 2596 admirabiles
1562 2539 1776 2596 fuerunt
1799 2539 2031 2604 feminte,

458 2646 518 2691 ut
558 2636 707 2701 Sara,
744 2636 1003 2701 llebecca,
1033 2634 1253 2700 Rachel,
1284 2634 1511 2698 Debora,
1542 2635 1694 2687 Anna
1724 2649 1740 2687 :
1768 2634 2037 2702 etiamque

458 2740 701 2798 tempore
727 2726 923 2783 Christi
948 2726 1083 2781 tales
1103 2735 1255 2781 erant
1278 2741 1293 2791 ;
1325 2723 1420 2779 sed
1448 2724 1592 2779 viros
1622 2738 1881 2793 nusquam
1908 2732 2034 2778 sunt

457 2828 843 2893 praetervectze,
886 2818 981 2875 sed
1008 2818 1185 2874 locum
1223 2817 1477 2872 tenebant
1517 2816 1811 2872 secundum
1843 2831 1857 2869 :
1893 2830 2034 2870 nunc

456 2922 636 2968 autem
681 2922 867 2966 contra
914 2912 1126 2967 femina:
1168 2926 1267 2966 nos
1310 2919 1634 2979 praetereunt
1677 2919 1731 2964 et
1775 2908 2035 2964 obscuros

462 3006 711 3077 reddunt.
753 3005 921 3071 Quam
966 3012 1052 3058 est
1092 3001 1194 3056 hoc
1229 3001 1509 3056 ridiculum
1545 3010 1601 3056 et
1637 3016 1795 3071 quam
1826 3000 2033 3070 puden-

456 3097 616 3151 dum!
648 3095 755 3150 Nos
779 3096 953 3150 locum
981 3103 1223 3149 tenemus
1248 3092 1455 3161 capitis,
1482 3101 1538 3145 et
1560 3090 1822 3144 vincimur
1850 3104 1880 3144 a
1907 3104 2032 3144 cor-

458 3191 629 3259 pore?
675 3186 966 3242 Constituti
991 3200 1176 3240 sumus
1219 3193 1276 3238 ut
1320 3183 1401 3238 eis
1445 3185 1767 3252 imperemus
1800 3200 1813 3236 :
1844 3191 2035 3237 nonut

458 3280 631 3333 solum
671 3279 1016 3348 imperemus,
1051 3276 1145 3331 sed
1185 3276 1512 3344 imperemus
1555 3276 1607 3329 in
1645 3275 1860 3329 virtute.
1900 3274 2031 3330 Nam

457 3372 548 3440 qui
579 3369 829 3438 imperat,
860 3368 961 3423 hoc
988 3367 1218 3422 maxime
1253 3366 1414 3421 debet
1453 3365 1739 3435 imperare,
1771 3373 1829 3419 ut
1858 3366 2035 3421 vincat

456 3462 656 3517 virtute
690 3478 704 3515 :
734 3458 816 3515 sin
842 3470 1020 3513 autem
1048 3468 1352 3527 superatur,
1398 3471 1507 3511 non
1542 3455 1773 3527 amplius
1806 3455 2036 3527 imperat

460 3568 561 3608 nec
587 3559 732 3606 tenet
758 3550 1135 3621 principatum.

532 3644 805 3699 Mulierum
831 3642 1035 3696 virtutes
1057 3650 1101 3694 et
1126 3641 1266 3695 vitia.
1288 3668 1359 3679 -—
1379 3637 1597 3693 Vidistis
1616 3646 1811 3709 quanta
1832 3637 1900 3692 sit
1926 3637 2034 3692 vir-

457 3751 542 3793 tus
565 3738 824 3794 adventus
844 3734 1081 3790 Christi?
1108 3731 1374 3804 quomodo
1398 3732 1819 3787 exsecrationem
1848 3730 2027 3786 solve-

426 3824 429 3827 ’
457 3833 527 3886 rit
556 3842 609 3884 et
630 3824 1056 3883 maledictionem
1074 3826 1097 3880 ?
1114 3826 1298 3880 Plures
1328 3825 1469 3879 enim
1493 3832 1619 3878 sunt
1638 3822 1872 3891 virgines
1892 3821 2031 3893 apud

458 3924 730 3987 Inulieres,
764 3920 935 3991 major
960 3929 1044 3974 est
1069 3918 1205 3989 apud
1238 3918 1357 3972 illas
1385 3915 1735 3987 temperantia
1760 3924 1815 3971 et
1840 3915 2028 3971 mode-

456 4017 614 4078 ratio,
660 4013 842 4083 plures
868 4010 1147 4064 viduitates
1178 4027 1191 4061 :
1219 3995 1423 4062 nullum
1463 4006 1685 4062 verbum
1721 4006 2031 4062 obscmnum

459 4104 656 4160 femina
698 4104 805 4157 cito
843 4099 1101 4156 emiserit.
1128 4098 1239 4153 Cur
1269 4108 1322 4152 tu
1360 4112 1509 4166 ergo,
1541 4096 1628 4152 dic
1666 4096 1819 4162 mihi,
1852 4096 2026 4166 turpia

3634 332 3737 390 100

2158 441 2215 485 et
2238 433 2487 487 obscaena
2512 434 2784 503 loqueris?
2821 436 2898 491 Ne
2940 436 3074 492 mihi
3103 437 3248 495 enim
3278 440 3478 497 dixeris
3507 442 3735 502 feminas

2157 520 2459 591 deploratas
2487 535 2607 578 :est
2634 525 2846 599 quidem
2886 542 3051 595 genus
3080 530 3363 586 mulierum
3391 534 3473 589 sui
3506 538 3731 592 ornandi

2156 613 2477 675 studiosum,
2500 624 2554 668 et
2579 613 2680 669 hoc
2707 626 2788 671 est
2813 618 2929 686 ejus
2947 617 3219 676 delictum.
3263 622 3369 678 Sed
3394 624 3447 680 in
3472 624 3573 681 hoc
3598 642 3733 696 quo-

2156 720 2260 774 que
2288 718 2381 760 vos
2410 707 2508 759 viri
2540 707 2771 775 vincitis,
2794 710 2882 779 qui
2914 710 3016 765 illis
3037 727 3191 783 teque
3210 713 3549 773 delectamiui
3573 729 3731 791 atque

2155 807 2341 849 ornatu
2375 799 2607 866 proprio.
2634 798 2748 853 Non
2771 799 2914 855 enim
2941 802 3191 858 existimo
3212 807 3490 863 mulierem
3518 808 3591 864 ita
3617 814 3730 869 suis

2154 890 2330 944 aureis
2374 892 2549 944 ornari
2590 894 2941 960 ornamentis,
2984 904 3041 948 ut
3071 898 3320 953 maritum
3365 902 3590 959 uxoris:
3620 920 3730 962 non

2154 978 2226 1033 ita
2258 981 2357 1034 sibi
2391 983 2563 1051 placet
2604 983 2673 1038 ob
2720 999 2907 1039 zonam
2949 1001 3187 1055 auream,
3233 1006 3392 1060 quam
3423 996 3562 1064 quod
3592 1013 3728 1050 uxor

2152 1084 2342 1125 aurum
2382 1081 2571 1141 gestet.
2602 1073 2776 1140 Quare
2800 1074 2855 1128 in
2882 1090 2977 1131 vos
3000 1093 3212 1148 quoque
3237 1096 3397 1137 causa
3426 1095 3508 1139 est
3535 1087 3724 1142 confe-

2151 1161 2337 1227 renda,
2364 1163 2454 1235 qui
2480 1164 2763 1218 scintillam
2794 1167 3037 1221 excitatis
3074 1180 3128 1223 et
3161 1168 3430 1227 flammam
3475 1178 3725 1232 accendi-

2153 1252 2239 1306 tis.
2266 1254 2476 1323 Alioqui
2497 1266 2672 1310 autem
2696 1272 2799 1312 non
2827 1267 2909 1313 est
2934 1268 3139 1347 tantum
3157 1273 3430 1331 peccatum
3459 1269 3716 1337 mulieris,

2149 1352 2403 1411 quantum
2434 1356 2517 1399 est
2542 1346 2594 1400 in
2624 1346 2756 1401 viro.
2783 1347 2863 1402 Tu
2886 1364 2947 1405 es
2966 1346 3292 1409 constitutus
3322 1363 3378 1408 ut
3396 1355 3539 1412 illam
3567 1373 3718 1414 com-

2150 1448 2357 1502 ponas:
2390 1435 2587 1503 ubique
2632 1436 2715 1491 vis
2760 1437 2958 1494 habere
2994 1441 3193 1510 primas
3240 1453 3417 1513 partes
3450 1464 3463 1500 :
3494 1462 3622 1518 ergo
3662 1449 3718 1505 in

2146 1524 2250 1578 hoc
2277 1540 2487 1594 quoque
2513 1528 2738 1584 ostende
2764 1544 2832 1584 ex
2860 1531 3019 1585 rebus
3045 1532 3168 1599 tuis,
3199 1534 3341 1604 quod
3366 1537 3508 1592 illius
3534 1553 3721 1609 super-

2148 1619 2365 1673 vacanei
2390 1630 2634 1691 sumptus
2660 1623 2803 1677 nulla
2835 1623 2927 1680 tibi
2952 1625 3023 1680 sit
3046 1626 3201 1682 ratio.
3235 1628 3332 1685 Est
3349 1634 3514 1701 magis
3539 1643 3718 1704 aptum

2147 1722 2201 1767 et
2224 1714 2550 1769 conveniens
2576 1716 2784 1771 mulieri
2808 1726 2865 1771 ut
2883 1729 3124 1784 ornetur,
3153 1736 3309 1790 quam
3338 1724 3472 1778 viro.
3495 1725 3718 1794 Quando

2148 1818 2277 1874 ergo
2324 1814 2376 1857 tu
2410 1820 2514 1859 non
2553 1805 2764 1875 effugis,
2799 1810 3068 1878 quomodo
3096 1810 3190 1866 illa
3231 1813 3485 1883 effugiet?
3510 1816 3717 1872 Habent

2149 1893 2252 1947 illae
2280 1894 2440 1948 etiatn
2469 1896 2752 1965 quamdam
2792 1896 3003 1953 inanem
3028 1900 3287 1970 gloriam;
3331 1904 3426 1959 sed
3452 1905 3553 1960 hoc
3580 1922 3716 1977 quo-

2145 2000 2248 2053 que
2288 1995 2370 2039 est
2395 1986 2520 2039 viris
2558 2001 2845 2044 commune
2876 2006 2892 2047 :
2921 2000 3047 2046 sunt
3082 1992 3381 2060 iracunda;
3426 2006 3481 2051 et
3504 1995 3608 2054 hoc
3633 2008 3717 2054 est

2143 2089 2445 2130 commune.
2485 2077 2540 2130 In
2582 2078 2777 2147 quibus
2818 2089 2994 2135 autem
3025 2094 3294 2152 superant,
3341 2100 3403 2141 ea
3447 2103 3554 2142 non
3591 2099 3717 2145 sunt

2142 2167 2370 2236 amplius
2400 2170 2725 2237 communia,
2771 2173 3087 2242 gravitatem
3113 2175 3236 2232 dico
3277 2189 3331 2234 et
3357 2180 3711 2252 horiestatem,

2142 2256 2427 2322 fervorem,
2460 2259 2725 2328 pietatem,
2759 2278 2884 2334 erga
2910 2264 3180 2323 Christum
3205 2269 3571 2328 dilectionem.
3602 2276 3713 2331 Cur

2141 2366 2286 2420 ergo,
2320 2352 2548 2422 inquies,
2592 2355 2672 2410 eis
2700 2355 2976 2413 interdixit
3014 2361 3143 2416 sede
3169 2362 3446 2420 doctoris?
3490 2366 3585 2422 Est
3611 2371 3714 2425 hoc

2139 2457 2352 2513 quoque
2394 2446 2623 2515 signum,
2653 2448 2793 2517 quod
2833 2452 3056 2506 multum
3095 2452 3319 2510 interest
3360 2457 3500 2513 inter
3537 2475 3629 2516 eas
3656 2472 3712 2517 et

2140 2535 2302 2599 viros,
2340 2547 2396 2591 et
2419 2539 2559 2608 quod
2588 2556 2792 2611 magna:
2820 2543 3016 2598 fuerint
3041 2561 3160 2615 qua:
3186 2557 3311 2603 tunc
3351 2562 3523 2607 erant.
3550 2553 3714 2610 Paulo

2140 2625 2645 2700 enim,dic,qu:eso,
2678 2632 2906 2688 docente
2933 2643 2987 2688 et
3018 2636 3175 2692 Petro
3203 2638 3307 2692 illis
3334 2642 3554 2709 sanctis,
3592 2661 3709 2698 mll-

2140 2720 2394 2775 licremne
2421 2722 2489 2776 ad
2526 2738 2645 2778 eam
2681 2741 2793 2779 rem
2825 2726 3070 2794 prosilire
3097 2733 3403 2799 Oporteret?
3433 2733 3583 2789 Nunc
3612 2752 3709 2790 au-

2140 2824 2245 2868 tem
2272 2829 2337 2868 eo
2376 2815 2618 2870 venimus
2663 2819 2913 2888 nequitite
2952 2830 3007 2875 et
3045 2821 3420 2892 improbitatis,
3469 2836 3527 2881 ut
3550 2828 3710 2883 etiam

2138 2904 2333 2959 merito
2374 2916 2646 2976 quatratur
2688 2924 2785 2963 cur
2830 2925 2934 2964 non
2974 2910 3170 2967 docent
3217 2915 3513 2971 mulieres:
3546 2933 3712 2987 usque

2136 2995 2272 3052 adeo
2294 2997 2606 3053 advenimus
2631 2999 2699 3054 ad
2726 3015 2908 3056 earum
2940 3002 3377 3061 imbecillitatem.
3427 2996 3552 3063 Hzec
3573 3008 3708 3076 dixi,

2139 3104 2243 3142 non
2268 3089 2410 3158 quod
2436 3090 2596 3145 velim
2626 3106 2718 3146 eas
2744 3091 3021 3158 extollere,
3056 3094 3149 3149 sed
3190 3096 3345 3152 nobis
3380 3098 3509 3169 ipsis
3539 3100 3710 3169 pudo-

2138 3198 2252 3237 rem
2282 3182 2549 3251 incutere,
2582 3184 2903 3256 erudireque
2922 3197 2977 3242 et
2998 3202 3236 3252 monere,
3265 3199 3321 3243 nt
3345 3190 3627 3260 imperium
3657 3203 3712 3248 et

2140 3273 2492 3342 principatum
2516 3275 2607 3344 qui
2637 3275 2791 3331 nobis
2831 3279 3078 3333 convenit
3122 3281 3492 3349 suscipiamus,
3523 3299 3627 3337 non
3654 3297 3712 3340 ut

2136 3365 2304 3419 simus
2339 3368 2591 3434 majores,
2619 3368 2715 3424 sed
2753 3377 2812 3423 ut
2851 3370 3225 3440 provideamus
3266 3383 3322 3428 et
3345 3390 3526 3430 curam
3555 3393 3712 3447 gera-

2137 3470 2256 3510 mus
2275 3465 2331 3511 et
2349 3471 2417 3512 ex
2439 3458 2635 3514 virtute
2654 3459 2815 3514 vitam
2838 3460 3194 3518 instituamus.
3219 3463 3368 3520 Tunc
3390 3467 3532 3522 enim
3566 3469 3615 3522 in
3645 3484 3711 3523 eo

2137 3556 2278 3602 statu
2309 3548 2363 3602 in
2388 3564 2494 3619 quo
2531 3551 2783 3606 convenit
2828 3552 2932 3609 erit
2956 3568 3173 3625 corpus,
3208 3558 3423 3626 quando
3449 3560 3710 3630 optimum

2137 3639 2431 3710 principem
2468 3642 2560 3711 qui
2604 3642 2657 3698 ei
2694 3642 2922 3714 imperet
2963 3644 3123 3702 fuerit
3162 3660 3527 3720 assequutum.
3558 3651 3712 3708 Faxit

2135 3736 2318 3783 autem
2359 3722 2501 3787 Deus
2540 3740 2599 3787 ut
2630 3741 2687 3788 et
2724 3732 2936 3790 feminae
2973 3745 3028 3792 et
3069 3736 3169 3792 viri
3213 3740 3279 3793 ad
3322 3741 3415 3795 Dei
3460 3743 3709 3812 placitum

2136 3835 2324 3902 omnes
2363 3823 2566 3889 vivant,
2611 3832 2671 3878 ut
2696 3824 2839 3895 digni
2878 3842 3065 3883 omnes
3107 3827 3397 3885 habeamur
3426 3833 3476 3886 in
3504 3833 3595 3887 illo
3622 3834 3711 3891 die

2138 3912 2364 3968 terribili
2408 3914 2500 3984 qui
2546 3914 2785 3971 fruamur
2830 3917 3155 3988 benignitate
3198 3921 3426 3987 Domini,
3471 3936 3523 3978 et
3573 3925 3710 3981 bona

2138 4006 2397 4074 promissa
2451 4022 2880 4080 consequamur,
2931 4012 2984 4066 iu
3040 4010 3255 4068 Christo
3305 4013 3432 4069 Jesu
3487 4017 3712 4074 Domino

2139 4105 2343 4152 IIOSII‘O.

460 4226 3717 4258 MM

1805 4303 2153 4366 HOMILIA
2195 4304 2367 4385 xw.

458 4455 587 4511 CAP.
635 4455 690 4510 4.
738 4468 793 4507 v.
832 4451 923 4507 Q5.
958 4449 1177 4520 Propter
1199 4448 1335 4520 quod
1364 4448 1670 4517 deponentes
1698 4450 2033 4515 mendacium,

530 4547 793 4619 loquimini
826 4546 1082 4600 veritatem
1121 4545 1459 4613 unusquisque
1491 4558 1606 4596 cum
1650 4544 1880 4614 proximo
1908 4559 2000 4597 suo
2021 4560 2041 4597 :

532 4641 767 4710 quoniam
810 4654 984 4691 sumus
1009 4637 1217 4690 invicem
1256 4635 1499 4689 membra.
1546 4634 1637 4689 26.
1680 4633 1973 4687 Irascimini
1995 4643 2043 4687 et

535 4733 689 4785 nolite
734 4745 940 4800 peccare
976 4743 994 4782 :
1032 4728 1110 4781 sol
1162 4744 1263 4781 non
1304 4725 1501 4781 occidat
1540 4742 1691 4791 super
1726 4724 2043 4779 iracundiam

534 4835 750 4881 vestram
777 4839 796 4876 :
823 4822 914 4877 27.
939 4820 1093 4877 nolite
1125 4820 1288 4875 locum
1316 4820 1439 4873 dare
1463 4818 1684 4873 diabolo.

537 4920 588 4973 l.
622 4915 755 4973 Cum
785 4914 853 4970 de
879 4916 1045 4970 veteri
1093 4913 1311 4968 homine
1353 4912 1604 4966 universe
1647 4910 1875 4965 dixisset
1904 4918 1957 4965 et
1987 4910 2041 4965 in

462 5023 680 5079 genere,
693 5007 803 5077 jam
826 5021 948 5061 eum
974 5003 1228 5059 describit
1251 5002 1411 5057 etiam
1442 5002 1730 5072 sigillatim.
1755 5000 1880 5056 Haec
1900 5001 2041 5056 enim

464 5098 708 5155 doctrina
734 5108 818 5151 est
846 5095 1053 5151 facilior
1074 5093 1142 5148 ad
1174 5093 1502 5156 discendum,
1536 5091 1748 5161 quando
1775 5093 1934 5146 etiam
1961 5092 2044 5146 di-

463 5192 664 5251 scimus
707 5188 1035 5260 singulatim.
1076 5185 1212 5252 Quid
1243 5195 1421 5239 autem
1452 5184 1620 5238 dicit?
1662 5182 1879 5253 PrOpter
1907 5184 2042 5253 quod

464 5285 771 5351 deponentes
794 5278 1132 5332 mendacium.
1160 5275 1313 5343 Quod
1353 5274 1725 5329 mendacium?
1753 5290 1881 5328 num
1916 5274 2044 5329 dicit

466 5375 638 5432 idola?
659 5373 773 5428 Non
802 5371 868 5427 de
894 5371 959 5425 iis
985 5369 1114 5424 dicit
1132 5385 1147 5423 :
1165 5383 1287 5422 nam
1310 5368 1423 5421 haec
1445 5365 1660 5436 quidem
1679 5375 1802 5421 sunt
1825 5366 2046 5421 menda-

466 5468 609 5521 cium
626 5478 643 5532 ;
660 5464 755 5521 sed
772 5463 840 5519 de
861 5462 963 5517 illis
982 5475 1088 5516 non
1108 5473 1248 5514 nunc
1265 5458 1466 5529 agitur;
1488 5458 1618 5512 nihil
1638 5458 1779 5513 enim
1799 5457 1881 5513 his
1897 5474 2045 5513 com-

468 5575 629 5613 mune
653 5574 777 5612 cum
809 5558 914 5612 illis
941 5576 955 5610 :
986 5556 1079 5612 sed
1108 5554 1175 5610 de
1204 5542 1482 5609 mendacio
1511 5552 1652 5622 quod
1681 5552 1883 5622 profert
1908 5552 2045 5607 alter

466 5666 588 5704 cum
627 5650 796 5705 altero
821 5691 837 5716 ,
868 5649 1012 5719 quod
1039 5658 1121 5703 est
1146 5647 1391 5725 dolosum
1416 5653 1471 5699 ct
1497 5645 1908 5701 fraudulentum.
1940 5644 2044 5699 Lo-

463 5741 675 5812 quimini
695 5742 948 5807 veritatem
969 5743 1306 5812 unusquisque
1324 5755 1437 5795 cum
1456 5738 1685 5811 proximo
1706 5754 1823 5794 suo.
1845 5736 2045 5795 Deinde

2144 4448 2284 4520 quod
2311 4452 2473 4506 etiam
2502 4451 2759 4522 pudorem
2788 4454 2953 4524 magis
2979 4454 3166 4509 incutit
3197 4473 3210 4510 :
3246 4456 3498 4522 Quoniam
3542 4479 3719 4518 sumus

2143 4544 2350 4597 invicem
2372 4532 2611 4611 membra,
2631 4556 2789 4600 nemo
2818 4545 3047 4616 decipiat
3078 4549 3399 4618 proximmn.
3417 4553 3567 4621 Quod
3596 4557 3718 4625 qui-

2145 4635 2265 4689 dem
2293 4636 2418 4689 dicit
2448 4636 2885 4707 psalmographus
2913 4637 2963 4691 id
3004 4654 3214 4693 sursum
3244 4650 3299 4695 et
3326 4642 3576 4698 deorsum
3602 4647 3717 4716 agi-

2146 4735 2285 4795 tans,
2303 4726 2462 4781 Labia
2480 4728 2657 4783 dolosa
2672 4729 2724 4782 in
2745 4730 2914 4793 corde,
2928 4738 2972 4783 et
2993 4730 3045 4784 in
3070 4732 3219 4787 corde
3239 4735 3471 4804 loquutus
3491 4746 3562 4790 est
3581 4739 3718 4792 mala

2144 4816 2328 4888 (Psal.
2375 4820 2463 4873 ll.
2498 4820 2566 4874 l5
2588 4818 2630 4889 ).
2663 4818 2803 4874 Nihil
2832 4830 2915 4875 est
2940 4821 3109 4889 enim,
3133 4824 3265 4877 nihil
3291 4834 3373 4879 est
3396 4826 3539 4895 quod
3565 4842 3719 4896 mque

2144 4909 2316 4979 pariat
2365 4910 2704 4974 inimicitias,
2737 4920 2894 4981 atque
2940 4911 3189 4982 decipere
3231 4924 3285 4968 et
3329 4916 3535 4972 fallere.
3585 4916 3719 4971 Vide

2143 5000 2408 5070 quomodo
2435 5001 2512 5055 eis
2540 5000 2733 5070 ubique
2761 5003 3018 5072 pudorem
3046 5003 3263 5059 incutiat
3286 5020 3379 5074 per
3404 5005 3617 5075 corpus.
3644 5007 3720 5062 Ne

2145 5091 2288 5146 fallat
2315 5134 2329 5157 ,
2358 5092 2528 5161 inquit
2550 5133 2565 5159 ,
2596 5093 2782 5148 oculus
2811 5094 2996 5163 pedem
3022 5135 3038 5159 ,
3070 5110 3239 5165 neque
3268 5110 3361 5165 pes
3389 5100 3620 5150 oculum.
3653 5098 3721 5153 Ut

2144 5193 2267 5255 puta
2290 5225 2303 5247 ,
2346 5184 2390 5238 si
2418 5184 2489 5237 sit
2512 5183 2653 5239 fossa
2681 5184 2937 5255 profunda
2964 5228 2978 5251 ,
3009 5195 3063 5241 et
3093 5202 3252 5257 super
3293 5199 3489 5243 terram
3532 5191 3720 5259 positis

2146 5274 2491 5329 arundinibus
2534 5283 2592 5330 et
2635 5286 2774 5330 terra
2818 5279 3053 5346 opertis,
3086 5278 3136 5331 in
3176 5278 3458 5347 superficie
3487 5281 3725 5349 pra-beat

2145 5368 2312 5423 oculis
2346 5367 2650 5437 opinionem
2681 5376 2837 5422 terrte
2864 5370 3082 5433 solidm;
3131 5384 3308 5424 annon
3341 5380 3519 5425 utetur
3544 5370 3681 5441 pede
3704 5413 3720 5436 ,

2146 5472 2207 5516 ut
2253 5461 2386 5515 sciat
2432 5476 2558 5514 num
2606 5461 2676 5515 sit
2722 5459 2944 5516 inferius
2972 5477 3232 5529 vacnmn,
3260 5478 3327 5517 an
3358 5464 3656 5518 remittatur
3673 5474 3725 5519 ct

2146 5552 2362 5608 resistat
2378 5552 2551 5606 htum
2582 5567 2685 5607 non
2714 5553 2859 5607 fallat
2880 5568 2996 5621 pes,
3019 5554 3112 5607 sed
3139 5554 3281 5622 quod
3308 5564 3392 5609 est
3417 5554 3685 5610 renuntiet
3702 5556 3727 5608 ?

2146 5643 2281 5710 Quid
2304 5657 2450 5705 vero.
2471 5643 2513 5697 si
2535 5652 2833 5712 serpentem
2853 5642 3046 5697 viderit
3063 5644 3270 5709 oculus,
3288 5653 3379 5699 aut
3396 5646 3581 5711 feram,
3599 5660 3725 5699 num

2147 5733 2281 5791 fallit
2311 5735 2544 5808 pedem?
2570 5751 2675 5791 non
2706 5734 2888 5791 statim
2919 5735 3234 5792 renuntiat?
3282 5736 3368 5792 ille
3395 5745 3573 5792 autem
3604 5748 3725 5791 cum
3791 5775 3797 5781 .
