4096 6388
400 332 475 391 99
954 358 973 371 ε
1267 324 1334 380 ΙΝ
1372 322 1593 380 EPIST.
1634 319 1725 375 AD
1753 314 2002 374 EPHES.
2033 314 2186 373 CAP.
2226 317 2321 375 Ν.
2364 320 2601 378 IIOMIL.
2638 321 2778 377 XIV.

400 452 518 512 τοῖς
545 447 843 521 χρήμασιν,
869 442 945 507 ὡς
967 443 1088 506 ταῖς
1117 439 1364 512 φροντίσι
1390 439 1657 500 πλουτεῖς·
1690 435 1788 504 οὐχ
1807 430 1981 521 οὕτως

397 516 651 602 εὐπορεῖς
677 533 735 583 ἐν
757 530 871 591 τοῖς
902 527 1193 597 κτήμασιν,
1210 524 1287 586 ὡς
1313 525 1434 586 ταῖς
1455 520 1715 588 ἀγωνίαις
1752 516 1847 569 καὶ
1868 517 1977 578 τοῖς

397 615 685 676 κινδύνοις.
708 612 934 675 Οῐτινες
955 609 1286 673 ,βούλονται
1303 604 1608 662 πλουτεῖν,
1625 603 1776 671 φησὶ,
1790 616 1982 667 πειρα-

398 696 596 765 σμοὺς
631 696 726 748 καὶ
783 692 1101 761 ἐπιθυμίας
1148 688 1454 756 ,ϐλαϐερὰς
1510 684 1743 750 ἑαυτοῖς
1776 685 1979 737 ἐπεισ-

398 778 634 847 άγουσι.
652 776 837 830 Ταῦτα
853 774 1211 845 ὑπομένουσιν
1231 775 1280 826 οἰ
1295 771 1465 825 πολλὰ
1488 769 1783 839 κεκτῆσθαι
1799 766 1954 838 βουλό
1967 797 1978 805 -

402 879 574 931 μενοι.
590 863 665 914 Οὐ
682 860 843 929 λέγω·
869 858 1198 929 Διακόνησον
1220 858 1297 928 τῷ
1317 858 1599 928 κάμνοντιο
1614 853 1714 907 κᾶν
1734 853 1811 923 τῷ
1828 852 1981 905 παιδὶ

397 944 653 997 κέλευσον
687 944 842 997 τοῦτο
874 945 1064 997 ποιεῖν.
1106 942 1267 1012 Ὁρᾷς
1289 941 1404 1003 πῶς
1443 938 1695 1011 φορτικὸν
1710 940 1808 991 οὐκ
1832 938 1977 1002 ἐστι;

400 1026 523 1088 πῶς
550 1028 680 1097 γὰρ,
713 1026 842 1079 ἔνθα
867 1026 1027 1096 κόραι
1072 1025 1279 1100 ἀπαλαὶ
1310 1027 1372 1076 ἐκ
1400 1022 1595 1076 πολλοῦ
1636 1023 1730 1075 τοῦ
1762 1022 1981 1091 διαστή-

402 1127 575 1179 ματος
606 1111 752 1180 ἡμᾶς
781 1108 1212 1180 παρελαύνουσιν
1234 1126 1248 1173 ;
1274 1108 1682 1179 Αἱσχυνθῶμεν,
1725 1123 1979 1176 παρακα-

398 1191 499 1256 λῶ,
528 1193 609 1245 δτι
626 1194 682 1245 ἐν
708 1192 806 1262 μὲν
836 1195 946 1256 τοῖς
970 1196 1255 1264 κοσμικοῖς
1276 1191 1512 1263 οὐδαμοῦ
1544 1190 1980 1261 παραχωροῦμεν

398 1277 617 1339 αὑταῖς,
654 1277 753 1329 οὐκ
785 1278 842 1329 ἐν
892 1276 1171 1345 πολέμοις,
1227 1278 1325 1330 οὐκ
1356 1279 1414 1331 ἐν
1455 1275 1654 1339 ἄθλοις·
1696 1278 1754 1328 ἐν
1784 1275 1839 1327 δὲ
1868 1277 1980 1338 τοῖς

394 1362 793 1429 πνευματικοῖς
825 1359 999 1428 ἀγῶσι
1031 1360 1192 1414 πλέον
1211 1361 1367 1431 ἡμῶν
1395 1360 1668 1429 φέρονται,
1701 1359 1795 1411 καὶ
1826 1357 1980 1428 πρῶ-

392 1458 490 1494 ται
519 1442 578 1494 τὺ
603 1441 853 1513 βραϐεῖον
878 1444 1206 1514 ἁρπάζουσι,
1248 1444 1343 1498 καὶ
1370 1443 1674 1515 ὑψηλότερα
1696 1444 1976 1510 πέτανται,

396 1525 655 1595 καθάπερ
679 1527 826 1580 ἀετοί
850 1544 1015 1591 τινεςο
1045 1530 1208 1599 ἡμεῖς
1236 1529 1313 1592 δὲ,
1336 1528 1583 1598 καθάπερ
1621 1528 1841 1593 κολοιοὶ,
1876 1528 1979 1583 κά·-

395 1627 478 1661 τω
501 1591 747 1681 περὶ-τὴν
776 1611 1000 1666 κνίσσαν
1023 1591 1117 1667 κᾶι
1140 1591 1231 1666 τὸν
1262 1614 1466 1666 καπνὸν
1494 1591 1581 1667 ἀεὶ
1610 1591 1975 1684 στρεφόμεθα.

396 1692 645 1745 Κολοιῶν
685 1694 794 1764 γάρ
829 1695 1017 1759 ὅντως,
1064 1697 1493 1769 τραπεζοποιοὺς
1553 1698 1648 1751 καὶ
1683 1697 1978 1768 μαγείρους

398 1777 654 1839 ἐπινοεῖν,
711 1778 804 1830 καὶ
839 1779 1015 1833 κυνῶν
1049 1778 1265 1849 λίχνων.
1304 1782 1567 1834 Ἀκουσον
1587 1781 1696 1834 τῶν
1730 1782 1978 1835 παλαιῶν

400 1859 697 1924 γυναικῶν·
741 1863 973 1930 μεγάλαι
1006 1864 1113 1935 γάρ
1145 1866 1413 1931 ἐγένοντο,
1457 1864 1689 1935 μεγάλαι
1724 1867 1978 1932 γυναῖκες

400 1942 498 1992 καὶ
524 1940 855 2014 θαυμασταὶ,
886 1938 1016 2011 οἷον,
1047 1949 1079 2016 ἡ
1114 1948 1316 2020 Σάρρα,
1347 1948 1381 2018 ἡ
1415 1947 1699 2012 Ῥεϐέκκα,
1751 1950 1784 2019 ὴ
1850 1947 1977 2000 Ῥα-

402 2024 527 2106 χὴλ,
560 2027 595 2096 ἡ
646 2027 890 2099 Δεϐώρα,
922 2031 954 2100 ἡ
990 2030 1187 2083 Ἀννα·
1238 2033 1331 2086 καὶ
1369 2032 1460 2084 ἐπὶ
1503 2028 1599 2085 τοῦ
1646 2031 1882 2106 Χριστοῦ
1920 2032 1977 2086 δέ

394 2104 545 2179 ἦσαν
571 2110 837 2187 τοιαῦται,
877 2112 992 2165 ἀλλ’
1024 2114 1257 2185 οὐδαμοῦ
1280 2114 1478 2184 ἄνδρας
1503 2104 1845 2187 παρήλασαν,
1884 2117 1978 2171 άλ-

396 2190 470 2244 λά
490 2192 589 2262 τὴν
617 2193 849 2265 ὑστέραν
880 2195 1034 2262 τάξιν
1058 2198 1291 2267 ἐπεῖχον.
1314 2197 1426 2251 Νῦν
1454 2198 1511 2252 δὲ
1533 2201 1857 2263 τούναντίον,
1883 2218 1976 2271 γυ-

399 2277 589 2339 ναῖκες
620 2278 765 2348 mni;
793 2279 1188 2349 παρελαύνουσι
1210 2280 1307 2334 καὶ
1333 2282 1761 2353 ἀποκρύπτουσι.
1778 2286 1977 2347 Ποῖοςό

395 2358 607 2426 γέλως;
639 2361 719 2424 τίς
745 2363 778 2431 ἡ
812 2362 1037 2434 αἰσχύνη
1060 2381 1074 2425 ;
1111 2365 1301 2435 Ἡμεῖς
1328 2366 1426 2437 τῆς
1449 2367 1691 2437 κεφαλῆς
1709 2367 1806 2439 τὴν
1826 2370 1976 2434 τάξιν

400 2440 696 2511 ἐπέχομεν,
722 2444 818 2496 καὶ
848 2446 953 2498 ὑπὸ
988 2446 1082 2499 τοῦ
1115 2447 1367 2518 σώματος
1396 2448 1703 2521 νικώμεθα;
1755 2453 1976 2523 Ἀρχειν

399 2524 586 2575 αὐτῶν
615 2524 941 2598 ἐτάχθημεν,
972 2530 1070 2600 ούχ
1097 2529 1183 2584 ἵνα
1222 2531 1381 2601 μόνον
1410 2531 1688 2605 ἀρχωμεν,
1740 2534 1854 2588 ἀλλ’
1890 2537 1977 2590 ἵνα

402 2606 503 2688 καὶ
526 2608 583 2659 ἐν
612 2609 778 2679 ἀρετῇ
799 2609 1074 2682 ἄρχωμεν.
1094 2614 1151 2665 '0
1179 2614 1287 2685 γὰρ
1323 2615 1525 2686 ἄρχων,
1545 2613 1722 2688 ’τούτῳ
1745 2618 1977 2688 μάλιστα

397 2687 597 2758 ἄρχειν
624 2690 846 2759 ὀφείλει,
902 2695 980 2765 τῷ
1003 2698 1069 2768 τῇ
1124 2696 1292 2769 ἀρετῇ
1326 2700 1501 2770 νικᾷν·
1553 2700 1603 2753 εί
1638 2687 1700 2753 δὲί
1724 2687 1975 2769 νικᾶται,

397 2772 592 2825 οὐκέτι
620 2774 801 2845 ἄρχων
831 2779 997 2833 ἐστίν.

480 2856 662 2911 Εῑδετε
706 2860 845 2945 πόση
878 2862 979 2932 τῆς
1006 2863 1101 2917 τοῦ
1135 2864 1372 2937 Χριστοῦ
1414 2866 1562 2940 [102]
1599 2871 1897 2941 παρουσίας
1942 2874 1977 2945 ή

401 2937 664 3011 δύναμιςς
699 2942 814 3007 πῶς
842 2944 999 2999 ἔλυσε
1027 2948 1124 3019 τὴν
1145 2937 1432 3021 κατάρανξ
1464 2937 1574 3006 Καὶ
1609 2937 1718 3024 γὰρ
1760 2937 1979 3021 πλείους

404 3027 463 3078 αἱ
516 3027 774 3112 παρθένοι
826 3031 979 3102 παρὰ
1038 3032 1275 3102 γυναιξὶ,
1336 3035 1600 3108 πλείωνὴ
1658 3041 1979 3112 σωφροσύνη

408 3109 539 3196 παρξ
571 3112 829 3178 ἐκείναις,
860 3115 915 3168 αἱ
962 3120 1178 3188 χηρεῖαι
1213 3118 1449 3185 πλείους·
1473 3121 1625 3175 ούδέν
1655 3122 1722 3176 ἂν
1757 3109 1979 3196 αἰσχρὸν

406 3193 616 3263 ταχέως
645 3196 783 3268 γυνὴ
832 3198 1048 3270 πρόοιτο
1074 3203 1245 3272 ῥῆμα.
1301 3204 1456 3268 Τίνος
1498 3200 1592 3259 οὖν
1621 3205 1825 3273 ἐνεκεν,
1852 3193 1979 3263 εἶπέ

410 3292 525 3362 μοι,
586 3279 960 3350 αἰσχρολογεῖς
1021 3284 1117 3351 σύ;
1173 3286 1265 3358 Μὴ
1295 3289 1400 3360 γάρ
1437 3307 1528 3360 μοι
1577 3290 1677 3355 τάς
1729 3293 1977 3362 ἀπεγνω-

3559 322 3666 379 1θο

2082 432 2242 501 ὑμεῖς
2288 436 2335 488 οἱ
2365 435 2576 505 ἄνδρες,
2612 437 2661 489 οἱ
2689 436 2783 490 καὶ
2826 436 2914 488 ἐπ’
2953 436 3208 501 ἐκείναις,
3241 436 3318 500 ὡς
3355 436 3442 492 ἐπ’
3478 438 3665 510 οἰκείῳ

2082 517 2292 586 κόσμῳ,
2334 517 2775 589 ἐναϐρυνόμενοι.
2797 520 2872 572 Ού
2899 518 3007 588 γὰρ
3028 517 3200 582 οὕτως
3219 514 3372 588 οἶμαι
3397 522 3506 582 τοῖς
3530 522 3663 574 ἐαυ-

2081 600 2178 668 τῆς
2203 601 2447 671 χρυσίοις
2473 603 2572 673 τὴν
2605 606 2841 672 γυναῖκα
2871 601 3328 667 καλλωπίζεσθαι,
3355 604 3429 666 ὡς
3459 604 3548 656 τὸν
3565 606 3663 659 ἄν-

2032 728 2039 745 ,
2081 681 2183 752 δρα
2212 686 2323 747 τοῖς
2344 685 2440 754 τῆς
2471 686 2746 753 γυναικός·
2779 686 2877 755 ούχ
2903 684 3074 747 οὕτως
3100 687 3191 737 ἐπὶ
3215 687 3282 755 τῇ
3303 684 3444 755 ζώνῃ
3476 689 3667 757 φρονεῖ

2078 769 2144 835 τῇ
2190 769 2390 838 χρυσῇ,
2443 767 2517 831 ὡς
2581 770 2672 821 ἐπί
2700 768 2777 838 τῷ
2838 769 2936 841 τὴν
2989 771 3222 837 γυναῖκα
3277 785 3660 838 χρυσοφορειν.

2084 849 2245 902 Ὥστε
2274 852 2368 902 καὶ
2394 850 2583 903 τούτου
2633 853 2790 921 ὑμεῖς
2826 852 3077 904 αἴτιοι·οί
3111 851 3200 904 τὸν
3253 851 3528 921 σπινθῆρα
3566 855 3662 905 ἐκ-

2080 933 2346 997 καίοντες,
2378 935 2472 988 καὶ
2493 935 2588 1006 τὴν
2642 935 2814 1002 φλόγα
2861 936 3213 996 ἀνάπτοντες,
3247 936 3453 998 ’Ἄλλως
3474 935 3549 999 δὲ,
3597 936 3661 989 οὐ

2078 1014 2330 1069 τοσοῦτον
2359 1016 2665 1088 ἁμάρτημά
2685 1018 2833 1071 ἐστιν
2859 1019 2952 1070 ἐπὶ
2979 1019 3257 1086 γυναικὸς,
3288 1019 3410 1070 ὅσον
3444 1018 3538 1070 ἐπὶ
3563 1020 3662 1072 άν-

2079 1098 2225 1169 δρός.
2282 1101 2351 1152 Σὺ
2377 1100 2607 1170 ἐτάχθης
2651 1101 2866 1171 ἐκείνην
2898 1100 3203 1170 ῥυθμίζεινο
3245 1099 3521 1171 πανταχοῦ
3551 1101 3662 1153 τῶν

2081 1182 2363 1251 πρωτείων
2390 1183 2560 1247 ἀξιοῖς
2584 1184 2892 1252 τυγχάνειν’
2922 1184 3116 1236 οὐκοῦν
3145 1184 3237 1235 καὶ
3276 1186 3334 1236 ἐν
3357 1184 3532 1254 τούτῳ
3555 1184 3661 1236 δεῖ-

2082 1265 2190 1329 ξον,
2209 1267 2290 1318 ὅτι
2320 1283 2404 1318 σοι
2425 1267 2521 1335 τῆς
2544 1266 2888 1330 πολυτελείας
2918 1268 3093 1329 οὐδεὶς
3114 1267 3268 1335 λόγος
3297 1267 3532 1337 ἐκείνης,
3550 1268 3659 1321 ἀπὸ

2078 1347 2186 1401 τῶν
2217 1348 2436 1404 σαυτοῦ.
2482 1350 2703 1403 Γυναικὶ
2750 1350 2948 1420 μᾶλλον
2974 1350 3277 1421 ἐπιτήδειον
3317 1350 3378 1403 τὸ
3436 1354 3661 1421 κοσμεῖ-

2083 1433 2226 1496 σθαι,
2262 1434 2295 1503 ἧ
2324 1434 2494 1504 ἀνδρί.
2515 1434 2684 1486 Ὅταν
2707 1430 2797 1487 οῦν
2830 1435 2893 1487 σὺ
2920 1434 3079 1497 αύτὺς
3107 1434 3181 1504 μὴ
3207 1434 3659 1507 διαφεύγῃς.πῶς

2081 1518 2262 1602 ἐκείνη
2313 1519 2694 1588 διαφεύξεται;
2734 1519 2993 1589 Ἔχουσιν
3047 1520 3248 1571 ἐκεῖναί
3276 1536 3328 1571 τι
3360 1519 3655 1585 κενόδοξον,

2080 1601 2215 1656 ἀλλὰ
2244 1603 2401 1657 τοῦτο
2459 1604 2637 1656 κοινὸν
2693 1604 2785 1657 καὶ
2818 1603 3049 1674 ἀνδρῶν·
3094 1604 3310 1674 ὀργίλαι
3355 1601 3472 1666 πώς
3527 1607 3654 1667 εἰσι,

2084 1691 2178 1742 καὶ
2208 1688 2361 1741 τοῦτο
2384 1688 2581 1743 κοινόν.
2600 1689 2687 1741 Ἐν
2713 1682 2792 1751 οἷς
2813 1687 2867 1740 δὲ
2888 1686 3319 1752 πλεονεκτοῦσιν,
3340 1688 3526 1740 οὐκέτι
3548 1705 3659 1740 κοι-

2082 1772 2169 1826 νάο
2204 1772 2301 1843 τὴν
2343 1772 2646 1843 σεμνότητα
2675 1771 2838 1840 λέγω,
2880 1772 2978 1842 τὴν
3018 1770 3342 1842 θερμότητα,
3369 1771 3467 1842 τὴν
3495 1772 3656 1824 εύλά-

2084 1858 2257 1919 ϐειαν,
2314 1855 2411 1927 τὴν
2452 1855 2579 1927 περὶ
2616 1854 2706 1907 τὸν
2747 1854 2981 1924 Χριστὸν
3013 1855 3255 1924 ἀγάπην.
3314 1855 3415 1907 Διά
3449 1856 3501 1907 τί
3560 1851 3657 1909 οὖν

2081 1939 2338 2012 ἀπεῖρξεν
2366 1938 2534 2002 αύτάς
2567 1937 2659 1991 τοῦ
2688 1937 2874 2008 θρόνου
2908 1936 3001 1990 τοῦ
3033 1936 3429 2001 διδασκαλικοῦ,
3484 1938 3653 2009 φησί;

2083 2032 2193 2085 Καὶ
2217 2032 2373 2083 τοῦτο
2400 2032 2624 2100 σημεῖον
2653 2028 2746 2081 τοῦ
2774 2028 2907 2080 πολὺ
2938 2028 2997 2080 τὸ
3031 2029 3191 2097 μέσον
3221 2024 3357 2080 εἶναι
3393 2028 3502 2080 τῶν
3557 2029 3654 2082 ἀν-

2082 2114 2245 2185 δρῶν,
2277 2114 2371 2167 καὶ
2398 2113 2638 2183 μεγάλας
2660 2108 2800 2165 εἶναι
2841 2111 2940 2173 τάς
2973 2111 3113 2163 τότε.
3139 2110 3351 2165 Παύλου
3380 2110 3488 2181 γὰρ
3506 2110 3655 2165 διδά-

2084 2216 2324 2262 σκοντος,
2356 2199 2477 2251 εἰπέ
2518 2214 2629 2269 μοι,
2672 2199 2766 2250 καὶ
2798 2197 3007 2267 Πέτρου
3034 2195 3127 2249 καὶ
3156 2196 3263 2247 τῶν
3293 2196 3463 2263 ἁγίων
3512 2196 3658 2247 ἐκεί-

2076 2300 2209 2345 νων,
2241 2283 2475 2350 γυναῖκα
2496 2280 2574 2350 τῷ
2593 2281 2880 2350 πράγματι
2913 2277 3183 2349 ἐπιπηδᾷν
3205 2278 3404 2347 ἐχρῆν;
3430 2278 3565 2329 Νυνὶ
3596 2277 3655 2329 δέ

2080 2370 2161 2431 είς
2189 2367 2347 2420 τοῦτο
2370 2364 2567 2428 κακίας
2587 2364 2888 2434 ὴλάοαμεν,
2912 2362 2986 2425 ὡς
3017 2363 3110 2414 καὶ
3138 2360 3452 2431 ζητήματος
3504 2359 3655 2425 ἀξιον

2081 2448 2241 2516 εἶναι,
2272 2450 2361 2503 διὰ
2394 2450 2447 2502 τί
2474 2452 2727 2517 γυναῖκες
2753 2448 2814 2500 ού
2847 2446 3205 2500 διδάσκουσιν·
3234 2443 3406 2507 οὕτως
3444 2444 3522 2506 είς
3553 2444 3655 2514 τὴν

2079 2537 2251 2605 αὐτὴν
2274 2535 2466 2594 αύταῖς
2494 2531 2781 2586 ἀσθένειαν
2812 2530 3067 2601 ἧλθομεν.
3091 2528 3274 2581 Ταῦτα
3311 2528 3411 2581 οὐκ
3439 2526 3655 2589 ἐκείνας

2081 2621 2285 2690 ἐπᾶραι
2311 2616 2630 2687 βουλόμενος
2661 2610 2834 2677 εἷπον,
2864 2612 2977 2666 ἀλλ’
3004 2614 3151 2683 ἡμᾶς
3179 2611 3373 2674 αὐτοὺς
3396 2608 3652 2680 ἐντρέψαι

2081 2708 2176 2758 καὶ
2199 2701 2487 2755 παιδεῦσαι
2517 2700 2609 2752 καὶ
2633 2696 2976 2767 νουθετῆσαι,
2991 2695 3131 2748 ὥστε
3148 2696 3244 2767 τὴν
3264 2696 3653 2766 προσήκουσαν

2082 2788 2212 2859 ἡμῖν
2238 2785 2413 2857 ἀρχὴν
2442 2781 2754 2848 ἀναλαϐεῖν,
2781 2779 2856 2850 μὴ
2886 2779 3025 2832 κατά
3047 2781 3108 2832 τὸ
3137 2779 3339 2850 μεῖζον,
3363 2778 3496 2831 ἀλλά
3513 2780 3653 2833 κατά

2081 2872 2179 2942 τὴν
2200 2869 2455 2940 πρόνοιαν
2495 2867 2588 2919 καί
2632 2863 2730 2935 τὴν
2762 2863 3095 2934 προστασίαν
3151 2862 3246 2915 καὶ
3281 2862 3381 2932 τὴν
3425 2862 3648 2932 ἀρετήν.

2084 2954 2240 3008 Οὕτω
2260 2951 2368 3023 γάρ
2384 2949 2478 3005 καὶ
2500 2949 2560 3002 τὸ
2588 2947 2747 3018 σῶμα
2769 2948 2826 2999 ἐν
2845 2944 2994 3010 τάξει
3019 2946 3171 2998 ἐσται
3190 2946 3256 3013 τῇ
3277 2943 3650 3015 προσηκούσῃ,

2074 3040 2202 3094 ὅταν
2236 3037 2456 3110 ἀρίστου
2492 3033 2588 3087 τοῦ
2622 3034 2886 3104 ἄρχοντος
2916 3030 3169 3101 ἐπιτύχῃ.
3206 3029 3419 3081 Γένοιτο
3463 3029 3521 3080 δέ
3558 3029 3654 3080 καὶ

2072 3124 2171 3187 τὰς
2190 3123 2453 3192 γυναῖκας
2474 3118 2567 3171 καὶ
2590 3118 2715 3178 τοὺς
2743 3114 2942 3185 ἄνδρας
2967 3114 3109 3167 κατά
3132 3113 3193 3166 τὸ
3218 3113 3300 3183 τῷ
3318 3111 3438 3181 Θεῷ
3458 3110 3654 3164 δοκοῦν

2075 3208 2319 3268 ἅπαντας
2345 3202 2515 3273 βιοῦν,
2550 3202 2637 3253 ἵνα
2664 3197 3093 3267 καταξιωθῶμεν
3114 3196 3351 3259 ἅπαντες
3384 3197 3443 3249 ἐν
3465 3195 3655 3268 ἐκείνῃ

2073 3295 2140 3363 τῇ
2162 3290 2367 3361 φοϐερᾷ
2391 3287 2573 3359 ἡμέρα
2600 3286 2700 3357 τῆς
2755 3280 3166 3351 φιλανθρωπίας
3209 3280 3517 3334 ἀπολαῦσαι
3556 3280 3652 3334 τοῦ

412 3359 615 3428 σμένας
641 3362 823 3435 εἴπῃς,
854 3364 1179 3439 φιλόκοσμόν
1221 3386 1337 3433 πως
1373 3359 1461 3427 ίτδ
1492 3373 1650 3442 γένος
1697 3375 1814 3429 ἐστὶ
1837 3359 1858 3442 ,⁷
1892 3377 1987 3431 καὶ
2081 3359 2371 3439 Δεσπότου,
2410 3373 2506 3426 καὶ
2540 3369 2648 3424 τῶν
2671 3363 3098 3436 ἐπηγγελμένων
3132 3364 3354 3432 ἀγαθῶν
3375 3364 3654 3434 ἐπιτυχεῖν

409 3442 564 3497 τοῦτο
592 3446 705 3517 ἔχει
751 3447 813 3501 τὸ
859 3448 1166 3523 ἐλάττωμα.
1220 3454 1381 3511 Ἀλλά
1425 3458 1530 3512 κάν
1570 3459 1746 3531 τούτῳ
1799 3463 1985 3516 νικᾶτε

2080 3463 2141 3515 ἐν
2168 3457 2389 3533 Χριστῷ
2425 3452 2602 3527 Ἰησοῦ
2635 3450 2713 3522 τῷ
2746 3448 2938 3523 Κυρίῳ
2967 3445 3144 3517 ἡμῶν.

474 3643 3575 3679 .._______________________________—————

1749 3834 1902 3909 [ωδ]
1934 3835 2183 3890 OMIAIA
2224 3835 2321 3889 IA'.

416 4006 513 4060 Διὸ
563 4005 922 4075 ἀποθέμενοι
977 4008 1042 4075 τι)
1102 4002 1360 4072 ψεῦδος,
1411 4002 1650 4075 λαλεῖτε
1672 3999 1983 4075 -ἁλή-θειαν

486 4070 915 4144 ἓκαστοςξιιετὰ
946 4073 1051 4128 τοῦ
1090 4070 1355 4144 πλησίον
1399 4072 1628 4144 αὐτοῦ,
1661 4070 1751 4124 ὅτι
1795 4071 1984 4144 ἐσμὲν

487 4140 780 4214 ἀλλήλωῦ
796 4145 976 4214 μέλη.
1014 4141 1355 4214 Ὸργίζεσθε,
1373 4142 1471 4196 καί
1487 4140 1571 4209 μὴ
1597 4140 1979 4214 ἁμαρτάνετεο

487 4220 519 4270 ὁ
546 4208 721 4283 ἥλιος
738 4208 822 4283 μὴ
850 4208 1139 4267 ἐπιδυέτώ
1156 4214 1264 4283 ,ἐπὶ
1286 4211 1365 4276 τῷ
1389 4208 1770 4282 παροργισμῷ
1792 4211 1977 4280 ὑμῶν·

480 4282 579 4356 μὴ
598 4282 794 4339 δίδοτε
826 4286 1009 4338 τόπον
1038 4283 1117 4349 τῷ
1142 4282 1417 4350 διαϐόλῳ,

486 4423 553 4472 α’.
576 4416 759 4471 Εἰπὼν
786 4415 878 4469 τὸν
899 4414 1125 4469 παλαιὸν
1139 4414 1424 4487 ἄνθρωπον
1444 4412 1764 4478 καθολικῶς,
1793 4412 1982 4467 λοιπὸν

415 4510 576 4563 αὐτὸν
606 4509 702 4563 καὶ
723 4506 1030 4579 ὑπογράφει
1059 4506 1201 4560 κατὰ
1228 4507 1411 4579 μέρος.
1439 4504 1587 4576 Αὕτη
1616 4506 1725 4577 γάρ
1747 4505 1983 4575 εὐμαθε-

415 4593 582 4663 στέρα
613 4594 646 4662 ἡ
672 4589 1018 4673 διδασκαλία,
1045 4590 1173 4673 ὅταν
1203 4592 1302 4643 καὶ
1323 4588 1467 4643 κατά
1498 4588 1675 4673 μέρος-
1694 4586 1980 4673 μανθάνω-

416 4690 535 4744 μεν.
584 4674 693 4727 Καὶ
740 4672 791 4725 τί
847 4669 1014 4741 φησι;
1069 4671 1165 4725 Διὸ
1211 4673 1564 4741 ἀποθέμενοι
1618 4669 1683 4724 τὸ
1730 4669 1979 4739 ψεῦδος.

413 4757 572 4810 Ποῖον
617 4754 845 4824 ψεῦδοςς
899 4757 980 4809 Τὰ
1027 4754 1221 4809 εἴδωλα
1278 4750 1389 4825 ἆρά
1433 4770 1627 4823 φησιν;
1677 4753 1980 4825 Οὐδαμῶςο

409 4839 605 4910 ψεῦδος
647 4838 747 4909 μὲν
777 4838 885 4910 γάρ
917 4839 1012 4893 καὶ
1037 4838 1245 4893 ταῦτα’
1288 4837 1424 4892 ἀλλά
1458 4835 1554 4889 νῦν
1590 4837 1652 4889 ού
1682 4838 1811 4907 περὶ⁹
1856 4837 1979 4890 τού-

408 4941 539 4977 των’
571 4923 725 4976 οὐδὲν
768 4922 876 4995 γὰρ
904 4924 1089 4986 αὐτοῖς
1119 4921 1299 4976 κοινὸν
1350 4920 1486 4991 πρὸς
1523 4919 1661 4974 αύτά
1684 4936 1697 4949 ·
1737 4919 1873 4973 ἀλλά
1920 4920 1983 4973 τὸ

412 5007 549 5077 πρὸς
578 5005 843 5074 ἀλλήλους
863 5005 1029 5075 φησὶ,
1066 5005 1330 5068 τουτέστι,
1355 5002 1419 5057 τὸ
1448 5002 1662 5073 δολερὸν
1691 5004 1784 5055 κοιῖ⁹
1819 5002 1982 5055 ὓπου-

409 5089 521 5143 λον.
549 5088 800 5143 Λαλεῒτε
824 5087 1114 5155 ἀλήθειαν
1132 5087 1391 5153 ἕκαστος
1407 5086 1559 5155 μετὰ
1583 5084 1689 5139 τοῦ
1716 5086 1983 5155 πλησίον

410 5172 618 5228 αὑτοῦ.
675 5167 806 5225 Εἶτα
857 5170 1042 5225 καὶτὸ
1078 5167 1595 5241 ἐντρεπτικώτερον,
1631 5168 1752 5221 Ὅτι
1794 5167 1983 5237 ἐσμὲν

409 5254 701 5322 ἀλλήλων
730 5253 921 5323 μέλη,
972 5253 1162 5325 μηδεὶς
1207 5252 1472 5307 ἀπατάτω
1518 5252 1610 5304 τὸν
1659 5249 1905 5321 πλησίον·
1951 5252 1980 5305 ὃ

411 5358 576 5410 φησιν
600 5341 628 5392 6
654 5338 958 5408 Ψαλμῳδὸς
984 5338 1095 5393 ἄνω
1120 5335 1216 5391 καὶ
1241 5338 1391 5391 κάτω
1413 5351 1427 5365 ⁶
1478 5337 1661 5404 Χείλη
1704 5334 1876 5391 δόλια
1908 5337 1980 5391 ἐν

409 5425 623 5494 καρδίᾳ
646 5464 661 5487 ,
700 5425 798 5477 καὶ
844 5422 913 5476 ἐν
963 5420 1176 5490 καρδίᾳ
1224 5419 1491 5487 ἐλάλησε
1539 5418 1713 5475 κακά.
1750 5419 1823 5472 Οὐ
1871 5420 1979 5487 γὰρ

411 5510 577 5571 ἔστιν,
612 5507 714 5561 ούκ
742 5506 887 5559 ἐστιν
914 5505 1064 5559 οὐδὲν
1094 5503 1267 5568 οὕτως
1318 5504 1515 5573 ἔχθραν
1555 5503 1760 5577 ποιοῦν,
1810 5504 1884 5567 ὡς
1918 5503 1979 5555 τὸ

412 5595 625 5663 ἀπατᾷν
675 5592 770 5644 καὶ
822 5587 1302 5659 παραλογίζεσθαι.
1366 5587 1508 5657 Ὅρα
1542 5574 1976 5655 πῶξδπανταχοῦ

413 5678 608 5740 αὐτοὺς
659 5676 897 5729 δυσωπεῖ
941 5673 1027 5726 διὰ
1059 5671 1149 5725 τοῦ
1204 5670 1474 5740 σώματος.
1531 5671 1621 5739 Μὴ
1666 5669 1974 5738 ψευδέσθω,

416 5762 598 5832 φησὶν,
631 5760 661 5812 6
685 5757 959 5829 ὀφθαλμὸς
984 5757 1074 5810 τὸν
1102 5754 1255 5820 πόδα,
1286 5752 1418 5825 μηδέ
1446 5753 1474 5806 6
1498 5752 1632 5818 ποῦς
1660 5752 1751 5809 τὸν
1776 5752 1977 5823 ὀφθαλ-

2084 4001 2205 4072 μόν.
2240 3996 2385 4063 Οίον,
2419 3996 2515 4051 ἐάν
2539 3995 2675 4068 βαθῦ
2708 3995 2927 4067 δρυγμα
2956 3989 3012 4068 ᾖ,
3044 3988 3164 4047 εἶτα
3193 3994 3402 4050 ἄνωθεν
3434 3992 3525 4045 ἐπὶ
3557 3990 3656 4062 τῆς

2080 4084 2186 4155 γῆς
2216 4083 2479 4153 καλάμων
2515 4082 2901 4151 διακειμένων,
2950 4080 3044 4134 καὶ
3076 4078 3182 4133 ὑπὸ
3216 4079 3313 4148 τῆς
3352 4081 3453 4150 γῆς
3486 4094 3654 4131 κεκα-

2079 4168 2393 4240 λυμμένων,
2439 4168 2495 4219 ἐν
2532 4167 2599 4235 τῇ
2652 4163 2946 4234 ἐπιφανείᾳ
3006 4160 3234 4233 στερεάς
3282 4162 3383 4231 γῆς
3438 4161 3657 4232 παρέχῃ

2080 4255 2236 4321 δόξαν
2270 4258 2381 4318 τοῖς
2412 4252 2730 4324 ὀφθαλμοῖς,
2776 4250 2897 4321 ούχὶ
2938 4248 3017 4320 τῷ
3060 4250 3182 4303 ποδὶ
3227 4250 3527 4321 χρήσεται,
3562 4250 3656 4303 καὶ

2080 4345 2289 4400 εἴσεται
2315 4344 2540 4416 πότερον
2573 4342 2698 4411 εἰκῆ
2732 4341 2828 4394 καὶ
2857 4338 3101 4395 διάκενόν
3122 4339 3238 4392 ἐστι
3261 4339 3431 4403 κάτω,
3462 4339 3497 4409 ἢ
3524 4339 3653 4392 ἀντ-

2080 4434 2275 4504 ερείδει
2315 4433 2408 4487 καὶ
2439 4431 2757 4494 ἀντιτυπεῖ;
2811 4429 2885 4499 μὴ
2917 4427 3175 4497 ψεύδεται
3224 4427 3253 4479 6
3296 4426 3469 4493 ποῦς,
3538 4427 3654 4480 ἀλλ’

2082 4523 2179 4592 οὐχ
2213 4523 2347 4592 ὅπερ
2378 4520 2525 4573 ἐστὶν
2572 4516 2942 4586 ἀπαγγέλλεις
2994 4515 3063 4567 Τὶ
3104 4514 3201 4582 δέ;
3239 4515 3288 4567 εί
3335 4514 3456 4585 ὅφιν
3493 4516 3590 4568 ἴδοι
3624 4517 3656 4568 6

2082 4612 2376 4682 ὀφθαλμὸς,
2416 4611 2448 4682 ἢ
2480 4610 2688 4681 θηρίον,
2721 4608 2797 4677 μὴ
2820 4606 3074 4676 ψεύδεται
3102 4606 3193 4658 τὸν
3236 4605 3407 4671 πόδας
3444 4607 3544 4660 ούκ
3568 4606 3656 4660 εύ-

2083 4700 2218 4763 θέως
2234 4697 2582 4767 ἀπαγγέλλει,
2619 4697 2870 4757 κάκεῖνος
2894 4696 3023 4764 παρ’
3047 4692 3213 4746 αὑτοῦ
3240 4692 3446 4763 μαθὼν,
3470 4694 3654 4749 οὐκέτι

2081 4787 2390 4856 ἐπέρχεται.
2422 4783 2487 4836 Τί
2523 4783 2609 4850 δέ;
2648 4783 2777 4836 ὅταν
2818 4782 2955 4851 μήτε
3001 4781 3029 4833 6
3081 4778 3377 4850 ὀφθαλμὸς,
3431 4780 3570 4850 μήτε
3624 4782 3655 4833 6

2081 4873 2216 4938 ποῦς
2244 4873 2379 4946 εὕρῃ
2409 4871 2723 4941 διαγνῶναι,
2781 4868 2917 4923 ἀλλά
2945 4868 3004 4922 τὸ
3029 4869 3138 4921 πᾶν
3184 4868 3282 4937 τῆς
3334 4868 3654 4938 ὀσφρήσεως

2079 4959 2135 5036 ᾗ,
2192 4960 2303 5016 οἷον
2343 4961 2568 5031 πότερον
2603 4956 3303 5030 δηλητήριον”φάρμακον,
3359 4956 3391 5027 ἢ
3449 4954 3534 5023 οὒ,
3577 4955 3655 5027 μὴ

2079 5050 2335 5120 ψεύδεται
2398 5050 2431 5116 ἡ
2462 5049 2725 5119 ὄσφρησις
2757 5046 2818 5101 τὸ
2845 5046 3055 5115 στόμα;
3109 5044 3390 5116 Οὐδαμῶς.
3425 5045 3523 5098 Διά
3554 5043 3609 5095 τί
3635 5060 3651 5108 ;

2081 5138 2193 5191 Καὶ
2216 5138 2323 5207 γάρ
2358 5136 2452 5190 καὶ
2479 5136 2680 5206 ἐαυτὴν
2714 5133 3171 5206 προσαπόλλυσιν⁹
3206 5132 3320 5185 ἀλλ’
3346 5133 3482 5200 ὅπερ
3511 5130 3650 5202 αύτῇ

2083 5211 2435 5294 παρίσταται,
2463 5221 2632 5292 λέγει.
2663 5222 2727 5275 Τί
2755 5222 2843 5289 δέ;
2870 5223 2904 5293 ἡ
2927 5220 3147 5290 γλῶσσα
3179 5219 3254 5290 μὴ
3276 5219 3530 5289 ψεύδεται
3558 5219 3654 5272 τὸν

2088 5313 2390 5383 στόμαχον;
2436 5311 2534 5364 οὐκ
2558 5310 2685 5364 ἔνθα
2713 5310 2810 5381 μέν
2842 5310 3041 5379 πικρὸν
3067 5305 3314 5383 ᾗ,‹τοῦτο
3348 5306 3551 5375 ῥίπτει,
3583 5306 3653 5360 ἂν

2083 5400 2140 5454 δέ
2162 5401 2354 5468 γλυκὺ,
2378 5398 2770 5470 παραπέμπει;
2820 5398 2964 5468 Ὅρα
2987 5395 3261 5451 διακονίαν
3290 5395 3383 5447 καὶ
3407 5394 3653 5460 δουλείας

2084 5487 2368 5541 ἀντίδοσιν·
2423 5487 2524 5555 ὅρα
2552 5485 2802 5556 πρόνοιαν
2855 5484 2914 5548 ἐξ
2968 5483 3221 5554 ἀληθείας
3255 5482 3650 5554 γεγενημένην,

2084 5576 2178 5628 καὶ
2205 5575 2476 5644 ἐκθύμως,
2504 5574 2579 5637 ὡς
2629 5572 2693 5627 ἄν
2720 5590 2804 5635 τις
2841 5572 3005 5625 εἴποι.
3065 5570 3218 5624 Οῦτω
3247 5569 3310 5641 δὴ
3344 5570 3440 5623 καλ⁵
3490 5572 3653 5640 ἡμεῖς

2086 5663 2161 5734 μὴ
2187 5661 2529 5732 ψευδώμεθα,
2570 5664 2617 5714 εἰ
2670 5660 2916 5729 ἀλλήλων
2948 5659 3082 5730 μέλη
3118 5659 3302 5727 ἐσμέν.
3338 5658 3507 5712 Τοῦτο
3565 5676 3653 5727 φι-

2082 5751 2205 5816 λίας
2235 5751 2551 5823 τεκμήριον,
2604 5749 2665 5803 τὸ
2712 5749 2769 5803 δέ
2807 5748 3045 5804 ἐναντίον
3078 5746 3297 5820 ἔχθρας.
3332 5748 3396 5802 Τί
3442 5743 3556 5814 οῦν,
3584 5747 3652 5802 ἂν
