4100 6412
445 308 545 364 101

446 418 795 493 ἐπιϐουλεύῃ,
826 416 993 491 φησί;
1020 416 1094 471 T6
1122 416 1317 487 ἀληθὲς
1346 416 1503 486 μάθε·
1537 416 1604 469 ἃν
1650 416 1758 486 γάρ
1792 414 2015 468 ἐπιϐου-

446 514 600 587 λεύῃ.
628 515 729 569 οὐκ
759 513 875 567 ἐστι
906 512 1084 583 μέλος.
1112 506 1248 565 Εἶπε
1278 511 1356 574 δὲ,
1374 511 1466 581 Μὴ
1498 511 1759 580 ψεύδεσθε
1786 510 1923 581 πρὸς
1954 509 2025 563 τά

451 610 603 687 [104]
634 613 792 684 μέλη.
836 592 1187 681 Ὀργίζεσΰε,
1228 608 1324 663 καὶ
1353 608 1440 679 μὴ
1471 609 1851 679 ἁμαρτάνετε.
1879 608 2026 679 Ὅρα

454 709 688 764 σύνεσιν·
719 711 814 763 καὶ
849 708 997 777 λέγει
1021 708 1168 770 ὅπως
1194 705 1267 777 μὴ
1308 706 1735 777 ἁμαρτήσωμεν,
1762 704 1856 758 καὶ
1878 720 2026 774 παρ-

453 806 794 869 ακούσαντας
819 804 980 859 πάλιν
1003 804 1103 857 ούκ
1127 801 1613 872 ἐγκαταλιμπάνει·
1644 801 1704 853 ού
1728 800 1833 871 γὰρ
1858 798 2026 868 ἀφίη-

459 918 542 954 σιν
569 901 732 954 αὑτοῦ
760 901 829 953 τὰ
858 899 1139 969 σπλάγχνα
1161 897 1231 951 τά
1245 896 1610 967 πνευματικά.
1631 896 1896 965 Καθάπερ
1918 894 2027 964 γάρ

456 1000 486 1052 6
514 996 693 1069 ἰατρὸς
710 995 1014 1066 διαγορεύει
1048 994 1145 1064 μὲν
1166 993 1234 1046 τά
1251 993 1497 1063 πρακτέα
1518 991 1598 1061 τῷ
1632 992 1912 1061 κάμνοντι,
1932 990 2027 1044 καὶ

460 1092 539 1163 μὴ
583 1091 949 1160 ἀνασχομένου
969 1089 1025 1141 δὲ
1062 1089 1211 1156 ὅμως
1256 1087 1318 1139 ού
1354 1087 1700 1155 καταφρονεῖ,
1747 1084 1882 1138 ἀλλά
1927 1085 2027 1155 τὴν

459 1192 524 1242 ἐκ
544 1187 643 1257 τῆς
678 1184 897 1249 πειθοῦς
915 1184 1147 1251 εἰσάγων
1169 1182 1496 1252 συμϐουλὴν,
1528 1180 1820 1251 θεραπεύει
1843 1179 2025 1245 πάλιν,

458 1284 602 1337 οὓτω
633 1282 727 1335 καὶ
761 1283 790 1334 6
841 1278 1069 1342 Παῦλος.
1109 1277 1168 1329 Ὀ
1210 1277 1309 1348 μὲν
1335 1278 1445 1347 γὰρ
1489 1278 1663 1330 ἐκεῖνο
1712 1274 1899 1340 ποιῶν,
1928 1276 2029 1346 τὴν

460 1379 622 1444 δόξαν
656 1378 813 1449 μόνον
840 1376 1023 1445 ζητεῖ,
1064 1376 1159 1428 καὶ
1202 1374 1284 1426 ὃτι
1316 1372 1692 1444 κατεφρονήθη
1737 1372 1989 1426 δάκνεται
2010 1387 2027 1401 ·

461 1478 490 1530 6
525 1475 582 1527 δὲ
615 1472 891 1542 πανταχοῦ
934 1472 1030 1541 τὴν
1061 1472 1249 1539 ὑγείαν
1274 1470 1367 1524 τοῦ
1402 1470 1699 1541 κάμνοντος
1732 1467 2030 1539 ἐπιζητῶν,

463 1571 599 1640 πρὸς
633 1568 689 1620 ἐν
716 1568 878 1619 τοῦτο
910 1566 1066 1636 μόνον
1098 1568 1220 1637 ὁρᾷ,
1268 1566 1415 1628 ὅπως
1467 1565 1747 1638 ἀναστήσῃ
1777 1564 1867 1616 τὸν
1914 1562 2029 1617 κεί-

467 1681 647 1734 μενον.
679 1662 848 1714 Τοῦτο
894 1662 988 1714 καὶ
1033 1662 1061 1713 ὁ
1112 1660 1321 1722 Παῦλος
1356 1661 1517 1713 ποιεῖ.
1572 1657 1708 1713 Εἷπε
1735 1697 1751 1722 ,
1780 1657 1872 1728 Μὴ
1898 1657 2032 1728 ψεύ-

462 1759 637 1812 δεσθε·
670 1760 719 1811 εἰ
743 1758 799 1809 δέ
829 1774 958 1809 ποτε
977 1756 1185 1824 γένοιτο
1203 1754 1311 1807 ἀπὸ
1337 1754 1563 1825 ψεύδους
1586 1754 1745 1825 ὀργὴ,
1770 1752 2035 1807 καὶτοῦτο

466 1854 760 1926 θεραπεύει
790 1853 971 1907 πάλιν.
995 1854 1059 1904 Τί
1081 1854 1188 1922 γάρ
1220 1867 1418 1922 φησινς
1459 1850 1807 1920 Ὀργίζεσθε,
1826 1850 1924 1903 καί
1949 1849 2034 1920 μὴ

467 1949 851 2021 ἁμαρτάνετε.
885 1948 1061 2002 Καλὸν
1089 1948 1187 2017 μὲν
1210 1947 1318 2016 γάρ
1341 1947 1401 1999 16
1431 1945 1506 2016 μὴ
1533 1945 1869 2016 ὀργίζεσθαι·
1901 1947 1949 1997 εί
1979 1945 2036 1997 δέ

466 2065 551 2109 τις
585 2045 812 2115 ἐμπέσοι
843 2045 970 2097 ποτέ
992 2044 1070 2107 είς
1098 2044 1159 2095 τὸ
1179 2042 1370 2108 πάθος,
1393 2040 1527 2094 ἀλλά
1560 2041 1633 2111 μὴ
1658 2042 1738 2103 εἰς
1758 2039 2032 2093 τοσοῦτον.

480 2144 536 2196 '0
560 2143 734 2211 ἣλιος
772 2142 897 2215 γὰρ,
934 2141 1103 2210 φησὶ,
1137 2138 1224 2209 μὴ
1264 2137 1551 2192 ἐπιδυέτω
1577 2136 1674 2189 ἐπὶ
1706 2133 1786 2199 τῷ
1827 2151 2041 2204 παρορ-

470 2237 662 2310 γισμῷ
686 2236 871 2306 ὑμῶν.
904 2234 1093 2288 Βούλει
1115 2235 1216 2303 τ’ἡς
1244 2234 1414 2306 ὀργῆς
1440 2230 1856 2303 ἐμπλησθῆναι;
1883 2232 2043 2300 ἀρκεῖ

471 2351 555 2386 σοι
585 2334 683 2403 μία
712 2312 831 2402 ῶρα
874 2332 967 2385 καὶ
1002 2330 1232 2399 δευτέρα
1261 2329 1355 2383 καὶ
1382 2328 1538 2398 τρίτη
1566 2344 1579 2358 ·
1617 2327 1693 2397 μὴ
1730 2325 2041 2380 καταλιπὼν

471 2428 703 2499 ἐχθροὺς
734 2427 878 2497 ὑμᾶς
900 2427 928 2479 ὁ
947 2425 1096 2496 ἥλιος
1120 2424 1363 2478 ἀπέλθοι.
1404 2423 1538 2477 ’Λπὸ
1563 2423 1896 2494 ἀγαθότητος
1944 2425 2043 2477 ἀν-

474 2523 666 2585 έτειλε,
690 2522 765 2592 μὴ
788 2520 1113 2591 ἀπερχέσθω
1141 2522 1221 2598 εἰς
1243 2518 1494 2585 ἀναξίους
1524 2516 1761 2588 λάμψας.
1798 2520 1860 2571 El
1886 2518 1993 2587 γὰρ
2016 2519 2045 2571 6

473 2619 749 2686 Δεσπότης
775 2617 937 2671 αὐτὸν
960 2615 1067 2671 ἀπὸ
1096 2614 1294 2683 πολλῆς
1325 2612 1659 2684 ἀγαθότητος
1689 2613 1922 2683 έπεμψε,
1954 2613 2046 2667 καὶ

473 2715 634 2777 αὐτὸς
664 2714 761 2783 μὲν
794 2712 972 2782 ἀφῆκέ
1002 2711 1175 2764 σοιτά
1212 2710 1604 2781 ἁμαρτήματα,
1634 2711 1698 2761 σὺ
1723 2709 1777 2762 δὲ
1809 2709 1886 2780 τῷ
1910 2710 2048 2780 πλη-

475 2811 590 2865 σίον
627 2810 729 2863 οὐκ
762 2809 949 2879 ἀφίης,
987 2809 1088 2879 ὅρα
1125 2808 1292 2861 πόσον
1322 2806 1383 2859 16
1431 2806 1620 2861 κακόν.
1670 2806 1779 2858 Καὶ
1826 2804 1953 2859 ἀλλο
1989 2806 2046 2861 δὲ

478 2907 618 2979 μετά
644 2904 855 2960 τούτου·
894 2904 1095 2958 δέδοικε
1122 2903 1220 2975 τὴν
1254 2902 1423 2957 νύκτα
1450 2904 1479 2956 6
1520 2902 1786 2973 μακάριος
1815 2902 2046 2971 Παῦλος,

370 3012 377 3029 .
480 3001 558 3072 μὴ
597 2998 837 3055 λαϐοῦσα
890 2998 979 3051 ἐπ’
1016 2997 1250 3069 ἐρημίας
1298 2996 1391 3050 16v
1448 2994 1776 3067 ἠδικημένον
1814 2996 1895 3051 ἔτι
1925 2997 2051 3067 φλε-

478 3096 800 3167 γμαίνοντα,
831 3094 1116 3168 ἀνακαύσῃ
1140 3094 1200 3147 16
1228 3093 1512 3164 πῦρ.Ἕως
1541 3095 1639 3165 μὲν
1657 3093 1766 3166 γάρ
1789 3096 1856 3149 ἀν
1881 3095 2052 3150 πολλά

482 3192 744 3264 ἐκκρούῃ,
772 3192 871 3260 τῆς
898 3191 1111 3263 ἡμέρας
1142 3188 1330 3260 οὔσης,
1358 3190 1534 3254 ἒξεστί
1562 3206 1643 3243 σοι
1673 3191 2048 3261 ἐμφορεῖσθαι³

482 3290 609 3342 ὅταν
640 3286 697 3340 δὲ
752 3285 932 3357 μέλλοι
984 3286 1193 3357 ἑσπέρα
1226 3284 1503 3354 γίνεσθαι,
1557 3286 1925 3339 καταλλάττου
1959 3290 2053 3343 καὶ

484 3384 796 3455 πρόσφατον
820 3381 1011 3434 σϐέσον
1034 3380 1097 3433 16
1122 3382 1309 3435 κακόν.
1340 3382 1439 3435 “Av
1458 3381 1566 3451 γάρ
1592 3380 1686 3446 νὺξ
1708 3382 2052 3450 ἐπιλάϐηται,

480 3480 585 3537 οὐκ
610 3480 838 3551 ἀρκέσει
868 3478 902 3549 ἡ
938 3477 1075 3549 μετὰ
1102 3477 1274 3531 ταῦτα
1294 3478 1477 3549 ἡμέρα
1505 3478 1566 3532 16
1594 3479 1856 3547 συναχθὲν
1886 3480 1978 3534 καὶ
1996 3482 2055 3535 ἐν

486 3580 556 3649 τῇ
585 3575 742 3630 νυκτὶ
791 3574 979 3627 σϐέσαι
1020 3574 1188 3627 κακόν
1209 3590 1228 3608 ·
1258 3574 1395 3628 ἀλλά
1437 3574 1539 3627 κᾶν
1577 3574 1639 3627 τὸ
1673 3574 1832 3630 πλέον
1861 3575 2055 3630 ὑποτέ-

488 3689 618 3747 μῃς,
654 3674 718 3724 τὸ
746 3672 803 3723 δέ
834 3670 954 3724 ὅλον
986 3670 1061 3741 μὴ
1090 3669 1344 3740 δυνηθῇς,
1385 3669 1546 3723 πάλιν
1583 3668 1799 3723 δίδωσιν
1825 3671 1934 3724 ἀπὸ
1964 3672 2055 3725 τοῦ

486 3767 904 3837 ὑπολειφθέντος
922 3770 987 3837 τῇ
1012 3766 1242 3839 ἐπιούσῃ
1263 3766 1418 3819 νυκτὶ
1440 3764 1800 3835 σφοδροτέραν
1821 3767 2059 3836 ἐργάσα-

488 3862 613 3915 σθαι
633 3860 731 3932 τὴν
763 3860 963 3932 πυράν.
992 3859 1104 3913 Καὶ
1126 3858 1375 3929 καθάπερ
1404 3860 1431 3911 6
1453 3858 1622 3929 ἥλιος,
1650 3859 1716 3912 ἂν
1742 3859 1803 3912 τὸ
1818 3861 2058 3930 νεφωθέν

491 3958 587 4012 καὶ
624 3956 906 4011 πυκνωθὲν
942 3954 1039 4010 τοῦ
1070 3956 1229 4028 ἀέρος
1255 3953 1344 4008 διά
1373 3955 1472 4024 τῆς
1508 3955 1700 4017 νυκτὸς
1746 3956 1823 4027 μὴ
1849 3958 2060 4032 ἀρκέσῃ

493 4056 559 4125 τῇ
590 4053 931 4124 καθημερινῇ
957 4050 1190 4123 μαλάξαι
1210 4051 1304 4105 καὶ
1330 4050 1679 4106 διασκεδάσαι
1702 4051 1900 4124 θέρμῃ,
1931 4054 2061 4107 ὑπό-

488 4149 637 4203 θεσιν
662 4148 927 4219 χειμῶνος
958 4146 1290 4217 παρέχεται,
1317 4146 1419 4216 τῆς
1446 4146 1639 4211 νυκτὸς
1665 4148 2061 4220 ἐπιλαϐομένης

488 4244 583 4299 τοῦ
637 4245 923 4314 λειψάνου,
978 4243 1073 4295 καὶ
1130 4241 1291 4296 πάλιν
1335 4241 1466 4295 αὐτὸ
1511 4242 1817 4314 τρεφούσης
1854 4245 2061 4315 ἑτέροις

493 4342 707 4412 ἀτμοῖς·
732 4340 878 4394 οὕτω
908 4338 1003 4392 καὶ
1029 4338 1121 4391 ἐπὶ
1146 4339 1245 4406 τῆς
1263 4338 1450 4410 ὀργῆς.
1482 4338 1645 4406 Μήτε
1662 4339 1858 4393 δίδοτε
1877 4342 2064 4395 τόπον

493 4433 575 4501 τῷ
601 4436 875 4499 διαϐόλῳ.
912 4434 1076 4487 Ὥστε
1104 4432 1164 4486 16
1186 4430 1444 4503 ἀλλήλους
1468 4432 1744 4502 πολεμεῖν,
1766 4434 1928 4486 τόπον
1948 4435 2064 4487 ἐστὶ

487 4530 673 4583 δοῦναι
703 4530 781 4601 τῷ
816 4520 1071 4598 διαϐόλῳ.’
1095 4528 1223 4581 Δέον
1250 4527 1358 4598 γάρ
1383 4526 1591 4591 πάντας
1615 4529 2061 4599 συμπεφράχθαι,

493 4628 589 4683 καὶ
609 4627 732 4681 κατ’
760 4626 970 4679 ἐκείνου
994 4625 1266 4687 ἵστασθαι,
1291 4624 1614 4687 ἐκλύσαντες
1643 4626 1801 4695 ἡμεῖς
1820 4626 1916 4696 τὴν
1934 4625 2067 4696 πρὸς

490 4723 697 4775 ἐκεῖνον
742 4720 962 4790 ἔχθραν,
1003 4721 1087 4772 ἐπ’
1115 4719 1376 4790 ἀλλήλους
1407 4719 1700 4790 κελεύομεν
1748 4719 2062 4790 τρέπεσθαι.

489 4816 758 4869 Οὐδέποτε
787 4814 895 4885 γὰρ
921 4812 1094 4877 οὕτως
1139 4812 1253 4885 ἔχει
1284 4813 1443 4867 τόπον
1471 4816 1501 4867 6
1545 4814 1787 4879 διάϐολος
1809 4853 1823 4879 ,
1870 4814 1946 4878 ὡς
1992 4816 2050 4869 ἐν

502 4914 621 4978 ταῖς
654 4911 898 4982 ἔχθραις.

571 5128 640 5203 β’.
656 5128 738 5183 Τά
766 5126 933 5199 μυρία
954 5126 1207 5182 ἐντεῦθεν
1237 5128 1382 5183 κακά
1404 5128 1667 5187 τίκτεται.
1686 5130 1795 5184 Καὶ
1821 5130 2070 5204 καθάπερ

492 5227 601 5290 ἕως
634 5227 730 5297 μὲν
752 5226 818 5279 ἂν
846 5220 988 5279 ὦσιν
1015 5226 1351 5297 ἡρμοσμένοι
1371 5223 1526 5289 λίθοι,
1575 5224 1669 5279 καὶ
1700 5226 1865 5297 μηδὲν
1888 5228 2070 5282 διάκε-

501 5341 594 5378 νον
627 5324 862 5394 ἑχοντες,
905 5324 1198 5394 ἑστήκασιν
1222 5322 1504 5394 ἀρραγεῖς·
1539 5320 1606 5374 ἂν
1631 5320 1688 5373 δὲ
1722 5321 1941 5391 βελόνης
1971 5324 2069 5392 μό-

502 5437 602 5489 νης
624 5400 903 5490 διάτρησιν
930 5417 1174 5490 διαμπὰξ
1191 5417 1583 5487 γεγενημένην,
1606 5417 1639 5487 ἢ
1669 5417 1874 5486 ραγάδα
1890 5419 2073 5492 τριχὸς

502 5514 807 5585 ἐπέχουσαν
838 5515 1001 5569 τόπον
1040 5513 1221 5586 συμϐῇ
1273 5512 1547 5581 γενέσθαι,
1580 5513 1737 5568 τοῦτο
1762 5515 1941 5569 πάντα
1976 5533 2073 5570 κα-

501 5611 689 5665 ταλύει
706 5614 798 5666 καὶ
813 5613 1124 5667 ἀπόλλυσιν·
1137 5611 1279 5667 οὕτω
1298 5612 1392 5666 καὶ
1412 5611 1504 5664 ἐπὶ
1523 5610 1671 5684 [105]
1694 5612 1786 5666 τοῦ
1807 5612 2069 5666 διαϐόλου·

502 5706 610 5773 hoc
633 5709 733 5779 μὲν
756 5708 821 5765 ἀν
859 5703 1010 5781 ὦμεν
1041 5708 1456 5781 πεπυκνωμένοι
1482 5708 1577 5763 καὶ
1610 5706 2067 5780 συνηρμοσμένοι,

1136 299 1197 356 S.
1235 296 1519 356 JOANNIS
1556 291 2037 353 CIIRYSOSTOMI
2075 293 2398 351 ARCHIEP.
2437 296 2981 354 CONSTANTINOP.

3589 301 3692 357 102

2124 416 2275 470 οὐδὲν
2300 416 2438 481 ὅλως
2459 419 2742 488 ἐπεισάγει
2776 419 2886 472 τῶν
2929 416 3115 472 αὐτοῦ·
3146 417 3363 472 ἐπειδάν
3387 417 3443 472 δέ
3497 417 3693 490 μικρὸν

2122 516 2269 586 ἡμᾶς
2303 516 2669 590 διαχαυνώσῃ.
2699 517 2949 589 καθάπερ
2992 534 3076 581 τις
3114 516 3447 587 χειμάρρους
3477 516 3694 586 ἐπιχέε-

2122 612 2544 682 ται.Πανταχοῦ
2592 614 2699 683 γάρ
2733 614 2905 684 ἀρχῆς
2961 611 3111 683 αύτῷ
3162 611 3321 682 χρεία
3359 611 3545 682 μόνης,
3599 611 3695 664 καὶ

2121 706 2280 760 τοῦτό
2305 708 2424 759 ἐστι
2449 708 2510 761 16
2553 708 3014 780 δυσκατόρθωτον·
3044 708 3235 762 τούτου
3283 706 3341 760 δὲ
3373 706 3692 777 γενομένου,

2124 804 2285 868 αὐτὸς
2315 805 2493 875 ἑαυτῷ
2515 807 2585 860 τά
2615 808 2790 862 πάντα
2817 806 3052 877 εὐρύνει·
3092 805 3274 859 λοιπὸν
3295 805 3403 875 γὰρ
3421 804 3695 869 διαϐολαῖς

2124 898 2191 951 τά
2221 893 2336 953 ῶτα
2364 901 2598 969 ἀνέῳγε,
2652 902 2747 954 καὶ
2767 903 2816 954 οί
2834 900 2903 953 τὰ
2932 900 3104 969 ψευδῆ
3141 899 3412 968 λέγοντες,
3441 898 3693 951 πιστότε-

2129 1011 2234 1063 ροι·
2264 995 2363 1066 τὴν
2396 997 2503 1068 γάρ
2537 996 2736 1068 ἔχθραν
2763 997 2945 1067 έχουσι
2970 995 3314 1061 δικάζουσαν,
3346 994 3407 1046 ού
3434 994 3533 1065 τὴν
3558 992 3695 1062 ἀλή-

2128 1090 2278 1143 θειαν
2308 1092 2617 1162 κρίνουσαν.
2654 1092 2763 1145 Καὶ
2794 1089 2979 1160 ὥσπερ
3016 1088 3196 1158 φιλίας
3248 1088 3437 1157 οὔσης.
3497 1088 3591 1141 καὶ
3624 1084 3695 1139 τά

2126 1184 2301 1255 ἀληθῆ
2333 1186 2498 1255 ψευδῆ
2528 1187 2773 1254 φαίνεται
2808 1185 2916 1237 τῶν
2952 1183 3156 1237 κακῶν·
3185 1183 3356 1247 οὕτως
3379 1181 3574 1253 ἔχθρας
3601 1178 3693 1233 οὔ-

2132 1296 2255 1349 σης,
2293 1282 2392 1334 καὶ
2418 1280 2487 1334 τά
2516 1281 2685 1352 ψευδῆ
2710 1279 2903 1351 ἀληθῆ’
2929 1280 3113 1352 ἕτερος
3136 1279 3279 1344 νοῦς,
3310 1277 3495 1347 ἕτερον
3541 1276 3693 1329 δικα-

2133 1379 2375 1450 στήριον,
2404 1381 2503 1433 οὐκ
2534 1379 2595 1444 ἐξ
2629 1380 2749 1448 ἴσης
2780 1377 2997 1442 ἀκοῦον,
3025 1378 3161 1432 άλλά
3187 1377 3327 1447 μετά
3362 1374 3564 1441 πολλῆς
3595 1374 3695 1442 τῆς

2132 1473 2505 1543 προσκλίσεως
2529 1474 2622 1528 καὶ
2643 1475 3018 1547 ἐπιρῤεπείας.
3046 1473 3311 1543 Καθάπερ
3339 1472 3447 1542 γὰρ
3468 1472 3525 1524 ἐν
3547 1469 3695 1539 ζυγῴ

2135 1569 2388 1638 μόλυϐδος
2419 1570 2737 1640 προστεθεὶς
2787 1570 2847 1623 16
2874 1570 2981 1622 πᾶν
3010 1568 3278 1622 εἵλκυσεν·
3313 1566 3458 1621 οὕτω
3482 1568 3576 1621 καὶ
3607 1568 3697 1619 ἐν·

2132 1666 2329 1727 ταῦθα,
2361 1666 2423 1719 16
2454 1667 2552 1735 τῆς
2572 1667 2771 1735 ἔχθρας
2803 1665 2986 1737 βάρος,
3025 1664 3287 1736 μολύϐδου
3320 1663 3698 1735 χαλεπώτερον

2134 1763 2212 1816 6v.
2246 1761 2356 1828 Διὸ,
2415 1763 2743 1833 παρακαλῶ,
2775 1763 2953 1817 πάντα
2986 1762 3337 1833 πράττωμεν,
3395 1760 3537 1814 ὥστε
3592 1761 3699 1831 πρὸ

2135 1858 2229 1913 τοῦ
2270 1858 2421 1929 ἡλίου
2455 1859 2738 1913 σϐεννύναι
2767 1857 2865 1921 τὰς
2892 1857 3109 1928 ἔχθρας.
3142 1858 3240 1911 Ἂν
3264 1858 3374 1927 γάρ
3398 1860 3465 1927 τῇ
3518 1856 3700 1927 ἡμέρᾳ

2136 1961 2203 2029 τῇ
2236 1957 2433 2030 πρώτῃ
2473 1957 2547 2028 μὴ
2593 1957 2871 2028 κρατήσῃς
2912 1956 3006 2009 καὶ
3032 1958 3099 2026 τῇ
3132 1954 3275 2025 ἐξῆς,
3304 1953 3561 2016 πολλάκις
3606 1953 3703 2006 καὶ

2141 2057 2219 2117 εἰς
2250 2056 2490 2108 ἐνιαυτὸν
2510 2052 2677 2123 αὐτὴν
2697 2052 2984 2117 ἐξέτεινας,
3006 2051 3100 2104 καὶ
3120 2049 3257 2120 αύτὴ
3274 2050 3468 2119 ἑαυτὴν
3498 2047 3704 2119 η’ύξησε

2139 2152 2322 2207 λοιπὸν
2355 2154 2388 2223 ἡ
2418 2152 2605 2223 ἔχθρα,
2631 2151 2723 2205 καὶ
2747 2152 2808 2204 ού
2835 2149 3005 2203 δεῖταί
3039 2166 3205 2212 τινος.
3231 2149 3340 2202 Καὶ
3362 2150 3581 2219 ῥήματα
3594 2146 3704 2217 γὰρ

2144 2251 2346 2322 ἑτέρως
2381 2249 2650 2320 λεγόμενα
2680 2249 2888 2319 ἑτέρως
2942 2246 3268 2300 ὑποπτεύειν
3327 2244 3574 2309 ποιοῦσα,
3610 2244 3706 2298 καὶ

2148 2352 2403 2421 σχήματα
2432 2353 2524 2403 καὶ⁵
2550 2324 2667 2403 πᾶν.
2690 2349 2867 2403 ὁτιοῦν
2896 2348 3140 2418 ἐκθηριοῖ
3177 2347 3269 2400 καὶ
3297 2347 3561 2415 ἐξαγριοῖ,
3612 2345 3710 2397 καὶ

2144 2447 2251 2500 τῶν
2284 2445 2624 2517 μαινομένων
2659 2445 2824 2517 χείρω
2880 2441 3203 2513 διατίθησιν,
3249 2441 3373 2495 οὔτε
3426 2443 3489 2496 τὸ
3540 2442 3710 2509 δνομα

2148 2545 2340 2606 εἰπεῖν,
2377 2541 2499 2595 οὔτε
2548 2541 2780 2596 ἀκοῦσαι
2828 2541 3150 2611 ἀνεχομένη,
3186 2540 3300 2593 ἀλλ’
3324 2538 3431 2593 ἀπὸ
3467 2537 3576 2590 τῶν
3601 2535 3711 2588 λοι-

2145 2641 2333 2711 δοριῶν
2358 2641 2570 2694 ᾶπαντα
2605 2638 2972 2709 φθεγγομένη.
3012 2637 3137 2701 Πῶς
3165 2632 3257 2690 οῦν
3290 2632 3598 2705 μαλάξομεν
3619 2631 3709 2685 τὸν

2147 2737 2348 2807 θυμόν;
2378 2736 2496 2801 πῶς
2543 2736 2806 2805 σϐέσομεν
2834 2735 2931 2805 τὴν
2981 2734 3192 2804 φλόγας
3250 2733 3348 2785 “Av
3398 2731 3467 2784 τά
3500 2727 3711 2783 ἑαυτῶν

2150 2836 2523 2905 ἁμαρτήματα
2558 2834 2922 2903 ἐννοήσωμεν,
2950 2832 3044 2885 καὶ
3069 2831 3192 2884 ὅσον
3218 2829 3382 2900 ἐσμὲν
3422 2828 3712 2882 ὑπεύθυνοι

2148 2930 2225 3001 τῷ
2251 2929 2388 3000 Θεῷ·
2414 2929 2478 2982 ἂν
2509 2930 2871 3000 ἐννοήσωμεν,
2918 2928 3001 2981 ὅτι
3050 2927 3110 2980 ού
3144 2926 3235 2980 τὸν
3286 2925 3479 2996 ἐχθρὸν
3510 2924 3713 2995 ἀμυνό-

2153 3024 2311 3095 μεθα,
2354 3024 2466 3076 ἀλλ’
2496 3024 2645 3093 ἡμᾶς
2675 3022 2891 3087 αὐτούς·
2953 3023 3019 3076 ἂν
3074 3022 3435 3091 ἐννοήσωμεν,
3488 3020 3571 3073 ὃτι
3621 3018 3714 3071 τὸν

2154 3124 2401 3180 διάϐολον
2430 3121 2811 3193 εύφραίνομεν,
2847 3123 2928 3175 ὃτι
2952 3122 3042 3175 τὸν
3067 3120 3259 3191 ἐχθρὸν
3286 3120 3377 3172 16v
3423 3119 3711 3189 ἡμέτερον,

2153 3224 2243 3278 16v
2274 3222 2442 3285 ὅντως
2466 3219 2679 3291 ἐχθρὸν,
2696 3220 2763 3273 δι’
2783 3218 2840 3272 ὂν
2862 3219 2920 3271 16
2946 3217 3106 3288 μέλος
3134 3215 3481 3286 τὸὴμέτερον
3501 3212 3718 3267 ἀδικοῦ-

2159 3338 2280 3394 μεν.
2317 3319 2503 3372 Βούλει
2536 3313 2673 3370 εἶναι
2734 3314 3065 3386 μνησίκακος
3093 3313 3186 3365 καὶ
3216 3310 3446 3382 ἐχθρόςς
3494 3308 3717 3379 Ἐχθρὸς

2153 3419 2267 3481 ἔσο,
2298 3415 2435 3471 ἀλλά
2465 3414 2559 3469 τοῦ
2585 3412 2856 3475 διαϐόλου,
2896 3412 2972 3482 μὴ
3002 3409 3097 3463 τοῦ
3134 3409 3325 3480 μέλους
3349 3406 3444 3461 τοῦ
3480 3406 3596 3459 σοῦ.
3620 3406 3719 3459 Διά

2153 3513 2315 3567 τοῦτο
2337 3512 2482 3581 ἡμᾶς
2517 3509 2723 3562 ὥπλισε
2747 3508 2824 3576 τῷ
2848 3506 3003 3576 θυμῷ
3022 3506 3050 3559 6
3070 3504 3221 3569 Θεὸς,
3238 3504 3337 3574 οὐχ
3369 3505 3458 3558 ἵνα
3485 3503 3545 3556 16
3568 3502 3719 3570 ξίφος

2155 3608 2295 3663 κατά
2314 3608 2423 3661 τῶν
2444 3608 2726 3679 ἡμετέρων
2751 3604 3039 3674 σωμάτων,
3064 3601 3181 3656 ἀλλ’
3208 3601 3297 3653 ἵνα
3316 3598 3505 3669 όλόκλη
3514 3615 3605 3670 ρον
3619 3598 3718 3668 τὴν

2160 3704 2434 3775 μάχαιραν
2483 3706 2561 3767 εἰς
2591 3702 2650 3755 16
2680 3700 2775 3754 τοῦ
2829 3699 3074 3753 διαϐόλου
3122 3697 3310 3767 στῆθος
3348 3694 3717 3765 βαπτίζωμεν.

2170 3802 2318 3855 Ἐκεῖ
2341 3799 2402 3853 16
2426 3799 2577 3867 ξίφος
2606 3798 2885 3866 ἐγκλεισον
2915 3797 3079 3866 μέχρι
3102 3793 3201 3862 τῆς
3237 3792 3427 3862 λαϐῆς,
3449 3791 3496 3843 εί
3517 3790 3716 3859 βούλει,

2158 3901 2252 3954 καλ⁵
2272 3898 2370 3968 τὴν
2398 3896 2566 3967 λαϐὴν
2596 3895 2783 3964 αὐτὴν,
2820 3896 2914 3948 καὶ
2953 3892 3220 3963 μηδέτεοτε
3248 3888 3551 3959 ἐκσπάσῃς,
3581 3885 3720 3941 ἀλλὰ

2160 3997 2255 4050 καὶ
2281 3998 2461 4066 ἐτερυ»
2498 3993 2749 4065 πρόσθες.
2773 3991 2943 4044 Τοῦτο
2985 3988 3041 4040 δὲ
3063 3988 3234 4051 ἔσται,
3268 3988 3394 4040 ὅταν
3418 3982 3575 4055 ἡμῶν
3604 3999 3721 4052 φει-

2158 4092 2398 4163 δώμεθα,
2431 4091 2556 4145 ὅταν
2585 4087 2875 4159 εἰρηνικῶς
2903 4086 3039 4156 πρὸς
3065 4082 3326 4153 ἀλλήλους
3355 4077 3719 4149 διακεὼμεθα.

2173 4190 2410 4261 Ἐρῤέτω
2440 4189 2718 4257 χρήματα,
2780 4181 2985 4254 ἐρρέτω
3033 4179 3157 4245 δόξα
3210 4178 3305 4231 καὶ
3351 4175 3720 4246 εύδοκίμησις·

2162 4284 2379 4337 πάντων
2420 4282 2480 4335 16
2525 4280 2683 4351 μέλος
2735 4277 2795 4332 16
2830 4277 2961 4347 ἐμὸν
2995 4273 3117 4345 ἐμοὶ
3165 4271 3509 4344 τιμιώτερον.
3539 4268 3726 4323 Ταῦτα

2162 4376 2406 4447 λέγωμεν
2437 4374 2572 4447 πρὸς
2595 4371 2818 4436 ἐαυτούς
2838 4386 2854 4401 ⁸
2912 4369 2986 4441 μὴ
3010 4369 3107 4440 τὴν
3134 4366 3295 4437 φύσιν
3324 4365 3595 4435 ἀδικῶμεν
3626 4364 3726 4435 τὴν

2163 4475 2457 4547 ἡμετέραν,
2480 4474 2565 4527 ἵνα
2621 4473 2873 4543 χρήματα
2903 4466 3254 4538 κτησώμεθα.
3287 4466 3375 4518 ἵνα
3403 4463 3558 4533 δόξης
3602 4463 3728 4514 ἐπι-

2165 4575 2438 4646 τύχωμεν.
2501 4571 2562 4625 '0
2614 4570 2909 4631 κλέπτων,
2945 4560 3497 4634 μηκέτικλεπτέτω,
3540 4560 3725 4629 φησίν.

2178 4673 2339 4743 Ὁρᾷς
2370 4668 2491 4723 τίνα
2518 4666 2586 4720 τά
2624 4665 2757 4736 μέλη
2786 4660 2879 4715 τοῦ
2908 4659 3137 4714 παλαιοῦ
3159 4657 3442 4730 ἀνθρώπου
3467 4672 3481 4721 ;
3511 4654 3726 4725 ψεῦδος,

2169 4763 2520 4838 μνησικακία,
2546 4761 2739 4824 κλοπή.
2761 4758 2861 4811 Διά
2887 4756 2939 4810 τί
2965 4756 3039 4827 μὴ
3066 4752 3240 4817 εἶπεν,
3277 4754 3333 4806 '0
3355 4752 3599 4805 κλέπτων
3634 4768 3730 4802 κο-

2166 4863 2429 4929 λαζέσθω,
2460 4858 2848 4932 βασανιζέσθω,
2889 4852 3287 4925 στρεϐλούσθω,
3321 4850 3478 4915 ἀλλά,
3507 4848 3729 4915 Μηκέτι

2169 4960 2481 5016 κλεπτέτω
2501 4974 2515 4987 ·
2552 4955 2793 5026 μᾶλλον
2819 4951 2888 5006 δὲ
2920 4949 3179 5006 κοπιάτω
3228 4947 3613 5017 ἐργαζόμενος
3663 4944 3729 4997 τὸ

2168 5057 2395 5127 ἀγαθὸν
2448 5053 2577 5119 ταῖς
2629 5050 2863 5120 χερσιν,
2923 5048 3025 5101 ἵνα
3065 5046 3178 5116 ἔχῃ
3225 5043 3603 5114 μεταδιδόναι
3653 5040 3733 5106 τῷ

2173 5154 2382 5225 χρείαν
2408 5152 2611 5221 ἔχοντι
2632 5164 2649 5212 ,'
2672 5146 2783 5201 Ποῦ
2800 5147 2849 5198 οί
2871 5143 3115 5213 Καθαροὶ
3140 5142 3439 5211 λεγόμενοι,
3455 5140 3504 5192 οί
3534 5138 3732 5202 παντὸς

2175 5253 2346 5325 ῥύπου
2373 5250 2654 5320 γέμοντες,
2688 5245 2783 5299 καὶ
2812 5243 2971 5297 τοῦτο
3021 5242 3246 5304 ἑαυτοὺς
3290 5240 3574 5309 ὀνομάζειν
3611 5240 3731 5290 τολ-

2175 5348 2420 5421 μῶντες;
2450 5344 2605 5400 Ἔστι
2637 5341 2769 5413 γὰρ,
2798 5339 2946 5393 ἐστιν
2971 5337 3345 5393 ἀποδύσασθαι
3368 5337 3430 5390 16
3460 5337 3729 5405 ἔγκλημα,

2171 5449 2232 5502 οὐ
2259 5445 2335 5517 τῷ
2389 5445 2579 5511 στῆναι
2612 5440 2770 5512 μόνον
2797 5437 2892 5491 τοῦ
2927 5434 3078 5510 [106]
3130 5435 3545 5507 ἁμαρτήματος,
3598 5431 3735 5485 ἀλλά

2173 5537 2269 5591 καὶ
2290 5533 2365 5604 τῷ
2384 5532 2586 5601 ἀγαθόν
2601 5548 2652 5585 τι
2674 5526 3031 5599 ἐργάσασθαι.
3059 5525 3251 5595 Ὁρᾶτε
3272 5524 3389 5587 πῶς
3408 5521 3735 5577 ἀπολύεσθαι

2173 5623 2243 5679 τά
2279 5624 2647 5693 ἁμαρτήματα
2681 5619 2794 5683 δεῖς
2823 5611 3115 5682 Ἕκλεψαν,
3137 5612 3291 5666 τοῦτό
3329 5614 3445 5665 ἐστι
3467 5610 3528 5663 16
3559 5608 3737 5679 ἀμάρ-

2179 5731 2245 5783 τη
2255 5730 2329 5784 μα
2357 5710 2577 5780 πρᾶξαι·
2600 5709 2697 5763 οὐκ
2726 5704 2980 5775 ἔκλεψαν,
3006 5701 3165 5757 τοῦτο
3188 5703 3287 5757 οὐκ
3309 5702 3423 5757 ἐστι
3462 5700 3522 5756 16
3555 5697 3737 5771 ἀμάρ-
