4100 6412
432 220 525 279 ιοί

429 343 499 397 ab
533 353 600 394 eo
643 326 910 397 didicerit,
952 346 1056 386 non
1101 328 1332 401 amplius
1376 327 1566 399 pergit.
1618 323 1760 393 Quid
1801 331 2000 385 autem,

430 430 644 505 quando
680 442 854 499 neque
880 426 1067 482 oculus
1093 464 1107 487 ,
1140 438 1312 495 neque
1336 436 1429 493 pes
1458 421 1720 475 invenerit
1741 415 2008 488 quomodo

432 526 723 585 discernat,
755 520 848 575 sed
877 529 1045 573 totum
1072 517 1141 571 sit
1169 516 1445 575 odoratus.
1463 522 1523 567 ut
1553 522 1730 567 utrum
1756 511 1828 565 sit
1850 523 2009 563 vene-

434 633 561 673 num
603 614 762 670 letale
810 626 981 666 necne
1004 651 1020 676 ,
1054 624 1182 663 num
1206 621 1268 661 os
1298 606 1433 661 fallit
1460 604 1747 667 odoratus?
1771 601 2007 655 Minime.

434 708 647 778 Quare?
671 706 802 762 Nam
828 704 1061 772 seipsum
1087 714 1296 769 quoque
1326 696 1498 767 perdit
1525 697 1569 749 si
1596 695 1743 748 fallat
1768 710 1783 747 :
1810 691 1904 747 sed
1932 690 2012 745 di-

435 804 508 858 cit
535 799 674 869 quod
704 796 805 851 sibi
835 792 1088 848 occurrit.
1115 788 1251 858 Quid
1276 803 1406 843 vero
1430 788 1609 856 lingua
1627 827 1640 846 .
1668 783 1871 838 fallitne
1897 792 2011 835 sto-

432 894 683 949 machum
708 890 732 943 ?
763 882 867 941 n'on
896 900 1017 939 cum
1050 897 1286 936 amarum
1316 879 1534 950 quidem
1564 876 1774 940 viderit,
1807 874 2009 943 rejicit;

436 987 517 1042 sin
556 992 735 1040 autem
777 979 932 1035 dulce
951 1018 966 1043 ,
997 973 1344 1031 transmittit?
1390 970 1520 1027 Vide
1550 967 1900 1024 ministerium
1920 1007 1933 1029 ,
1956 974 2016 1020 et.

439 1078 710 1132 servuutis
732 1068 1218 1127 remunerationem
1252 1084 1266 1121 :
1296 1064 1417 1119 vide
1442 1078 1624 1117 curam
1653 1069 1709 1116 et
1735 1058 2016 1131 providen-

442 1170 566 1223 tiam
592 1184 659 1222 ex
690 1166 916 1219 veritate
945 1169 1116 1215 ortam
1141 1200 1157 1225 ,
1189 1159 1345 1228 idque
1396 1156 1557 1210 alacri
1588 1162 1640 1209 et
1668 1161 1933 1223 prompto,
1961 1158 2019 1205 ut

444 1261 512 1314 ita
543 1257 749 1320 dicam,
778 1254 979 1306 animo.
1010 1249 1087 1304 lla
1110 1264 1212 1303 nos
1239 1262 1451 1317 quoque
1478 1261 1545 1300 ne
1574 1245 1895 1299 mentiamur
1919 1256 2017 1295 nec

440 1353 717 1410 fallamus,
747 1347 792 1401 si
823 1359 1007 1399 sumus
1054 1342 1189 1395 alter
1236 1340 1456 1393 alterius
1492 1336 1752 1391 membra.
1781 1334 1896 1389 Hoc
1937 1344 2021 1387 est

444 1443 695 1498 iudicium
718 1438 1000 1499 amicitiae;
1024 1434 1352 1489 contrarium
1372 1438 1550 1484 autem
1601 1425 2017 1482 inimicitiarum.

445 1534 581 1604 Quid
606 1548 759 1595 vero,
790 1530 980 1599 inquit,
1009 1527 1056 1580 si
1091 1522 1404 1580 insidietur?
1444 1519 1596 1591 Quod
1617 1528 1806 1574 verum
1832 1527 1913 1571 est
1936 1516 2020 1572 di-

448 1642 537 1681 sce
566 1642 580 1678 :
612 1639 735 1678 nam
762 1624 806 1677 si
837 1619 1140 1683 insidietur,
1175 1630 1284 1671 non
1312 1622 1396 1670 est
1420 1612 1733 1667 membrum.
1764 1610 1905 1664 Dixit
1927 1623 2023 1661 au-

451 1731 576 1780 tem,
607 1716 685 1771 Ne
714 1711 1040 1767 ltlellllamini
1068 1709 1326 1765 adversus
1357 1704 1615 1761 membra.
1641 1701 1951 1767 Irascimini,
1979 1710 2027 1754 et

453 1811 604 1864 nolite
643 1822 870 1877 peccare.
922 1804 1054 1860 Vide
1098 1800 1415 1871 sapientiam
1446 1815 1459 1852 :
1491 1807 1547 1853 et
1590 1796 1722 1851 dicit
1760 1794 2029 1867 quomodo

454 1917 557 1955 non
589 1912 895 1969 peccemus,
923 1903 978 1949 et
1003 1908 1097 1948 eos
1124 1893 1211 1962 qui
1242 1906 1347 1946 non
1374 1888 1676 1945 obedierint
1711 1902 1896 1941 rursus
1925 1901 2028 1940 non

455 1993 706 2061 relinquit
736 2008 749 2044 :
782 2004 886 2043 non
913 1988 1055 2040 enim
1088 1983 1308 2040 dimittit
1331 1983 1535 2038 viscera
1576 1996 1672 2036 sua
1711 1979 2028 2050 spiritualia.

457 2085 603 2141 Sicut
646 2083 787 2138 enim
832 2078 1069 2133 medicos
1094 2084 1296 2145 mgroto
1324 2073 1541 2144 quidem
1571 2072 1700 2127 dicit
1746 2086 1864 2140 quae
1910 2078 2034 2124 sunt

460 2174 657 2245 agenda
680 2189 696 2238 ;
720 2169 863 2243 quod
893 2170 937 2224 si
968 2168 1060 2223 ille
1090 2176 1147 2221 ut
1169 2182 1231 2221 ea
1260 2166 1417 2221 faciat
1441 2179 1546 2218 non
1573 2161 1904 2225 sustinuerit,
1928 2175 2031 2214 non

458 2278 639 2321 tamen
668 2278 790 2318 eum
819 2260 1063 2331 despicit,
1098 2259 1190 2313 sed
1220 2254 1593 2328 persuadendo
1619 2254 1877 2307 adhibens
1900 2268 2035 2306 cott-

463 2360 658 2420 silium,
687 2368 868 2408 rursus
894 2360 1046 2406 curat
1073 2368 1086 2404 :
1117 2350 1186 2404 ita
1216 2350 1377 2403 etiam
1401 2345 1615 2401 Paulus.
1639 2344 1771 2399 Nam
1793 2344 1880 2413 qui
1906 2342 2035 2396 illud

465 2452 679 2522 quidem
701 2448 845 2512 facit,
865 2461 1056 2517 nempe
1076 2445 1163 2515 qui
1186 2443 1429 2514 despicit.
1455 2441 1675 2512 gloriam
1701 2439 1872 2494 solum
1892 2453 2013 2507 quae
2027 2471 2042 2482 ς

467 2545 566 2608 rit,
598 2550 653 2597 et
696 2554 839 2609 aegre
877 2539 980 2593 fert
1021 2535 1162 2606 quod
1206 2535 1276 2589 sit
1315 2541 1651 2600 contemptus
1681 2548 1695 2582 :
1725 2530 1814 2599 qui
1862 2541 2039 2584 autem

468 2646 679 2700 semper
702 2628 891 2699 quaerit
916 2628 1200 2681 sanitatem
1252 2623 1566 2689 laborantis,
1592 2620 1698 2674 hoc
1743 2636 1905 2673 unum
1951 2635 2039 2672 so-

471 2726 579 2778 lum
608 2730 813 2793 spectat
843 2730 900 2774 ut
928 2719 1192 2789 iacentem
1243 2716 1508 2771 restituat.
1538 2713 1651 2768 lloc
1680 2728 1892 2784 quoque
1921 2714 2045 2766 facit

475 2814 670 2871 Paulus
699 2812 903 2875 dicens,
935 2809 1109 2864 Nolite
1130 2806 1344 2863 mentiri
1373 2823 1388 2860 :
1416 2805 1461 2860 si
1486 2805 1698 2876 quando
1722 2816 1898 2860 autem
1929 2814 2044 2857 orta

474 2908 543 2962 sit
566 2907 642 2961 ira
671 2920 744 2960 ex
764 2899 1041 2958 mendacio
1063 2942 1079 2967 ,
1114 2901 1214 2955 hoc
1242 2910 1453 2969 quoque
1491 2913 1677 2952 rursus
1715 2906 1885 2951 curat.
1910 2896 2046 2965 Quid

475 2998 617 3054 enim
646 2996 815 3051 dicit?
844 2992 1150 3058 Irascimini,
1180 3001 1228 3046 et
1275 2991 1429 3044 nolite
1474 3006 1699 3061 peccare.
1736 2989 1940 3043 Bonum
1969 2997 2052 3043 est

478 3091 620 3145 enim
668 3102 774 3141 non
816 3084 1008 3146 irasci;
1039 3082 1133 3137 sed
1160 3082 1205 3136 si
1232 3083 1351 3152 quis
1379 3081 1663 3149 aliquando
1690 3080 1739 3133 in
1770 3094 1889 3134 eam
1915 3080 2049 3135 inci-

480 3180 619 3236 derit
641 3179 871 3247 culpam,
896 3192 963 3229 ne
995 3185 1169 3229 tamen
1196 3174 1265 3228 sit
1288 3173 1558 3228 diuturna.
1588 3173 1703 3235 Sol,
1738 3172 1925 3242 inquit,
1952 3187 2055 3225 non

483 3271 677 3325 occidat
702 3285 853 3337 super
870 3266 1184 3321 iracundiam
1204 3274 1435 3319 vestram.
1456 3262 1549 3317 Vis
1578 3265 1652 3317 ira
1683 3262 1929 3332 impleri?
1948 3261 2057 3317 suf-

488 3364 598 3418 ficit
625 3363 715 3417 tibi
747 3376 852 3414 una
880 3361 1009 3413 hora
1035 3369 1090 3414 et
1118 3358 1283 3412 altera
1309 3365 1365 3412 et
1393 3358 1580 3421 tertia;
1607 3371 1674 3411 ne
1694 3356 1842 3411 vobis
1861 3356 2059 3411 relictis

489 3455 714 3510 inimicis
742 3453 822 3507 sol
851 3451 1083 3507 recedat.
1114 3450 1273 3505 Ortus
1294 3458 1378 3505 est
1397 3464 1425 3502 a
1454 3451 1688 3505 bonitate
1712 3466 1725 3503 :
1754 3464 1821 3504 ne
1846 3449 2063 3505 recedat

488 3561 608 3601 cum
630 3544 825 3599 luxerit
850 3541 986 3611 apud
1016 3541 1282 3611 indignos.
1306 3539 1437 3594 Nam
1465 3541 1510 3594 si
1538 3541 1793 3593 Dominus
1819 3555 1939 3595 eum
1964 3540 2060 3593 mi-

492 3636 562 3690 sit
578 3650 642 3690 ex
664 3634 825 3688 multa
848 3633 1102 3697 bonitate,
1124 3639 1176 3685 et
1197 3640 1412 3701 peccata
1435 3630 1529 3683 tibi
1557 3630 1780 3693 remisit,
1803 3638 1858 3682 tu
1884 3641 2060 3683 autem

497 3725 737 3792 proximo
763 3738 867 3777 non
892 3721 1145 3785 remittis,
1169 3720 1290 3775 vide
1317 3730 1571 3791 quantum
1600 3721 1670 3774 sit
1692 3721 1906 3775 malum.
1929 3720 2063 3774 Cum

493 3817 598 3870 hoc
626 3825 804 3871 autem
835 3814 976 3867 malo
1000 3821 1084 3867 est
1107 3811 1253 3867 aliud
1280 3826 1490 3882 quoque
1517 3826 1533 3863 :
1568 3811 1715 3867 timet
1740 3811 1930 3866 Paulus
1948 3851 1966 3876 ,
2001 3828 2067 3866 ne

499 3912 543 3964 si
573 3924 674 3964 nox
696 3923 818 3963 eum
843 3907 934 3978 qui
955 3914 1038 3961 est
1066 3904 1259 3976 injuria
1286 3904 1508 3959 allectus
1535 3904 1586 3958 in
1613 3905 1900 3959 solitudine
1924 3905 2068 3959 inve-

504 4002 643 4056 nerit
668 3998 1075 4063 inflammatum,
1106 4000 1281 4069 ignem
1320 3997 1595 4052 accendat.
1629 3996 1756 4051 Nam
1795 3997 2067 4067 quamdiu,

498 4092 627 4147 dum
671 4101 755 4147 est
796 4090 947 4152 dies,
981 4090 1144 4143 multa
1196 4090 1435 4152 excutis,
1465 4088 1589 4143 licet
1632 4088 1725 4143 tibi
1770 4088 2020 4142 exsatiari
2053 4104 2068 4140 :

501 4183 714 4256 quando
740 4188 917 4237 autem
965 4189 1185 4237 ventura
1211 4189 1294 4235 est
1317 4194 1537 4250 vespera
1563 4222 1577 4244 ,
1610 4178 1952 4234 reconciliare
1973 4218 1991 4243 ,
2019 4188 2074 4233 et

505 4289 695 4331 recens
718 4272 913 4328 malum
940 4273 1238 4342 exstingue.
1268 4270 1398 4325 Nam
1425 4271 1468 4324 si
1496 4285 1599 4323 nox
1629 4269 2036 4340 apprehenderit
2056 4312 2070 4333 ,

508 4382 612 4423 non
644 4365 837 4437 poterit
865 4364 980 4420 dies
1012 4376 1263 4433 sequens,
1310 4362 1505 4416 malum
1537 4373 1697 4415 noctu
1725 4377 1937 4432 quoque
1979 4377 2073 4415 co-

508 4469 683 4513 actum
711 4466 766 4512 et
792 4463 1164 4525 congregatum
1194 4453 1530 4522 exstinguere
1555 4468 1569 4516 ;
1612 4452 1706 4506 sed
1731 4452 1936 4505 etiamsi
1966 4468 2078 4505 ma-

506 4549 677 4619 jorem
709 4556 911 4616 partem
942 4544 1257 4609 resecueris,
1289 4551 1457 4597 totum
1492 4551 1668 4597 autem
1717 4558 1822 4597 non
1864 4545 2035 4612 possis
2057 4584 2073 4609 ,

510 4639 602 4695 dat
627 4653 811 4693 rursus
850 4637 1091 4706 sequenti
1136 4635 1277 4689 nocti
1320 4650 1386 4689 ex
1429 4649 1494 4689 eo
1534 4634 1673 4703 quod
1711 4644 1795 4690 est
1837 4636 2077 4689 relictum

512 4730 766 4800 majorem
794 4743 980 4799 rogum
1013 4726 1307 4781 faciendum
1339 4744 1351 4779 :
1381 4734 1437 4780 et
1462 4725 1599 4780 sicut
1626 4727 1725 4792 sol,
1757 4727 1801 4780 si
1832 4728 1972 4796 quod
1998 4735 2081 4781 est

511 4824 651 4877 aeris
673 4823 724 4876 in
752 4822 944 4875 nubem
968 4827 1207 4874 coactum
1236 4827 1289 4873 et
1316 4817 1698 4874 condensatom
1726 4833 1821 4889 per
1846 4832 2077 4885 noctem,

514 4930 620 4969 non
649 4913 878 4983 potuerit
901 4913 1076 4967 calore
1105 4912 1296 4966 diurno
1320 4911 1531 4967 mollire
1553 4919 1610 4966 et
1637 4910 1963 4981 dispergere,
1992 4927 2082 4967 oc-

512 5004 657 5058 casio
678 5003 943 5073 pra-betur
967 5003 1319 5070 tentpestatis,
1347 5001 1472 5055 dum
1496 5017 1599 5055 nox
1623 5002 1875 5071 reliquias
1895 5017 2083 5077 appre-

516 5094 792 5157 henderit,
823 5104 878 5147 et
902 5107 994 5147 eas
1023 5108 1208 5147 rursus
1252 5092 1369 5147 aliis
1419 5094 1701 5162 vaporibus
1741 5094 1932 5149 aluerit
1963 5112 1977 5146 :
2011 5095 2083 5151 ita

514 5186 675 5238 etiam
704 5185 755 5238 iu
784 5184 882 5237 ira.
915 5180 1091 5235 Nolite
1136 5183 1298 5236 locum
1339 5183 1462 5237 dare
1506 5183 1727 5239 diabolo.
1759 5183 1938 5254 Itaque
1967 5185 2082 5239 bel-

516 5274 622 5329 lum
653 5273 752 5328 sibi
779 5282 965 5327 mutuo
991 5272 1206 5338 inferre,
1232 5281 1315 5327 est
1340 5272 1514 5327 locum
1541 5273 1668 5329 dare
1691 5274 1924 5330 diabolo.
1952 5275 2111 5337 Nam,

515 5380 637 5420 eum
679 5372 951 5435 oporteret
974 5378 1163 5419 omnes
1190 5362 1348 5418 simul
1374 5378 1493 5419 esse
1519 5365 1849 5436 constipatos
1877 5375 1932 5420 et
1958 5380 2087 5421 eon-

518 5459 767 5513 deusatos
793 5498 808 5523 ,
836 5466 891 5512 et
913 5457 1169 5511 adversus
1198 5456 1345 5509 illum
1373 5466 1549 5523 stare,
1575 5456 1763 5513 solutis
1806 5473 1924 5528 qua:
1963 5469 2088 5513 sunt

520 5553 671 5606 nobis
692 5567 812 5606 cum
835 5551 924 5605 illo
946 5549 1253 5612 inimicitiis,
1269 5549 1517 5616 jubemus
1537 5558 1595 5603 ut
1616 5549 1750 5605 alter
1778 5549 1830 5605 in
1859 5551 2085 5606 alterum

851 5740 1117 5799 Parnm.
1165 5737 1282 5795 Gn.
1334 5735 1521 5796 LXII.

1300 206 1364 269 IN
1399 204 1618 268 EPIST.
1659 209 1751 263 AD
1782 200 2029 262 EPllliS.
2064 201 2221 259 CAP.
2262 204 2354 259 ιγ.
2398 204 2629 262 llOMIL.
2672 203 2812 261 XIV.

3582 207 3685 263 ΗΕ

2118 332 2511 378 convertamur.
2539 321 2837 392 Numquam
2873 322 3016 378 enim
3058 322 3232 377 locum
3275 325 3352 379 sic
3386 322 3545 381 habet
3571 324 3689 379 dui-

2114 411 2266 466 bolus
2295 423 2353 467 ut
2381 413 2433 465 in
2464 412 2772 468 inimicitiis.

2182 503 2238 558 2.
2281 502 2672 558 Inimicitiarum
2710 505 2845 560 mala
2870 522 2891 560 :
2919 507 3171 577 quomodo
3199 508 3300 562 sint
3336 508 3593 564 sedanda.
3617 538 3688 551 —-

2116 594 2250 649 Hinc
2294 595 2432 649 mala
2473 605 2765 651 nascuntur
2802 597 3100 653 innumera.
3155 598 3225 654 Et
3265 600 3403 655 sicut
3440 600 3692 669 quamdiu

2114 689 2330 761 quidem
2357 698 2483 745 sunt
2509 692 2771 760 compacti
2804 691 3008 760 lapides
3029 733 3044 758 ,
3079 708 3253 763 neque
3281 693 3571 763 quidquam
3602 694 3695 747 lia-

2118 782 2246 837 bent
2285 798 2549 847 vacuum,
2584 792 2728 840 stant
2773 784 3022 848 infracti;
3067 785 3149 839 sin
3190 793 3368 840 autem
3411 786 3697 857 contigerit

2117 876 2285 929 solius
2313 892 2441 931 acus
2486 875 2601 930 fieri
2635 874 3052 945 perforationcm
3094 886 3187 931 aut
3227 886 3502 946 rupturam
3528 917 3544 942 ,
3575 893 3695 947 qua;

2116 968 2276 1022 unius
2305 968 2395 1041 pili
2424 969 2595 1023 solum
2627 968 2804 1022 locum
2835 977 3035 1033 teneat,
3066 978 3235 1022 totum
3267 984 3477 1023 murum
3507 983 3698 1038 perva-

2119 1058 2334 1115 dentem
2355 1101 2371 1119 ,
2412 1059 2512 1113 hoc
2539 1042 2727 1113 omnia.
2757 1059 3003 1113 dissolvit
3031 1070 3085 1114 et
3115 1060 3324 1129 perdit:
3354 1060 3427 1114 ita
3454 1061 3614 1115 etiam
3646 1062 3698 1114 iu

2127 1150 2383 1214 diabolo;
2415 1153 2666 1220 quamdiu
2707 1152 2920 1221 quidem
2967 1154 3225 1207 fuerimus
3253 1154 3523 1223 conjuncti
3567 1169 3699 1210 con-

2135 1242 2452 1311 densatique
2478 1258 2541 1296 ac
2571 1243 2708 1298 bene
2732 1245 3016 1313 compacti,
3048 1244 3176 1297 nihil
3201 1244 3419 1299 omnino
3450 1244 3609 1300 infert
3635 1261 3700 1302 ex

2125 1331 2190 1385 iis
2216 1349 2333 1402 qua:
2361 1349 2455 1386 sua
2484 1344 2646 1399 sunt;
2676 1334 2887 1403 quando
2930 1344 3108 1390 autem
3138 1351 3236 1391 nos
3274 1352 3459 1405 parum
3489 1338 3700 1391 mollie-

2124 1424 2210 1486 rit,
2237 1431 2504 1494 tamquam
2529 1436 2739 1480 torrens
2759 1426 2975 1495 quidam
3004 1427 3197 1483 inﬂuit.
3228 1429 3287 1482 Ei
3315 1430 3458 1483 enim
3488 1444 3702 1499 semper

2126 1515 2242 1568 solo
2268 1530 2404 1585 opus
2422 1524 2507 1571 est
2530 1516 2718 1582 initio;
2750 1527 2805 1571 et
2831 1516 2933 1572 hoe
2956 1526 3043 1572 est
3067 1518 3210 1588 quod
3240 1518 3528 1574 difficulter
3554 1534 3701 1577 recte

2126 1608 2465 1676 componitur
2494 1624 2509 1661 :
2533 1606 2636 1679 hoc
2654 1618 2832 1662 autem
2860 1609 2996 1663 facto
3020 1612 3132 1679 ipse
3157 1610 3257 1665 sibi
3279 1612 3455 1665 omnia
3479 1612 3702 1667 dilatat:

2128 1699 2384 1766 deinceps
2411 1698 2555 1753 enim
2578 1714 2736 1754 aures
2761 1701 2935 1770 aperit
2954 1700 3255 1764 calumniis,
3284 1711 3337 1756 et
3369 1703 3431 1756 iis
3452 1705 3542 1773 qul
3573 1704 3710 1759 falsa

2130 1788 2317 1844 dicunt
2344 1790 2515 1859 major
2544 1789 2827 1845 adhibetur
2853 1790 2989 1846 fides
3021 1809 3036 1846 :
3068 1807 3190 1846 nam
3222 1792 3585 1863 disceptantes
3615 1796 3715 1849 ha-

2132 1882 2263 1939 bent
2301 1882 2625 1949 inimicitias,
2656 1898 2762 1938 non
2797 1883 3124 1954 judicantem
3155 1887 3450 1941 veritatem.
3481 1889 3550 1943 Et
3574 1890 3712 1946 sicut

2134 1974 2179 2028 si
2224 1973 2293 2029 sit
2334 1974 2591 2038 amicitia.
2616 1976 2777 2030 etiam
2819 1975 2960 2031 mala
2985 1990 3111 2031 vera
3153 1976 3403 2032 videntur
3439 1978 3607 2045 falsa;
3636 1981 3709 2035 ita

2135 2064 2296 2119 etiam
2322 2063 2367 2119 si
2395 2064 2506 2120 sint
2538 2064 2832 2120 inimicit'ae
2857 2106 2873 2129 ,
2905 2065 3068 2121 etiam
3110 2067 3240 2122 falsa
3268 2068 3516 2124 videntur
3534 2086 3660 2125 vera
3693 2087 3707 2124 :

2137 2154 2241 2209 alia
2271 2162 2354 2209 est
2378 2170 2551 2221 mens,
2585 2155 2726 2211 aliud
2748 2155 3029 2226 judicium,
3060 2172 3165 2211 non
3191 2172 3263 2213 ex
3286 2174 3440 2229 :equo
3467 2160 3712 2224 audiens,

2140 2247 2233 2302 sed
2266 2262 2387 2303 cum
2429 2264 2619 2318 magna
2664 2248 3013 2305 inclinatione
3054 2259 3110 2305 et
3147 2252 3202 2305 in
3243 2251 3465 2307 alteram
3508 2263 3716 2324 partem

2144 2339 2515 2408 propensione.
2545 2339 3005 2407 Quemadmodum
3027 2341 3171 2397 enim
3198 2357 3250 2396 tn
3280 2342 3414 2397 libra
3443 2344 3716 2414 plumbum

2142 2432 2379 2487 additum
2410 2440 2579 2493 totum
2609 2432 2770 2487 trahit
2801 2450 2814 2487 :
2844 2433 2914 2487 ita
2946 2432 3033 2488 hic
3060 2434 3221 2490 etiam
3249 2434 3456 2504 pondus
3482 2436 3717 2492 inimici-

2146 2525 2337 2577 tiarum
2360 2564 2376 2587 ,
2407 2537 2528 2578 cum
2574 2523 2645 2579 sit
2686 2524 2904 2594 plumbo
2929 2526 3167 2595 gravius.
3199 2525 3560 2593 Quamobrem
3589 2544 3720 2599 rogo

2145 2627 2362 2682 agamus
2388 2614 2564 2668 omnia
2593 2654 2610 2680 ,
2642 2622 2701 2668 ut
2727 2624 2852 2669 ante
2880 2614 3010 2669 solis
3039 2630 3288 2671 occasum
3318 2616 3723 2690 exstinguamus

2149 2702 2475 2758 inimicitias.
2505 2702 2638 2758 Nam
2677 2704 2720 2758 si
2749 2706 2923 2775 primo
2946 2713 3003 2759 et
3027 2707 3270 2775 sequenti
3295 2707 3384 2762 die
3409 2722 3503 2765 eas
3533 2718 3721 2764 tenue—

2152 2797 2249 2865 ris,
2281 2812 2426 2867 sazpe
2454 2799 2613 2854 etiam
2642 2797 2708 2852 ad
2737 2813 2934 2852 annum
2964 2814 3132 2870 usque
3160 2799 3403 2857 extendis
3422 2840 3439 2867 ,
3461 2808 3520 2856 et
3536 2801 3603 2857 de
3622 2814 3726 2855 ca:-

2153 2898 2267 2943 tcro
2296 2889 2429 2959 ipsaa‘
2452 2888 2655 2959 seipsas
2681 2899 2876 2959 augent
2906 2889 3222 2956 inimicitiae.
3251 2906 3353 2947 nec
3376 2892 3555 2962 aliquo
3581 2893 3724 2948 indi-

2151 2987 2311 3049 gent;
2335 2987 2389 3033 et
2404 2994 2521 3048 qua:
2541 2978 2698 3034 alites
2713 2978 2968 3035 dicuntur
2981 2978 3137 3036 aliter
3156 2981 3417 3051 suspicari
3444 2981 3721 3049 facientes,

2155 3071 2315 3125 etiam
2344 3079 2526 3142 gestus
2556 3070 2876 3144 habitusque
2903 3083 2960 3130 et
2984 3073 3259 3145 quodlibet
3302 3074 3538 3132 furorem
3579 3079 3727 3134 inve-

2157 3161 2323 3228 ltunt,
2360 3170 2415 3217 et
2440 3161 2679 3217 efficiunt
2705 3173 2762 3217 ut
2788 3163 2939 3234 pejus
2972 3179 3032 3221 se
3057 3164 3286 3221 habeant
3312 3182 3472 3238 quam
3502 3168 3724 3237 furiosi,

2160 3253 2236 3306 ira
2265 3269 2438 3324 neque
2467 3269 2663 3310 nomen
2700 3255 2880 3311 dicere
2906 3270 3006 3311 nec
3047 3257 3234 3314 audire
3279 3260 3594 3329 sustinente,
3636 3264 3728 3317 sed

2161 3358 2226 3396 ex
2255 3344 2550 3398 maledictis
2576 3354 2631 3397 et
2659 3345 2915 3400 conviciis
2951 3346 3198 3417 loquente
3224 3350 3422 3404 omnia.
3449 3351 3729 3418 Quomodo

2163 3449 2292 3503 ergo
2321 3434 2454 3488 iram
2484 3432 3105 3506 mollicmus?quomodo
3134 3437 3399 3495 ﬂammam
3425 3444 3732 3514 exstingue-

2165 3525 2329 3580 mus?
2363 3525 2418 3580 Si
2457 3535 2639 3580 nostra
2676 3526 2916 3595 ipsorum
2961 3538 3173 3598 peccata
3215 3542 3396 3587 mente
3422 3549 3733 3606 versemus,

2167 3631 2229 3671 ac
2256 3627 2509 3688 quantum
2544 3618 2652 3672 Deo
2678 3619 2998 3683 debeamus,
3030 3630 3085 3676 et
3119 3622 3185 3677 ad
3213 3625 3263 3679 ei
3292 3626 3616 3684 reddendam
3645 3646 3734 3685 ra-

2170 3708 2369 3763 tionem
2406 3710 2576 3764 simus
2603 3710 2818 3765 obnoxii
2849 3727 2862 3763 :
2896 3714 2938 3765 si
2967 3712 3262 3782 cogitemus
3303 3718 3444 3785 quod
3476 3735 3584 3775 non
3611 3721 3735 3777 ulei-

2171 3801 2372 3854 scimur
2399 3801 2694 3866 inimicum,
2727 3801 2821 3856 sed
2863 3818 2958 3856 nos
2984 3802 3130 3872 ipsos
3160 3822 3174 3858 :
3207 3807 3250 3859 si
3276 3809 3570 3877 cogitemus
3594 3813 3738 3882 quod

2172 3891 2442 3946 diabolum
2472 3892 2653 3945 laetitia
2692 3892 2952 3948 aflicimus
2972 3934 2989 3961 ,
3021 3905 3263 3951 nOstrum
3296 3897 3566 3955 inimicum
3591 3941 3608 3965 ,
3652 3906 3741 3973 qui

2175 3999 2300 4038 vere
2327 3992 2408 4037 est
2435 3983 2702 4049 inimicus,
2733 3996 2951 4054 propter
2977 4002 3133 4053 quem
3164 3989 3405 4043 membro
3437 4001 3624 4047 nostro
3663 3994 3742 4048 in-

2170 4074 2365 4143 juriam
2398 4072 2642 4127 facimus.
2678 4073 2769 4128 Vis
2799 4085 3029 4144 acceptae
3059 4075 3263 4145 injuria:
3289 4093 3408 4134 esse
3439 4096 3664 4149 memor,
3695 4094 3749 4139 et

2176 4164 2423 4219 inimicus
2441 4163 2466 4215 ?
2491 4163 2576 4219 Sis
2603 4163 2871 4230 inimicus,
2897 4166 2990 4220 sed
3019 4166 3238 4233 diaboli,
3262 4184 3367 4223 non
3395 4173 3618 4228 membri
3649 4178 3746 4231 tui.

2180 4257 2469 4326 Propterea
2507 4273 2606 4312 nos
2650 4258 2829 4312 animo
2867 4267 2921 4312 et
2958 4259 3034 4314 ira
3076 4262 3299 4315 armavit
3341 4263 3513 4329 Deus,
3555 4284 3663 4323 non
3695 4280 3753 4324 ut

2181 4363 2365 4403 ensem
2393 4350 2444 4403 in
2475 4359 2654 4402 nostra
2681 4365 2907 4418 corpora
2927 4349 3221 4420 adigamus,
3245 4352 3338 4406 sed
3368 4364 3425 4407 ut
3452 4365 3618 4411 totum
3637 4359 3753 4428 gla-

2181 4438 2325 4493 dium
2366 4440 2420 4492 in
2463 4439 2661 4493 diaboli
2705 4449 2890 4509 pectus
2937 4440 3336 4511 immergamus.
3384 4445 3496 4501 Illic
3538 4440 3754 4506 include

2157 4545 2366 4614 .ensem
2395 4545 2562 4597 usque
2584 4531 2648 4584 ad
2679 4531 2950 4599 capulum,
2981 4532 3025 4585 si
3054 4533 3157 4597 vis,
3188 4543 3240 4588 et
3272 4533 3444 4603 ipsum
3466 4541 3747 4608 capulum,

2185 4638 2285 4677 nec
2320 4637 2572 4691 umquam
2613 4622 2873 4677 evulseris
2893 4662 2907 4685 ,
2939 4622 3031 4676 sed
3059 4624 3219 4678 etiam
3253 4626 3390 4681 adde
3427 4629 3609 4685 alium.
3639 4633 3753 4689 Hoc

2183 4724 2360 4768 autem
2391 4715 2480 4767 fiet
2501 4712 2712 4783 quando
2741 4714 2892 4766 nobis
2919 4713 3046 4782 ipsis
3077 4730 3377 4783 parcemus,
3401 4722 3616 4789 quando
3636 4726 3752 4793 pla-

2184 4816 2299 4861 cate
2319 4810 2456 4860 inter
2481 4821 2578 4859 nos
2598 4803 2770 4860 affecti
2790 4806 3011 4860 erimus.
3041 4805 3266 4862 Pereant
3288 4813 3547 4879 pecunize,
3572 4826 3755 4883 pereat

2186 4898 2351 4967 gloria
2399 4907 2451 4951 et
2504 4897 2640 4950 bona
2691 4897 3018 4951 existimatio
3059 4914 3279 4954 :meum
3330 4903 3632 4961 membrum
3673 4922 3756 4963 est

2191 4995 2321 5049 mihi
2363 4994 2609 5048 omnibus
2648 4993 2958 5063 pretiosius.
3002 4992 3126 5049 llaec
3166 4994 3307 5066 apud
3348 5013 3445 5053 uos
3474 4999 3753 5058 dicamus:

2189 5088 2265 5142 Ne
2294 5097 2491 5141 nostra:
2534 5095 2736 5139 naturae
2781 5085 3026 5153 iujuriam
3069 5085 3361 5155 faciamus,
3411 5099 3466 5144 ut
3504 5097 3759 5160 pecunias

2191 5178 2559 5248 acquiramus,
2592 5184 2647 5230 ut
2673 5175 2896 5245 gloriam
2925 5190 3329 5245 consequamur.
3362 5178 3451 5233 28.
3477 5179 3578 5245 Qui
3614 5187 3758 5253 fura-

2192 5280 2310 5334 tur,
2344 5270 2457 5339 jam
2501 5283 2601 5320 non
2645 5271 2874 5337 (aretur,
2915 5266 3106 5336 inquit.
3158 5266 3319 5323 Vides
3362 5286 3604 5338 quamam
3651 5275 3760 5328 sint

2192 5362 2431 5418 membra
2453 5359 2650 5414 veteris
2681 5358 2952 5412 hominis?
2981 5359 3337 5425 mendacium,
3367 5374 3598 5433 accepta:
3622 5366 3757 5435 inju~

2193 5448 2295 5510 ria:
2317 5452 2647 5515 recordatio,
2690 5452 2910 5505 furtum.
2942 5449 3052 5506 Cur
3085 5460 3261 5505 autem
3304 5470 3407 5507 non
3446 5455 3614 5521 dixit,
3657 5460 3758 5527 Qui

2194 5546 2428 5609 furatur,
2461 5544 2748 5612 castigetur
2773 5584 2787 5608 ,
2815 5552 3121 5612 torqueatur
3145 5582 3161 5607 ,
3201 5543 3294 5597 sed
3319 5586 3335 5610 ,
3379 5544 3496 5600 Non
3539 5550 3759 5616 amplius

2199 5641 2433 5712 furatur?
2461 5637 2625 5709 Magis
2645 5646 2811 5691 autem
2837 5638 3021 5691 labore!
3047 5636 3299 5705 operando
3324 5638 3504 5692 bonum
3532 5644 3760 5694 manibus

3355 5738 3394 5798 ‘7
