4100 6412
331 188 464 242 Ἶσῦ

340 303 462 355 suis
480 339 496 366 ,
526 307 583 353 sit
613 298 790 353 Itabeat
818 298 952 351 unde
980 296 1162 350 tribuat
1202 296 1545 350 necessitatem
1572 288 1804 361 patienti.
1835 286 1937 342 Ubi

357 399 483 446 sum
510 392 599 460 qui
619 391 872 444 dicuntur
890 386 1106 444 Cathari
1136 389 1237 459 (a).
1266 388 1319 442 id
1342 397 1426 441 est
1446 385 1654 448 mundi,
1684 388 1773 453 qui
1794 381 1939 435 omni

358 481 520 537 sorde
552 482 695 555 pleni
737 480 809 535 ita
844 495 905 534 se
947 479 1148 534 audent
1191 477 1520 533 nominare?
1547 477 1730 530 Potest
1758 474 1900 529 enim
1920 514 1936 538 ,

350 582 536 643 potest
565 573 769 627 crimen
797 572 920 627 exui
944 613 959 638 ,
992 586 1099 625 non
1128 570 1300 624 solum
1328 584 1395 624 eo
1420 567 1561 639 quod
1592 567 1880 621 dcsistatur
1907 580 1937 619 a

354 674 599 734 peccato,
634 664 726 719 sed
757 664 921 719 etiam
948 678 1013 718 eo
1038 662 1182 733 quod
1220 663 1314 717 tiat
1344 661 1542 716 bonum
1574 658 1809 729 aliquod.
1848 658 1938 712 Vi-

356 758 498 812 detis
522 756 787 827 quomodo
806 763 1056 825 oporteat
1075 768 1272 809 exuere
1293 763 1511 823 peccata
1533 752 1556 805 ?
1575 750 1756 806 Furati
1777 758 1935 815 sunt;

359 850 461 905 hoc
487 857 571 904 est
608 861 882 919 peccatum
918 848 1201 903 admittere
1230 864 1245 902 :
1274 862 1382 901 non
1426 845 1585 901 furati
1633 855 1795 912 sunt;
1837 845 1941 901 hoc

358 958 465 996 non
490 952 567 997 est
592 952 866 1012 peccatum
889 941 1141 1004 solvere;
1171 938 1265 994 sed
1290 937 1605 1008 quomodo?
1630 937 1686 991 Si
1722 936 1938 993 labora-

357 1042 520 1096 runt,
563 1042 620 1087 et
647 1033 765 1087 aliis
792 1032 1167 1101 impertierunt
1192 1049 1204 1082 :
1230 1030 1309 1085 sic
1335 1029 1610 1085 solverunt
1636 1038 1935 1099 peccatum.

358 1122 473 1177 Non
503 1124 615 1178 vult
642 1123 814 1178 solum
842 1139 939 1178 nos
969 1123 1233 1186 laborare,
1257 1121 1352 1176 sed
1378 1121 1447 1175 ita
1476 1120 1721 1175 laborare
1743 1130 1797 1174 ut
1819 1120 1939 1173 aliis

356 1216 726 1284 impertiamus
748 1234 768 1269 ς
800 1230 922 1269 nam
959 1216 1118 1269 etiam
1155 1215 1247 1284 qui
1284 1214 1490 1268 furatur
1513 1222 1801 1283 operatur,
1842 1212 1938 1267 sed

357 1311 578 1363 malum.
617 1309 708 1364 29.
757 1308 936 1363 Omnis
974 1325 1136 1362 sermo
1183 1308 1350 1361 malus
1397 1323 1460 1361 ea:
1502 1323 1590 1360 ore
1635 1316 1795 1360 uestro
1839 1323 1940 1360 non

356 1402 615 1470 procedat.
645 1400 776 1469 Quis
798 1410 880 1455 est
904 1415 1084 1456 sermo
1108 1401 1277 1455 malus
1303 1400 1327 1452 ?
1356 1398 1427 1465 Is,
1450 1415 1606 1468 quem
1630 1402 1789 1454 etiam
1812 1398 1942 1453 dicit

355 1495 610 1559 otiosum,
629 1493 913 1557 detractio,
936 1492 1219 1547 obscenius
1238 1505 1440 1554 sermo,
1465 1490 1783 1554 scurrilitas,
1807 1490 1941 1545 Stul-

358 1586 661 1656 tiloquium.
706 1584 872 1640 Vides
918 1583 1192 1655 quomodo
1236 1583 1502 1639 exscindit
1554 1583 1648 1639 ira:
1693 1582 1937 1651 radices,

358 1679 691 1734 mendacium
718 1722 731 1744 ,
760 1680 993 1746 furtum,
1026 1681 1452 1749 intempestivam
1480 1679 1939 1749 disputationem?

359 1772 489 1827 Illud
518 1784 720 1836 autem,
756 1772 878 1827 Non
906 1774 1126 1841 amplius
1156 1778 1372 1841 furetur,
1407 1789 1511 1828 non
1539 1783 1645 1828 tam
1676 1774 1803 1828 dicit
1834 1774 1939 1829 illis

356 1865 642 1935 ignescens
668 1906 683 1929 ,
726 1880 883 1934 quam
930 1866 1087 1920 mites
1134 1876 1189 1920 et
1232 1866 1523 1920 clementes
1566 1880 1662 1921 eos
1706 1864 1939 1920 reddens

355 1956 547 2024 quibus
574 1956 707 2009 facta
738 1965 855 2011 erat
883 1958 1077 2022 injuria
1101 1998 1116 2021 ,
1144 1965 1201 2011 et
1227 1957 1460 2011 suadens
1486 1968 1545 2011 ut
1590 1972 1655 2013 eo
1699 1958 1938 2012 contenti

356 2050 496 2112 sint,
526 2051 669 2119 quod
699 2066 804 2105 non
832 2052 939 2105 sint
965 2066 1026 2106 ea
1054 2051 1285 2120 amplius
1314 2052 1545 2121 passuri.
1576 2053 1720 2107 Bene
1759 2062 1936 2107 autem

356 2142 425 2198 de
446 2142 625 2198 verbis
654 2152 835 2197 monet
863 2160 876 2196 :
909 2142 1026 2197 Non
1058 2143 1396 2198 solumcnim
1429 2158 1630 2209 rerum,
1656 2145 1748 2197 sed
1776 2144 1937 2198 etiam

359 2234 640 2289 verborum
669 2249 856 2302 pinnas
882 2235 1093 2289 damus.
1139 2234 1243 2289 Sed
1270 2236 1314 2288 si
1342 2235 1452 2305 quis
1474 2234 1637 2288 bonus
1666 2236 1733 2287 ad
1767 2235 1936 2303 (edifi-

355 2326 599 2379 cationem
626 2326 747 2393 ﬁdei
774 2334 829 2380 ut
856 2326 938 2379 det
958 2327 1175 2395 gratiam
1203 2327 1540 2382 audientibus.
1569 2327 1682 2382 Hoc
1711 2338 1812 2394 est,
1838 2328 1940 2383 hoc

357 2416 529 2469 solum
560 2415 781 2486 loquere
807 2416 951 2487 quod
984 2418 1212 2472 mdilicat
1239 2418 1562 2487 proximum,
1597 2420 1731 2473 nihil
1758 2428 1936 2474 autem

344 2488 835 2577 supervacaneum.

430 2602 483 2655 '5.
536 2599 737 2672 Lingua
782 2603 1032 2671 quomodo
1079 2602 1337 2655 utendum.
1364 2633 1432 2641 —
1463 2603 1747 2670 Propterea
1797 2605 1939 2659 enim

357 2695 452 2750 tibi
477 2710 547 2750 es
567 2707 617 2750 et
662 2695 895 2765 linguam
926 2694 1077 2749 dedit
1118 2695 1257 2750 Deus
1277 2736 1291 2758 ,
1324 2706 1382 2749 ut
1410 2695 1521 2749 Deo
1550 2710 1678 2765 agas
1702 2697 1935 2766 gratias,

356 2796 417 2841 ut
446 2788 747 2856 proximum
777 2786 1028 2841 aediﬁces.
1059 2786 1211 2853 Quod
1264 2787 1309 2840 si
1344 2785 1627 2841 aediﬁcium
1656 2788 1937 2855 dcstruas,

358 2878 667 2932 melius-est
704 2877 892 2942 silere,
935 2887 991 2931 et
1030 2893 1317 2949 numquam
1362 2878 1525 2949 loqui.
1576 2879 1708 2934 Nam
1750 2896 1940 2935 manus

357 2967 597 3031 artificis,
626 2982 743 3037 qua:
776 2982 873 3037 pro
902 2969 1173 3023 struendis
1206 2970 1370 3023 muris
1398 2971 1665 3039 deputata:
1690 3011 1706 3035 ,
1733 2970 1938 3025 didice-

357 3059 779 3125 rintdestruere,
808 3060 928 3129 jure
952 3061 1412 3116 exscinderentur.
1440 3062 1651 3117 Etenim
1685 3063 1939 3134 hocquo-

356 3168 461 3221 que
504 3152 635 3205 dicit
677 3151 1119 3222 psalmographus
1163 3170 1176 3207 :
1224 3152 1411 3207 Perdet
1459 3153 1710 3209 Dominus
1768 3156 1940 3209 omnia

358 3242 493 3296 labia
517 3242 696 3296 dolosa
727 3242 897 3313 (Psal.
929 3243 1018 3297 11.
1050 3244 1128 3313 4).
1161 3243 1274 3297 Hoc
1308 3259 1369 3298 os
1396 3252 1479 3299 est
1513 3260 1671 3299 causa
1699 3246 1938 3301 omnium

357 3336 641 3400 malorum,
660 3335 778 3389 tirno
802 3349 931 3390 vero
962 3351 1065 3389 non
1093 3351 1179 3405 os,
1206 3336 1297 3391 sed
1322 3337 1412 3405 qui
1441 3352 1506 3390 eo
1534 3339 1671 3392 male
1692 3348 1935 3393 utuntur.

362 3427 493 3480 llinc
521 3427 881 3494 contumeliae,
916 3428 1195 3483 maledicta
1224 3470 1238 3493 ,
1272 3428 1617 3497 hlaSphemia:
1642 3472 1656 3493 ,
1690 3432 1937 3500 volupta—

357 3528 472 3572 tum
499 3518 708 3572 fomites
728 3518 1076 3585 ctiucendia,
1103 3520 1299 3585 catdcs,
1325 3520 1606 3587 adulteria,
1636 3522 1793 3590 furta,
1821 3540 1937 3578 om-

352 3612 447 3664 nia
474 3625 541 3664 ex
567 3625 633 3665 eo
659 3620 972 3665 nascuntur.
1000 3612 1070 3666 Et
1096 3614 1363 3682 quomodo
1384 3656 1398 3679 ,
1423 3614 1615 3685 inquit,
1643 3615 1862 3672 caedes?
1891 3620 1935 3671 A

359 3703 681 3758 contumelia
705 3704 772 3758 ad
810 3706 940 3758 iram
967 3746 981 3769 ,
1012 3706 1088 3759 ab
1118 3707 1190 3758 ira
1221 3707 1284 3759 ad
1317 3708 1495 3777 plagas
1520 3751 1532 3769 ,
1584 3724 1610 3761 a
1657 3711 1825 3781 plagis
1870 3712 1936 3765 ad

358 3795 559 3849 caedem
584 3794 866 3849 devenisti.
891 3796 1171 3863 Quomodo
1194 3797 1514 3853 adulterium
1537 3801 1559 3854 ?
1587 3800 1712 3855 Ηιιξο
1733 3802 1817 3857 vel
1844 3803 1939 3857 illa

360 3898 435 3949 te,
462 3887 667 3956 inquit,
710 3895 885 3952 amat,
918 3888 1042 3941 boni
1083 3889 1352 3958 quidpiam
1380 3891 1447 3945 de
1476 3902 1527 3946 te
1557 3902 1642 3948 est
1680 3893 1894 3964 loquuta
1919 3937 1934 3961 ,

359 3982 526 4034 robur
554 3988 699 4033 tuum
722 3980 1007 4047 relaxavit,
1036 3980 1231 4035 deinde
1263 3982 1357 4035 tibi
1396 3984 1475 4037 sic
1508 4000 1722 4054 quoque
1748 4003 1939 4043 accen-

360 4074 503 4127 ditur
530 4068 812 4141 cupiditas.
859 4074 1144 4142 Pmpterea
1196 4075 1407 4130 dicebat
1446 4078 1644 4133 Paulus
1668 4122 1683 4145 ,
1731 4081 1793 4135 Si
1826 4083 1940 4151 quis

359 4166 534 4219 bonus.
568 4166 830 4230 Quoniam
860 4179 995 4240 ergo
1032 4168 1317 4219 verborum
1349 4168 1513 4221 multa
1540 4180 1622 4223 est
1662 4170 1935 4240 profusio,

360 4259 558 4314 merito
583 4258 716 4311 dixit
746 4238 1042 4319 indeﬁnite,
1076 4266 1134 4311 ut
1158 4258 1247 4327 qui
1292 4258 1379 4312 illa
1423 4260 1564 4329 loqui
1597 4238 1860 4331 jusserit,
1886 4276 1941 4319 et

361 4352 587 4406 formam
609 4349 835 4404 dederit.
861 4350 1199 4417 Quamnam?
1229 4351 1282 4405 Si
1314 4353 1434 4422 quis
1456 4355 1704 4422 :ndiﬁcat,
1728 4356 1935 4412 dicens.

366 4446 471 4496 Aut
497 4442 597 4495 hoc
626 4440 787 4504 dicit,
818 4451 875 4494 ut
906 4441 998 4511 qui
1032 4442 1199 4509 audit,
1233 4443 1322 4496 tibi
1371 4444 1563 4499 habent
1593 4450 1837 4517 gratiam.
1871 4450 1942 4507 Ut

367 4540 492 4602 puta
521 4547 536 4584 :
564 4540 829 4584 scortatus
854 4543 937 4585 est
964 4530 1162 4598 frater;
1210 4549 1276 4588 ne
1318 4535 1610 4592 insolenter
1651 4543 1844 4608 probro
1878 4557 1941 4596 ac

364 4624 689 4680 contumelia
736 4625 972 4691 afﬁcias,
1021 4642 1120 4682 nec
1160 4644 1280 4682 cum
1323 4630 1551 4687 ludibrio
1578 4635 1629 4689 ei
1670 4636 1936 4693 insultes:
1974 4696 1977 4699 ,

364 4713 597 4769 auditori
635 4714 769 4768 nihil
804 4715 1019 4782 prodes,
1052 4716 1145 4771 sed
1177 4735 1297 4773 eum
1326 4721 1475 4778 laedis
1496 4765 1511 4788 ,
1544 4736 1600 4778 ut
1628 4741 1724 4795 par
1752 4744 1853 4797 εει,
1886 4740 1942 4786 ut

367 4808 460 4877 qui
491 4807 799 4877 scrupulum
828 4809 877 4862 ei
910 4809 1178 4877 injeceris.
1206 4813 1305 4866 Sed
1330 4815 1372 4868 si
1399 4817 1447 4869 ei
1475 4818 1707 4874 suadeas
1733 4839 1793 4876 ea
1822 4841 1940 4894 qua:

365 4908 491 4953 sunt
520 4897 722 4968 agenda
743 4939 759 4964 ,
789 4913 1033 4969 magnam
1064 4901 1159 4955 das
1198 4904 1245 4957 ei
1272 4908 1533 4973 gratiam;
1566 4911 1609 4963 si
1641 4913 1855 4969 erudias
1883 4928 1942 4971 ut

366 4990 506 5043 bona
532 4990 692 5043 verba
723 4990 1024 5059 eloquatur,
1054 4994 1097 5047 si
1121 4994 1366 5050 docueris
1397 5010 1453 5053 ut
1478 5003 1745 5058 neminem
1776 5008 1941 5061 malc-

366 5083 511 5136 dicto
534 5089 768 5152 appetat,
796 5084 1031 5138 maxime
1052 5101 1171 5139 eum
1196 5088 1395 5153 crudis,
1420 5101 1472 5144 et
1497 5093 1544 5145 ei
1567 5091 1661 5149 das
1680 5099 1900 5166 gratiam
1925 5117 1940 5165 ;

370 5178 414 5227 si
446 5172 680 5243 loquaris
706 5174 770 5227 de
800 5178 1230 5246 compunetione,
1261 5180 1327 5234 de
1359 5180 1586 5250 pietate,
1610 5184 1677 5241 de
1703 5188 1941 5244 eleemo—

362 5278 539 5334 syna,
580 5266 694 5319 hcce
731 5267 910 5321 omnia
958 5270 1206 5324 molliunt
1250 5272 1363 5340 ejus
1409 5276 1665 5331 animum.
1714 5280 1816 5335 Pro
1861 5283 1943 5339 his

363 5360 624 5413 omnibus
652 5361 901 5416 fatebitur
934 5379 993 5416 se
1034 5365 1126 5418 tibi
1158 5365 1354 5422 habere
1380 5373 1622 5439 gratiam.
1654 5375 1756 5431 Sed
1786 5379 1829 5432 si
1876 5382 1949 5435 ri-

436 5536 1028 5626 !‘i?.£‘.‘..f"t't.fi?':‘3£iﬂti
1205 5549 1399 5626 actius.
1421 5551 1569 5626 multa
1598 5556 1777 5625 τίμιοεεε
1820 5567 1944 5626 ειμιιά

364 5592 670 5661 Cyprianum,
697 5592 960 5654 Eusebium
985 5610 1032 5655 iu
1054 5592 1180 5658 Hist.
1205 5592 1404 5662 Eé’c'iféi
1422 5592 1755 5679 Epiphaniam:

1054 183 1105 238 S.
1149 177 1424 236 JOANNIS
1460 174 1928 234 CHRYSOSTOMI
1968 172 2281 230 ARCHIEP.
2320 174 2850 237 CONSTANTINOP.

3521 189 3620 243 ιω

2048 300 2167 338 sum
2197 291 2464 355 moveris,
2493 293 2537 345 si
2567 302 2719 363 turpe
2749 295 3001 365 loquutus
3023 296 3206 358 fueris.
3240 299 3407 367 magis
3433 314 3623 354 accen-

2030 374 2166 439 dis;
2211 377 2256 431 si
2299 378 2531 436 laudaris
2572 385 2900 453 nequitiam,
2927 387 3112 456 dejicis
3149 397 3202 441 et
3231 390 3426 457 perdis.
3460 391 3623 460 Igitur

2048 467 2264 524 vcl‘hoc
2286 470 2569 528 dicendum
2605 493 2618 527 :
2653 476 2735 530 vel
2779 487 2837 531 ut
2864 494 2956 532 eos
2993 480 3181 534 reddat
3216 483 3481 550 gratiosos
3503 527 3518 549 ,
3549 485 3621 537 ita

2046 557 2198 613 dixit.
2236 562 2301 618 Ut
2330 565 2473 619 enim
2513 578 2840 635 unguentum
2881 572 2971 626 dat
3012 575 3234 643 gratiam
3268 577 3333 631 iis
3362 579 3450 646 qui
3497 588 3623 632 sunt

2044 651 2160 721 ejus
2202 657 2521 726 participes,
2566 662 2637 714 ita
2684 662 2846 715 etiam
2888 679 3066 718 sermo
3100 666 3622 738 bonus.,Pr0pterea

2043 745 2257 813 quidem
2301 749 2460 804 etiam
2504 751 2710 808 dicebat
2737 795 2753 821 ,
2809 754 3130 825 Unguentum
3174 759 3392 827 effusum
3435 781 3616 820 nomen

2046 848 2184 892 tuum
2211 840 2379 911 (Cant.
2408 846 2461 899 1.
2493 844 2574 917 2),
2606 846 2749 916 quod
2776 863 2871 903 eos
2897 849 3127 905 faciebat
3149 853 3358 923 spirare
3381 871 3450 911 ex
3477 858 3622 912 bono

2045 929 2137 985 illo
2172 932 2357 989 odore.
2398 934 2567 993 Vides
2610 937 2757 993 illum
2803 940 2945 1011 quod
2986 957 3200 1012 semper
3245 946 3472 1014 suadet,
3520 949 3623 1005 hoc

2044 1036 2255 1094 quoque
2284 1041 2425 1081 nunc
2450 1027 2632 1084 dicere
2652 1070 2668 1093 ,
2698 1041 2756 1084 ut
2782 1032 2876 1100 qui
2906 1034 3123 1090 mandet
3155 1037 3438 1105 unicuique
3457 1041 3622 1097 rediti—

2043 1131 2169 1172 care
2196 1120 2493 1188 proximum
2532 1137 2630 1192 pro
2653 1124 2899 1179 viribus?
2925 1126 3025 1193 Qui
3058 1143 3185 1197 ergo
3214 1130 3335 1185 aliis
3360 1130 3478 1189 hinc
3498 1150 3621 1190 sua-

2044 1207 2171 1269 des.
2202 1210 2371 1266 multo
2401 1214 2568 1285 magis
2611 1215 2834 1285 tibiipsi.
2867 1218 2956 1273 30.
2999 1220 3067 1273 Et
3097 1223 3251 1277 nolite
3283 1232 3619 1297 contristare,

2044 1300 2234 1370 inquit,
2262 1302 2513 1374 Spiritum
2540 1318 2792 1365 sanctum.
2841 1310 3160 1370 Horribilius
3189 1316 3292 1371 hoc
3314 1326 3367 1373 et
3401 1321 3617 1375 terribi-

2045 1390 2148 1447 lius
2180 1414 2192 1446 :
2222 1395 2363 1462 quod
2394 1396 2608 1466 quidem
2636 1399 2766 1454 dicit
2795 1402 2955 1457 etiam
2986 1404 3040 1459 in
3072 1406 3308 1476 Epistula
3349 1410 3415 1465 ad
3444 1411 3618 1469 Thes-

2044 1484 2411 1542 salonicenses
2442 1507 2457 1543 :
2490 1489 2596 1545 illis
2617 1492 2760 1546 enim
2782 1509 2996 1565 quoque
3024 1499 3129 1553 tale
3149 1501 3272 1570 quid
3300 1502 3449 1568 dicit,
3487 1506 3622 1563 Nam

2041 1576 2127 1645 qui
2153 1578 2365 1647 spernit,
2386 1595 2490 1634 non
2521 1582 2775 1638 hominem
2797 1589 3012 1657 spernit,
3038 1590 3127 1644 sed
3152 1590 3315 1647 Deum
3338 1594 3411 1667 (l.
3445 1596 3617 1656 Thess.

2042 1669 2097 1721 4.
2126 1668 2202 1739 8).
2247 1670 2325 1726 Ita
2369 1671 2456 1727 hic
2491 1690 2702 1745 quoque
2728 1695 2741 1729 :
2770 1677 2826 1733 Si
2864 1681 3087 1738 verbum
3115 1683 3315 1741 dixeris
3341 1702 3620 1746 contume-

2046 1760 2319 1828 liosum,si
2348 1763 2567 1821 fratrem
2594 1772 2946 1839 percusseris,
2972 1789 3076 1829 non
3109 1775 3254 1831 illum
3285 1780 3619 1850 percussisti,-

2044 1852 2135 1906 sed
2163 1854 2415 1923 Spiritum
2443 1857 2669 1914 affecisti
2709 1861 2944 1917 tristitia.
2994 1864 3200 1921 Deinde
3228 1878 3310 1922 est
3336 1870 3496 1924 etiam
3531 1889 3623 1927 ac-

2042 1944 2216 1999 cessio
2246 1945 2528 2016 beneﬁcii,
2569 1960 2625 2027 ut
2670 1953 2842 2022 major
2879 1956 2949 2010 sit
2992 1959 3265 2014 accusatio
3303 1976 3316 2012 :
3353 1959 3426 2014 Et
3468 1964 3623 2019 nolite

2042 2038 2366 2107 contristare,
2395 2040 2567 2112 inquit
2590 2085 2606 2108 ,
2654 2041 2908 2117 Spiritum
2936 2062 3167 2105 sanctum
3186 2095 3201 2119 ,
3233 2055 3285 2107 in
3312 2071 3409 2125 quo
3435 2059 3622 2128 signati

2040 2127 2161 2181 estis
2181 2130 2235 2183 in
2263 2130 2344 2185 die
2370 2133 2745 2205 redemptionis.
2778 2138 2827 2193 ls
2849 2154 2948 2194 nos
2972 2141 3097 2197 fecit
3120 2158 3335 2214 gregem
3364 2127 3618 2219 regalem,

2044 2219 2089 2273 is
2116 2236 2215 2276 nos
2258 2222 2481 2279 abduxit
2509 2241 2536 2279 a
2579 2228 2765 2296 primis
2794 2233 3042 2288 omnibus
3072 2277 3088 2302 ,
3139 2235 3185 2290 is
3231 2253 3336 2293 non
3368 2243 3623 2309 permisit

2046 2325 2145 2365 nos
2186 2327 2308 2367 esse
2338 2315 2471 2370 sitos
2494 2331 2615 2371 cum
2644 2319 2710 2374 iis
2740 2322 2831 2391 qui
2863 2332 2988 2377 sunt
3016 2325 3233 2380 obnoxii
3271 2329 3363 2382 ira:
3401 2332 3491 2386 Dei
3516 2375 3532 2397 ,
3569 2345 3624 2389 et

2046 2410 2099 2455 tu
2137 2418 2256 2457 eum
2287 2405 2498 2461 tristitia
2539 2409 2750 2464 afﬁcis?
2777 2411 2910 2468 Vide
2944 2416 3214 2483 quomodo
3263 2420 3369 2476 illic
3408 2423 3621 2491 quidem

2047 2494 2355 2549 terribiliter
2395 2497 2522 2552 dicit
2566 2517 2580 2551 :
2632 2501 2771 2555 Nam
2824 2506 2910 2573 qui
2955 2509 3181 2575 spernit,
3230 2526 3332 2564 non
3370 2514 3622 2568 hominem

2044 2591 2263 2655 spernit,
2294 2590 2384 2643 sed
2421 2589 2622 2656 Deum;
2650 2592 2735 2649 hic
2770 2606 2947 2651 autem
2990 2602 3234 2669 apposite
3266 2603 3330 2657 ad
3362 2605 3621 2675 pudorem

2046 2675 2431 2746 ineutiendum,
2461 2680 2637 2737 Nolite
2661 2687 2975 2755 contristare,
3009 2691 3198 2761 inquit,
3232 2693 3484 2763 Spiritum
3503 2715 3622 2751 san-

2044 2780 2201 2838 ctum,
2231 2772 2284 2826 in
2311 2790 2409 2843 quo
2434 2776 2622 2847 signati
2649 2780 2787 2833 estis.
2816 2780 2928 2836 Hoc
2960 2783 3285 2853 signaculum
3312 2788 3382 2856 sit
3408 2789 3458 2843 in
3485 2806 3580 2846 ore
3604 2810 3617 2845 :

2048 2877 2115 2916 ne
2142 2863 2314 2933 sigilla
2340 2868 2640 2923 sustuleris.
2666 2870 2737 2925 Os
2767 2872 3043 2941 spirituale
3072 2876 3199 2931 nihil
3235 2879 3336 2934 tale
3363 2880 3616 2951 loquitur.

2043 2952 2121 3008 Ne
2143 2954 2311 3021 dicas,
2342 2956 2483 3030 Nihil
2510 2969 2593 3014 est
2621 2962 2664 3014 si
2694 2970 2847 3030 turpe
2876 2964 3083 3030 dixero,
3112 2968 3156 3021 si
3186 2967 3328 3023 hunc
3357 2981 3448 3026 aut
3468 2973 3618 3027 illum

2042 3047 2362 3101 contumelia
2389 3048 2640 3106 effecero.
2666 3052 2955 3122 Propterea
2985 3072 3231 3125 magnum
3256 3060 3340 3115 est
3377 3062 3576 3119 malum
3597 3106 3617 3128 ,

2043 3137 2294 3204 quoniam
2329 3138 2459 3193 nihil
2498 3156 2616 3195 esse
2647 3142 2876 3198 videtur.
2905 3146 3037 3199 Nam
3067 3164 3186 3217 qu.e
3225 3150 3355 3204 nihil
3393 3167 3513 3208 esse
3534 3156 3619 3208 vi-

2043 3227 2259 3293 dentur,
2286 3228 2440 3285 facile
2460 3243 2909 3298 contemnuntur;
2932 3252 3052 3306 qua:
3075 3248 3251 3293 autem
3276 3253 3623 3301 contemnun-

2044 3328 2150 3385 tur,
2178 3321 2342 3401 etiam
2369 3334 2665 3393 augentur;
2699 3343 2817 3397 qua:
2838 3340 3016 3383 autem
3043 3342 3306 3401 augentur
3328 3375 3344 3401 ,
3374 3336 3507 3391 fiunt
3537 3339 3622 3392 in-

2042 3396 2318 3468 curabilia.
2359 3414 2431 3470 Os
2461 3416 2625 3472 habes
2651 3396 2969 3486 spirituale?
2996 3396 3183 3492 Cogita
3220 3396 3362 3495 quod
3399 3428 3620 3483 verbum

2044 3504 2244 3559 dixeris
2269 3507 2498 3575 primum
2526 3509 2739 3577 quando
2760 3526 2818 3564 es
2846 3511 3117 3582 loquutus,
3144 3525 3340 3584 quanta
3370 3519 3439 3573 sit
3458 3519 3626 3588 digiti-

2047 3606 2126 3649 tas
2156 3598 2265 3650 oris
2297 3598 2394 3657 tui.
2425 3598 2636 3655 Patrem
2671 3616 2831 3657 vocas
2862 3603 3028 3659 Deum
3054 3646 3068 3670 ,
3100 3616 3153 3660 et
3194 3607 3411 3663 fratrem
3440 3614 3621 3666 statim

2045 3687 2234 3756 injuria
2257 3690 2424 3745 afficis
2444 3692 2467 3744 ?
2491 3693 2675 3762 Cogita
2703 3695 2970 3751 undenam
3004 3698 3169 3753 Deum
3202 3716 3363 3755 vocas
3385 3701 3617 3757 Patrem.

2043 3784 2087 3834 A
2120 3782 2349 3836 natura?
2378 3784 2470 3838 sed
2502 3801 2605 3838 non
2636 3789 2891 3854 potueris.
2916 3790 2953 3842 A
2981 3791 3217 3845 virtute?
3244 3793 3336 3847 sed
3360 3808 3465 3847 nec
3492 3794 3614 3849 hoc.

2043 3872 2148 3927 Sed
2179 3874 2362 3930 unde?
2390 3878 2435 3930 A
2462 3878 2575 3932 sola
2606 3878 2933 3951 benignitate
2959 3891 3012 3937 et
3038 3883 3319 3939 clementia
3344 3928 3360 3953 ,
3393 3903 3423 3941 a
3454 3888 3618 3943 multa

2044 3964 2429 4021 misericordia.
2458 3968 2682 4036 Quando
2709 3986 2837 4041 ergo
2867 3973 3032 4028 Deum
3066 3990 3223 4030 vocas
3251 3976 3483 4046 Patrem,
3511 3988 3620 4035 non

2046 4059 2217 4114 solum
2246 4060 2347 4116 hoc
2370 4064 2564 4133 cogita,
2597 4065 2736 4133 quod
2760 4064 2890 4121 facis
2920 4068 3131 4139 indigna
3159 4070 3247 4123 illa
3273 4075 3486 4141 generis
3516 4090 3615 4129 no-

2045 4153 2250 4209 bilitate
2270 4196 2285 4221 ,
2317 4158 2643 4212 contumelia
2672 4159 2910 4215 afﬁciens
2935 4178 2949 4227 ;
2980 4162 3076 4216 sed
3101 4165 3239 4233 quod
3272 4168 3431 4220 etiam
3460 4183 3490 4222 a
3520 4169 3619 4224 be~

2046 4249 2303 4319 nignitatc
2324 4258 2377 4304 et
2404 4251 2684 4306 clementia
2714 4252 2880 4308 habes
2913 4254 3246 4311 nobilitatem
3275 4260 3507 4328 generis.
3541 4261 3621 4317 Ne

2046 4357 2161 4395 eam
2186 4358 2313 4411 ergo
2339 4342 2604 4407 dedecore
2646 4345 2849 4399 aflicias
2873 4388 2887 4409 ,
2914 4361 3040 4401 cum
3068 4363 3186 4403 eam
3215 4350 3429 4419 quidem
3468 4367 3621 4409 acce-

2046 4434 2189 4503 peris
2225 4451 2252 4486 a
2292 4434 2617 4504 benignitate
2644 4446 2697 4491 et
2733 4437 3056 4505 clementia;
3090 4441 3405 4498 crudelitate
3441 4456 3619 4501 autem

2047 4534 2101 4577 et
2127 4525 2325 4579 saevitia
2374 4527 2539 4579 utaris
2580 4526 2833 4581 adversus
2866 4527 3077 4585 fratres.
3124 4531 3288 4585 Deum
3320 4550 3478 4589 vocas
3522 4536 3621 4590 Pa.

2050 4626 2184 4670 trem
2208 4656 2222 4678 ,
2253 4625 2453 4671 etcum
2495 4619 2817 4673 contumelia
2854 4619 3022 4677 afltois
3044 4622 3066 4673 ?
3090 4622 3192 4677 Sed
3222 4623 3337 4678 lucc
3368 4642 3470 4681 non
3498 4637 3621 4684 sunt

2048 4706 2140 4761 ﬁlii
2179 4708 2293 4761 Dei.
2323 4706 2470 4777 Opus
2500 4710 2595 4763 ﬁlii
2640 4710 2733 4765 Dei
2772 4720 2854 4766 est
2893 4712 3123 4768 inimicis
3166 4718 3478 4782 remittere,
3525 4735 3621 4788 pro

2049 4799 2482 4869 cruciﬁgentibus
2510 4816 2690 4868 orare,
2721 4817 2815 4871 pro
2842 4802 2905 4857 iis
2935 4806 3024 4874 qui
3052 4805 3278 4861 oderunt
3309 4810 3626 4879 sanguinem

2050 4889 2344 4944 effundere.
2377 4890 2502 4945 Hice
2522 4901 2649 4946 sunt
2674 4894 2831 4963 digna
2860 4894 2968 4949 filio
3000 4895 3115 4957 Dei,
3146 4898 3410 4965 inimicos,
3441 4901 3625 4971 ingra-

2052 4991 2155 5043 tos,
2176 4981 2341 5048 fures,
2368 4983 2721 5051 impudentes,
2749 4987 3108 5054 insidiatores,
3132 5007 3224 5043 eos
3242 4991 3432 5047 fratres
3452 4995 3626 5049 facere

2053 5082 2107 5127 et
2134 5072 2379 5139 heredes,
2405 5089 2510 5127 non
2539 5084 2717 5129 autem
2740 5092 2833 5131 eos
2861 5080 2949 5147 qui
2980 5079 3101 5134 facti
3127 5092 3252 5135 sunt
3275 5083 3465 5140 fratres
3494 5096 3628 5140 tam--
3676 5124 3684 5130 -

2052 5178 2209 5232 quam
2240 5164 2500 5233 mancipia
2525 5166 2737 5223 afﬁcere
2762 5172 3101 5227 contumelia.

2118 5258 2180 5326 ,4.
2211 5255 2397 5310 Contra
2428 5259 2719 5313 maledicos.
2752 5291 2820 5301 —
2844 5262 3027 5333 Cogita
3055 5282 3293 5335 quaenam
3351 5270 3512 5324 verba
3546 5270 3629 5324 l0-

2055 5360 2275 5417 quutum
2305 5360 2386 5404 est
2411 5365 2472 5405 os
2502 5362 2645 5406 tuum
2666 5396 2679 5415 ,
2723 5371 2949 5423 quanam
2982 5374 3163 5413 mensa
3203 5361 3273 5414 sit
3312 5363 3584 5431 dignatqu
3612 5402 3629 5431 ,

2055 5457 2298 5507 qtttenam
2325 5453 2790 5515 tangat,quu'nam
2810 5458 3005 5518 gustet,
3036 5466 3265 5520 quonam
3296 5453 3500 5510 fruatur
3529 5459 3630 5512 ali-

2059 5544 2259 5586 mento.
2290 5534 2366 5589 Te
2392 5535 2537 5590 fratri
2557 5539 2687 5592 nihil
2714 5555 2872 5608 grave
2899 5542 3075 5598 facere
3103 5545 3381 5600 existimas
3408 5548 3483 5601 illi
3514 5566 3630 5604 ma-

2066 5623 2336 5680 ledicens‘?
2370 5626 2645 5695 Quomodo
2675 5647 2801 5702 ergo
2824 5647 2980 5688 vocas
2999 5633 3257 5691 fratrem?
3284 5638 3337 5693 Si
3366 5654 3496 5713 ergo
3529 5656 3634 5696 non
