4100 6412
464 336 571 392 1(ἶῦ

460 471 616 527 τημα
658 454 815 507 λῦσαι
836 470 848 482 ·
885 452 1020 506 ἀλλὰ
1047 451 1197 516 πῶς;
1228 451 1291 505 Εἰ
1333 451 1651 514 ἐκοπίασαν,
1694 449 1790 501 καὶ
1825 445 2032 515 ἑτέροις

469 538 774 610 μετέδωκαν
795 555 807 566 ·
833 536 1007 601 οὕτως
1035 535 1229 589 ἔλυσαν
1261 536 1323 587 τὸ
1357 536 1680 604 ἁμάρτημα.
1706 531 1820 600 υὺχ
1844 527 2034 590 ἁπλῶς

461 623 611 692 ἡμᾶς
648 618 978 691 ἐργάζεσθαι
1015 620 1284 689 βούλεται,
1311 618 1429 670 ἀλλ’
1461 617 1602 670 ὥστε
1641 615 1861 684 κοπιᾷν,
1889 612 2032 666 ὥστε

455 706 673 775 ¹ιῖιτέροις
710 705 1050 774 μεταδιδόναι
1072 723 1083 736 ·
1121 705 1214 756 καὶ
1243 704 1351 774 γὰρ
1377 705 1406 755 6
1428 701 1677 754 κλέπτων
1715 698 2029 771 ἐργάζεται,

463 789 602 843 ἀλλὰ
633 790 820 843 κακόν.
857 789 980 855 Πᾶς
1013 789 1195 858 λόγος
1228 788 1460 855 σαπρὸς
1495 788 1563 840 ἐκ
1593 786 1700 839 τοῦ
1735 785 2033 853 στόματος

461 873 631 936 ὑμῶν
643 873 730 942 μὴ
750 873 1182 940 ἐκπορευέσθω.
1211 873 1308 934 Τίς
1333 875 1449 924 ἐστι
1473 871 1679 938 σαπρός
1699 886 1717 932 ;
1738 868 1838 920 Ὃν
1867 881 2054 935 φησιν,

464 957 696 1027 ἀλλαχοῦ
734 959 828 1010 καὶ
853 957 1042 1026 ἀργὸν,
1077 955 1398 1018 καταλαλιὰ,
1427 951 1795 1022 αἱσχρολογία,
1834 949 2031 1018 εὐτρα-

463 1041 646 1104 πελία,
671 1041 998 1112 μωρολογία.
1033 1042 1196 1111 Ὁρᾷς
1218 1040 1339 1102 πῶς
1359 1042 1458 1102 τὰς
1483 1037 1637 1108 ῥίζας
1659 1035 1914 1088 ἐκκόπτει
1934 1035 2033 1102 τῆς

456 1124 656 1192 τὸργῆς,
683 1124 744 1176 τὸ
768 1123 982 1192 ψεῦδος,
1009 1124 1106 1196 τὴν
1133 1123 1364 1192 κλοπὴν,
1391 1121 1489 1191 τὴν
1517 1121 1740 1188 ἄκαιρον
1760 1117 1990 1180 διάλεξιν
2014 1133 2028 1181 ;

467 1209 539 1260 Τὸ
557 1209 640 1275 δὲ,
666 1207 893 1276 Μηκέτι
921 1207 1240 1269 κλεπτέτω,
1269 1207 1366 1258 οὐκ
1387 1204 1615 1264 ἐκείνοις
1647 1200 2033 1267 συγγινώσκων

466 1292 715 1344 τοσοῦτόν
746 1307 928 1362 φησιν,
962 1293 1085 1344 ὅσον
1117 1291 1242 1352 τοὺς
1273 1287 1632 1359 ἠδικημένους
1661 1285 1867 1354 πράους
1901 1281 2034 1335 καθ-

471 1375 652 1441 ιστῶν,
689 1375 782 1428 καὶ
829 1374 906 1444 τῷ
950 1373 1144 1443 μηκέτι
1187 1373 1255 1426 τά
1289 1371 1428 1424 αὐτὰ
1470 1371 1662 1422 παθεῖν
1688 1381 1714 1409 ι
1748 1367 2032 1438 ἀρκεῖσθαι

459 1459 770 1530 παραινῶν.
816 1457 1012 1520 Καλῶς
1050 1457 1105 1509 δὲ
1136 1457 1230 1510 καὶ
1269 1455 1398 1526 περὶ
1444 1455 1618 1522 λόγων
1661 1451 1921 1522 διδάσκει.
1956 1450 2031 1503 Οὐ

467 1543 574 1612 γὰρ
601 1543 942 1613 πραγμάτων
983 1540 1161 1609 μόνον,
1206 1538 1343 1591 ἀλλὰ
1386 1538 1486 1590 καὶ
1529 1536 1790 1607 ῥημάτων
1816 1534 2032 1602 τίνομεν

466 1627 640 1689 δίκας.
694 1625 846 1679 Ἀλλ’
887 1624 944 1678 εἴ
984 1641 1077 1690 τις
1105 1624 1348 1692 ἀγαθὸς,
1401 1621 1554 1691 φησὶ,
1621 1617 1771 1687 πρὸς
1807 1616 2035 1672 οἰκοδο-

460 1709 590 1778 μὴν
635 1708 746 1777 τῆς
785 1710 1011 1777 χρείας,
1046 1709 1149 1759 ἵνα
1192 1703 1282 1769 δῷ
1332 1703 1508 1773 χάριν
1557 1701 1680 1766 τοῖς
1718 1701 2030 1754 ἀκούουσι.

463 1792 781 1855 Τουτέστιν,
803 1793 985 1862 Ὅπερ
1001 1782 1276 1859 οἰκοδομεὶ¹
1303 1790 1394 1842 τὸν
1426 1786 1676 1859 πλησίον,
1697 1786 1855 1839 τοῦτο
1871 1782 2035 1852 φθέγ-

466 1892 564 1944 γου
595 1874 776 1946 μόνον,
808 1874 1059 1944 περιττὸν
1089 1874 1146 1926 δὲ
1173 1873 1366 1943 μηδέν.

538 2048 608 2119 γ’.
628 2050 725 2105 Διὰ
742 2050 904 2104 τοῦτο
933 2048 1042 2121 γάρ
1067 2066 1149 2102 σοι
1173 2048 1348 2120 στόμα
1378 2049 1475 2103 καὶ
1499 2047 1754 2116 γλῶσσαν
1781 2045 1978 2100 ἔδωκεν
2007 2045 2038 2098 ό

458 2133 620 2198 Θεὸς,
648 2135 738 2186 ἴνα
769 2134 1096 2205 εὐχαριστῇς
1129 2131 1298 2202 αὐτῷ,
1330 2133 1417 2185 ἴνα
1449 2133 1741 2202 οἰκοδομῇς
1775 2129 1867 2183 τὸν
1899 2128 2038 2198 πλη-

469 2217 583 2270 σίον
601 2232 618 2246 ⁸
640 2217 720 2280 ὡς
749 2216 844 2270 ἐὰν
865 2215 1132 2288 καθαιρῇς
1155 2215 1253 2286 τὴν
1281 2214 1589 2286 οἰκοδομὴν,
1619 2215 1824 2284 βέλτιον
1853 2213 2033 2280 σιγᾷν,

461 2301 564 2354 καὶ
597 2301 867 2371 μηδέποτε
889 2297 1241 2368 φθέγγεσθαι.
1275 2298 1384 2351 Καὶ
1419 2297 1526 2368 γὰρ
1563 2300 1742 2370 χεῖρες
1768 2297 2034 2366 τεχνίτου,

467 2385 591 2439 ἀντὶ
609 2385 702 2437 τοῦ
726 2384 854 2447 τοὺς
874 2383 1084 2453 τοίχους
1109 2380 1416 2449 ἐξυφαίνειν
1436 2381 1704 2451 μαθοῦσαι
1723 2380 2033 2450 καθαιρεῖν,

468 2465 830 2521 ἐκκόπτεσθαι
861 2465 1064 2518 δίκαιαι
1107 2465 1174 2518 ἂν
1210 2461 1341 2519 εἷεν.
1389 2467 1500 2518 Καὶ
1541 2464 1648 2535 γὰρ
1675 2465 1706 2516 6
1732 2462 2037 2534 Ψαλμῳδὸς

462 2550 627 2604 τοῦτό
681 2565 877 2622 φησιν’
938 2549 1392 2616 Ἐξολοθρεύσει
1452 2549 1662 2616 Κύριος
1719 2547 1915 2600 πάντα
1964 2549 2038 2600 τὰ

462 2635 644 2704 χείλη
667 2633 740 2688 τὰ
755 2632 946 2688 δόλια.
978 2633 1148 2686 Τοῦτο
1170 2635 1386 2688 πάντων
1402 2632 1574 2686 αἴτιον
1603 2629 1712 2683 τῶν
1734 2629 1940 2691 κακῶν,
1976 2629 2037 2683 τὸ

466 2717 647 2788 στόμα
668 2733 684 2749 ⁶
719 2717 923 2788 μᾶλλον
963 2716 1019 2769 δὲ
1045 2717 1106 2769 οὗ
1132 2715 1193 2768 τὸ
1234 2716 1428 2786 στόμα,
1463 2713 1576 2767 ἀλλ’
1601 2715 1649 2767 οί
1673 2713 1857 2776 κακῶς
1888 2711 2036 2782 αύτῴ

470 2799 766 2871 χρώμενοι.
805 2799 1085 2852 Ἐντεῦθεν
1113 2798 1325 2869 ὕϐρεις,
1361 2796 1639 2869 λοιδορίαι,
1673 2795 2033 2865 βλασφημίαι,

372 2905 375 2908 ·
469 2883 796 2954 ἐκκαύματα
849 2883 959 2936 τῶν
1003 2881 1244 2952 ἡδονῶν,
1295 2881 1465 2950 φόνοι,
1507 2882 1761 2950 μοιχεῖαι,
1816 2879 2035 2941 κλοπαὶ,

473 2968 651 3020 πάντα
687 2966 796 3020 ἀπὸ
827 2966 1018 3020 τούτου
1052 2965 1316 3018 τίκτεται.
1347 2966 1456 3018 Καὶ
1487 2963 1624 3026 πῶς,
1663 2963 1815 3030 φησὶ,
1850 2962 2035 3030 φόνοι;

485 3052 619 3105 Ἀπὸ
650 3050 859 3122 ὕϐρεως
887 3053 967 3114 εἰς
991 3050 1178 3119 ὀργὴν,
1219 3049 1326 3102 ἀπὸ
1353 3048 1524 3119 ὀργῆς
1566 3050 1646 3111 είς
1669 3046 1902 3116 πληγὰς,
1933 3047 2040 3100 ἀπὸ

473 3134 698 3205 πληγῶν
717 3136 796 3197 εἰς
826 3133 986 3202 φόνον
1008 3133 1219 3201 ἐξέϐης.
1249 3131 1374 3195 Πῶς
1401 3135 1671 3201 μοιχείαις
1711 3133 1773 3184 ’Π
1804 3132 1952 3185 δεῖνά
1978 3148 2040 3184 σε

473 3217 634 3286 φιλεῖ,
662 3217 848 3288 φησὶν,
886 3216 1186 3284 ἐφθέγξατό
1223 3232 1276 3268 τι
1310 3215 1440 3286 περὶ
1485 3215 1578 3267 σοῦ
1623 3215 1877 3284 χρηστὸν,
1910 3213 2039 3284 ἐχά-

473 3300 602 3353 λασέ
631 3315 726 3352 σου
772 3299 863 3351 τὸν
889 3299 1065 3361 τόνον,
1109 3295 1228 3352 εἶτα
1265 3300 1358 3352 καὶ
1391 3300 1474 3351 σοὶ
1514 3297 1687 3360 οὕτως
1739 3300 2039 3350 ἀνάπτεται

474 3383 544 3436 τὰ
588 3383 688 3451 τῆς
722 3382 1034 3452 ἐπιθυμίας.
1088 3381 1186 3434 Διὰ
1228 3381 1385 3434 τοῦτο
1420 3385 1447 3434 6
1481 3381 1688 3444 Παῦλος
1726 3381 1934 3450 ἔλεγεν,
1967 3379 2043 3434 Εἴ

475 3485 567 3533 τις
597 3467 836 3537 ἀγαθός.
889 3466 1042 3518 Ἐπεὶ
1082 3461 1176 3518 οὖν
1205 3466 1338 3518 πολὺ
1384 3466 1444 3518 τὸ
1476 3466 1625 3536 χύμα
1677 3465 1786 3518 τῶν
1843 3465 2037 3532 λόγων,

477 3551 700 3612 εἰκότως
729 3549 1048 3619 ἀδιορίστως
1076 3543 1251 3604 εἶπεν.
1281 3551 1463 3600 ἐκεῖνα
1495 3549 1828 3616 φθέγγεσθαι
1852 3546 2042 3600 κελεύ-

478 3652 596 3700 σας,
649 3636 745 3688 κα)⁸
772 3633 941 3687 τύπον
970 3632 1094 3695 δοὺς
1122 3632 1360 3702 ὁμιλίας.
1407 3633 1566 3684 Ποῖον
1609 3632 1674 3700 δὴ
1712 3631 1899 3684 τοῦτον
1929 3649 1945 3697 ;
1978 3629 2047 3683 Εἴ

477 3738 560 3784 τις
583 3720 874 3790 οἰκοδομεῖ,
910 3716 1101 3770 εἰπών.
1138 3717 1210 3769 Ἢ
1240 3716 1396 3769 τοῦτό
1423 3733 1608 3786 φησιν,
1647 3717 1734 3769 ἵνα
1762 3715 1924 3784 χάριν
1958 3732 2041 3768 σοι

479 3805 591 3874 εἰδῇ
612 3805 640 3855 6
654 3802 884 3856 ἀκούων.
902 3794 1047 3861 Οἷον,
1066 3799 1385 3870 ἐπόρνευσεν
1414 3803 1440 3852 6
1460 3799 1706 3866 ἁδελφόςο
1731 3799 1805 3868 μὴ
1833 3799 2041 3869 ἐκπόμ-

479 3904 608 3938 πευε
643 3886 741 3955 τὴν
771 3885 946 3955 ὕϐριν.
988 3887 1138 3958 Μηδὲ
1176 3886 1436 3953 ἐντρύφαο
1467 3883 1619 3936 οὐδὲν
1634 3883 1926 3952 ὠφέλησας
1951 3883 2040 3935 τὸν

479 3968 767 4029 ἀκούοντα,
813 3969 949 4022 ἀλλὰ
992 3969 1088 4022 καὶ
1139 3968 1399 4034 ἔϐλαψας.
1430 3967 1675 4028 εἰκότως.
1717 3961 1847 4037 ἧλον
1893 3963 2041 4033 αὐτῴ

477 4051 620 4116 δούς.
656 4055 753 4104 ’Ἂν
783 4053 963 4119 μέντοι
993 4052 1062 4104 τὰ
1092 4053 1341 4120 πρακτέα
1368 4053 1626 4120 παραινῇ,
1657 4047 1857 4119 πολλὴν
1891 4047 2040 4116 αύτῴ

477 4134 632 4198 δίδως
662 4137 761 4206 τὴν
781 4137 939 4207 χάριν
961 4154 974 4167 ·
999 4137 1065 4189 ἂν
1085 4137 1385 4206 παιδεύσῃς
1407 4134 1652 4204 εὔφημον
1676 4133 1818 4202 ἔχειν
1842 4132 2036 4200 στόμα,

481 4220 548 4272 ἂν
566 4219 781 4291 διδάξῃς
812 4219 1016 4291 μηδένα
1051 4221 1399 4289 κακηγορεῖν,
1427 4217 1662 4286 μάλιστα
1686 4214 1848 4268 αὑτὸν
1881 4213 2040 4267 ἐπαί-

477 4305 699 4366 δευσας,
731 4305 824 4356 καὶ
862 4304 1021 4375 χάριν
1053 4303 1213 4373 αὑτῷ
1245 4302 1478 4364 δέδωκας
1498 4315 1513 4329 ⁸
1547 4299 1612 4353 ἂν
1646 4299 1772 4370 περὶ
1802 4297 2040 4352 κατανύ-

480 4385 636 4451 ξεως,
663 4387 728 4439 ἂν
757 4387 886 4455 περὶ
914 4386 1224 4449 εὐλαϐείας,
1267 4385 1333 4438 ἂν
1364 4385 1491 4454 περὶ
1521 4381 1889 4454 ἐλεημοσύνης
1924 4381 2041 4433 δια-

480 4468 694 4539 λεχθῇς,
735 4470 912 4522 πάντα
959 4471 1131 4524 ταῦτα
1185 4468 1444 4540 μαλάττει
1483 4466 1650 4520 αὐτοῦ
1696 4468 1794 4536 τὴν
1838 4467 2038 4536 ψυχήν.

493 4551 661 4624 ’Υπὲρ
688 4553 892 4606 τούτων
922 4554 1138 4608 πάντων
1169 4553 1324 4623 χάριν
1353 4552 1697 4621 ὁμολογήσει.
1725 4552 1824 4602 Ἂν
1859 4551 2042 4620 μέντοι

479 4638 691 4706 γέλωτα
708 4639 954 4709 κινήσῃς,
976 4640 1038 4690 ἂν
1069 4637 1291 4708 αἰσχρὸν
1321 4635 1552 4706 φθέγξῃ,
1577 4633 1776 4704 μᾶλλον
1802 4632 2003 4702 ἐξῆψας
2024 4635 2060 4662 ⁶’

480 4721 548 4774 ἂν
587 4721 879 4793 ἐπαινέσῃς
915 4721 1019 4792 τὴν
1059 4720 1209 4793 [107]
1257 4719 1518 4788 πονηρίαν
1541 4758 1555 4782 ,
1612 4716 1908 4778 κατέϐαλες
1949 4715 2044 4768 καὶ

482 4803 788 4865 ἀπώλεσας.
817 4803 987 4857 Τοῦτο
1017 4800 1109 4857 οὖν
1138 4803 1283 4856 ἔστιν
1309 4806 1481 4865 εἰπεῖν
1499 4819 1514 4832 ’
1557 4801 1589 4871 ἢ
1621 4801 1710 4853 ἵνα
1741 4815 2044 4869 κεχαριτω-

486 4888 679 4958 μένους
708 4889 904 4951 αὐτοὺς
926 4889 1242 4958 ἐργάσηται,
1273 4885 1444 4948 οὕτως
1475 4885 1617 4937 εἶπε.
1647 4883 1908 4953 Καθάπερ
1936 4881 2044 4950 γὰρ

483 4971 542 5024 τὸ
573 4971 741 5042 μύρον
779 4974 936 5042 χάριν
968 4971 1147 5023 δίδωσι
1183 4973 1295 5033 τοῖς
1344 4968 1869 5039 μεταλαμϐάνουσιν,
1903 4967 2045 5020 οὕτω

484 5054 579 5106 καὶ
608 5055 762 5122 λόγος
788 5053 992 5123 ἁγαθός
1012 5071 1024 5084 ο
1062 5054 1149 5107 διὰ
1186 5053 1347 5106 τοῦτο
1373 5052 1466 5106 καί
1515 5069 1598 5114 τις
1637 5051 1810 5118 ἔλεγε,
1841 5051 2046 5116 Μύρον

483 5137 809 5191 ἐκκενωθὲν
833 5136 1019 5207 ὄνομά
1043 5153 1158 5192 σου
1179 5155 1192 5168 ’
1221 5139 1480 5190 ἀποπνεῖν
1511 5134 1708 5196 αὐτοὺς
1737 5132 1910 5186 ἐποίει
1936 5133 2046 5185 ἀπὸ

485 5219 585 5288 τῆς
609 5222 836 5285 εὐωδίας
876 5222 1109 5295 ἐκείνης.
1153 5221 1312 5292 Ὁρᾷς
1344 5221 1446 5284 ὅτι,
1487 5220 1622 5284 ὅπερ
1654 5217 1741 5269 ἀεὶ
1769 5218 2041 5286 παραινεῖ,

484 5303 643 5358 τοῦτο
678 5306 769 5359 καὶ
807 5307 901 5360 νῦν
933 5306 1101 5373 λέγει,
1129 5306 1343 5375 ἑκάστῳ
1369 5303 1666 5371 οἰκοδομεῖν
1696 5301 1786 5353 τὸν
1821 5299 2044 5369 πλησίον

488 5388 797 5460 ἐπιτρέπων
825 5388 963 5443 κατὰ
992 5388 1220 5458 δύναμιν
1243 5388 1340 5457 τὴν
1367 5384 1592 5450 tau-:06;
1633 5384 1693 5436 '0
1717 5381 1923 5452 ἑτέροις
1951 5376 2046 5434 οὖν

485 5472 710 5525 τοιαῦτα
747 5472 1049 5542 παραινῶν,
1099 5470 1278 5541 πολλῷ
1329 5469 1528 5540 μᾶλλον
1581 5464 1784 5535 σαυτῷ.
1825 5464 1934 5518 Καὶ
1957 5463 2044 5533 μὴ

484 5555 745 5621 λυπεῖτε,
779 5558 935 5627 φησὶ,
967 5556 1035 5611 τὸ
1068 5555 1310 5625 Πνεῦμα
1345 5553 1412 5608 τὸ
1453 5551 1642 5623 ἅγιον.
1678 5549 2047 5622 Φρικωδέστε-

549 5761 577 5792 ⁸
603 5761 773 5810 Παθεῖν
794 5761 850 5809 ἄν
873 5761 1045 5810 mallet
1067 5760 1294 5811 Danaus.

1356 334 1430 389 ἸΝ
1459 332 1678 388 EPIST.
1720 331 1812 386 Αἰ)
1846 325 2097 382 EPHES.
2147 325 2297 381 CAP.
2341 327 2430 382 IV.
2468 328 2706 385 HOMIL.
2743 329 2888 385 XIV.

3597 332 3704 388 1οι

2141 457 2232 510 ρον
2272 446 2366 498 καὶ
2412 445 2785 517 φοϐερώτερον
2827 445 3002 509 τοῦτο,
3057 445 3195 517 ὅπερ
3243 445 3337 499 καὶ
3367 445 3426 499 ἐν
3456 448 3521 519 τῇ
3574 448 3712 518 πρὸς

2135 528 2567 586 Θεσσαλονικέας
2599 530 2891 599 Ἐπιστολῇ
2924 543 3089 599 φησί’
3121 529 3216 582 καὶ
3247 530 3356 600 γὰρ
3389 530 3507 582 ἐκεῖ
3531 530 3710 584 τοιοῦ-

2134 609 2226 661 τόν
2255 628 2309 663 τι
2331 612 2518 680 λέγει·
2563 615 2624 665 ’0
2658 614 2767 682 γὰρ
2796 609 3044 676 ἀθετῶν,
3083 614 3196 666 οὐκ
3222 612 3538 680 ἄνθρωπον
3571 616 3711 669 ἀθε-

2133 692 2240 750 τεῖ.
2267 695 2426 749 ἀλλὰ
2453 696 2562 748 τὸν
2589 697 2760 750 Θεόν.
2801 695 2957 750 Οὕτω
2987 695 3080 748 καὶ
3129 694 3385 748 ἐνταῦθα.
3420 697 3518 749 Ἂν
3551 696 3714 770 εἴπῃς

2135 775 2452 845 ὑϐριστικὸν
2489 779 2659 848 ῥῆμα,
2686 779 2752 832 ἂν
2784 780 2993 848 πλήξῃς
3030 779 3122 831 τὸν
3157 777 3404 848 ἀδελφὸν,
3437 779 3538 832 οὐκ
3564 781 3712 832 ἐκεῖ-

2135 876 2224 910 νον
2255 859 2516 929 ἔπληξας,
2551 862 2686 915 ἀλλὰ
2733 862 2794 914 τὸ
2837 861 3060 932 Πνεῦμα
3097 861 3396 930 ἐλύπησας.
3440 849 3574 914 Εἶτα
3617 862 3715 915 καὶ⁹

2136 942 2168 1011 ή
2203 943 2492 1015 προσθήκη
2536 945 2637 1014 τῆς
2676 945 3016 1015 εὐεργεσίας,
3051 946 3137 998 ἵνα
3171 945 3372 1015 μείζων
3409 945 3634 1013 γένηται
3675 947 3712 1016 ἡ

2135 1028 2469 1095 κατηγορία.
2501 1029 2606 1080 Καὶ
2644 1027 2728 1096 μὴ
2757 1028 3005 1081 λυπεῖτε
3044 1029 3110 1080 τὸ
3151 1028 3394 1097 Πνεῦμα
3422 1028 3487 1080 τὸ
3518 1027 3710 1097 ἅγιον,

2135 1109 2320 1178 φησὶν,
2349 1109 2420 1161 ἐν
2444 1104 2492 1176 ᾧ
2514 1111 2957 1180 ἐσφραγίσθητε
2985 1113 3073 1174 εἰς
3093 1111 3333 1179 ἡμέραν
3361 1108 3712 1178 ἀπολυτρώ-

2134 1208 2307 1256 σεως.
2343 1192 2513 1245 Τοῦτο
2542 1196 2690 1264 ἡμᾶς
2728 1194 2928 1257 ἔδειξεν
2964 1195 3164 1264 ἀγέλην
3211 1193 3515 1264 βασιλικὴν,
3552 1193 3714 1247 τοῦτο

2135 1274 2283 1342 ἡμᾶς
2337 1276 2556 1329 πάντων
2608 1277 2717 1329 τῶν
2763 1278 2998 1348 πρώτων
3039 1279 3358 1348 ἀπέστησε,
3409 1277 3567 1330 τοῦτο
3611 1279 3712 1331 οὐκ

2137 1357 2317 1426 ἀφῆκε
2345 1359 2559 1412 κεῖσθαι
2596 1361 2732 1429 μετὰ
2771 1362 2882 1413 τῶν
2925 1359 3244 1413 ὑπευθύνων
3272 1361 3372 1429 τῆς
3415 1360 3588 1431 ὀργῆς
3612 1361 3708 1412 τοῦ

2135 1441 2293 1506 Θεοῦ,
2323 1443 2417 1495 καὶ
2453 1445 2516 1497 σὺ
2553 1444 2685 1497 αὐτὸ
2703 1445 2891 1508 λυπεῖς
2914 1463 2928 1506 ;
2955 1447 3096 1517 Ὅρα
3119 1446 3235 1508 πῶς
3266 1449 3382 1498 ἐκεῖ
3415 1447 3513 1515 μὲν
3547 1446 3710 1515 φοϐε-

2139 1524 2268 1593 ρῶς,
2308 1525 2369 1577 Ὁ
2401 1527 2512 1595 γὰρ
2540 1526 2786 1592 ἀθετῶν,
2813 1529 2998 1598 φησιν,
3025 1531 3136 1582 οὐκ
3160 1529 3473 1595 ἄνθρωπον
3489 1528 3705 1594 ἀθετεῖ,

2127 1608 2296 1662 ἀλλὰ
2318 1611 2428 1664 τὸν
2467 1613 2619 1665 Θεόν
2643 1628 2655 1643 ο
2693 1612 2926 1665 ἐνταῦθα
2960 1613 3017 1666 δέ
3039 1613 3408 1684 ἐντρεπτικῶς
3426 1654 3440 1677 ,
3482 1613 3578 1682 Μὴ
3600 1617 3708 1668 λυ·-

2135 1693 2298 1746 πεῖτε
2343 1695 2408 1749 τὸ
2437 1697 2680 1766 Πνεῦμα
2722 1699 2789 1752 τὸ
2825 1698 3018 1768 ἅγιον,
3061 1698 3246 1768 φησὶν,
3296 1698 3366 1752 ἐν
3405 1693 3454 1765 ᾧ
3478 1699 3710 1767 ἐσφρα-

2136 1777 2402 1844 γίσθητε.
2434 1778 2497 1830 Ἥ
2530 1781 2763 1850 σφραγὶς
2781 1780 2920 1851 αὕτη
2946 1782 3039 1834 ἐπὶ
3067 1781 3160 1834 τοῦ
3181 1782 3446 1852 στόματος
3467 1781 3670 1835 κείσθω
3689 1798 3707 1814 θ

2139 1859 2214 1928 μὴ
2242 1861 2438 1934 ἀνέλῃς
2469 1862 2538 1915 τὰ
2577 1865 2884 1933 σήμαντρα.
2918 1863 3100 1934 Στόμα
3148 1863 3516 1934 πνευματικὸν
3559 1864 3711 1918 οὐδὲν

2133 1942 2374 1996 τοιοῦτον
2437 1944 2760 2012 φθέγγεται.
2795 1946 2886 2016 Μὴ
2940 1945 3123 2019 εἴπῃς,
3183 1947 3351 2000 Οὐδέν
3412 1949 3580 2010 ἐστιν,
3638 1946 3710 2000 ἂν

2133 2026 2360 2096 αἰσχρὸν
2395 2029 2555 2094 εἴπω,
2583 2029 2650 2083 ἂν
2677 2029 2767 2082 τὸν
2805 2029 2954 2084 δεῖνα
2987 2030 3215 2101 ὑϐρίσω.
3247 2029 3347 2084 Διὰ
3373 2031 3531 2084 τοῦτο
3567 2031 3714 2102 μέγα

2136 2109 2258 2161 ἐστὶ
2281 2111 2473 2176 κακὸν,
2499 2112 2689 2183 ἐπειδὴ
2716 2113 2868 2166 οὐδὲν
2902 2109 3042 2166 εἶναι
3080 2113 3247 2168 δοκεῖ.
3279 2114 3360 2168 Τὰ
3399 2115 3508 2184 γὰρ
3541 2114 3712 2186 μηδὲν

2137 2189 2276 2246 εἶναι
2305 2194 2595 2261 δοκοῦντα,
2631 2192 2866 2260 εὐκόλῶς
2909 2197 3002 2250 καὶ
3053 2200 3496 2267 καταφρονεῖται,
3537 2197 3607 2250 τά
3650 2197 3711 2251 δέ

2137 2279 2621 2350 καταφρονούμενα
2665 2278 2760 2332 καὶ
2792 2277 3036 2345 αὒξεται,
3077 2279 3150 2333 τὰ
3196 2278 3254 2330 δέ
3307 2277 3583 2348 αὐξόμενα
3614 2281 3712 2332 καὶ

2135 2360 2329 2413 ἀνίατα
2355 2361 2584 2430 γίνεται.
2621 2362 2804 2432 Στόμα
2841 2364 2986 2433 ἐχεις
3025 2363 3437 2432 πνευματικόν;
3492 2362 3711 2435 Ἐννόη-

2138 2458 2229 2494 σον
2270 2442 2323 2494 τί
2371 2444 2616 2512 ἐφθέγξω
2657 2443 2858 2508 εὐθέως
2910 2445 3063 2514 ῥῆμα
3107 2446 3351 2514 τεχθεὶς,
3395 2445 3527 2499 ποία
3581 2446 3710 2509 ἀξία

2134 2523 2231 2576 τοῦ
2257 2525 2524 2596 στόματός
2559 2543 2674 2580 σου.
2708 2527 2930 2598 Πατέρα
2962 2528 3150 2592 καλεῖς
3180 2529 3273 2582 τὸν
3301 2529 3467 2593 Θεὸν,
3497 2529 3593 2582 καὶ
3621 2530 3714 2582 τὸν

2138 2606 2366 2676 ἀδελφὸν
2393 2607 2596 2674 εὐθέως
2637 2609 2915 2681 ὺϐρίζεις;
2961 2609 3246 2680 Ἐννόησον
3284 2611 3450 2664 πόθεν
3491 2611 3716 2682 Πατέρα

2146 2691 2329 2757 καλεῖς
2357 2693 2451 2746 τὸν
2493 2691 2644 2746 Θεόν.
2688 2692 2827 2747 Ἀπὸ’
2852 2692 3098 2764 φύσεως;
3143 2694 3260 2748 ἀλλ’
3307 2694 3408 2747 οὐκ
3440 2693 3504 2746 ἂν
3540 2694 3708 2763 ἔχοις.

2148 2777 2284 2829 Ἀπὸ
2312 2777 2548 2848 άρετῆς;
2579 2776 2695 2831 ἀλλ’
2755 2778 2876 2831 οὐδὲ
2911 2778 3088 2848 τοῦτο.
3135 2778 3296 2831 Ἀλλὰ
3332 2778 3530 2845 πόθεν;
3579 2778 3715 2831 ’Λπὸ

2139 2861 2547 2932 φιλανθρωπίας
2577 2863 2768 2932 μόνης,
2805 2862 2912 2914 ἀπὸ
2941 2862 3366 2933 εὐσπλαγχνίας,
3411 2863 3518 2916 ἀπὸ
3554 2862 3707 2915 ἐλέου

2138 2945 2356 3000 πολλοῦ.
2398 2943 2686 3000 Ὄτανοῦν
2719 2947 2940 3018 Πατέρα
2959 2946 3130 3017 καλῇς
3153 2947 3244 2999 τὸν
3275 2947 3426 3011 Θεὸν,
3557 2945 3716 3000 τοῦτο
3759 2986 3768 2997 .

2142 3031 2301 3098 μόνον
2327 3031 2516 3092 ἐννόει,
2540 3030 2622 3082 ὅτι
2644 3030 2839 3096 ἀνάξια
2870 3031 2970 3100 τῆς
2992 3031 3272 3098 εὐγενείας
3307 3032 3525 3099 ἐκείνης
3543 3030 3718 3103 πράτ-

2137 3129 2255 3177 τεις
2283 3114 2543 3184 ὑβρίζων,
2586 3114 2700 3167 ἀλλ’
2731 3114 2812 3166 ὅτι
2846 3114 2942 3166 καὶ
2977 3114 3084 3166 ἀπὸ
3119 3113 3532 3184 φιλανθρωπίας
3569 3112 3714 3182 ἔχεις

2138 3196 2238 3266 τὴν
2280 3197 2582 3264 εὐγένειαν.
2623 3195 2716 3266 Μὴ
2749 3196 2927 3249 τοίνυν
2957 3196 3128 3266 αὐτὴν
3172 3196 3564 3270 καταισχύνῃς,
3607 3197 3717 3250 ἀπὸ

2144 3282 2242 3352 μὲν
2292 3279 2946 3351 φιλανθρωπίαςλαϐὼν,
2983 3281 3225 3352 ὠμότητι
3271 3283 3327 3334 δὲ
3376 3283 3717 3353 κεχρημένος

2147 3366 2286 3436 πρὸς
2326 3366 2452 3429 τοὺς
2480 3365 2758 3432 ἀδελφούς.
2807 3365 3024 3435 Πατέρα
3065 3365 3248 3427 καλεῖς
3294 3364 3386 3417 τὸν
3417 3365 3571 3430 Θεὸν,
3623 3366 3718 3418 καὶ

2142 3448 2413 3519 ὑϐρίζεις
2473 3448 2612 3501 Ἀλλ’
2647 3449 2708 3500 οὐ
2749 3447 2921 3502 ταῦτα
2974 3447 3068 3499 τοῦ
3125 3447 3242 3500 υἱοῦ
3296 3447 3389 3500 τοῦ
3441 3447 3601 3502 Θεοῦ.
3637 3449 3714 3501 Τὸ

2143 3535 2302 3604 ἔργον
2326 3533 2421 3586 τοῦ
2445 3531 2562 3585 υίοῦ
2584 3532 2676 3584 τοῦ
2706 3531 2866 3591 Θεοῦ,
2907 3534 3020 3594 τοῖς
3056 3532 3270 3602 ἐχθροῖς
3299 3531 3538 3601 ἀφιέναι,
3574 3533 3716 3605 ὑπὲρ

2140 3617 2251 3670 τῶν
2277 3615 2651 3686 σταυρούντων
2683 3613 2955 3684 εὔχεσθαι,
2999 3615 3138 3684 ὑπὲρ
3170 3616 3276 3667 τῶν
3317 3614 3620 3684 μισούντων
3654 3615 3718 3669 τὸ

2141 3695 2281 3771 αἷμα
2313 3700 2542 3769 ἐκχέειν.
2588 3696 2775 3751 Ταῦτά
2816 3701 2964 3751 ἐστιν
2997 3696 3122 3762 ἄξια
3148 3697 3239 3750 τοῦ
3275 3697 3392 3750 υἱοῦ
3424 3698 3518 3750 τοῦ
3553 3698 3714 3764 Θεοῦ,

2140 3787 2268 3848 τοὺς
2299 3785 2548 3856 ἐχθροὺς,
2578 3784 2704 3846 τοὺς
2747 3781 3089 3852 ἀγνώμονας,
3115 3782 3240 3844 τοὺς
3284 3782 3545 3847 κλέπτας,
3586 3783 3716 3848 τοὺς

2145 3871 2392 3939 ἰταμοὺς,
2448 3870 2574 3932 τοὺς
2634 3865 3108 3930 ἐπιϐουλεύοντας,
3168 3866 3387 3928 τούτους
3452 3866 3717 3936 ἀδελφοὺς

2143 3954 2410 4007 ποιεῖσθαι
2441 3952 2536 4006 καὶ
2556 3952 2945 4022 κληρονόμους.
2972 3951 3092 4020 οὐχὶ
3128 3952 3254 4013 τοὺς
3274 3950 3535 4021 ἀδελφοὺς
3565 3969 3714 4021 γινο-

2144 4040 2359 4108 μένους,
2390 4037 2613 4101 τούτους
2646 4037 2722 4098 ὠς
2739 4034 3049 4106 ἀνδράποδα
3087 4035 3358 4106 ὑϐρίζειν.

2211 4241 2274 4294 δ’.
2311 4239 2591 4308 Ἐννόησον
2618 4238 2739 4292 τίνα
2767 4239 3066 4308 ἐφθέγξατο
3097 4240 3314 4310 ῥήματα
3342 4238 3403 4291 τὸ
3439 4240 3614 4310 στόμα
3651 4242 3715 4295 τὸ

2145 4324 2294 4398 [108]
2339 4325 2450 4389 σὸν,
2503 4325 2662 4388 ποίας
2696 4324 2823 4388 ἄξια
2876 4324 3187 4394 τραπέζης’
3243 4324 3497 4393 ἐννόησον
3549 4326 3712 4381 τίνων

2144 4409 2393 4471 ἅπτεται,
2420 4410 2579 4459 τίνων
2603 4406 2849 4475 γεύεται,
2883 4407 3037 4468 ποίας
3063 4405 3324 4459 ἀπολαύει
3344 4410 3571 4477 τροφῆς.
3602 4410 3710 4463 Οὑ-

2142 4493 2227 4545 δέν
2259 4494 2364 4562 ήγῇ
2399 4493 2569 4543 ποιεῖν
2597 4490 2765 4542 δεινὸν
2805 4490 2897 4543 τὸν
2927 4489 3154 4558 ἀδελφὸν
3189 4491 3546 4560 κατηγορῶν;
3585 4492 3709 4556 Πῶς

2143 4572 2234 4629 οὖν
2262 4574 2445 4635 καλεῖς
2477 4573 2731 4641 ἁδελφόνς
2780 4574 2842 4624 El
2887 4573 2943 4624 δὲ
2971 4575 3070 4624 οὐκ
3119 4572 3266 4626 ἐστιν
3302 4573 3550 4641 ἀδελφὸς,
3593 4574 3711 4638 πῶς

2145 4659 2347 4726 λέγεις,
2379 4655 2568 4723 Πάτερ
2616 4655 2814 4724 ήμῶν;
2841 4656 2900 4708 τὸ
2928 4656 3054 4725 γὰρ,
3101 4655 3318 4724 ’Πμῶν,
3355 4655 3564 4708 πολλῶν
3597 4659 3716 4711 ἐστι

2146 4740 2456 4811 προσώπων
2488 4738 2839 4808 σημαντικόν.
2885 4740 3168 4810 Ἐννόησον
3197 4741 3334 4810 μετά
3360 4739 3522 4792 τίνων
3552 4741 3716 4812 έστη-

2145 4840 2246 4886 κας
2305 4822 2446 4874 κατὰ
2483 4822 2572 4875 τὸν
2606 4821 2798 4890 καιρὸν
2857 4821 2968 4874 τῶν
3018 4823 3332 4892 μυστηρίων
3361 4861 3375 4884 ,
3442 4823 3579 4890 μετὰ
3610 4825 3719 4878 τῶν

2145 4906 2464 4976 Χερουϐὶμ,
2523 4904 2654 4970 μετὰ
2709 4903 2818 4959 τῶν
2868 4905 3140 4975 Σεραφίμ.
3197 4905 3277 4957 Τὰ
3335 4905 3586 4975 Σεραφὶμ
3619 4906 3718 4976 οὐχ

2148 4989 2379 5058 ὑϐρίζει,
2415 4989 2550 5040 ἀλλὰ
2600 4988 2732 5058 μίαν
2778 4989 2964 5048 αὐτοῖς
3015 4987 3206 5058 χρείαν
3247 4988 3406 5057 μόνον
3436 4988 3496 5040 τὸ
3545 4989 3720 5056 στόμα

2147 5072 2365 5141 πληροῖ,
2395 5070 2453 5122 τὸ
2480 5067 2804 5138 δοεολογεῖν,
2828 5071 2890 5123 τὸ
2913 5069 3157 5134 δοξάζειν
3184 5071 3272 5123 τὸν
3290 5070 3439 5123 Θεόν.
3473 5070 3597 5134 Πῶς
3625 5067 3720 5125 οὖν

2144 5155 2348 5227 δυνήσῃ
2369 5154 2432 5205 σὺ
2463 5153 2578 5223 μετ’
2598 5154 2820 5206 ἐκείνων
2841 5152 3039 5221 λέγειν,
3063 5153 3288 5221 Ἀγιος,
3319 5151 3508 5220 ἅγιος,
3529 5151 3717 5220 ἅγιος,

2147 5239 2228 5300 είς
2258 5236 2414 5308 ὕϐριν
2443 5236 2521 5306 τῷ
2563 5236 2792 5304 στόματι
2828 5238 3206 5306 κεχρημένος;
3244 5236 3378 5288 Είπέ
3424 5235 3486 5304 δή
3523 5253 3632 5305 μοι,
3669 5240 3720 5288 εί

2150 5321 2343 5384 σκεῦος
2376 5320 2461 5391 εἴη
2509 5319 2806 5390 βασιλικὸν,
2853 5320 2948 5372 καὶ
2983 5320 3070 5372 ἀεὶ
3103 5319 3417 5388 ἐδεσμάτων
3468 5317 3719 5387 ἔμπλεων

2150 5405 2464 5476 βασιλικῶν,
2500 5404 2596 5457 καὶ
2645 5405 2725 5468 εἰς
2771 5403 2929 5457 τοῦτο
2981 5403 3441 5472 άποτεταγμένον,
3488 5397 3608 5456 εἶτά
3637 5420 3722 5466 τις

2147 5489 2295 5559 αὐτῷ
2321 5487 2431 5541 τῶν
2458 5487 2685 5541 οἰκετῶν
2713 5487 2978 5557 χρήσαιτο
3008 5487 3088 5549 εἰς
3120 5487 3340 5555 κόπρονι
3374 5481 3483 5555 ἦρα
3515 5486 3722 5558 τολμή-

2148 5591 2230 5627 σει
2259 5572 2421 5626 πάλιν
2453 5571 2569 5640 μετ’
2604 5571 2829 5623 ἐκείνων
2871 5569 2980 5622 τῶν
3016 5569 3224 5622 σκευῶν
3271 5567 3382 5621 τῶν
3412 5572 3492 5632 είς
3537 5571 3722 5623 ἐκεῖνα

2146 5653 2604 5724 ἀποτεταγμένων
2637 5653 2770 5707 αὐτὸ
2801 5650 3160 5705 ἀποτίθεσθαι
3188 5651 3287 5722 τῆς
3319 5652 3524 5724 κόπρου
3558 5655 3722 5722 ἐμπε·

2151 5736 2460 5809 πλησμένον
2481 5753 2494 5801 ;
2513 5734 2800 5806 Οὐδαμῶς.
2826 5733 3079 5788 Τοιοῦτόν
3105 5734 3158 5787 τί
3179 5737 3369 5805 ἐστινὴ
3391 5736 3718 5808 κακηγορίαι,
