4100 6412
391 306 495 366 105

389 422 629 478 τοιοῦτόν
663 424 809 475 ἐστιν
845 423 878 491 ὴ
907 418 1084 489 ὑΰρις.
1114 416 1303 485 Πάτερ
1328 414 1518 484 ἡμῶν.
1554 415 1665 468 Καὶ
1688 413 1768 479 τίς
1800 410 1959 464 τοῦτο

392 507 584 577 μόνον;
622 506 818 557 ’Ἄκουε
848 500 1071 554 καὶτῶν
1102 499 1226 566 ἑξῆς
1251 516 1265 528 ·
1312 499 1375 551 '0
1412 499 1483 551 ἐν
1513 496 1636 561 τοῖς
1656 493 1955 562 οὐρανοῖς.

392 576 606 650 Εὐθέως
650 583 823 649 εἶπες,
856 583 1048 651 Πάτερ
1099 580 1269 650 ἡμῶν
1304 584 1338 634 ό
1364 581 1435 633 ἐν
1478 596 1605 645 τοις
1655 576 1958 645 οὐρανοῖς,

390 674 483 725 καί
512 670 773 740 ἀνέστησέ
803 685 862 720 σε
882 668 942 718 τὸ
970 666 1142 736 ῥῆμα,
1170 662 1451 733 ἐπτέρωσέ
1471 680 1567 715 σου
1583 661 1682 731 τὴν
1697 660 1959 720 διάνοιαν,

389 756 589 819 ἔδειξεν
637 757 718 807 ὅτι
752 751 971 820 Πατέρα
1003 750 1148 818 ἔχεις
1204 750 1263 800 ἐν
1309 748 1425 809 τοῖς
1457 747 1728 815 οὐρανοῖς.
1777 742 1961 811 Μηδὲν

390 843 620 912 πρᾶττε,
649 838 811 907 μηδὲν
835 835 958 902 λέγε
987 832 1095 886 τῶν
1125 832 1222 883 ἐπὶ
1245 832 1369 900 γῆς.
1407 830 1502 891 Εἰς
1527 827 1741 895 ἐκείνην
1772 843 1831 878 σε
1860 826 1961 896 τὴν
2020 882 2025 887 ,

388 908 540 988 τάξιν
566 923 758 990 ἔστησε
785 920 884 989 τὴν
907 918 1038 978 ἄνω,
1070 914 1263 983 ἐκείνῳ
1307 930 1367 966 σε
1394 912 1639 982 ἐνέκρινε
1669 910 1748 979 τῷ
1781 908 1958 980 χορῷ*

386 1009 444 1062 τί
477 1004 672 1059 σαυτὸν
700 1004 849 1057 κάτω
871 999 1191 1063 καθέλκεις;
1222 996 1372 1066 παρά
1397 994 1488 1046 τὸν
1517 994 1705 1064 θρόνον
1727 994 1963 1062 ἕστηκας

390 1092 480 1145 τὸν
520 1085 828 1149 Βασιλικὸν,
863 1084 958 1136 καὶ
987 1079 1265 1151 ὑϐρίζειςς
1299 1079 1374 1130 Οὐ
1413 1077 1660 1138 δέδοικας
1700 1076 1775 1146 μὴ
1804 1074 1962 1144 ὑϐριν

388 1173 449 1226 τὸ
478 1172 712 1241 πρᾶγμα
740 1167 1011 1237 ἡγήσηται
1043 1166 1071 1217 ὁ
1102 1160 1390 1232 βασιλεύς;
1422 1158 1537 1212 ἀλλ’
1568 1157 1635 1241 ἂν
1666 1159 1765 1241 μὲν
1812 1157 1964 1210 οἰκέ-

389 1273 485 1324 της
518 1239 603 1322 ἐφ’
646 1250 807 1320 ἡμῶν
837 1248 928 1300 τὸν
972 1244 1261 1317 ὁμόδουλον
1299 1242 1500 1312 τύπτῃ,
1547 1241 1580 1311 ἦ
1615 1240 1831 1324 ὑϐρίζῃ,
1864 1239 1965 1292 κᾶν

389 1322 612 1398 δικαίως
644 1333 804 1386 τοῦτο
850 1333 1001 1401 ποιῇ,
1051 1328 1253 1390 εὐθέως
1300 1324 1668 1394 ἐπιτιμῶμεν,
1718 1322 1875 1392 ὓϐριν
1905 1322 1995 1391 τὸ,

391 1424 623 1489 πρᾶγμα
651 1416 939 1485 ἡγούμενοι
957 1429 971 1443 ·
1011 1412 1075 1464 σὺ
1101 1410 1158 1463 δὲ
1191 1409 1329 1479 μετὰ
1354 1407 1462 1460 τῶν
1484 1406 1765 1489 Χερουϐὶμ
1793 1405 1965 1489 ἐστώς

391 1488 542 1575 παρὰ
568 1502 660 1553 τὸν
680 1498 867 1569 θρόνον
890 1495 985 1548 τοῦ
1010 1492 1303 1556 Βασιλέως,
1326 1490 1565 1561 ὑϐρίζεις
1588 1490 1681 1542 τὸν
1700 1488 1929 1555 ἀδελφόν
1950 1503 1965 1550 ;

391 1572 503 1655 Οὐχ
529 1585 660 1654 ὁρᾷς
685 1582 753 1633 τά
781 1581 913 1647 ἆγια
938 1577 1111 1631 ταῦτα
1142 1577 1347 1644 σκεύη;
1387 1575 1510 1641 οὐχὶ
1532 1572 1688 1655 ,πρὸς
1730 1572 1788 1625 ἐν
1822 1574 1968 1623 ἐστιν

391 1652 573 1721 αὐτῶν
604 1652 896 1725 διαπαντὸς
930 1664 962 1729 ἡ
990 1660 1184 1730 χρείας
1226 1658 1302 1727 μή
1341 1674 1424 1718 τις
1464 1654 1642 1724 τολμᾷ
1675 1653 1811 1725 πρὸς
1838 1652 1968 1706 ἄλλο

390 1770 441 1803 τι
472 1748 781 1820 χρήσασθαι
818 1747 1039 1808 αὑτοῖς;
1074 1744 1145 1795 Σὺ
1189 1741 1297 1792 τῶν
1331 1738 1540 1792 σκευῶν
1590 1737 1889 1807 ἁγιώτερος
1920 1731 1971 1787 εἷ

391 1818 617 1897 τούτων,
662 1830 756 1883 καὶ
788 1826 968 1897 πολλῷ
1021 1823 1347 1894 ἀγιώτερος’
1382 1820 1436 1872 τί
1464 1820 1644 1872 τοίνυν
1684 1818 1969 1891 ρυπαίνεις

396 1916 592 1970 σαυτὸν
646 1914 741 1967 καὶ
796 1911 1077 1983 μολύνεις;
1126 1909 1215 1961 Ἐν
1258 1908 1371 1969 τοῖς
1404 1906 1655 1975 οὐρανοῖς
1710 1903 1970 1973 ἕστηκας,

394 2002 487 2053 καὶ
510 1996 781 2068 ὐϐρίζεις;
822 1994 960 2066 μετὰ
988 1991 1238 2061 ἀγγέλων
1263 1989 1546 2058 πολιτεύῃ,
1573 1987 1669 2041 καὶ
1698 1986 1965 2057 ὑϐρίζεις

394 2083 702 2152 φιλήματος
732 2079 962 2148 ἠξίωσαι
990 2070 1341 2135 Δεσποτικοῦ,
1364 2072 1457 2124 καὶ
1486 2070 1761 2140 ὑϐρίξεις
1790 2068 1973 2122 τοσού-

392 2182 507 2229 τοις
538 2182 632 2217 σου
658 2163 720 2217 τὸ
762 2162 938 2231 στόμα
971 2158 1280 2227 ἐκόσμησεν
1307 2156 1335 2207 ὁ
1361 2152 1495 2218 Θεὸς
1530 2153 1720 2224 ὑμνοις
1753 2152 1973 2220 ἀγγελι-

395 2252 531 2312 κοῖς,
563 2249 737 2319 τροφῇ
777 2245 962 2299 οὐκέτι
993 2240 1286 2311 ἀγγελικῇ,
1325 2237 1439 2291 ἀλλ’
1471 2238 1613 2307 ὑπὲρ
1651 2234 1970 2306 ἀγγελικὴν,

395 2333 664 2401 φιλήματι
698 2328 775 2399 τῷ
820 2327 1007 2388 αὐτοῦ,
1053 2321 1417 2395 περιπλοκαῖς
1444 2323 1565 2385 ταῖς
1602 2321 1738 2392 πρὸς
1783 2320 1969 2383 αὐτὸν,

398 2414 495 2467 καὶ
522 2414 796 2481 ὐϐρίζειςς
829 2409 941 2480 Μὴ,
974 2403 1297 2477 παρακαλῶ.
1350 2404 1617 2470 Μεγάλων
1645 2403 1706 2456 τὸ
1740 2403 1972 2472 πρᾶγμα

399 2498 574 2551 αἴτιον
616 2494 825 2559 κακῶν,
858 2495 1047 2564 πόρρω
1073 2488 1253 2558 ψυχῆς
1291 2487 1640 2558 Χριστιανῆς.
1687 2488 1762 2542 Οὐ
1789 2485 1973 2539 πείθο-

418 2736 747 2751 —__‘-

1094 304 1150 357 S.
1185 298 1469 356 JOA‘NNIS
1504 294 1989 353 CHRYSOSTOMI
2028 294 2349 351 ARCHIEP.
2392 292 2944 350 CONSTANTINOP.

3525 278 3626 343 106

2061 410 2163 481 μέν
2205 429 2263 463 σε
2323 411 2594 479 λέγοντες,
2650 409 2770 462 οὐδέ
2803 407 3169 478 ἐντρέπομεν;
3222 401 3431 455 Οὐκοῦν
3475 403 3627 467 ἀξιον

2059 494 2300 563 φοϐῆσαι
2326 495 2512 546 λοιπόν
2534 510 2547 523 ·
2593 495 2756 546 ἄκουε
2784 493 2890 561 γὰρ
2927 489 3021 543 τοῦ
3061 486 3298 557 Χριστοῦ
3340 486 3587 555 λέγοντος
3609 504 3623 516 ·

2072 578 2136 630 '0
2160 576 2346 630 εἰπὼν
2373 576 2451 641 τῷ
2477 574 2716 643 ἀδελφῷ
2754 573 2963 637 αὐτοῦ,
2996 571 3187 637 Μωρέ,
3218 569 3432 637 ἔνοχος
3457 570 3631 624 ἔσται

2059 660 2136 729 τῇ
2165 661 2375 729 γεέννῃ
2401 661 2505 713 τοῦ
2544 661 2753 726 πυρός.
2794 660 2857 710 Εἰ
2880 657 2936 709 δὲ
2972 657 3032 707 τὸ
3053 653 3381 723 κουφότερον
3409 652 3631 705 πάντων

2060 743 2284 812 γέενναν
2314 741 2583 813 προξενεῖ,
2631 744 2658 793 ό
2688 741 2759 793 τὰ
2809 740 3059 808 τολμηρά
3100 736 3298 803 λέγων,
3355 734 3499 796 τίνος
3533 735 3632 787 οὐκ

2063 825 2216 880 ἔσται
2250 826 2431 892 aiax;
2464 823 2852 893 Παιδεύσωμεν
2896 820 3055 891 ἡμῶν
3093 819 3227 887 πρὸς
3272 816 3548 886 εὐφημίαν
3571 815 3634 867 τὸ

2063 911 2269 980 στόμα·
2316 910 2460 979 μέγα
2489 909 2597 961 ἀπὸ
2635 907 2826 961 τούτου
2879 896 3089 975 κέρδος,
3138 901 3348 971 μεγάλη
3394 900 3501 952 ἀπὸ
3532 902 3633 968 τῆς

2065 991 2275 1065 ὑϐρεως
2300 994 2333 1062 ἡ
2360 991 2531 1062 βλάϐη
2550 1006 2565 1022 ·
2597 992 2697 1044 οὐκ
2731 990 2877 1042 ἐστιν
2902 986 3139 1041 ἐνταῦθα
3165 982 3635 1065 χρήματα-δαῖτα·-

2067 1062 2247 1146 νῆσαι.
2308 1074 2618 1144 Ἐπιθῶμεν
2667 1072 2838 1141 θύραν
2882 1071 2975 1123 καὶ⁹
3028 1068 3263 1139 μοχλὸν,
3299 1062 3452 1137 [109]
3503 1079 3635 1115 κατ-

2066 1159 2332 1228 εσθίωμεν
2356 1158 2605 1229 ἑαυτοὺς,
2624 1155 2717 1208 ἐὰν
2742 1154 2896 1223 ῥῆμά
2915 1170 3045 1205 ποτε
3066 1150 3321 1222 φορτικὸν
3344 1148 3632 1217 ἐκπηδήσῃ

2063 1242 2171 1295 τῶν
2205 1242 2434 1293 ὀδόντων
2456 1258 2467 1271 ·
2501 1238 2908 1308 παρακαλῶμεν
2932 1238 3022 1289 τὸν
3047 1235 3201 1298 Θεὸν,
3226 1231 3634 1302 παρακαλῶμεν

2063 1326 2155 1378 τὸν
2186 1325 2534 1397 ὑϐρισμένον,
2572 1322 2645 1391 μὴ
2675 1319 3127 1388 ἀναξιοπαθῶμεν
3148 1334 3161 1346 ·
3212 1315 3437 1377 ἑαυτοὺς
3468 1313 3637 1388 ἐπλή-

2066 1409 2256 1479 ξαμεν,
2292 1411 2393 1460 οὐκ
2445 1410 2685 1459 ἐκεῖνον’
2743 1404 3022 1472 ἐπιθῶμεν
3072 1401 3132 1454 τὺ
3186 1400 3481 1470 φάρμακον
3534 1398 3634 1466 τὴν

2065 1492 2230 1562 εὐχὴν
2278 1494 2373 1545 καὶ
2429 1491 2526 1559 τὴν
2565 1488 2701 1559 πρὸς
2749 1487 2841 1540 τὸν
2894 1484 3221 1556 ὑϐρισμένον
3266 1480 3633 1549 καταλλαγήν.

2068 1576 2168 1629 Ἂν
2206 1577 2262 1627 ἐν
2291 1577 2405 1636 τοῖς
2451 1574 2658 1643 ῥήμασι
2688 1569 2959 1639 τοσαύτην
3013 1564 3297 1635 ποιώμεθα
3353 1564 3635 1635 πρόνοιαν,

2073 1658 2254 1726 πολλῷ
2305 1657 2502 1726 μᾶλλον
2563 1656 2623 1706 ἐν
2675 1656 2787 1716 τοῖς
2826 1653 3113 1723 πράγμασι
3169 1648 3367 1719 νόμους
3399 1644 3639 1715 τιθῶμεν

2070 1743 2308 1804 ἑαυτοῖς.
2340 1738 2457 1792 Κᾶν
2485 1738 2673 1807 φίλους
2695 1737 2930 1807 ἔχωμεν,
2974 1734 3078 1788 κᾶν
3123 1729 3492 1793 οὑστινασοῦν,
3542 1729 3639 1783 καὶ

2067 1828 2272 1878 εἴποιεν
2300 1823 2490 1885 κακῶς
2519 1840 2661 1884 τινα,
2699 1822 2733 1892 ἢ
2770 1820 3072 1891 ὑϐρίσαιεν,
3104 1815 3405 1884 ὰπαίτησον
3434 1813 3635 1880 αὐτοὺς

2066 1912 2161 1964 καὶ
2212 1909 2504 1979 εῖσπραξαι
2555 1906 2731 1974 δίκην.
2779 1904 3160 1973 Μανθάνωμεν
3201 1898 3359 1964 ὅλως,
3403 1897 3487 1951 ὅτι
3536 1894 3639 1948 κᾶν

2068 1994 2375 2063 ἁμάρτημα
2404 1991 2463 2043 τὸ
2491 1989 2732 2042 τοιοῦτόν
2768 1990 2918 2040 ἐστιν
2941 2005 2954 2018 ·
2990 1987 3056 2039 ἂν
3084 1984 3191 2054 γὰρ
3229 1980 3511 2052 μάθωμεν,
3542 1994 3638 2029 τα-

2067 2078 2206 2147 χέως
2250 2073 2700 2143 ἀποστησόμεθα.
2748 2072 2808 2124 ’0
2848 2071 2905 2124 δὲ
2952 2070 3083 2131 Θεὸς
3130 2068 3229 2137 τῆς
3276 2065 3501 2136 εἰρήνης
3532 2078 3637 2147 φυτ-

2067 2144 2220 2223 λάξοι
2274 2157 2429 2228 ὑμῶν
2486 2157 2583 2210 καὶ
2638 2156 2730 2209 τὸν
2781 2154 2929 2221 νοῦν,
2964 2154 3058 2205 καὶ
3086 2153 3184 2221 τὴν
3236 2147 3511 2217 γλῶσσαν,
3543 2144 3638 2228 καί

2069 2242 2299 2312 τειχίσοι
2318 2226 2561 2309 ἀσφαλεῖ
2591 2241 2776 2310 τειχίῳ
2802 2238 2880 2308 τῷ
2917 2236 3082 2290 αὑτοῦ
3114 2233 3285 2304 φόϐῳ,
3328 2233 3387 2285 έν
3416 2226 3638 2312 Χριστῷ

2085 2309 2259 2394 Ἰησοῦ
2290 2325 2387 2375 καὶ
2438 2321 2628 2392 Κυρίῳ
2664 2309 2845 2392 ήμῶν,
2886 2320 3006 2391 μεθ’
3035 2316 3095 2371 οὑ
3132 2316 3212 2388 τῷ
3240 2312 3417 2383 Πατρὶ
3450 2314 3485 2382 ἡ
3514 2309 3638 2373 δόξα

2072 2408 2188 2477 ἅμα
2221 2405 2299 2476 τῷ
2336 2404 2477 2474 ἁγίῳ
2508 2403 2809 2473 Πνεύματι.

1822 2991 2064 3044 ΟΜΙΛΙΛ
2107 2992 2209 3045 lE'.

398 3264 578 3319 Πᾶσα
617 3263 822 3330 πικρία
853 3261 949 3314 καί
984 3260 1194 3327 θυμὸς,
1238 3257 1339 3312 καὶ
1372 3256 1541 3326 ὁρτὴ,
1575 3254 1672 3307 καὶ
1720 3250 1974 3321 κραυγὴ,

475 3347 573 3399 καὶ
607 3345 979 3412 ,ϐλασφημία
1027 3342 1262 3409 ἀρθήτω
1295 3340 1395 3408 ἀφ’
1439 3337 1607 3406 ὑμῶν·
1639 3336 1762 3388 σὺν
1808 3334 1978 3400 πάσῃ

476 3431 675 3498 κακίᾳ.

474 3626 545 3675 α’,
562 3620 772 3686 Ὥσπερ
787 3619 867 3678 εἰς
888 3614 1081 3676 σκεῦος
1098 3613 1405 3683 ἀκάθαρτον
1419 3612 1520 3663 οὐκ
1546 3608 1612 3662 ἄν
1633 3624 1761 3661 ποτε
1779 3607 1981 3668 ὲαυτάς

397 3703 625 3756 διαθεῖεν
659 3702 715 3751 αἱ
753 3699 1041 3768 μέλισσαι·
1068 3697 1159 3749 διὰ
1190 3695 1297 3766 γὰρ
1340 3693 1499 3746 τοῦτο
1536 3692 1630 3744 καὶ⁵
1670 3689 1981 3760 θυμιάμασι

406 3789 501 3839 καὶ
541 3784 734 3854 μύροις
765 3782 862 3833 καὶ
891 3770 1140 3840 εὐωδίαις
1171 3778 1262 3829 τὸν
1305 3777 1471 3829 τόπον
1520 3773 1981 3842 καταρραίνουσιν

405 3871 455 3920 οἰ
499 3868 628 3937 περὶ
656 3864 830 3916 ταῦτα
878 3861 1064 3923 δεινοὶ,
1116 3860 1279 3919 οἴνοις
1337 3875 1396 3909 τε
1455 3856 1681 3909 εὐώδεσι
1736 3855 1983 3915 καὶτοῖς

408 3935 587 4010 ἄλλοις
616 3950 788 4000 ἅπασι
820 3945 945 4006 τοὺς
974 3942 1362 4004 καλαθίσκους,
1394 3941 1453 3990 ἐν
1479 3935 1561 4001 οἷς
1597 3938 1662 3990 ἂν
1696 3938 1982 4007 μέλλουσιν

407 4038 533 4104 ἄρτι
562 4032 671 4085 τῶν
708 4027 932 4099 σμηνῶν
979 4025 1222 4089 ἐξιοῦσαι
1271 4024 1561 4087 ἐνιζάνειν,
1600 4021 1744 4073 ὥστε
1778 4021 1853 4090 μὴ
1883 4019 1983 4091 τὴν

408 4103 546 4187 ἀηδῆ
601 4113 776 4185 ὀσμὴν
829 4111 1151 4180 λυπήσασαν
1208 4107 1381 4169 αὑτὰς
1432 4106 1740 4175 ἀποστῆσαι
1775 4103 1980 4156 πάλινο

407 4185 550 4254 οὑτω
575 4199 638 4269 δὴ
668 4198 762 4250 καὶ
785 4195 879 4247 ἐπὶ
907 4192 1000 4245 τοῦ
1026 4190 1345 4260 Πνεύματός
1368 4190 1483 4241 ἐστι
1511 4186 1606 4239 τοῦ
1638 4186 1815 4269 ἁγίου.
1862 4185 1986 4252 Ἀγ-

409 4285 555 4351 γεῖόν
587 4265 640 4333 τί
674 4284 821 4332 ἐστιν
869 4278 902 4345 ἡ
942 4274 1191 4346 ἡμετέρα
1223 4272 1368 4341 ψυχὴ
1400 4271 1496 4323 καὶ⁸
1534 4265 1985 4351 καλαθίσκος,τὰ

412 4349 591 4437 σμήνη
625 4364 730 4417 τῶν
760 4360 1117 4432 χαρισμάτων
1158 4356 1267 4407 τῶν
1299 4352 1687 4423 πνευματικῶν
1720 4349 1983 4414 ὑποδέξα-

411 4430 537 4501 σθαί
566 4430 874 4514 δυναμένηο
899 4442 1015 4494 ἀλλ’
1052 4440 1148 4493 ἐὰν
1168 4435 1202 4510 ᾖ
1226 4437 1371 4489 ἔνδον
1393 4434 1524 4505 χολὴ
1544 4434 1639 4485 καὶ
1667 4433 1865 4501 πικρία
1891 4430 1985 4483 καί¹
2024 4478 2028 4480 γ

412 4530 603 4599 θυμὸς,
641 4529 709 4580 τά
744 4528 924 4596 σμήνη
968 4524 1293 4593 ἀφίπταται.
1334 4520 1432 4572 Διά
1468 4518 1627 4571 τοῦτο
1656 4519 1683 4569 ὁ
1718 4516 1986 4584 μακάριος

412 4598 563 4673 οὗτος
594 4611 688 4662 καὶ
732 4612 894 4675 σορὸς
924 4607 1167 4676 γεωργὸς
1213 4601 1558 4671 διακαθαίρει
1605 4599 1786 4660 καλῶς
1829 4598 1986 4667 ἡμῶν

412 4694 481 4747 τά
504 4692 694 4761 σκεύη,
723 4692 784 4743 οὐ
807 4690 1096 4759 δρέπανον,
1131 4687 1252 4739 οὐδέ
1282 4704 1335 4739 τι
1364 4685 1490 4739 ἄλλο
1520 4682 1711 4744 σκεῦος
1736 4680 1987 4750 σιδηροῦν

414 4776 662 4845 κατέχων
686 4792 698 4804 ο
730 4774 827 4827 καὶ
857 4772 1012 4824 καλεῖ
1042 4773 1189 4841 ἡμᾶς
1214 4771 1307 4823 ἐπὶ
1341 4768 1401 4822 τὸ
1433 4763 1805 4835 πνευματικὸν
1832 4763 1989 4815 τοῦτο

417 4859 640 4928 σμῆνος,
675 4860 769 4909 καὶ
800 4854 1051 4920 συνάγων
1099 4851 1231 4905 αὐτὸ
1261 4849 1605 4918 διακαθαίρει
1657 4849 1844 4917 εὐχαῖς
1896 4849 1991 4900 καὶ

417 4942 601 5004 πόνοις
636 4939 728 4992 καὶ
758 4942 869 5001 τοῖς
904 4937 1087 4997 ἄλλοις
1130 4934 1356 5007 ἅπασιν.
1393 4934 1533 5002 Ὅρα
1563 4929 1657 4985 οὖν
1687 4931 1805 4993 πῶς
1833 4932 1991 5001 ἡμῶν

416 5023 736 5093 ἐκκαθαίρει
775 5022 874 5091 τὴν
916 5018 1145 5091 καρδίαν
1169 5032 1183 5045 ·
1220 5013 1468 5084 ἀπήλασε
1510 5014 1572 5067 τὸ
1621 5014 1851 5083 ψεῦδος,
1886 5014 1991 5066 ἀπ·

419 5108 593 5179 ήλασε
642 5106 742 5178 τὴν
793 5107 983 5177 ὀργήν.
1017 5103 1269 5155 Δείκνυσι
1323 5100 1487 5152 πάλιν
1541 5100 1657 5163 πῶς
1684 5099 1749 5153 ἂν
1793 5099 1992 5179 μάλλον

416 5177 717 5263 πρόρριζον
777 5187 1156 5256 ἀνασπασθείη
1198 5185 1260 5239 τὸ
1314 5184 1521 5237 κακόν
1570 5183 1637 5237 ἂν
1696 5182 1772 5253 μὴ
1819 5177 1990 5252 ὦμεν,

418 5280 575 5346 φησι,
607 5275 794 5344 πικροί
834 5274 933 5342 τὴν
974 5272 1233 5325 διάνοιαν.
1287 5267 1555 5338 Καθάπερ
1610 5266 1720 5337 γὰρ
1768 5266 1862 5320 ἐπὶ
1893 5266 1991 5335 τῆς

418 5362 582 5433 χολῆς
605 5360 923 5431 συμϐαίνειν
951 5357 1108 5410 εἴωθε
1139 5354 1237 5423 τῆς
1266 5354 1564 5423 ἡμετέρας,
1601 5350 1668 5404 ἂν
1709 5351 1806 5421 μὲν
1834 5348 1987 5420 ὀλίγη

415 5447 559 5515 τύχῃ
582 5461 666 5507 τις
701 5440 855 5509 οὖσα,
886 5442 1042 5510 ὀλίγη
1072 5440 1169 5492 καὶ
1195 5440 1228 5507 ἡ
1262 5436 1476 5505 κίνησις
1500 5434 1706 5501 γίνεται
1729 5434 1991 5503 ἐκραγέν-

417 5546 509 5592 τος
535 5528 630 5584 τοῦ
661 5529 911 5599 ταμιείου
931 5544 943 5557 ο
966 5529 1092 5580 ὅταν
1127 5523 1185 5575 δὲ
1227 5520 1499 5591 πλεονάσῃ
1528 5519 1590 5570 τὸ
1626 5517 1854 5587 σφοδρὸν
1890 5516 1992 5586 τῆς

419 5610 673 5681 τοιαύτης
703 5611 986 5679 ποιότητος
1035 5608 1131 5661 καὶ
1161 5604 1438 5674 δηκτικὸν,
1467 5601 1650 5655 οὐκέτι
1702 5602 1886 5670 στέγει
1932 5602 1992 5653 τὸ

424 5696 587 5766 φέρον
630 5695 797 5766 αὐτὴν
835 5695 1097 5766 πρότερον
1141 5690 1381 5756 ἀγγεῖον,
1422 5684 1557 5737 ἀλλὰ
1597 5684 1846 5747 καθάπερ
1885 5700 1987 5735 πυ-

2078 3253 2172 3323 ρὸς
2191 3266 2216 3292 ﬁ
2255 3248 2483 3321 σφοδροῦ
2511 3247 2812 3319 διαϐρωθὲν
2838 3250 3021 3301 οὐκέτι
3044 3244 3153 3301 οἶόν
3191 3250 3249 3302 τέ
3281 3251 3398 3302 ἐστι
3429 3250 3637 3317 στέγειν

2080 3335 2250 3405 αὐτὴν
2286 3336 2382 3387 καὶ
2431 3333 2681 3401 κατέχειν
2717 3333 2775 3382 ἐν
2802 3334 2914 3394 τοῖς
2942 3332 3264 3402 ὡρισμένοις
3291 3334 3458 3403 ὅροις,
3503 3333 3639 3386 ἀλλὰ

2079 3417 2411 3470 διασπασθὲν
2463 3416 2567 3468 ὑπὸ
2608 3415 2709 3482 τῆς
2762 3415 3001 3484 ἀμέτρου
3048 3414 3375 3485 δριμύτητος
3418 3415 3642 3484 ἀφίησιν

2079 3500 2399 3564 ἐξελθοῦσαν
2428 3499 2591 3551 παντί
2618 3500 2694 3566 τῷ
2722 3497 2931 3567 σώματι
2970 3498 3324 3568 λυμαίνεσθαι
3348 3514 3361 3528 ⁸
3391 3499 3485 3551 καὶ
3509 3499 3640 3549 καθ-

2081 3585 2224 3655 άπερ
2254 3586 2332 3645 εἰς
2378 3583 2533 3635 πόλιν
2570 3580 2787 3649 ἐνεχθὲν
2843 3580 3029 3651 θηρίον
3069 3580 3218 3651 [110]
3262 3580 3640 3649 χαλεπώτατον

2081 3670 2177 3723 καὶ
2200 3668 2494 3738 ἀφόρητον,
2528 3666 2632 3728 ἓως
2669 3665 2764 3735 μὲν
2797 3664 2864 3717 ἂν
2903 3664 3050 3717 ἔνδον
3088 3667 3146 3716 ἐν
3188 3667 3307 3727 ταῖς
3334 3666 3639 3735 πεποιημέ-

2081 3769 2197 3812 ναις
2240 3754 2482 3822 εἱρκταῖς
2513 3750 2833 3820 κατέχηται,
2876 3749 3046 3813 οὐδὲν,
3092 3746 3191 3802 κᾶν
3223 3748 3496 3818 ἀγριαίνῃ,
3536 3748 3640 3801 κᾶν

2082 3836 2281 3907 κράζῃ,
2311 3836 2501 3888 οὐδένα
2532 3835 2732 3905 βλάψαι
2761 3835 3048 3905 δυνήσεται
3074 3849 3087 3863 ο
3129 3834 3257 3885 ὅταν
3292 3831 3349 3882 δὲ
3378 3831 3456 3901 τῷ
3485 3831 3641 3902 θυμῷ

2082 3920 2350 3989 κρατηθῇ,
2378 3920 2470 3971 καί
2491 3918 2785 3980 διακλάσας
2809 3921 2935 3978 τοὺς
2964 3915 3050 3968 διά
3082 3915 3246 3983 μέσου
3281 3913 3642 3984 βεϐλημένους

2082 4001 2312 4063 κανόνας
2354 4000 2663 4069 ἐκπηδῆσαι
2716 3997 2964 4067 δυνηθῇ,
3018 3998 3217 4058 παντὸς
3272 3996 3500 4064 θορύϐου
3543 3997 3641 4065 τὴν

2083 4085 2235 4138 πόλιν
2268 4085 2571 4155 ἐμπίπλησι
2602 4083 2694 4135 καὶ
2727 4083 2966 4152 ταραχῆς
2988 4121 3002 4143 ,
3039 4082 3131 4133 καὶ
3169 4080 3373 4141 πάντας
3408 4079 3645 4132 ἀπελαύ-

2083 4184 2196 4221 νει·
2234 4167 2377 4220 οὑτω
2413 4166 2476 4235 δὴ
2504 4166 2598 4218 καὶ
2649 4164 2749 4232 τῆς
2780 4164 2939 4233 χολῆς
2969 4165 3001 4232 ἡ
3036 4163 3196 4231 φύσις
3227 4179 3240 4191 ·
3270 4162 3375 4224 ἕως
3430 4164 3526 4232 μὲν
3576 4162 3643 4215 ἂν

2086 4253 2144 4303 ὲν
2172 4253 2285 4313 τοῖς
2312 4248 2531 4311 οἰκείοις
2572 4250 2720 4318 ὅροις
2772 4248 3089 4317 κατέχηται,
3118 4246 3270 4298 οὐδὲν
3312 4246 3454 4315 μέγα
3495 4248 3644 4315 ἡμᾶς

2086 4335 2372 4406 ἐργάζεται
2408 4335 2578 4387 κακόν
2600 4350 2612 4363 ·
2646 4331 2865 4385 ἐπειδὰν
2902 4332 2959 4385 δὲ
3002 4330 3327 4401 ἐκραγέντος
3356 4330 3451 4381 τοῦ
3487 4346 3643 4400 περι-

2087 4420 2299 4487 έχοντος
2326 4417 2495 4484 αὐτὴν
2529 4415 2744 4484 ὑμένος,
2778 4414 2930 4467 οὐδὲν
3021 4414 3082 4465 τὸ
3109 4412 3315 4466 κωλύον
3346 4411 3529 4464 λοιπὸν
3558 4414 3637 4474 εἰς

2086 4504 2264 4555 πᾶσαν
2300 4501 2614 4570 διαχυθῆναι
2654 4500 2756 4569 τὴν
2796 4498 2976 4566 φύσιν,
3012 4498 3133 4550 τότε
3174 4495 3260 4566 δὴ,
3294 4496 3435 4557 τότε,
3469 4496 3643 4548 καίτοι

2086 4587 2225 4639 οὑτω
2256 4586 2459 4653 σφόδρα
2487 4582 2682 4652 μικρὸν
2720 4582 2778 4634 ὃν
2818 4584 2881 4651 τῇ
2922 4581 3201 4650 ποσότητι,
3236 4578 3322 4631 διὰ
3349 4579 3449 4648 τὴν
3482 4580 3648 4648 ὑπερ-

2084 4670 2388 4722 ϐάλλουσαν
2428 4669 2483 4720 ὲν
2527 4669 2593 4736 τῇ
2642 4665 2886 4734 ποιότητι
2933 4663 3165 4731 δύναμιν
3212 4663 3389 4717 πάντα
3416 4662 3487 4715 τά
3512 4662 3646 4716 ἄλλα

2088 4756 2325 4822 στοιχεῖα
2356 4751 2456 4819 τῆς
2480 4750 2687 4807 οἰκείας
2726 4746 3100 4818 ἀναχρώννυσι
3135 4745 3353 4807 κακίας.
3379 4744 3511 4797 Τότε
3540 4745 3647 4813 γὰρ

2087 4837 2150 4907 δὴ
2191 4831 2331 4907 αἷμα
2366 4834 2596 4904 εὑροῦσα
2632 4833 2856 4901 πλησίον
2893 4832 2970 4900 τῷ
3004 4848 3061 4882 τε
3090 4832 3238 4900 τόπῳ
3272 4831 3367 4883 καὶ
3405 4832 3472 4899 τῇ
3501 4828 3647 4881 ποιό-

2086 4938 2228 4989 τητι,
2263 4920 2354 4972 καὶ
2379 4918 2474 4989 τὴν
2504 4919 2561 4969 ὲν
2580 4916 2771 4985 ἐκείνῳ
2802 4913 3111 4985 θερμότητα
3130 4912 3459 4984 δριμυτέραν
3484 4912 3648 4980 ἐργα-

2089 5003 2311 5073 ζομένη,
2349 5002 2443 5055 καὶ
2490 5000 2551 5053 τὸ
2585 5000 2813 5067 ἐγγύθεν
2864 4999 2971 5051 πᾶν
3019 4999 3154 5067 ὅπερ
3180 4997 3349 5060 ἐστὶν,
3399 4993 3506 5047 ἀπὸ
3547 4992 3647 5062 τῆς

2088 5086 2228 5139 κατὰ
2278 5086 2375 5155 τὴν
2429 5085 2702 5154 ὑγρότητα
2752 5082 3092 5152 συμμετρίας
3146 5080 3470 5149 ὑπερϐαῖνον
3520 5080 3646 5140 τοὺς

2088 5171 2246 5238 ὅρους
2287 5171 2382 5221 καί
2418 5168 2579 5237 χολὰς
2632 5166 3022 5236 ἐργαζόμενον,
3065 5164 3201 5233 μετὰ
3232 5163 3422 5215 ¹τούτου
3463 5161 3648 5216 λοιπὸν

2088 5253 2179 5304 καὶ
2227 5254 2338 5315 τοῖς
2390 5250 2571 5313 ἄλλοις
2632 5250 3079 5321 ἐπιστρατεύεται
3133 5246 3338 5316 μέλεσι,
3375 5246 3470 5297 καὶ
3504 5244 3648 5296 οὑτω

2090 5337 2267 5388 πάντα
2314 5336 2394 5397 εἰς
2432 5336 2530 5405 τὴν
2585 5334 2790 5388 οἰκείαν
2831 5334 3046 5386 ἐνθεῖσα
3092 5329 3378 5398 πονηρίαν,
3434 5327 3648 5394 ἄφωνον

2088 5420 2379 5490 ἐργάζεται
2411 5419 2504 5471 τὸν
2544 5419 2849 5489 ἄνθρωπον,
2894 5421 2988 5471 καὶ
3030 5415 3292 5470 ἀποπνεῖν
3342 5413 3503 5472 ποιεῖ,
3549 5408 3649 5477 τὴν

2089 5486 2264 5573 ουχὴν
2291 5486 2684 5557 ἀπελαύνουσα.
2730 5501 2794 5554 Τί
2831 5500 2893 5571 δὴ
2920 5499 3090 5573 ταῦτα
3108 5498 3242 5567 ἡμῖν
3272 5496 3488 5549 ἅπαντα
3506 5486 3651 5546 eam

2154 5691 2178 5717 ⁸
2203 5687 2333 5748 Lege
2353 5686 2445 5734 ὑπὸ
2466 5684 2628 5748 πυρός.
