4100 6412
488 385 597 439 905

481 507 564 551 est
590 496 773 559 frater,
799 491 1063 563 quomodo
1092 489 1223 544 dicis
1243 530 1258 554 ,
1291 487 1444 542 Pater
1486 488 1695 542 noster?
1741 486 1869 542 illud
1899 485 2039 539 enim

481 596 670 653 uoster,
699 586 893 641 multas
920 585 1181 653 signiﬁcat
1207 595 1482 652 personas.
1507 580 1691 649 Cogita
1715 593 1835 633 eum
1852 578 2045 648 quibus

481 689 592 733 stes
618 687 856 746 tempore
880 677 1088 731 illorum
1120 672 1535 745 mysteriorum;
1576 687 1697 727 cum
1724 670 2005 726 Cherubim
2027 710 2043 733 ,

480 786 602 823 cum
635 768 933 838 Scrapbim.
961 767 1239 836 Seraphim
1264 765 1404 821 enim
1429 764 1750 820 contumelia
1794 778 1900 817 non
1925 762 2045 817 alli-

481 861 647 923 ciunt,
697 858 789 913 sed
834 874 896 912 os
944 873 1128 912 eorum
1176 872 1339 912 unum
1390 857 1557 910 solum
1602 855 1783 923 implet
1831 868 2043 914 munus.

484 964 679 1019 nempe
707 949 870 1003 Deum
902 948 1144 1002 laudandi
1167 956 1220 1002 et
1241 946 1588 1017 gloriﬁcandi.
1612 945 1890 1011 Quomodo
1911 959 2038 1014 ergo

485 1041 684 1110 poteris
708 1054 827 1093 cum
859 1038 963 1092 illis
986 1040 1184 1101 dicere,
1205 1038 1446 1103 Sanctus,
1467 1048 1691 1103 sanctus,
1709 1047 1932 1101 sanctus,
1958 1036 2048 1105 qui

485 1146 577 1185 ore
602 1144 727 1183 usus
748 1144 807 1183 es
826 1127 892 1182 ad
922 1127 1340 1183 contumeliam?
1368 1127 1695 1196 Dic,quteso,
1713 1127 1757 1180 si
1787 1136 1929 1181 esset
1956 1141 2050 1181 vas

485 1224 708 1292 regium,
729 1221 891 1291 regiis
913 1235 1125 1289 semper
1143 1220 1277 1274 cibis
1306 1218 1581 1281 refertum,
1612 1227 1669 1274 et
1695 1218 1763 1273 ad
1793 1218 1896 1273 hoc
1918 1233 2049 1273 con-

485 1315 769 1377 stitutum;
815 1311 1006 1365 deinde
1044 1310 1236 1373 aliquis
1272 1324 1337 1364 ex
1383 1308 1592 1363 famulis
1617 1323 1683 1365 eo
1707 1318 1943 1364 uteretur
1982 1308 2051 1363 ad

485 1414 742 1468 stercora,
769 1402 1057 1456 auderetue
1081 1401 1311 1471 amplius
1328 1414 1586 1469 reponere
1602 1415 1722 1455 cum
1746 1400 1911 1463 vasis,
1932 1416 2052 1470 qua:

485 1504 608 1549 sunt
635 1493 702 1548 ad
722 1494 806 1548 illa
832 1492 1093 1546 destinata
1117 1532 1137 1557 ,
1161 1492 1331 1559 ipsum
1360 1500 1598 1545 stercore
1618 1490 1919 1559 repletum?
1948 1490 2049 1544 Νε-

484 1600 763 1655 quaquam.
791 1582 1105 1652 Hujusmodi
1127 1597 1211 1636 res
1226 1592 1308 1636 est
1330 1581 1717 1643 maledicentia,
1749 1582 2049 1649 hujusmudi

485 1692 573 1732 res
596 1686 679 1732 est
713 1675 1058 1730 cantumelia.
1088 1672 1245 1727 Pater
1266 1684 1451 1727 noster.
1481 1673 1547 1726 Et
1571 1672 1740 1740 quid?
1770 1682 1922 1726 estne
1953 1672 2053 1727 hoc

485 1768 697 1821 solum?
726 1766 843 1821 audi
870 1764 1027 1820 etiam
1055 1779 1172 1833 quae
1202 1775 1494 1833 sequuntur
1524 1782 1536 1817 :
1575 1763 1683 1829 Qui
1709 1780 1758 1817 es
1799 1769 1850 1816 tu
1893 1762 2051 1817 cwlis.

486 1859 675 1913 Statim
700 1855 900 1921 dixisti,
932 1854 1085 1907 Pater
1111 1865 1278 1907 noster
1302 1855 1386 1923 qui
1426 1871 1476 1907 es
1498 1855 1550 1906 in
1571 1855 1725 1919 cazlt's,
1754 1862 1809 1908 et
1835 1854 2052 1908 verbum

487 1948 753 2011 teerexit,
795 1955 849 2000 et
875 1946 1037 1999 tuenti
1069 1953 1169 1997 tuac
1194 1943 1307 1996 alas
1346 1942 1587 2006 addidit,
1630 1951 1687 1996 et
1727 1941 1960 1996 ostendit
2004 1953 2065 1997 te.

488 2040 697 2094 Patrem
726 2036 923 2090 habere
969 2036 1025 2088 in
1052 2034 1219 2088 caulis.
1259 2032 1401 2087 Nihil
1431 2048 1557 2103 agas
1582 2074 1599 2099 ,
1640 2032 1775 2086 nihil
1819 2032 1967 2085 dicas
1988 2047 2061 2087 ex.

485 2128 551 2183 iis
569 2143 688 2198 qua:
713 2134 839 2182 sunt
867 2128 918 2180 in
950 2135 1111 2180 terra.
1144 2123 1202 2178 In
1231 2139 1519 2193 supernum
1551 2124 1699 2177 illum
1725 2122 1968 2177 ordinem
1997 2131 2048 2178 te

487 2219 685 2284 retulit,
714 2218 766 2271 in
798 2217 965 2271 choro
991 2215 1082 2268 illo
1113 2222 1164 2269 te
1194 2214 1415 2267 inseruit
1447 2227 1581 2267 :cur
1608 2222 1659 2267 te
1685 2211 1934 2267 deorsum
1960 2211 2057 2266 de-

488 2308 696 2364 trahis?
734 2307 871 2377 apud
915 2306 1162 2359 thronum
1211 2314 1320 2357 stas
1358 2303 1560 2371 regium
1586 2342 1603 2366 ,
1645 2311 1699 2357 et
1732 2300 2051 2356 contumelia

486 2398 835 2454 amcis?Non
879 2393 1186 2452 extimescis
1216 2408 1283 2447 ne
1333 2393 1445 2446 Rex
1491 2406 1608 2446 eam
1653 2406 1766 2445 rem
1790 2390 2063 2446 existimet

489 2489 909 2544 contumeliam?
952 2487 1057 2542 Sed
1089 2490 1132 2539 si
1177 2486 1402 2538 famulus
1429 2482 1643 2553 quidem
1681 2498 1861 2538 coram
1891 2482 2045 2537 nobis

491 2594 806 2635 conservum
832 2577 1074 2632 verberet
1113 2584 1204 2629 aut
1226 2574 1548 2628 contumelia
1589 2572 1824 2638 alliciat,
1851 2572 2058 2628 etiamsi

492 2671 592 2725 hoc
613 2670 754 2741 juste
779 2668 932 2722 faciat
955 2708 969 2730 ,
992 2668 1168 2720 statim
1200 2666 1552 2734 increpamus,
1576 2679 1690 2720 rem
1719 2679 1840 2720 esse
1866 2673 2060 2718 contu-

489 2765 703 2820 mellam
755 2770 1041 2833 putantes;
1086 2768 1141 2813 tu
1183 2766 1359 2813 autem
1397 2774 1516 2812 cum
1556 2756 1871 2812 Cherubinis
1915 2765 2061 2810 stans

490 2855 629 2925 apud
655 2855 901 2909 thronum
923 2852 1103 2921 Regis,
1131 2850 1449 2905 contumelia
1478 2847 1696 2904 fratrem
1718 2846 1921 2902 afﬁcis?
1944 2848 2060 2903 Non

488 2947 636 3002 vides
662 2944 777 2999 haec
816 2954 999 3008 sancta
1025 2941 1193 2995 vasa?
1233 2956 1410 2995 annon
1450 2939 1516 2995 ad
1546 2957 1709 2995 unum
1738 2943 1817 2995 eis
1846 2956 2061 3011 semper

490 3047 575 3092 est
628 3032 803 3105 Opus?
842 3049 965 3087 num
1009 3031 1169 3085 audet
1205 3031 1465 3100 quiSpiam
1507 3032 1585 3085 eis
1630 3030 1703 3085 uti
1746 3029 1814 3085 ad
1863 3029 2061 3101 aliquid

492 3125 636 3180 aliud
658 3130 682 3179 ζ’
708 3124 785 3179 Tu
825 3138 884 3179 es
911 3125 993 3177 his
1022 3123 1162 3177 vasis
1191 3123 1426 3177 sanctior
1447 3162 1462 3184 ,
1490 3133 1543 3176 et
1572 3122 1739 3177 multo
1778 3124 2014 3177 sanctior
2044 3140 2057 3177 :

492 3232 588 3271 cur
614 3231 742 3286 ergo
765 3216 989 3284 teipsqu
1023 3213 1217 3282 polluis
1256 3221 1309 3267 et
1339 3212 1617 3282 inquinas?
1640 3211 1762 3267 Stas
1793 3214 1849 3267 in
1872 3214 2020 3268 caelis
2043 3255 2059 3282 ,

458 3297 467 3308 ’
493 3319 544 3362 ει
572 3306 895 3363 contumelia
925 3306 1139 3360 al‘licis?
1170 3320 1295 3360 cum
1322 3304 1525 3373 angelis
1556 3306 1787 3359 versaris
1811 3346 1828 3373 ,
1854 3315 1909 3361 et
1932 3320 2064 3361 con-

1364 376 1429 432 IN
1468 375 1679 432 EPlS‘l'.
1723 376 1815 429 AD
1854 372 2095 429 EPIIES.
2133 370 2286 428 CAP.
2330 374 2417 428 IV.
2458 375 2685 430 HOMIL.
2729 376 2843 431 XV.

3618 382 3735 438 ωε

2151 486 2363 541 tumelia
2389 486 2555 543 al'licis
2571 489 2597 542 ?
2622 489 2894 545 Dominlco
2922 491 3106 546 osculo
3127 490 3375 563 dignatus
3394 511 3474 560 es,
3507 508 3560 552 et
3586 513 3720 554 con-

2164 579 2380 635 tumelia
2424 580 2639 635 amcis?
2676 582 2818 638 Deus
2859 596 2923 636 os
2967 592 3115 638 tuum
3150 586 3363 641 ornavit
3401 595 3511 643 tam
3538 592 3723 646 multis

2153 668 2364 741 hymnis
2390 673 2666 741 angelicis,
2692 673 2947 731 alimento
2975 689 3083 730 non
3112 675 3293 745 utique
3316 679 3559 749 angelico
3582 722 3600 749 ,
3626 683 3723 738 sed

2153 765 2574 834 superangelico,
2605 766 2687 820 sui
2713 766 2896 822 osculo
2918 776 2973 823 et
2992 768 3104 823 suis
3123 769 3479 838 amplexibus,
3510 781 3569 828 et
3586 789 3721 829 con.-

2156 856 2366 909 tumelia
2389 856 2598 911 afﬁcis?
2625 857 2980 927 Noli,qu:eso.
3010 859 3118 915 Res
3147 859 3284 927 haec,
3311 876 3471 916 causa
3495 879 3720 935 magno.

2155 963 2269 1001 rum
2299 948 2581 1013 malorum,
2615 951 2802 1019 procul
2830 952 2899 1004 sit
2938 950 3007 1006 ab
3034 952 3215 1007 animo
3254 952 3581 1009 Christiano.
3628 957 3723 1011 Di»

2154 1037 2324 1092 cendo
2372 1039 2467 1093 tibi
2514 1054 2621 1094 non
2670 1041 3077 1111 persuademus,
3127 1059 3301 1113 neque
3344 1044 3437 1099 tibi
3464 1047 3721 1116 pudorem

2155 1127 2486 1184 incutimus?
2515 1129 2703 1186 Restat
2728 1145 2857 1200 ergo
2882 1140 2939 1185 ut
2968 1140 3019 1187 te
3048 1143 3342 1190 terreamus
3376 1154 3391 1191 :
3422 1137 3545 1191 audi
3573 1140 3719 1195 enim

2154 1217 2421 1273 Christum
2448 1219 2734 1287 dicentem,
2764 1220 2860 1286 Qui
2890 1222 3071 1275 dixerit
3097 1225 3246 1294 fratri
3270 1241 3381 1290 suo,
3405 1225 3588 1294 Fatue,
3606 1246 3723 1286 reus

2154 1312 2250 1363 erit
2276 1317 2517 1381 gehennae
2555 1312 2686 1383 ignis
2709 1313 2919 1384 (Matth.
2955 1314 3008 1368 5.
3039 1313 3155 1385 2‘2).
3187 1315 3243 1369 Si
3269 1327 3447 1372 autem
3472 1319 3611 1388 quod
3640 1330 3724 1377 est

2154 1402 2390 1455 omniqu
2418 1401 2743 1459 levissimum
2767 1443 2785 1471 ,
2822 1404 3131 1473 gehennam
3159 1407 3409 1462 conciliat
3440 1426 3455 1463 :
3479 1413 3569 1480 qui
3589 1410 3722 1466 dicit

2154 1506 2273 1558 quae
2296 1499 2423 1546 sunt
2449 1493 2625 1547 nimia:
2648 1493 2884 1549 audacia:
2907 1533 2925 1558 ,
2950 1510 3068 1562 quae
3093 1511 3198 1549 non
3226 1497 3560 1554 merebitur?
3586 1502 3721 1557 Eru-

2154 1580 2360 1636 diamus
2393 1596 2457 1637 os
2496 1592 2735 1639 nostrum
2766 1584 2831 1638 ad
2872 1584 3295 1641 benedicendum
3338 1605 3351 1641 :
3384 1603 3454 1644 ex
3484 1590 3585 1646 hoc
3609 1608 3723 1647 ma-

2153 1685 2315 1739 gnum
2345 1680 2427 1727 est
2469 1672 2708 1740 lucrum;
2735 1688 2804 1728 ex
2849 1676 3167 1729 contumelia
3212 1692 3459 1746 magnum
3502 1691 3584 1736 est
3625 1683 3722 1738 da-

2157 1776 2336 1815 mnum
2369 1778 2385 1815 :
2416 1776 2525 1816 non
2563 1771 2686 1817 sunt
2726 1763 2812 1817 hic
2854 1766 3093 1833 pecunia:
3119 1766 3508 1836 impendendae.
3545 1771 3722 1842 Impo-

2156 1866 2343 1905 namus
2393 1852 2607 1914 ostium,
2655 1862 2859 1907 vectem
2907 1861 2963 1908 et
3009 1857 3318 1925 repagulum
3386 1876 3401 1912 :
3445 1875 3541 1915 nos
3581 1863 3737 1933 ipsos

2156 1940 2447 1997 exedantus
2466 1983 2481 2007 ,
2514 1942 2557 1996 si
2582 1957 2741 2012 grave
2769 1943 2982 2013 aliquod
3015 1946 3233 2000 verbum
3256 1949 3541 2018 aliqmndo
3569 1969 3599 2008 e
3630 1970 3731 2009 no-

2157 2034 2283 2087 stris
2322 2033 2573 2089 dentibus
2614 2035 2877 2090 exsilierit
2913 2054 2928 2089 :
2975 2053 3223 2107 rogemus
3256 2039 3445 2107 Deum,
3478 2058 3729 2114 rogemus

2158 2140 2278 2177 cum
2302 2126 2393 2194 qui
2419 2134 2503 2179 est
2530 2125 2751 2180 allectus
2790 2129 3151 2194 contumelia;
3200 2146 3268 2186 ne
3311 2132 3359 2185 id
3399 2133 3554 2190 nobis
3592 2137 3729 2192 indi-

2159 2230 2321 2284 gnum
2338 2230 2689 2271 censeamus:
2717 2233 2814 2273 nos
2835 2218 2998 2288 ipsos,
3024 2234 3129 2273 non
3156 2220 3304 2275 illum
3329 2227 3722 2291 percussimus:

2158 2306 2504 2362 adhibeamus
2530 2307 2993 2376 medicamentum,
3017 2325 3220 2378 preces,
3243 2320 3299 2366 et
3328 2317 3722 2372 reconciliatio-

2159 2413 2280 2452 nem
2301 2411 2420 2451 cum
2446 2412 2513 2451 eo
2541 2398 2628 2469 qui
2653 2407 2733 2452 est
2761 2398 2981 2453 allectus
3000 2401 3345 2456 contumelia.
3373 2403 3425 2458 Si
3457 2405 3508 2457 in
3542 2407 3719 2461 verbis

2163 2499 2361 2543 tantam
2385 2503 2566 2542 curam
2588 2488 2824 2559 gerimus
2843 2530 2860 2555 ,
2890 2490 3057 2544 multo
3086 2492 3251 2559 magis
3282 2491 3335 2546 in
3368 2493 3523 2547 rebus
3572 2496 3727 2552 nobis

2161 2580 2307 2650 leges
2333 2579 2686 2649 imponamus.
2717 2578 2785 2634 Et
2811 2579 2856 2635 si
2899 2579 3190 2635 habeamus
3216 2583 3416 2637 amicos
3438 2624 3453 2649 ,
3481 2587 3723 2655 quicum—

2160 2687 2263 2741 que
2293 2670 2503 2725 tandem
2530 2671 2637 2724 sint
2664 2668 2741 2724 illi
2774 2710 2790 2735 ,
2823 2678 2877 2725 et
2901 2671 3201 2741 quempiam
3244 2673 3526 2729 maledicto
3563 2691 3726 2747 appe-

2164 2764 2361 2827 tierint,
2389 2771 2480 2816 aut
2500 2761 2688 2832 injuria
2714 2760 3007 2827 affecerint,
3040 2762 3247 2830 pustula
3270 2764 3338 2818 ab
3366 2764 3495 2833 ipsis
3522 2777 3580 2822 ut
3607 2783 3723 2837 pm-

2162 2868 2258 2907 nas
2290 2852 2435 2907 dent.
2463 2852 2736 2906 Discamus
2761 2853 2981 2906 omnino
3005 2851 3106 2906 hoc
3134 2867 3255 2909 esse
3277 2866 3572 2923 peccatum:
3604 2862 3727 2914 nam

2161 2959 2283 3000 eum
2308 2942 2670 3007 didicerimus,
2695 2946 2801 2998 cito
2829 2942 3167 2999 desistemus.
3200 2945 3341 2999 Deus
3373 2958 3550 3002 autem
3584 2951 3730 3017 pacis

2163 3034 2427 3090 custodiat
2467 3042 2699 3088 mentem
2743 3041 2800 3089 et
2840 3032 3073 3103 linguam
3117 3043 3386 3102 vestram,
3429 3046 3485 3092 et
3527 3040 3732 3096 muniat

2166 3134 2278 3202 tuto
2303 3137 2477 3188 muro,
2500 3138 2691 3192 nempe
2710 3123 2790 3176 sui
2822 3133 2988 3189 metu,
3019 3123 3070 3177 in
3099 3123 3313 3178 Christo
3345 3125 3472 3180 Jesu
3503 3127 3745 3183 Domino

2164 3222 2370 3281 nostro,
2396 3228 2513 3268 cum
2542 3227 2647 3283 quo
2676 3213 2819 3267 Patri
2841 3212 3011 3283 gloria
3054 3213 3215 3267 simul
3255 3230 3373 3268 cuiu
3405 3229 3590 3272 sant-to
3614 3219 3732 3289 Spi-

2168 3317 2293 3360 l'llll.

3305 3424 3587 3439 ᾑ-

3593 3430 3737 3445 οι-ῄ

1841 3486 2182 3550 HOMILIA
2221 3483 2377 3548 Χν..

491 3641 618 3696 ευ.
647 3639 698 3693 ι.
728 3652 781 3691 v.
808 3636 900 3693 3|.
945 3634 1123 3689 Omnis
1167 3631 1451 3685 amaritudo
1491 3640 1535 3683 et
1580 3633 1656 3683 ira
1694 3638 1741 3682 et
1778 3631 2059 3700 indignatio

562 3744 610 3787 et
635 3732 825 3785 clamor
861 3738 908 3783 et
935 3726 1248 3797 blasphemia
1287 3725 1494 3779 tollatur
1538 3739 1572 3775 a
1604 3722 1741 3776 vobis
1779 3738 1891 3775 cum
1926 3723 2060 3776 omni

562 3823 775 3878 malitia.

564 3916 616 3969 1.
658 3908 1115 3980 Quemadmodum
1143 3913 1197 3962 in
1228 3920 1320 3960 vas
1341 3914 1397 3961 ει
1429 3904 1801 3960 vestimentum
1828 3905 2061 3958 immun-

493 4008 621 4064 dum
645 4017 931 4072 numquam
957 4016 1016 4055 se
1044 3997 1345 4055 dimiserint
1370 4010 1497 4066 apes
1524 4013 1537 4048 :
1563 3994 1685 4049 ideo
1704 3995 1844 4048 enim
1875 4002 1930 4048 et
1954 3994 2063 4048 sul-

496 4101 671 4154 litibus
696 4109 749 4155 et
773 4096 1054 4168 unguentis
1090 4094 1349 4163 bonisque
1376 4090 1627 4145 odoribus
1670 4089 1844 4143 locum
1873 4103 2059 4157 asper-

494 4199 643 4258 gunt,
671 4188 859 4242 harum
886 4200 1063 4241 rerum
1092 4184 1268 4254 periti,
1296 4180 1540 4251 vinisque
1580 4193 1743 4235 suave
1768 4179 2057 4241 olentibus,

494 4294 548 4337 et
573 4282 688 4336 aliis
718 4279 965 4337 omnibus
994 4276 1207 4332 illinunt
1234 4273 1554 4329 calathiseos
1579 4313 1594 4336 ,
1618 4272 1670 4326 in
1712 4272 1903 4341 quibus
1934 4280 2060 4324 sunt

496 4377 782 4431 incessum
812 4379 1073 4426 exeuntes
1101 4383 1170 4423 ex
1193 4366 1358 4420 alveis
1391 4406 1407 4431 ,
1442 4379 1509 4419 ne
1538 4364 1777 4433 ingratus
1801 4362 1934 4416 odor
1961 4376 2055 4416 eas

498 4481 679 4522 rursus
705 4464 883 4535 abigat
909 4479 923 4516 :
943 4463 1015 4517 ita
1034 4460 1195 4516 etiam
1222 4457 1275 4511 in
1295 4465 1480 4511 sancto
1502 4454 1724 4523 Spiritu.
1757 4452 1863 4507 Vas
1892 4453 2063 4522 quod-

496 4560 617 4613 dam
660 4564 716 4612 et
743 4555 957 4627 quidam
998 4551 1317 4608 calathiscus
1341 4558 1423 4603 est
1452 4557 1632 4602 nostra
1660 4547 1837 4599 anima
1880 4556 2063 4614 parata

497 4650 563 4704 ad
592 4646 901 4719 excipienda
928 4644 1173 4701 examina
1216 4641 1506 4713 gratiarum
1547 4637 1936 4709 spiritualium;
1967 4635 2067 4690 sed

496 4742 543 4793 si
570 4740 637 4793 sit
666 4739 809 4793 intus
833 4736 954 4792 bilis
970 4743 1025 4790 et
1048 4732 1345 4788 amaritudo
1360 4739 1416 4785 et
1436 4731 1536 4795 ira,
1560 4728 1774 4784 evolant
1792 4727 2062 4782 examina.

498 4831 783 4900 Propterea
835 4829 1021 4883 beatus
1068 4824 1158 4880 hic
1195 4833 1253 4879 et
1296 4823 1510 4892 sapiens
1562 4819 1792 4890 agricola
1843 4818 2063 4888 pulchre

499 4930 690 4991 purgat
716 4934 840 4974 vasa
866 4926 1068 4980 nostra,
1095 4930 1204 4971 non
1235 4916 1421 4968 falcem
1454 4923 1665 4977 tenens,
1690 4924 1864 4979 neque
1890 4909 2060 4963 ullum

498 5013 641 5065 aliud
672 5013 1081 5065 instrumentum
1125 5006 1355 5062 ferreum
1390 5020 1404 5058 :
1436 5012 1491 5058 et
1532 5016 1631 5058 nos
1659 5010 1813 5057 vocat
1841 5000 1907 5055 ad
1933 5014 2063 5055 exa-

499 5119 620 5157 men
647 5102 749 5157 hoe
776 5099 1070 5170 spirituale,
1092 5112 1155 5152 ac
1180 5108 1511 5167 congregans
1539 5093 1711 5163 ipsum
1732 5102 1922 5162 purgat
1948 5107 2064 5160 pre-

497 5195 651 5247 cibus
687 5202 743 5247 et
767 5190 1037 5246 laboribus
1062 5197 1117 5242 et
1148 5187 1268 5241 aliis
1310 5185 1579 5240 omnibus.
1609 5183 1743 5237 Vide
1767 5197 1894 5252 ergo
1928 5196 2061 5251 quo-

500 5284 658 5339 modo
700 5290 960 5352 expurgat
996 5290 1048 5334 et
1098 5278 1349 5335 emundat
1388 5291 1481 5331 cor
1512 5283 1752 5330 nostrum
1805 5289 1819 5327 :
1864 5272 2067 5341 expulit

501 5374 856 5439 mendacium,
890 5371 1093 5441 expulit
1126 5369 1280 5423 iram.
1309 5365 1556 5422 Ostendit
1586 5378 1770 5420 rursus
1799 5362 2065 5432 quomodo

501 5468 697 5522 malum
736 5464 991 5520 radicitus
1027 5462 1181 5517 evelli
1208 5459 1375 5528 possit
1400 5475 1414 5511 :
1443 5458 1490 5513 si
1511 5466 1691 5512 mente
1719 5456 1933 5525 quidem
1959 5469 2065 5509 non

500 5562 667 5612 simus
695 5556 900 5622 amari,
936 5555 1131 5625 inquit.
1160 5551 1229 5607 Ut
1270 5551 1412 5606 enim
1441 5549 1578 5605 solet
1604 5548 1851 5603 accidere
1878 5548 1930 5601 in
1956 5548 2066 5602 bile

502 5657 704 5715 nostra,
734 5647 776 5701 si
807 5647 1013 5701 modica
1046 5645 1223 5711 fuerit,
1244 5653 1420 5697 motus
1440 5641 1601 5697 etiam
1624 5655 1816 5711 parvus
1839 5639 2067 5696 efﬁcitur

501 5751 656 5810 rupto
681 5739 1052 5808 receptaculo;
1076 5752 1198 5792 cum
1224 5745 1401 5790 autem
1429 5732 1767 5790 vehementia
1807 5731 1922 5802 ejus
1949 5748 2065 5788 cre-

501 5832 655 5904 verit,
683 5844 734 5890 el
757 5834 1050 5890 mordacior
1073 5832 1257 5889 ell'ecta
1279 5830 1457 5897 fuerit,
1478 5843 1569 5884 vas
1585 5826 1725 5898 quod
1751 5826 1891 5882 illam
1918 5828 2065 5896 prius

2169 3628 2415 3694 ferebat,
2446 3626 2601 3698 quasi
2625 3643 2657 3683 a
2681 3626 2982 3683 vehementi
3013 3628 3133 3698 igne
3168 3644 3386 3685 exesum
3409 3671 3437 3697 ,y
3462 3647 3567 3689 non
3598 3634 3748 3692 ultra

2168 3729 2341 3790 potest
2374 3719 2519 3774 illam
2544 3717 2817 3783 cohibere,
2845 3728 2899 3772 et
2928 3719 2980 3773 in
3023 3719 3260 3775 deﬁnitis
3288 3724 3533 3779 terminis
3559 3726 3734 3780 conti—

2167 3825 2334 3877 nere;
2362 3808 2459 3864 sed
2482 3807 2551 3862 ab
2579 3807 2861 3862 immodica
2887 3807 3151 3863 divulsum
3192 3812 3482 3868 acrimonia
3511 3814 3733 3872 dimittit

2165 3916 2284 3956 eam
2313 3941 2328 3965 ,
2380 3908 2436 3955 et
2476 3898 2604 3954 sinit
2648 3912 2917 3967 egressam
2960 3909 3128 3954 totum
3163 3916 3356 3971 corpus
3383 3904 3606 3973 perdere
3636 3925 3651 3959 :
3683 3918 3738 3962 et

2164 3994 2302 4048 sicut
2326 3991 2383 4046 in
2421 3990 2606 4047 urbem
2634 3990 2914 4060 importata
2943 3991 3185 4062 qumdatn
3226 3995 3517 4049 sasvissima
3548 4006 3603 4052 et
3636 4000 3735 4053 ἰηι-

2167 4082 2473 4138 manissima
2496 4080 2691 4147 bellua,
2714 4081 2961 4150 quamdiu
2982 4082 3193 4152 quidem
3216 4086 3516 4140 continetur
3536 4088 3586 4141 in
3614 4103 3732 4142 car-

2164 4174 2409 4238 ceribus,
2448 4173 2657 4228 etiamsi
2684 4172 3019 4228 elferetur'et
3060 4174 3418 4242 vociferctur,
3460 4181 3729 4236 neminem

2166 4264 2360 4335 poterit
2382 4264 2608 4329 laedere;
2652 4264 2864 4334 quando
2887 4273 3060 4319 autem
3087 4265 3163 4319 ira
3190 4266 3471 4322 invaluerit
3493 4310 3508 4334 ,
3537 4271 3581 4324 si
3609 4288 3733 4340 per-

2166 4356 2348 4411 fractis
2367 4372 2489 4426 qua:
2516 4355 2790 4425 interjeeta
2823 4367 2976 4410 erant
3000 4359 3287 4428 repagulis,
3312 4361 3481 4429 possit
3499 4365 3733 4431 exsilire,

2167 4449 2367 4518 ingenti
2394 4448 2623 4503 tumultu
2644 4457 2698 4503 et
2721 4448 3125 4504 conturbatione
3152 4449 3320 4521 replet
3345 4452 3609 4509 civitatem
3636 4496 3652 4521 ,
3679 4467 3736 4513 et

2167 4554 2355 4595 omnes
2381 4540 2591 4610 abigit:
2624 4539 2697 4595 ita
2716 4539 2947 4594 etiamin
2970 4540 3083 4603 bili,
3106 4541 3339 4610 quandiu
3359 4544 3571 4610 quidem
3599 4562 3731 4602 con-

2169 4632 2368 4686 tinetur
2391 4631 2504 4686 suis
2528 4629 2737 4693 ﬁnibus,
2760 4630 2962 4684 nullum
2988 4630 3143 4685 nobis
3161 4646 3411 4702 magnum
3442 4634 3596 4691 infert
3616 4652 3734 4692 ma-

2170 4726 2312 4789 lum;
2342 4732 2683 4793 posteaquam
2712 4731 2891 4776 autem
2918 4763 2936 4787 ,
2965 4732 3118 4791 rupta
3138 4738 3256 4793 qua:
3284 4739 3400 4779 eam
3429 4729 3737 4784 continebat

2170 4815 2472 4871 membrana
2497 4855 2514 4880 ,
2546 4812 2676 4867 nihil
2708 4822 2848 4868 vetat
2884 4814 3168 4882 quominus
3210 4814 3277 4869 de
3304 4824 3498 4871 caetero
3528 4817 3580 4871 in
3612 4820 3732 4872 uui-

2169 4925 2375 4964 versam
2423 4908 2746 4962 dill'undatur
2790 4918 3071 4971 naturam,
3101 4917 3262 4973 tunc,
3308 4909 3513 4962 etiamsi
3558 4911 3618 4963 Sil
3654 4927 3738 4966 res

2171 4999 2454 5054 admodum
2480 5013 2637 5067 parva
2661 4998 2713 5050 in
2739 4997 3053 5066 quantitate,
3082 5007 3296 5068 propter
3325 5012 3739 5069 exsuperantem.

2171 5093 2223 5146 in
2245 5090 2496 5160 qualitate
2517 5088 2644 5153 vim,
2667 5086 2841 5141 omnia
2860 5086 2961 5140 alia
2983 5087 3246 5141 elementa
3269 5099 3372 5144 suo
3393 5087 3559 5142 inlicit
3587 5090 3736 5144 vitio.

2169 5182 2300 5237 Nam
2322 5189 2376 5236 et
2402 5179 2613 5234 invento
2640 5176 2896 5247 sanguine
2916 5218 2932 5243 ,
2957 5176 3048 5247 qui
3073 5185 3161 5232 est
3185 5178 3509 5246 propinquus
3536 5188 3589 5233 et
3618 5181 3739 5235 loco

2171 5284 2226 5328 et
2251 5271 2522 5342 qualitate,
2542 5267 2776 5324 calorem
2797 5268 2885 5336 qui
2911 5276 2995 5321 est
3019 5266 3073 5321 in
3087 5267 3178 5321 illo
3198 5267 3455 5321 acriorem
3475 5268 3703 5324 eflieien~
3720 5312 3736 5335 ,

2172 5374 2225 5417 et
2238 5359 2492 5434 quidquid
2513 5368 2596 5414 est
2622 5359 2995 5428 propinquum,
3018 5359 3086 5411 ab
3108 5372 3170 5411 ea
3190 5372 3307 5426 quae
3332 5363 3414 5412 est
3440 5358 3491 5410 in
3516 5357 3737 5415 humore

2174 5451 2481 5524 symmetria
2521 5458 2578 5506 et
2607 5449 2974 5504 moderatione
3016 5447 3272 5501 terminos
3298 5448 3601 5506 transiliens
3633 5491 3648 5517 ,
3685 5461 3740 5505 et

2173 5543 2333 5597 bilem
2359 5540 2614 5603 reddens,
2661 5539 2745 5615 his
2786 5538 2919 5593 freta
2948 5539 3157 5591 auxiliis
3180 5578 3195 5603 ,
3228 5537 3477 5608 deinceps
3497 5543 3660 5598 etiam
3687 5545 3746 5601 in

2171 5638 2271 5692 alia
2323 5634 2561 5690 membra
2605 5632 2799 5687 bellum
2831 5631 2968 5701 gerit
2999 5646 3014 5683 :
3045 5640 3099 5685 et
3125 5629 3318 5686 deinde
3350 5646 3470 5687 cum
3497 5635 3745 5690 omnibus

2172 5743 2323 5784 suam
2364 5725 2610 5780 indiderit
2637 5721 3071 5787 amaritudinem,
3106 5733 3308 5777 mutum
3356 5723 3519 5779 efﬁcit
3567 5725 3741 5779 homi-

2174 5838 2317 5890 nem,
2347 5829 2402 5876 ct
2428 5819 2658 5875 animam
2676 5816 2968 5886 expellens,
2998 5817 3270 5887 empirare
3299 5818 3456 5889 cogit.
3488 5818 3595 5872 Cur
3624 5818 3736 5873 haec
