4100 6412
423 352 525 411 10⁸1

417 485 448 523 a
499 467 652 523 nobis
696 468 872 523 omnia
902 466 1039 522 adeo
1076 477 1266 522 exacte
1291 476 1346 521 et
1387 476 1634 521 accurate
1663 466 1800 522 dicta
1827 468 1991 521 sunt?

419 561 490 619 Ut
517 577 639 617 cum
669 575 732 615 ex
763 561 944 616 sensili
975 558 1330 614 amaritudine
1373 558 1702 613 senserimus
1747 559 1997 612 intolera-

417 653 525 708 bile
554 653 740 707 vitium
779 650 1184 715 amaritudinis,
1219 665 1338 720 qua:
1377 651 1518 704 cadit
1549 650 1652 703 sub
1700 649 1997 718 intelligen-

413 748 564 814 tiam,
589 755 646 802 ct
688 745 829 817 quod
873 753 968 800 tott
1006 759 1125 815 quae
1176 759 1293 799 eam
1339 753 1477 813 parit
1524 744 1716 797 anima:
1767 744 1994 813 primum

413 839 569 894 affert
598 839 894 904 interitum,
927 839 1105 892 omnia
1143 850 1356 892 sursum
1403 845 1457 891 et
1494 831 1744 891 deorsum
1774 851 1992 906 perver-

413 940 552 993 tens,
594 931 824 985 vitemus
851 931 967 1000 ejus
992 929 1398 998 experientiam.
1427 927 1558 982 Nam
1586 938 1644 982 ut
1674 929 1786 999 ipsa
1822 938 1990 983 totum

409 1024 758 1089 elementum,
793 1023 862 1077 ita
894 1023 978 1076 illa
1006 1023 1240 1078 incensis
1279 1020 1711 1089 cogitationibus,
1742 1037 1864 1076 eum
1895 1021 1987 1090 qui

407 1126 594 1185 captus
615 1115 774 1170 fuerit
801 1115 1016 1170 abducit
1044 1116 1096 1169 in
1125 1115 1386 1185 gehennae
1415 1113 1744 1167 barathrum.
1776 1111 1844 1169 Ut
1871 1112 1987 1167 hch

404 1225 535 1279 ergo
559 1218 746 1264 exacte
785 1219 1185 1280 perscrutantes
1211 1249 1226 1273 ,
1259 1207 1362 1262 hoc
1392 1209 1588 1261 malum
1616 1206 1898 1277 fugiamus,
1933 1215 1987 1261 et

401 1302 634 1356 belluam
678 1301 947 1356 frenemus
971 1342 985 1363 .
1017 1301 1110 1356 vcl-
1141 1306 1320 1372 potius
1365 1300 1621 1354 radicitus
1650 1301 1939 1355 evellamus
1961 1341 1978 1365 ,

404 1409 684 1463 pareamus
711 1394 875 1449 Paulo
905 1395 992 1464 qui
1037 1394 1206 1460 dicit,
1258 1393 1436 1448 Omnis
1478 1395 1799 1457 amaritudo,
1840 1408 1979 1456 non,

401 1487 754 1558 Expurgetur,
786 1487 898 1549 sed,
927 1487 1138 1540 tollatur
1166 1504 1196 1539 a
1229 1488 1386 1540 vobis.
1419 1486 1556 1554 Quid
1579 1486 1722 1541 enim
1749 1501 1881 1554 opus
1901 1493 1982 1539 est

401 1589 458 1633 ut
483 1595 560 1634 ea:
589 1594 675 1634 res
703 1579 832 1634 mihi
864 1580 1131 1648 negotium
1163 1577 1487 1643 exhibeant,
1517 1587 1571 1632 et
1609 1591 1701 1630 eas
1729 1577 1980 1630 teneam?

397 1673 522 1742 quid
554 1687 688 1741 opus
717 1680 800 1726 est
845 1682 901 1724 ut
926 1671 1220 1726 custodiam
1253 1669 1480 1724 belluam
1507 1711 1524 1736 ,
1557 1685 1677 1723 cum
1722 1670 1883 1723 liceat
1911 1668 1978 1722 ab

396 1767 573 1821 anima
599 1765 886 1820 amandare
910 1806 929 1829 ,
956 1777 1012 1821 et
1041 1765 1221 1833 procul
1267 1763 1549 1817 abductam
1580 1762 1837 1831 abigere?
1872 1761 1974 1815 Pa-

395 1877 608 1914 reautus
636 1875 766 1930 ergo
795 1860 958 1914 Paulo
984 1859 1073 1927 qui
1105 1858 1235 1912 dicit
1258 1875 1271 1909 :
1306 1855 1484 1910 Omnis
1510 1855 1798 1908 amaritudo
1825 1855 1971 1907 tolla-

393 1964 478 2008 tur
500 1972 532 2007 a
559 1953 716 2007 vobis.
748 1953 852 2007 Sed
883 1951 1012 2021 prob
1039 1950 1193 2004 dolor
1215 1990 1229 2014 ,
1261 1964 1378 2019 qua:
1407 1964 1506 2002 nos
1537 1957 1681 2002 tenet
1708 1947 1970 2016 perversi-

393 2057 474 2102 tas
499 2048 512 2102 !
543 2061 664 2101 cum
708 2053 983 2114 Oporteret
1022 2051 1238 2112 propter
1268 2043 1370 2096 hoc
1394 2041 1570 2094 omnia
1600 2039 1774 2094 facere
1798 2078 1815 2104 ,
1848 2048 1972 2093 sunt

389 2141 603 2211 quidam
635 2138 768 2194 adeo
794 2139 1092 2203 dementes,
1126 2146 1185 2191 ut
1213 2151 1272 2191 se
1300 2150 1513 2205 quoque
1540 2135 1642 2188 hac
1669 2134 1723 2186 in
1753 2149 1814 2187 re
1843 2133 1969 2187 hea-

387 2241 472 2286 tos
500 2239 774 2294 censeant,
803 2240 858 2284 et
885 2230 938 2284 in
970 2229 1109 2282 malo
1136 2227 1461 2298 voluptatem
1484 2226 1745 2294 accipiant
1765 2233 1820 2277 et
1852 2225 1968 2294 glo-

385 2323 613 2386 rientur,
641 2329 696 2376 et
718 2321 813 2375 alii
838 2335 931 2375 eos
959 2319 1302 2374 annulentnr.
1335 2318 1448 2382 Ille,
1479 2317 1667 2386 inquit,
1698 2325 1780 2371 est
1807 2318 1965 2372 homo

384 2416 610 2470 acerbus
635 2423 689 2470 et
712 2430 870 2483 asper
892 2454 908 2481 ,
934 2422 1017 2468 est
1045 2413 1289 2481 scorpius
1309 2453 1324 2475 ,
1356 2420 1439 2466 est
1483 2425 1705 2479 serpens
1728 2449 1744 2474 ,
1775 2421 1855 2463 εει
1887 2409 1962 2461 vi-

382 2522 508 2576 pera
536 2523 552 2571 ;
583 2505 874 2560 terribilem
902 2520 1022 2557 cum
1052 2503 1376 2558 existimant.
1399 2502 1535 2568 Quid
1561 2516 1686 2570 ergo
1711 2500 1958 2555 acerbum

381 2601 531 2656 illum
577 2608 634 2654 et
660 2614 909 2668 asperum
939 2599 1095 2652 times
1117 2639 1132 2662 ,
1155 2613 1187 2651 ο
1213 2597 1416 2650 homo?
1445 2595 1521 2649 Ne
1548 2610 1631 2649 me
1663 2593 1840 2658 laedat,
1874 2593 1960 2647 in-

381 2695 530 2762 quit,
561 2708 628 2747 ne
666 2708 754 2747 me
793 2691 981 2762 perdat
1014 2708 1028 2745 :
1064 2706 1182 2746 sum
1213 2690 1356 2744 illius
1396 2687 1611 2743 malitiae
1639 2687 1908 2757 imperitus
1941 2703 1955 2741 :

381 2787 546 2840 timeo
576 2800 642 2840 ne
681 2785 728 2839 si
757 2800 844 2839 me
877 2784 1147 2838 hominem
1175 2783 1482 2853 acceperint
1534 2781 1829 2850 simplicem
1856 2821 1874 2846 ,
1903 2790 1958 2834 et

378 2893 499 2948 qua:
525 2887 654 2933 sunt
676 2877 792 2947 ejus
813 2876 943 2930 nihil
970 2875 1374 2946 prmvidentcm,
1413 2875 1468 2928 in
1494 2888 1619 2928 suos
1649 2872 1849 2941 injiciat
1875 2873 1954 2925 la-

377 2985 568 3039 queos,
598 2978 654 3024 et
681 2969 796 3026 suis
824 2968 1080 3037 impediat
1100 2967 1323 3030 retibus,
1347 2966 1524 3021 abillo
1547 2967 1744 3036 paratis
1763 2964 1828 3018 ad
1857 2979 1955 3018 nos

375 3061 748 3133 decipiendos.
779 3061 932 3116 Nunc
976 3061 1146 3116 rideo.
1191 3059 1299 3115 Cur
1328 3060 1504 3114 rides:
1547 3061 1806 3130 Quoniam
1839 3058 1954 3113 lucc

374 3167 502 3211 sunt
529 3155 689 3209 verba
720 3169 1006 3224 puerorum
1052 3154 1353 3208 timentium
1375 3195 1392 3218 ,
1437 3167 1555 3222 quae
1601 3168 1706 3207 non
1737 3162 1860 3206 sunt
1890 3153 1954 3206 ti-

376 3246 587 3301 menda.
614 3247 787 3316 Atque
804 3247 1072 3299 neminem
1093 3245 1302 3313 quidem
1327 3245 1397 3297 ita
1415 3252 1626 3313 oportet
1647 3241 1948 3313 despicere,

376 3339 641 3393 neminem
661 3339 730 3391 ita
756 3337 978 3391 irridere
1001 3344 1057 3390 ut
1081 3335 1352 3390 hominem
1370 3335 1621 3389 acerbum
1648 3347 1702 3388 et
1727 3333 1946 3388 malum.

371 3427 512 3483 Nihil
543 3436 626 3483 est
674 3427 815 3482 enim
863 3441 1016 3496 aeque
1059 3425 1380 3479 imbecillum
1421 3432 1581 3495 atque
1617 3423 1882 3480 acerbitas
1931 3444 1947 3480 :

370 3521 564 3574 stultos
586 3520 670 3574 illa
706 3519 832 3573 facit
856 3529 911 3574 et
936 3528 1202 3573 amentes.

439 3611 493 3666 2.
525 3611 640 3666 Non
670 3611 864 3666 videtis
906 3611 1049 3681 quod
1075 3627 1161 3664 res
1196 3626 1336 3666 czeca
1367 3611 1439 3665 sit
1467 3611 1688 3665 vitium?
1719 3627 1822 3666 non
1853 3629 1948 3667 an-

367 3705 577 3760 divistis
596 3705 741 3774 quod
763 3705 852 3774 qui
878 3705 1053 3759 vicino
1075 3703 1207 3758 fodit
1235 3703 1466 3770 foveam,
1493 3705 1592 3758 sibi
1613 3706 1785 3760 fodit?
1809 3706 1943 3772 Quid

367 3798 544 3867 ergo?
587 3812 693 3850 non
737 3807 819 3850 est
871 3796 1136 3851 timendus
1178 3799 1385 3851 animus
1432 3797 1620 3866 plenus
1665 3801 1945 3866 perturba-

369 3893 557 3945 tione?
595 3890 649 3944 Si
696 3889 910 3960 quidem
961 3898 1227 3957 tamquam
1287 3888 1655 3961 dmmoues_el
1695 3879 1940 3954 furiosos,

365 3991 580 4053 oportet
618 3983 778 4036 etiam
825 3981 1050 4036 acerbos
1087 3982 1314 4045 timere,
1349 3989 1399 4035 et
1440 3990 1706 4050 tamquam
1754 3981 1945 4036 stultos

365 4076 463 4136 (illi
495 4075 635 4129 enim
683 4082 886 4128 temere
915 4080 971 4125 et
1013 4070 1408 4124 inconsiderate
1440 4073 1618 4125 omnia
1662 4070 1938 4140 faciunt),

364 4182 466 4238 ego
494 4181 706 4236 quoque
737 4164 789 4219 id
815 4163 935 4218 dico
962 4181 976 4217 :
1001 4163 1044 4216 si
1069 4173 1244 4216 autem
1269 4171 1326 4215 ut
1351 4163 1440 4231 qui
1463 4172 1614 4218 recte
1641 4165 1941 4234 intelligant

364 4258 635 4325 quomodo
683 4257 793 4312 sint
835 4271 922 4310 res
961 4255 1243 4326 gerendae,
1293 4254 1343 4308 in
1379 4256 1480 4308 hoc
1517 4271 1620 4308 non
1648 4259 1933 4311 assentior.

363 4350 498 4406 Nam
534 4349 600 4403 ad
626 4363 714 4403 res
741 4346 1192 4402 administrandas
1216 4354 1270 4399 et
1289 4345 1678 4416 dispensandas
1698 4347 1832 4401 nihil
1860 4357 1942 4403 est

363 4457 515 4512 mque
568 4450 749 4510 aptum
795 4449 953 4506 atque
995 4437 1316 4506 prudentia;
1371 4437 1705 4505 prudentiam
1757 4449 1934 4494 autem

367 4533 503 4588 nihil
531 4547 682 4600 aeque
720 4528 960 4598 impedit,
992 4536 1154 4596 atque
1181 4526 1411 4597 pravitas
1437 4537 1494 4581 et
1528 4529 1736 4593 vitium,
1771 4528 1942 4583 fraus-

362 4641 467 4694 qtte
509 4631 565 4677 et
603 4620 825 4676 insidiae.
878 4618 994 4672 Non
1037 4617 1232 4672 videtis
1275 4620 1460 4673 biliosa
1505 4634 1730 4688 corpora
1778 4635 1936 4690 quam

362 4719 472 4773 sint
514 4713 821 4783 injucunda,
868 4727 988 4765 cum
1025 4712 1200 4765 omnis
1251 4710 1348 4765 llos
1392 4713 1443 4764 in
1473 4711 1940 4800 cis_e£narcuerit?

363 4814 522 4876 quam
564 4807 668 4860 sint
699 4804 961 4858 imbecilla
995 4813 1046 4857 et
1073 4804 1296 4873 gracilia
1329 4813 1382 4855 et
1409 4804 1591 4883 inepta
1614 4802 1681 4856 ad
1711 4802 1937 4856 omnia?

359 4902 518 4956 Tales
546 4899 706 4951 etiam
748 4902 873 4948 sunt
920 4894 1222 4963 hujusmodi
1265 4896 1476 4948 unione.
1508 4895 1623 4948 Non
1675 4906 1758 4949 est
1793 4897 1934 4951 enim

361 4993 554 5047 animae
577 4989 715 5043 alius
742 4987 958 5040 morbus
984 4987 1160 5056 regius
1195 5003 1352 5057 quam
1379 4988 1564 5041 vitium
1603 4997 1658 5042 et
1680 4991 1932 5057 pravitas.

359 5083 476 5139 Non
509 5096 636 5149 ergo
663 5120 677 5140 ,
712 5092 819 5131 non
850 5086 932 5131 est
975 5091 1061 5130 res
1091 5078 1240 5130 fortis
1287 5093 1351 5132 ae
1392 5078 1563 5132 valida
1604 5079 1934 5148 improbitas.

361 5175 537 5228 Vultis
569 5185 752 5225 rursus
797 5153 954 5224 etiam
989 5178 1046 5221 ut
1083 5170 1328 5237 exemplo
1374 5171 1705 5239 perspicuum
1751 5171 1935 5227 faciam

362 5270 415 5324 id
463 5265 605 5338 quod
649 5263 807 5328 dico,
837 5260 1081 5315 adductis
1129 5261 1282 5315 vobis
1321 5262 1636 5330 imaginibus
1692 5267 1936 5345 scelerati

361 5359 594 5416 hominis
623 5366 677 5411 et
703 5354 935 5410 hominis
979 5353 1238 5421 simplicis
1267 5363 1321 5406 et
1353 5369 1455 5407 non
1489 5355 1646 5409 ficti?
1683 5356 1930 5412 Scelera-

364 5465 450 5508 tus
486 5459 540 5504 et
565 5448 709 5502 vafer
733 5456 846 5501 erat
870 5445 1125 5511 Absalon,
1146 5453 1201 5499 et
1219 5459 1404 5499 omnes
1430 5446 1494 5498 ad
1520 5462 1643 5501 suas
1670 5448 1934 5506 alliciebat

365 5555 543 5616 partes
576 5561 589 5595 :
618 5541 738 5594 vide
765 5553 892 5607 ergo
933 5545 1129 5604 quanta
1160 5537 1275 5607 ejus
1297 5546 1439 5592 esset
1462 5541 1655 5593 astutia
1687 5549 1742 5594 et
1771 5542 1928 5595 mali-

361 5636 557 5705 gnitas.
615 5629 964 5695 Circutniens,
1005 5629 1209 5699 inquit,
1254 5627 1463 5682 dicebat
1493 5647 1506 5682 :
1538 5629 1673 5684 Num
1701 5641 1783 5685 est
1829 5631 1922 5686 tibi

363 5724 663 5796 judicium?
730 5724 916 5777 volens
972 5736 1400 5792 unumquemque
1464 5721 1566 5776 sibi
1637 5721 1926 5776 conciliare

363 5819 456 5881 (εὶ.
491 5817 616 5887 Reg.
651 5815 736 5873 15.
770 5816 844 5886 5).
877 5816 1037 5872 David
1085 5827 1260 5872 autem
1300 5823 1415 5872 erat
1448 5816 1674 5887 simplex
1719 5825 1770 5872 ct
1819 5831 1922 5872 non

1185 347 1242 406 S.
1280 346 1559 406 J‘OANNi-S
1580 347 2051 406 CHRYSOSTOSH
2092 353 2407 414 ARCHIEP.
2445 358 2970 425 CONSTANTINOP.

3578 381 3680 440 M8

2110 469 2281 566 fictus.
2311 473 2446 542 Quid
2475 481 2642 550 ergo?
2661 482 2788 540 Vide
2809 483 3304 559 amborum'linem,
3338 492 3457 550 vide
3481 509 3679 566 quanta

2103 561 2408 657 illeplenns
2437 567 2534 624 fuit
2560 575 2811 629 amentia.
2843 575 2975 633 Nam
3003 583 3254 650 quoniam
3285 601 3389 638 non
3417 561 3525 642 alio
3552 603 3680 657 spe-

2100 654 2277 708 ctabat
2304 672 2463 726 quam
2490 671 2546 714 ut
2587 675 2802 720 noceret
2847 673 3004 736 patri,
3036 671 3088 724 in
3132 673 3251 728 aliis
3281 676 3531 732 omnibus
3561 654 3674 734 erat

2099 755 2413 802 excmcatus.
2438 749 2539 805 Sed
2563 768 2668 807 non
2697 755 2859 811 David
2892 777 2904 810 :
2940 760 3038 824 Qui
3056 763 3199 817 enim
3227 766 3450 821 ambulat
3471 770 3678 840 sin-pli-

2097 835 2251 898 citer,
2282 842 2506 896 ambulat
2529 847 2839 910 conﬁdenter
2911 851 3062 906 Prov.
3093 855 3181 910 10.
3210 856 3318 926 9);
3350 858 3402 913 id
3432 869 3514 914 est
3537 901 3551 924 ,
3571 835 3668 931 ⁷(ιιιί

2095 931 2306 988 curiose
2325 935 2454 990 nihil
2483 943 2689 1008 quzerit,
2716 945 2801 1012 qui
2831 946 3030 1000 nullum
3059 950 3256 1004 malum
3290 952 3526 1008 molitur.
3562 955 3665 1008 Pa.

2095 1037 2306 1080 reamus
2327 1043 2455 1098 ergo
2482 1030 2646 1086 beato
2665 1035 2833 1089 Paulo
2846 1048 2897 1090 et
2920 1039 3269 1095 misereamur
3286 1057 3348 1098 ac
3373 1044 3663 1105 deﬂeamus

2095 1113 2336 1172 homines
2368 1122 2589 1177 acerbos
2611 1167 2626 1191 ,
2655 1135 2709 1180 et
2739 1129 2917 1183 omnia
2947 1145 3166 1200 agamus
3189 1144 3241 1187 et
3269 1134 3525 1192 faciamus
3554 1180 3568 1204 ,
3599 1151 3658 1194 ut

2091 1223 2157 1262 ex
2195 1225 2378 1266 eorum
2415 1217 2608 1272 animis
2650 1221 3022 1278 exhauriamus
3065 1227 3479 1296 improbitatem.
3525 1233 3657 1289 Nam

2089 1303 2356 1366 quomodo
2385 1321 2490 1360 non
2517 1318 2600 1363 est
2625 1311 2937 1376 absurdum,
2966 1330 3085 1370 cum
3115 1317 3168 1372 in
3203 1319 3358 1374 nobis
3387 1323 3509 1377 insit
3538 1325 3657 1380 bilis

2089 1389 2208 1460 (etsi
2234 1395 2361 1450 utile
2401 1399 2471 1451 sit
2497 1403 2818 1457 elementum
2859 1421 3018 1460 :nam
3049 1409 3248 1480 absque
3273 1412 3378 1468 bile
3410 1416 3519 1476 lieni
3551 1432 3662 1471 non.

2089 1493 2261 1551 potest
2289 1497 2342 1539 ut
2376 1489 2445 1542 sit
2475 1491 2634 1547 homo
2655 1535 2668 1556 ,
2693 1496 2760 1550 de
2788 1495 2888 1551 hac
2917 1498 3106 1568 loquor
3131 1501 3570 1561 bile-elementari
3593 1508 3651 1578 )-:
3725 1506 3737 1517 ’

2084 1579 2372 1646 quomodo,
2409 1582 2621 1652 inquam
2658 1627 2672 1649 ,
2707 1603 2809 1641 non
2837 1598 2919 1644 est
2961 1591 3246 1647 absurdum
3275 1595 3412 1651 hanc
3440 1598 3663 1667 quidem

2082 1682 2341 1725 evacuare
2367 1688 2462 1740 pro
2492 1675 2712 1742 viribus,
2747 1680 2966 1735 etiamsi
2991 1683 3279 1751 plurimum
3310 1687 3378 1742 ab
3405 1705 3466 1744 ea
3493 1690 3650 1760 juve-

2081 1774 2235 1824 mur;
2269 1776 2384 1815 eam
2415 1774 2594 1819 autem
2627 1783 2744 1836 quae
2770 1779 2851 1824 est
2877 1773 2928 1824 in
2956 1774 3131 1827 anima
3160 1776 3308 1831 nihili
3339 1777 3532 1840 facere.
3559 1797 3653 1848 ne-

2077 1865 2181 1918 que
2208 1851 2440 1906 Studium
2471 1870 2670 1924 ponere
2698 1869 2756 1912 ut
2785 1875 3103 1918 evacuemus
3128 1907 3143 1932 ,
3171 1882 3290 1922 cum
3332 1871 3549 1928 minime
3576 1876 3654 1930 sit.

2077 1941 2240 2000 utilis.
2274 1943 2366 1997 sed
2403 1951 2563 2000 etiam
2614 1951 2844 2006 maxime
2890 1953 3092 2010 laedat?
3138 1958 3236 2025 Qui
3279 1965 3406 2030 vult,
3453 1966 3644 2034 inquit,

2075 2034 2204 2083 inter
2232 2049 2319 2086 vos
2339 2051 2443 2089 esse
2467 2040 2688 2107 sapiens,
2712 2045 2896 2098 stultus
2922 2047 3010 2113 ﬁat
3033 2057 3083 2099 ut
3103 2050 3167 2102 sit
3189 2053 3389 2120 sapiens
3415 2054 3490 2123 (1.
3517 2054 3639 2113 Cor.

2073 2123 2126 2215 .‘5.
2151 2126 2260 2196 18).
2289 2129 2423 2182 Audi
2454 2147 2638 2187 rursus
2664 2133 2860 2189 Lucam
2889 2154 3097 2210 quoque
3121 2141 3380 2200 dicentem
3416 2167 3429 2202 :
3461 2147 3652 2204 Sume-.
3685 2198 3704 2215 ,

2071 2214 2192 2268 bant
2228 2217 2390 2271 cibum
2417 2237 2530 2273 cum
2562 2225 2891 2280 exsultatione
2917 2240 2962 2282 ct
2989 2232 3307 2301 simplicitate
3328 2238 3515 2304 cordis,
3538 2241 3650 2294 col-.

2069 2309 2330 2365 laudantes
2359 2311 2524 2367 Deum
2548 2356 2563 2383 ,
2596 2326 2642 2369 et
2673 2317 2918 2372 habebant
2962 2324 3180 2392 gratiam
3206 2326 3274 2378 ad
3300 2342 3496 2382 omnem
3527 2331 3640 2400 ple-

2067 2398 2175 2453 Dem
2206 2400 2357 2470 (Act.
2384 2402 2435 2456 2.
2467 2405 2556 2458 46.
2590 2407 2657 2460 47
2755 2409 2946 2463 Annon
2980 2413 3219 2468 videmus
3245 2433 3385 2472 nunc
3430 2398 3640 2490 quoque

2065 2493 2335 2563 simplices
2359 2506 2412 2550 et
2438 2513 2542 2551 non
2583 2499 2734 2552 [ictos
2769 2516 3104 2559 communem
3139 2506 3396 2563 honorem
3424 2516 3644 2583 assequi-

2065 2586 2131 2641 ab
2173 2588 2462 2643 omnibus?
2487 2589 2654 2646 Nemo
2692 2594 2742 2647 ei
2769 2596 2860 2663 qui
2890 2604 2972 2650 est
3015 2597 3278 2668 ejusmodi
3312 2603 3509 2658 invidet
3539 2646 3554 2670 ,
3587 2608 3631 2661 si

2065 2693 2151 2732 res
2179 2694 2302 2735 suas
2329 2691 2473 2736 recte
2509 2692 2696 2752 gerat;
2726 2700 2882 2741 nemo
2910 2687 2957 2758 ei
2990 2688 3240 2756 insultat,
3270 2693 3314 2745 si
3345 2694 3449 2748 sint
3474 2697 3520 2750 ei
3551 2712 3645 2752 res.

2063 2772 2338 2840 adversae;
2369 2774 2463 2829 sed
2490 2775 2611 2831 licet
2636 2777 2745 2831 sint
2770 2779 2819 2832 ei
2846 2795 2938 2834 res
2982 2783 3250 2848 secundm,
3279 2787 3630 2856 gratulantur,

2060 2863 2176 2917 etsi
2206 2864 2384 2933 lapsus
2409 2865 2499 2931 sit,
2531 2867 2868 2923 miserentur.
2890 2869 2983 2925 Sin
3010 2882 3186 2928 autem
3206 2874 3406 2930 homini
3433 2880 3628 2934 acerbo

2059 2955 2416 3011 successerint
2451 2959 2771 3029 quandoque
2798 2977 2886 3018 res
2929 2966 3178 3020 secunda:
3198 3007 3216 3033 ,
3249 2970 3468 3037 perinde
3496 2986 3558 3026 ac
3586 2974 3641 3028 si.

2059 3047 2273 3117 aliquod
2303 3049 2503 3104 malum
2535 3053 2820 3121 centigerit
2843 3096 2862 3122 ,
2901 3072 3090 3112 omnes
3120 3060 3473 3130 ingemiscuut
3503 3082 3519 3120 :
3548 3068 3639 3121 sin.

2057 3141 2299 3196 autemei
2328 3143 2522 3197 fuerint
2543 3160 2628 3199 res
2643 3148 2901 3212 adversae,
2931 3165 3119 3207 omnes
3137 3152 3400 3209 lauantur.
3430 3158 3628 3214 Eorum

2057 3246 2187 3300 ergo
2216 3234 2570 3290 misereamur
2605 3255 2618 3300 ;
2650 3238 2849 3295 habent
2876 3243 3018 3297 enim
3047 3245 3290 3302 inimicos
3319 3264 3637 3309 communes-

2057 3326 2291 3397 nudique
2334 3329 2742 3389 circumeuntes.
2795 3335 2958 3392 Jacob
3001 3349 3115 3394 erat
3159 3357 3261 3395 non
3307 3343 3499 3410 (ictus;
3531 3346 3634 3400 sed

2055 3417 2259 3471 vafrnm
2283 3429 2338 3474 et
2375 3421 2662 3490 malignum
2695 3426 2819 3479 vicit
2851 3428 2994 3482 Esau
3023 3420 3209 3484 {Nam
3248 3432 3298 3486 in
3342 3451 3547 3503 pravam
3577 3443 3632 3488 et’

2053 3509 2328 3578 malignam
2355 3511 2574 3564 animant
2612 3530 2713 3567 non
2748 3517 2957 3571 intrabit
2988 3521 3234 3589 sapientia
3260 3524 3414 3592 (Sap.
3449 3526 3500 3579 1.
3545 3527 3630 3595 4)..

2056 3599 2230 3655 Omnis
2253 3602 2542 3657 amaritudo
2562 3606 2768 3658 tollatur
2787 3625 2818 3660 a
2843 3611 2981 3664 vobis
3006 3617 3026 3664 ':
3050 3627 3116 3666 ne
3138 3625 3385 3668 maneant
3411 3617 3621 3685 quidem

2052 3691 2310 3760 reliqtiite.
2355 3691 2487 3749 Nam
2523 3696 2682 3751 etiam
2711 3697 2812 3753 hoc
2852 3701 2904 3753 si.
2929 3714 3130 3758 motum
3159 3704 3356 3772 fuerit,
3385 3708 3522 3762 solet
3565 3721 3624 3764 ιιι

2050 3782 2118 3836 ab
2163 3783 2336 3853 aliqua
2391 3786 2623 3842 scintilla
2666 3789 2937 3858 integrum
2965 3794 3107 3848 intus
3135 3797 3369 3852 excitare
3408 3814 3623 3868 rogum.

2049 3875 2185 3942 Quid
2238 3877 2307 3931 sit
2353 3893 2482 3948 ergo
2519 3883 2835 3944 amaritudo.
2891 3897 3140 3942 accurate
3191 3890 3614 3947 consideremus.

1996 3978 1998 3981 '
2048 3967 2290 4037 Exempli
2319 3983 2481 4024 causa
2513 3972 2583 4025 sit
2610 3971 2773 4028 homo
2817 3974 3184 4033 fraudulentus
3209 3988 3264 4034 et
3289 3980 3574 4037 insidiosus
3598 4024 3614 4046 .

2047 4059 2268 4116 dolosus
2296 4073 2349 4115 et
2379 4062 2445 4117 ad
2473 4064 2612 4119 male
2643 4064 2942 4122 faciendum
2974 4079 3210 4138 paratus.
3253 4073 3577 4142 suspiciosus
3598 4095 3618 4133 ε,

2046 4152 2115 4205 ab
2145 4168 2210 4207 eo
2241 4169 2453 4223 semper
2483 4158 2716 4210 nascitur
2746 4159 2824 4212 ira
2861 4167 2918 4213 et
2963 4159 3273 4231 indignatio.
3305 4162 3446 4218 Fieri
3473 4167 3615 4220 enim

2049 4260 2152 4298 non
2186 4255 2358 4314 potest
2380 4255 2436 4300 ut
2466 4249 2782 4316 tranquillus
2807 4250 2878 4302 sit
2905 4250 3169 4319 ejusmodi
3195 4253 3406 4311 animus
3435 4272 3448 4308 :
3491 4273 3612 4312 nam

2046 4336 2141 4391 ira:
2167 4347 2221 4392 et
2245 4338 2623 4408 indignatimns
2661 4340 2810 4394 radix
2834 4352 2916 4398 est
2940 4343 3203 4399 acerbitas
3240 4354 3294 4398 et
3317 4349 3617 4402 amarulen-

2046 4434 2140 4486 tia.
2182 4430 2283 4496 Qui
2325 4441 2408 4486 est
2431 4433 2716 4500 ejusmodi,
2763 4443 2816 4490 et
2855 4435 2924 4489 ad
2961 4451 3174 4506 gravem
3219 4440 3350 4492 iram
3380 4456 3614 4510 prepen-

2045 4535 2154 4583 sus,
2203 4537 2488 4591 numquam
2531 4525 2754 4578 remittit
2796 4526 3031 4580 animum
3055 4565 3071 4592 ,
3103 4536 3163 4581 ut
3191 4533 3278 4597 qui
3309 4530 3382 4584 sit
3405 4547 3615 4600 semper

2045 4614 2453 4682 cogitabundus,
2505 4629 2717 4684 semper
2759 4617 2947 4671 tristis.
3007 4617 3137 4672 Nam
3198 4621 3320 4690 ipsi,
3377 4632 3433 4675 ut
3477 4622 3608 4687 dixi,

2045 4705 2203 4774 primi
2225 4721 2317 4758 sua
2347 4707 2484 4759 mala
2510 4709 2760 4761 sentiunt.
2794 4708 2860 4762 Et
2883 4709 3093 4776 clamor,
3123 4713 3311 4781 inquit.
3342 4714 3568 4768 Curnam
3589 4717 3620 4768 ’ξ’

2045 4796 2187 4850 tollis
2210 4799 2368 4851 etiam
2399 4798 2724 4852 clamorem?
2755 4799 2881 4853 Nam
2912 4817 3032 4856 eum
3055 4805 3143 4874 qui
3175 4816 3254 4859 est
3285 4807 3426 4860 mitis
3451 4821 3611 4874 opor-

2044 4895 2120 4942 tet
2145 4903 2264 4943 esse
2294 4889 2469 4942 talem.
2494 4889 2707 4944 Clamor
2745 4894 2887 4945 enim
2914 4904 2997 4948 est
3025 4910 3191 4964 equus
3218 4896 3394 4952 ferens
3419 4913 3608 4954 ascen-

2042 4993 2218 5033 sorem
2240 5022 2254 5045 ,
2288 4996 2478 5049 nempe
2508 4982 2639 5036 iram
2692 4993 2746 5037 ct
2782 4984 3196 5052 indignationem
3228 5005 3242 5041 :
3274 5003 3469 5058 equum
3510 4991 3609 5062 im-

2046 5071 2164 5142 pedi
2191 5113 2204 5136 ,
2241 5083 2294 5126 et
2314 5074 2549 5127 evertisti
2577 5089 2936 5130 ascensorem.
2978 5077 3210 5132 Audiant
3233 5079 3346 5135 haec
3373 5081 3610 5137 maxime

2044 5165 2312 5227 nntlieres,
2345 5179 2466 5232 qua:
2493 5164 2544 5217 in
2568 5179 2626 5218 re
2646 5167 2881 5234 qualibet
2894 5167 3128 5222 clamant
3145 5178 3201 5222 et
3229 5170 3606 5228 vociferantur.

2048 5259 2101 5310 In
2132 5272 2237 5311 uno
2267 5257 2385 5311 solo
2415 5257 2542 5310 utile
2568 5268 2650 5312 est
2674 5258 2928 5326 clamare,
2959 5275 3150 5326 nempe
3180 5261 3231 5314 in
3265 5263 3611 5329 praedicando

2043 5362 2098 5406 et
2125 5349 2374 5405 docendo
2403 5368 2416 5404 :
2459 5365 2714 5419 nusquam
2747 5362 2922 5406 autem
2958 5353 3107 5417 alibi,
3140 5369 3310 5423 neque
3339 5356 3391 5408 in
3423 5370 3609 5424 preca-

2043 5447 2208 5500 tione.
2241 5444 2368 5498 Etsi
2409 5444 2492 5497 vis
2519 5460 2612 5513 per
2634 5459 2719 5498 res
2749 5445 2888 5514 ipsas
2915 5444 3130 5500 discere“
3155 5463 3167 5498 :
3197 5461 3479 5516 numquam
3500 5450 3610 5500 cla-

2041 5551 2182 5600 mes,
2213 5545 2268 5590 et
2289 5549 2575 5604 numquam
2595 5535 2844 5590 irasceris
2867 5551 3024 5591 :ecee
3045 5535 3258 5590 modum
3287 5537 3607 5591 evacuandae

2041 5629 2155 5684 irae.
2172 5627 2472 5684 Sicutenim
2497 5628 2610 5682 ﬁeri
2630 5644 2734 5682 non
2763 5636 2937 5697 potest
2961 5637 3016 5681 ut
3038 5630 3126 5698 qui
3161 5643 3261 5682 non
3281 5628 3475 5682 clamat
3501 5629 3606 5680 ira-

2041 5731 2239 5786 scatur,
2283 5721 2352 5775 ita
2396 5723 2508 5775 lieri
2560 5739 2663 5775 non
2694 5731 2866 5790 potest
2908 5731 2966 5776 ut
2991 5722 3080 5792 qui
3106 5721 3300 5779 clamat
3347 5736 3451 5774 non
3503 5721 3603 5775 ita.»

2043 5826 2237 5872 scatur.
2271 5815 2346 5872 Ne
2370 5817 2663 5873 mihienim
2701 5815 2964 5886 objeceris
2999 5815 3142 5884 gravi
3185 5815 3257 5870 ira
3297 5816 3559 5885 percitum
3581 5847 3601 5877 ι
