4096 6388
395 471 513 526 τοτ·

391 585 533 656 μετὰ
563 581 847 657 ἀκριϐείας
877 579 1131 654 εἷρηται;
1176 581 1296 635 Ἵνα
1323 580 1432 634 ἀπὸ
1466 581 1568 650 τῆς
1599 575 1827 650 πικρίας
1859 574 1958 645 τῆς

387 672 675 742 αἰσθητῆς,
724 671 824 740 τῆς
875 671 1100 741 πικρίας
1147 669 1249 739 τῆς
1293 671 1496 741 νοητῆς
1541 668 1640 739 τὴν
1687 665 1959 736 ἀφόρητον

386 758 703 828 αἰσθόμενοι
731 757 952 822 κακίαν,
986 758 1081 810 καὶ
1117 757 1193 820 ὡς
1225 757 1518 828 ὁλόκληρον
1541 758 1642 827 τὴν
1669 756 1958 808 τίκτουσαν

386 846 564 918 ψυχὴν
611 846 827 917 πρῶτον
874 845 1214 916 λυμαίνεται,
1264 847 1441 900 πάντα
1500 847 1614 901 ἀνω
1666 844 1761 899 καὶ
1811 843 1960 897 κάτω

388 937 641 1000 ποιοῦσα,
677 936 938 1007 φύγωμεν
967 938 1139 1007 αὐτῆς
1170 939 1268 1008 τὴν
1303 941 1520 1009 πεῖραν.
1556 936 1823 1005 Καθάπερ
1851 933 1960 1003 γάρ

386 1028 530 1098 αῦτη
554 1028 613 1081 τὸ
649 1031 906 1098 στοιχεῖον
931 1029 1072 1094 ὅλον,
1103 1027 1275 1092 οὕτως
1304 1029 1486 1099 ἐκείνη
1515 1029 1641 1090 τοὺς
1665 1025 1960 1094 λογισμοὺς

388 1120 744 1191 ὲμπρήσασα,
798 1122 878 1182 είς
925 1120 987 1173 τὸ
1017 1122 1116 1190 τῆς
1149 1119 1374 1191 γεέννης
1425 1119 1630 1188 ἀπάγει
1683 1118 1956 1190 βάραθρον

385 1209 482 1262 τὸν
513 1208 728 1261 ἁλόντα.
763 1208 861 1262 Ἰν*
891 1203 983 1262 οῦν
1018 1209 1193 1262 ταῦτα
1231 1207 1475 1278 ἀκριϐῶς
1524 1206 1960 1277 διερευνώμενοι,

387 1299 550 1354 τοῦτο
570 1300 831 1369 φύγωμεν
848 1300 905 1353 τὸ
925 1301 1116 1365 κακὸν,
1145 1300 1238 1353 καὶ
1259 1297 1646 1370 χαλινώσωμεν
1669 1299 1726 1350 τὸ
1748 1297 1958 1368 θηρίον,

392 1391 595 1461 μᾶλλον
627 1391 683 1444 δὲ
718 1389 1015 1462 πρόρριζον
1046 1375 1477 1460 ἀνασπάσωμεν,
1510 1389 1588 1459 τῷ
1619 1389 1814 1457 Παύλῳ
1841 1405 1962 1440 πει-

389 1486 613 1558 θώμεθα
645 1487 854 1556 λέγοντι
876 1503 890 1516 °
924 1486 1100 1542 Πᾶσα
1133 1487 1358 1554 πικρία,
1390 1485 1511 1555 οὐχὶ
1545 1484 1890 1555 καθαιρέσθω
1910 1496 1964 1544 ιι,

391 1579 531 1632 ἀλλά
557 1579 778 1649 ἀρθήτω
814 1581 910 1649 ἀφ’
938 1578 1113 1650 ὑμῶν.
1142 1579 1208 1633 Τί
1241 1579 1350 1649 γάρ
1389 1596 1481 1648 μοι
1513 1578 1594 1631 δεῖ
1619 1576 1962 1648 πραγμάτων

392 1671 488 1724 καὶ
524 1669 792 1740 κατοχῆς;
817 1669 870 1722 τί
902 1670 958 1722 δὲ
994 1670 1099 1742 χρὴ
1129 1671 1423 1739 φυλάττειν
1451 1670 1670 1740 θηρίον,
1702 1669 1822 1734 ἐξὸν
1858 1671 1963 1722 ἀπ-

389 1762 596 1816 οικίσαι
618 1763 718 1832 τῆς
735 1762 914 1832 ψυχῆς
939 1762 1032 1815 καὶ
1054 1763 1415 1833 μεταστῆσαι,
1436 1763 1531 1814 καὶ
1557 1763 1634 1826 είς
1665 1761 1962 1833 ὑπερορίαν

388 1851 515 1905 τινὰ
557 1853 902 1920 ἀπαγαγεῖν;
941 1851 1268 1923 Πειθὼμεθα
1317 1853 1497 1906 τοίνυν
1534 1852 1613 1922 τῷ
1643 1852 1839 1922 Παύλῳ
1875 1852 1988 1904 λέ·-

388 1960 544 2011 γοντι
564 1959 578 1973 ·
610 1941 784 1997 Πᾶσα
800 1945 1008 2012 πικρία
1035 1943 1270 2013 ἀρθήτω
1295 1945 1377 2014 ἀρ
1393 1946 1407 1966 ’
1432 1945 1618 2014 ὑμῶν.
1649 1944 1787 1996 Ἀλλ’
1817 1945 1968 2014 οἴμοι

386 2036 489 2104 τῆς
515 2033 849 2106 κατεχούσης
880 2037 1027 2104 ἡμᾶς
1060 2035 1392 2106 διαστροφῆς
1411 2051 1425 2064 ·
1476 2036 1594 2089 δέον
1623 2033 1840 2088 ἅπαντα
1871 2035 1963 2088 ἐπὶ

387 2127 565 2196 τούτῳ
598 2128 797 2189 ποιεῖν,
836 2125 981 2178 οὕτω
1008 2126 1152 2189 τινές
1185 2127 1324 2178 εἰσιν
1353 2126 1521 2189 ὅντως
1553 2128 1790 2198 ἀνόητοι,
1821 2127 1962 2180 ὥστε

387 2217 488 2271 καὶ
513 2217 741 2279 ἑαυτοὺς
770 2218 828 2267 ἐν
857 2215 1031 2285 τούτῳ
1060 2203 1414 2286 μακαρίζειν,
1447 2217 1543 2268 καὶ
1572 2217 1961 2288 ἐναϐρύνεσθαι

387 2308 470 2379 τῷ
495 2307 672 2378 κακῷ,
723 2309 819 2361 καὶ
867 2306 1395 2375 ἐγκαλλωπίζεσθαι,
1445 2310 1541 2362 καὶ
1585 2311 1714 2380 παρ’
1762 2310 1964 2382 ἐτέρων

389 2400 706 2471 ζηλοῦσθαι.
744 2399 970 2470 Πικρὸς,
999 2399 1185 2468 φησὶν,
1222 2399 1509 2469 ἄνθρωπος
1548 2400 1763 2461 ὁδείνα,
1804 2417 1972 2470 σκορ-

389 2493 516 2556 πίος
561 2493 728 2556 ἐστὶν,
777 2493 900 2561 ὄφις
950 2491 1122 2554 ἐστὶν,
1175 2490 1319 2560 ἔχιςο
1372 2491 1603 2563 φοϐερὸν
1652 2492 1964 2563 νομίζουσιν

389 2581 575 2636 αὐτόν.
607 2581 934 2643 Τίδέδοικας
963 2581 1068 2632 τδν-
1086 2580 1303 2652 πικρὸν,
1323 2580 1615 2652 ἀνθρωπε;
1644 2583 1734 2652 Μὴ
1764 2583 1961 2655 βλάψῃ,

391 2673 547 2742 φησὶ,
584 2672 660 2743 μὴ
685 2671 997 2741 λυμήνηται
1024 2687 1040 2700 ·
1087 2670 1313 2740 ἄπειρος
1341 2670 1450 2739 ἐγὼ
1492 2671 1593 2741 τῆς
1627 2673 1834 2725 ἐκείνου
1863 2691 1964 2726 κα-

390 2763 515 2827 κίας
544 2763 695 2832 εἰμί’
735 2762 953 2815 δέδοικα
992 2761 1066 2832 μή
1101 2779 1176 2832 με·
1199 2761 1378 2814 λαϐὼν
1416 2763 1621 2815 ἁπλοῦν
1654 2763 1962 2835 ἄνθρωπον,

390 2857 485 2908 καί
514 2855 668 2908 οὐδὲν
703 2853 813 2908 τῶν
854 2853 1018 2908 αὑτοῦ
1065 2854 1468 2926 προορώμενον,
1524 2856 1603 2918 είς
1649 2856 1746 2919 τὰς
1782 2858 1963 2926 πάγας

390 2946 604 3017 ἐμϐάλῃ
646 2946 745 3009 τὰς
773 2944 960 3011 αὑτοῦ,
1004 2946 1240 3008 καὶτοῖς
1280 2943 1520 3008 δικτύοις
1565 2947 1710 3016 ἡμᾶς
1753 2965 1963 3018 συμπο-

389 3039 515 3112 δίσῃ
552 3041 664 3101 τοῖς
696 3036 1125 3109 ἡτοιμασμένοις
1162 3035 1308 3106 αύτῷ
1345 3037 1482 3106 πρὸς
1514 3038 1792 3109 ἡμετέραν
1822 3041 1962 3093 ἀπά-

388 3145 509 3198 την.
543 3127 693 3180 Γελῶ
723 3126 840 3182 νῦν.
883 3126 948 3178 Τί
978 3125 1216 3194 δήποτε;
1243 3126 1364 3178 Ὅτι
1397 3127 1601 3181 παίδων
1638 3129 1753 3180 ἐστὶ
1792 3129 1964 3198 ταῦτα

389 3223 460 3274 τὰ
486 3221 731 3292 ῥήματα,
760 3219 830 3273 τά
863 3219 940 3289 μὴ
973 3217 1182 3286 φοϐερά
1215 3216 1587 3287 φοϐουμένων.
1611 3219 1837 3284 Οὐδενὸς
1865 3220 1966 3289 μὲν

388 3308 484 3364 οὖν
515 3311 660 3364 οὕτω
695 3310 777 3364 δεῖ
800 3311 1187 3380 καταφρονεῖν,
1218 3308 1432 3371 οὐδενὸς
1459 3307 1602 3361 οὕτω
1636 3309 1961 3380 καταγελᾷν,

391 3401 468 3462 ὡς
487 3399 776 3472 ἀνθρώπου
811 3398 1012 3471 πικροῦ
1045 3398 1140 3453 καὶ
1172 3397 1432 3469 πονηροῦ.
1460 3399 1624 3453 Οὐδὲν
1655 3401 1765 3471 γὰρ
1793 3399 1966 3463 οὕτως

396 3490 548 3564 [1H]
589 3491 832 3558 ἀσθενὲς,
865 3490 941 3556 ὡς
973 3490 1170 3562 πικρία
1185 3506 1212 3520 ·-
1235 3491 1455 3561 μωροὺς
1500 3493 1654 3545 ποιεῖς
1674 3492 1770 3545 καὶ
1798 3494 1966 3562 ἀνοή-

391 3595 538 3641 τους.

466 3751 530 3824 β’.
551 3754 624 3807 Ἢ
637 3754 734 3824 οὐχ
748 3756 907 3826 ὁρᾶτε
923 3755 1005 3809 ὅτι
1019 3753 1218 3824 τυφλὸν
1234 3757 1268 3827 ἡ
1287 3756 1454 3810 κακία
1473 3773 1487 3822 ;
1507 3757 1539 3828 ἢ
1556 3759 1655 3811 οὐκ
1673 3757 1965 3829 ἠκούσατε,

396 3845 479 3897 ὅτι
507 3848 537 3898 ό
567 3845 819 3916 ὀρύσσων
850 3846 1040 3919 βόθρον
1099 3849 1177 3918 τῷ
1220 3848 1468 3920 πλησίον,
1496 3849 1673 3920 ἑαυτῷ
1706 3850 1964 3920 ὀρύσσει;

398 3937 517 4001 πῶς
547 3935 641 3991 οῦν
671 3939 732 3992 οὐ
758 3939 864 4010 χρὴ
897 3939 1178 4008 φοϐεῖσθαι
1200 3940 1378 4012 ψυχὴν
1407 3942 1661 4012 ἷταραχῆς
1686 3942 1967 4012 ἐμπεπλη-

400 4029 605 4098 σμένην
627 4045 642 4094 ;
678 4030 739 4081 Εἰ
768 4031 864 4100 μὲν
887 4026 998 4096 οὖν,
1021 4031 1096 4093 ῶς
1119 4031 1377 4101 δαίμονας
1398 4030 1426 4070 ι)
1457 4031 1551 4083 καὶ
1589 4031 1977 4101 μαινομένους,

397 4119 506 4190 χρὴ
525 4120 619 4172 καὶ
641 4121 768 4184 τοὺς
795 4122 1027 4192 πικροὺς
1045 4121 1348 4191 φοϐεῖσθαι,
1381 4121 1476 4174 καὶ
1499 4121 1576 4184 ὼς
1595 4123 1721 4182 τοὺς
1751 4124 1968 4193 μωροὺς

399 4208 640 4279 (καὶγὰρ
668 4210 864 4264 ἐκεῖνοι
881 4211 1070 4274 ἁπλῶς
1085 4211 1300 4265 ἅπαντα
1320 4211 1580 4281 ποιοῦσι),
1607 4212 1749 4282 φημί
1775 4213 1929 4280 κάγὼ
1948 4230 1972 4243 ’-

398 4297 448 4349 εί
479 4297 538 4350 δὲ
570 4297 646 4361 ὼς
689 4299 896 4363 δεινοὺς
925 4302 1214 4371 πράγμασι
1256 4288 1511 4372 χρῆσθαι,
1551 4301 1710 4355 τοῦτο
1760 4302 1975 4357 οὐκέτι..

398 4387 566 4442 Οὐδὲν
593 4389 704 4460 γάρ
720 4389 862 4444 οὕτω
889 4392 1025 4462 πρὸς
1048 4394 1389 4464 πραγμάτων
1427 4393 1738 4463 οἰκονομίαν
1778 4394 1967 4464 ἐπιτή-

396 4479 559 4546 δειον,
590 4481 667 4544 ὡς
707 4481 940 4546 σύνεσις·
965 4484 1118 4538 οὐδὲν
1134 4483 1274 4538 οὕτω
1296 4485 1562 4548 συνέσεως
1595 4484 1872 4554 ἐμπόδιον,
1891 4484 1967 4550 ὡς

396 4571 633 4642 πονηρία
661 4573 760 4625 καὶ
796 4575 988 4639 κακία,
1024 4575 1120 4628 καὶ
1168 4575 1230 4626 τὸ
1263 4574 1514 4628 ὓπουλον.
1560 4575 1671 4645 υύχ
1697 4575 1860 4646 ὁρᾶτε
1897 4574 1967 4628 τά

395 4665 629 4733 σώματα
688 4662 759 4716 τὰ
809 4665 1106 4736 χολερικὰ,
1161 4664 1279 4726 πῶς
1331 4667 1478 4719 ἐστιν
1534 4666 1710 4735 ἀειδῆ,
1761 4665 1965 4730 παντὸς

392 4753 592 4817 ἄνθους
639 4755 1006 4826 μαρανθέντος
1046 4757 1103 4808 ὲν
1158 4757 1376 4822 αύτοῖς;
1426 4755 1543 4818 πῶς
1586 4757 1734 4808 ἐστιν
1767 4756 1964 4825 ἀσθενῆ

395 4844 492 4898 καὶ
513 4845 710 4910 λεπτὰ,
747 4847 844 4899 καὶ
875 4845 1012 4918 πρὸς
1056 4846 1235 4901 πάντα
1267 4847 1658 4918 ἀνεπιτήδεια;
1707 4845 1965 4900 Τοιαῦταί

391 4939 503 4990 εἱσι
530 4939 624 4992 καὶ
651 4940 709 4991 αἱ
755 4938 924 5009 ψυχαὶ
951 4939 1010 4992 αί
1061 4939 1325 4994 τοιαῦται.
1355 4940 1596 5012 ’Ίκτερος
1645 4941 1754 5013 γάρ
1787 4939 1965 5010 ψυχῆς

391 5027 548 5109 οὐδέν
584 5027 772 5099 ἕτερόν
806 5031 974 5094 ἐστιν,
999 5030 1171 5102 ἀλλ’ἢ
1203 5033 1458 5103 πονηρία.
1510 5033 1624 5086 Οὐκ
1673 5033 1819 5086 ἐστιν
1855 5029 1950 5086 οὖν

395 5120 618 5192 ἰσχυρὸν
653 5124 687 5192 ἡ
722 5124 978 5194 πονηρία,
998 5125 1098 5177 οὐκ
1114 5124 1246 5178 ἔστι.
1279 5125 1542 5179 Βούλεσθε
1572 5126 1736 5181 πάλιν
1761 5125 1856 5179 καὶ
1870 5125 1964 5178 ἐπὶ

392 5212 813 5285 ὕποδείγματος,
838 5217 866 5269 ὃ
899 5216 1062 5284 λέγω,
1115 5219 1325 5288 ποιήσω
1374 5219 1627 5290 φανερὸν,
1653 5217 1962 5288 κακούργου

391 5305 491 5359 καὶ
525 5306 800 5360 ἀπλάστου
830 5309 1170 5378 παραγαγὼν
1203 5311 1330 5379 ὑμῖν
1363 5309 1606 5373 είκόνας;
1641 5291 1961 5379 Κακοῦργος

391 5391 463 5466 ἦν
489 5398 520 5450 ὁ
549 5395 935 5469 Ἀϐεσσαλὼμ,
985 5401 1079 5453 καὶ
1110 5401 1315 5463 πάντας
1351 5401 1658 5453 ίδιοποιεῖτο
1688 5417 1702 5430 ο
1739 5401 1839 5469 ὅρα
1867 5397 1959 5453 οῦν

393 5489 494 5558 ὅση
521 5484 592 5559 ἦν
620 5491 653 5560 ἡ
680 5490 1002 5560 κακουργία.
1035 5491 1287 5560 Περιιὼν,
1311 5493 1494 5562 φησὶν,
1521 5491 1693 5558 ἔλεγε,
1718 5493 1808 5561 Μὴ
1847 5491 1961 5544 ἔστι

395 5597 480 5634 σοι
509 5581 690 5652 κρίσις
716 5597 730 5641 :
762 5582 1145 5635 οἰκειώσασθαι
1184 5583 1414 5635 ἕκαστον
1445 5581 1787 5650 βουλόμενος.
1825 5582 1882 5634 '0
1905 5581 1960 5634 δὲ

458 5818 484 5885 ξ’
513 5815 601 5885 §ic
621 5819 805 5878 optime
822 5817 984 5885 _Marg.
1011 5818 1131 5885 εεινζ
1147 5817 1424 5879 Legebatur
1448 5822 1775 5885 καθαιρείσθω.
1804 5822 1936 5874 Εοιτ.

454 5875 486 5917 δ
510 5875 722 5929 υυηεέυδ
741 5881 916 5930 mallet
935 5875 1268 5942 δαιμονῶντας.
1591 5875 1600 5885 ’
1658 5918 1660 5920 ,

1239 466 1308 524 ΙΝ
1346 464 1561 523 EPlST.
1601 464 1690 519 AD
1728 458 1974 519 EPHES.
2015 457 2165 515 CAP."
2199 447 2299 515 Ἰν.
2365 457 2600 516 HOMIL.
2635 458 2752 514 XV.

3529 459 3634 518 108

2073 571 2238 626 Δαυῒδ
2257 572 2551 636 ἄπλαστος.
2586 575 2650 626 Τί
2683 571 2776 630 οῦν
2799 591 2815 642 ;
2851 574 2994 645 Ὅρα
3019 573 3341 645 ἀμφοτέρων
3369 571 3430 626 τδ
3455 573 3631 636 τέλος,

2067 664 2168 734 δρα
2191 665 2366 731 πόσης
2404 664 2602 734 ἔγεμεν
2625 667 2830 729 ἐκεῖνος
2861 663 3064 727 ἀνοίας.
3117 663 3333 733 Ἐπειδὴ
3365 664 3474 732 γὰρ
3497 664 3636 734 πρὸς

2067 754 2164 823 τὴν
2197 754 2402 824 βλάϐην
2438 753 2589 824 ἑώρα
2614 755 2782 824 μόνην
2822 753 2918 806 τοῦ
2963 753 3189 824 πατρὸς,
3223 755 3283 806 ὲν
3310 755 3423 816 τοῖς
3451 751 3630 816 ἀλλοις

2066 846 2374 916 τετύφλωτο
2397 852 2583 900 πᾶσιν.
2629 846 2770 900 Ἀλλ’
2814 847 2911 916 οὐχ
2941 847 2971 899 ὁ
3006 845 3190 898 Δαυῒδ.
3225 844 3280 897 Ὀ
3311 843 3634 912 πορευόμε-

2066 955 2172 1004 νος
2204 939 2311 1008 γὰρ
2347 937 2573 1004 ἁπλῶς,
2600 938 2911 1006 πορεύεται
2931 933 3580 1002 πεποιθώς..Τουτέστιν,
3606 935 3636 986 ὁ

2071 1028 2236 1098 μηδὲν
2247 1045 2403 1098 περιε
2412 1027 2763 1099 ργαζόμενος,
2778 1029 2805 1080 ὁ
2821 1025 2986 1098 μηδὲν
3007 1024 3427 1089 κατασκευάζων
3446 1025 3633 1077 κακόν.

2068 1117 2394 1188 Πειθώμεθα
2415 1118 2596 1172 τοίνυν
2628 1119 2705 1189 τῷ
2731 1118 2985 1190 μακαρίῳ
3012 1116 3230 1188 Παύλῳ,
3264 1119 3359 1170 καὶ
3397 1116 3637 1186 ὲλεῶμεν

2069 1213 2166 1268 καὶ
2207 1213 2530 1282 δακρύωμεν
2574 1214 2698 1276 τοὺς
2745 1213 3000 1284 πικροὺς,
3043 1212 3136 1265 καὶ
3182 1211 3357 1264 πάντα
3384 1210 3634 1280 πράττω-

2073 1322 2171 1377 μεν
2199 1305 2295 1359 καὶ
2329 1306 2591 1373 ποιῶμεν,
2619 1303 2759 1358 ὥστε
2787 1304 2963 1377 αὐτῶν
2991 1303 3096 1358 ἀπὸ
3117 1303 3215 1373 τῆς
3259 1301 3438 1372 ψυχῆς
3479 1301 3634 1368 ὲξαν-

2068 1395 2261 1466 τλῆσαι
2290 1396 2388 1466 τὴν
2423 1396 2704 1467 πονηρίαν.
2739 1397 2862 1460 Πῶς
2897 1396 3008 1467 γὰρ
3063 1396 3162 1449 ούκ
3211 1394 3431 1458 ἄτοπον,
3476 1394 3644 1464 χολῆς.

2073 1486 2170 1556 μὲν
2200 1488 2333 1556 ἡμῖν
2362 1485 2586 1555 ἐνούσης
2621 1485 2899 1556 (καίτοιγε
2921 1485 3191 1557 χρήσιμον
3215 1482 3373 1537 τοῦτο
3409 1482 3470 1534 τὸ
3495 1499 3639 1535 στοιο

2070 1581 2232 1649 χεῖον·
2260 1579 2429 1649 χωρὶς
2461 1579 2571 1649 γὰρ
2601 1578 2762 1648 χολῆς
2807 1577 3093 1647 ἄνθρωπον
3117 1573 3254 1629 εἶναι
3292 1576 3353 1628 οὐ
3387 1574 3636 1635 δυνατὸν,

2069 1669 2274 1740 ταύτης
2306 1670 2370 1739 δὴ
2392 1669 2535 1737 λέγω
2568 1669 2665 1738 τῆς
2708 1666 3119 1737 στοιχειῶδους)·
3167 1667 3284 1729 πῶς
3312 1667 3413 1719 οὐκ
3437 1665 3647 1719 ἄτοπον-

2070 1759 2270 1828 ταύτην
2294 1758 2392 1827 μὲν
2418 1757 2608 1811 κενοῦν
2637 1759 2778 1811 κατά
2799 1757 3051 1827 δύναμιν,
3075 1757 3254 1810 καίτοι
3275 1755 3488 1826 μεγάλα
3509 1756 3638 1823 παρ’

2071 1849 2240 1915 αὐτῆς
2264 1849 2692 1918 ὠφελουμένους·
2714 1847 2810 1918 τὴν
2831 1848 2887 1900 δὲ
2915 1851 2974 1901 ἐν
2994 1851 3060 1920 τῇ
3093 1847 3242 1918 ψυχῇ
3270 1846 3436 1918 μηδὲν
3465 1848 3646 1899 ποιεῖν

2075 1940 2214 2011 μηδὲ
2243 1939 2563 2003 σπουδάζειν
2592 1940 2731 1993 ὥστε
2765 1940 2974 2001 κενοῦν,
2994 1941 3230 2010 οὐδαμοῦ
3261 1941 3531 2011 χρήσιμον
3551 1935 3640 1993 οῦς

2073 2049 2193 2095 σαν,
2228 2031 2368 2083 ἀλλὰ
2391 2031 2568 2084 καὶτὰ
2601 2031 2835 2102 μέγιστα
2857 2031 3186 2099 ἀδικοῦσανς
3237 2032 3296 2084 '0
3349 2031 3652 2100 ,ϐουλόμεμ

2070 2140 2198 2189 νος,
2228 2124 2413 2193 φησὶν,
2435 2119 2588 2176 εἷναι
2648 2125 2840 2191 σοφὸς
2875 2123 2945 2177 ἐν
3001 2123 3178 2193 ὑμῖν,
3218 2123 3479 2194 γενέσθω
3519 2142 3640 2192 μω-

2064 2216 2193 2284 ρὸς,
2245 2215 2346 2267 ἵνα
2395 2213 2635 2284 γένηται
2691 2218 2904 2283 σορός.
2966 2217 3164 2269 Ἀκουε
3213 2217 3376 2270 πάλιν
3405 2219 3499 2270 καὶ
3546 2217 3639 2270 τοῦ

2071 2306 2257 2357 Λουκᾶ
2279 2304 2548 2371 λέγοντοςο
2581 2304 3044 2373 Μετελάμϐανον
3072 2303 3295 2378 τροφῆς
3336 2307 3406 2359 ἐν
3454 2307 3642 2376 ἀγαλ-

2070 2392 2270 2446 λιάσει
2308 2394 2404 2446 καὶ
2446 2394 2767 2461 ἀφελότητι
2817 2393 3064 2461 καρδίας
3095 2435 3110 2458 ,
3164 2394 3478 2460 αἰνοῦντες
3535 2394 3653 2447 τὸν.

2075 2484 2243 2550 Θεὸν,
2271 2485 2369 2537 καὶ
2412 2485 2580 2553 εἶχον
2607 2485 2784 2554 χάριν
2839 2485 2987 2554 πρὸς
3031 2487 3179 2539 ὅλον
3205 2486 3312 2541 τὸν
3360 2489 3532 2541 λαόν.
3572 2489 3641 2538 Ἦ

2072 2577 2170 2647 οὐχ
2200 2577 2413 2647 ὁρῶμεν
2453 2579 2548 2631 καὶ
2592 2577 2688 2630 νῦν
2743 2577 2868 2642 τοὺς
2921 2575 3139 2643 ἀφελεῖς
3191 2577 3286 2630 καὶ
3334 2577 3642 2639 ἀπλάστους

2073 2670 2260 2740 κοινῆς
2280 2672 2444 2742 τιμῆς
2482 2672 2634 2742 παρά
2667 2673 2884 2726 πάντων
2911 2670 3314 2736 ἀπολαύονταςς
3342 2671 3530 2734 Οὐδεὶς
3559 2671 3640 2742 τῷ

2071 2763 2297 2834 τοιούτῳ
2322 2764 2502 2832 φθονεῖ
2532 2764 2919 2836 εὐπραγοῦντι,
2953 2763 3130 2826 οὐδεὶς
3159 2763 3482 2834 ὲπεμϐαίνει
3513 2763 3642 2816 δυσο

2073 2853 2408 2924 πραγοῦντι⁹
2439 2856 2573 2909 ἀλλά
2604 2856 2805 2920 πάντες
2838 2857 2933 2908 καὶ
2965 2856 3144 2919 καλῶς
3180 2857 3470 2928 πράττοντι
3511 2873 3639 2925 συγ-

2073 2946 2343 3017 χαίρουσι,
2374 2947 2467 3000 καὶ
2496 2947 2787 3002 πταίσαντι
2821 2947 3192 3017 συναλγοῦσιν.
3240 2949 3337 3001 Ἂν
3365 2947 3425 3001 δὲ
3450 2948 3644 3020 πικρὸς

2072 3037 2356 3108 ἄνθρωπος
2379 3037 2708 3110 εὐημερήσῃ
2734 3039 2885 3102 ποτὲ,
2919 3039 2994 3102 ὼς
3026 3039 3196 3092 κακοῦ
3227 3057 3369 3103 τινος
3404 3039 3648 3110 συμϐάν-

2072 3144 2182 3192 τος,
2210 3127 2448 3192 ἆπαντες
2481 3129 2928 3202 στένουσι1ι1121·
2957 3130 3060 3206 κᾷν
3073 3131 3432 3202 δυσπραγήσῃ
3450 3131 3638 3194 πάλιν,

2075 3219 2309 3284 ἅπαντες
2341 3222 2642 3291 χαίρουσιν.
2681 3222 2952 3293 Ἐλεῶμεν
2976 3219 3068 3276 οῦν
3096 3223 3307 3287 αὐτούς·
3334 3224 3513 3294 ἔχουσι
3535 3225 3645 3296 γάρ

2076 3315 2289 3378 κοινοὺς
2344 3315 2573 3385 ἐχθροὺς
2627 3315 2904 3386 πανταχοῦ
2950 3317 3278 3386 περιιόντας.
3335 3317 3393 3370 'U
3451 3316 3658 3370 Ἰακὼϐ

2079 3405 2358 3469 ἄπλαστος
2399 3403 2488 3477 ἦν,
2520 3408 2655 3460 ἀλλὰ
2678 3407 2769 3461 τὸν
2807 3408 3111 3478 κακοῦργον
3152 3408 3322 3461 Ἡσαῦ
3359 3409 3608 3482 ἐνίκησεν
3630 3429 3644 3442 ο

2075 3501 2179 3566 Εἰς
2214 3500 2580 3567 κακότεχνον
2599 3499 2708 3569 γὰρ
2740 3500 2953 3568 ψυχὴν
2973 3503 3083 3554 οὐκ
3104 3503 3515 3556 εἰσελεύσεται
3539 3519 3647 3557 σο-

2076 3590 2199 3658 φία.
2228 3589 2403 3644 Πᾶσα
2428 3593 2632 3660 πικρία
2669 3590 2901 3660 ἀρθήτω
2943 3591 3043 3660 ἀφ’
3076 3593 3268 3661 ὑμῶν·
3303 3595 3438 3665 μηδὲ
3462 3594 3646 3666 λείψα-

2075 3699 2163 3734 νον
2188 3685 2412 3753 μενέτω.
2454 3681 2574 3737 Οἷδε
2636 3684 2743 3755 γάρ
2783 3683 2940 3737 τοῦτο
2977 3684 3217 3757 κινηθὲν,
3248 3686 3499 3758 καθάπερ
3535 3689 3645 3742 ἀπὸ

2078 3775 2371 3846 σπινθῆρός
2395 3793 2559 3841 τινος,
2587 3775 2878 3848 ὀλόκληρον
2906 3777 3053 3829 ένδον
3080 3777 3308 3846 ποιῆσαι
3352 3779 3546 3850 πυράν.
3577 3779 3644 3832 Τί

2074 3869 2251 3922 τοίνυν
2283 3869 2430 3932 ἐστὶν
2461 3872 2494 3940 ἡ
2519 3869 2712 3939 πικρία
2742 3871 3168 3939 κατανοήσωμεν
3189 3869 3451 3939 ἀκριϐῶς·
3475 3866 3584 3924 οἷον
3616 3873 3676 3924 ὁ..

2076 3959 2306 4023 ὕπουλος
2336 3962 2496 4032 ἀνὴρ,
2529 3963 2558 4014 ὁ
2583 3961 2818 4031 δολερὸς,
2840 3963 2868 4014 ὁ
2900 3961 3035 4031 πρὸς
3070 3961 3129 4014 τὸ
3154 3967 3464 4015 κακοποιεῖν
3500 3981 3642 4033 παρ-

2077 4052 2495 4122 εσκευασμένος,
2518 4054 2547 4105 ὁ
2567 4054 2931 4122 καχύποπτος⁸
2963 4051 3072 4106 ἀπὸ
3107 4050 3171 4121 δὴ
3206 4052 3395 4105 τούτου
3431 4054 3518 4107 ἀεὶ
3552 4054 3644 4106 θυ-

2078 4146 2177 4215 μὸς
2208 4144 2300 4196 καὶ¹
2328 4143 2466 4213 ὀργὴ
2485 4143 2742 4196 τίκτεται.
2775 4143 2850 4196 Οὐ
2882 4143 2991 4215 γάρ
3023 4142 3172 4197 ἔστιν
3209 4146 3268 4197 ἐν
3298 4144 3504 4217 γαλήνῃ
3544 4147 3645 4217 τὴν

2074 4234 2327 4302 τοιαύτην
2352 4227 2494 4284 εἶναι
2514 4232 2711 4301 ψυχήν·
2750 4232 2872 4301 ῥίζα
2898 4232 3007 4302 γὰρ
3029 4231 3202 4302 θυμοῦ
3237 4233 3332 4286 καὶ
3356 4233 3525 4306 ὀργῆς
3553 4253 3644 4286 πι-

2075 4323 2224 4395 κρία.
2271 4324 2329 4376 'U
2351 4323 2588 4385 τοιοῦτος
2623 4326 2716 4374 καὶ
2766 4322 3080 4392 βαρύθυμός
3132 4325 3317 4389 ἐστιν,
3368 4327 3464 4379 καὶ
3501 4326 3648 4378 οὐδέ-

2076 4431 2206 4468 ποτε
2236 4414 2416 4483 ἀνίησι
2445 4412 2542 4484 τὴν
2576 4414 2772 4484 ψυχὴν,
2803 4416 2888 4467 άεί
2918 4415 3140 4478 σύννους
3165 4417 3262 4480 ὢν,
3287 4417 3375 4470 ἀεὶ
3393 4422 3641 4490 σκυθρω-

2075 4507 2196 4570 πός.
2221 4507 2398 4578 Ὅπερ
2421 4506 2530 4578 γὰρ
2569 4507 2726 4578 ἔφην,
2754 4507 2909 4561 αὐτοὶ
2948 4509 3154 4580 πρῶτοι
3205 4513 3544 4582 καρποῦνται
3575 4518 3642 4571 τὰ

2076 4597 2284 4651 έαυτῶν
2317 4597 2485 4651 κακά.
2518 4597 2627 4651 Καί
2683 4597 2935 4666 κραυγὴ,
2986 4600 3140 4669 φησί.
3176 4601 3241 4652 Τί
3276 4601 3512 4674 δὴποτε;
3551 4608 3647 4658 καὶ

2076 4689 2325 4772 κραμγὴν
2354 4689 2594 4758 ἀναιρεῖς
2620 4705 2635 4754 ;
2665 4689 2768 4742 Τὸν
2796 4689 2904 4761 γὰρ
2931 4690 3092 4761 ἤπιον
3106 4692 3344 4746 τοιοῦτον
3356 4691 3494 4750 εἷναι
3511 4699 3642 4768 χρή.

2077 4782 2270 4844 Ἵππος
2308 4780 2414 4850 γάρ
2444 4782 2614 4833 .ὲστιν
2639 4779 2915 4851 ἀναϐάτην
2949 4782 3150 4854 φέρων,
3181 4786 3230 4854 ’ἡ
3281 4787 3498 4859 κραυγὴ
3545 4792 3646 4859 τὴν

2075 4873 2264 4942 ὀργήν
2301 4872 2632 4942 συμπόδισον
2661 4875 2751 4924 τὸν
2781 4873 2966 4934 ἵππον,
3007 4874 3104 4928 καὶ
3142 4876 3518 4949 κατέστρεψας
3547 4882 3654 4933 τὸν

2075 4963 2358 5033 ἐπιϐάτην.
2411 4963 2780 5016 ’Λκουέτωσαν
2833 4965 3006 5018 ταῦτα
3059 4966 3294 5036 μάλιστα
3347 4973 3639 5036 γυναῖκες,

2077 5057 2133 5108 αί
2163 5057 2220 5108 ὲν
2253 5054 2418 5108 παντὶ
2448 5055 2733 5124 πράγματι
2762 5056 3062 5126 κράζουσαι
3096 5061 3189 5112 καὶ
3207 5059 3429 5129 βοῶσαι.
3452 5062 3539 5114 Ἐν
3560 5064 3643 5120 ἐνὶ

2074 5150 2342 5218 χρήσιμον
2379 5146 2440 5198 τὸ
2467 5146 2691 5215 κράζειν
2725 5149 2904 5215 μόνον,
2933 5149 2991 5200 ὲν
3015 5149 3096 5219 τῷ
3128 5151 3416 5221 κηρύττειν
3446 5157 3538 5206 καὶ
3564 5155 3642 5206 δι-

2071 5239 2316 5301 δάσκειν,
2349 5237 2583 5306 ἀλλαχοῦ
2607 5238 2664 5290 δὲ
2691 5237 2950 5308 οὐδαμοῦ,
2979 5239 3094 5292 ἀλλ’
3122 5241 3245 5295 οὔτε
3265 5244 3323 5295 ὲν
3353 5245 3507 5314 εὐχῇ.
3535 5247 3643 5300 Καὶ

2071 5335 2120 5385 εί
2146 5331 2324 5400 βούλει
2392 5329 2584 5400 μαθεῖν
2639 5329 2727 5381 διὰ
2789 5331 2898 5383 τῶν
2947 5335 3310 5402 πραγμάτων,
3372 5337 3640 5407 μηδέποτε

2073 5424 2301 5494 κράζῃς,
2325 5423 2418 5475 καὶ
2435 5421 2690 5474 οὐδέποτε
2729 5421 3050 5494 ὸργισθὴση·
3085 5425 3193 5478 ίδοὺ
3217 5426 3418 5496 τρόπος
3439 5429 3641 5501 ἀοργη-

2073 5517 2212 5579 σίας.
2239 5516 2449 5584 Ὥσπερ
2483 5515 2587 5583 γὰρ
2626 5513 2725 5565 οὐκ
2757 5514 2834 5566 ἔνι
2867 5516 2958 5567 τὸν
2988 5516 3063 5586 μὴ
3089 5517 3358 5587 κράζοντα
3380 5519 3640 5592 ὀργισθῆ-

2071 5624 2177 5672 ναι,
2217 5605 2390 5668 οὕτως
2432 5606 2532 5658 οὐκ
2576 5605 2655 5657 ένι
2703 5600 2792 5657 τὸν
2832 5607 3103 5677 κράζοντα
3159 5609 3235 5680 μὴ
3293 5612 3648 5683 ὀργισθῆναι.

2072 5699 2161 5769 Μὴ
2182 5699 2288 5767 γάρ
2308 5715 2396 5767 μοι
2426 5698 2517 5751 τὸν
2536 5698 2843 5769 βαρύμηνιν
2871 5700 3033 5770 εἴπῃς
3063 5702 3156 5755 καὶ
3186 5705 3524 5775 μνησίκακον
3545 5712 3639 5763 καὶ

2073 5787 2434 5859 αὑτοπικρίαν
2460 5787 2553 5841 καὶ
2585 5788 2898 5858 αὐτοχολήνο
2932 5791 3091 5860 ἡμεῖς
3121 5796 3249 5865 περὶ
3286 5797 3384 5868 τῆς
3413 5797 3505 5852 τοῦ
3530 5801 3636 5854 πάρ

2077 5881 2201 5946 θους
2225 5879 2578 5950 συναρπαγῆς
2606 5880 2964 5952 διαλεγόμεθα
3003 5882 3118 5940 νῦν.
