4100 6412
364 470 473 531 108

366 590 709 653 acceptusque
737 580 946 650 injuria:
969 590 1287 637 memorent,
1316 583 1371 628 et
1390 573 1481 641 qui
1508 575 1591 625 est
1617 569 1730 637 ipsa
1755 579 1849 636 per
1877 575 1936 616 se

365 673 717 731 amarulentia
735 682 790 728 et
816 672 937 726 bilis
969 687 985 725 :
1014 683 1112 725 nos
1137 668 1223 723 hic
1252 666 1516 737 loquimur
1542 660 1611 716 de
1636 658 1795 728 hujus
1818 653 1937 709 vitii

368 782 518 839 prum
526 776 612 837 pta
654 764 1021 833 subreptione.

438 859 489 914 5.
517 857 595 913 Ad
624 856 920 926 bocitaqne
949 869 1056 909 non
1088 867 1272 922 parum
1299 848 1514 905 confert
1533 842 1798 901 erudiisse
1818 839 1941 895 anio

366 968 530 1018 mam,
560 959 619 1005 ut
648 964 936 1019 numquam
965 948 1159 1002 clamet
1174 952 1231 1001 et
1256 942 1595 999 vociferetur.
1626 937 1721 991 Ira:
1740 945 1943 1005 pennas

368 1054 633 1114 amputas,
662 1042 707 1097 si
728 1040 940 1096 auferas
959 1040 1251 1095 clamorem
1274 1052 1289 1101 ;
1316 1034 1494 1090 cordis
1510 1044 1776 1087 tumorem
1793 1041 1943 1081 com-

370 1136 578 1206 primis.
630 1134 782 1191 Sicut
818 1134 963 1189 enim
986 1132 1103 1186 ﬂeri
1134 1145 1243 1185 non
1274 1135 1448 1199 potest
1466 1134 1525 1179 ιιι
1550 1125 1801 1184 luctetur,
1846 1117 1941 1186 qui

369 1242 561 1293 manus
610 1242 717 1280 non
768 1234 961 1281 contra
1007 1222 1311 1295 quempiam
1367 1216 1678 1273 sustulerit:
1725 1214 1796 1267 ita
1827 1210 1941 1265 lteri

369 1334 475 1373 non
505 1327 676 1387 potest
707 1326 767 1370 ut
793 1317 881 1386 qui
911 1331 1016 1370 non
1047 1315 1244 1370 clamat
1269 1312 1561 1367 irretiatur.
1586 1307 1717 1376 Liga
1752 1316 1943 1359 manus

370 1410 584 1480 pugilis,
613 1420 669 1463 et
688 1408 818 1480 jube
835 1423 1075 1480 pugnare
1096 1422 1113 1472 ;
1138 1404 1234 1461 sed
1261 1419 1365 1459 non
1394 1401 1589 1473 poterit
1619 1418 1633 1454 :
1662 1398 1741 1452 sic
1770 1408 1943 1463 neque

370 1504 466 1557 ira.
495 1503 711 1557 Clamor
736 1511 913 1555 autem
936 1501 1094 1554 etiam
1116 1513 1233 1553 eam
1253 1512 1371 1566 quae
1394 1509 1499 1549 non
1529 1500 1612 1547 est
1630 1489 1821 1545 excitat
1846 1503 1861 1539 :
1890 1492 1945 1539 et

371 1594 599 1648 maxime
652 1590 779 1647 hinc
824 1592 931 1646 cito
980 1590 1187 1658 capitur
1234 1602 1404 1657 genus
1455 1584 1735 1639 mulierum
1763 1621 1777 1645 ,
1821 1592 1942 1648 qua:

372 1682 583 1753 quando
634 1683 935 1737 irascuntur
964 1679 1209 1744 ancillis,
1259 1686 1422 1731 totam
1453 1674 1667 1727 domum
1720 1670 1944 1738 implent

374 1790 470 1828 suo
500 1774 754 1828 clamore.
799 1771 955 1840 Smpe
995 1778 1172 1824 autem
1199 1766 1245 1821 si
1271 1768 1463 1821 domus
1502 1763 1761 1818 aedificata
1792 1760 1862 1813 sit
1887 1758 1941 1811 in

374 1864 650 1934 angiportu
670 1905 687 1932 ,
736 1878 924 1919 omnes
950 1862 1039 1933 qui
1069 1868 1384 1924 transeunt,
1434 1855 1658 1909 audiunt
1684 1867 1803 1907 eam
1829 1851 1943 1904 cla-

376 1968 629 2023 mantem,
662 1964 717 2011 et
737 1954 982 2010 ancillam
1005 1952 1313 2023 ejulantem.
1348 1948 1613 2017 Quidnam
1644 1945 1803 2000 fuerit
1832 1953 1943 1997 tur-

377 2052 511 2121 pius,
543 2060 599 2105 et
623 2048 793 2119 magis
837 2046 1147 2102 indecorum
1177 2058 1335 2115 quam
1361 2041 1546 2095 audire
1572 2037 1728 2093 ﬂetus
1753 2046 1806 2091 et
1830 2036 1947 2105 eju-

377 2145 551 2199 latus?
580 2142 779 2198 Omnes
822 2142 1000 2197 statim
1030 2139 1414 2211 prOSpicientes
1440 2133 1567 2205 quid
1603 2133 1712 2187 illic
1748 2131 1947 2185 factum

378 2236 439 2288 sit
467 2237 800 2304 interrogant
828 2251 840 2286 ε
866 2232 979 2297 Illa,
1010 2232 1277 2301 inquiunt,
1309 2228 1556 2281 ancillam
1582 2239 1731 2279 suam
1759 2223 1945 2277 verbe—

382 2330 485 2383 rat.
544 2321 811 2389 Quidnam
868 2324 971 2378 hoc
1005 2322 1165 2377 fuerit
1193 2319 1589 2390 impudentius?
1618 2316 1754 2385 Quid
1772 2314 1946 2384 ergo?

380 2432 479 2470 tum
508 2425 718 2485 oportet
742 2414 1027 2469 verberare
1052 2413 1075 2467 ’ἔ
1105 2411 1217 2466 Non
1246 2411 1346 2465 hoc
1371 2409 1517 2477 dico,
1542 2415 1753 2478 oportet
1775 2406 1942 2470 enim;

382 2510 469 2565 sed
498 2526 597 2567 nec
623 2510 857 2574 assidue,
907 2524 1007 2565 nec
1050 2522 1210 2578 supra
1240 2505 1479 2571 modum,
1502 2519 1604 2560 nec
1628 2517 1725 2573 pro
1750 2500 1849 2557 sibi
1878 2499 1948 2554 fa-

382 2603 479 2659 ctis
508 2602 750 2672 injuriis;
792 2600 931 2670 quod
955 2614 1167 2669 semper
1199 2598 1343 2662 dico,
1370 2611 1479 2651 non
1499 2595 1546 2649 si
1572 2594 1625 2649 in
1650 2592 1947 2648 ministerio

380 2692 539 2747 fuerit
582 2690 782 2763 aliquid
822 2692 1114 2756 delictum,
1162 2688 1259 2744 sed
1297 2688 1342 2742 si
1392 2686 1622 2740 animam
1655 2685 1769 2754 ipsa
1795 2696 1946 2737 suam

380 2786 582 2842 Ludat:
629 2788 677 2841 si
707 2801 804 2857 pro
828 2786 933 2841 hac
971 2800 1134 2839 causa
1170 2798 1291 2839 eam
1322 2782 1609 2847 verberes,
1657 2778 1949 2833 laudabunt

377 2892 586 2945 omnes,
629 2887 683 2933 et
706 2892 865 2932 nemo
896 2875 1287 2946 reprehendet;
1314 2873 1407 2928 sed
1436 2873 1483 2928 si
1510 2886 1607 2942 pro
1638 2870 1798 2926 rebus
1823 2869 1945 2930 tuis,

377 2970 705 3027 damnabunt
732 2986 918 3025 omnes
942 2970 1198 3025 smvitiam
1226 2976 1282 3024 et
1306 2965 1694 3022 crudelitatem.
1716 2964 1781 3018 Et
1808 2960 1953 3033 quod

330 3094 335 3097 -
378 3072 460 3117 est
477 3063 711 3118 omnium
742 3059 1407 3131 turpissimum,suntadeo
1432 3058 1559 3112 fera:
1586 3066 1641 3111 et
1669 3065 1868 3119 truces,
1893 3062 1951 3108 ut

378 3156 449 3211 ita
479 3156 656 3226 ﬂagris
670 3155 895 3219 caedant,
916 3164 1053 3209 utne
1077 3154 1194 3223 ipso
1212 3151 1426 3223 quidem
1441 3150 1528 3205 die
1544 3150 1950 3218 exstinguuntur

380 3248 597 3303 vibices.
612 3246 832 3302 Nudatis
855 3246 997 3302 enim
1029 3245 1219 3315 puellis
1234 3253 1287 3299 et
1312 3243 1505 3299 marito
1525 3242 1590 3297 ad
1618 3241 1720 3295 hoc
1741 3248 1948 3305 vocato,

379 3340 446 3395 ad
466 3340 680 3395 lecticas
692 3354 833 3409 saepe
849 3338 1084 3408 alligant.
1105 3336 1200 3391 Hei
1224 3336 1373 3403 mihi,
1393 3351 1499 3391 non
1517 3335 1613 3389 tibi
1628 3348 1694 3389 eo
1710 3343 1952 3402 tempore

380 3434 523 3487 venit
550 3430 604 3487 in
633 3442 863 3488 mentem
895 3430 1153 3485 memoria
1180 3429 1476 3500 gehennae?
1500 3428 1594 3482 sed
1622 3426 1789 3482 nudas
1813 3425 1954 3495 puel-

383 3524 567 3591 lulam,
622 3534 676 3579 et
703 3522 941 3578 ostendis
969 3522 1183 3587 marito,
1217 3530 1271 3577 et
1296 3536 1402 3575 non
1429 3521 1633 3576 vereris
1659 3534 1727 3574 ne
1753 3528 1805 3573 te
1823 3532 1953 3573 con-

381 3616 638 3673 demnet?
686 3625 741 3673 et
760 3632 881 3672 eum
913 3615 1081 3686 magis
1107 3614 1321 3681 irritas,
1378 3621 1435 3669 et
1479 3613 1699 3667 minaris
1738 3621 1789 3667 te
1834 3626 1952 3664 eam

383 3713 702 3777 vincturam,
731 3725 853 3765 cum
882 3709 1131 3764 miseram
1157 3718 1212 3762 et
1240 3707 1508 3762 infelicem
1542 3706 1687 3775 prius
1711 3705 1952 3758 innante-

383 3804 640 3860 rabilibus
688 3802 987 3858 maledictis
1044 3799 1370 3871 appetieris,
1421 3797 1787 3853 Thessalidem
1833 3798 1952 3865 (a),

384 3896 653 3965 fugitivam
682 3934 699 3961 ,
750 3894 1089 3964 prostitutam
1119 3906 1237 3946 eam
1263 3889 1558 3959 appellans.
1606 3889 1690 3943 Ira
1717 3889 1858 3944 enim
1888 3905 1956 3943 ne

385 3988 461 4041 ori
486 3986 703 4056 quidem
734 4000 833 4039 suo
858 3985 984 4039 sinit
1007 3998 1251 4053 parcere,
1283 3981 1376 4036 sed
1405 3996 1569 4035 unum
1593 3989 1800 4050 spectat
1822 3996 1957 4050 quo-

386 4080 544 4134 modo
565 4093 683 4132 eam
710 4077 1017 4140 ulciscatur,
1047 4074 1255 4131 etiamsi
1278 4074 1505 4144 seipsam
1524 4074 1717 4143 probro
1737 4072 1959 4130 afficiat.

386 4172 454 4227 Et
501 4181 619 4241 post
669 4170 785 4226 hanc
831 4168 1011 4224 omnia
1064 4177 1331 4237 tamquam
1388 4175 1646 4236 tyrannus
1692 4166 1953 4236 quispiam

388 4263 657 4334 praesidet,
685 4270 740 4316 et
764 4269 917 4315 vocat
939 4273 1152 4329 pueros,
1179 4266 1234 4313 et
1260 4274 1381 4312 cum
1430 4257 1679 4312 stolidum
1706 4258 1954 4313 maritum

390 4355 495 4409 illic
522 4352 737 4418 stiterit,
772 4366 839 4407 eo
865 4360 1131 4420 tamquam
1161 4351 1347 4404 lictore
1374 4350 1559 4403 utitur.
1609 4348 1806 4404 Hrecne
1842 4348 1957 4403 ﬂeri

391 4457 661 4517 oporteret
685 4448 737 4501 in
761 4446 965 4501 aedibus
993 4445 1456 4501 Christianorum?
1509 4447 1577 4498 At
1601 4454 1684 4499 est
1703 4483 1718 4508 ,
1747 4442 1916 4513 inquit
1940 4482 1955 4509 ,

394 4555 616 4611 pravum
660 4553 828 4609 genus
854 4536 1135 4606 audaxque
1160 4546 1215 4590 et
1239 4534 1519 4605 impudens
1543 4575 1560 4601 ,
1609 4544 1663 4589 et
1686 4534 1826 4604 quod
1853 4550 1959 4589 non

393 4639 568 4702 potest
590 4629 804 4700 corrigi.
856 4629 969 4699 Ego
996 4642 1205 4697 quoque
1234 4626 1283 4680 id
1308 4626 1459 4692 scio;
1508 4625 1601 4681 sed
1646 4626 1772 4680 licet
1806 4626 1961 4680 aliter

393 4739 715 4794 componere
752 4739 814 4779 ac
854 4722 1155 4793 corrigere,
1187 4730 1329 4776 metu
1350 4760 1365 4785 ,
1398 4720 1589 4785 minis,
1612 4719 1808 4785 verbis,
1843 4735 1961 4788 quas

395 4820 539 4874 illam
580 4818 747 4887 magis
768 4824 993 4886 possunt
1013 4814 1277 4879 mordere,
1322 4820 1379 4869 et
1408 4822 1459 4868 te
1478 4812 1708 4867 liberare
1735 4827 1765 4865 a
1795 4811 1964 4867 dede-

396 4927 540 4967 core.
574 4910 813 4981 Loquuta
839 4923 899 4962 es
921 4907 1077 4962 verba
1109 4906 1302 4975 turpia,
1345 4919 1467 4960 cum
1497 4904 1573 4959 sis
1602 4904 1825 4973 ingenua
1848 4943 1863 4968 ,
1907 4911 1965 4958 et

399 5020 504 5059 non
528 5004 695 5073 magis
720 5001 860 5056 illam
890 5014 1048 5070 quam
1079 4998 1302 5066 teipsam
1328 4996 1661 5052 dedecoras?
1686 4994 1888 5050 Deinde
1913 4995 1961 5049 si

399 5103 643 5165 oporteat
686 5093 873 5148 venire
909 5090 977 5145 ad
1018 5091 1301 5153 balneum.
1346 5097 1471 5145 sunt
1517 5087 1717 5143 vibices
1761 5088 1811 5141 in
1848 5087 1964 5157 ejus

402 5189 555 5240 nuda:
583 5199 751 5257 tergo,
774 5196 827 5241 et
843 5184 1175 5239 crudelitatis
1196 5180 1502 5237 circumfert
1525 5181 1736 5236 indicia.
1769 5182 1836 5235 At
1859 5190 1961 5245 est,

403 5279 608 5349 inquit,
636 5292 915 5333 servorum
945 5288 1119 5345 genus
1146 5273 1561 5338 intolerandum,
1589 5273 1633 5327 si
1662 5272 1757 5326 ﬂat
1774 5273 1853 5327 eis
1883 5288 1968 5327 re-

404 5371 611 5426 missio.
656 5368 769 5437 Ego
793 5382 1006 5437 quoque
1040 5364 1090 5420 id
1115 5364 1262 5427 scio;
1294 5363 1391 5419 sed
1418 5363 1594 5430 aliter,
1619 5374 1675 5418 ut
1699 5362 1847 5429 dixi,
1874 5378 1967 5419 eos

403 5470 674 5528 converte,
703 5475 808 5515 non
838 5460 1012 5515 solum
1039 5457 1218 5528 ﬂagris
1246 5467 1300 5511 et
1321 5466 1484 5519 metu,
1505 5455 1600 5511 sed
1630 5456 1791 5511 etiam
1815 5456 1965 5509 blan-

404 5554 549 5609 ditiis
569 5561 625 5608 et
644 5552 940 5608 beneﬂciis.
967 5550 1084 5605 Tua
1102 5558 1187 5605 est
1207 5564 1377 5609 soror.
1397 5548 1441 5602 si
1469 5547 1539 5603 sit
1565 5548 1757 5603 fidelis.
1785 5549 1965 5618 Cogita

467 5648 539 5710 (a)
560 5644 865 5710 Thessalides
901 5642 1187 5710 veneﬁcae_,_
1213 5640 1627 5710 praestigiatrices
1648 5648 1701 5710 et
1741 5639 1969 5710 malefica:

397 5701 496 5771 jnn
521 5701 648 5757 'olim
674 5708 995 5771 habebantur,
1012 5701 1303 5771 _ut_vi_d_ere
1326 5711 1408 5771 est
1442 5701 1565 5771 apud
1603 5701 1968 5771 Aristophanem

406 5762 611 5831 eiusque
650 5767 941 5831 scholiasteu
956 5806 970 5825 ,
987 5762 993 5763 ί
1010 5767 1062 5816 in
1082 5764 1228 5815 Suida
1256 5769 1313 5831 _et
1335 5762 1453 5831 aliis.
1480 5762 1581 5811 lies
1615 5770 1691 5831 est
1716 5764 1825 5831 trita
1846 5764 1969 5824 apud

406 5824 698 5893 sirﬁrip'tores,
736 5838 788 5881 et
818 5829 945 5893 apud
962 5824 1137 5893 poetas
1173 5827 1359 5875 Latinos
1379 5824 1623 5885 Plautum,
1647 5824 1972 5876 lioratiumct

405 5891 543 5943 alii».

1243 457 1305 513 IN
1346 452 1561 511 EI’iS’l‘.
1605 450 1694 506 AD
1732 445 1974 504 EPHES.
2014 442 2167 499 CAP.
2210 440 2299 497 IV.
2339 437 2569 497 HOMIL.
2610 438 2727 495 XV.

3527 438 3629 496 HO

2048 580 2191 653 quod
2221 591 2277 634 tu
2303 578 2378 634 sis
2393 578 2631 643 domina,
2654 589 2705 632 et
2735 577 2822 631 illa
2848 576 2939 631 tibi
2963 576 3249 631 ministret.
3282 576 3337 632 Si
3360 576 3437 633 sit-
3456 578 3636 633 ebrio-

2049 687 2128 733 sa.
2155 671 2306 726 aufer
2324 670 2635 725 occasiones
2664 668 2978 733 ebrietatis;
3008 683 3139 722 voca
3160 669 3431 733 maritum,
3462 678 3514 723 et
3535 670 3633 723 ad—

2049 776 2229 819 mone.
2259 764 2448 817 Annon
2476 763 2627 817 vides
2660 777 2819 833 quam
2850 762 2921 815 sit
2950 771 3105 832 turpe
3134 760 3403 817 verberari
3432 763 3629 818 mulie-

2050 856 2203 910 rem?
2232 854 2330 922 Qui
2359 854 2617 909 adversus
2644 855 2789 908 viros
2830 852 2951 906 latis
2979 852 3186 923 legibus
3208 853 3621 909 innumerabilia

2048 951 2353 998 statuerunt
2374 985 2386 1006 .
2418 945 2689 1008 ustiones,
2722 942 3046 1013 quaestiones
3069 952 3123 996 et
3151 952 3416 998 tormenta
3442 986 3457 1009 ,
3500 961 3625 999 raro

2052 1036 2329 1092 mulierem
2377 1035 2744 1107 suspendunt,
2777 1034 2871 1090 sed
2912 1034 2977 1090 ad
3026 1034 3423 1106 impingendam
3464 1052 3634 1106 usque

2050 1127 2257 1195 alapam
2281 1126 2413 1180 iram
2442 1126 2657 1181 sistunt.
2709 1126 2875 1180 Tanta
2906 1136 3087 1182 autem
3110 1127 3193 1181 usi
3223 1137 3350 1182 sunt
3374 1126 3636 1183 adversus

2052 1227 2295 1272 naturam
2324 1217 2643 1272 verecundia
2664 1258 2679 1282 ,
2739 1225 2796 1271 ιιι
2838 1230 2907 1271 ne
2933 1230 3056 1271 cum
3083 1217 3376 1272 necessitas
3405 1216 3620 1288 quidem

2052 1308 2287 1377 postulat
2329 1323 2446 1363 eam
2496 1305 2860 1377 suspendant,
2893 1307 3124 1361 maxime
3166 1308 3211 1361 si
3240 1322 3522 1378 praegnans
3543 1318 3635 1364 Sit.

2054 1399 2152 1455 Est
2176 1399 2321 1455 enim
2349 1401 2465 1455 viro
2496 1399 2733 1456 dedecus
2760 1399 3051 1455 verberare
3082 1401 3365 1455 mulierem
3397 1423 3410 1457 :
3461 1402 3507 1456 si
3536 1417 3636 1456 au-

2054 1502 2161 1547 tem
2205 1492 2322 1546 viro
2342 1535 2357 1561 ,
2390 1492 2559 1547 multo
2614 1492 2781 1563 magis
2826 1493 2873 1547 ei
2922 1509 3041 1562 qua:
3069 1503 3151 1547 est
3180 1494 3421 1564 ejusdem
3452 1512 3634 1551 sexus.

2054 1584 2191 1641 llinc
2221 1586 2353 1641 fiunt
2396 1588 2527 1644 viris
2555 1604 2734 1644 exosx
2766 1588 3039 1645 mulieres.
3068 1590 3205 1658 Quid
3235 1606 3386 1661 ergo,
3415 1590 3633 1663 quando

2053 1680 2367 1734 scortatur?
2394 1679 2566 1751 Junge
2588 1680 2706 1735 eam
2738 1682 3105 1749 matrimonio,
3150 1693 3366 1753 amputa
3390 1685 3633 1739 occasio-

2056 1788 2154 1826 nes
2194 1773 2537 1828 scortationis
2562 1814 2578 1840 ,
2633 1788 2701 1828 ne
2730 1774 3020 1830 sinas'eam
3051 1775 3261 1831 deliciis
3290 1787 3346 1831 et
3386 1776 3513 1831 luxu
3539 1775 3641 1830 dif-

2054 1861 2241 1918 ﬂuere.
2270 1862 2407 1931 Quid
2437 1879 2595 1929 vero,
2642 1864 2686 1918 si
2714 1862 2957 1919 furetur?
2992 1865 3213 1921 Custodi
3243 1878 3297 1921 et
3327 1867 3570 1923 observa.
3594 1866 3639 1924 Ο

2052 1953 2412 2025 hyperbolen!
2456 1970 2557 2025 ego
2582 1970 2707 2019 ero,
2732 1955 2937 2026 inquit,
2967 1957 3191 2011 custos?
3242 1956 3286 2012 Ο
3307 1958 3595 2013 amentiam
3620 1960 3634 2012 l

2053 2061 2169 2112 cur,
2208 2061 2362 2115 rogo,
2407 2062 2513 2101 non
2540 2046 2648 2101 eris
2672 2046 2893 2102 custos?
2922 2064 3101 2102 nonne
3128 2047 3370 2116 ejusdem
3395 2050 3588 2102 animm
3606 2090 3641 2115 ι

2058 2138 2210 2205 cujus
2243 2146 2296 2191 tu
2324 2178 2338 2200 ,
2367 2146 2451 2191 est
2491 2137 2794 2208 particeps?
2823 2153 3001 2193 nonne
3027 2138 3230 2193 eisdem
3254 2154 3282 2191 a
3317 2140 3424 2195 Deo
3445 2149 3529 2195 est
3553 2139 3634 2194 di-

2055 2240 2211 2300 gnata
2239 2230 2261 2283 ?
2292 2246 2469 2285 nonne
2494 2231 2684 2285 eadem
2717 2246 2900 2285 mensa
2945 2231 3179 2285 fruitur?
3233 2248 3411 2287 nonne
3463 2243 3636 2288 locum

2055 2321 2215 2375 habet
2253 2336 2591 2376 communem
2619 2322 2835 2392 generis
2865 2322 3236 2376 nobilitatem?
3281 2324 3417 2392 Quid
3446 2326 3489 2379 si
3512 2334 3595 2380 est
3620 2369 3635 2391 ,

2054 2413 2243 2483 inquit,
2278 2412 2559 2479 maledica,
2593 2424 2646 2468 et
2673 2414 3049 2477 conviciatrix,
3078 2414 3271 2484 loquax
3299 2426 3350 2469 et
3378 2415 3638 2472 ebriosa?

2056 2504 2197 2573 Quot
2229 2514 2406 2559 autem
2436 2504 2692 2559 mulieres
2724 2505 2904 2559 liberte
2950 2516 3077 2560 sunt
3117 2506 3426 2575 ejusmodi?
3455 2510 3637 2563 omnia

2058 2608 2240 2650 autem
2298 2596 2583 2651 mulierum
2632 2597 2759 2651 vitia
2813 2605 2867 2653 et
2912 2596 3105 2653 delicta
3144 2598 3283 2655 ferre
3312 2600 3454 2655 viros
3476 2601 3639 2671 jussit

2056 2686 2221 2743 Deus.
2271 2686 2593 2753 Dummodo,
2641 2686 2832 2755 inquit,
2866 2703 2971 2741 non
3018 2688 3089 2741 sit
3114 2700 3389 2755 scortum,
3440 2700 3635 2746 cmtera

2058 2778 2235 2831 omnia
2249 2775 2327 2831 fer
2345 2776 2537 2832 delicta
2562 2786 2617 2831 et
2638 2777 2788 2831 vitia.
2820 2776 3043 2832 Etiamsi
3070 2778 3137 2833 sit
3163 2780 3394 2848 ebriosa,
3415 2781 3634 2837 Etiamsi

2056 2867 2337 2935 maledica,
2391 2868 2599 2922 etiamsi
2644 2867 2859 2938 loquax,
2904 2870 3113 2925 etiamsi
3159 2870 3373 2937 invida,
3428 2873 3637 2928 etiamsi

2063 2967 2397 3028 sumptuosa,
2415 2958 2620 3013 etiamsi
2651 2974 2973 3015 consumens
2998 2960 3295 3029 facultates,
3325 2961 3491 3017 habes
3516 2965 3637 3017 vita:

2057 3050 2297 3105 sociam:
2353 3064 2681 3120 componere
2717 3051 2875 3106 vitam
2917 3067 3137 3108 necesse
3159 3054 3250 3109 tibi
3272 3065 3390 3110 est:
3436 3056 3556 3112 ideo
3583 3070 3639 3113 tu

2058 3156 2120 3197 es
2147 3150 2329 3212 caput.
2357 3141 2632 3213 Compone
2653 3158 2801 3213 ergo,
2827 3142 2912 3199 fac
2936 3145 3076 3214 quod
3109 3154 3257 3202 tuum
3280 3157 3383 3203 est.
3412 3148 3637 3207 Etiamsi

2058 3243 2275 3289 maneat
2296 3233 2560 3305 ejusmodi
2589 3243 2647 3289 ut
2663 3250 2767 3289 non
2794 3236 2961 3304 possit
2986 3238 3183 3309 corrigi
3207 3255 3222 3304 ;
3253 3241 3465 3297 etiamsi
3495 3242 3639 3299 fure-

2061 3335 2166 3390 tur,
2188 3340 2341 3380 serva
2368 3334 2623 3396 qnzesnnt
2650 3336 2736 3380 tua
2766 3342 2778 3379 :
2809 3342 2875 3380 ne
2903 3327 3045 3381 illam
3077 3330 3212 3383 adeo
3233 3332 3438 3387 crucies
3464 3352 3476 3388 :
3508 3334 3550 3387 si
3572 3335 3643 3391 sit

2062 3418 2276 3485 loquax.
2321 3432 2383 3471 os
2407 3416 2457 3472 ei
2486 3417 2723 3470 obstrue.
2754 3417 2867 3472 Hoc
2895 3429 2979 3473 est
3008 3434 3232 3475 snnnna:
3261 3423 3637 3496 philosophiae.

2061 3508 2212 3562 Nunc
2240 3517 2419 3561 autem
2470 3507 2712 3575 qumdam
2744 3510 3043 3564 veninnteo
3073 3512 3291 3566 saevitiae
3313 3523 3367 3566 et
3385 3514 3638 3570 absurdi-

2064 3601 2188 3655 tatis
2209 3641 2225 3665 ,
2255 3608 2313 3654 ut
2342 3610 2502 3671 caput
2527 3600 2812 3671 detegant,
2842 3612 2896 3655 et
2921 3602 3141 3657 ancillas
3170 3605 3382 3660 trahant
3406 3609 3639 3677 capillis.

2134 3698 2187 3748 4.
2216 3693 2325 3748 Cur
2343 3708 2532 3749 omnes
2556 3693 2878 3748 erubuistis?
2906 3693 3022 3749 Non
3038 3696 3287 3752 omnibus
3311 3697 3427 3755 haec
3452 3701 3643 3757 dicun-

2065 3797 2197 3841 tur:
2246 3787 2339 3842 sed
2393 3787 2457 3841 iis
2501 3802 2621 3857 qua:
2667 3787 2732 3841 ad
2783 3797 2980 3842 tantam
3038 3789 3319 3845 trahuntur
3354 3792 3639 3849 feritatem.

2063 3879 2250 3934 Mulier
2273 3894 2340 3933 ne
2359 3880 2431 3933 sit
2450 3877 2660 3934 detecta
2685 3881 2761 3946 (l.
2790 3878 2912 3934 Cor.
2942 3880 3029 3935 11.
3052 3881 3086 3935 6
3116 3882 3157 3951 ),
3191 3882 3379 3954 inquit,
3406 3886 3602 3943 Paulus
3627 3906 3643 3945 :

2065 3980 2120 4024 tu
2173 3978 2351 4023 autem
2399 3969 2619 4023 omnino
2658 3970 2835 4024 velum
2883 3970 3106 4027 aufers?
3158 3973 3317 4030 Vides
3373 3979 3644 4047 quomodo

2068 4062 2291 4129 teipsam
2339 4060 2663 4115 contumelia
2707 4060 2917 4116 efﬁcis?
2963 4064 3142 4133 Atque
3180 4066 3226 4120 si
3280 4067 3373 4122 tibi
3428 4070 3643 4139 quidem

2066 4154 2210 4207 nmlo
2250 4154 2424 4222 capite
2449 4162 2722 4223 appareat,
2764 4168 2881 4207 eam
2911 4170 3025 4210 rem
3052 4157 3189 4211 dicis
3214 4163 3591 4217 contumeliam
3627 4182 3643 4218 :

2068 4255 2120 4300 tu
2135 4255 2311 4300 autem
2334 4245 2499 4313 ipsam
2517 4244 2744 4311 nudans,
2765 4245 2896 4299 nihil
2909 4262 3070 4317 grave
3085 4262 3205 4303 esse
3224 4248 3395 4304 dicis?
3420 4252 3643 4320 Deinde,

2066 4338 2258 4407 inquit,
2309 4336 2432 4407 quid
2461 4336 2507 4391 si
2551 4351 2656 4391 non
2678 4338 3023 4407 corrigatur?
3071 4338 3227 4410 Virga
3259 4350 3311 4395 et
3338 4342 3507 4413 plagis
3526 4359 3647 4401 eam

2063 4429 2284 4496 castiga.
2309 4427 2448 4493 Quot
2471 4437 2648 4481 autem
2679 4426 2841 4482 habes
2870 4436 2926 4482 tu
2954 4428 3081 4483 vitia
3105 4438 3161 4484 et
3186 4430 3399 4495 delicta,
3453 4443 3509 4489 et
3536 4450 3642 4491 non

2064 4519 2401 4588 cornigeris?
2435 4522 2564 4573 [hec
2609 4533 2639 4571 a
2690 4517 2845 4572 nobis
2898 4533 3039 4574 nunc
3064 4535 3169 4575 non
3212 4521 3353 4577 dicta
3390 4535 3515 4579 sunt
3545 4542 3646 4596 pro

2070 4611 2199 4675 illis,
2222 4608 2319 4665 sed
2350 4622 2446 4678 pro
2475 4607 2629 4663 vobis
2654 4624 2774 4677 qua:
2801 4610 2933 4664 estis
2964 4609 3168 4677 liberm,
3200 4621 3257 4666 ut
3278 4614 3408 4668 nihil
3440 4614 3649 4673 faciatis

2068 4701 2375 4757 indecorum
2414 4713 2588 4768 neque
2622 4706 2809 4768 turpe,
2843 4714 2909 4753 ne
2934 4715 3032 4756 vos
3059 4701 3200 4770 ipsas
3228 4702 3454 4761 laedatis.
3488 4706 3543 4761 Si
3585 4709 3639 4763 in

2070 4795 2152 4848 his
2190 4792 2332 4846 domi
2381 4804 2509 4858 erga
2549 4790 2796 4845 ancillam
2824 4789 2991 4846 fueris
3018 4791 3249 4858 erudita,
3297 4806 3352 4849 ct
3378 4797 3423 4850 si
3454 4798 3599 4853 mitis
3624 4841 3641 4866 ,

2068 4895 2123 4940 et
2160 4901 2264 4940 non
2304 4884 2479 4953 gravis
2525 4897 2590 4937 ac
2634 4883 2860 4939 molesta
2884 4923 2902 4949 ,
2960 4884 3126 4940 multa
3174 4887 3344 4958 magis
3383 4890 3503 4945 talis
3540 4893 3649 4946 eris

2069 4993 2192 5045 erga
2254 4977 2447 5030 virum.
2496 4973 2629 5029 Nam
2688 4975 2731 5028 si
2791 4990 2912 5029 cum
2973 4976 3024 5030 in
3085 4985 3173 5032 tua
3230 4979 3301 5033 sit
3339 4988 3649 5048 potestate,

2072 5069 2203 5124 nihil
2232 5068 2335 5120 tale
2368 5068 2542 5122 facere
2578 5066 3037 5135 deprehendaris,
3094 5070 3261 5123 multo
3303 5072 3472 5141 magis
3517 5074 3651 5129 nihil

2074 5160 2179 5213 tale
2210 5158 2406 5222 facies,
2451 5155 2665 5227 quando
2690 5157 2959 5226 quidpiam
2991 5158 3309 5226 prohibebit.
3360 5162 3478 5229 Quo
3508 5164 3566 5218 fit
3593 5176 3652 5220 ut

2073 5268 2193 5320 qua:
2222 5252 2273 5303 in
2299 5248 2493 5303 ancilla
2540 5261 2820 5304 exercetur
2870 5249 3203 5321 philosophia
3229 5295 3243 5316 ,
3301 5254 3522 5310 multum
3556 5270 3652 5315 vos

2068 5340 2222 5411 juvet
2265 5339 2331 5394 ad
2380 5340 2767 5394 conciliandam
2824 5342 3134 5397 maritorum
3197 5344 3646 5402 benevolentiam.

2081 5430 2219 5484 Nam
2235 5447 2332 5497 qua
2350 5447 2583 5484 mensura
2608 5432 2765 5485 mensi
2787 5432 3004 5502 fueritis,
3034 5433 3208 5487 eadem
3228 5437 3533 5505 rependatur
3554 5454 3643 5495 νο-

2076 5514 2150 5569 bis
2200 5512 2412 5586 (Mauh.
2436 5515 2488 5568 7.
2516 5514 2600 5585 ‘2).
2632 5514 2850 5585 lmpone
2880 5518 2960 5572 ori
2984 5517 3224 5584 frenum;
3252 5529 3308 5575 et
3332 5523 3377 5577 si
3404 5531 3457 5578 te
3482 5539 3641 5580 exer-

2076 5608 2255 5663 cueris
2283 5618 2339 5661 ut
2359 5606 2484 5661 forti
2510 5617 2564 5661 et
2589 5622 2853 5678 generoso
2878 5610 3057 5665 animo
3083 5610 3224 5667 feras
3250 5615 3497 5670 ancillam
3527 5634 3645 5672 mo~

2081 5700 2267 5752 lestam
2283 5712 2345 5752 ac
2359 5697 2652 5763 diflicilem,
2683 5714 2781 5753 nec
2802 5714 2918 5753 eam
2940 5716 3057 5769 qua:
3078 5710 3160 5755 est
3188 5702 3279 5757 tibi
3308 5719 3403 5773 par
3420 5706 3644 5767 honore.

2082 5805 2149 5843 ne
2176 5790 2217 5843 si
2250 5789 2320 5843 sit
2346 5788 2561 5859 quidem
2588 5790 2989 5856 cantumeliosa,
3019 5807 3159 5862 aegre
3181 5793 3352 5861 feres;
3387 5812 3495 5853 non
3511 5814 3666 5869 aegre-

2080 5879 2255 5935 lercus
2293 5889 2469 5935 autem
2490 5919 2507 5949 ,
2562 5887 2616 5936 te
2644 5890 2790 5937 recte
2820 5881 2873 5937 in
2918 5897 3126 5939 summa
3154 5889 3385 5955 gesseris
3413 5890 3665 5960 philoso-
