4100 6412
444 401 538 456 ιιι

450 516 594 583 phis.
649 514 788 570 Sunt
813 515 983 569 etiam
1001 513 1245 584 quadam
1293 530 1413 583 qua:
1452 512 2017 581 adduntjuramenta:

444 606 570 660 nihil
599 616 682 661 est
709 617 884 660 autem
916 608 1121 675 turpius
1164 622 1321 674 qttam
1357 620 1421 659 ea
1467 619 1586 673 qua:
1627 604 1704 657 sic
1754 602 2018 656 irascitur.

444 696 579 763 Quid
614 712 743 751 vero
764 737 779 762 ,
824 697 1027 765 inquit,
1056 696 1101 748 si
1126 694 1246 749 fuco
1277 697 1499 748 utatur?
1528 694 1639 748 Hoc
1669 693 1892 763 prohibe
1912 732 1938 757 ,.
1970 700 2024 745 et

445 804 544 856 ego
570 789 662 842 tibi
695 790 991 842 assentiar:
1017 788 1241 857 prohibe
1263 797 1442 841 autem
1464 801 1494 839 a
1523 795 1574 841 te
1606 786 1885 854 incipiens,
1917 800 2021 837 non

448 888 651 933 tantum
699 890 884 943 metu,
937 889 1193 947 quantum
1236 877 1522 947 exemplo:
1565 876 1639 930 sis
1678 876 1731 929 in
1772 874 2024 929 omnibus

447 973 723 1042 exemplar
745 972 1115 1043 archetypum.
1147 971 1212 1024 Et
1239 970 1571 1041 blasphemia,
1601 969 1791 1038 inquit,
1818 967 2025 1020 tollatur

446 1080 478 1115 α
507 1066 661 1117 vobis.
688 1062 823 1116 Vide
848 1063 1117 1133 quomodo
1142 1061 1631 1133 procedatmalum.
1663 1058 2024 1113 Amarulentia

446 1155 655 1223 peperit
686 1155 822 1208 iram
850 1196 865 1220 ,
912 1154 989 1208 ira
1023 1155 1437 1223 indignationem
1457 1194 1473 1219 ,
1502 1152 1793 1222 indignatio
1822 1150 2026 1204 clamo-

446 1258 560 1297 rem
582 1285 595 1309 ,
623 1246 825 1299 clamor
864 1243 1247 1313 blasphemiam
1270 1286 1285 1311 ,
1315 1245 1367 1298 id
1409 1254 1490 1299 est
1509 1284 1525 1309 ,
1564 1232 1880 1307 'maledicta;
1912 1240 2027 1294 bla-

447 1336 685 1405 sphemia
713 1336 927 1391 demum
957 1338 1156 1406 plagas,
1186 1337 1353 1406 plag;e
1384 1337 1620 1399 vulnera,
1645 1334 1759 1388 haec
1776 1342 2025 1388 mortem.

449 1427 519 1479 At
545 1426 675 1479 nihil
701 1426 889 1480 horttm
924 1427 1086 1480 voluit
1108 1426 1288 1481 dicere
1315 1427 1529 1487 Paulus,
1559 1425 1653 1479 sed
1681 1425 1779 1478 hoc
1802 1432 2025 1485 tantum,

449 1501 683 1572 Tellatur
708 1536 821 1572 cum
863 1521 999 1572 omni
1044 1520 1259 1572 malitia.
1289 1518 1426 1586 Quid
1453 1527 1535 1572 est
1563 1517 1712 1582 illud,
1743 1515 1865 1569 Cum
1893 1515 2030 1568 omni

453 1610 690 1665 malitia?
743 1610 934 1665 Omnis
977 1610 1116 1664 enim
1161 1611 1357 1663 malitia
1400 1611 1453 1663 in
1500 1608 1600 1663 hoc
1630 1607 1844 1663 desinit.
1894 1606 2028 1661 Sunt

456 1705 596 1757 enim
646 1704 859 1773 quidam
891 1704 1028 1757 sicut
1074 1718 1235 1756 canes
1283 1701 1587 1756 mordentes
1629 1701 1892 1764 latenter,
1939 1697 2030 1767 qui

451 1794 722 1847 accedenti
751 1793 967 1863 quidem
1002 1809 1105 1847 non
1137 1793 1384 1847 allatrant
1403 1833 1418 1858 ,
1448 1806 1620 1861 neque
1646 1806 1767 1845 eum
1795 1804 1935 1859 mgre
1955 1788 2031 1843 fe-

454 1894 617 1950 runt,
670 1885 1004 1939 blandientes
1049 1895 1225 1937 autem
1296 1894 1349 1938 et
1403 1865 1636 1938 lenitatis
1686 1881 2030 1937 ostendentes

451 1976 704 2044 speciem,
750 1990 871 2029 cum
901 1992 1005 2029 non
1030 1976 1129 2028 sibi
1160 1983 1410 2028 caventes
1435 1973 1921 2043 apprehenderint,
1953 1972 2031 2026 eis

453 2068 641 2122 dentes
665 2067 887 2138 inﬁgunt
917 2085 930 2121 :
968 2068 999 2121 ii
1028 2075 1150 2121 sunt
1173 2067 1445 2138 graviores
1468 2108 1481 2131 ,
1510 2082 1667 2135 quam
1697 2066 1786 2134 qui
1815 2075 2028 2134 apertas

454 2160 754 2228 suscipiunt
786 2158 1110 2213 inimicitias.
1144 2158 1405 2226 Quoniam
1456 2173 1585 2227 ergo
1623 2166 1749 2211 sunt
1784 2156 2032 2210 homines

454 2266 665 2320 quoque
691 2265 869 2316 canes,
901 2267 1076 2321 neque
1104 2251 1398 2305 clamantes
1424 2266 1599 2319 neque
1626 2250 1914 2305 irascentes
1936 2264 2037 2327 ne-

455 2357 560 2410 que
585 2357 725 2411 agre
753 2341 984 2396 ferentes
1009 2341 1293 2406 minantur,
1320 2341 1414 2395 sed
1439 2344 1573 2396 clam
1597 2340 1748 2397 dolos
1770 2356 2037 2397 consueu-

458 2440 560 2493 ωε,
609 2442 663 2486 et
712 2433 850 2486 mala
894 2442 1164 2487 struentes
1209 2433 1507 2495 innumera,
1555 2442 1609 2487 et
1638 2432 1796 2487 rebus
1824 2433 1950 2501 ipsis
1980 2442 2035 2487 et

463 2523 618 2578 factis
648 2524 982 2588 ulciscentes,
1008 2525 1105 2577 hos
1136 2539 1346 2593 quoque
1378 2523 1748 2578 subindicavit.
1776 2522 2028 2589 Tollatur,

459 2614 651 2684 inquit,
700 2631 731 2667 a
771 2614 906 2668 vobis
946 2632 1061 2668 cum
1106 2615 1242 2667 omni
1270 2614 1485 2667 malitia.
1530 2612 1608 2668 Ne
1629 2614 1802 2667 verbis
1823 2613 2033 2682 quidem

459 2720 671 2773 parcas,
719 2703 873 2759 factis
916 2714 1092 2759 autem
1123 2704 1417 2759 ulciscaris.
1475 2704 1586 2774 Ego
1640 2703 1758 2758 ideo
1803 2704 2034 2775 linguam

461 2796 746 2866 eastigavi,
779 2805 833 2851 et
858 2796 973 2866 ejus
999 2797 1289 2851 clamorem
1321 2796 1623 2865 amputavi,
1656 2811 1723 2849 ne
1753 2795 2038 2850 vehemen-

462 2888 655 2941 tiorem
705 2902 888 2957 rogum
943 2888 1296 2941 accenderet:
1345 2888 1588 2942 siautem
1633 2888 1792 2942 etiam
1834 2884 2036 2957 absque

1244 398 1304 455 S.
1330 397 1603 455 .IOANNIS
1637 395 2119 453 CHRYSOS'BOMI.
2144 396 2454 455 ARCIIIEP.
2493 402 3019 469 CONSTANHNOP.

3596 422 3715 478 “2:

2129 515 2365 571 clamore
2390 520 2576 574 eadem
2600 521 2752 593 facis,
2784 536 2840 581 et
2863 528 3005 584 intus
3021 531 3118 585 alis
3145 548 3327 604 rogum
3346 538 3699 603 etcarbones,

2127 609 2255 676 quid
2286 609 2379 664 tibi
2411 612 2629 681 prodest
2653 615 2965 674 silentium?
3008 636 3075 676 an
3120 625 3298 681 nescis
3342 628 3581 685 incendia
3611 634 3718 689 illa:

2127 712 2247 753 esse
2264 702 2598 773 gravissima,
2614 712 2742 776 qua:
2757 725 2877 764 cum
2901 712 3041 769 intus
3064 715 3290 783 alantur,
3312 736 3417 775 nou
3442 736 3715 793 apparent,

2129 792 2351 863 singulis
2380 797 2469 865 qui
2496 797 2625 853 foris
2652 800 3049 861 circumsistunt
3070 807 3174 863 iet
3202 811 3422 866 vulnera-
3446 792 3564 884 qua:
3594 832 3699 873 non

2129 897 2389 955 apparent
2405 890 2458 944 in
2479 893 2783 961 superﬁcie,
2804 906 2859 950 et
2878 897 3051 954 febres
3066 916 3184 971 qua:
3212 902 3418 959 interna
3446 908 3703 965 adurunt?

2132 976 2207 1032 lta
2233 978 2393 1035 etiam
2425 983 2500 1036 ira
2531 984 2616 1038 illa
2643 998 2725 1041 est
2745 991 2979 1058 gravior,
3032 1007 3150 1063 quae
3178 994 3417 1066 depascit
3445 1001 3699 1057 animam.

2134 1068 2241 1124 Sed
2288 1072 2400 1141 ipsa
2430 1090 2666 1145 quoque,
2695 1078 2885 1149 inquit,
2918 1083 3134 1139 tollatur
3160 1100 3280 1141 cum
3308 1091 3453 1144 omni
3481 1092 3700 1160 malitia,

2131 1170 2184 1215 et
2215 1176 2371 1229 parva
2399 1175 2453 1219 et
2475 1182 2687 1236 magna.
2714 1170 2770 1224 Si
2795 1187 2923 1241 ergo
2945 1189 3244 1244 pereamus,
3276 1187 3330 1234 et
3352 1195 3562 1237 omnem
3603 1185 3703 1237 tol-

2134 1254 2303 1308 lamus
2343 1261 2746 1316 amaritudinem
2775 1274 2829 1319 et
2858 1267 3137 1333 malitiam,
3163 1286 3230 1323 ne
3258 1272 3471 1328 tristitia
3496 1274 3702 1329 afﬁcia-

2134 1359 2254 1399 mus
2278 1345 2530 1431 Spiritum
2575 1362 2815 1408 sanctmn
2848 1373 2861 1409 :
2895 1359 3195 1415 auferamus
3223 1363 3477 1419 radicitus
3505 1370 3700 1421 amari—

2136 1437 2407 1504 tudinem,
2454 1457 2570 1495 eam
2601 1444 2988 1502 abseindamus.
3015 1449 3164 1504 Nihil
3194 1452 3321 1507 boni
3372 1470 3544 1525 neque
3588 1459 3719 1512 sani.

2133 1528 2262 1582 oriri
2286 1531 2562 1597 poteritex
2579 1549 2756 1590 amara
2776 1538 2953 1593 anima
2975 1558 2989 1593 :
3010 1552 3131 1595 sunt
3152 1544 3330 1598 omnia
3352 1546 3717 1615 calamitates,

2135 1620 2313 1673 omnia
2343 1621 2612 1694 lacrymte,
2642 1627 2819 1682 omnia
2850 1629 3284 1699 lamentationes,
3314 1636 3488 1691 luctus
3516 1650 3569 1693 et
3594 1639 3704 1708 eju-

2136 1709 2293 1765 latus.
2325 1712 2439 1801 Non
2470 1715 2661 1771 videtis
2700 1720 2966 1786 quomodo
3010 1737 3318 1779 aversemur
3358 1727 3559 1783 bestias
3588 1746 3706 1800 qua:

2136 1801 2406 1857 clamant?
2436 1816 2493 1859 ut
2525 1807 2750 1876 leonem,
2783 1827 2994 1865 ursum:
3026 1814 3120 1868 sed
3143 1831 3248 1870 non
3275 1834 3428 1873 ovem
3459 1838 3472 1873 :
3498 1831 3709 1877 nonest

2136 1894 2276 1948 enim
2325 1896 2432 1950 illic
2474 1898 2710 1965 clamor,
2739 1901 2831 1956 sed
2861 1918 2959 1957 vox
2982 1905 3223 1973 qua-dam
3253 1910 3416 1973 mitis.
3447 1911 3612 1966 Porro
3641 1929 3721 1968 ex-

2139 1988 2505 2046 instrumentis
2549 1994 2760 2063 quoque
2808 1997 3023 2052 musicis
3053 2014 3400 2072 quascumque
3437 2003 3707 2072 clamant,

2138 2091 2261 2137 sunt
2285 2084 2351 2138 ad
2392 2098 2582 2139 sonum
2612 2086 2980 2156 injucundiora
3000 2130 3016 2156 ,
3071 2100 3126 2144 ut
3156 2100 3404 2162 tympana
3432 2103 3487 2149 et
3516 2096 3656 2150 tubm
3689 2110 3709 2152 ξ

2138 2190 2257 2243 quae
2282 2184 2459 2230 autem
2490 2191 2593 2231 non
2624 2178 2694 2232 ita
2720 2179 2951 2234 sonitum
2979 2181 3165 2250 edunt,
3193 2184 3286 2238 sed
3319 2185 3565 2241 molliunt
3584 2228 3597 2248 ,
3646 2203 3709 2241 ea

2139 2276 2261 2322 sunt
2280 2266 2538 2337 jucunda,
2570 2278 2627 2324 ut
2651 2270 2797 2336 tibia,
2824 2271 3028 2327 cithara
3055 2283 3108 2329 et
3130 2273 3343 2330 fistulas.
3370 2276 3457 2332 Sic
3472 2288 3711 2332 nostram

2139 2370 2349 2426 quoque
2378 2373 2760 2429 componamus
2792 2364 3054 2431 animam,
3097 2376 3156 2421 ut
3183 2383 3287 2421 non
3319 2368 3529 2436 clamet,
3563 2380 3618 2425 et
3643 2371 3731 2426 ita‘

2141 2450 2434 2516 poterimus
2458 2452 2617 2506 etiam
2643 2468 2896 2524 superare
2928 2458 3087 2519 iram,
3131 2468 3183 2514 et
3220 2475 3284 2515 ea
3311 2471 3582 2531 amputata
3614 2465 3714 2535 ipsi

2140 2540 2297 2610 primi
2323 2540 2563 2596 fruemur
2581 2546 2961 2614 tranquillitate
2984 2588 2999 2610 ,
3049 2557 3104 2603 et
3128 2550 3194 2603 ad
3226 2540 3717 2625 tranquillunrpor-

2144 2638 2252 2683 tum
2280 2633 2643 2701 navigabimus
2669 2652 2681 2688 :
2712 2650 2868 2704 quem
2896 2637 3052 2693 detur
3074 2640 3226 2695 nobis
3252 2644 3500 2698 omnibus
3525 2660 3714 2700 conse—

2142 2725 2265 2792 qui,
2299 2725 2351 2779 in
2374 2724 2590 2780 Christo
2614 2726 2740 2782 Jcsu
2763 2728 2989 2785 Domino
3017 2740 3219 2799 nostro,
3260 2749 3381 2789 cum
3421 2751 3528 2805 quo
3557 2737 3717 2791 Patri-

2143 2815 2300 2869 simnl
2354 2830 2470 2871 cum
2516 2826 2701 2872 saneto
2747 2819 2956 2890 Spiritu
2984 2823 3170 2892 gloria,
3208 2828 3479 2895 potentia,
3508 2828 3712 2894 honor,

2146 2922 2287 2961 nunc
2314 2917 2365 2961 et
2392 2922 2640 2978 semper,
2661 2911 2797 2966 etin
2822 2914 3017 2967 saacula
3042 2908 3382 2971 szcculorum.
3418 2921 3605 2973 Amen.

1792 3070 2171 3157 .HOMILIA
2211 3074 2386 3135 XVI.

461 3218 591 3273 CAP.
624 3218 678 3271 ι.
702 3233 754 3269 v.
784 3217 874 3271 '51.
910 3216 1086 3271 Omnis
1122 3216 1408 3270 amaritudo
1436 3225 1483 3270 et
1510 3217 1590 3270 ira
1616 3226 1662 3271 et
1688 3217 1969 3286 indignatio
1996 3226 2044 3271 et

530 3293 726 3362 clamor
756 3318 803 3360 et
832 3308 1140 3377 blasphemia
1169 3309 1378 3361 tollatur
1402 3324 1432 3360 α
1453 3309 1590 3363 vobis
1615 3325 1728 3361 cum
1753 3309 1890 3361 onmi
1928 3326 2042 3361 ma-

533 3402 659 3455 litia.
691 3400 780 3455 52.
808 3399 982 3455 Estote
1006 3411 1175 3454 autem
1198 3402 1408 3455 invicem
1432 3402 1650 3473 benigni,
1676 3403 2042 3470 misericordes,

533 3495 777 3547 donantes
795 3495 1023 3557 invicem,
1053 3494 1179 3546 sicut
1204 3502 1250 3547 et
1278 3493 1412 3547 Dens
1441 3493 1645 3547 donavit
1669 3493 1820 3550 vobis.

536 3587 587 3638 i.
618 3585 732 3639 Non
767 3584 961 3639 sufﬁcit
990 3585 1203 3640 liberari
1230 3600 1259 3639 a
1290 3585 1451 3651 vitio,
1493 3588 1538 3641 si
1578 3596 1790 3656 oportet
1830 3589 2044 3658 assequi

464 3691 686 3745 regnum
717 3675 990 3739 cmlorum,
1020 3676 1111 3731 sed
1139 3677 1297 3731 etiam
1328 3678 1495 3732 multo
1524 3678 1776 3741 virtutum
1804 3693 1937 3749 opus
1961 3687 2046 3734 est

466 3769 745 3823 exercitio.
770 3767 902 3822 Nam
934 3777 991 3823 ut
1018 3784 1048 3823 a
1074 3770 1315 3839 gehenna
1334 3770 1547 3840 quidem
1580 3771 1890 3837 liberemur,
1918 3773 2044 3828 abs-

468 3860 640 3915 tinere
663 3868 877 3928 oportet
900 3875 927 3912 a
956 3860 1194 3927 scelere;
1223 3874 1279 3916 ut
1308 3870 1484 3917 autem
1526 3878 1746 3933 regnum
1795 3878 2047 3935 assequa-

470 3967 606 4015 mur,
637 3950 807 4005 virtus
836 3959 913 4005 est
941 3952 1330 4021 amplectenda.
1361 3955 1444 4008 An
1470 3955 1688 4010 nescitis
1707 3955 1849 4024 quod
1878 3956 1931 4010 in
1949 3970 2047 4011 ex-

468 4045 636 4113 ternis
655 4046 814 4099 etiam
831 4044 1065 4114 judiciis,
1094 4046 1305 4115 quando
1328 4046 1463 4102 facta
1485 4049 1874 4114 examinantur,
1898 4058 1953 4105 et
1977 4049 2043 4104 ad

468 4137 779 4192 concionem
811 4138 1063 4192 convenit
1093 4147 1197 4191 tota
1226 4139 1433 4203 civitas,
1467 4140 1534 4194 ita
1569 4140 1694 4194 ﬁat?
1720 4142 1775 4196 In
1806 4143 2043 4197 externis

467 4229 610 4283 enim
647 4228 863 4298 judiciis
896 4238 1049 4284 vetus
1076 4239 1189 4284 erat
1219 4245 1366 4297 mos,
1395 4240 1452 4285 ut
1477 4246 1672 4286 corona
1699 4243 2045 4289 coronaretur

469 4334 653 4381 aurea,
686 4334 793 4373 non
825 4319 916 4389 qui
947 4320 1076 4374 nihil
1106 4320 1229 4374 mali
1261 4320 1461 4376 fecerat
1496 4323 1717 4387 civitati,
1758 4324 1861 4380 hoc
1898 4326 2043 4381 enim

469 4411 642 4465 solum
671 4410 870 4466 sufﬁcit
904 4410 970 4465 ad
1008 4426 1112 4466 non
1154 4411 1358 4467 dandas
1399 4428 1617 4483 pcenas;
1648 4415 1741 4469 sed
1769 4417 1929 4471 etiam
1955 4417 2044 4486 qui

471 4503 679 4572 magnis
707 4518 824 4557 eam
852 4502 1105 4558 affecerat
1141 4503 1435 4559 beneﬁciis.
1476 4504 1564 4561 Sic
1604 4506 1885 4576 Oportebat
1925 4507 2046 4562 duci
2102 4502 2108 4506 ⁷

467 4593 533 4647 ad
565 4593 706 4647 hunc
731 4594 1007 4648 honorem.
1040 4593 1146 4649 Sed
1174 4596 1355 4651 nescio
1376 4597 1643 4665 quomodo
1663 4598 2047 4667 propemodum

474 4698 560 4736 me
597 4682 777 4752 effugit
796 4723 812 4747 ,
842 4685 985 4753 quod
1014 4685 1163 4738 vobis
1195 4686 1422 4742 maxime
1452 4703 1671 4744 necesse
1705 4698 1820 4743 erat
1845 4689 2045 4745 dicere.

472 4774 641 4843 Hujus
666 4776 806 4829 enim
833 4775 1107 4831 divisionis
1130 4778 1352 4847 primam
1377 4796 1591 4835 resumo
1618 4792 1820 4851 partem
1842 4825 1856 4848 ,
1887 4798 2047 4852 parva

473 4864 701 4935 quadam
746 4866 980 4921 adhibita
1026 4870 1377 4925 correctione.
1427 4871 1559 4927 Nam
1605 4874 1851 4943 quoniam
1900 4875 2045 4940 dixi,

474 4954 618 5026 quod
648 4970 714 5010 ne
739 4958 989 5011 cadamus
1018 4958 1068 5011 in
1096 4961 1393 5027 gehennam
1414 5004 1429 5028 ,
1463 4962 1659 5018 sufficit
1684 4965 1841 5018 nobis
1870 4982 2049 5021 reces-

475 5061 568 5101 sus
592 5062 624 5102 a
654 5048 813 5111 malo,
840 5048 1050 5103 interim
1076 5050 1201 5104 dum
1224 5051 1364 5117 dico,
1388 5055 1516 5108 mihi
1537 5066 1795 5111 venerunt
1822 5058 1871 5110 in
1903 5074 2049 5113 men-

476 5148 583 5194 tem
620 5141 860 5210 quzedam
890 5142 1047 5196 minae
1075 5144 1345 5200 terribiles
1374 5146 1692 5215 supplicium
1722 5148 2010 5205 inferentes
2030 5192 2046 5217 ,

474 5247 582 5286 non
622 5232 686 5286 iis
725 5231 815 5303 qui
854 5233 979 5287 mali
1022 5235 1290 5305 quidpiam
1328 5236 1678 5307 admiserunt,
1705 5240 1797 5295 sed
1824 5257 1917 5295 eos
1948 5257 2048 5310 pu-

471 5323 701 5388 uientes,
741 5325 831 5395 qui
872 5326 995 5381 boni
1038 5328 1233 5397 aliquid
1272 5332 1745 5399 praetermiserunt.
1789 5333 2043 5402 Quamam

475 5426 652 5468 autem
692 5431 770 5470 ea:
812 5418 973 5472 sunt?
1010 5418 1141 5473 Cum
1183 5421 1495 5487 advenerit,
1546 5412 1753 5493 inquit,
1802 5426 1914 5479 dies
1958 5427 2049 5482 ille

472 5506 761 5571 terribilis,
809 5525 916 5578 quo
962 5525 1021 5565 se
1068 5512 1259 5567 sistere
1301 5522 1540 5583 oportet,
1583 5514 1635 5569 in
1684 5516 1931 5571 tribunali
1954 5532 2047 5573 se-

478 5598 612 5652 dens
641 5600 834 5667 Judex,
863 5604 1051 5659 ovibus
1077 5606 1289 5676 quidem
1321 5610 1533 5663 statutis
1556 5623 1585 5663 a
1607 5608 1807 5665 dextris
1827 5653 1841 5676 ,
1875 5612 2048 5669 hcedis

475 5702 606 5744 vero
626 5705 656 5744 a
684 5693 935 5759 sinistris,
962 5698 1147 5752 ovibus
1175 5698 1389 5767 quidem
1415 5700 1557 5755 dicet
1586 5717 1601 5755 :
1645 5700 2048 5764 Venite,benedi-

471 5781 537 5834 eti
568 5779 739 5837 Patris
768 5786 862 5840 mei
880 5828 895 5855 ,
932 5789 1175 5857 possidete
1211 5807 1419 5862 regnum
1444 5792 1579 5848 vobis
1605 5805 1833 5864 paratum
1863 5813 1891 5849 a
1919 5813 2041 5851 con-

2147 3217 2403 3272 stitutione
2430 3220 2635 3287 mundi;
2663 3223 2842 3276 εδειήυί
2869 3225 3022 3288 enim,
3048 3235 3091 3279 et
3121 3226 3326 3281 dedistis
3346 3229 3471 3282 mihi
3492 3230 3559 3282 ad
3582 3246 3719 3284 com-

2149 3308 2395 3362 edendum
2410 3310 2624 3380 (Matth.
2644 3311 2735 3368 25.
2758 3314 2846 3368 54.
2861 3315 2974 3385 35).
2997 3316 3108 3372 Hec
3130 3318 3383 3387 praeclare
3406 3338 3420 3375 :
3442 3322 3731 3390 oportebat-

2148 3400 2289 3454 enim
2311 3415 2405 3456 eos
2432 3409 2592 3457 tanta:
2618 3402 2962 3475 benignitatis
2987 3408 3123 3465 hanc
3152 3410 3393 3481 accipere
3411 3429 3720 3469 remunera-

2149 3491 2346 3547 tionem
2379 3511 2391 3545 :
2421 3495 2559 3563 quod
2588 3506 2763 3551 autem
2792 3499 2881 3569 qui
2912 3502 3187 3571 egentlbus
3216 3518 3321 3558 non
3350 3505 3731 3575 impertierunt;

2148 3599 2217 3639 ex
2244 3586 2307 3639 iis
2335 3601 2454 3656 qua:
2478 3588 2575 3657 ipsi
2599 3588 2885 3659 habebant,
2918 3608 3024 3647 non
3053 3595 3223 3649 solum
3251 3596 3321 3650 ita
3346 3597 3631 3665 puniantur
3658 3608 3731 3654 ut.

2149 3677 2422 3745 priventur
2445 3679 2596 3733 bonis
2614 3721 2630 3747 ,
2660 3680 2755 3737 sed
2781 3684 2939 3737 etiam
2966 3684 3031 3738 ad
3064 3685 3234 3754 ignem
3264 3686 3519 3755 gehennze
3543 3698 3716 3743 trans-

2149 3758 2445 3835 mittantur,
2471 3771 2572 3825 hoc
2596 3786 2879 3840 quamnam
2908 3773 3068 3828 habet
3094 3776 3394 3831 rationem?
3424 3778 3594 3832 Habet
3618 3794 3731 3832 au-

2150 3869 2258 3916 tem
2286 3860 2389 3917 hoc
2412 3878 2624 3934 quoque
2653 3881 2758 3919 non
2786 3868 2958 3920 minus
2983 3878 3378 3938 congruentem,
3404 3885 3560 3940 quam
3589 3871 3717 3925 illud

2149 3956 2319 4025 prius,
2347 3956 2629 4012 rationem.
2671 3959 2800 4014 Nam
2844 3975 2939 4030 per
2980 3960 3081 4015 hoc
3114 3961 3407 4028 erudimur,
3446 3963 3586 4030 quod
3628 3966 3718 4034 qui

2149 4048 2285 4102 bona
2323 4048 2535 4118 quidem
2576 4050 2833 4117 fecerunt,
2876 4051 3117 4108 fruentur
3158 4053 3312 4109 bonis
3351 4070 3467 4125 quae
3505 4065 3630 4109 sunt
3664 4057 3735 4110 in.

2149 4140 2333 4193 caalis:
2365 4141 2397 4193 ii
2422 4156 2580 4206 vero,
2611 4141 2663 4194 in
2705 4156 2837 4211 quos
2872 4158 2976 4197 non
3019 4144 3161 4199 cadit
3205 4146 3551 4214 reprehensio
3575 4146 3720 4218 quod

2149 4230 2496 4301 aliquid-mali
2518 4233 2759 4301 fecerint,
2782 4234 2980 4305 aliquid
3005 4246 3180 4290 autem
3211 4236 3334 4291 boni
3363 4239 3722 4306 praetermise-

2150 4333 2293 4390 runt,
2325 4340 2446 4394 cum
2469 4326 2532 4381 iis
2555 4328 2642 4396 qui
2670 4328 2808 4382 mala
2833 4327 3092 4393 fecerunt,
3118 4328 3445 4383 abducentur
3466 4331 3517 4383 in
3542 4330 3720 4400 ignem

2150 4417 2565 4487 geltennachisi
2586 4421 2703 4490 quis
2722 4421 2861 4476 dicat
2883 4422 3025 4492 quod
3049 4421 3247 4476 bonum
3276 4422 3466 4478 fecisse
3493 4432 3575 4478 est
3598 4439 3737 4493 pars.

2150 4510 2295 4574 vitii;
2330 4508 2431 4566 hoc
2468 4510 2611 4565 enim
2650 4520 2734 4567 est
2770 4513 2886 4576 otii,
2914 4514 3079 4567 otium
3106 4524 3282 4568 autem
3308 4523 3393 4570 est
3418 4529 3541 4584 pars
3570 4516 3717 4581 vitii;

2151 4602 2239 4669 vel
2264 4602 2435 4668 potius
2466 4618 2569 4655 non
2600 4617 2743 4672 pars,
2766 4603 2859 4658 sed
2888 4604 3099 4659 occasio
3125 4612 3179 4659 et
3201 4621 3357 4674 prava
3387 4604 3535 4659 radix
3562 4623 3577 4659 :
3600 4620 3721 4659 nam

2151 4708 2311 4748 omne
2346 4694 2528 4748 vitium
2569 4695 2751 4750 docuit
2792 4696 2979 4750 otium.
3029 4695 3107 4751 Ne
3140 4712 3267 4766 ergo
3294 4696 3604 4764 insipienter
3628 4696 3724 4751 has

2153 4782 2489 4854 proferamus
2533 4787 2995 4858 interrogationes.
3041 4788 3140 4855 Qui
3186 4788 3315 4843 nihil
3350 4789 3435 4844 vel
3476 4788 3601 4842 mali
3642 4789 3725 4863 vel

2152 4878 2278 4932 boni
2307 4877 2451 4944 fecit,
2479 4895 2761 4949 quemnam
2787 4867 2968 4935 locum
2990 4880 3249 4951 accipiet?
3288 4882 3496 4936 Etenim
3523 4882 3725 4936 bonum

2154 4983 2259 5024 non
2290 4969 2504 5036 fecisse,
2537 4970 2639 5026 hoc
2660 4980 2743 5025 est
2764 4972 2952 5027 fecisse
2977 4974 3196 5027 malum.
3227 4972 3359 5027 Nam
3386 4974 3470 5028 dic
3498 4974 3650 5041 mihi,
3684 4977 3726 5027 si

2154 5076 2310 5130 quem
2341 5061 2538 5116 habeas
2569 5058 2846 5130 famulum,
2876 5065 2966 5135 qui
2999 5081 3169 5135 neque
3195 5064 3422 5132 ﬁtretur,
3454 5081 3626 5134 neque
3659 5066 3726 5119 sit

2154 5154 2603 5220 contumeliosus,
2652 5171 2824 5225 neque
2869 5157 3219 5224 contradicat,
3259 5167 3312 5213 et
3355 5158 3423 5214 ab
3467 5158 3727 5214 ebrietate

2154 5246 2413 5299 abstineat
2446 5246 2514 5299 ab
2549 5246 2774 5317 aliisque
2812 5250 3081 5315 omnibus,
3116 5250 3210 5306 sed
3248 5260 3504 5321 perpetuo
3540 5251 3727 5306 sedeat

2156 5338 2378 5404 otiosus,
2407 5348 2461 5394 et
2489 5339 2618 5395 nihil
2647 5341 2802 5397 faciat
2825 5359 2890 5397 ex
2919 5344 2983 5399 iis
3009 5360 3125 5413 quae
3152 5343 3380 5400 famulus
3405 5344 3565 5400 debet
3595 5346 3725 5398 hero

2158 5441 2434 5499 praestare,
2475 5447 2579 5503 non
2629 5449 2749 5487 eum
2795 5435 2970 5489 caedes
3012 5435 3212 5505 ﬂagris,
3260 5452 3364 5491 non
3411 5437 3727 5507 torquebis?

2155 5523 2351 5588 Etiam,
2374 5523 2601 5594 inquies.
2626 5524 2785 5596 Atqui
2807 5525 2935 5580 nihil
2958 5527 3079 5581 mali
3101 5526 3245 5582 fecit.
3275 5527 3385 5582 Hoc
3406 5527 3575 5598 ipsum
3598 5542 3727 5597 ergo

2155 5627 2239 5672 cst
2254 5618 2470 5671 malum.
2492 5617 2617 5682 Sed,
2637 5619 2679 5672 si
2703 5620 2894 5687 placet.
2914 5619 3237 5676 deducamus
3251 5622 3544 5677 orationem
3563 5621 3737 5676 etiam.

2156 5709 2221 5763 ad
2250 5710 2508 5780 reliquam
2543 5712 2730 5767 vitam.
2772 5713 2852 5768 Sit
2892 5714 3082 5783 aliquis
3124 5714 3373 5786 agricola,
3408 5715 3497 5786 qui
3526 5717 3737 5769 nostris;

2159 5800 2490 5858 facultatibus
2512 5801 2643 5858 nihil
2671 5802 2795 5859 ntali
2822 5801 3025 5875 afferat,
3050 5820 3220 5877 neque
3249 5804 3525 5864 insidietur
3547 5822 3735 5880 neque-
