4100 6412
358 342 459 395 HS

351 432 587 499 foretur,
615 430 790 485 solum
820 439 997 485 autem
1028 428 1218 485 vmctis
1245 429 1487 484 manibus
1513 428 1657 482 domi
1697 428 1913 493 sedeat,

355 538 529 594 neque
572 523 863 586 seminans,
903 535 1075 591 neque
1109 522 1311 574 sulcum
1351 520 1719 589 proscindens,
1748 534 1919 588 neque

354 615 515 669 boves
553 615 802 683 jungens,
844 628 1013 682 neque
1055 612 1215 666 vitem
1254 611 1457 676 colens,
1498 625 1670 679 neque
1706 610 1919 679 aliquod

349 705 489 758 aliud
520 721 649 774 opus
674 704 872 758 faciens
894 705 944 758 in
969 714 1105 758 terra
1131 703 1352 758 colenda
1377 721 1391 758 :
1414 718 1589 759 annon
1612 717 1733 758 eum
1759 704 1920 756 casti-

348 796 629 867 gabimus?
669 796 828 865 Atqui
857 796 1052 849 nullam
1084 794 1207 850 fecit
1236 794 1481 863 injuriam
1502 836 1516 859 ,
1552 810 1723 865 neque
1750 793 1918 848 habe-

350 902 468 942 mus
514 885 715 941 crimen
760 887 911 955 cujus
947 902 1068 941 eum
1108 899 1427 955 arguamus;
1468 885 1562 940 sed
1600 886 1643 940 is
1674 885 1774 939 hoc
1804 886 1919 955 ipso

353 978 477 1034 facit
512 976 757 1047 injuriam
788 994 801 1030 :
835 992 954 1031 nam
981 977 1246 1031 communi
1274 977 1461 1031 rationi
1489 976 1614 1031 facit
1639 976 1915 1046 injuriam,

350 1081 408 1126 ut
434 1071 520 1143 qui
543 1085 694 1126 suum
718 1085 909 1123 munus
930 1085 1035 1122 non
1060 1069 1316 1124 conferat.
1346 1068 1482 1137 Quid
1505 1084 1653 1133 vero,
1680 1069 1725 1123 si
1753 1084 1916 1122 unus-

350 1164 574 1233 quisque
624 1179 689 1216 ex
735 1162 1011 1231 cpificibus
1057 1170 1111 1215 et
1155 1160 1445 1215 artificibus
1490 1161 1683 1215 nemini
1732 1169 1920 1214 noceat

351 1271 525 1325 neque
550 1271 615 1310 ex
643 1254 705 1308 iis
729 1254 819 1325 qui
848 1262 973 1309 sunt
999 1253 1252 1319 alterius,
1283 1268 1456 1321 neque
1486 1267 1551 1307 ex
1582 1253 1645 1307 iis
1675 1252 1763 1322 qui
1796 1261 1920 1305 sunt

352 1347 590 1413 ejusdem
630 1345 790 1409 artis,
828 1342 1000 1398 solum
1039 1352 1215 1397 autem
1262 1342 1332 1397 sit
1363 1342 1565 1396 otiosus
1598 1359 1611 1395 :
1641 1357 1815 1395 annon
1842 1342 1920 1395 sic

354 1436 509 1490 nobis
540 1444 647 1489 tota
678 1434 780 1488 vita
813 1433 948 1503 perit
971 1441 1025 1488 et
1050 1432 1268 1489 interit?
1304 1431 1398 1487 Vis
1434 1431 1595 1487 etiam
1624 1432 1916 1486 orationem

352 1526 675 1582 deducamus
705 1524 755 1578 in
784 1524 1015 1593 corpus?
1043 1523 1226 1577 Manus
1255 1536 1384 1592 ergo
1408 1529 1567 1590 caput
1596 1536 1699 1575 non
1729 1521 1915 1586 feriat,

349 1632 525 1688 neque
545 1617 780 1684 linguam
805 1613 1100 1679 exscindat,
1125 1628 1295 1683 neque
1322 1612 1530 1667 oculum
1559 1610 1791 1676 effodiat,
1824 1626 1917 1666 ne-

347 1725 456 1782 que
494 1706 694 1779 aliquid
731 1705 873 1760 aliud
913 1705 1017 1761 tale
1062 1704 1259 1759 malum
1296 1702 1475 1768 faciat,
1501 1703 1675 1758 solum
1709 1711 1922 1757 maneat

347 1801 519 1856 otiosa
546 1808 601 1854 et
630 1812 784 1853 suum
809 1812 998 1853 munus
1029 1796 1123 1851 toti
1154 1795 1365 1866 corpori
1393 1810 1498 1849 non
1530 1794 1746 1863 impleat
1775 1813 1790 1849 :
1820 1809 1919 1848 an-

346 1908 458 1948 non
475 1899 693 1962 przestat
711 1905 830 1946 eam
851 1888 1111 1954 exscindi,
1134 1904 1291 1958 quam
1312 1887 1653 1943 circumferre
1670 1888 1917 1951 otiosam,

344 1995 403 2041 et
427 1986 523 2041 toti
551 1983 764 2054 corpori
785 1982 1075 2054 perniciem
1096 1981 1440 2037 afferentetn?
1465 1982 1599 2048 Quid
1624 1997 1774 2055 vero,
1795 1983 1838 2037 si
1862 1996 1922 2035 os

349 2092 563 2131 manum
594 2090 701 2130 non
728 2073 941 2139 exedat,
973 2088 1143 2144 neque
1169 2082 1355 2144 pectus
1384 2072 1644 2139 mordeat,
1672 2072 1766 2128 sed
1801 2089 1921 2142 quae

350 2177 475 2222 sunt
501 2166 570 2221 ab
598 2167 716 2237 ipso
740 2163 980 2220 facienda
1006 2164 1182 2217 omnia
1214 2164 1611 2230 prmtermittat;
1639 2178 1814 2218 annon
1836 2178 1924 2218 es-

346 2267 431 2314 set
451 2259 616 2315 satius
632 2259 805 2329 ipsum
825 2271 944 2312 esse
958 2256 1321 2311 obstructum?
1340 2256 1396 2311 Si
1417 2270 1544 2325 ergo
1562 2264 1617 2311 et
1636 2256 1688 2310 in
1711 2255 1922 2311 famulis

350 2360 405 2404 et
432 2350 484 2404 in
512 2348 790 2419 opificibus
818 2355 871 2401 et
898 2347 949 2401 in
982 2355 1094 2401 toto
1117 2360 1342 2415 corpore
1368 2360 1553 2416 magna
1582 2354 1667 2401 est
1694 2345 1881 2415 injuria
1903 2387 1918 2409 ,

350 2455 455 2495 non
497 2441 668 2496 solum
705 2438 902 2509 aliquid
944 2438 1065 2492 mali
1104 2438 1312 2503 fecisse,
1344 2438 1438 2492 sed
1477 2437 1637 2492 etiam
1674 2437 1729 2492 in
1769 2437 1921 2492 bonis

344 2533 635 2599 defecisse,
665 2533 833 2587 multo
860 2532 1024 2600 magis
1056 2530 1156 2583 hoc
1186 2530 1340 2584 fuerit
1370 2530 1423 2584 in
1447 2544 1673 2599 corpore
1698 2528 1916 2585 Christi.

420 2622 476 2677 2.
506 2622 791 2694 Propterea
822 2622 1007 2676 beatus
1030 2634 1241 2689 quoque
1263 2619 1457 2675 Paulus
1478 2634 1576 2674 nos
1595 2619 1865 2675 abducens
1889 2636 1920 2675 a

349 2716 481 2770 vitio
504 2725 558 2770 et
578 2714 936 2785 improbitate,
962 2713 1173 2768 deducit
1204 2711 1270 2766 ad
1295 2713 1564 2767 virtutem.
1586 2710 1724 2780 Quid
1754 2711 1917 2775 enim,

350 2806 655 2877 dic,qu:eso,
679 2806 830 2875 juvat
850 2804 990 2875 quod
1017 2818 1205 2861 omnes
1225 2804 1393 2873 spinae
1416 2804 1524 2859 sint
1547 2813 1851 2873 amputatte.
1875 2803 1919 2857 si

355 2912 457 2951 non
481 2897 586 2952 sint
606 2911 788 2965 sparsa
810 2896 945 2949 bona
966 2894 1203 2949 semina?
1230 2894 1308 2948 Ad
1335 2893 1477 2950 idem
1499 2896 1640 2949 enim
1667 2894 1917 2948 damnum

354 3003 537 3043 rursus
582 2986 777 3042 redibit
812 2985 983 3052 labor,
1011 2985 1057 3040 si
1085 2986 1342 3039 manserit
1382 2984 1743 3055 imperfectus.
1790 2984 1918 3039 Proâ€”

353 3090 534 3149 pterea
578 3078 773 3133 Paulus
811 3092 1022 3148 quoque
1067 3079 1233 3131 nostri
1262 3092 1442 3131 curam
1476 3091 1687 3147 gerens,
1717 3091 1824 3131 non
1853 3076 1920 3130 ad

356 3169 619 3227 maiorum
657 3185 827 3240 usque
868 3170 1282 3239 amputationem
1325 3178 1381 3223 et
1423 3168 1743 3225 ablutionem
1781 3168 1922 3223 sistit

355 3272 635 3333 prmcepta,
668 3262 761 3317 sed
806 3262 964 3316 etiam
1004 3259 1249 3315 hortatur
1291 3270 1348 3315 ut
1389 3260 1495 3314 cito
1536 3260 1624 3313 fiat
1660 3259 1919 3314 bonorum

356 3353 626 3423 plantatio.
658 3351 791 3407 Nam
820 3367 939 3407 cum
965 3350 1224 3417 dixisset,
1256 3350 1433 3404 Omnis
1458 3349 1745 3403 amaritudo
1770 3359 1820 3405 et
1844 3351 1923 3404 ira

355 3452 401 3495 et
426 3443 708 3512 indignatio
741 3453 785 3494 et
826 3442 1016 3494 clamor
1040 3451 1084 3495 et
1113 3440 1423 3510 blasphemia
1458 3440 1667 3494 tollatur
1693 3457 1724 3493 a
1750 3442 1918 3507 vobis,

356 3550 465 3585 cum
513 3534 648 3586 omni
688 3532 918 3595 malitia;
963 3532 1267 3601 subjunxit,
1312 3531 1481 3586 Estote
1517 3541 1681 3585 autem
1713 3532 1923 3585 invicem

352 3623 575 3695 benigni,
605 3623 970 3688 misericordes,
1006 3623 1247 3677 donantes
1280 3622 1508 3679 invicem.
1545 3623 1605 3677 lli
1633 3624 1771 3678 enim
1799 3633 1922 3679 sunt

358 3714 566 3769 habitus
591 3724 644 3768 et
671 3713 995 3770 affectiones.
1026 3714 1133 3768 Nec
1153 3714 1351 3769 sufficit
1379 3714 1446 3769 ab
1468 3715 1636 3767 altero
1656 3729 1919 3779 recessus,

358 3817 416 3861 ut
455 3807 607 3861 nobis
644 3806 863 3861 alterius
903 3806 1137 3860 habitum
1178 3820 1362 3861 rursus
1386 3807 1795 3870 constituamus;
1828 3806 1919 3859 sed

358 3916 542 3955 rursus
570 3914 704 3968 opus
728 3909 811 3954 est
835 3898 1063 3969 quodam
1093 3906 1261 3963 motu,
1292 3905 1346 3950 et
1376 3912 1480 3949 non
1509 3896 1697 3950 minori
1727 3896 1920 3951 alacri-

359 4003 466 4047 tate
506 4007 664 4061 quam
708 3991 762 4045 in
807 3989 1068 4060 fugiendis
1097 3989 1269 4055 malis,
1302 3998 1359 4043 ut
1389 3990 1441 4043 in
1470 3989 1726 4043 bonorum
1755 3989 1919 4043 simus

360 4085 716 4153 possessione.
747 4082 960 4138 Etenim
988 4082 1039 4136 in
1068 4096 1314 4151 corpore,
1346 4080 1391 4135 si
1428 4082 1577 4151 niger
1601 4080 1757 4134 fuerit
1786 4080 1919 4134 libe-

358 4186 505 4229 ratus
529 4174 595 4228 ab
620 4173 721 4229 hac
746 4173 1017 4244 qualitate,
1048 4187 1152 4227 non
1177 4172 1420 4242 protinus
1441 4169 1609 4226 factus
1635 4179 1721 4226 est
1744 4170 1914 4224 albus.

360 4264 470 4318 lmo
486 4279 613 4320 vero
631 4280 738 4319 non
760 4265 811 4319 in
833 4263 1159 4318 naturalibus
1178 4263 1230 4317 id
1253 4263 1392 4332 quod
1418 4262 1609 4317 dicitur
1636 4262 1917 4332 agitemus,

360 4357 453 4411 sed
500 4357 800 4426 exemplum
841 4355 1165 4409 adducamus
1192 4354 1243 4407 in
1274 4356 1336 4407 iis
1361 4369 1478 4423 quae
1509 4354 1639 4406 fiunt
1665 4370 1729 4407 ex
1757 4353 1921 4408 animi

359 4449 600 4506 instituto
624 4458 678 4503 et
703 4449 869 4503 libero
889 4438 1144 4503 arbitrio':
1168 4447 1257 4517 qui
1285 4462 1387 4501 non
1414 4456 1496 4501 est
1523 4447 1787 4511 inimicus.
1814 4462 1920 4501 non

355 4547 440 4594 est
462 4540 680 4593 omnino
704 4539 926 4605 amicus,
944 4539 1036 4594 sed
1058 4548 1140 4593 est
1164 4537 1359 4607 aliquid
1385 4537 1638 4601 medium,
1662 4538 1801 4607 quod
1824 4554 1922 4594 nec

358 4630 752 4685 inimicitiarum
790 4645 961 4699 neque
1004 4630 1269 4693 amicitiae,
1307 4630 1359 4683 in
1398 4644 1505 4699 quo
1543 4630 1772 4683 maxime
1799 4637 1923 4684 sunt

358 4722 538 4791 plures
566 4719 704 4790 apud
731 4734 830 4775 nos
855 4718 1117 4775 homines.
1162 4720 1262 4786 Qui
1292 4736 1396 4774 non
1426 4720 1782 4791 lacrymatur,
1816 4736 1919 4775 non

356 4812 517 4866 ctiam
554 4810 773 4866 omnino
819 4809 974 4878 ridet,
1003 4810 1098 4866 sed
1133 4821 1216 4867 est
1248 4810 1453 4866 medius
1490 4819 1681 4868 status.
1720 4811 1796 4865 lta
1837 4811 1921 4868 hic

356 4919 568 4973 quoque
595 4920 609 4957 :
642 4904 730 4973 qui
752 4917 856 4957 non
885 4913 965 4956 est
989 4917 1219 4970 amarus,
1244 4917 1348 4957 non
1374 4913 1547 4958 tamen
1575 4912 1658 4957 est
1682 4903 1849 4957 comis
1868 4911 1923 4959 et

355 4993 651 5064 benignus;
680 5007 852 5063 neque
875 4992 965 5062 qui
994 5008 1099 5047 non
1125 5002 1207 5047 est
1226 4993 1508 5048 iracundus
1531 5035 1546 5058 ,
1590 5004 1671 5048 est
1701 4994 1841 5048 mitis
1868 5004 1922 5048 et

357 5085 662 5139 misericors
693 5100 707 5137 :
740 5083 833 5138 sed
862 5084 969 5139 alio
994 5099 1178 5139 rursus
1204 5083 1380 5139 studio
1403 5099 1537 5155 opus
1560 5093 1676 5151 est,
1718 5094 1775 5139 ut
1818 5085 1921 5139 hoc

355 5178 550 5229 bonum
578 5176 933 5246 acquiramus.

430 5265 602 5321 Virtus
621 5268 902 5331 inserenda,
927 5268 1047 5320 vitia
1065 5267 1342 5322 avellenda.
1367 5266 1506 5322 Ultio
1525 5284 1659 5331 vera,
1676 5268 1803 5320 bona
1826 5284 1917 5337 pro

353 5359 503 5413 malis
542 5360 829 5429 rependere.
862 5389 933 5399 -â€”-
962 5359 1093 5413 Vide
1127 5370 1302 5413 autem
1343 5374 1500 5427 quam
1536 5358 1919 5412 convenienter

352 5452 455 5521 legi
493 5451 709 5522 optimm
743 5452 1078 5521 agriculturae
1118 5451 1305 5506 beatus
1345 5451 1539 5506 Paulus
1580 5460 1775 5506 terram
1815 5450 1917 5504 sibi

350 5541 608 5597 creditam
637 5540 705 5595 ab
742 5541 994 5610 egricola.
1023 5551 1279 5612 expurgat
1302 5549 1357 5597 et
1381 5550 1648 5611 operatur.
1695 5540 1914 5597 Sustulit

352 5633 559 5689 semina
587 5632 902 5699 adulterina,
932 5634 997 5689 de
1016 5646 1212 5690 etetero
1238 5643 1389 5705 rogat
1414 5643 1471 5689 ut
1490 5649 1643 5689 veras
1669 5644 1722 5690 et
1746 5635 1920 5688 since-

347 5741 435 5781 ras
481 5727 689 5796 plantas
732 5733 951 5781 teneat:
984 5726 1170 5794 Estote,
1211 5728 1394 5797 inquit,
1439 5726 1656 5796 benigni.
1696 5725 1826 5780 Nam
1868 5726 1913 5779 si

1237 336 1298 392 IN
1339 336 1554 392 EPIST.
1599 338 1688 391 AD
1727 334 1967 391 ENIES.
2008 334 2160 390 CAP.
2207 334 2293 389 IV.
2338 335 2561 391 llOSIIL.
2604 335 2741 393 XVI.

3492 339 3591 395 Hi

2025 428 2193 496 spinis
2222 430 2417 483 evulsis
2443 440 2580 485 terra
2612 440 2823 485 maneat
2848 432 3015 485 otiosa
3038 472 3052 494 ,
3095 434 3223 488 feret
3256 449 3437 491 rursus
3467 435 3592 490 ber-

2024 518 2121 573 bas
2174 520 2404 575 inutiles.
2457 521 2813 588 Quamobrem
2865 524 2980 592 ejus
3029 525 3182 593 quies
3214 533 3270 579 et
3307 525 3470 579 otium
3511 536 3595 580 est

2022 611 2498 680 prmoccupandum
2553 612 2813 667 bonorum
2866 614 3130 669 seminum
3184 623 3239 669 et
3292 616 3592 684 plantarum

2022 701 2339 770 dejectione.
2370 704 2593 758 Sustulit
2618 704 2768 767 iram,
2803 706 2976 773 posuit
3004 704 3382 774 benignitatem
3414 722 3427 758 :
3461 719 3588 759 sus-

2023 794 2141 847 tulit
2184 796 2610 863 amaritudinem,
2646 799 2821 865 posuit
2860 795 3279 851 misericordiam
3308 814 3321 849 :
3352 798 3591 852 exsecuit

2024 886 2206 938 vitium
2250 896 2303 939 et
2344 887 2745 956 blasphemiam,
2772 887 3029 955 plantavit
3052 888 3258 943 veniam
3284 904 3297 940 :
3322 886 3423 941 hoc
3448 888 3589 941 enim

2022 986 2105 1031 est
2145 978 2292 1041 illud,
2330 978 2583 1033 Donantes
2621 981 2847 1033 invicem.
2879 980 3082 1046 Estote,
3118 980 3307 1049 inquit,
3342 980 3593 1050 propensi

2023 1070 2088 1123 ad
2117 1072 2515 1138 ignoscendum.
2566 1072 2688 1126 ilcrc
2726 1088 2867 1126 emm
2908 1073 3073 1142 gratia
3112 1080 3196 1126 est
3237 1072 3408 1142 major
3435 1087 3591 1141 quam

2022 1174 2140 1228 quae
2162 1169 2242 1214 est
2269 1162 2318 1214 in
2350 1162 2604 1230 pecuniis.
2626 1161 2757 1215 Nam
2780 1163 2867 1231 qui
2900 1162 3120 1217 remittit
3144 1164 3393 1232 pecunias
3411 1163 3481 1227 ei,
3504 1163 3594 1232 qui

2022 1251 2089 1305 ab
2124 1251 2238 1320 ipso
2263 1252 2468 1319 accepit
2495 1251 2682 1307 fmnori
2704 1292 2718 1315 ,
2748 1252 2945 1306 bonum
2983 1252 3195 1321 quidem
3227 1252 3351 1307 facit
3376 1267 3510 1322 opus
3539 1261 3595 1306 et

2021 1341 2363 1407 admirabile;
2409 1342 2503 1398 sed
2542 1343 2786 1413 pervenit
2822 1343 2890 1397 ad
2934 1357 3128 1411 corpus
3176 1358 3343 1411 usque
3385 1343 3591 1412 gratia,

2023 1434 2228 1487 etiamsi
2254 1434 2352 1488 sibi
2382 1434 2556 1490 reddit
2585 1435 3068 1489 remunerationem
3095 1436 3145 1488 in
3172 1434 3327 1489 donis
3347 1434 3594 1504 spiritua-

2024 1525 2165 1580 libus
2191 1533 2246 1579 et
2274 1541 2390 1593 quae
2421 1535 2664 1594 spectant
2692 1527 2922 1580 animum
2954 1543 2968 1579 :
3006 1526 3093 1595 qui
3120 1533 3298 1579 autem
3329 1524 3596 1579 condonat

2024 1625 2261 1685 peccata,
2292 1624 2345 1670 et
2374 1631 2525 1670 suam
2548 1616 2695 1684 juvat
2725 1616 2977 1681 animam,
3008 1625 3062 1669 et
3094 1616 3232 1669 illius
3260 1615 3348 1684 qui
3382 1614 3593 1669 veniam

2023 1714 2105 1760 est
2130 1714 2449 1777 assequutus
2479 1724 2491 1759 :
2523 1706 2624 1761 hoc
2653 1707 2794 1761 enim
2824 1706 2983 1761 modo
3009 1722 3113 1760 non
3142 1706 3314 1764 solum
3336 1709 3591 1774 seipsum,

2026 1798 2119 1854 sed
2146 1798 2291 1853 illum
2318 1814 2530 1869 quoque
2556 1799 2678 1853 facit
2698 1800 2960 1853 mitiorem
2979 1807 3032 1854 et
3052 1798 3453 1853 modestiorem.
3476 1796 3591 1852 Non

2026 1895 2167 1949 enim
2204 1894 2272 1947 ita
2300 1908 2393 1949 eos
2416 1894 2503 1963 qui
2536 1892 2780 1962 injuriam
2825 1893 3064 1947 fecerunt
3105 1900 3506 1961 persequentes,
3537 1901 3595 1944 ut

2025 1986 2105 2041 eis
2129 1988 2511 2049 contionantes,
2536 2001 2719 2040 eorum
2752 1984 3058 2039 mordemus
3083 1983 3311 2049 animos,
3337 1983 3592 2052 pudorem

2027 2076 2363 2133 incutientes.
2390 2076 2522 2130 Nam
2548 2076 2639 2129 illo
2659 2075 2871 2144 quidem
2898 2072 3055 2127 modo
3083 2086 3255 2142 neque
3284 2071 3437 2126 nobis
3469 2071 3595 2140 ipsis

2027 2181 2199 2237 neque
2225 2165 2332 2221 illis
2355 2179 2674 2235 prosnmus,
2710 2164 2803 2220 sed
2846 2164 3085 2232 utrisque
3118 2163 3391 2226 obsumus,
3426 2160 3595 2229 utqui

2025 2275 2133 2317 non
2161 2272 2317 2314 secus
2340 2267 2499 2327 atque
2533 2255 2840 2312 Judzeorum
2871 2255 3141 2324 principes
3162 2294 3178 2319 ,
3217 2268 3598 2323 persequamur

2027 2352 2536 2418 remunerationem,
2574 2357 2630 2404 et
2671 2348 2724 2403 in
2765 2349 2869 2402 iliis
2909 2348 3042 2401 iram
3082 2349 3435 2403 accendamus
3468 2362 3482 2397 :
3512 2345 3594 2399 sin

2026 2452 2204 2498 autem
2250 2442 2468 2496 lenitate
2508 2448 2564 2497 et
2604 2439 2887 2496 clementia
2934 2437 3287 2507 rependamus
3325 2434 3593 2504 injuriam,

2027 2536 2198 2592 soluta
2220 2534 2364 2588 omni
2390 2533 2507 2604 ejus
2527 2532 2625 2597 ira,
2653 2530 2790 2600 apud
2813 2530 2986 2599 ipsum
3007 2528 3194 2583 sedere
3215 2526 3438 2581 fecimus
3460 2524 3597 2594 judi-

2026 2634 2191 2696 cium,
2222 2642 2322 2698 pro
2351 2626 2506 2682 nobis
2532 2624 2712 2681 ferens
2738 2622 3082 2685 sententiam,
3103 2628 3157 2675 et
3182 2619 3395 2690 gravius
3424 2618 3595 2686 ipsum

2027 2734 2187 2790 quam
2217 2731 2313 2773 nos
2340 2716 2724 2771 condemnans.
2752 2713 2998 2782 Seipsum
3024 2710 3169 2766 enim
3197 2707 3595 2769 condemnabit.

2024 2818 2083 2865 et
2109 2822 2323 2863 omnem
2350 2814 2555 2877 quaeret
2578 2803 2933 2867 occasionem,
2959 2815 3054 2871 per
3076 2813 3231 2870 quam
3259 2812 3380 2853 cum
3408 2796 3598 2863 majori

2030 2916 2278 2956 mensura
2302 2898 2489 2954 redde:
2510 2896 2742 2952 lenitatis
2764 2903 2820 2951 et
2846 2893 3115 2963 patientim
3136 2900 3343 2963 partem
3361 2904 3479 2960 quae
3499 2888 3597 2944 fuit

2028 2994 2129 3049 sibi
2156 2993 2275 3046 data
2306 2991 2494 3047 fmiiori
2526 3008 2540 3045 :
2569 3000 2622 3041 ut
2660 2988 2750 3059 qui
2790 2987 2924 3041 sciat
2958 2983 3120 3053 quod,
3162 2984 3208 3039 si
3253 2998 3348 3052 par
3384 2981 3596 3052 quidem

2029 3082 2352 3147 reddiderit,
2391 3095 2457 3136 eo
2501 3090 2675 3134 tamen
2703 3087 2785 3133 est
2811 3076 3028 3131 inferior
3047 3074 3187 3144 quod
3212 3089 3317 3127 non
3350 3074 3462 3143 ipse
3483 3086 3599 3127 ÎµÏ‰Î¿

2027 3177 2185 3245 perit,
2217 3175 2309 3230 sed
2334 3187 2397 3228 eo
2433 3170 2572 3240 quod
2615 3169 2913 3238 exemplum
2943 3182 2973 3221 a
2999 3167 3152 3222 nobis
3180 3166 3464 3235 acceperit,
3500 3165 3598 3217 mi-

2029 3281 2131 3323 nus
2172 3264 2370 3319 ferens.
2416 3261 2661 3317 Studium
2690 3274 2817 3328 ergo
2842 3266 3003 3327 ponet
3042 3264 3101 3312 ut
3139 3256 3342 3311 semina
3383 3265 3601 3325 superet

2028 3370 2299 3419 mensura,
2330 3364 2387 3408 nt
2424 3353 2801 3407 detrimentum
2841 3348 2981 3419 quod
3021 3348 3215 3419 patitur
3250 3364 3313 3402 ex
3355 3362 3422 3402 eo
3456 3347 3597 3417 quod

2028 3444 2295 3502 secundus
2323 3446 2528 3500 venerit
2554 3441 2619 3497 ad
2649 3440 3164 3506 remunerationem,
3194 3439 3344 3494 tollat
3368 3454 3597 3507 exsupe-

2028 3535 2235 3591 ratione
2264 3529 2707 3588 remunerationis
2726 3572 2741 3596 ,
2773 3541 2827 3587 et
2855 3528 2995 3598 quod
3023 3544 3092 3583 ex
3129 3536 3368 3597 tempore
3402 3527 3596 3583 factum

2027 3635 2114 3683 est
2138 3624 2519 3680 detrimentum
2550 3622 2664 3691 ejus
2703 3621 2793 3690 qui
2833 3620 2979 3690 prius
3017 3619 3155 3674 male
3194 3633 3382 3688 passus
3408 3627 3509 3683 est,
3544 3617 3595 3670 id

2025 3731 2311 3774 commune
2337 3717 2493 3769 faciat
2514 3730 2578 3769 ex
2606 3728 2811 3768 summa
2833 3713 3049 3768 lenitate
3068 3723 3122 3767 et
3140 3712 3441 3767 clementia.
3465 3710 3595 3765 Nam

2029 3809 2292 3871 homines.
2316 3806 2527 3877 quando
2546 3816 2667 3859 sunt
2687 3805 2819 3875 grati
2841 3812 2898 3859 et
2915 3818 3179 3859 memores
3199 3802 3464 3867 beneficii,
3488 3817 3597 3858 non

2029 3909 2137 3954 tam
2175 3899 2526 3968 ingemiscunt
2560 3897 2629 3951 ob
2658 3898 2814 3959 mala,
2846 3911 3002 3966 quam
3033 3896 3103 3950 ob
3131 3895 3267 3951 bona
3294 3910 3411 3964 qua:
3439 3910 3594 3949 acce-

2028 4002 2220 4065 perunt
2247 3993 2315 4048 ab
2355 3992 2420 4048 iis
2459 3992 2544 4061 qui
2588 4002 2713 4045 sunt
2747 3990 2922 4044 affecti
2963 3989 3175 4058 injuria.
3218 3988 3428 4043 Etenim
3466 3988 3595 4043 illud

2028 4085 2260 4153 nequitia
2281 4125 2297 4147 ,
2339 4084 2440 4137 hoc
2480 4081 2770 4151 opprobrio
2799 4090 2852 4136 et
2882 4081 2988 4136 risu
3018 4080 3230 4149 plenum
3270 4088 3371 4143 est,
3400 4094 3520 4134 cum
3552 4080 3595 4133 is

2026 4177 2113 4245 qui
2146 4175 2455 4229 beneficium
2483 4174 2717 4242 accepit,
2749 4188 2853 4228 non
2884 4171 3148 4243 rependit.
3189 4170 3320 4226 Nam
3350 4170 3452 4226 hoc
3477 4172 3595 4240 qui-

2027 4267 2148 4321 dem
2178 4266 2338 4320 habet
2371 4265 2601 4319 laudem.
2628 4265 2870 4333 plausum
2900 4273 2954 4318 et
2982 4262 3497 4317 commendationem
3528 4264 3595 4316 ab

2026 4356 2306 4419 omnibus,
2334 4357 2473 4426 quod
2505 4357 2641 4409 male
2676 4369 2863 4423 passus
2889 4368 2985 4423 par
3009 4354 3116 4422 pari
3149 4368 3252 4406 non
3285 4352 3595 4408 reddiderit.

2026 4448 2252 4519 Pr0pter
2282 4452 2383 4502 hoc
2404 4447 2635 4502 maxime
2664 4445 2993 4501 mordentur.
3026 4445 3403 4512 Quamobrem,
3436 4447 3478 4498 si
3507 4462 3597 4496 Vt!-

2026 4539 2095 4595 lis
2119 4538 2322 4606 ulcisci,
2354 4537 2454 4592 hoc
2474 4536 2634 4591 modo
2659 4536 2916 4590 ulciscere
2946 4552 2961 4588 :
2995 4535 3131 4589 mala
3163 4534 3394 4605 repende
3420 4536 3594 4601 bonis,

2029 4640 2087 4685 ut
2114 4645 2237 4686 eum
2265 4628 2456 4684 reddas
2479 4627 2796 4689 debitorem,
2819 4636 2872 4680 et
2897 4625 3194 4681 admirabili
3222 4627 3403 4680 vincas
3430 4627 3599 4682 victo-

2029 4721 2129 4773 ria.
2152 4718 2288 4773 Male
2308 4732 2493 4788 passus
2517 4716 2609 4771 es?
2630 4716 2771 4770 Bene
2794 4715 2874 4771 fac
2899 4734 2911 4770 :
2936 4716 3006 4770 ita
3028 4716 3297 4771 inimicum
3317 4716 3593 4773 ulciscere.

2028 4810 2161 4866 Nam
2208 4811 2252 4866 si
2304 4809 2448 4863 illum
2488 4807 2700 4879 quidem
2743 4808 3096 4878 persequaris,
3127 4822 3313 4863 omnes
3356 4818 3410 4865 et
3452 4817 3504 4863 te
3542 4818 3598 4863 et

2029 4903 2181 4960 illum
2225 4902 2469 4956 similiter
2496 4901 2840 4970 vituperant:
2870 4900 2953 4955 sin
2997 4907 3171 4954 autem
3220 4898 3395 4967 feras,
3440 4900 3597 4957 aliter

2028 4995 2121 5049 tibi
2162 4993 2373 5064 quidem
2418 4990 2741 5062 applaudent
2780 5000 2836 5046 et
2878 5000 2930 5045 te
2969 4990 3398 5058 admirabuntur,
3442 4990 3593 5047 illum

2026 5095 2202 5140 autem
2236 5082 2576 5139 accusabunt.

2097 5178 2150 5231 5.
2181 5174 2315 5244 Quid
2344 5184 2519 5229 autem
2546 5172 2717 5243 majus
2754 5172 2867 5227 fieri
2893 5172 3126 5242 potuerit
3156 5172 3371 5233 inimico
3390 5213 3406 5237 ,
3435 5188 3597 5242 quam

2026 5267 2208 5323 videre
2250 5266 2522 5320 inimicmn
2551 5278 2671 5318 esse
2701 5262 2755 5317 in
2792 5262 3142 5320 admiratione
3167 5261 3306 5332 apud
3331 5277 3518 5316 omnes
3544 5272 3597 5319 et

2025 5361 2074 5416 ei
2105 5358 2388 5429 applaudi?
2428 5357 2555 5429 quid
2593 5357 2808 5412 inimico
2832 5356 3074 5412 acerbius
3096 5397 3113 5421 ,
3148 5371 3304 5427 quam
3332 5354 3512 5411 videre
3535 5371 3597 5413 se

2025 5452 2223 5523 probro
2259 5458 2315 5506 et
2351 5449 2674 5506 contumelia
2700 5448 2837 5503 afï¬ci
2864 5448 2931 5502 ab
2958 5448 3224 5512 omnibus,
3253 5447 3466 5501 vidente
3489 5447 3595 5502 ini-

2024 5543 2202 5598 mico?
2230 5541 2287 5598 Si
2309 5542 2477 5613 ipsum
2504 5542 2796 5606 ulciscaris,
2823 5550 2877 5595 et
2900 5539 3124 5593 fortasse
3142 5539 3432 5604 damnaris.
3457 5550 3510 5593 et
3538 5549 3596 5594 tu

2024 5634 2171 5688 solus
2189 5634 2462 5688 ulcisceris
2492 5650 2505 5686 :
2534 5634 2614 5688 sin
2641 5641 2815 5687 autem
2842 5630 2890 5686 ei
2912 5630 3175 5693 remittas.
3202 5645 3389 5686 omnes
3416 5646 3512 5701 pro
3544 5642 3595 5687 te

2027 5725 2200 5795 ipsum
2228 5725 2556 5779 ulciscuntur
2582 5742 2601 5777 Î¹
2629 5723 2768 5795 quod
2809 5721 3021 5793 quidem
3071 5731 3149 5776 est
3186 5722 3397 5792 gravius
3435 5738 3593 5794 quam
