4100 6412
464 293 563 347 “5

465 411 604 465 male
628 411 756 478 pati.
782 411 924 481 quod
955 410 1160 466 scilicet
1190 412 1434 465 inimicus
1475 411 1665 466 haheat
1704 419 1815 464 tam
1852 408 2047 464 mullos

465 502 556 570 qui
584 501 758 571 ipsum
786 502 1134 557 ulciscuntur.
1160 502 1217 557 Si
1240 513 1299 556 tu
1324 517 1387 556 os
1407 503 1636 572 aperias,
1659 502 1732 556 illi
1757 501 2004 555 tacebunt
2030 517 2043 553 :

465 594 549 647 sin
575 603 751 648 autem
780 601 836 647 tu
864 602 1062 658 taceas,
1081 610 1188 647 non
1218 594 1397 663 utique
1428 609 1534 647 uno
1560 608 1675 656 ore,
1700 592 1793 646 sed
1820 592 2050 645 aliorum

469 703 591 743 eum
619 687 779 741 feries
803 687 1301 749 innumerabilibus,
1324 695 1379 740 et
1408 687 1573 753 magis
1595 685 1887 738 ulcisceris.
1912 684 1975 737 Et
2001 692 2053 737 te

467 779 680 849 quidem
707 779 902 848 probro
919 788 973 833 et
991 778 1310 833 contumelia
1338 784 1697 845 appetentem,
1719 775 1870 829 multi
1895 790 2053 827 accu—

469 881 618 934 sant;
651 870 832 923 dicunt
858 870 999 922 enim
1024 884 1144 923 esse
1166 868 1323 923 verba
1350 867 1570 921 allectus
1598 883 1610 919 :
1640 865 1851 936 quando
1875 877 2057 918 autem

470 961 560 1029 qui
589 960 730 1013 nulla
761 961 984 1014 allectus
1013 971 1095 1014 est
1122 960 1312 1027 injuria
1337 959 1386 1012 in
1409 974 1530 1012 eum
1570 959 1762 1026 probra
1788 957 1982 1026 ingerit
2004 965 2058 1010 et

473 1053 848 1116 Contumelias,
881 1063 1006 1107 tunc
1048 1053 1183 1107 ultio
1209 1061 1290 1107 est
1328 1053 1560 1106 maxime
1600 1051 1767 1105 libera
1814 1051 1881 1104 ah
1905 1048 2056 1103 omni

474 1144 796 1213 suspicione.
826 1144 1053 1211 Quando
1078 1144 1219 1196 enim
1252 1143 1344 1211 qui
1386 1142 1518 1196 nihil
1547 1157 1709 1211 grave
1736 1150 1858 1195 sunt
1883 1140 2056 1208 passi,

481 1246 697 1303 promer
730 1251 991 1289 summam
1039 1246 1183 1288 tuam
1213 1237 1485 1291 lenitatem
1507 1277 1523 1301 ,
1568 1244 1835 1304 tamquam
1869 1232 2059 1303 injuria

482 1326 660 1379 allecti
688 1326 846 1380 simul
870 1327 1053 1380 dolent
1090 1337 1142 1380 et
1166 1326 1635 1391 commiscrantur,
1678 1326 1746 1379 ab
1788 1326 1936 1378 omni
1968 1340 2061 1377 su-

480 1418 718 1485 spicione
746 1433 876 1487 pura
905 1419 1019 1471 haec
1040 1418 1290 1472 vindicta.
1312 1416 1449 1485 Quid
1480 1433 1625 1483 vero,
1660 1417 1849 1485 inquit,
1875 1417 1916 1468 si
1947 1415 2065 1469 nul-

483 1509 564 1561 lus
590 1508 916 1563 ulciscatur?
944 1508 1084 1563 Fieri
1132 1524 1237 1562 non
1270 1519 1447 1576 potest
1478 1516 1535 1562 ut
1561 1506 1805 1561 homines
1835 1509 1945 1561 sint
1984 1509 2064 1561 la-

484 1598 660 1667 pidei,
710 1608 764 1653 et
792 1614 896 1651 non
941 1598 1273 1652 admirentur
1305 1597 1543 1651 videntes
1586 1609 1785 1651 tantam
1830 1598 2066 1666 philoso-

485 1690 664 1757 phiam
691 1707 705 1741 :
736 1700 791 1744 et
825 1690 873 1745 si
901 1698 1028 1744 tunc
1074 1705 1182 1744 non
1225 1690 1568 1754 ulciscantur,
1602 1701 1783 1759 postea
1813 1700 1987 1743 tamen
2015 1688 2066 1742 id

497 1782 696 1836 faciunt
747 1797 809 1837 re
856 1797 1151 1851 perpensa,
1200 1782 1349 1836 illum
1403 1782 1625 1835 irrident
1664 1792 1723 1837 et
1769 1780 2077 1835 maiedictis

494 1884 767 1946 appetunt.
796 1874 945 1940 Quod
971 1875 1014 1927 si
1060 1875 1218 1929 etiam
1270 1874 1444 1939 nullus
1470 1873 1604 1927 alius
1648 1884 1701 1927 te
1739 1873 2069 1937 admiretur,

491 1965 580 2020 ille
608 1968 721 2035 ipse
751 1976 801 2019 te
831 1965 1051 2019 omnino
1080 1964 1461 2030 admirabitur,
1506 1965 1716 2019 etiamsi
1766 1978 1871 2018 non
1912 1965 2071 2017 dicat.

494 2056 623 2124 Ejus
671 2055 812 2110 enim
844 2054 988 2123 quod
1017 2055 1215 2109 bunum
1245 2065 1299 2108 et
1327 2054 1609 2109 honestum
1652 2061 1736 2108 est
1781 2053 2039 2122 judicium
2058 2093 2073 2117 ,

494 2146 706 2201 etiamsi
732 2147 1041 2200 venerimus
1071 2146 1122 2199 in
1160 2146 1332 2214 ipsum
1359 2145 1472 2201 vitii
1525 2144 1869 2214 profundum,
1900 2155 2079 2198 manet

495 2236 888 2305 incorruptum,
920 2251 1017 2290 nec
1044 2246 1221 2306 potest
1245 2236 1497 2307 perverti.
1528 2236 1661 2290 Nam
1691 2252 1788 2291 cur
1807 2237 2080 2291 exisumas

500 2328 784 2381 Dominum
815 2336 1055 2381 nostrum
1093 2327 1274 2383 Jesum
1317 2327 1588 2382 Christum
1634 2328 1748 2382 haec
1773 2328 1987 2391 dicere,
2020 2328 2081 2382 Si

500 2418 612 2487 quis
641 2427 688 2471 te
727 2419 1026 2488 percusserit
1052 2418 1106 2471 in
1139 2419 1394 2472 dexteram
1421 2419 1686 2473 maxillam
1728 2429 1888 2486 tuam,
1917 2420 2083 2489 praebe

502 2510 548 2562 ei
575 2519 621 2563 et
646 2511 860 2563 alteram
887 2509 1112 2580 (Matth.
1137 2510 1191 2564 5.
1223 2510 1292 2565 59
1311 2510 1365 2581 )?
1400 2526 1580 2567 nonne
1610 2513 1862 2581 quoniam
1890 2503 1933 2566 si
1964 2511 2084 2582 quis

504 2599 667 2654 fuerit
694 2600 833 2656 lenis
859 2610 915 2656 et
933 2602 1163 2671 patiens,
1194 2616 1262 2657 eo
1292 2602 1546 2672 majorem
1570 2613 1621 2657 et
1644 2603 1743 2656 sibi
1761 2612 1818 2657 et
1843 2604 1915 2657 illi
1946 2612 2084 2657 attu-

505 2691 632 2745 lerit
661 2691 981 2746 utilitatem?
1020 2693 1305 2762 Propterea
1334 2703 1389 2747 et
1413 2694 1569 2747 aliam
1591 2694 1748 2763 jussit
1782 2693 2083 2759 obvertere,

510 2794 567 2838 ut
604 2784 719 2853 ejus
746 2786 835 2854 qui
861 2786 1108 2840 irascitur
1136 2787 1356 2848 impleat
1396 2787 1760 2856 cupiditatem.
1788 2787 1917 2854 Quis
1943 2789 2084 2844 enim

509 2885 593 2931 est
616 2875 751 2931 adeo
780 2876 943 2937 ferus,
968 2887 1027 2931 ut
1047 2877 1155 2946 jam
1180 2879 1382 2948 pudore
1409 2894 1513 2934 non
1534 2880 1900 2935 suffundatur?
1919 2881 2090 2936 Canes

514 2966 764 3021 dicuntur
790 2966 893 3021 hoc
920 2967 1096 3022 facere
1127 2987 1141 3022 :
1174 2971 1216 3022 si
1242 2970 1439 3025 latrent
1459 2980 1514 3025 et
1539 2972 1807 3036 invadant,
1844 2972 1887 3026 is
1914 2982 2091 3027 autem

513 3057 597 3111 cui
623 3058 908 3124 allatrant,
940 3073 999 3113 se
1026 3060 1273 3128 supinum
1322 3063 1576 3131 abjecerit
1616 3071 1669 3118 et
1698 3063 1831 3118 nihil
1872 3065 2089 3130 fecerit,

517 3156 684 3201 totam
728 3148 860 3201 iram
905 3150 1211 3219 exstinguit.
1260 3151 1317 3205 Si
1343 3166 1469 3222 ergo
1500 3152 1576 3206 illi
1602 3168 1725 3207 eum
1760 3153 1849 3223 qui
1876 3154 1943 3207 ab
1966 3154 2094 3224 ipsis

522 3248 734 3308 paratus
759 3253 842 3295 est
887 3241 993 3310 pati
1023 3251 1338 3297 reverentur
1360 3284 1373 3306 ,
1406 3244 1573 3297 multo
1601 3244 1768 3314 magis
1794 3260 1961 3313 genus
1984 3245 2093 3299 hu-

521 3347 735 3385 manum
756 3331 898 3402 quod
919 3340 999 3386 est
1029 3331 1195 3403 magis
1224 3334 1486 3403 particeps
1515 3334 1756 3390 rationis.
1785 3335 1891 3390 Sed
1919 3351 2097 3405 operae

522 3425 750 3493 pretium
799 3434 881 3479 cst
933 3440 1036 3479 non
1094 3427 1368 3495 praeterire
1397 3426 1450 3480 id
1477 3427 1617 3496 quod
1649 3443 1817 3497 nuper
1856 3431 2000 3483 venit
2042 3429 2096 3482 in

526 3525 781 3583 mentem,
812 3525 867 3571 et
900 3516 1185 3571 adductum
1215 3528 1296 3572 est
1337 3520 1390 3573 in
1420 3520 1803 3574 testimonium.
1836 3520 1969 3586 Quid
2000 3521 2101 3576 hoc

1164 295 1221 351 S.
1263 294 1539 350 JOANNiS
1577 292 2040 350 CIIRYSOSTOHI
2079 292 2398 349 ARCHIEP.
2440 292 2967 351 CONSTANTINOP.

3632 298 3732 359 HT;

2153 408 2273 463 est?
2300 408 2616 464 Dicebamus
2636 409 2701 464 de
2714 404 2921 465 Judaeis
2945 421 2999 465 et
3024 424 3206 465 eorum
3224 413 3569 482 principibus,
3593 420 3734 485 quod

2155 510 2507 569 arguerentur
2533 510 2591 553 ut
2617 501 2706 569 qui
2746 512 3199 571 persequerentur
3227 505 3417 559 similis
3447 520 3617 573 preme
3650 522 3735 561 rec

2158 592 2407 647 lationem
2434 604 2488 648 et
2517 595 2766 648 talionem
2807 615 2818 648 :
2849 597 2947 653 etsi
2981 597 3063 650 lex
3092 598 3171 651 eis
3203 598 3563 667 permittebat,
3597 598 3731 655 Ocu-

2160 684 2264 737 lum
2308 701 2400 753 pra
2451 685 2627 753 oculo,
2687 686 2885 739 dentem
2940 704 3030 755 pro
3061 689 3225 741 ~(lente
3270 689 3465 759 (Lavit.
3495 690 3586 744 24.
3645 692 3732 754 10',

2162 774 2313 828 Deut.
2344 776 2426 830 l9.
2470 774 2533 829 21
2560 778 2612 846 );
2642 777 2740 832 sed
2764 793 2868 831 non
2921 787 2975 832 ut
3000 779 3134 833 alter
3153 779 3373 833 alterius
3400 781 3583 835 oculos
3610 782 3742 836 ell’o—

2160 852 2380 931 derent,
2433 884 2617 921 verum
2661 879 2718 921 ut
2766 879 2910 923 metu
2936 869 3200 937 patiendi,
3250 870 3484 924 cohibita
3517 872 3742 926 faciendi

2163 960 2404 1023 audacia,
2431 976 2605 1030 neque
2643 961 2841 1031 aliquid
2873 962 2999 1016 mali
3022 963 3416 1027 lacerentaliis,
3448 981 3617 1033 neque
3641 963 3742 1034 ipsi

2166 1058 2476 1118 paterentur
2529 1052 2596 1105 ab
2639 1052 2777 1106 aliis.
2828 1052 3115 1123 Propterea
3167 1053 3348 1108 dixit:
3382 1054 3597 1108 Oculum
3652 1072 3743 1121 pro

2165 1145 2346 1199 acula:
2369 1154 2424 1198 ut
2449 1145 2591 1199 illius
2615 1146 2805 1215 ligarat
2825 1163 3039 1212 manus,
3069 1162 3173 1202 non
3198 1159 3254 1202 ut
3275 1158 3393 1203 tuas
3411 1160 3594 1204 contra
3613 1150 3746 1203 edu-

2166 1248 2312 1290 ceret
2330 1240 2349 1301 ς’
2364 1253 2466 1290 non
2496 1248 2551 1291 ut
2577 1240 2747 1292 solum
2770 1249 2977 1293 arceret
3000 1241 3277 1295 oculorum
3298 1240 3511 1296 tuarum
3529 1257 3742 1302 noxam.

2168 1328 2263 1381 sed
2295 1338 2351 1381 ut
2377 1329 2538 1383 etiam
2582 1329 2723 1385 illius
2763 1331 2948 1384 oculos
2997 1331 3176 1385 salvos
3229 1341 3594 1387 conservaret.
3642 1333 3747 1388 Sed

2168 1418 2308 1488 quod
2337 1420 2664 1488 qurerebam,
2697 1436 2926 1490 quanam
2955 1422 3021 1476 de
3051 1437 3209 1477 causa
3235 1439 3356 1477 cum
3385 1425 3463 1477 eis
3488 1438 3745 1479 concessa

2169 1520 2312 1563 esset
2329 1511 2475 1574 ultio,
2508 1512 2865 1581 arguebantur
2884 1514 2971 1582 qui
2991 1528 3054 1568 ea
3082 1513 3160 1567 usi
3192 1516 3346 1568 sunt?
3370 1510 3620 1583 quidnam
3649 1515 3750 1568 hoc

2171 1603 2285 1654 e51?
2314 1600 2411 1655 Hic
2442 1601 2569 1655 dicit
2595 1603 2804 1671 injuriae
2827 1612 3063 1672 accepta:
3091 1606 3425 1659 memoriam.
3458 1605 3591 1659 Nam
3623 1622 3752 1659 Cult-

2172 1691 2314 1747 cedit
2334 1692 2551 1763 quidem
2579 1705 2638 1747 ut
2662 1696 2749 1763 qui
2775 1710 2963 1762 passus
2986 1704 3086 1759 est,
3122 1700 3297 1750 statim
3323 1708 3466 1768 agat,
3502 1698 3675 1762 illum,
3696 1689 3797 1751 ut‘

2174 1783 2305 1849 disi,
2337 1784 2574 1838 retinens
2599 1800 2661 1839 ac
2682 1786 3014 1854 reprimens;
3044 1803 3148 1841 non
3185 1790 3446 1856 permittit
3464 1798 3643 1846 autem
3676 1794 3757 1848 in-

2172 1874 2326 1943 juriae
2351 1884 2583 1944 acceptae
2606 1890 2725 1930 esse
2758 1892 3052 1931 memorem
3085 1901 3098 1932 :
3130 1895 3235 1933 non
3272 1890 3354 1934 est
3395 1870 3617 1963 enin‘id
3647 1900 3760 1940 am-

2180 1966 2317 2033 plius
2349 1966 2463 2030 iraa,
2493 1981 2666 2035 neque
2690 1966 2945 2021 ferventis
2973 1969 3220 2038 impetus,
3253 1970 3346 2024 sed
3376 1972 3612 2028 meditati
3639 1989 3759 2030 scc-

2181 2058 2326 2113 leris.
2361 2058 2503 2113 Deus
2521 2050 2697 2113 autem
2722 2061 2785 2114 iis
2813 2061 3053 2131 ignoscit,
3085 2077 3218 2132 quas
3235 2066 3459 2134 arripuit
3478 2066 3761 2123 insolentis

2181 2152 2517 2205 contumeliae
2545 2153 2795 2217 insultas,
2823 2162 2878 2207 et
2916 2153 2981 2207 ad
3027 2154 3282 2209 ultionem
3331 2166 3458 2211 sunt
3512 2158 3757 2213 incitati:

2185 2239 2307 2295 ideo
2334 2241 2482 2304 dicit,
2517 2239 2735 2296 Oculum
2781 2260 2872 2313 pro
2900 2245 3079 2309 acula;
3108 2254 3163 2301 et
3201 2262 3412 2310 rursus,
3456 2247 3563 2302 Via:
3589 2266 3762 2303 eorum

2184 2334 2272 2404 qui
2297 2343 2414 2392 sunt
2452 2335 2654 2404 injuria:
2684 2352 2945 2403 memores,
2970 2347 3085 2390 sunt
3111 2338 3178 2390 ad
3214 2350 3423 2393 mortem
3449 2342 3465 2409 (
3493 2340 3642 2396 Prov.
3672 2343 3758 2397 12.

2186 2425 2313 2494 29).
2356 2425 2412 2481 Si
2443 2442 2571 2480 vero
2602 2426 2688 2480 ubi
2740 2427 2934 2481 licebat
2960 2428 3174 2483 oculum
3218 2445 3407 2485 eruere
3438 2447 3534 2501 pro
3573 2433 3762 2497 oculo,

2191 2527 2389 2570 tantum
2409 2517 2722 2586 proponitur
2741 2517 3055 2587 supplicium
3077 2519 3162 2585 iis,
3181 2520 3269 2589 qui
3296 2530 3529 2590 acceptze
3563 2522 3766 2591 injurias

2188 2615 2308 2662 sunt
2338 2623 2623 2672 memores,
2655 2619 2852 2678 quanto
2880 2610 3051 2679 magis
3099 2611 3410 2681 iis,,quibus
3452 2614 3657 2682 jussum
3686 2626 3770 2669 est

2190 2714 2250 2755 se
2276 2701 2516 2771 praebere
2544 2709 2756 2769 paratos
2784 2701 2851 2756 ad
2876 2702 3224 2771 patiendum?
3249 2704 3325 2759 Ne
3347 2705 3512 2759 simus
3535 2721 3661 2775 ergo
3690 2707 3772 2759 in-

2186 2792 2343 2862 juria:
2372 2807 2669 2857 memores,
2724 2793 2819 2847 sed
2872 2795 3004 2847 iram
3033 2795 3472 2864 exstinguamus,
3521 2806 3581 2851 ut
3624 2796 3770 2866 digni

2193 2897 2509 2938 censeamur
2564 2885 2655 2954 qui
2703 2885 2819 2953 ejus
2879 2900 3271 2955 consequamur
3324 2888 3771 2942 misericordiam.

2197 2975 2333 3030 Nam
2359 2992 2478 3046 qua,
2507 2978 2697 3047 inquit,
2722 2995 2955 3031 mensura
2985 2978 3246 3043 metimini,
3278 2995 3337 3031 ea
3357 2980 3493 3032 vobis
3522 2980 3766 3048 repende-

2198 3076 2299 3131 tur,
2334 3078 2380 3121 et
2406 3069 2457 3121 in
2474 3085 2571 3138 quo
2589 3068 2790 3138 judicia
2811 3069 3081 3139 judicatis,
3100 3069 3449 3132 iudicabimini
3473 3068 3693 3138 (Matth.
3718 3070 3773 3124 7.

2196 3161 2284 3230 9.).
2311 3163 2487 3216 Simus
2516 3162 2675 3231 igitur
2699 3178 2822 3231 erga
2861 3176 3150 3216 conservos
3194 3161 3588 3228 misericordes,
3618 3170 3675 3215 ut
3722 3171 3776 3215 et

2199 3269 2292 3307 eos
2319 3254 2407 3322 qui
2448 3265 2572 3308 sunt
2599 3254 2651 3307 in
2690 3254 2939 3324 praesenti
2968 3255 3071 3306 vita
3094 3253 3315 3322 laqueos
3348 3252 3693 3323 elfugiamus,
3721 3264 3778 3307 et

2201 3348 2253 3401 in
2275 3346 2364 3400 die
2393 3345 2577 3401 futuro
2600 3346 2668 3401 ab
2689 3361 2755 3401 eo
2774 3346 2984 3401 veniam
3004 3360 3377 3416 assequamur,
3406 3345 3576 3415 gratia
3600 3355 3652 3400 et
3680 3344 3776 3398 hc-

2204 3439 2482 3508 nignitate,
2508 3447 2612 3493 etc.

1862 3699 2207 3762 HOMILIA
2249 3701 2448 3761 XVII.

523 3815 654 3870 CAP.
695 3820 746 3872 4.
788 3835 841 3873 v.
882 3820 969 3875 '52.
1012 3819 1186 3873 Estate
1209 3829 1377 3872 autem
1414 3819 1625 3872 invicem
1661 3818 1882 3889 benigni,
1908 3820 2105 3873 miseri-

597 3909 793 3973 cordes,
824 3910 1069 3963 donantes
1112 3911 1348 3974 invicem,
1401 3910 1529 3964 sicut
1569 3920 1616 3963 et
1643 3908 1784 3962 Deus
1824 3911 1877 3961 in
1906 3908 2104 3963 Christo

598 3998 804 4051 donavit
849 3999 1006 4053 vobis.
1038 3999 1165 4054 CAP.
1198 4001 1251 4055 5.
1294 4015 1345 4051 ν.
1392 4001 1442 4054 1.
1484 3998 1657 4053 Estote
1686 4017 1804 4069 ergo
1833 4002 2105 4055 imitatores

605 4088 716 4154 Dei,
744 4090 870 4143 sicut
894 4091 989 4156 lilii
1013 4090 1281 4153 carissimi,
1302 4091 1356 4145 2.
1384 4099 1431 4144 et
1450 4090 1704 4143 ambulate
1728 4092 1782 4143 in
1818 4091 2102 4157 dilectione,

599 4184 728 4236 sicut
751 4191 797 4235 et
827 4181 1056 4236 Christus
1100 4183 1279 4236 dilexit
1310 4199 1421 4245 nos,
1451 4192 1498 4235 et
1539 4184 1745 4236 tradidit
1783 4185 2107 4247 semetipsum

605 4270 695 4339 pro
720 4275 861 4329 nobis
885 4276 1187 4330 oblationem
1215 4286 1263 4330 et
1288 4276 1506 4329 hostiam
1535 4275 1639 4329 Dea
1669 4277 1721 4330 in
1748 4277 1956 4330 adorent
1987 4295 2109 4331 sua-

602 4368 793 4437 vitatis.

610 4461 658 4510 1.
705 4459 975 4513 Praeterita
1005 4460 1263 4528 majorem
1286 4460 1395 4514 vim
1428 4449 1626 4516 habent
1654 4477 1811 4530 quam
1838 4462 2033 4527 futura,
2054 4470 2110 4516 et

538 4548 785 4602 videntur
810 4564 929 4603 esse
968 4550 1364 4605 admirabiliora
1391 4561 1445 4605 et
1471 4552 1833 4607 credibiliora.
1879 4553 1945 4605 Et
1989 4552 2109 4607 ideo

540 4640 730 4694 Paulus
758 4640 1186 4695 adhortationem
1208 4659 1275 4696 ex
1298 4642 1361 4695 iis
1393 4642 1518 4696 facit
1556 4658 1675 4711 qure
1714 4642 1959 4696 luerunt:
1988 4658 2109 4696 nam

538 4732 625 4785 illa
653 4730 866 4800 quidem
908 4733 1162 4801 majorem
1190 4734 1298 4787 vim
1330 4733 1529 4788 habent
1557 4744 1774 4803 propter
1814 4734 2111 4791 Christum.

538 4820 669 4874 Nam
696 4820 1183 4886 dicere:Remitte,
1224 4835 1277 4877 et
1303 4825 1603 4879 remittetur
1644 4827 1769 4890 tibi;
1798 4834 1873 4893 et,
1918 4825 1972 4880 Si
2008 4842 2110 4880 non

541 4913 877 4976 remiseritis,
905 4929 1010 4968 non
1037 4916 1336 4970 remittetur
1360 4917 1512 4970 vobis
1540 4916 1750 4988 (Matth.
1781 4919 1834 4971 6.
1870 4920 1958 4973 Η.
1989 4917 2111 4987 15);

542 5003 587 5058 si
614 5003 821 5058 dicatur
843 5006 1058 5074 quidem
1085 5005 1217 5062 viris
1248 5002 1585 5076 philosophis
1604 5017 1658 5061 et
1684 5007 1857 5062 futura
1886 5009 2113 5063 creden-

542 5096 704 5161 tibus,
722 5096 945 5151 multum
974 5105 1179 5166 potest:
1206 5097 1401 5151 Paulus
1424 5106 1602 5152 autem
1626 5114 1728 5151 non
1751 5115 1815 5153 ex
1838 5099 1920 5153 his
1942 5100 2114 5153 solum

544 5185 733 5240 incutit
763 5185 1039 5255 pudorem,
1066 5185 1159 5240 sed
1187 5185 1346 5240 etiam
1376 5203 1439 5241 ex
1467 5186 1533 5241 iis
1573 5202 1690 5256 quae
1727 5189 1958 5242 fuerunt.
1983 5188 2115 5243 Nam

543 5275 677 5330 illud
703 5276 917 5346 quidem
944 5284 1026 5329 est
1058 5275 1241 5345 fugere
1268 5276 1615 5346 supplicium;
1653 5276 1756 5332 hoc
1794 5287 1971 5333 autem
1998 5293 2119 5333 esse

546 5367 672 5423 boni
698 5367 923 5436 alicujus
964 5368 1297 5437 participem.
1348 5368 1559 5424 Imitare
1601 5366 1892 5433 Christum,
1924 5369 2115 5441 inquit.

549 5458 658 5512 Hoc
697 5460 868 5513 solum
920 5458 1116 5513 sufﬁcit
1161 5458 1228 5513 ad
1282 5459 1671 5513 exhortandum
1723 5460 1786 5514 ad
1836 5462 2115 5527 virtutem,

551 5554 716 5607 Deum
744 5553 939 5607 imitari
964 5571 976 5607 :
1009 5552 1112 5606 hoc
1140 5552 1310 5621 tnajus
1335 5563 1417 5606 est
1457 5554 1570 5619 illo,
1598 5555 1921 5622 nempe,Qni
1961 5554 2117 5607 solem

546 5644 668 5713 facit
695 5646 817 5697 oriri
842 5661 993 5715 super
1017 5644 1176 5697 malas
1199 5654 1243 5697 et
1267 5643 1446 5709 bonos,
1473 5655 1518 5697 et
1548 5643 1679 5713 pluit
1703 5661 1853 5712 super
1873 5644 2042 5712 justas
2073 5654 2119 5697 et

542 5738 761 5807 injustas
784 5736 992 5792 (Matth.
1016 5736 1069 5792 5.
1097 5736 1209 5808 45).
1228 5736 1346 5793 Νοιι
1363 5738 1505 5793 enim
1525 5736 1656 5791 dixit
1681 5738 1853 5792 solum
1878 5747 1932 5791 ut
1953 5737 2117 5792 Deum

2210 3821 2498 3886 imitemur,
2529 3821 2620 3875 sed
2664 3822 2715 3875 in
2765 3822 2849 3887 iis,
2892 3821 2946 3876 in
2990 3821 3180 3892 quibus
3207 3822 3465 3877 beneﬁcio
3493 3819 3776 3887 allieimur,

2208 3913 2324 3966 vult
2350 3928 2447 3966 nos
2486 3914 2624 3967 inter
2660 3930 2755 3967 nos
2796 3912 2994 3968 habere
3046 3915 3249 3967 viscera
3296 3923 3536 3983 patrum:
3574 3912 3779 3966 viscera

2208 4006 2351 4060 enim
2381 4004 2494 4059 htec
2520 4005 2771 4060 dicuntur
2807 4006 3108 4060 humanitas
3134 4017 3188 4062 et
3217 4005 3607 4060 miserationes.
3645 4004 3779 4059 Nam

2210 4098 2459 4169 quoniam
2488 4098 2602 4152 lieri
2627 4113 2731 4151 non
2755 4106 2929 4167 potest
2955 4106 3012 4151 ut
3036 4113 3156 4152 cum
3188 4097 3353 4152 simus
3375 4097 3642 4161 homines,
3675 4111 3775 4150 nec

2211 4190 2421 4243 molesti
2468 4191 2656 4253 simus,
2701 4205 2799 4244 nec
2847 4189 3091 4243 molestia
3138 4190 3457 4257 alﬁciamur,
3486 4188 3779 4243 secundum

2213 4281 2415 4334 invenit
2440 4281 2909 4346 medicamentum,
2942 4289 3001 4335 ut
3027 4280 3165 4335 dona
3197 4281 3349 4334 nobis
3386 4292 3569 4333 mutuo
3594 4281 3779 4333 conle-
3820 4341 3822 4344 ν

2212 4389 2425 4428 ramus:
2451 4372 2732 4436 Donantes,
2765 4374 2955 4442 inquit,
2984 4373 3406 4442 invicem.Atqui
3430 4374 3645 4425 minime
3661 4381 3784 4427 sunt

2214 4466 2393 4533 paria:
2428 4480 2547 4518 nam
2576 4465 2618 4517 si
2649 4474 2701 4518 tu
2731 4480 2869 4519 nunc
2899 4464 3111 4533 quidem
3142 4464 3311 4519 dones
3350 4479 3412 4517 ac
3446 4464 3782 4534 gratiliceris,

2215 4556 2307 4609 ille
2345 4571 2529 4609 rursus
2569 4556 2661 4609 tibi
2688 4555 2905 4609 donabit
2929 4566 2983 4610 et
3021 4556 3435 4626 gratiﬁcabitur;
3474 4557 3580 4609 Deo
3607 4566 3783 4609 autem

2218 4644 2351 4698 nihil
2379 4645 2588 4699 donasti
2615 4663 2627 4697 :
2658 4656 2712 4698 et
2742 4656 2794 4699 tu
2838 4646 3051 4715 quidem
3102 4661 3393 4711 conservo;
3427 4647 3567 4701 Deus
3606 4656 3785 4699 autem

2217 4750 2372 4790 servo
2398 4746 2453 4790 et
2477 4737 2713 4798 inimico,
2738 4739 2859 4791 etei
2889 4738 2981 4807 qui
3012 4739 3185 4806 ipsum
3217 4739 3348 4792 odit.
3381 4737 3528 4791 Sicut
3554 4746 3600 4790 et
3627 4736 3785 4802 Deus,

2219 4828 2407 4897 inquit,
2449 4829 2501 4881 in
2530 4829 2730 4903 Christo
2752 4829 2953 4882 donavit
2982 4829 3142 4882 nobis.
3164 4829 3274 4882 Hoc
3299 4843 3509 4901 quoque
3533 4842 3781 4897 magnum

2218 4917 2380 4971 habet
2405 4918 2652 4987 aenigma.
2677 4919 2790 4971 Non
2815 4918 3144 4989 simpliciter,
3170 4918 3354 4988 inquit,
3391 4919 3507 4973 sine
3554 4917 3788 4988 periculo

2221 5011 2373 5065 nobis
2400 5010 2637 5073 donavit,
2672 5011 2765 5063 sed
2795 5026 2913 5063 cum
2948 5011 3183 5079 periculo
3208 5007 3350 5064 Filii.
3380 5009 3450 5066 Ut
3494 5010 3591 5064 tibi
3634 5010 3788 5079 igno-

2220 5111 2412 5166 sceret,
2461 5102 2777 5155 sacrilicavit
2824 5101 3061 5155 Filium:
3101 5113 3154 5155 tu
3202 5111 3375 5156 autem
3421 5116 3563 5170 saepe
3605 5101 3792 5155 videns

2220 5192 2664 5245 condonationem
2705 5206 2823 5243 esse
2869 5192 2983 5244 sine
3034 5191 3273 5259 pericula
3321 5200 3374 5244 et
3412 5192 3528 5244 sine
3556 5200 3790 5258 sumptu,

2221 5298 2329 5337 non
2361 5284 2507 5336 lacis.
2538 5282 2711 5336 Estote
2737 5300 2855 5351 ergo
2882 5285 3154 5336 imitatores
3181 5282 3299 5350 Dei,
3326 5285 3452 5337 sicut
3476 5285 3570 5351 lilii
3594 5284 3793 5337 carissi-

2222 5374 2311 5438 mi,
2336 5383 2383 5427 et
2410 5374 2661 5426 ambulate
2689 5375 2741 5426 in
2771 5373 3056 5438 dilectione,
3096 5375 3221 5427 sicut
3260 5385 3306 5427 et
3352 5373 3579 5427 Christus
3617 5373 3797 5427 dilexit

2223 5479 2335 5526 nos,
2368 5473 2414 5516 et
2439 5464 2649 5517 tradidit
2673 5465 2990 5532 semetipsum
3012 5480 3103 5532 pro
3129 5465 3269 5517 nobis
3297 5463 3597 5518 oblationem
3628 5475 3672 5517 et
3699 5464 3795 5519 lto-

2224 5555 2371 5607 stiam
2400 5552 2508 5608 Deo
2550 5555 2604 5608 in
2647 5554 2852 5609 adorem
2900 5554 3181 5607 suavitatis.
3214 5554 3290 5608 Ne
3317 5564 3493 5609 autem
3521 5554 3795 5609 existimes

2226 5660 2336 5699 rem
2361 5660 2481 5701 esse
2506 5647 2859 5711 necessitatis,
2890 5646 3011 5701 audi
3039 5646 3163 5716 quid
3192 5646 3351 5709 dicat,
3384 5646 3618 5716 Seipsum
3641 5649 3798 5699 tradi-

2227 5739 2334 5805 dit;
2368 5754 2429 5794 ac
2473 5741 2517 5795 si
2560 5739 2780 5807 diceret,
2812 5739 2944 5794 Cum
2973 5755 3120 5797 esses
3172 5740 3432 5805 inimicus,
3468 5740 3720 5795 Dominus
3749 5751 3799 5796 te
