4096 6388
340 287 451 342 “H5

337 399 533 467 στόμα,
579 398 770 449 ἐκεῖνοι
827 398 1134 467 σιγήσονται
1164 414 1184 451 ⁸.
1213 400 1279 452 ἂν
1329 401 1387 455 δὲ
1439 404 1689 473 σιγήσῃς,
1718 403 1902 456 οὐκέτι

334 487 415 539 ἐνὶ
436 484 683 552 στόματι,
748 483 885 536 ἀλλὰ
934 486 1145 554 μυρίοις
1198 488 1311 550 τοῖς
1361 488 1471 540 τῶν
1508 490 1679 542 ἄλλων
1738 490 1900 544 αὐτὸν

339 568 568 638 βάλλεις,
616 568 710 619 καὶ
758 568 956 636 μᾶλλον
990 569 1192 641 ἀμύνῃ.
1222 571 1329 623 Καὶ
1382 572 1466 623 σοὶ
1497 572 1595 642 μὲν
1626 572 1899 643 ὑϐρίζοντι
1942 618 1949 623 .

344 656 518 708 πολλοὶ
561 656 653 707 καὶ
696 654 1019 722 ἐγκαλοῦσιν
1051 672 1064 684 ·
1108 656 1294 724 ἐροῦσι
1354 657 1464 728 γάρ
1522 657 1617 710 τοῦ
1692 659 1899 720 πάθους

336 738 475 794 εἶναι
504 741 575 793 τὰ
597 741 845 810 ῥήματα·
881 742 1008 794 ὅταν
1038 741 1096 793 δὲ
1125 743 1153 792 6
1180 743 1346 812 μηδὲν
1378 744 1706 813 ἠδικημένος
1728 745 1899 808 οῦτως

338 829 497 882 αὑτὸν
512 827 687 897 πλύνῃ
711 830 831 890 ταῖς
854 828 1065 898 ὕβρεσι,
1094 830 1214 881 τότε
1235 831 1465 899 μάλιστα
1486 831 1702 901 καθαρά
1720 834 1900 901 πάσης

340 918 569 985 ὑποψίας
596 918 631 985 ἡ
662 916 863 985 ἄμυνα.
902 918 1069 969 Ὅταν
1091 917 1199 987 γὰρ
1227 921 1274 970 οί
1305 919 1469 989 μηδὲν
1500 919 1759 982 παθόντες
1792 920 1900 972 δει-

339 1001 446 1061 νὸν,
472 1001 560 1053 διά
585 1001 684 1069 τὴν
707 1000 1013 1070 ὑπερϐολὴν
1036 1000 1135 1069 τῆς
1163 1002 1259 1069 σῆς
1282 1003 1578 1063 ἐπιεικείας
1606 1002 1681 1064 ὡς
1710 1004 1900 1071 ἠδικη-

338 1085 490 1157 μένοι
520 1083 825 1151 συναλγῶσι
869 1084 962 1135 καὶ
1004 1084 1398 1154 συμπάσχωσι,
1447 1085 1627 1154 πάσης
1665 1085 1898 1153 ὑποψίας

338 1166 550 1236 καθαρά
577 1164 717 1234 αῦτη
740 1168 773 1235 ή
798 1164 1031 1217 ἐκδικία.
1064 1165 1127 1216 Τί
1146 1162 1260 1230 οὖν,
1285 1166 1350 1219 ἂν
1371 1168 1557 1236 μηδεὶς
1587 1167 1893 1237 ἀμύνηται;

336 1250 517 1317 φησίν.
569 1250 682 1301 Οὐκ
710 1248 854 1301 ἐστιν
884 1245 1020 1301 εἶναι
1049 1248 1285 1313 λιθίνους
1316 1250 1655 1320 ἀνθρώπους,
1687 1252 1760 1313 ώς
1779 1268 1899 1305 τοσ-

335 1330 501 1401 αὐτην
548 1331 861 1399 φιλοσοφίαν
910 1328 1163 1401 ὁρῶντας
1210 1333 1283 1402 μὴ
1325 1332 1638 1403 θαυμάσαι·
1690 1334 1793 1387 κᾶν
1824 1332 1899 1404 μὴ

335 1414 455 1466 τότε
490 1414 788 1485 ἀμύνωσιν,
821 1412 1044 1485 ὕστερον
1079 1415 1228 1485 ὅμως
1276 1419 1333 1469 ἐν
1371 1418 1702 1470 καταστάσει
1748 1418 1898 1485 γενό‹

338 1514 509 1568 μενοι,
536 1497 705 1549 τοῦτο
744 1497 1088 1567 ἐργάσονται,
1146 1497 1489 1562 σκώπτοντες
1545 1502 1751 1553 ἐκεῖνον
1804 1500 1898 1552 καὶ

333 1578 716 1647 λοιδοροῦντες.
751 1580 867 1632 Κᾶν
903 1579 1087 1649 ἕτερος
1112 1580 1169 1633 δὲ
1203 1581 1390 1648 μηδεὶς
1425 1581 1702 1653 θαυμάσῃ,
1736 1583 1897 1645 αὐτός

336 1679 398 1714 σε
436 1662 638 1723 ἐκεῖνος
671 1661 887 1723 πάντως
939 1661 1320 1731 θαυμάσεται,
1376 1664 1479 1716 κᾶν
1517 1664 1591 1733 μὴ
1643 1665 1796 1736 λέγῃ.
1833 1664 1897 1716 Ἠ

277 1750 305 1775 ⁵
335 1743 445 1813 γὰρ
476 1741 568 1799 τοῦ
597 1742 761 1796 καλοῦ
796 1743 975 1814 κρίσις
997 1747 1130 1813 ἡμῖν
1149 1784 1162 1807 ,
1195 1746 1299 1799 κᾶν
1325 1749 1401 1808 είς
1426 1747 1556 1799 αὐτὸ
1587 1748 1683 1818 τῆς
1703 1748 1899 1810 κακίας

335 1826 398 1879 τὸ
424 1824 695 1899 βάφθρον
720 1826 980 1895 ἔλθωμεν,
1010 1828 1303 1892 ἀδέκαστος
1327 1824 1685 1899 καθέστηκεν,
1708 1832 1767 1883 οὐ
1796 1848 1902 1883 πα-

336 1892 722 1983 ρακλιλξμένη.
770 1910 838 1960 Ἢ
862 1892 957 1963 ’διὰ
1002 1910 1053 1963 τί
1088 1911 1181 1964 τὸν
1234 1912 1437 1982 Κύριον
1478 1892 1635 1983 ἡμῶν
1673 1892 1778 1967 οἴει
1809 1915 1901 1967 τὸν

334 1974 576 2062 Χριστῶ⁷
595 1974 765 2045 ταῦτα
787 1992 985 2061 λέγειν,
1030 1994 1169 2047 Ἐάν
1198 1996 1291 2061 τίς
1322 1974 1396 2049 σε
1418 1974 1651 2066 ραἶτίσῃ
1676 2001 1760 2064 είς
1787 1996 1902 2065 τὴν

334 2072 540 2139 δεξιὰν
572 2077 846 2145 σιαγόνα,
878 2071 1149 2144 στρέψον
1178 2076 1340 2142 αὐτῷ
1366 2080 1463 2131 καὶ
1514 2079 1628 2146 τὴν
1660 2080 1900 2147 ἄλλην-ς

333 2158 434 2211 οὐκ
462 2159 649 2228 ἐπειδὴ
675 2160 889 2227 ὂσῳέάν
908 2177 990 2221 τις
1022 2161 1370 2230 μακρόθυμος
1395 2161 1638 2232 γένηται,
1664 2162 1900 2232 τοσούτῳ

337 2240 537 2311 μᾶλλον
569 2242 663 2293 καὶ
692 2241 883 2293 ἐαυτὸν
916 2244 1167 2295 κάκεῖνον
1196 2243 1477 2313 ὠφέλησεν
1497 2245 1766 2313 ὠφέλειαν
1798 2246 1898 2316 τὴν

337 2323 636 2393 μεγίστηνς
668 2323 765 2374 Διά
794 2324 951 2376 τοῦτο
982 2326 1233 2395 στρέφειν
1278 2329 1371 2380 καὶ
1398 2328 1497 2397 τὴν
1536 2328 1704 2397 ἀλλην
1734 2345 1899 2399 προσ-

333 2404 547 2468 έταξεν,
578 2404 727 2476 [ιιιο]
755 2406 840 2458 ἵνα
870 2408 1121 2478 ἐμπλήσῃ
1142 2407 1238 2478 τήν
1267 2409 1557 2479 ἐπιθυμίαν
1582 2409 1677 2462 τοῦ
1710 2410 1898 2480 θυμουο

334 2488 523 2558 μένου.
551 2490 647 2551 Τίς
668 2490 776 2561 γάρ
799 2490 941 2543 οὕτω
969 2492 1156 2561 θηρίον
1174 2494 1341 2556 ἐστὶν,
1359 2493 1432 2556 ώς
1462 2496 1536 2565 μὴ
1567 2495 1898 2565 ἐντραπῆναι

330 2571 553 2636 λοιπόν;
587 2574 650 2625 Ol
696 2572 857 2636 κύνες
893 2573 1141 2639 λέγονται
1190 2575 1351 2628 τοῦτο
1404 2579 1612 2630 ποιεῖν’
1660 2578 1762 2631 κᾶν
1790 2578 1898 2649 γάρ

330 2654 700 2726 ὑλακτήσωσι,
748 2658 845 2709 καὶ
889 2658 1156 2711 ἐπέλθωσί
1197 2677 1334 2724 τινι,
1363 2661 1391 2712 6
1418 2661 1473 2713 δὲ
1506 2660 1697 2713 ὕπτιον
1736 2663 1899 2731 ῥίψας

324 2739 524 2791 ἑαυτὸν
554 2740 718 2809 μηδὲν
751 2740 1075 2811 ἐργάσηται,
1098 2743 1190 2796 τὸν
1219 2744 1387 2813 θυμὸν
1409 2745 1623 2798 ἅπαντα
1654 2746 1893 2800 ἔσϐεσεν.

331 2821 401 2875 Et
437 2822 615 2875 τοίνυν
658 2825 856 2876 ἐκεῖνοι
892 2824 984 2877 τὸν
1025 2824 1215 2877 παθεῖν
1254 2827 1381 2896 παρ’
1412 2828 1593 2891 αὐτοῖς
1628 2840 1654 2867 α
1710 2829 1897 2892 κακῶς

327 2902 547 2973 ἕτοιμον
579 2906 973 2972 δυσωποῦνται,
1004 2906 1182 2975 πολλῶ
1214 2908 1413 2977 μᾶλλον
1445 2908 1507 2961 τὸ
1537 2910 1646 2962 τῶν
1686 2910 1898 2980 ἀνθρώ⁴

333 3004 451 3039 πων
488 2987 641 3053 γένος
670 2988 1051 3059 λογικώτερον.
1092 2990 1252 3043 Ἀλλά
1287 2992 1395 3062 γάρ
1418 2993 1567 3058 ἄξιον
1600 2994 1661 3045 τὸ
1704 2995 1897 3065 μικρὸν

324 3067 645 3137 ἔμπροσθεν
683 3073 763 3134 είς
814 3074 1035 3143 μνήμην
1084 3073 1257 3138 ἐλθὸν,
1318 3076 1413 3128 καὶ
1468 3077 1545 3138 είς
1591 3076 1897 3147 μαρτυρίαν

397 3248 427 3279 ε
462 3239 744 3301 Legendum
768 3242 877 3304 παρ’
898 3242 1070 3292 αὐτῶν.

1141 289 1216 344 'IN
1257 289 1478 348 EPIST.
1513 292 1603 347 AD
1628 291 1881 350 Ἐνιιεε.
1909 294 2070 351 CAP.
2108 294 2199 364 IV,
2238 298 2295 352 ν.
2338 297 2576 353 HOMIL.
2617 299 2776 357 XVII.

3462 306 3567 360 116

2005 407 2284 468 ἐλκυσθὲν,
2320 409 2395 478 μή
2428 409 2697 477 παριδεῖν.
2734 411 2799 463 Τί
2830 410 2895 482 δὴ
2934 412 3094 467 τοῦτό
3125 416 3303 482 ἐστιν;
3355 416 3573 487 Ἐλέγοο

2009 508 2109 560 μεν
2140 492 2269 561 περὶ
2297 491 2405 544 τῶν
2444 491 2712 545 Ἰουδαίων
2749 494 2846 545 καὶ
2870 494 2978 546 τῶν
3009 497 3285 567 ἀρχόντων
3305 498 3411 551 τῶν
3435 501 3568 571 παρ’

2000 577 2202 639 αὐτοῖς,
2244 577 2326 628 ὃτι
2372 575 2723 629 ἐνεκαλοῦντο
2754 577 2828 639 ὡς
2870 578 3157 643 διώκοντες
3189 584 3569 653 ἀνταπόδομα,

2000 660 2176 712 καίτοι
2209 660 2366 712 τοῦτο
2393 662 2420 712 6
2449 660 2609 729 νόμος
2653 661 2835 723 αὐτοῖς
2867 662 3185 732 ἐπέτρεπεν·
3230 666 3573 735 Ὀφθαλμὸν

1997 741 2129 795 ἀντὶ
2159 742 2490 810 ὀφθαλμοῦ,
2512 741 2610 795 καὶ
2633 741 2850 794 ὀδόντα
2864 744 3000 796 ἀντὶ
3024 745 3296 811 ὀδόντος·
3328 747 3442 799 ἀλλ’
3472 748 3572 817 οὐχ

1999 823 2083 875 ἵνα
2113 825 2236 886 τοὺς
2265 825 2506 893 ἀλλήλων
2558 824 2915 894 ἐξορύττωσιν
2952 827 3285 897 ὀφθαλμοὺς,
3331 829 3445 881 ἀλλ’
3485 831 3573 883 ἵνα

2000 908 2148 977 φόϐῳ
2173 908 2265 959 τοῦ
2298 909 2488 961 παθεῖν
2530 910 2627 976 τὴν
2674 908 2766 960 τοῦ
2802 913 2972 961 ποιεῖν
3005 911 3188 964 ἄδειαν
3230 912 3566 981 ἐπισχόντες,

2001 991 2137 1060 μήτε
2167 990 2503 1061 ἐργάζωνταί
2543 1008 2597 1042 τι
2633 991 2799 1043 κακὸν
2824 993 3066 1063 ἐτέρους,
3116 995 3253 1063 μήτε
3290 996 3573 1063 πάσχωσιν

1999 1074 2152 1125 αὐτοὶ
2175 1074 2303 1144 παρ’
2329 1074 2547 1144 ἐτέρων.
2570 1074 2668 1126 Διά
2692 1076 2849 1127 τοῦτο
2871 1071 3047 1131 εἶπεν.
3083 1076 3424 1144 Ὀφθαλμὸν
3439 1077 3571 1129 ἀντὶ

2000 1156 2331 1225 ὀφθαλμοῦ,
2357 1157 2443 1209 ἴνα
2469 1159 2569 1218 τὰς
2596 1159 2807 1212 ἐκείνου
2824 1158 2960 1231 δήσῃ
2983 1162 3194 1229 χεῖρας,
3228 1159 3325 1227 οὐχ
3358 1158 3446 1211 ἵνα
3474 1158 3574 1219 τὰς

2001 1238 2099 1302 σάς
2128 1239 2493 1311 ἁντεξαγάγῃ,
2515 1241 2613 1308 οὐχ
2642 1242 2726 1292 ἵνα
2752 1242 2859 1292 τῶν
2887 1242 2992 1293 σῶν
3017 1242 3313 1311 ὀφθαλμῶν
3334 1239 3573 1311 ἀπείρξῃ

1998 1320 2096 1388 τὴν
2128 1320 2330 1391 βλάϐην
2357 1322 2538 1392 μόνον,
2569 1322 2681 1374 ἀλλ’
2715 1324 2802 1376 ἵνα
2834 1324 2929 1376 καὶ
2967 1324 3091 1387 τοὺς
3133 1325 3344 1376 ἐκείνου
3381 1322 3569 1392 διατη-

2003 1405 2143 1476 ρήσῃ
2174 1404 2363 1467 σώους.
2407 1405 2545 1457 Ἀλλ’
2569 1406 2705 1475 ὅπερ
2734 1405 2979 1475 ἐζήτουν,
2999 1406 3143 1469 τίνος
3170 1407 3355 1459 ἕνεκεν
3377 1422 3572 1473 συγκε-

1999 1487 2325 1557 χωρημένης
2380 1485 2593 1557 ἀμύνης
2650 1488 3002 1540 ἐνεκαλοῦντο
3058 1490 3108 1541 oi
3152 1488 3228 1559 τῷ
3284 1490 3570 1559 πράγματι

1998 1571 2363 1639 κεχρημένοι;
2414 1570 2467 1622 τί
2513 1586 2645 1623 ποτε
2696 1571 2855 1624 τοῦτό
2898 1572 3048 1636 ἐστι;
3113 1572 3185 1624 Τὸ
3232 1572 3569 1642 μνησίκακον

2001 1656 2234 1709 ἐνταῦθά
2259 1673 2443 1725 φησιν.
2476 1655 2690 1719 Εὐθέως
2724 1656 2821 1726 μὲν
2854 1657 2962 1726 γάρ
2990 1656 3080 1709 τὸν
3108 1657 3345 1731 παθόντα
3372 1657 3567 1726 δρᾶσαι

2002 1745 2296 1810 συγχωρεῖ,
2318 1743 2453 1811 ὅπερ
2484 1742 2639 1811 ἔφην,
2670 1742 2915 1811 κατέχων
2934 1745 3174 1796 ἐκεῖνον’
3212 1744 3568 1813 μνησικακεῖν

2000 1824 2057 1875 δέ
2090 1825 2275 1876 οὐκέτι
2316 1824 2571 1893 ἀφίησιν⁸
2605 1825 2788 1876 οὐκέτι
2817 1825 2924 1894 γάρ
2962 1826 3022 1877 τὸ
3057 1824 3289 1895 πρᾶγμά
3324 1827 3437 1876 ἐστι
3469 1823 3565 1876 τοῦ

2002 1905 2197 1975 θυμοῦ,
2232 1904 2351 1958 οὐδὲ
2382 1909 2480 1977 τῆς
2510 1906 2738 1976 ζεούσης
2768 1908 2957 1978 ὀργῆς,
2990 1908 3126 1960 ἀλλά
3170 1908 3435 1977 πονηρίας
3468 1924 3566 1976 με-

2006 1989 2398 2059 μελετημένης.
2448 1990 2817 2057 Συγγινώσκει
2852 1991 2908 2043 δὲ
2936 1992 2963 2043 6
2992 1990 3125 2054 Θεὸς
3168 1995 3280 2053 τοῖς
3326 1991 3434 2043 ἀπὸ
3466 1991 3566 2061 τῆς

2000 2073 2259 2142 ἐπηρείας
2282 2072 2414 2134 ἴσως
2461 2073 2912 2142 συναρπασθείσι,
2952 2076 3049 2127 καὶ
3092 2076 3185 2127 ἐπὶ
3222 2078 3323 2141 τὴν
3352 2075 3566 2141 ἄμυναν

1999 2154 2285 2224 ὡρμηκόσι
2306 2170 2319 2184 ο
2347 2154 2428 2213 διὸ
2462 2154 2630 2223 λέγει,
2678 2156 3016 2224 Ὀφθαλμὸν
3042 2158 3177 2211 ἀντὶ
3208 2155 3519 2225 ὀφθαλμοῦ
3544 2170 3562 2187 ’

1999 2238 2094 2290 καὶ
2124 2236 2304 2299 πάλιν,
2344 2236 2502 2289 Ὀδοὶ
2538 2238 2937 2306 μνησικὰκων
2963 2242 3051 2305 είς
3085 2239 3364 2293 θάνατον.
3402 2240 3464 2291 Et
3504 2238 3562 2290 δὲ

1998 2320 2126 2373 ἔνθα
2153 2320 2427 2390 ὀφθαλμὸν
2454 2322 2575 2373 ἀντὶ
2603 2321 2882 2391 ὀφθαλμοῦ
2911 2319 3118 2394 πηροῦν
3150 2323 3296 2392 ἐξῆν,
3326 2321 3562 2391 τοσαύτη

1999 2405 2176 2455 κεῖται
2208 2402 2449 2473 τιμωρία
2478 2406 2590 2465 τοῖς
2622 2404 2999 2472 μνησικάκοις,
3033 2405 3182 2474 πόσῳ
3223 2404 3421 2474 μᾶλλον
3450 2408 3563 2466 τοῖς

2000 2488 2093 2538 καὶ
2127 2488 2383 2556 παρέχειν
2412 2486 2638 2548 ἑαυτοὺς
2669 2486 2806 2557 πρὸς
2845 2487 2906 2539 τὸ
2932 2487 3125 2540 παθεῖν
3156 2488 3340 2549 κακῶς
3373 2486 3561 2539 κελευ-

2001 2567 2202 2634 σθεῖσι;
2234 2568 2326 2637 Μὴ
2357 2568 2536 2620 τοίνυν
2557 2562 2705 2639 ὦμεν
2728 2570 3075 2639 μνησίκακοι,
3116 2568 3251 2622 ἀλλά
3281 2569 3562 2637 σϐέσωμεν

1996 2652 2094 2720 τὴν
2129 2650 2318 2721 ὀργὴν,
2358 2650 2443 2702 ἵνα
2490 2651 2587 2719 τῆς
2623 2651 2774 2720 παρά
2825 2651 2918 2703 τοῦ
2975 2651 3107 2704 Θεοῦ
3157 2651 3562 2722 φιλανθρωπίας

1996 2732 2335 2803 ἀξιωθῶμεν.
2368 2730 2444 2802 ⁴*ῼ
2475 2734 2585 2801 γὰρ
2628 2734 2818 2800 μέτρῳ
2862 2735 3148 2802 μετρεῖτε,
3182 2736 3364 2804 φησὶν,
3396 2735 3562 2787 ἀντι-

1991 2817 2423 2885 μετρηθήσεται
2458 2816 2630 2885 ὺμῑν,
2678 2818 2776 2869 καί
2827 2817 2897 2869 ἐν
2928 2812 2976 2884 ᾧ
3022 2820 3254 2886 κρᾲιατι
3304 2819 3559 2884 κρίνετε,

1996 2900 2374 2968 κριθήσεσθε.
2424 2898 2710 2969 Γινώμεθα
2760 2896 2853 2952 οὖν
2897 2903 3026 2971 περὶ
3066 2904 3192 2964 τοὺς
3239 2900 3558 2971 ὁμοδούλους

1997 2982 2387 3050 φιλάνθρωποι,
2426 2982 2752 3051 συμπαθεῖς,
2802 2983 2949 3044 ὅπως
2989 2982 3054 3035 ἂν
3090 2984 3186 3035 καὶ
3232 2985 3330 3046 τὰς
3380 2985 3435 3034 ἐν
3481 2982 3561 3053 τῷ
3611 3031 3619 3038 .

1996 3066 2225 3136 παρόντι
2248 3066 2347 3135 βίῳ
2374 3066 2725 3135 διαφύγωμεν
2749 3068 3002 3134 παγίδας,
3027 3069 3118 3120 καὶ
3145 3069 3283 3121 κατά
3309 3069 3407 3137 τήν
3435 3067 3562 3137 μέλ-

1995 3152 2187 3205 λουσαν
2208 3152 2419 3223 ἡμέραν
2441 3153 2537 3221 τῆς
2567 3154 2694 3221 παρ’
2723 3152 2889 3205 αὑτοῦ
2914 3153 3163 3224 τύχωμεν
3204 3155 3558 3226 συγγνώμης,

1996 3237 2177 3308 χάριτι
2200 3237 2290 3290 καὶ
2324 3234 2723 3308 φιλανθρωπίᾳ,
2756 3237 2846 3289 καὶ
2872 3235 2939 3288 τὰ
2967 3237 3114 3307 ἑξῆς.

382 3488 3544 3518 ——————————————£—-——-——-——————————-—-———_—_—_—_—_.__

1660 3725 1805 3799 [εει]
1848 3727 2089 3781 υΜιΑιΑ
2132 3727 2231 3780 IZ'.

330 3924 587 3979 Γίνεσθε
607 3921 673 3974 δὲ
703 3925 788 3988 εἰς
808 3922 1121 3989 ἀλλήλους
1148 3924 1425 3993 χρηστοί,
1457 3924 1889 3993 εὔσπλαγχνοι,

404 4007 766 4075 χαριζόμενοι
824 4006 1093 4078 ἑαυτοῖς,
1143 4010 1336 4073 καθὼς
1390 4009 1488 4061 καί
1550 4011 1583 4060 ό
1636 4007 1779 4072 Θεὸς
1825 4006 1896 4058 ἐν

402 4088 631 4157 Χριστῷ
675 4090 995 4157 ἐχαρίσατο
1035 4090 1196 4159 ὑμῖν.
1242 4092 1497 4144 Γίνεσθε
1549 4086 1664 4144 οὖν
1706 4106 1891 4159 μιμη-

401 4172 494 4223 ταὶ
522 4172 628 4224 τοῦ
664 4173 833 4235 Θεοῦ,
858 4174 937 4237 ὡς
961 4172 1141 4225 τέκνα
1169 4172 1462 4241 ἀγαπητὰ,
1496 4173 1594 4228 καί
1641 4189 1891 4240 περιπα-

402 4254 551 4306 τεῖτε
578 4254 647 4307 ἐν
670 4254 891 4323 ἀγάπῃ,
918 4254 1109 4321 καθὼς
1129 4256 1226 4307 καὶ
1249 4260 1279 4309 ὀ
1302 4256 1555 4323 Χριστὸς
1575 4256 1892 4325 ἠγάπησεν

400 4336 580 4405 ἡμᾶς,
604 4337 703 4389 καὶ
734 4338 1075 4405 παρέδωκεν
1096 4339 1313 4392 ἑαυτὸν
1332 4339 1481 4407 ὑπὲρ
1511 4338 1680 4407 ἡμῶν
1708 4354 1892 4406 προσ-

400 4427 593 4488 φορὰν
625 4422 721 4473 καὶ
750 4422 970 4474 θυσίαν
996 4421 1075 4486 τῷ
1094 4419 1214 4485 Θεῷ
1236 4425 1321 4487 είς
1343 4422 1543 4491 ὀσμὴν
1557 4423 1827 4485 εὐωδίας.

398 4604 467 4651 α’.
487 4596 567 4653 Τὰ
588 4597 921 4666 παρελθόντα
948 4598 1055 4652 τῶν
1083 4600 1377 4670 μελλόντων
1408 4601 1624 4653 πλείονα
1649 4602 1759 4671 ἔχει
1784 4603 1887 4673 τὴν

312 4682 503 4750 ἰσχὺν,
541 4682 632 4733 καὶ
658 4682 805 4733 δοκεῖ
834 4682 1249 4753 θαυμαστότερα
1274 4681 1412 4737 εἶναι
1441 4686 1535 4738 καὶ
1569 4688 1883 4755 πιστότερα.

306 4767 416 4817 Διὸ
449 4765 544 4817 καὶ
568 4767 597 4817 6
623 4765 830 4829 Παῦλος
851 4768 959 4819 ἀπὸ
985 4767 1092 4820 τῶν
1121 4768 1489 4839 ὑπηργμένων
1532 4769 1629 4840 ήδη
1653 4774 1886 4823 ποιεῖται

303 4847 425 4918 τὴν
453 4847 796 4917 παράκλησιν
815 4864 829 4877 ο
865 4849 1045 4902 ἐκεῖνα
1067 4849 1166 4920 μὲν
1192 4850 1302 4919 γὰρ
1328 4850 1420 4903 τοῦ
1443 4852 1677 4921 Χριστοῦ
1704 4852 1887 4906 ἕνεκεν

306 4928 552 5000 μείζονα
592 4929 704 4999 ἔχει
732 4930 828 5000 τὴν
862 4930 1033 5000 ἰσχύν.
1077 4932 1149 4985 Τὸ
1179 4931 1287 5001 γὰρ
1334 4935 1527 4998 εἰπεῖν,
1562 4933 1749 5002 Ἄφες,
1793 4936 1887 4987 καὶ

301 5013 661 5083 ἀφεθήσεταί
694 5031 801 5075 σοι,
827 5013 927 5066 κᾶν
975 5016 1049 5085 μὴ
1087 5017 1282 5087 ἀφῆτε,
1319 5018 1379 5069 ού
1434 5018 1508 5088 μὴ
1549 5018 1885 5086 ἀφεθήσεται

300 5098 471 5163 ὑμῖν,
530 5096 666 5163 πρὸς
721 5098 817 5165 μὲν
851 5097 1174 5165 φιλοσόφους
1223 5099 1421 5169 ἄνδρας
1461 5100 1751 5170 λεγόμενον
1791 5105 1884 5156 καὶ

296 5181 429 5241 τοῖς
465 5178 718 5248 μέλλουσι
747 5179 1117 5245 πιστεύοντας,
1158 5183 1298 5250 μέγα
1331 5184 1553 5236 δύναται
1571 5200 1583 5211 ⁸
1606 5187 1632 5236 6
1660 5185 1714 5236 δὲ
1740 5186 1883 5237 Παῦ-

295 5262 402 5325 λος
431 5262 537 5313 οὐκ
565 5261 673 5314 ἀπὸ
705 5260 906 5316 τούτων
948 5265 1199 5335 ἐντρέπει
1240 5266 1420 5333 μόνον,
1454 5266 1590 5319 ἀλλά
1636 5269 1729 5320 καὶ
1775 5270 1882 5321 ἀπὸ

294 5345 426 5399 τῶν
480 5345 872 5417 ὑπηργμένων.
928 5346 1149 5417 Ἐκείνῳ
1199 5348 1295 5416 μὲν
1339 5352 1446 5418 γὰρ
1505 5350 1621 5404 ἐστι
1663 5354 1883 5409 κόλασιν

294 5430 535 5498 φυγεῖν,
566 5428 741 5499 τούτῳ
773 5429 828 5482 δὲ
858 5430 1063 5497 ἀγαθοῦ
1096 5447 1239 5493 τινος
1281 5437 1590 5503 μετασχεῖν.
1623 5437 1726 5491 Τὸν
1751 5438 1883 5509 Χρι-

296 5512 467 5573 στὸν,
505 5513 659 5581 φησὶ,
690 5516 852 5582 μιμῇ.
893 5514 1077 5583 ’Δρκεῖ
1103 5515 1258 5567 τοῦτο
1296 5518 1454 5584 μόνον
1487 5520 1567 5582 είς
1598 5522 1907 5593 παράκλη-·

296 5614 394 5649 σιν
443 5594 667 5663 ἀρετῆς,
720 5596 779 5647 τὸ
826 5596 918 5647 τὸν
968 5596 1098 5649 Θεὸν
1144 5598 1457 5667 μιμεῖσθαιο
1497 5602 1655 5656 τοῦτο
1698 5608 1881 5676 μεῖζον

295 5677 550 5742 ἐκείνου,
582 5676 662 5729 ὅτι
702 5678 1042 5733 Ἀνατέλλει
1089 5680 1193 5733 τὸν
1232 5679 1411 5749 ἣλιον
1448 5682 1547 5737 ἐπὶ
1580 5690 1882 5763 πονηροὺς

1996 3920 2093 3974 καὶ
2117 3919 2394 3988 ἀγαθοὺς,
2415 3921 2513 3975 καὶ
2538 3922 2745 3991 βρέχει
2774 3924 2872 3977 ἐπὶ
2886 3925 3157 3994 δικαίους
3174 3929 3268 3981 καὶ
3285 3929 3553 4000 ἀδίκους.

1996 4005 2072 4056 Οὐ
2100 4004 2207 4073 γὰρ
2238 4004 2444 4069 ἁπλῶς,
2477 4006 2558 4058 ὅτι
2586 4007 2677 4059 τὸν
2711 4007 2841 4059 Θεὸν
2874 4011 3207 4079 μιμούμεθα,
3237 4008 3411 4078 εἶπεν,
3438 4016 3555 4069 ἀλλ’

1992 4084 2074 4137 ὅτι
2110 4088 2168 4138 ἐν
2201 4080 2282 4148 οἷς
2332 4088 2484 4140 αὐτοὶ
2522 4084 2580 4141 εὖ
2613 4090 2920 4159 πάσχομεν,
2976 4094 3227 4163 πατέρων
3269 4096 3555 4168 σπλάγχνα

1992 4170 2127 4253 πρὸς
2154 4170 2415 4239 ἀλλήλους
2440 4172 2586 4241 ἡμᾶς
2627 4173 2769 4242 ἔχειν
2802 4173 3048 4242 βούλεται
3068 4193 3083 4208 ·
3125 4179 3409 4250 σπλάγχνα
3443 4182 3554 4253 γὰρ

1989 4252 2164 4304 ταῦτα
2218 4253 2430 4321 λέγεται
2479 4256 2511 4323 ἡ
2560 4255 2938 4326 φιλανθρωπία
2994 4260 3089 4312 καὶ
3150 4263 3201 4312 οί
3255 4252 3549 4333 οικτιρμοί.

2003 4334 2221 4403 Ἐπειδὴ
2249 4336 2356 4406 γάρ
2385 4338 2484 4389 οὐκ
2510 4336 2587 4389 ἐνι
2620 4338 2936 4408 ἀνθρώπους
2986 4342 3146 4405 ὄντας
3195 4346 3329 4413 μήτε
3362 4346 3553 4400 λυπεῖν

1993 4418 2130 4488 μήτε
2153 4417 2459 4480 λυπεῖσθαι,
2485 4420 2733 4490 δεύτερον
2751 4417 2877 4491 εὗρε
2901 4424 3210 4493 φάρμακον,
3235 4427 3374 4479 ὥστε
3394 4430 3553 4500 ἀλλή-

1988 4499 2102 4561 λοις
2156 4500 2507 4571 χαρίζεσθαιο
2567 4503 2976 4572 Χαριζόμενοι,
3042 4506 3236 4577 φησὶν,
3293 4499 3547 4579 ἑαυτοῖς.

1989 4582 2180 4651 Καίτοι
2217 4583 2367 4635 οὐδὲν
2395 4585 2508 4635 ἴσον
2528 4599 2541 4613 ·
2577 4587 2639 4637 σὺ
2685 4587 2783 4654 μὲν
2808 4590 2913 4658 γάρ
2934 4590 2998 4641 ἂν
3022 4589 3242 4662 χαρίσῃ,
3275 4592 3433 4645 πάλιν
3467 4612 3550 4649 σοι

1988 4668 2254 4733 χαριεῖται
2285 4665 2510 4729 ἐκεῖνος,
2537 4666 2654 4736 Θεῷ
2681 4668 2736 4719 δὲ
2756 4670 2906 4722 οὐδὲν
2928 4672 3184 4741 ἐχαρίσω.
3222 4676 3331 4728 Καὶ
3360 4678 3422 4730 σὺ
3449 4678 3551 4747 μὲν

1986 4745 2064 4830 τῷ
2093 4746 2385 4830 ὁμοδούλῳ,
2420 4749 2448 4799 6
2478 4747 2533 4800 δὲ
2559 4749 2689 4811 Θεὸς
2717 4752 2793 4819 τῷ
2823 4751 2992 4823 δούλῳ
3018 4756 3109 4807 καὶ
3140 4754 3217 4825 τῷ
3246 4759 3425 4830 ἐχθρῷ
3451 4745 3552 4815 καὶ

1986 4829 2063 4898 τῷ
2114 4829 2359 4898 μισοῦντι
2388 4830 2571 4886 αὐτόν.
2608 4832 2813 4899 Καθὼς
2843 4835 2939 4887 καὶ
2972 4839 3005 4890 ὀ
3037 4839 3200 4904 Θεὸς,
3256 4829 3441 4911 φησὶν,
3482 4845 3552 4897 ἐν

1986 4910 2213 4978 Χριστῷ
2244 4912 2566 4981 ἐχαρίσατο
2591 4914 2753 4983 ἡμῖν.
2786 4918 2947 4994 Μέγα
2973 4922 3245 4976 καὶτοῦτο
3268 4910 3379 4994 ἔχει
3412 4929 3552 4981 αἴνι-

1985 5010 2102 5063 γμα
2125 5013 2137 5025 ο
2168 4996 2194 5047 ὃ
2214 4995 2270 5047 δὲ
2301 4996 2467 5063 λέγει,
2494 4996 2652 5050 τοῦτό
2681 4988 2858 5052 ἐστινῖ
2889 5003 2999 5072 Οὐχ
3038 5005 3225 5068 ἁπλῶς
3252 4988 3551 5077 ἀκινδύνως

1986 5077 2294 5146 ἐχαρίσατο,
2324 5080 2504 5147 φησὶν,
2538 5079 2675 5132 ἀλλὰ
2710 5083 2846 5150 μετά
2866 5085 2958 5136 τοῦ
2987 5087 3230 5140 κινδύνου
3264 5091 3355 5142 τοῦ
3394 5092 3546 5149 Υίοῦ.

1989 5160 2105 5213 Ἵνα
2133 5162 2239 5232 γάρ
2258 5179 2337 5213 σοι
2363 5163 2601 5232 συγγνῴ,
2627 5164 2716 5217 τὸν
2742 5165 2866 5218 Υἰὸν
2890 5168 3046 5220 ἔθυσε
3064 5186 3079 5200 ο
3109 5174 3172 5225 σὺ
3208 5172 3266 5224 δὲ
3290 5174 3550 5239 πολλάκις

1988 5242 2079 5293 καὶ
2108 5244 2383 5295 ἀκίνδυνον
2432 5246 2523 5297 καὶ
2561 5246 2833 5300 ἀδάπανον
2867 5250 3009 5320 ὁρῶν
3042 5254 3142 5322 τὴν
3176 5254 3546 5326 συγχώρησιν,

1985 5324 2047 5376 οὐ
2075 5327 2221 5394 ποιῇ.
2244 5326 2497 5380 Γίνεσθε
2518 5326 2631 5381 οὖν
2648 5330 2893 5396 μιμηταὶ
2923 5333 3028 5387 τοῦ
3058 5336 3225 5401 Θεοῦ,
3260 5339 3340 5404 ὠς
3366 5324 3550 5395 τέκνα

1985 5418 2280 5487 ἀγαπητὰ,
2308 5421 2406 5474 καὶ
2440 5425 2806 5491 περιπατεῖτε
2830 5428 2899 5479 ἐν
2927 5430 3149 5499 ἀγάπῃ,
3173 5435 3364 5500 καθὼς
3390 5439 3486 5490 καί
3512 5442 3549 5493 ό

1985 5514 2238 5581 Χριστὸς
2273 5514 2587 5586 ἠγάπησεν
2626 5518 2801 5589 ἡμᾶς,
2838 5524 2935 5578 καὶ
2963 5527 3303 5595 παρέδωκεν
3330 5530 3549 5586 ἑαυτὸν

1984 5609 2136 5695 ὑπὲρ
2168 5610 2351 5695 ἡμῶν
2384 5618 2734 5684 προσφορὰν
2778 5620 2878 5672 καὶ
2925 5623 3146 5676 θυσίαν
3178 5624 3255 5688 τῷ
3286 5625 3409 5691 Θεῷ
3460 5632 3549 5695 είς

1986 5693 2185 5763 ὀσμὴν
2214 5694 2482 5764 εὐωδίας.
2524 5700 2636 5756 Ἵνα
2670 5702 2744 5772 μή
2779 5703 3007 5775 νομίσῃς
3044 5707 3289 5779 ἀνάγκης
3326 5693 3553 5768 εἶναιτὸ
