4100 6412
520 282 621 337 117

516 400 767 468 πρᾶγμα,
797 398 1027 452 ἄκουσον
1054 399 1171 463 πῶς
1201 401 1299 472 οὐχ
1329 402 1535 466 ἁπλῶς,
1570 405 1681 458 ἀλλ’
1704 408 1786 459 ὃτι
1818 408 2070 460 Ἑαυτὸν

512 484 873 552 παρέδωκεν,
913 480 1091 538 εἶπεν·
1122 485 1254 540 ὡσεὶ
1282 488 1466 556 ἔλεγεν
1486 508 1500 520 ο
1531 491 1757 562 Ἐχθρὸν
1800 493 1932 546 ὄντα
1962 510 2020 545 σε
2049 494 2079 543 ό

510 572 785 641 Δεσπότης
814 573 1120 642 ἠγάπησεν,
1151 573 1437 645 ἀγάπησον
1452 577 1516 630 σὺ
1537 578 1627 630 τὸν
1666 579 1819 647 φίλον
1839 597 1853 611 ·
1880 580 2079 648 μᾶλλον

510 659 568 711 δέ
601 659 721 711 οὐδὲ
749 659 889 712 οὕτω
923 660 1149 730 δυνήσῃ,
1184 662 1324 732 πλὴν
1355 663 1471 715 ἀλλ’
1502 665 1576 727 ὡς
1597 666 1842 721 δύνασαι.
1874 668 2073 721 Βαὸαίί

510 741 563 793 τί
600 741 801 812 ταύτης
827 743 920 813 τῆς
958 746 1139 813 φωνῆς
1169 749 1580 819 μακαριώτερον
1606 750 1801 818 γένοιτ’
1832 751 1896 804 ἄν
1922 768 1936 817 ;
1963 751 2079 802 Κᾶν

512 828 786 897 βασιλείαν
829 831 1007 902 εἴπῃς,
1043 831 1143 887 κᾶν
1186 833 1383 896 ὁτιοῦν,
1420 836 1568 888 οὐδὲν
1614 836 1745 890 [σον.
1795 836 1942 909 [129]
1977 839 2079 891 Τὸν

510 916 642 967 Θεὸν
671 919 832 985 μιμῇ,
864 918 941 987 τῷ
987 912 1105 988 Θεῷ
1137 919 1502 990 ὲξομοιοῦσαι,
1533 924 1659 975 ὅταν
1706 927 2071 996 συγχωρήσῃς

511 1005 724 1073 ἐκείνῳ.
761 1007 975 1059 Μᾶλλον
1012 1009 1387 1080 ἁμαρτήματα
1423 1012 1504 1064 δεῖ
1534 1014 1912 1083 συγχωρεῖν,ἦ
1948 1015 2080 1084 χρή-

516 1110 685 1160 ματα.
715 1094 985 1163 Χρήματα
1018 1097 1115 1166 μὲν
1147 1098 1255 1168 γάρ
1288 1099 1382 1152 ἐὰν
1425 1103 1802 1172 συγχωρήσῃς,
1829 1103 1926 1153 οὐκ
1955 1104 2078 1163 ἐμι-

513 1185 672 1252 μήσω
715 1184 803 1235 τὸν
838 1184 1001 1237 Θεόν·
1051 1188 1425 1259 ἁμαρτήματα
1468 1191 1525 1243 δὲ
1561 1191 1655 1243 ἐὰν
1691 1194 2074 1264 συγχωρήσῃς,

510 1271 599 1321 τὸν
623 1270 753 1322 Θεὸν
784 1274 946 1342 μιμῇ.
983 1274 1126 1343 Πλὴν
1148 1276 1261 1337 πῶς
1293 1277 1492 1348 δυνήσῃ
1512 1278 1709 1346 λέγειν,
1748 1280 1922 1348 Πένης
1940 1281 2076 1348 εἰμὶ,

511 1358 605 1407 καὶ
654 1358 715 1409 οὐ
750 1358 983 1429 δύναμαι
1032 1363 1417 1434 συγχωρῆσαι,
1463 1366 1588 1418 ὅταν
1625 1367 1718 1418 καὶ
1768 1365 1803 1419 ἃ
1853 1366 2077 1419 δύνασαι

513 1449 884 1516 συγχωρῆσαι,
924 1448 999 1519 μὴ
1037 1454 1417 1523 συγχωρήσῃς,
1458 1456 1551 1505 καὶ¹
1595 1454 1826 1507 ἐνταῦθα
1874 1454 2076 1525 ζημίαν

511 1534 640 1603 ἡγῇ,
697 1536 815 1603 οὐχ).
848 1535 1077 1589 πλοῦτον
1135 1539 1354 1607 μᾶλλον,
1407 1539 1526 1609 οὐχὶ
1570 1542 1908 1610 περιουσίαν,
1955 1541 2075 1611 οὐχὶ

508 1622 807 1691 εύπορίαν;
841 1623 1093 1678 Γίνεσθε
1130 1620 1245 1680 οὖν
1289 1628 1537 1695 μιμηταὶ
1578 1630 1684 1682 τοῦ
1726 1630 1892 1683 Θεοῦ.
1945 1630 2074 1683 ’1δοῦ

510 1706 605 1759 καὶ
626 1705 759 1775 άλλη
794 1708 1137 1777 παράκλησις
1175 1710 1552 1781 εὐγενεστέρα.
1592 1714 1685 1778 Ὠς
1713 1714 1892 1767 τέκνα
1936 1716 2078 1782 ἁγα-

508 1790 690 1851 πητὰ,
723 1793 908 1860 φησίν.
940 1793 1132 1861 Ἔχετε
1165 1796 1259 1847 καὶ
1289 1795 1452 1865 ἄλλην
1478 1795 1723 1868 ἀνάγκην
1753 1797 1846 1849 τοῦ
1894 1800 2078 1867 μιμεῖ-

510 1877 632 1933 σθαι
678 1877 867 1941 αὑτὸν,
904 1879 965 1932 οὐ
1001 1880 1079 1950 τῷ
1115 1883 1308 1934 παθεῖν
1360 1879 1419 1936 εὖ
1457 1884 1638 1954 μόνον.
1679 1885 1814 1938 ἀλλά
1858 1886 1952 1937 καί¹
1999 1884 2078 1955 τῷ

505 1965 673 2021 τέκνα
706 1968 983 2035 γενέσθαι.
1027 1970 1122 2036 Ὠς
1170 1972 1350 2026 τέκνα
1381 1974 1674 2042 ἀγαπητά.
1719 1973 1936 2044 Ἐπειδὴ
1966 1974 2076 2043 γὰρ

505 2053 568 2105 οὐ
621 2054 822 2117 πάντες
869 2058 975 2109 υίοὶ
1014 2059 1142 2121 τοὺς
1190 2062 1438 2130 πατέρας
1494 2062 1808 2131 μιμοῦνται,
1862 2062 1976 2115 ἀλλ’
2026 2064 2076 2114 οἱ

506 2144 815 2212 ἀγαπητοὶ,
852 2144 939 2198 διὰ
986 2146 1143 2200 τοῦτό
1176 2163 1374 2216 φησιν·
1435 2149 1527 2214 Ὠς
1558 2150 1739 2204 τέκνα
1776 2150 2075 2218 ἀγαπητά.

504 2231 890 2297 Περιπατεῖτε
915 2231 985 2284 ἐν
1012 2232 1239 2301 ἀγάπῃ.
1286 2234 1413 2288 Ἰδοὺ
1446 2237 1664 2289 πάντων
1707 2238 1739 2305 ή
1785 2235 2040 2298 ὑπόθεσις
2060 2252 2073 2265 ·

502 2317 700 2371 οὐκοῦν
720 2319 921 2389 ταύτης
940 2319 1128 2389 οὔσης,
1157 2322 1218 2374 ού
1244 2322 1433 2392 θυμὸς,
1457 2324 1555 2378 οὐκ
1570 2324 1729 2394 ὀργὴ,
1750 2325 1811 2377 ού
1838 2324 2075 2395 κραυγὴ,

502 2404 565 2457 οὐ
600 2404 938 2476 βλασφημία,
980 2408 1118 2460 ἀλλά
1166 2410 1346 2463 πάντα
1393 2409 1681 2480 ἀνῄρηται.
1724 2410 1816 2462 Διὸ
1850 2409 2077 2480 ὕστερον

502 2492 564 2544 τὸ
604 2493 894 2561 κεφάλαιον
921 2495 1125 2566 τίθησι.
1166 2497 1334 2549 Πόθεν
1371 2498 1557 2564 ἐγένου
1591 2497 1814 2561 τέκνον;
1858 2497 2075 2565 Ἐπειδὴ

505 2582 862 2653 συνεχωρήθη
898 2600 998 2637 σοι.
1039 2586 1171 2638 Ἀπὸ
1201 2587 1300 2655 τῆς
1322 2586 1650 2648 ὑποθέσεως,
1680 2588 1771 2654 ἀφ’
1795 2580 1863 2656 ἧς
1890 2585 2077 2638 τοσαύι

500 2684 601 2737 της
630 2668 868 2738 ὴξιὼθης
896 2674 1078 2741 τιμῆς,
1116 2672 1224 2725 ἀπὸ
1266 2674 1364 2741 τῆς
1408 2674 1577 2742 αὐτῆς
1607 2675 1701 2726 καὶ
1737 2672 1814 2743 τῷ
1848 2673 2075 2743 πλησίον

504 2756 879 2827 συγχώρησον.
924 2761 1057 2813 Εἰπὲ
1085 2761 1146 2831 δή
1183 2779 1294 2831 μοι,
1328 2761 1383 2813 εί
1412 2763 1495 2826 τίς
1529 2779 1588 2814 σε
1614 2762 1897 2834 δεσμώτην
1922 2763 2071 2825 ὄντα,

500 2844 597 2896 καὶ
639 2846 848 2914 μυρίων
879 2847 1175 2901 ὑπεύθυνον
1195 2850 1403 2916 κακῶν,
1434 2851 1641 2921 ἢγαγεν
1686 2852 1778 2904 ἐπὶ
1810 2852 1879 2906 τά
1914 2852 2071 2923 βασί-

502 2930 624 2984 λεια
645 2948 658 2962 ·
692 2933 893 3003 μᾶλλον
919 2934 975 2987 δὲ
999 2939 1155 2988 τοῦτο
1181 2938 1407 3007 ἀφῶμεν
1425 2954 1438 2968 ο
1473 2939 1527 2991 εἰ
1543 2938 1625 3002 τίς
1655 2956 1714 2992 σε
1739 2940 2074 3010 πυρέττοντα

502 3021 597 3074 καὶ
621 3019 1077 3093 ψυχορραγοῦντα
1106 3024 1353 3095 ὠφέλησε
1378 3029 1656 3100 φαρμάκῳ
1676 3030 1804 3091 τινὶ,
1837 3024 1946 3100 ἆρα
1972 3030 2074 3082 οὐκ

502 3106 567 3160 ἂν
591 3108 752 3161 αὐτὸν
781 3109 997 3161 πάντων
1026 3113 1425 3184 προὺτίμησας,
1455 3116 1547 3167 καὶ
1564 3115 1695 3168 αὐτὸ
1723 3115 1960 3185 τοῦνομα
1978 3118 2070 3168 τοῦ

504 3194 794 3264 φαρμάκου
819 3212 832 3256 ;
876 3196 937 3248 Εἰ
968 3198 1076 3267 γὰρ
1106 3201 1329 3270 καιροὺς
1356 3200 1446 3253 καὶ
1475 3202 1693 3266 τόπους,
1732 3201 1799 3253 δι’
1823 3195 1898 3256 ὧν
1927 3202 2071 3269 ὠφε-

502 3282 759 3348 λούμεθα,
789 3283 963 3346 οὕτως
986 3284 1181 3355 ἔχομεν
1207 3286 1281 3347 ὡς
1307 3289 1405 3349 τάς
1431 3288 1638 3340 ἑαυτῶν
1666 3287 1866 3357 ψυχὰς,
1895 3288 2073 3358 πολλῷ

506 3369 706 3440 μᾶλλον
740 3370 878 3422 αὐτὰ
912 3371 979 3423 τά
1007 3372 1329 3441 πράγματα.
1375 3373 1640 3444 Ἐραστὴς
1678 3374 1769 3426 ἐσο
1792 3375 1891 3444 τῆς
1929 3375 2070 3442 ἀγά-

503 3477 611 3530 πης
636 3477 651 3491 ο
677 3461 742 3512 δι’
767 3461 937 3530 αὐτῆς
969 3462 1078 3531 γὰρ
1102 3462 1336 3533 ἐσώθης,
1365 3464 1433 3517 δι’
1458 3463 1629 3533 αὐτῆς
1657 3465 1771 3527 υἱὸς
1804 3465 2034 3531 γέγονας
2056 3482 2070 3495 ο

501 3545 605 3599 κᾶν
654 3547 841 3617 ἕτερον
894 3548 1131 3619 δυνηθῇς
1184 3550 1378 3610 σῶσαι,
1415 3553 1535 3621 ούχὶ
1576 3551 1655 3621 τῷ
1700 3551 1849 3620 αὐτῷ
1892 3554 2073 3622 χρήσῃ

498 3637 817 3707 φαρμάκῳ,
868 3639 961 3690 καὶ
1014 3640 1359 3707 παραινέσεις
1423 3644 1557 3695 πᾶσι
1606 3642 1696 3705 τὸ,
1727 3642 1946 3710 Ἀφετε,
1987 3641 2073 3691 ἵνα

500 3724 676 3794 ἀφεθῇ
708 3727 870 3794 ὑμῖν;
923 3728 1296 3799 Εύγνωμόνων
1346 3729 1533 3800 ψυχῶν
1577 3728 1735 3782 τοῦτο
1761 3770 1776 3794 ,
1814 3728 1875 3781 τὸ
1931 3727 2075 3780 οὕτω

504 3812 922 3881 προτρέπεσθαι,
968 3816 1062 3867 καὶ
1109 3815 1409 3885 ἐλευθέρων
1450 3815 1542 3869 καὶ
1576 3815 1834 3883 εὐγενῶν.
1865 3815 2071 3879 Καθὼς

499 3897 598 3947 καὶ
624 3901 656 3951 ό
684 3900 926 3966 Χριςτὸς
954 3902 1274 3970 ἠγάπησεν
1297 3901 1473 3972 ἡμᾶς,
1494 3904 1645 3975 φησί.
1673 3905 1743 3957 Σὺ
1769 3903 1877 3956 τῶν
1905 3902 2072 3971 φίλων

499 3986 681 4057 φείδῃ,
713 3990 919 4050 ἐκεῖνος
940 3990 1049 4043 τῶν
1074 3991 1315 4061 ἐχθρῶν·
1354 3993 1550 4045 οὐκοῦν
1586 3993 1766 4063 πολλῴ
1802 3993 1985 4065 μεῖζον
2013 3994 2075 4045 τὸ

499 4074 653 4143 παρά
682 4075 775 4128 τοῦ
806 4078 1077 4131 Δεσπότου
1107 4080 1408 4149 γινόμενον.
1441 4081 1513 4135 Τὸ
1533 4081 1661 4151 γὰρ,
1697 4081 1923 4147 Καθὼς.
1956 4081 2073 4143 πῶς

504 4157 734 4223 σώζεται
765 4169 815 4226 ·;
848 4157 926 4215 Ἦ
964 4164 1123 4233 δῆλον
1148 4166 1251 4228 ὅτι,
1280 4167 1373 4219 ἐὰν
1402 4168 1530 4228 τοὺς
1560 4169 1789 4238 ἐχθροὺς
1810 4164 1869 4221 εὖ
1904 4168 2074 4221 ποιῶ-

502 4264 621 4315 μεν.
640 4247 747 4301 Καὶ
774 4248 1115 4316 παρέδωκεν
1134 4252 1350 4306 ἑαυτὸν
1373 4256 1722 4323 προσφορὰν
1741 4255 1839 4308 καὶ
1856 4257 2076 4309 θυσίαν

498 4334 579 4400 τῷ
617 4335 739 4401 Θεῷ
770 4341 857 4404 εἰς
885 4339 1082 4407 ὀσμὴν
1111 4340 1382 4408 εὐωδίας.
1423 4342 1585 4413 Ὅρᾷς
1611 4345 1672 4396 τὸ
1695 4344 1833 4414 ὑπὲρ
1868 4344 2076 4415 ἐχθρῶν

500 4425 712 4485 παθεῖν,
753 4426 834 4479 ὅτι
876 4427 1018 4498 ὀσμὴ
1047 4430 1276 4493 εὐωδίας
1318 4433 1452 4495 ἐστὶ,
1476 4434 1568 4484 καὶ
1595 4432 1753 4485 θυσία
1783 4433 2077 4503 εὐπρόσδε-

498 4530 656 4577 κτοςς
701 4515 817 4568 Κᾶν
858 4517 1164 4591 ἀποθάνῃς,
1193 4520 1313 4573 τότε
1350 4520 1447 4593 ἔσῃ
1482 4521 1672 4574 θυσίαυ
1704 4522 1864 4575 τοῦτο
1901 4524 2073 4593 μιμή-

501 4603 695 4655 σασθαί
724 4606 841 4656 ἐστι
873 4606 965 4659 τὸν
1004 4607 1158 4661 Θεόν.
1204 4612 1461 4675 Πορνεία
1491 4611 1559 4663 δὲ
1602 4612 1699 4664 καὶ
1734 4612 1903 4668 πᾶσα
1930 4614 2074 4667 ἀκα-

499 4691 738 4754 θαρσία,
780 4690 815 4758 ἢ
847 4693 1191 4759 πλεονεξία,
1218 4696 1373 4765 μηδέ
1402 4698 1778 4768 ὀνομαζέσθω
1809 4701 1880 4754 ἐν
1906 4701 2070 4771 ὑμῖν,

499 4775 694 4843 καθὼς
716 4779 926 4846 πρέπει
956 4782 1167 4850 ἁγίοις.

568 4946 702 5003 Ern;
736 4952 865 5021 περὶ
905 4952 1000 5004 τοῦ
1049 4952 1248 5022 πικροῦ
1286 4952 1492 5015 πάθους
1523 4952 1619 5007 τοῦ
1661 4953 1834 5024 θυμοῦ
1858 4969 1870 4979 ⁸
1910 4950 2073 5024 ἦλθεν

497 5037 590 5089 ἐπὶ
614 5038 675 5091 τὸ
706 5033 869 5109 ἦττον
899 5039 1090 5093 κακόν.
1124 5040 1247 5093 Ὅτι
1278 5041 1384 5112 γὰρ
1418 5036 1579 5112 ἦττον
1610 5042 1777 5095 κακὸν
1813 5044 1845 5112 ἡ
1878 5043 2070 5095 ἐπιθυ-

501 5123 620 5193 μία,
653 5124 818 5178 ἄκουε
842 5127 935 5179 καὶ
965 5128 1023 5180 ὲν
1049 5128 1127 5198 τῷ
1160 5129 1311 5200 νόμῳ
1336 5129 1613 5193 Μωῦσέως
1643 5130 1893 5198 λέγοντος
1914 5131 2069 5201 πρῶ-

496 5230 609 5277 τον,
649 5215 731 5267 Οὐ
763 5216 1105 5283 φονεύσεις,
1137 5218 1273 5288 ὅπερ
1306 5218 1422 5271 ἐστὶ
1452 5217 1545 5270 τοῦ
1572 5218 1767 5288 θυμοῦ,
1804 5219 1897 5272 καὶ
1923 5221 2068 5283 τότε,

501 5302 584 5354 Οὐ
606 5302 972 5370 μοιχεύσεις,
999 5305 1139 5374 ὅπερ
1170 5305 1286 5358 ἐστὶ
1323 5306 1421 5376 τῆς
1453 5306 1769 5376 ἐπιθυμίας,
1801 5307 2071 5380 Καθάπερ

497 5388 668 5461 γὰρὴ
708 5390 902 5461 πικρία
936 5392 1029 5443 καὶ
1079 5394 1111 5462 ὴ
1149 5394 1365 5463 κραυγὴ
1418 5395 1515 5447 καὶ
1562 5398 1713 5449 πᾶσα
1770 5396 1936 5449 κακία
1974 5397 2070 5450 καὶ

500 5476 841 5548 βλασφημία,
890 5480 985 5532 καὶ
1015 5480 1115 5533 ὅσα
1157 5480 1404 5545 τοιαῦτα,
1453 5481 1546 5535 τοῦ
1584 5481 1863 5553 θυμώδους
1888 5485 2066 5538 ἐστίν·
2153 5534 2166 5550 ,

558 5676 587 5704 ⁴
609 5676 754 5742 Marg.
782 5679 951 5739 Savil.,
974 5678 1067 5727 ποῦ
1091 5682 1300 5733 σώζετει.

1256 283 1315 338 S.
1346 282 1631 341 JOANNIS
1658 278 2147 342 CHRYSOSTUHI
2180 284 2499 344 ARCHIEP.
2541 287 3084 345 CONSTANTINOP.

2188 404 2331 459 οὕτω
2350 408 2444 461 καὶ
2464 407 2555 462 τοῦ
2578 408 2971 479 ἐπιθυμητικοῦ
2996 406 3144 481 [123]
3160 407 3403 478 πορνεία,
3420 407 3749 481 ἀκαθαρσία,

2188 489 2503 556 πλεονεξία·
2547 491 2625 563 τῷ
2665 495 2773 563 γὰρ
2805 494 2951 563 αὐτῷ
3004 494 3303 563 χρημάτων
3366 492 3602 563 ἐρῶμεν,
3656 496 3752 547 καὶ

2187 579 2473 648 σωμάτων.
2516 580 2653 632 Ἀλλ’
2688 581 2876 651 ὥσπερ
2910 584 3025 633 ἐκεῖ
3048 581 3147 650 τὴν
3181 581 3425 651 κραυγὴν
3457 583 3747 652 περιεῖλεν,

2184 664 2366 734 ὄχημα
2382 662 2543 719 οὖσαν
2567 668 2665 738 τῆς
2682 668 2868 737 ὀργῆς,
2887 668 3026 721 οὕτω
3038 669 3131 721 νῦν
3147 669 3243 737 τὴν
3262 668 3641 737 αἰσχρολογίαν
3657 670 3748 721 καὶ

2184 753 2543 823 εὐτραπελίαν
2570 754 2750 825 ὄχημα
2776 752 2939 809 οὖσαν
2960 756 3060 825 τῆς
3076 754 3346 825 πορνείας.
3370 756 3476 808 Καὶ
3497 757 3748 823 αἰσχρόε-

2184 854 2287 906 της
2322 840 2451 911 γὰρ,
2492 844 2641 911 φησὶ,
2676 846 2771 897 καὶ
2797 845 3151 913 μωρολογία,
3185 843 3222 911 ἢ
3264 846 3641 911 εὐτραπελία,
3678 843 3749 896 τὰ

2185 929 2293 979 οὐκ
2311 926 2629 993 ἀνήκοντα,
2649 932 2808 984 ἀλλὰ
2824 931 3065 1000 μᾶλλον
3083 934 3452 1000 εὐχαριστία.
3477 932 3567 1001 Μὴ
3591 933 3747 1002 εῖπῃς

2185 1015 2373 1068 ἀστεῖα
2388 1016 2508 1085 μηδ’
2526 1018 2746 1086 αἰσχρά,
2765 1019 2896 1087 μηδέ
2911 1019 3140 1091 πράξῃς,
3161 1020 3252 1070 καὶ
3265 1018 3622 1081 κατασϐέσεις
3649 1020 3749 1087 τὴν

2184 1101 2376 1169 φλόγα.
2394 1103 2559 1168 Μηδὲ
2582 1103 2974 1170 ὀνομαζέσθω,
2994 1105 3178 1175 φησὶν,
3196 1106 3265 1157 ἐν
3283 1104 3425 1174 ὑμῖν
3440 1120 3453 1134 ·
3477 1106 3745 1168 τουτέστι,

2189 1186 2435 1258 μηδαμοῦ
2468 1188 2602 1258 μηδέ
2633 1190 2923 1257 φαινέσθω.
2957 1190 3127 1244 Τοῦτο
3149 1194 3241 1246 καὶ
3263 1191 3569 1263 Κορινθίοις
3600 1193 3744 1261 γράο

2187 1293 2301 1343 φων
2352 1276 2571 1345 ἔλεγενο
2629 1278 2824 1343 ’Όλως
2870 1280 3149 1333 ἀκούεται
3192 1282 3263 1334 ἐν
3288 1280 3434 1349 ὑμῖν
3475 1281 3743 1347 πορνεία.

2186 1364 2230 1413 Τ
2232 1364 2464 1427 ουτέστι,
2495 1366 2697 1428 Πάντες
2734 1366 2960 1438 καθαροὶ
2986 1368 3225 1435 γένεσθε,
3249 1370 3311 1420 Oi
3335 1368 3447 1437 γὰρ
3469 1366 3617 1435 λόγοι
3640 1365 3748 1418 τῶν

2187 1453 2524 1522 πραγμάτων
2569 1454 2706 1505 εἰσὶν
2748 1454 2875 1509 ὁδοί.
2908 1452 3042 1508 Εἶτα
3076 1456 3164 1509 ἵνα
3211 1456 3285 1526 μὴ
3323 1455 3451 1525 δόξῃ
3491 1455 3748 1525 φορτικός

2185 1556 2268 1602 τις
2311 1538 2450 1593 εἶναι
2504 1542 2598 1593 καὶ
2650 1542 2840 1613 βαρὺς,
2900 1544 2995 1596 καὶ⁵
3042 1543 3399 1614 εὐτραπελίαν
3441 1543 3742 1601 ἐκκόπτων,

2185 1628 2432 1697 ἐπήγαγε
2480 1630 2569 1681 καὶ
2607 1629 2703 1699 τὴν
2743 1628 2941 1695 αἰτίαν,
2980 1628 3169 1695 εἰπὼν,
3207 1628 3284 1683 Τὰ
3304 1630 3390 1699 μὴ
3422 1629 3743 1696 ἀνήκοντα,

2182 1716 2250 1768 τά
2283 1716 2434 1769 οὐδὲν
2476 1717 2610 1788 πρὸς
2643 1720 2812 1788 ἡμᾶς,
2869 1719 3055 1789 φησιν,
3085 1720 3246 1773 ἀλλά
3281 1718 3524 1788 μᾶλλον
3570 1720 3745 1789 εὐχα-

2176 1821 2399 1873 ριστια.

2251 1965 2313 2037 β’.
2334 1968 2397 2020 Τί
2415 1966 2612 2036 ὠφελεῖ
2633 1968 2693 2023 τὸ
2709 1970 2919 2022 ἀστεῖον
2937 1970 3136 2035 είπετνς
3156 1968 3370 2023 Γέλωτα
3389 1968 3644 2040 ἐκίνησας
3663 1968 3749 2038 μό-

2180 2071 2290 2110 νον.
2321 2055 2455 2109 Είπέ
2485 2072 2597 2125 μοι,
2633 2056 2661 2108 ό
2692 2058 3021 2128 σκυτοτόμος
3059 2058 3348 2128 ἐργάσεταί
3390 2058 3441 2110 τί
3474 2073 3604 2109 ποτε
3640 2057 3750 2109 τῶν

2180 2142 2279 2194 οὐκ
2329 2142 2639 2211 ἀνηκόντων
2662 2146 2740 2206 είς
2768 2145 2866 2215 τὴν
2898 2144 3059 2198 αὐτοῦ
3098 2144 3325 2215 τέχνην;
3351 2144 3383 2215 ἢ
3410 2143 3669 2214 κτήσεταί
3694 2159 3750 2196 τι

2179 2228 2417 2281 τοιοῦτον
2432 2230 2659 2300 ὄργανον
2674 2248 2688 2295 ;
2716 2230 2976 2301 Οὐδαμῶς
2990 2248 3003 2261 ο
3030 2232 3094 2285 τὰ
3111 2232 3217 2301 γὰρ
3232 2233 3331 2285 οὐκ
3348 2234 3404 2283 ἐν
3416 2230 3576 2301 χρεία
3598 2230 3751 2283 οὐδὲν

2180 2319 2315 2385 πρὸς
2341 2319 2509 2387 ἡμᾶς.
2540 2318 2744 2384 Μηδεὶς
2771 2318 2911 2371 ἔστω
2942 2318 3099 2387 λόγος
3146 2320 3313 2389 ἀργός
3337 2334 3351 2349 °
3380 2318 3488 2373 ἀπὸ
3513 2318 3621 2387 γὰρ
3652 2318 3747 2372 τοῦ

2180 2404 2351 2473 ἀργοῦ
2380 2406 2475 2458 καὶ
2504 2407 2584 2468 είς
2612 2406 2844 2468 ἀτόπους
2867 2407 3299 2477 καταπίπτομεν.
3358 2406 3432 2460 Οὐ
3456 2405 3749 2476 διαχύσεως

2178 2493 2207 2547 ὁ
2234 2490 2421 2562 παρὼν
2446 2493 2656 2564 καιρὸς,
2687 2493 2821 2546 ἀλλά
2840 2494 3085 2557 πένθους,
3110 2493 3341 2562 θλίψεων
3367 2494 3459 2547 καὶ
3479 2493 3745 2565 ὀδυρμῶν·

2180 2580 2244 2633 σὺ
2267 2579 2324 2632 δὲ
2351 2580 2721 2651 εὐτραπελεύῃ
2743 2598 2758 2646 ;
2782 2582 2877 2643 Τίς
2896 2581 3131 2651 ἀθλητὴς
3160 2583 3240 2645 είς
3260 2582 3320 2633 τὸ
3343 2580 3555 2635 στάδιον
3578 2579 3749 2635 είσελυ

2179 2664 2306 2729 θὼν,
2350 2667 2443 2720 καὶ
2470 2668 2569 2737 τὴν
2592 2667 2829 2735 ἀγωνίαν
2861 2668 3019 2735 ἀφεὶς
3041 2669 3139 2737 τὴν
3170 2667 3306 2738 πρὸς
3344 2666 3436 2721 τὸν
3460 2667 3746 2731 ἀντίδικον,

2178 2754 2369 2806 ἀστεῖα
2393 2753 2717 2823 φθέγγεταις
2754 2754 3087 2825 Ἐφέστηκεν
3118 2758 3147 2809 ό
3170 2755 3433 2818 διάϐολος,
3463 2756 3749 2826 περιέρχεκ

2176 2859 2266 2896 ται
2311 2843 2617 2914 ὡρυόμενος
2650 2843 2743 2897 τοῦ
2770 2846 3033 2915 ἁρπάσαι.
3081 2845 3259 2898 πάντα
3286 2847 3426 2898 κινεῖ
3452 2845 3547 2898 καὶ
3572 2845 3748 2898 πάντα

2178 2932 2397 3001 στρέφει
2436 2933 2576 2987 κατά
2612 2935 2712 3004 τῆς
2733 2935 2830 3005 σῆς
2864 2935 3123 3006 κεφαλῆς,
3168 2936 3263 2989 καὶ
3298 2938 3607 3005 μηχανᾶται
3650 2937 3749 3003 τῆς

2176 3021 2369 3082 καλιᾶς
2409 3038 2468 3074 σε
2512 3022 2781 3087 ἐκϐαλεῖν,
2815 3024 2988 3094 τρίζει
3025 3024 3153 3086 τοὺς
3178 3024 3414 3087 ὀδόντας,
3463 3023 3747 3095 βρυχᾶται,

2178 3109 2287 3179 πῦρ
2309 3112 2431 3162 πνεῖ
2450 3110 2589 3163 κατά
2605 3111 2705 3181 τῆς
2734 3113 3007 3181 σωτηρίας
3027 3111 3126 3181 τῆς
3142 3110 3243 3181 σῆς
3262 3126 3275 3139 ’
3303 3111 3396 3163 καὶ
3421 3112 3484 3164 σὺ
3508 3111 3747 3180 κάθησαι

2177 3198 2367 3249 ἀστεῖα
2395 3197 2589 3265 λέγων,
2622 3199 2717 3252 καὶ
2767 3199 3111 3268 μωρολογῶν,
3142 3200 3327 3252 καὶτὰ
3360 3198 3434 3269 μὴ
3478 3200 3749 3268 ἀνήκοντα

2178 3285 2542 3354 φθεγγόμενος
2562 3303 2577 3351 ;
2599 3285 2790 3339 οὐκοῦν
2812 3286 2990 3349 καλῶς
3011 3286 3174 3340 αὑτοῦ
3198 3285 3571 3356 περιγενέσθαι
3590 3286 3719 3355 δυνή
3738 3315 3749 3324 -

2179 3389 2281 3441 σῃ;
2334 3372 2626 3441 Παίζομεν,
2664 3374 2950 3442 ἀγαπητοί.
2982 3372 3170 3426 Βούλει
3204 3374 3393 3443 μαθεῖν
3436 3372 3544 3426 τῶν
3577 3373 3746 3440 ἁγίων

2175 3460 2271 3529 τὴν
2292 3457 2565 3529 διαγωγήν
2587 3476 2601 3523 ;
2632 3458 2794 3512 ἄκουε
2817 3460 3028 3514 Παύλου
3054 3460 3302 3529 λέγοντος
3320 3478 3332 3490 ’
3365 3464 3624 3529 Τριετιαν
3645 3461 3748 3513 νύ·-

2176 3561 2289 3600 κτα
2330 3547 2428 3599 καὶ
2470 3547 2699 3615 ἡμέραν
2736 3549 2845 3600 οὐκ
2889 3548 3251 3617 ἐπαυσάμην
3284 3550 3435 3618 μετὰ
3476 3549 3748 3617 δακρύων

2175 3632 2473 3687 νουθετῶν
2496 3634 2604 3688 ἕνα
2625 3634 2888 3688 ἕκαστον
2912 3634 3100 3703 ὑμῶν.
3136 3635 3198 3689 Εἰ
3221 3637 3279 3689 δὲ
3303 3637 3443 3708 ὑπὲρ
3470 3636 3747 3706 Μιλησίων

2177 3722 2273 3775 καὶ
2318 3722 2579 3792 Ἐφεσίων
2607 3721 2844 3793 τοσαύτῃ
2868 3724 3134 3793 ἐχρήσατο
3165 3723 3387 3793 σπουδῇ,
3413 3724 3531 3792 οὐχὶ
3561 3710 3767 3775 ἀστεῖα

2179 3810 2370 3879 λέγων,
2398 3810 2533 3865 ἀλλὰ
2575 3812 2711 3880 μετά
2740 3811 2991 3882 δακρύων
3021 3811 3118 3876 τὴν
3146 3812 3424 3864 νουθεσίαν
3456 3814 3743 3882 είσφέρων,

2179 3898 2233 3951 τί
2250 3915 2315 3951 πε
2325 3898 2377 3967 pl
2392 3898 2498 3951 τῶν
2519 3897 2693 3952 ἄλλων
2706 3900 2847 3951 εἴποι
2859 3916 2943 3962 τις
2954 3898 3039 3965 civ;
3062 3899 3257 3952 Ἀκουε
3269 3898 3324 3952 δέ
3337 3900 3429 3952 καὶ
3444 3899 3746 3968 Κορινθίοις

2178 3986 2230 4038 τί
2263 3999 2457 4055 φησιν·
2497 3986 2591 4038 Ἐκ
2622 3983 2860 4052 πολλῆς
2888 3986 3145 4053 θλίψεως
3183 3983 3284 4040 καὶ
3310 3982 3583 4053 συνοχῆς
3609 4000 3748 4050 καρ-

2176 4070 2310 4136 διάς
2325 4070 2556 4139 ἔγραψα
2579 4069 2719 4140 ὑμῖν
2737 4069 2834 4123 διὰ
2858 4070 3103 4125 πολλῶν
3117 4070 3390 4138 δακρύων
3409 4087 3424 4102 ο
3448 4070 3542 4123 καὶ
3561 4069 3741 4124 πάλιν·

2182 4160 2279 4224 Τίς
2305 4159 2566 4223 ἀσθενεῖ,
2595 4161 2691 4212 καὶ
2719 4161 2829 4213 οὐκ
2855 4157 3122 4222 ἀσθενῶ;
3154 4161 3245 4225 τίς
3266 4157 3745 4220 σκανδαλίζεται,

2180 4247 2279 4300 καὶ
2298 4249 2407 4301 οὐκ
2428 4246 2543 4316 ἐγὼ
2568 4246 2895 4315 πιροῦιιαις
2917 4248 3113 4300 Ἀκουε
3136 4246 3191 4299 δὲ
3212 4245 3376 4300 αὐτοῦ
3402 4247 3498 4300 καὶ
3514 4245 3746 4316 ἀλλαχοῦ

2179 4334 2445 4403 λέγοντος,
2468 4335 2560 4387 καὶ
2576 4335 2696 4388 καθ’
2711 4335 2944 4402 ἑκάστην
2962 4334 3193 4405 ἡμέραν,
3215 4335 3290 4395 ὡς
3304 4334 3497 4399 είπεῖν,
3515 4333 3747 4400 ἐξελθεῖν

2181 4423 2245 4475 ἐκ
2264 4422 2355 4475 τοῦ
2376 4422 2578 4491 κόσμου
2600 4420 2992 4490 ἐπιθυμοῦντος
3010 4439 3024 4453 ο
3044 4422 3150 4476 Καὶ
3172 4421 3283 4492 γὰρ
3308 4420 3481 4491 ἡμεῖς
3502 4424 3554 4475 oi
3572 4421 3747 4486 ὄντες

2178 4510 2247 4562 ἐν
2264 4509 2342 4574 τῷ
2362 4509 2596 4576 σκήνει,
2622 4510 3000 4580 στενάζομεν.
3030 4511 3102 4564 Σὺ
3123 4511 3178 4564 δὲ
3192 4510 3353 4581 γελᾷς
3376 4511 3471 4564 καὶ
3495 4510 3705 4573 παίζεις
3729 4525 3745 4574 ;

2180 4598 2416 4669 πολέμου
2452 4599 2661 4669 καιρὸς.
2690 4600 2784 4653 καὶ
2815 4600 2878 4653 σὺ
2901 4600 2967 4653 τὰ
2993 4600 3100 4652 τῶν
3127 4600 3457 4671 χορευόντων
3495 4616 3747 4669 μεταχει-

2183 4686 2337 4757 Ρίζῃς
2368 4687 2477 4757 Οὒχ
2510 4688 2642 4758 ὁρᾷς
2674 4687 2780 4740 τῶν
2802 4687 3178 4758 πολεμούντων
3203 4689 3274 4742 τὰ
3300 4688 3586 4757 πρόσωπα,
3631 4686 3748 4749 πῶς

2179 4774 2285 4825 εἰσι
2317 4773 2634 4843 σκυθρωπὰ,
2658 4775 2773 4838 πῶς
2810 4776 3142 4845 συνηγμένα,
3170 4775 3341 4845 ὀφρῦς
3360 4776 3469 4846 γάρ
3499 4774 3627 4845 παρ’
3650 4775 3747 4827 αὐ-

2176 4863 2288 4923 τοῖς
2314 4860 2519 4932 φοϐερά
2549 4861 2643 4914 καὶ
2669 4862 2869 4933 φρίκης
2890 4863 3152 4933 γέμουσα.
3182 4862 3343 4933 Ὁρᾷς
3366 4862 3517 4933 ὄμμα
3542 4863 3746 4931 ιιὺθ”εῖτΓ

2181 4952 2295 5021 ρὸν,
2336 4951 2561 5021 καρδίαν
2592 4951 3023 5023 διεγηγερμένην
3061 4954 3154 5007 καὶ
3188 4952 3442 5022 πηδῶσαν
3471 4952 3563 5005 καὶ
3590 4950 3746 5004 ἀλλο-

2181 5041 2371 5112 μένην,
2390 5040 2545 5112 [124]
2568 5041 2902 5112 συνηγμένον
2917 5042 3334 5114 νοῦν,τρέμοντα
3355 5042 3448 5094 καὶ
3469 5042 3746 5109 ἀγωνιῶν-

2176 5146 2263 5191 τα,
2279 5129 2476 5200 πολλὴν
2489 5130 2586 5199 τὴν
2596 5129 2868 5195 εὐταξίαν,
2886 5129 3083 5199 πολλὴν
3098 5129 3196 5199 τὴν
3207 5129 3370 5199 εύρυθ
3379 5129 3526 5198 μίαν,
3544 5129 3744 5195 πολλὴν

2175 5217 2275 5286 τὴν
2307 5216 2464 5288 σιγὴν
2508 5219 2566 5270 ἐν
2598 5219 2711 5280 τοῖς
2742 5217 3156 5289 στρατοπέδοιςο
3186 5216 3248 5269 ού
3293 5216 3455 5285 λέγω,
3486 5216 3626 5269 ὥστε
3657 5218 3743 5271 αἱ·-

2177 5303 2339 5374 σχρδν
2369 5303 2521 5373 ῥῆμα
2539 5305 2612 5375 μὴ
2633 5306 2827 5367 εἰπεῖν,
2855 5304 2989 5358 ἀλλὰ
3022 5304 3155 5375 μηδὲ
3178 5302 3364 5366 ἁπλῶς
3388 5302 3741 5371 φθέγξασθαι.

2177 5392 2243 5445 Εἰ
2265 5390 2379 5459 γὰρ
2414 5392 2548 5462 πρὸς
2579 5392 2868 5463 αἰσθητοὺς
2902 5392 3115 5464 ἔχοντες
3152 5391 3435 5463 πολεμίους
3458 5390 3486 5431 δ
3526 5392 3742 5454 ἐκεῖνοι,

2178 5628 2598 5751 ﬁtyzwlalegeudum,
2634 5630 2795 5696 inquit
2818 5632 3049 5694 Dunmus,
3074 5634 3112 5682 εἰ
3137 5633 3188 5683 δὲ
3208 5632 3323 5695 πρὸς
3346 5633 3469 5680 alae.
3494 5629 3566 5691 εχ.
3588 5645 3637 5680 π,
3660 5628 3742 5677 τὸν
