4100 6412
410 331 516 387 117

407 446 631 511 dilexit;
662 454 718 499 tu
742 441 903 512 dilige
928 438 1194 495 amicum:
1229 435 1337 487 imo
1360 446 1491 486 vero
1531 444 1629 485 nec
1655 429 1731 483 sic
1762 426 1986 498 poteris,

408 542 504 597 sed
526 539 610 594 fac
636 547 694 591 ut
730 544 906 607 potes.
936 530 1123 601 Papze!
1164 527 1291 598 quid
1319 526 1419 581 hac
1452 537 1585 579 voce
1613 521 1847 592 potuerit
1872 533 1993 573 esse

408 632 659 690 beatius?
686 626 909 684 Etiamsi
938 638 1159 693 regnum
1190 620 1411 684 dixeris,
1454 615 1666 673 etiamsi
1692 613 1988 685 quodlibet,

411 740 520 781 non
566 729 695 779 sunt
743 719 914 790 paria.
959 716 1129 771 Deum
1171 712 1432 775 imitaris,
1483 709 1594 765 Deo
1642 705 1990 772 assimilaris,

409 813 627 886 quando
678 811 756 866 illi
798 804 1210 864 condonaveris.
1256 802 1420 873 Magis
1463 810 1588 856 sunt
1641 795 1991 852 condonanda

410 915 628 977 peccata
654 916 815 973 quam
844 898 1105 970 pecuniae.
1134 895 1267 951 Nam
1291 892 1544 965 pecunias
1569 889 1785 962 quidem
1810 888 1855 943 si
1872 902 1993 942 con-

405 997 651 1060 donaris,
680 996 846 1050 Deum
878 1007 984 1047 non
1024 989 1281 1053 imitaris;
1332 995 1550 1057 peccata
1577 993 1755 1038 autem
1784 982 1828 1036 si
1854 995 1991 1036 con-

407 1089 650 1153 donaris,
677 1086 902 1143 imitaris
926 1085 1110 1139 Deum.
1142 1078 1248 1136 Sed
1263 1076 1534 1149 quomodo
1560 1074 1763 1146 poteris
1788 1074 1987 1129 dicere:

407 1179 538 1235 Sum
568 1193 771 1248 pauper
794 1191 894 1232 nec
929 1188 1145 1245 possum
1190 1170 1517 1234 condonare,
1569 1165 1783 1237 quando
1825 1165 1990 1220 etiam

409 1285 529 1340 quae
542 1277 694 1339 potes
713 1265 1041 1328 condonare,
1066 1279 1173 1318 non
1196 1261 1491 1323 condonas,
1506 1268 1562 1315 ct
1581 1268 1735 1328 putas
1761 1271 1881 1312 esse
1901 1256 1992 1311 da-

409 1377 617 1428 mnum,
640 1375 748 1415 non
771 1358 1004 1421 divitias,
1036 1370 1141 1410 non
1183 1353 1459 1408 facultates
1486 1360 1542 1407 et
1567 1349 1789 1420 copias?
1812 1346 1990 1403 Estote

410 1471 527 1525 ergo
546 1454 825 1507 imitatores
857 1449 970 1503 Dei.
1007 1449 1143 1503 Ecce
1166 1446 1272 1501 alia
1298 1458 1511 1516 quoque
1547 1441 1859 1513 generosior
1887 1454 1986 1493 ex-

410 1546 661 1602 hortatio.
695 1542 844 1599 Sicut
888 1541 984 1611 ﬁlii
1012 1538 1279 1602 carissimi,
1324 1534 1516 1606 inquit.
1554 1533 1727 1588 Aliam
1780 1530 1986 1587 habetis

412 1635 783 1693 necessitatem
806 1631 922 1702 ejus
969 1628 1229 1694 imitandi,
1260 1642 1364 1681 non
1391 1626 1563 1681 solum
1591 1640 1657 1679 eo
1685 1622 1827 1692 quod
1868 1621 1987 1676 sitis

409 1727 587 1783 affecti
609 1724 904 1789 beneficiis,
926 1725 1016 1777 sed
1041 1729 1097 1776 et
1114 1718 1256 1789 quod
1278 1717 1398 1772 facti
1424 1714 1542 1771 sitis
1564 1715 1678 1770 ﬁlii.
1703 1712 1987 1783 Tamquam

409 1823 505 1891 filii
530 1818 798 1875 carissimi.
839 1815 971 1872 Nam
1010 1814 1261 1885 quoniam
1294 1827 1399 1864 non
1430 1823 1618 1864 omnes
1648 1807 1746 1861 ﬁlii
1776 1806 1989 1860 imitan-

409 1927 495 1970 tur
518 1923 719 1984 patres,
748 1909 843 1966 sed
868 1909 958 1980 qui
986 1916 1112 1964 sunt
1134 1905 1334 1968 dilecti,
1363 1910 1644 1973 propterea
1666 1899 1815 1965 dicit,
1839 1898 1988 1953 Tam-

406 2023 557 2075 quam
579 2004 675 2072 filii
692 2002 883 2055 dilecti.
903 1998 1170 2053 Ambulate
1194 1997 1247 2049 in
1271 1995 1555 2049 dilectione.
1581 1993 1718 2047 Ecce
1747 1992 1985 2046 oumium

407 2096 835 2151 fundamentum.
865 2091 991 2146 Haec
1019 2089 1063 2144 si
1090 2089 1180 2153 sit,
1212 2102 1319 2141 non
1348 2095 1430 2140 est
1459 2084 1535 2139 ira
1564 2098 1665 2139 nec
1693 2083 1988 2153 indignatio

406 2208 507 2246 nec
539 2190 743 2244 clamor
767 2201 868 2242 nec
894 2182 1247 2253 blasphemia,
1276 2180 1369 2235 sed
1399 2179 1607 2233 sublata
1631 2184 1756 2230 sunt
1779 2173 1982 2229 omnia.

409 2284 475 2337 Et
505 2282 628 2337 ideo
655 2288 816 2349 caput
844 2287 897 2333 et
929 2290 1191 2331 summam
1220 2273 1369 2344 ponit
1396 2270 1680 2341 posterius.
1706 2267 1985 2324 Undenatu

408 2376 577 2431 factus
602 2389 660 2429 es
689 2371 861 2426 filius?
887 2368 1145 2437 Quoniam
1171 2365 1268 2420 fuit
1293 2364 1388 2419 tibi
1410 2361 1788 2417 condonatum.
1812 2360 1890 2414 Ex
1920 2374 1987 2415 eo

408 2467 757 2522 fundamento
781 2478 849 2519 ex
875 2477 983 2532 quo
1006 2460 1252 2530 dignatus
1278 2470 1338 2510 es
1369 2464 1517 2509 tanto
1546 2453 1771 2515 honore,
1799 2467 1866 2507 ex
1888 2466 1985 2506 eo-

407 2560 531 2615 dem
560 2559 719 2613 etiam
741 2555 985 2611 condona
1014 2550 1275 2623 proximo.
1305 2548 1401 2603 Dic
1421 2546 1552 2602 mihi
1572 2556 1750 2601 autem
1771 2562 1785 2599 :
1808 2545 1987 2615 siquis

409 2660 463 2706 te
486 2665 607 2705 cum
634 2663 785 2704 esses
810 2647 1037 2712 vinctus,
1063 2653 1118 2700 et
1141 2641 1407 2698 obnoxius
1436 2639 1590 2694 malis
1628 2638 1989 2693 innumerabi-

409 2741 568 2805 libus,
597 2738 817 2793 adduxit
844 2736 912 2791 ad
939 2735 1178 2806 regiam:
1207 2732 1293 2788 vel
1320 2732 1494 2800 potius
1515 2729 1617 2784 hoc
1634 2728 1983 2783 dimittamus:

407 2832 455 2886 si
476 2832 595 2903 quis
639 2840 693 2885 te
732 2826 1126 2884 febricitantem
1154 2835 1210 2880 et
1237 2823 1418 2878 animo
1443 2816 1779 2877 deiicientem
1807 2820 1987 2889 aliquo

402 2922 632 2992 iuvisset
652 2919 1063 2982 medicamento,
1080 2930 1257 2970 annon
1276 2913 1451 2985 ipsum
1469 2911 1798 2982 praetulisses
1813 2913 1988 2967 omni-

409 3015 529 3079 bus,
571 3022 625 3067 et
659 3012 834 3080 ipsum
864 3024 1058 3063 nomen
1086 3006 1495 3062 medicamenti?
1524 3003 1657 3059 Nam
1685 3005 1729 3059 si
1758 3004 1811 3058 in
1854 3013 1986 3057 tem-

408 3122 540 3177 pora
565 3113 619 3161 et
640 3107 776 3169 loca,
801 3118 897 3173 per
922 3116 1041 3173 quae.
1065 3101 1369 3169 accepimus
1393 3099 1697 3162 utilitatem,
1717 3098 1790 3151 ita
1810 3096 1983 3151 ali‘ecti

409 3212 593 3252 smnus
637 3197 776 3249 sicut
818 3194 871 3248 in
913 3202 1123 3247 nostras
1163 3190 1390 3255 animas,
1422 3189 1590 3243 multo
1615 3189 1783 3258 magis
1812 3188 1865 3242 in
1897 3202 1985 3242 res

408 3288 567 3357 ipsas.
600 3287 687 3341 Sis
721 3295 927 3340 amator
950 3282 1217 3346 caritatis;
1261 3296 1356 3351 per
1381 3280 1547 3349 ipsam
1581 3286 1901 3347 assequutus
1928 3292 1987 3331 es

407 3379 654 3440 salutem,
684 3393 781 3447 per
802 3376 968 3444 ipsam
997 3374 1169 3428 factus
1194 3388 1252 3427 es
1281 3371 1449 3436 illius;
1481 3380 1533 3424 et
1561 3369 1607 3424 si
1637 3369 1873 3438 potueris
1899 3369 1984 3422 al-

408 3471 506 3524 teri
534 3468 724 3523 afferre
752 3468 1000 3531 salutem,
1026 3480 1131 3519 non
1155 3463 1348 3519 eodem
1378 3462 1543 3517 uteris
1568 3462 1979 3523 medicamento,

407 3571 465 3615 et
486 3560 786 3616 hortaberis
808 3572 1016 3623 omnes,
1048 3557 1341 3620 llemittite,
1372 3565 1429 3609 ut
1457 3555 1761 3609 remittatur
1793 3550 1986 3607 vobis?

408 3653 523 3709 Ποῦ
549 3662 632 3707 est
658 3662 930 3722 gratorum
962 3649 1260 3703 animormn
1288 3657 1341 3702 et
1370 3645 1613 3700 beneficii
1659 3660 1980 3707 memorum,

410 3749 481 3802 ita
506 3745 776 3802 adhortari
805 3754 887 3799 est
920 3744 1271 3813 ingenuorum
1303 3748 1357 3794 et
1401 3752 1803 3809 generosorum.
1839 3737 1985 3792 Sicut

408 3851 453 3893 et
479 3841 706 3895 Christus
734 3838 910 3892 dilexit
937 3852 1050 3900 nos,
1091 3833 1280 3903 inquit.
1321 3832 1400 3886 Tu
1444 3830 1617 3901 parcis
1645 3830 1852 3894 amicis,
1896 3829 1985 3884 ille

410 3931 638 3986 inimicis
676 3948 689 3983 :
721 3938 803 3984 est
839 3942 966 3998 ergo
996 3927 1163 3981 multo
1201 3922 1375 3993 majus
1417 3922 1558 3993 quod
1605 3921 1800 3976 factum
1846 3931 1928 3975 est
1954 3936 1984 3974 a

408 4024 657 4077 Domino.
688 4019 819 4075 Illud
847 4020 1014 4084 enim,
1039 4016 1202 4080 Sicut,
1240 4014 1454 4069 ubinam
1481 4013 1867 4068 conservatur?
1890 4027 1983 4066 an-

410 4131 518 4170 non
546 4113 883 4183 perspicuum
906 4110 1071 4181 quod,
1103 4110 1148 4163 si
1171 4109 1307 4163 bene
1336 4106 1593 4161 faciamus
1620 4106 1887 4161 inimicis?
1914 4105 1986 4160 Et

409 4205 617 4260 tradidit
641 4203 961 4271 semetipsum
991 4198 1292 4254 oblationem
1318 4206 1366 4251 et
1391 4197 1606 4250 hostiam
1635 4197 1741 4250 Deo
1777 4197 1831 4250 in
1854 4197 1985 4250 odo-

410 4315 517 4353 rem
540 4297 823 4353 suauitatis.
858 4293 1020 4348 Vides
1045 4291 1186 4363 quod
1215 4306 1428 4361 passum
1456 4303 1577 4345 esse
1619 4304 1715 4359 pro
1757 4290 1986 4345 inimicis

412 4402 495 4447 cst
519 4391 654 4446 odor
681 4389 879 4454 suavis,
910 4386 1082 4441 hostia
1107 4393 1256 4455 grata
1276 4394 1331 4440 et
1353 4393 1570 4454 accepta
1587 4383 1612 4435 ?
1637 4383 1693 4439 Si
1717 4384 1983 4443 moriaris,

411 4496 540 4537 tunc
565 4481 673 4536 eris
700 4480 905 4533 hostia:
935 4477 1036 4531 hoc
1062 4488 1143 4531 est
1173 4478 1335 4531 Deum
1368 4475 1582 4529 imitari.
1605 4475 1659 4530 '5.
1691 4472 1988 4528 Fornicatio

412 4584 602 4639 autem,
631 4582 677 4625 et
703 4570 865 4625 omnis
902 4569 1240 4631 immunditia,
1270 4577 1357 4621 aut
1384 4568 1622 4632 avaritia,
1652 4582 1741 4619 nec
1770 4565 1990 4619 nomine-

412 4676 499 4718 tur
516 4663 570 4717 in
593 4662 750 4727 vobis,
780 4661 908 4713 sicut
932 4660 1069 4713 decet
1098 4667 1322 4715 sanctos.

487 4753 902 4825 Concupiscentiu
928 4754 1093 4804 minus
1119 4751 1310 4804 malum
1349 4766 1499 4815 quam
1541 4749 1639 4803 ira.
1656 4776 1727 4790 -δ
1750 4748 1893 4803 Dixit
1921 4748 1990 4804 de

416 4862 596 4901 amara
620 4845 925 4910 aﬂ'ectione,
958 4857 1150 4912 nempe
1174 4842 1242 4896 de
1272 4843 1382 4906 ira;
1409 4841 1555 4896 venit
1574 4840 1640 4895 ad
1661 4841 1836 4895 minus
1871 4856 1988 4894 ma-

420 4940 546 4993 lum.
568 4937 697 4992 Nam
716 4935 857 5006 quod
874 4932 1305 5003 concupiscentia
1332 4932 1400 4987 sit
1428 4933 1605 4986 minus
1628 4932 1843 4995 malum,
1865 4930 1989 4984 audi

417 5031 575 5082 etiam
604 5026 837 5096 Mnysem
865 5024 1131 5079 dicentem
1162 5023 1212 5075 in
1236 5023 1373 5091 lege,
1404 5022 1668 5092 primum:
1702 5021 1821 5075 Non
1853 5022 1990 5075 occi-

418 5126 527 5185 des,
552 5119 692 5189 quod
712 5128 797 5181 est
818 5118 943 5181 im;
972 5124 1027 5170 et
1051 5115 1265 5174 deinde,
1302 5114 1419 5168 Non
1449 5114 1770 5168 nime/laberis
1791 5113 1988 5180 (Exod.

416 5213 509 5269 20.
559 5213 646 5267 15.
696 5211 806 5281 il),
836 5209 979 5280 quod
1018 5218 1102 5263 est
1143 5208 1607 5273 concupiscentiae.
1654 5208 1803 5263 Sicut
1848 5208 1991 5262 enim

420 5303 722 5360 amaritudo
749 5313 805 5358 et
827 5305 1029 5357 clamor
1053 5310 1107 5355 et
1132 5301 1305 5353 omnis
1332 5301 1530 5354 malitia
1557 5310 1613 5354 et
1640 5300 1988 5370 blasphemia,

421 5408 475 5452 et
515 5413 633 5467 qua:
678 5403 803 5450 sunt
852 5391 1172 5462 lmjusmodi,
1204 5401 1328 5444 sunt
1351 5392 1510 5445 animi
1538 5400 1593 5446 et
1618 5392 1882 5447 irascendi
1910 5392 1993 5448 fa-

422 5490 670 5544 cultatis:
698 5489 769 5541 ita
815 5496 870 5543 et
908 5483 1321 5553 concupiscendi
1354 5483 1651 5551 facultatis,
1687 5484 1990 5551 fornicatio,

426 5582 779 5643 immunditia,
806 5589 856 5634 et
885 5579 1142 5633 avaritia:
1172 5593 1293 5655 nam
1332 5577 1519 5631 eadem
1548 5593 1606 5633 re
1638 5593 1879 5632 amamus
1905 5594 1998 5648 pe-

426 5679 609 5728 cunias
634 5681 688 5725 ct
705 5685 947 5739 corpora.
976 5668 1084 5724 Sed
1101 5670 1237 5723 sicut
1258 5668 1365 5723 illic
1381 5670 1670 5738 amputavit
1686 5670 1996 5734 clamorem,

434 5777 486 5813 ut
506 5766 593 5836 qui
623 5765 687 5820 sit
718 5764 808 5817 irae
834 5761 1159 5827 vehiculum,
1192 5763 1261 5815 ita
1291 5775 1432 5813 nunc
1455 5775 1664 5831 quoque
1686 5761 1995 5819 obscoznutu

746 5866 1011 5926 Ριτιιοι.
1055 5864 1172 5924 Gn.
1223 5858 1407 5922 LXII.

1262 316 1331 373 IN
1369 310 1587 372 EPIST.
1630 312 1722 370 AD
1762 307 2001 369 EPHES.
2038 308 2197 367 CAP.
2237 312 2303 366 v.
2342 308 2574 369 HOMIL.
2613 311 2779 369 xvu.
2824 298 2829 303 '

3587 315 3685 373 NB

2109 440 2413 481 sermonem
2445 439 2499 482 et
2527 428 2909 483 scurrilitatem
2936 442 3057 500 qum
3096 436 3181 486 est
3205 429 3508 486 vehiculum
3537 443 3688 486 scor-

2098 516 2339 573 tationis.
2369 520 2421 573 4.
2456 517 2524 572 Et
2551 520 2813 590 turpitudo
2837 531 2885 575 et
2910 520 3281 591 stultiloquium
3311 534 3358 578 et
3381 527 3685 589 scurrilitas,

2098 624 2215 675 qua:
2238 609 2308 662 ad
2333 626 2437 663 rem
2471 628 2571 665 non
2599 611 2884 681 pertinent;
2901 613 2990 668 sed
3023 614 3185 685 magis
3208 615 3491 685 gratiarum
3526 618 3679 671 actio.

2098 695 2177 753 Ne
2203 699 2404 755 dixeris
2441 700 2663 758 facetias
2701 717 2801 758 nec
2828 705 3024 776 turpia,
3070 719 3171 761 nec
3208 705 3419 772 feceris,
3448 717 3503 761 et
3531 706 3686 761 ﬂatil-

2096 790 2240 846 mam
2268 792 2595 864 exstingues.
2625 792 2739 849 Nec
2760 796 3065 862 nominetur,
3090 796 3278 867 inquit,
3311 798 3367 851 in
3392 798 3530 852 vobis
3548 814 3566 852 :
3584 799 3688 855 hoc

2097 895 2199 951 est,
2234 903 2304 942 ne
2327 902 2550 957 usquam
2579 887 2797 958 quidem
2826 900 3106 959 appareat.
3132 889 3247 945 Hoc
3270 892 3432 946 etiam
3472 892 3688 948 dicebat

2095 979 2343 1034 scribens
2362 979 2427 1035 ad
2448 979 2754 1037 Corinthios
2778 999 2791 1034 :
2818 979 3039 1036 Omnino
3077 983 3284 1036 auditur
3315 984 3447 1037 inter
3473 999 3558 1037 vos
3578 984 3688 1053 for-

2094 1069 2283 1123 nicatio
2312 1069 2388 1139 (l.
2418 1068 2539 1125 Cor.
2567 1070 2620 1127 5.
2654 1073 2731 1141 1).
2762 1071 2877 1128 Hoc
2924 1082 3028 1140 est,
3073 1070 3203 1130 Sitis
3239 1088 3437 1129 omnes
3474 1074 3682 1129 mundi.

2094 1158 2381 1215 Sermones
2404 1161 2547 1217 enim
2577 1172 2702 1217 sunt
2727 1165 2826 1218 viae
2863 1179 3067 1219 rerum.
3114 1164 3316 1220 Deinde
3346 1180 3414 1221 ne
3438 1164 3686 1221 videatur

2095 1265 2217 1307 esse
2238 1253 2415 1322 gravis
2435 1263 2489 1309 et
2506 1254 2867 1323 importunus,
2887 1263 2942 1311 et
2959 1250 3276 1311 exscindere
3300 1256 3680 1320 urbanitatem,

2092 1343 2372 1413 subjunxit
2387 1346 2549 1400 etiam
2575 1361 2813 1413 causam,
2837 1346 3057 1402 dicens:
3089 1348 3216 1413 Qua:
3231 1349 3298 1401 ad
3320 1366 3424 1402 rem
3449 1366 3549 1402 nou
3567 1362 3685 1418 per-

2095 1436 2275 1501 tinent,
2302 1452 2423 1506 quze
2450 1449 2629 1492 nostra
2660 1438 2792 1494 nihil
2824 1436 3088 1507 referunt,
3136 1439 3331 1511 inquit,
3383 1440 3475 1495 sed
3520 1440 3682 1511 magis

2091 1528 2372 1597 gratiarum
2409 1531 2679 1585 actionem.

2161 1618 2218 1671 2.
2246 1618 2384 1685 Quid
2433 1620 2655 1690 prodest
2678 1621 2877 1692 aliquid
2929 1622 3192 1679 urbanum
3250 1623 3680 1680 dicerelsolum

2093 1724 2284 1765 moves
2328 1712 2520 1767 risum.
2548 1713 2642 1767 Dic
2664 1713 2795 1769 mihi
2820 1732 2834 1768 :
2859 1724 3012 1771 sutor
3040 1715 3270 1772 facietne
3290 1716 3490 1787 aliquid
3521 1734 3585 1773 ex
3614 1719 3681 1771 iis

2092 1818 2213 1872 quae
2239 1802 2306 1857 ad
2329 1815 2499 1859 artem
2552 1819 2704 1860 suam
2735 1822 2840 1861 non
2891 1808 3211 1878 pertinent,-
3243 1818 3335 1862 aut
3384 1809 3682 1879 possidebit

2093 1894 2305 1965 aliquod
2325 1896 2593 1967 ejusmodi
2636 1897 3052 1954 instrumentum
3078 1898 3102 1953 ?
3130 1899 3475 1970 Nequaquam
3508 1919 3522 1955 :
3550 1914 3677 1955 nam

2091 2002 2211 2056 quae
2232 2002 2339 2040 non
2368 1995 2493 2042 sunt
2510 1988 2563 2042 iu
2589 2003 2708 2053 usu,
2733 2004 2795 2044 ea
2821 1989 2955 2044 nihil
2987 1989 3051 2043 ad
3076 2006 3196 2045 nos.
3256 1990 3444 2045 Nullus
3467 1991 3535 2045 sit
3562 2003 3679 2046 ser-

2092 2093 2182 2131 mo
2207 2079 2411 2133 otiosus
2453 2096 2467 2133 :
2500 2092 2624 2133 nam
2667 2080 2735 2135 ab
2754 2082 2930 2136 otioso
2979 2096 3229 2137 sermone
3254 2083 3305 2136 in
3330 2082 3595 2138 absurdos
3624 2092 3679 2137 et

2101 2169 2442 2239 importunos
2458 2169 2777 2226 decidimus.
2811 2172 2926 2227 Non
2953 2183 3037 2227 est
3065 2189 3303 2243 praesens
3329 2185 3541 2245 tempus
3569 2175 3676 2230 dif-

2092 2260 2222 2315 fusa:
2248 2261 2472 2327 laetitiae,
2505 2263 2599 2318 sed
2624 2265 2817 2331 luctus,
2842 2265 3214 2332 afﬂictionum,
3247 2268 3581 2336 etejulatus:
3618 2281 3673 2323 tu

2091 2360 2274 2407 autem
2324 2352 2377 2407 in
2425 2354 2584 2409 dictis
2614 2354 2799 2410 facetis
2827 2364 3037 2427 tempus
3082 2359 3255 2414 teris?
3305 2359 3435 2426 Quis
3475 2359 3676 2415 athleta

2091 2444 2321 2500 stadium
2375 2447 2688 2517 ingressus,
2735 2450 2898 2503 missa
2948 2449 3314 2505 sollicitudine
3364 2451 3676 2507 decertandi

2091 2551 2212 2591 cum
2275 2538 2607 2605 adversario,
2659 2540 2858 2595 urbana
2890 2553 2944 2597 et
2970 2542 3141 2598 faceta
3191 2544 3355 2599 verba
3388 2544 3627 2616 loquitur
3652 2549 3679 2603 ’ἒ

2094 2629 2262 2686 instat
2291 2632 2559 2701 diabolus,
2588 2634 2780 2689 circuit
2823 2637 3055 2703 ululans,
3096 2654 3345 2706 quaerens
3373 2650 3431 2694 ut
3452 2642 3623 2710 rapiat
3656 2682 3672 2707 ,

2091 2726 2271 2779 omnia
2299 2736 2498 2791 movet,
2527 2736 2583 2782 et
2611 2728 2662 2781 in
2691 2738 2853 2796 caput
2881 2738 3027 2783 tuum
3052 2732 3214 2785 vertit
3237 2730 3443 2798 omnia,
3474 2739 3528 2787 et
3559 2748 3675 2787 mo-

2092 2816 2218 2870 litur
2247 2826 2305 2871 ut
2330 2830 2385 2870 te
2427 2834 2459 2873 e
2485 2818 2614 2874 nido
2662 2821 2871 2889 ejiciat.
2920 2819 3171 2877 dentibus
3213 2824 3445 2892 stridet,
3498 2828 3669 2895 rogit,

2093 2908 2272 2977 ignem
2319 2910 2487 2979 spirat
2539 2911 2801 2967 adversus
2854 2923 2997 2968 tuam
3054 2914 3410 2971 salutemzet
3436 2929 3490 2972 tu
3520 2919 3675 2974 sedes

2093 3003 2295 3057 urbana
2315 3012 2369 3058 et
2389 3003 2558 3057 faceta
2589 3004 2751 3059 verba
2795 3004 3002 3073 dicens,
3026 3016 3081 3061 et
3120 3007 3282 3062 stulta
3334 3009 3559 3078 loquens
3578 3053 3593 3076 ,
3619 3018 3677 3065 et

2090 3108 2210 3164 qua:
2235 3094 2302 3150 ad
2337 3111 2449 3151 rem
2480 3111 2587 3151 non
2617 3096 2887 3165 pertinent
2934 3078 3254 3164 proferens?
3300 3111 3518 3155 reetene
3546 3117 3674 3169 ergo

2092 3189 2295 3257 poteris
2321 3203 2447 3244 eum
2470 3191 2767 3259 superare?
2792 3189 3071 3255 Ludimus,
3093 3206 3128 3246 o
3148 3192 3352 3248 dilecti.
3378 3192 3473 3248 Vis
3494 3194 3673 3249 disce-

2091 3295 2151 3334 re
2179 3295 2426 3349 quaenam
2453 3280 2523 3334 sit
2545 3290 2852 3337 sanctorum
2893 3283 3018 3337 vitae
3053 3284 3274 3354 agenda:
3318 3284 3503 3339 ratio?
3532 3285 3665 3339 audi

2091 3372 2313 3427 Paulum
2372 3373 2664 3437 dicentem,
2703 3371 2807 3428 Per
2852 3375 3125 3429 triennium
3173 3387 3320 3431 nocte
3355 3389 3403 3430 et
3439 3378 3522 3431 die
3567 3394 3669 3432 non

2089 3466 2276 3517 cessavi
2302 3482 2415 3518 cum
2459 3466 2699 3537 lacrymis
2754 3484 2964 3523 monens
3010 3485 3413 3540 unumquemque
3452 3483 3671 3525 uestrum

2091 3554 2109 3621 (
2142 3554 2255 3609 Act.
2284 3554 2372 3611 20.
2405 3556 2467 3609 5i
2496 3556 2540 3626 ).
2588 3556 2644 3612 Si
2708 3566 2888 3612 autem
2944 3575 3040 3627 pro
3082 3558 3303 3616 Milesiis
3328 3570 3384 3615 et
3426 3561 3674 3630 Ephesiis

2092 3657 2242 3700 tanto
2271 3661 2398 3700 usus
2417 3655 2501 3701 est
2527 3648 2727 3714 studio,
2752 3663 2859 3703 non
2908 3651 3111 3705 urbana
3148 3653 3370 3722 loquens
3390 3694 3406 3720 ,
3429 3652 3523 3707 sed
3551 3670 3671 3709 cum

2090 3736 2345 3808 lacrymis
2372 3736 2605 3793 allerens
2645 3738 3063 3795 admonitionem
3089 3782 3103 3804 ,
3134 3742 3260 3811 quid
3286 3743 3353 3798 de
3376 3745 3493 3798 aliis
3519 3744 3671 3800 dixe-

2090 3826 2205 3881 ris?
2230 3826 2367 3881 Audi
2394 3830 2556 3882 etiam
2583 3829 2711 3897 quid
2738 3829 2881 3885 dicat
2910 3830 3202 3888 Corinthiis
3228 3852 3242 3889 :
3285 3834 3369 3889 Ea:
3397 3836 3556 3889 multa
3580 3837 3672 3889 tri-

2090 3918 2347 3972 bulatione
2381 3929 2427 3972 et
2458 3921 2697 3989 angustia
2721 3922 2888 3975 cordis
2908 3922 3089 3991 scripsi
3103 3925 3241 3979 vobis
3273 3942 3362 3994 per
3385 3926 3571 3980 multas
3597 3927 3667 3980 la-

2094 4022 2296 4081 crymas
2330 4010 2413 4082 (2.
2444 4010 2562 4065 Cor.
2591 4011 2647 4066 2,
2679 4013 2713 4066 4
2738 4013 2793 4081 );
2821 4022 2875 4068 et
2901 4031 3120 4078 rursus,
3156 4016 3285 4083 Quis
3328 4018 3624 4086 inﬁrmatur
3652 4058 3669 4084 ,

2092 4111 2140 4157 et
2176 4117 2269 4172 ego
2313 4117 2415 4155 non
2456 4102 2690 4170 inﬁrmor
2713 4106 2738 4158 .’
2776 4106 2890 4175 quis
2930 4107 3328 4173 scandalizatur,
3358 4119 3407 4162 et
3433 4126 3526 4180 ego
3568 4126 3669 4163 non

2090 4208 2213 4246 uror
2237 4190 2396 4263 (Ibid.
2427 4191 2621 4264 11.29)
2645 4193 2670 4247 ?
2693 4194 2830 4249 Audi
2868 4197 3027 4250 etiam
3056 4214 3179 4251 eum
3208 4198 3332 4252 alibi
3361 4198 3624 4253 dicentem
3652 4240 3670 4265 ,

2091 4294 2146 4340 et
2171 4287 2430 4357 quotidie,
2463 4299 2521 4343 ut
2549 4290 2620 4343 ita
2653 4289 2849 4353 dicam,
2875 4304 2941 4342 ex
2968 4288 3167 4342 mundo
3190 4288 3423 4358 migrare
3448 4290 3671 4359 cupien-

2093 4389 2199 4433 tem
2232 4397 2245 4433 :
2276 4378 2411 4433 Nunt
2441 4390 2488 4433 et
2520 4398 2610 4435 nos
2637 4382 2722 4451 qui
2748 4397 2922 4435 sumus
2947 4382 2999 4434 in
3025 4380 3121 4434 hoc
3166 4381 3507 4445 tabernaculo,
3532 4384 3673 4453 inge-

2094 4472 2349 4525 miscimus
2397 4472 2585 4542 (Ibid.
2640 4473 2693 4527 5.
2722 4474 2813 4542 4).
2846 4471 2927 4526 Tu
2978 4482 3153 4526 autem
3203 4471 3348 4526 rides
3394 4481 3448 4527 et
3489 4472 3672 4528 ludis?

2094 4574 2177 4620 est
2197 4573 2408 4633 tempus
2432 4564 2593 4631 belli,
2625 4576 2679 4618 et
2705 4576 2759 4617 tu
2785 4579 2847 4618 ea
2871 4573 3068 4618 tractas
3091 4579 3210 4633 quae
3234 4575 3357 4619 sunt
3376 4580 3560 4619 eormn
3579 4567 3670 4636 qui

2095 4656 2300 4712 ducunt
2326 4656 2567 4711 choros?
2593 4655 2707 4712 Non
2730 4656 2879 4711 vides
2922 4657 3097 4711 vultus
3136 4672 3325 4712 eorum
3353 4658 3443 4729 qui
3476 4659 3671 4714 bellum

2096 4759 2310 4819 gerunt,
2342 4765 2499 4816 quam
2536 4749 2643 4802 sint
2675 4749 2872 4812 tristes,
2897 4764 3055 4817 quam
3101 4750 3405 4804 contracti?
3429 4752 3674 4820 superci—

2097 4844 2229 4899 lium
2273 4844 2418 4899 enim
2456 4858 2643 4897 eorum
2697 4852 2780 4898 est
2829 4843 3069 4900 terribile
3095 4854 3151 4899 et
3176 4845 3389 4916 plenum
3430 4847 3673 4901 horrore.

2102 4933 2265 4992 Vides
2296 4935 2509 4991 oculum
2536 4949 2805 5001 severum,
2849 4949 2945 4990 cor
2994 4937 3307 5004 excitatum,
3355 4937 3571 4993 vibrans
3620 4949 3675 4992 et

2099 5028 2376 5091 exsiliens,
2424 5036 2659 5081 mentem
2703 5034 3053 5092 contractam,
3104 5038 3445 5095 trementem,
3475 5030 3677 5085 sollici-

2099 5128 2207 5174 tam
2228 5129 2283 5173 et
2310 5118 2546 5183 anxiam,
2571 5117 2791 5171 multam
2820 5116 3164 5181 modestiam,
3192 5130 3480 5191 aptamque
3500 5134 3564 5175 ac
3583 5120 3680 5175 de-

2102 5225 2285 5265 coram
2309 5209 2753 5273 moderationem,
2780 5208 3005 5262 multum
3045 5209 3319 5265 silentium
3348 5213 3399 5266 in
3423 5212 3677 5267 exerciti-

2101 5300 2237 5367 bus;
2268 5315 2371 5354 non
2400 5300 2544 5362 dico,
2567 5310 2627 5353 ut
2652 5300 2857 5353 nullum
2887 5300 3105 5355 verbum
3134 5300 3317 5356 dicant
3359 5312 3532 5373 turpe,
3579 5303 3674 5360 sel

2102 5409 2277 5463 neque
2298 5393 2588 5462 loquantur
2612 5393 2852 5445 omnino.
2883 5391 3015 5446 Nam
3048 5388 3095 5446 si
3131 5394 3185 5458 ii,
3218 5395 3307 5461 qui
3332 5395 3531 5450 bellum
3581 5407 3685 5465 ge-

2104 5494 2231 5540 runt
2257 5484 2514 5538 adversus
2543 5484 2725 5537 hostes
2774 5483 3023 5547 seusiles,
3049 5494 3104 5538 et
3131 5499 3163 5539 a
3188 5485 3368 5541 verbis
3411 5488 3543 5543 nihil
3579 5490 3676 5544 la:-

2106 5580 2308 5634 duntur
2327 5616 2341 5639 ,
2373 5584 2523 5628 tanto
2576 5584 2800 5629 utuntur
2845 5576 3059 5630 silentio
3085 5593 3099 5640 ;
3125 5589 3179 5629 ttt
3206 5580 3297 5648 qui
3324 5588 3379 5633 et
3406 5581 3457 5634 in
3499 5583 3681 5638 verbis

2109 5672 2309 5730 bellum
2334 5668 2522 5735 habes,
2552 5680 2607 5724 et
2632 5668 2890 5738 majorem
2908 5670 3031 5726 belli
3060 5681 3288 5740 partem,
3314 5673 3451 5730 hanc
3474 5686 3679 5747 partem

2107 5763 2203 5820 tibi
2255 5762 2387 5818 sinis
2415 5775 2537 5818 esse
2580 5761 2779 5839 nudam
2804 5762 2828 5815 ?
2866 5763 3178 5834 an-ignoras
3201 5766 3342 5835 quod
3374 5766 3498 5825 hinc
3525 5771 3677 5828 nobis
