4100 6412
438 293 538 346 H9

436 407 678 478 plurima:
707 416 958 479 parantur
982 407 1230 463 insidiae?
1251 405 1436 469 Ludis,
1465 405 1734 460 deliciaris
1755 445 1772 470 ,
1809 403 2007 458 faceta-

433 517 539 569 que
569 513 621 554 et
647 502 848 556 urbana
880 501 1038 565 dicis,
1077 509 1132 555 et
1157 501 1325 554 risum
1375 513 1582 563 moves,
1616 512 1839 566 remque
1883 495 2021 550 nihil

439 593 715 648 existimas
738 593 761 645 ?
791 596 836 648 A
863 592 1057 662 lepidis
1084 600 1139 646 et
1169 591 1390 647 urbanis
1414 590 1574 645 dictis
1603 599 1735 660 quot
1762 589 2019 660 perjuria,

433 697 566 753 quot
615 685 832 748 damna,
865 700 1023 754 quam
1046 683 1209 737 multa
1253 684 1414 737 verba
1443 683 1617 751 turpia
1643 691 1694 736 et
1727 678 2022 735 obscmna?

433 780 502 829 At
533 793 637 829 non
657 786 801 840 suat,
829 776 1019 845 inquit,
1043 774 1304 844 ejusmodi
1333 774 1473 829 dicta
1496 772 1718 827 urbana.
1742 770 1848 826 Sed
1874 770 2020 824 audi:

431 884 645 922 eutnem
675 869 1033 922 urbanitatem
1073 877 1127 922 et
1151 867 1494 922 dicacitatem
1515 866 1760 936 expellit.
1787 865 2023 935 Tempus

432 963 558 1019 belli
598 973 653 1018 et
689 978 896 1033 pugnae,
928 963 1144 1032 vigili-.12,
1173 958 1458 1025 custodiae,
1489 967 1779 1013 armatura:
1805 967 1860 1013 et
1885 959 2021 1014 aciei

432 1054 763 1109 instruenda:
793 1072 808 1109 :
837 1053 1040 1108 nullum
1076 1054 1250 1107 locum
1283 1051 1367 1106 hie
1391 1051 1589 1106 habere
1609 1059 1785 1120 petest
1813 1059 2024 1120 tempus

433 1129 610 1202 risus:
642 1146 746 1200 hoc
787 1146 929 1200 enim
965 1153 1051 1199 est
1080 1154 1292 1213 tempus
1329 1143 1534 1197 mundi.
1581 1141 1722 1196 Audi
1750 1141 2020 1197 Christum

431 1239 698 1292 dicentem
722 1253 735 1291 :
770 1237 996 1290 Mundus
1017 1235 1275 1307 gaudebit,
1303 1249 1389 1288 vos
1409 1244 1577 1288 autem
1600 1234 2024 1288 contristabimini

431 1329 634 1401 (Joan.
658 1327 744 1383 16.
768 1328 896 1399 20).
919 1326 1166 1383 Christus
1190 1327 1244 1380 in
1276 1342 1495 1380 crucem
1524 1335 1676 1379 actus
1703 1335 1786 1380 est
1807 1335 2024 1394 prepter

431 1435 524 1477 tua
553 1421 689 1475 mala
724 1437 737 1474 :
766 1435 822 1474 tu
851 1429 1030 1474 autem
1087 1418 1230 1473 rides
1254 1417 1278 1472 ?
1321 1417 1568 1488 impacta:
1599 1425 1725 1471 sunt
1749 1416 1824 1470 illi
1853 1417 2022 1486 alapae

429 1528 484 1570 et
513 1515 747 1586 colaphi,
771 1523 828 1568 et
856 1523 960 1568 tam
980 1513 1144 1566 multa
1173 1526 1364 1581 passus
1392 1520 1474 1566 est
1503 1520 1723 1580 propter
1766 1519 1907 1564 tuam
1929 1524 2021 1564 ca-

430 1609 745 1669 lamitatem,
774 1618 824 1660 et
851 1621 969 1676 qum
994 1614 1044 1659 te
1067 1603 1549 1672 comprehenderat
1595 1611 1967 1672 tempestatem
2005 1619 2018 1654 :

432 1713 486 1754 tu
514 1709 692 1755 autem
721 1699 868 1768 degis
888 1697 940 1751 in
961 1697 1211 1751 deliciis?
1234 1696 1302 1750 Et
1324 1695 1595 1766 quomodo
1623 1711 1729 1748 non
1751 1710 1873 1750 eum
1905 1710 2022 1748 ma-

428 1795 512 1863 gis
538 1794 714 1847 irritas
737 1793 760 1845 ?
789 1790 894 1846 Sed
923 1789 1177 1861 quoniam
1197 1788 1411 1843 videtur
1437 1787 1756 1858 quibusdam
1785 1801 1873 1841 res
1901 1801 2022 1842 esse

430 1883 765 1958 iudiﬂ‘erens,
796 1897 958 1951 quam
983 1880 1200 1951 quidem
1229 1895 1425 1936 cavere
1456 1888 1542 1934 est
1569 1878 1858 1933 admodum
1882 1879 2023 1933 dilﬁ-

429 1977 553 2042 cile,
573 1991 670 2046 age
684 1975 751 2030 de
767 1990 832 2030 eo
846 1975 1025 2044 paucis
1041 1973 1392 2036 disseramus,
1409 1971 1666 2026 docentes
1679 1979 1935 2041 quantum
1950 1972 2022 2025 sit

429 2069 649 2123 malum.
667 2066 778 2122 lloc
789 2067 1023 2122 estenim
1038 2081 1174 2134 npus
1187 2064 1406 2128 diaboli,
1420 2062 1635 2119 efﬁcere
1653 2062 2021 2132 utdespician-

429 2169 512 2214 tur
529 2175 648 2230 quae
663 2168 788 2213 sunt
816 2156 1192 2212 indifferentia.
1228 2157 1404 2225 Atque
1425 2155 1655 2225 primum
1677 2153 1893 2223 quidem
1915 2196 1931 2220 ,
1973 2155 2016 2210 si

429 2247 909 2312 essetindiﬁ'erens,
927 2263 994 2302 ne
1006 2249 1084 2302 sic
1106 2246 1323 2317 quidem
1344 2247 1517 2315 ipsum
1537 2256 1813 2315 oporteret
1838 2246 2022 2316 despi—

429 2357 575 2406 cere,
598 2343 857 2396 scientem
883 2340 1024 2410 quod
1052 2356 1119 2395 ex
1139 2355 1204 2395 eo
1223 2338 1385 2393 multa
1409 2348 1695 2396 nascantur
1719 2339 1876 2400 mala,
1900 2355 2021 2395 cre—

431 2443 688 2502 scantque
701 2441 755 2487 et
775 2447 918 2502 swpe
934 2432 1182 2486 desinant
1200 2431 1252 2483 in
1265 2431 1668 2484 scortationem:
1684 2429 1822 2499 quod
1839 2438 2018 2485 autem

430 2543 536 2580 non
567 2527 638 2580 sit
668 2524 1011 2589 indifferens,
1047 2523 1169 2578 inde
1208 2533 1288 2578 est
1336 2523 1698 2592 perspicuum.
1728 2522 2020 2578 Videamus

432 2633 560 2687 ergo
591 2616 731 2671 unde
762 2625 1044 2681 nascatur;
1089 2615 1173 2670 vel
1212 2615 1386 2682 potius
1416 2613 1694 2670 videamus
1719 2614 2018 2684 cujusmodi

427 2718 641 2778 oportet
667 2723 789 2764 esse
815 2719 1082 2774 sanetum,
1105 2707 1312 2769 mitem,
1335 2714 1697 2770 mansuetum,
1723 2705 2018 2776 lugentem,

431 2807 808 2856 lamentantem
827 2841 843 2864 ,
875 2799 1154 2854 afflictum.
1187 2798 1286 2864 Qui
1315 2812 1446 2868 ergo
1472 2797 1602 2851 dicit
1631 2796 1831 2851 urbana
1859 2805 1913 2851 et
1942 2796 2020 2849 fa-

429 2909 546 2949 ceta
569 2937 584 2959 ,
617 2911 723 2948 non
755 2902 840 2949 est
868 2900 1085 2948 sanctus
1110 2907 1127 2946 :
1152 2891 1360 2945 etiamsi
1391 2891 1458 2944 sit
1482 2890 1701 2945 Cra-cus
1723 2931 1740 2956 ,
1767 2889 1812 2943 is
1835 2898 1919 2943 est
1948 2889 2021 2943 ri-

431 2988 678 3044 diculus:
706 2989 769 3043 iis
798 2987 930 3042 solis
956 2987 1044 3057 qui
1072 2993 1197 3040 sunt
1218 2984 1269 3038 in
1292 2999 1449 3038 scena
1473 2985 1588 3038 hinc
1620 2982 2018 3051 permittuntur.

433 3081 534 3136 Ubi
569 3090 651 3135 est
682 3077 954 3148 turpitudo
973 3117 987 3143 ,
1019 3075 1127 3132 illic
1151 3079 1234 3129 est
1261 3075 1421 3130 etiam
1449 3074 1747 3129 scurrilitas
1775 3090 1790 3126 :
1821 3073 1907 3127 ubi
1938 3081 2021 3127 est

435 3173 577 3227 risus
617 3172 991 3241 importunus,
1039 3169 1148 3224 illic
1184 3175 1268 3222 est
1312 3166 1474 3221 etiam
1517 3166 1833 3221 scurrilitas.
1882 3165 2016 3219 Audi

431 3263 750 3334 prophetam
791 3261 1062 3317 dicentem
1098 3277 1110 3314 :
1144 3257 1340 3313 Servite
1378 3255 1599 3311 Domino
1634 3258 1686 3310 in
1724 3257 1933 3320 timore,
1973 3266 2020 3311 et

433 3357 682 3411 exsultate
711 3355 755 3408 ei
790 3354 842 3406 iu
874 3362 1086 3406 tremore
1120 3349 1294 3421 (Psal.
1322 3348 1377 3403 2.
1413 3347 1524 3419 ll).
1555 3348 1685 3402 Nam
1722 3348 2019 3402 scurrilitas

435 3448 648 3502 mollem
677 3445 840 3500 efﬁcit
868 3444 1100 3498 animam
1129 3442 1463 3512 pigramque,
1495 3439 1690 3494 attollit
1717 3448 1771 3494 et
1798 3439 2015 3505 excitat,

436 3542 707 3611 inultaque
752 3538 942 3609 probra
988 3535 1211 3606 parturit
1251 3542 1308 3590 et
1344 3533 1696 3590 contumelias
1720 3573 1737 3599 ,
1780 3543 1835 3587 et
1876 3531 2015 3588 bella

433 3633 576 3686 facit.

507 3722 562 3777 5.
593 3720 729 3789 Quid
771 3719 938 3775 vero?
967 3733 1143 3772 annon
1186 3715 1385 3772 relatus
1421 3729 1481 3770 es
1520 3714 1662 3768 inter
1694 3713 1876 3768 viros?
1911 3713 2019 3768 Fac

435 3829 565 3884 ergo
593 3822 652 3867 ut
681 3819 894 3867 cessent
921 3825 1039 3880 qua:
1068 3818 1192 3863 sunt
1220 3805 1446 3878 parvuli.
1479 3806 1582 3860 Sed
1617 3805 1868 3860 famulum
1896 3803 2018 3872 qui-

435 3908 558 3960 dem
588 3916 734 3960 tmun
765 3899 878 3958 non
910 3904 992 3958 vis
1033 3903 1084 3956 in
1116 3905 1229 3956 foro
1257 3900 1438 3956 dicere
1467 3915 1586 3970 quae
1623 3909 1750 3953 sunt
1779 3898 2014 3963 inutilia;

437 4009 492 4053 tu
523 4009 722 4063 autem,
751 3996 842 4068 qui
867 3995 1003 4053 dicis
1029 4004 1083 4049 te
1113 4008 1233 4047 esse
1265 3992 1354 4046 Dei
1388 3991 1639 4044 famulum
1667 4031 1681 4054 ,
1713 3989 1764 4043 in
1798 3987 1913 4043 foro
1939 3989 2017 4042 lo-

438 4090 619 4160 queris
657 4088 858 4142 urbana
890 4094 944 4142 et
971 4083 1234 4140 scurrilia.
1276 4082 1542 4136 Prmclare
1567 4079 1780 4148 quidem
1811 4079 2016 4148 agitur,

435 4183 479 4236 si
510 4181 690 4236 sobria
719 4180 895 4234 anima
917 4176 1105 4231 furtim
1136 4190 1242 4228 non
1267 4173 1528 4243 rapiatur,
1560 4171 1794 4225 laetitiam
1836 4179 2015 4223 autem

438 4276 683 4329 diffusam
711 4272 830 4342 quis
856 4285 960 4324 non
988 4268 1164 4337 capiet
1187 4277 1242 4321 et
1260 4264 1620 4335 expugnabit?
1646 4263 1756 4332 ipsa
1783 4277 1814 4316 a
1842 4263 2016 4332 seipsa

440 4368 737 4437 conligetur
761 4406 776 4430 ,
818 4378 919 4418 nec
945 4376 1079 4431 Opus
1112 4361 1209 4414 erit
1254 4357 1462 4412 insidiis
1491 4365 1545 4410 et
1573 4355 1768 4410 insultu
1795 4354 2014 4409 diaboli.

442 4459 512 4514 Ut
540 4471 718 4513 autem
749 4456 944 4515 discas,
977 4453 1098 4506 vide
1123 4451 1286 4505 etiam
1318 4451 1490 4517 ipsum
1522 4462 1714 4501 nomen
1741 4464 1753 4499 :
1777 4445 2018 4500 scurrilis

376 4553 380 4557 ’
439 4553 656 4617 dicitur,
688 4551 776 4620 qui
803 4557 884 4604 est
912 4547 1123 4612 varius,
1155 4542 1502 4613 oninigenus,
1533 4540 1817 4602 instabilis,
1850 4538 2018 4594 facilis

436 4661 499 4699 ac
527 4645 678 4709 levis,
710 4652 763 4696 et
792 4641 843 4695 in
873 4653 1060 4694 omnes
1091 4653 1150 4691 se
1190 4645 1404 4689 vertens
1432 4632 1641 4701 species
1667 4649 1679 4684 :
1707 4630 1809 4686 hoc
1838 4639 2015 4684 autem

440 4739 597 4804 longe
626 4733 775 4786 abest
807 4730 873 4784 ab
903 4731 967 4784 iis
991 4729 1079 4799 qui
1111 4737 1270 4794 petrae
1301 4723 1560 4778 serviunt.
1591 4720 1639 4774 Is
1669 4720 1822 4775 facile
1849 4719 2017 4774 verti-

439 4839 524 4880 tur
553 4835 610 4882 et
633 4833 871 4877 mutatur
895 4840 907 4874 :
929 4828 1140 4889 oportet
1165 4817 1309 4872 enim
1335 4830 1456 4869 eum
1483 4822 1537 4868 et
1564 4811 1783 4882 ﬁguram
1817 4819 1871 4866 et
1900 4825 2020 4864 vcr-

438 4922 563 4974 bum
593 4927 647 4974 et
677 4917 843 4971 risum
886 4923 940 4968 et
987 4913 1250 4966 incessum
1289 4919 1342 4964 et
1385 4907 1560 4960 omnia
1593 4904 1827 4966 imitari;
1861 4905 2018 4972 quin-

439 5013 598 5065 etiam
626 5018 837 5080 oportet
867 5020 988 5060 eum
1021 5003 1324 5072 excogitare
1351 5007 1643 5054 scommata
1671 5007 1726 5052 et
1755 4995 1970 5050 dicteria
1999 5010 2014 5048 :

441 5122 562 5162 nam
590 5121 655 5159 eo
681 5115 894 5172 quoque
920 5099 967 5152 ei
996 5111 1129 5165 opus
1154 5104 1254 5150 est.
1288 5092 1478 5147 Procul
1503 5100 1680 5144 autem
1713 5098 1792 5143 est
1813 5103 1841 5140 a
1865 5087 2019 5141 Chri-

437 5201 614 5254 stiano
643 5195 863 5250 comicis
892 5191 1047 5246 dictis
1074 5191 1360 5242 incessere.
1397 5185 1459 5238 Et
1490 5197 1710 5238 necesse
1740 5191 1823 5235 est
1851 5180 1898 5234 ei
1926 5180 2014 5247 qui

438 5291 753 5346 scurrilibus
778 5286 936 5342 dictis
962 5284 1142 5346 utitur,
1169 5291 1591 5348 supervacaneas
1621 5274 1890 5342 suscipere
1912 5271 2015 5325 ini-

441 5387 668 5441 micitias
704 5397 888 5438 eorum
933 5379 1020 5447 qui
1062 5387 1265 5429 temere
1293 5370 1531 5425 dicteriis
1558 5368 1874 5427 irridentur,
1903 5364 2015 5418 sive

438 5478 617 5532 adsint
637 5517 651 5537 ,
681 5475 794 5529 sive
819 5473 1066 5524 absentes
1092 5466 1374 5520 audierint.
1405 5463 1458 5517 Si
1493 5475 1581 5516 res
1607 5469 1689 5514 est
1717 5456 1937 5528 pulchra
1963 5467 2016 5510 et

440 5571 688 5626 honesta.
715 5582 810 5621 cur
831 5562 1146 5632 relinquitur
1170 5557 1381 5611 mimis?
1407 5555 1595 5608 Mimus
1616 5551 1818 5614 evadis,
1838 5561 1892 5605 et
1907 5562 2014 5603 non

424 5665 497 5715 ~te
539 5660 732 5730 pudet?
770 5659 875 5712 Cur
904 5655 1087 5710 liberis
1119 5651 1303 5721 puellis
1337 5647 1527 5701 vestris
1562 5644 1664 5698 hoc
1703 5642 1878 5694 facere
1909 5655 2014 5694 non

438 5749 778 5826 permittitis?
809 5763 982 5803 annon
1011 5741 1268 5801 statuistis
1295 5754 1408 5794 rem
1439 5751 1558 5794 esse
1589 5731 1875 5799 inhonesti,
1906 5745 2010 5786 non

1175 293 1235 351 S.
1273 292 1552 350 JOANNIS
1587 286 2061 348 CIIRYSOSTOMI
2099 285 2415 344 AllClllEP.
2457 289 2989 348 COD‘STANTINOP.

3629 301 3729 354 120

2133 401 2360 456 modesti
2400 403 2548 456 viri?
2591 403 2775 474 stagna
2817 406 2953 459 mala
3003 406 3242 462 habitant
3287 409 3338 463 in
3389 411 3564 467 anima
3603 429 3720 482 qua:

2131 493 2295 547 verba
2325 502 2546 563 usurpat
2571 496 2811 550 scurrilia
2835 507 2889 551 et
2909 498 3100 564 faceta,
3124 515 3313 570 magna
3339 501 3639 572 dissolutio,
3669 517 3719 564 et

2130 583 2255 639 hinc
2285 586 2517 640 solitudo
2538 587 2555 618 ί
2581 605 2594 639 :
2620 587 2733 642 hiat
2759 604 3018 660 compago
3041 633 3054 654 ,
3089 595 3370 648 marcescit
3397 595 3680 651 mdiﬁcium
3697 639 3714 664 ,

2130 678 2518 733 exterminatur
2555 680 2746 745 timor,
2784 681 2934 736 abest
2981 683 3169 751 pietas.
3220 684 3395 741 ilabes
3442 687 3713 758 linguam,

2129 782 2236 821 non
2259 777 2314 822 ut
2335 769 2555 824 comicis
2571 769 2730 824 dictis
2747 771 3004 837 incessas,
3029 774 3121 828 sed
3149 785 3203 827 ut
3225 777 3333 830 Deo
3349 793 3472 846 agas
3493 780 3716 849 gratias.

2128 858 2244 914 Non
2288 860 2438 916 vides
2479 863 2788 930 moriones,
2827 865 2914 934 qui
2955 874 3257 931 γελωτοποιοὶ
3296 869 3546 925 dicuntur
3572 873 3714 941 quod

2129 953 2297 1007 risum
2336 965 2620 1021 moveant,
2659 963 2714 1010 et
2753 956 2912 1026 vulgo
2950 967 3208 1011 vocantur
3240 965 3458 1031 κόρδακες
3487 963 3603 1032 (a)?
3631 963 3716 1018 isti

2129 1053 2254 1098 sunt
2278 1049 2591 1115 εὖτράπελοι,
2620 1046 2670 1100 id
2697 1056 2779 1102 est
2799 1087 2814 1111 ,
2848 1048 3103 1102 scurriles
3130 1058 3185 1102 et
3210 1048 3387 1106 faceti.
3420 1052 3713 1122 Expellite,

2129 1151 2293 1206 rogo,
2326 1152 2356 1190 a
2385 1147 2682 1193 vestrarum
2721 1139 3018 1194 animarum
3065 1140 3257 1196 ﬁnibus
3287 1143 3544 1212 ingratam
3577 1145 3717 1203 hanc

2126 1232 2348 1300 gratiam
2375 1248 2388 1285 :
2414 1247 2499 1286 res
2519 1240 2604 1288 est
2633 1235 3010 1302 parasitorum,
3041 1235 3345 1302 Inimorum,
3373 1243 3708 1307 saltatormn,

2128 1325 2532 1392 prostitutarum
2561 1327 2848 1382 mulierum
2875 1346 2888 1383 :
2913 1329 3095 1396 procul
3125 1330 3194 1383 sit
3221 1331 3288 1384 ab
3316 1332 3492 1386 anima
3521 1333 3711 1402 libera,

2130 1416 2316 1483 procul
2345 1416 2412 1470 ab
2444 1418 2692 1486 ingenua,
2723 1426 2778 1472 et
2810 1421 3042 1488 procula
3068 1421 3260 1475 servis.
3294 1420 3348 1476 Si
3375 1423 3493 1492 quis
3517 1433 3600 1478 est
3626 1424 3712 1478 in-

2129 1508 2314 1575 famis,
2346 1510 2389 1563 si
2422 1511 2541 1580 quis
2569 1511 2739 1580 turpis
2767 1519 2821 1565 et
2845 1512 3160 1579 ohscmnus,
3192 1514 3235 1566 is
3265 1525 3347 1567 est
3375 1515 3533 1569 etiam
3561 1530 3714 1571 scur-

2127 1601 2265 1656 rilis.
2292 1601 2468 1655 Multis
2489 1611 2671 1656 autem
2698 1602 2911 1657 videtur
2930 1602 3044 1658 hare
3068 1620 3154 1658 res
3181 1606 3341 1660 etiam
3366 1621 3487 1662 esse
3508 1607 3708 1664 virtus:

2126 1703 2180 1747 et
2205 1705 2286 1747 est
2315 1692 2414 1748 hoc
2447 1694 2753 1764 lugendum.
2789 1695 2858 1749 Ut
2897 1697 3040 1750 enim
3070 1698 3498 1766 concupiscentia
3524 1699 3712 1769 paula-

2128 1787 2220 1839 tim
2262 1786 2480 1842 devenit
2517 1787 2586 1842 ad
2625 1789 3002 1843 seortationem
3031 1829 3046 1852 ,
3091 1789 3163 1842 ita
3209 1789 3367 1843 etiam
3416 1792 3710 1846 scurrilitas

2125 1880 2339 1935 videtur
2373 1897 2495 1936 esse
2537 1897 2625 1936 res
2665 1883 2939 1952 gratiosa;
2971 1880 3065 1934 sed
3110 1881 3238 1934 nihil
3281 1891 3362 1936 est
3395 1882 3494 1937 hoc
3535 1884 3712 1937 minus

2123 1975 2442 2046 gratiosum.
2486 1974 2624 2029 Audi
2665 1974 2809 2028 enim
2854 1972 3185 2042 Scripturam
3233 1973 3540 2028 dicentem:
3579 1974 3710 2028 Ante

2125 2068 2315 2120 tonitru
2356 2076 2596 2136 praperat
2638 2065 2851 2136 fulgur,
2886 2074 2934 2118 et
2977 2065 3245 2134 pudentem
3281 2066 3514 2134 praecedit
3542 2068 3715 2136 gratia

2125 2157 2315 2229 (Eccli.
2347 2158 2435 2213 59..
2467 2157 2576 2228 Η).
2600 2157 2821 2212 Scurrili
2849 2165 3026 2211 autem
3057 2155 3184 2210 nihil
3218 2164 3300 2210 est
3328 2156 3705 2225 impudentius.

2125 2254 2300 2317 Quare
2339 2267 2400 2304 os
2440 2249 2554 2318 ejus
2579 2258 2662 2305 est
2693 2249 2904 2318 plenum
2927 2290 2943 2315 ,
2977 2264 3085 2302 non
3117 2248 3284 2318 gratia
3308 2291 3321 2311 ,
3368 2248 3461 2302 sed
3499 2248 3706 2304 dolore.

2126 2344 2277 2399 Hunc
2309 2358 2512 2397 morem
2542 2342 2876 2410 expellamus
2905 2356 2933 2395 a
2965 2341 3188 2395 mensis.
3223 2340 3358 2394 Sunt
3385 2341 3544 2394 etiam
3585 2343 3706 2411 qui-

2125 2437 2246 2492 dam
2277 2437 2366 2502 qui
2396 2450 2659 2506 pauperes
2685 2437 2785 2489 hoc
2805 2415 3018 2489 docent.
3043 2433 3086 2488 Ο
3111 2433 3495 2488 absurditatem
3521 2435 3533 2487 Ξ
3559 2448 3710 2488 scur-

2126 2528 2256 2583 riles
2279 2541 2400 2582 esse
2428 2527 2631 2581 faciunt
2657 2541 2755 2582 eos
2789 2525 2882 2596 qui
2917 2535 3044 2580 sunt
3077 2525 3128 2578 in
3168 2523 3545 2579 afflictionibus
3575 2527 3588 2580 Ξ
3618 2525 3700 2580 uhi

2125 2619 2266 2674 enim
2289 2619 2399 2688 jam
2423 2634 2527 2673 non
2551 2627 2632 2673 est
2657 2616 2744 2672 hic
2769 2616 3158 2672 morbus?Jam
3187 2618 3346 2670 etiam
3375 2616 3706 2671 introductus

2124 2722 2208 2768 est
2252 2713 2304 2765 in
2348 2711 2642 2766 Ecclesium
2673 2729 2685 2764 :
2709 2709 2818 2781 jam
2860 2710 3018 2764 etiam
3059 2708 3232 2779 attigit
3261 2707 3583 2778 Scripturas.
3618 2708 3706 2762 Di-

2124 2821 2314 2860 camne
2350 2803 2582 2874 aliquid,
2618 2812 2675 2858 ut
2711 2803 2838 2858 mali
2879 2802 3156 2857 ostendam
3193 2800 3658 2871 exsuperatiouem
3681 2801 3706 2853 ἲ

2124 2901 2206 2954 Me
2227 2899 2438 2968 quidem
2464 2898 2644 2968 pudet,
2665 2897 2757 2951 sed
2777 2905 2952 2950 tamen
2975 2896 3150 2950 dicam
3176 2912 3191 2950 :
3216 2894 3338 2949 volo
3357 2894 3500 2948 enim
3520 2905 3705 2948 osten-

2124 2992 2254 3046 dere
2279 3005 2384 3060 quo
2408 2990 2666 3059 processit
2689 2989 2909 3055 malum,
2935 3003 3002 3042 ne
3025 2987 3207 3042 videar
3226 2987 3294 3042 de
3317 2987 3477 3042 rebus
3501 2986 3704 3056 pusillis

2125 3099 2285 3154 agere
2313 3091 2369 3138 et
2397 3082 2464 3136 de
2501 3098 2560 3135 re
2588 3081 2762 3151 aliqua
2791 3095 2948 3150 parva
2974 3079 3240 3134 disserere
3259 3120 3276 3145 ,
3306 3077 3398 3134 sed
3432 3086 3488 3132 ut
3513 3077 3596 3133 vel
3625 3079 3704 3133 sic

2124 3177 2322 3246 possim
2367 3175 2434 3229 ab
2482 3186 2667 3228 errore
2713 3188 2809 3227 vos
2847 3171 3138 3226 abducere.
3181 3170 3291 3225 Nec
3320 3186 3406 3225 me
3436 3170 3704 3225 existimet

2122 3269 2384 3340 quispiam
2409 3268 2627 3337 ﬁngere,
2653 3266 2748 3320 sed
2768 3265 2939 3320 dicam
2966 3281 3086 3334 quae
3113 3264 3310 3318 audivi.
3342 3265 3471 3318 Erat
3489 3264 3702 3334 quidam

2123 3360 2264 3431 apud
2296 3360 2528 3427 aliquem
2557 3374 2622 3412 ex
2648 3358 2734 3423 iis,
2759 3359 2846 3427 qui
2869 3356 2936 3412 de
2956 3356 3176 3412 scientia
3203 3355 3503 3426 gloriantur
3527 3364 3580 3408 et
3602 3354 3701 3408 sibi

2123 3453 2338 3523 placent
2362 3469 2375 3504 :
2402 3460 2456 3505 et
2483 3451 2596 3504 scio
2625 3449 2842 3519 quidem
2869 3447 3106 3502 futurum
3137 3456 3197 3501 ut
3227 3448 3393 3501 risum
3421 3461 3662 3502 moveam
3683 3485 3699 3506 .

2122 3544 2215 3598 sed
2242 3551 2418 3597 tamen
2440 3542 2612 3596 dicam
2639 3557 2651 3592 :
2679 3540 2724 3594 is
2744 3553 2928 3593 mensa
2956 3537 3195 3606 apposita
3221 3536 3430 3591 dicebat
3457 3555 3470 3590 :
3494 3539 3702 3606 Appre-

2124 3633 2538 3703 hendite.pueri,
2575 3648 2640 3686 ne
2669 3629 2880 3700 quando
2901 3630 3162 3684 irascatur
3187 3637 3393 3684 venter.
3424 3629 3492 3683 Et
3519 3642 3702 3682 rursus

2122 3727 2213 3780 alii
2241 3725 2426 3780 dicunt
2455 3723 2584 3779 :Va:
2613 3723 2730 3789 tibi,
2761 3737 3086 3785 mammona,
3116 3729 3172 3776 et
3195 3721 3242 3775 ei
3273 3721 3361 3789 qui
3393 3731 3443 3775 te
3474 3735 3576 3774 non
3610 3721 3703 3773 ha-

2125 3817 2249 3871 bet!
2282 3817 2348 3870 Et
2376 3815 2538 3869 multa
2572 3813 2832 3883 ejusmodi
2877 3813 3104 3868 absurda
3137 3813 3429 3867 introduxit
3458 3815 3698 3868 scurrili-

2123 3920 2204 3964 tas
2229 3927 2244 3964 :
2269 3917 2325 3963 ut
2350 3907 2562 3978 quando
2590 3907 2810 3962 dicunt:
2836 3905 2993 3960 Modo
3022 3922 3128 3960 non
3156 3915 3239 3960 est
3263 3906 3554 3975 generatio.
3592 3907 3701 3962 lloc
3769 3945 3781 3956 .

2123 4002 2244 4056 dico
2274 4000 2530 4055 adversus
2569 3997 2954 4052 absurditatem
2996 3997 3255 4050 malorum
3298 4010 3506 4050 morum
3536 4014 3551 4050 :
3577 3999 3704 4051 sunt

2122 4096 2266 4150 enim
2297 4093 2414 4148 haec
2443 4092 2603 4148 verba
2637 4092 2828 4145 animae
2871 4089 3098 4145 desertae
3139 4104 3169 4142 a
3215 4089 3409 4158 pietate
3447 4104 3512 4144 ac
3544 4105 3699 4146 reve-

2123 4187 2318 4242 rentia.
2366 4187 2557 4240 Annon
2607 4182 2919 4238 fulminibus
2960 4182 3117 4250 digna
3168 4189 3294 4234 sunt
3344 4180 3458 4236 hate
3497 4183 3702 4236 verba?

2123 4279 2283 4333 Multa
2313 4277 2380 4332 ab
2408 4277 2490 4330 bis
2519 4276 2680 4330 etiam
2708 4274 2810 4328 alia
2837 4271 3098 4342 ejusmodi
3126 4272 3230 4326 dici
3261 4271 3520 4341 quispiam
3549 4274 3699 4327 inve-

2125 4371 2282 4424 nerit.
2311 4366 2668 4435 Quamobrem
2708 4381 2841 4434 rogo
2879 4373 2940 4419 ut
2983 4363 3218 4432 undique
3248 4362 3388 4416 malo
3415 4363 3515 4418 hoc
3552 4379 3702 4420 more

2122 4463 2367 4532 expulso,
2399 4461 2485 4514 illa
2523 4459 2804 4529 loquamur
2831 4472 2949 4525 quae
2990 4455 3144 4508 nobis
3173 4455 3519 4519 conveniunt,
3551 4464 3604 4508 et
3634 4471 3701 4508 ne

2122 4571 2214 4611 ora
2237 4564 2418 4610 sancta
2442 4553 2730 4622 loquantur
2749 4548 2908 4604 verba
2930 4545 3201 4600 infamium
3226 4557 3279 4599 et
3299 4543 3698 4600 obscoenarum.

2126 4649 2253 4715 ρυω
2286 4658 2358 4702 est
2383 4645 2517 4698 enim
2538 4643 2752 4716 justitite
2790 4639 3111 4710 participatio
3143 4653 3257 4690 cum
3283 4636 3586 4702 iniquitate?
3613 4645 3701 4689 aut

2121 4755 2235 4808 qua:
2261 4739 2472 4792 societas
2503 4734 2602 4789 luci
2646 4749 2760 4787 cum
2798 4730 3009 4784 tenebris
3050 4727 3128 4800 (2.
3157 4726 3275 4782 Cor.
3308 4726 3362 4780 6.
3392 4724 3520 4797 id)?
3557 4725 3702 4782 Bene

2122 4832 2264 4886 enim
2293 4829 2568 4884 nobiscum
2595 4834 2802 4895 agetur,
2827 4823 2871 4876 si
2892 4836 3012 4876 cum
3039 4835 3135 4873 nos
3156 4818 3224 4871 ab
3245 4818 3489 4872 omnibus
3509 4818 3699 4872 absur-

2122 4923 2208 4978 dis
2233 4920 2640 4981 abduxerimus,
2676 4917 2813 4969 bona
2861 4911 3118 4980 promissa
3149 4924 3573 4979 consequamur,
3605 4923 3700 4964 ne-

2123 5016 2248 5070 dum
2271 5030 2390 5067 cum
2415 5021 2520 5065 tam
2551 5009 2711 5064 multa
2745 5005 3078 5064 attrahimus,
3097 5012 3148 5057 ct
3173 5002 3364 5055 mentis
3386 4999 3698 5069 perfectioni

2126 5124 2218 5178 per
2244 5118 2348 5160 tam
2375 5104 2537 5158 multa
2568 5100 2855 5171 perniciem
2887 5095 3180 5150 afferimus.
3219 5091 3351 5146 Nam
3380 5091 3468 5161 qui
3501 5092 3699 5146 scurri-

2124 5201 2244 5254 liter
2274 5195 2506 5266 loquitur
2527 5235 2543 5257 ,
2576 5193 2682 5246 cito
2713 5191 2818 5245 erit
2846 5186 3140 5244 maledicus
3165 5201 3180 5239 :
3203 5182 3494 5239 maledicus
3519 5193 3696 5237 autem

2185 5425 2200 5454 ι
2236 5422 2487 5479 Interpres
2527 5415 2716 5462 Latinus
2759 5409 2952 5479 legerat.
2979 5408 3238 5479 inﬁrmet),
3263 5415 3452 5479 ιξραηιίιε
3481 5403 3699 5479 verterat

2122 5460 2486 5541 enini-ironia“;
2496 5460 2586 5526 sed
2596 5460 2774 5541 lotnnes
2790 5460 2891 5541 Mss:
2906 5477 2954 5517 el
2979 5467 3094 5539 Editi
3105 5460 3464 5541 .ltabettt'tggpu:
3474 5460 3690 5541 solitudo:

2156 5522 2724 5594 lite-’voimuo'n‘omnino
2758 5532 2996 5596 quadrare
3041 5529 3232 5577 videtur
3255 5563 3268 5586 ,
3305 5522 3497 5575 utnec
3541 5522 3695 5572 altera

2121 5608 2255 5730 ¹Ηῗέι)
2282 5674 2481 5728 Κάρδακας,
2503 5660 2783 5728 saltatorum
2817 5665 2975 5730 genus
3000 5646 3537 5730 craticujusfreqtiens
3555 5657 3695 5730 plan-

2121 5704 3047 5794 iio‘ﬁui‘drsenriiitores,Aristophanem,
3072 5704 3458 5774 Theophrastum
3482 5714 3534 5756 et
3555 5704 3694 5756 alios.
