4096 6388
403 358 510 410 119

391 457 482 511 καὶ
505 454 656 508 οὐδὲν
675 451 782 507 ἀπὸ
809 451 982 517 λόγων
1011 449 1385 520 βλαπτόμενοι,
1406 447 1642 518 τοσαύτῃ
1664 448 1958 518 κέχρηνται

396 551 542 618 σιγῇ,
567 548 653 610 σὺ,
668 547 696 597 ό
713 543 806 597 καὶ
820 545 877 596 ἐν
891 541 1068 610 λόγοις
1083 539 1221 610 έχων
1235 539 1325 591 τὸν
1345 539 1595 609 πόλεμον,
1615 539 1785 591 καὶτὸ
1803 538 1962 592 πλέον

388 637 484 692 τοῦ
501 634 759 704 πολέμου,
773 632 931 686 τοῦτό
952 648 1034 683 σοι
1047 630 1108 683 τὸ
1123 630 1287 700 μέρος
1303 630 1397 699 ἐᾷς
1412 629 1616 699 γυμνόν
1631 647 1646 696 ;
1673 629 1706 699 ἣ
1726 631 1958 697 ἀγνοεῖς,

396 730 479 782 ὅτι
505 727 575 780 τά
598 724 818 778 πλείονα
841 719 1086 775 ἐντεῦθεν
1109 717 1602 789 ἐπιϐουλευόμεθα;
1627 718 1851 782 Παίζεις
1872 719 1966 770 καὶ

395 817 628 888 τρυφᾷς,
675 813 770 866 καὶ
800 813 988 865 ἀστεῖα
1026 809 1222 877 λέγεις,
1269 807 1363 860 καὶ
1396 807 1608 875 γέλωτα
1641 809 1840 872 κινεῖς,
1871 806 1967 859 καὶ

393 907 544 962 οὐδὲν
570 907 677 976 ἡγῇ
700 903 761 955 τὸ
793 903 1061 972 πρᾶγμα;
1106 899 1270 952 πόσαι
1296 896 1404 950 ἀπὸ
1432 895 1813 964 ἀστειολογιῶν
1846 897 1966 949 ἐπι-

394 999 612 1069 ορκίαι,
659 995 820 1048 πόσαι
862 991 1076 1064 βλάϐαι,
1121 991 1285 1044 πόσαι
1309 988 1685 1059 αίσχολογίαιί
1735 987 1876 1041 Ἀλλ’
1905 989 1967 1041 οὐ

399 1088 620 1142 τοιαῦτά
639 1087 753 1139 ἐστι
774 1083 843 1137 τὰ
868 1084 1079 1145 ἀστεῖα,
1105 1080 1287 1150 φησίν.
1327 1079 1466 1132 Ἀλλ’
1490 1079 1654 1132 ἄκουε
1679 1079 1761 1131 ὅτι
1789 1080 1970 1132 πᾶσαν

397 1179 759 1252 εὐτραπελίαν
797 1176 1038 1242 ἐξέϐαλε.
1080 1174 1321 1243 Πολέμου
1373 1173 1563 1244 καιρὸς
1603 1171 1699 1226 νῦν
1729 1174 1824 1225 καὶ
1867 1172 1970 1242 μά-

397 1291 519 1344 χης,
546 1270 851 1342 ἀγρυπνίας
872 1267 967 1320 καὶ
995 1265 1263 1336 φυλακῆς,
1299 1263 1564 1326 ὁπλίσεως
1591 1264 1686 1317 καὶ
1721 1263 1970 1332 παρατά-

399 1365 534 1428 ξεως
558 1380 572 1394 ·
605 1361 794 1414 οὐδένα
823 1359 983 1412 τόπον
1021 1356 1254 1410 ἐνταῦθα
1299 1357 1326 1408 ὁ
1367 1354 1463 1408 τοῦ
1495 1354 1727 1424 γέλωτος
1758 1353 1822 1407 ἂν
1859 1352 1971 1423 ἔχοι

397 1453 625 1525 καιρός’
653 1450 745 1505 τοῦ
785 1450 891 1520 γάρ
929 1449 1134 1516 κόσμου
1175 1442 1328 1510 οῦτός
1359 1449 1524 1501 ἐστιν.
1563 1447 1829 1499 ’Ἄκουσον
1876 1445 1970 1498 τοῦ

398 1545 637 1617 Χριστοῦ
667 1543 919 1610 λέγοντος
941 1556 956 1570 ο
1001 1540 1053 1592 Ὀ
1080 1541 1309 1608 κόσμος
1340 1537 1686 1608 χαρήσεται.
1711 1537 1879 1607 ὑμεῖς
1905 1537 1974 1590 δὲ

397 1634 848 1703 λυπηθήσεσθε.
866 1633 922 1684 '0
940 1631 1172 1702 Χριστὸς
1192 1629 1507 1700 ἐσταυρώθη
1534 1629 1620 1682 διά
1635 1630 1704 1682 τὰ
1723 1629 1788 1682 σά
1805 1627 1971 1695 κακὰ,

403 1729 468 1778 σὺ
496 1727 552 1778 δὲ
580 1725 777 1794 γελᾷς;
806 1725 1007 1786 ἐκεῖνος
1035 1720 1369 1793 ἐρῤαπίσθη,
1409 1721 1504 1773 καὶ
1537 1721 1772 1774 τοσαῦτα
1803 1719 1973 1774 ἔπαθε

397 1817 487 1871 διά
511 1817 610 1888 τὴν
651 1816 750 1884 σὴν
799 1813 1084 1886 συμφορὰν
1112 1814 1207 1867 καὶ
1248 1813 1340 1865 τὸν
1383 1812 1755 1866 καταλαϐόντα
1781 1830 1838 1864 σε
1864 1830 1977 1882 χει-

405 1908 556 1976 μῶνα
579 1923 593 1937 °
619 1907 682 1960 σὺ
710 1906 768 1958 δέ
788 1907 996 1977 τρυφᾷς
1019 1923 1034 1971 ;
1061 1905 1171 1958 Καὶ
1199 1905 1316 1966 πῶς
1334 1905 1394 1957 οὐ
1426 1903 1624 1972 μᾶλλον
1649 1905 1810 1956 αὐτὸν
1840 1920 1979 1973 παρ-ι

397 1999 641 2065 οξύνεις;
692 1998 832 2051 Ἀλλ’
874 1996 1061 2067 ἐπειδή
1089 2013 1233 2048 τισιν
1262 1996 1557 2067 ἀδιάφορον
1589 1992 1810 2050 εἶναιτὸ
1835 1999 1977 2066 πρᾶ-

397 2109 517 2162 γμα
535 2092 700 2156 δοκεῖ,
735 2091 764 2144 ὃ
789 2091 884 2145 καὶ
908 2090 1279 2158 δυσφύλακτὸν
1305 2090 1443 2152 ἐστι,
1472 2088 1630 2159 φέρε,
1657 2089 1830 2158 μικρά
1850 2090 1980 2157 περὶ

399 2184 589 2237 τούτου
617 2180 1006 2252 διαλεχθῶμεν,
1029 2182 1154 2234 ὅσον
1179 2181 1298 2234 ἐστὶ
1326 2180 1495 2235 κακὸν
1509 2179 1837 2245 διδάξαντες.
1869 2181 1980 2233 Κα)⁸

398 2277 509 2346 γάρ
528 2277 683 2329 τοῦτο
704 2275 798 2328 τοῦ
821 2274 1066 2328 διαϐόλου
1083 2275 1241 2344 ἔργον
1264 2275 1399 2338 ἐστὶ,
1418 2273 1478 2326 τὺ
1502 2275 1674 2326 ποιεῖν
1697 2273 1804 2326 τῶν
1826 2273 1978 2325 ἀδια-

402 2369 584 2440 φόρων
617 2369 1000 2438 καταφρονεῖν.
1032 2366 1256 2436 Πρῶτον
1298 2367 1395 2436 μὲν
1421 2363 1515 2418 οῦν
1546 2367 1597 2418 εί
1632 2366 1726 2418 καὶ
1756 2365 1977 2434 ἀδιάφο-

401 2476 496 2530 ρον
523 2455 612 2529 ῆν,
641 2459 763 2512 οὐδέ
785 2457 961 2520 οὓτως
988 2460 1155 2528 ἐχρῆν
1185 2457 1350 2512 αὐτοῦ
1384 2459 1764 2526 καταφρονεῖν,
1802 2457 1980 2510 εἰδότα

399 2551 482 2602 ὅτι
506 2550 572 2602 τά
589 2549 801 2618 μεγάλα
821 2548 931 2602 ἀπὸ
960 2549 1148 2602 τούτου
1170 2549 1412 2602 τίκτεται
1440 2551 1585 2602 κακά
1611 2550 1705 2602 καὶ
1730 2547 1976 2613 αῦξεται,

399 2639 497 2694 κα)⁸
526 2641 604 2702 εἰς
625 2639 880 2712 πορνείαν
908 2638 1133 2709 τελευτᾷ
1157 2638 1418 2702 πολλάκις
1439 2656 1454 2670 ο
1489 2639 1572 2691 ὃτι
1595 2638 1652 2691 δέ
1683 2638 1803 2691 οὐδὲ
1828 2639 1980 2691 ἀδιά-

401 2729 566 2798 φορόν
588 2731 756 2793 ἐστιν,
791 2727 1000 2781 ἐκεῖθεν
1024 2728 1199 2799 δῆλον.
1239 2729 1465 2798 Ἴδωμεν
1488 2725 1580 2783 οῦν
1607 2729 1771 2783 πόθεν
1799 2730 1981 2782 τίκτε-

401 2836 493 2874 ται
511 2835 526 2850 ⁸
552 2819 752 2890 μᾶλλον
777 2818 833 2871 δέ
856 2820 1054 2889 ἴδωμεν
1074 2822 1255 2873 ὁποῖον
1278 2815 1417 2872 εἶναι
1440 2821 1521 2873 δεῖ
1539 2822 1628 2873 τὸν
1649 2820 1822 2890 ἀγιον,
1847 2823 1984 2893 ἤμε-

401 2929 519 2983 ρον,
553 2913 746 2981 πρᾶον,
774 2911 1090 2976 πενθοῦντα,
1129 2912 1452 2984 θρηνοῦντα,
1483 2911 1864 2982 τεθλιμμένον.
1921 2913 1979 2964 '0

401 3003 579 3056 τοίνυν
605 3004 672 3056 τὰ
703 3003 1011 3073 εὐτράπελα
1054 3003 1248 3070 λέγων,
1286 3004 1385 3073 οὐχ
1412 3005 1563 3072 άγιος
1593 3020 1608 3033 ·
1640 3005 1742 3056 κᾶν
1777 3003 1982 3072 Ἕλλην

401 3087 461 3165 ᾗ,
487 3093 890 3161 καταγέλαστος
920 3094 948 3146 ό
977 3092 1218 3156 τοιοῦτος
1240 3107 1255 3122 ⁸
1290 3097 1402 3156 τοῖς
1436 3095 1492 3146 ἐν
1514 3096 1580 3164 τῇ
1608 3096 1779 3165 σκηνῇ
1810 3095 1985 3147 ταῦτα

402 3186 613 3252 ἐφεῖται
639 3184 839 3254 μόνοις.
865 3182 1034 3237 Ἔνθα
1050 3183 1361 3253 αἰσχρότης,
1385 3186 1502 3237 ἐκεῖ
1523 3186 1615 3237 καὶ
1635 3185 1980 3255 εὐτραπελία.

408 3274 580 3328 Ἔνθα
597 3275 769 3342 γέλως
785 3274 915 3326 ἀκαι
922 3290 1032 3343 ρος,
1057 3275 1174 3326 ἐκεῖ
1191 3271 1284 3325 καὶ
1301 3273 1648 3344 εὐτραπελία.
1672 3274 1872 3325 Ἀκουε
1890 3271 1984 3324 τοῦ

407 3366 690 3436 ιίροφήτου
710 3365 958 3433 λέγοντος
975 3383 987 3396 ·
1007 3365 1384 3418 Δουλεύσατε
1405 3361 1484 3428 τῷ
1504 3367 1699 3432 Κυρίῳ
1714 3364 1783 3416 ἐν
1803 3364 1984 3432 φόϐῳ,

403 3456 505 3509 καὶ
528 3455 898 3526 ἀγαλλιᾶσθε
922 3456 1082 3521 αὐτῷ
1100 3456 1170 3510 ἐν
1191 3455 1402 3525 τρόμῳ.
1450 3455 1514 3506 Ἠ
1535 3454 1865 3525 εὐτραπελία
1883 3472 1988 3524 μα-

405 3547 577 3619 λακὴν
623 3550 768 3600 ποιεῖ
795 3548 892 3618 τὴν
925 3541 1123 3619 ψυχὴν,
1173 3548 1436 3618 ῥᾴθυμον,
1485 3547 1942 3599 ἀναπεπτωκυῖαν
1968 3560 1982 3574 ·

405 3639 546 3710 αῦτη
578 3642 671 3693 καὶ
703 3639 890 3714 ῦϐρεις
917 3639 1176 3702 πολλάκις
1199 3638 1375 3703 ὥδινε,
1398 3638 1494 3692 καὶ
1524 3637 1791 3708 πολέμους
1818 3640 1982 3689 ποιεῖ.

477 3819 549 3880 γ’.
582 3813 648 3866 Τί
678 3812 766 3877 δέ;
804 3813 941 3876 ὅλως
967 3813 1087 3883 οὐχὶ
1131 3815 1187 3866 ἐν
1228 3811 1450 3883 ἀνδράσι
1490 3811 1751 3880 γέγονας;
1781 3810 1987 3865 Οὐκοῦν

408 3905 756 3973 κατάργησον
771 3902 841 3954 τά
861 3901 954 3955 τοῦ
973 3902 1186 3972 νηπίου.
1225 3902 1385 3954 Ἀλλά
1404 3901 1494 3954 τὸν
1531 3901 1630 3971 μὲν
1653 3899 1868 3970 οἰκέτην
1896 3901 1987 3953 τὸν

411 3995 502 4046 σὸν
531 3996 589 4047 ἐν
621 3995 796 4064 ἀγορᾷ
819 3995 921 4047 οὐκ
939 3993 1110 4061 ἀξιοῖς
1141 3996 1313 4047 εἰπεῖν
1330 4010 1382 4046 τι
1409 3992 1518 4046 τῶν
1535 3993 1896 4062 ἀσυμφόρωνο
1923 3995 1987 4044 σὺ

407 4086 470 4139 δὲ
507 4084 604 4140 τοῦ
656 4086 790 4139 Θεοῦ
827 4086 1000 4154 λέγων
1031 4086 1250 4157 οίκέτης
1281 4081 1455 4149 εἶναι,
1503 4086 1562 4137 ἐν
1591 4085 1765 4152 ἀγορᾷ
1797 4085 1989 4136 ἀστεῖα

409 4179 656 4250 φθέγγῃς
689 4177 995 4247 Ἀγαπητδν
1019 4178 1120 4247 τὴν
1147 4179 1424 4248 νήφουσαν
1458 4177 1635 4247 ψυχὴν
1671 4177 1746 4246 μὴ
1776 4175 1988 4244 κλαπῆ-

408 4288 497 4323 ναι
520 4285 537 4300 ο
565 4269 660 4341 τήν
689 4270 747 4323 δέ
770 4268 1167 4338 διακεχυμένην
1188 4269 1269 4332 τίς
1290 4270 1388 4338 οὐχ
1412 4268 1662 4338 αἱρήσεις
1690 4266 1829 4336 αὐτὴ
1856 4267 1989 4318 ἐαυ-

407 4365 475 4432 τῇ
495 4363 963 4432 περιπαρήσεται,
1008 4360 1103 4412 καὶ
1125 4360 1185 4411 οὐ
1210 4359 1461 4428 δεήσεται
1495 4358 1592 4428 τῆς
1621 4356 1712 4409 τοῦ
1744 4355 1988 4409 διαϐόλου

407 4452 701 4521 ἐπιϐουλῆς
736 4453 830 4506 καὶ
873 4453 1156 4521 ἐπηρείας.
1188 4451 1304 4504 Ἵνα
1335 4449 1392 4501 δὲ
1418 4450 1512 4501 καὶ
1545 4448 1744 4517 μάθῃς,
1771 4448 1873 4516 ὅρα
1897 4446 1990 4499 καὶ

411 4542 566 4616 [125]
588 4542 720 4596 αὐτὸ
739 4539 976 4611 τοῦνομα
991 4557 1004 4571 ·
1028 4539 1359 4612 εὐτράπελος
1386 4539 1604 4607 λέγεται
1633 4541 1661 4591 ὁ
1680 4537 1943 4599 ποικίλος,
1961 4537 1990 4588 ὀ

411 4628 768 4692 παντοδαπὸς,
789 4629 817 4680 ὀ
833 4629 1083 4691 ἀστατος,
1106 4630 1134 4682 ὁ
1154 4627 1397 4691 εὔκολος,
1421 4629 1449 4680 ό
1472 4628 1650 4680 πάντα
1674 4625 1958 4696 γινόμενος
1973 4641 1987 4654 ·

406 4719 566 4772 τοῦτο
599 4719 655 4771 δέ
688 4721 877 4791 πόρρω
907 4719 1014 4772 τῶν
1043 4721 1108 4790 τῇ
1141 4721 1316 4790 πέτρᾳ
1349 4719 1728 4773 δουλευόντων.
1768 4717 1990 4787 Ταχέως

408 4814 712 4883 τρέπεταιὸ
726 4812 966 4873 τοιοῦτος
985 4814 1080 4865 καὶ
1102 4813 1421 4881 μεθίσταται
1446 4827 1461 4841 ·
1487 4812 1571 4864 δεῖ
1590 4811 1696 4881 γὰρ
1718 4810 1880 4863 αὐτὸν
1895 4810 1990 4862 καὶ

407 4906 596 4977 σχῆμα
623 4907 720 4958 καὶ
755 4906 904 4976 ῥῆμα
940 4907 1033 4958 καὶ
1070 4905 1283 4972 γέλωτα
1316 4906 1410 4958 καὶ
1444 4903 1655 4973 βάδισιν
1688 4904 1784 4956 καὶ
1812 4905 1990 4956 πάντα

409 4996 698 5068 μιμεῖσθαι
721 5015 734 5027 ·
760 4999 854 5050 καὶ
877 4997 1188 5066 σκώμματα
1212 4996 1268 5048 δὲ
1297 4998 1532 5051 ἐπινοεῖν
1559 4995 1668 5066 χρὴ
1695 4995 1786 5048 τὸν
1811 4994 1990 5047 τοιοῦ-

405 5106 500 5141 τον
530 5103 544 5116 ⁸
581 5088 660 5140 δεῖ
686 5089 792 5160 γὰρ
818 5089 968 5158 αὐτῷ
998 5088 1094 5141 κοιλ⁸
1118 5087 1329 5142 τούτου.
1360 5089 1554 5160 Πόρῤω
1581 5088 1639 5142 δέ
1663 5087 1823 5140 τοῦτο
1854 5089 1990 5157 Χρι-

409 5179 655 5242 στιανοῦ,
678 5179 738 5232 τὸ
773 5180 1078 5249 κωμῳδεῖν.
1108 5179 1218 5231 Καὶ
1247 5178 1460 5247 ἀνάγκη
1487 5179 1578 5231 τὸν
1596 5179 1991 5249 εὐτραπελευό-

411 5287 576 5340 μενον
632 5269 828 5340 ἔχθρας
855 5268 1210 5339 ἀναδέχεσθαι
1241 5270 1503 5339 περιττάς
1543 5270 1653 5322 τῶν
1688 5272 1808 5339 εἰκῇ
1843 5286 1989 5322 σκω-⁸

410 5359 715 5427 πτομένων,
745 5360 810 5412 ἀν
833 5376 892 5411 τε
920 5358 1186 5429 παρῶσιν,
1223 5358 1288 5410 ἄν
1314 5376 1370 5411 τε
1402 5359 1630 5420 ἀπόντες
1658 5358 1986 5412 ἀκούσωσιν.

407 5451 473 5502 EE
509 5450 670 5502 καλὸν
689 5450 750 5502 τὸ
779 5451 1030 5519 πρᾶγμα,
1075 5449 1128 5502 τί
1165 5451 1276 5511 τοῖς
1304 5450 1490 5518 μίμοις
1519 5449 1775 5517 ἀφίεται;
1805 5451 1988 5518 Μῖμος

407 5541 558 5610 γίνῃ,
591 5541 684 5592 καὶ
702 5541 800 5592 οὐκ
828 5540 1094 5612 αίσχύνῃ;
1128 5541 1224 5593 Διά
1253 5540 1305 5590 τί
1337 5542 1458 5601 ταῖς
1493 5539 1802 5610 ἐλευθέραις
1831 5540 1986 5610 ὑμῶν

404 5632 511 5684 οὐκ
531 5631 856 5697 ἐπιτρέπετε
878 5632 1035 5684 τοῦτο
1054 5634 1224 5683 ποιεῖν
1249 5648 1263 5696 ;
1307 5632 1425 5700 οὐχὶ
1447 5630 1610 5700 ἤθους
1632 5630 1844 5684 τίθεσθε
1872 5634 1989 5684 ἀσέ-

410 5740 570 5793 μνου,
605 5725 695 5775 καὶ
727 5725 787 5777 οὐ
820 5723 1093 5794 σώφρονος
1113 5724 1173 5776 τὸ
1205 5725 1467 5794 πράγμα;
1504 5723 1730 5791 Μεγάλα
1763 5724 1905 5776 κακά
1930 5725 1986 5775 ἐν

1260 334 1328 391 ίΝ
1369 334 1589 391 EPIST.
1640 333 1729 388 AD
1768 332 2009 390 EPHES.
2052 332 2204 388 CAP.
2245 331 2311 386 ν.
2349 329 2581 387 HOMIL.
2621 330 2787 385 XV".

3529 329 3634 387 120

2064 447 2206 517 ψυχῇ
2255 445 2757 518 εὐτραπελευομένῃ
2793 445 2951 509 οἰκεῖ,
2982 444 3189 514 μεγάλη
3240 445 3485 515 διάχυσις
3539 447 3634 499 καὶ

2063 538 2263 607 ἐρημία
2284 552 2296 564 ⁸
2331 537 2557 606 κέχηνεν
2585 537 2617 605 ή
2647 536 2902 605 ἁρμονία,
2935 535 3325 605 σεσάθρωταιὴ
3353 535 3632 606 οἰκοδομὴ,

2063 631 2090 680 ὁ
2110 627 2270 694 φόϐος
2290 627 2578 698 ἐξώρισται
2595 639 2643 692 α,
2661 626 2913 680 εὐλάϐεια
2932 626 3163 695 ἀπέστη.
3188 625 3445 679 Γλῶσσαν
3466 626 3635 697 ἔχεις,

2065 720 2162 790 οὐχ
2196 719 2280 771 ἵνα
2304 719 2489 789 ἓτερον
2531 717 2891 788 κωμῳδήσῃς,
2942 717 3056 770 ἀλλ’
3109 718 3196 770 ἵνα
3235 717 3640 788 εὐχαριστήσῃς

2064 813 2142 883 τῷ
2181 811 2319 882 Θεῷ.
2371 811 2482 880 Οὐχ
2529 811 2658 880 ὁρᾷς
2707 810 2830 872 τοὺς
2852 807 3176 878 λεγομένους
3217 808 3636 876 γελωτοποιοὺς,

2067 904 2192 966 τοὺς
2221 903 2526 975 κόρδακας;
2555 897 2697 955 οῦτοι
2725 902 2860 953 είσνν
2894 903 2942 952 οί
2976 900 3316 970 εὐτράπελοι.
3359 899 3642 970 Ἐξορίσαο

2067 1015 2156 1061 τε,
2208 994 2547 1066 παρακαλῶ,
2589 994 2696 1046 τῶν
2753 993 3033 1063 ὑμετέρων
3075 991 3260 1061 ψυχῶν
3303 989 3402 1059 τὴν
3446 991 3642 1062 ἄχαριν

2069 1087 2272 1158 ταύτην
2304 1087 2461 1157 χάριν
2487 1102 2498 1114 ·
2537 1084 2850 1155 παρασίτων
2877 1081 2937 1136 τὸ
2970 1084 3222 1152 πρᾶγμα,
3252 1081 3450 1152 μίμων,
3476 1081 3644 1152 ὀρχη-

2074 1180 2232 1244 στῶν,
2279 1178 2551 1248 γυναικῶν
2608 1175 2818 1247 πορνῶν
2840 1193 2853 1207 ·
2889 1175 3075 1246 πόρρω
3113 1174 3294 1244 ψυχῆς
3328 1171 3641 1242 ἐλευθέρας,

2073 1271 2260 1342 πόρρω
2309 1267 2593 1336 εὐγενοῦς,
2631 1267 2724 1319 καὶ
2751 1266 2948 1319 δούλων
2983 1265 3188 1335 πόῤῥω.
3219 1263 3286 1315 Εἴ
3316 1280 3399 1325 τις
3429 1262 3644 1331 ἄτιμος,

2072 1365 2226 1428 εἴτις
2264 1362 2504 1434 αἰσχρὸς,
2537 1357 2690 1425 οὗτος
2714 1363 2806 1415 καὶ
2830 1360 3182 1431 εὐτράπελος.
3214 1358 3434 1420 Πολλοῖς
3465 1355 3522 1408 δὲ
3551 1355 3646 1408 καὶ

2073 1457 2241 1528 ἀρετὴ
2268 1455 2328 1508 τὸ
2361 1457 2592 1526 πρᾶγμα
2623 1449 2924 1506 εἶναιδοκεῖ
2949 1468 2960 1481 ·
2991 1448 3212 1519 καὶγὰρ
3236 1447 3395 1500 τοῦτο
3417 1445 3647 1511 πένθους

2073 1551 2240 1614 ἄξιον.
2278 1547 2487 1618 Ὥσπερ
2517 1547 2550 1616 ὴ
2576 1543 2842 1614 ἐπιθυμία
2883 1541 3026 1596 κατὰ
3051 1539 3245 1611 μικρὸν
3270 1539 3350 1601 είς
3382 1537 3642 1609 πορνείαν

2074 1640 2380 1705 ἐξώκειλεν·
2410 1637 2551 1691 οὕτω
2581 1637 2677 1691 καὶ
2698 1637 2759 1689 τὸ
2792 1633 3120 1705 εὐτράπελον
3147 1631 3368 1701 ἐπίχαρι
3401 1629 3538 1683 εἶναι
3562 1629 3649 1680 δο-

2075 1736 2182 1798 κεῖ,
2239 1732 2388 1785 οὐδὲν
2418 1735 2473 1784 δὲ
2502 1730 2689 1784 τούτου
2715 1729 2880 1800 ἄχαρι
2925 1725 3148 1797 μᾶλλον.
3183 1725 3382 1776 ’Ἄκουε
3415 1723 3525 1793 γὰρ
3548 1722 3648 1791 τῆς

2075 1826 2296 1896 Γραφῆς
2310 1822 2719 1893 λεγούσηςοηρὸ
2730 1819 2962 1888 ,βροντῆ
2970 1839 3000 1884 ς
3016 1816 3364 1872 κατασπεύδ
3366 1833 3416 1869 ει
3439 1816 3653 1882 ἀστρα-

2076 1915 2182 1983 πὴ,
2204 1915 2296 1967 καί
2318 1914 2430 1982 πρὸ
2459 1910 2866 1979 αἰσχυντηροῦ
2885 1908 3308 1978 προελεύσεται
3328 1905 3516 1975 χάρις.
3551 1903 3654 1956 Οὐ-

2077 2007 2162 2059 δὲν
2181 2007 2237 2058 δὲ
2251 2005 2344 2057 τοῦ
2362 2002 2694 2074 εὐτραπέλου
2715 1998 3215 2068 ἀναισχυντότερον.
3239 1996 3399 2048 ’Ὥστε
3419 1993 3480 2046 οὐ
3497 1992 3654 2063 χάρι-

2077 2114 2166 2158 τος
2187 2095 2350 2150 αὐτοῦ
2384 2095 2544 2164 γέμει
2565 2093 2625 2144 τὸ
2667 2091 2860 2160 στόμα,
2891 2088 3004 2142 ἀλλ’
3028 2087 3240 2156 ὀδύνης.
3290 2083 3652 2154 Ἐξορίσωμεν

2078 2186 2235 2239 τοῦτο
2248 2187 2309 2238 τὸ
2326 2185 2443 2248 ἔθος
2466 2183 2574 2236 τῶν
2595 2180 2903 2253 τραπεζῶν.
2930 2179 3051 2232 Εἰσὶ
3075 2177 3134 2230 δέ
3155 2194 3318 2240 τινες,
3344 2175 3394 2227 οἳ
3420 2173 3653 2234 καὶτοὺς

2079 2280 2316 2348 πένητας
2349 2277 2505 2329 τοῦτο
2531 2275 2890 2329 διδάσκουσιν.
2927 2273 2990 2323 Ὢ
3015 2273 3112 2340 τῆς
3149 2268 3408 2330 ἀτοπίαςί
3442 2267 3567 2328 τοὺς
3596 2267 3654 2317 ἐν

2080 2370 2321 2434 θλίψεσιν
2351 2365 2840 2435 εὐτραπελεύεσθαι
2869 2362 3101 2416 ποιοῦσι.
3139 2360 3247 2412 Ποῦ
3279 2359 3386 2429 γὰρ
3413 2359 3510 2410 οὐκ
3539 2357 3656 2408 ἐστι

2079 2462 2236 2516 τοῦτο
2263 2461 2322 2514 τὸ
2361 2461 2571 2530 νόσημα
2607 2458 2824 2519 λοιπόν;
2861 2455 2997 2524 Ἤδη
3029 2455 3123 2507 καὶ
3155 2456 3212 2505 ἐν
3244 2455 3310 2522 τῇ
3355 2450 3658 2520 Ἐκκλησία

2081 2553 2348 2622 εἰσῆκται,
2379 2552 2479 2622 ήδη
2528 2551 2621 2603 καὶ
2646 2550 2753 2602 τῶν
2781 2548 3013 2620 Γραφῶν
3039 2546 3234 2617 ἥψατο.
3293 2544 3446 2597 Εἴπω
3475 2559 3529 2596 τι
3569 2542 3658 2595 ἵνα

2080 2644 2236 2708 δείξω
2283 2643 2380 2714 τὴν
2423 2640 2728 2712 ὑπερϐολὴν
2761 2639 2854 2692 τοῦ
2908 2637 3118 2704 κακοῦ;
3159 2635 3492 2706 Αἰσχύνομαι
3536 2635 3657 2702 μὲν,

2083 2735 2221 2807 πλὴν
2251 2733 2365 2787 ἀλλ’
2396 2734 2545 2804 ὅμως
2572 2731 2681 2804 ἐρῶ
2701 2748 2714 2760 ·
2749 2730 3004 2801 βούλομαι
3026 2730 3135 2800 γάρ
3156 2727 3325 2792 δεῖξαι
3351 2722 3407 2780 οἶ
3418 2727 3658 2799 προῆλθε

2081 2829 2142 2881 τὸ
2175 2827 2360 2890 κακὸν,
2393 2827 2481 2879 ἵνα
2516 2824 2590 2896 μὴ
2622 2824 2759 2890 δόξω
2791 2823 3133 2893 μικρολογεῖν
3165 2823 3262 2875 καὶ
3285 2821 3412 2891 περὶ
3463 2817 3661 2890 μικροῦ

2081 2936 2224 2981 τινος
2249 2920 2374 2989 ὑμῖν
2401 2915 2762 2985 διαλέγεσθαι,
2797 2916 2882 2967 ἴνα
2913 2914 3016 2968 κᾶν
3048 2912 3222 2975 οὕτως
3243 2911 3548 2982 ἀποστῆσαι
3580 2910 3665 2963 δυ·

2083 3013 2233 3084 νηθῶ
2255 3014 2353 3082 τῆς
2377 3011 2584 3080 πλάνης
2615 3011 2778 3080 ὑμᾶς.
2816 3009 2926 3062 Καὶ
2960 3008 3034 3078 μή
3063 3007 3129 3078 μέ
3153 3023 3237 3069 τις
3267 3005 3463 3058 οἰέσθω
3495 3004 3664 3058 πλάτ-

2085 3122 2220 3167 τειν,
2242 3103 2355 3156 ἀλλ’
2385 3102 2527 3171 ἀπερ
2549 3102 2754 3171 ἥκουσα
2786 3099 2914 3170 ἐρῶ.
2946 3097 3146 3167 Ἔτυχέ
3170 3114 3252 3160 τις
3285 3095 3363 3148 ὣν
3389 3096 3538 3166 παρά
3558 3112 3663 3148 τινι

2083 3196 2191 3248 τῶν
2213 3196 2305 3247 ἐπὶ
2325 3192 2523 3263 γνώσει
2550 3193 2692 3262 μέγα
2715 3188 3055 3262 φρονούντων
3079 3203 3091 3216 ·
3117 3188 3210 3241 καὶ
3228 3184 3346 3240 οἶδα
3371 3187 3469 3256 μὲν
3493 3185 3664 3255 γέλω-

2083 3306 2152 3342 τα
2183 3289 2442 3359 κινήσων,
2473 3286 2613 3354 πλὴν
2643 3284 2757 3336 ἀλλ’
2799 3283 2947 3352 ὅμως
2977 3280 3086 3352 ἐρῶ
3114 3295 3127 3308 δ
3167 3280 3263 3332 καὶ
3304 3278 3396 3332 τοῦ
3435 3278 3666 3339 πίνακος

2089 3378 2237 3451 [126]
2257 3376 2674 3451 παρατεθέντος,
2695 3373 2867 3441 ἔλεγε⁸
2891 3370 3190 3442 Δράξασθε,
3213 3369 3422 3431 παιδία,
3443 3369 3514 3439 μή
3535 3385 3665 3421 ποτε

2085 3469 2312 3539 όργισθῇ
2356 3466 2551 3521 κοιλία.
2591 3466 2699 3518 Καὶ
2730 3463 2889 3515 πάλιν
2928 3460 3104 3530 ἐτεροί
3140 3473 3337 3528 φασιν·
3373 3456 3508 3510 Οὐαί
3557 3472 3663 3518 σοι,

2090 3562 2390 3632 μαμμωνᾶ,
2424 3559 2518 3612 καὶ
2546 3557 2622 3627 τῷ
2660 3555 2733 3627 μὴ
2768 3553 2944 3625 ἔχοντί
2976 3568 3055 3605 σε.
3093 3550 3200 3604 Καὶ
3233 3548 3403 3602 πολλὰ
3441 3546 3667 3601 τοιαῦτα

2088 3655 2265 3709 ἄτοπα
2291 3655 2324 3722 ἠ
2359 3648 2689 3722 εὐτραπελία
2718 3646 3108 3716 ἐπεισήγαγεν,
3142 3643 3218 3706 ῶς
3244 3643 3372 3695 ὅταν
3397 3640 3628 3708 λέγωσιν
3649 3653 3665 3668 ⁸

2093 3749 2254 3817 ’Ἄρτι
2282 3747 2381 3797 οὐκ
2407 3743 2520 3796 ἐστι
2551 3741 2764 3808 γένεσις
2787 3755 2801 3805 ;
2830 3737 2942 3791 Καὶ
2965 3735 3125 3789 τοῦτο
3145 3734 3286 3804 λέγω
3316 3733 3409 3786 τοῦ
3441 3729 3666 3802 αίσχροῦ

2087 3840 2251 3912 ἣθους
2299 3835 2558 3891 δεικνύων
2606 3833 2706 3904 τὴν
2749 3830 2978 3885 ἀτοπίαν
3015 3845 3028 3859 ·
3078 3828 3256 3898 ψυχῆς
3300 3825 3408 3897 γὰρ
3458 3825 3666 3896 ἐρήμου

2089 3929 2373 3991 εὐλαϐείας
2397 3926 2552 3980 ταυτὶ
2573 3926 2641 3978 τά
2663 3925 2900 3994 ῥήματα.
2931 3917 3059 3991 Ἆρ’
3104 3919 3226 3988 οὐχὶ
3255 3915 3511 3987 σκηπτῶν
3541 3913 3668 3980 ἀξια

2088 4023 2293 4086 ταῦτα;
2337 4021 2445 4074 Καὶ
2501 4014 2673 4070 πολλὰ
2721 4014 2828 4068 ἀπὸ
2865 4012 3069 4067 τούτων
3111 4009 3206 4064 καὶ
3250 4010 3412 4079 ἕτερα
3444 4005 3669 4061 τοιαῦτα

2088 4115 2354 4184 λεγόμενα
2374 4111 2523 4182 εῦροι
2539 4127 2621 4171 τις
2641 4108 2727 4163 ἄν.
2755 4107 2864 4169 Διὸ,
2891 4102 3214 4177 παρακαλῶ,
3236 4101 3498 4155 πάντοθεν
3512 4096 3670 4151 τοῦτο

2090 4209 2430 4279 ἐξορίσαντες
2474 4205 2535 4256 τὸ
2590 4203 2710 4266 ἔθος
2736 4241 2751 4264 ,
2804 4202 2990 4254 ἐκεῖνα
3040 4195 3427 4268 φθεγγώμεθα,
3468 4193 3504 4247 ὃ.
3536 4194 3669 4263 ἡμῖν

2087 4301 2387 4373 ἁρμόττει·
2430 4296 2525 4349 καὶ
2571 4295 2646 4365 μὴ
2681 4292 2748 4345 τά
2777 4291 2909 4360 ἀγια
2943 4290 3189 4360 στόματα
3230 4287 3300 4340 τά
3326 4284 3436 4338 τῶν
3459 4284 3668 4354 ἀτίμων

2094 4394 2186 4446 καὶ
2230 4389 2470 4460 αἰσχρῶν
2513 4384 2834 4455 φθεγγέσθω
2889 4382 3126 4452 ῥήματα.
3175 4380 3271 4444 Τίς
3293 4377 3403 4448 γὰρ
3439 4375 3667 4445 μετοχὴ

2087 4485 2441 4550 δικαιοσύνῃ
2460 4479 2555 4534 καὶ
2576 4479 2828 4547 ἁνομ[ᾳ;
2857 4479 2945 4542 τίς
2967 4476 3034 4529 δὲ
3055 4477 3334 4528 κοινωνία
3349 4473 3494 4543 φωτί
3519 4472 3671 4540 πρὸς

2091 4579 2341 4639 σκότος;
2367 4570 2671 4642 Ἀγαπητὸν
2691 4569 2820 4639 γὰρ,
2845 4568 3061 4620 πάντων
3083 4565 3189 4618 τῶν
3212 4565 3428 4618 ἀτόπων
3444 4565 3672 4626 ἑαυτοὺς

2092 4671 2527 4740 ἁποστήσαντας,
2556 4663 2852 4734 δυνηθῆναι
2887 4659 2997 4714 τῶν
3037 4657 3459 4729 ἐπηγγελμένων
3487 4658 3670 4726 τυχεῖν

2093 4761 2345 4832 ἀγαθῶν,
2384 4759 2514 4828 μήτι
2563 4771 2627 4823 γε
2671 4753 2909 4808 τοσαῦτα
2961 4751 3422 4821 ἐπισυρομένους,
3465 4747 3560 4799 καὶ
3607 4746 3670 4798 τὸ

2091 4853 2314 4925 ἀκριϐὲς
2329 4852 2427 4922 τῆς
2445 4847 2680 4910 διανοίας
2702 4846 2789 4900 διὰ
2804 4847 2912 4901 τῶν
2929 4844 3200 4898 τοσούτων
3217 4841 3668 4912 λυμαινομένους.
3721 4841 3726 4846 ”

2102 4948 2162 5001 '0
2197 4946 2303 5016 γάρ
2333 4940 2863 5015 εὐτραπελευόμενος
2901 4938 3210 5006 κακήγορος
3239 4934 3388 4986 ἔσται
3423 4933 3632 5002 ταχέως
3653 4947 3667 4960 ⁸

2090 5041 2120 5092 ὁ
2147 5037 2202 5092 δὲ
2237 5035 2550 5105 κακήγορος
2575 5033 2672 5086 καὶ
2712 5030 2880 5101 μυρία
2922 5025 3099 5094 ἐαυτῷ
3132 5021 3458 5094 ἐπισωρεύει
3504 5020 3669 5090 ἕτερα

2091 5131 2258 5185 κακά.
2315 5126 2499 5180 Ταῦτα
2537 5123 2601 5194 δὴ
2632 5117 2724 5175 οῦν
2748 5120 2816 5175 τά
2853 5118 2946 5172 δύο
2974 5117 3072 5184 τῆς
3119 5114 3297 5186 ψυχῆς
3321 5113 3432 5182 εἴδη
3472 5110 3669 5182 ῥυθμί-

2094 5239 2323 5284 σαντες,
2374 5218 2470 5272 καὶ
2523 5214 2922 5280 ὑποζεύξαντες
2961 5210 3040 5280 τῷ
3087 5207 3369 5278 λογισμῷ,
3419 5205 3670 5277 καθάπερ

2092 5316 2291 5378 ἵππους
2326 5311 2593 5381 εὐηνίους,
2638 5310 2736 5378 τήν
2761 5325 2820 5359 τε
2843 5303 3174 5374 ἐπιθυμίαν,
3220 5300 3314 5354 καὶ
3345 5299 3435 5351 τὸν
3474 5297 3666 5367 θυμὸν,

2090 5407 2262 5471 οὕτως
2310 5405 2693 5474 ἐπιστήσωμεν
2734 5401 2826 5453 τὸν
2873 5396 2999 5450 νοῦν
3049 5395 3283 5466 ἡνίοχον,
3331 5392 3419 5444 ἵνα
3473 5390 3566 5442 καὶ
3610 5391 3669 5441 τὸ

2094 5501 2344 5572 βραϐεῖον
2408 5497 2660 5564 λάϐωμεν
2707 5493 2808 5560 τῆς
2862 5492 2974 5546 ἀνω
3011 5490 3254 5554 κλήσεως
3300 5503 3312 5514 °
3350 5479 3410 5538 οὗ
3463 5485 3671 5549 γένοιτο

2165 5735 2190 5762 ⁸
2226 5731 2328 5784 Mox
2360 5731 2456 5778 duo
2478 5741 2624 5787 mss,
2645 5727 2916 5788 ἐξῴκισται,
2941 5733 3033 5770 non
3059 5719 3204 5768 male.
