4096 6388
372 336 467 392 fil

1043 329 1099 383 S.
1138 322 1425 382 JOANNIS
1463 318 1963 379 CHRYSOSTOMI
2001 319 2324 377 ARCHIEP.
2367 313 2918 376 CONSTANTINOP.

3500 308 3532 360 ’1
3545 305 3616 361 ‘22

366 458 572 519 ⁴πάντας
598 454 743 524 ἡμᾶς
770 451 1045 521 ἐπιτυχεῖν
1075 450 1133 501 ἐν
1157 448 1377 518 Χριστῷ
1412 442 1588 515 Ἰησοῦ
1631 442 1710 512 τῷ
1740 439 1932 513 Κυρίῳ
2037 440 2185 505 δόξα,
2220 438 2443 509 κράτος.
2464 434 2623 506 τιμὴ,
2657 433 2752 488 νῦν
2778 433 2874 487 καὶ
2892 429 3000 496 ἀεὶ,
3025 429 3122 483 καὶ
3153 427 3232 492 είς
3260 425 3386 490 τοὺς
3417 423 3620 488 αἰῶνας

371 548 544 622 ήμῶν,
602 545 722 616 μεθ’
777 535 837 596 οῦ
866 540 946 611 τῷ
994 540 1173 611 Πατρϊ
1214 538 1329 610 ἅμα
1362 536 1439 608 τῷ
1460 535 1603 606 ἁγίῳ
1659 531 1936 603 Πνεύματι

393 756 1341 774 ’ν-*ῄμ--ἊΨΜ

2042 527 2150 580 τῶν
2169 525 2404 580 αἰώνων.
2430 524 2629 594 ’Δμήν.

1828 906 2074 961 OMIAIA
2115 904 2224 959 ιη’.
2332 926 2335 929 ν

378 1045 561 1101 Τοῦτο
585 1041 695 1113 γὰρ
720 1042 852 1096 ίστε
892 1038 1313 1109 γινώσκοντες,
1362 1033 1453 1087 ὅτι
1485 1029 1604 1095 πᾶς
1635 1029 1878 1096 πόρνος,
1905 1022 1943 1091 ἢ

444 1132 802 1198 ἀκάθαρτος,
854 1129 893 1196 ἢ
943 1124 1346 1191 πλεονέκτης,
1395 1120 1462 1187 ὅς
1505 1119 1676 1172 ἐστιν
1711 1114 1948 1169 εὶδωλο-

445 1219 693 1286 λάτρης,
724 1219 835 1270 οὐκ
864 1216 987 1284 ἔχει
1013 1209 1417 1280 κληρονομίαν·
1448 1208 1517 1260 ἐν
1550 1204 1623 1273 τῇ
1662 1200 1949 1268 ,βασιλείᾳ

445 1307 552 1362 τοῦ
582 1303 839 1374 Χριστοῦ
874 1301 971 1355 καὶ
1002 1300 1169 1355 Θεοῦ.
1230 1295 1455 1364 Μηδεὶς
1490 1291 1645 1363 ὑμᾶς
1672 1288 1950 1345 ἀπατάτω

448 1393 645 1459 κενοῖς
686 1392 922 1459 λόγοις·
952 1386 1048 1441 διὰ
1082 1385 1271 1440 ταῦτα
1309 1383 1419 1453 γὰρ
1456 1382 1688 1450 ἔρχεται
1717 1379 1755 1446 η
1802 1374 1949 1445 ὀργὴ

448 1480 557 1535 τοῦ
592 1478 741 1533 Θεοῦ
763 1478 862 1531 ἐπὶ
899 1474 1042 1539 τοὺς
1076 1472 1249 1537 υἱοὺς
1276 1470 1387 1539 τῆς
1411 1467 1731 1533 ἀπειθείας.

451 1601 522 1648 α’.
538 1589 740 1655 Ἦσαν,
754 1590 827 1653 ὡς
858 1587 1023 1651 ἔοικε,
1037 1587 1177 1649 τινές
1211 1584 1303 1639 καί¹
1321 1581 1533 1637 ἐπὶτῶν
1551 1580 1831 1653 προγόνων
1846 1578 1954 1632 τῶν

384 1680 669 1753 ἡμετέρων
704 1679 752 1730 οἱ
790 1678 887 1740 τὰς
924 1678 1111 1746 χεῖρας
1157 1672 1441 1734 ἐκλύοντες
1467 1669 1562 1723 τοῦ
1596 1668 1748 1734 λαοῦ,
1773 1668 1868 1721 καὶ
1896 1666 1955 1720 τὸ

386 1768 535 1839 παρά
552 1765 644 1820 τοῦ
673 1762 931 1834 Ἰεζεκιήλ
949 1760 1234 1832 εἰρημένον
1253 1760 1332 1822 είς
1360 1758 1518 1830 ἔργον
1545 1757 1786 1825 ἄγοντες,
1819 1755 1954 1826 μᾶλ-

386 1858 478 1911 λον
511 1856 568 1909 δὲ
611 1855 680 1907 τά
705 1854 812 1906 τῶν
851 1847 1311 1920 ψευδοπροφητῶν
1342 1847 1641 1913 ποιοῦντες,
1671 1846 1722 1900 οἱ
1757 1846 1959 1918 δρακδς

387 1942 591 2015 κριθῶν
625 1939 1039 2009 ἐκφαυλίζοντες
1069 1937 1160 1989 τὸν
1188 1935 1319 1989 Θεὸν
1352 1933 1581 1989 ἐνώπιον
1601 1933 1695 1988 τοῦ
1716 1932 1846 1987 λαοῦ
1870 1934 1960 1987 αὑ-

388 2029 484 2085 τοῦ
512 2046 526 2060 ·
548 2029 577 2082 ὃ
601 2028 665 2098 δὴ
684 2028 778 2082 καὶ
802 2026 897 2079 νῦν
931 2021 1084 2096 οἶμαι
1117 2024 1267 2092 παρά
1293 2039 1452 2075 τινων
1487 2020 1753 2090 γίνεσθαι.
1791 2021 1961 2077 Ὅταν

390 2114 483 2172 οῦν
519 2117 781 2185 εἴπωμεν,
826 2115 910 2167 ὅτι
940 2113 969 2165 6
1012 2111 1193 2182 μωρὸν
1221 2108 1458 2169 καλέσας
1476 2108 1569 2161 τὸν
1609 2108 1858 2178 ἀδελφὸν,
1882 2110 1961 2173 είς

391 2205 615 2273 γέενναν
639 2201 959 2272 ἀπέρχεται,
994 2198 1142 2254 ἄλλοι
1167 2196 1337 2266 φασί·
1370 2195 1500 2261 Ναὶ,
1528 2195 1557 2247 6
1590 2196 1770 2267 μωρὸν
1800 2196 1962 2250 καλέ-

394 2310 493 2357 σας
520 2292 610 2345 τὸν
638 2289 862 2358 ἀδελφὸν
886 2289 968 2351 είς
992 2287 1216 2355 γέενναν
1258 2284 1586 2356 ἀπέρχεται;
1621 2284 1775 2354 Οὐχὶ,
1809 2285 1961 2355 φησί’

392 2382 489 2436 καὶ
535 2380 663 2433 ὅταν
712 2379 983 2448 εἴπωμεν,
1014 2376 1093 2428 ὅτι
1136 2376 1164 2427 6
1204 2374 1531 2445 πλεονέκτης
1575 2372 1965 2443 εἰδωλολάτρης

394 2469 533 2531 ἐστὶ,
564 2469 659 2521 καὶ
689 2466 848 2520 τοῦτο
877 2465 1039 2518 πάλιν
1079 2462 1486 2533 ἐκφαυλίζουσι,
1525 2461 1769 2531 λέγοντες
1798 2463 1966 2533 ὑπερα-

394 2556 555 2627 ϐολῆς
593 2551 730 2607 εἶναι
766 2554 826 2607 τὸ
868 2554 1018 2624 ῥῆμα
1040 2568 1053 2582 ο
1093 2552 1186 2604 καὶ
1228 2551 1410 2613 πάσας
1447 2549 1589 2603 οὕτω
1625 2548 1725 2613 τάς
1749 2550 1967 2614 ἐντολὰς

395 2641 809 2709 ἐξευτελίζουσι.
841 2639 1077 2702 Τούτους
1113 2633 1205 2691 οῦν
1226 2636 1598 2706 αἰνιττόμενος
1626 2636 1654 2688 6
1695 2637 1966 2708 μακάριος

394 2731 628 2794 Παῦλος,
666 2729 757 2782 καὶ
795 2728 917 2780 τότε
960 2726 1200 2798 ἔγραφεν
1236 2723 1522 2794 Ἐφεσίοις,
1564 2722 1707 2776 οὕτω
1752 2724 1925 2793 λέγων
1950 2741 1965 2756 ·

397 2817 548 2891 [127]
588 2817 768 2872 Τοῦτο
796 2815 908 2885 γὰρ
940 2815 1072 2868 Ζστε
1114 2813 1532 2884 γινώσκοντες,
1563 2813 1650 2866 ὅτι
1690 2811 1809 2879 πᾶς
1832 2814 1971 2882 πόρ-

396 2924 523 2972 νος,
556 2906 592 2975 ἣ
626 2905 980 2972 ἀκάθαρτος,
1020 2905 1059 2973 ἢ
1104 2902 1493 2968 πλεονέκτης,
1522 2902 1588 2967 ὅς
1616 2903 1785 2956 ἐστιν
1814 2904 1969 2956 εἰδω-

352 3018 355 3020 >
396 2994 721 3059 λολάτρης,
754 2994 866 3047 οὐκ
889 2991 1014 3060 ἔχει
1053 2990 1454 3058 κληρονομίαν
1483 2989 1554 3041 ἐν
1577 2987 1650 3057 τῇ
1685 2989 1974 3056 βασιλείᾳ

398 3079 506 3133 τοῦ
545 3079 800 3147 Χριστοῦ
829 3078 927 3131 καὶ
967 3076 1136 3131 Θεοῦ.
1160 3073 1294 3130 Εῐτα
1322 3078 1514 3145 ἐπάγει
1533 3092 1547 3105 ·
1580 3075 1799 3143 Μηδεὶς
1821 3078 1976 3145 ὑμᾶς

400 3165 679 3219 ἀπατάτω
708 3165 907 3232 κενοῖς
938 3166 1163 3233 λόγοις.
1197 3163 1358 3217 Κενοί
1387 3166 1525 3217 εἰσιν
1557 3156 1703 3217 οὗτοι
1733 3166 1783 3217 οἱ
1805 3164 1972 3232 λόγοι,

400 3255 451 3306 οἱ
475 3253 609 3325 πρὸς
639 3254 828 3325 καιρὸν
860 3254 1018 3323 χάριν
1051 3253 1299 3323 ἔχοντες,
1335 3253 1430 3305 καὶ
1458 3252 1824 3322 ούδαμῶς,ἐπὶ
1868 3253 1976 3306 τῶν

402 3341 578 3411 ἔργων
604 3340 940 3411 δεικνύμενοι
960 3357 975 3371 ο
1003 3340 1185 3411 ἀπάτη
1219 3341 1327 3410 γάρ
1352 3338 1414 3391 τὸ
1451 3339 1685 3409 πρᾶγμά
1709 3342 1844 3397 ἐστι.
1875 3342 1980 3395 Διά

402 3429 588 3482 ταῦτα
609 3429 842 3497 ἔρχεται
871 3430 909 3497 ἢ
930 3428 1075 3498 ὀργὴ
1098 3429 1205 3482 τοῦ
1230 3426 1376 3481 Θεοῦ
1396 3427 1496 3480 ἐπὶ
1515 3428 1657 3493 τοὺς
1671 3429 1839 3494 υἱοὺς
1868 3429 1979 3496 τῆς

402 3517 728 3583 ἀπειθείας.
780 3516 879 3569 Διὰ
911 3518 1010 3586 τὴν
1039 3516 1314 3588 πορνείαν,
1349 3516 1611 3587 φησὶ,διά
1642 3516 1740 3587 τὴν
1788 3517 1974 3570 πλεον-

404 3604 576 3670 εξίαν,
604 3604 691 3657 διὰ
730 3604 828 3674 τὴν
857 3602 1220 3674 ἀκαθαρσίαν,
1257 3603 1290 3674 ἢ
1322 3606 1417 3657 καὶ
1445 3603 1533 3657 διά
1571 3604 1743 3657 ταῦτα
1770 3606 1862 3658 καὶ
1888 3605 1976 3658 διὰ

402 3694 502 3761 τὴν
519 3692 754 3760 ἀπάτην,
773 3692 958 3762 ἐπειδή
977 3693 1113 3744 εἰσιν
1129 3691 1463 3753 ἀπατεῶνες.
1496 3691 1655 3753 Υἱοὺς
1676 3690 1974 3754 ἀπειθείας,

404 3781 529 3840 τοὺς
588 3780 789 3850 σφόδρα
814 3779 1078 3845 ἀπειθεῖς,
1107 3780 1233 3842 τοὺς
1256 3779 1402 3849 αὐτῷ
1424 3777 1783 3841 ἀπειθοῦντας
1803 3778 1976 3832 καλεῖ.

405 3864 503 3932 Μὴ
527 3860 639 3919 οὖν
660 3867 898 3934 γίνεσθε
919 3864 1282 3935 συμμέτοχοι
1304 3865 1522 3920 αὐτῶν.
1544 3862 1618 3919 Ἦ
1622 3884 1681 3919 τε
1705 3864 1813 3937 γάρ
1836 3880 1981 3920 ποτε

407 3954 647 4017 σκότος,
674 3952 790 4006 νῦν
816 3952 884 4005 δὲ
910 3951 1035 4021 φῶς
1071 3953 1141 4006 ὲν
1163 3952 1376 4021 Κυρίῳ.
1407 3953 1552 4024 Ὅρα
1596 3953 1712 4017 πῶς
1748 3954 1980 4016 συνετῶς

408 4038 710 4111 προέτρεψε
730 4056 745 4071 ο
770 4040 984 4112 πρῶτον
1014 4040 1123 4093 ἀπὸ
1151 4038 1245 4092 τοῦ
1298 4039 1557 4110 Χριστοῦ,
1605 4042 1687 4093 ὅτι
1731 4042 1981 4107 ἀγαπᾶτε

407 4127 689 4198 ἀλλήλους,
716 4129 811 4181 καὶ
851 4128 1053 4198 μηδένα
1085 4127 1319 4181 ἀδικεῖτε
1342 4144 1356 4157 ο
1390 4121 1509 4180 εἶτα
1546 4127 1707 4182 πάλιν
1739 4128 1846 4180 ἀπὸ
1881 4128 1983 4199 τῆς

409 4216 685 4280 κολάσεως
716 4216 809 4268 καὶ
842 4220 943 4286 τῆς
973 4216 1230 4286 γεέννηςο
1258 4210 1395 4271 'Hts
1422 4215 1533 4285 γάρ
1562 4230 1707 4269 ποτε
1741 4216 1980 4281 σκότος,

411 4305 567 4373 φησι,
599 4302 717 4356 νῦν
744 4303 813 4356 δὲ
844 4303 970 4372 φῶς
988 4303 1059 4356 ἐν
1085 4304 1299 4371 Κυρίῳ.
1331 4303 1509 4373 Ὅπερ
1536 4301 1685 4370 λέγει
1714 4302 1808 4355 καὶ
1832 4303 1889 4355 ἐν
1914 4304 1983 4373 τῇ

410 4391 547 4460 πρὸς
576 4391 878 4461 Ῥωμαίους
907 4392 1189 4462 Ἐπιστολῇ
1211 4408 1223 4421 ·
1250 4392 1389 4445 Τίνα
1409 4386 1524 4445 οὖν
1542 4391 1775 4458 καρπὸν
1794 4389 1985 4458 εἴχετε

411 4481 566 4545 τότε,
589 4479 680 4548 ἐφ’
703 4474 791 4545 οἷς
813 4479 930 4533 νῦν
950 4479 1429 4546 ἐπαισχύνεσθε;
1456 4478 1550 4530 καὶ
1578 4477 1985 4547 ἀναμιμνήσκει

413 4566 609 4629 αὐτοὺς
626 4566 726 4635 τῆς
748 4568 1017 4636 προτέρας
1033 4565 1225 4628 κακίας
1251 4583 1264 4597 ·
1283 4565 1580 4630 τουτέστιν,
1610 4565 1987 4635 Ἐννοήσαντες

413 4653 466 4704 τί
494 4649 593 4723 ἦτέ
642 4671 769 4706 ποτε
816 4654 992 4723 ὑμεῖς,
1049 4656 1140 4706 καὶ
1168 4654 1219 4707 τί
1253 4654 1511 4722 γεγόνατε
1544 4651 1659 4717 νῦν,
1698 4651 1774 4723 μὴ
1803 4651 1987 4705 παλινο

415 4740 652 4811 δοομῆτε
678 4742 812 4811 πρὸς
829 4742 929 4811 τὴν
959 4744 1232 4813 προτέραν
1256 4742 1471 4802 κακίαν,
1502 4741 1636 4811 μηδέ
1668 4739 1987 4810 ἐνυϐρίζητε

416 4828 512 4883 τοῦ
538 4830 673 4882 Θεοῦ
698 4831 793 4901 τὴν
820 4831 998 4900 χάριν.
1015 4826 1160 4883 Ἶιτέ
1186 4845 1329 4883 ποτε
1359 4833 1598 4893 σκότος,
1618 4828 1734 4882 νῦν
1757 4827 1825 4881 δὲ
1862 4827 1989 4896 φῶς

419 4917 489 4968 ἑν
503 4917 713 4985 Κυρίῳ
740 4918 838 4970 οὑκ
859 4917 967 4970 ἀπὸ
982 4917 1081 4985 τῆς
1099 4919 1262 4986 ὑμετέ
1272 4934 1388 4988 ρας,
1420 4918 1602 4985 φησὶν,
1620 4916 1838 4987 ἀρετῆς,
1862 4916 1995 4969 ἀλλὰ

419 5004 507 5056 διὰ
527 5004 626 5072 τῆς
644 5004 737 5056 τοῦ
754 5005 889 5058 Θεοῦ
911 5004 1127 5076 χάριτος
1156 5005 1309 5057 τοῦτο
1334 5005 1459 5073 ὑμῖν
1477 5001 1683 5072 ὑπῆρξε
1706 5020 1718 5031 ·
1732 5004 1995 5074 τουτέστι,

422 5093 535 5145 Καὶ
552 5094 710 5163 ὑμεῖς
737 5095 842 5148 τῶν
868 5095 1046 5148 αὐτῶν
1074 5093 1214 5159 ἄξιοι
1237 5090 1334 5164 ἦτε
1358 5110 1511 5158 ποτε,
1532 5092 1645 5145 ἀλλ’
1670 5092 1870 5146 οὐκέτι.
1907 5092 1999 5156 Ὠς

424 5180 608 5235 τέκνα
655 5183 863 5235 τοίνυν
909 5184 1101 5251 φωτὸς
1159 5181 1551 5249 περιπατεῖτε.
1631 5179 1697 5231 Τί
1750 5181 1814 5250 δή
1860 5182 1996 5239 ἐστι,

432 5272 619 5324 Τέκνα
657 5272 880 5340 φωτὸς,
940 5271 1133 5339 ἐπάγει
1175 5273 1339 5341 ἐξῆςι
1374 5274 1437 5323 ’0
1471 5272 1580 5339 γὰρ
1619 5268 1849 5336 καρπὸς
1895 5269 2001 5322 τοῦ

428 5358 778 5427 Πνεύματος
824 5360 892 5413 ἐν
923 5359 1089 5426 πάσῃ
1126 5359 1478 5425 δικαιοσύνῃ
1513 5357 1611 5410 καί
1640 5356 2000 5424 ἀγαθωσύνῃ

432 5445 528 5496 καὶ
573 5446 840 5514 ἀληθείᾳ.
898 5446 1315 5515 Δοκιμάῶντες
1362 5447 1417 5499 τί
1466 5446 1636 5497 ἐστιν
1674 5443 2007 5511 εὐάρεστον

433 5528 514 5595 τῷ
550 5534 763 5598 Κυρίῳ.
818 5535 912 5586 Ἐν
955 5536 1144 5601 πάσῃ,
1191 5534 1374 5602 φησὶν,
1425 5532 1803 5599 ἀγαθωσύνη.
1837 5529 2006 5582 Τοῦτο

438 5619 575 5687 πρὸς
619 5622 746 5683 τοὺς
788 5621 1207 5692 ὀργιζομένους,
1249 5619 1380 5689 πρὸς
1424 5619 1548 5681 τοὺς
1593 5618 1825 5687 πικρούς
1853 5634 1865 5647 ’
1894 5617 2002 5670 Καὶ

437 5702 794 5776 δικαιοσύνῃ
822 5726 833 5737 ⁸
859 5708 1016 5761 τοῦτο
1060 5710 1196 5781 πρὸς
1230 5708 1352 5775 τοὺς
1381 5705 1869 5769 π).εονεκτοῦντας’
1896 5704 2007 5758 Καὶ

2048 1017 2302 1085 ἀληθείᾳ
2330 1032 2344 1045 ’
2369 1015 2529 1069 τοῦτο
2552 1011 2688 1085 πρὸς
2723 1012 2822 1083 τὴν
2851 1009 3022 1081 ψευδῆ
3054 1007 3269 1079 ήδονήν.
3303 1007 3417 1061 Οὐκ
3446 1005 3627 1058 ἐκεῖνα

2047 1106 2085 1162 ἃ
2104 1102 2277 1169 εἷπον,
2304 1106 2489 1174 φησιν,
2507 1101 2640 1155 άλλά
2654 1099 2723 1153 τά
2745 1098 2986 1152 ἐναντία.
3020 1097 3116 1149 Ἐν
3134 1093 3321 1163 πάσῃ.
3344 1092 3627 1157 Τουτέστι,

2049 1193 2260 1264 καρπὸν
2321 1192 2399 1245 δεῖ
2451 1186 2816 1259 πνευματικὸν
2877 1182 3282 1239 ἐπιδείκνυσθαι
3351 1181 3410 1232 ἐν
3472 1181 3630 1234 πᾶσι.

2049 1279 2470 1350 Δοκιμάζοντες
2532 1276 2589 1329 τί
2629 1276 2760 1328 ἐστι
2806 1272 2873 1326 τὸ
2917 1270 3251 1339 εὐάρεστον
3292 1265 3374 1333 τῷ
3414 1266 3631 1334 Κυρίῳ.

2057 1370 2199 1439 Ἀρα
2232 1365 2488 1434 παιδικῆς
2517 1365 2699 1416 ἐκεῖνα
2731 1359 2966 1422 διανοίας
3003 1359 3097 1411 καὶ
3129 1354 3374 1418 ἀτελοῦς.
3418 1354 3527 1407 Καὶ
3546 1351 3633 1421 μὴ

2054 1452 2531 1525 συγκοινωνεῖτε,
2573 1449 2726 1520 φησὶ,
2761 1446 2884 1512 τοῖς
2933 1445 3132 1515 ἔργοις
3170 1443 3297 1507 τοῖς
3342 1440 3637 1507 ἀκάρποις

2054 1536 2161 1597 τοῦ
2203 1542 2485 1604 σκότους,
2523 1535 2765 1607 μᾶλλον
2807 1533 2875 1586 δὲ
2914 1531 3015 1585 καὶ
3056 1529 3375 1599 ἐλέγχετε·
3411 1527 3485 1581 τὰ
3526 1525 3639 1595 γὰρ

2056 1627 2259 1699 κρυφῇ
2312 1626 2593 1695 γινόμενα
2628 1621 2730 1677 ὐπ’
2786 1616 3014 1680 αὐτῶν,
3060 1616 3320 1683 αἰσχρόν
3359 1613 3491 1666 ἐστι
3536 1609 3639 1665 καὶ

2056 1716 2275 1787 λέγειν.
2308 1713 2383 1767 Τὰ
2404 1711 2471 1765 δὲ
2499 1709 2716 1770 πάντα,
2744 1705 3110 1775 ἐλεγχόμενα
3138 1703 3256 1756 ὑπὸ
3281 1700 3389 1754 τοῦ
3419 1698 3635 1787 φωτὸς,

2059 1785 2438 1874 φανεροῦται.
2469 1794 2656 1861 Εἶπεν,
2682 1796 2763 1849 ὅτι
2789 1792 2919 1858 Φῶς
2938 1792 3083 1845 ἐστε
3103 1790 3198 1874 ’-τὸ
3222 1788 3278 1841 δὲ
3296 1787 3409 1856 φῶς
3429 1785 3640 1856 ἐλέγχει

2060 1871 2129 1945 τὰ
2151 1892 2209 1944 ἐν
2261 1888 2442 1942 σκότει
2488 1884 2770 1955 γινόμενα.
2814 1880 2977 1932 Ὥστε
3022 1876 3089 1931 ἂν
3115 1871 3213 1948 ἦτε
3237 1876 3416 1945 ὑμεῖς,
3448 1872 3639 1941 φησὶν,

2063 1979 2307 2050 ἐνάρετοι
2371 1975 2464 2029 καὶ
2507 1969 2849 2044 θαυμαστοὶ,
2900 1965 3085 2019 λαθεῖν
3120 1964 3181 2017 οὑ
3220 1963 3541 2032 δυνήσονται
3590 1958 3643 2013 οι

2063 2047 2311 2137 πονηροί,
2387 2060 2655 2130 Καθάπερ
2710 2056 2818 2127 γὰρ
2883 2052 3084 2123 λύχνου
3128 2050 3384 2137 κειμένου
3440 2047 3645 2137 πάντες

2065 2133 2409 2223 φωτίζονται,
2458 2151 2552 2202 καὶ
2576 2149 2605 2201 6
2649 2143 2856 2216 λῃστὴς
2900 2140 3002 2194 οὐκ
3042 2137 3110 2192 ἂν
3137 2134 3442 2190 ἐπεισέλθοι
3463 2150 3478 2166 ο
3501 2133 3647 2186 οὕτω

2064 2220 2160 2294 τοῦ
2203 2236 2379 2307 φωτὸς
2421 2233 2576 2305 ὑμῶν
2614 2232 2956 2302 λάμποντος,
2990 2223 3377 2307 ἁλώσονταιγοί
3421 2220 3648 2307 ’πονηροὶ⁸

2064 2306 2423 2396 ἐλεγχόμενοι.
2456 2324 2601 2393 ’Δρα
2623 2319 2917 2387 διελέγχειν
2950 2315 3049 2368 δεῖ.
3084 2311 3208 2375 Πῶς
3250 2306 3345 2396 οὖν
3367 2326 3519 2379 φησι,
3550 2306 3648 2375 Μὴ

2064 2394 2316 2483 κρίνετε,
2344 2412 2447 2465 ἵνα
2468 2408 2553 2478 μὴ
2594 2404 2867 2475 κριθῆτε;
2915 2401 3188 2470 Ἐλέγχειν
3228 2394 3403 2460 εἶπεν,
3448 2396 3509 2448 οὑ
3545 2410 3651 2448 κα-

2065 2500 2360 2571 τακρίνειν,
2404 2496 2690 2557 τουτέστι,
2732 2490 3011 2545 παιδεύειν
3039 2504 3055 2567 ζ
3086 2487 3215 2550 καὶ,
3257 2483 3352 2552 Μὴ
3396 2484 3647 2551 κρίνετε.

2066 2570 2279 2657 ἵναμὴ
2307 2584 2569 2653 κριθῆτε,
2607 2580 2737 2651 περὶ
2764 2579 2872 2633 τῶν
2912 2575 3212 2646 ἐλαχίστων
3238 2570 3655 2642 ἁμαρτημάτων

2068 2673 2241 2729 εἶπεν.
2277 2673 2495 2743 Ἀμέλει
2518 2671 2613 2725 καὶ
2636 2670 2883 2741 ἐπήγαγε
2901 2680 2915 2695 ⁸
2954 2665 3014 2718 Τί
3038 2662 3297 2729 βλέπεις
3325 2659 3391 2713 τὸ
3422 2657 3611 2725 κάρφο
3622 2674 3652 2743 ς

2068 2763 2135 2817 τὸ
2157 2764 2228 2816 ὲν
2248 2760 2329 2823 τῷ
2345 2739 2633 2828 όφθαλμῷ
2664 2739 2769 2808 τοῦ
2791 2749 3058 2820 ἀδελφοῦ
3081 2765 3219 2813 σου,
3246 2747 3362 2813 τὴν
3383 2745 3451 2797 δὲ
3485 2744 3555 2796 ἐν
3574 2739 3657 2806 τῷ

2070 2849 2161 2915 σῷ
2182 2845 2464 2918 ὀφθαλμῷ
2481 2845 2659 2898 δοκὸν
2679 2843 2750 2895 οὐ
2773 2837 3124 2903 κατανοεῖς;
3150 2832 3301 2907 [1281
3329 2836 3393 2886 Ὃ
3411 2832 3467 2886 δέ
3481 2830 3653 2918 λέγει,

2070 2916 2314 2993 τοιοῦτόν
2337 2938 2484 2987 ἐστιν
2512 2951 2526 2965 ο
2555 2932 2767 3000 Ὥσπερ
2791 2929 2853 2981 τὸ
2875 2927 3115 2999 τραῦμα,
3140 2925 3245 2987 ἓως
3271 2922 3338 2978 ἂν
3361 2916 3661 2990 ἐμφωλεύῃ

2075 3024 2481 3093 καλυπτόμενον
2495 3019 2720 3081 ἀνωθεν,
2741 3016 2835 3069 καὶ
2850 3015 2937 3069 διὰ
2971 3013 3168 3083 βάθους
3201 3010 3389 3082 τρέχῃ,
3405 3007 3660 3077 οὐδεμιᾶς

2075 3108 2339 3168 ἀπολαύει
2385 3110 2485 3179 τῆς
2534 3104 2850 3175 ἐπιμελείας
2875 3118 2890 3133 ο
2926 3101 3069 3154 οὑτω
3114 3098 3210 3153 καὶ
3249 3094 3519 3167 ἁμαρτία,
3551 3093 3658 3155 ἕως

2080 3201 2180 3273 μὲν
2210 3200 2276 3254 ἂν
2303 3197 2633 3269 κρύπτηται,
2671 3193 2921 3261 καθάπερ
2972 3192 3030 3243 ἐν
3081 3186 3257 3256 σκότῳ
3291 3182 3433 3273 μετά
3473 3180 3661 3242 ἁδείας

2076 3269 2342 3359 τολμᾶται
2390 3283 2592 3353 πολλῆς
2631 3299 2645 3312 ·
2683 3278 2905 3333 ἐπειδὰν
2951 3276 3010 3329 δέ
3059 3270 3387 3347 φανερωθῇ,
3450 3269 3663 3338 γίνεται

2079 3355 2196 3445 φῶς
2218 3389 2231 3403 ·
2256 3372 2377 3443 οὐχὶ
2396 3370 2532 3439 αὑτὴ
2549 3370 2582 3439 ή
2600 3365 2841 3438 ἁμαρτία
2867 3382 2881 3395 ο
2907 3363 3024 3425 πῶς
3049 3361 3159 3433 γάρ
3184 3378 3198 3426 ;
3226 3359 3343 3414 ἀλλ’
3367 3359 3395 3411 6
3422 3355 3660 3428 ἐργασά-

2082 3444 2258 3535 μενος,
2297 3461 2466 3513 Ὅταν
2490 3458 2595 3529 γὰρ
2621 3456 2700 3518 εἰς
2735 3454 2896 3525 μέσον
2922 3450 3114 3522 ἐνεχθῇ
3134 3490 3148 3511 ,
3175 3444 3656 3515 ὅταν’νουθετηθῇ,

2081 3531 2209 3603 δταν
2260 3546 2590 3619 μετανοήσῃ,
2642 3542 2771 3595 ὅταν
2820 3538 3070 3608 ἀφέσεως
3117 3538 3279 3608 τύχῃ,
3314 3534 3438 3604 οὑχὶ
3472 3531 3664 3619 ἐξεκάξ

2085 3618 2443 3709 θαραςαύτοῦ
2467 3632 2529 3685 τὸ
2550 3629 2769 3693 σκότος;
2802 3626 2923 3698 οὐχ).
2948 3625 3067 3679 τότε
3093 3624 3467 3695 ἐθεράπευσας
3498 3618 3671 3672 αὑτοῦ.

2083 3728 2145 3781 τὸ
2170 3722 2390 3797 τραῦμα
2414 3738 2428 3786 ;
2459 3720 2581 3791 οὐχὶ
2605 3718 2703 3789 τὴν
2732 3716 3012 3787 ἀκαρπίαν
3040 3712 3347 3797 ἐξεκαλέσω
3363 3709 3499 3779 πρὸς
3529 3723 3665 3777 καρο

2086 3795 2220 3880 πόνξ
2252 3812 2323 3865 Ἢ
2350 3808 2508 3863 τοῦτὸ
2542 3823 2726 3877 φησιν,
2757 3805 2791 3877 ἦ
2817 3805 3025 3866 ἐκεῖνο,
3057 3802 3138 3854 ὃτι
3186 3799 3243 3852 '0
3270 3795 3368 3868 μὲν
3399 3795 3669 3866 ὑμέτερος

2089 3900 2203 3971 βίος
2234 3896 2467 3969 φανερὸς
2496 3893 2593 3957 ὣν,
2621 3892 2738 3963 φῶς
2760 3892 2908 3943 ἐστιν
2932 3904 2946 3920 ο
2968 3887 3143 3949 οὐδεὶς
3167 3886 3277 3955 γὰρ
3304 3883 3396 3971 τὸν
3422 3882 3666 3952 ἄληπτον

2087 3968 2319 4059 κρύπτει
2355 3968 2468 4054 βίον
2490 3998 2505 4012 ·
2535 3981 2606 4033 τά
2648 3979 2706 4032 δὲ
2742 3975 3118 4048 κρυπτόμενα,
3155 3971 3242 4025 διὰ
3268 3970 3330 4023 τὸ
3354 3968 3666 4022 ἐσκοτίσθαι

2091 4053 2415 4145 κρύπτεται.
2441 4068 2533 4121 Διδ
2572 4065 2722 4133 λέγει
2746 4081 2763 4098 ι
2803 4064 3095 4131 Ἔγειραι,
3125 4060 3159 4113 ό
3185 4056 3519 4118 καθεύδων,
3567 4053 3667 4107 καὶ

2092 4144 2329 4217 ἀνάστα
2360 4158 2430 4211 ἐκ
2464 4156 2586 4210 τῶν
2617 4150 2864 4220 νεκρῶν,
2895 4148 2993 4203 καὶ
3016 4147 3335 4216 ἐπιφαύσει
3356 4162 3456 4199 σοι
3482 4146 3515 4198 ό
3539 4144 3672 4211 Χρι-

2090 4250 2257 4313 στός.
2283 4242 2633 4298 Καθεύδοντα
2656 4240 2751 4292 καὶ
2765 4237 2977 4309 νεκρὸν,
3000 4235 3091 4288 τὸν
3118 4237 3175 4287 ἐν
3198 4232 3493 4303 ἁμαρτίαις
3512 4229 3668 4301 φησί’

2091 4336 2183 4388 καὶ
2204 4333 2314 4403 γὰρ
2341 4329 2601 4392 δυσωδίας
2628 4330 2769 4390 πνεῖ,
2801 4325 2875 4388 ὡς
2896 4324 2924 4375 6
2947 4321 3159 4394 νεκρὸς,
3187 4323 3280 4374 καὶ
3309 4319 3673 4388 άνενέργητός

2091 4424 2258 4487 ἐστιν,
2288 4419 2363 4482 ῶς
2401 4420 2430 4471 ὁ
2465 4414 2762 4473 καθεύδων,
2787 4412 2881 4465 καὶ
2894 4410 3046 4463 οὐδὲν
3063 4407 3276 4479 ὁρᾷ,ὼς
3299 4409 3524 4471 ἐκεῖνος,
3556 4404 3679 4460 ἀλλ”

2091 4508 2399 4579 ὀνειρώττει
2445 4505 2537 4557 καί
2577 4500 2925 4572 φαντάζεται.
2988 4498 3050 4549 Οί
3100 4496 3218 4566 μὲν,
3263 4494 3677 4562 Ἐπιψαύσεις,

2094 4598 2247 4667 φασὶ,
2271 4596 2378 4651 τοῦ
2392 4592 2670 4662 Χριστοῦ·
2693 4593 2740 4643 οἱ
2763 4590 2841 4653 δέ,
2872 4587 3217 4655 Ἑπιφαύσει
3234 4598 3334 4637 σοι
3350 4587 3381 4637 ό
3400 4584 3675 4650 Χριστόςσ

2099 4683 2297 4756 μᾶλλον
2329 4682 2386 4734 δέ
2419 4679 2572 4734 τοῦτό
2606 4682 2741 4731 ἐστι.
2785 4674 3077 4742 Ἀπόστηθι
3115 4676 3213 4744 τῆς
3249 4670 3547 4741 ἁμαρτίας,
3575 4669 3681 4721 καὶ

2095 4772 2299 4843 δυνήσῃ
2312 4769 2401 4822 τὸν
2417 4766 2653 4836 Χριστὸν
2677 4765 2819 4817 ἰδεῖν.
2836 4764 2901 4815 '0
2914 4763 3024 4830 γὰρ
3044 4761 3115 4814 τὰ
3131 4759 3335 4829 φαῦλα
3352 4756 3679 4825 πράσσων,

2091 4858 2261 4930 μισεῖ
2302 4856 2368 4910 τὸ
2418 4853 2563 4924 φῶς,
2603 4854 2701 4906 καὶ
2747 4854 2858 4904 οὐκ
2892 4850 3128 4918 ἔρχεται
3157 4846 3307 4917 πρὸς
3344 4845 3412 4898 τὸ
3456 4844 3617 4914 φῶς·
3648 4845 3685 4897 ὁ.

2096 4945 2273 5000 τοίνυν
2300 4942 2375 5014 μὴ
2401 4944 2677 5013 πράττων,
2705 4938 2943 5008 ἔρχεται.

2173 5097 2237 5167 β’.
2272 5094 2413 5147 Ἀλλ’
2447 5094 2507 5146 οὐ
2539 5093 2668 5165 περὶ
2697 5091 2805 5144 τῶν
2832 5090 3074 5144 ἀπίστων
3103 5088 3261 5140 τοῦτο
3296 5086 3456 5155 μόνον
3499 5086 3634 5154 φησί
3660 5099 3674 5113 ⁸

2101 5183 2287 5235 πολλοὶ
2323 5181 2431 5251 γὰρ
2459 5178 2571 5232 τῶν
2610 5176 2818 5230 πιστῶν
2864 5176 3017 5228 οὑδέν
3079 5168 3242 5244 ἦττον
3289 5172 3397 5225 τῶν
3427 5173 3681 5225 ἀπίστων

2104 5271 2206 5339 τῆς
2257 5270 2455 5330 κακίας
2486 5268 2698 5337 ἔχονται
2731 5282 2745 5294 ·
2778 5264 2884 5317 εἰσὶ
2912 5263 2988 5327 δέ,
3018 5263 3069 5314 οἳ
3104 5261 3197 5313 καὶ
3233 5259 3412 5330 πολλῷ
3457 5261 3677 5330 μᾶλλον.

2104 5359 2194 5411 Διὸ
2222 5358 2317 5410 καὶ
2358 5355 2494 5427 πρὸς
2516 5353 2736 5416 τούτους
2782 5352 3079 5418 ἀναγκαῖον
3149 5349 3358 5400 εἰπεῖν’
3401 5349 3676 5416 Ἔγειραι,

2106 5451 2137 5501 ό
2168 5443 2493 5507 καθεύδων,
2525 5442 2629 5496 καὶ
2660 5442 2895 5496 ἀνάστα
2921 5439 2989 5490 ἐκ
3012 5435 3129 5489 τῶν
3159 5435 3412 5502 νεκρῶν,
3437 5435 3534 5488 καί
3558 5435 3682 5487 ἐπι-

2105 5535 2327 5605 φαύσει
2371 5548 2471 5585 σοι
2501 5535 2533 5585 ό
2572 5528 2845 5598 Χριστός.
2892 5524 3035 5594 Πρὸς
3064 5521 3286 5585 τούτους
3313 5521 3545 5591 ἁρμόζει
3582 5523 3681 5574 καὶ

2108 5621 2265 5674 τοῦτο
2313 5619 2488 5671 εἰπεῖν
2525 5632 2540 5646 ’
2589 5619 2652 5669 '0
2715 5617 2859 5677 Θεὸς
2897 5614 3010 5665 οὐκ
3049 5610 3180 5662 ἔστι
3216 5608 3478 5678 νεκρῶν,
3519 5607 3689 5663 ἀλλὰ

2111 5708 2365 5769 ζώντων.
2380 5706 2453 5762 El.
2479 5704 2664 5760 τοίνυν.
2687 5703 2787 5757 οὐκ
2815 5700 2929 5753 ἐστι
2957 5694 3190 5766 νεκρῶν,
3224 5696 3501 5768 ζήσωμεν.
3526 5695 3684 5761 Τινὲς
