4100 6412
465 407 562 466 121

460 525 624 581 etiam
666 524 769 579 alia
811 521 1224 579 Innumerabilia
1259 521 1401 575 mala
1442 521 1542 574 sibi
1579 517 1904 574 accumulat.
1949 515 2045 569 llis

461 633 593 689 ergo
620 617 831 673 duobus
869 616 1062 672 animai
1090 615 1381 685 generibus
1409 612 1743 682 compositis,
1773 618 1827 665 et
1856 607 2049 663 rationi

461 712 778 779 subjuuctis,
798 719 1066 779 tamquam
1088 708 1239 778 equis
1263 707 1351 776 qui
1377 705 1528 760 facile
1553 713 1782 774 aguntur
1803 698 2047 766 habenis,

462 816 655 871 nempe
679 802 969 872 cupiditate
992 808 1049 855 et
1073 801 1173 865 ira,
1204 799 1274 852 ita
1306 805 1540 851 mentem
1571 792 1924 863 praeficiamus
1948 805 2048 844 au-

463 897 630 965 rigam
650 940 664 959 ,
698 905 755 949 ut
781 895 1106 963 accipiamus
1138 893 1416 960 praemium
1444 904 1689 959 supernze
1715 882 2043 939 vocationis:

1343 404 1408 461 IN
1447 403 1663 460 EPIST.
1700 398 2073 458 ADEPHES.
2114 398 2270 454 CAP.
2313 399 2378 453 ν.
2421 397 2652 455 ιιοδιιιι.
2694 396 2883 455 XVIII.

3633 376 3744 455 in

2161 516 2303 587 quod
2334 506 2492 572 detur
2526 516 2683 573 nobis
2711 515 2961 572 omnibus
2986 516 3241 586 consequi
3280 516 3330 570 in
3359 515 3577 571 Christo
3613 517 3741 573 Jesu

2159 607 2388 663 Domino
2427 620 2643 672 nostro,
2683 624 2806 663 cum
2849 622 2957 678 quo
3000 607 3143 663 Patri
3188 609 3346 663 simul
3389 624 3509 663 cum
3554 621 3742 664 sancto

2159 700 2361 769 Spiritu
2400 700 2567 770 gloria
2587 742 2600 763 ,
2632 700 2901 771 potentia,
2932 698 3137 764 honor,
3172 717 3314 754 nunc
3339 711 3393 755 et
3422 716 3653 770 semper,
3687 709 3743 755 et

2158 792 2210 846 in
2242 791 2434 845 szecula
2465 793 2803 845 steculorum.
2837 793 3029 846 Amen.

392 1046 395 1047 ⁷
1818 1021 2171 1086 HOMILIA
2215 1018 2450 1077 XVIII.

458 1167 591 1221 Car.
620 1166 673 1219 5.
703 1181 755 1218 v.
775 1165 830 1220 5.
863 1161 975 1217 Hoc
996 1161 1130 1216 enim
1151 1159 1327 1214 scitote
1349 1155 1689 1227 intelligentes
1715 1151 1852 1222 quod
1879 1148 2046 1204 omnis

535 1258 844 1328 fornicator,
876 1264 964 1307 aut
992 1251 1303 1314 immundus,
1331 1259 1419 1302 aut
1443 1264 1648 1310 avarus,
1680 1243 1816 1316 quod
1838 1252 1911 1296 est
1932 1242 2049 1294 ido-

535 1351 698 1403 lorum
718 1347 949 1408 servitus,
968 1359 1071 1399 non
1088 1342 1235 1397 habet
1260 1340 1587 1394 hereditatem
1608 1340 1662 1390 in
1684 1351 1838 1407 regno
1862 1331 2049 1388 Christi

532 1453 577 1496 et
608 1440 729 1495 Dei.
762 1439 817 1494 6.
847 1436 1015 1492 Nemo
1051 1451 1139 1488 vos
1181 1433 1387 1488 seducat
1411 1430 1645 1484 inanibus
1685 1426 1846 1480 verbis
1885 1442 1904 1479 :
1926 1440 2049 1493 pro-

533 1544 646 1599 pter
672 1532 779 1585 htec
807 1530 939 1583 enim
966 1526 1097 1581 venit
1141 1526 1221 1579 ira
1246 1522 1344 1576 Dei
1386 1523 1436 1575 in
1466 1521 1601 1590 filios
1628 1516 1938 1588 difﬁdentiae.

538 1627 588 1679 1.
619 1623 789 1678 Erant
821 1620 1035 1690 quidam
1057 1659 1072 1682 ,
1116 1627 1174 1671 ut
1202 1615 1443 1676 videtur.
1473 1611 1636 1667 etiam
1668 1608 1806 1678 apud
1836 1616 2048 1662 nostros

462 1716 738 1785 majores,
770 1712 861 1783 qui
914 1709 1097 1780 populi
1150 1722 1339 1762 manus
1390 1701 1782 1766 dissolvebant,
1809 1708 1865 1753 et
1906 1696 2045 1769 quod

463 1810 662 1865 dictum
687 1816 771 1862 est
794 1805 863 1860 ab
891 1802 1173 1859 Ezechiele
1198 1842 1213 1867 ,
1261 1799 1327 1854 ad
1371 1812 1506 1867 opus
1530 1795 1866 1850 deducebant
1891 1833 1907 1859 ,
1940 1792 2049 1843 imo

466 1918 593 1957 vero
629 1915 750 1971 quae
794 1905 922 1952 sunt
970 1890 1559 1965 pseudoprophetarum
1609 1885 1907 1949 iaciebant;
1958 1882 2048 1951 qui

468 2010 565 2065 pro
585 1992 786 2064 pugillo
813 1988 999 2044 hordei
1026 1987 1192 2041 Deum
1222 1981 1619 2054 vilipendebant
1647 1993 1828 2033 coram
1854 1974 2049 2047 populo

462 2092 582 2154 ejus
626 2080 956 2155 (Ezechdﬁ.
986 2077 1078 2149 19)
1114 2095 1129 2132 :
1160 2074 1299 2147 quod
1342 2073 1634 2128 etiamnum
1675 2068 1745 2123 ab
1786 2065 2048 2136 aliquibus

466 2177 580 2233 tieri
606 2175 860 2231 arbitror.
892 2173 1025 2228 Cum
1056 2170 1217 2240 igitur
1240 2167 1471 2222 dicimus
1490 2207 1505 2231 ,
1536 2162 1676 2233 quod
1702 2160 1795 2232 qui
1829 2162 2048 2214 fratrem

462 2271 666 2326 fatuum
715 2265 1029 2332 vocaverit,
1078 2264 1131 2317 in
1183 2259 1483 2331 gehennam
1528 2256 1771 2310 abiturus
1813 2252 1917 2318 sit;
1956 2249 2047 2304 alii

462 2362 648 2416 dicunt
677 2378 691 2415 :
725 2360 873 2414 Itane
899 2399 915 2422 ,
960 2356 1048 2426 qui
1097 2352 1371 2408 vocaverit
1416 2350 1641 2404 fratrem
1686 2346 1891 2401 fatuum
1917 2385 1933 2411 ,
1991 2343 2045 2399 in

460 2455 761 2523 gehennam
789 2451 997 2506 abibit?
1026 2447 1394 2517 Nequaquam,
1423 2444 1500 2498 ait
1527 2458 1540 2495 ε
1568 2450 1625 2496 et
1652 2454 1774 2495 cum
1818 2439 2046 2493 dicimus

460 2547 602 2617 quod
648 2559 843 2600 avarus
872 2544 943 2598 sit
987 2541 1251 2596 idolorum
1302 2536 1513 2602 cultor;
1547 2533 1678 2589 illud
1727 2533 1811 2588 isti
1862 2532 2045 2601 despi-

459 2641 660 2695 cientes
694 2638 913 2701 dicunt,
966 2633 1067 2688 hoc
1097 2648 1192 2702 per
1234 2629 1563 2701 hyperbolen
1592 2627 1698 2682 dici
1723 2644 1737 2680 :
1767 2635 1927 2696 atque
1971 2627 2044 2679 ita

460 2732 638 2784 omnia
671 2728 922 2783 mandata
966 2732 1341 2781 contemnunt.
1370 2722 1480 2777 llos
1527 2736 1657 2791 ergo
1700 2719 2046 2775 subindicans

460 2826 647 2879 beatus
676 2822 873 2877 Paulus
898 2862 913 2887 ,
946 2826 1072 2874 tunc
1100 2832 1315 2887 quoque
1358 2813 1632 2869 scribebat
1681 2812 1749 2867 ad
1781 2812 2045 2881 Ephesios

458 2917 645 2971 dicens
676 2932 690 2969 :
721 2912 831 2966 Hoc
857 2912 990 2965 enim
1014 2911 1189 2963 scitote
1212 2907 1548 2977 intelligentcs
1572 2907 1709 2974 quod
1750 2905 1915 2959 omnis
1936 2908 2045 2975 for-

458 3011 652 3063 nicator
672 3049 688 3072 ,
717 3015 805 3059 aut
831 3003 1121 3059 immundus
1142 3045 1155 3061 .
1182 3009 1270 3054 aut
1290 3016 1473 3053 avarus
1492 3039 1507 3063 ,
1533 2998 1619 3068 qui
1647 3007 1719 3051 est
1740 2998 1907 3051 cultor
1926 2998 2044 3050 ido-

460 3103 624 3158 lorum
645 3144 660 3167 ,
690 3118 791 3155 non
824 3100 970 3153 habet
997 3095 1323 3151 hereditatem
1366 3093 1419 3149 in
1446 3108 1605 3164 regno
1635 3090 1823 3149 Christi
1855 3100 1901 3147 et
1924 3090 2041 3147 Dei.

464 3194 666 3251 Deinde
695 3193 965 3263 subjuugit
996 3208 1010 3244 :
1045 3189 1211 3243 Nemo
1237 3204 1324 3243 vos
1351 3187 1573 3257 decipiat
1598 3187 1836 3241 inanibus
1861 3186 2040 3240 verbis.

460 3291 586 3344 llaec
618 3288 779 3342 verba
804 3295 927 3341 sunt
957 3285 1133 3340 inania
1154 3324 1170 3348 ,
1202 3298 1323 3353 qua:
1347 3281 1413 3336 ad
1442 3290 1652 3350 tempus
1700 3279 1900 3334 habent
1923 3295 2044 3349 gra-

460 3382 587 3437 tiam
607 3422 622 3446 ,
655 3391 708 3435 et
735 3379 957 3433 minime
980 3374 1335 3430 ostenduntur
1361 3372 1517 3428 factis
1542 3381 1595 3426 et
1624 3371 1880 3440 operibus
1910 3388 1923 3426 :
1954 3386 2042 3426 res

457 3474 601 3527 cnim
630 3485 693 3525 ea
720 3467 1100 3534 est-deceptio.
1126 3462 1347 3533 Propter
1373 3463 1481 3517 hac
1507 3463 1642 3516 enim
1681 3462 1815 3515 venit
1840 3462 1921 3514 ira
1944 3459 2042 3514 Dei

456 3568 511 3620 in
539 3565 673 3634 ﬁlios
713 3560 1086 3617 inobedientiaa.
1111 3558 1339 3627 Propter
1368 3556 1753 3611 scortationem
1780 3595 1794 3619 ,
1827 3554 1998 3623 inquit
2022 3593 2039 3619 ,

457 3664 678 3727 propter
697 3655 1000 3718 avaritiam,
1024 3662 1243 3722 propter
1266 3648 1657 3704 immunditiam
1680 3663 1694 3712 ;
1713 3655 1806 3700 aut
1827 3656 2044 3716 propter

458 3753 577 3807 hac
600 3760 653 3806 et
684 3760 902 3818 promer
927 3746 1325 3815 deceptionem,
1355 3742 1609 3815 quoniam
1636 3750 1761 3796 sunt
1784 3739 2040 3809 decepto-

460 3860 570 3900 res.
612 3843 779 3897 Filios
819 3837 1198 3895 inobedientia:
1247 3849 1342 3890 eos
1388 3844 1549 3889 vocat
1585 3824 1679 3903 qui
1721 3840 1849 3886 sunt
1884 3829 2045 3886 valde

459 3936 914 4004 inobsequentes;
945 3929 1034 4000 qui
1077 3929 1125 3983 ei
1172 3943 1279 3981 non
1324 3925 1599 3980 obediunt.
1632 3924 1683 3978 7.
1708 3921 1885 3976 Nolite
1925 3937 2045 3992 ergo

459 4028 583 4097 efﬁci
610 4024 881 4095 participes
910 4037 1103 4075 eorum.
1128 4018 1181 4073 8.
1210 4016 1383 4071 Eratis
1408 4017 1541 4070 enim
1582 4012 1857 4083 aliquando
1907 4022 2045 4067 tene-

459 4121 580 4183 brat,
613 4132 748 4171 nunc
772 4124 939 4169 autem
968 4113 1058 4167 luat
1079 4113 1132 4164 in
1161 4110 1398 4163 Domino.
1417 4107 1551 4162 Vide
1580 4122 1741 4175 quam
1769 4106 2046 4175 sapienter

459 4225 554 4266 eos
575 4206 1019 4264 estadbortatus.
1056 4203 1294 4259 Primum
1341 4216 1371 4253 a
1416 4197 1653 4260 Christo,
1704 4196 1857 4265 Quod
1905 4198 2046 4252 alter

460 4302 687 4355 alterum
719 4296 936 4367 diligitis
965 4336 980 4356 .
1004 4302 1060 4348 et
1086 4293 1284 4349 nemini
1320 4291 1571 4360 injuriam
1600 4288 1772 4343 facitis
1816 4303 1833 4345 ;
1862 4303 2047 4342 rursus

460 4392 777 4445 adhortatur
822 4403 851 4441 a
880 4386 1143 4457 supplicio
1168 4392 1223 4438 et
1243 4382 1488 4453 gehenua
1522 4396 1538 4433 :
1570 4378 1743 4433 Eratis
1780 4380 1915 4433 enim
1942 4378 2045 4431 ali-

460 4484 666 4556 quando
699 4480 944 4545 tenebrte,
999 4493 1135 4532 nunc
1169 4486 1337 4529 autem
1377 4474 1468 4527 lux
1511 4472 1569 4526 in
1608 4470 1853 4525 Domino.
1891 4468 2046 4537 Quod

462 4577 676 4648 quidem
708 4573 839 4628 dicit
866 4571 1028 4625 etiam
1072 4570 1128 4622 in
1157 4566 1397 4636 Epistula
1427 4562 1493 4617 ad
1540 4562 1811 4616 Romanos
1837 4578 1853 4615 :
1885 4560 2048 4627 Quem

462 4685 579 4740 ergo
606 4671 827 4738 fructum
852 4661 1097 4716 habuistis
1124 4669 1243 4712 tunc
1268 4660 1324 4711 in
1347 4656 1474 4724 illis,
1500 4654 1553 4708 in
1572 4654 1752 4722 quibus
1772 4668 1907 4705 nunc
1933 4668 2051 4706 eru-

463 4760 699 4816 bescitis?
726 4768 780 4813 et
819 4757 1052 4825 priorem
1081 4751 1396 4822 pravitatem
1440 4756 1496 4802 ct
1525 4746 1711 4800 vitium
1751 4745 1859 4800 illis
1908 4758 2049 4800 nunc

464 4861 687 4910 revocat
714 4853 766 4906 in
802 4848 1142 4903 memoriam.
1174 4844 1287 4900 Hoc
1319 4851 1420 4905 est,
1454 4841 1764 4911 Cogitantes
1789 4837 1915 4908 quid
1955 4851 2049 4893 vos

461 4944 749 5017 aliquando
777 4940 968 5006 fuistis,
993 4949 1044 4993 et
1074 4937 1201 5009 quid
1225 4951 1366 4991 nunc
1397 4933 1519 4989 facti
1564 4932 1728 4996 estis;
1759 4945 1827 4984 ne
1858 4944 2050 4984 recur-

460 5040 593 5094 ratis
631 5048 820 5093 rursus
847 5032 913 5086 ad
947 5030 1093 5101 prius
1120 5029 1305 5083 vitium
1331 5069 1346 5091 ,
1371 5040 1545 5095 neque
1566 5023 1659 5078 Dei
1699 5021 1926 5092 gratiam
1968 5020 2050 5075 af-

460 5131 651 5186 ﬁciatis
693 5123 1044 5183 contumelia.
1092 5119 1262 5174 Eratis
1301 5116 1575 5188 aliquando
1619 5114 1836 5168 tenebrae
1860 5153 1875 5176 ,
1912 5127 2048 5166 nunc

459 5233 630 5278 auum
660 5220 750 5274 lus
786 5218 839 5271 in
876 5214 1120 5269 Domino.
1146 5211 1258 5266 Hoc
1294 5209 1447 5264 vobis
1470 5208 1567 5261 fuit
1605 5220 1714 5261 non
1754 5219 1823 5260 ex
1866 5210 2044 5258 vestra

459 5318 692 5380 virtute,
721 5310 816 5366 sed
840 5323 937 5379 per
978 5304 1074 5360 Dei
1097 5306 1322 5374 gratiam
1355 5319 1370 5357 :
1404 5300 1508 5355 hoc
1532 5309 1649 5365 est,
1698 5297 1768 5352 Et
1812 5310 1914 5349 vos
1943 5296 2045 5349 ali-

464 5406 679 5479 quando
704 5404 772 5460 iis
798 5403 941 5472 digiti
994 5398 1176 5454 fuistis
1196 5437 1211 5462 ,
1260 5395 1355 5450 sed
1390 5394 1620 5463 amplius
1647 5406 1756 5445 non
1785 5390 1938 5445 estis.
1980 5388 2049 5444 Ut

462 5501 557 5567 ﬁlii
590 5513 708 5569 ergo
736 5496 863 5549 luds
905 5489 1176 5545 arnbulate.
1211 5486 1347 5555 Quid
1376 5486 1445 5539 sit
1468 5494 1647 5537 autem
1666 5524 1682 5547 ,
1715 5480 1842 5534 Filii
1874 5481 2042 5544 lucis;

462 5588 654 5643 deinde
700 5586 870 5656 aperit
910 5600 923 5638 :
956 5584 1011 5639 9.
1042 5580 1259 5635 Fructus
1296 5578 1431 5632 enim
1473 5576 1680 5645 spiritus
1704 5584 1776 5628 est
1804 5574 1861 5626 in
1906 5571 2045 5625 omni

461 5677 657 5743 iustitia
701 5688 747 5732 et
789 5677 1009 5730 bonitate
1046 5683 1093 5727 et
1138 5672 1362 5727 veritate.
1398 5667 1486 5721 10.
1511 5664 1796 5719 Probantes
1826 5662 1947 5731 quid
1976 5661 2044 5713 sit

465 5771 831 5843 beneplacitum
854 5768 1090 5822 Domino.
1120 5765 1186 5818 In
1228 5762 1363 5817 omni
1389 5800 1404 5826 ,
1434 5759 1627 5828 inquit,
1656 5756 1899 5811 bonitate.
1928 5754 2042 5808 lloc

470 5868 725 5923 adversus
772 5865 1060 5920 irascentes
1080 5902 1093 5927 ,
1125 5859 1380 5914 adversus
1407 5852 1629 5909 acerbos
1655 5864 1709 5906 et
1737 5847 2039 5904 amarulen-

2158 1153 2239 1197 tos
2270 1162 2281 1197 :
2313 1141 2378 1195 In
2408 1142 2623 1210 iustitia,
2656 1139 2914 1196 adversus
2938 1156 3134 1197 avaros
3162 1159 3175 1194 :
3204 1151 3250 1195 et
3286 1142 3490 1196 veritate
3509 1182 3524 1203 ,
3547 1143 3742 1197 adver-

2156 1250 2250 1290 sus
2278 1234 2464 1289 falsam
2493 1234 2844 1302 Voluptatem.
2867 1231 2982 1287 Non
3017 1233 3103 1287 illa
3128 1275 3143 1299 ,
3178 1234 3388 1303 inquit,
3433 1251 3553 1303 qtne
3589 1234 3740 1303 dixi,

2156 1326 2250 1381 sed
2277 1326 2568 1380 contraria.
2594 1324 2663 1379 In
2687 1325 2845 1379 omni.
2880 1324 2932 1379 Id
2963 1334 3068 1390 est,
3097 1334 3311 1394 oportet
3339 1325 3568 1380 fructum
3601 1326 3742 1383 ferre

2155 1415 2488 1486 Spiritualcm
2542 1415 2595 1469 in
2621 1415 2893 1470 omnibus.
2921 1414 3205 1470 Probantes
3232 1418 3356 1485 quid
3396 1418 3461 1471 sit
3498 1418 3740 1486 benepla-

2156 1510 2313 1562 citum
2359 1506 2600 1561 Domino.
2628 1506 2721 1560 illa
2749 1522 2877 1577 ergo
2905 1516 3030 1561 sunt
3076 1509 3271 1562 mentis
3302 1509 3523 1578 puerilis
3551 1519 3605 1564 et
3636 1510 3740 1563 im-

2156 1600 2429 1670 perfectae.
2453 1601 2539 1654 11.
2574 1598 2637 1652 Et
2666 1600 2822 1654 nolite
2848 1601 3242 1665 communicare,
3274 1601 3475 1671 inquit,
3507 1603 3743 1672 operibus

2154 1691 2480 1759 infructuosis
2505 1690 2825 1745 tenebrarum
2849 1709 2867 1753 ;
2894 1693 3056 1762 magis
3084 1701 3252 1744 autem
3280 1692 3569 1764 redarguite
3596 1710 3616 1746 :
3647 1693 3739 1747 12.

2153 1799 2268 1854 qua:
2294 1785 2429 1837 enim
2454 1784 2508 1837 in
2535 1784 2731 1837 occulto
2756 1784 2882 1851 ﬁunt
2912 1783 2973 1837 ab
3000 1784 3144 1853 ipsis,
3175 1794 3322 1853 turpe
3364 1795 3436 1837 est
3462 1794 3509 1837 et
3547 1784 3734 1839 dicere.

2154 1875 2244 1930 15.
2279 1874 2464 1927 Omnia
2502 1884 2671 1928 autem
2711 1891 2823 1944 qua:
2860 1884 3145 1943 arguuntur
3188 1892 3220 1928 a
3262 1876 3491 1942 lumine,
3524 1878 3739 1946 manife«

2152 1977 2374 2022 stantur.
2406 1967 2572 2033 Dixit,
2604 1967 2719 2022 Lua:
2747 1969 2864 2022 estis
2887 1984 2906 2022 :
2929 1970 3018 2023 lux
3046 1980 3225 2024 autem
3257 1971 3432 2039 arguit
3461 1988 3581 2042 qua:
3607 1973 3737 2027 lium

2154 2060 2207 2114 in
2241 2060 2495 2115 tenebris.
2529 2060 2583 2115 Si
2613 2076 2742 2130 ergo
2769 2074 2862 2114 vos
2897 2061 3035 2125 sitis,
3070 2060 3277 2131 inquit,
3303 2062 3497 2116 virtute
3530 2064 3739 2131 pratditi

2152 2161 2208 2208 et
2259 2150 2595 2216 admirandi,
2646 2167 2750 2204 non
2799 2159 3051 2220 poterunt
3098 2152 3266 2206 latere
3310 2152 3561 2222 improbi.
3593 2154 3743 2207 Sicut

2151 2246 2294 2301 enim
2322 2248 2367 2302 si
2413 2246 2586 2316 posita
2618 2246 2686 2300 sit
2716 2245 2931 2300 lucerna
2955 2286 2971 2311 ,
3019 2260 3207 2300 omnes
3253 2246 3655 2313 illuminautur,
3686 2258 3741 2301 et

2152 2340 2291 2394 latro
2332 2354 2439 2393 non
2490 2337 2686 2408 poterit
2735 2337 2941 2408 ingredi
2972 2355 2984 2391 :
3016 2337 3087 2391 ita
3131 2336 3281 2391 vobis
3331 2337 3540 2391 lucente
3581 2338 3733 2403 luce,

2151 2434 2537 2488 convincentur
2581 2430 2853 2500 redarguti
2901 2430 3146 2499 improbi.
3178 2429 3403 2498 Oportet
3449 2429 3610 2499 igitur
3653 2446 3741 2481 τινα

2150 2541 2335 2597 guere.
2365 2523 2645 2592 Quomodo
2672 2538 2801 2592 ergo
2847 2522 2977 2576 dicit
3007 2538 3021 2574 :
3054 2519 3231 2574 Nolite
3249 2521 3491 2591 judicare
3511 2562 3525 2585 ,
3558 2531 3610 2574 ut
3637 2537 3739 2574 non

2141 2619 2445 2691 judicemini
2471 2617 2684 2690 (Matth.
2717 2616 2768 2669 7.
2798 2616 2850 2683 1)
2878 2618 2900 2666 ?
2955 2618 3196 2685 Arguere
3246 2614 3382 2668 dixit
3412 2656 3425 2678 ,
3457 2630 3563 2667 non
3608 2630 3742 2669 con-

2149 2712 2406 2766 demnare
2427 2751 2444 2774 ,
2478 2709 2581 2763 hoc
2605 2717 2687 2763 est
2707 2750 2720 2773 ,
2750 2708 3013 2778 castigare
3044 2726 3057 2761 :
3087 2717 3169 2772 ct,
3198 2705 3374 2760 Nolite
3391 2707 3661 2777 judicare,
3683 2717 3739 2761 ut

2149 2819 2251 2856 non
2267 2802 2575 2873 judicemini
2602 2799 2706 2870 (Ib.
2734 2816 2783 2855 v.
2816 2798 2871 2870 5)
2895 2840 2909 2864 ,
2941 2798 3076 2853 dixit
3113 2798 3182 2852 de
3209 2798 3446 2852 minimis
3472 2800 3726 2868 peccatis.

2148 2896 2437 2965 Sulijunxit
2462 2910 2593 2949 vero
2623 2911 2637 2947 :
2671 2893 2808 2959 Quid
2835 2893 2971 2947 vides
3013 2896 3261 2963 festucam
3288 2892 3342 2945 in
3387 2893 3535 2946 oculo
3562 2893 3740 2961 fratris

2150 2989 2224 3042 tui
2248 3029 2263 3054 ,
2292 2989 2347 3042 in
2368 2998 2455 3041 tuo
2482 2996 2649 3042 autem
2695 2986 2841 3040 oculo
2870 2988 3059 3039 trabem
3096 3001 3197 3038 non
3227 2986 3387 3038 cernis
3412 2986 3437 3038 ἒ)
3464 2985 3577 3040 Hoc
3603 2997 3685 3040 est
3720 3003 3732 3038 :

2148 3080 2300 3139 Sicut
2342 3079 2536 3137 vulnus
2578 3077 2833 3151 quamdiu
2861 3092 3094 3150 superne
3118 3085 3320 3133 tectum
3349 3076 3650 3141 delitescit,
3684 3087 3736 3135 ul

2148 3178 2317 3233 currit
2360 3192 2457 3247 per
2502 3176 2824 3246 profundunt
2847 3216 2862 3240 ,
2894 3174 3093 3228 nullam
3122 3174 3320 3243 accipit
3348 3177 3686 3228 curationem
3720 3191 3736 3228 :

2148 3272 2221 3327 ita
2266 3279 2545 3340 peccatum
2573 3269 2829 3339 quamdiu
2858 3267 3072 3337 quidem
3105 3268 3428 3333 occultatur,
3464 3275 3737 3337 tamquam

2148 3364 2201 3418 in
2232 3363 2466 3418 tenebris
2509 3360 2810 3416 admittitur
2857 3375 2978 3414 cum
3011 3375 3202 3431 magna
3231 3361 3519 3416 securitate
3544 3379 3559 3426 ;
3587 3370 3737 3431 p0st-

2147 3471 2307 3525 quam
2333 3463 2510 3509 autem
2542 3453 2701 3509 fuerit
2724 3452 3144 3518 manifestatum,
3175 3452 3235 3506 lit
3263 3452 3350 3506 lux
3378 3494 3392 3518 ,
3422 3467 3528 3507 non
3562 3454 3736 3523 ipsum

2145 3556 2424 3618 peccatum
2448 3563 2463 3611 ;
2492 3545 2762 3617 quomodo
2784 3545 2967 3599 enim?
2993 3544 3089 3599 sed
3117 3544 3161 3598 is
3189 3544 3280 3615 qui
3298 3544 3516 3599 admisit
3540 3544 3735 3614 ipsum.

2148 3638 2371 3709 Quando
2398 3638 2540 3694 enim
2575 3639 2652 3703 is,
2680 3639 2771 3707 qui
2803 3636 2952 3704 fecit,
2982 3638 3037 3691 in
3065 3636 3301 3692 medium
3333 3637 3496 3692 fuerit
3532 3637 3736 3708 produ-

2146 3741 2266 3786 ctus
2284 3772 2298 3797 ,
2326 3729 2540 3801 quando
2566 3728 2894 3795 admonitus,
2922 3729 3140 3800 quando
3160 3729 3353 3785 ductus
3378 3733 3691 3801 pamitentia
3718 3774 3733 3795 ,

2148 3823 2363 3894 quando
2390 3822 2760 3879 remissionem
2790 3822 2952 3878 fuerit
2976 3832 3314 3893 assequutus,
3335 3839 3513 3878 annon
3544 3840 3740 3893 exitur-

2149 3916 2287 3986 gasti
2333 3915 2449 3986 ejus
2489 3915 2789 3971 tenebras?
2832 3929 3011 3969 annon
3084 3915 3284 3970 curasti
3325 3916 3448 3985 ejus
3493 3917 3737 3971 vulnus?

2150 4021 2327 4063 annon
2381 4006 2772 4063 iufertilitatem
2833 4008 3069 4063 evocasti
3142 4008 3209 4062 ad
3291 4009 3580 4064 fructum?
3632 4012 3741 4065 Aut

2151 4100 2254 4154 hoc
2292 4099 2457 4165 dicit,
2508 4108 2603 4153 aut
2647 4098 2778 4153 illud
2816 4141 2832 4165 ,
2895 4098 3040 4168 quod
3089 4109 3269 4155 vestra
3337 4099 3556 4169 quidem
3632 4101 3739 4155 vita

2150 4208 2272 4246 cum
2316 4192 2388 4246 sit
2429 4189 2708 4246 manifesta
2734 4233 2748 4255 ,
2784 4201 2869 4245 est
2921 4191 3008 4245 lux
3041 4192 3259 4245 :nullus
3316 4192 3462 4245 enim
3514 4192 3741 4247 abscon-

2152 4285 2233 4339 dit
2286 4285 2485 4349 vitam,
2542 4284 2595 4338 in
2634 4299 2793 4354 quam
2846 4300 2952 4339 non
2991 4284 3138 4339 cadit
3191 4284 3544 4353 reprehensio
3575 4302 3589 4337 :
3620 4302 3740 4355 quas

2150 4387 2333 4431 autem
2363 4376 2770 4432 absconduntur
2789 4418 2804 4442 ,
2834 4376 2959 4446 quia
2985 4386 3112 4430 sunt
3136 4374 3307 4430 oll‘usa
3341 4377 3577 4430 tenebris
3602 4418 3617 4442 ,
3648 4394 3744 4432 oc-

2150 4470 2441 4523 cultantur.
2472 4469 2560 4522 M.
2593 4467 2816 4534 Propter
2839 4467 2974 4538 quod
2999 4468 3121 4519 dicit
3149 4483 3169 4521 :
3198 4467 3365 4537 Surge
3390 4468 3473 4537 qui
3506 4469 3698 4521 dormis
3726 4511 3740 4532 ,

2150 4575 2196 4617 et
2217 4578 2429 4630 exsurge
2452 4577 2483 4613 a
2512 4559 2727 4613 mortuis
2753 4600 2767 4623 ,
2799 4569 2845 4612 et
2873 4559 3179 4612 illuminabit
3230 4568 3277 4613 te
3326 4558 3577 4613 Christus.
3610 4560 3745 4614 Dur-

2151 4653 2406 4707 mientem
2434 4661 2488 4705 et
2515 4661 2786 4706 mortuum
2809 4651 2939 4705 dicit
2965 4666 3085 4706 eum
3115 4651 3205 4720 qui
3250 4660 3334 4705 est
3377 4652 3429 4704 in
3454 4652 3691 4721 peccatis
3726 4671 3739 4706 :

2154 4755 2345 4800 tetrum
2374 4745 2516 4798 enim
2547 4743 2767 4800 odorem
2791 4745 2959 4814 spirat
2986 4753 3043 4797 ut
3095 4755 3342 4799 mortuus
3362 4785 3378 4810 ,
3430 4761 3528 4800 nec
3566 4756 3743 4816 potest

2150 4837 2363 4908 operari
2392 4847 2450 4890 ut
2473 4838 2560 4906 qui
2592 4836 2809 4900 dormit,
2841 4846 2895 4889 et
2926 4836 3055 4889 nillil
3091 4834 3239 4889 videt
3282 4846 3339 4890 ut
3371 4837 3479 4903 illc,
3508 4837 3600 4891 sed
3644 4852 3737 4892 So-

2152 4929 2322 4984 muiat
2336 4938 2390 4983 et
2407 4928 2714 4998 pbantasias
2729 4926 3105 4997 apprehendit.
3124 4927 3230 4981 Alii
3255 4927 3460 4993 dicunt,
3482 4927 3549 4982 Et
3567 4939 3741 4999 tanges

2154 5023 2452 5088 Christum;
2480 5023 2567 5076 alii
2596 5033 2773 5077 autem
2803 5062 2818 5085 ,
2868 5020 2933 5074 Et
2960 5020 3272 5075 illuminabit
3303 5032 3351 5075 te
3381 5020 3613 5075 Christus
3638 5061 3653 5086 ,
3685 5032 3740 5075 et

2152 5117 2330 5184 potius
2360 5116 2432 5169 ita
2454 5124 2557 5170 est.
2585 5113 2813 5168 Discede
2859 5126 2890 5165 a
2918 5120 3139 5179 peccato
3160 5153 3177 5179 ,
3223 5119 3281 5166 et
3307 5112 3507 5181 poteris
3559 5112 3741 5167 videre

2150 5206 2421 5262 Christum
2452 5224 2468 5261 :
2502 5205 2642 5260 Nunt
2687 5205 2774 5275 qui
2819 5204 2957 5258 mala
2982 5204 3127 5274 agit,
3160 5204 3267 5257 odit
3307 5204 3506 5269 lucem,
3549 5213 3597 5256 et
3627 5220 3731 5257 non

2151 5305 2287 5359 venit
2316 5306 2383 5356 ad
2411 5301 2572 5356 lucem
2594 5300 2786 5372 (Joan.
2811 5300 2867 5353 '5.
2894 5297 3007 5367 20)
3033 5315 3048 5352 :
3079 5298 3170 5368 qui
3197 5308 3375 5353 autem
3422 5314 3530 5352 non
3559 5297 3729 5366 facit,

2152 5399 2318 5454 venit.

2221 5491 2278 5545 '2.
2308 5488 2414 5545 Sed
2444 5489 2544 5543 hoc
2591 5502 2696 5541 non
2744 5486 2921 5541 solum
2961 5483 3095 5539 dicit
3122 5482 3192 5538 de
3246 5482 3537 5537 incredulis
3570 5500 3584 5537 :
3613 5497 3735 5536 nam

2153 5584 2302 5641 multi
2333 5599 2398 5637 ex
2428 5581 2672 5636 fidelibus
2702 5595 2806 5634 non
2837 5580 3013 5633 minus
3040 5586 3314 5632 sectantur
3360 5577 3547 5632 vitium
3580 5591 3737 5646 quam

2156 5677 2438 5739 infideles;
2472 5684 2527 5728 et
2554 5682 2675 5727 sunt
2722 5673 2882 5725 etiam
2928 5670 3020 5740 qui
3069 5668 3241 5723 multo
3286 5668 3477 5738 magis.
3508 5668 3578 5723 Et
3620 5667 3742 5720 ideo

2152 5784 2377 5825 necesse
2402 5775 2487 5822 est
2511 5767 2596 5821 eis
2621 5765 2803 5819 dicere
2836 5779 2849 5815 :
2882 5761 3246 5831 Expergiscae
3284 5762 3370 5828 qui
3414 5761 3604 5814 dormis
3630 5800 3643 5823 ,
3692 5767 3742 5810 et

2158 5878 2370 5932 exsurge
2396 5878 2426 5914 a
2452 5858 2677 5920 mortuis,
2713 5866 2759 5911 et
2784 5854 3091 5910 illuminabit
3111 5863 3154 5907 te
3181 5852 3433 5909 Christus.
3467 5851 3579 5907 Hoc
3608 5866 3745 5921 quo-
