4100 6412
403 390 506 473 iss

402 549 507 597 que
555 527 803 583 convenit
830 526 908 580 eis
937 524 1119 579 dicere
1141 566 1154 587 ,
1186 522 1323 576 Deus
1364 539 1463 575 non
1510 532 1579 573 est
1628 529 1973 581 mortuorum,

402 632 489 676 seu
518 622 743 674 vivorum
769 617 983 689 (Matth.
1010 614 1101 668 22.
1131 616 1244 683 52).
1285 614 1341 669 Si
1391 627 1519 682 ergo
1565 626 1670 664 non
1718 619 1800 663 est
1844 611 1982 662 Deus

407 724 761 776 mortuorum,
796 710 1060 762 vivamus.
1088 706 1314 773 Quidam
1343 715 1519 758 autem
1549 703 1855 757 existimant
1883 701 1985 753 hoc

408 820 529 859 esse
576 802 942 874 hyperbolen,
972 803 1176 853 Avarus
1221 808 1300 851 est
1350 796 1521 852 cultor
1566 795 1849 849 idolorum.
1878 792 1981 847 Sed

409 913 511 951 non
544 904 627 949 est
654 895 757 948 hoc
788 892 1006 947 verbum
1036 890 1383 962 hyperboles,
1417 887 1514 942 sed
1541 888 1804 942 veritatis.
1836 886 1983 952 Quo-

414 986 614 1040 modo?
641 986 687 1040 Δ
714 984 823 1037 Deo
849 982 1069 1037 discedit
1090 994 1300 1042 avarus,
1327 980 1464 1035 sicut
1504 988 1556 1031 et
1588 977 1883 1031 idolotatra.
1918 977 1985 1030 Et

412 1092 480 1129 ne
506 1074 778 1129 existimes
807 1072 1001 1127 frustra
1034 1086 1153 1125 esse
1178 1070 1415 1127 dictum:
1444 1079 1527 1123 est
1545 1067 1742 1124 Christi
1771 1078 1987 1122 senten-

412 1168 482 1221 tia
513 1182 633 1235 quae
656 1166 823 1221 dicit:
878 1163 997 1218 Non
1024 1164 1231 1235 potestis
1268 1161 1374 1216 Deo
1415 1164 1601 1215 servire
1642 1172 1689 1214 et
1737 1177 1988 1215 mammia:

409 1256 571 1323 (Ibid.
602 1257 657 1313 6.
699 1257 816 1327 2i).
846 1257 943 1323 Qui
986 1269 1247 1308 mamoua:
1289 1254 1529 1307 serviunt
1573 1253 1612 1317 ί,
1645 1254 1847 1321 seipsos
1893 1268 1990 1306 ex-

417 1349 663 1416 pulerunt
700 1362 728 1398 a
774 1347 868 1402 Dei
913 1346 1166 1401 servitute
1196 1363 1210 1399 :
1236 1345 1326 1414 qui
1366 1352 1543 1398 autem
1583 1343 1699 1411 ejus
1726 1354 1989 1411 negarunt

408 1440 704 1494 dominium
725 1480 741 1504 ,
768 1446 825 1494 et
872 1453 1005 1492 auro
1031 1438 1082 1492 in
1111 1438 1291 1491 animo
1315 1436 1588 1501 serviunt,
1619 1435 1876 1505 liquidum
1906 1445 1989 1487 est

409 1548 506 1587 eos
534 1547 653 1588 esse
682 1534 920 1588 cultores
947 1531 1235 1586 idolorum.
1260 1531 1330 1584 At
1358 1545 1463 1583 non
1490 1528 1623 1595 feci,
1653 1529 1844 1598 inquit,
1870 1529 1989 1583 ido-

408 1625 542 1690 lum,
565 1639 737 1694 neque
753 1640 898 1680 aram
917 1624 1099 1690 statui,
1134 1638 1305 1695 neque
1329 1637 1458 1677 oves
1476 1621 1793 1688 sacrificavi,
1818 1637 1990 1691 neque

408 1717 594 1770 vinum
618 1716 802 1783 libavi,
830 1716 923 1771 sed
950 1714 1231 1769 ecclesiam
1255 1730 1372 1769 sum
1402 1714 1702 1784 ingressus.
1721 1724 1777 1767 et
1803 1728 1991 1767 manus

410 1809 625 1864 extendi
655 1811 927 1879 unigenito
954 1808 1049 1863 Dei
1073 1808 1234 1875 Filio,
1262 1816 1319 1863 et
1342 1822 1460 1863 sum
1492 1808 1761 1877 particeps
1787 1816 1989 1878 myste-

414 1902 639 1966 riorum,
668 1911 723 1956 et
750 1915 968 1971 precum
998 1900 1170 1953 habeo
1190 1899 1503 1954 societatem
1531 1908 1585 1953 et
1614 1898 1842 1953 aliorum
1871 1913 1991 1951 om-

415 1996 559 2048 nium
609 2010 729 2063 qua:
774 1995 1101 2049 conveniunt
1138 1992 1469 2047 Christiano.
1493 1991 1774 2057 Quomodo
1825 2005 1989 2061 ergo,

414 2087 601 2157 inquit,
632 2086 799 2141 adoro
837 2086 980 2140 idola
1007 2086 1031 2137 ?
1060 2086 1233 2154 Atque
1261 2084 1364 2139 hoc
1389 2084 1604 2153 quidem
1634 2093 1721 2138 est
1758 2092 1813 2139 et
1837 2083 1993 2139 valde

414 2179 735 2245 mirandum,
765 2178 908 2249 quod
934 2195 1056 2233 cum
1085 2189 1336 2248 expertus
1380 2193 1528 2234 esses
1569 2188 1622 2234 et
1651 2178 1741 2233 Dei
1786 2186 1995 2249 gustas-

413 2286 502 2325 ses
531 2270 937 2341 benignitatem,
966 2278 1020 2325 et
1069 2268 1299 2324 vidisses
1327 2270 1614 2339 benignum
1655 2284 1775 2324 esse
1821 2270 1995 2324 Domi-

414 2378 559 2423 num,
594 2362 882 2433 benignum
910 2360 1125 2432 quidem
1172 2360 1466 2425 dimiseris,
1498 2360 1769 2414 crudelem
1813 2372 1993 2414 autem

375 2435 691 2528 'tyrannum
730 2455 1010 2510 admiseris
1059 2470 1121 2507 ac
1151 2454 1456 2523 susceperis
1501 2464 1592 2508 :et
1637 2470 1745 2522 prre
1793 2462 1844 2507 te
1886 2454 1993 2508 fers

410 2548 625 2616 quidem
656 2556 707 2602 te
733 2546 783 2601 ei
811 2561 917 2601 non
945 2546 1168 2608 servire,
1201 2560 1259 2598 re
1282 2560 1404 2597 vera
1432 2554 1607 2597 autem
1640 2553 1691 2597 te
1719 2542 1992 2613 Stthjecisti

414 2641 551 2692 duro
580 2647 631 2692 et
652 2652 845 2706 aspero
867 2639 996 2706 jugo
1042 2637 1242 2689 amoris
1282 2636 1543 2703 pecuniae.
1584 2634 1830 2687 Nondum
1862 2634 1992 2687 mibi

412 2732 594 2786 dixisti
625 2729 769 2800 quod
797 2744 825 2781 a
857 2739 909 2784 te
933 2738 1080 2783 recte
1108 2729 1174 2782 sit
1203 2727 1422 2791 factum,
1453 2726 1546 2779 sed
1580 2725 1718 2779 dona
1760 2726 1990 2780 Domini.

415 2824 509 2877 Dic
539 2821 667 2875 mihi
688 2863 703 2887 ,
734 2834 918 2890 quaeso
938 2862 954 2886 ,
984 2819 1249 2874 undenam
1291 2818 1591 2887 judicamus
1633 2817 1896 2870 militem?
1925 2832 1992 2870 an

413 2932 480 2970 ex
507 2930 571 2968 eo
590 2956 605 2980 ,
634 2913 777 2982 quod
804 2921 862 2965 ut
890 2911 1107 2966 satelles
1134 2912 1293 2980 stipet
1320 2926 1534 2979 regem,
1563 2920 1617 2964 et
1643 2910 1709 2964 ab
1730 2925 1795 2965 eo
1821 2910 1995 2964 alatur

414 3019 469 3061 ιιι
494 3009 613 3074 ejus
640 3021 760 3060 esse
786 3004 995 3059 dicatur
1023 3021 1038 3069 ;
1069 3020 1135 3057 an
1167 3019 1232 3058 ex
1259 3018 1346 3067 eo,
1390 3004 1531 3073 quod
1563 3018 1667 3057 nou
1699 3004 1750 3057 in
1778 3019 1897 3057 eum
1925 3004 1997 3057 sit

415 3100 551 3153 bene
593 3097 849 3162 adeetus,
877 3095 972 3150 sed
1000 3110 1109 3165 pne
1136 3110 1195 3150 se
1222 3093 1359 3149 ferat
1384 3111 1443 3148 se
1474 3095 1523 3147 in
1553 3094 1695 3149 illius
1724 3110 1845 3149 esse
1876 3110 1996 3163 par-

418 3191 561 3243 tibus
584 3196 639 3242 et
665 3188 826 3243 rebus
852 3186 968 3257 ejus
990 3186 1193 3253 favere,
1221 3186 1560 3240 inimicorum
1582 3194 1761 3240 autem
1794 3201 1880 3240 res
1900 3202 1994 3253 ge-

416 3284 536 3337 rat?
563 3283 736 3346 Patet,
770 3296 835 3336 eo
876 3279 1017 3349 quod
1052 3280 1194 3350 regis
1224 3279 1438 3333 satelles
1467 3288 1569 3333 est.
1600 3279 1724 3333 Ideo
1764 3280 1994 3349 graviori

415 3373 678 3443 supplicio
705 3373 896 3442 dignus
916 3380 1019 3437 est,
1049 3386 1206 3440 quam
1233 3370 1280 3425 si
1306 3371 1532 3437 abrupto
1554 3371 1682 3440 jugo
1705 3368 1862 3440 regite
1884 3385 1997 3424 ser-

415 3466 599 3519 vitutis
625 3481 685 3520 se
711 3465 939 3519 inimicis
965 3463 1275 3518 dedidisset.
1300 3463 1367 3516 Et
1396 3472 1448 3517 tu
1474 3463 1640 3516 Deum
1672 3464 1993 3517 contumelia

414 3557 580 3610 afticis
604 3565 874 3624 tamquam
906 3555 1218 3620 idololatra,
1241 3570 1345 3609 non
1375 3570 1482 3608 uno
1527 3571 1621 3609 ore
1655 3564 1766 3618 tuo,
1792 3555 1885 3609 sed
1916 3557 1995 3608 in-

417 3648 825 3703 numerabilium
847 3688 863 3713 ,
895 3649 1087 3717 quibus
1117 3647 1251 3701 facta
1280 3656 1367 3702 est
1394 3648 1608 3717 injuria.
1641 3649 1706 3701 At
1744 3663 1848 3701 non
1877 3657 1992 3710 est,

418 3742 604 3809 inquit,
632 3741 930 3794 idnlolatra.
955 3739 1177 3807 Quando
1205 3739 1363 3809 igitur
1390 3739 1569 3793 dicunt
1595 3738 1765 3793 Graeci
1794 3778 1811 3804 ,
1841 3738 1997 3793 Chri-

417 3834 621 3886 stianus
668 3832 765 3886 iste
791 3847 1019 3897 avarus,
1055 3841 1179 3886 tunc
1224 3846 1329 3884 non
1369 3831 1482 3899 ipse
1528 3832 1675 3885 solus
1706 3832 1902 3900 probro
1944 3842 1999 3885 et

419 3923 740 3977 contumelia
768 3922 931 3976 afﬁcit
958 3939 1049 3989 per
1070 3939 1132 3976 ea
1162 3939 1283 3991 qua:
1312 3921 1454 3982 facit.
1485 3924 1577 3975 sed
1608 3932 1661 3977 et
1687 3938 1781 3977 eos
1809 3923 1997 3991 quibus

421 4017 558 4070 facta
590 4026 671 4070 est
696 4016 884 4084 injuria
917 4030 1064 4084 saepe
1091 4016 1234 4083 cogit
1264 4016 1365 4069 hoc
1398 4015 1614 4070 dicere:
1649 4016 1789 4084 quod
1820 4018 1862 4069 si
1896 4016 1999 4070 hoc

422 4124 528 4162 non
555 4108 760 4173 dicunt,
786 4108 997 4161 illorum
1029 4106 1206 4176 pietati
1244 4107 1343 4161 hoc
1371 4115 1453 4160 est
1483 4107 1868 4174 imputandum.
1892 4110 1999 4160 Au-

423 4216 527 4254 non
560 4200 803 4253 videmus
829 4214 916 4253 res
942 4198 1019 4253 sic
1050 4198 1203 4253 fieri?
1231 4197 1368 4265 Quid
1410 4209 1489 4251 εει
1516 4198 1658 4251 aliud
1687 4198 2000 4253 idololatra?

422 4307 601 4345 annon
642 4292 754 4359 ipse
779 4305 991 4360 quoque
1016 4304 1158 4359 saepe
1182 4289 1371 4343 adorat
1397 4290 1523 4342 vitia
1551 4298 1607 4342 ut
1632 4290 1720 4359 qui
1762 4291 1867 4344 illis
1895 4306 2001 4345 non

424 4382 691 4450 imperet?
729 4380 797 4435 Ut
840 4380 1073 4449 exempli
1117 4395 1275 4432 causa
1301 4420 1315 4443 ,
1362 4379 1575 4447 quando
1607 4380 1832 4433 dicimus
1880 4397 2001 4434 eum

422 4472 646 4525 adorare
665 4471 823 4537 idola,
847 4470 986 4535 Non,
1017 4472 1203 4539 inquit,
1224 4470 1315 4524 sed
1338 4470 1617 4531 Venerem,
1643 4470 1734 4526 sed
1761 4472 1999 4525 Martem.

422 4564 489 4617 Et
515 4564 558 4616 si
583 4562 910 4627 dixerimus,
941 4564 1198 4627 Quaenam
1243 4570 1323 4615 cst
1369 4560 1483 4614 hmc
1514 4560 1734 4615 Venus?
1761 4563 1848 4631 qui
1880 4572 2007 4617 sunt

423 4670 493 4708 ex
519 4653 596 4707 eis
623 4654 896 4722 graviores
921 4653 1128 4717 dicunt,
1152 4652 1406 4720 Voluptas
1438 4669 1451 4702 :
1487 4653 1553 4706 Et
1577 4654 1696 4721 quis
1724 4653 1895 4707 Mars?
1924 4654 2004 4708 lra

426 4754 483 4798 et
524 4745 755 4798 animus.
798 4744 873 4798 ita
917 4746 1075 4797 etiam
1128 4755 1183 4798 tu
1228 4760 1550 4799 mamouam.
1580 4748 1635 4801 Si
1684 4748 2005 4812 dixerimus,

429 4836 656 4903 Quinam
705 4845 786 4888 est
832 4836 1115 4889 mamona?
1142 4836 1377 4890 Avaritia
1411 4855 1425 4891 :
1455 4846 1509 4890 ct
1532 4847 1584 4890 tu
1612 4854 1730 4892 eam
1779 4839 2008 4893 adoras?

430 4926 548 4981 Non
574 4926 770 4990 adoro,
820 4927 1010 4995 inquit.
1042 4926 1259 4993 Quare?
1288 4927 1541 4992 quoniam
1588 4944 1691 4980 non
1741 4930 2009 4998 te.ipsum

430 5018 657 5070 inﬂectis
681 5026 736 5071 et
764 5018 1059 5072 incurvus?
1085 5018 1253 5072 Multo
1279 5020 1447 5088 magis
1467 5019 1661 5073 adoras
1691 5036 1782 5087 per
1800 5020 1931 5074 facta
1957 5031 2011 5075 et

432 5123 519 5162 res
548 5108 691 5176 ipsas
718 5124 730 5169 ;
766 5107 879 5162 lucc
905 5108 1047 5162 enim
1070 5118 1154 5163 est
1171 5113 1341 5179 major
1359 5109 1618 5164 adoratio.
1640 5110 1706 5164 Et
1731 5120 1788 5164 ut
1812 5111 2009 5174 discas,

432 5199 551 5253 vide
582 5200 632 5252 iu
664 5200 797 5253 Deo.
822 5199 1049 5267 Quinam
1096 5217 1215 5255 eum
1268 5201 1437 5272 magis
1481 5203 1736 5267 adorant,
1768 5203 1874 5258 iine
1921 5205 2010 5271 qui

429 5292 599 5343 solum
630 5301 774 5343 stant
802 5293 852 5344 in
882 5293 1154 5360 precibus,
1178 5308 1245 5345 an
1268 5294 1357 5362 qui
1385 5293 1589 5347 faciunt
1613 5293 1729 5362 ejus
1759 5295 2011 5348 volunta-

432 5381 585 5433 ιμιηῖ
616 5381 796 5436 Palam
851 5393 954 5447 est,
984 5383 1126 5452 quod
1174 5384 1280 5436 isti.
1316 5383 1389 5436 lta
1421 5383 1582 5437 etiam
1631 5386 1680 5436 in
1729 5401 1974 5439 mamona
1995 5428 2010 5450 ,

433 5472 523 5539 qui
569 5472 771 5527 faciunt
801 5475 916 5543 ejus
973 5477 1338 5543 voluntatem,
1381 5478 1549 5546 magis
1599 5494 1720 5531 eum
1767 5478 2012 5533 adorant.

436 5566 595 5633 Atqui
644 5566 719 5619 illi
750 5569 839 5636 qui
867 5567 1093 5621 adorant
1133 5568 1447 5623 all'ectioncs
1474 5580 1528 5622 et
1567 5569 1728 5633 vitia,
1764 5584 1910 5637 szepc
1950 5571 2019 5624 ab

436 5657 545 5710 illis
590 5669 715 5712 sunt
773 5661 964 5715 remoti
1011 5680 1022 5714 :
1069 5660 1270 5716 videris
1313 5662 1455 5715 cnim
1490 5663 1751 5716 cultorem
1801 5662 2018 5729 Martis,

501 5790 516 5819 ί
557 5791 608 5838 lu
643 5806 737 5857 uno
758 5792 933 5857 Codice
964 5791 1223 5857 legitur....
1259 5812 1281 5840 et
1304 5803 1349 5844 et
1367 5808 1617 5844 mamonaz.
1642 5812 1665 5839 ι)
1696 5795 1828 5854 Quod
1852 5795 1893 5844 si
1927 5809 2021 5847 non

435 5858 496 5908 sit
526 5854 744 5913 possibile
767 5854 942 5905 servire
972 5854 1065 5906 Deo
1088 5862 1131 5906 et
1165 5869 1414 5916 mamomtr,
1440 5857 1521 5919 qui
1545 5869 1797 5916 mamoua’,
1825 5868 1923 5907 etc.

1101 409 1155 467 S.
1196 408 1467 467 .IOANNIS
1503 404 1975 463 CHRYSOSTOMI
2011 404 2323 468 ABClllEP.
2363 407 2885 467 CONSIANTINOP.

3572 408 3669 463 l2.

2091 517 2223 572 iram
2272 535 2414 589 saepe
2465 521 2680 578 vincere
2699 538 2761 577 ac
2805 524 3098 593 reprimere
3132 542 3143 575 :
3181 541 3231 577 Ill
3264 535 3313 579 te
3358 534 3533 577 autem
3581 543 3667 578 res

2090 624 2193 664 non
2222 611 2290 665 ita
2313 627 2373 667 se
2400 615 2583 679 habet,
2614 610 2707 669 sed
2741 627 2791 670 te
2810 617 2861 669 in
2881 618 3189 671 servitutem
3222 618 3331 671 vitii
3353 619 3426 671 tui
3446 618 3666 687 redigis.

2089 701 2159 754 At
2187 717 2316 757 oves
2340 718 2445 757 non
2468 704 2717 774 jugulas?
2743 706 2849 761 Sed
2874 707 3083 777 jugulas
3116 709 3361 763 homines
3380 721 3434 763 et
3461 711 3667 765 animas

2089 792 2293 847 ratione
2308 795 2676 862 prmditas,has
2688 798 2901 864 quidem
2918 798 3197 865 fame,illas
3209 815 3336 855 vero
3349 800 3643 855 maledictis

2091 884 2205 940 Hoc
2220 888 2482 942 sacriﬁcio
2517 889 2648 944 nihil
2674 900 2757 945 est
2782 892 2953 961 magis
2980 892 3317 959 baccbicum,
3341 894 3471 948 nihil
3499 897 3668 963 magis

2092 976 2357 1029 insanum.
2389 978 2518 1043 Quis
2548 995 2797 1049 umquam
2831 981 2963 1036 vidit
3005 982 3254 1052 jugulare
3283 984 3532 1037 animas?
3558 986 3668 1039 Ex-

2092 1068 2348 1123 secranda
2374 1079 2457 1124 est
2484 1086 2574 1126 ara
2600 1073 2860 1127 avaritiae.
2887 1073 3019 1128 Nam
3043 1074 3112 1129 ad
3144 1075 3281 1130 hanc
3318 1092 3464 1130 aram
3496 1077 3664 1131 idolo-

2093 1175 2211 1213 rum
2239 1162 2285 1215 si
2316 1164 2553 1229 veneris,
2582 1163 2782 1219 videris
2811 1181 2929 1220 eam
2957 1166 3108 1227 olere
3136 1169 3449 1237 Sanguinem
3478 1185 3666 1238 capra-

2094 1267 2209 1306 rum
2232 1263 2285 1307 et
2313 1254 2504 1319 boum;
2538 1257 2605 1310 ad
2642 1259 2881 1312 avaritite
2923 1269 3099 1313 autem
3128 1274 3275 1314 aram
3327 1262 3372 1315 si
3417 1265 3665 1328 veneris,

2095 1344 2426 1400 videbiseam
2445 1349 2679 1416 graviter
2702 1350 2992 1418 spirantem
3012 1350 3301 1405 humanum
3321 1353 3664 1422 sanguinem:

2095 1433 2139 1486 si
2174 1434 2259 1486 hic
2307 1436 2521 1489 steteris
2541 1477 2556 1501 ,
2591 1453 2695 1491 non
2738 1438 2942 1493 videbis
2969 1439 3158 1494 ardere
3185 1442 3299 1494 alas
3327 1444 3503 1495 avium
3524 1484 3537 1505 ,
3568 1459 3668 1497 nec

2094 1528 2262 1581 emitti
2292 1544 2544 1597 vaporem
2591 1539 2645 1584 et
2686 1531 2890 1585 fumum
2917 1572 2932 1595 ,
2964 1531 3059 1586 sed
3098 1533 3275 1602 perire
3312 1548 3541 1603 corpora
3570 1535 3669 1589 bu-

2098 1635 2276 1673 mana.
2305 1620 2435 1674 Nam
2466 1623 2554 1676 alii
2584 1624 2799 1693 quidem
2831 1640 2890 1679 se
2938 1624 3236 1694 praecipites
3262 1626 3552 1696 dejiciunt,
3579 1629 3669 1683 alii

2096 1719 2279 1778 aptant
2304 1711 2574 1782 laqueum,
2604 1714 2694 1767 alii
2722 1730 2818 1784 per
2847 1725 3028 1784 guttur
3065 1731 3249 1771 ensem
3282 1718 3667 1789 transadiguut.

2101 1802 2287 1858 Vidisti
2313 1805 2551 1860 crudelia
2578 1816 2631 1861 et
2684 1807 2971 1860 inhumana
3018 1808 3318 1863 sacriﬁcia“!
3351 1810 3443 1864 Vis
3475 1811 3558 1865 bis
3587 1813 3669 1863 vi.

2096 1893 2224 1949 dere
2252 1897 2539 1965 graviora?
2578 1896 2691 1966 Ego
2733 1898 2825 1951 tibi
2880 1899 3156 1953 ostendam
3181 1941 3195 1965 ,
3226 1915 3329 1954 non
3356 1900 3464 1969 jam
3498 1902 3669 1954 bomi-

2097 2002 2222 2040 num
2251 2001 2497 2057 corpora,
2527 1987 2621 2042 sed
2638 1990 2843 2042 animas
2875 1989 2985 2043 illic
3030 1992 3272 2044 mactari.
3311 1991 3486 2045 Potest
3527 1993 3669 2045 enim

2098 2078 2317 2132 mactari
2343 2079 2519 2132 anima
2549 2094 2611 2133 ea
2632 2078 2781 2133 caede
2809 2096 2929 2147 qua:
2960 2080 3034 2134 illi
3060 2082 3307 2136 convenit
3332 2100 3345 2136 :
3372 2082 3510 2137 sicut
3528 2084 3669 2137 enim

2098 2181 2180 2225 est
2210 2186 2354 2225 mors
2380 2173 2644 2240 corporis,
2675 2172 2744 2225 ita
2771 2182 2857 2227 est
2878 2188 3022 2227 mors
3047 2175 3240 2228 animus
3273 2193 3286 2229 :
3314 2175 3497 2228 Anima
3540 2176 3672 2228 enim

2097 2279 2210 2331 qua?
2235 2272 2439 2333 peccat,
2468 2264 2638 2334 inquit
2660 2305 2676 2330 ,
2703 2264 2819 2333 ipsa
2836 2266 3078 2320 morietur
3100 2265 3314 2336 (Ezech.
3338 2267 3424 2321 18.
3452 2267 3530 2337 4).
3554 2267 3670 2321 Non

2096 2362 2178 2409 est
2203 2355 2372 2424 qualis
2398 2370 2545 2410 mors
2571 2356 2834 2425 corporis,
2866 2357 2958 2411 sed
2985 2366 3068 2411 est
3095 2357 3254 2427 longe
3280 2359 3495 2427 gravior
3520 2376 3666 2412 mors

2097 2450 2307 2503 animae.
2332 2448 2461 2503 Nam
2488 2450 2576 2503 illa
2606 2450 2823 2519 quidem
2850 2465 2995 2505 mors
3011 2454 3273 2522 corporis,
3295 2468 3414 2508 cum
3442 2455 3670 2506 animam

2096 2550 2152 2593 et
2180 2556 2375 2609 corpus
2414 2542 2641 2595 alterum
2683 2542 2749 2596 ab
2778 2542 2949 2596 altero
2972 2543 3321 2608 dissolverit,
3355 2544 3433 2598 illi
3459 2545 3670 2614 quidem

2097 2633 2251 2687 affert
2278 2634 2514 2703 requiem
2533 2648 2562 2687 a
2592 2635 2773 2689 multis
2802 2636 2947 2689 curis
2975 2645 3029 2690 et
3052 2637 3322 2691 laboribus
3345 2656 3359 2701 ;
3390 2637 3527 2692 hanc
3548 2654 3674 2692 vero

2098 2724 2162 2777 ad
2196 2725 2365 2777 locum
2397 2725 2736 2779 manifestum
2781 2728 3094 2781 transmittit
3121 2744 3136 2781 :
3159 2727 3355 2783 deinde
3388 2744 3507 2782 cum
3536 2739 3671 2782 tem—

2099 2831 2228 2884 pore
2262 2818 2420 2870 fuerit
2466 2817 2783 2871 dissolutum
2816 2828 2871 2872 et
2918 2819 3109 2888 Spiritu
3145 2820 3439 2889 privatum,
3488 2836 3675 2874 rursus

2098 2919 2447 2979 congregatur
2492 2926 2613 2964 cum
2679 2910 3127 2980 incorruptiooe,
3175 2923 3230 2967 et
3280 2928 3431 2967 suam
3486 2914 3674 2981 recipit

2098 2997 2351 3055 animam.

2169 3094 2223 3147 5.
2260 3099 2431 3164 Atque
2456 3094 2576 3148 talis
2600 3094 2815 3164 quidem
2842 3103 2924 3150 est
2947 3110 3089 3149 mors
3115 3095 3376 3165 corporis.
3402 3095 3542 3151 Mors
3573 3111 3670 3148 au-

2100 3196 2206 3241 tem
2237 3189 2428 3242 anima:
2456 3197 2539 3243 est
2586 3189 2850 3243 horrenda
2882 3198 2937 3242 et
2984 3188 3259 3242 terribilis.
3312 3188 3427 3242 Non
3456 3189 3594 3242 enim
3627 3189 3673 3240 si

2100 3278 2258 3333 fuerit
2298 3278 2557 3334 dissoluta
2582 3320 2597 3343 ,
2625 3295 2744 3333 eam
2777 3279 3092 3333 transmittit
3138 3279 3275 3333 sicut
3319 3294 3512 3348 corpus
3535 3319 3550 3341 ,
3579 3278 3671 3332 sed

2097 3388 2214 3427 eam
2243 3387 2427 3425 rursus
2448 3372 2716 3441 alligatam
2740 3372 2973 3441 corpori,
2999 3371 3051 3424 in
3074 3371 3212 3439 quod
3236 3372 3389 3426 cadet
3406 3370 3670 3432 interitus,

2098 3478 2214 3516 eam
2258 3462 2492 3517 immittit
2544 3463 2597 3516 in
2642 3463 2836 3531 ignem,
2884 3463 2975 3531 qui
3024 3478 3131 3517 non
3180 3474 3353 3531 potest
3389 3464 3670 3532 exstingui.

2103 3558 2225 3611 llaec
2277 3564 2361 3611 est
2417 3571 2544 3625 ergo
2597 3570 2743 3610 mors
2800 3556 3013 3609 animm.
3061 3554 3210 3610 Sicut
3255 3570 3382 3625 ergo
3403 3563 3485 3608 est
3533 3569 3676 3607 mors

2099 3649 2323 3713 animae,
2355 3649 2422 3700 ita
2455 3659 2535 3700 est
2570 3650 2726 3700 etiam
2756 3648 2933 3701 cmdes
2960 3646 3172 3700 animat.
3194 3646 3330 3712 Quid
3371 3656 3453 3700 est
3502 3645 3676 3699 caedes

2099 3744 2377 3814 corporis?
2429 3742 2597 3797 Morte
2648 3757 2768 3796 esse
2817 3741 3103 3806 affectum,
3143 3749 3197 3794 et
3235 3740 3516 3808 abruptum
3556 3754 3677 3793 esse

2100 3836 2410 3906 operatione
2474 3850 2593 3904 qua:
2662 3844 2745 3888 est
2805 3849 2872 3887 ex
2920 3834 3115 3887 anima.
3187 3832 3323 3899 Quid
3375 3841 3459 3886 est
3501 3833 3677 3886 caedes

2101 3926 2335 3982 animm?
2379 3926 2494 3995 Ipsa
2539 3941 2752 3995 quoque
2780 3935 2863 3978 est
2896 3924 3233 3978 mortiﬁcatio
3256 3924 3279 3976 ?
3307 3923 3443 3990 Quid
3471 3932 3553 3977 est
3579 3938 3675 3976 au-

2105 4031 2210 4075 tem
2237 4018 2576 4075 mortiﬁcatio
2624 4019 2852 4072 animm?
2899 4018 3047 4072 Sicut
3090 4033 3284 4086 corpus
3339 4027 3464 4072 tunc
3510 4031 3680 4072 morte

2103 4113 2356 4177 afficitur,
2381 4112 2595 4183 quando
2632 4114 2808 4166 anima
2852 4111 2905 4165 id
2934 4111 3206 4181 reliquerit
3229 4112 3497 4166 desertum
3528 4128 3559 4166 a
3586 4127 3680 4166 sua

2104 4207 2417 4275 operatione
2446 4223 2459 4258 :
2486 4206 2555 4260 ita
2595 4206 2758 4261 etiam
2799 4214 2926 4259 tunc
2970 4214 3145 4260 morte
3193 4202 3423 4259 afﬁcitur
3469 4205 3678 4265 anima,

2105 4299 2319 4368 quando
2359 4314 2475 4353 eam
2522 4314 2551 4352 a
2597 4314 2691 4352 sua
2740 4299 3050 4367 Operatione
3093 4299 3360 4352 desertam
3409 4300 3684 4367 reliquerit

2108 4388 2342 4458 Spiritus
2373 4399 2608 4443 sanctus.
2637 4389 2732 4443 lite
2757 4388 2931 4443 caades
2959 4398 3014 4442 et
3042 4392 3393 4444 mactationes
3418 4401 3543 4444 sunt
3573 4406 3685 4444 ma-

2110 4482 2250 4535 xime
2268 4480 2335 4534 ad
2356 4495 2502 4533 aram
2524 4480 2758 4534 avaritize
2780 4500 2793 4535 :
2812 4494 2917 4533 non
2940 4480 3199 4533 satiantur
3220 4495 3392 4549 neque
3412 4496 3471 4534 se
3492 4482 3686 4535 sistunt

2112 4589 2280 4642 usque
2306 4572 2373 4626 ad
2404 4573 2715 4638 sanguinem
2747 4571 3044 4635 hominum,
3077 4571 3170 4624 sed
3201 4570 3303 4624 nisi
3329 4571 3487 4625 etiam
3518 4572 3684 4640 ipsam

2112 4662 2497 4719 sacriﬁcaveris
2538 4664 2802 4729 animam,
2852 4677 2958 4715 non
3009 4662 3261 4730 impletur
3288 4677 3379 4715 ara
3409 4663 3645 4715 avaritiae
3668 4704 3684 4727 ,

2114 4756 2215 4811 nisi
2244 4755 2519 4823 utriusque
2549 4754 2820 4824 acceperit
2839 4755 3045 4807 animas
3068 4795 3082 4815 ,
3114 4770 3306 4823 nempe
3336 4756 3450 4823 ejus
3482 4755 3570 4823 qui
3598 4771 3688 4809 sa-

2113 4847 2318 4901 criﬁcat
2344 4856 2396 4900 et
2417 4846 2534 4915 ejus
2559 4847 2647 4914 qui
2675 4846 3028 4900 sacrificatur.
3061 4845 3195 4899 Eum
3221 4846 3365 4900 enim
3396 4846 3488 4914 qui
3518 4848 3689 4899 sacri-

2116 4939 2239 4991 ficat
2277 4946 2492 5007 oportet
2535 4937 2762 5005 primum
2793 4950 2912 4991 esse
2955 4935 3345 5001 sacrificatum;
3389 4946 3444 4992 ct
3485 4938 3555 4991 ita
3604 4938 3693 4991 ille

2115 5029 2382 5083 sacrificat
2406 5069 2421 5093 ,
2456 5038 2509 5083 et
2540 5039 2783 5083 mortuus
2811 5028 3077 5082 sacrificat
3102 5045 3225 5083 eum
3265 5030 3356 5098 qui
3386 5038 3512 5083 tunc
3541 5030 3692 5083 vivit.

2116 5120 2339 5187 Quando
2360 5120 2500 5175 enim
2526 5121 2821 5175 maledictis
2849 5120 3385 5187 insectatur,quando
3406 5123 3617 5192 probris
3638 5134 3695 5178 et

2118 5210 2373 5265 conviciis
2419 5210 2660 5279 appetit,
2690 5211 2902 5280 quando
2951 5222 3229 5267 succenset
3272 5223 3327 5267 et
3354 5213 3694 5283 indignatur,

2120 5318 2297 5358 annon
2330 5302 2413 5357 hat
2440 5304 2606 5372 plaga:
2636 5303 2830 5357 animae
2851 5313 2973 5359 sunt
3003 5304 3325 5360 incumbiles
3349 5305 3371 5358 ἲ
3400 5305 3562 5360 Vides
3591 5322 3694 5359 non

2120 5411 2239 5452 esse
2269 5396 2469 5450 dictum
2502 5395 2956 5466 hyperbolicum?

2194 5487 2472 5541 Avaritiam
2519 5503 2629 5540 esse
2673 5486 3016 5541 idololatriam
3045 5487 3304 5554 probatur.
3329 5517 3398 5527 —-
3421 5487 3511 5541 Vis
3539 5487 3697 5542 etiam

2123 5577 2264 5630 aliud
2293 5575 2498 5639 audire,
2530 5586 2583 5630 et
2611 5576 2820 5631 discere
2845 5576 3111 5645 quomodo
3134 5577 3354 5631 avaritia
3379 5578 3448 5630 sit
3480 5577 3699 5631 idolola-

2127 5668 2224 5721 tria
2240 5677 2295 5722 et
2314 5667 2461 5721 cultu
2479 5667 2743 5722 idolorum
2760 5669 3010 5738 gravior?
3031 5667 3331 5725 Idololatra:
3357 5669 3583 5723 adorant
3613 5669 3701 5722 Dei
3762 5674 3776 5713 ἰ

2127 5769 2400 5814 creaturas
2426 5777 2437 5811 :
2466 5757 2530 5811 Et
2559 5761 2819 5814 coluerunt
2843 5804 2856 5825 ,
2892 5761 3060 5831 inquit
3082 5804 3097 5825 ,
3124 5772 3169 5815 et
3197 5763 3473 5815 servierunt
3499 5774 3702 5816 creatu-

2132 5867 2202 5905 ra:
2224 5852 2380 5920 magis
2402 5868 2551 5918 quant
2573 5852 2796 5905 Creatori
2826 5851 3000 5919 (liam.
3032 5854 3078 5907 ί.
3108 5853 3203 5923 ‘25)
3232 5872 3243 5905 :
3278 5864 3328 5907 tu
3357 5866 3534 5907 autem
3563 5864 3701 5906 tuam
