4100 6412
366 417 471 474 123

365 540 422 594 δὲ
448 538 751 609 ὑπερϐολὴν
783 536 920 590 εἷναί
955 554 1087 607 φασι
1117 539 1196 601 τὸ,
1250 540 1308 592 Ὁ
1340 541 1669 611 πλεονέκτης
1715 541 1935 593 εἰδωλο-

366 628 570 698 λάτρης
620 628 786 679 ἐστίν.
833 626 970 680 Ἀλλ’
996 626 1095 679 οὐκ
1146 626 1292 681 ἔστιν
1333 628 1639 698 ὑπερϐολῆς
1672 627 1733 679 τὸ
1762 629 1932 697 ῥῆμα,

368 715 503 769 ἀλλὰ
530 715 805 785 ἀληθείας.
830 715 953 778 Πῶς
985 715 1079 768 καὶ
1107 715 1212 767 τίνι
1239 715 1427 785 τρόπῳ
1455 732 1468 779 ;
1500 713 1624 769 Ὀτι
1647 715 1937 783 ἀφίσταται

369 802 580 856 ἀπὸτοῦ
611 801 747 854 Θεοῦ
773 804 801 854 6
828 801 1179 871 πλεονέκτης,
1203 802 1456 873 καθάπερ
1473 803 1501 854 6
1522 803 1936 874 εἰδωλολάτρης.

370 890 479 943 Καὶ
513 891 598 942 ἵνα
633 890 706 959 μὴ
736 889 965 960 νομίσῃς
993 889 1181 951 ἁπλῶς
1213 890 1486 959 εἰρῆσθαι,
1523 889 1800 959 ἀπόφασίς
1820 893 1938 943 ἐστι

369 976 462 1030 τοῦ
496 975 732 1046 Χριστοῦ
762 977 996 1043 λέγουσα
1018 993 1031 1006 ·
1059 978 1141 1029 Οὐ
1170 976 1436 1031 δύνασθε
1458 977 1579 1042 Θεῷ
1600 977 1936 1042 δουλεύειν,

370 1065 470 1118 καὶ
503 1064 821 1134 μαμμωνᾷ.
858 1065 923 1117 Οἱ
974 1066 1256 1135 μαμμωνᾷ
1288 1074 1308 1095 ³
1344 1065 1709 1132 δουλεύοντες,
1748 1066 1939 1130 ἐξέόα-

370 1152 463 1205 λον
511 1153 735 1215 ἑαυτοὺς
775 1151 877 1220 τῆς
919 1153 1012 1205 τοῦ
1038 1152 1172 1205 Θεοῦ
1209 1152 1453 1214 δουλείας
1481 1168 1494 1182 ·
1529 1154 1579 1205 οἱ
1610 1152 1665 1204 δὲ
1698 1153 1940 1224 ἀρνησά-

378 1258 529 1311 μενοι
561 1239 726 1294 αὐτοῦ
759 1241 857 1312 τὴν
881 1242 1219 1305 δεσποτείαν,
1253 1244 1345 1295 καὶ
1378 1243 1564 1313 χρυσῷ
1594 1242 1942 1306 δουλεύοντες

373 1327 586 1397 ἀψύχῳ,
640 1327 859 1398 εὔδηλον
907 1328 989 1381 ὅτι
1050 1328 1432 1400 εἰδωλολάτραι
1482 1328 1638 1383 εἰσίν.
1681 1330 1819 1382 Ἀλλ’
1843 1330 1943 1383 οὐκ

374 1417 607 1484 ἐποίησα
637 1456 653 1480 ,
704 1418 902 1487 φησὶν,
949 1416 1203 1481 εἴδωλον,
1254 1418 1375 1470 οὐδὲ
1437 1417 1643 1486 ἐστησα
1712 1416 1895 1488 βωμὸν
1925 1458 1939 1481 ,

375 1506 496 1560 οὐδέ
527 1505 801 1559 κατέθυσα
830 1506 1078 1575 πρόϐατα
1099 1546 1115 1569 ,
1154 1506 1275 1559 ούδέ
1298 1501 1441 1559 οἶνον
1463 1507 1791 1568 ἐπέσπεισα,
1823 1506 1938 1558 ἀλλ’

376 1598 456 1658 εἰς
490 1596 785 1664 ἐκκλησίαν
820 1595 1085 1665 εἰσῆλθον,
1111 1598 1206 1649 καὶ
1233 1598 1423 1666 χεῖρας
1443 1595 1694 1648 άνέτεινα
1721 1593 1797 1664 τῷ
1830 1611 1933 1663 μο-

377 1684 590 1749 νογενεῖ
616 1682 709 1735 τοῦ
743 1682 878 1735 Θεοῦ
910 1683 1091 1747 Παιδὶ,
1115 1682 1209 1734 καὶ
1241 1682 1555 1753 μυστηρίων
1591 1682 1824 1751 μετέχω,
1847 1681 1944 1733 κα)⁸

379 1770 548 1840 εὑχῆς
580 1770 843 1831 κοινωνῶ,
884 1773 978 1823 καὶ
1009 1771 1116 1822 τῶν
1157 1770 1331 1823 ἄλλων
1374 1771 1648 1831 ἁπάντων,
1679 1764 1753 1822 ὧν
1783 1786 1945 1839 προσ·

379 1864 479 1930 ῆκε
517 1858 608 1910 τὸν
643 1859 987 1926 Χριστιανὸν.
1021 1857 1144 1920 Πῶς
1180 1853 1292 1922 οὖν,
1328 1858 1512 1927 φησὶν,
1548 1857 1739 1910 εἴδωλα
1773 1874 1944 1925 προσ-

379 1953 569 2017 κυνῶ;
609 1948 780 2002 Τοῦτο
835 1947 931 2015 μὲν
960 1943 1053 1999 οῦν
1100 1946 1229 1998 αὐτὸ
1268 1947 1362 1999 καὶ¹
1409 1945 1470 1998 τὸ
1500 1944 1945 2015 θαυμαστότατόν

387 2042 556 2101 ἐστιν,
584 2039 666 2090 ὅτι
696 2038 891 2105 πεῖραν
916 2032 1097 2087 λαϐὼν
1132 2034 1225 2085 καὶ
1261 2033 1599 2103 γευσάμενος
1628 2032 1728 2098 τῆς
1753 2033 1945 2099 φιλαν-

380 2126 625 2201 θρωπίας
666 2124 759 2177 τοῦ
799 2122 935 2175 Θεοῦ
959 2164 972 2185 ,
1009 2122 1103 2175 καὶ
1149 2121 1270 2174 ίδὼν
1298 2122 1379 2174 ὄτι
1409 2121 1642 2191 χρηστὸς
1664 2120 1693 2171 6
1722 2118 1944 2190 Κύριος,

376 2217 469 2270 τὸν
495 2216 592 2285 μὲν
622 2212 852 2281 χρηστὸν
885 2209 1093 2273 εἴασας,
1123 2208 1214 2262 τὸν
1244 2209 1301 2262 δὲ
1352 2208 1501 2278 ὠμὸν
1528 2209 1791 2277 τύραννον
1820 2224 1948 2262 κατ-

379 2303 544 2368 εδέξω
571 2342 585 2365 ,
632 2297 781 2371 [129]
806 2299 899 2350 καὶ
937 2299 1205 2367 προσποιῇ
1242 2296 1336 2366 μὲν
1360 2295 1532 2364 τούτῳ
1568 2294 1856 2358 δουλεύειν,
1880 2297 1946 2365 τῇ

379 2390 438 2443 δέ
466 2387 697 2458 ἀληθείᾳ
724 2384 799 2455 τῷ
828 2384 1050 2453 σκληρῷ
1077 2383 1226 2451 ζυγῷ
1256 2384 1349 2435 καὶ
1380 2381 1599 2452 χαλεπῷ
1625 2382 1725 2450 τῆς
1754 2382 1949 2450 φιλαρ-

380 2476 573 2545 γυρίας
598 2472 792 2527 σαυτὸν
820 2470 1108 2533 ὑπέϐαλες.
1148 2468 1316 2522 Οῦπω
1353 2485 1441 2539 μοι
1484 2469 1574 2521 σὺν
1617 2465 1779 2529 εἶπας
1819 2484 1951 2520 κατ-

383 2564 633 2633 όρθωμα,
660 2559 793 2612 ἀλλά
818 2558 883 2611 τὰ
911 2557 1060 2628 δῶρα
1085 2556 1180 2608 τοῦ
1212 2557 1503 2609 Δεσπότου.
1532 2555 1669 2608 Εἰπὲ
1698 2554 1807 2625 γάρ
1838 2572 1948 2624 μοι,

382 2647 687 2719 παρακαλῶ
713 2687 726 2708 ,
760 2647 849 2698 τὸν
885 2643 1220 2715 στρατιώτην
1251 2643 1417 2696 πόθεν
1463 2642 1722 2714 κρίνομεν
1758 2659 1772 2707 ;
1821 2643 1950 2694 ὅταν

384 2738 659 2808 δορυφορῇ
698 2735 788 2787 τὸν
837 2732 1061 2803 βασιλέα
1086 2732 1179 2783 καὶ
1202 2732 1331 2801 παρ’
1366 2730 1532 2783 αὐτοῦ
1561 2730 1831 2801 τρέφηται
1861 2730 1954 2782 καὶ

384 2825 616 2893 καλῆται
656 2820 821 2876 αὐτοῦ
842 2862 856 2883 ,
888 2821 919 2893 ἢ
954 2821 1080 2872 ὅταν
1112 2820 1183 2873 τὰ
1216 2818 1424 2871 ἐκείνου
1465 2819 1526 2871 ού
1570 2821 1739 2889 φρονῇ
1766 2858 1779 2877 ,
1808 2817 1946 2870 ἀλλά

384 2910 747 2982 προσποιῆται
790 2908 888 2977 μὲν
944 2903 1083 2959 εἶναι
1114 2907 1231 2976 μετ’
1258 2907 1467 2958 ἐκείνου
1509 2906 1607 2958 καὶ
1636 2906 1705 2958 τὰ
1738 2905 1953 2957 ἐκείνου

386 2997 729 3069 θεραπεύειν,
763 2996 830 3048 τά
872 2995 929 3047 δὲ
973 2995 1081 3046 τῶν
1149 2994 1423 3064 πολεμίων
1444 2993 1747 3063 πράγματα
1772 2994 1900 3064 αἱρῇ
1937 3011 1952 3057 ;

385 3085 619 3153 Εὔδηλον
650 3085 732 3136 ὅτι
773 3082 865 3134 τὸν
909 3081 1133 3150 βασιλέα
1167 3079 1502 3149 δορυφορῶν.
1532 3080 1632 3131 Διά
1652 3079 1814 3131 τοῦτο
1851 3078 1951 3130 καὶ

386 3171 772 3244 χαλεπωτέρας
818 3169 1092 3232 κολάσεως
1152 3169 1301 3232 ἄξιος
1328 3209 1342 3229 ,
1372 3167 1405 3238 ἢ
1435 3168 1533 3237 τῆς
1562 3166 1654 3219 τοῦ
1692 3165 1953 3235 βασιλέως

388 3259 631 3321 δουλείας
668 3258 858 3311 ἐαυτὸν
901 3255 1241 3327 ἀπορρήξας,
1268 3256 1361 3307 καὶ
1390 3257 1501 3315 τοῖς
1528 3252 1745 3323 ἐχθροῖς
1781 3270 1951 3322 προσ-

387 3349 581 3411 τεθείς,
616 3348 725 3399 Καὶ
743 3347 805 3398 σὺ
832 3345 1008 3398 τοίνυν
1043 3343 1281 3415 ὑϐρίζεις
1312 3344 1401 3396 τὸν
1432 3342 1567 3394 Θεὸν
1591 3342 1845 3412 καθάπερ
1878 3342 1956 3392 εἰ·

387 3435 749 3503 δωλολάτρης.
802 3433 899 3502 οὑχ
944 3433 1024 3483 ἐνὶ
1071 3431 1298 3499 στόματι
1335 3429 1413 3499 τῷ
1442 3428 1541 3499 σῷ,
1572 3427 1708 3481 ἀλλά
1744 3426 1956 3499 μυρίοις

386 3527 498 3587 τοῖς
549 3523 915 3593 ἠδικημένοις.
960 3520 1099 3574 Ἀλλ’
1146 3520 1559 3590 εἰδωλολάτρης,
1607 3520 1797 3587 φησὶν,
1858 3516 1959 3568 οὐκ

389 3611 555 3664 ἔστιν.
592 3606 874 3675 Ὄτανρῦν
896 3608 1128 3677 λέγωσιν
1154 3610 1202 3658 οἰ
1236 3606 1513 3676 Ἕλληνες,
1540 3602 1600 3659 Ὀ
1627 3604 1952 3673 Χριστιανὸς

388 3700 420 3751 6
447 3699 795 3767 πλεονέκτης,
826 3696 946 3748 τότε
1004 3696 1105 3747 οὐκ
1156 3694 1318 3756 αὐτὸς
1357 3694 1517 3763 μόνος
1553 3690 1767 3763 ὑϐρίζει
1798 3690 1864 3742 δι’
1884 3684 1959 3742 ὧν

392 3787 640 3857 πράττει,
677 3785 813 3837 ἀλλά
841 3784 935 3836 καὶ
958 3783 1086 3845 τοὺς
1105 3780 1468 3852 ἠδικημένους
1498 3777 1802 3846 ἀναγκάζει
1833 3778 1962 3829 πολ-

391 3874 546 3937 λάκις
610 3875 768 3926 τοῦτο
821 3872 1051 3938 λέγειν’
1115 3872 1165 3922 εἰ
1222 3869 1278 3921 δὲ
1350 3869 1424 3937 μὴ
1472 3868 1731 3935 λέγουσι,
1799 3864 1958 3917 τοῦτο

389 3965 490 4035 τῆς
540 3962 761 4016 ἐκείνων
828 3959 1112 4020 εὐλαῧείας
1181 3957 1482 4025 λογιστέον.
1541 3957 1611 4007 Ἢ
1667 3955 1766 4024 οὐχ
1825 3954 1962 4023 ὁρῶ-

396 4064 493 4116 μεν
545 4047 615 4099 τὰ
667 4045 969 4114 πράγματα
1020 4041 1163 4095 οὕτω
1220 4040 1517 4110 γινόμενα;
1562 4038 1623 4091 '0
1674 4036 1960 4091 εἰδωλολά-

392 4151 549 4206 τρης,
583 4134 636 4186 τί
684 4132 812 4186 ἀλλο
843 4148 857 4195 ;
888 4132 920 4201 ἦ
953 4130 1074 4200 οὐχὶ
1128 4130 1222 4182 καὶ
1264 4128 1423 4191 αὐτὸς
1476 4126 1621 4196 πάθη
1665 4126 1965 4196 προσκυνεῖ

395 4222 675 4284 πολλάκις,
734 4220 808 4289 μὴ
856 4218 951 4271 τοῦ
992 4217 1194 4277 πάθους
1246 4214 1463 4285 κρατῶν
1492 4230 1506 4279 ;
1542 4208 1668 4265 Οἷόν
1698 4229 1749 4264 τι
1776 4212 1919 4278 λέγω
1947 4229 1962 4242 ·

396 4308 565 4363 Ὅταν
618 4310 880 4376 εἴπωμεν,
913 4306 993 4358 ὅτι
1048 4304 1241 4357 εἴδωλα
1294 4305 1610 4373 προσκυνεῖ,
1635 4299 1740 4364 Οὓ,
1776 4299 1961 4370 φησὶν,

394 4397 532 4451 ἀλλά
550 4397 647 4466 τὴν
682 4394 1024 4465 Ἀφροδίτην,
1047 4391 1180 4444 ἀλλά
1209 4390 1297 4442 τὸν
1330 4392 1522 4459 Ἀρην.
1551 4386 1664 4439 Κᾶν
1696 4387 1961 4454 εἴπωμεν,

396 4486 491 4548 Τίς
514 4483 652 4552 αῦτη
680 4485 712 4553 ή
749 4481 1032 4550 Ἀφροδίτη
1059 4496 1073 4545 ;
1098 4480 1146 4531 οἱ
1177 4477 1489 4547 σεμνότεροι
1537 4475 1718 4527 αὐτῶν
1754 4491 1915 4542 φασιν
1941 4489 1955 4503 ’

406 4573 473 4626 Ἥ
490 4573 648 4643 ἡδονή
677 4587 689 4599 ·
729 4570 838 4623 Καὶ
874 4569 956 4631 τίς
981 4569 1008 4618 ὁ
1042 4570 1214 4638 Ἄρης
1246 4582 1259 4630 ;
1297 4565 1356 4617 Ὀ
1387 4564 1575 4632 θυμός.
1602 4562 1757 4615 υῦτω
1782 4561 1963 4614 καὶσὺ

396 4659 487 4713 τὸν
524 4657 855 4729 μαμμωνᾶν.
897 4655 993 4706 “Av
1027 4653 1294 4722 εἴπωμεν,
1331 4649 1426 4713 Τίς
1454 4651 1482 4701 6
1515 4650 1869 4719 μαμμωνᾶς;
1901 4648 1965 4701 Ἡ

399 4746 700 4811 πλεονεξία.
742 4744 851 4796 Καὶ
900 4744 963 4795 σὺ
990 4740 1192 4809 ταύτην
1221 4740 1584 4808 προσκυνεῖς;
1619 4738 1692 4790 Οὐ
1720 4753 1964 4808 προσκυ-

397 4835 494 4898 νῶ,
549 4832 703 4902 φησί.
741 4831 841 4882 Διὰ
862 4831 912 4881 τί
943 4829 1063 4894 ;ὃτι
1112 4828 1171 4879 οὑ
1214 4826 1491 4895 κάμπτεις
1527 4824 1759 4890 σαυτόν;
1806 4823 1967 4877 Ἀλλά

399 4922 491 4974 νῦν
517 4919 694 4988 πολλῷ
728 4917 928 4987 μᾶλλον
951 4916 1272 4986 προσκυνεῖς
1301 4912 1388 4966 διὰ
1411 4912 1517 4964 τῶν
1543 4912 1719 4982 ἔργων
1743 4912 1838 4964 καὶ
1860 4912 1966 4963 τῶν

400 5009 743 5081 πραγμάτων
774 5023 787 5036 ο
826 5005 967 5075 αῦτη
1007 5004 1115 5074 γάρ
1143 5003 1343 5073 μείζων
1364 5003 1398 5071 ἡ
1434 5000 1824 5073 προσκύνησις.
1849 5000 1963 5053 Καὶ

401 5100 486 5151 ἵνα
545 5096 739 5166 μάθῃς,
777 5094 877 5147 θέα
928 5092 1019 5145 ἐπὶ
1056 5090 1148 5143 τοῦ
1183 5090 1317 5143 Θεοῦ
1339 5129 1357 5156 ,
1383 5089 1526 5152 τίνες
1553 5088 1752 5159 μᾶλλον
1793 5088 1956 5141 αὑτὸν

401 5181 819 5255 προσκυνοῦσιν,
844 5182 893 5233 οί
926 5178 1110 5241 ἁπλῶς
1139 5177 1368 5240 ἑστῶτες
1388 5178 1446 5230 ἐν
1475 5178 1592 5238 ταῖς
1616 5177 1964 5246 προσευχαῖς,

400 5270 435 5339 ἦ
465 5273 511 5323 οἰ
542 5270 601 5323 τὸ
629 5270 841 5338 θέλημα
870 5266 1034 5322 αὑτοῦ
1057 5266 1336 5328 ποιοῦντες
1364 5282 1380 5331 ;
1411 5264 1648 5334 Εὔδηλον
1685 5266 1767 5317 ὅτι
1796 5258 1964 5317 οῦτοι.

405 5358 561 5411 Οῦτω
616 5357 711 5410 καὶ
737 5359 788 5409 οἱ
832 5357 925 5410 ἐπὶ
949 5356 1040 5410 τοῦ
1078 5355 1374 5425 μαμμωνᾶ,
1405 5356 1454 5406 oi
1482 5354 1541 5405 τὸ
1566 5352 1777 5423 θέλημα
1805 5350 1969 5404 αὑτοῦ

404 5442 703 5510 ποιοῦντες,
731 5446 928 5516 μᾶλλον
953 5444 1116 5496 αὑτὸν
1137 5441 1516 5513 προσκυνοῦσι.
1552 5442 1743 5494 Καίτοι
1772 5442 1972 5493 ἐκεῖνοι

402 5535 650 5605 τὰπάθη
702 5532 1150 5603 προσκυνοῦντες,
1185 5529 1445 5592 πολλάκις
1498 5529 1653 5592 ἐκτός
1696 5530 1803 5581 εἰσι
1857 5529 1966 5581 τῶν

407 5623 598 5676 παθῶν
634 5636 647 5649 ⁶
681 5622 779 5673 ἴδοι
807 5620 915 5691 γάρ
944 5618 1008 5672 ἀν
1032 5634 1114 5679 τις
1147 5616 1236 5669 τὸν
1271 5614 1362 5667 τοῦ
1389 5616 1580 5687 "Apso;
1609 5615 1968 5687 θεραπευτὴν,

470 5758 496 5786 ⁸
523 5756 659 5805 Unus
688 5757 865 5814 codex,
900 5756 1008 5817 Θεῷ
1052 5754 1180 5801 δουλ.
1226 5754 1594 5817 καὶᾼμαμμωνᾷ.
1642 5752 1698 5798 Εἰ
1743 5752 1895 5801 τοίνυν
1918 5753 1972 5801 οὐ

408 5818 460 5865 δν
471 5820 596 5867 ιιι-τὸν
623 5822 730 5881 Θεῷ
752 5814 992 5866 δουλεύειν
1006 5818 1083 5864 καὶ
1109 5814 1363 5878 μαμμωνᾷ,
1390 5817 1431 5860 οἱ
1455 5818 1708 5876 μαμμωνᾷ,
1733 5822 1827 5861 clc.

1268 414 1337 469 IN
1376 415 1592 472 EPiS’l‘.
1634 417 1723 471 AD
1764 416 2004 473 Epulas,
2046 419 2199 474 CAP.
2242 420 2305 477 v.
2373 420 2604 477 IIOMIL.
2638 408 2824 477 xvm.

3509 425 3621 482 εει(

2042 541 2138 594 τοῦ
2195 542 2369 613 θυμοῦ
2399 543 2703 615 κρατοῦντα
2745 542 3004 605 πολλάκις
3036 559 3049 572 ⁸
3092 544 3184 596 ἐπὶ
3212 542 3268 596 δὲ
3300 542 3392 596 σοῦ
3420 545 3619 599 οὐκέτι

2041 629 2198 682 τοῦτο
2227 670 2242 694 ,
2271 630 2406 684 ἀλλὰ
2447 630 2525 701 τῷ
2554 630 2716 684 πάθει
2739 630 3090 693 καταδουλοῖς
3120 629 3336 683 σαυτόν.
3375 630 3515 683 Ἀλλ’
3543 632 3617 684 ού

2044 722 2269 791 σφάξεις
2300 722 2585 794 πρόϐατας
2630 722 2768 775 Ἀλλ’
2809 722 3154 792 ἀνθρώπους,
3188 722 3282 774 καὶ
3317 720 3494 792 ψυχὰς
3517 720 3629 774 λοο·

2042 809 2223 877 γικάς,
2283 809 2382 873 τὰς
2442 810 2541 880 μὲν
2594 809 2759 880 λιμῷ,
2788 811 2885 873 τὰς
2931 809 2987 861 δὲ
3029 808 3420 879 βλασφημίαις.
3447 809 3629 864 Οὑδὲνκ

2041 898 2247 970 ταύτης
2309 900 2408 969 τῆς
2458 900 2650 962 θυσίας
2703 898 3122 970 βακχικώτερον.
3168 899 3263 961 Τίς
3286 894 3395 951 εἶδε
3432 898 3623 969 ψυχὰς

2045 984 2386 1056 σφαζομένας
2430 987 2563 1039 ποτέ
2590 1004 2604 1052 ;
2657 988 2962 1057 Ἐπάρατος
2984 988 3011 1038 ὁ
3033 988 3130 1056 τῆς
3167 985 3479 1052 πλεονεξίας
3508 985 3617 1056 βω-

2047 1077 2165 1143 μός.
2208 1073 2368 1145 Παρά
2400 1073 2509 1142 γὰρ
2536 1073 2723 1125 τοῦτον
2752 1071 2859 1125 τῶν
2888 1071 3120 1125 εἰδώλων
3138 1071 3379 1145 ἀνέλθῃς
3410 1070 3613 1142 βωμὸν,

2042 1161 2162 1231 ὄψει
2211 1161 2434 1229 αἰγείίων
2475 1162 2569 1214 καί
2605 1160 2792 1231 βοείων
2835 1160 3083 1229 αἱμάτων
3111 1158 3302 1223 ὄζοντα
3326 1176 3340 1190 ·
3376 1159 3527 1229 παρὰ
3558 1158 3617 1212 δὲ

2042 1250 2133 1302 τὸν
2150 1249 2251 1318 τῆς
2272 1249 2583 1315 πλεονεξίας
2610 1248 2791 1319 βωμὸν
2820 1248 2886 1300 ἂν
2908 1247 3087 1319 ἔλθῃς,
3116 1247 3362 1317 αἱμάτων
3401 1245 3611 1316 ἀνθρω-

2046 1337 2217 1390 πίνων
2266 1336 2385 1405 ὄψει
2431 1336 2666 1406 χαλεπὸν
2692 1336 3038 1389 ἀποπνέοντα
3063 1351 3076 1364 ·
3118 1334 3182 1388 ἂν
3211 1338 3493 1406 παραστῇς
3528 1335 3616 1386 ἐνο

2045 1421 2239 1488 ταῦθα,
2268 1422 2329 1474 οὐ
2357 1422 2527 1493 θεάσῃ
2552 1420 2728 1493 πτερά
2755 1421 3023 1492 καιόμενα
3053 1421 3300 1492 ὀρνίθων,
3326 1421 3446 1473 οὐδὲ
3469 1421 3617 1473 κνίσ-

2048 1526 2146 1563 σαν
2180 1510 2272 1562 καὶ
2301 1510 2508 1563 καπνὸν
2542 1509 2921 1579 ἀναδιδόμενον
2942 1550 2956 1572 ,
2985 1509 3121 1562 ἀλλὰ
3146 1508 3373 1578 σώματα
3406 1507 3617 1577 ἀνθρώ-ι

2046 1613 2165 1650 πων
2210 1595 2579 1665 ἀπολλύμενα.
2617 1596 2682 1649 Οἱ
2727 1597 2824 1666 μὲν
2851 1595 2959 1666 γὰρ
2982 1596 3061 1658 εἰς
3086 1597 3365 1666 κρημνοὺς
3393 1595 3617 1658 ἑαυτοὺς

2048 1684 2298 1757 ἔρριψαν,
2331 1686 2380 1737 οἱ
2412 1684 2469 1737 δὲ
2522 1684 2713 1756 βρόχον
2767 1679 2937 1755 ἧψαν,
2984 1685 3031 1736 οί
3062 1683 3117 1735 δὲ
3151 1683 3302 1751 ξίφος
3348 1683 3621 1754 διήλασαν-

2051 1774 2140 1827 διά
2194 1773 2289 1826 τοῦ
2341 1774 2560 1844 λαιμοῦ.
2596 1769 2749 1836 Εἶδες
2797 1771 2988 1834 θυσίας
3019 1771 3175 1841 ὠμὰς
3201 1772 3295 1824 καὶ
3322 1770 3621 1841 ἀπανθρώ-

2048 1878 2224 1927 πους;
2289 1860 2438 1934 [150]
2498 1860 2686 1913 Βούλει
2738 1860 2942 1914 τούτων
2990 1859 3378 1930 χαλεπωτέρας
3444 1858 3617 1921 ίδεῖν;

2065 1948 2207 2016 Ἐγώ
2229 1966 2310 2001 σοι
2336 1946 2518 2013 δείξω,
2549 1948 2731 2002 οὐκέτι
2755 1946 2985 2018 σώματα
3007 1944 3332 2017 ἀνθρώπων,
3364 1945 3499 1999 ἀλλὰ
3524 1945 3620 1999 καὶ

2046 2035 2225 2106 ψυχάς
2263 2036 2565 2106 ἀνθρώπων
2610 2034 3131 2103 κατασφαττομένας
3183 2036 3318 2085 ἐκεῖ.
3360 2034 3469 2087 Kal
3510 2033 3620 2103 γὰρ

2048 2124 2164 2175 ἔστι
2194 2122 2373 2191 ψυχὴν
2408 2121 2738 2190 σφάττεσθαι
2770 2124 2949 2192 σφαγῇ
2968 2124 3031 2192 τῇ
3060 2120 3414 2193 προσηκούσῃ
3436 2120 3581 2190 ψυχῇ
3602 2135 3621 2152 ⁸

2046 2210 2237 2280 ὥσπερ
2266 2210 2374 2279 γάρ
2405 2210 2519 2261 ἐστι
2547 2208 2795 2274 σώματος
2813 2208 3059 2272 Θάνατος,
3111 2207 3253 2262 οὕτω
3288 2208 3382 2261 καὶ
3409 2207 3621 2278 ψυχῆςο

2057 2299 2230 2368 Ψυχὴ
2247 2298 2359 2368 γὰρ
2375 2300 2413 2367 ἡ
2435 2297 2879 2368 ἁμαρτάνουσα,
2901 2299 3083 2368 φησὶν,
3104 2297 3255 2365 αὐτή
3276 2298 3376 2350 καὶ
3396 2298 3619 2351 ἀποθα-

2050 2386 2260 2441 νεῖται.
2280 2388 2356 2439 Οὐ
2402 2387 2664 2449 τοιοῦτος,
2683 2381 2791 2448 οἷος
2813 2388 2840 2438 6
2856 2385 2949 2437 τοῦ
2967 2384 3215 2455 σώματος
3238 2385 3461 2447 θάνατος
3486 2384 3624 2437 ἀλλά

2051 2472 2229 2542 πολλῷ
2271 2471 2647 2542 χαλεπώτερος
2689 2473 2717 2523 6
2756 2472 2853 2541 τῆς
2881 2471 3078 2542 ψυχῆς.
3109 2466 3279 2535 Οὗτος
3315 2473 3413 2543 μὲν
3459 2470 3569 2542 γάρ
3595 2476 3635 2525 6-

2053 2560 2364 2630 σωματικὺς
2423 2559 2651 2621 θάνατος
2703 2557 2959 2620 διαλύσας
2987 2559 3081 2611 ἀπ’
3106 2557 3349 2628 ἀλλήλων
3385 2558 3484 2627 τὴν
3525 2556 3625 2626 ψυ-

2051 2648 2151 2717 χὴν
2177 2647 2273 2699 καὶ
2311 2646 2371 2699 τὸ
2399 2646 2576 2715 σῶμα,
2621 2645 2681 2696 τὸ
2718 2646 2814 2713 μὲν
2843 2644 3053 2697 πολλῶν
3079 2645 3375 2713 φροντίδων
3406 2644 3501 2697 καὶ
3529 2644 3624 2696 πό-

2053 2753 2159 2787 νων
2192 2735 2467 2787 ἀνέπαυσε
2487 2775 2503 2801 ,
2534 2736 2634 2805 τὴν
2667 2733 2724 2785 δὲ
2751 2735 2831 2797 εἰς
2860 2734 3091 2804 φανερὸν
3122 2733 3299 2804 χῶρον
3333 2733 3546 2804 παρέπε
3558 2751 3625 2803 μ-

2051 2823 2152 2893 ψεν
2178 2840 2191 2854 ο
2219 2820 2337 2875 εἶτα
2365 2822 2441 2892 τῷ
2456 2822 2635 2893 χρόνῳ
2664 2820 2913 2874 διαλυθὲν
2936 2821 3029 2874 καὶ
3060 2820 3430 2892 ἀπορρεῦσαν,
3462 2821 3627 2875 πάλιν

2055 2911 2347 2977 συνάγεται
2413 2910 2553 2980 μετά
2604 2908 2934 2978 ἀφθαρσίας,
2962 2910 3059 2962 καὶ
3092 2910 3192 2979 τὴν
3236 2909 3444 2963 οἰκείαν
3493 2911 3625 2963 ἀπο-

2054 2997 2325 3068 λαμϐάνει
2357 2996 2561 3069 ψυχήν.

2123 3091 2193 3153 γ’.
2213 3078 2382 3148 Οὗτος
2419 3086 2515 3155 μὲν
2541 3081 2633 3137 οὖν
2662 3081 2917 3146 τοιοῦτος·
2936 3085 2965 3136 6
2995 3082 3050 3135 δὲ
3078 3083 3175 3153 τῆς
3200 3082 3379 3153 ψυχῆς
3402 3081 3631 3154 φρικτὸς

2054 3174 2151 3226 καὶ
2185 3172 2436 3242 φοϐερός.
2470 3173 2543 3225 Οὐ
2575 3172 2681 3242 γὰρ
2712 3171 2807 3223 ἐὰν
2828 3170 3072 3240 διαλυθῇ.
3103 3168 3356 3241 καθάπερ
3387 3170 3448 3222 τὸ
3471 3169 3636 3240 σῶμα

2055 3261 2226 3331 αὐτὴν
2246 3259 2627 3330 παραπέμπει,
2661 3256 2796 3310 ἀλλά
2816 3255 3201 3310 καταδεθεῖσαν
3231 3255 3391 3308 πάλιν
3421 3256 3631 3325 ἀφθάρ-

2055 3366 2131 3419 τῳ
2158 3347 2373 3417 σώματι
2400 3387 2415 3413 ,
2446 3349 2525 3408 εἰς
2559 3345 2620 3398 τὸ
2655 3344 2768 3414 πῦρ
2794 3343 3084 3413 ἐμόιὸάζει
3106 3343 3165 3394 τὸ
3198 3342 3485 3397 ἄσϐεστον.
3522 3339 3627 3396 Οὖ-

2056 3453 2145 3497 τος
2182 3436 2361 3487 τοίνυν
2406 3434 2552 3485 ἐστὶν
2581 3435 2609 3484 6
2640 3431 2823 3501 ψυχῆς
2856 3430 3107 3492 θάνατος.
3142 3430 3353 3497 ’Ὠσπερ
3386 3425 3478 3482 οῦν
3510 3431 3626 3482 ἐστι

2055 3524 2232 3593 ψυχῆς
2260 3522 2511 3583 θάνατος,
2541 3518 2683 3572 οὕτω
2715 3520 2809 3573 καὶ
2842 3518 3023 3588 σφαγὴ
3055 3516 3253 3587 ψυχῆς.
3288 3516 3354 3568 Τί
3380 3517 3632 3585 σώματος

2059 3613 2240 3679 σφαγή
2259 3627 2274 3676 ;
2307 3609 2380 3660 Τὸ
2400 3605 2762 3678 νεκρωθῆναι,
2784 3606 2877 3658 καὶ
2899 3608 2996 3675 τῆς
3012 3604 3295 3674 ἐνεργείας
3314 3604 3632 3674 ἀπορραγῆ-

2058 3714 2145 3751 ναι
2160 3697 2259 3765 τῆς
2279 3694 2418 3747 κατὰ
2432 3692 2698 3763 ψυχήν.Τί
2714 3694 2829 3744 ἐστι
2846 3692 3025 3761 ψυχῆς
3040 3692 3220 3761 σφαγή
3243 3707 3257 3757 ;
3280 3692 3388 3744 Καὶ
3408 3692 3540 3743 αὐτὸ
3554 3693 3635 3743 νέα

2058 3780 2420 3854 κρωσις.Τίδὲ
2436 3780 2698 3851 νέκρωσις
2712 3779 2887 3849 ψυχῆς
2907 3779 3100 3845 ;”Ωσπε
3108 3795 3138 3847 ρ
3150 3779 3258 3850 γὰρ
3269 3780 3328 3832 τὸ
3340 3778 3499 3849 σῶμα
3510 3778 3632 3831 τότε

2058 3869 2367 3941 νεκροῦται,
2406 3869 2534 3920 ὅταν
2567 3866 2772 3937 ἔρημον
2805 3865 2935 3917 αὐτὸ
2968 3864 3242 3935 καταλίπῃ
3284 3865 3383 3936 τῆς
3426 3864 3643 3929 οἰκείας.

2061 3957 2339 4029 ἐνεργείας
2362 3958 2396 4027 ἡ
2433 3956 2578 4027 ψυχή
2608 3973 2620 3985 ·
2657 3954 2797 4008 οὕτω
2832 3954 2927 4007 καὶ
2950 3956 2982 4024 ὴ
3008 3954 3153 4025 ψυχὴ
3170 3955 3291 4007 τότε
3322 3955 3643 4025 νεκροῦται,

2060 4049 2188 4100 ὅταν
2216 4044 2312 4116 έρη
2323 4061 2418 4114 μον
2435 4043 2603 4113 αὐτὴν
2621 4042 2893 4113 καταλίπῃ
2911 4042 3011 4112 τῆς
3034 4042 3243 4105 οἰκείας
3264 4042 3548 4111 ἐνεργείας
3572 4042 3634 4092 τὸ

2064 4132 2283 4202 Πνεῦμα
2305 4131 2365 4183 τὸ
2391 4130 2563 4199 ἅγιον.
2587 4125 2755 4183 Αῦται
2789 4124 3024 4198 μάλιστα
3051 4129 3106 4182 αἱ
3138 4130 3343 4196 σφαγαὶ
3374 4128 3526 4199 παρά
3552 4127 3635 4196 τῷ

2066 4219 2235 4290 βωμῷ
2266 4219 2363 4288 τῆς
2418 4216 2732 4280 πλεονεξίας
2772 4216 2908 4267 είσίν
2934 4231 2949 4246 ο
2985 4216 3045 4285 ού
3079 4214 3433 4286 κορέννυνται
3456 4255 3471 4281 ,
3511 4213 3634 4266 οὐδὲ

2067 4308 2312 4359 ἵστανται
2354 4305 2515 4375 μέχρι
2541 4304 2635 4356 τοῦ
2662 4304 2893 4373 αἵματος
2925 4302 3034 4353 τῶν
3066 4302 3164 4353 ἀνθ
3177 4302 3394 4371 ρώπων,
3432 4300 3547 4352 ἀλλ’
3567 4299 3645 4352 ἂν

2069 4394 2143 4464 μὴ
2174 4394 2267 4446 καὶ
2298 4392 2396 4463 τὴν
2441 4393 2617 4461 ψυχὴν
2646 4391 2817 4459 αὐτὴν
2840 4388 3142 4459 καταθύσῃ,
3170 4389 3268 4441 οὐκ
3294 4388 3639 4459 ἐμπίπλαται

2066 4484 2095 4533 6
2121 4481 2220 4550 τῆς
2254 4478 2563 4541 πλεονεξίας
2597 4476 2776 4546 βωμὸς
2803 4516 2818 4541 ,
2843 4477 2908 4528 ἂν
2946 4476 3022 4546 μὴ
3053 4476 3379 4546 ἀμφοτέρων
3404 4477 3501 4538 τὰς
3526 4475 3633 4545 ψυ-

2066 4573 2166 4639 χὰς
2210 4567 2426 4638 δέξηται
2452 4606 2467 4629 ,
2506 4564 2600 4616 τοῦ
2634 4580 2694 4615 τε
2740 4560 2982 4626 θύοντοςζ
3010 4562 3104 4615 τοῦ
3126 4580 3183 4616 τε
3213 4563 3500 4633 θυομένου.
3531 4565 3644 4617 Τὸν

2065 4657 2174 4726 γὰρ
2196 4656 2391 4708 θύοντα
2421 4652 2637 4723 πρῶτον
2660 4651 2874 4721 ἀνάγκη
2903 4651 3151 4719 τυθῆναι,
3183 4652 3279 4704 καὶ
3312 4649 3455 4703 οὕτω
3492 4650 3636 4717 θύει,

2068 4746 2162 4798 καὶ
2205 4746 2235 4796 6
2273 4742 2465 4810 νεκρὸς
2505 4740 2622 4794 θύει
2649 4740 2738 4793 τὸν
2771 4739 2907 4803 τέως
2933 4738 3131 4804 ζῶντα.
3159 4741 3327 4794 Ὀταν
3355 4741 3464 4809 γὰρ
3497 4741 3630 4813 εἴπῃ

2076 4832 2395 4901 βλάσφημα,
2430 4829 2557 4881 ὅταν
2606 4826 2930 4899 λοιδορῆται,
2976 4828 3104 4881 ὅταν
3143 4827 3488 4899 δυσχεραίνῃ,
3516 4828 3639 4897 οὐχὶ

2068 4920 2123 4973 αί
2186 4917 2388 4987 πληγαὶ¹
2446 4909 2607 4967 αὗται
2665 4912 2765 4983 τῆς
2831 4912 3009 4984 ψυχῆς
3059 4918 3196 4967 εἰσιν
3243 4916 3488 4981 ἀνίατοι;
3535 4912 3627 4967 Εἶ-

2066 5008 2155 5070 δες
2212 5006 2294 5058 ὅτι
2338 5004 2438 5073 οὐχ
2491 5000 2796 5073 ὑπερϐολῆς
2840 5003 2901 5055 τὸ
2955 5003 3109 5074 ῥῆμά
3163 5005 3319 5069 ἐστι;

2147 5103 2335 5156 Βούλει
2362 5101 2458 5153 καὶ
2485 5100 2671 5171 ἕτερον
2702 5098 2953 5164 ἀκοῦσαι,
2979 5101 3073 5154 καὶ
3107 5101 3297 5171 μαθεῖν
3330 5101 3447 5164 πῶς
3480 5101 3619 5153 εἱδωο

2069 5190 2359 5261 λολατρεία
2384 5191 2417 5259 ἡ
2465 5187 2767 5253 πλεονεξία,
2811 5188 2905 5240 καὶ⁹
2939 5186 3317 5258 χαλεπώτερον
3353 5187 3638 5243 εἰδωλολα-

2067 5282 2284 5353 τρείας;
2308 5280 2369 5332 Οἰ
2395 5277 2773 5346 εἰδωλολάτραι
2794 5279 2901 5339 τοῖς
2919 5275 3013 5329 τοῦ
3035 5276 3168 5331 Θεοῦ
3192 5277 3451 5347 κτίσμασι
3472 5294 3638 5347 προσ-

2070 5368 2285 5423 κυνοῦσι
2320 5382 2334 5396 ⁸
2368 5364 2480 5417 Καὶ
2519 5363 2945 5430 ἐσεϐάσθησαν
2975 5363 3083 5431 γὰρ
3105 5403 3120 5426 ,
3160 5364 3313 5434 φησί,
3358 5364 3457 5416 καὶ
3498 5364 3636 5417 ἑλά-

2070 5468 2333 5524 τρευσαν
2362 5450 2435 5519 τῇ
2462 5450 2655 5503 κτίσει
2688 5450 2847 5517 παρὰ
2876 5451 2982 5503 τὸν
3020 5451 3314 5504 κτίσαντα
3346 5465 3360 5479 ο
3388 5451 3452 5504 σὺ
3480 5450 3537 5503 δὲ
3561 5452 3640 5521 τῷ

2070 5542 2327 5611 κτίσματι
2358 5539 2434 5609 τῷ
2460 5538 2651 5591 σαυτοῦ
2674 5540 3016 5607 προσκυνεῖς.
3057 5539 3114 5590 '0
3143 5540 3252 5608 γὰρ
3281 5538 3412 5601 Θεὸς
3442 5538 3642 5591 πλεον-

2072 5630 2221 5696 εξίαν
2252 5630 2352 5681 οὐκ
2381 5624 2830 5696 ἐδημιούργησεν,
2862 5623 2978 5678 ἀλλ’
3008 5627 3041 5694 ἡ
3070 5625 3165 5693 τῆς
3208 5624 3307 5695 σῆς
3335 5626 3636 5697 ἀπληστίας

2071 5717 2361 5786 ἐπεξεῦρεν
2394 5714 2647 5783 ἀμετρία.
2681 5714 2788 5765 1ίαί⁴
2830 5712 2926 5765 θέα
2962 5714 3157 5783 μανίαν
3192 5716 3285 5766 καὶ
3304 5713 3534 5782 γέλωτα.
3571 5716 3633 5767 Οἱ

2078 5806 2144 5859 τὰ
2177 5802 2365 5857 εἴδωλα
2394 5797 2837 5868 προσκυνοῦντες,
2862 5801 2950 5852 καὶ
2975 5800 3203 5871 τιμῶσιν
3240 5800 3376 5855 αύτά
3407 5801 3443 5856 ά
3476 5817 3643 5871 προσ-
