4100 6412
472 399 578 454 125

469 511 695 566 κυνοῦσι
728 526 744 542 ⁸
783 511 883 567 κᾶν
934 515 1063 585 εεπῃ
1122 532 1206 578 τις
1243 518 1450 580 κακῶς,
1479 519 1583 573 κᾶν
1632 517 2035 587 λοιδορήσηται,

385 650 388 654 .
469 600 823 670 προΐστανται
852 615 865 626 ⁸
917 602 982 653 σὺ
1044 600 1101 653 δὲ
1176 604 1428 673 καθάπερ
1491 604 1597 658 ὐπό
1659 621 1805 667 τινος
1860 603 2032 673 μέθης

389 673 395 687 ’
470 691 706 759 πρᾶγμα
765 692 1107 760 προσκυνεῖς,
1158 690 1187 743 ὃ
1240 693 1300 745 οὐ
1348 694 1511 763 μόνον
1563 692 1897 762 κατηγορίας
1942 693 2043 744 οὐκ

466 776 833 846 ἀπήλλακται,
865 776 1005 830 ἀλλά
1048 777 1141 831 καὶ
1178 779 1433 843 ἀσεϐείας
1481 781 1598 833 ἐστὶ
1632 781 1849 850 μεστόν.
1876 779 2041 831 ’Ὥστε

468 864 670 935 μᾶλλον
685 862 863 915 αὐτῶν
880 863 1152 934 χείριστος
1167 860 1217 916 εἷ
1233 880 1246 893 ⁸
1282 866 1341 917 οὐ
1363 866 1471 936 γάρ
1496 866 1562 919 ἂν
1586 866 1731 937 ἔχοις
1742 866 2040 935 ἀπολογίαν

468 954 663 1013 ε‹ίπείν,
705 951 787 1003 ὅτι
819 950 878 1002 οὐ
894 950 1085 1006 κακόν.
1101 950 1164 1003 Εἰ
1187 953 1281 1004 καὶ
1297 951 1365 1005 τά
1388 952 1621 1022 μάλιστα
1637 954 1880 1007 κάκεῖνοί
1902 955 2041 1007 εἰσιν

469 1038 882 1108 ἀναπολόγητοι,
917 1039 1051 1092 ἀλλά
1082 1040 1145 1092 σὺ
1175 1039 1352 1110 πολλῷ
1379 1039 1528 1114 [151]
1555 1042 1753 1112 μᾶλλον
1785 1044 2040 1114 μυριάκις

469 1124 777 1189 πλεονεξίας
814 1126 1156 1198 κατηγορῶν,
1177 1127 1272 1180 καὶ
1294 1130 1418 1191 τοὺς
1440 1128 1838 1200 θεραπεύοντας
1870 1131 2040 1203 αὐτὴν

471 1212 565 1267 καὶ
589 1211 937 1275 δουλεύοντας
968 1213 1062 1267 καὶ
1103 1213 1457 1284 πειθομένους
1494 1216 1741 1281 ἅπαντας
1768 1218 2035 1282 κακίζων.

471 1300 531 1352 Et
568 1300 625 1352 δὲ
645 1299 901 1370 βούλεσθε
929 1340 944 1361 ,
981 1299 1325 1370 ἐξετάσωμεν
1357 1302 1520 1357 πόθεν
1544 1304 1867 1375 ἐπεισῆλθεν
1894 1307 1926 1376 ή
1959 1307 2037 1358 εί-

467 1389 851 1461 δωλολατρεία.
886 1390 1048 1460 Λέγει
1070 1408 1154 1454 τις
1184 1392 1348 1460 σοφὸς
1369 1394 1528 1466 ἀνὴρ,
1557 1394 1639 1448 ὅτι
1669 1395 1923 1458 πλούσιός
1953 1412 2038 1459 τις

468 1466 753 1547 ἄνθρωπος
780 1478 946 1549 ἀώρῳ
990 1478 1177 1532 πένθει
1206 1481 1539 1551 τρυχόμενος
1560 1484 1699 1543 υἱοῦ,
1732 1484 1826 1537 καὶ
1853 1502 2035 1554 παρα-

471 1563 669 1631 μυθίαν
710 1565 968 1635 οὐδεμίαν
1000 1565 1139 1636 ἔχων
1171 1567 1263 1620 τοῦ
1299 1568 1550 1634 πένθους,
1582 1569 1756 1643 ταύτῃ
1778 1588 2037 1641 παραμυ-

468 1650 726 1723 θούμενος
779 1653 841 1706 τὸ
899 1654 1092 1718 πάθος,
1120 1655 1307 1710 εἰκόνα
1352 1656 1560 1727 ἄψυχον
1583 1658 1678 1712 τοῦ
1712 1659 2033 1730 τετελευτηο

468 1739 623 1802 κότος
671 1741 927 1812 ποιήσας,
949 1742 1043 1794 καὶ
1093 1741 1182 1794 διὰ
1214 1743 1415 1807 παντὸς
1457 1746 1539 1807 είς
1594 1745 1765 1816 αὐτὴν
1808 1746 2033 1816 ἐνορῶν,

466 1827 640 1881 ἐδόκει
671 1828 762 1882 τὸν
790 1829 1093 1884 ἀπελθόντα
1119 1829 1261 1899 ἔχειν
1284 1830 1374 1884 διά
1400 1832 1501 1901 τῆς
1524 1833 1751 1896 εἰκόνος.
1784 1834 2035 1899 Κόλακες

465 1914 524 1968 δέ
549 1932 695 1978 τινες
737 1916 1013 1983 ἄνθρωποι
1040 1958 1056 1980 ,
1099 1911 1174 1971 ὧν
1200 1921 1228 1971 6
1256 1918 1388 1982 Θεὸς
1418 1922 1451 1990 ἡ
1475 1920 1672 1984 κοιλία,
1706 1921 2036 1991 θεραπεύον-

465 2019 554 2062 τες
603 2004 683 2065 εἰς
736 2004 834 2074 τὴν
894 2006 1102 2058 ἐκείνου
1134 2004 1299 2075 τιμὴν
1332 2006 1432 2074 τὴν
1464 2007 1650 2061 εἰκόνα
1671 2048 1686 2070 ,
1716 2008 1776 2061 τὸ
1799 2009 1918 2073 ἔθος
1955 2011 2035 2073 είς

465 2089 908 2160 είδωλολατρείαν
952 2095 1265 2164 προήγαγον
1300 2106 1346 2145 ⁸.
1373 2094 1581 2148 Οὐκοῦν
1607 2097 1715 2149 ἀπὸ
1752 2096 2034 2161 ἀσθενείας

465 2177 766 2248 ἐπεισήχθη
793 2178 972 2249 ψυχῆς
994 2223 1007 2245 ,
1042 2180 1151 2233 ἀπὸ
1182 2181 1472 2251 συνηθείας
1504 2182 1721 2251 ἀλόγου,
1756 2183 1863 2237 ἀπὸ
1893 2186 2033 2255 ἀμε-

461 2265 643 2332 τρίας.
687 2266 751 2318 Ἦ
785 2266 840 2318 δὲ
901 2266 1185 2332 πλεονεξία
1234 2267 1332 2337 οὐχ
1390 2267 1725 2332 οὕτως⁸ἀπὸ
1768 2271 2030 2335 ἀσθενοῦς

465 2352 565 2423 μὲν
587 2351 698 2422 γὰρ
743 2354 837 2405 καὶ
885 2352 1023 2424 αὕτη
1052 2353 1253 2424 ψυχῆς,
1291 2356 1431 2426 πλὴν
1453 2357 1567 2410 ἀλλ’
1597 2358 1705 2411 ἀπὸ
1733 2358 1976 2429 χείρονος
2013 2374 2030 2390 ⁸

459 2439 560 2492 οὐκ
584 2438 825 2492 ἀπέϐαλέ
849 2457 931 2503 τις
960 2441 1094 2505 υἱὸν,
1129 2442 1250 2494 οὐδὲ
1277 2442 1507 2507 πένθους
1536 2445 1894 2516 παραμυθίαν
1925 2447 2026 2517 ζη-

456 2526 589 2585 τῶν.
642 2526 763 2579 οὐδὲ
822 2526 926 2580 ὑπὸ
979 2528 1223 2582 κολάκων
1265 2528 1649 2599 ἐξελκόμενος·
1701 2531 1837 2585 ἀλλά
1874 2533 2026 2601 πῶς;

472 2611 614 2680 Ἐγὼ
642 2614 779 2684 πρὸς
820 2615 966 2685 ὑμᾶς
998 2616 1131 2685 ἐρῶ.
1207 2617 1263 2669 ὐ
1296 2618 1434 2671 Κάῖν
1461 2619 1553 2671 τὸν
1575 2619 1708 2673 Θεὸν
1736 2620 2025 2674 ἐπλεονέκ-

457 2718 624 2773 τησεν
648 2719 661 2730 ⁸
699 2702 735 2756 ἃ
759 2703 868 2773 γάρ
923 2704 1116 2775 ἐκείνῳ
1154 2705 1379 2776 δοθῆναι
1419 2707 1622 2778 ἐχρῆν,
1670 2710 1799 2780 παρ’
1850 2707 2030 2780 ἐαυτῷ

458 2790 746 2859 κατασχὼν
770 2830 786 2856 ,
814 2793 957 2861 ειπερ
1016 2792 1178 2844 αὐτὸν
1216 2792 1363 2862 ἔχειν
1403 2793 1510 2846 ἔδει
1534 2836 1550 2860 ,
1603 2794 1776 2849 ταῦτα
1834 2797 2029 2868 ἐκείνῳ

459 2878 802 2947 προσήνεγκε
821 2918 836 2941 ,
862 2877 955 2930 καὶ
983 2877 1043 2930 τὸ
1076 2879 1245 2932 κακὸν
1270 2880 1379 2932 ἀπὸ
1408 2879 1503 2933 τοῦ
1543 2880 1678 2933 Θεοῦ
1706 2882 1932 2952 ήρξατο.
1965 2885 2028 2938 El

347 3017 353 3021 ,
458 2964 567 3034 γάρ
606 2966 767 3034 ἡμεῖς
788 2965 881 3017 τοῦ
903 2965 1038 3018 Θεοῦ
1056 2968 1243 3036 ἐσμεν,
1264 2967 1444 3038 πολλῷ
1469 2968 1667 3038 μᾶλλον
1688 2971 1757 3023 τά
1785 2974 2029 3041 πρωτεῖα

455 3051 565 3105 τῶν
616 3053 910 3122 κτημάτων
940 3055 1052 3107 τῶν
1093 3056 1399 3127 ἡμετέρων.
1433 3058 1602 3111 Πάλιν
1654 3060 1735 3123 είς
1762 3063 2028 3127 γυναῖκας

458 3140 566 3192 ἀπὸ
601 3141 917 3208 πλεονεξίας
955 3143 988 3214 ἡ
1028 3145 1172 3214 ὁρμὴ
1206 3143 1433 3213 γέγονεν
1455 3163 1468 3176 ⁸
1503 3143 1684 3199 Εἶδον
1710 3148 1818 3213 τὰς
1850 3152 2029 3217 θυγα-

457 3227 634 3294 τέρας
669 3228 790 3281 τῶν
819 3228 1167 3298 ἀνθρώπων,
1198 3232 1296 3285 καὶ
1346 3233 1836 3302 ὲξεκυλίσθησαν
1876 3234 2029 3303 πρὸς

457 3314 576 3382 τὴν
601 3314 925 3384 ἐπιθυμίαν
948 3333 963 3346 ⁸
991 3316 1099 3369 ἀπὸ
1125 3317 1331 3371 τούτων
1350 3320 1511 3372 πάλιν
1532 3320 1613 3383 είς
1633 3322 1912 3391 χρήματα.
1954 3323 2028 3376 Τὸ

460 3403 572 3474 γάρ
617 3402 778 3455 πλέον
806 3402 951 3473 ἔχειν
975 3403 1150 3458 θέλειν
1193 3404 1288 3459 τοῦ
1342 3405 1570 3474 πλησίον
1625 3409 1683 3460 ἐν
1707 3411 1818 3471 τοῖς
1843 3410 2026 3478 βιωτι-

456 3494 595 3555 κοῖς,
638 3491 936 3562 οὐδαμόθεν
971 3492 1196 3547 άλλοθεν
1235 3494 1480 3562 γίνεται,
1515 3495 1632 3548 ἀλλ’
1656 3495 1689 3565 ἢ
1716 3499 1781 3550 ὲκ
1804 3497 1900 3550 τοῦ
1925 3498 2028 3568 ψυ-

458 3579 624 3649 γῆναι
644 3582 746 3651 τὴν
771 3580 995 3652 ἀγάπην
1023 3598 1038 3614 ⁸
1069 3581 1131 3634 τὸ
1166 3581 1329 3636 πλέον
1357 3582 1503 3651 ἔχειν
1522 3581 1696 3636 θέλειν
1726 3585 1827 3638 οὐκ
1862 3586 2027 3640 ἀλλα-

456 3666 617 3741 χόθεν
672 3667 903 3733 γίνεται,
943 3668 1132 3740 ἀλλ’ἢ
1175 3668 1233 3734 ἐξ
1277 3669 1535 3733 ἀπονοίας
1589 3674 1683 3724 καὶ
1720 3672 2029 3743 μισανθρω-

457 3757 584 3818 πίας
628 3756 722 3809 καὶ
773 3755 1095 3826 ὑπεροψίας.
1132 3757 1244 3826 Οὐχ
1282 3758 1415 3828 ὁρᾷς
1463 3757 1563 3828 τὴν
1601 3759 1705 3829 γῆν
1732 3760 1831 3830 ὅση
1864 3760 2024 3827 ἐστίς

458 3844 574 3907 πῶς
601 3843 780 3922 πολλῷ
808 3844 1004 3913 μείζων
1024 3846 1125 3914 τῆς
1158 3840 1350 3922 χρείας
1378 3844 1528 3899 ἐστὶν
1558 3848 1587 3900 6
1643 3847 1773 3918 ἀήρ,
1803 3849 1833 3900 6
1858 3848 2026 3919 οὐρα-

456 3931 545 3995 νός
568 3951 583 3999 ;
608 3918 743 3986 ’Ἵνα
765 3933 877 4003 γάρ
907 3949 1002 3986 σου
1037 3933 1137 4004 τὴν
1175 3918 1491 3999 πλεονεξίαν
1516 3935 1682 4008 σϐέσῃ
1715 3938 1744 3989 6
1776 3918 2028 4004 Θεὸς,είς

454 4017 709 4072 τοσοῦτον
739 4019 938 4091 μέτρον
960 4020 1029 4073 τά
1050 4021 1324 4091 κτίσματα
1345 4021 1581 4091 ἐξήγαγε
1616 4039 1631 4053 ⁸
1674 4024 1739 4077 σύ
1772 4023 1830 4077 δὲ
1856 4026 2029 4097 ἀρπά-

456 4104 567 4169 ζεις
627 4106 723 4158 καὶ
775 4104 937 4172 οὕτω,
999 4107 1093 4160 καὶ
1133 4106 1351 4170 ἀκούεις
1402 4108 1485 4161 ὅτι
1528 4108 1946 4182 εἰδωλολατρεία
1992 4114 2025 4185 ἡ

456 4192 759 4258 πλεονεξία,
800 4193 894 4245 καί
954 4193 1075 4245 οὐδὲ
1107 4192 1249 4246 οὕτω
1282 4194 1567 4266 φρίττεις;
1598 4196 2026 4269 κληρονομῆσαι

453 4279 554 4348 τῆν
574 4279 678 4348 γῆν
714 4280 888 4343 θέλεις
913 4297 929 4343 ;
966 4279 1117 4333 Ἀλλ’
1146 4281 1248 4334 οὐκ
1296 4281 1447 4352 ἔχεις
1475 4286 1534 4337 ἐν
1554 4282 1632 4354 τῷ
1652 4285 1873 4358 οὐρανῷ
1895 4287 2028 4360 κληο

458 4367 737 4438 ρονομίαν,
775 4367 865 4421 ἵνα
885 4367 1081 4421 σαυτὸν
1103 4368 1487 4442 ἀποστερήσῃς
1517 4391 1533 4439 ;

524 4455 585 4507 δ’,
629 4454 764 4506 Εἰπέ
811 4471 921 4525 μοι,
971 4454 1026 4507 εί
1050 4455 1134 4517 τίς
1163 4472 1244 4508 σοι
1270 4459 1532 4528 παρεῖχεν
1570 4458 1821 4525 ἐξουσίαν
1841 4461 2027 4519 λαϐεῖν

454 4541 692 4605 ἅπαντα,
726 4536 835 4609 ἆρα
856 4542 958 4599 οὐκ
988 4541 1054 4594 ἂν
1077 4540 1350 4613 ἠθέλησας
1376 4561 1391 4608 ;
1418 4545 1635 4600 Ἐνεστι
1652 4547 1769 4612 νῦν,
1800 4547 1896 4601 ἐὰν
1909 4549 2028 4620 βούσ

454 4625 540 4697 λῃ.
573 4627 766 4680 Καίτοι
805 4629 950 4692 τινές
989 4644 1153 4696 φασιν
1172 4669 1188 4694 ,
1214 4630 1297 4683 ὃτι
1335 4632 1616 4700 ἀλγοῦσιν,
1644 4635 1775 4689 ὃταν
1803 4637 1883 4699 εἰς
1908 4638 2026 4690 ἐτέ-

458 4732 581 4787 ρους
612 4716 704 4769 τὸν
739 4716 942 4786 κλῆρον
977 4720 1418 4790 παραπέμπουσι,
1451 4723 1546 4775 καὶ
1572 4722 1858 4778 ἐϐούλοντο
1880 4721 2023 4780 εἶναι

453 4804 873 4875 κατεδηδοκότες
894 4806 1056 4859 αὐτὸν
1083 4807 1303 4876 μᾶλλον,
1335 4810 1367 4879 ἢ
1400 4811 1623 4882 ἑτέρους
1646 4815 1778 4883 ὁρᾷν
1803 4815 2027 4885 κυρίους

452 4891 798 4961 γενομένους.
841 4894 977 4947 Οὐδὲ
1017 4894 1129 4963 ἐγώ
1185 4912 1251 4948 σει
1298 4897 1503 4968 ταύτης
1559 4900 1886 4955 ἀπαλλάττω
1926 4903 2024 4971 τῆς

452 4977 733 5042 ἀσθενείας
765 4996 780 5011 ⁸
811 4981 1072 5045 ἀσθενοῦς
1112 4983 1211 5053 μὲν
1264 4982 1372 5054 γὰρ
1424 4987 1521 5038 καὶ
1578 4986 1737 5040 τοῦτο
1793 4988 1973 5058 ψυχῆς
2001 5006 2016 5021 ·

452 5068 591 5140 πλὴν
613 5068 726 5120 ἀλλ’
775 5070 923 5139 ὅμως
954 5071 1059 5124 κᾶν
1082 5072 1239 5125 τοῦτο
1284 5074 1521 5142 γινέσθω
1546 5091 1559 5102 ⁸
1588 5077 1647 5129 ἐν
1673 5080 1795 5140 ταῖς
1826 5078 2019 5148 διαθή..

452 5174 577 5220 καις
604 5157 695 5210 τὸν
743 5158 976 5229 Χριστὸν
1024 5160 1287 5214 κατάλιπε
1343 5163 1700 5233 κληρονόμον.
1738 5166 1886 5219 Ἔδει
1923 5168 2025 5236 μὲν

454 5245 561 5316 γὰρ
586 5245 765 5309 ζῶντα
784 5263 797 5275 ⁸
838 5245 997 5299 τοῦτο
1020 5248 1138 5318 γάρ.
1156 5250 1532 5320 προαιρέσεως
1558 5252 1726 5322 ὀρθῆς
1760 5248 1835 5325 ἦν
1854 5271 1866 5285 ⁸
1902 5255 2029 5308 ἁλλ“

452 5335 602 5404 ὅμως
635 5336 738 5389 κᾶν
761 5336 865 5389 ὐπὸ
892 5336 991 5403 τῆς
1019 5337 1263 5408 ἀνάγκης
1287 5339 1447 5406 γενοῦ
1467 5340 1895 5413 φιλοτιμότερος.
1911 5346 2023 5398 Καὶ

454 5423 561 5490 γὰρ
586 5424 613 5475 6
640 5423 876 5493 Χριστὸς
904 5423 994 5476 διὰ
1019 5422 1179 5476 τοῦτο
1206 5425 1507 5494 προσέταξε
1543 5428 1742 5482 διδόναι
1767 5430 2029 5500 πένησιν,⁸

456 5508 539 5564 ἴνα
573 5507 781 5573 ζῶντας
818 5511 966 5581 ἡμᾶς
1009 5511 1332 5579 φιλοσόφους
1367 5514 1690 5584 ἐργάσηται,
1739 5517 1829 5570 ἵνα
1857 5519 2031 5591 πείσῃ,

512 5810 723 5865 “lude:
747 5824 872 5866 unus
898 5819 950 5861 et
968 5824 1121 5876 marg.
1148 5812 1318 5873 Sa\il.,
1345 5816 1621 5875 μετήγαγον.

1173 401 1236 458 S.
1272 399 1560 458 JOANNIS
1598 396 2096 459 CHRYSOSTOMI
2134 397 2453 456 ARCHIEP.
2494 398 3039 457 CONSTANTINOP.

3612 395 3715 452 126

2150 513 2449 584 χρημάτων
2494 518 2875 587 καταφρονεῖν,
2911 511 3059 586 [152]
3085 513 3170 567 ἵνα
3211 512 3483 584 ὐπερορᾷν
3524 510 3711 586 διδάξῃ

2144 599 2252 653 τῶν
2278 603 2502 671 γηΐνων.
2532 604 2704 657 Τοῦτο
2729 604 2829 656 οὐκ
2862 603 2978 654 ἔστι
3010 600 3311 671 χρημάτων
3342 599 3711 670 ὐπεροψία,τὸ

2142 687 2480 743 τελευτῶντα
2518 691 2611 743 καὶ
2641 692 2742 745 οὐκ
2780 690 2912 743 ὄντα
2962 689 3151 759 κύριον
3181 687 3259 758 τῷ
3293 688 3424 740 δεῖνι
3450 687 3710 759 παρέχειν

2144 776 2238 828 καὶ
2258 776 2337 846 τῷ
2363 778 2495 831 δεῖνι
2524 793 2542 810 ⁸
2570 778 2671 831 οὐκ
2707 780 2773 831 ἐκ
2798 778 2907 830 τῶν
2952 776 3060 830 σῶν
3088 776 3246 840 δίδως
3265 775 3481 842 λοιπὸν,
3512 776 3627 829 ἀλλ’
3649 778 3708 844 ἐξ

2140 863 2313 933 αὐτῆς
2338 864 2708 934 τῆςάνάγκης
2737 880 2752 896 ⁸
2787 863 2865 934 τῷ
2896 864 3110 933 θανάτῳ
3139 863 3319 934 χάρις,
3346 864 3407 916 οὐ
3443 863 3524 915 σοί
3549 879 3563 895 ⁸
3584 863 3709 917 τοῦ·

2140 966 2201 1002 το
2236 952 2338 1005 οὐκ
2373 953 2489 1004 ἔστι
2539 953 2941 1023 φιλοστοργίας,
2974 952 3091 1005 ἀλλ’
3115 953 3403 1022 ἐπηρείας.
3436 950 3585 1022 Πλὴν
3604 952 3709 1005 κᾶν

2140 1036 2282 1090 οὕτω
2314 1038 2572 1103 γινέσθω,
2606 1038 2705 1093 κᾶν
2740 1041 2862 1092 τότε
2891 1039 3055 1091 λῦσον
3087 1038 3149 1092 τὸ
3181 1039 3371 1102 πάθος.
3414 1038 3705 1106 Ἐννόησον

2139 1124 2240 1177 ὅσα
2287 1126 2567 1196 ἥρπασας,
2615 1127 2717 1180 ὅσα
2769 1125 3245 1196 ἐπλεονέκτησας·
3279 1126 3457 1179 πάντα
3506 1127 3706 1191 ἀπόδος

2140 1214 2514 1284 τετραπλάσια
2542 1230 2556 1246 ⁸
2593 1216 2765 1278 οὐτως
2803 1216 3141 1286 ἀπολόγησαι
3182 1215 3261 1286 τῷ
3284 1215 3706 1286 Θεῷ.Ἀλλέίσί

2138 1318 2283 1365 τινες
2345 1305 2426 1367 είς
2471 1304 2628 1357 τοῦτο
2674 1305 2871 1375 μανίας
2907 1306 3140 1377 ἥκοντες
3171 1307 3268 1358 καὶ
3291 1305 3613 1376 πηρώσεως,
3650 1304 3705 1358 οἱ

2138 1388 2258 1441 οὐδὲ
2295 1389 2414 1443 τότε
2445 1392 2709 1462 συνορῶσι
2729 1394 2791 1447 1:6
2817 1393 2935 1447 δέον
2966 1409 2980 1423 ⁸
3014 1392 3129 1446 ἀλλ’
3154 1392 3343 1464 ῶσπερ
3365 1392 3699 1455 σπουδάζον-

2136 1491 2229 1539 τες
2261 1476 2644 1548 χαλεπὼτερον
2692 1482 2905 1545 ἑαυτοῖς
2954 1479 3295 1551 ἐργάσασθαι
3352 1479 3445 1533 τοῦ
3483 1479 3619 1533 Θεοῦ
3639 1480 3706 1533 τὸ

2138 1565 2332 1634 κρῖμα,
2357 1563 2531 1629 οὕτως
2561 1565 2779 1619 ἅπαντα
2808 1568 3132 1638 πράττουσι.
3159 1567 3258 1620 Διά
3286 1567 3443 1619 τοῦτο
3471 1569 3498 1620 ὁ
3523 1568 3703 1637 μακά-

2138 1665 2253 1718 ριος
2279 1644 2431 1713 οὗτος
2464 1651 2616 1720 ἔλεγε
2645 1653 2870 1724 γράφων
2903 1670 2917 1684 ⁸
2970 1652 3068 1718 Ὡς
3091 1652 3277 1707 τέκνα
3308 1655 3503 1722 φωτὸς
3535 1670 3701 1722 περι-

2137 1739 2391 1791 πατεῖτε.
2409 1738 2468 1790 '0
2493 1739 2551 1792 δὲ
2581 1739 2910 1809 πλεονέκτης
2939 1742 3173 1809 μάλιστα
3196 1742 3255 1794 ἐν
3292 1742 3469 1811 σκότῳ
3492 1742 3580 1812 ζῇ.
3604 1741 3704 1794 καὶ

2138 1824 2329 1888 σκότος
2376 1827 2511 1881 πολὺ
2563 1827 2952 1891 κατασκεδάζει
2983 1830 3219 1882 πάντων.
3248 1828 3380 1889 Καὶ,
3407 1829 3501 1893 Μὴ
3530 1842 3684 1897 συγ-

2135 1914 2481 1981 κοινωνῆτε,
2528 1916 2662 1986 φησι
2689 1958 2703 1979 ,
2732 1915 2858 1981 τοῖς
2886 1914 3083 1984 ἔργοις
3113 1914 3240 1979 τοῖς
3273 1914 3564 1982 ἀκάρποις
3590 1914 3706 1969 τοῦ

2134 2001 2413 2065 σκότους,
2442 2000 2688 2069 μᾶλλον
2726 2002 2794 2054 δὲ
2826 2003 2923 2055 καὶ
2951 2001 3230 2070 ἐλέγχετε
3257 2017 3271 2032 ⁸
3303 2002 3376 2054 τὰ
3406 2002 3518 2069 γὰρ
3556 2019 3702 2069 κρυ-

2132 2086 2221 2153 φῇ
2235 2089 2514 2157 γινόμενα
2541 2089 2642 2142 ὑπ’
2664 2088 2883 2144 αὐτῶν.
2910 2091 3166 2157 αἰσχρόν
3183 2089 3314 2142 ἐστι
3343 2089 3441 2142 καὶ
3472 2088 3696 2158 λέγειν.

2140 2174 2214 2226 Τὰ
2238 2172 2306 2225 δὲ
2329 2173 2544 2240 πάντα,
2580 2175 2947 2245 ἐλεγχόμενα
2987 2176 3107 2231 ὑπὸ
3140 2176 3245 2230 τοῦ
3274 2175 3492 2245 φωτὸς,
3514 2194 3701 2247 φανε-

2124 2261 2357 2329 ροῦται.

2214 2346 2527 2412 Ἀκούσατε,
2571 2349 2895 2420 παρακαλῶ,
2933 2351 3134 2414 πάντες
3177 2352 3290 2404 ὅσοι
3335 2350 3396 2403 οὐ
3444 2349 3699 2421 βούλεσθε

2131 2432 2252 2501 εἰκῆ
2282 2431 2581 2501 μισεῖσθαι.
2614 2432 2948 2503 Ἀρπάζειὶι,
2979 2436 3072 2486 καὶ
3102 2435 3204 2486 οὐκ
3225 2436 3502 2503 ἐλέγχεις;
3541 2434 3701 2488 Ἀλλά

2130 2514 2371 2579 δέδοικας
2412 2515 2472 2568 τὸ
2512 2519 2686 2585 μῖσος.
2723 2517 2915 2570 Καίτοι
2943 2517 3045 2570 οὐκ
3073 2518 3221 2570 ἔστιν
3262 2520 3385 2590 εἰκῆ
3422 2519 3698 2589 μισεῖσθαι

2128 2597 2285 2650 τοῦτο
2304 2613 2316 2625 ⁸
2339 2598 2474 2652 ἀλλά
2493 2599 2715 2663 δικαίως
2735 2600 2996 2670 ἐλέγχεις,
3028 2602 3120 2653 καὶ
3140 2601 3384 2664 δέδοικας
3409 2602 3468 2653 τὸ
3502 2604 3656 2671 μῖσος
3677 2617 3696 2665 ;

2128 2679 2345 2747 ἔλεγξον
2369 2681 2462 2734 τὸν
2480 2682 2729 2752 ἀδελφὸν,
2755 2682 3009 2747 ἀναδέξαι
3030 2682 3229 2753 ἔχθραν
3247 2684 3333 2736 διὰ
3359 2684 3455 2752 τὴν
3477 2683 3696 2751 ἀγάπην

2128 2762 2226 2833 τήν
2252 2765 2331 2826 εἰς
2358 2765 2449 2817 τὸν
2481 2766 2733 2835 Χριστὸν,
2765 2766 2852 2819 διά
2876 2768 2973 2837 τὴν
3007 2767 3230 2837 ἀγάπην
3259 2767 3356 2837 τήν
3385 2770 3464 2829 εἰς
3491 2766 3653 2818 αὐτόν
3679 2782 3695 2795 ⁸

2129 2845 2371 2898 κώλυσον
2418 2847 2580 2900 αὐτὸν
2614 2850 2693 2911 εἰς
2735 2848 3006 2920 βάραθρον
3052 2851 3444 2920 ἀπερχόμενον.
3486 2850 3558 2902 Τὸ
3588 2850 3701 2920 γὰρ

2127 2928 2409 2998 τραπέζης
2427 2931 2752 3000 κοινωνῆσαι
2766 2934 2859 2985 καὶ
2875 2936 2943 3003 ρη
2952 2932 3137 3002 μάτων
3152 2931 3404 3003 χρηστῶν
3423 2934 3513 2985 καὶ
3533 2950 3699 3003 προσ-

2129 3012 2343 3082 ρήσεως
2374 3016 2467 3068 καὶ
2493 3015 2726 3084 τρυφῆς,
2758 3015 2819 3066 οὐ
2852 3015 3055 3085 σφόδρα
3088 3015 3269 3084 φιλίας
3298 3014 3434 3068 ἐστί.
3460 3016 3699 3069 Τοιαῦτα

2126 3097 2239 3156 τοῖς
2268 3097 2441 3165 φίλοις
2473 3097 2629 3168 ήμῶν
2663 3098 3017 3168 χαριζώμεθα
3054 3098 3224 3168 δῶρα.
3268 3098 3353 3150 ἵνα
3384 3099 3482 3170 τὴν
3517 3099 3699 3169 ψυχὴν

2127 3178 2305 3232 αὐτῶν
2331 3180 2641 3251 ἐξέλκωμεν
2676 3183 2783 3235 ἀπὸ
2809 3182 2907 3253 τῆς
2946 3184 3116 3252 ὀργῆς
3150 3182 3245 3235 τοῦ
3283 3181 3416 3234 Θεοῦ
3446 3199 3459 3211 ⁸
3486 3184 3567 3245 είς
3596 3183 3698 3254 τὴν

2128 3262 2355 3333 κάμινον
2385 3265 2671 3334 κειμένους
2700 3266 2893 3328 αὐτοὺς
2922 3267 3154 3337 ὁρῶντες
3180 3267 3276 3334 τῆς
3309 3266 3527 3327 κακίας,
3566 3266 3698 3320 ἀνα-

2129 3346 2437 3416 στήσωμεν.
2486 3348 2621 3400 Ἀλλ’
2666 3348 2726 3400 οὐ
2754 3348 3075 3419 διορθοῦται,
3115 3348 3298 3418 φησίν.
3344 3348 3504 3399 Ἀλλά
3543 3348 3608 3400 σὺ
3635 3349 3697 3401 τὸ

2129 3429 2328 3483 σαυτοῦ
2352 3431 2577 3501 πρᾶξον,
2614 3434 2710 3486 καὶ
2737 3432 3061 3503 ἀπελογήσω
3089 3431 3167 3502 τῷ
3188 3430 3326 3501 Θεῷ.
3361 3431 3453 3503 Μὴ
3481 3432 3698 3505 κρύψῃς

2126 3513 2187 3565 τὸ
2200 3513 2458 3568 τάλαντον
2479 3531 2494 3545 ⁸
2516 3514 2604 3568 διὰ
2620 3515 2777 3568 τοῦτο
2800 3516 2954 3582 λόγον
2974 3516 3140 3585 έχεις,
3159 3516 3246 3568 διά
3268 3516 3427 3568 τοῦτο
3445 3516 3699 3584 γλῶσσαν

2128 3594 2225 3647 καὶ
2246 3596 2441 3667 στόμα,
2469 3598 2555 3650 ἴνα
2591 3597 2822 3668 διορθοῖς
2847 3599 2937 3651 τὸν
2967 3599 3212 3669 πλησίον.
3246 3598 3326 3650 Τά
3357 3598 3524 3666 ἄλογα
3560 3600 3698 3668 μόνα

2127 3680 2187 3732 οὐ
2220 3681 2493 3751 φροντίζει
2530 3682 2624 3734 τοῦ
2665 3681 2914 3752 πλησίον,
2946 3682 3067 3735 οὐδὲ
3095 3682 3253 3748 λόγον
3283 3681 3394 3751 ἔχει
3425 3681 3545 3734 τινά
3585 3682 3700 3737 τῶν

2126 3762 2302 3817 ἀλλων
2325 3781 2340 3795 ⁸
2374 3765 2438 3817 σὺ
2485 3765 2542 3818 δὲ
2570 3765 2785 3836 πατέρα
2817 3766 2998 3819 καλῶν
3039 3765 3131 3818 τὸν
3161 3764 3312 3830 Θεὸν,
3344 3765 3439 3818 καὶ
3467 3765 3695 3833 ἀδελφὸν

2126 3844 2218 3899 τὸν
2247 3846 2476 3917 πλησίον
2525 3847 2688 3918 ὁρῶν,
2728 3848 2891 3901 αὐτὸν
2917 3847 3089 3918 μυρία
3113 3847 3366 3900 ποιοῦντα
3401 3848 3568 3914 κακὰ,
3595 3849 3695 3917 τὴν

2126 3930 2287 3999 χάριν
2306 3930 2405 4002 τὴν
2428 3933 2558 4003 παρ’
2580 3932 2789 3985 ἐκείνου
2812 3932 2910 4000 τῆς
2929 3930 3194 3999 ὠφελείας
3211 3931 3374 3984 αὐτοῦ
3397 3932 3693 4003 προτίθης;

2126 4016 2241 4088 Μὴ,
2289 4016 2610 4088 παρακαλῶ.
2657 4015 2821 4069 Οὐδὲν
2867 4014 3008 4069 οὕτω
3041 4015 3221 4085 φιλίας
3260 4019 3577 4087 τεκμήριον,
3618 4018 3695 4081 ῶς

2127 4099 2187 4152 τὸ
2226 4099 2301 4170 μὴ
2329 4101 2590 4171 περιορᾷν
2630 4099 3042 4171 ἁμαρτάνοντας
3072 4100 3199 4162 τοὺς
3226 4098 3509 4169 ἀδελφούς.
3539 4096 3696 4164 Εῐδες

2127 4182 2540 4254 ὲχθραίνοντας;
2583 4184 2850 4238 διάλυσον.
2884 4179 3036 4245 Εἶδες
3067 4182 3555 4248 πλεονεκτοῦνταςς
3582 4184 3694 4238 κώ-

2126 4264 2303 4319 λυσον.
2341 4264 2493 4329 Εἶδες
2521 4266 2937 4336 ἀδικουμένους;
2978 4265 3277 4336 πρόστηθι⁸
3307 4267 3406 4318 οὐκ
3440 4266 3692 4331 ἐκείνοις,

2126 4348 2262 4401 ἀλλά
2291 4349 2473 4418 σαυτῷ
2490 4349 2741 4420 προτέρῳ
2756 4348 3015 4420 ἐχαρίσω.
3037 4348 3135 4401 Διά
3156 4348 3311 4402 τοῦτο
3339 4349 3481 4418 φίλοι
3503 4352 3692 4421 ἐσμὲν,

2128 4431 2213 4485 ἵνα
2236 4432 2495 4502 ἀλλήλους
2520 4432 2837 4502 ὠφελῶμεν.
2869 4430 3076 4494 Ἀλλως
3104 4431 3394 4486 ἀκούσεται
3419 4433 3568 4503 παρὰ
3598 4433 3692 4487 τοῦ

2126 4516 2304 4584 φίλου,
2346 4517 2439 4569 καὶ
2482 4515 2657 4579 ἄλλως
2701 4515 2851 4585 παρά
2881 4514 2974 4567 τοῦ
3007 4514 3261 4584 τυχόντος
3284 4532 3299 4544 ⁸
3340 4516 3432 4569 τὸν
3462 4517 3693 4587 τυχόντα

2127 4599 2456 4653 ὐποπτεύσει
2484 4599 2635 4663 ἴσως,
2678 4601 2774 4653 καὶ
2799 4599 2891 4651 τὸν
2918 4598 3239 4651 διδάσκαλον
3268 4599 3492 4669 ὁμοίως,
3521 4600 3611 4654 τὸν
3636 4601 3695 4655 δὲ

2127 4683 2278 4753 φίλον
2292 4683 2493 4736 οὐκέτι.
2515 4683 2595 4736 Τὰ
2611 4683 2723 4752 γὰρ
2739 4681 2937 4751 κρυφῇ
2958 4684 3257 4751 γινόμενα,
3271 4685 3529 4752 αἰσχρόν
3540 4685 3693 4746 ἐστι,

2126 4768 2280 4835 φησὶ,
2313 4767 2411 4820 καὶ
2443 4765 2664 4835 λέγειν.
2710 4766 2784 4819 Τὰ
2817 4766 2885 4819 δὲ
2914 4765 3129 4831 πάντα,
3171 4766 3539 4836 ἐλεγχόμενα
3574 4768 3695 4823 ὑπὸ

2125 4849 2232 4902 τοῦ
2265 4851 2479 4918 φωτὸς,
2520 4850 2901 4919 φανεροῦται.
2949 4850 3015 4901 Τί
3056 4849 3306 4916 βούλεται
3336 4850 3567 4905 ἐνταῦθα
3613 4854 3696 4905 εί·-

2126 4935 2281 4998 πεῖν;
2323 4934 2493 4986 Τοῦτο
2543 4932 2712 5001 λέγει,
2752 4934 2835 4985 ὅτι
2882 4933 2951 4986 τά
2999 4933 3099 5003 μὲν
3127 4932 3236 4984 τῶν
3279 4934 3694 5004 ἁμαρτημάτων

2127 5015 2359 5070 ἐνταῦθα
2401 5018 2574 5087 λάθρα
2616 5014 2763 5088 [155]
2794 5016 3024 5084 γίνεται,
3065 5016 3135 5068 τὰ
3170 5017 3227 5070 δὲ
3271 5020 3366 5069 καὶ
3400 5019 3647 5088 φανερῶς
3674 5035 3690 5050 ⁸

2125 5100 2316 5155 ἐκεῖδέ
2336 5100 2433 5170 οὐχ
2455 5100 2625 5162 οὕτως
2650 5100 2801 5152 ἔσται
2821 5114 2835 5127 ⁸
2860 5099 3033 5161 οὐδεὶς
3061 5100 3168 5170 γάρ
3197 5101 3344 5153 ἐστιν
3368 5103 3396 5153 ὁ
3421 5102 3495 5170 μὴ
3521 5118 3694 5154 συνει-

2124 5185 2229 5248 δὼς
2263 5184 2435 5253 ἑαυτῷ
2464 5184 2555 5237 ἐπὶ
2592 5185 2970 5254 ἁμαρτήματι.
3004 5184 3103 5236 Διά
3127 5184 3284 5237 τοῦτό
3323 5202 3474 5254 φησι·
3514 5185 3590 5238 Τὰ
3625 5184 3695 5238 δὲ

2125 5268 2342 5331 πάντα,
2370 5268 2740 5338 ἐλεγχόμενα
2766 5268 2885 5322 ὑπὸ
2923 5266 3030 5320 τοῦ
3054 5269 3271 5336 φωτὸς,
3309 5268 3689 5337 φανεροῦται.

2124 5353 2190 5405 Τί
2228 5348 2353 5417 οὗν;
2384 5353 2444 5405 οὐ
2474 5354 2605 5423 περὶ
2633 5352 3097 5421 είδωλολατρείας,
3137 5352 3293 5421 φησὶ,
3330 5354 3425 5406 καὶ
3457 5352 3692 5405 ἐνταῦθα

2124 5436 2281 5489 τοῦτο
2305 5437 2519 5506 εἴρηται
2543 5454 2557 5500 ;
2592 5436 2747 5506 Οὐχὶ,
2771 5434 2906 5487 ἀλλά
2937 5436 3064 5505 περὶ
3091 5436 3203 5504 βίου
3237 5434 3329 5488 καὶ
3357 5437 3691 5506 ἁμαρτημά-

2125 5537 2230 5573 των
2284 5520 2430 5571 ἐστὶν
2472 5520 2501 5571 6
2539 5517 2714 5586 λόγος.
2772 5515 2902 5571 Πᾶν
2950 5520 3059 5585 γὰρ
3098 5519 3165 5570 τὸ
3213 5520 3689 5587 φανερούμενον,

2183 5754 2214 5794 Β
2240 5754 2375 5802 Unus
2407 5753 2599 5816 Codex,_
2614 5752 2867 5816 μισεῖσθαι,
2902 5752 3024 5801 ἀλλά
3061 5751 3309 5815 φιλεῖσθαι.
3334 5751 3415 5808 Τίς
3438 5768 3517 5813 μοι
3537 5752 3690 5816 χρεία,

2128 5820 2260 5880 φησὶ,
2287 5816 2553 5877 μισεῖσθαι;
2588 5813 2827 5875 Ἃρπάζει.
