4100 6412
424 357 524 413 ΙΞῖ

422 478 613 527 adoras
644 477 973 524 creaturam.
1005 464 1141 518 Deus
1168 461 1311 517 enim
1341 475 1446 515 non
1473 459 1672 515 creavit
1692 459 1991 516 avaritiam.

424 562 520 617 sed
562 576 681 615 eam
725 558 927 613 invenit
968 554 1339 611 immoderatio
1386 561 1493 607 tute
1540 551 1989 621 inexplebilitatis.

426 654 557 709 Vide
582 663 757 706 autem
802 648 1060 705 insaniam
1103 656 1158 702 et
1203 661 1316 701 rem
1347 646 1505 715 plane
1546 644 1845 698 ridiculam.
1893 642 1993 708 Qui

424 747 564 801 idola
608 744 881 807 adorant,
907 741 1069 797 etiam
1110 753 1172 792 ea
1200 754 1314 807 qua:
1358 736 1583 790 adorant
1609 736 1909 800 honorant,
1940 743 1995 788 et

423 842 536 889 sive
564 834 846 904 quisquam
874 830 1147 903 quidpiam
1194 830 1247 882 in
1276 843 1341 882 ea
1370 827 1600 892 dixerit,
1634 828 1748 881 sive
1776 826 1996 880 maledi-

425 930 529 983 ctis
575 942 638 982 ea
678 924 839 981 fuerit
884 924 1210 987 insectatus,
1258 936 1320 976 ea
1364 918 1773 975 defenduntztu
1816 927 1993 971 autem

427 1032 693 1090 tamquam
721 1033 829 1088 pra:
852 1016 1077 1088 quadam
1100 1015 1356 1069 ebrietate
1379 1028 1493 1067 rem
1520 1011 1731 1077 adoras,
1751 1027 1865 1079 qua:
1890 1027 1993 1064 non

425 1112 596 1165 solum
628 1124 735 1164 non
764 1116 845 1163 est
886 1106 1049 1161 libera
1077 1120 1104 1157 a
1135 1104 1522 1174 vituperatione
1546 1142 1563 1168 ,
1592 1101 1683 1155 sed
1714 1101 1873 1155 etiam
1915 1110 1997 1153 est

428 1204 579 1272 plena
627 1199 923 1269 impietate.
951 1197 1308 1264 Quamobrem
1341 1203 1397 1249 tn
1438 1209 1498 1249 es
1525 1193 1604 1248 eis
1630 1193 1786 1263 longe
1812 1191 1992 1262 pejor:

427 1309 599 1363 neque
628 1293 771 1346 enim
801 1290 1166 1346 defensionem
1193 1287 1385 1342 alTerre
1414 1287 1613 1357 poteris
1639 1286 1781 1356 quod
1803 1300 1906 1339 non
1928 1284 1999 1339 sit

427 1385 645 1437 malum.
674 1382 786 1436 Etsi
834 1381 909 1435 illi
950 1380 1180 1435 maxime
1208 1387 1333 1431 sunt
1377 1377 1793 1441 inexcusabiles,
1829 1386 1884 1429 tu
1914 1384 1996 1429 ta-

426 1490 547 1529 men
577 1473 743 1528 multo
770 1470 972 1541 magis,
1001 1478 1059 1525 ut
1081 1469 1173 1539 qui
1199 1469 1475 1523 avaritiam
1506 1469 1700 1525 millies
1735 1482 1957 1522 accuses
1978 1508 1994 1531 ,

426 1575 479 1620 et
504 1580 597 1620 eos
629 1563 897 1633 vituperes
923 1563 1012 1631 qui
1037 1577 1154 1615 eam
1179 1561 1365 1616 colunt
1383 1601 1398 1627 ,
1428 1570 1480 1615 et
1504 1560 1554 1613 ei
1597 1559 1838 1614 serviunt
1862 1567 1917 1614 et
1944 1559 1997 1613 ei

428 1672 629 1712 morem
657 1663 869 1726 gerunt.
899 1653 958 1708 Si
980 1652 1141 1707 vultis
1171 1660 1345 1706 autem
1372 1692 1388 1715 ,
1416 1651 1790 1705 examinemus
1824 1649 1998 1704 unde-

430 1765 548 1803 nam
575 1748 645 1801 sit
671 1748 909 1815 ingressa
947 1742 1265 1798 idololatria.
1308 1742 1447 1796 Dicit
1488 1742 1701 1812 quidam
1748 1742 1997 1811 sapiens,

427 1838 567 1908 quod
596 1837 811 1907 quidam
857 1835 1007 1890 dives
1032 1834 1120 1905 qui
1167 1833 1505 1889 cruciabatur
1545 1833 1830 1887 immaturo
1859 1834 2000 1887 luctu

431 1926 559 1992 lilii,
592 1943 766 1996 neque
793 1926 969 1981 luctus
989 1925 1147 1979 ullam
1174 1923 1402 1978 habebat
1432 1924 1874 1987 consolationem,
1902 1923 2001 1979 hac

432 2020 675 2073 dolorem
706 2016 931 2081 leniens,
963 2016 1098 2069 facta
1123 2014 1355 2067 inanima
1385 2013 1614 2083 imagine
1642 2013 1758 2082 ejus
1784 2014 1874 2083 qui
1904 2030 1998 2068 ex-

429 2118 684 2168 cesserat.
708 2117 965 2178 perpetuo
1010 2120 1129 2159 eam
1170 2104 1417 2170 intuens,
1444 2103 1719 2157 videbatur
1749 2119 1842 2172 per
1867 2106 2001 2157 ima-

429 2202 603 2270 ginem
625 2214 747 2254 eum
772 2205 1031 2267 perpetuo
1073 2195 1267 2250 habere
1297 2195 1386 2264 qui
1415 2194 1741 2249 decesserat.
1773 2195 1999 2260 Quidam

431 2302 606 2346 autem
636 2290 975 2355 adulatores,
1006 2303 1231 2356 quorum
1261 2288 1403 2341 Deus
1431 2296 1619 2341 venter
1647 2296 1731 2341 est
1756 2328 1772 2351 ,
1805 2288 1859 2339 in
1887 2285 2002 2355 ejus

434 2384 695 2438 honorem
725 2383 961 2436 colentes
990 2380 1311 2449 imaginem,
1344 2392 1467 2432 eum
1499 2393 1703 2431 morem
1733 2377 2002 2446 perduxe-

438 2483 564 2529 runt
585 2473 650 2527 ad
680 2469 1193 2540 idololatriamlSap.
1218 2469 1306 2524 14.
1335 2467 1755 2537 15).|ntroducta
1779 2477 1853 2521 est
1880 2482 2007 2537 ergo

435 2568 501 2620 ab
530 2565 898 2621 imbecillitate
960 2562 1151 2616 animae
1172 2602 1187 2624 ,
1215 2576 1242 2612 a
1273 2559 1497 2614 rationis
1524 2571 1743 2628 experte
1781 2573 2008 2613 consue-

436 2658 618 2712 tudine
640 2696 655 2721 ,
687 2657 755 2709 ab
784 2652 1246 2708 immoderatione.
1274 2650 1388 2705 Non
1417 2650 1495 2705 sic
1533 2662 1709 2703 autem
1739 2650 1959 2703 avaritia
1988 2668 2003 2704 :

439 2764 559 2802 nam
591 2748 703 2815 ipsa
731 2759 945 2816 quoque
971 2752 1056 2799 est
1082 2743 1385 2797 introducta
1411 2743 1479 2796 ab
1513 2742 1779 2795 imbecilla
1805 2743 2003 2806 anima,

439 2857 617 2896 verum
640 2856 669 2893 a
707 2839 928 2910 pejore:
955 2853 1060 2891 non
1087 2837 1266 2890 amisit
1305 2836 1587 2906 quisquam
1618 2835 1806 2900 illium,
1840 2851 2011 2904 neque

442 2935 611 2988 luctus
627 2932 900 3001 quaerebat
920 2929 1191 2995 solatium,
1211 2942 1382 2997 neque
1399 2926 1762 2982 attrahebatur
1786 2928 1855 2982 ab
1879 2928 2010 2980 adu-

440 3024 738 3086 latoribus;
787 3021 881 3076 sed
932 3018 1237 3090 quomodo?
1280 3017 1393 3088 Ego
1448 3017 1601 3071 vobis
1641 3018 1837 3071 dicam.
1878 3017 2010 3072 Cain

443 3116 606 3171 Deum
634 3111 897 3168 fraudavit
924 3127 1017 3181 per
1036 3110 1311 3164 avaritiam
1346 3128 1359 3164 :
1388 3125 1511 3163 nam
1540 3109 1607 3163 iis
1633 3124 1750 3179 qua:
1778 3109 1857 3163 illi
1880 3110 1999 3164 dari

441 3206 719 3276 oportebat
746 3201 885 3273 apud
915 3218 974 3257 se
1000 3201 1241 3266 retentis,
1268 3216 1386 3271 qua:
1416 3200 1593 3270 ipsum
1626 3200 1824 3255 habere
1851 3214 2013 3271 Opor-

445 3301 609 3365 tebat,
638 3312 700 3352 ea
734 3296 810 3352 illi
834 3295 1045 3360 obtulit,
1074 3303 1129 3349 et
1154 3293 1350 3347 malum
1378 3308 1407 3345 a
1432 3293 1540 3347 Deo
1564 3293 1785 3362 incepit.
1809 3292 1939 3346 Nam
1967 3293 2011 3347 si

446 3405 544 3443 nos
585 3389 681 3443 Dei
726 3401 949 3449 sumus,
994 3384 1162 3439 multo
1204 3384 1372 3453 magis
1420 3383 1671 3453 primitiae
1710 3392 2014 3439 nostrarum

446 3480 872 3550 possessionum.
901 3477 1107 3532 Rursus
1132 3475 1201 3528 ab
1237 3475 1456 3528 avaritia
1487 3485 1601 3528 orta
1629 3483 1711 3529 est
1738 3475 2015 3528 mulierum

446 3571 701 3640 appetitio
730 3587 742 3618 :
773 3567 1015 3621 Viderunt
1036 3567 1170 3635 filias
1192 3566 1472 3631 hominum,
1491 3575 1538 3618 et
1564 3565 1783 3618 devoluti
1810 3575 1926 3619 sunt
1951 3567 2019 3619 ad

448 3661 898 3732 concupiscentiam
925 3657 1076 3726 (Gen.
1108 3657 1161 3712 6.
1186 3657 1244 3727 2)
1282 3674 1295 3708 :
1342 3658 1409 3710 ab
1435 3655 1519 3711 his
1545 3672 1733 3711 rursus
1760 3656 1825 3711 ad
1858 3672 2019 3725 pecu-

450 3755 586 3807 nias.
635 3751 767 3806 Nam
800 3750 937 3805 velle
967 3750 1087 3819 plus
1132 3748 1330 3802 habere
1357 3763 1516 3817 quam
1547 3748 1822 3817 proximus
1854 3748 1906 3802 in
1955 3749 2019 3802 iis

449 3861 566 3914 qute
596 3844 660 3897 ad
692 3843 829 3896 hanc
855 3841 1017 3894 vitam
1048 3840 1331 3910 pertinent,
1366 3852 1471 3892 non
1501 3836 1715 3892 aliunde
1742 3848 1822 3891 est
1842 3848 2019 3893 ortum

449 3950 611 4004 quam
636 3949 700 3987 ex
727 3948 792 3987 eo
819 3932 957 4000 quod
1010 3931 1280 3985 refrixerit
1321 3930 1553 3983 caritas:
1580 3930 1715 3983 velle
1762 3931 1880 3998 plus
1924 3933 2021 3983 ha-

452 4029 578 4082 bere
605 4041 710 4080 non
746 4024 959 4079 aliunde
980 4024 1150 4078 oritur
1178 4038 1334 4092 quam
1361 4038 1427 4076 ex
1454 4022 1754 4091 arrogantia
1778 4062 1793 4087 ,
1825 4030 1875 4076 et
1898 4022 2023 4077 odio

456 4118 729 4171 hominum
756 4126 811 4170 et
848 4124 1176 4183 contemptu.
1223 4113 1337 4168 Non
1364 4113 1513 4167 vides
1535 4122 1731 4182 quanta
1759 4114 1826 4166 sit
1856 4123 2020 4180 terra,

453 4219 510 4264 et
534 4208 800 4280 quomodo
817 4223 907 4261 aer
931 4217 986 4262 et
1007 4206 1196 4262 caelum
1219 4207 1290 4259 sit
1318 4206 1485 4258 multo
1509 4204 1680 4272 majus
1703 4219 1861 4273 quam
1887 4220 2024 4273 opus

454 4301 554 4355 sit?
579 4300 711 4356 Nam
746 4308 802 4354 ut
832 4300 972 4354 Deus
999 4308 1145 4353 tuam
1177 4298 1542 4367 exstingueret
1586 4297 1863 4351 avaritiam
1889 4339 1905 4363 ,
1934 4313 2023 4351 res

454 4405 660 4449 creatas
678 4393 743 4447 ad
766 4402 870 4447 tam
901 4405 1146 4462 magnam
1176 4389 1359 4443 eduxit
1384 4403 1689 4443 mensuram
1718 4405 1731 4444 :
1760 4397 1815 4441 tu
1844 4398 2021 4443 autem

457 4488 533 4540 sic
548 4498 756 4554 quoque
775 4483 935 4552 rapis,
955 4491 1008 4535 et
1031 4480 1183 4535 audis
1198 4479 1472 4533 aVaritiam
1495 4493 1615 4532 esse
1633 4477 1980 4532 idololatriam
2006 4496 2021 4534 :

459 4584 513 4630 et
541 4590 606 4629 ne
631 4576 707 4628 sic
733 4572 946 4643 quidem
973 4571 1197 4626 horres?
1229 4570 1318 4624 Vis
1345 4585 1466 4624 esse
1495 4568 1649 4624 heres
1695 4569 1887 4623 terrae?
1919 4568 2025 4622 Sed

461 4682 565 4719 non
611 4664 777 4718 habes
823 4665 874 4717 in
914 4663 1046 4718 cazlo
1080 4662 1431 4716 hereditatem
1465 4679 1477 4715 :
1507 4661 1739 4714 studium
1770 4661 1925 4731 ponis
1968 4669 2028 4714 ut

460 4756 580 4810 aliis
607 4756 875 4823 relinquas
906 4752 1280 4817 hereditatem,
1315 4762 1365 4805 te
1394 4752 1567 4820 ipsum
1598 4760 1776 4806 autem
1808 4751 2027 4821 privas?

531 4853 585 4902 4.
621 4849 713 4902 Dic
740 4846 1076 4915 mihi,siquis
1098 4845 1250 4899 daret
1272 4845 1367 4898 tibi
1395 4853 1712 4914 potestatem
1735 4844 2028 4913 accipiendi

463 4939 642 4994 omnia
661 4979 677 5003 ,
707 4952 775 4991 an
820 4936 1032 4991 nolles?
1057 4935 1207 4990 Licet
1234 4951 1364 5004 ergo
1386 4977 1401 5001 ,
1434 4936 1477 4989 si
1506 4936 1661 4990 velis.
1706 4935 1866 5004 Atqui
1897 4950 2032 4988 non-

466 5030 594 5085 nulli
622 5030 806 5086 dicunt
848 5044 909 5084 se
938 5027 1121 5083 dolere
1147 5067 1163 5093 ,
1191 5028 1333 5097 quod
1376 5027 1730 5081 hereditatem
1759 5028 2035 5081 transmit-

468 5130 580 5175 tant
606 5123 672 5175 ad
711 5120 843 5174 alios
863 5159 879 5183 ,
905 5126 959 5173 et
983 5117 1181 5171 vellent
1228 5117 1394 5185 magis
1419 5131 1538 5171 eam
1565 5116 1794 5172 exedere
1812 5158 1829 5182 ,
1873 5132 2033 5185 quam

472 5213 649 5268 videre
677 5211 810 5266 alios
849 5209 964 5279 ejus
991 5208 1254 5263 dominos.
1302 5206 1486 5277 Neque
1530 5223 1631 5277 ego
1678 5218 1730 5263 te
1768 5208 1940 5264 libero
1968 5210 2036 5266 ab

472 5308 575 5361 hac
596 5302 956 5359 imbecillitate
989 5318 1001 5353 :
1030 5315 1151 5353 nam
1194 5307 1277 5353 est
1305 5299 1407 5353 hoc
1439 5315 1649 5370 quoque
1679 5300 1959 5355 imbecilla:
1985 5310 2040 5355 et

474 5394 696 5449 inﬁrma)
723 5394 934 5447 animre.
960 5389 1067 5445 Sed
1099 5399 1273 5444 tamen
1299 5392 1399 5443 hoc
1425 5389 1611 5444 saltem
1636 5392 1726 5443 fiat
1749 5408 1763 5443 :
1793 5391 1845 5445 iu
1878 5400 2042 5445 testa-

475 5493 654 5540 mento
682 5484 925 5553 relinque
948 5482 1222 5537 Christum
1273 5480 1546 5536 heredem.
1586 5480 1720 5535 Nam
1767 5491 2042 5552 Oporteret

476 5578 690 5647 quidem
729 5578 1028 5637 viventem;
1054 5575 1156 5628 hoc
1181 5575 1324 5627 enim
1352 5582 1495 5627 esset
1538 5583 1683 5629 recte
1722 5572 1945 5628 instituti
1976 5575 2043 5629 li-

478 5669 590 5724 beri
609 5667 837 5731 arbitrii;
854 5665 947 5721 sed
961 5675 1137 5720 tamen
1156 5665 1283 5719 vela
1302 5665 1620 5720 necessitate
1637 5665 1731 5720 fias
1748 5666 2041 5721 liberalior.

492 5762 700 5816 Etenim
732 5765 1015 5829 prepterea
1043 5756 1288 5813 Christus
1312 5756 1468 5825 jussit
1510 5755 1640 5811 dare
1682 5756 2036 5827 pauperibus,

1290 346 1359 402 IN
1396 345 1611 402 EPIST.
1654 346 1744 401 AD
1783 343 2024 402 EPIIES.
2065 342 2216 397 CAP.
2258 342 2323 398 V.
2361 344 2593 402 HOMIL.
2633 343 2821 401 XVIII.

3569 344 3672 402 1‘25

2105 468 2161 511 ut
2190 474 2287 513 nos
2312 457 2555 515 viventes
2575 460 2826 516 redderet
2846 458 3222 530 philosophos,
3244 468 3303 515 ut
3329 462 3672 531 persuaderet

2098 551 2375 620 despicere
2403 555 2655 622 pecunias
2677 595 2690 617 ,
2719 565 2777 607 ut
2800 553 3019 608 doceret
3046 563 3255 608 terrena
3302 566 3670 609 contemnere.

2098 642 2211 697 Non
2239 654 2321 698 est
2348 645 2449 698 hoc
2480 647 2731 715 pecunias
2757 646 3038 714 despicere
3061 684 3077 710 ,
3126 644 3444 700 morientem
3481 657 3535 700 et
3564 664 3671 700 non

2098 735 2234 789 ultra
2256 736 2529 791 dominum
2559 737 2683 793 huic
2709 748 2764 793 et
2786 739 2859 793 illi
2884 739 3122 808 praebere
3152 757 3167 795 :
3201 756 3304 793 non
3327 740 3437 809 jam
3464 755 3531 794 ex
3561 744 3667 795 tuis

2097 826 2212 893 das,
2240 829 2331 883 sed
2359 845 2423 884 ex
2468 830 2581 900 ipsa
2614 834 2977 887 necessitate:
3007 832 3166 887 morti
3198 842 3280 888 cst
3327 834 3495 903 gratia
3518 874 3531 895 ,
3566 851 3671 888 non

2100 918 2193 973 tibi
2219 936 2232 973 :
2270 921 2370 975 hoc
2395 936 2502 976 non
2529 932 2611 977 est
2657 924 3083 988 benevolentiae,
3113 925 3207 980 sed
3238 926 3517 980 irrisionis.
3545 925 3669 980 Cte-

2100 1016 2269 1063 terum
2300 1012 2389 1067 vel
2429 1012 2506 1067 sic
2536 1013 2660 1081 fiat,
2694 1015 2777 1069 vel
2811 1024 2935 1070 tunc
2974 1017 3121 1070 solve
3156 1018 3341 1070 vitium
3386 1027 3441 1071 et
3469 1018 3661 1071 malam

2098 1103 2259 1157 animi
2312 1104 2669 1160 affectionem.
2720 1107 2904 1177 Cogita
2963 1122 3122 1177 quam
3177 1109 3343 1162 multa
3394 1109 3674 1177 rapueris,

2098 1212 2255 1267 quam
2299 1198 2467 1251 multa
2515 1214 2610 1267 per
2650 1201 2934 1254 avaritiam
2964 1200 3299 1269 possederis;
3342 1202 3506 1255 redde
3551 1217 3673 1255 om-

2099 1287 2246 1341 nium
2272 1288 2624 1357 quadruplum
2647 1306 2662 1353 ;
2690 1291 2760 1343 ita
2787 1290 2929 1359 apud
2970 1292 3134 1345 Deum
3163 1306 3378 1345 causam
3410 1302 3551 1343 tuam
3579 1291 3675 1345 de-

2099 1376 2276 1431 fende.
2307 1378 2410 1433 Sed
2436 1389 2563 1433 sunt
2611 1381 2850 1434 nonnulli
2894 1382 2983 1449 qui
3015 1398 3080 1435 eo
3104 1382 3321 1436 veniunt
3368 1382 3588 1435 insania:
3616 1390 3673 1436 et

2099 1468 2372 1532 caecitatis,
2403 1478 2463 1523 ut
2497 1485 2562 1523 ne
2592 1479 2718 1524 tunc
2743 1471 2961 1539 quidem
2990 1472 3207 1526 videant
3249 1472 3390 1541 quod
3421 1481 3671 1541 oportet,

2099 1560 2195 1614 sed
2224 1576 2287 1615 ac
2313 1561 2356 1614 si
2385 1561 2618 1615 studium
2650 1573 2889 1632 ponant,
2923 1572 2979 1616 ut
3009 1563 3103 1616 Dei
3125 1563 3381 1631 judicium
3407 1563 3511 1618 sibi
3541 1579 3667 1632 gra-

2100 1652 2218 1706 vius
2246 1653 2503 1716 efﬁeiant,
2531 1655 2603 1707 ita
2629 1664 2792 1723 agunt
2818 1655 3018 1708 omnia.
3045 1655 3339 1723 Propterea
3372 1655 3458 1710 hic
3485 1657 3675 1710 beatus

2102 1744 2314 1800 dicebat
2341 1745 2583 1800 scribens
2613 1763 2627 1799 :
2654 1744 2938 1814 Tamquam
2965 1747 3060 1815 ﬁlii
3085 1748 3212 1802 lucis
3232 1748 3502 1802 ambulate.
3532 1750 3675 1802 Ava-

2102 1850 2197 1890 rus
2218 1844 2399 1913 autem
2427 1837 2658 1890 maxime
2688 1836 2818 1890 vivit
2865 1836 2917 1890 in
2960 1837 3196 1893 tenebris
3219 1880 3233 1903 ,
3262 1849 3317 1893 et
3360 1854 3580 1909 magnas
3612 1840 3664 1894 in

2104 1942 2292 1982 omnes
2318 1928 2519 1997 spargit
2546 1928 2812 1983 tenebras.
2846 1929 2934 1996 Et,
2972 1928 3149 1984 Nolite
3198 1933 3565 1986 communicare
3599 1934 3681 1985 in-

2105 2016 2376 2086 fructuosis
2402 2019 2637 2088 aperibus
2664 2020 3003 2085 tenebrarum,
3030 2021 3192 2091 magis
3218 2032 3385 2075 autem
3411 2023 3679 2093 redargui-

2105 2121 2153 2163 te
2176 2125 2321 2180 :qua:
2334 2112 2467 2164 enim
2487 2112 2540 2163 in
2557 2112 2753 2165 occulto
2770 2112 2897 2175 ﬁunt
2913 2114 2975 2167 ab
2994 2114 3141 2183 ipsis,
3164 2125 3309 2183 turpe
3328 2126 3399 2168 est
3425 2129 3470 2169 et
3493 2118 3677 2171 dicere.

2111 2198 2294 2252 Omnia
2319 2211 2487 2254 autem
2511 2217 2626 2269 qua:
2651 2212 2943 2272 arguuntur
2971 2204 3233 2270 alumine,
3267 2207 3681 2276 manifestantur.

2178 2289 2256 2343 De
2274 2291 2569 2362 corrigendo
2600 2293 2850 2362 proximo.
2882 2323 2954 2334 ——
2980 2294 3175 2349 Audite
3195 2336 3211 2360 ,
3242 2310 3372 2364 rogo
3391 2336 3406 2361 ,
3436 2295 3683 2365 quicum-

2108 2398 2211 2453 que
2235 2399 2341 2437 non
2371 2384 2539 2437 vultis
2564 2384 2682 2438 sine
2708 2399 2865 2436 causa
2896 2384 3079 2439 haberi
3104 2386 3246 2440 odio.
3280 2386 3459 2456 Rapit,
3491 2399 3540 2441 et
3573 2405 3686 2442 non

2109 2473 2328 2543 arguis?
2354 2476 2422 2527 At
2446 2473 2599 2529 times
2620 2474 2821 2527 odium.
2849 2476 3006 2544 Atqui
3040 2492 3144 2529 non
3166 2475 3365 2530 esthoc
3385 2478 3503 2532 sine
3519 2492 3689 2533 causa

2109 2563 2235 2617 odio
2263 2563 2481 2630 haberi;
2528 2563 2622 2619 sed
2670 2564 2813 2633 juste
2838 2566 3016 2633 arguis
3040 2607 3055 2632 ,
3082 2575 3138 2620 et
3166 2567 3322 2621 times
3344 2566 3566 2622 odium?
3592 2584 3689 2623 ar-

2110 2670 2212 2724 gue
2228 2653 2469 2718 fratrem,
2492 2656 2705 2724 suscipe
2727 2656 3033 2709 inimicitias
3054 2665 3271 2726 propter
3295 2667 3437 2712 tuam
3463 2658 3514 2711 in
3531 2658 3690 2713 Chri-

2112 2758 2253 2800 stum
2283 2747 2582 2812 caritatem,
2616 2757 2833 2816 propter
2861 2756 3001 2800 tuam
3032 2748 3084 2801 in
3112 2748 3283 2817 ipsum
3310 2748 3646 2803 dilectionem
3669 2766 3684 2802 :

2113 2836 2336 2905 prohibe
2359 2851 2426 2891 ne
2451 2837 2564 2906 ipse
2584 2836 2741 2891 abeat
2773 2837 2822 2890 in
2846 2836 3173 2892 barathrum.
3192 2837 3325 2892 Nam
3348 2854 3547 2893 mensa:
3566 2854 3699 2895 esse.

2112 2926 2439 2997 participes,
2486 2934 2542 2981 et
2586 2926 2938 2996 benignorum
2982 2928 3270 2983 verborum
3295 2971 3311 2996 ,
3358 2939 3413 2984 et
3442 2930 3698 2999 jucundre

2115 3018 2473 3088 eloquutionis
2497 3058 2511 3082 ,
2537 3026 2591 3073 et
2615 3018 2953 3083 deliciarum,
2985 3034 3090 3073 non
3122 3029 3204 3074 est
3233 3019 3518 3075 admodum
3550 3022 3698 3076 ami-t

2116 3110 2274 3167 citiac.
2308 3110 2384 3165 Ea
2411 3111 2609 3165 nostris
2638 3110 2826 3164 amicis
2871 3110 3008 3165 dona
3054 3111 3343 3181 largiamur
3367 3153 3383 3177 ,
3412 3123 3467 3165 ut
3492 3129 3677 3168 eorum

2117 3204 2346 3256 animam
2373 3202 2441 3255 ab
2486 3202 2562 3255 ira
2595 3202 2686 3256 Dei
2720 3201 3086 3269 extrahamus,
3114 3202 3168 3257 in
3199 3203 3314 3258 vitii
3363 3203 3578 3259 fornace
3604 3206 3688 3259 vi-

2119 3296 2306 3348 dentes
2336 3310 2428 3349 eos
2468 3294 2709 3363 jacentes
2755 3294 3044 3363 erigamus.
3094 3297 3164 3349 At
3208 3310 3313 3349 non
3362 3298 3692 3365 corrigitur,

2122 3387 2314 3455 inquit.
2344 3384 2451 3459 Sed
2497 3384 2581 3439 fac
2612 3394 2668 3438 tu
2697 3385 2841 3453 quod
2868 3394 3016 3439 tuum
3047 3394 3162 3448 est,
3193 3397 3245 3440 et
3273 3387 3409 3455 apud
3442 3387 3606 3441 Deum
3633 3403 3704 3443 es.

2122 3486 2427 3530 excusatus.
2473 3474 2553 3529 Ne
2598 3475 2834 3529 occultes
2882 3474 3138 3530 talentum
3169 3492 3182 3528 :
3210 3486 3492 3545 propterea
3528 3477 3695 3533 habes

2122 3568 2407 3630 rationem,
2432 3576 2717 3635 propterea
2746 3565 2977 3635 linguam
3001 3576 3057 3621 et
3075 3580 3158 3633 os,
3183 3576 3242 3621 ut.
3263 3568 3499 3638 cei-rigas
3521 3569 3703 3638 proxi-x

2124 3672 2290 3710 mum.
2332 3654 2456 3711 Sola
2487 3656 2641 3710 bruta
2670 3671 2774 3709 non
2800 3664 2996 3724 gerunt
3019 3671 3201 3711 curam
3235 3659 3491 3728 proximi,
3522 3675 3701 3731 neque

2122 3750 2347 3803 aliorum
2376 3749 2536 3802 ullam
2565 3748 2766 3803 habent
2791 3748 3049 3802 rationem
3078 3767 3091 3801 :
3117 3758 3175 3803 ιιι
3206 3760 3383 3803 autem
3412 3750 3503 3819 qui
3528 3751 3694 3806 Deum

2124 3853 2282 3893 vocas
2318 3848 2542 3908 patrem,
2561 3848 2614 3891 et
2636 3838 2931 3906 proximum
2955 3837 3191 3905 fratrem,
3216 3839 3399 3894 videns
3417 3856 3540 3895 eum
3560 3844 3702 3899 mala

2124 3927 2407 3984 facientem
2449 3930 2764 3996 innmnera,
2814 3930 2930 3999 ejus
2958 3932 3180 4001 gratiam
3222 3933 3488 4002 praeponis
3530 3934 3700 4003 ipsius

2126 4019 2379 4073 utilitati?
2408 4018 2485 4074 Ne
2510 4020 2612 4074 hoc
2639 4019 2804 4075 facias
2822 4037 2971 4092 rogo.
2994 4020 3209 4076 Nullum
3238 4032 3319 4077 est
3338 4033 3542 4078 tantum
3566 4026 3701 4079 ami-

2124 4112 2263 4166 citiae
2289 4110 2567 4178 indicium,
2587 4122 2843 4182 quantum
2873 4112 3067 4166 fratres
3087 4125 3373 4182 peccantes
3397 4130 3503 4168 non
3526 4113 3710 4183 despi.

2126 4217 2269 4258 cere.
2292 4203 2478 4258 Vidisti
2503 4219 2596 4259 eos
2616 4218 2737 4259 esse
2759 4203 3035 4258 inimicos?
3063 4205 3364 4259 reconcilia.
3394 4204 3584 4259 Vidisti
3608 4223 3711 4262 eos

2126 4310 2223 4364 per
2248 4297 2523 4348 avaritiam
2558 4294 2806 4348 fraudare
2848 4304 2902 4348 et
2946 4294 3095 4363 plura
3142 4295 3456 4364 acquirere?
3488 4295 3709 4354 cohibe.

2127 4387 2320 4440 Vidisti
2373 4386 2563 4455 injuria
2588 4385 2768 4439 allici?
2799 4399 2892 4439 eos
2912 4384 3137 4441 defende
3162 4402 3175 4439 :
3202 4401 3308 4440 non
3339 4386 3464 4454 illis,
3494 4387 3589 4443 sed
3612 4389 3713 4448 ubi

2128 4476 2291 4547 priori
2317 4489 2376 4529 es
2396 4476 2741 4545 gratilicatus.
2764 4474 3046 4543 Propterea
3071 4489 3254 4529 sumus
3277 4476 3433 4530 amici
3458 4518 3472 4541 ,
3496 4486 3553 4531 ut
3576 4493 3704 4546 pro-

2128 4568 2294 4621 simus
2340 4566 2476 4621 alter
2517 4566 2690 4620 alteri.
2734 4567 2904 4619 Aliter
2942 4566 3121 4621 audiet
3144 4568 3212 4619 ab
3236 4568 3444 4635 amico,
3490 4568 3646 4623 aliter
3671 4585 3706 4625 λ

2130 4659 2362 4729 quolibet
2393 4675 2407 4710 :
2437 4656 2577 4712 hunc
2622 4656 2835 4711 habebit
2883 4657 3016 4712 forte
3063 4668 3403 4726 suspectum,
3429 4669 3484 4713 et
3511 4658 3703 4714 docto-

2130 4764 2246 4804 rem
2282 4749 2554 4811 similiter;
2602 4748 2831 4801 amicum
2856 4758 3032 4801 autem
3080 4763 3185 4803 non
3234 4749 3382 4802 item.
3418 4749 3544 4815 Quae
3574 4751 3711 4804 enim

2132 4842 2186 4895 in
2212 4842 2408 4894 occulto
2434 4841 2563 4911 ﬁunt
2601 4840 2663 4893 ab
2700 4840 2825 4909 ipsis
2847 4879 2862 4902 ,
2902 4847 3051 4908 turpe
3090 4849 3163 4893 est
3203 4850 3247 4893 et
3275 4841 3471 4907 dicere,
3515 4841 3712 4910 inquit.

2138 4934 2322 4988 Omnia
2342 4943 2537 4997 autem,
2564 4950 2677 5004 qua:
2701 4944 2983 5001 arguuntur
3008 4934 3275 5000 alumine,
3301 4936 3709 5003 manifestantur.

2135 5025 2273 5093 Quid
2303 5026 2389 5079 hic
2416 5026 2526 5079 vult
2570 5026 2789 5081 dicere?
2838 5025 2950 5079 lloc
2996 5024 3163 5079 dicit:
3196 5025 3297 5079 alia
3327 5026 3540 5095 quidem
3589 5042 3715 5095 pec-

2138 5129 2255 5173 cata
2309 5120 2445 5172 clam
2498 5118 2657 5183 ﬁunt,
2706 5117 2812 5171 alia
2860 5126 3035 5170 autem
3086 5118 3364 5172 manifeste
3408 5118 3564 5172 :illie
3615 5134 3709 5172 auo

2142 5218 2249 5263 tem
2280 5224 2383 5262 non
2412 5209 2490 5263 sic
2517 5210 2637 5262 erit.
2685 5207 2850 5262 Nemo
2899 5208 3040 5262 enim
3091 5216 3174 5262 est
3221 5210 3309 5277 qui
3356 5210 3557 5276 peccati
3609 5224 3720 5267 non

2142 5303 2213 5358 sit
2250 5304 2351 5356 sibi
2390 5303 2654 5356 conscius.
2694 5301 2980 5370 Propterea
3030 5300 3177 5363 dicit,
3215 5300 3418 5363 Omnia,
3470 5316 3584 5370 qua:
3626 5317 3718 5353 ar—

2144 5405 2366 5465 guuntur
2415 5411 2448 5447 a
2497 5394 2723 5459 lumine,
2771 5393 3181 5461 manifestantur.
3231 5390 3368 5457 Quid
3411 5392 3575 5460 ergo?
3623 5406 3721 5445 an-

2147 5500 2253 5537 non
2295 5484 2413 5547 hic,
2456 5484 2699 5555 inquies,
2743 5482 2810 5537 de
2849 5483 3143 5537 idololatria
3195 5481 3467 5550 loquitur?
3513 5482 3722 5552 Nequa.

2150 5591 2332 5645 quam.
2374 5575 2477 5629 Sed
2527 5575 2595 5630 de
2646 5577 2751 5627 vita
2802 5583 2857 5628 et
2904 5579 3133 5643 peccatis
3187 5574 3348 5628 verba
3400 5573 3543 5628 facit.
3600 5574 3725 5627 0m.

2154 5683 2216 5719 ne
2244 5667 2372 5720 enim
2398 5666 2533 5735 quod
2565 5667 2917 5734 manifestatur
2938 5706 2953 5731 ,
2979 5665 3181 5734 inquit,
3214 5666 3383 5718 lumen
3411 5675 3503 5719 est.
3530 5666 3728 5733 Quamd-

2153 5758 2337 5812 ohrem
2360 5799 2373 5825 ,
2406 5774 2534 5827 rogo
2559 5800 2574 5824 ,
2609 5773 2780 5830 neque
2829 5772 2922 5814 vos
2969 5756 3221 5813 dubitetis
3268 5772 3488 5827 arguere
3510 5800 3526 5825 ,
3557 5773 3730 5828 neque
