4100 6412
405 366 505 419 Ιῖτ

403 491 546 546 a-gre
574 473 757 529 feratis
799 472 843 527 si
886 471 1204 541 arguamini.
1247 470 1379 523 Nam
1409 468 1666 538 quamdiu
1696 469 1894 537 aliquid
1929 468 1987 521 lit

411 570 463 621 in
496 565 765 629 tenebris,
803 565 860 618 fit
888 564 1161 625 seeurins;
1193 561 1406 631 quando
1438 570 1615 614 autem
1659 560 1822 614 habet
1848 559 1986 613 mul-

408 669 491 713 tus
520 668 681 712 testes
703 672 887 710 eorum
917 671 1035 725 quia
1062 655 1216 718 fiunt,
1245 653 1598 705 illuminatur.
1629 651 1987 718 Quamobrem

410 750 587 804 omnia
623 748 851 802 maxime
886 760 1105 816 agamus
1132 755 1187 797 ut
1211 744 1432 797 fratrum
1467 752 1773 795 nostrorum
1801 742 1987 810 abiga-

408 855 529 895 mus
574 838 752 891 omnia
802 853 918 907 qua:
971 836 1035 889 ad
1080 843 1303 889 martem
1353 833 1590 897 ducunt,
1623 842 1678 886 ut
1719 832 1992 902 disperga-

404 946 531 985 mus
559 930 827 993 tenebras,
855 938 911 981 ut
940 927 1271 981 attrahamus
1296 925 1475 979 Solem
1515 924 1754 994 justitim.
1784 925 1918 979 Nam
1946 926 1991 980 si

411 1023 579 1077 multa
604 1022 704 1074 sint
738 1019 1041 1083 luminaria,
1070 1025 1126 1072 et
1153 1016 1363 1069 virtutis
1392 1017 1476 1069 via
1508 1016 1637 1085 ipsis
1664 1016 1767 1070 erit
1793 1017 1983 1083 facilis,

1137 359 1193 415 S.
1231 356 1507 413 JOANNIS
1541 354 2004 412 CIIRYSOSTUMI
2044 353 2355 409 ARCIIIEP.
2397 352 2924 410 CONSTANTINOP.

3576 359 3675 414 ΗΘ

2092 477 2145 522 ct
2175 468 2266 537 qui
2294 478 2418 521 sunt
2458 469 2512 521 in
2540 469 2776 522 tenebris
2816 468 2985 539 magis
3011 468 3479 539 deprchendemur
3504 514 3518 539 ,
3547 475 3668 529 iuu:

2091 560 2400 625 exoriente,
2432 571 2485 615 et
2517 562 2636 614 illas
2666 560 2965 616 auferente.
3016 562 3113 617 Sin
3139 572 3316 618 autem
3348 574 3536 619 contra
3559 607 3577 631 ,
3607 567 3675 619 tio

2099 652 2349 706 mendum
2371 662 2537 705 estne
2559 653 2656 720 ipsi
2678 653 3107 722 exstinguantur,
3127 655 3462 710 tenebrarum
3480 667 3534 711 et
3554 673 3676 725 pec-

2093 755 2336 799 catorum
2366 746 2723 799 crassitudine
2772 746 2941 799 lucem
2988 747 3271 811 vinci-nte,
3326 759 3380 802 et
3425 748 3675 819 abigento

2096 839 2210 905 ejus
2243 839 2696 907 perspicuitatem.
2740 838 2830 893 Sic
2872 854 3001 908 ergo
3026 839 3203 893 affecti
3243 840 3438 905 simus,
3472 850 3529 895 ut
3572 857 3674 895 no-
3705 848 3717 863 ’

2096 929 2179 983 bis
2211 930 2481 999 prosimus
2508 948 2522 994 ;
2555 939 2609 984 ut
2643 946 2737 999 per
2763 930 2941 983 omnia
2969 930 3195 1000 gloriam
3238 931 3542 986 emittamus
3578 932 3675 988 be-

2105 1020 2268 1088 nigno
2297 1029 2351 1074 et
2376 1020 2633 1075 clementi
2664 1021 2802 1086 Deo,
2836 1022 3006 1090 gratia
3038 1030 3093 1075 et
3122 1022 3465 1092 benignitate,
3495 1034 3601 1078 etc.

1836 1186 2182 1248 HOMILIA
2228 1189 2411 1249 XIX.

406 1314 537 1371 CAP.
565 1315 617 1372 5.
660 1331 716 1369 v.
744 1313 833 1369 15.
874 1311 1047 1366 Videte
1086 1312 1273 1377 itaque,
1313 1312 1516 1380 fratres,
1548 1309 1798 1378 quomodo
1845 1320 1996 1363 caute

482 1407 743 1462 ambuletis
768 1422 786 1460 :
818 1420 917 1457 non
938 1403 1081 1473 quasi
1097 1402 1409 1471 insipientes,
1436 1399 1522 1453 16.
1540 1400 1628 1452 sed
1650 1411 1702 1451 ut
1720 1400 1991 1469 sapientes,

480 1502 777 1554 redimentes
800 1507 996 1565 tempus
1016 1537 1030 1559 ,
1058 1493 1295 1564 quoniam
1310 1492 1415 1544 dies
1440 1490 1561 1543 mali
1591 1500 1727 1544 sunt.
1753 1492 1840 1543 17.
1859 1489 1994 1543 Pro-

478 1603 651 1661 pterea
677 1590 829 1642 nolite
855 1587 967 1655 ﬁeri
992 1584 1359 1654 imprudentes,
1390 1583 1479 1637 sed
1522 1582 1856 1650 intelligentcs
1882 1597 1997 1652 qua:

476 1686 540 1739 sit
571 1684 800 1737 voluntas
830 1680 1057 1734 Domini.

483 1781 536 1831 1.
571 1777 838 1845 Expurgat
867 1772 1043 1826 adlmc
1086 1769 1322 1825 radicem
1362 1766 1669 1821 acerbitatis
1697 1776 1749 1820 et
1777 1781 1993 1820 amaru—

410 1868 591 1924 lenti-.e
614 1907 630 1930 ,
655 1865 831 1919 adhuc
859 1860 1123 1916 exscindit
1151 1859 1487 1914 occasionem
1531 1858 1645 1910 ine.
1686 1855 1825 1924 Quid
1851 1857 1994 1911 enim

412 1957 585 2014 dicit?
623 1955 799 2009 Videte
820 1952 1074 2025 quomodo
1105 1959 1250 2003 caute
1274 1948 1561 2001 ambuletis.
1589 1947 1806 2002 Sciebat
1835 1947 1997 2017 Magi-

408 2062 578 2104 strum
609 2062 789 2111 suum,
817 2045 1111 2113 discipulos
1160 2042 1461 2095 mittentem
1508 2039 1647 2092 sicut
1675 2052 1804 2092 oves
1858 2039 1996 2092 inter

412 2148 567 2213 lupos
592 2182 608 2207 ,
634 2137 956 2210 praecepisse
986 2135 1089 2189 illis
1117 2146 1172 2187 ut
1198 2141 1382 2187 essent
1409 2131 1548 2185 sicut
1576 2130 1843 2185 columbae
1878 2146 1890 2183 :
1926 2127 1995 2182 Et

410 2235 570 2298 eritis,
599 2232 790 2299 inquit,
817 2228 1071 2296 simplices
1099 2226 1227 2279 sicut
1246 2224 1494 2276 coluntst
1523 2220 1734 2292 (Matth.
1755 2221 1844 2275 10.
1878 2221 1991 2289 16).

409 2325 546 2378 Cum
593 2336 719 2390 ergo
740 2327 795 2374 et
836 2320 975 2372 inter
1006 2316 1159 2385 lupos
1188 2323 1401 2379 essent,
1448 2323 1503 2366 et
1533 2312 1637 2366 illis
1670 2322 1994 2381 przeceptum

412 2425 560 2472 esset
611 2429 678 2468 ne
730 2411 1139 2473 ulciscerentur,
1191 2404 1285 2460 sed
1318 2403 1456 2458 male
1500 2412 1831 2472 paterentur,
1874 2401 1995 2475 ideo

414 2509 503 2563 tali
537 2506 908 2561 admonitione
952 2516 1085 2571 opus
1117 2498 1403 2553 habebant.
1438 2496 1598 2565 Atqui
1631 2496 1761 2549 satis
1792 2505 1906 2549 erat
1936 2496 1999 2547 il-

413 2600 501 2655 lud
529 2599 673 2669 prius
692 2595 760 2650 ad
785 2610 879 2650 eos
906 2592 1205 2648 reddendos
1229 2588 1605 2643 imbecilliores
1629 2601 1644 2639 :
1667 2601 1786 2640 cum
1818 2597 1995 2639 autem

413 2692 640 2746 duorum
659 2690 728 2742 sit
744 2686 1004 2750 accessio,
1027 2683 1200 2753 cogita
1222 2677 1709 2752 liyperbolein.Vide
1728 2692 1854 2746 ergo
1867 2694 1997 2746 quu-

413 2780 573 2839 modo
591 2780 783 2834 Paulus
800 2792 891 2830 eos
911 2777 1080 2829 munit
1101 2784 1155 2828 et
1175 2782 1313 2827 tutos
1330 2771 1502 2826 reddit
1523 2788 1536 2826 :
1560 2769 1733 2823 Videte
1747 2768 1996 2839 quomodo

413 2874 696 2929 ambuletis.
723 2871 947 2939 Integra:
963 2868 1210 2923 civitates
1230 2865 1487 2919 adversus
1516 2878 1610 2917 eos
1632 2861 1827 2916 bellum
1853 2875 1997 2929 gere-

418 2968 567 3031 bant,
592 2965 781 3017 domos
813 2962 973 3015 etiam
1006 2960 1301 3029 ingreSsum
1330 2966 1413 3011 est
1448 2956 1548 3010 hoc
1579 2954 1815 3009 bellum:
1850 2962 1999 3021 pater

416 3057 671 3111 adversus
696 3053 883 3118 liliutn,
916 3050 1056 3103 illius
1079 3049 1335 3103 adversus
1358 3057 1587 3118 patrem,
1616 3056 1786 3100 mater
1809 3045 1998 3100 adver-

414 3163 506 3202 sus
534 3147 693 3200 ﬁliam
716 3186 729 3208 ,
766 3144 868 3197 lilia
898 3142 1154 3195 adversus
1192 3150 1416 3193 matrem
1457 3137 1612 3191 divisi
1660 3144 1830 3191 erant.
1860 3135 1998 3202 Quid

416 3238 580 3293 vero?
649 3236 918 3289 undenam
968 3243 1123 3288 erant
1174 3246 1252 3285 ea:
1301 3228 1646 3283 divisiones?
1699 3228 1998 3281 Audierant

416 3332 684 3387 Christum
709 3329 978 3382 dicentem
1008 3343 1020 3378 :
1050 3326 1151 3389 Qui
1173 3334 1307 3376 amat
1329 3334 1521 3393 patrem
1544 3331 1631 3373 aut
1652 3332 1860 3374 matrem
1884 3321 1999 3389 plus

418 3440 571 3495 quam
600 3438 696 3486 me,
730 3437 829 3473 non
874 3428 945 3471 est
1004 3433 1083 3469 me
1131 3415 1314 3485 dignus
1360 3412 1523 3481 (Ibid.
1552 3427 1600 3465 v.
1625 3412 1739 3481 57).
1772 3411 1849 3465 Ne
1872 3425 1999 3479 ergo

421 3516 789 3572 existimarent
814 3526 935 3565 eum
964 3509 1098 3563 bella
1129 3517 1179 3561 et
1201 3522 1399 3575 pugnas
1418 3504 1609 3558 frustra
1636 3502 1997 3569 introducere,

421 3608 673 3680 quoniam
698 3620 885 3673 magna
910 3604 987 3656 ira
1015 3610 1131 3655 erat
1157 3600 1449 3663 exoritura,
1483 3598 1528 3652 si
1552 3598 1649 3666 ipsi
1677 3611 1889 3666 quoque
1929 3595 2001 3648 ir-

422 3700 632 3771 rupturi
682 3704 884 3762 essent,
918 3709 979 3747 ea
1009 3693 1076 3747 de
1126 3707 1285 3745 causa
1320 3690 1468 3756 dicit,
1530 3686 1706 3742 Videte
1748 3684 2000 3754 quomodo

423 3802 568 3847 caute
590 3788 874 3843 ambuletis.
907 3785 1020 3839 lloc
1042 3792 1144 3848 est,
1176 3792 1367 3851 przeter
1402 3779 1847 3850 prmdicationcm,
1894 3791 2001 3830 non

423 3882 636 3938 aliunde
683 3880 821 3933 dctis
874 3875 1209 3930 occasionem
1253 3869 2000 3941 suscipiendarumadversus

422 3990 519 4028 vos
547 3972 941 4026 inimicitiarum
973 3983 988 4019 :
1021 3968 1135 4019 haec
1159 3967 1269 4019 sola
1299 3965 1367 4016 sit
1394 3976 1553 4018 causa
1582 3971 1634 4015 et
1661 3961 1872 4015 occasio
1896 3960 2001 4013 ini-

427 4064 744 4119 micitiarmn
778 4076 791 4111 :
821 4071 980 4112 nemo
1005 4057 1081 4110 rei
1109 4054 1329 4108 alterius
1356 4053 1406 4106 iu
1448 4067 1542 4105 vos
1584 4052 1786 4105 crimen
1828 4052 2003 4103 inten-

426 4159 551 4220 dat;
597 4153 691 4209 sed
736 4162 791 4207 et
824 4150 1081 4203 honorem
1111 4156 1165 4201 et
1189 4160 1401 4200 omnem
1447 4144 1713 4199 ostendite
1747 4142 2002 4196 obedien-

429 4250 590 4312 tiam,
641 4242 857 4315 quando
903 4239 1035 4295 nihil
1077 4238 1236 4292 ltedet
1278 4235 1745 4307 praadicationem,
1788 4233 2002 4303 quando

430 4341 559 4394 nihil
595 4337 845 4407 impediet
869 4334 1141 4403 pietatem.
1174 4330 1404 4394 Reddite,
1435 4328 1626 4397 inquit,
1656 4326 1885 4380 omnibus
1914 4325 2004 4376 de-

427 4432 549 4490 bita,
568 4430 645 4481 cui
667 4427 924 4489 tributum,
951 4422 1211 4486 tributum,
1230 4421 1309 4474 cui
1339 4418 1570 4489 vectigal,
1590 4416 1800 4485 vectigal
1826 4414 2000 4485 (Rom.

430 4523 518 4578 l3.
541 4524 619 4588 7).
649 4517 872 4586 Quando
898 4516 1039 4570 enim
1067 4514 1117 4566 in
1143 4512 1259 4566 aliis
1291 4510 1521 4564 viderint
1550 4523 1644 4562 vos
1679 4522 1798 4561 esse
1823 4522 2003 4576 :equos

431 4626 481 4670 et
513 4615 709 4679 bonos,
735 4610 938 4680 pudore
956 4605 1348 4661 sull'undentur.
1383 4600 1503 4655 Non
1529 4601 1673 4671 quasi
1692 4600 2002 4664 insipientes,

434 4706 522 4760 sed
554 4714 805 4772 tamquam
832 4700 1098 4768 sapientes,
1153 4694 1451 4747 redimentes
1479 4699 1691 4759 tempus.
1740 4689 1853 4741 Non
1894 4688 2006 4741 haec

435 4800 638 4861 suadet,
690 4796 873 4847 volens
897 4806 1004 4845 non
1030 4805 1088 4843 es
1120 4804 1150 4841 e
1183 4787 1361 4840 varios
1391 4795 1443 4838 et
1472 4798 1570 4838 nos
1601 4785 1654 4837 in
1683 4797 1871 4837 omnes
1902 4781 2007 4833 for-

435 4908 549 4948 mas
566 4898 794 4950 vertere,
824 4883 916 4939 sed
942 4882 1045 4935 hoc
1066 4879 1197 4933 dicit
1227 4893 1241 4929 :
1275 4876 1392 4931 Non
1422 4884 1501 4930 est
1524 4884 1732 4942 tempus
1748 4884 2005 4925 vestrum:

438 5000 580 5041 nunc
605 4981 735 5037 estis
766 4973 1009 5045 inquilini
1038 4980 1092 5026 et
1122 4968 1412 5041 peregrini,
1444 4976 1498 5021 et
1526 4965 1765 5035 hoSpites
1793 4972 1847 5017 et
1875 4962 2006 5016 alie-

433 5079 487 5132 ni
513 5095 523 5130 :
552 5091 618 5129 ne
657 5070 907 5142 quieratis
933 5067 1216 5129 honorem,
1269 5077 1336 5115 ne
1363 5059 1614 5130 quaeratis
1643 5056 1890 5127 gloriam,
1942 5068 2010 5107 ne

433 5167 686 5241 qnmralis
716 5161 1039 5233 potentiam,
1069 5171 1169 5211 nec
1200 5154 1455 5209 ultionem
1495 5167 1509 5203 :
1542 5150 1721 5203 omnia
1770 5148 1934 5241 ferte,
1956 5153 2011 5199 et

431 5239 511 5321 sic
541 5272 750 5329 tempus
791 5253 1072 5317 redimite;
1106 5248 1272 5303 multa
1303 5255 1356 5302 et
1379 5245 1658 5308 exsolvite,
1688 5251 1846 5311 atque
1874 5239 2009 5294 adeo

432 5351 684 5427 quidquid
717 5346 1001 5401 voluerint.
1044 5343 1346 5397 Obscurum
1372 5345 1455 5393 est
1485 5336 1682 5390 dictum
1725 5350 1745 5427 ελ
1771 5348 1889 5427 age,
1917 5345 2013 5400 per

434 5424 733 5514 exemplum
753 5437 880 5493 illud
900 5436 1167 5507 explicare
1182 5430 1438 5487 conabor.
1468 5427 1650 5497 Cogita
1679 5424 1807 5480 milii
1826 5438 2012 5493 quem-

436 5539 577 5609 piam
601 5535 689 5603 qui
714 5531 930 5586 domum
961 5528 1152 5581 habeat
1171 5521 1542 5594 splendidam;
1574 5518 1769 5574 deinde
1805 5516 2008 5586 ingredi

433 5628 642 5695 aliquos
673 5631 730 5677 ut
753 5636 874 5675 eum
902 5619 1198 5689 perimant,
1227 5625 1281 5669 et
1310 5612 1458 5667 illum
1489 5612 1653 5665 multa
1680 5610 1839 5673 dare,
1874 5616 1927 5661 et
1952 5622 2011 5661 se

435 5720 676 5785 eripere;
709 5723 835 5768 tunc
861 5712 1086 5765 dicimus
1117 5722 1239 5761 eum
1271 5720 1328 5759 se
1363 5703 1675 5758 redemisse.
1705 5700 1776 5753 Ita
1800 5709 1853 5753 tu
1879 5714 2008 5768 quu-

435 5828 558 5882 que,
578 5810 796 5863 domum
826 5804 985 5859 babes
1008 5813 1272 5871 magnam,
1294 5806 1345 5853 ct
1377 5795 1531 5851 ﬁdem
1563 5808 1735 5849 veram
1766 5808 1777 5851 ;
1812 5792 2004 5843 irrum-

2102 1321 2230 1380 punt
2261 1322 2315 1365 ut
2344 1313 2519 1367 omnia
2549 1314 2845 1383 accipiant;
2877 1312 2943 1368 da
2967 1312 3339 1385 quodcumque
3364 1317 3672 1387 exegerint:

2098 1404 2270 1457 Solum
2297 1419 2449 1457 serva
2481 1414 2660 1474 caput,
2690 1405 2868 1469 tidem,
2900 1405 3137 1475 inquam,
3162 1405 3284 1460 Dies
3309 1407 3463 1474 enim,
3483 1408 3671 1477 inquit,

2097 1493 2221 1546 mali
2246 1504 2383 1546 sunt.

2171 1581 2289 1638 Diei
2316 1585 2512 1637 malitia
2536 1586 2661 1655 quid
2691 1586 2775 1639 sit.
2800 1586 3024 1653 —Quid
3052 1597 3135 1642 est
3161 1587 3264 1644 diei
3296 1590 3534 1642 malitia?
3563 1589 3673 1643 Diei

2099 1677 2300 1731 malitia
2346 1676 2510 1734 debet
2536 1692 2655 1732 esse
2694 1678 2834 1731 circa
2878 1677 3039 1732 diem.
3092 1679 3147 1733 Si
3195 1680 3446 1735 didiceris
3473 1697 3591 1750 qua:
3622 1684 3672 1733 in

2100 1767 2321 1837 singulis
2350 1779 2590 1824 nostrum
2630 1769 2703 1823 sit
2754 1769 2955 1822 malitia
2978 1811 2992 1833 ,
3022 1770 3161 1824 scies
3204 1770 3325 1839 quid
3358 1772 3427 1825 sit
3475 1772 3674 1825 malitia

2102 1859 2232 1914 diei.
2264 1859 2398 1927 Quid
2444 1870 2523 1915 est
2556 1859 2755 1913 malitia
2783 1874 2876 1913 seu
2915 1862 3095 1914 vitium
3127 1863 3364 1930 corporis
3385 1863 3408 1914 ?
3433 1865 3673 1918 morbus.

2104 1950 2240 2015 Quid
2265 1959 2346 2003 est
2368 1950 2563 2003 malitia
2589 1950 2779 2003 animae
2797 1950 2820 2002 ?
2838 1951 3018 2003 vitium
3040 1966 3133 2005 seu
3158 1952 3409 2020 pravitas.
3433 1952 3568 2019 Quid
3595 1966 3678 2007 est

2099 2058 2249 2113 aquae
2277 2043 2499 2096 malitia?
2525 2042 2841 2097 amaritudo.
2860 2045 2925 2098 Et
2944 2044 3355 2115 uniuscujusque
3368 2046 3566 2099 malitia
3581 2063 3675 2100 seu
3709 2081 3712 2084 ~

2102 2134 2357 2202 pravitas,
2384 2144 2466 2187 est
2496 2134 2674 2186 vitium
2701 2133 2843 2188 circa
2865 2135 3005 2188 illam
3028 2143 3294 2201 naturam,
3318 2136 3470 2205 cujus
3492 2147 3573 2191 est
3595 2142 3672 2189 vi-

2102 2227 2253 2278 tium.
2288 2224 2343 2279 Si
2371 2241 2497 2295 ergo
2524 2225 2707 2279 vitium
2725 2228 2961 2281 estcirca
2984 2227 3146 2294 diem,
3167 2238 3379 2297 oportet
3400 2245 3518 2284 esse
3536 2232 3673 2283 circa

2103 2317 2274 2385 ipsum
2304 2316 2467 2381 diem,
2498 2317 2639 2371 circa
2663 2317 2840 2379 horas.
2865 2319 3005 2373 circa
3032 2318 3226 2372 lucem.
3258 2319 3330 2373 lta
3356 2330 3408 2373 et
3435 2319 3677 2375 Christus

2099 2408 2265 2463 dicit:
2297 2408 2494 2477 Suﬂicit
2544 2409 2645 2462 diei
2696 2409 2891 2463 malitia
2918 2427 3012 2464 sua
3042 2408 3255 2481 (Matth.
3274 2409 3326 2465 6.
3346 2410 3458 2481 54).
3486 2412 3559 2465 lix
3579 2412 3678 2466 hoc

2099 2516 2228 2571 ergo
2260 2501 2385 2554 illud
2415 2518 2625 2572 quoque
2665 2517 3066 2573 cognoscemus.
3099 2504 3375 2572 Quomodo
3405 2520 3532 2575 ergo
3564 2506 3679 2559 dies

2098 2600 2257 2645 Vocat
2305 2592 2507 2646 malos?
2532 2593 2800 2662 quomodo
2832 2602 3039 2662 tempus
3072 2595 3311 2648 malum?
3348 2594 3461 2648 Non
3491 2612 3678 2649 essen-

2101 2684 2250 2749 tiam,
2282 2700 2454 2753 neque
2485 2699 2571 2737 res
2598 2694 2828 2750 creatas,
2862 2685 2952 2739 sed
2984 2697 3200 2756 propter
3230 2702 3291 2741 ea
3320 2702 3439 2756 qua:
3468 2686 3599 2740 fiunt
3626 2689 3675 2741 in

2102 2774 2234 2844 ipsis
2267 2792 2279 2827 :
2310 2776 2447 2828 sicut
2498 2790 2596 2828 nos
2638 2792 2850 2844 quoque
2891 2776 3129 2830 solemus
3167 2775 3368 2839 dicere,
3424 2776 3677 2846 Transegi

2099 2866 2242 2920 diem
2266 2867 2462 2920 malum
2486 2874 2539 2921 et
2568 2881 2805 2936 gravem.
2832 2867 2991 2936 Atqui
3019 2866 3288 2936 quomodo
3307 2866 3676 2937 fueritgravis,

2102 2958 2205 3011 nisi
2253 2974 2316 3012 ex
2366 2958 2430 3011 iis
2456 2974 2575 3027 qua:
2607 2958 2656 3011 iu
2687 2958 2804 3027 ipso
2832 2957 3111 3013 accidunt?
3137 2958 3271 3026 Qua:
3302 2967 3478 3011 autem
3512 2960 3563 3012 in
3613 2974 3679 3013 eo

2101 3047 2370 3113 accidunt,
2424 3057 2548 3103 sunt
2583 3048 2796 3119 quidem
2829 3050 2967 3103 bona
3015 3065 3044 3103 a
3075 3050 3185 3104 Deo
3209 3092 3224 3116 ,
3257 3050 3399 3103 mala
3443 3061 3617 3104 autem
3648 3066 3679 3105 a

2101 3140 2255 3193 malis
2286 3139 2609 3194 hominibus.
2630 3140 2888 3195 Malorum
2909 3157 3035 3210 ergo
3054 3157 3171 3211 qua:
3193 3142 3439 3196 accidunt
3462 3142 3512 3195 in
3543 3151 3680 3197 tem-

2104 3232 2320 3301 poribus
2372 3232 2722 3287 fabrieatures
2776 3242 2899 3285 sunt
2941 3232 3184 3287 homines
3232 3250 3245 3284 :
3297 3243 3351 3286 et
3396 3244 3680 3303 propterea

2105 3333 2343 3392 tempora
2374 3323 2622 3377 dicuntur
2639 3323 2795 3377 mala.
2822 3325 2899 3379 Ita
2924 3339 3018 3377 nos
3043 3339 3253 3393 quoque
3270 3324 3407 3377 mala
3429 3339 3682 3379 vocamus

2103 3425 2363 3484 tempora.
2399 3414 2697 3483 Propterea,
2732 3416 2932 3485 inquit,
2964 3416 3118 3468 nolite
3142 3416 3256 3482 ﬁeri
3302 3416 3667 3484 imprudentes,

2104 3507 2193 3559 sed
2215 3507 2549 3569 intelligentes
2574 3522 2685 3575 qua:
2711 3506 2775 3559 sit
2796 3507 3025 3559 voluntas
3053 3504 3281 3559 Domini.
3308 3506 3396 3559 18.
3434 3506 3501 3560 Et
3530 3507 3684 3560 nolite

2104 3598 2346 3651 inebriari
2374 3601 2509 3661 vino,
2536 3599 2588 3652 in
2608 3614 2707 3668 quo
2746 3608 2819 3651 est
2848 3598 3070 3651 luxuria.
3105 3597 3274 3666 Hujus
3317 3613 3528 3667 quoque
3580 3598 3681 3651 im-

2107 3689 2403 3743 tnoderatio
2450 3690 2576 3743 facit
2614 3690 2906 3753 animosos,
2937 3690 3185 3753 audaces,
3219 3690 3541 3759 praecipites,
3578 3692 3684 3744 ira-

2107 3783 2329 3847 cundos,
2361 3797 2660 3853 gravesque
2684 3792 2739 3838 et
2763 3781 3029 3836 difliciles.
3058 3781 3249 3835 Datum
3280 3790 3365 3836 est
3386 3784 3569 3836 vinum
3613 3782 3682 3836 ad

2109 3874 2368 3941 laetitiam,
2394 3892 2498 3928 ttott
2521 3875 2587 3929 ad
2609 3874 2952 3929 ebrietatem:
2973 3889 3110 3927 nunc
3127 3884 3302 3929 autem
3325 3890 3430 3928 non
3453 3875 3686 3929 inebria-

2110 3968 2153 4021 ri
2178 4008 2190 4031 ,
2220 3966 2428 4020 videtur
2459 3982 2545 4021 res
2572 3982 2693 4021 esse
2723 3968 2896 4037 ignavi
2925 3978 2980 4020 et
3008 3967 3327 4043 pusillanimi
3350 4006 3363 4030 ,
3394 3978 3450 4021 et
3473 3984 3589 4036 qua:
3615 3968 3686 4021 sit

2113 4060 2354 4116 ridenda.
2386 4062 2637 4128 Quaenam
2662 4062 2849 4115 salutis
2871 4074 2995 4129 spes
3021 4060 3125 4113 est?
3149 4059 3307 4113 Risus
3334 4072 3415 4113 est
3441 4074 3548 4112 non
3580 4059 3686 4113 ine-

2108 4153 2293 4217 briari,
2321 4153 2421 4218 ais,
2455 4152 2665 4221 quando
2688 4152 2917 4205 ebrietas
2935 4152 3165 4205 maxime
3192 4152 3431 4204 omniurn
3462 4150 3685 4206 ridicula

2108 4252 2382 4312 oporteret
2407 4241 2564 4296 esse?
2586 4241 2715 4295 Nam
2739 4245 2897 4295 etiam
2917 4243 3179 4311 privatum
3205 4242 3389 4310 procul
3411 4241 3478 4295 ab
3506 4242 3687 4296 ebrie-

2110 4347 2221 4392 tate
2249 4338 2469 4391 omnino
2498 4346 2762 4391 remotum
2786 4350 2906 4391 esse
2934 4334 3133 4391 bonum
3159 4345 3240 4390 est
3269 4352 3281 4386 :
3316 4334 3482 4389 multo
3508 4346 3685 4391 autem

2110 4429 2278 4500 magis
2309 4428 2534 4482 militem
2561 4428 2600 4491 ί,
2633 4428 2723 4495 qui
2753 4435 2996 4479 versatur
3020 4426 3069 4478 in
3097 4425 3305 4495 gladiis,
3339 4426 3393 4478 in
3432 4426 3689 4496 sanguine

2112 4532 2167 4577 et
2187 4522 2457 4583 (aedibus;
2481 4528 2535 4573 et
2560 4519 2725 4572 multo
2753 4517 2922 4587 magis
2942 4517 3155 4586 quando
3184 4516 3400 4571 aliunde
3430 4517 3687 4581 imitatur,

2111 4630 2139 4667 a
2176 4620 2456 4681 potestate,
2488 4625 2518 4663 a
2540 4610 2830 4672 dominatu,
2865 4624 2930 4661 ex
2954 4623 3019 4662 eo
3040 4607 3179 4674 quod
3202 4608 3500 4662 sitassidue
3529 4609 3580 4661 in
3605 4608 3687 4661 in-

2112 4706 2265 4761 sidiis
2306 4713 2360 4759 et
2392 4704 2603 4773 pugnis.
2636 4702 2729 4757 Vis
2771 4701 2981 4756 discere
3028 4700 3115 4755 ubi
3145 4702 3323 4754 vinum
3352 4703 3424 4755 sit
3450 4700 3691 4755 bonum?

2113 4798 2237 4851 audi
2260 4795 2590 4864 Scripturam
2621 4793 2908 4858 dicentem,
2929 4791 3060 4845 Date
3082 4792 3251 4845 vinum
3276 4794 3612 4858 maerentibus,
3644 4802 3693 4845 et

2113 4891 2324 4944 siceram
2356 4888 2417 4940 iis
2454 4887 2541 4954 qui
2567 4902 2741 4938 amaro
2795 4895 2908 4937 sunt
2947 4884 3119 4937 animo
3173 4882 3349 4953 (Prov.
3374 4884 3468 4940 3f.
3494 4885 3570 4952 6).
3626 4884 3694 4937 Et

2118 4984 2311 5037 merito
2343 4998 2356 5035 :
2388 4981 2525 5034 solet
2550 4979 2695 5033 enim
2725 4977 2934 5031 mollire
2963 4976 3013 5030 id
3046 4976 3185 5045 quod
3228 4983 3311 5029 est
3348 4989 3596 5044 asperum
3639 4988 3695 5030 et

2117 5076 2289 5139 triste,
2318 5082 2373 5127 et
2398 5071 2609 5125 auferre
2631 5069 2681 5124 id
2704 5070 2842 5137 quod
2876 5076 2957 5121 est
2982 5067 3302 5120 nubilosam.
3343 5064 3526 5118 Vinum
3563 5064 3694 5119 laeti-

2119 5167 2237 5234 ﬁcat
2264 5180 2350 5218 cor
2381 5162 2605 5229 hominis
2633 5159 2813 5229 (Psul.
2849 5160 2973 5214 105.
3006 5160 3119 5229 15).
3149 5158 3428 5225 Quomodo
3458 5172 3586 5227 ergo
3613 5167 3696 5211 est

2118 5276 2187 5313 ex
2218 5258 2343 5313 vino
2368 5254 2640 5311 ebrietas?
2667 5269 2771 5308 non
2801 5254 2943 5308 enim
2972 5253 3095 5307 licet
3118 5254 3366 5321 cuiquam
3400 5251 3605 5320 operari
3630 5266 3692 5304 ea

2118 5365 2237 5418 quae
2266 5356 2390 5402 sunt
2426 5346 2528 5401 sibi
2549 5345 2838 5400 contraria.
2872 5343 2984 5397 Non
3011 5352 3093 5397 est
3120 5358 3248 5411 ergo
3279 5357 3342 5396 ex
3368 5342 3491 5396 vino
3519 5341 3693 5397 ebrie—

2119 5455 2221 5505 tas,
2254 5440 2348 5494 sed
2388 5454 2454 5492 ex
2500 5436 2852 5492 immoderato
2901 5451 3019 5489 usu.
3073 5432 3269 5491 Vinum
3318 5448 3423 5488 non
3472 5440 3692 5503 pr0pter

2118 5532 2262 5587 aliud
2305 5531 2489 5585 datum
2518 5537 2629 5593 est,
2662 5544 2818 5598 quam
2848 5534 3067 5597 pr0pter
3092 5525 3378 5580 sanitatem
3404 5523 3644 5593 corporis
3670 5538 3688 5576 :

2187 5724 2203 5753 ¹
2230 5720 2445 5772 Savilius
2471 5730 2609 5785 putat
2632 5721 2900 5781 legendum
2921 5721 2999 5770 τὸν
3021 5718 3564 5785 στρατηγόν,‹ίιιείήι,σὶὶ
3588 5730 3701 5767 sane

2124 5785 2305 5836 melius
2327 5785 2567 5847 quadrare
2600 5785 2810 5835 videtur.
