4100 6412
407 368 506 422 1ξῖ

407 482 561 550 φησὶ,
594 479 717 548 φῶς
746 479 896 532 ἐστι.
929 478 1037 537 Διὸ.
1072 477 1391 547 παρακαλῶ,
1418 478 1553 546 μήτε
1588 476 1745 546 ὑμεῖς
1764 476 1971 528 ὀκνεῖτε

404 564 665 632 ἐλέγχειν,
716 564 854 632 μήτε
886 561 1261 631 δυσχεραίνετε
1291 560 1655 630 ἐλεγχόμενοι.
1696 560 1836 621 Ἕως
1874 560 1971 628 μὲν

403 646 511 716 γὰρ
539 647 603 698 ἂν
634 647 692 697 ἐν
725 647 904 697 σκότει
930 644 1234 713 πράττηταί
1255 661 1328 707 τι,
1359 643 1496 713 μετά
1525 642 1765 703 πλείονος
1796 641 1970 711 πράτ-

401 745 553 781 τεται
582 728 681 795 τῆς
713 726 895 789 ἁδείας
915 744 930 757 ·
964 725 1185 779 ἐπειδάν
1209 726 1266 779 δὲ
1292 725 1521 788 πολλοὺς
1548 724 1643 794 έχῃ
1673 726 1799 785 τοὺς
1830 740 1973 794 μαρ-

400 810 697 881 τυροῦντας
734 812 846 872 τοῖς
884 809 1208 880 γινομένοις,
1255 809 1571 878 φωτίζεται.
1604 806 1695 858 Διὺ
1736 805 1972 874 μάλιστα

401 896 576 948 πάντα
613 895 962 963 πράττωμεν,
997 893 1138 946 ὥστε
1166 892 1264 962 τὴν
1293 892 1558 961 νέκρωσιν
1588 891 1696 943 τῶν
1725 888 1967 957 ἀδελφῶν

397 978 505 1029 τῶν
534 977 816 1047 ἡμετέρων
842 977 1151 1041 ἀποσοϐεῖν,
1185 975 1325 1028 ὥστε
1354 976 1414 1027 τὸ
1455 975 1639 1036 σκότος
1664 973 1964 1035 σκεδάζειν,

399 1061 538 1114 ὥστε
570 1060 662 1112 τὸν
694 1060 844 1131 ἥλιον
876 1058 1282 1113 ἐπισπάσασθαι
1318 1061 1416 1128 τῆς
1445 1056 1813 1125 δικαιοσύνης.
1868 1059 1966 1108 ’Ἂν

394 1144 505 1215 γάρ
542 1144 729 1197 πολλοὶ
760 1139 897 1197 ὦσιν
921 1144 971 1196 οἰ
1006 1144 1312 1213 φωστῆρες,
1340 1142 1523 1203 αὐτοῖς
1543 1157 1604 1192 τε
1630 1138 1848 1202 εὔκολος
1875 1138 1967 1191 ἔσο

1264 360 1329 414 IN
1370 361 1585 416 EPIST.
1627 361 1715 414 Al)
1750 359 1990 416 EI’HES.
2025 359 2177 414 CAP.
2220 357 2283 412 ν.
2329 360 2558 415 HOMIL.
2600 359 2740 415 XIX.

1728 1355 2077 1365 ————_—.

3550 359 3650 414 128

2074 492 2164 527 ται
2196 475 2295 543 τῆς
2323 475 2521 545 ἀρετῆς
2550 476 2583 545 ἡ
2608 475 2748 538 ὁδὸς,
2780 473 2874 526 καὶ
2910 478 2961 530 οἱ
2982 472 3038 526 έν
3059 472 3239 525 σκότει
3274 474 3475 543 μᾶλλον
3503 474 3647 527 ἁλώ-

2076 575 2280 620 σονται,
2310 559 2406 611 τοῦ
2433 559 2610 625 φωτὸς
2639 557 3064 627 ἐπιτεινομένου,
3103 558 3323 609 κάκεῖνο
3354 556 3648 623 ἀφανίζονσο

2071 658 2183 704 τος.
2224 643 2323 693 “Av
2357 641 2413 693 δὲ
2434 642 2767 707 τούναντίον,
2792 643 2911 705 δέος
2947 644 3021 712 μὴ
3051 640 3147 693 καὶ
3172 635 3321 697 οὗτοι
3353 639 3645 704 σϐεσθῶσι,

2071 725 2170 794 τῆς
2194 724 2506 794 παχύτητος
2541 726 2641 794 τῆς
2670 726 2775 779 ἀπὸ
2811 724 2903 778 τοῦ
2930 725 3152 787 σκότους
3190 725 3285 777 καὶ
3324 724 3434 777 τῶν
3464 724 3646 793 ἀμαρ-

2072 811 2330 876 τημάτων
2374 807 2680 877 κρατούσης
2730 806 2823 859 τοῦ
2876 806 3073 875 φωτὸς,
3126 806 3220 860 καὶ
3268 806 3649 874 ἀποσοϐούσης

2073 890 2236 943 αὑτοῦ
2272 890 2332 942 τὸ
2358 889 2567 951 διειδές.
2608 888 2696 952 Ὠς
2724 888 2817 942 οὖν
2852 890 3077 952 ἑαυτοὺς
3115 889 3473 959 ὠφελοῦντες,
3505 888 3647 941 οὕτω

2071 972 2435 1044 διακεώμεθα,
2460 975 2547 1026 ἴνα
2579 975 2666 1027 διά
2698 973 2916 1026 πάντων
2944 971 3101 1035 δόξαν
3127 972 3540 1042 ἀναπέμψωμεν
3570 970 3648 1041 τῷ

2075 1056 2437 1129 φιλανθρώπῳ
2471 1056 2611 1127 Θεῷ,
2652 1056 2834 1127 χάριτι
2874 1056 2967 1108 καὶ
3005 1054 3407 1128 φιλανθρωπίᾳ,
3454 1055 3549 1109 καὶ
3578 1055 3647 1107 τὰ

2074 1138 2222 1210 ἑξῆς-

3268 1348 3632 1364 ...ψ-

1851 1520 2092 1573 ΟΜΙΛΙΑ
2133 1519 2233 1575 16⁸.

398 1781 660 1835 Βλέπετε
700 1775 815 1835 οὖν
850 1778 1105 1848 ἀκριϐῶς
1148 1779 1275 1845 πῶς
1317 1779 1718 1847 περιπατεῖτε,
1750 1780 1837 1848 μὴ
1885 1780 1967 1846 ὡς

468 1865 723 1932 ἄσοφοι,
770 1864 911 1917 ἀλλ’
951 1864 1032 1930 ὡς
1067 1864 1281 1932 σοφοί,
1325 1862 1811 1933 ἐξαγοραζόμενοι
1860 1865 1968 1918 τὸν

467 1949 694 2017 καιρὸν,
725 1947 814 2000 ὅτι
856 1950 917 2000 αἱ
950 1948 1159 2017 ἡμέραι
1185 1949 1440 2015 πονηραί
1476 1950 1615 2000 είσι.
1659 1947 1761 2001 Διὰ
1791 1949 1965 2003 τοῦτο

461 2032 547 2100 μὴ
574 2032 813 2100 γίνεσθε
845 2029 1124 2099 ἄφρονες,
1152 2032 1311 2085 ἀλλὰ
1340 2030 1653 2095 συνιέντες
1686 2031 1741 2083 τί
1773 2031 1838 2083 τὸ
1870 2031 1965 2085 θέ-

465 2119 629 2184 λημα
666 2114 773 2167 τοῦ
808 2114 1051 2181 Κυρίου.

467 2232 533 2279 α’.
558 2225 678 2277 Ἔτι
701 2224 802 2294 τὴν
820 2225 919 2294 τῆς
942 2224 1168 2292 πικρίας
1194 2222 1544 2294 ὲκκαθαρίζει
1570 2222 1743 2293 ῥίζαν,
1765 2223 1845 2275 ἔτι
1870 2224 1967 2293 τὴν

399 2306 652 2359 ὑπόθεσιν
674 2306 773 2375 τῆς
796 2307 965 2376 ὀργῆς
988 2307 1265 2360 ἐκκόπτει.
1290 2306 1354 2357 Τί
1383 2307 1489 2377 γάρ
1512 2322 1673 2375 φησι;
1708 2306 1968 2359 Βλέπετε

397 2388 649 2455 ἀκριϐῶς
696 2386 823 2453 πῶς
868 2387 1259 2457 περιπατεῖτε.
1311 2389 1467 2460 ’ῌδει
1508 2389 1599 2441 τὸν
1639 2388 1967 2443 Διδάσκαλον

399 2472 586 2533 αὐτοῦ,
608 2475 687 2525 ὅτι
712 2472 946 2541 πέμπων
972 2473 1099 2535 τοὺς
1124 2472 1372 2543 μαθητὰς
1389 2472 1463 2535 ὡς
1481 2472 1725 2543 πρόϐατα
1743 2474 1800 2525 ἐν
1817 2472 1968 2543 μέσῳ

397 2556 597 2619 λύκων,
627 2555 707 2607 ἔτι
723 2556 974 2607 ἐκέλευεν
999 2556 1197 2618 αὐτοὺς
1223 2557 1317 2607 καὶ
1342 2556 1417 2618 ώς
1442 2556 1770 2626 περιστερὰς
1792 2551 1929 2609 εἶναι
1948 2572 1964 2589 ⁸

397 2640 503 2693 Καὶ
530 2641 791 2705 ἀκέραιοι
813 2639 942 2709 γὰρ,
968 2638 1152 2707 φησὶν,
1178 2640 1416 2701 ἔσεσθε,
1439 2639 1583 2692 ὡσεὶ
1602 2639 1963 2707 περιστεραί.

412 2722 564 2774 Ἐπεὶ
594 2718 688 2775 οὖν
724 2722 819 2774 καὶ
848 2722 1048 2790 μεταξὺ
1087 2719 1267 2773 λύκων
1294 2717 1454 2791 ἦσαν,
1496 2722 1591 2774 καὶ
1620 2722 1700 2774 ἔτι
1737 2738 1966 2790 προστε-

398 2804 658 2873 ταγμένοι
701 2803 773 2873 μὴ
803 2802 1126 2872 ἀμύνεσθαι,
1169 2804 1306 2857 ἀλλὰ
1355 2805 1589 2874 πάσχειν
1630 2804 1838 2867 κακῶς,
1879 2803 1966 2855 διὰ

400 2888 555 2941 τοῦτο
580 2888 680 2957 τῆς
716 2886 970 2956 τοιαύτης
1006 2888 1215 2940 ἐδέοντο
1251 2888 1644 2956 παραινέσεως.
1682 2888 1874 2940 Καίτοι
1902 2903 1965 2954 γε

400 2971 494 3024 καὶ
536 2971 597 3023 τὸ
637 2970 900 3041 πρότερον
942 2970 1125 3023 ἱκανὸν
1167 2965 1235 3040 ἦν
1278 2971 1474 3032 αὐτοὺς
1520 2970 1965 3039 εὑσθενεστέρους

402 3061 656 3123 ποιῆσαι·
680 3054 805 3105 ὅταν
824 3053 881 3105 δὲ
905 3055 999 3105 καὶ
1020 3055 1053 3123 ἡ
1073 3052 1179 3105 τῶν
1207 3052 1301 3105 δύο
1329 3052 1615 3123 προσθήκη
1643 3049 1696 3124 ᾖ,
1719 3053 1967 3123 ἐννόησον

398 3136 497 3206 τὴν
541 3135 865 3207 ὑπερϐολήν.
906 3137 1048 3205 Ὅρα
1085 3136 1215 3203 γοῦν
1250 3138 1344 3189 καὶ
1392 3136 1508 3200 πῶς
1538 3137 1733 3199 αὐτοὺς
1770 3137 1965 3205 ἐπιμε-

399 3219 505 3281 λῶς
522 3218 896 3287 ἀσφαλίζεται,
920 3220 1092 3287 λέγων
1112 3237 1123 3248 ·
1146 3219 1407 3273 Βλέπετε
1426 3220 1553 3286 πῶς
1573 3219 1963 3287 περιπατεῖτε.

414 3302 725 3372 Ὀλόκληροι
777 3302 959 3363 πόλεις
1006 3301 1142 3371 πρὸς
1190 3302 1386 3364 αὐτοὺς
1414 3302 1648 3371 πόλεμον
1679 3298 1843 3372 εἶχον,
1871 3304 1968 3355 έπ-

400 3384 614 3451 εισῆλθε
649 3386 740 3437 καὶ
768 3386 849 3447 εἰς
888 3385 984 3446 τὰς
1020 3384 1195 3446 οίκίας
1238 3381 1389 3447 οὗτος
1423 3387 1450 3437 6
1479 3385 1712 3455 πόλεμος
1735 3402 1748 3415 ·
1786 3385 1967 3454 πατὴρ

400 3468 541 3519 κατὰ
562 3467 707 3531 υἱοῦ,
739 3468 850 3528 υίὸς
884 3466 1025 3519 κατὰ
1046 3468 1268 3536 πατρὸς,
1301 3472 1483 3537 μήτηρ
1510 3467 1651 3520 κατὰ
1676 3467 1965 3537 θυγατρὸς,

401 3549 645 3619 θυγάτηρ
688 3550 827 3602 κατά
873 3550 1078 3619 μητρὸς
1120 3545 1259 3618 ἦσαν
1290 3549 1698 3619 διεσπαρμένοι.
1748 3550 1812 3601 Τί
1840 3545 1964 3615 οὖν;

400 3632 563 3683 πόθεν
612 3634 668 3684 αί
697 3632 987 3702 διαιρέσεις
1021 3625 1214 3698 αὗται;
1266 3634 1545 3686 Ἤκουσαν
1588 3632 1680 3685 τοῦ
1729 3632 1965 3702 Χριστοῦ

398 3715 644 3784 λέγοντος
664 3734 678 3747 ·
712 3717 774 3769 '0
801 3716 992 3785 φιλῶν
1016 3716 1240 3784 πατέρα
1254 3716 1292 3783 ἢ
1304 3716 1527 3785 μητέρα
1540 3715 1691 3783 ὑπὲρ
1714 3716 1837 3784 ἐμὲ,
1856 3718 1968 3771 οὐκ

398 3800 529 3852 ἔστι
564 3818 685 3868 μου
719 3800 905 3865 ἄξιος.
952 3800 1046 3852 Ἵν’
1070 3796 1163 3851 οὖν
1202 3800 1276 3870 μὴ
1311 3800 1622 3869 νομίσωσιν,
1661 3800 1741 3852 ὅτι
1782 3799 1968 3864 ἁπλῶς

400 3881 670 3951 πολέμους
717 3883 926 3949 είσάγει
967 3881 1117 3954 [154]
1157 3883 1252 3935 καὶ
1294 3883 1497 3951 μάχας,
1541 3882 1727 3952 ἐπειδὴ
1777 3882 1966 3952 ἔμελλε

404 3967 610 4036 μεγάλη
636 3964 911 4018 τίκτεσθαι
939 3966 1098 4035 ὀργή,
1133 3967 1180 4017 εἰ
1210 3966 1303 4017 καλ¹
1330 3965 1481 4017 αὐτοὶ
1513 3964 1733 4033 ἔμελλον
1759 3966 1965 4031 ἐπεξιέ-

399 4068 506 4115 ναι,
526 4050 714 4102 τούτου
743 4050 901 4120 χάριν
922 4050 1069 4116 λέγει
1090 4067 1102 4079 ε
1134 4048 1397 4101 Βλέπετε
1428 4047 1554 4113 πῶς
1577 4048 1828 4116 ἀκριϐῶς
1860 4066 1964 4103 πε-

393 4133 713 4202 ριπατεῖτε.
750 4132 1027 4196 Τουτέστι,
1068 4133 1212 4199 Πλὴν
1252 4130 1345 4184 τοῦ
1378 4132 1755 4202 κηρύγματος,
1791 4134 1963 4203 μηδα-

404 4217 563 4285 μόθεν
580 4215 803 4269 ἄλλοθεν
822 4216 958 4268 δῶτε
979 4215 1148 4285 λαϐὴν
1175 4216 1271 4285 τῆς
1294 4214 1493 4285 ἔχθρας
1516 4216 1614 4285 τῆς
1630 4216 1753 4267 καθ’
1771 4216 1923 4286 ὑμῶν
1946 4232 1959 4244 ·

398 4298 536 4369 αὕτη
574 4298 705 4369 μόνη
737 4299 834 4368 τῆς
879 4299 1077 4367 ἔχθρας
1104 4297 1358 4360 ὑπόθεσις
1395 4298 1571 4350 ἔστω·
1621 4298 1805 4368 μηδεὶς
1838 4300 1964 4369 ὑμῖν

398 4382 583 4451 ἔτερόν
618 4399 671 4434 τι
710 4382 1028 4448 ἐγκαλείτω.
1070 4381 1203 4435 ἀλλὰ
1239 4383 1329 4434 καὶ
1369 4382 1536 4452 τιμὴν
1578 4382 1671 4434 καὶ
1718 4383 1964 4453 ὑπακοὴν

400 4468 576 4518 πᾶσαν
596 4465 987 4531 ἐπιδείκνυσθε,
1010 4467 1138 4519 ὅταν
1162 4466 1325 4535 μηδὲν
1355 4464 1565 4535 βλάπτῃ
1594 4464 1654 4517 τὸ
1681 4466 1957 4537 κήρυγμα,

397 4551 522 4602 ὅταν
542 4549 706 4619 μηδὲν
732 4549 993 4619 ἐμποδίζῃ
1016 4548 1111 4618 τὴν
1134 4548 1417 4600 εὐσέϐειαν
1441 4560 1487 4601 ει.
1532 4548 1812 4602 Ἀπόδοτε
1832 4550 1960 4619 γὰρ,

397 4635 549 4702 φησὶ,
584 4627 733 4687 πᾶσι
776 4633 884 4699 τὰς
918 4632 1184 4702 ὀφειλάς,
1219 4632 1298 4696 τῷ
1330 4631 1437 4684 τὸν
1476 4634 1683 4700 φόρον,
1721 4634 1829 4686 τὸν
1855 4637 1951 4702 5.96-

390 4734 522 4782 ρον,
558 4715 637 4781 τῷ
668 4716 733 4769 τὸ
768 4717 959 4781 τέλος,
988 4717 1051 4769 τὸ
1084 4716 1276 4780 τέλος.
1314 4716 1483 4769 Ὅταν
1509 4716 1617 4786 γάρ
1648 4718 1704 4769 ἐν
1734 4719 1843 4779 τοῖς
1865 4717 1959 4770 άλ-

394 4799 506 4861 λοις
538 4799 717 4851 ἴδωσιν
751 4800 895 4867 ἡμᾶς
936 4801 1214 4861 ἐπιεικεῖς,
1252 4799 1705 4868 ἐντραπήσονται.
1754 4801 1851 4865 Μὴ
1883 4800 1963 4866 ὡς

394 4883 632 4952 ἄσοφοι,
663 4884 799 4937 ἀλλ’
835 4884 916 4947 ώς
944 4883 1142 4951 σοφοὶ,
1183 4880 1665 4950 ἐξαγοραζόμενοι
1694 4883 1801 4936 τὸν
1840 4901 1962 4938 και·

388 4967 518 5033 ρόν.
572 4968 704 5036 Οὐχὶ
749 4966 1025 5027 ποικίλους
1059 4967 1202 5035 ἡμᾶς
1248 4967 1341 5017 καὶ
1394 4966 1775 5029 παντοδαποὺς
1824 4965 1960 5022 εἶναι

396 5050 709 5118 βουλόμενος
727 5048 900 5103 ταῦτα
926 5052 1195 5117 παραινεῖ⁹
1225 5048 1525 5101 ἀλλάτοῦτό
1554 5050 1699 5101 ἐστιν
1725 5050 1752 5101 ὅ
1777 5066 1958 5121 φησιν·

393 5134 507 5185 υξικ
542 5133 687 5185 ἔστιν
712 5134 973 5203 ὑμέτερος
1009 5132 1036 5183 ὁ
1065 5133 1252 5201 καιρός
1274 5148 1287 5161 ·
1320 5131 1413 5184 νῦν
1440 5131 1691 5201 πάροικοί
1714 5134 1834 5185 ἐστε
1868 5135 1961 5186 καὶ

394 5217 759 5287 παρεπίδημοι
782 5218 875 5269 καὶ
901 5216 1040 5282 ξένοι
1090 5216 1182 5268 καὶ
1214 5215 1501 5285 ἀλλότριοι·
1538 5216 1610 5287 μὴ
1650 5216 1863 5287 ζητεῖτε
1886 5236 1961 5269 τις
1993 5203 2002 5214 ’

396 5299 523 5369 μὰς,
554 5302 627 5369 μὴ
647 5302 856 5371 ζητεῖτε
899 5299 1077 5363 δόξαν,
1126 5300 1199 5369 μὴ
1229 5298 1436 5368 ζητεῖτε
1453 5300 1790 5365 δυναστείαν,
1825 5302 1957 5372 μηδέ

392 5384 687 5452 ἐκδίκησιν·
713 5384 887 5436 πάντα
904 5383 1119 5452 φέρετε,
1143 5382 1235 5434 καὶ
1261 5382 1436 5452 τούτῳ
1456 5384 1546 5436 τὸν
1563 5385 1749 5455 καιρὸν
1772 5384 1959 5450 ἐξαγο-

395 5466 658 5536 ράζεσθε·
705 5467 873 5519 πολλὰ
909 5465 1237 5528 κατάθεσθε,
1286 5468 1394 5518 πᾶν
1427 5467 1455 5519 ὃ
1499 5485 1550 5519 τι
1592 5468 1657 5520 άν
1707 5467 1951 5521 θέλωσιν.

403 5552 635 5619 ’Λσαφές
666 5551 725 5603 τὸ
764 5550 1083 5620 εἰρημένον·
1121 5550 1253 5620 φέρε
1286 5544 1399 5611 οὖν,
1437 5550 1528 5603 ἐπὶ
1563 5551 1957 5621 ύποδείγματος

392 5636 604 5704 ποιήσω
646 5635 775 5687 αὐτὸ
818 5634 1070 5705 φανερόν.
1138 5632 1417 5702 Ἐννόησόν
1470 5635 1558 5703 μοί
1609 5652 1730 5688 τινα
1778 5634 1954 5687 οἰκίαν

477 5797 499 5821 ⁸
528 5796 656 5844 ίίιυς
680 5798 832 5845 codex
852 5804 899 5846 el
926 5809 1073 5856 marg.
1105 5793 1275 5852 SMin
1304 5795 1524 5853 ἐμποδίζῃ
1552 5799 1606 5853 τῇ
1637 5794 1866 5858 εὐσεὸεία.

2072 1768 2262 1850 ἔχόντα
2292 1779 2572 1852 λαμπράν.
2620 1779 2740 1836 εἶτά
2779 1800 2931 1846 τινας
2966 1782 3451 1853 ἐπεισερχομένους
3494 1783 3637 1837 ὥστε

2072 1877 2235 1931 αὑτὸν
2262 1875 2470 1934 ἀνελεῖν
2522 1883 2770 1934 κάκεῖνον
2804 1880 2975 1933 πολλά
3004 1880 3233 1944 διδόντα,
3263 1883 3357 1935 καὶ
3388 1883 3637 1953 ἐξαιρού-

2073 1977 2230 2030 μενον
2262 1964 2450 2018 ὲαυτόν
2470 1982 2486 1995 ’
2519 1965 2641 2017 τότε
2669 1964 2919 2034 λέγομεν,
2950 1965 3032 2017 ὄτι
3057 1965 3391 2036 ἐξηγόρασεν
3423 1967 3637 2020 ἑαυτόν.

2070 2045 2226 2099 Οὕτω
2243 2049 2336 2100 καὶ
2358 2049 2420 2100 σὺ
2441 2049 2615 2101 οίκίαν
2649 2048 2793 2117 ἔχεις
2814 2048 3076 2117 μεγάλην,
3098 2050 3193 2101 καὶ
3215 2050 3397 2102 πίστιν
3425 2050 3600 2119 ἀληθῆ
3620 2065 3636 2078 °

2066 2128 2386 2199 ἐπέρχονται
2413 2130 2553 2183 ὥστε
2580 2130 2763 2183 λαϐεῖν
2796 2131 2973 2183 πάντα
2998 2146 3012 2159 ·
3050 2131 3136 2194 δὸς
3162 2131 3340 2185 ὁτιοῦν
3368 2133 3434 2185 ἂν
3470 2135 3639 2187 άπαι-

2065 2214 2204 2283 τήσῃ
2242 2230 2354 2279 τις,
2386 2214 2545 2284 μόνον
2578 2214 2640 2267 τὸ
2670 2214 2963 2282 κεφάλαιον
2990 2214 3254 2268 διάσωσον
3274 2257 3288 2281 ,
3325 2215 3424 2287 τὴν
3455 2218 3637 2271 πίστιν

2066 2294 2228 2363 λέγω
2261 2300 2333 2352 Δί
2350 2296 2471 2366 γὰρ
2497 2298 2734 2372 ἡμέραι,
2762 2298 2922 2369 φησὶ,
2952 2300 3210 2367 πονηραί
3238 2302 3376 2354 εἰσι.

2140 2461 2206 2514 Τί
2232 2459 2465 2533 πονηρία
2492 2462 2591 2530 τῆς
2621 2459 2864 2530 ἡμέρας;
2893 2458 3138 2527 Πονηρία
3161 2459 3255 2527 τῆς
3278 2459 3489 2528 ἡμέρας
3514 2460 3643 2528 περὶ

2068 2543 2169 2615 τὴν
2201 2544 2413 2615 ἡμέραν
2440 2544 2644 2611 ὀφείλει
2682 2540 2842 2596 εἶναι.
2879 2544 2981 2594 Ἂν
3019 2542 3071 2593 τί
3100 2543 3247 2593 ἐστιν
3285 2542 3500 2610 ἑκάστῳ
3534 2542 3644 2594 τῶν

2070 2626 2130 2678 ὲν
2154 2628 2286 2696 ἡμῖν
2318 2626 2554 2696 πονηρὸν
2593 2626 2790 2699 μάθῃς,
2820 2623 3005 2695 γνώσῃ
3049 2623 3143 2676 καὶ
3172 2624 3226 2675 τί
3265 2625 3380 2675 ἐστι
3411 2624 3644 2693 πονηρία

2068 2709 2301 2779 ἡμέρας.
2335 2709 2399 2760 Τί
2426 2711 2541 2761 ἐστι
2564 2710 2799 2779 πονηρία
2830 2707 3112 2776 σώματος;
3145 2706 3318 2768 νόσος.
3350 2705 3415 2758 Τί
3446 2705 3505 2757 δὲ
3542 2722 3645 2757 πο-

2069 2793 2232 2862 νηρία
2268 2792 2485 2860 ψυχῆςς
2525 2791 2713 2845 κακία.
2762 2791 2827 2844 Τί
2858 2791 2973 2842 ἐστι
3021 2788 3253 2860 πονηρία
3299 2787 3517 2849 ὖδατοςς
3550 2806 3642 2839 πι-

2070 2874 2221 2945 κρία.
2253 2874 2364 2927 Καὶ
2388 2875 2617 2928 ἑκάστου
2656 2879 2689 2944 ἡ
2721 2872 2957 2943 πονηρία
2987 2872 3019 2940 ἡ
3055 2870 3325 2941 φαυλότης
3358 2872 3475 2923 ἐστὶ
3513 2872 3646 2941 περὶ

2068 2957 2283 3026 ἐκείνην
2302 2957 2400 3027 τὴν
2432 2957 2613 3026 φύσιν,
2643 2952 2713 3027 ἦς
2741 2958 2858 3008 ἐστι
2889 2954 3144 3023 πονηρία.
3180 2955 3240 3006 El
3266 2952 3448 3005 τοίνυν
3480 2954 3512 3023 ἡ
3546 2970 3643 3005 πο-

2068 3039 2230 3111 νηρία
2259 3042 2386 3109 περὶ
2417 3041 2515 3112 τὴν
2546 3041 2759 3111 ἡμέραν
2783 3039 2919 3101 ἐστὶ,
2952 3038 3079 3108 περὶ
3115 3037 3286 3107 αὐτὴν
3307 3037 3406 3107 τὴν
3430 3036 3645 3107 ἡμέραν

2069 3122 2174 3193 χρὴ
2208 3119 2365 3181 εἶναιο
2404 3123 2533 3193 περὶ
2564 3124 2663 3186 τὰς
2688 3121 2858 3193 ὥρας.
2890 3121 3017 3191 περὶ
3045 3120 3105 3173 τὸ
3134 3120 3272 3189 φῶς.
3304 3120 3460 3172 Οῦτω
3496 3121 3589 3173 καὶ
3616 3123 3647 3173 ὁ

2070 3206 2303 3275 Χριστός
2327 3223 2488 3275 φησιν
2507 3222 2521 3237 ·
2554 3203 2831 3274 Ἀρκετὸν
2858 3201 2934 3272 τῇ
2952 3202 3139 3271 ἡμέρᾳ
3167 3204 3205 3270 ὴ
3236 3203 3415 3255 κακία
3432 3202 3643 3271 αὐτῆς.

2082 3290 2215 3343 Ἀπὸ
2260 3289 2448 3343 τούτου
2499 3291 2718 3343 κάκεῖνο
2762 3286 3104 3357 γνωσόμεθα.
3149 3285 3275 3349 Πῶς
3310 3282 3402 3339 οὖν
3432 3288 3645 3357 ἡμέρας

2069 3372 2224 3425 καλεῖ
2240 3371 2517 3443 πονηράς;
2550 3371 2668 3434 πῶς
2698 3368 2888 3439 καιρὸν
2916 3367 3182 3439 πονηρόν;
3206 3369 3280 3421 Ού
3310 3369 3409 3439 τήν
3431 3370 3643 3435 οὐσίαν,

2066 3456 2185 3509 οὐδὲ
2238 3456 2307 3509 τά
2368 3456 2673 3525 κτίσματα,
2735 3452 2869 3506 ἀλλὰ
2926 3451 3013 3503 διὰ
3067 3451 3138 3503 τά
3192 3452 3252 3504 ἐν
3311 3452 3498 3514 αὐτοῖς
3556 3471 3645 3520 γι-

2066 3540 2295 3609 νόμενα·
2345 3539 2597 3608 καθάπερ
2642 3538 2738 3589 καὶ
2784 3537 2914 3606 ἡμῖν
2966 3533 3084 3598 έθος
3131 3533 3311 3603 λέγειν
3341 3551 3354 3564 ·
3387 3537 3645 3606 Χαλεπὴν

2067 3622 2277 3692 ἡμέραν
2312 3623 2573 3691 διήγαγον
2601 3620 2695 3671 καὶ
2728 3619 2937 3687 κακήν·
2978 3616 3153 3671 καίτοι
3183 3618 3299 3680 πῶς
3334 3619 3400 3670 ἂν
3433 3627 3646 3685 γένοιτο

2067 3705 2297 3777 χαλεπὴ,
2332 3704 2443 3758 ἀλλ’
2471 3704 2503 3775 ἢ
2543 3703 2651 3757 ἀπὸ
2691 3701 2797 3755 τῶν
2827 3702 2885 3755 ἐν
2916 3699 3055 3771 αὐτῇ
3090 3700 3524 3769 συμϐαινόντων;
3562 3702 3643 3753 Τὰ

2066 3789 2125 3841 δὲ
2176 3790 2233 3841 ἐν
2277 3789 2412 3858 αὑτῇ
2464 3785 2851 3856 συμϐαίνοντα,
2903 3783 3053 3835 ἐστὶν
3088 3783 3268 3851 ἀγαθά
3322 3784 3440 3853 μὲν,
3492 3785 3642 3852 παρά

2067 3870 2244 3924 Θεοῦ·
2295 3870 2441 3923 κακὰ
2491 3870 2569 3935 δὲ,
2610 3867 2759 3938 παρὰ
2811 3864 3116 3937 ἀνθρώπων
3168 3867 3442 3936 πονηρῶν.
3501 3868 3643 3936 Ἀρα

2066 3952 2175 4006 τῶν
2200 3955 2256 4006 ἐν
2275 3956 2385 4016 τοῖς
2406 3954 2619 4021 καιροῖς
2642 3949 3049 4020 συμϐαινόντων
3083 3949 3335 4019 πονηρῶν
3357 3950 3406 4001 οἱ
3432 3948 3642 4020 ἄνθρω-

2068 4054 2159 4089 ποι
2184 4036 2525 4107 δημιουργοὶ,
2563 4035 2660 4087 καὶ
2681 4034 2769 4087 διὰ
2800 4033 2957 4085 τοῦτο
2987 4033 3170 4103 καιροὶ
3199 4032 3427 4101 πονηροὶ
3456 4032 3641 4100 λέγον-

2066 4135 2176 4173 ται.
2192 4119 2345 4173 Οὖτω
2362 4121 2453 4172 καὶ
2476 4120 2639 4188 ἡμεῖς
2660 4118 2885 4187 καιροὺς
2917 4116 3189 4185 πονηροὺς
3222 4114 3388 4166 καλοῦ
3398 4132 3516 4183 μεν.
3540 4119 3641 4166 Δια

2067 4204 2263 4267 τοῦτο,
2286 4203 2438 4274 φησὶ,
2460 4200 2545 4271 μὴ
2570 4203 2809 4271 γίνεσθε
2825 4200 3103 4266 ἄφρονες,
3137 4198 3297 4251 ἀλλὰ
3330 4198 3643 4262 συνιέντες

2066 4285 2125 4337 τί
2151 4285 2216 4337 τὸ
2263 4287 2492 4351 θέλημα
2526 4282 2634 4337 τοῦ
2686 4282 2929 4349 Κυρίου.
2981 4280 3089 4334 Καὶ
3122 4279 3209 4347 μὴ
3251 4281 3635 4347 μεθύσκεσθε

2067 4368 2229 4431 οἴνῳ,
2264 4368 2334 4419 ἐν
2360 4361 2407 4432 ᾧ
2436 4367 2607 4419 ἐστιν
2637 4364 2885 4419 ἀσωτία.
2921 4362 3030 4414 Καὶ
3059 4361 3248 4414 τούτου
3288 4361 3397 4431 γὰρ
3430 4360 3639 4433 [1551ή

2069 4450 2303 4523 ἀμετρία
2329 4450 2596 4520 θυμώδεις
2617 4450 2763 4501 ποιεῖ
2780 4447 2873 4501 καὶ
2890 4446 3110 4516 θρασεῖς
3136 4445 3229 4497 καὶ
3255 4444 3639 4523 ἀκροσφαλεῖς,

2068 4521 2316 4604 ὀργίλους
2344 4533 2441 4585 καὶ
2473 4530 2759 4600 χαλεπούς.
2784 4531 2878 4591 Εἰς
2905 4527 3247 4597 εὐφροσύνην
3275 4529 3303 4579 ὀ
3330 4521 3473 4590 οἶνος
3501 4527 3642 4580 δέδο-

2067 4634 2175 4679 ται,
2204 4617 2306 4669 οὐκ
2330 4617 2409 4678 είς
2445 4615 2617 4686 μέθην
2640 4632 2655 4646 ·
2686 4613 2780 4667 νῦν
2808 4613 2863 4665 δὲ
2890 4611 2952 4664 τὸ
2972 4612 3205 4680 πρᾶγμα
3232 4610 3327 4663 καὶ
3350 4611 3642 4680 ἀνανδρίας

2068 4696 2383 4752 εἶναιδοκεῖ
2420 4698 2515 4749 καὶ
2557 4697 2813 4765 γέλωτος,
2862 4696 2923 4747 τὸ
2960 4695 3035 4766 μὴ
3072 4693 3462 4765 μεθύσκεσθαι.
3507 4695 3642 4747 Ποία

2065 4783 2243 4835 τοίνυν
2282 4781 2437 4844 ἐλπὶς
2468 4782 2773 4850 σωτηρίας;
2810 4780 3006 4845 Γέλως,
3042 4777 3161 4830 εἰπέ
3202 4794 3312 4844 μοι,
3347 4777 3409 4829 τὸ
3440 4777 3514 4847 μὴ
3549 4794 3643 4847 με-

2068 4863 2383 4924 θύσκεσθαι,
2417 4863 2543 4916 ἔνθα
2570 4864 2805 4932 μάλιστα
2831 4864 3051 4915 πάντων
3070 4862 3132 4914 τὸ
3160 4859 3527 4931 μεθύσκεσθαι
3550 4861 3642 4928 γέ-

2067 4950 2172 5014 λως
2196 4948 2426 5019 ὤφειλεν
2456 4944 2597 5000 εἶναι
2618 4963 2632 5011 ;
2663 4947 2912 4999 Μάλιστα
2946 4946 3043 5014 μὲν
3062 4945 3170 5015 γάρ
3195 4945 3288 4997 καὶ
3312 4943 3405 4996 τὸν
3429 4943 3644 5013 ἰδιώτην

2068 5035 2258 5103 πόρρω
2288 5031 2459 5103 μέθης
2484 5026 2622 5082 εἶναι
2650 5029 2812 5082 καλόν
2835 5045 2849 5060 ⁸
2879 5028 3058 5099 πολλῴ
3084 5028 3142 5080 δὲ
3172 5028 3335 5079 πλέον
3356 5025 3447 5079 τὸν
3478 5044 3643 5097 στρα-

2067 5117 2289 5187 τιώτην,
2314 5115 2400 5169 τὸν
2426 5116 2483 5167 ἐν
2503 5111 2681 5182 ξίφεσι
2704 5112 3091 5183 στρεφόμενον,
3122 5111 3213 5163 τὸν
3234 5113 3290 5163 ἐν
3314 5110 3529 5179 αἵμασι,
3551 5109 3642 5161 τὸν

2068 5208 2125 5257 ἐν
2165 5204 2399 5273 σφαγαῖς
2423 5218 2437 5233 ·
2477 5199 2659 5269 πολλῷ
2698 5200 2899 5270 μᾶλλον
2928 5200 3019 5252 τὸν
3057 5196 3398 5269 στρατιώτην
3458 5236 3473 5260 ,
3513 5197 3642 5249 ὅταν

2069 5288 2162 5340 καὶ
2191 5286 2455 5355 ἑτέρωθεν
2499 5287 2529 5337 6
2560 5284 2729 5355 θυμὸς
2774 5284 3029 5353 θήγηται,
3077 5281 3188 5334 ἀπὸ
3227 5282 3328 5350 τῆς
3370 5278 3641 5345 ἐξουσίας,

2068 5370 2176 5423 ἀπὸ
2209 5369 2306 5438 τῆς
2327 5368 2666 5431 δυναστείας,
2702 5367 2808 5421 ἀπὸ
2836 5366 2932 5420 τοῦ
2964 5364 3203 5435 συνεχῶς
3236 5366 3295 5416 ὲν
3328 5362 3644 5428 ἐπιϐουλαῖς

2069 5454 2161 5506 καὶ
2200 5453 2396 5522 μάχαις
2426 5447 2583 5505 εἶναι.
2617 5450 2802 5503 Βούλει
2847 5450 3037 5519 μαθεῖν
3063 5446 3167 5500 ποῦ
3202 5444 3366 5507 καλὸς
3394 5446 3424 5497 6
3457 5438 3640 5513 οῐνος;

2068 5536 2231 5588 ἄκουε
2259 5535 2356 5604 τῆς
2404 5535 2630 5606 Γραφῆς
2678 5532 2974 5601 λεγούσης·
3011 5532 3152 5584 Δότε
3190 5526 3361 5584 οἶνον
3412 5527 3537 5593 τοῖς
3572 5529 3644 5581 έν

2067 5620 2255 5686 λύπῃ,
2292 5618 2389 5671 καὶ
2410 5619 2604 5687 μέθην
2633 5618 2756 5685 τοῖς
2780 5618 2849 5670 ἐν
2876 5616 3084 5684 ὀδύνῃ.
3110 5614 3350 5678 Εἰκότως
3368 5629 3382 5642 ·
3426 5613 3485 5665 τὸ
3534 5615 3644 5684 γάρ

2072 5705 2239 5773 τραχὺ
2272 5702 2367 5755 καὶ
2401 5702 2722 5772 σκυθρωπὸν
2771 5697 2881 5755 οἵδε
2928 5699 3242 5769 μαλάττειν,
3287 5698 3379 5751 καὶ
3416 5696 3478 5750 τὸ
3518 5713 3643 5748 συν-

2075 5790 2227 5858 νεφές
2273 5787 2526 5854 ἀπάγειν.
2565 5784 2736 5854 Οἷνος
2777 5786 3082 5855 εὐφραίνει
3132 5783 3381 5852 καρδίαν
3422 5780 3645 5847 ἀνθρώ-
