4096 6388
522 341 630 398 £29

521 474 663 521 που,
698 454 850 524 φησί.
886 453 1011 515 Πῶς
1031 446 1125 506 οῦν
1153 451 1219 505 ἐκ
1245 451 1341 505 τοῦ
1367 452 1511 506 οίνου
1540 454 1573 522 ἠ
1602 451 1739 522 μέθη
1762 468 1777 513 ;
1798 452 1857 504 οὐ
1882 450 1992 519 γὰρ
2021 448 2100 501 ἐνι

526 538 623 591 τὸν
653 538 814 590 αὐτὸν
841 537 909 591 τά
931 538 1149 589 ἐναντία
1178 535 1507 607 ἐργάζεσθαι
1537 535 1733 605 ἑαυτῷ.
1759 535 1873 587 Οὐκ
1901 534 2010 605 ἄρα
2037 535 2102 586 ἐκ

522 620 619 674 τοῦ
647 621 790 673 οῖνου
822 622 859 691 η
883 620 1043 691 μέθη,
1076 620 1194 671 ἀλλ’
1226 622 1290 672 ἐκ
1321 620 1423 687 τῆς
1454 619 1741 689 ἀμετρίας.
1785 620 1845 671 Ὀ
1867 613 2008 680 οἶνος
2033 616 2101 669 δι’

517 704 669 755 οὐδὲν
703 704 887 774 ἕτερον
926 705 1059 773 ἡμῖν
1102 702 1335 765 δέδοται,
1380 702 1413 771 ἢ
1448 702 1517 754 δι’
1556 702 1744 768 ὑγείαν
1802 700 2052 770 σώματος
2083 715 2097 729 ο

516 786 656 839 ἀλλά
688 788 783 838 καὶ
824 788 959 856 πρδς
987 787 1144 839 τοῦτο
1174 784 1458 854 ἐμποδίζει
1508 786 1543 854 ἠ
1588 784 1848 855 ἀμετρία.
1902 785 2099 838 ’Ἄκουε

517 868 572 920 δὲ
602 870 695 921 καὶ
724 867 819 921 τοῦ
849 869 1116 940 μακαρίον
1147 869 1338 920 τούτου
1378 868 1685 938 γράφοντος
1717 868 1808 921 καὶ
1848 866 2099 935 λέγοντος

515 955 594 1026 τῷ
622 958 897 1027 Τιμοθέῳο
938 959 1149 1025 Ὀλίγῳ
1186 956 1331 1020 οἴνῳ
1379 953 1502 1023 χρῶ
1532 954 1631 1007 διὰ
1650 955 1757 1009 τὸν
1787 954 2100 1024 στόμαχόν

513 1055 655 1101 σου,
682 1040 782 1094 καί
818 1039 925 1105 τὰς
962 1039 1197 1105 πυκνάς
1229 1054 1347 1092 σου
1376 1038 1719 1103 ἀσθενείας.

587 1176 652 1246 β’.
672 1177 771 1230 Διά
797 1178 904 1249 γάρ
932 1176 1089 1230 τοῦτο
1116 1176 1290 1239 όΘεὺς
1319 1174 1572 1245 ἐποίησεν
1596 1173 1753 1244 ἡμῶν
1774 1173 1843 1227 τά
1868 1172 2096 1243 σώματα

517 1261 829 1331 σύμμετρα.
870 1262 964 1315 καὶ
1012 1262 1120 1314 ἀπὸ
1159 1260 1354 1327 ὀλίγων
1403 1258 1795 1328 κορέννυσθαι,
1844 1256 2093 1310 ἐντεῦθεν

513 1342 614 1412 ἤδη
668 1343 935 1396 παιδεύων
984 1346 1152 1413 ἡμᾶς,
1183 1343 1266 1395 ὅτι
1318 1340 1454 1411 πρὸς
1511 1342 1705 1410 ἑτέραν
1747 1340 1895 1410 ἡμᾶς
1947 1339 2093 1408 ζωὴν

512 1425 739 1496 ἐποίησε
770 1426 1133 1496 ἐπιτηδείους.
1166 1425 1279 1478 Καὶ
1300 1424 1552 1476 ἐϐούλετο
1577 1423 1675 1493 μὲν
1709 1424 1805 1475 καὶ
1833 1422 1893 1487 ἐξ
1917 1423 2092 1494 ἀρχῆς

512 1507 728 1578 ἐκείνην
752 1508 961 1570 δοῦναι,
1005 1507 1196 1575 ἐπειδὴ
1218 1508 1274 1558 δέ
1302 1506 1554 1571 ἀναξίους
1582 1506 1808 1568 ἑαυτοὺς
1825 1507 2092 1574 κατεστή-

514 1606 712 1659 σαμεν,
773 1592 1099 1645 ἀνεϐάλετο·
1144 1594 1236 1644 καὶ
1277 1592 1334 1642 ἐν
1362 1590 1440 1659 τῷ
1478 1589 1655 1661 χρόνῳ
1689 1583 1734 1657 ᾧ
1776 1588 2088 1654 ἀνεϐάλετο,

508 1673 633 1727 οὐδὲ
661 1676 720 1728 ἐν
738 1674 885 1745 αὐτῷ
906 1675 1129 1744 ἀφίησιν
1147 1675 1294 1744 ἡμᾶς
1311 1672 1607 1725 ἀπολαύειν
1639 1672 1892 1742 ἀμέτρως
1913 1687 1926 1701 ·
1945 1670 2088 1724 οίνου

510 1756 621 1822 γάρ
652 1757 851 1826 κοτύλη
897 1759 990 1809 καὶ
1025 1757 1186 1824 ἄρτος
1229 1751 1310 1819 εἷς
1342 1757 1502 1826 ἀρκεῖ
1530 1754 1772 1824 γαστέρα
1810 1753 2088 1822 ἐμπλῆσαι

514 1839 828 1909 ἀνθρώπου.
863 1841 972 1894 Καὶ
1003 1843 1093 1893 τὸν
1124 1840 1343 1893 πάντων
1370 1839 1478 1892 τῶν
1517 1837 1727 1903 ἀλόγων
1757 1836 2084 1907 κρατοῦντα,

503 1921 947 1993 ὸλιγοδεέστερον
983 1923 1160 1976 αὐτῶν
1190 1922 1332 1975 κατά
1369 1921 1468 1990 τὴν
1499 1919 1787 1985 ἀναλογίαν
1826 1919 2044 1987 ἐποίησε
2069 1959 2084 1983 ,

506 2003 603 2056 καὶ
645 2004 706 2057 τὸ
744 2005 903 2075 σῶμα
947 2005 1143 2076 βραχὺ,
1178 2004 1330 2057 οὐδὲν
1378 2003 1564 2073 ἕτερον
1614 2003 1647 2074 ἢ
1692 2001 1851 2055 τοῦτο
1886 2001 2083 2071 δηλῶν,

503 2096 588 2148 ὅτι
621 2096 759 2168 πρὸς
795 2097 986 2169 ἑτέραν
1018 2097 1163 2165 ζωὴν
1193 2094 1550 2163 ἐπειγόμεθα.
1582 2093 1681 2161 Μὴ
1700 2094 2085 2163 μεθύσκεσθε

504 2187 671 2250 οϊνῳ,
700 2187 885 2257 φησὶν,
910 2189 979 2241 ἐν
997 2182 1046 2255 ᾧ
1074 2188 1245 2241 ἐστιν
1265 2186 1511 2242 ἀσωτία.
1541 2186 1616 2237 Οὐ
1633 2184 1741 2255 γάρ
1763 2182 1943 2248 σώζει,
1968 2184 2085 2238 ἀλλ’

504 2268 820 2331 ἀπόλλυσιν,
843 2269 902 2321 οὐ
932 2269 995 2322 τὸ
1033 2270 1194 2338 σῶμα
1222 2268 1404 2339 μόνον,
1438 2267 1576 2322 ἀλλά
1624 2270 1717 2320 καὶ
1746 2267 1846 2337 τὴν
1883 2266 2079 2336 ψυχήν.

520 2349 705 2404 Ἀλλὰ
740 2350 1089 2419 πληροῦσθε
1124 2352 1194 2404 ἐν
1215 2353 1531 2419 Πνεύματι,
1569 2348 1906 2415 λαλοῦντες
1942 2350 2081 2403 ἐαυ-

502 2433 629 2498 τοῖς
659 2433 730 2487 ἐν
754 2434 1018 2502 ψαλμοῖς
1042 2435 1141 2488 καί
1174 2435 1385 2503 ὕμνοις
1414 2433 1513 2487 καί
1551 2432 1731 2499 ᾠδαῖς
1766 2446 2085 2500 πνευματι-

503 2515 659 2580 καῖς,
682 2513 932 2581 ᾄδοντες
962 2518 1058 2568 καί
1095 2516 1437 2584 ψάλλοντες
1466 2518 1536 2568 ἐν
1563 2513 1636 2581 τῇ
1672 2514 1885 2580 καρδίᾳ
1915 2513 2084 2581 ὑμῶν

502 2594 585 2661 τῷ
618 2598 845 2663 Κυρίῳ’
880 2600 1388 2667 εὐχαριστοῦντες
1425 2598 1683 2651 πάντοτε
1724 2596 1878 2665 ὺπέρ
1927 2597 2080 2649 πάν-

502 2697 623 2733 των
650 2682 719 2732 ἐν
752 2680 997 2749 ὀνόματι
1022 2682 1128 2735 τοῦ
1150 2683 1373 2749 Κυρίου
1395 2680 1561 2751 ἡμῶν
1600 2680 1803 2747 Ἰησοῦ
1826 2679 2080 2748 Χριστοῦ

500 2760 583 2827 τῷ
614 2761 735 2827 Θεῷ
764 2764 859 2815 καί
893 2764 1098 2831 Πατρί,
1133 2765 1623 2832 ὑποτασσόμενοι
1672 2761 1970 2827 ἀλλήλοις
2012 2761 2082 2815 ἐν

499 2847 664 2914 φόϐῳ
692 2847 972 2913 Χριστοῦ.
1013 2846 1222 2909 Βούλει,
1259 2849 1443 2917 φησὶν,
1483 2846 1908 2916 εὐφραίνεσθαι;
1944 2846 2081 2899 Βού-

501 2928 584 2979 λει
614 2928 712 2998 τὴν
755 2929 968 3001 ἡμέραν
996 2930 1343 2994 ἀναλίσκειν,
1395 2931 1537 2998 Ἐγώ
1571 2947 1654 2981 σοι
1684 2929 1879 2999 δίδωμι
1915 2930 2079 2983 πότον

496 3012 876 3079 πνευματικόν
894 3027 908 3041 ·
936 3013 971 3081 ἡ
994 3012 1104 3082 γὰρ
1137 3012 1274 3083 μέθη
1303 3013 1397 3066 καὶ
1422 3013 1522 3081 τὴν
1551 3012 1683 3083 εῠση
1694 3028 1793 3080 μον
1823 3013 2081 3067 ἐκκόπτει

502 3092 687 3166 φωνὴν
721 3094 821 3160 τῆς
850 3094 1103 3163 γλώσσης
1136 3095 1238 3165 τῆς
1283 3096 1577 3166 ἡμετέρας,
1607 3094 1877 3164 ψελλίζειν
1905 3113 2078 3165 παρα-

498 3177 866 3240 σκευάζουσα,
896 3177 990 3229 καὶ
1033 3176 1349 3247 ὀφθαλμοὺς
1385 3178 1480 3230 καὶ
1512 3178 1692 3230 πάντα
1744 3177 1932 3241 ἁπλῶς
1961 3179 2079 3231 δια-

496 3259 831 3329 ρτρέφουσα.
860 3260 1015 3314 Μάθε
1044 3260 1291 3326 ψάλλειν,
1336 3262 1432 3313 καὶ
1461 3260 1582 3329 ὄψει
1630 3261 1724 3314 τοῦ
1755 3263 2078 3334 πράγματος

494 3342 600 3413 τὴν
629 3342 821 3414 ἡδονήν
870 3360 885 3375 ο
916 3346 966 3397 οί
997 3343 1294 3413 ψάλλοντες
1318 3346 1427 3417 γὰρ
1455 3345 1775 3415 Πνεύματος
1810 3346 2080 3418 πληροῦν-

495 3443 589 3479 ται
626 3427 807 3493 ἁγίου,
838 3426 1027 3499 ὥσπερ
1074 3429 1123 3481 οί
1164 3428 1382 3500 ᾅδοντες
1422 3429 1520 3493 τὰς
1569 3430 1868 3494 σατανικὰς
1911 3432 2074 3502 ᾠδὰς,

496 3510 814 3580 πνεύματος
841 3511 1179 3582 ἀκαθάρτου.
1213 3512 1277 3564 Τί
1309 3514 1479 3579 ἐστιν,
1523 3514 1626 3567 Ἑν
1646 3513 1777 3580 ταῖς
1807 3516 2079 3583 καρδίαις

497 3590 667 3661 ὑμῶν
712 3592 794 3658 τῷ
820 3594 1057 3662 Κυρίῳ;
1100 3593 1381 3659 Τουτέστι,
1430 3594 1567 3665 μετὰ
1601 3596 1871 3661 συνέσεως
1920 3598 2073 3670 [1561

498 3675 892 3746 προσέχοντες·
939 3679 989 3730 οί
1041 3677 1148 3749 γὰρ
1186 3678 1246 3730 οὐ
1286 3679 1666 3748 προσέχοντες,
1720 3678 1906 3741 ἅπλῶς
1942 3680 2078 3749 ψάλ-

498 3756 675 3823 λουσι,
698 3759 767 3811 τὰ
807 3760 1029 3830 ῥήματα
1055 3759 1445 3830 φθεγγόμενοι,
1485 3764 1584 3833 τῆς
1618 3762 1846 3832 καρδίας
1875 3763 2077 3834 ῥεμϐο-

500 3839 673 3911 μένης
722 3840 968 3910 ἐτέρωθι.
1017 3841 1301 3904 Πάντοτε,
1349 3843 1538 3914 φησὶν.
1594 3844 1749 3911 ὑπὲρ
1794 3845 2078 3900 ἁπάντων

494 3922 1006 3989 εὐχαριστοῦντες
1055 3924 1126 3977 ἑν
1182 3926 1426 3993 ὀνόματι
1480 3924 1590 3979 τοῦ
1638 3929 1860 3994 Κυρίου
1908 3927 2078 3997 ἡμῶν

513 4004 719 4071 Ἰησοῦ
765 4005 1024 4070 Χριστοῦ
1072 4004 1152 4072 τῷ
1192 4006 1317 4071 Θεῷ
1358 4008 1456 4062 καί
1486 4009 1691 4075 Πατρί,
1732 4012 2077 4065 ὑποτασσό-

497 4105 669 4161 μενοι
700 4088 999 4154 ἀλλήλοις
1033 4089 1102 4142 ἐν
1135 4090 1299 4158 φόϐῳ
1346 4091 1630 4158 Χριστοῦ.
1675 4092 1957 4160 Τουτέστι,
1994 4093 2076 4149 Τά

498 4172 783 4240 αἰτήματα
815 4170 969 4237 ὑμῶν
1001 4174 1141 4242 μετά
1172 4173 1525 4243 εὐχαριστίας
1558 4175 1909 4245 γνωριζέσθω
1936 4177 2072 4249 πρὸς

500 4253 591 4309 ’.ὸν
629 4253 762 4306 Θεόν
787 4268 801 4283 ·
834 4254 988 4307 οὐδὲν
1032 4258 1137 4325 γὰρ
1174 4254 1348 4319 οὕτως
1389 4257 1671 4327 εὐφραίνει
1699 4258 1789 4311 τὸν
1819 4259 1970 4324 Θεὸν,
2000 4260 2076 4325 ὡς

499 4336 627 4389 ὅταν
716 4353 798 4399 τις
829 4338 1169 4407 εὐχάριστος.
1213 4339 1469 4393 Μάλιστα
1497 4339 1554 4392 δὲ
1592 4339 1871 4411 δυνάμεθα
1914 4344 2076 4412 εὐχα-

502 4422 728 4493 ριστεῖν,
752 4422 1058 4488 ἀπάγοντες
1079 4423 1189 4475 τῶν
1208 4424 1625 4493 προειρημένων
1648 4426 1746 4495 τὴν
1774 4426 1952 4496 ψυχὴν
1976 4428 2075 4498 τὴν

500 4506 797 4573 ἡμετέραν,
833 4504 1278 4575 διακαθαίροντες
1309 4507 1478 4577 αὐτὴν
1521 4506 1733 4570 τούτοις
1777 4506 1860 4570 οἷς
1898 4506 2070 4564 εἶπεν.

516 4585 700 4639 Ἀλλὰ
740 4587 1111 4653 πληροῦσθε,
1163 4590 1318 4658 φησὶ,
1366 4590 1436 4641 ἐν
1490 4592 1804 4658 Πνεύματι.
1835 4588 1982 4665 *Αρα
2016 4595 2075 4647 ἐν

500 4670 633 4737 ἡμῖν
662 4667 854 4734 τοῦτο;
886 4670 997 4723 Καὶ
1040 4674 1150 4743 γὰρ
1184 4674 1241 4723 ὲν
1280 4673 1432 4745 ἡμῖν.
1477 4673 1645 4725 Ὅταν
1696 4675 1805 4742 γὰρ
1851 4675 2067 4743 ψεῦδος,

500 4749 632 4803 ὅταν
654 4751 903 4820 πικρίαν,
944 4752 1073 4805 ὅταν
1106 4753 1386 4824 πορνείαν,
1410 4755 1536 4807 ὅταν
1559 4756 1921 4825 ἀκαθαρσίαν,
1946 4758 2074 4812 ὅταν

500 4830 816 4895 πλεονεξίαν
837 4833 1274 4905 ἀποσοϐήσωμεν
1312 4836 1413 4902 τῆς
1437 4836 1619 4905 ψυχῆς
1647 4838 1745 4908 τῆς
1774 4840 2071 4908 ἡμετέρας,

498 4915 632 4968 ὅταν
665 4914 953 4985 γενώμεθα
992 4919 1242 4987 χρηστοὶ,
1284 4916 1671 4988 εὖσπλαγχνοι,
1723 4920 2074 4991 χαριζόμενοι

501 5000 738 5060 ἑαυτοῖς,
778 4999 904 5050 ὅταν
948 4999 1279 5070 εὐτραπελία
1331 5003 1406 5072 μὴ
1448 5005 1640 5072 παρῇ,
1683 5003 1811 5055 ὅταν
1848 5004 2072 5066 ἑαυτοὺς

502 5081 690 5148 ἀξίους
720 5082 1243 5153 κατασκευάσωμεν,
1276 5085 1328 5137 τί
1358 5086 1420 5137 τὸ
1437 5085 1644 5138 κωλύον
1672 5084 1732 5140 τὸ
1763 5087 1987 5156 Πνεῦμα
2012 5086 2074 5139 τὸ

502 5167 658 5233 ἆγιον
692 5164 940 5217 ἐπελθεῖν
987 5165 1083 5217 καὶ
1133 5167 1466 5236 ἐπιπτῆναι;
1500 5169 1609 5222 Καὶ
1635 5170 1734 5238 οὐχ
1764 5169 1951 5232 ἁπλῶς
1978 5170 2075 5221 ἐπ-

503 5247 802 5308 ελεύσεται,
834 5247 971 5300 ἀλλὰ
1000 5246 1277 5319 πληρώσει
1306 5251 1404 5321 τὴν
1424 5252 1649 5323 καρδίαν
1678 5252 1853 5321 ἡμῶν.
1875 5252 2075 5306 Τοσού-

500 5350 599 5386 του
641 5332 699 5384 δὲ
747 5331 959 5385 ἔνδοθεν
1013 5332 1161 5395 ὄντος
1218 5334 1391 5401 φωτὸς
1415 5375 1430 5398 ,
1477 5335 1597 5387 οὐδὲ
1635 5335 2075 5407 δυσκατόρθωτος

506 5418 640 5486 ἡμῖν
679 5415 863 5469 λοιπὸν
901 5414 1053 5468 ἔσται
1088 5418 1121 5484 ἡ
1147 5416 1338 5486 ἀρετὴ,
1373 5417 1507 5470 ἀλλὰ
1530 5418 1689 5488 ῥᾳδία
1720 5420 1815 5471 καὶ
1832 5418 2069 5481 εὔκολος.

483 5498 770 5553 ’Πάντοτε
788 5498 1308 5566 εὐχαριστοῦντες,
1340 5503 1525 5568 φησὶν,
1547 5501 1700 5571 ὑπὲρ
1726 5501 1986 5554 πάντων.
2007 5501 2072 5553 Τί

503 5577 635 5645 οὖν;
669 5581 809 5651 ὑπὲρ
840 5580 1057 5634 πάντων
1100 5581 1441 5651 εὐχαριστεῖν
1478 5583 1560 5637 δεῖ
1596 5585 1704 5636 τῶν
1747 5583 2071 5653 συμϐαινόνφ

506 5680 648 5728 των;
678 5664 814 5716 Ναί·
841 5664 944 5717 κᾶν
970 5663 1123 5727 νόσος
1145 5660 1203 5737 ᾖ,
1227 5667 1330 5718 κᾶν
1357 5666 1535 5720 πενία.
1564 5666 1627 5720 Et
1656 5666 1765 5737 γὰρ
1794 5668 1852 5719 ἐν
1874 5671 1938 5737 τῇ
1967 5668 2075 5719 Πα-

507 5747 635 5821 λαιᾷ
668 5745 897 5818 παρῄνει
925 5746 1086 5818 σοφός
1117 5764 1198 5810 τις
1232 5747 1432 5816 λέγων·
1463 5747 1591 5804 Πᾶν
1624 5748 1655 5802 ὃ
1691 5750 1799 5804 ἐὰν
1838 5749 2073 5826 ἐπαχθῆ

1230 338 1289 393 S.
1330 335 1623 393 JOANNIS
1660 331 2155 393 CHRYSOSTOMI
2194 335 2519 401 ARCHIEP.
2560 340 3117 400 CONSTANTINOP.

3675 346 3779 400 1'50

2212 468 2335 519 σοι,
2377 456 2545 521 δέξαι
2587 457 2882 527 ἀσμένως,
2928 457 3028 513 καί
3074 458 3146 511 ἐν
3184 458 3531 528 ἄλλαγμασι
3582 475 3779 512 ταπειο

2210 539 2450 606 νώσεώς
2479 558 2596 595 σου
2626 544 3096 611 μακροθύμησον
3120 556 3135 571 ⁸
3165 540 3345 612 πολλῷ
3377 541 3577 611 μᾶλλον
3620 544 3677 594 ἐν
3708 545 3774 613 τῇ

2209 622 2384 693 Καινῇ
2420 624 2666 692 γίνεσθαι
2692 628 2820 696 χρή.
2841 627 2959 679 Κᾶν
2986 625 3077 679 τὸν
3109 625 3266 694 λόγον
3289 625 3467 679 τοίνυν
3505 626 3579 696 μὴ
3607 626 3773 697 εἰδῇς,

2207 706 2513 775 εὐχαρίστει
2535 723 2548 737 ο
2592 707 2750 761 τοῦτο
2774 709 2884 779 γάρ
2924 710 3070 761 ἐστιν
3108 709 3447 779 εὐχαριστία.
3492 710 3589 759 Ἂν
3623 709 3681 762 δε
3713 704 3774 764 εὖ

2206 787 2397 841 παθὼν
2419 791 2512 843 καὶ
2545 790 2941 861 εὐθηνούμενος
2964 794 3058 846 καὶ
3084 791 3378 861 εὐπραγῶν
3402 791 3493 844 καὶ
3510 794 3569 845 ἐν
3584 792 3776 862 εὐημε-

2210 870 2351 937 ρίαις
2381 871 2478 934 ὢν,
2512 874 2861 944 εὐχαριστῇς,
2893 874 3046 927 οὐδὲν
3071 873 3236 944 μέγα,
3265 873 3414 926 οὐδὲν
3433 873 3770 943 θαυμαστόν·

2204 952 2266 1005 τὸ
2295 954 2351 1006 δὲ
2391 954 2746 1026 ζητούμενον,
2775 959 2834 1009 ἐν
2870 957 3115 1026 θλίψεσιν
3153 957 3282 1010 ὄντα
3314 957 3677 1027 εὐχαριστεῖν,
3715 961 3774 1011 ἐν

2204 1036 2483 1107 ἀθυμίαις.
2514 1041 2697 1109 Μηδὲν
2724 1041 2829 1105 πρὸ
2860 1041 2955 1094 τοῦ
2989 1043 3234 1114 ῥήματος
3272 1040 3464 1092 τούτου
3510 1040 3770 1109 φθέγγου,

2204 1119 2525 1192 Εὐχαριστῶ
2556 1141 2660 1186 σοι,
2691 1124 2958 1179 Δέσποτα.
2990 1127 3101 1179 Καὶ
3132 1125 3188 1178 τί
3217 1125 3359 1193 λέγω
3387 1124 3528 1194 ὑπὲρ
3554 1126 3663 1179 τῶν
3683 1127 3771 1178 ἐν-

2201 1204 2374 1257 ταῦθα
2405 1205 2635 1274 θλίψεων
2660 1226 2674 1274 ;
2702 1209 2843 1279 ὐπὲρ
2858 1210 2957 1277 τῆς
2980 1209 3204 1277 γεέννης
3229 1209 3403 1278 αὐτῆς
3432 1211 3772 1278 εὐχαριστεῖν

2201 1287 2382 1359 δεῖτῷ
2410 1292 2550 1361 Θεῷ,
2574 1292 2715 1363 ὐπέρ
2735 1295 2841 1346 τῶν
2872 1294 3144 1347 κολάσεων
3182 1293 3290 1346 τῶν
3321 1294 3457 1356 ἐκεῖ,
3496 1294 3633 1363 ὑπὲρ
3663 1295 3770 1347 τῶν

2199 1374 2500 1443 τιμωριῶν.
2534 1375 2682 1428 Πάνυ
2711 1375 2820 1446 γὰρ
2849 1375 2910 1428 τὸ
2938 1377 3169 1447 πρᾶγμα
3200 1377 3348 1445 ἡμᾶς
3371 1375 3621 1447 ὠφέλησε
3646 1376 3771 1439 τοὺς

2200 1456 2587 1525 προσέχοντας,
2641 1458 2761 1511 ἀντὶ
2807 1458 3024 1528 χαλινοῦ
3072 1456 3166 1510 τοῦ
3199 1458 3299 1526 τῆς
3326 1458 3555 1527 γεέννης
3602 1458 3768 1525 φόϐου

2196 1539 2316 1599 ταῖς
2367 1540 2619 1609 καρδίαις
2666 1541 2823 1611 ἡμῶν
2872 1539 3234 1602 ἐπιτεθέντος.
3270 1539 3361 1610 Μὴ
3416 1540 3593 1594 τοίνυν
3627 1540 3768 1611 ὑπὲρ

2196 1620 2306 1673 τῶν
2332 1624 2584 1694 φανερῶν
2634 1624 2983 1692 εὐεργεσιῶν,
3015 1623 3151 1677 ἀλλὰ
3180 1624 3275 1676 καὶ
3308 1623 3448 1694 ὑπὲρ
3488 1624 3597 1675 τῶν
3631 1624 3769 1692 ἀφαι

2196 1704 2324 1769 νῶν,
2346 1707 2437 1758 καὶ
2458 1707 2597 1777 ὑπὲρ
2617 1701 2691 1760 ὧν
2713 1708 2936 1770 ἄκοντες
2951 1706 3408 1777 εὐεργετούμεθα.
3436 1706 3767 1777 εὐχαριστῶ-

2200 1804 2299 1856 μεν
2323 1804 2336 1817 ο
2369 1788 2541 1841 πολλά
2564 1791 2671 1860 γάρ
2689 1790 2783 1842 καὶ
2816 1790 2890 1860 μὴ
2922 1789 3274 1859 βουλομένους
3294 1789 3443 1859 ἡμᾶς
3467 1789 3763 1858 εὐεργετεῖ,

2196 1870 2291 1921 καὶ
2315 1870 2388 1942 μὴ
2412 1871 2638 1934 εἰδότας.
2671 1873 2732 1925 Et
2752 1872 2807 1923 δέ
2836 1874 3135 1933 ἀπιστεῖτε,
3161 1871 3258 1942 ήδη
3283 1873 3410 1940 ὑμῖν
3439 1871 3499 1923 τὸ
3530 1873 3766 1942 πρᾶγμα

2198 1954 2409 2023 ποιήσω
2444 1954 2696 2025 φανερόν.
2744 1956 3026 2023 Ἐννόησον
3056 1957 3162 2027 γάρ
3212 1971 3333 2025 μοι’
3372 1956 3422 2007 οί
3454 1955 3643 2025 μιαροὶ
3670 1955 3765 2009 καὶ

2195 2037 2413 2088 ἄπιστοι
2433 2037 2690 2106 ’Έλληνες
2714 2038 2833 2108 οὐχὶ
2871 2037 2949 2106 τῷ
2992 2037 3125 2107 ἡλίῳ
3158 2037 3217 2091 τὸ
3241 2038 3349 2090 πᾶν
3379 2039 3760 2109 ἐπιγράφουσι,

2195 2117 2289 2169 καὶ
2326 2120 2437 2181 τοῖς
2467 2117 2705 2182 εἰδώλοις
2727 2120 2937 2185 αὐτῶν;
2974 2120 3039 2173 Τί
3065 2115 3187 2185 οὗν;
3216 2120 3341 2191 οὐχὶ
3369 2119 3650 2190 εὐεργετεῖ
3670 2120 3763 2173 καὶ

2193 2200 2425 2266 αὐτούς;
2457 2201 2581 2271 οὐχὶ
2613 2202 2713 2271 τῆς
2737 2203 2944 2256 ἐκείνου
2980 2204 3237 2273 προνοίας
3263 2204 3400 2264 ἐστὶ,
3433 2202 3528 2255 καὶ
3555 2202 3617 2254 τὸ
3639 2202 3760 2273 ζῇν,

2192 2283 2286 2336 καί¹
2323 2284 2383 2335 τὸ
2431 2284 2694 2352 ὑγιαίνειν
2727 2287 2946 2353 αὐτοὺς,
2995 2286 3089 2339 καὶ
3141 2286 3494 2350 παιδοποιεῖν,
3536 2287 3628 2339 καὶ
3662 2286 3762 2339 ὅσα

2189 2366 2453 2430 τοιαῦτας
2488 2367 2555 2419 Τὶ
2600 2367 2658 2419 δέ
2684 2369 2738 2421 οἱ
2763 2370 3177 2439 Μαρκιωνισταὶ
3208 2368 3520 2438 λεγόμενοι;
3553 2370 3607 2421 τί
3633 2368 3688 2421 δὲ
3710 2368 3761 2422 οί

2190 2448 2516 2517 Μανιχαῖοι;
2550 2450 2671 2519 οὐχὶ
2709 2453 2805 2504 καὶ
2863 2451 3275 2522 βλασφημοῦσιν
3300 2452 3497 2516 αὐτόν;
3531 2451 3597 2504 Τί
3630 2448 3759 2517 οῦν;

2189 2531 2312 2599 οὐχὶ
2352 2532 2639 2602 εὐεργετεῖ
2678 2535 2876 2596 αὐτοὺς
2917 2534 3040 2587 καθ’
3069 2536 3305 2602 ἐκάστην
3341 2534 3589 2605 ήμέραν;
3621 2536 3761 2589 Είδέ

2190 2612 2432 2678 ἐκείνους
2461 2617 2588 2677 τοὺς
2626 2616 2800 2668 ταῦτα
2837 2618 2937 2669 οὐκ
2982 2617 3191 2680 είδότας
3240 2618 3535 2687 εὐεργετεῖ,
3579 2617 3760 2689 πολλῷ

2194 2696 2395 2765 μᾶλλον
2422 2698 2589 2768 ἡμᾶς.
2622 2699 2687 2751 Τί
2712 2699 2820 2769 γάρ
2851 2697 3004 2771 [157]
3029 2699 3157 2754 ἄλλο
3185 2699 3343 2769 ἔργον
3364 2700 3499 2753 Θεοῦ
3525 2700 3758 2770 ἢτοῦτο,

2188 2780 2249 2832 τὸ
2270 2781 2579 2849 εὐεργετεῖν
2607 2781 2669 2833 τὸ
2697 2782 2804 2834 τῶν
2827 2782 3129 2852 ἀνθρώπων
3154 2782 3330 2851 γένος,
3364 2783 3459 2836 καὶ
3488 2783 3581 2836 διὰ
3601 2783 3761 2836 κολά-

2191 2879 2331 2915 σεων
2353 2863 2449 2915 καὶ
2478 2862 2545 2915 δι’
2567 2863 2839 2929 ἀνέσεων;

2265 3018 2356 3087 Μὴ
2394 3017 2555 3087 μόνον
2595 3016 2776 3071 τοίνυν
2806 3019 2865 3072 ἐν
2891 3018 3218 3088 εὐπραγίαις
3250 3018 3399 3081 ὄντες
3426 3018 3756 3089 εὐχαριστῶ-

2186 3119 2288 3171 μεν
2312 3117 2327 3132 ⁸
2355 3102 2506 3154 οὐδὲν
2536 3103 2644 3172 γὰρ
2667 3101 2831 3171 μέγα.
2868 3102 2978 3155 Καὶ
3004 3104 3162 3154 τοῦτο
3190 3098 3298 3154 οἶδε
3318 3103 3411 3155 καὶ
3431 3105 3458 3154 ὁ
3479 3102 3753 3165 διάϐολος·

2186 3184 2266 3238 διὸ
2294 3186 2385 3238 καὶ
2412 3184 2561 3253 ἔλεγε
2586 3199 2599 3213 ’
2625 3185 2726 3253 Μὴ
2766 3184 2992 3253 δωρεὰν
3012 3186 3249 3238 σέϐεται
3289 3183 3412 3237 Ἰὼϐ
3439 3183 3546 3237 τὸν
3574 3186 3759 3248 Θεον;

2186 3268 2325 3336 οὐχί
2351 3268 2433 3321 σὺ
2462 3267 2865 3337 περιέφραξας
2889 3269 2961 3321 τὰ
2987 3269 3109 3321 ἔσω
3131 3268 3341 3331 αὐτοῦ,
3373 3268 3473 3321 καί
3507 3267 3580 3321 τὰ
3604 3268 3758 3332 Etim;

2185 3352 2433 3417 Περίελε
2472 3350 2669 3403 πάντα
2697 3351 2769 3403 τὰ
2813 3349 3161 3419 ὑπάρχοντα
3195 3352 3404 3415 αὐτοῦ,
3452 3347 3493 3421 ἦ
3514 3351 3642 3420 μὴν
3670 3353 3759 3417 εἰς

2185 3434 2515 3501 πρόσωπόν
2541 3450 2615 3487 σε
2655 3432 3000 3504 εὐλογήσει.
3040 3432 3178 3485 Ἀλλ’
3217 3434 3370 3486 οὐδὲν
3399 3433 3547 3503 αὐτῷ
3574 3434 3758 3488 πλεῖον

2184 3517 2403 3585 ἐγένετο
2426 3515 2503 3586 τῷ
2555 3516 2760 3587 μιαρῷ,
2804 3516 2938 3586 μηδὲ
2976 3516 3208 3584 γένοιτο,
3253 3516 3391 3587 μηδέ
3421 3518 3549 3587 περὶ
3599 3517 3757 3587 ἡμῶν

2183 3598 2439 3666 γενέσθαι
2468 3617 2517 3651 τι
2562 3598 2726 3652 πλέον
2774 3599 2940 3669 αὐτῷ.
2992 3598 3154 3651 Ἀλλά
3197 3598 3293 3650 καί⁷
3337 3598 3463 3650 ὃταν
3492 3601 3550 3651 ἐν
3592 3599 3757 3672 πενίᾳ.

2183 3676 2353 3753 ὦμεν,
2375 3684 2469 3736 καὶ
2491 3683 2620 3736 ὅταν
2639 3684 2697 3737 ἐν
2718 3682 2917 3749 νόσοις,
2940 3682 3036 3735 καὶ
3052 3683 3182 3735 ὅταν
3206 3683 3264 3733 ἐν
3290 3682 3599 3752 ἐπηρείαις,
3631 3686 3753 3737 τότε

2183 3766 2540 3835 ἐπιτείνωμεν
2564 3766 2664 3836 τὴν
2700 3766 3073 3835 εὐχαριστίαν.
3110 3764 3473 3834 Εὐχαριστίαν
3496 3764 3552 3817 δέ
3586 3765 3750 3832 λέγω,

2186 3850 2261 3920 μὴ
2299 3852 2506 3921 ῥήμασι
2533 3849 2667 3920 μηδὲ
2688 3849 2928 3922 γλώσσῃ,
2955 3847 3090 3901 ἀλλὰ
3106 3850 3394 3919 πράγμασι
3425 3849 3519 3901 καὶ
3545 3847 3748 3917 ἔργοις,

2183 3932 2279 3985 καὶ
2306 3932 2515 4003 διανοίᾳ.
2544 3934 2638 3986 καὶ
2669 3932 2886 4003 καρδία.
2936 3932 3031 3984 Ἐκ
3075 3932 3256 3999 πάσης
3296 3931 3476 4001 ψυχῆς
3529 3933 3750 4002 εὐχαρι-

2186 4014 2402 4085 στῶμεν
2435 4014 2605 4085 αὐτῷ.
2640 4015 2859 4069 Μᾶλλον
2892 4013 3000 4084 γὰρ
3024 4013 3131 4066 τῶν
3153 4013 3573 4083 γεννησαμένων
3601 4016 3749 4084 ἡμᾶς

2183 4097 2363 4166 φιλεῖ·
2400 4099 2494 4153 καὶ
2526 4099 2650 4151 ὅσον
2681 4098 2945 4168 πονηρίας
2981 4098 3073 4149 καὶ
3103 4097 3440 4167 ἀγαθότητος
3462 4098 3523 4150 τὸ
3561 4098 3747 4167 μέσον,

2182 4180 2433 4233 τοσοῦτον
2460 4183 2495 4248 ὴ
2524 4180 2618 4251 τῆς
2641 4180 2862 4251 ἀγάπης
2892 4179 2985 4232 τοῦ
3018 4178 3154 4232 Θεοῦ
3185 4179 3323 4250 πρὸς
3346 4179 3444 4251 τὴν
3477 4180 3585 4233 τῶν
3616 4184 3752 4252 ἡμε-

2182 4264 2362 4334 τέρων
2394 4264 2651 4335 πατέρων
2677 4262 2958 4335 διαφοράν.

2251 4429 2318 4491 γ’.
2346 4423 2455 4475 Καὶ
2478 4421 2649 4474 ταῦτα
2678 4422 2776 4474 οὐκ
2805 4423 2913 4491 ἐμά
2939 4423 3056 4475 ἐστι
3078 4424 3143 4476 τὰ
3171 4426 3406 4495 ῥήματα,
3436 4426 3552 4479 ἀλλ’
3581 4426 3746 4481 αὐτοῦ

2181 4507 2274 4559 τοῦ
2306 4506 2587 4573 φιλοῦντος
2604 4505 2752 4574 ἡμᾶς
2776 4505 3035 4575 Χριστοῦ.
3064 4508 3172 4559 Καὶ
3198 4509 3362 4560 ἄκουε
3381 4511 3544 4562 αὐτοῦ
3566 4510 3748 4577 λέγον-

2182 4606 2271 4650 τος
2288 4604 2300 4615 ·
2332 4587 2432 4652 Τίς
2449 4587 2518 4651 ἐξ
2544 4586 2711 4655 ὑμῶν
2730 4587 3245 4655 ἐστινᾶνθρωπος,
3272 4591 3359 4653 ὃς,
3393 4593 3501 4644 ἐὰν
3527 4592 3745 4660 αἰτήσῃ

2182 4676 2216 4724 ό
2237 4672 2367 4735 υίὸς
2397 4669 2583 4723 αὑτοῦ
2608 4669 2809 4737 ἄρτον,
2835 4668 2919 4738 μὴ
2953 4672 3129 4723 λίθον
3155 4673 3435 4726 ἐπιδώσει
3463 4674 3619 4739 αὐτῷ
3638 4691 3657 4738 ;
3679 4677 3748 4728 El

2180 4753 2247 4805 δὲ
2297 4753 2465 4821 ὑμεῖς
2518 4753 2768 4819 πονηροί
2815 4753 3006 4819 ὄντες,
3044 4753 3248 4809 οἴδατε
3284 4756 3510 4825 δόματα
3559 4758 3749 4823 ἀγαθὰ

2181 4836 2409 4889 διδόναι
2431 4834 2556 4899 τοῖς
2576 4833 2805 4900 τέκνοις
2830 4835 3016 4901 ὑμῶν,
3039 4837 3467 4905 πόσῳμὰλλον
3489 4842 3521 4891 ὁ
3548 4841 3746 4906 Πατὴρ

2184 4919 2349 4988 ὑμῶν
2374 4923 2405 4973 ό
2430 4920 2500 4972 ἐν
2532 4918 2657 4982 τοῖς
2692 4918 2971 4985 οὐρανοῖς
2992 4918 3171 4973 δώσει
3187 4921 3376 4989 ἀγαθὰ
3401 4922 3524 4987 τοῖς
3548 4923 3746 4976 αἰτοῦ-

2182 5018 2288 5055 σιν
2307 5003 2536 5065 αὑτόν;
2570 5002 2680 5055 Καὶ
2697 5000 2861 5054 πάλιν
2888 5002 3053 5054 ἄκουε
3084 5003 3177 5056 καὶ
3206 5005 3430 5074 ἑτέρωθι
3464 5004 3742 5072 λέγοντοςο

2179 5089 2277 5153 Μὴ
2312 5084 2666 5149 ἐπιλήσεται
2697 5082 2852 5151 γυνὴ
2886 5084 2992 5137 τοῦ
3019 5084 3269 5151 ἐλεῆσαι
3298 5086 3370 5138 τὰ
3394 5086 3611 5156 ἔκγονα
3633 5086 3745 5155 τῆς

2182 5170 2417 5234 κοιλίας
2431 5166 2621 5235 αὐτῆς
2638 5183 2656 5230 ;
2680 5169 2749 5220 El
2782 5166 2851 5219 δὲ
2881 5166 2978 5220 καί
3002 5168 3341 5223 ἐπιλάθοιτο
3360 5170 3546 5223 ταῦτα
3565 5171 3742 5239 γυνὴ.

2180 5252 2315 5305 ἀλλ’
2352 5251 2465 5319 ἐγὼ
2505 5252 2617 5304 οὑκ
2652 5250 3021 5319 ἐπιλήσομαί
3054 5266 3191 5314 σου,
3240 5256 3399 5320 λέγει
3432 5255 3743 5323 Κύριος.Εί

2181 5336 2290 5403 γάρ
2341 5336 2415 5405 μὴ
2446 5334 2608 5403 φιλεῖ,
2642 5334 2786 5397 τίνος
2821 5334 3007 5388 ἕνεκεν
3048 5336 3192 5406 ἡμᾶς
3225 5338 3478 5407 ἐποίησε;
3528 5339 3600 5409 μὴ
3633 5339 3743 5409 γὰρ

2180 5420 2426 5487 ἀνάγκην
2460 5413 2605 5488 είχε;
2645 5418 2719 5488 μὴ
2754 5418 2861 5489 γὰρ
2898 5418 3084 5489 χρείαν
3146 5420 3294 5491 αὐτῷ
3342 5423 3434 5475 καί¹
3472 5422 3745 5475 διακονίαν

2180 5501 2530 5571 πληροῦμενς
2586 5502 2659 5570 μὴ
2691 5503 2799 5571 γὰρ
2834 5501 3003 5553 δεῖταί
3052 5519 3196 5564 τινος
3241 5504 3350 5558 τῶν
3396 5507 3524 5575 παρ’
3557 5506 3740 5575 ήμῶνς

2186 5587 2385 5637 ’Ἄκουε
2416 5582 2512 5636 τοῦ
2558 5585 2849 5655 Προφήτου
2887 5583 3165 5650 λέγοντοςο
3207 5582 3363 5639 Εἷπιι
3398 5585 3478 5651 τῷ
3511 5587 3703 5654 Κυρίῳ
3727 5604 3740 5616 ⁸

2182 5670 2396 5736 Κύριός
2422 5686 2542 5736 μου
2566 5664 2626 5721 εἷ
2651 5667 2754 5731 σὺ,
2796 5666 2886 5720 ὅτι
2908 5665 3277 5735 τῶνάγαθῶν
3302 5688 3420 5738 μου
3440 5672 3511 5724 οὐ
3537 5671 3745 5738 χρείαν

2187 5756 2366 5826 ἔχεις.
2411 5752 2548 5807 Ἀλλ’
2579 5754 2625 5806 οί
2660 5751 2978 5822 ἀγνώμονες
3020 5754 3113 5805 καὶ
3159 5753 3497 5830 ἀναίσθητοι,
3524 5752 3742 5815 Τοῦτο,
