4100 6412
298 340 398 397 129

296 462 390 518 sed
418 460 521 516 hoc
548 473 760 530 quoque
790 454 1014 527 impedit
1058 448 1452 508 immoderatio.
1507 443 1644 499 Audi
1692 450 1874 495 autem

299 557 443 613 hunc
469 568 681 627 quoque
709 551 925 607 beatum
969 546 1292 604 scribentem
1320 551 1374 598 et
1397 541 1666 596 dicentem
1697 534 1879 589 Timo-

303 650 458 705 theo:
484 646 689 703 Modico
710 646 826 701 vino
850 654 987 698 utere
1015 649 1220 711 propter
1247 635 1563 692 stomachum
1582 641 1629 688 et
1651 632 1883 703 frequen-

306 754 373 801 tes
396 754 510 797 tuas
539 738 862 807 inﬁrmitates
888 735 965 807 (1.
985 733 1119 789 Tim.
1138 732 1193 788 5.
1223 729 1341 797 25).

367 835 423 891 2.
465 832 757 901 Propterea
787 828 931 884 enim
960 826 1103 881 Deus
1129 822 1255 879 fecit
1283 828 1465 875 nostra
1489 827 1712 884 corpora
1739 810 1881 882 iusta

298 924 608 995 symmetria
632 919 873 990 prmdita,
891 926 945 971 et
965 913 1150 985 paucis
1165 912 1369 983 satiari;
1390 906 1512 963 inde
1529 920 1627 961 nos
1635 904 1743 973 jam
1761 915 1884 955 eru-

300 991 453 1071 diens
482 1055 496 1081 ,
522 1012 667 1084 quod
694 1025 791 1065 nos
821 1019 974 1079 aptos
1004 1006 1190 1061 fecerit
1234 1002 1300 1058 ad
1329 1001 1553 1055 alteram
1592 996 1776 1050 vitam.
1814 991 1885 1045 Et

301 1108 515 1163 Volebat
541 1105 755 1175 quidem
782 1103 927 1156 illam
950 1099 1079 1155 dare
1099 1099 1165 1152 ab
1190 1094 1365 1162 initio,
1387 1093 1480 1149 sed
1510 1089 1761 1162 quoniam
1793 1085 1884 1141 illa

304 1217 404 1256 nos
434 1198 766 1256 reddidimus
788 1191 1283 1265 indignos,distulit
1312 1206 1325 1240 :
1355 1197 1410 1243 et
1430 1202 1496 1241 eo
1516 1196 1759 1252 tempore
1778 1193 1885 1249 quo

303 1294 528 1358 distulit,
555 1308 660 1346 non
693 1304 792 1344 nos
830 1286 959 1341 sinit
983 1284 1084 1339 frui
1117 1280 1403 1338 immodice
1432 1296 1444 1333 :
1476 1277 1584 1330 vini
1610 1274 1751 1330 enim
1784 1271 1884 1326 he-

305 1386 447 1440 mina
480 1392 533 1439 et
559 1396 696 1436 unus
721 1380 872 1450 panis
902 1374 1178 1432 sufﬁciunt
1202 1372 1267 1426 ad
1292 1368 1618 1440 implendum
1644 1374 1884 1419 ventrem

304 1477 556 1533 hominis.
591 1474 659 1528 Et
688 1488 835 1538 eum,
863 1471 952 1541 qui
998 1470 1050 1523 in
1077 1467 1252 1520 omnia
1284 1465 1437 1519 bruta
1481 1460 1688 1515 obtinet
1708 1456 1885 1510 domi-

304 1580 487 1622 natum
514 1609 530 1633 ,
564 1564 690 1620 fecit
722 1561 1059 1633 paucioribus
1088 1558 1331 1629 indigere
1357 1569 1515 1623 quam
1551 1552 1637 1605 illa
1658 1593 1674 1617 ,
1708 1549 1886 1604 habita

305 1660 673 1730 proportione,
722 1665 777 1710 et
805 1669 1003 1723 corpus
1027 1651 1213 1716 breve,
1254 1648 1389 1704 nihil
1414 1646 1556 1701 aliud
1583 1642 1888 1713 significans

302 1767 464 1820 quam
489 1748 630 1821 quod
662 1747 727 1801 ad
758 1746 918 1801 aliam
949 1743 1112 1797 vitam
1144 1752 1515 1811 properamus.
1544 1734 1721 1789 Nolite
1741 1773 1757 1797 ,
1804 1732 1890 1785 in~

304 1847 439 1916 quit,
469 1842 711 1897 inebriari
737 1840 872 1902 vino,
898 1838 951 1891 in
981 1852 1079 1907 quo
1104 1844 1176 1889 est
1193 1833 1418 1887 luxuria.
1442 1829 1559 1884 Non
1592 1827 1734 1881 enim
1761 1838 1892 1879 con-

304 1915 501 2000 servat,
522 1933 615 1990 sed
646 1931 840 2003 perdit,
872 1944 978 1984 non
1010 1927 1183 1983 solum
1208 1938 1426 1993 corpus,
1459 1919 1552 1976 sed
1580 1919 1740 1974 etiam
1775 1915 1893 1969 aui-

306 2043 471 2083 mam.
504 2025 610 2081 Sed
639 2021 923 2094 implemini
952 2017 1175 2088 Spiritu,
1207 2015 1293 2071 i9.
1326 2014 1582 2082 loquentes
1624 2008 1892 2063 vobismet-

308 2118 513 2189 ipsisin
552 2115 761 2186 psalmis
787 2122 834 2166 et
860 2109 1073 2165 canticis
1096 2104 1481 2178 spiritualibus,
1528 2101 1797 2172 psallentes
1844 2107 1893 2153 et

303 2216 564 2263 cantantes
585 2207 639 2259 in
668 2201 902 2258 cordibus
934 2198 1107 2254 vestris
1132 2196 1376 2261 Domino,
1404 2193 1496 2248 20.
1524 2193 1716 2264 gratias
1739 2206 1893 2262 agen-

304 2312 376 2354 tes
402 2300 598 2370 seniper
618 2313 710 2366 pro
747 2295 998 2357 omnibus,
1040 2292 1094 2345 in
1116 2289 1318 2344 nomine
1352 2285 1559 2340 Domini
1582 2284 1743 2338 nostri
1767 2280 1893 2336 Jesu

305 2394 524 2458 Christi,
555 2390 663 2444 Deo
689 2397 733 2443 et
766 2386 909 2441 Patri
935 2402 954 2441 :
979 2384 1070 2439 21.
1126 2380 1337 2453 subjecti
1377 2380 1590 2435 invicem
1633 2379 1689 2432 in
1716 2376 1894 2430 timore

306 2484 513 2537 Christi.
568 2481 663 2536 Vis
685 2522 701 2546 ,
736 2480 940 2550 inquit,
987 2474 1203 2531 laetari?
1246 2474 1327 2528 vis
1356 2472 1497 2527 diem
1527 2466 1893 2525 consumere?

308 2576 419 2646 Ego
445 2574 516 2629 do
547 2573 640 2628 tibi
682 2581 863 2642 potum
894 2567 1229 2639 Spiritualetn
1275 2581 1290 2618 :
1320 2563 1556 2619 ebrietas
1585 2561 1727 2617 enirn
1756 2560 1894 2616 bene

304 2665 696 2736 signiﬁcantem
725 2662 919 2731 linguas
938 2669 1137 2713 nostrae
1163 2654 1438 2712 exscindit
1461 2667 1671 2717 vocem,
1695 2660 1754 2705 ut
1782 2651 1895 2705 bal-

306 2753 593 2810 butiamu!
606 2753 870 2816 efficiens,
899 2750 1194 2819 oculosque
1219 2756 1276 2802 et
1303 2746 1504 2809 omnia,
1528 2753 1587 2798 ut
1623 2743 1787 2797 semel
1808 2742 1893 2797 di-

306 2862 456 2910 cam,
489 2853 825 2915 pervertens.
880 2842 1039 2896 Disce
1069 2839 1300 2909 psallere
1320 2879 1336 2903 ,
1367 2847 1421 2890 et
1458 2834 1666 2889 videbis
1696 2832 1773 2888 rei
1801 2848 1896 2886 νος

307 2940 566 3008 luptatem
599 2955 612 2989 :
643 2952 764 2991 nam
793 2935 883 3006 qui
933 2933 1190 3004 psallunt,
1222 2930 1514 2999 implentur
1544 2927 1745 2996 Spiritu
1772 2940 1896 2981 san-

307 3041 415 3096 eto,
445 3028 584 3082 sicut
608 3027 697 3097 qui
724 3025 961 3080 satanica
980 3031 1181 3078 canunt
1204 3021 1431 3083 cantica,
1449 3018 1638 3089 spiritu
1662 3018 1897 3071 immun~

310 3122 402 3175 do.
429 3119 568 3188 Quid
597 3129 681 3173 est
702 3162 718 3185 ,
763 3118 828 3171 In
870 3115 1105 3170 cordibus
1133 3119 1311 3169 uestris
1358 3109 1621 3166 Domino?
1648 3109 1763 3165 Hoc
1789 3118 1894 3175 est,

311 3214 585 3281 sapienter
603 3214 840 3266 animum
861 3209 1178 3263 adhibentes
1211 3223 1225 3258 :
1260 3221 1380 3259 nam
1403 3203 1492 3274 qui
1520 3204 1757 3257 animum
1788 3215 1897 3254 non

310 3305 586 3370 adhibent,
620 3316 823 3359 temere
847 3310 1047 3357 canunt
1075 3301 1235 3356 verba
1266 3298 1564 3369 loquentes,
1586 3296 1748 3350 corde
1772 3293 1898 3348 alibi

312 3408 558 3469 vagante.
608 3396 829 3459 Gratias,
866 3395 1058 3465 inquit,
1088 3408 1286 3463 semper
1320 3398 1520 3461 agentes
1555 3405 1645 3457 pro
1670 3387 1901 3441 omnibus

314 3491 369 3543 in
399 3489 603 3542 nomine
638 3486 848 3541 Domini
877 3486 1036 3539 nostri
1077 3482 1204 3537 Jesu
1244 3480 1452 3546 Christi,
1481 3478 1589 3533 Deo
1635 3488 1683 3532 et
1730 3476 1897 3542 Patri,

315 3579 531 3649 subjecti
577 3578 789 3632 inuicem
825 3577 879 3629 in
906 3576 1085 3629 timore
1111 3574 1321 3628 Christi.
1353 3571 1405 3625 Id
1452 3579 1571 3638 est,
1616 3568 1903 3639 petitiones

315 3678 510 3725 vestra:
526 3684 649 3724 cum
666 3668 951 3739 gratiarum
968 3665 1179 3721 actione
1200 3664 1538 3718 innotescant
1554 3660 1691 3729 apud
1712 3659 1900 3714 Deum:

319 3758 453 3814 nihil
476 3760 620 3814 enim
648 3774 799 3828 atque
818 3757 981 3812 Deum
1010 3756 1201 3810 lmtitia‘
1223 3751 1411 3819 afﬁcit,
1439 3759 1496 3805 ut
1522 3748 1737 3820 quando
1758 3749 1905 3820 quis-

321 3851 462 3921 piam
523 3860 606 3907 est
655 3860 861 3922 gratus.
892 3849 1121 3904 Maxime
1165 3856 1344 3902 autem
1396 3858 1681 3916 possumus
1709 3842 1907 3914 gratias

322 3958 503 4013 agere,
530 3943 861 3999 abducentes
886 3943 1124 3996 animum
1153 3948 1394 3995 nostrum
1422 3938 1492 3991 ab
1516 3936 1581 3991 iis
1607 3952 1727 4006 qua}
1756 3936 1907 4006 prius

323 4037 463 4093 dicta
516 4045 664 4103 sunt,
718 4044 775 4091 et
817 4050 941 4091 eum
970 4042 1329 4105 expurgantes
1376 4031 1442 4085 iis
1465 4044 1586 4101 qua:
1612 4029 1767 4084 dixit.
1800 4028 1908 4084 Sed

324 4131 631 4201 implemini,
660 4129 854 4200 inquit,
882 4128 1103 4198 Spiritu.
1128 4127 1296 4181 Estne
1320 4124 1421 4179 hoc
1448 4125 1500 4179 in
1526 4132 1709 4178 nostra
1753 4131 1909 4193 pote-

328 4223 512 4278 state?
538 4221 637 4277 Est
663 4232 831 4276 certe.
878 4218 1106 4288 Quando
1137 4219 1279 4274 enim
1308 4216 1665 4281 mendacium,
1696 4215 1912 4286 quando

329 4314 677 4370 acerbitatem
706 4322 760 4368 et
788 4311 1195 4367 amarulentiam
1219 4351 1233 4375 ,
1262 4308 1477 4379 quando
1506 4307 1910 4373 scortationem,

333 4407 552 4479 quando
575 4406 987 4472 immunditiam,
1008 4403 1224 4475 quando
1251 4402 1529 4456 avaritiam
1547 4416 1578 4454 a
1597 4408 1777 4454 nostra
1798 4400 1914 4453 ani-

336 4515 421 4555 ma
457 4499 819 4569 abegerimus,
843 4496 1055 4566 quando
1074 4495 1341 4573 fuerimus
1362 4492 1597 4562 benigni,
1616 4492 1918 4546 misericor-

335 4592 454 4656 des,
499 4591 655 4646 nobis
700 4591 829 4660 ipsis
856 4590 1238 4659 gratificantes,
1271 4586 1489 4657 quando
1533 4600 1638 4640 non
1689 4584 1918 4639 adfuerit

338 4683 660 4747 scurrilitas,
688 4681 902 4751 quando
945 4695 1042 4735 nos
1070 4678 1468 4735 reddiderimus
1510 4676 1736 4746 dignos,
1792 4674 1917 4745 quid

340 4784 427 4831 est
462 4775 601 4845 quod
633 4773 915 4845 prohibeat
953 4788 1022 4827 ne
1053 4770 1275 4827 accedat
1322 4778 1380 4825 et
1427 4768 1643 4823 advolet
1689 4766 1923 4836 Spiritus

343 4866 599 4922 sanctus?
630 4864 814 4935 Neque
846 4864 1021 4918 solum
1067 4862 1307 4928 accedet,
1340 4860 1435 4916 sed
1476 4861 1637 4915 etiam
1685 4858 1926 4928 implebit

342 4974 439 5014 cor
475 4967 739 5012 nostrum.
772 4956 907 5010 Dum
956 4962 1040 5009 est
1065 4964 1244 5008 autem
1274 4952 1601 5007 intrinsecus
1633 4949 1726 5004 lux
1755 4958 1922 5015 tanta,

345 5064 453 5106 non
493 5049 597 5105 erit
616 5049 684 5104 de
708 5056 906 5104 caztero
928 5044 1145 5101 difﬁcile
1160 5059 1219 5100 se
1238 5058 1303 5101 ex
1325 5045 1520 5099 virtute
1536 5052 1681 5098 recte
1705 5056 1928 5111 gerere,

349 5143 443 5199 sed
475 5142 631 5198 facile
673 5152 728 5196 et
768 5139 1104 5210 expeditum.
1125 5136 1350 5203 Gratias,
1383 5136 1576 5206 inquit,
1604 5144 1810 5205 agentes
1838 5149 1931 5203 pro

352 5237 602 5290 omnibus.
634 5234 773 5303 Quid
827 5231 996 5303 ergo?
1044 5246 1141 5301 pro
1169 5229 1440 5294 omnibus,
1491 5242 1611 5295 qum
1664 5225 1931 5291 accidunt,

354 5336 571 5399 oportet
612 5327 809 5398 gratias
846 5324 1052 5395 agere?
1106 5322 1266 5377 Certe
1297 5337 1313 5374 :
1344 5321 1549 5374 etiamsi
1595 5320 1665 5374 sit
1694 5317 1933 5381 morbus,

359 5420 569 5475 etiamsi
599 5427 901 5488 paupertas.
949 5415 1006 5471 Si
1036 5415 1179 5470 enim
1210 5414 1265 5467 in
1292 5411 1473 5467 Veteri
1500 5410 1760 5465 suadebat
1785 5408 1934 5479 quis-

361 5513 501 5582 piam
528 5508 752 5579 Sapiens
776 5508 997 5562 dicens:
1026 5506 1187 5559 Omne
1214 5501 1349 5574 quod
1375 5500 1461 5555 tibi
1477 5501 1738 5553 inductum
1765 5502 1938 5570 fuerit,

364 5603 590 5655 lubenter
628 5599 801 5669 accipe
829 5615 849 5653 :
877 5608 924 5651 et
950 5598 1003 5650 in
1033 5594 1391 5649 mutationibus
1432 5590 1796 5645 humiliationis
1844 5598 1944 5643 tute

364 5706 469 5750 esto
485 5694 789 5766 longanimis
807 5690 1137 5764 (Eccli.2.4);
1154 5687 1323 5743 multo
1345 5688 1515 5755 magis
1536 5684 1587 5739 id
1603 5684 1717 5739 fieri
1735 5690 1948 5753 Oportet

368 5786 611 5845 iaNuvo.
636 5787 746 5840 Etsi
777 5799 906 5855 ergo
931 5782 1195 5838 rationem
1216 5778 1446 5845 nescias,
1474 5789 1569 5847 age
1588 5775 1784 5846 gratias
1810 5772 1947 5833 :boc

1178 331 1241 385 IN
1283 326 1494 385 EPIST.
1531 324 1618 379 AD
1658 321 1896 378 EPHES.
1935 320 2089 375 CAP.
2121 320 2187 377 ν.
2228 321 2458 378 HOMIL.
2501 320 2641 378 XIX.

3461 319 3567 375 no

1985 435 2131 493 enim
2156 448 2239 493 est
2264 452 2452 493 revera
2478 436 2772 507 gratiarum
2797 435 2962 492 actio.
2990 434 3084 492 Sin
3125 444 3306 491 autem
3331 450 3451 491 cum
3490 441 3568 495 sis

1984 528 2262 585 beneﬁciis
2290 528 2515 584 affectus
2533 569 2551 594 ,
2588 528 2982 599 opulentusque
3004 538 3059 582 et
3086 528 3344 599 locuples,
3374 542 3571 597 resque

1987 630 2106 676 tuas
2133 621 2269 676 bene
2297 635 2453 691 geras
2471 661 2489 688 ,
2516 631 2573 675 et
2610 620 2788 675 omnia
2822 621 2917 675 tilti
2967 635 3226 690 prospere
3254 621 3566 689 succedant,

1987 728 2113 784 agas
2136 714 2357 783 gratias,
2375 728 2483 768 non
2510 722 2594 768 est
2622 728 2873 782 magnum
2902 728 3004 768 nec
3028 712 3403 768 admirandum
3428 730 3441 768 :
3473 730 3564 770 ve-

1988 820 2106 858 rum
2133 804 2272 875 quod
2301 805 2562 860 buaeritur
2579 815 2685 869 est,
2720 814 2776 858 ut
2805 803 3007 872 gratias
3033 812 3157 874 agat
3184 805 3274 873 qui
3303 815 3387 860 est
3407 806 3460 861 in
3493 804 3573 861 af-

1988 896 2314 953 flictionibus
2345 905 2399 950 et
2430 896 2481 950 in
2506 896 2781 951 mmstitia.
2812 894 2954 949 Nihil
2984 895 3131 950 dicas
3158 907 3282 951 ante
3325 896 3426 952 hoc
3452 914 3574 953 ver-

1988 988 2141 1055 bum,
2171 987 2381 1044 Gratias
2412 1002 2512 1057 ago
2542 986 2670 1052 tibi,
2712 986 2955 1041 Domine.
2998 986 3061 1040 Et
3086 986 3213 1056 quid
3239 988 3362 1042 dico
3390 1004 3485 1057 pro
3511 989 3580 1045 iis

1990 1097 2111 1151 quae
2142 1080 2229 1134 hic
2253 1090 2376 1134 sunt
2399 1079 2816 1134 afflictionibus?
2844 1094 2939 1148 pro
2965 1078 3078 1150 ipsa
3102 1081 3344 1149 gehenna
3363 1092 3578 1151 oportet

1993 1174 2102 1228 Deo
2130 1188 2287 1243 agere
2307 1176 2529 1243 gratias,
2580 1186 2677 1243 pro
2706 1172 2878 1242 pomis
2912 1180 2967 1225 et
2993 1174 3271 1242 suppliciis
3298 1190 3418 1245 qua:
3447 1185 3578 1231 sunt

1993 1267 2101 1321 illic
2140 1281 2241 1320 :ea
2268 1266 2410 1320 enim
2441 1279 2530 1320 res
2573 1279 2671 1318 nos
2698 1264 2855 1318 valde
2883 1262 3032 1333 juvat
3065 1265 3153 1334 qui
3200 1265 3568 1322 animadverti-

1994 1375 2112 1414 mus
2143 1376 2157 1412 :
2190 1374 2286 1429 pro
2309 1357 2461 1412 freno
2499 1366 2674 1411 metus
2697 1357 2957 1426 gehennae
2990 1358 3291 1426 imponatur
3326 1359 3579 1416 cordibus

1994 1451 2216 1505 nostris.
2238 1449 2316 1504 Ne
2334 1463 2463 1519 ergo
2491 1457 2695 1501 tantum
2720 1463 2817 1517 pro
2839 1447 3139 1502 manifestis
3159 1449 3452 1514 beneﬁciis,
3482 1451 3579 1506 sed

1993 1543 2153 1597 etiam
2183 1557 2279 1611 pro
2322 1541 2387 1595 iis
2418 1556 2537 1610 qua:
2564 1556 2670 1594 non
2699 1548 2822 1593 sunt
2852 1540 3167 1605 manifesta,
3198 1551 3252 1594 et
3277 1542 3472 1611 quibus
3494 1543 3579 1597 vel

1993 1635 2143 1690 inviti
2166 1634 2451 1699 afﬁcimur,
2472 1648 2695 1703 agamus
2712 1632 2912 1701 gratias
2937 1651 2950 1685 :
2980 1631 3161 1685 multis
3183 1633 3326 1686 enim
3353 1647 3453 1688 nos
3482 1650 3581 1688 no-

1995 1728 2168 1783 lentes
2188 1734 2243 1781 et
2272 1725 2576 1780 nescientes
2606 1722 2883 1778 beneﬁciis
2911 1721 3098 1777 afﬁcit.
3148 1722 3205 1777 Si
3248 1734 3426 1779 autem
3473 1741 3580 1782 non

1994 1818 2237 1884 creditis,
2261 1817 2372 1887 jam
2395 1816 2547 1871 vobis
2575 1830 2689 1870 rem
2718 1814 2893 1884 palam
2924 1814 3136 1869 faciam.
3180 1814 3364 1885 Cogita
3385 1817 3528 1872 enim
3563 1834 3579 1873 :

1996 1911 2239 1967 scelerati
2262 1919 2317 1965 et
2343 1907 2605 1963 increduli
2637 1906 2834 1972 Graeci,
2859 1920 3041 1962 nonne
3063 1906 3163 1961 soli
3182 1907 3361 1962 omnia
3383 1909 3587 1964 adscri-

1997 2005 2128 2060 hunt
2152 2013 2206 2058 et
2253 2002 2364 2058 suis
2390 2001 2593 2056 idolis?
2622 1999 2761 2066 Quid
2805 2001 2973 2054 vero?
3023 2015 3202 2055 annon
3233 2016 3329 2055 eos
3374 2017 3586 2074 quoque

1998 2094 2262 2151 beneﬁcio
2289 2092 2497 2149 afﬁcit?
2521 2107 2702 2147 annon
2728 2101 2814 2147 est
2862 2091 3007 2146 illius
3047 2092 3398 2161 providentia:
3438 2096 3585 2166 quod

2000 2188 2101 2257 ipsi
2130 2188 2312 2241 vivant
2339 2195 2396 2240 et
2425 2184 2533 2239 sint
2559 2184 2699 2250 sani,
2744 2192 2798 2238 et
2829 2182 3032 2238 liberos
3059 2197 3362 2254 procreent,
3388 2197 3444 2242 et
3468 2205 3589 2259 quae.

1999 2290 2126 2334 sunt
2155 2275 2489 2347 hujusmodi?
2519 2275 2657 2341 Quid
2687 2290 2814 2329 vero
2840 2274 3236 2331 Marcionistze?
3267 2278 3393 2347 quid
3420 2280 3588 2334 Manio

1999 2370 2173 2427 ειιςιτίἳ
2200 2384 2379 2425 nonne
2401 2368 2550 2422 illum
2573 2367 2917 2437 blasphemiis
2943 2369 3238 2438 appetunt?
3262 2370 3400 2438 Quid
3427 2374 3584 2442 ergo?

2000 2480 2182 2521 nonne
2201 2477 2295 2518 eos
2316 2461 2554 2533 quotidie
2582 2458 2845 2515 beneﬁcio
2876 2459 3082 2515 afﬁcit?
3108 2462 3261 2529 Quod
3296 2464 3341 2517 si
3371 2466 3586 2520 nescios

2000 2554 2242 2627 quotidie
2268 2552 2535 2611 beneﬁcio
2559 2551 2747 2617 afficit,
2781 2550 2949 2604 multo
2978 2552 3147 2622 magis
3180 2568 3299 2608 nos.
3330 2555 3481 2621 Quod
3500 2568 3588 2612 est

2001 2651 2143 2705 enim
2175 2647 2320 2702 aliud
2355 2645 2448 2701 Dei
2474 2659 2607 2714 opus
2629 2659 2788 2715 quam
2818 2643 2944 2711 hoc,
2977 2659 3171 2712 nempe
3198 2645 3471 2702 hominum
3499 2665 3595 2719 ge.

2003 2757 2105 2795 nus
2129 2739 2349 2794 afﬁcere
2371 2735 2633 2791 beneﬁcio
2652 2775 2668 2801 ,
2698 2744 2753 2790 et
2772 2750 2869 2805 per
2891 2736 3151 2806 supplicia
3178 2748 3231 2791 et
3260 2754 3354 2808 per
3380 2756 3593 2795 recrea-

2002 2832 2203 2886 tionem
2219 2830 2241 2882 ?
2518 2841 2523 2846 ’

2075 2920 2267 2976 Gratim
2285 2918 2395 2973 Deo
2415 2917 2625 2988 agendis
2647 2917 2798 2970 etiam
2826 2917 2877 2970 in
2903 2918 3147 2972 aduersis.
3173 2949 3243 2959 —
3261 2919 3379 2975 Non
3409 2923 3589 2979 solum

2003 3030 2133 3085 ergo
2159 3026 2379 3083 agamus
2405 3012 2626 3081 gratias,
2660 3010 2789 3064 dum
2830 3018 2957 3064 sunt
2987 3010 3145 3065 nobis
3179 3027 3267 3067 res
3295 3017 3546 3070 secundae
3577 3036 3590 3071 :

2004 3122 2109 3162 non
2136 3115 2220 3161 est
2246 3105 2389 3159 enim
2419 3103 2520 3158 hoc
2547 3118 2817 3173 magnum.
2852 3102 2919 3157 Et
2966 3102 3070 3158 hoc
3116 3108 3262 3159 novit
3305 3106 3593 3175 diabolus;

2005 3198 2234 3266 ideoque
2267 3195 2477 3250 dicebat
2509 3210 2523 3247 :
2556 3193 2699 3248 Num
2721 3192 2822 3247 Job
2861 3195 3021 3264 gratis
3041 3194 3162 3248 colit
3188 3194 3397 3250 Deum?
3430 3216 3599 3254 nonne

2004 3288 2401 3344 circumuallasti
2421 3302 2536 3356 qua:
2558 3295 2677 3339 sunt
2704 3286 2815 3356 ejus
2839 3286 2995 3350 intus,
3025 3297 3073 3339 et
3097 3303 3210 3357 qua:
3236 3290 3362 3356 {oris
3385 3291 3411 3344 ?
3436 3281 3606 3363 Aufer

2008 3396 2179 3434 omnes
2205 3380 2318 3449 ejus
2357 3378 2665 3447 facultates,
2715 3384 2850 3430 certe
2894 3377 2945 3430 in
2990 3378 3171 3447 faciem
3223 3380 3311 3433 tibi
3342 3380 3603 3437 benedice:

2009 3472 2027 3541 (
2057 3470 2155 3524 Job
2187 3471 2240 3525 i.
2271 3469 2325 3524 9.
2356 3469 2470 3537 10).
2501 3467 2606 3523 Sed
2648 3466 2912 3521 scelerato
2938 3467 3013 3520 illi
3065 3468 3196 3521 nihil
3241 3485 3307 3523 ex
3352 3486 3418 3525 eo
3459 3472 3597 3529 lucri

2008 3560 2255 3625 accessit,
2283 3567 2339 3613 et
2365 3558 2505 3613 absit
2531 3567 2588 3611 ut
2614 3557 2681 3612 de
2703 3557 2855 3611 nobis
2883 3558 2932 3611 ei
2966 3557 3096 3612 lucri
3124 3559 3323 3630 aliquid
3345 3563 3590 3619 accedat.

2011 3653 2118 3708 Sed
2145 3661 2197 3707 et
2235 3650 2452 3722 quando
2491 3650 2749 3704 fuerimus
2788 3649 2842 3705 in
2888 3660 3235 3719 paupertate,
3285 3655 3500 3721 quando
3542 3658 3606 3712 in:

2012 3745 2214 3800 morbis
2234 3755 2289 3799 et
2316 3744 2368 3798 in
2399 3742 2681 3805 molestiis,
2714 3752 2840 3796 tunc
2870 3742 3126 3810 majorem
3148 3758 3370 3813 agamus
3396 3747 3605 3817 gratiae

2016 3853 2135 3893 rum
2168 3835 2438 3890 actionem
2472 3850 2485 3886 :
2517 3833 2833 3902 gratiarum,
2866 3832 3082 3900 inquam
3103 3872 3120 3898 ,
3166 3835 3453 3899 actionem,
3493 3852 3615 3892 non

2016 3928 2216 3991 verbis,
2258 3941 2433 3995 neque
2459 3925 2661 3993 lingua,
2694 3922 2788 3977 sed
2819 3923 2980 3978 rebus
3004 3934 3058 3977 et
3086 3925 3262 3992 factis,
3304 3937 3358 3981 et
3403 3930 3607 3997 cogita-

2017 4020 2164 4074 tione
2190 4026 2248 4073 et
2269 4017 2454 4072 corde.
2484 4016 2614 4070 Tota
2642 4015 2819 4068 anima
2850 4015 2898 4069 ei
2927 4030 3146 4085 agamus
3170 4018 3388 4089 gratias.
3437 4019 3611 4091 Magis

2016 4111 2160 4167 enim
2192 4122 2301 4164 nos
2317 4108 2491 4179 diligit
2516 4122 2676 4178 quam
2707 4107 2798 4177 qui
2832 4122 2931 4161 nos
2959 4120 3298 4177 genuerunt;
3346 4119 3401 4165 et
3439 4129 3607 4182 quan.

2019 4211 2129 4257 tum
2165 4202 2389 4256 interest
2419 4201 2559 4254 inter
2586 4200 2903 4268 pravitatem
2930 4210 2984 4253 et
3013 4199 3324 4268 bonitatem,
3354 4211 3496 4256 tanta
3524 4215 3613 4259 est

2020 4294 2317 4349 differentia
2343 4292 2650 4348 dilectionis
2678 4291 2775 4347 Dei
2803 4307 2833 4346 a
2853 4291 3142 4347 dilectione
3164 4303 3372 4362 patrum
3396 4307 3612 4354 nostru-

2022 4401 2163 4442 rum.

2094 4480 2148 4534 ὃ.
2188 4477 2372 4548 Neque
2396 4475 2512 4531 haec
2533 4474 2702 4529 verba
2727 4483 2851 4529 sunt
2877 4488 3017 4534 mea.
3046 4474 3137 4529 sed
3179 4473 3344 4544 ipsius
3370 4474 3577 4533 Christi:
3595 4521 3619 4545 ,

2023 4571 2113 4641 qui
2136 4584 2234 4623 nos
2253 4567 2424 4636 diligit
2447 4584 2463 4621 :
2491 4566 2615 4621 audi
2637 4581 2757 4619 eum
2784 4565 3076 4632 dicentem,
3103 4565 3232 4632 Quis
3258 4582 3321 4620 ea:
3348 4567 3486 4621 vobis
3514 4571 3609 4623 ho-

2026 4679 2132 4728 mo,
2157 4661 2243 4731 qui
2272 4660 2317 4714 si
2340 4659 2478 4729 ﬁlius
2507 4657 2570 4711 ab
2591 4673 2649 4711 eo
2675 4656 2873 4728 petierit
2904 4671 3105 4727 panem,
3131 4672 3251 4709 num
3279 4656 3499 4727 lapidem
3522 4660 3624 4712 da-

2029 4754 2099 4808 bit
2124 4756 2169 4807 ei
2189 4754 2214 4806 ?
2240 4752 2302 4805 Si
2326 4761 2495 4803 autem
2515 4765 2603 4802 vos
2627 4764 2743 4802 cum
2783 4748 2891 4802 sitis
2938 4748 3060 4800 mali
3085 4789 3098 4805 .
3142 4749 3279 4800 scitis
3326 4749 3456 4802 bona
3493 4752 3619 4804 data

2030 4850 2153 4901 dare
2181 4844 2302 4914 ﬁliis
2325 4841 2498 4896 vestris
2528 4856 2547 4893 :
2570 4848 2757 4910 quanto
2787 4840 2948 4908 magis
2969 4837 3126 4892 Pater
3164 4849 3327 4892 vester
3350 4841 3436 4909 qui
3464 4850 3537 4894 est
3561 4843 3625 4895 its

2033 4937 2171 4992 cretis
2212 4936 2344 4988 bona
2397 4932 2536 4987 dabit
2575 4932 2639 4985 iis
2684 4931 2771 5001 qui
2815 4932 2878 4983 ub
2922 4930 3033 4995 ipso
3062 4938 3233 4999 petunt
3286 4929 3510 5001 (Matth.
3560 4932 3626 4988 7.

2037 5030 2124 5085 10.
2156 5028 2288 5099 il)?
2344 5036 2402 5080 et
2456 5038 2646 5078 rursus
2691 5021 2853 5088 alibi,
2908 5021 3047 5074 Num
3088 5019 3404 5074 obliuiscetur
3440 5022 3637 5076 mulier

2037 5120 2263 5174 misereri
2283 5117 2510 5187 ﬁliorum
2539 5114 2669 5167 uteri
2696 5113 2775 5166 sui
2797 5111 2822 5165 1’
2852 5110 2916 5166 Si
2958 5121 3128 5165 autem
3161 5126 3334 5164 eorum
3361 5110 3634 5165 oblivisca-

2044 5224 2127 5268 tur
2157 5213 2358 5274 mulier,
2408 5224 2501 5279 ego
2540 5217 2707 5261 tamen
2735 5205 2809 5258 tui
2854 5221 2954 5258 non
3004 5204 3292 5269 obliviscar,
3347 5204 3469 5257 dicit
3518 5202 3638 5256 Do:

2042 5308 2209 5361 minus
2238 5303 2390 5377 (lsai.
2421 5302 2514 5359 49.
2547 5302 2658 5372 15).
2684 5299 2818 5354 Nam
2846 5299 2888 5352 si
2919 5314 3026 5352 non
3072 5298 3271 5367 diligit,
3299 5312 3395 5351 cur
3419 5311 3518 5352 nos
3553 5296 3633 5352 fe-

2044 5399 2154 5453 cit?
2182 5412 2307 5451 nutu
2330 5395 2427 5449 fuit
2451 5394 2499 5447 ei
2526 5389 2787 5448 necesse?
2817 5406 2943 5444 num
2970 5389 3168 5459 aliquid
3195 5388 3419 5443 facimus
3443 5403 3550 5458 quo
3577 5390 3644 5442 ei

2048 5494 2120 5547 sit
2144 5506 2301 5561 opus,
2330 5500 2383 5543 et
2411 5488 2459 5543 ei
2490 5486 2761 5555 fungimur
2784 5482 3126 5538 ministerio?
3156 5494 3283 5535 num
3311 5480 3491 5545 aliquo
3514 5490 3642 5550 eget

2052 5600 2118 5639 ex
2145 5582 2383 5638 nostris?
2412 5579 2547 5635 Audi
2580 5578 2890 5648 prophetam
2913 5574 3181 5629 dicentem
3204 5590 3219 5628 :
3243 5571 3366 5626 Dixi
3394 5571 3647 5640 Domino,

2055 5674 2194 5728 Deus
2213 5690 2353 5727 meus
2377 5689 2429 5726 es
2467 5680 2539 5739 tu,
2581 5669 2822 5741 quoniam
2870 5666 3115 5721 bonorum
3140 5681 3369 5719 meorum
3398 5680 3498 5719 non
3525 5680 3647 5736 eges

2055 5769 2230 5842 (Psal.
2266 5768 2354 5825 15.
2381 5766 2460 5837 2).
2487 5765 2592 5822 Sed
2617 5764 2800 5820 dicunt
2828 5761 3019 5833 ingrati
3046 5768 3101 5818 et
3126 5760 3275 5817 nullo
3298 5775 3461 5817 sensu
3504 5777 3641 5830 pra:-
