4100 6412
486 345 578 401 ιδι

488 461 613 527 diti,
640 457 834 513 Hzecne
861 465 991 513 sunt
1019 452 1112 510 Dei
1144 449 1426 513 bonitatis,
1457 455 1516 498 nt
1556 442 1627 497 sit
1653 436 1905 495 omnibus

494 558 575 602 tas
604 548 863 601 honoris?
892 546 986 600 Dic
1015 542 1168 607 mihi,
1198 540 1360 595 homo
1399 538 1627 605 ingrate,
1662 542 1905 601 qumnam
1944 524 2077 577 dicis

499 656 604 695 non
635 654 757 695 esse
803 638 895 694 Dei
940 635 1214 699 bonitatis,
1261 642 1315 687 et
1350 641 1636 701 quamnam
1685 624 1820 677 dicis
1862 617 2080 672 honoris

502 729 905 800 mqualitatcm?
933 728 1030 782 Hic
1055 741 1085 780 a
1109 739 1276 796 puero
1306 721 1524 776 mutilus
1551 726 1654 782 est,
1682 716 1819 769 alius
1862 709 2078 773 insanit,

503 798 805 876 etvexatur
830 835 861 874 a
887 818 1169 880 daemone;
1202 814 1336 867 alius
1375 811 1463 882 qui
1508 808 1575 862 ad
1607 814 1899 862 extremam
1937 798 2085 854 venit

504 920 873 975 senectutem,
930 918 1095 964 totam
1142 907 1305 958 vitam
1353 899 1611 969 transegit
1660 898 1709 951 in
1749 898 2081 964 paupertate,

503 1006 642 1058 alius
669 1004 721 1057 in
755 1001 957 1055 morbis
982 996 1312 1069 gravissimis
1345 1012 1359 1048 :
1391 993 1576 1047 haecne
1601 996 1725 1043 sunt
1770 998 1931 1053 opera
1964 994 2086 1049 pro-

505 1096 755 1150 videntia:
779 1096 803 1147 .9
831 1093 927 1147 llic
952 1090 1166 1161 quidem
1194 1096 1277 1142 est
1304 1084 1499 1141 surdus
1527 1123 1543 1149 ,
1584 1081 1673 1134 ille
1716 1091 1843 1131 vero
1871 1081 2085 1136 mutus;

507 1187 596 1241 hic
623 1195 705 1240 est
732 1199 952 1253 panper,
979 1182 1116 1235 alius
1155 1193 1283 1233 vero
1310 1176 1603 1229 sceleratus
1653 1179 1811 1238 atque
1854 1164 2089 1219 scelera-

508 1279 747 1333 tissimus
772 1286 824 1328 ct
855 1274 1039 1343 plenus
1069 1270 1222 1324 malis
1250 1265 1575 1327 innumeris,
1615 1260 1809 1315 fruitur
1853 1253 2091 1325 pecuniis

508 1382 563 1424 et
592 1371 686 1423 alit
721 1367 1030 1421 meretrices
1056 1373 1110 1417 et
1138 1360 1421 1430 parasitos,
1466 1355 1858 1427 praclarasque
1888 1356 1942 1402 et
1980 1360 2093 1399 ma-

510 1464 731 1532 gniﬁcas
758 1460 902 1514 mdes
925 1457 1186 1527 possidet,
1216 1466 1266 1508 et
1292 1454 1453 1507 vitam
1479 1450 1584 1519 agit
1611 1446 1841 1516 quietam
1869 1451 1923 1495 et
1947 1439 2092 1493 onmi

513 1554 726 1623 negotio
755 1565 995 1604 vacuam.
1032 1547 1297 1614 Multaque
1348 1539 1612 1610 ejusmodi
1643 1536 1930 1604 colligunt,
1982 1532 2095 1583 lon-

512 1621 630 1713 gam
662 1652 1011 1697 contexentes
1040 1638 1338 1691 orationem
1387 1633 1643 1685 adversus
1690 1626 1781 1680 Dei
1816 1621 2096 1693 providen-

518 1738 664 1791 tiam.
697 1734 832 1802 Quid
860 1730 1026 1801 ergo?
1059 1730 1270 1783 nullane
1292 1734 1375 1779 est
1406 1716 1782 1792 providentia?
1812 1712 1936 1784 quid
1971 1725 2097 1780 ergo

515 1830 757 1882 dicemus
789 1824 853 1878 ad
882 1822 1038 1876 illos?
1073 1819 1129 1875 Si
1154 1824 1337 1872 essent
1375 1812 1591 1884 quidem
1619 1807 1813 1871 Grteci,
1864 1813 1921 1858 et
1956 1802 2099 1856 dice-

519 1932 639 1975 rent
668 1918 823 1973 nobis
864 1915 1117 1969 mundum
1164 1911 1231 1964 ab
1259 1910 1438 1977 aliquo
1479 1900 1839 1959 administrari
1870 1914 1882 1950 :
1916 1909 2100 1950 rursus

522 2027 620 2065 nos
648 2024 859 2079 quoque
885 2005 1071 2061 eadem
1116 2004 1193 2057 eis
1222 2002 1523 2055 diceremus
1551 2013 1565 2050 :
1611 1992 1749 2061 Quid
1778 2004 1928 2060 ergo,
1961 1987 2101 2042 nulla

521 2115 606 2158 est
636 2098 1014 2172 providentia?
1040 2095 1310 2167 quomodo
1338 2107 1467 2162 ergo
1495 2103 1590 2143 vos
1617 2088 1747 2142 deos
1772 2084 1965 2147 colitis,
1997 2082 2101 2135 dte-

526 2208 713 2249 mones
736 2203 791 2246 et
819 2191 1015 2246 heroas
1040 2184 1316 2241 adoratis?
1348 2198 1465 2236 nam
1496 2181 1540 2234 si
1562 2188 1644 2233 est
1662 2174 2018 2247 providentia,
2042 2185 2105 2226 ea

525 2286 766 2339 omnium
784 2295 967 2337 curam
995 2277 1152 2349 gerit.
1182 2276 1241 2331 Si
1278 2274 1385 2329 sint
1422 2271 1585 2341 aliqui
1613 2270 1702 2339 qui
1742 2281 1884 2337 a‘gre
1934 2264 2108 2318 ferant

525 2372 811 2430 Christiani
843 2372 924 2426 vel
952 2372 1111 2425 etiam
1137 2367 1331 2431 Graeci,
1355 2374 1411 2421 et
1437 2364 1526 2434 qui
1554 2362 1846 2423 labascant,
1878 2355 2003 2427 quid
2030 2354 2109 2409 eis

530 2463 807 2519 dicemus?
838 2461 965 2516 Tam
985 2459 1577 2524 multane.dic,qu:cso,
1603 2466 1729 2505 casn
1751 2449 1886 2502 facta
1913 2445 2112 2499 fuerint

532 2555 707 2610 bona?
731 2555 819 2607 lux
844 2550 1174 2621 quotidiana,
1200 2548 1338 2601 bene
1364 2545 1655 2613 dispositus
1687 2539 1821 2594 ordo
1849 2539 1900 2591 in
1927 2537 2109 2602 rebus,

531 2653 797 2698 astrorum
820 2642 1042 2707 chorea,
1073 2639 1282 2693 dierum
1312 2645 1368 2690 et
1394 2635 1628 2688 noctium
1659 2644 1849 2686 cursus
1871 2644 1935 2683 ex
1958 2641 2112 2697 aequo

533 2736 857 2795 consistens,
882 2741 1085 2785 natura:
1101 2726 1482 2797 consequentia
1504 2733 1559 2778 et
1574 2724 1625 2777 in
1650 2722 1840 2791 plantis
1855 2728 1909 2774 et
1924 2719 1976 2771 in
1998 2717 2114 2771 ani-

537 2827 765 2881 malibus
794 2833 851 2878 et
889 2824 939 2876 in
973 2819 1317 2875 hominibus?
1361 2816 1489 2882 Quis
1517 2824 1621 2879 est,
1651 2814 1755 2871 dic,
1770 2822 1981 2881 quzcso,
2025 2808 2114 2879 qui

536 2917 654 2971 hzec
695 2912 1073 2970 administrat?
1104 2911 1159 2965 Si
1194 2910 1369 2964 nullus
1394 2916 1474 2961 est
1504 2906 1592 2975 qui
1624 2904 1824 2973 prmsit,
1868 2900 1963 2955 sed
1988 2914 2116 2954 casu

536 3017 786 3063 constant
814 3006 991 3060 omnia
1016 3020 1031 3069 ;
1062 3005 1181 3072 quis
1208 3002 1351 3054 hunc
1378 3008 1485 3053 tam
1532 2996 1835 3066 pulchrum,
1870 3003 1976 3047 tam
2006 3006 2117 3045 ma-

532 3117 699 3173 gnum
727 3100 1004 3164 fornicem,
1028 3110 1218 3165 nempe
1242 3093 1453 3158 caelum,
1495 3089 1919 3145 circumductum
1959 3100 2119 3154 super

541 3206 758 3257 terram,
772 3191 1038 3259 etiamque
1052 3202 1210 3256 super
1224 3199 1389 3255 aquas
1404 3182 1626 3237 statuit?
1643 3182 1760 3249 quis
1772 3180 1861 3233 dat
1880 3190 2118 3245 tempora

541 3283 744 3340 ferendi
771 3281 1010 3335 fructus?
1029 3279 1149 3349 quis
1176 3286 1371 3331 tantam
1397 3275 1502 3328 vim
1534 3273 1709 3343 posuit
1735 3276 1785 3324 in
1829 3269 2122 3325 seminibus

543 3386 599 3430 et
618 3373 843 3445 plantis?
859 3371 989 3426 Nam
1013 3368 1156 3439 quod
1177 3366 1236 3421 fit
1257 3382 1405 3430 casu,
1433 3372 1518 3420 est
1544 3364 1700 3433 plane
1725 3362 2077 3416 inordinatum
2104 3376 2118 3413 :

546 3468 687 3538 quod
717 3475 893 3520 autem
921 3472 1005 3519 est
1025 3463 1163 3515 bene
1189 3460 1514 3525 ordinatum,
1538 3457 1597 3509 fit
1629 3464 1763 3509 arte.
1796 3454 1931 3520 Quid
1957 3454 2122 3519 enim,

546 3558 876 3629 dir,qua:so?
904 3572 966 3609 ca
993 3569 1112 3623 quae
1141 3552 1282 3622 apud
1312 3565 1409 3605 nos
1430 3564 1557 3604 casu
1586 3551 1736 3612 tiunt,
1761 3562 1935 3601 nonne
1962 3546 2125 3600 multa

551 3652 704 3720 plena
736 3658 861 3703 sunt
882 3646 1213 3708 confusione,
1244 3644 1517 3711 multoque
1557 3640 1785 3694 tumultu
1814 3646 1868 3692 et
1916 3647 2125 3707 pertur-

552 3741 804 3795 batione?
830 3738 939 3794 Nec
964 3738 1086 3792 dico
1114 3738 1286 3790 solum
1311 3750 1458 3797 casu,
1482 3731 1574 3786 sed
1598 3732 1758 3785 etiam
1781 3729 2005 3784 faciente
2028 3729 2127 3781 ali-

547 3850 677 3903 «tuo,
708 3848 894 3887 verum
934 3830 1163 3883 faciente
1193 3827 1311 3881 sine
1331 3836 1466 3879 arte.
1508 3822 1750 3892 Exempli
1775 3836 1935 3876 causa
1965 3838 1976 3873 :
2024 3820 2133 3873 sint

554 3930 689 3995 ligna
717 3934 769 3979 et
794 3923 1014 3992 lapides,
1044 3929 1097 3975 et
1124 3921 1196 3975 sit
1215 3919 1354 3982 calx,
1382 3927 1439 3972 et
1472 3917 1537 3971 iis
1561 3917 1792 3984 acceptis
1821 3915 1980 3969 homo
2000 3914 2132 3968 tedi-

554 4016 743 4071 ticandi
758 4015 1034 4084 imperitus
1043 4013 1267 4067 :edilicet
1280 4013 1619 4080 etoperetur:
1635 4023 1812 4062 annon
1824 4008 1999 4062 omnia
2015 4022 2136 4076 per-

552 4110 632 4163 dit
646 4118 700 4163 et
718 4105 1032 4176 corrumpit?
1048 4104 1273 4167 Rursus,
1290 4104 1359 4157 sit
1376 4102 1524 4155 navis
1540 4102 1741 4171 absque
1759 4100 2131 4171 gubernatore,

554 4215 672 4268 qum
705 4199 880 4253 omnia
901 4196 1093 4251 habeat
1130 4210 1247 4264 qua:
1266 4202 1473 4264 oportet
1497 4193 1693 4247 habere
1723 4208 1914 4247 navem
1942 4201 2137 4261 praeter

552 4291 984 4363 gubernatorem.
1004 4302 1107 4341 non
1128 4288 1248 4341 dico
1266 4302 1370 4340 non
1390 4288 1664 4351 instructa,
1683 4285 1776 4339 sed
1799 4302 1865 4340 ne
1883 4287 2135 4339 instructa

557 4382 770 4453 quidem
794 4380 987 4451 poterit
1014 4377 1296 4449 navigare?
1322 4376 1390 4431 Et
1407 4386 1545 4431 terra
1566 4392 1684 4445 quae
1706 4386 1788 4429 est
1805 4384 1968 4441 tanta,
1992 4388 2140 4431 stans

559 4491 719 4543 super
746 4487 958 4542 aquam,
982 4470 1181 4539 absque
1210 4468 1384 4538 aliqua
1416 4482 1535 4537 qua:
1560 4471 1829 4521 contineat
1855 4477 2136 4538 potestate,

562 4577 709 4619 tanto
734 4576 970 4633 tempore
986 4573 1090 4616 stat
1112 4561 1297 4615 firma?
1323 4560 1555 4613 haeccine
1576 4559 1733 4613 ullam
1766 4560 1960 4614 habent
1978 4559 2142 4614 ratio-

562 4656 718 4708 nem?
734 4664 785 4708 ct
804 4656 917 4707 haec
936 4653 1170 4722 cogitare
1196 4667 1373 4705 nonne
1396 4661 1478 4705 est
1497 4652 1715 4705 omnino
1742 4652 2053 4706 ridiculum?
2077 4651 2143 4705 Et

562 4747 606 4801 si
628 4761 760 4815 aqua
780 4746 936 4799 etiam
956 4744 1057 4798 fert
1077 4744 1425 4809 eielnm,ecce
1445 4743 1589 4797 aliud
1604 4760 1774 4799 onus:
1795 4746 1837 4797 si
1859 4755 2035 4799 autem
2046 4759 2145 4799 ca:-

569 4840 677 4892 lmn
704 4852 916 4906 quoque
942 4834 1143 4890 feratur
1168 4836 1218 4887 in
1250 4850 1408 4901 aqua,
1438 4850 1624 4889 rursus
1650 4836 1752 4889 alia
1781 4838 2022 4903 quaestio.
2038 4834 2143 4889 Sed

566 4940 734 4984 totum
756 4944 889 4998 Opus
917 4940 995 4982 est
1028 4927 1391 4997 providenter.
1424 4926 1553 4981 Nam
1580 4944 1698 4997 quae
1726 4929 1963 4982 feruntur
1986 4943 2145 4998 super

569 5036 763 5091 aquas,
791 5035 897 5072 non
919 5028 1129 5088 oportet
1144 5033 1262 5072 esse
1284 5019 1521 5080 incurva,
1547 5019 1640 5073 sed
1663 5033 1913 5073 concava.
1937 5020 2145 5087 Quare?

567 5112 825 5178 Quoniam
858 5124 1053 5177 corpus
1088 5110 1302 5178 quidem
1342 5110 1561 5164 concavi
1609 5118 1774 5163 totum
1818 5110 2147 5181 immergitur

573 5222 626 5256 ιιι
657 5204 808 5273 aquis
832 5212 1095 5269 tamquam
1120 5202 1169 5253 in
1194 5216 1325 5254 nave
1349 5218 1363 5255 :
1395 5201 1596 5255 incurvi
1622 5212 1795 5255 autem
1817 5217 2010 5270 corpus
2026 5203 2145 5272 qui-

568 5296 691 5350 dem
732 5303 897 5347 totum
946 5303 1027 5347 est
1058 5306 1311 5361 superne,
1340 5303 1582 5347 extrema
1613 5304 1788 5346 autem
1831 5293 2003 5347 solum
2044 5294 2144 5347 im-

572 5385 805 5454 pendent
835 5393 889 5438 et
915 5384 1200 5452 attingunt.
1230 5383 1289 5436 Ei
1319 5398 1445 5451 ergo
1470 5397 1603 5451 opus
1634 5394 1715 5437 est
1743 5399 1966 5453 corpore
1989 5384 2144 5450 duro,

573 5475 874 5537 resistente,
902 5482 959 5528 et
990 5472 1133 5542 quod
1185 5473 1352 5543 possit
1392 5476 1685 5539 continere,
1739 5483 1796 5527 ut
1838 5475 1971 5528 ferat
2012 5490 2147 5530 (mus

573 5567 905 5634 impositum.
946 5566 1015 5619 At
1041 5580 1139 5619 aer.
1154 5564 1253 5619 fert
1276 5564 1502 5618 cmlnm?
1527 5566 1630 5619 Sed
1662 5567 1705 5620 is
1726 5578 1804 5621 est
1826 5583 1960 5637 aqua
1982 5570 2149 5620 multo

580 5668 791 5711 ιιιοιιιυι·
820 5667 873 5711 ct
898 5658 1089 5719 laxior,
1116 5666 1171 5711 et
1204 5672 1272 5711 ne
1317 5658 1716 5711 subtilissimum
1761 5660 1969 5727 quidem
1998 5663 2150 5729 quid-

574 5766 730 5821 quam
774 5760 948 5821 potest
973 5748 1494 5829 continere,nedum
1538 5762 1731 5807 tantam
1780 5754 1990 5809 molem.
2021 5754 2149 5811 Om-

1251 334 1311 391 S.
1351 328 1627 389 JOANNIS
1662 308 2127 381 ειιιιγδυδίῡλιι
2165 311 2479 367 ARCHIEP.
2520 306 3047 365 (JONSTANTINOI’.

3663 306 3763 360 I32

2185 428 2311 480 nino
2332 428 2374 479 si
2399 425 2623 479 velimus
2649 440 2769 494 quae
2815 433 2939 477 sunt
2965 422 3315 492 providentia:
3359 430 3412 474 et
3442 420 3685 475 universe
3712 432 3765 475 et

2182 516 2447 587 sigillatim
2495 531 2558 570 ac
2605 516 2905 569 minutatim
2938 514 3215 582 persequi,
3250 520 3417 564 totum
3448 527 3621 564 :evnm
3667 527 3765 566 nos

2184 608 2417 663 deficiet.
2447 606 2791 675 lnterrogabo
2818 606 2961 659 enim
2983 619 3104 657 eum
3134 604 3221 671 qui
3248 602 3332 654 ilia
3359 617 3495 653 nunc
3527 603 3717 668 qnmrit
3751 620 3764 655 :

2191 699 2442 753 llzeccine
2472 707 2598 751 sunt
2647 695 2993 767 providentia:
3043 709 3109 747 an
3142 694 3254 745 sine
3296 691 3668 761 providentia?
3712 690 3769 745 Si

2187 792 2403 857 dixerit,
2433 789 2548 843 Non
2589 796 2713 842 sunt
2758 785 3105 856 providentia:
3135 801 3148 837 :
3183 801 3367 838 rursus
3394 800 3514 837 cum
3549 785 3768 852 rogabo,

2193 883 2475 950 Quomodo
2501 897 2629 951 ergo
2660 882 2794 935 facta
2822 882 2989 935 sunt?
3034 879 3139 934 Sed
3185 896 3288 932 non
3324 879 3513 946 poterit
3541 880 3771 945 aliquam

2190 978 2372 1031 dicere
2399 976 2681 1029 rationem.
2718 974 2879 1027 Multo
2917 973 3084 1042 magis
3120 987 3245 1039 ergo
3290 986 3393 1024 non
3437 969 3601 1023 debes
3630 986 3774 1037 qum-

2192 1085 2311 1123 rere
2338 1084 2437 1123 nec
2466 1069 2676 1121 curiose
2701 1067 2951 1135 indagare
2980 1066 3045 1118 de
3074 1063 3232 1117 rebus
3260 1063 3524 1116 humanis.
3560 1062 3774 1130 Quare?

2192 1161 2454 1227 Quoniam
2496 1160 2655 1213 homo
2685 1168 2767 1213 est
2812 1158 2896 1212 his
2924 1157 3173 1211 omnibus
3220 1157 3556 1225 prmstantior
3597 1166 3649 1207 et
3677 1155 3775 1207 ho-

2193 1253 2503 1312 norabilior,
2533 1261 2586 1303 et
2616 1251 2727 1303 haec
2757 1257 2972 1318 propter
3000 1247 3148 1301 illum
3192 1245 3330 1299 facta
3359 1254 3499 1310 sunt,
3552 1260 3655 1299 non
3688 1247 3778 1299 ille

2198 1356 2415 1412 propter
2444 1344 2576 1395 lia-c.

2271 1437 2324 1489 4.
2367 1435 2556 1488 Rerum
2593 1436 2903 1486 naturalium
2932 1449 3111 1485 causas
3157 1432 3466 1501 ignoramus.
3508 1429 3781 1483 Peccatum

2198 1528 2361 1581 solum
2395 1526 2604 1580 nullum.
2627 1525 2773 1581 —Si
2806 1540 2933 1595 ergo
2960 1526 3076 1594 ejus
3104 1540 3221 1593 quze
3260 1524 3327 1578 de
3368 1525 3482 1592 ipso
3526 1531 3607 1577 est
3640 1537 3782 1577 curte

2199 1630 2253 1675 et
2274 1619 2622 1689 providentis:
2646 1619 2820 1673 nescis
2840 1618 3153 1687 sapientiam
3179 1627 3229 1671 ct
3248 1615 3779 1676 administrationem,

2199 1710 2467 1781 quomodo
2493 1711 2629 1764 scire
2657 1708 2852 1779 poteris
2871 1725 2991 1779 quae
3015 1711 3121 1763 sint
3149 1709 3215 1763 de
3239 1710 3352 1779 ipso
3382 1707 3656 1762 rationes?
3691 1708 3784 1760 Dic

2202 1804 2355 1870 mihi,
2390 1820 2486 1858 cur
2516 1805 2585 1857 ita
2615 1819 2833 1870 parvum
2862 1802 3010 1857 illum
3041 1802 3161 1855 fecit
3186 1842 3200 1866 ,
3238 1813 3292 1855 et
3314 1802 3383 1855 ita
3410 1802 3689 1854 distantem
3717 1800 3785 1853 ab

2204 1896 2481 1949 altitudine
2510 1894 2646 1960 caali,
2671 1903 2726 1947 ut
2753 1893 2819 1948 de
2847 1894 2911 1947 iis
2939 1909 3058 1963 quae
3082 1908 3312 1961 superne
3350 1902 3607 1961 apparent
3632 1891 3787 1945 dubi-

2206 1988 2318 2042 tet?
2346 2003 2441 2042 cur
2467 1988 2710 2041 boreales
2735 1995 2790 2040 et
2818 1986 3083 2039 australes
3108 1986 3354 2054 regiones
3386 1995 3509 2038 sunt
3531 1984 3788 2037 inhabita-

2207 2078 2382 2133 biles?
2405 2078 2495 2132 Dic
2514 2078 2661 2143 mihi,
2692 2092 2785 2130 cur
2804 2075 2942 2130 facta
2974 2085 3055 2131 est
3083 2092 3184 2129 nox
3226 2076 3400 2130 hieme
3424 2076 3635 2145 quidem
3674 2076 3789 2129 lon-

2207 2172 2343 2237 gior,
2373 2176 2558 2221 aestate
2596 2178 2775 2220 autem
2818 2166 3066 2220 brevior?
3096 2182 3192 2219 cur
3220 2175 3420 2218 tantum
3458 2176 3541 2219 est
3582 2164 3788 2240 frigus?

2208 2276 2305 2315 cur
2332 2261 2531 2314 mstus?
2559 2276 2655 2313 cur
2686 2275 2878 2329 corpus
2906 2259 3169 2312 mortale?
3201 2258 3267 2312 Et
3313 2275 3341 2311 a
3391 2270 3440 2311 te
3479 2258 3790 2313 sciscitabar

2211 2356 2313 2409 alia
2341 2353 2746 2408 innumerabilia
2774 2369 2788 2416 ;
2816 2363 2867 2406 et
2899 2351 2943 2405 si
2969 2352 3129 2415 velis,
3164 2367 3266 2405 non
3295 2351 3517 2405 cessabo
3548 2360 3599 2405 te
3626 2351 3790 2405 inter-

2210 2461 2421 2516 rogare,
2465 2455 2518 2500 et
2548 2446 2675 2499 mihi
2703 2444 2971 2498 dubitabis
3017 2445 3068 2498 in
3117 2445 3383 2498 omnibus.
3434 2443 3790 2511 Quamobrem

2214 2538 2316 2593 hoc
2344 2539 2583 2591 maxime
2609 2546 2691 2591 cst
2722 2537 3070 2606 providentia:
3091 2578 3105 2601 ,
3140 2535 3280 2604 quod
3308 2551 3519 2590 arcanae
3554 2536 3660 2588 sint
3694 2550 3791 2590 no-

2217 2629 2297 2682 bis
2339 2629 2577 2682 rationes
2607 2636 2663 2682 et
2708 2626 3020 2682 ineffabiles.
3066 2628 3209 2681 Alias
3246 2627 3387 2680 enim
3438 2626 3794 2705 existimasset

2214 2726 2477 2793 quispiam
2505 2765 2518 2788 ,
2566 2725 2835 2778 hominem
2865 2739 2984 2778 esse
3010 2738 3223 2777 causam
3252 2722 3613 2777 universitatis
3634 2762 3648 2785 ,
3692 2720 3793 2775 nisi

2220 2814 2320 2868 hoc
2343 2826 2579 2868 nostram
2611 2814 3013 2883 compressisset
3042 2813 3461 2882 intelligentiam.
3491 2815 3579 2878 At,
3604 2812 3791 2882 inquit,

2218 2909 2307 2961 ille
2335 2914 2415 2960 est
2442 2921 2660 2975 pauper,
2702 2914 2758 2960 et
2787 2904 2981 2958 malum
3020 2916 3102 2958 est
3145 2913 3446 2973 paupertas.
3479 2903 3613 2970 Quid
3667 2920 3795 2958 vero

2219 2998 2469 3053 morbus?
2517 2997 2645 3069 quid
2680 2998 2933 3052 catcitas?
2961 2997 3102 3052 Nihil
3148 2996 3262 3051 haec
3315 3006 3472 3063 sunt,
3507 3013 3541 3051 0
3589 2998 3792 3051 homo:

2221 3106 2384 3145 unum
2416 3091 2591 3146 solum
2622 3089 2819 3144 malum
2846 3098 2947 3153 est,
2978 3103 3217 3158 peccare,
3252 3088 3432 3143 ethoc
3462 3098 3663 3143 tantum
3702 3088 3797 3143 de-

2222 3184 2409 3237 bemus
2435 3183 2757 3237 examinare.
2790 3180 2892 3235 Sed
2927 3196 3112 3235 eorum
3162 3196 3279 3249 quae
3324 3196 3451 3234 vere
3497 3193 3620 3235 sunt
3658 3182 3798 3235 mala

2222 3289 2411 3329 causas
2455 3275 2684 3328 scrutari
2733 3275 3025 3333 mittentes,
3072 3273 3173 3326 alia
3212 3274 3422 3328 curiose
3462 3275 3795 3344 inquirimus.

2225 3370 2331 3423 Cur
2359 3383 2516 3422 nemo
2544 3377 2783 3421 nostrum
2832 3382 3080 3436 umquam
3108 3368 3375 3421 examinat
3406 3383 3502 3421 cur
3527 3368 3800 3438 peccavit?

2225 3470 2378 3514 estne
2403 3460 2454 3512 in
2479 3473 2593 3512 mea
2626 3466 2888 3527 potestate
2914 3472 3151 3526 peccare,
3174 3460 3388 3511 annon?
3422 3460 3484 3511 Et
3515 3459 3639 3528 quid
3670 3473 3803 3529 Opus

2228 3564 2309 3607 est
2338 3568 2526 3622 magna
2553 3553 2838 3607 verborum
2872 3552 2945 3605 uti
2977 3553 3328 3608 circuitione?
3362 3569 3472 3607 rem
3518 3554 3569 3607 in
3602 3555 3804 3623 meipso

2228 3659 2503 3713 quaeram:
2547 3643 2802 3713 numquid
2839 3644 3125 3713 aliquando
3148 3644 3248 3699 vici
3280 3644 3551 3699 animum?
3594 3661 3660 3699 an
3703 3646 3803 3699 ali-

2232 3734 2447 3803 quando
2476 3734 2575 3788 vici
2603 3735 2756 3798 iram,
2784 3743 2875 3787 aut
2896 3744 3113 3804 propter
3144 3734 3417 3805 pudorem,
3457 3746 3548 3790 aut
3590 3747 3808 3807 propter

2232 3824 2522 3878 humanum
2563 3826 2801 3878 metum?
2845 3825 3043 3878 Deinde
3070 3837 3344 3894 postquam
3373 3826 3474 3881 hoc
3499 3826 3693 3882 factum
3722 3829 3807 3882 in—

2230 3930 2452 3979 venero,
2475 3915 2868 3985 deprehendam
2900 3932 3020 3971 esse
3047 3919 3095 3969 in
3122 3934 3234 3970 mea
3268 3927 3525 3987 potestate
3566 3936 3807 3989 peccare.

2234 4007 2405 4063 Nemo
2436 4009 2549 4062 haec
2576 4009 2886 4073 examinat,
2930 4025 3089 4062 nemo
3113 4010 3179 4064 de
3227 4011 3307 4064 his
3336 4012 3543 4067 curiose
3571 4014 3807 4084 inquirit,

2235 4103 2329 4157 sed
2361 4101 2769 4165 inconsiderate,
2804 4114 2862 4155 ut
2902 4112 2985 4156 est
3016 4103 3153 4171 apud
3178 4103 3368 4158 Jobnm
3392 4147 3406 4170 ,
3438 4104 3603 4161 Ηοηιο
3632 4118 3811 4163 temere

2236 4204 2375 4248 natat
2414 4195 2570 4248 verbis
2604 4193 2720 4266 (Job
2767 4196 2852 4248 ll.
2888 4194 2974 4249 12,
3024 4197 3076 4249 in
3121 4195 3341 4266 (ἕνωσιν).
3379 4198 3513 4264 Quid
3544 4210 3624 4253 est
3668 4202 3811 4254 enim

2240 4286 2331 4340 tibi
2359 4302 2499 4339 curre
2526 4301 2590 4339 an
2641 4287 2725 4339 hic
2772 4287 2839 4340 sit
2886 4301 3080 4352 czccus,
3105 4298 3158 4341 et
3188 4288 3277 4342 ille
3331 4292 3570 4360 pauper?
3614 4291 3726 4346 Non
3761 4303 3812 4346 te

2234 4378 2393 4446 jussit
2423 4378 2564 4432 Deus
2590 4378 2692 4432 hoc
2716 4377 3075 4444 considerare,
3108 4379 3201 4432 sed
3232 4381 3481 4447 quidnam
3513 4392 3564 4436 tu
3612 4399 3737 4453 agas
3770 4387 3808 4436 ί.

2241 4468 2371 4522 Nam
2400 4469 2444 4522 si
2477 4479 2531 4522 tu
2557 4467 2771 4523 dubitas
2811 4470 3079 4523 mundone
3109 4471 3289 4539 praesit
3335 4472 3507 4542 aliqua
3553 4484 3810 4543 potestas,

2240 4575 2298 4614 es
2326 4559 2562 4613 omnium
2589 4561 2983 4615 amentissimus
3017 4579 3029 4615 :
3059 4563 3140 4615 sin
3172 4570 3348 4615 autem
3378 4563 3477 4617 hoc
3501 4562 3665 4619 habes
3697 4580 3815 4633 per-

2243 4670 2482 4717 suasum,
2511 4654 2636 4722 qnid
2687 4653 2897 4708 dubitas
2948 4654 3089 4723 quod
3127 4654 3238 4707 Deo
3287 4655 3495 4723 placere
3533 4659 3814 4724 Oporteat?

2244 4744 2469 4809 Gratias,
2505 4745 2693 4813 inquit,
2717 4760 2909 4813 semper
2929 4754 3127 4814 agentes
3152 4743 3256 4797 Deo
3286 4763 3375 4814 pro
3402 4747 3649 4799 omnibus.
3672 4746 3816 4801 Vade

2244 4835 2309 4890 ad
2338 4835 2608 4890 officinam
2640 4836 2853 4901 medici,
2879 4845 2931 4889 et
2958 4836 3164 4889 videbis
3196 4837 3361 4901 illum,
3393 4838 3605 4906 quando
3636 4839 3819 4893 inven-

2247 4936 2331 4979 tus
2361 4927 2516 4981 fuerit
2542 4927 2730 4995 aliquis
2756 4927 2953 4980 habens
2982 4928 3189 4991 volnus,
3219 4942 3401 4982 secare
3440 4938 3493 4983 et
3524 4946 3699 4984 urere.
3747 4931 3819 4984 De

2248 5030 2299 5074 te
2323 5030 2499 5074 autem
2530 5020 2631 5073 hoc
2674 5036 2776 5073 non
2804 5020 2942 5079 dico.
2978 5021 3071 5074 Sed
3099 5022 3182 5074 abi
3213 5022 3278 5076 ad
3322 5022 3589 5077 officinam
3637 5024 3769 5077 fabri
3803 5041 3816 5086 ;

2248 5128 2344 5166 nec
2373 5113 2442 5165 ibi
2486 5112 2707 5181 inquiris
2736 5115 3016 5177 rationem,
3051 5114 3149 5169 etsi
3179 5115 3309 5168 nihil
3337 5117 3440 5169 scis
3470 5131 3654 5170 eorum
3701 5134 3817 5187 qum

2250 5202 2381 5256 fiunt
2408 5221 2422 5257 :
2450 5211 2504 5257 et
2536 5204 2699 5257 multa
2729 5204 2822 5257 tibi
2855 5204 3100 5257 videntur
3128 5220 3247 5258 esse
3278 5205 3434 5258 dubia
3472 5224 3485 5259 :
3524 5217 3581 5260 ut
3607 5208 3819 5278 quando

2250 5294 2449 5362 lignum
2483 5303 2678 5359 tornat,
2699 5293 2912 5363 quando
2941 5295 3279 5348 transformat
3300 5306 3354 5348 et
3383 5297 3432 5349 in
3465 5297 3621 5351 aliam
3655 5309 3822 5351 mutat

2250 5384 2495 5453 figuram.
2539 5384 2633 5437 Vel
2669 5386 2844 5452 potius
2876 5393 2927 5438 te
2967 5384 3032 5438 ad
3059 5385 3214 5437 aliam
3245 5385 3381 5439 duco
3419 5397 3586 5440 artem
3616 5387 3819 5442 facilio-

2251 5493 2382 5540 rem,
2418 5485 2474 5530 nt
2510 5477 2561 5529 in
2595 5478 2796 5543 pictura
2829 5488 2913 5531 :et
2941 5478 3049 5532 illic
3070 5477 3341 5546 caligabis.
3374 5479 3465 5533 llic
3494 5482 3635 5533 enim
3665 5481 3813 5541 mihi,

2250 5583 2426 5622 annon
2476 5570 2566 5621 tibi
2618 5569 3008 5624 inconsiderate
3048 5568 3249 5623 videtur
3288 5570 3461 5625 facere
3499 5587 3618 5640 qua:
3654 5572 3823 5625 facit?

2319 5710 2333 5738 ι
2360 5708 2409 5754 ln
2437 5721 2533 5755 uno
2558 5708 2729 5756 Codice
2757 5712 3037 5768 legitur”...
3064 5709 3149 5757 hoc
3176 5709 3499 5765 (misidcmre,
3538 5724 3688 5769 neque
3724 5728 3752 5761 (ι
3778 5723 3823 5763 te

2252 5778 2431 5829 qureret
2456 5783 2541 5819 cur
2567 5771 2679 5819 talia
2703 5785 2791 5821 non
2810 5770 3137 5832 σ.ιγμιί,›ξιοργίδ.
3164 5774 3247 5821 sed
3273 5786 3357 5819 cur
3381 5772 3481 5821 [δαῖ-
3506 5773 3689 5837 feceras.
