4100 6412
377 303 476 358 151

373 420 559 489 φασὶν,
598 415 933 488 ἀγαθότητος
991 416 1150 483 Θεοῦ,
1198 417 1260 470 τὸ
1308 417 1575 488 ἰσοτιμίαν
1616 415 1756 471 εἶναι
1796 417 1948 489 παρὰ

373 506 577 566 πᾶσιν;
608 503 746 555 Εἰπέ
796 519 922 571 μοι,
969 501 1224 572 ἀγνῶμον
1256 501 1535 572 ἄνθρωπε,
1589 505 1719 556 ποῖα
1769 503 1950 569 λέγεις

377 588 452 658 μὴ
502 581 641 638 εἶναι
686 583 1024 655 ἀγαθότητος
1053 583 1212 645 Θεοῦ,
1256 586 1350 636 καὶ
1398 584 1520 637 τίνα
1560 585 1741 652 λέγεις
1783 587 1950 637 ίσοτι-

345 699 348 702 ~
378 671 542 741 μίαν;
580 671 638 722 '0
666 668 835 731 δεῖνα,
876 670 1031 738 φησὶ,
1067 669 1393 739 πεπήρωται
1428 671 1490 721 ἐκ
1514 669 1737 733 παίδων,
1765 669 1952 739 ἕτερος

377 755 628 823 μαίνεται
654 752 750 804 καὶ
785 751 1036 822 δαιμονᾷ,
1065 752 1222 816 ἄλλος
1255 754 1335 815 είς
1371 752 1597 822 ἔσχατον
1629 754 1807 822 γῆρας
1830 753 1951 806 ἐλά-

373 854 472 902 σας
505 839 565 890 ὲν
605 836 772 907 πενίᾳ
800 837 892 888 τὸν
923 835 1141 890 ἅπαντα
1191 837 1306 906 βίον
1350 836 1634 907 διήγαγεν,
1680 837 1839 899 ἀλλος
1888 838 1948 888 ὲν

372 922 549 984 νόσοις
580 919 1030 991 χαλεπωτάταιςο
1071 920 1246 973 ταῦτα
1279 920 1536 990 προνοίας
1578 922 1729 973 ἐστὶν
1772 920 1946 992 ἔργα;

383 1005 442 1058 ⁸0
473 1007 572 1074 μέν
601 1007 719 1057 ἐστι
752 1001 960 1071 κωφὸς,
991 1003 1020 1054 6
1057 1002 1114 1055 δὲ
1149 1001 1366 1065 ἄλαλος,
1395 1005 1423 1056 6
1450 1002 1506 1056 δὲ
1537 1003 1730 1072 πένης,
1761 1004 1950 1073 ἕτερος

374 1093 571 1164 μιαρὸς
609 1091 705 1145 καὶ
736 1090 1080 1161 παμμίαρος,
1121 1092 1217 1142 καὶ
1264 1091 1473 1159 μυρίων
1519 1090 1707 1158 γέμων
1739 1089 1946 1152 κακῶν,

371 1177 676 1248 χρημάτων
706 1173 993 1241 ἀπολαύει,
1025 1177 1120 1227 καὶ
1146 1175 1351 1244 πόρνας
1375 1173 1565 1244 τρέφει
1595 1173 1689 1225 καὶ
1713 1173 1951 1243 παρασί-

372 1278 518 1326 τους,
553 1259 650 1313 καὶ
683 1257 942 1328 λαμπρὰν
964 1257 1142 1310 οἰκίαν
1170 1258 1459 1329 κέκτηται,
1489 1256 1585 1309 καὶ
1618 1254 1732 1325 βίον
1770 1255 1949 1325 ἀπρά-

371 1361 552 1414 γμονα
599 1343 688 1412 ζῇ.
735 1341 845 1394 Καὶ
886 1339 1059 1394 πολλὰ
1102 1340 1330 1393 τοιαῦτα
1363 1341 1694 1410 συνείρουσι,
1739 1339 1948 1408 μακρὸν

373 1427 688 1497 ὑφαίνοντες
738 1426 1074 1496 κατηγορίας
1130 1424 1287 1486 λόγον
1333 1424 1477 1477 κατὰ
1517 1425 1617 1492 τῆς
1662 1422 1756 1475 τοῦ
1811 1423 1946 1475 Θεοῦ

372 1505 650 1585 προνοίας.
687 1511 751 1564 Τί
779 1507 902 1577 οῦνς
932 1509 1249 1581 ἀπρονόητα
1282 1510 1436 1572 ὲστι;
1473 1508 1527 1560 τί
1558 1503 1651 1560 οὖν
1682 1507 1746 1560 ἂν
1777 1507 1949 1559 εἴποι-

375 1613 474 1667 μεν
500 1595 637 1666 πρὸς
669 1593 898 1657 αὑτούςς
939 1593 1002 1646 EE
1038 1592 1135 1662 μὲν
1166 1591 1430 1661 ’Έλληνες
1456 1587 1587 1655 εἶεν,
1615 1591 1710 1642 καὶ
1737 1589 1947 1657 λέγοιεν

371 1683 506 1751 ἡμῖν
537 1680 642 1732 ὑπό
675 1696 825 1741 τινος
869 1678 962 1730 τὸν
1012 1677 1217 1747 κόσμον
1268 1676 1612 1738 διοικεῖσθαι,
1662 1675 1822 1728 πάλιν
1853 1674 1946 1727 καὶ

366 1767 532 1836 ἡμεῖς
561 1764 631 1818 τά
655 1764 794 1817 αὑτά
822 1762 1055 1834 ἐροῦμεν
1085 1762 1222 1833 πρὸς
1245 1761 1441 1822 αὐτούς
1468 1777 1482 1790 ο
1512 1760 1576 1811 Τί
1605 1755 1720 1820 οὖν,
1755 1759 1930 1828 ἀπροκ

369 1849 538 1921 νόητά
575 1849 763 1912 ἐστιν;
792 1846 989 1900 οὐκοῦν
1025 1845 1144 1907 πῶς
1169 1845 1328 1914 ὑμεῖς
1369 1841 1596 1896 σέϐεσθε
1625 1841 1801 1905 θεοὺς,
1855 1841 1946 1894 καὶ

370 1934 727 2004 προσκυνεῖτε
748 1930 1010 2000 δαίμονας
1037 1929 1132 1982 καλ⁹
1165 1926 1316 2000 [158]
1352 1927 1538 1997 ἥρωας
1559 1943 1571 1990 ;
1592 1926 1640 1978 εί
1670 1925 1779 1994 γὰρ
1806 1923 1944 1995 πρός

369 2016 490 2070 νοιά
525 2019 696 2075 ὲστιν,
755 2005 1027 2082 ἐφέστηκέ
1070 2029 1155 2074 τις
1212 2014 1326 2073 τοῖς
1364 2012 1550 2064 πᾶσιν.
1593 2009 1656 2061 Et
1693 2007 1749 2060 δέ
1800 2024 1947 2071 τινες

367 2097 479 2154 εἷεν
508 2096 1097 2166 ἀποδυσπετοῦντες,λῆ
1119 2095 1435 2166 Χριστιανοὶ
1461 2093 1494 2164 ῆ
1531 2094 1625 2146 καὶ
1661 2092 1941 2162 Ἕλληνες,

375 2184 468 2236 καὶ
493 2181 1025 2253 παρασαλευόμενοι,
1058 2179 1111 2231 τί
1141 2179 1276 2247 πρὸς
1309 2178 1507 2239 αὐτοὺς
1541 2176 1809 2247 ἐροῦμεν;
1845 2176 1946 2228 Το-

370 2267 545 2320 σαῦτα
563 2266 642 2326 δὲ,
672 2264 792 2317 είπέ
817 2281 924 2333 μοι,
953 2262 1059 2315 ἀπὸ
1073 2262 1414 2331 ταυτομάτου
1433 2261 1641 2327 γένοιτο
1659 2260 1722 2311 ἂν
1743 2257 1941 2327 ἀγαθά;

367 2350 429 2402 τὸ
458 2349 574 2418 φῶς
597 2349 658 2400 τὺ
689 2346 1078 2416 καθημερινὸν,
1103 2347 1136 2416 ή
1161 2345 1435 2414 εὑταξίαή
1460 2346 1516 2395 ὲν
1533 2345 1643 2404 τοῖς
1668 2338 1809 2403 οὖσι,
1835 2340 1944 2393 τῶν

369 2434 588 2503 ἄστρων
619 2432 653 2501 ἡ
683 2431 893 2500 χορεία,
929 2431 956 2483 6
997 2428 1306 2490 ἰσοστάσιος
1345 2425 1558 2479 νυκτῶν
1594 2427 1685 2479 καὶ
1723 2423 1946 2495 ἡμερῶν

368 2516 588 2585 δρόμος,
622 2517 656 2584 ἡ
689 2515 788 2583 τῆς
821 2513 1036 2582 φύσεως
1083 2509 1378 2564 ἀκολουθία
1423 2510 1516 2561 καὶ
1543 2510 1600 2560 ὲν
1639 2510 1824 2577 φυτοῖς
1850 2507 1946 2560 καὶ

369 2602 428 2654 ἐν
463 2597 623 2662 ζώοις
655 2599 748 2649 κοιλ¹
777 2599 832 2648 ὲν
867 2593 1205 2665 ἀνθρώποις;
1243 2594 1361 2656 Τίς,
1397 2593 1518 2644 εἰπέ
1558 2609 1670 2662 μοι,
1715 2594 1742 2644 ὁ
1771 2589 1944 2643 ταῦτα

367 2682 619 2746 διοικῶν;
661 2682 724 2734 Εἰ
760 2679 949 2750 μηδεὶς
979 2675 1224 2747 ἐφεστὼς
1252 2672 1339 2746 ἦν,
1378 2676 1492 2729 ἀλλ’
1523 2675 1632 2729 ἀπὸ
1670 2675 1946 2744 ταυτομά-

368 2785 462 2819 του
488 2765 666 2818 πάντα
699 2763 1065 2832 συνειστήκει,
1085 2760 1171 2823 τίς
1203 2759 1298 2828 τήν
1327 2760 1588 2828 καμάραν
1618 2758 1822 2825 ταύτην
1847 2758 1944 2827 τὴν

373 2848 518 2902 οὑτω
552 2849 747 2918 καλὴν,
783 2845 881 2916 τὴν
921 2845 1066 2898 οὕτω
1110 2845 1374 2914 μεγάλην,
1400 2843 1492 2894 τὸν
1514 2841 1742 2912 οὐρανὸν
1777 2841 1940 2906 λέγω,

369 2933 720 3004 περιδινήσας
752 2931 846 2983 ἐπὶ
897 2931 995 3000 τῆς
1042 2931 1146 3000 γῆς
1193 2929 1442 2998 ἔστησεν,
1485 2927 1516 2997 ἢ
1554 2928 1648 2979 καὶ
1694 2925 1788 2978 ἐπὶ
1819 2925 1946 2978 ὑδά-

368 3035 508 3084 των;
537 3017 622 3080 τίς
651 3019 679 3069 6
705 3016 830 3078 τοὺς
861 3016 1090 3084 καιροὺς
1128 3012 1255 3076 τοὺς
1298 3011 1690 3082 καρποφόρους
1722 3007 1899 3070 διδούς
1925 3023 1940 3072 ;

367 3101 451 3164 τίς
475 3099 746 3170 τοσαύτην
772 3098 925 3151 ἔθετο
955 3098 1012 3149 ἐν
1037 3095 1317 3166 σπέρμασι
1349 3094 1442 3147 καὶ
1464 3095 1650 3162 φυτοῖς
1675 3092 1904 3161 δύναμιν
1925 3108 1940 3156 ;

366 3185 428 3236 τὸ
452 3184 560 3255 γὰρ
578 3181 685 3236 ἀπὸ
709 3181 1055 3251 ταυτομάτου
1079 3179 1315 3232 ἄτακτον
1340 3178 1558 3238 πάντως
1581 3192 1594 3206 ⁸
1616 3174 1677 3226 τὸ
1702 3173 1760 3226 δὲ
1787 3172 1944 3226 εῦτα-

367 3286 498 3322 κτον
540 3269 681 3338 μετά
722 3266 921 3337 τέχνης
959 3265 1190 3333 γίνεται.
1235 3263 1299 3315 Τί
1331 3262 1462 3332 γὰρ,
1505 3259 1627 3313 εἰπέ
1673 3276 1798 3329 μοι,
1833 3257 1943 3311 τῶν

371 3353 504 3424 παρ’
536 3355 668 3424 ἡμῖν
700 3351 809 3403 τῶν
833 3350 941 3403 ἀπὸ
966 3347 1308 3418 ταυτομάτου
1336 3346 1395 3398 ού
1429 3345 1629 3414 πολλῆς
1655 3344 1816 3412 γέμει
1843 3344 1944 3412 τῆς

368 3437 594 3504 ἀταξίας
628 3437 722 3489 καὶ
764 3433 961 3488 πολλοῦ
992 3432 1084 3485 τοῦ
1131 3431 1364 3502 θορύϐου
1398 3429 1493 3481 καὶ
1533 3429 1635 3498 τῆς
1665 3426 1940 3497 ταραχῆς;

370 3522 482 3574 Καὶ
518 3521 580 3573 οὑ
625 3519 767 3587 λέγω
824 3519 933 3573 ἀπὸ
984 3515 1354 3586 ταυτομάτου,
1410 3512 1548 3567 ἀλλά
1600 3511 1740 3582 μετά
1799 3527 1942 3572 τινος

371 3604 671 3668 ποιοῦντος,
708 3603 948 3672 ἀτέχνως
985 3603 1043 3655 δὲ
1081 3599 1387 3661 ποιοῦντος.
1438 3593 1584 3658 Οίον,
1628 3595 1770 3648 ἔστω
1810 3593 1943 3657 ξύλα

370 3690 466 3742 καὶ
495 3688 656 3750 λίθοι,
693 3687 832 3740 ἔστω
858 3687 914 3739 δὲ
945 3687 1040 3740 καὶ
1079 3684 1340 3745 ἄσϐεστος
1360 3698 1372 3711 ⁸
1396 3681 1490 3733 καὶ
1515 3677 1694 3731 λαϐὼν
1728 3678 1942 3749 ἄνθρω-

371 3790 472 3838 πος
500 3770 811 3840 οἰκοδομίας
839 3769 1065 3838 ἄπειρος
1101 3765 1455 3834 οἱκοδομείτω
1483 3763 1578 3814 καὶ
1618 3763 1938 3833 ἑνεργείτωο

371 3853 480 3926 ἆρα
511 3854 572 3908 οὑ
627 3855 805 3907 πάντα
841 3852 908 3906 ἂν
957 3851 1205 3905 ἀπώλεσε
1245 3850 1341 3903 καὶ
1385 3847 1693 3918 διέφθειρε;
1749 3845 1940 3907 Πάλιν,

371 3939 510 3992 ἔστω
544 3937 728 3990 πλοῖόν
780 3936 1117 4007 κυϐερνήτου
1179 3934 1370 4004 χωρὶς,
1421 3931 1599 3984 πάντα
1641 3929 1762 3998 ἔχον
1796 3929 1941 3997 ειπερ

373 4022 515 4093 ἔχειν
539 4021 620 4074 δεῖ
641 4020 824 4074 πλοῖον
850 4020 979 4073 ἀνευ
1007 4017 1275 4088 τεχνίτου,
1302 4015 1363 4068 ού
1397 4013 1540 4081 λέγω
1567 4011 1944 4065 ἀκατασκεύα-

374 4121 518 4170 στον,
554 4103 690 4157 ἀλλά
731 4100 1142 4156 κατακευασθέν
1173 4116 1186 4130 ο
1216 4099 1292 4170 μὴ
1339 4096 1570 4150 πλεῦσαι
1614 4095 1938 4166 δυνήσεται;

371 4189 467 4242 καὶ
499 4187 735 4257 τοσαύτη
764 4187 835 4255 γῆ
867 4187 958 4238 ἐπὶ
980 4185 1172 4246 ὕδατος
1204 4181 1438 4244 ἑστῶσα,
1466 4181 1592 4234 ἄνευ
1630 4179 1775 4242 τινὸς
1812 4195 1944 4246 συγ-

370 4275 680 4348 κρατούσης
724 4286 750 4314 ο
798 4274 1080 4344 δυνάμεως
1140 4271 1388 4342 ἠδύνατο,
1444 4268 1564 4322 εἰπέ
1625 4285 1734 4338 μοι,
1799 4266 1942 4320 οὕτω

372 4359 588 4428 παγίως
615 4359 708 4412 ἐπὶ
733 4358 921 4430 χρόνον
945 4357 1139 4425 στῆναι
1165 4354 1444 4421 τοσοῦτον;
1470 4352 1564 4405 καὶ
1593 4350 1764 4404 ταῦτα
1787 4350 1942 4419 λόγον

372 4442 440 4497 ἂν
467 4442 616 4513 ἕχοι;
649 4441 745 4494 καὶ
784 4440 845 4492 οὑ
890 4439 1153 4510 μυριάκις
1201 4437 1439 4506 γέλωτος
1483 4434 1631 4501 ἀξιον
1663 4435 1725 4487 τὸ
1769 4434 1942 4488 ταῦτα

369 4526 605 4592 ὲννοεῖν;
636 4525 746 4577 Καὶ
781 4525 830 4576 εἰ
864 4523 962 4593 μὲν
998 4521 1256 4592 βαστάζοι
1293 4520 1390 4572 καὶ
1428 4519 1519 4572 τὸν
1549 4518 1794 4588 ούρανδν,
1833 4518 1940 4571 ἰδοὺ

367 4611 463 4664 καὶ
510 4609 698 4680 ἕτερον
731 4608 920 4677 ἄχθοςο
952 4609 1001 4660 εί
1046 4606 1102 4659 δὲ
1148 4605 1244 4658 καὶ
1296 4602 1521 4673 οὐρανὸς
1565 4603 1622 4654 ἐν
1654 4601 1804 4654 ὕδατι
1842 4601 1941 4669 φέ-

371 4711 538 4768 ροιτο,
567 4693 728 4748 πάλιν
758 4694 947 4762 ἕτερον
991 4690 1232 4762 ζήτημα.
1292 4687 1455 4740 Ἀλλά
1511 4687 1618 4740 πᾶν
1667 4685 1768 4755 τῆς
1809 4702 1943 4755 προ-

368 4778 516 4841 νοίας
547 4777 728 4848 ἔργον.
763 4775 845 4828 Τὰ
884 4775 994 4844 γὰρ
1032 4771 1263 4826 ἐπὶτῶν
1315 4770 1522 4824 ὑδάτων
1569 4769 1849 4839 φερόμενα
1877 4769 1940 4822 οὑ

369 4860 701 4932 κυρτοῦσθαι
729 4859 830 4925 δεῖ,
862 4858 1000 4912 ἀλλά
1037 4854 1426 4910 κοιλαίνεσθαι.
1460 4853 1526 4906 Τί
1552 4853 1783 4919 δήποτε;
1818 4853 1941 4905 Ὅτι

369 4943 461 4997 τοῦ
503 4945 601 5014 μὲν
641 4943 824 4996 κοίλου
857 4942 919 4994 τὸ
968 4939 1126 5010 σῶμα
1164 4939 1282 4992 ὅλον
1340 4936 1658 5008 βαπτίζεται
1714 4936 1942 4990 ἐπὶτῶν

371 5027 599 5089 ὑδάτων,
627 5025 881 5096 καθάπερ
923 5024 1016 5076 ἐπὶ
1045 5021 1138 5075 τοῦ
1170 5021 1358 5075 πλοίου
1385 5035 1397 5048 ·
1436 5019 1532 5073 τοῦ
1570 5019 1628 5072 δὲ
1667 5036 1943 5089 κεκυρτω-

371 5110 532 5178 μένου
565 5110 625 5161 τὺ
656 5109 754 5179 μὲν
784 5109 943 5178 σῶμα
975 5107 1094 5160 ὅλον
1126 5106 1273 5158 ἐστὶν
1318 5104 1549 5168 ἄνωθεν,
1596 5104 1666 5156 τά
1703 5102 1759 5156 δὲ
1795 5103 1940 5174 ἄκρα

368 5194 641 5247 ἐπίκειται
672 5194 852 5263 μόνον.
893 5189 1102 5244 Οὐκοῦν
1137 5189 1284 5260 αὑτῷ
1314 5189 1395 5241 δεῖ
1429 5187 1682 5256 σώματος
1723 5187 1939 5240 ἀντιτύ-

369 5294 474 5331 που
505 5277 601 5330 καὶ
637 5274 874 5348 σκληροῦ
905 5275 1001 5328 καὶ
1039 5273 1250 5342 στέγειν
1299 5272 1620 5341 δυναμένου,
1661 5271 1801 5325 ὥστε
1847 5271 1940 5340 φέ-

374 5377 488 5432 ρειν
518 5359 577 5413 τὸ
607 5359 954 5429 ἐπικείμενον
999 5357 1184 5428 ἄχθος.
1227 5354 1364 5407 Ἀλλ’
1396 5354 1503 5424 ἀήρ
1538 5353 1693 5424 φέρει
1735 5353 1827 5407 τὸν
1858 5354 1941 5406 ού-

374 5443 572 5514 ρανόν;
615 5442 753 5494 Ἀλλ’
783 5434 938 5504 οὗτος
977 5437 1157 5508 πολλῷ
1189 5437 1283 5491 τοῦ
1331 5435 1520 5499 ὓδατος
1557 5435 1939 5506 μαλακώτερος

369 5525 466 5578 καὶ
505 5525 827 5596 χαυνότερος
873 5524 970 5577 καὶ
1011 5522 1162 5576 οὐδὲν
1208 5521 1424 5589 στέγειν
1461 5520 1775 5590 δυνάμενος,
1814 5517 1937 5574 οὑδὲ

431 5745 460 5777 ι
492 5735 643 5800 Marg.
679 5735 851 5799 δεινὴ,
876 5734 1244 5801 συγκροτούσης.

1274 298 1336 352 ΙΝ
1376 287 1594 354 Ειδιετ.
1625 299 1716 352 Al)
1753 298 1994 355 EPHES.
2034 299 2187 355 CAP.
2237 300 2300 357 V.
2344 301 2575 358 llOMlL.
2614 304 2756 360 x13.

3534 318 3635 375 159

2063 419 2172 472 τῶν
2205 421 2568 489 λεπτοτάτων,
2609 425 2739 496 μήτι
2765 442 2828 494 γε
2857 426 3020 495 ὄγκον
3053 430 3326 486 τοσοῦτον.
3363 433 3542 500 Ὀλως
3577 439 3632 491 δὲ

2072 504 2118 554 εί
2144 504 2467 576 βουλοίμεθα
2490 509 2587 577 τῆς
2616 509 2872 579 προνοίας
2907 511 2996 564 τὸν
3029 512 3184 582 λόγον
3219 516 3510 584 ἐπεξιέναι,
3541 521 3638 573 καὶ

2064 586 2402 651 καθολικῶς,
2455 591 2549 641 καὶ
2603 594 3203 664 κατακερματίζοντες,
3248 597 3369 661 ὅλος
3420 603 3448 652 ό
3499 600 3634 652 αἰὼν

2063 672 2212 740 ἡμᾶς
2241 671 2494 741 ἐλλείψει.
2543 675 2842 746 Ἐρήσομαι
2879 676 2988 748 γὰρ
3021 678 3110 731 τὸν
3149 680 3332 734 ἐκεῖνα
3365 681 3632 753 ζητοῦντα

2067 754 2196 806 νῦν·
2245 756 2429 810 Ταῦτα
2480 760 2734 828 προνοίας
2781 762 2948 825 ἐστὶν,
2990 762 3022 832 ἢ
3070 764 3469 836 ἀπρονοησίας;
3513 768 3632 820 Κᾶν

2057 840 2224 902 εἴποι,
2259 841 2340 893 ὅτι
2372 842 2485 894 Οὑκ
2515 841 2629 894 ἔστι
2662 845 2941 914 προνοίας,
2979 845 3075 898 καὶ¹
3113 847 3274 901 πάλιν
3318 850 3588 919 ἐρήσομαι
3614 865 3630 880 ·

2054 924 2178 986 Πῶς
2195 920 2288 976 οὖν
2308 925 2530 992 γέγονεν
2550 944 2563 991 ;
2596 925 2736 977 Ἀλλ’
2764 929 2864 980 οὐκ
2883 927 2950 980 ἂν
2975 927 3088 997 ἔχοι
3117 928 3274 997 λόγον
3291 931 3411 984 τινὰ
3433 934 3628 987 εἰπεῖν.

2055 1006 2266 1058 Οὐκοῦν
2300 1007 2480 1078 πολλῷ
2515 1009 2716 1078 μᾶλλον
2757 1012 2886 1082 περὶ
2930 1011 3037 1064 τῶν
3085 1011 3444 1083 ἀνθρωπίνων
3486 1032 3632 1086 πρα-

2057 1089 2288 1155 γμάτων
2325 1088 2511 1160 ζητεῖν
2552 1092 2653 1145 οὑκ
2691 1092 2948 1161 ὀφείλεις,
2980 1093 3100 1147 οὐδὲ
3145 1097 3628 1166 περιεργάζεσθαι.

2055 1171 2118 1223 Τί
2156 1171 2393 1242 δήποτε;
2437 1174 2563 1227 Ὅτι
2601 1175 2807 1228 τούτων
2848 1177 3066 1229 πάντων
3109 1177 3395 1249 ἄνθρωπος
3434 1180 3631 1250 τιμιώ-

2052 1271 2228 1323 τερος,
2265 1259 2360 1310 καὶ
2411 1258 2584 1313 ταῦτα
2630 1259 2696 1312 δι’
2733 1260 2938 1314 ἐκεῖνον
2983 1261 3224 1330 γέγονεν,
3271 1264 3372 1316 οὑκ
3421 1264 3631 1328 ἐκεῖνος

2052 1337 2142 1390 διὰ
2175 1338 2368 1393 ταῦτα.
3358 1350 3361 1352 ·

2121 1525 2182 1578 δ’.
2209 1525 2270 1577 El
2305 1526 2482 1578 τοίνυν
2516 1527 2614 1598 τὴν
2643 1527 2733 1581 ἐπὶ
2758 1529 2855 1598 τῆς
2882 1530 3135 1595 προνοίας
3160 1529 3322 1582 αὑτοῦ
3356 1531 3514 1600 μόνον
3538 1550 3628 1586 σο-

2051 1610 2178 1678 φίαν
2216 1609 2367 1682 [159]
2414 1613 2508 1665 καὶ
2545 1614 2643 1682 τὴν
2673 1614 2984 1683 οἰκονομίαν
3013 1615 3114 1667 οῦκ
3150 1611 3445 1680 οἷδας,πῶς
3473 1616 3628 1687 δυνή-

2053 1711 2118 1766 σῃ
2143 1697 2268 1758 τοὺς
2324 1696 2518 1772 λόγους
2561 1697 2761 1751 εἰδέναι
2819 1700 2944 1762 τοὺς
2993 1698 3114 1752 κατ’
3163 1700 3525 1765 αὑτόν;Εἰπὲ
3559 1703 3623 1773 δή

2053 1795 2164 1846 μοι,
2191 1779 2242 1831 τί
2272 1779 2470 1850 δήποτε
2495 1781 2636 1833 οὕτω
2693 1783 2891 1851 μικρὸν
2954 1783 3116 1836 αὑτὸν
3167 1784 3460 1853 εἰργάσατο
3483 1826 3495 1847 ,
3531 1788 3626 1838 καὶ

2049 1861 2302 1915 τοσοῦτον
2329 1863 2602 1933 ἀπέχοντα
2631 1863 2725 1916 τοῦ
2765 1864 2932 1934 ὕψους
2959 1864 3050 1916 τοῦ
3099 1866 3348 1935 ούρανοῦ,
3404 1867 3479 1931 ὼς
3529 1869 3627 1920 καὶ

2050 1945 2409 2015 ἀμφιϐάλλειν
2452 1949 2580 2016 περὶ
2628 1947 2736 2000 τῶν
2781 1948 2893 2001 ἀνω
2948 1950 3317 2018 φαινομένων;
3374 1948 3516 2014 τίνος
3561 1953 3620 2004 δὲ

2049 2030 2232 2083 ἕνεκεν
2266 2031 2334 2084 τὰ
2370 2031 2556 2103 βόρεια
2589 2032 2822 2104 ἀοίκητά
2851 2034 2991 2094 ἐστι,
3044 2035 3138 2086 καὶ
3167 2033 3235 2087 τὰ
3272 2034 3458 2102 νότια;
3490 2037 3626 2089 Είπὲ

2060 2115 2126 2186 δή
2164 2133 2273 2184 μοι,
2306 2115 2392 2169 διὰ
2425 2115 2477 2169 τί
2522 2116 2746 2185 γέγονεν
2778 2118 2810 2186 ἡ
2846 2117 2941 2182 νὺξ
2975 2115 3242 2186 χειμῶνος
3279 2119 3376 2188 μὲν
3413 2137 3623 2190 μακρο-

2046 2200 2201 2270 τέρα,
2234 2201 2424 2270 θέρους
2441 2199 2496 2253 δὲ
2527 2200 2795 2265 ἐλάττων;
2828 2199 2916 2252 διὰ
2939 2202 2989 2252 τί
3020 2199 3192 2269 ψῦχος
3228 2201 3503 2267 τοσοῦτον,
3529 2202 3620 2258 διά

2046 2283 2098 2335 τί
2139 2280 2349 2353 καῦμα,
2378 2283 2465 2336 διά
2488 2283 2539 2335 τί
2566 2283 2722 2352 σῶμα
2762 2283 2953 2352 θνητόν
2980 2300 2994 2347 ;
3028 2283 3138 2336 Καὶ¹
3175 2283 3342 2353 μυρία
3369 2302 3428 2336 σε
3458 2285 3626 2356 ἕτερα

2048 2366 2258 2435 ἐρωτῶ,
2291 2367 2386 2419 καὶ
2410 2365 2505 2419 ὲάν
2537 2366 2716 2437 θέλῃς,
2752 2367 2813 2418 ού
2838 2366 3119 2436 παύσομαί
3156 2383 3215 2418 σε
3255 2367 3495 2436 ἐρωτῶν,
3525 2372 3624 2421 καὶ⁹

2047 2449 2104 2501 ἐν
2129 2447 2301 2501 ἅπασί
2335 2466 2422 2519 μοι
2456 2450 2826 2521 διαπορήσεις.
2856 2451 3019 2502 Ὥστε
3045 2450 3202 2502 τοῦτο
3221 2450 3452 2519 μάλιστα
3487 2468 3623 2520 προ-

2047 2532 2194 2594 νοίας
2221 2533 2356 2596 ἐστὶ,
2382 2533 2441 2585 τὸ
2479 2535 2605 2596 τοὺς
2652 2533 2843 2602 λόγους
2889 2535 3020 2602 ἡμῖν
3080 2534 3424 2604 ἀπορρήτους
3458 2529 3620 2587 εἶναι.

2047 2609 2123 2667 Ἦ
2152 2615 2262 2686 γάρ
2286 2616 2352 2670 ἂν
2385 2617 2478 2669 καὶ
2506 2616 2790 2687 ἄνθρωπον
2817 2617 2987 2670 αἴτιόν
3020 2633 3101 2678 τις
3124 2616 3346 2685 ἐνόμισε
3365 2615 3458 2668 τοῦ
3493 2633 3623 2669 παν-

2047 2699 2158 2764 τὸς,
2210 2701 2258 2752 εί
2310 2701 2384 2770 μὴ
2433 2699 2589 2753 τοῦτο
2622 2700 2778 2770 ἡμῶν
2834 2699 3156 2753 κατέστελλε
3205 2699 3304 2768 τὴν
3359 2699 3618 2755 διάνοιαν.

2061 2783 2199 2836 Ἀλλ’
2227 2785 2254 2835 6
2279 2783 2446 2847 δεῖνα,
2483 2784 2616 2852 φησὶ
2642 2823 2657 2846 ,
2697 2783 2886 2852 πένης,
2914 2783 3010 2836 καὶ
3046 2781 3215 2835 κακὸν
3255 2785 3288 2852 ἡ
3339 2783 3520 2835 πενία.
3555 2782 3623 2834 Τί

2046 2864 2103 2918 δὲ
2138 2867 2372 2935 ήνόσος,
2412 2865 2466 2917 τί
2520 2866 2578 2918 δὲ
2617 2867 2650 2936 ή
2700 2867 2989 2935 πήρωσις;
3048 2865 3218 2918 Οὐδέν
3277 2868 3391 2918 ἐστι
3424 2866 3619 2931 ταῦτα,

2045 2949 2323 3019 ἄνθρωπε⁸
2356 2949 2414 3003 ἓν
2447 2951 2608 3018 μόνον
2642 2951 2757 3003 ἐστὶ
2790 2951 2982 3015 κακὸν,
3033 2949 3092 3002 τὸ
3124 2949 3481 3020 ἁμαρτάνειν,
3523 2951 3622 3003 καὶ

2045 3033 2202 3086 τοῦτο
2238 3035 2398 3104 μόνον
2421 3033 2696 3098 ἐξετάζειν
2728 3034 3038 3104 ὀφείλομεν.
3081 3033 3223 3085 Ἀλλ’
3247 3033 3479 3100 ἀφέντες
3507 3032 3619 3084 τῶν

2045 3117 2214 3180 ὅντως
2246 3117 2431 3171 κακῶν
2453 3118 2552 3182 τάς
2607 3118 2789 3180 αίτίας
2822 3118 3068 3187 ὲρευνᾷν,
3109 3116 3273 3187 ἕτερα
3299 3116 3622 3184 πολυπραγ-

2050 3201 2463 3272 μονοῦμεν.Διά
2507 3201 2562 3254 τί
2605 3201 2793 3271 μηδεὶς
2833 3200 2988 3269 ήμῶν
3033 3199 3302 3269 μηδέποτε
3355 3198 3621 3266 ἐξετάζει,

2045 3285 2133 3338 διὰ
2156 3283 2209 3337 τί
2241 3285 2523 3354 ἥμαρτενς
2561 3279 2669 3354 ἆρα
2699 3285 2757 3335 ἐν
2803 3284 2925 3350 ἐμοὶ
2978 3283 3036 3334 τὸ
3085 3281 3462 3351 ἀμαρτάνειν;
3511 3277 3623 3350 ἆρα

2045 3368 2145 3420 οὐκ
2166 3369 2223 3418 ἐν
2259 3367 2382 3436 ἐμοί
2404 3385 2418 3433 ;
2451 3368 2559 3419 Καὶ
2581 3367 2632 3419 τί
2661 3383 2727 3436 με
2744 3367 2824 3418 δεῖ
2840 3365 3069 3426 πολλοὺς
3100 3382 3166 3416 πε
3177 3363 3578 3433 ριιέναιλόγους
3600 3379 3619 3430 ;

2047 3449 2106 3501 ἐν
2131 3448 2353 3520 ἐμαυτῷ
2388 3449 2450 3502 τὸ
2479 3452 2710 3519 πρᾶγμα
2737 3447 2976 3518 ζητήσω·
3019 3443 3129 3516 ἆρα
3167 3445 3450 3516 ὲκράτησά
3489 3462 3620 3498 ποτε

2048 3531 2220 3602 θυμοῦ
2248 3549 2262 3599 ;
2294 3528 2404 3603 ἆρα
2428 3531 2711 3602 ἐκράτησά
2737 3547 2866 3584 ποτε
2887 3530 3079 3599 ὀργῆς,
3110 3529 3142 3600 ἢ
3173 3529 3238 3582 δι’
3271 3527 3555 3598 αἰσχύνην,
3583 3527 3618 3598 ἢ

2046 3614 2132 3668 διὰ
2163 3615 2325 3683 φόϐον
2348 3614 2687 3685 ἀνθρώπινον
2712 3633 2725 3681 ;
2753 3611 2884 3667 Εἶτα
2923 3613 3144 3666 ἐπειδὰν
3171 3611 3316 3684 εὕρω
3344 3612 3500 3666 τοῦτο
3541 3629 3622 3679 γι-

2048 3701 2291 3768 νόμενον,
2327 3700 2546 3768 εὑρήσω
2575 3699 2654 3751 ὅτι
2689 3700 2747 3751 ὲν
2782 3697 2906 3766 ἐμοὶ
2929 3697 2989 3749 τὸ
3013 3696 3371 3767 ἁμαρτάνειν.
3428 3696 3621 3759 Οὐδεὶς

2047 3781 2220 3836 ταῦτα
2251 3780 2513 3847 ἐξετάζει,
2545 3781 2720 3843 οὐδεὶς
2765 3779 2935 3833 ταῦτα
2966 3779 3431 3849 πολυπραγμονεῖ,
3484 3777 3622 3832 ἀλλά

2047 3864 2256 3929 ἁπλῶς,
2285 3864 2429 3916 κατά
2459 3863 2547 3917 τὸν
2601 3863 2738 3929 Ἰὼϐ,
2766 3863 2990 3931 Βροτὸς
3022 3861 3090 3915 δὲ
3124 3860 3326 3927 ἄλλως
3366 3860 3619 3930 νήχεται

2046 3949 2270 4017 λόγοις.
2307 3948 2374 4000 Τί
2405 3949 2514 4017 γάρ
2549 3965 2629 4001 σοι
2655 3947 2814 4001 τοῦτο
2851 3947 3026 4018 μέλει,
3048 3948 3096 3999 εί
3125 3949 3153 4000 6
3200 3946 3348 3999 δεῖνα
3394 3945 3621 4014 τυφλὸς,

2049 4032 2142 4086 καὶ
2171 4032 2198 4084 6
2225 4032 2372 4084 δεῖνα
2397 4032 2599 4099 πένης;
2631 4031 2705 4084 Οὑ
2734 4031 2894 4084 τοῦτο
2917 4028 3143 4093 ὲπέταξέ
3174 4047 3255 4082 σοι
3279 4031 3307 4082 6
3338 4027 3470 4090 Θεὸς
3493 4045 3620 4080 σκο-

2050 4117 2194 4176 πεῖν,
2221 4114 2356 4167 ἀλλά
2381 4116 2433 4168 τί
2467 4115 2665 4185 δήποτε
2690 4114 2754 4167 σὺ
2778 4112 3116 4184 πράττειςδς
3156 4113 3220 4165 Et
3253 4112 3350 4178 μὲν
3378 4111 3485 4182 γάρ
3510 4112 3623 4182 ἀμ-

2049 4197 2345 4266 φιϐάλλεις,
2370 4199 2450 4251 ὅτι
2480 4197 2745 4267 ὲφέστηκέ
2774 4214 2857 4260 τις
2881 4195 2960 4266 τῷ
2989 4200 3182 4266 κόσμῳ
3205 4195 3452 4264 δύναμις,
3481 4195 3620 4248 πάν-

2046 4298 2152 4334 των
2178 4282 2528 4352 ἀνοητότερος
2557 4277 2624 4332 εί·
2662 4281 2710 4332 εί
2757 4279 2814 4332 δὲ
2871 4279 3125 4332 πέπεισαι
3163 4277 3291 4350 περὶ
3327 4276 3540 4341 τούτου,
3566 4277 3622 4330 τί

2047 4363 2434 4432 ἀμφιϐάλλεις,
2470 4363 2554 4415 ὅτι
2619 4361 2819 4433 ἀρέσαι
2874 4363 2957 4415 δεῖ
3001 4360 3078 4430 τῷ
3127 4359 3274 4430 Θεῷς
3330 4359 3616 4423 Πάντοτε,

2048 4448 2203 4518 φησὶ,
2248 4446 2400 4514 ὑπὲρ
2448 4445 2731 4501 ἁπάντων
2785 4443 3291 4514 εὐχαριστοῦντες
3338 4442 3419 4508 τῷ
3473 4441 3615 4508 Θεῷ.

2051 4531 2288 4584 Ἀπελοε
2344 4531 2423 4593 είς
2467 4531 2722 4599 ἰατρεῖον,
2781 4528 2877 4580 καὶ
2910 4527 3050 4594 ὕψει,
3105 4527 3232 4579 ὅταν
3295 4523 3494 4596 εὑρεθῇ
3535 4543 3619 4590 τις

2046 4615 2266 4684 τραῦμα
2296 4613 2452 4682 έχων,
2481 4613 2690 4664 ἐκεῖνον
2739 4610 2901 4664 αὑτὸν
2956 4610 3223 4679 τέμνοντα
3250 4609 3346 4662 καὶ
3377 4607 3619 4662 καίοντα.

2060 4697 2182 4750 Ἐπὶ¹
2207 4697 2265 4750 δὲ
2292 4696 2384 4749 σοῦ
2421 4696 2482 4749 οὑ
2513 4695 2669 4747 τοῦτο
2715 4694 2882 4762 λέγω,
2922 4693 3055 4747 ἀλλά
3085 4691 3288 4745 ἄπελθε
3322 4692 3402 4755 είς
3435 4708 3623 4744 τεκτο-

2047 4783 2208 4832 νεῖοψ
2246 4781 2340 4832 καὶ
2369 4779 2469 4831 οὑκ
2503 4777 2778 4842 ἐξετάζεις
2810 4777 2898 4830 τὸν
2931 4776 3112 4844 λόγον,
3147 4774 3325 4827 καίτοι
3369 4790 3429 4842 γε
3466 4773 3622 4827 οὐδὲν

2048 4859 2195 4924 οἶδας
2219 4863 2329 4915 τῶν
2358 4862 2659 4932 γινομένων
2688 4863 2824 4914 ἐκεῖ·
2855 4862 2949 4914 καὶ
2967 4859 3135 4913 πολλά
3161 4859 3341 4928 ἀπορα
3364 4855 3504 4911 εἷναί
3536 4875 3620 4910 σοι

2047 4947 2213 4999 δοκεῖ’
2245 4941 2378 5007 οἷον,
2417 4947 2546 4999 ὅταν
2591 4944 2818 5016 τορνεύη
2859 4946 2920 4997 τὸ
2968 4943 3144 5009 ξύλον,
3168 4943 3294 4997 ὅταν
3343 4959 3618 5013 μετασχη-

2051 5029 2268 5102 ματίζῃ.
2295 5030 2510 5084 Μᾶλλον
2549 5029 2606 5082 δὲ
2659 5031 2740 5108 είς
2793 5028 3179 5100 εὐπορωτέραν
3229 5043 3290 5080 σε
3329 5027 3525 5096 τέχνην
3552 5025 3620 5079 ἂν

2046 5116 2260 5182 ἀγάγω,
2288 5109 2398 5166 οἷον
2423 5113 2521 5183 τὴν
2540 5112 2649 5165 τῶν
2669 5112 2995 5181 ζωγράφων,
3017 5111 3112 5164 καὶ
3138 5113 3254 5164 ἐκεῖ
3276 5110 3617 5178 ίλιγγιάσεις.

2047 5198 2184 5252 Είπὲ
2211 5197 2318 5268 γάρ
2342 5213 2453 5266 μοι,
2485 5196 2609 5266 οὑχὶ
2644 5194 2829 5256 ἀπλῶς
2858 5211 2938 5248 σοι
2972 5195 3120 5248 δοκεῖ
3154 5196 3352 5258 ποιεῖν,
3375 5191 3411 5246 ἀ
3439 5193 3617 5257 ποιεῖς

2046 5282 2098 5335 τί
2133 5281 2244 5352 γὰρ
2282 5281 2432 5350 αύτῴ
2477 5280 2756 5350 βούλονται
2794 5280 2851 5332 αἱ
2885 5279 3170 5350 γραμμαὶ,
3219 5277 3314 5330 καὶ¹
3358 5278 3414 5330 αί
3463 5291 3620 5344 περι-

2046 5367 2261 5434 αγωγαὶ
2288 5365 2398 5418 τῶν
2430 5363 2737 5439 γραμμῶν;
2777 5363 2918 5416 Ἀλλ’
2941 5364 3007 5417 ἂν
3037 5361 3196 5432 ἐπιθῇ
3222 5361 3289 5414 τὰ
3323 5357 3615 5430 χρώματα,

2109 5612 2136 5650 b
2168 5610 2304 5660 Unus
2335 5610 2491 5660 codex
2521 5617 2572 5660 et
2594 5623 2751 5670 marg.
2789 5608 2964 5666 Savil.,
3003 5607 3214 5657 σκοπεῖν·
3241 5604 3539 5670 οὑδὲᾏδιὰᾼτί
3558 5606 3620 5670 τίς

2043 5672 2242 5785 τοιαῦτῖ
2265 5674 2352 5721 οὑκ
2380 5673 2598 5730 ἐσκόπεις
2620 5667 2862 5732 ζητήσειεν
2888 5673 2973 5736 (al.
2999 5672 3188 5729 ζητήσει
3212 5668 3310 5732 σε),
3335 5667 3457 5716 ἀλλὰ
3475 5668 3553 5716 διὰ
3572 5667 3620 5716 τί

2045 5751 2196 5784 ταυτα
2239 5750 2450 5796 πραττες.

2344 5767 2356 5783 ὑ
2371 5767 2450 5791 δεδι
