4100 6412
499 255 606 313 155

502 474 614 521 τως
646 453 893 527 ἀκριϐῶς
921 453 1075 506 οὐδὲν
1116 454 1322 525 δυνήσῃ
1360 453 1721 524 καταμαθεῖν.
1774 453 1844 505 Τί
1891 454 1949 506 δὲ
1990 454 2083 506 ἐπὶ

507 538 778 593 τεκτόνων
807 537 954 605 λέγω
985 536 1080 590 καὶ
1107 536 1417 608 ζωγράφων
1460 537 1557 589 καὶ
1603 536 1713 588 τῶν
1744 536 2081 607 ὁμοδούλων;

517 622 584 675 'H
617 622 843 693 μέλιττα
872 618 991 683 πῶς
1017 618 1313 689 ἐργάζεται
1352 620 1477 683 τοὺς
1506 618 1791 689 σίμϐλους,
1815 620 1938 673 είπέ
1968 637 2080 691 μοι,

500 705 599 759 καὶ
616 704 740 759 τότε
774 702 1030 774 καὶπερὶ
1084 702 1223 755 Θεοῦ
1275 704 1439 773 ἐρεῖς.
1476 701 1599 755 Τῶν
1636 704 1945 773 μυρμήκων
1985 703 2084 775 τὴν

498 786 763 861 ἐργασίαν
783 785 1092 857 κατάμαθε,
1116 785 1210 839 τοῦ
1237 786 1496 857 ἀράχνου,
1511 786 1612 856 τῆς
1629 785 1782 859 [HO]
1798 787 2082 858 χελιδόνος,

500 876 595 929 καὶ
621 873 744 926 τότε
798 873 965 943 ἐρεῖς.
1022 870 1118 925 καὶ
1155 874 1283 943 περὶ
1338 871 1495 925 Θεοῦ.
1537 875 1633 925 Ἂν
1660 870 1727 945 ᾗς
1757 872 1937 941 σοφὸς,
1963 872 2086 926 εἰπέ

504 976 595 1030 μοι
651 956 845 1011 ταῦτα·
881 955 998 1008 ἀλλ’
1037 956 1139 1009 οὐκ
1170 955 1237 1010 ἂν
1274 953 1439 1027 έχοις.
1471 958 1544 1009 Οὐ
1595 957 1782 1031 παύσῃ
1836 953 1952 1018 06v.
1994 958 2087 1013 ἀν-

502 1043 711 1113 θρωπε,
761 1039 832 1093 τά
886 1038 1119 1110 περιττὰ
1195 1039 1409 1110 ζητῶνς
1466 1040 1703 1103 περιττά
1754 1040 1866 1110 γάρ
1916 1043 2088 1105 δντως

499 1125 698 1179 ταῦτα’
730 1124 792 1178 06
829 1122 1018 1196 παύσῃ
1052 1122 1176 1192 εἰκῆ
1233 1122 1743 1195 πολυπραγμονῶν;
1791 1124 1959 1178 Ούδὲν
1986 1125 2088 1193 τῆς

502 1207 745 1280 ἀμαθίας
776 1207 979 1277 ταύτης
1005 1205 1312 1279 σοφώτερόν
1334 1208 1502 1271 ἐστιν,
1520 1208 1577 1259 ἐν
1599 1201 1680 1270 οἷς
1710 1208 1758 1259 οἱ
1792 1207 1890 1277 μέν
1915 1208 2088 1276 ἐπαγ-

501 1291 823 1362 γελλόμενοι
862 1289 1029 1361 μηδὲν
1068 1289 1290 1352 εἰδέναι,
1325 1288 1628 1358 σοφώτατοι
1675 1290 1893 1344 πάντων
1921 1289 2085 1355 είσὶν,

501 1379 553 1432 οἱ
578 1378 633 1432 66
654 1373 1179 1447 περιεργαζόμενοι,
1199 1373 1549 1446 ἀνοητότεροι
1567 1373 1674 1426 τῶν
1689 1374 1906 1427 πάντων
1923 1372 2083 1427 είσίν.

508 1461 671 1514 Ὥστε
694 1459 757 1513 06
787 1455 1064 1528 πανταχοῦ
1091 1456 1152 1509 :6
1180 1455 1613 1525 ἐπαγγέλλεσθαι
1633 1455 1849 1518 εἰδέναι,
1874 1455 2087 1524 σοφίας,

502 1543 618 1596 ἀλλ’
659 1541 806 1596 ἐστιν
836 1541 971 1595 ὅπου
1011 1539 1106 1593 καὶ
1140 1538 1351 1609 μωρίας
1379 1538 1548 1592 ἐστίν.
1584 1537 1723 1592 Είπέ
1758 1539 1866 1608 γάρ
1895 1554 2010 1607 μοι,
2039 1537 2089 1589 εί

487 1626 597 1680 δύο
639 1624 802 1679 τινῶν
843 1622 1146 1694 ἀνθρώπων
1178 1621 1349 1675 ὅντων
1376 1623 1405 1675 6
1438 1621 1535 1691 μέν
1566 1620 1954 1689 ἐπαγγέλλοιτο
1998 1619 2091 1674 τὸν

503 1710 614 1765 ἀπὸ
642 1709 741 1779 τῆς
779 1707 883 1778 γῆς
908 1709 988 1770 είς
1019 1707 1113 1760 τὸν
1149 1705 1377 1775 οὐρανὸν
1399 1705 1538 1776 ἀέρα
1588 1705 1941 1775 διατρέχοντα
1995 1721 2094 1775 με-

503 1797 679 1867 τρεῖν,
716 1793 956 1863 σχοίνους
993 1790 1259 1854 ἐκτείνας,
1292 1793 1321 1845 6
1346 1790 1404 1844 66
1432 1789 1750 1858 καταγελῶν
1789 1790 1884 1844 καὶ
1912 1788 1987 1860 μὴ
2012 1790 2091 1842 εί-

504 1879 651 1931 δέναι
669 1877 962 1950 φαίη,τίνα
981 1874 1345 1945 γελασόμεθα,
1374 1875 1494 1927 είπέ
1525 1891 1650 1945 μοι;
1682 1872 1774 1926 τὸν
1791 1874 1987 1926 είδέναι
2008 1873 2094 1926 λέ-

506 1978 693 2029 γοντα,
738 1960 772 2031 ἢ
818 1959 909 2012 τὸν
942 1957 1242 2027 ἀγνοοῦντα
1264 1974 1278 2023 ;
1303 1957 1559 2028 Δηλονότι
1584 1956 1675 2009 τὸν
1696 1955 1928 2028 λέγοντα
1958 1955 2095 2009 εἰδέ-

506 2061 615 2099 ναι.
639 2040 848 2097 Οὐκοῦν
864 2041 893 2093 6
918 2041 1128 2109 ἀγνοῶν
1181 2040 1277 2093 τοῦ
1306 2039 1676 2111 ὑποσχομένου
1699 2040 1897 2092 εἰδέναι
1920 2037 2096 2107 σοφώ-

504 2144 683 2200 τερος.
712 2126 777 2179 Τί
815 2125 895 2186 66.
932 2124 1083 2188 είτις
1129 2122 1521 2192 ἐπαγγέλλοιτο
1561 2121 1741 2191 λέγειν
1776 2123 1934 2185 ὅσους
1980 2120 2094 2192 έχει

507 2210 743 2273 κυάθους
755 2209 788 2279 ή
802 2209 1065 2267 θάλασσα,
1083 2208 1169 2259 έτε
1179 2225 1266 2277 ρος
1278 2207 1335 2261 δέ
1350 2208 1584 2275 ἀγνοεῖν,
1602 2207 1662 2259 06
1676 2206 1837 2259 πάλιν
1858 2208 1892 2277 ὴ
1905 2206 2095 2274 ἄγνοια

506 2296 608 2367 τῆς
636 2291 893 2364 είδήσεώς
912 2293 1030 2345 ἐστι
1056 2290 1368 2362 σοφωτέρας
1404 2290 1619 2362 Σφόδρα
1647 2306 1733 2359 γε.
1766 2291 1832 2343 Τί
1864 2290 2089 2361 δήποτε;

523 2377 742 2448 Ἐπειδὴ
786 2375 1014 2444 κάκείνη
1039 2373 1233 2443 ἀγνοιά
1266 2376 1416 2427 ἐστιν
1466 2374 1855 2444 ἐπιτεταμένη.
1894 2374 1951 2427 Ὀ
1994 2374 2094 2444 μὲν

508 2461 618 2532 γάρ
650 2460 825 2529 λέγων
843 2456 1079 2527 ἀγνοεῖν,
1098 2452 1207 2510 οἶδέ
1233 2474 1285 2510 τι
1305 2457 1491 2528 μέρος.
1511 2458 1669 2510 Ποῖον
1691 2457 1925 2528 δήτοῦτο
1947 2457 2095 2523 ;Ὄτι

509 2543 893 2613 ἀκατάληπτον
914 2540 1207 2612 ἀνθρώπῳ·
1229 2540 1452 2610 καὶγὰρ
1468 2540 1526 2592 06
1548 2540 1744 2611 μικρὸν
1765 2540 1945 2595 τοῦτο.
1962 2541 2020 2593 Ὀ
2035 2540 2095 2593 66

509 2626 684 2696 λέγων
710 2626 931 2690 ειδέναι,
956 2626 1165 2687 ἐκεῖνος
1197 2622 1437 2693 μάλιστα
1459 2625 1560 2676 οὐκ
1596 2619 1737 2676 οἶδεν
1765 2623 1793 2676 ὃ
1832 2623 1979 2691 λέγει
2018 2624 2096 2676 εἰ·-

510 2711 682 2774 δέναι,
722 2710 815 2762 καὶ
848 2707 937 2761 διά
969 2706 1128 2760 τοῦτο
1158 2704 1290 2759 αύτό
1318 2705 1440 2757 ἐστι
1458 2706 1881 2773 καταγέλαστος.
1909 2706 2094 2776 οἴμοι,

510 2794 697 2858 πόσοις
724 2790 1090 2861 παιδευόμεθα
1105 2790 1207 2859 τὴν
1232 2789 1768 2859 πολυπραγμοσύνην
1802 2789 1901 2857 τὴν
1937 2790 2097 2843 ἀκαι-

514 2894 626 2949 ρον,
657 2878 753 2930 καὶ
768 2876 867 2944 τὴν
887 2873 1209 2944 περιεργίαν
1234 2871 1505 2943 χαλινοῦν,
1531 2872 1628 2925 καὶ
1644 2873 1743 2924 οὐκ
1758 2873 2093 2943 ἀνεχόμεθα,

510 2961 645 3013 ἀλλά
671 2960 798 3021 τοὺς
849 2957 1051 3027 ἐτέρων
1090 2955 1571 3027 περιεργαζόμεθα
1622 2955 1791 3024 βίους,
1830 2956 1920 3009 διά
1976 2956 2029 3009 τί
2063 2958 2092 3010 6

509 3043 658 3096 δεῖνα
700 3042 896 3113 πηρὸς,
932 3040 1022 3094 διὰ
1050 3040 1103 3091 τί
1132 3041 1304 3109 πένης
1325 3042 1353 3092 6
1386 3040 1569 3105 δεῖνα;
1598 3039 1806 3092 Οὐκοῦν
1830 3039 1907 3110 τῷ
1948 3040 2094 3109 λόγῳ

511 3126 684 3197 τούτῳ
712 3127 809 3178 καὶ
858 3126 937 3187 είς
969 3124 1155 3192 ἕτερον
1204 3123 1588 3194 ἐκπεσούμεθα
1620 3123 1811 3195 λῆρον,
1854 3123 1941 3177 διά
1975 3123 2027 3177 τί
2058 3125 2092 3193 ή

512 3211 658 3262 δεῖνα
687 3210 847 3277 γυνὴ,
871 3208 965 3260 καὶ
991 3206 1066 3277 μὴ
1086 3208 1288 3270 πάντες
1314 3206 1527 3278 ἀνδρες,
1566 3206 1655 3260 διά
1676 3206 1728 3260 τί
1754 3208 1897 3272 ὄνος,
1926 3207 2015 3261 διά
2037 3206 2091 3259 τί

525 3292 674 3363 βοῦς,
696 3292 784 3344 διά
809 3291 859 3344 τί
887 3291 1053 3355 κύων,
1084 3290 1172 3343 διὰ
1196 3290 1249 3343 τί
1277 3289 1440 3353 λύκος
1460 3306 1475 3355 ;
1497 3289 1585 3342 διὰ
1630 3289 1683 3343 τί
1730 3290 1899 3357 λίθος,
1926 3290 2014 3343 διά
2040 3288 2095 3342 τί

517 3376 648 3440 ξύλα
672 3392 686 3439 ;
720 3375 815 3428 καὶ
838 3376 916 3437 είς
936 3374 1160 3443 ἄπειρον
1186 3375 1499 3427 ἐκπεσεῖται
1531 3373 1706 3444 μῆκος
1731 3375 1760 3427 6
1784 3373 1961 3441 λόγος.
1994 3373 2095 3425 Διά

514 3477 596 3513 τοι
622 3458 780 3512 τοῦτο
810 3461 837 3511 6
855 3458 986 3521 Θεὸς
1007 3458 1182 3528 μέτρα
1211 3457 1311 3526 τῆς
1341 3455 1599 3526 γνώσεως
1638 3459 1771 3527 ἡμῖν
1821 3455 2092 3528 ἀφώρισε,

516 3543 611 3595 καὶ
627 3544 684 3594 ἐν
712 3543 781 3612 τῇ
817 3542 975 3610 φύσει
1004 3540 1356 3593 κατεϐάλετο.
1393 3541 1504 3593 Kal
1541 3540 1641 3593 θέα
1686 3557 1778 3611 μοι
1808 3538 1907 3611 τὴν
1931 3540 2096 3593 πολυ-

518 3624 913 3696 πραγμοσύνην
946 3624 1045 3692 τὴν
1067 3623 1287 3693 πολλήν·
1313 3623 1393 3676 ὅτι
1419 3623 1672 3676 τοσοῦτον
1697 3622 1831 3692 ῦψος
1861 3622 2095 3693 ὁρῶντες

515 3709 625 3761 ἀπὸ
649 3709 747 3779 τῆς
779 3708 880 3776 γῆς
917 3708 993 3768 είς
1023 3705 1115 3758 τὸν
1144 3704 1396 3776 οὐρανὸν,
1451 3706 1543 3759 καὶ
1586 3706 1737 3758 οὐδὲν
1769 3706 2091 3777 πάσχοντες,

517 3797 643 3849 ὅταν
673 3796 750 3857 εἰς
770 3793 978 3864 πύργον
1004 3791 1318 3854 ἀνελθόντες
1335 3792 1538 3863 ὑψηλὸν
1569 3791 1889 3862 θελήσωμεν
1920 3810 2093 3847 κατα-

517 3877 706 3930 νεῦσαι
732 3877 880 3929 κάτω
902 3875 1098 3944 μικρὸν
1122 3875 1567 3942 κατακύψαντες,
1592 3875 1804 3942 ἴλιγγός
1839 3892 1923 3938 τις
1948 3877 2094 3946 ἡμᾶς

516 3959 717 4022 εὒθέως
751 3958 844 4011 καὶ
879 3957 1179 4010 σκοτοδινία
1226 3958 1513 4027 λαμϐάνει.
1553 3959 1687 4011 Εἰπέ
1720 3976 1813 4028 μοι
1853 3958 1917 4029 δὴ
1964 3959 2093 4013 τού-

516 4059 611 4096 του
650 4043 746 4113 τὴν
776 4041 976 4094 αἰτίαν·
1009 4040 1124 4093 ἀλλ’
1149 4043 1249 4094 ούκ
1298 4041 1364 4095 ἂν
1410 4040 1614 4112 εῦροιςο
1650 4042 1740 4094 διὰ
1790 4041 1844 4093 τί
1872 4042 2095 4112 μείζονα

515 4127 789 4197 ὀφθαλμὸς
826 4125 939 4196 ἔχει
988 4126 1086 4197 τὴν
1129 4126 1303 4195 ἰσχὺν,
1348 4126 1443 4179 καὶ
1475 4125 1579 4178 ὑπὸ
1611 4124 1718 4179 τῶν
1760 4126 2093 4200 πορρωτέρω

516 4212 810 4281 κατέχεται
833 4226 848 4276 ;

594 4378 655 4424 ε’.
685 4370 798 4423 Kal
824 4369 917 4422 ἐπὶ
938 4366 1040 4438 τῆς
1071 4368 1240 4439 ἀκοῆς
1270 4368 1470 4439 ὁμοίως
1504 4368 1637 4423 αὐτὸ
1667 4369 1767 4422 ῐδοι
1790 4386 1873 4432 τις
1900 4370 1985 4425 ἀν.
2017 4371 2093 4424 O6

524 4450 632 4520 γὰρ
676 4450 742 4502 ἀν
788 4466 869 4513 τις
908 4448 1031 4501 οὔτε
1079 4448 1273 4519 βοῆσαι
1314 4449 1602 4519 δυνήσεται
1646 4447 1922 4513 τοσοῦτον,
1953 4450 2093 4503 ὥστε

520 4532 794 4602 ἐμπλῆσαι
821 4534 913 4585 τὸν
941 4533 1097 4603 ἀέρα,
1137 4534 1261 4587 ὅσον
1297 4532 1586 4603 δυνήσεται
1620 4535 1648 4586 6
1698 4531 1972 4603 ὀφθαλμὸς
1995 4552 2095 4587 κα-

518 4616 759 4683 τασχεῖν,
798 4614 921 4667 οῦτε
950 4614 1177 4668 ἀκοῦσαι
1205 4618 1268 4669 ἐκ
1284 4614 1653 4685 διαστήματος
1682 4615 1960 4670 τοσούτου.
1994 4616 2095 4671 Διά

519 4700 572 4751 τί
609 4699 681 4769 μὴ
723 4700 898 4752 πάντα
927 4698 995 4751 τά
1030 4699 1166 4769 μέλη
1219 4698 1437 4768 ἰσότιμά
1468 4700 1614 4753 ἐστι;
1646 4698 1733 4752 διὰ
1764 4700 1817 4752 τί
1854 4700 1927 4772 μή
1966 4700 2093 4771 μίαν

521 4781 681 4835 ἔλαϐε
711 4783 902 4852 χρείαν
937 4782 1071 4852 μηδέ
1108 4780 1331 4852 χώραν;
1362 4784 1472 4835 Kal
1499 4781 1711 4845 Παῦλος
1732 4782 1906 4837 ταῦτα
1929 4784 2093 4854 ἠρεύ-

520 4876 673 4931 νησε,
707 4860 907 4931 μᾶλλον
954 4861 1009 4913 δὲ
1042 4862 1142 4913 οὐκ
1171 4859 1441 4930 ἠρεύνησε
1473 4861 1656 4929 (σοφὸς
1686 4862 1815 4931 γὰρ)
1844 4903 1857 4925 ,
1884 4858 1953 4933 ἦν
1979 4865 2091 4917 ἀλλ’

519 4940 601 5000 είς
626 4937 783 4991 τοῦτο
802 4937 1060 5005 ἐμπεσὼν
1088 4939 1149 4990 :6
1178 4938 1396 5007 χωρίον,
1436 4939 1620 5007 φησίνο
1666 4939 1967 4993 Ἕκαστον
1994 4946 2097 4996 a6-

519 5019 639 5073 τῶν
666 5019 879 5091 [ἔθετο]
906 5020 1099 5085 καθὼς
1124 5020 1407 5088 ἠθέλησε·
1439 5020 1518 5089 τῷ
1545 5020 1809 5091 θελήματι
1840 5024 2004 5077 αὐτοῦ
2034 5026 2094 5078 :6

521 5103 629 5156 πᾶν
675 5101 996 5172 ἐπέτρεψεν.
1050 5102 1259 5156 Οὐκοῦν
1313 5104 1408 5157 καὶ
1462 5105 1621 5172 ἡμεῖς
1676 5104 1858 5173 ζητεῖν
1921 5107 2094 5162 ταῦτα

519 5183 769 5253 ἀφέντες,
817 5184 976 5253 μόνον
1025 5186 1441 5256 εὐχαριστῶμεν
1484 5187 1625 5258 ὑπὲρ
1672 5188 1960 5241 ἁπάντων·
1994 5190 2094 5244 Διά

517 5261 696 5329 τοῦτο,
757 5265 941 5333 φησὶν,
1002 5265 1376 5335 εύκαριστεῖτε
1425 5267 1567 5337 ὑπὲρ
1618 5265 1765 5340 [HI]
1816 5270 2091 5324 ἁπάντων.

517 5343 688 5397 Τοῦτο
710 5344 1052 5415 εὐγνώμονος
1080 5349 1313 5411 οἰκέτου,
1346 5348 1505 5401 τοῦτο
1540 5349 1726 5419 σοφοῦ,
1749 5350 1907 5403 τοῦτο
1943 5368 2091 5403 συνε-

517 5426 633 5478 τοῦο
662 5430 836 5481 ἐκεῖνο
861 5430 916 5481 66
939 5430 1101 5482 λάλου
1150 5432 1241 5483 καὶ
1288 5430 1458 5501 ἀργοῦ
1503 5432 1596 5484 καὶ
1640 5434 1951 5506 περιέργου.
1982 5436 2093 5506 Οὐχ

518 5510 651 5579 ὁρᾷς
681 5511 738 5561 ἐν
785 5514 897 5574 τοῖς
951 5515 1209 5579 οἰκέταις,
1240 5516 1322 5567 ὅτι
1352 5516 1401 5567 οί
1440 5515 1541 5585 μὲν
1589 5518 1959 5571 κατάπτυστοι
1984 5519 2092 5572 τῶν

519 5592 743 5644 οἰκετῶν
766 5593 1003 5663 ούδαμοῦ
1037 5598 1297 5667 χρήσιμοι
1326 5596 1475 5651 λάλοι
1497 5596 1556 5651 τέ
1584 5601 1689 5651 sic:
1720 5601 1812 5653 καὶ
1843 5601 2089 5673 φλύαροι,

521 5675 613 5726 καὶ
642 5675 709 5727 τά
745 5676 855 5729 τῶν
877 5674 1154 5731 δεσποτῶν
1189 5679 1665 5749 περιεργάζονται,
1706 5683 1848 5753 ἂπερ
1892 5686 2089 5739 ἐκεῖνοι

1188 252 1247 311 S.
1287 249 1579 309 JOANNIS
1613 246 2119 307 CHRYSOSTOMI
2157 245 2492 305 ARCHIEP.
2530 249 3091 310 CONSTANTINOP.

396 420 403 426 .
494 374 619 429 τότε
646 388 728 427 σοι
764 370 1013 442 φανεῖται
1037 370 1071 440 ἠ
1107 369 1271 441 τέχνη
1305 369 1467 441 καλὴ,
1500 371 1593 423 καὶ
1626 371 1779 440 ὅμως
1804 370 1925 424 0666
1976 369 2072 423 οῦ-

3662 265 3766 320 154

2166 366 2455 439 ,κρύπτειν
2483 368 2793 423 ἐθέλουσιν·
2841 372 2891 424 οἱ
2944 373 3003 427 66
3050 376 3263 430 συνετοὶ
3290 377 3386 432 καὶ
3422 378 3767 451 εὐγνώμονες

2183 451 2323 521 πρὸς
2350 451 2408 505 ἓν
2439 453 2601 524 μόνον
2646 454 2872 525 ὁρῶσιν,
2921 458 3071 522 ὅπως
3118 460 3298 515 αὐτῶν
3348 461 3447 533 τὴν
3493 462 3767 518 διακονίαν

2186 535 2509 617 πληρῶσιν;
2547 537 2608 590 '0
2636 538 2807 593 πολλά
2851 540 3224 612 φθεγγόμενος
3266 545 3418 599 οὐδὲν
3449 546 3762 617 ἐργάζεται·

2184 615 2429 707 ῶσπερό
2454 619 2625 707 πολλά
2655 621 3025 707 ἐργαζόμενος
3055 626 3208 679 οὐδὲν
3261 615 3563 707 φθέγγεται
3608 630 3766 685 ἀκαι-

2192 717 2309 784 ρον.
2342 702 2445 756 Διά
2476 703 2636 784 τοῦτο
2656 705 2684 756 6
2707 705 2918 770 Παῦλος
2944 707 3097 777 ἐλεγε
3124 712 3252 780 περὶ
3276 702 3463 782 χηρῶν
3495 714 3723 784 γράφων
3748 731 3764 747 ο

2183 783 2267 835 Οὐ
2300 784 2499 852 μόνον
2524 782 2593 837 δὲ
2606 783 2782 855 ἀργαὶ
2798 787 3246 856 μανθάνουσιν,
3274 792 3438 845 ἀλλὰ
3452 782 3553 846 καί
3571 782 3768 862 φλύα-

2181 882 2304 934 ροι.
2450 888 2453 891 ί

2267 1024 2405 1080 Είπέ
2435 1027 2498 1098 δή
2532 1045 2644 1098 μοι,
2669 1031 2821 1084 ποῖόν
2864 1032 2983 1085 ἐστι
3008 1032 3172 1087 πλέον
3223 1034 3285 1088 τδ
3346 1035 3529 1107 μέσον,
3563 1039 3624 1091 τὸ
3666 1039 3769 1109 τῆς

2187 1110 2465 1183 ήμετέρας
2486 1112 2700 1182 ἡλικίας
2731 1115 2867 1185 πρὸς
2891 1116 2989 1188 τὴν
3002 1117 3111 1170 τῶν
3136 1119 3358 1184 παίδων,
3384 1120 3491 1191 ῆτὸ
3513 1121 3605 1175 τοῦ
3632 1122 3767 1177 Θεοῦ

2188 1195 2329 1264 πρὸς
2358 1194 2457 1265 τὴν
2485 1196 2596 1250 τῶν
2630 1196 2966 1269 ἀνθρώπων;
3000 1201 3062 1253 :6
3093 1201 3364 1273 ἡμέτερον
3399 1204 3537 1276 πρὸς
3581 1206 3769 1259 κώνω-

2190 1277 2380 1347 πας,ἢ
2437 1277 2532 1332 τοῦ
2579 1279 2714 1333 Θεοῦ
2768 1281 2906 1352 πρὸς
2958 1284 3140 1354 ἡμᾶς;
3196 1284 3429 1357 Εὔδηλον
3457 1289 3536 1341 ὅτι
3579 1288 3640 1341 :6
3671 1288 3767 1342 τοῦ

2189 1358 2327 1444 Θεοῦ
2360 1361 2500 1433 πρὸς
2522 1364 2692 1434 ἡμᾶς.
2725 1364 2791 1416 Τί
2831 1361 2926 1418 οὖν
2968 1368 3033 1420 σὺ
3072 1368 3329 1422 τοσοῦτον
3389 1371 3763 1444 περιεργάζῃς

2191 1442 2523 1516 Εύχαρίστει
2553 1446 2693 1517 ὑπὲρ
2745 1449 3023 1505 ἀπάντων.
3073 1451 3139 1503 Τί
3164 1447 3277 1517 οὖν,
3313 1451 3380 1506 ἀν
3418 1454 3612 1524 Ἕλλην
3640 1442 3768 1526 69:;-

2189 1544 2313 1613 ται,
2334 1531 2490 1613 φησὶ,
2514 1531 2630 1595 πῶς
2671 1534 3105 1606 ἀποκρινοῦμαι;
3138 1536 3384 1606 βούλεται
3420 1540 3612 1610 μαθεῖν
3635 1543 3766 1613 παρ’

2191 1611 2349 1682 ἐμοῦ,
2380 1615 2428 1666 εἱ
2460 1612 2573 1668 ἐστι
2606 1617 2854 1688 πρόνοια,
2888 1618 3050 1682 αὐτὸς
3080 1621 3187 1691 γὰρ
3207 1620 3268 1674 οῦ
3297 1640 3461 1692 φησιν
3481 1621 3621 1678 εἷναί
3644 1611 3767 1680 τινα

2190 1697 2287 1749 τὸν
2344 1698 2704 1769 προνοοῦντα.
2763 1703 2972 1757 Οὐκοῦν
3032 1707 3443 1777 μεταστρέψας,
3489 1709 3768 1780 ἐρώτησον

2192 1781 2357 1834 a6:6v
2384 1784 2479 1836 καὶ
2509 1782 2596 1840 σύ.
2647 1785 2789 1839 Ἀλλ’
2819 1785 2881 1839 οῦ
2918 1805 3082 1859 φησιν
3136 1784 3278 1843 εἶναι
3324 1792 3597 1862 πρόνοιαν.
3641 1794 3765 1849 Ὀτι

2196 1866 2296 1934 μέν
2323 1864 2440 1919 ἔστι
2471 1868 2717 1949 πρόνοια,
2766 1869 2826 1934 ἐξ
2859 1863 2935 1924 ὧν
2975 1867 3157 1937 εἴπας,
3203 1873 3378 1945 δῆλον⁹
3432 1877 3513 1930 ὅτι
3545 1878 3602 1932 δέ
3632 1878 3766 1949 ἀλη-

2192 1966 2348 2013 πτος,
2373 1950 2433 2015 ἐξ
2461 1944 2536 2006 ὧν
2563 1954 2663 2024 ούχ
2692 1954 3021 2026 εὑρίσκομεν
3044 1956 3134 2010 τὸν
3161 1944 3337 2027 λόγον.
3374 1960 3437 2014 Εἰ
3467 1961 3575 2033 γάρ
3603 1964 3661 2016 ἐν
3683 1944 3766 2027 οἷς

2191 2034 2485 2089 διοικοῦσιν
2542 2036 2820 2107 ἄνθρωποι
2880 2040 2981 2093 ούκ
3031 2042 3191 2112 ἴσμεν
3245 2042 3336 2095 τὸν
3395 2044 3596 2115 τρόπον
3664 2047 3764 2113 τῆς

2193 2119 2515 2200 διοικήσεως
2544 2120 2830 2186 πολλάκις,
2883 2124 3060 2177 καίτοι
3116 2124 3177 2189 ἐξ
3210 2126 3389 2180 αὐτῶν
3420 2127 3590 2182 πολλὰ
3630 2131 3763 2200 ἡμῖν

2193 2198 2516 2256 εἶναιδοκεῖ
2560 2206 2654 2256 καὶ
2707 2204 2904 2265 ἄτοπα,
2959 2207 3055 2259 καὶ
3104 2210 3560 2281 παραχωροῦμεν,
3612 2198 3765 2281 πόσῳ

2198 2285 2399 2354 μᾶλλον
2428 2286 2520 2338 ἐπὶ
2542 2285 2709 2351 Θεοῦς
2753 2286 2892 2341 Ἀλλ’
2921 2290 3072 2343 ούδέν
3119 2291 3211 2343 ἐπὶ
3256 2291 3389 2345 Θεοῦ
3419 2293 3616 2347 ἀτοπον
3639 2294 3764 2347 οὔτε

2194 2369 2363 2434 ἐστὶν,
2393 2367 2520 2445 οῦτε
2551 2370 2698 2423 δοκεῖ
2728 2373 2841 2435 τοῖς
2899 2376 3132 2437 πιστοῖς.
3190 2374 3281 2427 Διὸ
3323 2376 3464 2448 ὑπὲρ
3506 2377 3764 2433 ἀπάντων

2194 2442 2630 2525 εὐχαριστῶμεν,
2694 2454 2835 2525 ὑπὲρ
2891 2456 3148 2511 ἀπάντων
3199 2442 3509 2530 δοξάζωμεν
3579 2461 3759 2516 αὐτόν.

2205 2535 2729 2605 ’Υποτασσόμενοι
2755 2538 3075 2605 ἀλλήλοις,
3096 2542 3282 2608 φησὶν,
3306 2542 3376 2595 ἐν
3402 2544 3563 2610 φόϐῳ
3591 2543 3759 2598 Θεοῦ.

2194 2617 2259 2670 Εἰ
2288 2617 2397 2689 γάρ
2425 2618 2492 2671 δι’
2521 2618 2760 2689 ἄρχοντα
2795 2620 3092 2693 ὑποτάττῃ,
3122 2623 3154 2691 ἦ
3182 2623 3268 2676 διά
3300 2627 3579 2695 χρήματα,
3622 2626 3654 2696 ἢ
3695 2623 3762 2679 δι’

2198 2701 2354 2761 αἰδὼ,
2383 2701 2563 2772 πολλῷ
2598 2704 2798 2773 μᾶλλον
2837 2704 2924 2757 διά
2950 2706 3040 2758 τὸν
3080 2707 3176 2759 τοῦ
3209 2707 3343 2760 Θεοῦ
3379 2708 3562 2776 φόϐον.
3584 2711 3764 2763 Ἔστω

2193 2786 2439 2849 δουλείας
2460 2788 2552 2840 καὶ
2574 2787 2854 2857 ὑποταγῆς
2887 2789 3172 2853 ἀντίδοσιςο
3200 2790 3339 2844 οῦτω
3355 2792 3464 2863 γάρ
3489 2794 3590 2846 ούκ
3610 2793 3761 2846 ἐσται

2194 2868 2432 2921 δουλεία.
2467 2869 2558 2939 Μὴ
2584 2872 2612 2921 6
2648 2869 2748 2938 μὲν
2776 2872 2834 2923 ἐν
2872 2872 3021 2935 τάξει
3053 2873 3362 2938 καθεζέσθω
3392 2875 3701 2947 ἐλευθέρου,
3732 2878 3763 2929 6

2194 2950 2250 3003 66
2276 2951 2334 3002 6v
2370 2949 2520 3015 τάξει
2550 2950 2761 3015 δούλου,
2798 2952 2935 3006 ἀλλά
2983 2956 3078 3009 xal
3119 2956 3387 3019 δεσπότας
3422 2959 3515 3010 καὶ
3542 2958 3763 3022 δούλους

2194 3034 2441 3105 ἀλλήλοις
2489 3033 2761 3089 δουλεύειν
2812 3036 3055 3106 βέλτιον·
3111 3039 3291 3110 πολλῷ
3339 3040 3548 3110 βέλτιον
3588 3043 3762 3107 οὕτως

2195 3112 2332 3171 εἶναι
2351 3115 2560 3180 δοῦλον,
2587 3116 2620 3186 ἢ
2646 3119 2847 3189 ἑτέρως
2882 3120 3184 3193 ἐλεύθερον.
3206 3125 3315 3176 Kal
3344 3124 3499 3193 δῆλον
3528 3126 3756 3179 ἐκεῖθεν·

2195 3198 2335 3252 ἐστω
2363 3217 2447 3262 τις
2469 3200 2687 3263 οἰκέτας
2723 3202 2860 3273 ἔχων
2884 3204 3096 3264 ἐκατδν,
3134 3205 3226 3258 καὶ
3271 3207 3459 3276 μηδεὶς
3496 3210 3551 3262 ἐν
3580 3208 3761 3272 αὐτοῖς

2193 3284 2533 3337 διακονείτω·
2580 3286 2759 3357 ἕτεροι
2796 3287 2853 3340 δέ
2909 3306 3051 3352 τινες
3101 3289 3342 3343 ἔστωσαν
3373 3292 3563 3345 ἐκατδν
3594 3292 3757 3360 φίλοι,

2194 3366 2443 3438 ἀλλήλοις
2491 3368 2919 3441 διακονούμενοι·
2972 3374 3118 3436 τίνες
3168 3374 3388 3444 ἄμεινον
3440 3375 3758 3445 βιώσονταις

2192 3450 2335 3512 τίνες
2377 3451 2515 3521 μετά
2544 3451 2788 3516 πλείονος
2811 3454 3024 3525 ἡδονῆς,
3058 3455 3198 3525 μετά
3223 3457 3466 3523 πλείονος
3497 3460 3763 3531 εὐφροσύ-

2193 3551 2329 3602 νης;
2358 3535 2472 3587 υύκ
2522 3534 2669 3588 ἐστιν
2726 3538 2842 3589 ἐκεῖ
2882 3537 3041 3608 όργὴ,
3090 3538 3212 3592 0666
3246 3540 3610 3611 παροξυσμὸς,
3638 3543 3760 3597 0666

2195 3618 2395 3687 θυμὸς,
2429 3618 2551 3671 0666
2608 3619 2736 3673 ἄλλο
2782 3620 2890 3675 τῶν
2936 3622 3190 3677 τοιούτων
3234 3624 3419 3677 οὐδέν·
3451 3617 3555 3678 ὦδε
3597 3627 3760 3695 φόϐος

2194 3703 2287 3754 καὶ
2314 3701 2502 3753 δειλία·
2542 3702 2708 3755 κάκεῖ
2746 3704 2845 3773 μὲν
2898 3704 3165 3775 ἀνάγκης,
3204 3707 3437 3760 ἐνταῦθα
3466 3709 3522 3761 66
3570 3727 3757 3780 προαι-

2200 3785 2397 3855 ρέσεως
2421 3783 2483 3836 :6
2509 3787 2641 3837 πᾶν·
2701 3789 2861 3839 κάκεῖ
2890 3788 2986 3858 μὲν
3032 3788 3360 3860 βιαζόμενοι,
3412 3792 3648 3845 ἐνταῦθα
3697 3793 3754 3846 66

2194 3868 2349 3937 χάριν
2370 3867 2582 3937 ἔχοντες
2624 3868 2874 3937 ἀλλήλοις
2924 3870 3281 3925 δουλεύουσιν.
3321 3872 3475 3927 Οῦτω
3507 3874 3756 3944 βούλεται

2193 3949 2221 4000 6
2264 3949 2413 4013 Θεὸς·
2453 3949 2539 4003 διὰ
2564 3950 2720 4004 τοῦτο
2754 3952 2901 4022 ένιψε
2940 3954 3065 4015 τοὺς
3102 3953 3265 4016 πόδας
3315 3954 3424 4008 τῶν
3472 3958 3753 4028 μαθητῶν.

2193 4030 2407 4085 Μᾶλλον
2432 4032 2510 4096 66,
2536 4035 2584 4086 εἰ
2612 4034 2785 4097 θέλεις
2815 4035 3059 4103 ἀκριϐῶς
3093 4036 3365 4102 ἐξετάσαι,
3403 4040 3496 4093 καὶ
3552 4041 3643 4093 ἐπὶ
3671 4042 3755 4094 δε-

2195 4114 2405 4169 σποτῶν
2428 4117 2692 4181 ἀντίδοσίς
2719 4120 2833 4171 ἐστι
2876 4119 3136 4183 δουλείας.
3171 4119 3237 4174 Τί
3276 4122 3406 4192 γὰρ,
3437 4124 3484 4175 εί
3515 4126 3543 4176 6
3585 4124 3753 4194 τῦφος

2192 4199 2294 4251 ούκ
2320 4199 2513 4268 ἀφίησι
2548 4202 2779 4271 φανῆναι
2803 4202 2900 4273 τὴν
2926 4203 3226 4270 ἀντίδοσιν;
3258 4205 3428 4259 Ὅταν
3458 4207 3568 4276 γάρ
3601 4204 3753 4271 οὗτος

2206 4283 2306 4353 μὲν
2357 4284 2456 4353 τὴν
2510 4287 2826 4355 σωματικὴν
2880 4286 3154 4341 διακονίαν
3206 4290 3455 4361 παρέχῃ,
3500 4294 3564 4345 σὺ
3602 4292 3657 4345 δὲ
3696 4291 3755 4347 τὸ

2195 4366 2354 4435 σῶμα
2385 4366 2610 4438 τρέφῃς,
2648 4369 2743 4421 καὶ
2769 4368 3076 4443 θεραπεύῃς
3097 4372 3191 4425 xal
3232 4376 3459 4444 τροφαῖς
3488 4376 3580 4429 καὶ⁸
3608 4375 3755 4429 ἐνδύ⁸

2197 4465 2328 4519 μασι
2349 4449 2444 4501 κα)⁸
2468 4450 2632 4522 ύποδή
2642 4468 2795 4521 μασι,
2844 4454 2937 4506 καὶ
2964 4446 3116 4519 06:0;
3133 4456 3373 4520 δουλείας
3399 4458 3516 4512 ἐστὶ
3535 4460 3754 4531 τρόπος⁸

2193 4533 2274 4585 ὅτι
2302 4531 2397 4585 ἐὰν
2421 4532 2494 4604 μὴ
2525 4534 2770 4608 παρέχῃς
2794 4537 2887 4590 καὶ
2914 4538 2977 4590 σὺ
3010 4540 3110 4610 τὴν
3139 4540 3236 4611 σὴν
3257 4539 3429 4613 μω,
3459 4542 3755 4611 διακονίαν,

2194 4615 2314 4667 0666
2356 4616 2558 4681 ἐκεῖνος
2601 4618 2699 4689 τὴν
2744 4620 2957 4685 ἐαυτοῦ,
3007 4622 3121 4676 ἀλλ’
3149 4624 3301 4677 ἔσται
3325 4625 3624 4696 ἐλεύθερος,
3662 4629 3757 4682 xal

2193 4700 2365 4763 066sl;
2414 4701 2577 4754 a6:6v
2622 4703 2923 4773 ἀναγκάσει
2958 4707 3122 4777 νόμος
3146 4709 3239 4762 καὶ
3287 4710 3363 4780 μὴ
3418 4713 3755 4781 τρεφόμενον

2193 4783 2350 4836 τοῦτο
2378 4788 2570 4839 ποιεῖν.
2597 4786 2657 4839 Εἰ
2685 4788 2863 4841 τοίνυν
2891 4790 2986 4842 καὶ
3007 4792 3098 4843 ἐπὶ
3123 4790 3324 4845 δούλων
3352 4791 3507 4845 τοῦτό
3527 4794 3665 4854 ἐστι,
3694 4788 3748 4846 τί

2194 4866 2411 4931 ἄτοπον,
2438 4867 2533 4920 ἐὰν
2566 4870 2659 4922 καὶ
2688 4870 2781 4923 ἐπὶ
2808 4871 3108 4942 ἐλευθέρων
3155 4874 3311 4928 τοῦτο
3359 4876 3615 4945 γίνηται;
3660 4875 3756 4928 Ἐν

2193 4951 2374 5017 φόϐῳ,
2419 4951 2572 5020 φησὶ,
2636 4954 2894 5021 Χριστοῦ
2946 4959 3455 5025 ὑποτασσόμενοι.
3525 4960 3669 5029 Πόση
3718 4962 3752 5030 ἡ

2193 5034 2373 5103 χάρις,
2412 5033 2539 5085 ὅταν
2599 5036 2694 5088 καὶ
2733 5037 2923 5105 μισθὸν
2954 5038 3193 5108 ἕχωμενς
3240 5040 3377 5092 Ἀλλ’
3404 5040 3465 5093 06
3508 5040 3755 5111 βούλεταί

2195 5132 2278 5167 σοι
2330 5115 2697 5185 ὐποταγῆναις
2738 5119 2898 5171 Ἀλλά
2938 5120 3003 5172 σὺ
3059 5122 3378 5193 ύποτάγηθι·
3432 5124 3507 5194 μὴ
3571 5123 3755 5186 ἀπλῶς

2194 5197 2529 5270 ύπακούσῃς,
2550 5199 2663 5253 ἀλλ’
2685 5202 3007 5272 ύποτάγηθι·
3032 5204 3106 5268 ώς
3122 5205 3259 5277 πρὸς
3285 5206 3549 5269 δεσπότας
3579 5208 3755 5262 ἀπανα-

2191 5298 2311 5344 τας,
2335 5280 2475 5333 οὕτω
2495 5282 2755 5337 διάκεισο·
2796 5286 2938 5340 οὕτω
2968 5289 3075 5359 γὰρ
3107 5290 3306 5352 αὐτοὺς
3355 5289 3573 5355 δούλους
3613 5290 3756 5357 ἕξεις

2191 5364 2400 5433 ταχέως
2460 5367 2526 5436 τῇ
2579 5370 3023 5440 τυραννικωτάτῃ
3079 5372 3178 5440 τῆς
3231 5370 3473 5436 δουλείας
3527 5374 3755 5444 δυνάμει

2192 5445 2641 5515 δεδουλωμένους.
2685 5451 2899 5504 Μᾶλλον
2945 5453 3053 5524 γὰρ
3096 5453 3293 5515 αὐτοὺς
3324 5456 3595 5525 αἱρήσεις,
3626 5458 3755 5511 ὅταν

2192 5527 2401 5592 οὐδενὸς
2428 5530 2534 5582 τῶν
2563 5533 2694 5603 παρ’
2726 5535 2905 5587 αὐτῶν
2934 5536 3233 5605 τυγχάνων,
3289 5538 3449 5601 αὐτὸς
3497 5538 3563 5591 τά
3607 5542 3756 5609 παρὰ

2196 5612 2389 5665 σαυτοῦ
2419 5614 2682 5687 παρέχῃς.
2710 5618 2878 5670 Τοῦτό
2904 5620 3070 5686 ἐστιν,
3101 5620 3612 5692 ’Υποτασσόμενοι
3646 5620 3756 5677 ἀλ·-

2196 5693 2403 5763 λήλοις
2427 5697 2495 5751 ὲν
2514 5698 2675 5767 φόϐῳ
2690 5701 2966 5768 Χριστοῦ,
2989 5701 3076 5758 ἵνα
3098 5702 3311 5760 πάντων
3340 5706 3632 5776 κρατῶμεν
3651 5707 3756 5761 τῶν
