4100 6412
388 349 489 405 155

378 462 505 535 quid
538 461 639 517 sibi
679 458 866 515 volunt
890 458 996 514 illa:
1030 458 1220 523 lineae,
1260 468 1315 512 ct
1342 472 1524 512 earum
1552 454 1963 511 circumductio-

380 556 520 611 nes?
546 554 652 610 Sed
686 554 730 608 si
769 550 1085 619 imposuerit
1113 550 1347 615 calores,
1374 559 1498 603 tunc
1529 548 1619 601 tibi
1652 547 1859 601 videtur
1880 560 1968 599 ars

384 647 609 717 pulchra
641 662 655 698 :
701 655 756 698 et
798 659 867 698 ne
911 644 991 698 sic
1022 642 1237 711 quidem
1272 641 1471 710 poteris
1506 649 1690 693 exacte
1734 638 1963 691 discere.

380 739 519 803 Quid
552 748 731 791 autem
761 734 885 789 dico
911 734 978 787 de
1000 733 1185 797 fabris,
1216 732 1284 785 de
1315 730 1627 799 pictoribus,
1660 740 1713 783 et
1741 742 1965 782 conser-

382 828 501 882 vis?
522 827 651 897 Apis
672 825 939 896 quomodo
970 823 1094 878 facit
1120 823 1294 889 favos,
1312 821 1419 887 die,
1438 833 1591 889 rogo,
1607 828 1796 873 ettunc
1822 818 1967 872 dices

381 922 450 976 de
482 921 607 975 Deo.
639 919 1013 973 Formicarum
1044 915 1189 969 disce
1224 914 1628 983 operationem,
1659 927 1871 964 aranea:
1915 920 1970 963 et

384 1013 706 1075 hirundinis,
752 1020 804 1065 et
834 1019 961 1064 tunc
984 1008 1131 1063 dices
1160 1006 1227 1061 de
1253 1008 1381 1060 Deo.
1413 1005 1468 1060 Si
1491 1006 1704 1074 sapiens
1725 1005 1820 1066 sis,
1853 1002 1968 1056 haec

383 1098 513 1154 mihi
540 1099 726 1161 dicas;
753 1097 847 1151 sed
875 1112 981 1150 rion
1008 1105 1182 1167 potes.
1212 1094 1328 1149 Non
1352 1094 1587 1147 cessabis
1614 1108 1760 1163 ergo,
1795 1111 1826 1141 υ
1867 1092 1966 1145 bo-

382 1207 492 1257 mo,
522 1205 764 1261 quaerere
786 1188 1223 1258 supervacanea?
1254 1196 1376 1240 sunt
1400 1186 1542 1240 enim
1570 1201 1755 1239 revera
1777 1199 1967 1251 super-

382 1298 613 1337 vacanea
648 1301 660 1336 :
691 1297 795 1335 non
845 1280 1085 1335 cessabis
1132 1284 1343 1332 curiose
1383 1276 1651 1331 scrutari?
1692 1275 1834 1329 Nihil
1886 1284 1968 1328 est

384 1379 484 1431 hac
510 1375 844 1446 ignoratione
875 1384 928 1428 et
959 1372 1227 1443 imperitia
1271 1370 1567 1440 sapientius
1587 1410 1602 1435 ,
1649 1369 1701 1422 in
1744 1383 1847 1437 qua
1878 1367 1969 1436 qui

384 1468 700 1536 proﬁtentur
732 1466 947 1536 quidem
980 1480 1038 1518 se
1082 1462 1214 1516 nihil
1246 1462 1385 1515 scire
1408 1499 1425 1526 ,
1458 1471 1583 1514 sunt
1608 1460 1845 1513 omnium
1877 1474 1965 1513 sa-

385 1557 734 1629 pientissimi;
763 1558 853 1626 qui
882 1566 1061 1611 autem
1096 1555 1306 1607 curiose
1332 1561 1661 1613 scrutantur,
1702 1558 1828 1604 sunt
1853 1564 1969 1603 om-

384 1652 532 1706 nium
571 1651 947 1706 amentissimi.
980 1649 1156 1717 Quare
1207 1647 1442 1717 proﬁteri
1482 1662 1541 1701 se
1568 1646 1709 1699 scire
1742 1660 1844 1697 non
1886 1652 1967 1697 est

384 1760 595 1814 semper
615 1744 908 1813 sapientiae,
934 1741 1027 1796 sed
1057 1750 1138 1795 est
1161 1741 1320 1793 etiam
1343 1738 1533 1793 alicubi
1555 1738 1811 1791 stultitim.
1835 1735 1989 1801 Nam,

382 1834 471 1889 dic
501 1835 663 1899 mihi,
704 1835 749 1887 si
780 1849 841 1887 ex
884 1834 1091 1885 duobus
1129 1830 1432 1885 hominibus
1470 1830 1605 1883 alter
1634 1828 1968 1897 profiteretur

384 1942 443 1980 se
465 1941 769 1981 mensarum
804 1941 1007 1988 acrem,
1041 1924 1128 1994 qui
1161 1937 1192 1977 a
1223 1933 1363 1977 terra
1396 1921 1637 1990 pervadit
1661 1920 1726 1974 ad
1754 1921 1964 1988 cazlum,

383 2020 621 2074 extensis
665 2018 913 2079 funibus.
975 2018 1111 2072 alter
1155 2025 1330 2069 autem
1381 2014 1606 2069 irridens
1659 2014 1861 2068 diceret
1909 2028 1967 2068 se

386 2111 625 2175 nescire,
658 2109 1384 2181 ψιειιῌμιεξευ,γωοὺὶηιιιε’ἶ
1408 2123 1603 2161 emnne
1634 2107 1721 2176 qui
1752 2107 1880 2161 dicit
1908 2121 1967 2160 se

385 2204 557 2268 scire,
589 2217 654 2257 an
694 2219 816 2257 eum
862 2203 950 2271 qui
1001 2202 1244 2270 ignorat?
1294 2201 1391 2255 Est
1442 2201 1777 2270 perspicuum
1824 2200 1965 2269 quod

385 2313 505 2353 eum
528 2298 617 2367 qui
639 2296 768 2351 dicit
792 2311 850 2349 se
872 2298 1030 2349 scire.
1050 2295 1148 2362 Qui
1167 2309 1295 2364 ergo
1319 2295 1546 2364 ignorat,
1572 2302 1656 2349 est
1674 2293 1967 2362 sapientior

382 2405 448 2444 eo
475 2390 561 2457 qui
586 2388 859 2457 professus
874 2395 956 2440 est
975 2400 1035 2441 se
1060 2386 1219 2439 scire.
1242 2385 1377 2452 Quid
1406 2400 1609 2450 rursus,
1639 2385 1681 2439 si
1702 2385 1963 2455 quiSpiam

385 2478 729 2550 proﬁteretur
759 2493 818 2532 se
844 2477 983 2531 scire
1004 2487 1136 2547 quot
1162 2478 1384 2548 cyathos
1413 2477 1605 2530 habeat
1633 2490 1802 2540 mare,
1830 2475 1966 2529 alius

385 2581 558 2624 autent
585 2585 643 2623 se
672 2570 937 2638 ignorare,
975 2584 1078 2622 non
1112 2584 1295 2622 rursus
1342 2569 1601 2638 ignoratio
1631 2570 1713 2622 est
1751 2569 1964 2637 sapien-

385 2663 486 2715 tior
545 2661 883 2729 cognitione?
925 2660 1152 2715 Maxime
1202 2675 1216 2715 ε
1260 2660 1465 2730 quare?
1518 2660 1964 2731 Quandoquidem

385 2756 471 2809 illa
501 2770 713 2825 quoque
740 2754 1007 2824 ignoratio
1034 2761 1116 2809 est
1145 2753 1374 2809 intensa.
1408 2753 1541 2808 Nam
1572 2754 1661 2824 qui
1690 2754 1819 2810 dicit
1843 2754 1964 2824 qui-

383 2846 503 2901 dem
551 2862 609 2902 se
660 2845 893 2913 nescire,
946 2846 1047 2900 scit
1086 2855 1289 2915 partem
1336 2846 1588 2916 aliquam.
1637 2845 1964 2911 Quamnam?

381 2938 531 3006 Quod
556 2938 757 2993 homini
799 2939 867 2992 sit
908 2937 1451 3006 incomprehensibile
1484 2955 1496 2989 :
1538 2954 1642 2990 non
1691 2938 1831 2991 enim
1861 2936 1964 2991 hoc

385 3045 631 3099 parvum.
660 3030 759 3095 Qui
782 3039 958 3083 autem
991 3043 1048 3082 se
1072 3029 1201 3083 dicit
1230 3029 1389 3093 seire,
1427 3029 1511 3082 ille
1536 3029 1764 3083 maxime
1795 3029 1964 3083 nescit

381 3120 521 3189 quod
548 3135 606 3175 se
627 3120 755 3173 dicit
782 3120 951 3184 seire;
982 3129 1031 3172 et
1066 3128 1281 3189 pr0pter
1315 3120 1414 3174 hoc
1439 3121 1611 3189 ipsum
1652 3129 1734 3173 est
1763 3120 1960 3175 ridicu-

381 3211 481 3265 lus.
512 3212 607 3265 Hei
632 3212 796 3265 mihi!
828 3227 984 3281 quam
1020 3211 1200 3265 multis
1230 3210 1506 3265 erudimur
1534 3214 1963 3281 intempestivam

382 3302 656 3358 refrenare
696 3304 1060 3357 curiositatem
1084 3314 1144 3356 et
1170 3318 1625 3373 supervacaneam
1670 3305 1964 3375 indagatio-

382 3408 525 3459 nem,
578 3408 674 3447 nec
725 3394 1087 3458 sustinemus;
1135 3394 1227 3447 sed
1274 3395 1435 3448 vitam
1481 3395 1707 3448 aliorum
1754 3396 1965 3450 curiose

382 3485 726 3554 indagamus,
767 3498 862 3539 cur
905 3484 992 3539 hic
1041 3500 1237 3551 caseus,
1278 3476 1368 3541 ille
1417 3501 1543 3539 vero
1592 3501 1811 3556 pauper.
1856 3486 1964 3540 llac

382 3578 540 3646 igitur
560 3577 766 3631 ratione
790 3577 841 3629 in
870 3577 1001 3631 alias
1023 3580 1185 3631 etiam
1208 3592 1374 3646 nugas
1396 3577 1709 3641 incideums,
1732 3593 1829 3632 cur
1852 3577 1965 3632 lucc

383 3670 453 3723 sit
473 3669 696 3736 femina,
736 3679 790 3724 et
820 3686 923 3723 non
956 3685 1144 3725 omnes
1174 3670 1294 3737 viri,
1325 3685 1421 3724 cur
1451 3671 1649 3735 asinus,
1694 3686 1790 3725 cur
1830 3671 1959 3737 bos,

381 3776 480 3816 cur
506 3761 673 3828 canis,
697 3776 793 3816 cur
819 3761 994 3832 lupus,
1016 3778 1112 3817 cur
1133 3762 1285 3832 lapis.
1316 3779 1411 3817 cur
1433 3763 1594 3834 ligna,
1619 3772 1673 3817 et
1693 3764 1757 3817 ad
1788 3764 1965 3818 inlini-

384 3862 488 3907 tam
520 3853 875 3922 prolixitatem
906 3853 1116 3908 decidet
1141 3856 1334 3910 oratio.
1370 3855 1657 3926 Propterea
1688 3855 1832 3911 Deus
1863 3871 1961 3911 no-

382 3945 465 3999 bis
495 3946 750 4001 terminos
782 3946 1103 4015 cognitionis
1132 3946 1434 4011 constituit,
1468 3959 1519 4001 et
1550 3948 1602 4001 in
1634 3957 1818 4001 natura
1844 3947 1965 4002 fun-

382 4038 543 4091 davit.
562 4037 939 4107 Contemplare
963 4048 1140 4091 autem
1167 4037 1292 4090 mihi
1325 4039 1544 4092 multam
1574 4037 1961 4103 curiositatem,

380 4130 521 4198 quod
558 4130 799 4186 videntes
827 4141 1025 4185 tantam
1054 4146 1082 4184 a
1114 4141 1251 4186 terra
1281 4131 1344 4186 ad
1374 4132 1562 4186 caelum
1608 4131 1961 4198 altitudinem,

383 4226 600 4279 minime
616 4226 875 4280 afficimm'
892 4240 989 4280 nec
1003 4240 1279 4280 movemur
1304 4239 1317 4279 :
1334 4225 1548 4295 quando
1572 4224 1677 4278 alta
1698 4225 1828 4279 turri
1845 4240 1965 4278 con-

382 4331 566 4372 scensa
598 4320 920 4373 voluerimus
936 4318 1186 4373 deorsum
1202 4319 1462 4388 aspicere,
1484 4319 1526 4372 si
1553 4332 1735 4386 parum
1765 4332 1862 4371 nos
1883 4317 1966 4369 in-

380 4410 771 4476 clinaveriuuts,
786 4411 962 4481 gravis
981 4426 1077 4464 nos
1095 4411 1294 4464 invadit
1312 4411 1513 4480 vertigo
1526 4421 1579 4464 et
1602 4410 1852 4465 tenebrae.
1872 4409 1964 4465 Dic

383 4500 511 4553 mihi
531 4500 688 4571 hujus
702 4502 779 4555 rei
792 4516 1029 4565 causam,
1049 4502 1140 4556 sed
1159 4517 1260 4555 non
1280 4502 1565 4566 inveneris,
1594 4518 1691 4556 cur
1708 4502 1963 4571 majorem

381 4589 873 4657 vimhabetoeulus,
887 4592 1292 4648 etdetinetnrab
1313 4593 1375 4646 iis
1388 4609 1503 4662 quze
1516 4601 1638 4646 sunt
1652 4592 1960 4647 remotiora.

451 4684 504 4736 5.
537 4682 600 4737 Et
624 4678 677 4737 id
702 4684 952 4739 similiter
981 4684 1178 4739 videris
1219 4687 1267 4738 in
1310 4686 1516 4741 auditu.
1563 4686 1678 4742 Non
1728 4686 1964 4757 potuerit

379 4775 521 4829 enim
543 4775 806 4845 quispiam
840 4785 1043 4830 tantum
1094 4777 1328 4831 clamare
1374 4787 1432 4829 ut
1485 4778 1701 4847 impleat
1743 4792 1960 4840 acrem,

380 4876 632 4934 quantum
661 4864 856 4934 poterit
884 4865 1348 4933 comprehendere
1374 4867 1561 4921 oculus
1585 4907 1600 4932 ,
1652 4881 1825 4936 neque
1864 4881 1961 4920 au-

379 4956 495 5009 dire
532 4971 597 5011 ex
644 4966 790 5011 tanto
836 4956 1140 5011 intervallo.
1194 4956 1300 5011 Cur
1341 4975 1444 5014 non
1496 4959 1675 5012 omnia
1723 4959 1961 5014 membra

378 5056 505 5103 sunt
533 5049 738 5104 honore
769 5050 953 5117 paria?
982 5064 1079 5103 cur
1103 5065 1206 5104 non
1237 5067 1401 5104 unum
1432 5062 1754 5121 acceperunt
1780 5056 1957 5116 usam,

379 5153 478 5193 nec
521 5139 739 5194 locum?
769 5141 962 5195 Paulus
1010 5157 1221 5211 quoque
1252 5142 1352 5197 hoc
1386 5154 1469 5198 est
1513 5154 1816 5207 scrutatus,
1852 5144 1959 5199 imo

378 5244 507 5283 vero
536 5245 640 5283 non
668 5240 753 5284 est
779 5241 1081 5296 scrutatus,
1114 5242 1232 5286 erat
1259 5234 1404 5287 enim
1431 5235 1646 5304 sapiens
1670 5277 1685 5302 ,
1716 5235 1810 5288 sed
1839 5250 1961 5290 cum

379 5320 431 5374 in
478 5321 619 5375 hunc
659 5321 830 5376 locum
863 5322 1167 5387 incidisset,
1205 5324 1374 5378 dicit:
1408 5324 1843 5396 Unumquodque,
1882 5327 1963 5381 in-

377 5412 521 5481 quit,
553 5428 725 5465 eorum
757 5414 923 5479 posuit
949 5414 1078 5467 sicut
1104 5413 1261 5468 voluit
1291 5414 1384 5487 (1.
1408 5414 1527 5470 Cor.
1562 5417 1649 5471 12.
1685 5418 1790 5488 18)
1822 5433 1955 5473 :vo-

378 5500 569 5554 luntati
596 5501 710 5572 ejus
740 5512 907 5557 totum
941 5504 1228 5558 commisit.
1271 5504 1363 5559 llis
1394 5521 1521 5576 ergo
1553 5509 1730 5561 missis
1760 5509 1959 5578 gratias

380 5597 550 5652 solum
577 5613 798 5669 agamus
824 5615 920 5668 pro
968 5598 1218 5654 omnibus
1252 5618 1265 5653 :
1297 5600 1420 5654 Ideo
1440 5643 1455 5668 ,
1509 5602 1709 5673 inquit,
1756 5604 1957 5672 gratias

381 5688 517 5755 agite
546 5704 642 5758 pro
667 5690 935 5744 omnibus.
972 5689 1084 5745 Hoc
1110 5701 1191 5746 est
1210 5692 1346 5762 grati
1377 5690 1580 5759 famuli,
1615 5692 1718 5748 hoc
1744 5694 1958 5764 sapien-

382 5781 471 5848 tis,
504 5780 602 5836 hoc
633 5781 1007 5849 intclligeotis;
1056 5782 1185 5838 illud
1232 5784 1505 5852 loquacis,
1552 5766 1707 5841 otiosi
1757 5794 1811 5841 et
1859 5801 1953 5841 cu-

710 5899 979 5965 ΡΑτιιοι..
1026 5902 1143 5963 Gn.
1194 5903 1383 5965 LXII.

1234 344 1299 401 lN
1338 344 1551 403 EPIST.
1593 347 1684 401 AD
1722 342 1963 401 EPllES.
2003 341 2159 399 CAP.
2207 341 2265 394 V.
2307 339 2536 395 llOMlL.
2578 341 2721 397 XIX.
3554 344 3650 399 εει

2075 452 2225 507 riosi.
2274 450 2389 507 Non
2420 451 2570 509 vides
2596 456 2734 509 inter
2759 453 2989 510 famulos
3013 496 3027 522 ,
3057 456 3199 525 quod
3228 456 3318 526 qui
3367 466 3489 511 sunt
3530 460 3651 528 qui-

2082 542 2202 595 dem
2230 542 2423 612 abjecti
2445 554 2500 598 et
2523 545 2681 615 plane
2709 546 3001 616 despuendi
3026 588 3041 610 ,
3072 556 3127 601 et
3167 547 3235 602 ad
3285 549 3415 602 nihil
3468 549 3651 616 utiles,

2073 646 2199 690 sunt
2228 636 2478 705 loquaces
2501 644 2556 692 et
2578 648 2885 708 nugatores,
2909 649 2963 695 et
3003 642 3217 696 curiose
3252 641 3525 711 inquirunt
3569 660 3652 699 res

2073 726 2412 781 dominorum
2436 768 2451 792 ,
2491 744 2623 797 quas
2665 729 2739 784 illi
2770 731 2953 785 volunt
2978 732 3160 787 celare
3193 750 3206 785 :
3244 733 3513 801 sapientes
3556 749 3650 788 au-

2075 826 2201 882 tem,
2232 819 2366 888 grati
2397 828 2451 873 et
2477 817 2748 885 benevoli,
2776 835 2937 874 unum
2965 822 3137 876 solum
3158 831 3407 891 spectant
3434 832 3653 878 utsumn

2074 910 2428 965 ministerium
2461 912 2883 980 impleant?Qui
2927 916 3151 969 multum
3198 916 3464 987 loquitur,
3522 917 3654 972 nihil

2072 1014 2328 1072 Operatur
2360 1026 2373 1060 :
2402 1005 2543 1060 sicut
2572 1008 2663 1076 qui
2691 1009 2917 1062 multum
2945 1020 3217 1079 operatur,
3249 1010 3385 1065 nihil
3418 1012 3652 1082 loquitur

2076 1092 2529 1163 intempestivum.
2568 1096 2854 1167 Propterea
2880 1099 3091 1154 dicebat
3122 1101 3318 1155 Paulus
3342 1103 3569 1172 loquens
3594 1104 3653 1159 de

2073 1188 2244 1241 viduis
2277 1207 2290 1243 :
2321 1189 2445 1244 Non
2474 1191 2637 1245 solum
2658 1194 2829 1248 otiosae
2859 1196 3057 1249 discunt
3089 1194 3111 1270 ἶ
3132 1197 3319 1254 domos
3344 1200 3573 1256 circuire
3594 1199 3616 1273 j

2074 1280 2162 1332 sed
2187 1282 2339 1334 etiam
2367 1282 2585 1337 verbosa:
2608 1295 2655 1339 et
2689 1303 2906 1357 nugaces
2933 1286 3008 1360 ('l.
3036 1288 3170 1342 Tim.
3196 1290 3250 1345 5.
3282 1292 3350 1346 15

2146 1370 2332 1425 Divina
2358 1390 2459 1427 non
2500 1374 2626 1429 adeo
2651 1378 2902 1431 incuriose
2934 1379 3250 1450 indaganda.
3281 1411 3352 1423 —
3385 1382 3476 1436 Dic
3504 1382 3652 1440 mihi.

2073 1462 2199 1530 quid
2228 1464 2349 1532 plus
2382 1465 2603 1520 interest
2630 1468 2769 1522 inter
2800 1479 3037 1524 nostram
3081 1480 3293 1526 aetatem
3350 1483 3406 1528 et
3444 1482 3657 1528 mtatem

2076 1571 2385 1624 puerorum,
2418 1574 2484 1612 an
2515 1561 2654 1614 inter
2682 1562 2847 1617 Deum
2885 1572 2939 1617 et
2967 1563 3250 1618 homines?
3279 1565 3421 1620 inter
3469 1581 3568 1621 nos
3606 1578 3658 1621 et

2072 1646 2293 1711 culices,
2319 1663 2385 1701 an
2414 1650 2552 1703 inter
2584 1652 2750 1706 Deum
2778 1663 2833 1706 et
2864 1654 3000 1707 nos?
3033 1654 3253 1708 Planum
3280 1665 3382 1721 est,
3416 1657 3535 1726 plus
3571 1659 3654 1711 in-

2073 1752 2276 1793 teresse
2315 1740 2453 1794 inter
2484 1742 2645 1795 Deum
2674 1751 2729 1796 et
2756 1759 2876 1801 nos.
2906 1745 3011 1798 Cur
3040 1760 3169 1815 ergo
3197 1756 3250 1799 tu
3291 1762 3350 1801 es
3388 1749 3525 1803 adeo
3559 1763 3661 1803 cu-

2073 1832 2283 1885 riosus?
2307 1833 2519 1888 Gratias
2539 1851 2636 1905 age
2664 1851 2759 1904 pro
2790 1837 3058 1892 munibus.
3085 1839 3220 1906 Quid
3254 1855 3381 1894 vero
3403 1881 3419 1906 ,
3451 1842 3620 1909 inquit
3640 1884 3653 1901 .

2072 1921 2115 1974 si
2144 1937 2227 1975 me
2251 1923 2543 1994 interroget
2564 1924 2783 1981 Graccus
2802 1968 2815 1987 ,
2842 1927 2965 1995 quid
3000 1928 3376 1996 respondebo?
3423 1932 3533 1984 vult
3588 1946 3651 1984 ex

2070 2028 2157 2066 me
2182 2013 2321 2068 scire
2342 2032 2408 2067 an
2439 2020 2508 2068 sit
2532 2017 2910 2087 providentia:
2948 2020 3059 2087 ipse
3105 2021 3248 2073 enim
3289 2021 3418 2074 dicit
3451 2022 3650 2076 nullum

2070 2121 2191 2160 esse
2216 2107 2304 2177 qui
2333 2106 2629 2175 provideat.
2659 2108 2738 2163 Tu
2761 2125 2891 2179 ergo
2911 2126 3032 2165 eum
3064 2120 3247 2166 contra
3274 2114 3562 2184 interroga.
3587 2119 3654 2169 At

2069 2197 2199 2251 dicit
2221 2216 2327 2253 non
2347 2215 2466 2254 esse
2489 2201 2898 2269 providentiam.
2928 2204 3078 2270 Quod
3119 2206 3188 2259 sit
3234 2207 3447 2276 quidem
3480 2210 3655 2278 provi-

2069 2289 2270 2352 dentia,
2295 2306 2361 2345 ex
2395 2292 2459 2345 iis
2484 2308 2601 2360 quae
2630 2292 2810 2348 dixisti
2839 2305 2921 2348 est
2950 2297 3290 2366 perspicuum
3319 2314 3333 2362 ;
3368 2300 3512 2369 quod
3555 2317 3652 2354 au-

2071 2388 2176 2433 tem
2206 2396 2311 2433 non
2346 2383 2515 2449 possit
2548 2384 2967 2452 comprehendi,
3000 2402 3066 2439 ex
3092 2404 3157 2441 eo
3182 2389 3324 2458 quod
3361 2407 3466 2444 non
3509 2392 3652 2445 inve-

2069 2471 2278 2524 niamus
2307 2472 2589 2527 rationem.
2636 2474 2768 2528 Nam
2808 2476 2853 2530 si
2896 2476 2947 2530 in
2999 2477 3066 2532 iis
3116 2494 3237 2549 quae
3279 2480 3654 2539 administrant

2070 2561 2351 2633 homines,
2399 2565 2665 2621 nescimus
2699 2581 2843 2637 saape
2886 2569 3105 2625 modum
3152 2571 3651 2642 administrationis,

2070 2669 2391 2722 quamquam
2424 2655 2591 2710 multa
2621 2672 2686 2711 ex
2718 2657 2784 2711 iis
2808 2657 2963 2713 nobis
2986 2660 3235 2716 videntur
3258 2678 3378 2717 esse
3399 2665 3651 2733 absurda,

2066 2756 2125 2800 et
2152 2747 2392 2801 cedimus
2420 2766 2433 2801 :
2476 2758 2677 2817 quanto
2710 2751 2878 2821 magis
2908 2753 2961 2805 in
2993 2753 3144 2807 Deo?
3164 2754 3268 2809 Sed
3298 2757 3347 2809 in
3386 2757 3493 2811 Deo
3519 2758 3653 2812 nihil

2066 2850 2151 2893 est
2175 2839 2465 2894 absurdum
2487 2884 2501 2904 ,
2526 2857 2699 2912 neque
2733 2844 2942 2899 videtur
2982 2860 3105 2900 esse
3147 2847 3409 2902 lidelibus.
3439 2850 3506 2904 Et
3532 2851 3652 2906 ideo

2071 2948 2167 3002 pro
2188 2934 2439 2988 omnibus
2465 2936 2666 3004 gratias
2690 2952 2909 3006 agamus
2930 2980 2945 3003 ,
2982 2954 3079 3009 pro
3105 2941 3352 2995 omnibus
3380 2958 3502 2997 eum
3534 2944 3651 3014 glo-

2068 3024 2357 3080 riﬁcamus.
2382 3028 2632 3097 Subjecti,
2668 3029 2860 3099 inquit,
2891 3032 3101 3087 invicem
3122 3034 3173 3088 in
3218 3036 3396 3090 timore
3439 3036 3557 3091 Dei.
3596 3039 3651 3092 Si

2067 3118 2208 3171 enim
2234 3128 2451 3187 propter
2475 3122 2840 3190 magistratum
2870 3123 3183 3192 subjiceris,
3229 3138 3449 3197 propter
3493 3145 3651 3199 pecu.

2068 3212 2206 3277 nias,
2231 3224 2318 3266 aut
2344 3223 2559 3283 propter
2581 3214 2838 3283 pudorem
2866 3258 2881 3279 ,
2920 3218 3090 3272 multo
3118 3222 3286 3290 magis
3317 3232 3535 3290 prepter
3557 3224 3649 3276 D--i

2068 3313 2291 3358 metum.
2319 3304 2401 3359 Sit
2426 3307 2698 3362 servitutis
2722 3316 2777 3362 et
2808 3309 3159 3377 subjectionis
3193 3321 3376 3366 mutua
3407 3329 3649 3369 remune-

2068 3394 2203 3447 ratio
2227 3412 2240 3459 ;
2274 3396 2350 3448 sic
2370 3396 2511 3449 enim
2534 3411 2639 3451 non
2658 3399 2762 3451 erit
2780 3401 3034 3455 servitus.
3057 3400 3173 3455 Non
3209 3403 3395 3457 sedeat
3430 3404 3645 3475 quidem

2068 3484 2159 3539 ille
2188 3485 2240 3538 in
2267 3487 2454 3541 ordine
2478 3493 2533 3540 et
2552 3488 2672 3541 loco
2696 3489 2847 3543 liberi
2870 3532 2885 3555 ,
2918 3491 3005 3545 hic
3034 3508 3165 3547 vero
3209 3494 3261 3548 in
3307 3495 3426 3549 loco
3468 3499 3644 3562 servi;

2066 3575 2163 3631 sed
2193 3577 2383 3631 melius
2408 3587 2492 3631 est
2519 3587 2579 3633 ut
2604 3588 2657 3632 et
2685 3579 2886 3635 domini
2913 3592 2968 3635 et
2990 3585 3129 3637 servi
3166 3584 3303 3638 alter
3339 3585 3495 3640 alteri
3532 3603 3649 3641 ser-

2068 3668 2214 3720 viant
2239 3686 2249 3720 :
2285 3668 2452 3722 multo
2478 3670 2667 3725 melius
2689 3680 2771 3725 est
2799 3673 2876 3726 sic
2900 3688 3020 3728 esse
3041 3689 3276 3743 servum,
3307 3692 3466 3747 quam
3499 3679 3648 3733 aliter

2068 3759 2315 3815 liberum.
2342 3759 2503 3829 quue
2535 3762 2657 3818 inde
2678 3773 2761 3818 est
2784 3764 3042 3821 evidens:
3073 3768 3143 3821 sit
3162 3768 3426 3838 quiSpiam
3448 3770 3650 3826 habens

2065 3861 2278 3909 centum
2326 3854 2591 3923 famulos,
2634 3867 2687 3911 ct
2734 3857 2908 3913 nullus
2950 3860 3050 3928 ipsi
3080 3861 3386 3929 ministret;
3419 3863 3527 3919 sint
3554 3867 3642 3918 alii

2068 3956 2283 4000 centum
2312 3947 2468 4001 amici
2493 3962 2553 4002 se
2582 3948 2807 4002 invicem
2838 3950 3132 4005 servientes
3161 3970 3173 4006 :
3207 3953 3421 4021 quinam
3459 3955 3651 4011 melius

2069 4037 2289 4090 vivent?
2315 4039 2530 4107 quinam
2552 4053 2673 4095 cum
2693 4039 2878 4109 majori
2908 4041 3180 4111 voluptate
3206 4053 3261 4097 et
3287 4043 3471 4099 laetitia
3489 4046 3512 4099 ?
3531 4044 3646 4103 Non

2068 4137 2152 4182 est
2176 4128 2285 4183 illic
2318 4128 2395 4181 ira
2423 4144 2596 4198 neque
2622 4129 2914 4199 indignatio
2942 4147 3115 4202 neque
3144 4133 3291 4188 l'uror
3336 4150 3509 4205 neque
3547 4138 3649 4194 ali-

2068 4219 2193 4288 quid
2220 4219 2362 4272 aliud
2394 4219 2657 4288 ejusmodi
2688 4237 2703 4287 ;
2738 4221 2823 4276 hic
2847 4232 3025 4277 autem
3052 4233 3134 4279 est
3163 4226 3323 4281 timor
3343 4237 3399 4280 et
3428 4238 3603 4284 metus
3630 4247 3644 4283 :

2068 4319 2124 4363 et
2149 4310 2254 4362 illic
2278 4309 2491 4378 quidem
2522 4313 2891 4378 necessitatis,
2947 4314 3031 4367 hic
3071 4326 3251 4370 autem
3299 4326 3426 4371 sunt
3470 4320 3649 4374 omnia

2069 4405 2295 4459 instituti
2322 4414 2377 4459 et
2404 4406 2554 4460 liberi
2580 4406 2784 4460 arbitrii
2819 4426 2832 4460 :
2866 4419 2919 4461 ct
2950 4409 3059 4464 illic
3106 4410 3319 4478 quidem
3367 4411 3419 4466 vi
3459 4413 3604 4467 illata
3633 4432 3649 4478 ;

2070 4497 2157 4550 hic
2184 4508 2359 4550 autem
2391 4497 2649 4551 habentes
2678 4499 2945 4567 gratiam,
2999 4501 3134 4555 alter
3176 4502 3336 4556 alteri
3383 4506 3645 4562 serviunt.

2067 4586 2155 4641 Sic
2183 4588 2292 4640 vult
2321 4587 2460 4641 Deus
2491 4605 2506 4641 :
2538 4598 2813 4656 propterea
2861 4589 2987 4643 lavit
3036 4590 3198 4658 pedes
3246 4591 3648 4663 discipulorum.

2069 4676 2180 4729 lmo
2206 4692 2353 4741 vero,
2381 4678 2424 4731 si
2456 4677 2589 4730 velis
2614 4693 2725 4732 rem
2753 4688 2999 4733 accurate
3026 4680 3334 4737 examinare
3357 4722 3375 4749 ,
3406 4686 3566 4739 etiam
3595 4687 3651 4741 in

2066 4768 2295 4823 dominis
2320 4776 2404 4822 est
2428 4768 2696 4822 servitutis
2716 4778 2899 4823 mutua
2927 4774 3307 4828 remuneratio.
3327 4773 3466 4843 Quid
3481 4780 3649 4846 enim,

2067 4860 2109 4913 si
2139 4857 2309 4914 fastus
2336 4875 2440 4915 non
2469 4860 2595 4913 sinit
2622 4869 2681 4913 ut
2704 4870 2956 4930 appareat
2984 4865 3383 4920 remuneratio?
3421 4866 3646 4934 Quando

2066 4950 2207 5005 enim
2238 4950 2328 5005 hic
2345 4950 2560 5020 quidem
2587 4950 2805 5006 exhibet
2828 4956 3107 5023 corporale
3148 4957 3537 5023 ministerium,
3587 4971 3643 5014 tu

2066 5051 2243 5096 autem
2267 5057 2463 5112 corpus
2494 5043 2663 5097 nutris
2686 5051 2741 5097 et
2766 5045 3211 5101 curasalimentis
3235 5055 3290 5101 et
3320 5047 3646 5107 indumentis

2069 5146 2123 5189 et
2149 5136 2344 5190 calceis
2363 5178 2378 5202 ,
2408 5135 2530 5190 huic
2555 5152 2766 5205 quoque
2794 5136 3076 5191 exhibetur
3104 5139 3347 5207 quaedam
3392 5143 3646 5197 servitus.

2067 5228 2199 5283 Nam
2226 5229 2327 5282 nisi
2357 5238 2411 5282 tu
2443 5228 2519 5281 illi
2548 5238 2695 5281 tuum
2724 5229 2977 5284 exhibeas
3002 5231 3391 5298 ministerium,
3428 5249 3525 5288 nec
3557 5236 3645 5290 ille

2067 5334 2244 5385 suum,
2275 5318 2371 5372 sed
2396 5318 2498 5372 erit
2523 5318 2678 5384 liber,
2710 5333 2809 5372 nec
2835 5319 2941 5373 ulla
2971 5321 3054 5375 lex
3081 5338 3201 5375 eum
3230 5331 3383 5392 coget
3426 5324 3527 5379 hoc
3568 5326 3645 5378 fa-

2066 5429 2192 5467 cere
2220 5411 2318 5467 nisi
2345 5412 2540 5467 alatur.
2568 5411 2624 5467 Si
2654 5428 2783 5483 ergo
2814 5415 2915 5467 hoc
2944 5414 3034 5469 ﬁat
3058 5415 3109 5468 in
3141 5416 3331 5482 servis,
3372 5418 3498 5487 quid
3553 5421 3647 5472 ah-

2066 5505 2309 5569 surdum,
2341 5505 2384 5559 si
2410 5505 2511 5559 hoc
2530 5506 2689 5559 etiam
2727 5504 2817 5559 liat
2844 5508 2897 5560 in
2927 5506 3149 5562 liberis?
3174 5509 3429 5581 Subjecti,
3452 5513 3637 5586 inquit.

2065 5600 2119 5656 in
2148 5599 2326 5652 timore
2357 5596 2563 5653 Christi.
2591 5599 2799 5665 Quanta
2824 5609 2907 5655 est
2931 5601 3099 5671 gratia
3119 5641 3135 5665 ,
3167 5602 3307 5671 quod
3353 5608 3512 5662 etiam
3554 5611 3644 5663 ha.

2065 5693 2287 5748 beamus
2312 5689 2655 5747 mercedem?
2689 5694 2759 5747 At
2795 5707 2903 5748 non
2936 5693 3050 5748 vult
3076 5693 3169 5749 tibi
3195 5695 3430 5768 subjici?
3455 5698 3559 5756 Sed
3587 5714 3643 5761 tu

2068 5787 2332 5857 subjicere
2360 5803 2374 5840 :
2410 5802 2517 5841 non
2542 5784 2717 5842 solum
2741 5786 2982 5849 obedias,
3014 5787 3106 5845 sed
3134 5790 3294 5845 etiam
3326 5793 3646 5864 subjiciam.

3284 5897 3323 5958 9
