4100 6412
463 300 564 353 135

450 413 535 467 "Ita
561 415 634 468 sis
661 411 879 469 aﬂectus
894 429 1029 484 erga
1054 429 1240 469 onmes
1269 425 1324 467 ut
1343 428 1468 483 erga
1490 412 1769 466 dominos:
1802 411 1873 464 ita
1898 409 2039 463 enim

455 512 566 562 cito
597 502 815 564 habebis
844 523 1030 563 servus
1060 509 1112 563 in
1158 508 1468 562 servitutem
1511 504 1756 559 redactos
1809 502 2038 555 maxime

444 601 737 671 tyrannica
763 601 1035 655 servitutis
1064 600 1319 669 putentia.
1354 597 1516 666 Magis
1538 597 1681 650 enim
1724 608 1818 649 eos
1858 592 2038 662 capies

460 701 515 746 et
541 693 888 763 expugnabis,
912 691 1121 761 quando
1147 691 1279 744 nihil
1319 689 1385 741 ab
1434 688 1512 742 eis
1555 699 1880 755 assequeris,
1924 684 2038 752 ipse

451 799 580 852 =qu.e
613 794 698 838 tua
725 795 848 839 sunt
883 785 961 838 eis
1004 783 1288 854 prmhehis.
1336 782 1447 835 lloc
1493 789 1574 834 est
1592 778 1729 833 illud
1762 796 1774 830 :
1809 776 2036 841 Subiecti

1166 297 1230 354 S.
1269 296 1546 354 JOANNIS
1581 291 2055 350 CHRYSOSTOMI
2094 291 2409 348 ARCIIIEP.
2449 287 2976 348 CONSTANTINOP.

3625 294 3723 350 15⁸6

2150 408 2360 461 invicem
2389 408 2441 460 in
2472 408 2650 460 timore
2679 406 2864 460 Christi
2895 422 2914 459 :
2945 414 3002 459 ut
3029 405 3306 461 vincamus
3323 422 3520 463 omnes
3558 407 3721 462 animi

2148 484 2575 569 perturbationes
2601 508 2655 552 et
2682 499 2827 557 vitia,
2856 507 2913 552 ut
2938 498 3048 553 Deo
3076 499 3370 555 serviamus
3392 539 3408 563 ,
3443 508 3500 553 ut
3527 501 3723 555 carita-

2149 604 2253 646 tem
2288 592 2424 645 inter
2453 604 2551 645 nos
2573 573 3000 645 conservemus:
3030 599 3084 644 et
3112 599 3237 646 tunc
3266 592 3557 660 poterimus
3583 592 3725 663 digni

2150 682 2336 737 haberi
2364 682 2450 751 qui
2481 695 2833 749 assequamur
2865 680 2954 734 Dei
3001 680 3384 751 benignitatem
3411 724 3427 746 ,
3475 683 3643 751 gratia
3674 695 3729 737 et

2146 772 2573 829 miserationibus
2589 805 2605 833 ,
2638 782 2741 828 etc.

1826 912 2172 973 'HOMILIA
2218 912 2368 972 XX.

448 1044 591 1102 'CAP.
619 1048 672 1102 5.
699 1063 749 1100 ν.
767 1046 857 1101 Ὦ.
894 1045 1154 1108 Mulieres,
1174 1043 1291 1097 viris
1312 1040 1485 1095 vestris
1501 1036 1711 1093 subdittc
1729 1046 1904 1101 estote,
1921 1035 2048 1088 sicut

542 1139 758 1193 Domino
787 1138 917 1193 :25.
949 1145 1187 1207 quoniam
1213 1135 1288 1188 vir
1313 1143 1462 1200 caput
1491 1140 1562 1185 est
1607 1128 1833 1182 mulieris
1857 1167 1871 1191 ,
1920 1126 2048 1178 sicut

538 1234 769 1288 Christus
798 1242 947 1303 caput
976 1240 1048 1286 est
1070 1224 1320 1282 Ecc‘lesite
1348 1242 1366 1280 :
1395 1235 1439 1279 et
1468 1224 1576 1293 ipse
1603 1221 1824 1276 salvator
1860 1233 2046 1286 corpo-

536 1326 608 1377 ris
634 1326 762 1395 ejus.
794 1322 884 1377 24.
914 1321 1019 1377 Sed
1045 1322 1173 1374 sicut
1205 1317 1434 1371 Ecclesia
1462 1315 1685 1383 subjecta
1713 1321 1784 1365 est
1808 1306 2005 1365 Christo
2029 1322 2048 1361 :

537 1418 608 1470 ita
634 1428 677 1470 et
707 1416 940 1468 mulieres
962 1414 1080 1467 viris
1104 1413 1208 1465 suis
1234 1410 1287 1462 in
1312 1407 1561 1462 erunibus.

539 1511 591 1563 1.
623 1507 764 1561 Beati
791 1508 1032 1577 conjuges
1057 1504 1151 1558 sibi
1176 1503 1383 1556 invicem
1413 1496 1794 1553 consentientes.
1847 1492 2049 1546 Amoris

453 1601 646 1655 ‘vis.—~
668 1600 758 1652 Vir
784 1598 999 1667 quidam
1020 1595 1233 1664 sapiens
1262 1607 1382 1646 cum
1412 1591 1462 1643 iu
1515 1586 1899 1641 beatitudinum
1952 1598 2049 1637 nu-

470 1705 672 1746 merum
698 1690 861 1741 multa
886 1686 1174 1746 retulisset,
1208 1683 1310 1737 hoc
1341 1696 1503 1735 unum
1529 1692 1742 1750 quoque
1773 1676 1948 1745 posuit
1978 1674 2052 1727 in-

472 1792 553 1838 ter
578 1779 975 1837 beatitudines:
1016 1776 1075 1829 Et
1114 1775 1327 1836 mulier,
1373 1770 1584 1840 inquit,
1633 1782 1746 1838 quce
1788 1782 1902 1819 cum
1947 1764 2053 1818 viro

469 1873 696 1927 convenit
720 1881 765 1925 et
786 1868 1033 1924 consentit
1076 1864 1279 1937 (Eccli.
1325 1864 1414 1917 25.
1458 1862 1493 1914 2
1521 1861 1559 1929 ).
1606 1859 1675 1913 Ει
1713 1871 1899 1913 rursus
1927 1854 2052 1909 alibi

472 1966 623 2036 ponit
645 1978 765 2018 cum
796 1959 1231 2021 beatitudiuibus,
1264 1954 1407 2025 quod
1443 1968 1573 2007 uxor
1597 1950 1756 2005 simul
1794 1964 1912 2004 cum
1944 1962 2057 2002 ma-

460 2056 576 2110 ‘rito
600 2052 804 2108 habitet
830 2066 947 2106 cum
971 2047 1274 2105 concordia.
1304 2044 1605 2113 Quinetiam
1633 2042 1699 2095 ab
1726 2040 1876 2094 initio
1912 2038 2055 2093 Deus

466 2146 687 2201 videtur
712 2158 953 2213 magnam
976 2156 1156 2196 curam
1188 2138 1420 2208 gessisse
1448 2135 1604 2205 hujus
1630 2130 2054 2202 coujuuctionis;

476 2248 533 2293 et
556 2237 626 2292 de
650 2235 909 2289 ambobus
935 2244 1203 2302 tamquam
1230 2229 1296 2283 de
1314 2242 1420 2282 uno
1438 2227 1679 2297 loquens,
1707 2224 1783 2277 sic
1808 2221 2016 2276 diccbat
2039 2236 2054 2275 :

478 2327 768 2383 Masculum
794 2336 838 2380 ct
865 2325 1105 2396 feminam
1136 2322 1253 2394 fecit
1283 2336 1365 2375 eos
1395 2319 1415 2390 (
1444 2317 1572 2373 Gen.
1603 2317 1657 2370 1.
1686 2314 1754 2367 27
1774 2314 1793 2384 )
1815 2326 1909 2378 ;‘et
1937 2327 2055 2365 rur-

475 2438 590 2484 sus,
625 2417 745 2472 Nou
771 2426 844 2471 est
869 2416 1141 2479 masculus,
1173 2429 1264 2467 nec
1293 2412 1482 2480 femina
1508 2409 1528 2479 (
1555 2406 1674 2462 Gal.
1702 2407 1755 2460 '5.
1785 2404 1855 2459 28
1876 2404 1915 2473 ).
1942 2402 2058 2457 Non

430 2512 433 2517 ’
476 2523 559 2569 est
587 2512 731 2568 enim
766 2519 909 2563 tanta
937 2506 1033 2561 viri
1058 2520 1180 2560 cum
1210 2503 1326 2557 viro
1353 2496 1693 2557 necessitudo
1734 2504 1789 2551 et
1832 2494 2057 2564 conjun-

467 2607 603 2670 ctio,
625 2613 819 2673 quanta
844 2597 1080 2653 mulieris
1104 2610 1227 2650 cum
1245 2594 1382 2659 viro,
1403 2591 1449 2646 si
1474 2591 1545 2646 sit
1561 2599 1707 2644 recte
1725 2586 2056 2657 conjugatus.

472 2697 770 2764 Propterea
796 2691 875 2745 vir
899 2687 1113 2759 quidam
1144 2685 1332 2741 beatus
1354 2695 1618 2738 summam
1648 2679 1951 2748 signiﬁcans
1974 2676 2059 2728 di-

481 2787 784 2847 lectionem,
821 2790 874 2835 et
902 2780 1090 2849 lugens
1119 2773 1402 2844 quemdam
1430 2786 1496 2825 ex
1521 2770 1633 2824 suis
1661 2768 1868 2832 amicis,
1897 2766 2059 2834 etqui

479 2885 632 2933 erant
651 2874 931 2930 unanimes
950 2912 966 2937 ,
1000 2885 1105 2924 non
1132 2866 1267 2922 dixit
1290 2874 1522 2934 patrem,
1546 2876 1653 2915 non
1681 2867 1928 2925 matrem,
1954 2872 2059 2911 non

477 2971 669 3034 lilium,
698 2982 802 3021 non
832 2963 1073 3027 fratrem,
1102 2973 1210 3013 non
1238 2955 1503 3018 amicum;
1535 2950 1629 3006 sed
1656 2949 1824 3019 quid?
1872 2947 2060 3002 Cecidit

476 3061 681 3115 dilectio
709 3068 795 3111 tua
817 3071 966 3126 super
987 3069 1084 3118 me,
1119 3050 1325 3118 inquit,
1356 3056 1613 3113 tamquam
1654 3041 1854 3096 dilectio
1893 3040 2062 3093 mulie-

480 3170 595 3207 rum
622 3151 717 3222 (1.
747 3148 874 3218 Reg.
900 3148 951 3199 1.
979 3143 1049 3197 ‘26
1068 3142 1107 3211 ).
1143 3140 1349 3194 Revera
1375 3136 1518 3193 enim
1544 3175 1559 3201 ,
1600 3147 1790 3187 revera
1839 3130 1952 3184 hinc
1980 3129 2062 3184 di-

480 3243 639 3300 lectio
662 3249 746 3296 est
773 3238 940 3308 magis
978 3233 1291 3307 tyrannica,
1338 3244 1500 3300 quam
1550 3226 1753 3297 quaevis
1799 3225 2057 3296 tyrannis.

480 3337 610 3391 Nam
640 3332 759 3387 aliae
785 3328 996 3400 quidem
1024 3334 1148 3380 sunt
1172 3321 1557 3386 vehementes;
1591 3318 1705 3373 haec
1749 3327 1925 3372 autem
1964 3330 2061 3370 cu—

484 3426 677 3498 piditas
708 3424 867 3479 habet
893 3430 947 3476 et
973 3416 1361 3473 vehementiam
1388 3455 1405 3481 ,
1455 3422 1509 3468 et
1557 3412 1701 3481 quod
1748 3425 1853 3465 nou
1895 3408 2065 3478 possit

483 3528 815 3572 marcescere
849 3530 861 3565 :
895 3511 1032 3565 inest
1057 3509 1201 3563 enim
1227 3505 1442 3575 quidam
1466 3518 1619 3558 amor
1647 3502 1697 3555 in
1734 3509 1922 3554 natura
1969 3498 2066 3553 de-

483 3611 762 3670 litescens,
787 3612 842 3659 et
883 3619 980 3657 nos
1010 3602 1182 3654 latens
1214 3596 1481 3653 connectit
1520 3595 1635 3650 haec
1662 3606 1906 3662 corpora.
1930 3592 2061 3645 Pro-

484 3712 666 3772 pterea
693 3710 749 3755 et
775 3698 843 3751 ab
868 3695 1017 3749 initio
1043 3709 1107 3747 ex
1126 3692 1241 3745 viro
1263 3690 1473 3752 mulier,
1488 3696 1543 3743 et
1566 3698 1749 3757 postea
1777 3701 1843 3740 ex
1869 3684 1982 3738 viro
2011 3692 2065 3738 et

486 3793 712 3848 muliere
738 3789 819 3842 vir
834 3795 889 3842 et
913 3786 1121 3839 mulier.
1151 3781 1310 3837 Vides
1330 3779 1757 3851 coniunctionem
1783 3788 1835 3831 et
1862 3791 2062 3831 conne-

486 3886 721 3948 xionem,
747 3890 803 3934 et
838 3874 1107 3947 quomodo
1138 3889 1244 3929 non
1289 3872 1477 3926 siverit
1522 3869 1678 3923 aliam
1723 3868 2065 3922 extrinsecus

485 3973 688 4047 ingredi
715 3967 1042 4025 essentiam?
1074 3964 1203 4019 Vide
1230 3973 1407 4018 autem
1446 3975 1604 4030 quam
1635 3959 1799 4013 multa
1842 3957 2065 4011 admini-

490 4065 676 4121 strarit
719 4070 774 4116 et
815 4056 1159 4128 dispensarit.
1203 4054 1399 4109 Passus
1432 4062 1516 4105 est
1554 4050 1727 4119 ipsum
1774 4063 1925 4103 suam
1972 4062 2064 4103 so-

485 4170 665 4212 rorem
712 4153 912 4207 ducere
970 4161 1234 4210 uxorem,
1279 4142 1363 4197 vel
1410 4141 1588 4211 potius
1627 4154 1733 4194 non
1778 4152 2018 4194 sororem
2044 4178 2061 4203 ,

489 4248 584 4303 sed
642 4246 840 4310 filiam,
887 4241 971 4296 vel
1019 4239 1193 4309 potius
1238 4252 1346 4292 non
1377 4235 1576 4297 tiliam,
1604 4233 1700 4289 sed
1740 4234 1861 4303 plus
1905 4246 2063 4302 quain

491 4341 692 4403 tiliam,
742 4348 936 4403 nempe
995 4346 1146 4385 suam
1201 4343 1417 4384 carnem
1452 4346 1465 4381 :
1499 4335 1669 4382 totum
1713 4336 1891 4380 autem
1939 4324 2067 4378 fecit

489 4436 557 4488 ab
595 4434 705 4486 alto
753 4430 916 4501 petita
947 4425 1153 4497 origine
1174 4467 1189 4492 ,
1221 4425 1358 4479 sicut
1404 4422 1457 4476 in
1503 4421 1764 4490 lapidibus
1790 4461 1804 4484 ,
1851 4434 1946 4475 eos
1975 4434 2066 4473 co-

484 4538 618 4595 gens
644 4524 695 4577 in
725 4536 911 4577 unum.
947 4518 1061 4573 Non
1089 4518 1230 4572 enim
1255 4531 1373 4571 eam
1412 4514 1537 4570 fecit
1580 4515 1915 4570 extrinsecus
1940 4554 1955 4579 ,
1996 4527 2065 4567 ne

488 4630 755 4687 tamquam
780 4614 966 4669 alienae
995 4614 1041 4667 ei
1069 4611 1347 4666 adhiberet
1373 4609 1611 4663 animum
1634 4625 1648 4675 ;
1679 4624 1852 4677 neque
1878 4622 2065 4662 rursus

487 4708 556 4763 ad
606 4708 779 4777 ipsum
826 4720 995 4774 usque
1038 4704 1186 4758 stetit
1224 4701 1621 4756 matrimonium
1648 4742 1661 4764 ,
1716 4715 1785 4754 ne
1831 4699 2063 4769 seipsum

488 4813 745 4854 coercens
777 4808 831 4853 et
857 4812 1053 4867 cogens
1078 4802 1415 4864 separaretur
1441 4808 1473 4847 a
1500 4792 1728 4847 caeteris.
1766 4791 1836 4845 Et
1860 4793 1996 4846 sicut
2013 4792 2064 4845 iu

489 4889 686 4961 plantis
716 4888 817 4942 illa:
855 4896 980 4941 sunt
1023 4886 1177 4955 longe
1219 4884 1435 4953 optimas
1472 4891 1529 4939 et
1569 4881 2023 4954 praestantissima:
2046 4921 2063 4947 ,

487 4996 609 5050 quae
639 4978 835 5033 habent
858 4992 1021 5031 unum
1052 4976 1284 5044 stipitem
1312 4984 1366 5028 et
1401 4973 1759 5029 extenduntur
1786 4972 1852 5026 ad
1887 4988 2065 5027 ramos

491 5074 726 5137 multos;
758 5087 863 5140 quo
894 5069 949 5123 lit
980 5078 1037 5123 ut
1062 5069 1110 5123 si
1132 5070 1308 5122 omnia
1336 5077 1536 5122 temere
1574 5067 1745 5120 solum
1789 5076 2065 5120 vertantur

487 5164 630 5221 circa
658 5161 923 5226 radicem,
965 5170 1019 5214 et
1047 5158 1239 5212 multas
1262 5159 1420 5213 etiam
1448 5158 1675 5212 habeant
1702 5156 1926 5222 radices,
1958 5174 2063 5211 non

488 5271 571 5315 est
599 5258 780 5328 utique
803 5254 964 5309 arbor
984 5254 1142 5324 digna
1166 5252 1519 5306 admiratione
1547 5271 1560 5304 :
1589 5253 1658 5305 ita
1696 5251 1781 5305 hic
1815 5265 2027 5320 quoque
2047 5292 2061 5315 ,

488 5369 557 5409 ex
589 5366 694 5406 uno
713 5348 921 5403 Adamo
949 5346 1073 5401 fecit
1098 5357 1155 5400 ut
1182 5345 1510 5414 plautaretur
1534 5343 1840 5397 universum
1873 5356 2059 5412 genus,

494 5445 547 5499 id
569 5444 635 5498 ad
662 5456 905 5512 magnam
947 5438 1194 5508 redigcus
1224 5435 1595 5492 necessitatem
1625 5445 1681 5489 ut
1711 5450 1815 5488 non
1844 5434 2065 5489 divelle-

487 5546 634 5590 retur
665 5548 763 5588 nec
791 5540 1152 5601 separarctur.
1179 5530 1244 5583 Et
1264 5527 1435 5597 magis
1453 5526 1805 5589 coutrahens,
1856 5525 1981 5580 fecit
2008 5533 2064 5582 ut

492 5640 709 5681 sorores
734 5636 787 5679 et
816 5625 934 5678 lilia:
965 5639 1068 5678 non
1100 5621 1325 5690 amplius
1361 5619 1683 5673 ducerentur
1720 5632 1911 5672 uxores
1937 5660 1951 5685 ,
1994 5633 2061 5673 ne

488 5733 675 5773 rursus
697 5717 1038 5775 dilectionem
1068 5716 1120 5770 iu
1150 5729 1310 5768 unum
1341 5710 1802 5772 contraheremus,
1826 5719 1878 5766 et
1904 5711 2059 5767 aliter

2152 1049 2528 1103 separaremur
2576 1048 2606 1087 a
2647 1032 2801 1087 nobis
2844 1034 2993 1102 ipsis.
3022 1032 3312 1103 Propterea
3340 1034 3550 1091 dicebat
3582 1054 3597 1090 :
3632 1035 3730 1102 Qui

2152 1125 2270 1194 fecit
2296 1124 2357 1177 ab
2388 1125 2550 1185 initio,
2584 1125 2865 1177 masculum
2884 1134 2931 1177 et
2956 1125 3200 1195 feminam
3224 1126 3341 1194 fecit
3381 1142 3465 1180 eos
3505 1127 3728 1197 (Matth.

2152 1216 2243 1271 19.
2272 1218 2304 1271 4
2323 1215 2364 1287 ).
2407 1215 2593 1285 Magna
2618 1216 2760 1269 enim
2787 1230 2853 1269 ex
2877 1215 2958 1269 his
2981 1225 3272 1270 nascuntur
3302 1217 3439 1271 mala
3465 1227 3520 1273 et
3542 1233 3727 1288 magna

2156 1308 2290 1361 bona
2317 1318 2370 1361 et
2397 1306 2643 1361 domibus
2672 1318 2727 1361 et
2756 1306 3083 1361 civitatibus.
3115 1307 3257 1363 Nihil
3307 1310 3449 1363 enim
3494 1321 3729 1366 nostram

2152 1399 2315 1453 vitam
2341 1415 2492 1469 reque
2520 1400 2837 1465 concinnat,
2874 1409 2930 1455 ut
2954 1417 3106 1455 amor
3134 1402 3233 1455 viri
3251 1411 3307 1457 et
3330 1403 3571 1459 mulieris
3599 1423 3611 1458 :
3637 1422 3733 1476 pro

2155 1506 2220 1546 eo
2248 1492 2396 1545 multi
2428 1506 2574 1545 arma
2603 1500 2846 1559 sumunt,
2877 1504 2971 1561 pro
2997 1507 3064 1547 eo
3093 1494 3252 1547 etiam
3283 1495 3569 1563 projiciunt
3613 1497 3732 1551 ani~

2156 1598 2316 1637 mam.
2341 1582 2455 1636 Non
2477 1583 2617 1637 enim
2644 1592 2843 1637 temere
2875 1582 3029 1652 hujus
3058 1583 3137 1637 rei
3164 1585 3382 1638 multam
3409 1601 3591 1640 curant
3611 1603 3733 1657 ges-

2156 1676 2227 1729 sit
2248 1675 2472 1740 Paulus,
2506 1684 2560 1729 et
2590 1674 2643 1728 in
2673 1690 2738 1729 eo
2770 1675 2946 1744 posuit
2974 1675 3206 1729 studium
3228 1716 3246 1743 ,
3276 1676 3462 1732 dicens
3500 1696 3512 1730 :
3545 1677 3597 1730 Μ
3606 1680 3733 1733 utie-

2156 1782 2236 1820 res
2266 1767 2383 1819 viris
2413 1766 2517 1820 suis
2546 1766 2758 1820 subdita:
2786 1767 2886 1821 sint
2913 1768 3041 1821 sicut
3068 1766 3305 1823 Domino.
3335 1768 3556 1838 Quare?
3590 1770 3735 1838 Quo-

2158 1858 2300 1912 niam
2322 1858 2573 1913 sihisiut
2611 1860 2665 1913 in
2708 1860 3025 1927 concordia,
3072 1870 3126 1915 et
3170 1871 3313 1918 reete
3347 1863 3560 1918 aluntur
3604 1863 3735 1929 lilii,

2158 1959 2305 2005 ret-te
2344 1949 2572 2005 ordinati
2617 1961 2741 2005 sunt
2796 1952 3012 2016 famuli,
3061 1961 3116 2007 et
3157 1952 3298 2008 bono
3345 1969 3528 2009 eorum
3573 1954 3739 2010 odore

2162 2041 2408 2097 fruuntur
2430 2042 2610 2107 vicini,
2639 2043 2903 2113 amicique
2933 2054 2987 2098 et
3007 2044 3218 2114 cognati
3249 2062 3263 2098 ε
3293 2045 3373 2099 sin
3400 2058 3578 2101 autem
3603 2062 3736 2101 cou-

2161 2143 2262 2199 tra,
2287 2144 2596 2190 evertuntur
2624 2146 2678 2189 et
2702 2136 3103 2191 confunduntur
3127 2140 3324 2191 omnia.
3356 2138 3420 2193 Et
3450 2140 3587 2195 sicut
3614 2156 3736 2196 cum

2160 2226 2323 2282 duces
2350 2230 2615 2283 exercitus
2651 2229 2787 2283 inter
2816 2244 2876 2285 se
2910 2245 3092 2300 pacem
3133 2238 3330 2300 agunt,
3370 2233 3547 2287 omnia
3588 2250 3737 2289 suam

2161 2329 2377 2373 servant
2402 2321 2876 2391 consequentiam;
2910 2321 3027 2375 etsi
3070 2336 3256 2375 rursus
3306 2321 3383 2375 illi
3425 2325 3737 2389 turbentur,

2162 2422 2375 2464 sursum
2398 2419 2453 2465 et
2475 2410 2726 2464 deorsum
2748 2421 2977 2480 aguntur
2997 2411 3176 2464 omnia
3202 2428 3213 2462 :
3240 2411 3312 2465 ita
3341 2428 3479 2465 nunc
3505 2430 3735 2483 quoque.

2163 2498 2288 2555 Ideo
2317 2500 2421 2567 ait,
2454 2499 2699 2553 Mulieres
2719 2502 2840 2554 viris
2870 2505 2976 2555 suis
3000 2500 3215 2555 subditte
3236 2502 3333 2556 sint
3352 2543 3368 2569 ,
3412 2505 3538 2556 sicut
3564 2501 3743 2558 Domi-

2164 2608 2228 2646 no
2257 2592 2276 2661 (
2301 2590 2414 2647 Col.
2444 2593 2497 2647 '5.
2532 2592 2663 2662 18).
2705 2593 2862 2663 Papa:
2888 2595 2900 2646 !
2930 2593 3200 2662 quomodo
3237 2610 3364 2665 ergo
3390 2595 3525 2651 dicis
3561 2597 3685 2652 alibi
3721 2614 3736 2650 :

2163 2684 2274 2738 Nisi
2301 2684 2422 2755 quis
2451 2686 2838 2739 renuntiaverit
2864 2685 3016 2739 uxori
3041 2694 3096 2740 et
3121 2687 3235 2741 viro
3262 2726 3278 2752 ,
3308 2701 3413 2741 non
3443 2698 3616 2757 potest
3654 2704 3741 2744 me

2164 2778 2315 2849 sequi
2341 2776 2507 2849 (Luc.
2532 2780 2621 2834 M.
2672 2779 2823 2850 5'5)?
2863 2778 2916 2835 Si
2956 2780 3099 2834 enim
3140 2780 3328 2851 subjici
3361 2791 3571 2851 oportet
3612 2792 3744 2837 taut-

2172 2885 2327 2941 quam
2344 2870 2597 2940 Domino,
2619 2872 2887 2943 quomodo
2913 2872 3044 2927 dicit
3064 2873 3202 2943 quod
3222 2884 3442 2945 propter
3463 2876 3741 2931 Dominum

2170 2974 2416 3036 oporteat
2449 2966 2768 3022 discedere?
2789 2966 2858 3021 Et
2882 2982 3006 3022 vere
3026 2967 3244 3023 omnino
3265 2978 3475 3038 oportet
3500 2985 3513 3021 :
3540 2971 3634 3025 sed
3678 2971 3743 3024 il-

2165 3055 2254 3110 Iud
2278 3096 2294 3123 ,
2339 3058 2506 3123 sicut,
2553 3073 2657 3112 non
2693 3069 2774 3113 est
2800 3073 3010 3127 semper
3031 3061 3247 3114 omnino
3267 3062 3604 3130 mqualitatis.
3638 3065 3744 3118 Aut

2167 3149 2269 3205 hoc
2297 3149 2464 3204 dicit:
2499 3149 2650 3206 Sicut
2672 3166 2791 3221 quae
2830 3152 3011 3206 sciatis
3039 3152 3178 3221 quod
3220 3153 3445 3210 Domino
3490 3156 3698 3210 servitis
3728 3174 3742 3211 :

2164 3241 2305 3311 quod
2327 3241 2489 3296 etiam
2526 3241 2654 3296 dicit
2684 3242 2830 3308 alibi,
2859 3242 2998 3312 quod
3021 3244 3065 3297 si
3092 3260 3196 3297 nou
3223 3254 3439 3315 propter
3469 3248 3739 3313 maritum,

2165 3330 2260 3385 sed
2292 3331 2343 3385 in
2368 3330 2554 3401 primis
2577 3340 2793 3400 propter
2824 3331 3108 3387 Dominum
3143 3351 3155 3386 :
3187 3344 3314 3401 aut,
3344 3336 3569 3402 Quando
3599 3338 3745 3393 cedis

2166 3420 2381 3488 marito,
2415 3431 2471 3476 ut
2500 3421 2721 3477 Domino
2750 3422 3014 3489 serviens,
3042 3431 3097 3478 te
3123 3424 3343 3495 obsequi
3370 3436 3517 3497 puta.
3546 3428 3677 3484 Nam
3700 3430 3742 3483 si

2166 3511 2244 3579 Is,
2263 3515 2350 3582 qui
2380 3513 2459 3567 his
2487 3514 2706 3567 externis
2735 3514 2963 3569 civilibus
2992 3516 3180 3571 resistit
3208 3519 3583 3588 magistratibus
3603 3562 3618 3586 ,
3651 3520 3745 3575 Dei

2169 3607 2351 3660 resistit
2379 3605 2689 3660 ordinationi
2718 3605 2904 3676 (Rom.
2940 3607 3025 3661 15.
3054 3607 3124 3678 2)
3149 3649 3163 3671 ,
3193 3610 3362 3664 multo
3410 3612 3578 3682 magis
3626 3628 3747 3682 qua:

2170 3701 2360 3755 marito
2391 3716 2496 3754 nou
2524 3700 2825 3769 subjicitur.
2861 3700 2949 3755 Sic
2982 3701 3121 3755 Deus
3149 3701 3316 3757 voluit
3337 3706 3406 3757 ab
3430 3704 3601 3760 initio.
3640 3705 3746 3761 Po-

2171 3805 2359 3845 namus
2386 3805 2513 3860 ergo
2539 3791 2710 3844 virum
2739 3790 2954 3860 quidem
2982 3790 3222 3846 ordinem
3249 3802 3304 3847 et
3347 3794 3522 3849 locum
3566 3806 3747 3851 tenere

2169 3883 2379 3954 capitis,
2412 3883 2692 3938 mulierem
2740 3893 2916 3938 autem
2961 3885 3223 3954 corporis.
3281 3885 3486 3942 Deinde
3522 3888 3681 3943 etiam
3715 3906 3745 3942 a

2170 3974 2467 4029 rationibus
2496 3974 2748 4037 ostendit,
2792 3974 2933 4043 quod
2962 3975 3043 4029 vir
3072 3976 3141 4029 sit
3174 3986 3335 4044 caput
3357 3978 3596 4034 mulieris
3616 4021 3632 4045 ,
3666 3979 3748 4032 iu-

2169 4066 2302 4135 quit,
2328 4064 2473 4119 Sicut
2503 4064 2732 4118 Christus
2758 4074 2912 4135 caput
2936 4078 3011 4119 est
3037 4064 3302 4133 Ecclesite,
3330 4077 3375 4121 et
3401 4068 3507 4137 ipse
3536 4079 3610 4123 est
3637 4071 3745 4124 sal-

2170 4167 2312 4210 vator
2336 4158 2579 4226 corporis.
2615 4156 2719 4213 Sed
2745 4158 2873 4211 sicut
2898 4156 3126 4212 Ecclesia
3149 4160 3373 4227 subjecta
3411 4172 3483 4216 est
3511 4162 3709 4217 Christo
3726 4203 3747 4231 ,

2170 4250 2241 4302 ita
2267 4258 2313 4302 et
2342 4248 2576 4303 mulieres
2605 4249 2724 4302 viris
2751 4250 2857 4303 suis
2882 4251 2934 4302 in
2959 4250 3209 4305 oumibus.
3237 4252 3439 4307 Deinde
3464 4264 3743 4324 postquam

2171 4337 2321 4403 dixit,
2361 4338 2450 4391 Vir
2473 4349 2622 4407 caput
2646 4350 2718 4392 est
2736 4340 2980 4404 mulieris,
2998 4340 3128 4394 sicut
3154 4350 3201 4394 et
3224 4340 3450 4396 Christus
3472 4328 3714 4400 Ecclesia:
3728 4363 3747 4409 ;

2170 4430 2341 4493 addit,
2374 4428 2442 4483 Et
2483 4431 2590 4502 ipse
2624 4442 2695 4485 est
2734 4430 2955 4486 salvator
2991 4435 3221 4502 corporis
3243 4451 3262 4487 :
3285 4444 3446 4505 caput
3485 4437 3626 4492 enim
3664 4453 3746 4493 eSt

2172 4525 2318 4578 salus
2355 4526 2615 4594 corporis.
2650 4525 2765 4580 Jam
2798 4528 2989 4581 marito
3013 4534 3070 4581 et
3112 4528 3270 4581 uxori
3315 4528 3444 4598 jecit
3473 4538 3744 4601 tamquam

2171 4613 2576 4669 fundamentum
2600 4616 2872 4670 caritatem
2912 4625 2967 4670 et
2991 4616 3372 4685 providentiam
3398 4660 3414 4685 ,
3460 4620 3745 4691 unicuique

2174 4703 2348 4758 locum
2376 4705 2614 4760 tribuens
2642 4705 3052 4761 convenientem
3072 4746 3088 4770 ,
3126 4708 3319 4763 marito
3352 4708 3567 4778 quidem
3596 4711 3745 4781 prin—

2171 4794 2378 4865 cipatus
2401 4802 2455 4850 et
2481 4796 2831 4865 providentiae
2849 4838 2864 4860 ,
2895 4796 3045 4851 uxori
3067 4812 3194 4852 vero
3222 4797 3586 4867 subjectiouis.

2240 4886 2295 4939 2.
2324 4886 2468 4941 Sicut
2495 4903 2613 4957 ergo
2646 4885 2876 4942 Ecclesia
2921 4888 3147 4957 subiecta
3177 4899 3247 4941 est
3276 4889 3515 4954 Christo;
3547 4890 3599 4946 id
3626 4902 3711 4947 est
3733 4933 3748 4959 ,

2176 4977 2270 5031 viri
2298 4986 2353 5033 et
2379 4979 2627 5034 mulieres
2654 4996 2666 5032 :
2698 4981 2770 5032 ita
2797 4978 2950 5034 etiam
2978 4982 3212 5036 mulieres
3239 4984 3433 5037 maritis
3458 4985 3586 5038 sicut
3615 4984 3747 5040 Deo.

2174 5068 2261 5123 25.
2308 5068 2444 5135 Viri,
2472 5069 2666 5140 diligite
2706 5086 2886 5124 uxores
2916 5080 3102 5125 vestras
3123 5114 3136 5135 ,
3168 5074 3293 5126 sicut
3319 5082 3364 5127 et
3414 5073 3640 5130 Christus
3670 5077 3745 5130 di-

2182 5160 2304 5214 lexit
2366 5159 2671 5215 Ecclesiam.
2729 5160 2993 5217 Audivisti
3053 5178 3315 5218 summam
3365 5164 3745 5231 dilectionem;

2175 5249 2401 5303 laudasti
2446 5259 2501 5305 et
2530 5250 2821 5305 admiratus
2847 5267 2907 5306 es
2950 5252 3204 5319 Paulum,
3235 5264 3293 5309 ut
3337 5256 3428 5326 qui
3475 5268 3745 5328 tamquam

2171 5341 2252 5396 vir
2293 5340 2620 5396 admirabilis
2646 5353 2700 5396 et
2747 5343 3044 5414 Spiritualis
3088 5357 3322 5401 nostram
3354 5350 3514 5403 vitam
3543 5351 3745 5406 consti-

2173 5443 2364 5489 tueret.
2399 5435 2581 5489 Recte.
2616 5435 2724 5490 Sed
2764 5437 2888 5490 audi
2960 5453 3078 5506 qua:
3124 5453 3152 5491 a
3202 5449 3252 5493 te
3298 5441 3510 5510 exigit:
3561 5459 3746 5497 rursus

2170 5528 2310 5580 enim
2344 5527 2531 5582 eodem
2560 5529 2727 5583 utitur
2770 5529 3056 5600 exetuplo:
3094 5528 3203 5584 Viri
3226 5570 3241 5595 ,
3294 5531 3463 5602 inquit
3486 5574 3501 5598 ,
3551 5536 3745 5606 diligite

2170 5633 2351 5671 uxores
2396 5629 2618 5684 vestras,
2664 5620 2793 5673 sicut
2838 5631 2885 5674 et
2930 5621 3160 5675 Christus
3204 5623 3382 5677 dilexit
3432 5624 3741 5687 Ecclesiam.

2170 5709 2365 5768 Vidisti
2387 5727 2694 5770 mensuram
2716 5713 3075 5771 obcdientia?
3096 5711 3235 5771 Audi
3256 5717 3414 5773 etiam
3440 5731 3747 5778 uicusuram
