4096 6388
479 321 588 376 137

479 430 767 503 ἀγαπᾶτε.
805 428 960 502 φησὶ,
999 427 1106 496 τὰς
1132 429 1424 500 γυναῖκας
1454 430 1704 493 ἑαυτῶν,
1736 431 1932 498 καθὼς
1959 432 2057 485 καὶ

479 519 515 570 ὀ
535 514 790 583 Χριστὸς
813 511 1093 582 ἠγάπησε
1115 512 1230 579 τὴν
1268 513 1654 581 Ἐκκλησίαν.
1683 510 1838 576 Εἶδες
1865 515 2062 586 μέτρον

479 599 758 667 ὑπακοῆς
793 596 1061 649 ’Ἄκουσον
1090 597 1184 648 καὶ
1217 595 1414 666 μέτρον
1457 595 1702 664 ἀγάπης.
1748 596 1937 650 Βούλει
1979 613 2063 649 σοι

478 681 576 753 τὴν
598 682 836 749 γυναῖκα
868 679 1191 743 ὑπακούειν,
1222 680 1296 742 ὼς
1329 679 1407 749 τῷ
1437 680 1659 750 Χριστῷ
1686 679 1786 750 τὴν
1831 680 2061 749 Ἐκκλη-

478 767 602 818 σίαν
623 781 638 829 ;
664 765 889 837 Προνόει
906 764 1001 817 καὶ
1018 762 1179 824 αὑτὸς
1202 763 1397 832 αὐτῆς,
1413 763 1489 826 ὼς
1517 764 1548 814 6
1566 763 1799 833 Χριστὸς
1814 763 1913 831 τῆς
1943 765 2064 816 Ἐκ-

477 848 709 918 κλησίας
729 864 742 878 ³
772 847 873 900 κᾶν
907 848 1006 918 τὴν
1032 845 1209 916 ψυχὴν
1241 847 1382 916 ὑπὲρ
1421 847 1590 917 αὐτῆς
1620 846 1806 900 δοῦναι
1832 847 1932 912 δεῖ,
1961 846 2063 900 κᾶν

477 930 863 1001 κατακοπῆναι
892 931 1171 1001 μυριάκις,
1198 929 1300 983 κᾶν
1320 928 1497 983 ὁτιοῦν
1523 930 1815 1000 ὑπομεῖναι
1843 931 1936 984 καὶ
1957 947 2066 983 πα-

475 1016 614 1078 θεῖν,
639 1013 714 1086 μὴ
746 1014 1061 1086 παραιτήσῃ
1085 1029 1099 1043 ο
1127 1012 1229 1066 κᾶν
1252 1013 1425 1066 ταῦτα
1450 1013 1650 1083 πάθῃς,
1674 1013 1827 1066 οὐδὲν
1851 1012 2064 1066 οὐδέπω

475 1099 807 1169 πεποίηκας,
831 1091 942 1150 οἷον
964 1099 991 1149 ὁ
1007 1095 1262 1168 Χριστός.
1291 1096 1362 1149 Σὺ
1390 1096 1490 1166 μὲν
1510 1096 1619 1168 γάρ
1642 1097 1744 1168 ήδη
1769 1096 2063 1166 συναφθεὶς

475 1183 650 1236 ταῦτα
690 1183 886 1245 ποιεῖς,
922 1182 1130 1242 ἐκεῖνος
1168 1180 1224 1231 δὲ
1260 1179 1401 1252 ὑπὲρ
1434 1179 1924 1251 ἀποστρεφομένης
1964 1180 2062 1233 αὑ-

474 1269 567 1321 τὸν
595 1267 688 1321 καὶ
723 1264 1008 1336 μισούσης.
1041 1264 1254 1334 Ὥσπερ
1286 1259 1380 1316 οὖν
1407 1263 1572 1326 αὑτὸς
1597 1264 1695 1336 τὴν
1723 1265 2064 1334 ἀποστρεφο-

478 1351 650 1422 μένην
668 1349 830 1402 αὑτὸν
852 1349 946 1401 καὶ
978 1346 1242 1419 μισοῦσαν
1264 1347 1360 1400 καὶ
1382 1346 1750 1400 διαπτύουσαν
1793 1347 1888 1400 καὶ⁵
1934 1346 2063 1418 θρυ-

476 1434 753 1504 πτομένην
781 1431 909 1502 πεῷ⁸
937 1433 1065 1494 τοὺς
1095 1430 1265 1492 πόδας
1294 1429 1460 1483 αὑτοῦ
1482 1433 1549 1500 τῇ
1571 1429 1738 1501 πολλῇ
1765 1431 1941 1500 ἡγαγε
1961 1447 2066 1500 κη-

471 1517 699 1588 δεμονίᾳ
715 1554 730 1579 ,
752 1516 856 1568 οὑκ
881 1513 1154 1576 ἀπειλαῖς,
1179 1511 1300 1566 οὐδὲ
1323 1512 1568 1584 ὕϐρεσιν,
1590 1512 1715 1566 οὐδὲ
1744 1512 1917 1584 φόϐῳ,
1939 1512 2064 1566 οὐδὲ

475 1600 650 1671 ἑτέρῳ
688 1600 797 1652 τινί
824 1596 1052 1667 τοιούτῳ
1072 1613 1084 1626 ·
1127 1588 1270 1648 οῦινω
1302 1596 1398 1648 καὶ¹
1432 1596 1497 1648 σὺ
1529 1595 1668 1666 πρὸς
1693 1594 1793 1666 τὴν
1827 1597 2063 1664 γυναῖκα

474 1684 566 1753 ἔχε
605 1681 704 1754 τὴν
751 1684 885 1752 σήν’
927 1679 1032 1734 κᾶν
1064 1677 1462 1750 ὑπερορῶσαν,
1509 1678 1616 1732 κᾶν
1658 1677 2060 1750 θρυπτομένην,

475 1763 927 1837 καταφρονοῦσαν
968 1763 1106 1835 ἴδης,
1137 1763 1342 1834 δυνήσῃ
1372 1761 1544 1832 αὑτὴν
1581 1761 1687 1814 ὑπὸ
1720 1763 1849 1825 τοὺς
1894 1763 2062 1825 πόδας

473 1853 700 1920 ἀγαγεῖν
729 1850 854 1912 τοὺς
892 1849 1018 1912 σοὺς
1043 1850 1107 1918 τῇ
1145 1847 1314 1918 πολλῇ
1350 1847 1478 1918 περὶ
1509 1847 1680 1915 αὐτὴν
1709 1847 1955 1918 προνοίᾳ,
1993 1849 2061 1918 τῇ

473 1935 686 2005 ἀγάπῃ,
716 1935 784 2004 τῇ
821 1931 993 2002 φιλίᾳ.
1026 1930 1194 1984 Οὐδὲν
1224 1928 1334 2001 γὰρ
1367 1930 1571 1983 τούτων
1597 1929 2065 2001 τυραννικώτερον

472 2020 581 2071 τῶν
605 2016 843 2086 δεσμῶν,
865 2016 960 2069 καὶ
990 2013 1226 2083 μάλιστα
1251 2013 1407 2084 ἀνδρὶ
1436 2014 1532 2066 καὶ
1559 2013 1802 2082 γυναικί.
1829 2013 2064 2084 Οίκέτην

477 2103 579 2172 μὲν
613 2102 724 2172 γὰρ
758 2099 909 2170 φόϐῳ
943 2116 1028 2162 τις
1061 2097 1128 2152 ἂν
1164 2098 1467 2169 καταδῆσαι
1504 2099 1818 2168 δυνήσεται,
1860 2098 2063 2169 μᾶλλον

472 2188 530 2239 δέ
562 2183 684 2238 οὑδὲ
708 2185 916 2237 ἐκεῖνον
935 2198 950 2212 ο
979 2180 1192 2252 ταχέως
1214 2180 1322 2253 γάρ
1350 2181 1714 2253 ἀποπηδήσας
1741 2182 2056 2253 οἰχήσεται·

472 2271 570 2342 τὴν
600 2269 657 2323 δὲ
699 2267 794 2322 τοῦ
828 2266 942 2339 βίου
969 2265 1248 2328 κοινωνὸν,
1295 2266 1398 2336 τὴν
1442 2266 1652 2320 παίδων
1685 2269 1922 2336 μητέρα,
1963 2265 2063 2338 τὴν

475 2355 657 2423 πάσης
695 2350 1038 2424 εὐφροσύνης
1073 2347 1353 2414 ὑπόθεσιν,
1388 2349 1449 2403 οὑ
1484 2349 1636 2421 φόϐῳ
1679 2350 1774 2402 καὶ
1811 2348 2063 2414 ἀπειλαῖς

471 2438 554 2490 δεῖ
583 2435 971 2505 καταδεσμεῖν,
1004 2431 1118 2485 ἀλλ’
1149 2431 1346 2503 ἀγάπῃ
1365 2434 1461 2486 καὶ
1491 2431 1750 2486 διαθέσει.
1789 2432 1926 2486 Ποία
1955 2431 2066 2504 γὰρ

475 2518 731 2589 συζυγία,
769 2520 900 2572 ὅταν
945 2519 978 2588 ἡ
1015 2517 1152 2586 γυνὴ
1198 2517 1289 2569 τὸν
1323 2515 1494 2587 ἄνδρα
1535 2514 1751 2587 τρέμῃ;
1800 2515 1962 2578 ποίας
2005 2515 2062 2569 δὲ

471 2604 635 2668 αὐτὸς
663 2604 692 2657 6
729 2600 873 2672 ἀνὴρ
915 2598 1287 2654 ἀπολαύσεται
1315 2597 1533 2669 ἡδονῆς,
1568 2597 1646 2660 ὼς
1689 2597 1852 2670 δούλῃ
1881 2615 2062 2652 συνοι-

471 2689 586 2742 κῶν
625 2689 692 2757 τῇ
723 2685 967 2754 γυναικὶ,
1013 2685 1110 2738 καὶ
1138 2683 1235 2753 οὑχ
1270 2682 1347 2745 ὡς
1384 2681 1686 2752 ὲλευθέρμ
1729 2682 1850 2734 Κᾶν
1884 2680 2063 2752 πάθῃς

470 2790 524 2825 τι
553 2771 694 2840 ὑπὲρ
743 2770 939 2839 αὑτῆς,
991 2767 1066 2839 μὴ
1098 2765 1366 2841 ὀνειδίσῃς
1390 2782 1405 2796 ο
1449 2765 1571 2818 οὑδὲ
1607 2764 1716 2834 γὰρ
1762 2766 1792 2818 ὁ
1829 2765 2063 2838 Χριστὸς

469 2855 628 2908 τοῦτο
656 2854 878 2917 ἐποίησε
901 2869 915 2882 ·
943 2849 1054 2905 Καὶ
1082 2849 1323 2914 ἑαυτὸν,
1353 2847 1509 2919 φησὶ,
1533 2847 1881 2916 παρέδωκεν
1911 2847 2062 2915 ὑπὲρ

471 2935 682 3005 αὐτῆς,
715 2936 819 2989 ἵνα
870 2933 1067 3002 αὐτὴν
1104 2933 1439 3002 καθαρίσας
1463 2930 1710 3002 ἁγιάσῃ.
1749 2933 1893 3000 Ἀρα
1920 2931 2060 2984 ἀκά-

474 3022 672 3091 θαρτος
707 3015 796 3090 ἦν,
828 3020 936 3090 ἄρα
974 3017 1162 3088 μῶμον
1203 3012 1368 3086 εἶχεν,
1405 3015 1513 3084 ἄρα
1559 3015 1808 3085 ἄμορφος
1833 3009 1924 3086 ἦν,
1952 3013 2061 3086 ἄρα

473 3104 718 3174 εὐτελής.
757 3103 890 3156 Οἵαν
927 3101 995 3154 ἂν
1022 3101 1194 3172 λάϐῃς
1235 3102 1492 3169 γυναῖκα,
1524 3096 1684 3169 [145]
1714 3097 1772 3150 οὑ
1803 3098 2060 3168 τοιαύτην

470 3187 618 3260 λήψῃ
651 3185 894 3256 νύμφην,
921 3184 1039 3238 οῖαν
1079 3186 1107 3237 6
1135 3182 1372 3254 Χριστὸς
1403 3183 1502 3246 τὴν
1555 3180 1904 3252 Ἐκκλησίαν,
1937 3181 2061 3235 οὑδὲ

470 3269 728 3326 τοσοῦτόν
759 3287 852 3322 σου
880 3268 1214 3338 ἀπέχουσαν,
1241 3267 1366 3320 ὅσον
1395 3267 1428 3336 ἡ
1465 3265 1765 3335 Ἐκκλησία
1804 3265 1900 3318 τοῦ
1927 3266 2061 3337 Χρι-

474 3357 623 3410 οτοῦ·
647 3354 762 3409 ἀλλ’
789 3356 938 3425 ὅμως
961 3354 1061 3406 οὑκ
1077 3349 1420 3416 ἐϐδελύξατο,
1443 3349 1564 3404 οὑδὲ
1595 3350 1825 3420 ἐμίσησε
1846 3349 1932 3404 διὰ
1958 3351 2059 3420 τήν

471 3438 779 3512 ὑπερϐολὴν
814 3437 914 3507 τῆς
949 3435 1248 3508 ἀμορφίας.
1282 3434 1472 3487 Βούλει
1501 3433 1733 3486 ἀκοῦσαι
1758 3433 1929 3504 αὐτῆς
1960 3435 2058 3503 τὴν

469 3524 778 3595 άμορφίαν;
805 3523 971 3576 ἄκουε
1004 3519 1219 3573 Παύλου
1261 3517 1546 3584 λέγοντος·
1581 3512 1730 3570 Ἥτε
1767 3515 1878 3586 γάρ
1912 3531 2058 3570 ποτε

469 3608 714 3672 σκότος.
749 3604 904 3668 Εἶδες
937 3603 1108 3673 αὑτῆς
1137 3603 1197 3655 τὸ
1220 3602 1424 3672 μέλαν;
1459 3601 1511 3652 τί
1557 3599 1781 3664 σκότους
1815 3599 2059 3670 μελανώ-

468 3707 660 3760 τερον;
692 3689 808 3744 ἀλλ’
853 3689 960 3758 ὅρα
994 3689 1090 3741 καὶ
1136 3686 1200 3739 τὸ
1250 3685 1460 3756 θρασύ·
1515 3685 1618 3740 Ἐν
1665 3686 1864 3751 κακίᾳ,
1898 3684 2054 3755 φησὶ,

469 3773 570 3828 καὶ
617 3773 820 3842 φθόνῳ
873 3770 1204 3840 διάγοντες.
1258 3769 1403 3838 ’Ὀρα
1453 3769 1546 3821 καὶ
1599 3768 1661 3820 τὸ
1707 3768 2052 3838 ἀκάθαρτον’

481 3855 799 3921 Ἀπειθεῒς,
826 3855 1090 3917 ἀνόητοι.
1137 3852 1281 3904 Τίδέ
1331 3852 1505 3919 λέγω;
1539 3852 1632 3904 καὶ
1663 3851 1822 3922 μωρά
1842 3848 1932 3922 ἦν,
1963 3852 2056 3904 καὶ

473 3939 832 4012 βλάσφημος’
875 3937 988 3991 ἀλλ’
1038 3937 1189 4008 ὅμως
1225 3936 1496 3989 τοσούτων
1545 3935 1735 4004 ὄντων,
1793 3937 1868 4000 ὡς
1913 3937 2055 4009 ὑπὲρ

469 4026 702 4097 ὡραίας,
728 4025 804 4088 ὡς
834 4023 971 4094 ὑπὲρ
1007 4021 1399 4092 ἀγαπωμένης,
1429 4020 1504 4084 ὡς
1539 4021 1679 4093 ὑπὲρ
1710 4023 2050 4092 θαυμαστῆς,

469 4108 641 4173 οὕτως
665 4107 859 4162 ἑαυτὸν
885 4106 1145 4171 ἐξέδωκεν
1175 4104 1314 4175 ὑπὲρ
1334 4105 1436 4173 τῆς
1471 4104 1744 4175 ἀμόρφου.
1767 4106 1877 4159 Καὶ
1897 4105 2060 4159 τοῦτο

471 4190 765 4264 θαυμάζων
787 4193 815 4244 ό
839 4188 1049 4251 Παῦλος
1075 4188 1225 4254 ἔλεγε
1250 4204 1262 4217 ·
1295 4189 1486 4253 Μόλις
1512 4188 1623 4256 γὰρ
1642 4187 1794 4256 ὑπὲρ
1817 4188 2052 4243 δικαίου

468 4294 560 4343 τις
595 4273 980 4330 ἀποθανεῖται
1006 4287 1020 4300 °
1065 4271 1160 4324 καὶ¹
1201 4271 1385 4335 πάλιν,
1453 4273 1522 4325 Εἰ
1566 4271 1654 4324 ἔτι
1690 4272 2054 4339 ἁμαρτωλῶν

470 4359 641 4430 ἡμῶν
674 4359 865 4413 ὄντων
893 4360 926 4411 ό
961 4354 1214 4424 Χριστὸς
1244 4356 1398 4424 ὑπὲρ
1429 4353 1598 4424 ἡμῶν
1624 4355 1907 4411 ἀπέθανε.
1944 4358 2052 4410 Καὶ

469 4442 727 4514 τοιαύτην
773 4441 974 4505 λαϐὼν,
1014 4438 1346 4503 καλλωπίζει
1395 4439 1566 4508 αὐτὴν
1605 4440 1700 4492 καὶ
1737 4439 1908 4503 λούει,
1956 4443 2051 4494 καὶ

473 4527 595 4580 οὑδὲ
632 4526 796 4580 τοῦτο
818 4525 1187 4595 παραιτεῖται.
1218 4521 1353 4576 Ἵνα
1391 4521 1590 4589 αὐτὴν
1614 4521 1856 4591 ἁγιάσῃ,
1893 4523 2048 4594 φησὶ,

469 4609 802 4677 καθαρίσας
828 4606 908 4672 τῷ
933 4604 1166 4675 λουτρῷ
1191 4605 1298 4658 τοῦ
1321 4602 1540 4668 ὕδατος
1559 4605 1628 4657 ἐν
1651 4605 1886 4674 ῥήματι.
1918 4608 2051 4662 Ἵνα

469 4691 836 4761 παραστήσῃ
868 4689 1063 4756 αὐτὴν
1098 4687 1288 4752 ἑαυτῷ
1334 4686 1593 4750 ἔνδοξον
1637 4687 1752 4756 τὴν
1802 4691 2052 4759 Ἐκκλη-

467 4775 632 4840 σίαν,
676 4773 766 4844 μὴ
801 4775 1072 4844 ἔχουσαν
1107 4772 1355 4838 σπῖλον,
1419 4771 1457 4839 ἣ
1485 4772 1726 4840 ῥυτίδα,
1758 4773 1796 4843 ἢ
1837 4793 1890 4828 τι
1932 4776 2050 4830 τῶν

468 4858 772 4924 τοιούτων,
801 4856 940 4911 ἀλλ’
961 4857 1062 4910 ἵνα
1082 4850 1122 4927 ᾖ
1150 4856 1290 4926 ἁγία
1314 4855 1412 4909 καὶ
1438 4854 1696 4924 ἄμωμος.
1722 4857 1812 4927 Τῷ
1839 4859 2050 4932 λουτρῷ

466 4940 613 4995 λούει
655 4941 826 5012 αὐτῆς
879 4939 980 5011 τὴν
1035 4939 1400 5009 ἀκαθαρσίαν.
1461 4940 1558 4991 Ἐν
1597 4940 1840 5009 ῥήματι,
1887 4946 2043 5012 φησί.

471 5026 652 5097 Ποίῳ;
693 5025 782 5078 Ἐν
811 5023 1035 5094 ὀνόματι
1057 5023 1152 5076 τοῦ
1188 5022 1400 5092 Πατρὺς
1426 5023 1524 5074 καὶ
1551 5021 1646 5075 τοῦ
1677 5023 1806 5076 Υἱοῦ
1837 5027 2048 5082 καὶτοῦ

436 5094 624 5177 ’ἁγίου
662 5107 1002 5177 Πνεῦματος.
1036 5107 1146 5160 Καὶ
1176 5107 1275 5177 οὑχ
1303 5105 1487 5170 ἁπλῶς
1523 5105 1691 5178 αὑτὴν
1717 5108 2046 5181 ἐκόσμησεν,

467 5192 583 5246 ἀλλ’
603 5189 808 5256 ἔνδοξον
834 5190 1186 5261 ὲποίησε,Μὴ
1209 5189 1481 5258 ἔχουσαν
1497 5189 1795 5259 (fauonii
1805 5194 2046 5261 ῥυτίδα,

465 5275 506 5344 ἦ
550 5292 606 5329 τι
634 5274 753 5330 τῶν
784 5275 1085 5329 τοιούτων.
1123 5274 1231 5326 Καὶ
1263 5274 1424 5343 ἡμεῖς
1454 5273 1634 5326 τοίνυν
1669 5273 1828 5328 τοῦτο
1861 5278 2048 5348 ἐπιζη-

467 5357 650 5426 τῶμεν
700 5358 763 5412 τὸ
801 5357 1018 5421 κάλλος,
1066 5356 1158 5410 καὶ
1199 5355 1543 5426 δυνησόμεθα
1577 5355 1744 5410 αὑτοῦ
1791 5361 2046 5428 γενέσθαι

467 5438 808 5510 δημιουργοί.
860 5441 952 5509 Μὴ
984 5441 1136 5510 ζήτει
1173 5440 1238 5492 σὺ
1271 5439 1423 5508 παρὰ
1452 5438 1552 5508 τῆς
1582 5440 1861 5506 γυναικὸς,
1887 5443 1924 5498 ἂ
1969 5451 2042 5516 μή

471 5522 618 5574 ἐστιν
657 5524 845 5594 αὑτῆς.
888 5525 1051 5596 Ὁρᾷς
1087 5523 1171 5576 ὅτι
1226 5523 1403 5578 πάντα
1443 5524 1594 5593 παρὰ
1633 5524 1728 5577 τοῦ
1771 5529 2042 5582 Δεσπότου

470 5598 613 5671 εἶχεν
639 5606 672 5674 ἡ
701 5607 995 5677 Ἐκκλησία
1019 5623 1030 5634 '
1060 5606 1190 5677 παρ’
1219 5605 1384 5660 αὑτοῦ
1413 5605 1636 5673 γέγονεν
1658 5607 1888 5676 ἔνδοξος,
1914 5616 2043 5684 παρ’

471 5685 633 5737 αὑτοῦ
675 5688 922 5758 ἄμωμος.
969 5690 1062 5759 Μὴ
1108 5691 1468 5761 ἀποστραφῇς
1513 5689 1579 5742 δι’
1608 5691 1891 5762 ἀμορφίαν
1944 5699 2042 5770 τὴν

481 5771 718 5832 γυναῖκα.
753 5771 948 5825 Ἀκουε
991 5776 1091 5842 τῆς
1132 5773 1355 5844 Γραφῆς
1395 5773 1696 5845 λεγούσης⁹
1738 5780 1932 5848 Μικρὰ
1971 5783 2042 5837 ἐν

1247 316 1304 370 8.
1343 315 1628 370 JOA‘NNIS
1665 313 2159 374 CHRYSOSTOMI
2201 319 2526 378 ARClﬂEP.
2571 322 3126 384 CONSTANTINOP.

3645 331 3744 388 I33

2166 437 2462 505 πετεινοῖς
2496 440 2536 506 ἠ
2570 440 2860 507 μέλισσα,
2900 442 3000 498 καί
3037 441 3194 514 ἀρχὴ
3236 445 3676 515 γλυκασμὰτων
3713 452 3747 503 ό

2164 523 2392 588 καρπὸς
2431 521 2641 591 αὐτῆς.
2685 525 2819 578 Θεοῦ
2874 526 3098 597 πλάσμα
3145 528 3326 581 ἐστίν·
3385 529 3484 584 οὑκ
3531 532 3747 603 ἐκείνην

2165 603 2428 674 ὑϐρίζεις,
2457 605 2594 661 ἀλλά
2617 608 2708 661 τὸν
2738 610 3136 681 ἐργασάμενον.
3162 611 3226 663 Τί
3257 612 3406 685 πάθῃ
3438 616 3472 686 ἡ
3502 616 3674 687 γυνὴ;

2235 753 2328 824 Μὴ
2364 755 2656 827 ἐπαινέσῃς
2703 758 2872 829 αὐτὴν
2918 759 2986 812 δι’
3042 761 3380 832 εὐμορφίαν·
3431 764 3747 818 ἀκολάστων

2162 836 2352 908 ψυχῶν
2379 839 2473 892 καὶ
2500 842 2528 892 6
2565 841 2808 906 ἔπαινος,
2842 845 2937 897 καὶ
2970 845 3030 898 τὸ
3068 847 3225 915 μῖσος
3254 849 3454 910 ἐκεῖνο,
3484 850 3579 903 καὶ
3609 849 3745 920 αὐτὴ

2162 923 2197 990 ἡ
2231 921 2443 993 ἀγάπη.
2490 925 2686 995 Ψυχῆς
2725 927 2973 996 ἐπιζήτει
3005 928 3233 992 κάλλος·
3258 930 3350 984 τὸν
3381 932 3613 1001 νυμφίον
3648 933 3749 1001 τῆς

2177 1003 2504 1076 Ἐκκλησίας
2542 1007 2739 1078 μιμοῦ.¹
2765 1010 2838 1062 Τὸ
2861 1010 3064 1075 ἔξωθεν·
3086 1012 3277 1076 κάλλος
3304 1014 3624 1079 ἀλαζονείας
3653 1017 3746 1068 καὶ

2163 1088 2423 1153 ἀπονοίας
2452 1090 2617 1158 γέμει
2653 1092 2877 1164 πολλῆς,
2927 1095 3025 1147 καὶ
3055 1095 3136 1158 είς
3180 1094 3510 1167 ζηλοτυπίαν
3551 1097 3750 1167 ἐμϐάλ-

2163 1171 2266 1238 λει,
2313 1173 2408 1226 καὶ
2449 1173 2780 1229 ὑποπτεύειν
2828 1193 2888 1229 σε
2929 1176 3192 1241 πολλάκις
3224 1181 3370 1232 ποιεῖ
3410 1181 3470 1234 τὸ
3509 1183 3746 1253 πρᾶγμα

2163 1256 2360 1310 ἄτοπα.
2408 1256 2569 1311 Ἀλλά
2598 1259 2790 1330 ἡδονήν
2817 1258 2960 1329 ἔχει;
2995 1262 3173 1332 Μέχρι
3200 1263 3294 1316 τοῦ
3319 1263 3535 1335 πρώτου
3572 1265 3747 1336 μηνὸς

2163 1341 2259 1394 καὶ
2302 1340 2396 1395 τοῦ
2431 1342 2706 1415 δευτέρου,
2739 1344 2772 1414 ἢ
2803 1345 2865 1398 τὸ
2912 1347 3072 1406 πολὺ,
3116 1346 3212 1400 τοῦ
3246 1349 3518 1415 ἐνιαυτοῦ,
3559 1349 3747 1403 λοιπὸν

2163 1423 2220 1477 δὲ
2251 1425 2470 1490 οὐκέτι,
2501 1426 2620 1479 ἀλλ’
2651 1426 2757 1480 ὑπὸ
2784 1429 2885 1498 τῆς
2915 1429 3208 1500 συνηθείας
3237 1431 3298 1484 τὸ
3331 1431 3516 1502 θαῦμα
3547 1433 3746 1504 μαραί-

2163 1523 2312 1560 νεται
2331 1525 2344 1539 ·
2375 1508 2447 1562 τὰ
2473 1509 2655 1580 μέντοι
2684 1511 2773 1565 διὰ
2800 1513 2862 1564 τὸ
2926 1513 3124 1577 κάλλος
3162 1516 3569 1585 προσγενόμενα
3602 1517 3749 1570 κακά

2164 1592 2510 1662 ὲναπομένει,
2535 1595 2564 1647 ὁ
2589 1592 2776 1662 τῦφος,
2800 1596 2834 1666 ἡ
2859 1595 3083 1649 ἀπόνοια
3107 1599 3199 1650 καὶ¹
3230 1599 3264 1669 ἡ
3293 1599 3586 1670 ὑπεροψία.
3625 1601 3748 1653 Ἐπὶ

2163 1675 2220 1729 δὲ
2251 1676 2355 1746 τῆς
2402 1677 2477 1749 μή
2527 1677 2812 1751 τοιαύτης,
2860 1680 3013 1733 οὐδὲν
3053 1681 3318 1736 τοιοῦτονο
3367 1684 3484 1737 ἀλλ’
3522 1685 3746 1749 εἰκότως

2163 1759 2466 1830 ἀρχόμενος
2512 1763 2540 1815 ό
2581 1761 2721 1832 ἔρως
2756 1763 3062 1834 παραμένει
3099 1766 3348 1838 σφοδρὸς,
3380 1769 3570 1839 ἐπειδὴ
3617 1769 3748 1824 κάλ-

2163 1842 2288 1908 λους
2317 1845 2436 1898 ἐστὶ¹
2461 1846 2662 1917 ψυχῆς,
2694 1848 2789 1900 καὶ
2817 1850 2877 1901 οὐ
2911 1848 3184 1920 σώματος.

2235 2001 2304 2064 γ’.
2326 1995 2392 2048 Τί
2416 1995 2623 2067 βέλτιον
2648 1997 2743 2050 τοῦ
2763 1997 3016 2071 οὐρανοῦ,
3038 2001 3158 2055 είπέ
3187 2019 3298 2074 μοι,
3324 2003 3374 2057 τί
3397 2002 3604 2074 βέλτιον
3627 2003 3740 2057 τῶν

2164 2084 2383 2155 ἄστρων
2411 2103 2425 2150 ;
2461 2081 2586 2139 Οἷον
2635 2087 2701 2141 ἂν
2734 2089 2910 2152 εἴποις
2938 2089 3120 2160 σῶμα,
3148 2092 3249 2145 οὑκ
3272 2093 3419 2146 ἔστιν
3449 2091 3594 2146 οὕτω
3616 2093 3744 2146 λευ-

2167 2171 2283 2226 κόν·
2311 2170 2458 2236 οἴους
2487 2174 2554 2226 ἂν
2576 2173 2754 2238 εἴποις
2774 2175 3108 2246 ὀφθαλμοὺς,
3131 2179 3232 2232 οὑκ
3271 2181 3411 2235 εἰσὶν
3447 2182 3590 2235 οῦτω
3621 2199 3747 2251 φαι-

2163 2258 2308 2331 δροί.
2350 2257 2500 2332 [146]
2535 2259 2753 2315 Τούτων
2803 2263 2860 2316 δέ
2902 2264 3212 2336 γενομένων
3268 2267 3360 2320 καὶ
3417 2269 3467 2322 οἱ
3519 2267 3747 2337 ἄγγελοι

2164 2345 2508 2417 ἐθαύμασαν,
2567 2349 2662 2402 καὶ
2712 2351 2875 2420 ἡμεῖς
2924 2352 3021 2405 νῦν
3073 2352 3449 2425 θαυμάζομεν,
3500 2357 3744 2428 ἀλλὀὐχ

2162 2436 2383 2506 ὁμοίως,
2401 2437 2478 2501 ὡς
2499 2437 2651 2507 παρά
2666 2439 2764 2508 τὴν
2783 2439 2980 2510 ἀρχήν.
2999 2441 3249 2496 Τοιοῦτον
3271 2443 3428 2514 γάρὴ
3464 2445 3741 2517 συνήθειαο

2173 2525 2272 2595 οὑχ
2306 2526 2507 2596 ὁμοίως
2543 2526 2838 2598 ἐκπλήττει
2873 2545 2887 2558 ’
2918 2529 3070 2602 πόσῳ
3105 2531 3304 2602 μᾶλλον
3333 2533 3424 2585 ἐπὶ
3452 2537 3741 2602 γυναικόςς

2170 2615 2268 2666 Ἂν
2332 2615 2390 2668 δὲ
2448 2617 2544 2670 καὶ
2585 2616 2740 2681 νόσος
2786 2618 3108 2690 ἐπιγένηται
3138 2661 3152 2686 ,
3191 2621 3393 2686 εὐθέως
3431 2623 3649 2694 άπέπτη
3679 2625 3740 2678 τὸ
3854 2615 3856 2617 ’

2165 2703 2303 2756 πᾶν.
2349 2702 2580 2758 Εὕνοιαν
2631 2705 2887 2777 ζητῶμεν
2916 2707 3068 2778 παρὰ
3094 2710 3351 2777 γυναικὸς
3371 2752 3385 2775 ,
3411 2727 3740 2782 μετριοφρο-

2163 2787 2355 2858 σύνην,
2401 2788 2704 2843 ἐπιείκειαν
2738 2806 2752 2821 ο
2784 2791 2957 2845 ταῦτα
3009 2793 3106 2846 τοῦ
3152 2794 3380 2858 κάλλους
3439 2798 3509 2850 τὰ
3543 2798 3742 2868 γνωρί-

2163 2893 2348 2946 σματα
2378 2892 2394 2906 '
2424 2875 2678 2948 σώματος
2737 2879 2920 2950 μέντοι
2961 2880 3110 2952 ὥραν
3161 2881 3235 2954 μὴ
3277 2881 3562 2955 ζητῶμεν,
3606 2887 3738 2956 μηδὲ

2162 2962 2490 3034 ἐγκαλῶμεν
2548 2965 2686 3036 αὐτῇ
2726 2967 2854 3037 περὶ
2899 2967 3127 3032 τούτων,
3161 2962 3237 3023 ὧν
3266 2971 3367 3025 οὑκ
3400 2971 3516 3025 ἔστι
3548 2974 3742 3046 κυρία,

2163 3049 2367 3118 μᾶλλον
2393 3050 2452 3103 δὲ
2515 3051 2650 3123 μηδὲ
2682 3051 2821 3116 ὅλως
2863 3054 3188 3125 ἐγκαλῶμεν
3228 3058 3544 3130 (τολμηρῶν
3573 3060 3732 3133 γὰρ).

2164 3137 2298 3207 μηδὲ
2322 3138 2811 3211 ἁποδυσπετῶμεν,
2864 3141 3001 3212 μηδὲ
3039 3143 3502 3217 δυσχεραίνωμεν.
3543 3149 3614 3201 Ἦ
3637 3151 3736 3221 οὑχ

2159 3226 2322 3294 δρᾶτε
2352 3226 2509 3280 πόσοι
2547 3226 2795 3295 γυναιξὶν
2830 3228 3062 3299 ὼραίαις
3089 3229 3534 3303 συνοίκήσαντες,
3565 3236 3734 3290 ἐλεει-

2159 3312 2266 3377 νῶς
2301 3313 2391 3368 τὸν
2435 3315 2550 3385 βίον
2577 3315 2958 3388 κατέστρεψαν
2993 3336 3010 3385 ;
3046 3319 3203 3372 πόσοι
3231 3321 3286 3375 δὲ
3311 3323 3371 3375 οὑ
3403 3325 3611 3396 σφόδρα
3645 3326 3735 3380 εὑ·

2161 3400 2414 3473 μόρφοις,
2443 3403 2584 3473 μετά
2610 3403 2817 3474 πολλῆς
2838 3405 3032 3476 ἡδονῆς
3050 3409 3129 3470 εἰς
3154 3409 3381 3478 ἔσχατον
3415 3414 3484 3482 γῆ
3494 3429 3589 3484 ρας
3614 3411 3736 3483 ἡλα-

2161 3508 2296 3556 σαν;
2323 3492 2428 3544 Τὸν
2468 3492 2657 3547 σπῖλον
2677 3493 2770 3546 τὸν
2805 3494 3007 3548 ἔσωθεν
3031 3497 3444 3571 ἀποσμύχωμεν
3466 3541 3482 3565 ,
3508 3502 3613 3567 τὰς
3647 3506 3737 3572 ῥυ-

2156 3579 2306 3642 τίδας
2349 3578 2450 3644 τὰς
2480 3579 2630 3634 ἔνδον
2672 3581 3010 3654 ἐκτίλλωμεν
3030 3623 3044 3647 ,
3077 3585 3204 3647 τοὺς
3241 3585 3463 3658 μώμους
3485 3592 3608 3653 τοὺς
3641 3593 3736 3644 ἐπὶ

2160 3668 2262 3737 τῆς
2287 3667 2469 3739 ψυχῆς
2489 3669 2790 3740 ἀνέλωμεν.
2811 3671 3066 3724 Τοιοῦτον
3087 3674 3116 3726 6
3157 3673 3291 3738 Θεὸς
3323 3677 3573 3748 ἐπιζητεῖ
3600 3679 3733 3734 κάλ-

2156 3753 2246 3820 λος
2269 3773 2283 3786 ·
2319 3756 2397 3826 τῷ
2434 3756 2574 3827 Θεῷ,
2606 3758 2680 3828 μὴ
2715 3760 2872 3829 ἡμῖν,
2903 3760 3076 3831 καλὴν
3105 3761 3276 3834 αὑτὴν
3305 3767 3730 3830 κατασκευάζω-

2159 3861 2281 3914 μεν.
2309 3844 2402 3915 Μὴ
2427 3846 2690 3916 χρήματα
2715 3847 2994 3918 ζητῶμεν,
3022 3849 3154 3920 μηδὲ
3173 3851 3456 3919 εὐγένειαν
3479 3854 3580 3923 τὴν
3601 3854 3733 3920 ἔξω·

2155 3932 2268 3996 θεν,
2295 3931 2413 3986 ἀλλ’
2436 3933 2717 4001 εὐγένειαν
2748 3934 2847 4005 τὴν
2890 3937 2948 3987 ἐν
2969 3936 3136 4009 ψυχῇ.
3168 3938 3376 4009 Μηδεὶς
3396 3939 3504 3993 ἀπὸ
3539 3958 3733 4009 γυναι-

2156 4021 2248 4084 κὸς
2295 4021 2615 4092 άναμενέτω
2667 4023 2922 4076 πλουτεῖν
2950 4041 2963 4053 ο
2989 4024 3214 4094 αίσχρδς
3245 4027 3356 4097 γὰρ
3382 4029 3477 4081 καὶ
3508 4029 3723 4082 ἐπονεί-

2153 4110 2330 4174 διστος
2377 4103 2536 4174 οὗτος
2569 4112 2598 4164 6
2633 4110 2866 4176 πλοῦτος
2888 4129 2902 4143 ο
2943 4113 3078 4185 μηδὲ
3105 4114 3241 4178 ὅλως
3265 4116 3500 4187 ζητείτω
3523 4136 3610 4182 τις
3638 4123 3727 4174 ἐν-

2151 4198 2344 4251 τεῦθεν
2401 4197 2672 4252 πλουτεῖν.
2709 4202 2774 4253 Ol
2833 4199 2946 4268 γὰρ
3001 4201 3373 4273 ,βουλόμενοι
3415 4209 3735 4275 πλουτεῖν,

2154 4287 2340 4356 φησὶν,
2372 4287 2778 4356 ἐμπίπτουσιν
2824 4291 2913 4354 εὶς
2978 4291 3313 4360 πειρασμὸν
3335 4332 3351 4357 ,
3392 4295 3490 4348 καί
3525 4295 3726 4351 ἐπιθυ-

2147 4378 2293 4444 μίας
2334 4373 2634 4440 ἀνοήτους
2685 4374 2784 4428 καὶ
2830 4375 3162 4443 βλαϐεράς,
3195 4379 3294 4432 καὶ
3342 4382 3431 4446 εὶς
3464 4383 3725 4453 παγίδας

2152 4465 2248 4518 καί
2287 4463 2540 4532 ὄλεθρον
2567 4463 2669 4517 καί
2705 4463 3031 4522 ἀπώλειαν.
3074 4467 3208 4520 Ἀπὸ
3248 4470 3502 4536 γυναικὸς
3547 4473 3725 4525 τοίνυν

2155 4550 2232 4622 μὴ
2267 4549 2422 4620 ζήτει
2449 4550 2752 4622 χρημάτων
2775 4551 3116 4623 περιουσίαν,
3152 4555 3247 4608 καὶ
3267 4555 3442 4610 πάντα
3473 4558 3726 4630 εὑρήσεις

2151 4638 2222 4692 τά
2285 4638 2426 4692 ἄλλα
2468 4637 2728 4702 εὐκόλως.
2789 4639 3072 4703 Τίςτείπέ
3123 4659 3236 4711 μοι,
3284 4643 3354 4697 τά
3411 4646 3724 4717 κυριώτερα

2151 4728 2332 4796 ἀφεὶς,
2374 4727 2484 4781 τῶν
2507 4726 2806 4780 ἐλαττόνων
2846 4728 3238 4799 ἐπιμελήσεται
3271 4749 3286 4798 ;
3333 4731 3494 4796 Ἀλλ’,
3533 4734 3718 4804 οῖμοιί

2155 4815 2428 4888 πανταχοῦ
2459 4815 2618 4869 τοῦτο
2643 4815 2926 4887 πάσχομεν
2956 4831 2968 4845 ·
3014 4817 3119 4871 κᾶν
3160 4819 3330 4872 παῖδα.
3362 4819 3720 4891 κτησώμεθα,

2149 4905 2210 4957 οὐ
2266 4901 2640 4973 σπουδάζομεν
2693 4903 2842 4967 ὅπως
2888 4904 3114 4974 γένηται
3146 4907 3348 4976 ἀγαθὸς
3369 4948 3383 4972 ,
3413 4907 3530 4961 ἀλλ’
3562 4908 3711 4974 ὅπως

2150 4992 2412 5047 πλουσίαν
2448 4991 2598 5062 αὑτῷ
2641 4996 2876 5061 γυναῖκα
2900 4993 3154 5066 λάϐωμεν
3181 5011 3197 5027 ⁸
3226 4997 3326 5066 οὑχ
3349 4996 3494 5060 ὅπως
3527 4996 3721 5068 εὔτρο-

2151 5099 2270 5144 πος,
2301 5081 2416 5134 ἀλλ’
2438 5081 2582 5144 ὅπως
2641 5080 2870 5152 εὔπορος
2894 5097 2911 5114 °
2947 5082 3052 5136 κᾶν
3111 5083 3449 5155 ἐπιτήδευμα
3515 5085 3720 5156 μετίωα-

2152 5187 2271 5240 μεν,
2291 5170 2392 5239 οὐχ
2414 5169 2562 5231 ὅπως
2608 5168 3020 5239 ἁμαρτημάτων
3047 5169 3464 5242 ἀπηλλαγμένον
3553 5212 3573 5237 ,
3608 5171 3730 5227 ἀλλ’

2148 5259 2296 5322 ὅπως
2323 5259 2455 5329 ἡμῖν
2478 5258 2668 5329 κέρδος
2690 5258 2962 5332 προσοίσῃ
2987 5259 3128 5329 μέγα
3151 5278 3167 5293 ο
3204 5262 3298 5316 καὶ
3328 5261 3508 5316 πάντα
3530 5264 3720 5331 γέγονε

2148 5349 2427 5418 χρήματα.
2459 5345 2560 5399 Διὰ
2611 5346 2773 5400 τοῦτο
2817 5349 2998 5402 πάντα
3028 5348 3368 5420 διέφθαρται,
3393 5351 3476 5404 ὅτι
3511 5353 3719 5415 ἐκεῖνος

2147 5436 2295 5504 ἡμᾶς
2329 5435 2549 5504 κατέχει
2577 5435 2606 5487 6
2652 5434 2812 5504 ἔρως.
2869 5435 3070 5502 Οὕτως
3118 5437 3459 5506 ὀφείλουσι,
3513 5439 3721 5510 φησὶν,

2146 5525 2202 5577 οί
2229 5523 2450 5592 ἄνδρες
2495 5521 2738 5594 ἀγαπᾷν
2768 5524 2876 5590 τὰς
2913 5525 3146 5579 ἑαυτῶν
3181 5528 3471 5596 γυναῖκας
3497 5570 3512 5593 ,
3539 5529 3620 5596 ὠς
3647 5531 3722 5584 τὰ

2144 5610 2376 5665 ἑαυτῶν
2412 5610 2675 5680 σώματα.
2729 5611 2797 5663 Τί
2853 5610 2918 5682 δὴ
2958 5611 3116 5666 τοῦτό
3140 5614 3332 5679 ἐστιν;
3375 5614 3464 5680 Ὡς
3485 5617 3564 5678 εἰς
3593 5616 3713 5686 μεί-

2145 5698 2277 5763 ζονα
2316 5699 2523 5761 εἰκόνα,
2562 5699 2655 5753 καὶ
2691 5698 3056 5772 σφοδρότερον
3076 5697 3239 5771 ἦλθεν
3270 5701 3573 5774 ὑπόδειγμα
3609 5721 3622 5735 ·
3655 5703 3718 5756 ιὺ

2144 5783 2302 5838 τοῦτο
2347 5783 2404 5841 δὲ
2458 5783 2640 5855 μόνον,
2669 5782 2805 5838 ἀλλά
2848 5783 2943 5837 καὶ
2967 5784 3046 5848 ὡς
3076 5785 3393 5858 ἐγγύτερον,
3423 5788 3518 5844 καὶ
3557 5788 3720 5858 σαφέ-
