4100 6412
450 290 546 346 ςδγ

440 400 760 455 dilectionis.
785 398 878 453 Vis
897 398 989 453 tibi
1014 397 1232 453 obedire
1253 413 1502 464 uxorem,
1521 398 1655 452 sicut
1671 397 1882 451 Christo
1907 394 2012 450 Ec-

436 492 693 546 clesiam?
720 492 830 560 ipse
856 506 1065 559 quoque
1090 491 1205 558 ejus
1236 505 1417 544 curam
1446 505 1573 558 gere
1615 491 1752 543 sicut
1775 486 2018 542 Christus

437 584 725 639 Ecclesia}:
760 584 965 638 etiamsi
1018 584 1249 637 animam
1298 598 1396 652 pro
1431 583 1543 650 ipsa
1588 582 1716 637 dare
1750 590 2012 651 oporteat,

433 676 645 730 etiamsi
676 674 873 729 millies
902 674 1175 728 conscindi
1201 713 1217 738 ,
1257 674 1465 728 etiamsi
1497 674 1723 743 quodvis
1751 673 2017 727 sustinere

436 779 494 822 et
522 767 667 840 pati,
699 781 804 819 non
839 765 1146 828 recusabis;
1177 774 1231 818 et
1260 766 1306 818 si
1339 764 1452 817 haec
1487 778 1672 832 passus
1702 762 1865 817 fueris
1889 806 1904 829 ,
1936 762 2013 815 ni-

443 861 515 915 hil
544 861 718 914 adhuc
745 858 850 913 tale
872 857 1041 912 fecisti
1070 857 1229 927 quale
1259 856 1527 911 Christus.
1556 855 1689 911 Nam
1714 863 1769 909 tu
1797 856 2011 925 quidem

437 955 546 1026 jam
594 956 913 1022 conjunctus
942 951 1056 1005 lucc
1085 950 1255 1005 facis:
1288 951 1377 1006 ille
1420 962 1598 1005 autem
1650 967 1747 1020 pro
1786 966 1849 1005 ea
1894 967 2011 1021 qua:

439 1049 614 1118 ipsum
643 1057 919 1100 aversatur
945 1056 998 1100 et
1038 1045 1161 1099 odio
1193 1044 1368 1099 habet.
1399 1044 1854 1113 Quemadmodum
1884 1060 2013 1114 ergo

438 1142 552 1209 ipse
581 1155 698 1193 eam
729 1153 847 1207 quze
897 1139 1073 1207 ipsum
1118 1137 1489 1203 aversabatur,
1518 1137 1809 1206 oderatque
1833 1146 1887 1193 et
1911 1139 2007 1192 de—

434 1230 660 1299 Spicatui
693 1228 921 1283 habebat
960 1243 1022 1282 ac
1048 1228 1413 1296 conSpuebat,
1441 1237 1496 1283 et
1523 1244 1618 1298 per
1657 1228 1929 1284 lasciviam
1960 1232 2007 1284 ei

431 1322 740 1384 insultahat,
775 1336 962 1390 magna
1007 1336 1100 1375 sua
1153 1335 1277 1375 cura
1327 1322 1439 1375 suis
1480 1321 1708 1389 subjecit
1751 1322 2005 1389 pellibus,

433 1428 536 1467 non
591 1412 749 1466 minis
780 1426 881 1466 nec
926 1411 1266 1465 contumeliis
1311 1427 1483 1480 neque
1523 1423 1665 1466 metu
1697 1428 1869 1480 neque
1900 1412 2007 1466 ullo

429 1505 536 1559 alio
558 1502 819 1573 ejusmodi
846 1521 859 1557 :
895 1503 966 1557 ita
998 1512 1051 1556 tu
1078 1518 1287 1573 quoque
1318 1511 1368 1556 te
1396 1518 1521 1571 gere
1551 1518 1673 1572 erga
1707 1514 1846 1557 tuam
1874 1518 2005 1557 uxo-

426 1613 542 1652 rem
568 1613 581 1648 :
611 1595 818 1650 etiamsi
845 1610 961 1648 eam
994 1593 1190 1648 videris
1215 1593 1595 1662 despicientem
1621 1635 1635 1659 ,
1667 1593 1880 1648 etiamsi
1911 1610 2005 1663 per

428 1689 697 1743 lasciviam
728 1687 1108 1749 insultantem,
1153 1686 1363 1741 etiamsi
1409 1695 1873 1750 contemnentem,
1912 1701 2004 1756 po-

428 1781 555 1835 teris
600 1780 768 1834 multa
812 1778 928 1847 ejus
958 1792 1082 1832 cura
1114 1786 1169 1831 et
1215 1776 1584 1846 providentia,
1632 1776 1921 1832 dilectione
1950 1786 2003 1831 et

424 1870 657 1925 amicitia
708 1884 827 1924 eam
879 1868 982 1922 tuis
1031 1866 1253 1937 pedibus
1302 1867 1586 1937 subjicere.
1633 1866 1775 1922 Nihil
1806 1876 1891 1922 est
1917 1867 2001 1921 his

424 1963 646 2018 vinculis
690 1948 860 2031 magis
911 1961 1280 2031 tyrannicum,
1332 1968 1386 2014 et
1433 1961 1663 2014 maxime
1710 1961 1904 2014 marito
1949 1970 2002 2014 et

422 2057 596 2109 uxnri.
629 2054 761 2109 Nam
795 2052 1051 2108 famulum
1081 2052 1293 2122 quidem
1331 2052 1522 2121 pmerit
1549 2053 1807 2120 quispiam
1856 2060 2000 2106 metu

417 2149 655 2217 alligare,
687 2146 796 2200 imo
840 2161 966 2199 vero
1006 2159 1071 2199 ne
1117 2144 1263 2198 illum
1308 2142 1553 2212 quidem;
1588 2140 1813 2197 fortasse
1856 2142 1997 2196 enim

419 2243 624 2296 resiliet
664 2250 719 2296 et
766 2240 978 2293 abibit:
1020 2240 1139 2292 vitae
1185 2247 1362 2292 autem
1422 2236 1658 2301 sociam,
1708 2236 1996 2291 liberorum

420 2345 642 2388 matrem
663 2375 676 2396 ,
709 2341 761 2387 et
785 2347 903 2401 qua:
930 2342 1009 2385 cs'.
1038 2344 1195 2384 causa
1224 2339 1279 2384 et
1310 2328 1519 2382 occasio
1550 2328 1725 2381 omnis
1755 2327 1953 2380 laetitia:
1972 2367 1990 2392 ,

418 2441 527 2479 non
554 2433 763 2495 oportet
792 2434 935 2478 metu
967 2433 1018 2476 et
1064 2420 1222 2475 minis
1252 2421 1420 2490 ligare
1440 2462 1456 2487 ,
1492 2419 1585 2475 sed
1630 2419 1915 2474 dilectione
1942 2430 1997 2473 et

418 2517 718 2572 atl‘ectione.
744 2515 998 2583 Quaenam
1022 2515 1164 2569 enim
1188 2522 1270 2569 est
1291 2512 1614 2582 conjunctio,
1633 2511 1842 2581 quando
1864 2528 1997 2566 uxor

413 2608 749 2664 exhorrescit
775 2605 1058 2660 maritum?
1080 2605 1317 2673 Quanam
1344 2614 1520 2658 autem
1548 2603 1818 2673 voluptate
1848 2602 1992 2657 frue-

417 2712 503 2755 tur
534 2702 645 2772 ipse
676 2700 932 2764 maritus,
961 2714 1079 2753 cum
1112 2713 1276 2752 uxore
1303 2697 1549 2751 habitans
1580 2707 1847 2766 tamquam
1871 2712 1991 2751 cum

413 2792 605 2846 ancilla
627 2831 641 2855 ,
671 2800 725 2846 et
754 2805 859 2845 non
892 2802 1163 2860 tamquam
1192 2804 1312 2842 eum
1340 2788 1550 2843 libera?
1580 2788 1643 2842 Et
1670 2789 1713 2842 si
1743 2788 1867 2857 quid
1895 2802 1992 2857 pro

414 2899 476 2937 ea
519 2897 706 2953 passus
751 2881 917 2936 fueris
941 2923 955 2946 ,
990 2896 1056 2935 ne
1101 2880 1430 2950 exprobres:
1466 2895 1638 2948 neque
1669 2882 1809 2934 enim
1838 2879 1993 2934 Chri-

415 2983 529 3028 stus
572 2972 675 3028 hoc
717 2972 880 3027 fecit:
934 2971 1000 3026 Et
1044 2973 1264 3039 seipsum
1312 2972 1522 3025 tradidit
1571 2989 1663 3041 pro
1691 2989 1769 3026 ea.
1800 2972 1891 3027 26.
1924 2970 1991 3025 Ut

413 3065 555 3119 illam
583 3064 941 3131 sanctiﬁcaret.
991 3062 1119 3117 Erat
1163 3078 1290 3131 ergo
1320 3062 1592 3117 immunda
1612 3104 1628 3127 ,
1664 3071 1815 3118 erant
1841 3062 1895 3116 in
1924 3077 1987 3117 ea

415 3158 601 3211 sordes
628 3166 682 3211 et
710 3154 955 3218 maculae,
984 3164 1099 3209 erat
1126 3155 1299 3222 turpis
1325 3170 1387 3208 ac
1415 3153 1670 3209 deformis
1688 3196 1702 3219 ,
1734 3155 1854 3208 vilis
1875 3163 1991 3208 erat

408 3257 470 3303 et
514 3248 738 3316 abjecta.
784 3245 1186 3315 Quamcumque
1234 3260 1363 3315 ergo
1413 3246 1684 3315 acceperis
1730 3261 1985 3311 uxorem,

413 3355 521 3394 non
566 3340 723 3394 talem
768 3338 996 3408 accipies
1040 3352 1329 3407 sponsam,
1370 3340 1584 3407 qualem
1610 3339 1854 3392 Christus
1887 3339 1985 3393 Ec-

411 3430 661 3496 clesium,
687 3444 857 3500 neque
884 3444 1001 3499 qua:
1026 3444 1055 3482 a
1081 3438 1132 3483 te
1164 3437 1367 3482 tantum
1399 3429 1573 3495 absit,
1605 3438 1859 3498 quantum
1884 3429 1988 3484 Ec-

409 3523 576 3578 clesia
607 3536 636 3575 a
674 3521 929 3575 Christo:
975 3520 1071 3575 sed
1124 3530 1299 3574 tamen
1348 3536 1454 3574 non
1496 3530 1575 3575 est
1615 3521 1984 3587 abominatus,

412 3630 513 3669 nec
537 3629 653 3669 eam
676 3613 800 3668 odio
823 3612 1006 3667 habuit
1037 3622 1255 3681 propter
1275 3627 1538 3666 summam
1565 3612 1982 3668 deformitatem.

416 3707 505 3762 Vis
522 3706 705 3761 audire
722 3706 836 3776 ejus
853 3702 1283 3759 deformitatem?
1300 3705 1421 3758 audi
1445 3705 1664 3759 Paulum
1681 3704 1947 3760 dicentem
1971 3724 1984 3760 :

416 3799 585 3853 Eratis
610 3800 741 3853 enim
766 3797 1037 3866 aliquando
1065 3797 1277 3850 tenebrae
1315 3795 1529 3866 (Epltes.
1554 3797 1606 3851 5.
1633 3797 1711 3867 8).
1742 3796 1986 3852 Vidistin’

410 3892 529 3959 ejus
581 3889 852 3944 atrorem?
902 3888 1027 3957 quid
1072 3897 1153 3942 est
1202 3887 1370 3941 atrius
1429 3888 1699 3943 tenebris?
1744 3888 1989 3945 Vidistin’

415 3981 720 4034 audaciam?
754 3977 820 4032 In
864 3979 1142 4049 pravitate,
1197 3979 1397 4049 inquit,
1431 3988 1477 4032 et
1522 3979 1712 4033 invidia
1758 3980 1988 4052 degentes

412 4074 435 4142 (
466 4072 565 4127 Tit.
598 4074 650 4127 5.
681 4074 714 4127 5
739 4084 759 4143 )
831 4071 965 4126 Vide
1017 4071 1405 4125 immunditiam
1432 4091 1444 4127 :
1477 4070 1860 4139 lnobedientes,
1907 4074 1988 4127 in-

412 4164 667 4233 sipientes.
713 4161 849 4231 Quid
891 4171 1066 4216 autem
1114 4160 1273 4216 dico?
1315 4172 1369 4216 et
1412 4162 1572 4216 stulta
1612 4172 1728 4217 erat
1772 4172 1827 4218 et
1867 4178 1985 4218 ma-

418 4255 583 4309 ledica
620 4273 633 4308 :
662 4263 714 4308 et
746 4262 920 4308 tamen
952 4268 1072 4307 cum
1123 4265 1226 4307 tam
1254 4254 1419 4307 multa
1449 4254 1500 4307 in
1529 4269 1591 4309 ea
1619 4264 1818 4320 essent,
1848 4264 1986 4308 tam-

416 4364 571 4416 quam
603 4362 698 4416 pro
725 4346 996 4415 speciosa,
1027 4355 1292 4416 tamquam
1325 4360 1422 4415 pro
1447 4346 1640 4401 dilecta
1663 4388 1679 4413 ,
1713 4356 1983 4417 tamquam

419 4457 513 4510 pro
557 4438 904 4501 admiranda,
951 4439 1023 4491 ita
1055 4439 1288 4507 seipsum
1339 4437 1558 4493 tradidit
1598 4454 1695 4508 pro
1737 4438 1983 4494 deformi.

416 4535 527 4591 llnc
556 4533 753 4586 mirans
789 4531 1000 4586 dicebat
1032 4531 1261 4594 Paulus,
1303 4529 1402 4585 Vix
1430 4531 1563 4585 enim
1594 4548 1686 4600 pro
1706 4532 1849 4601 justo
1875 4533 1988 4601 quis

417 4626 656 4678 morietur
683 4621 700 4688 (
724 4622 873 4676 Rom.
905 4622 959 4676 5.
989 4622 1021 4675 7
1050 4620 1106 4693 );
1148 4632 1201 4676 et
1230 4636 1444 4688 rursus,
1480 4621 1541 4675 Si
1566 4638 1678 4675 cum
1704 4638 1795 4675 nos
1820 4623 1989 4676 adhuc

416 4723 697 4785 peccatores
742 4729 958 4767 essemus
980 4755 994 4779 ,
1044 4712 1274 4767 Christus
1327 4730 1419 4782 pro
1465 4712 1605 4767 nobis
1648 4722 1720 4767 est
1761 4723 1990 4769 mortuus

417 4806 592 4874 (Ibid.
630 4821 678 4859 υ.
705 4806 756 4860 8.
792 4805 882 4875 9).
914 4804 981 4859 Et
1010 4820 1129 4860 cum
1164 4807 1324 4860 talem
1376 4806 1702 4875 accepisset,
1744 4821 1859 4860 eam
1900 4821 1992 4861 or-

414 4907 511 4952 nat
547 4908 600 4951 et
631 4898 799 4965 lavat,
832 4905 887 4951 et
932 4912 1000 4952 ne
1050 4896 1151 4951 hoc
1194 4897 1407 4967 quidem
1461 4907 1691 4952 recusat.
1729 4896 1796 4951 Ut
1840 4897 1982 4951 illaut

415 4990 754 5056 sanctiﬁcaret
779 5029 793 5053 ,
834 4987 1085 5041 mandans
1111 4988 1310 5041 lavacro
1341 5004 1486 5059 aqute
1519 4990 1571 5042 in
1600 4988 1776 5051 verbo,
1807 4989 1897 5042 9.7.
1931 4998 1985 5042 ut

418 5081 665 5136 exhiberet
690 5083 797 5151 ipse
820 5080 915 5134 sibi
942 5080 1221 5148 gloriosam
1251 5080 1528 5135 Ecclesium
1549 5123 1563 5146 ,
1594 5099 1695 5135 non
1726 5082 1989 5136 habentem

418 5172 669 5225 maculam
691 5214 702 5234 ,
731 5182 816 5225 aut
840 5189 1056 5243 rugam,
1084 5182 1172 5224 aut
1198 5171 1390 5242 aliquid
1419 5173 1701 5244 ejusmodi,
1728 5174 1816 5227 sed
1841 5184 1895 5226 ut
1919 5175 1983 5227 sit

416 5272 593 5316 sancta
636 5272 683 5314 et
710 5262 1056 5318 immaculata.
1102 5261 1339 5316 Lavacro
1381 5263 1522 5316 lavat
1559 5265 1674 5330 ejus
1705 5263 1988 5317 immundi-

416 5354 568 5407 tiam.
597 5352 663 5406 In
690 5353 869 5419 verba,
925 5354 1116 5422 inquit.
1163 5353 1443 5420 Quonam?
1486 5355 1540 5407 ln
1573 5356 1790 5409 nomine
1818 5355 1991 5410 Patris

413 5454 471 5499 et
519 5443 637 5498 Filii
667 5454 720 5498 et
764 5445 996 5515 Spiritus
1035 5446 1229 5499 sancti.
1259 5445 1368 5500 Nec
1395 5447 1565 5500 solum
1595 5463 1711 5501 eam
1741 5451 1988 5515 ornavit,

421 5535 513 5589 sed
560 5535 683 5590 fecit
719 5537 1042 5606 gloriosam,
1095 5535 1217 5590 Non
1268 5538 1530 5591 habentem
1570 5540 1856 5605 maculam,
1907 5551 1993 5593 aut

417 5643 596 5697 rugam
617 5670 629 5687 .
660 5636 747 5680 aut
773 5628 967 5698 aliquid
1010 5628 1277 5699 ejusmodi.
1310 5629 1376 5682 Et
1407 5644 1505 5683 nos
1532 5644 1659 5699 ergo
1686 5647 1990 5700 quaeramus

416 5721 555 5775 ttauc
580 5721 1049 5792 pulchritudinem,
1076 5733 1128 5779 et
1155 5723 1446 5793 poterimus
1470 5737 1589 5779 esse
1612 5724 1725 5794 ejus
1748 5724 1983 5795 opilices.

1358 287 1421 342 IN
1464 285 1679 342 EPIST.
1721 285 1812 340 AD
1850 283 2090 339 El‘ﬂES'.
2132 284 2282 341 CAP.
2326 287 2390 342 V.
2434 288 2658 347 l‘IOM‘lL.
2700 293 2817 348 XX.

3604 308 3703 363 I33

2127 396 2436 491 Nequarras
2461 401 2530 456 ab
2559 420 2725 461 uxore
2752 422 2874 475 qua)
2901 424 3007 465 non
3048 420 3174 469 sunt
3198 414 3335 485 ejus.
3363 414 3525 475 Vides
3555 424 3701 491 quod

2124 503 2153 541 a
2199 490 2427 547 Domino
2471 498 2649 550 omnia
2682 497 2931 556 habuerit
2973 503 3252 561 Ecclesia:
3285 509 3353 565 ab
3396 512 3513 580 ipso
3559 490 3697 570 facta

2122 586 2207 632 est
2232 580 2459 647 gloriosa
2487 625 2502 649 ,
2530 585 2597 640 ah
2626 588 2740 658 ipso
2768 588 2902 645 facta
2929 602 3008 647 est
3037 596 3153 651 sine
3182 599 3408 655 macula.
3434 602 3512 656 Ne
3537 620 3693 661 aver-

2122 671 2258 726 seris
2282 689 2510 769 uxorem
2558 690 2775 769 propter
2821 682 3240 743 deformitatem.
3271 693 3407 748 Audi
3446 696 3661 769 Scripta

2119 775 2235 813 ram
2263 761 2527 820 dicentem
2556 786 2567 820 :
2601 766 2771 824 Parva
2816 772 2871 826 in
2898 775 3183 831 volucribus
3227 782 3373 851 apis,
3407 795 3454 838 et
3492 761 3694 842 iniliunt

2120 851 2441 946 dulcediuum
2470 868 2545 911 est
2587 860 2781 929 fructus
2823 866 2933 934 ejus
2976 866 3164 939 (Eceli.
3215 873 3303 927 Η.
3348 874 3430 946 5).
3476 877 3565 932 Dei
3611 893 3693 935 est

2119 942 2424 1034 ﬁgmentum
2451 965 2464 998 :
2498 965 2604 1004 non
2658 952 2805 1007 illam
2836 962 3160 1014 contumelia
3211 942 3418 1034 amcis,
3448 969 3541 1024 sed
3568 984 3697 1026 eum

2117 1032 2207 1100 qui
2230 1033 2398 1103 ipsam
2429 1038 2576 1094 fecit.
2609 1042 2745 1109 Quid
2777 1057 2895 1114 agat
2924 1050 3159 1103 mulier?

2186 1126 2438 1226 Iit-uxore
2465 1133 2589 1226 quid
2610 1140 2960 1204 quem-endam.
2982 1143 3150 1199 —Ne
3182 1146 3324 1203 illam
3356 1150 3540 1210 laudes
3568 1170 3692 1226 pro-

2117 1224 2233 1284 pter
2257 1217 2443 1274 formae
2468 1223 2786 1293 elegantiam
2816 1245 2829 1281 :
2861 1230 3252 1301 impudicorum
3280 1217 3583 1299 animarum
3606 1258 3688 1301 est

2112 1316 2167 1407 et
2196 1307 2393 1407 laus-et
2420 1312 2548 1367 illud
2580 1315 2795 1385 odium,
2825 1329 2880 1374 et
2929 1323 3041 1390 ipsa
3072 1324 3307 1382 dilectio.
3341 1331 3531 1399 Quaere
3568 1339 3688 1407 pul-

2112 1401 2468 1459 chritudinem
2531 1408 2772 1464 animae:
2829 1412 3039 1468 imitare
3102 1432 3357 1486 sponsum
3409 1401 3682 1483 Ecclesiae.

2110 1491 2346 1549 Externa
2376 1497 2714 1565 pulchritudo
2734 1502 2889 1572 plena
2918 1516 3000 1560 est
3029 1513 3350 1579 arrogantia:
3376 1526 3429 1569 et
3455 1518 3688 1575 insolen-

2112 1585 2230 1680 tiae,
2261 1595 2315 1639 et
2343 1587 2510 1656 injicit
2544 1592 2594 1644 in
2625 1593 2976 1665 zelotypiam.
3010 1609 3065 1653 et
3094 1618 3239 1671 sa-pe
3268 1612 3325 1660 te
3358 1606 3482 1661 facit
3509 1614 3685 1680 suspi-

2107 1677 2214 1729 cari
2244 1694 2356 1732 rem
2386 1682 2668 1738 absurdam
2697 1694 2749 1739 cl
2781 1699 3011 1757 turpem.
3039 1696 3099 1746 At
3130 1695 3288 1752 habet
3314 1677 3636 1771 voluptatem
3657 1708 3687 1760 ?

2109 1767 2285 1837 Usque
2314 1772 2378 1825 ad
2412 1773 2639 1841 primum
2671 1787 2724 1831 et
2754 1783 3046 1837 secundum
3078 1801 3318 1844 mensem
3343 1832 3359 1857 ,
3392 1767 3484 1848 aut
3511 1798 3680 1865 pluri-

2106 1874 2249 1913 mum
2279 1877 2446 1932 usque
2475 1865 2539 1918 ad
2572 1881 2805 1936 annum,
2851 1873 3045 1928 deinde
3090 1892 3196 1933 non
3228 1884 3460 1952 amplius
3482 1928 3497 1951 ,
3528 1891 3621 1943 sed
3649 1907 3681 1947 θ

2104 1952 2490 2009 consuetudine
2531 1961 2812 2014 marcescit
2841 1964 3154 2021 miraculum
3188 1987 3201 2023 :
3241 1987 3360 2042 quae
3401 1992 3528 2032 vero
3558 1995 3680 2050 pro-

2104 2050 2221 2109 pter
2248 2044 2694 2111 pulchritudinem
2726 2052 2865 2107 mala
2891 2053 3241 2129 advenerunt,
3273 2044 3572 2134 remanent,
3600 2072 3679 2125 fa-

2103 2140 2250 2197 stus,
2303 2139 2604 2205 arrogantia
2651 2150 2705 2194 et
2749 2153 3107 2215 contemptus.
3142 2152 3198 2204 In
3245 2169 3306 2207 ea
3339 2170 3514 2212 autem
3560 2176 3679 2231 quae

2103 2241 2207 2280 non
2260 2238 2344 2282 est
2384 2230 2680 2299 ejusmodi,
2712 2235 2841 2290 nihil
2875 2240 3013 2305 tale;
3044 2242 3138 2296 sed
3186 2249 3378 2303 merito
3406 2265 3558 2306 amor
3578 2230 3673 2309 in-

2098 2317 2302 2385 cipiens
2330 2320 2482 2375 valde
2510 2335 2825 2392 permanet,
2858 2332 3112 2398 quoniam
3149 2344 3235 2390 est
3262 2339 3673 2406 pulchritudinis

2099 2416 2290 2461 anima:
2307 2450 2321 2473 ,
2356 2425 2461 2464 non
2498 2416 2768 2482 corporis.

2169 2499 2222 2553 5.
2257 2498 2443 2555 Uxoris
2472 2505 2675 2573 optima
2700 2506 2858 2562 dotes.
2890 2540 2963 2551 —-
2993 2512 3085 2569 llic
3129 2516 3259 2571 mihi
3283 2561 3298 2584 ,
3347 2522 3474 2589 quid
3503 2533 3587 2579 est
3613 2527 3665 2581 in

2098 2589 2229 2643 cielo
2246 2591 2434 2646 melius
2454 2602 2507 2647 et
2526 2599 2897 2662 praisxantius?
2925 2601 3058 2668 Quid
3085 2607 3273 2663 melius
3288 2613 3482 2667 astris?
3502 2615 3674 2682 Quodv

2097 2695 2325 2751 cumque
2363 2684 2562 2739 dixeris
2603 2703 2833 2757 corpus,
2867 2707 2971 2747 non
2998 2705 3077 2749 est
3103 2697 3237 2752 adeo
3261 2701 3473 2770 album;
3514 2722 3674 2776 quos-

2095 2788 2322 2844 cumque
2346 2776 2545 2832 dixeris
2572 2782 2779 2848 oculns,
2807 2800 2910 2838 non
2934 2799 3057 2841 sunt
3077 2790 3211 2845 adeo
3238 2793 3342 2847 laeti
3366 2805 3421 2850 et
3446 2797 3665 2859 hilares.

2095 2864 2191 2920 llis
2222 2876 2401 2921 autem
2425 2872 2621 2925 creatis
2646 2873 2806 2927 etiam
2829 2879 3004 2945 angeli
3033 2890 3156 2934 sunt
3181 2882 3460 2951 admirati;
3492 2900 3547 2944 et
3574 2907 3672 2947 nos

2094 2973 2305 3028 quoque
2335 2976 2476 3017 nunc
2506 2964 2798 3033 miramur,
2842 2968 2936 3023 sed
2968 2984 3073 3024 non
3106 2973 3245 3028 sicut
3273 2976 3340 3029 ab
3371 2979 3537 3034 initio.
3569 2982 3669 3036 Ta-

2093 3049 2160 3103 lis
2179 3052 2321 3104 enim
2347 3068 2431 3106 res
2451 3064 2534 3108 est
2551 3060 2890 3112 consuetudo
2916 3079 2930 3115 :
2959 3077 3061 3116 non
3086 3065 3333 3123 similiter
3352 3072 3664 3140 stupefecit;

2087 3152 2290 3210 quanto
2315 3146 2482 3215 magis
2511 3148 2563 3201 in
2597 3150 2858 3205 muliere?
2887 3151 2978 3207 Sin
3006 3164 3186 3211 autem
3224 3161 3441 3217 morbus
3466 3179 3658 3235 super-

2092 3234 2334 3301 venerit,
2369 3246 2535 3292 totum
2566 3241 2747 3294 statim
2779 3244 2979 3299 evolat.
3021 3247 3337 3313 Quaaramus
3366 3270 3396 3307 a
3442 3234 3669 3316 muliere

2095 3323 2555 3395 benevolentiam,
2611 3332 2969 3400 modestiam,
3020 3338 3475 3415 moderationem,
3530 3349 3665 3404 lani-

2098 3425 2257 3510 tatem
2289 3428 2342 3471 et
2368 3418 2751 3490 benignitatem
2782 3442 2794 3477 :
2824 3425 2941 3482 lucc
2968 3439 3091 3482 sunt
3115 3431 3263 3501 signa
3293 3447 3347 3489 et
3373 3448 3514 3493 notae
3543 3442 3665 3510 pul-

2093 3505 2435 3562 chritudinis.
2456 3510 2571 3565 Non
2584 3528 2888 3582 quaeramus
2900 3527 3076 3573 autem
3091 3525 3335 3593 corporis
3349 3505 3663 3597 elegantiam

2091 3615 2154 3655 ac
2202 3610 2559 3669 venustatem,
2616 3621 2716 3661 nec
2769 3623 2888 3662 eam
2931 3612 3292 3681 vituperamus
3321 3632 3538 3691 propter
3566 3641 3660 3691 ea,

2092 3707 2212 3761 qua:
2256 3709 2360 3747 non
2395 3694 2557 3750 habet
2585 3697 2637 3749 in
2685 3707 2984 3767 potestate;
3016 3704 3123 3757 imo
3150 3723 3283 3764 vero
3308 3726 3408 3767 nec
3447 3720 3665 3775 omnino

2092 3788 2488 3853 vituperemus;
2531 3789 2811 3845 audacium
2857 3794 3001 3848 enim
3052 3796 3103 3851 id
3148 3811 3263 3866 est;
3309 3818 3482 3873 neque
3522 3824 3664 3879 mgre

2091 3876 2345 3930 feramus.
2378 3883 2571 3936 Annon
2618 3881 2812 3938 videtis
2855 3901 3014 3954 quam
3042 3890 3235 3958 multi,
3268 3896 3356 3962 qui
3386 3911 3508 3953 cum
3554 3876 3667 3957 for-

2092 3968 2255 4022 mosis
2299 3970 2616 4024 mulieribus
2660 3972 3000 4042 habitarent,
3053 3981 3433 4040 miserabiliter
3459 4004 3490 4043 e
3527 3991 3662 4047 vivis

2092 4060 2468 4113 excesserunt?
2491 4077 2648 4131 quam
2676 4066 2829 4119 multi
2873 4078 3049 4123 autem
3081 4086 3202 4126 cum
3232 4089 3338 4130 non
3370 4080 3521 4135 valde
3549 4082 3660 4137 for-

2090 4149 2294 4216 mosis,
2327 4167 2447 4205 cum
2494 4154 2659 4208 multa
2711 4157 2982 4225 voluptate
3028 4161 3094 4215 ad
3140 4174 3439 4222 extremam
3490 4187 3661 4242 usque

2090 4252 2415 4299 seneclulem
2448 4250 2847 4314 pervenerunt?
2878 4250 3077 4306 Sordes
3116 4254 3352 4312 internas
3398 4274 3663 4334 expurge-

2093 4348 2229 4398 mus,
2260 4350 2416 4405 rugas
2444 4352 2564 4406 qua:
2592 4348 2718 4392 sunt
2751 4340 2893 4393 intus
2920 4342 3235 4411 evellamu,
3270 4347 3518 4405 tollamus
3544 4370 3667 4409 ma-

2092 4427 2239 4481 culas
2263 4444 2383 4497 qua:
2408 4437 2532 4481 sunt
2562 4430 2617 4482 in
2656 4431 2854 4484 anima.
2886 4432 3068 4488 Talem
3120 4436 3260 4492 Deus
3286 4443 3508 4511 requirit
3542 4449 3661 4516 pul-

2092 4517 2485 4574 chritudinem:
2523 4522 2664 4587 Deo,
2714 4538 2820 4576 non
2868 4525 3022 4579 nobis
3062 4541 3181 4582 eam
3221 4531 3510 4591 reddamus
3537 4542 3659 4609 pul-

2093 4609 2297 4663 chram.
2330 4609 2443 4664 Non
2472 4626 2773 4679 quaaramus
2805 4616 3075 4684 pecunias,
3108 4633 3215 4673 non
3241 4631 3538 4695 externam,
3568 4632 3662 4686 sed

2093 4718 2212 4770 quae
2241 4712 2323 4756 est
2365 4702 2422 4756 in
2465 4704 2639 4757 anima
2664 4747 2680 4770 ,
2725 4706 3083 4762 nobilitatem.
3113 4710 3287 4768 Nemo
3336 4721 3567 4785 patiatur
3610 4734 3668 4778 ut

2094 4794 2294 4849 ditetur
2321 4812 2351 4848 a
2377 4795 2602 4850 muliere
2626 4813 2640 4850 :
2673 4804 2857 4867 turpes
2884 4799 3026 4854 enim
3049 4810 3106 4857 et
3133 4806 3406 4873 probrosa:
3430 4821 3553 4866 sunt
3584 4815 3667 4868 ha:

2094 4887 2330 4943 divitize:
2364 4904 2536 4957 neque
2562 4893 2782 4944 omnino
2825 4901 3027 4961 quaarat
3073 4896 3333 4967 quispiam
3380 4901 3502 4958 hinc
3530 4904 3673 4960 dite-

2097 4993 2267 5034 scere.
2302 4977 2441 5031 Nam
2466 4980 2548 5049 qui
2573 4981 2745 5034 solum
2771 4997 2876 5036 esse
2899 4982 3095 5052 divites,
3115 4986 3341 5043 incidunt
3360 4992 3419 5045 in
3435 4998 3670 5049 remotio-

2098 5088 2208 5124 nem
2228 5110 2243 5136 ,
2268 5081 2313 5124 et
2339 5072 2392 5124 in
2439 5072 2688 5125 desideria
2728 5073 2930 5127 inutilia
2958 5086 3004 5129 et
3054 5080 3240 5145 noxia,
3266 5092 3311 5133 et
3350 5087 3402 5135 in
3432 5082 3637 5151 laqueos
3658 5128 3671 5146 .

2098 5177 2143 5220 et
2182 5167 2243 5217 in
2261 5166 2464 5220 exilium
2495 5175 2540 5218 et
2565 5166 2619 5219 in
2646 5167 2899 5221 interitum
2927 5171 3001 5238 (1.
3033 5169 3163 5224 Tim.
3195 5175 3247 5227 6.
3278 5175 3354 5244 9).
3383 5179 3464 5229 Ah
3508 5186 3677 5235 uxore

2098 5275 2227 5330 ergo
2247 5276 2314 5313 ne
2337 5274 2543 5329 quaeras
2572 5259 2780 5325 collium
2811 5263 3073 5329 pecunia},
3103 5273 3157 5318 et
3186 5265 3286 5318 alia
3316 5267 3493 5322 onmia
3523 5271 3673 5327 facile

2099 5351 2358 5406 invenies.
2384 5350 2536 5418 Quis,
2555 5351 2878 5418 dic,auaaso,
2908 5353 3141 5410 dimissis
3165 5355 3231 5410 iis
3262 5373 3381 5426 qua:
3405 5370 3526 5415 sunt
3549 5378 3675 5430 prm-

2102 5444 2278 5513 cipua,
2310 5444 2578 5496 minorum
2614 5458 2795 5496 curam
2833 5446 3016 5512 geret?
3054 5446 3158 5500 Sed
3184 5487 3200 5512 ,
3235 5447 3322 5503 hei
3361 5451 3520 5505 mihi!
3561 5453 3675 5508 lucc

2105 5538 2258 5591 nobis
2288 5550 2498 5604 semper
2523 5534 2846 5589 usuveniunt
2866 5577 2883 5600 ,
2912 5544 2965 5589 et
3004 5537 3073 5589 ita
3103 5536 3372 5595 aflicinmr
3400 5560 3413 5595 :
3456 5554 3511 5598 et
3540 5546 3582 5598 si
3611 5546 3677 5599 li-

2103 5629 2231 5683 lium
2271 5627 2581 5692 habeamus,
2612 5641 2718 5680 non
2747 5625 2981 5681 studium
3007 5628 3254 5696 ponimus
3278 5642 3335 5685 ut
3355 5633 3550 5689 evadat
3576 5636 3674 5689 bu-

2109 5736 2207 5777 uus
2231 5761 2247 5789 ,
2290 5719 2383 5777 sed
2407 5729 2463 5775 ut
2492 5720 2541 5776 ei
2570 5719 2788 5775 divitem
2826 5720 3148 5793 accipiamus
3187 5742 3440 5795 uxorem;
3474 5744 3579 5785 non
3621 5741 3679 5787 ut
