4100 6412
437 322 538 378 159

438 433 592 491 υυιιίε
613 436 681 489 sit
701 435 958 501 moribus,
990 433 1084 489 sed
1120 442 1179 488 ut
1215 431 1453 488 abundet
1476 431 1668 501 opibus
1702 448 1714 484 :
1744 438 1799 485 et
1823 429 1866 483 si
1896 429 2016 481 vim:

456 529 733 581 nstitutum
765 541 1169 596 persequamur,
1195 538 1301 579 non
1329 523 1616 592 quaerimus
1644 531 1705 575 ut
1732 522 1801 575 sit
1825 536 1853 573 a
1896 534 1992 587 per.

434 618 570 671 catis
598 618 847 678 liberum.
874 618 969 671 sed
1001 626 1056 670 ut
1087 632 1334 685 magnum
1366 615 1520 669 nobis
1551 612 1737 667 aﬂ'erat
1766 612 1969 665 lucrum
2007 654 2014 662 .

344 732 347 737 ·
435 719 492 765 et
519 709 695 763 omnia
724 709 777 763 in
810 709 1088 777 pecuniam
1112 724 1262 762 versa
1292 718 1434 761 sunt.
1464 704 1588 759 Ideo
1612 712 1863 771 corrupta
1890 711 2015 756 sunt

435 803 612 857 omnia
638 843 655 870 ,
697 801 947 871 quoniam
980 811 1223 857 tenemur
1251 801 1342 855 illo
1371 814 1573 853 amore.
1592 797 1685 853 9.8.
1719 796 1805 851 Ita
1827 806 1871 851 et
1897 797 2009 857 viri,

434 895 647 965 inquit,
692 894 869 949 debent
910 894 1120 963 diligere
1165 908 1350 946 uxores
1391 908 1546 957 suas,
1578 899 1633 943 ut
1657 905 1871 957 corpora
1896 904 2010 940 sua.

433 985 571 1053 Quid
602 988 702 1039 hoc
730 985 844 1038 est?
872 983 1165 1052 Tamquam
1208 981 1273 1035 ad
1304 981 1560 1050 majorem
1593 979 1875 1047 imaginem
1919 992 2011 1030 ve-

433 1080 513 1132 nit
550 1088 604 1133 et
636 1078 1002 1133 vehementius
1043 1076 1346 1145 exemplum
1387 1095 1401 1130 :
1450 1089 1623 1142 neque
1667 1075 1769 1129 hoc
1815 1073 2009 1135 solum,

433 1170 526 1226 sed
557 1181 823 1240 tamquam
855 1170 920 1223 ad
947 1168 1294 1239 propinquius
1321 1177 1375 1222 et
1405 1166 1760 1228 manifestius,
1791 1175 1844 1219 et
1870 1164 2008 1233 quod

432 1264 589 1317 aliam
616 1262 808 1317 habeat
844 1262 982 1331 juris
1011 1262 1295 1316 rationem.
1335 1260 1466 1314 Nam
1506 1259 1631 1314 illud
1662 1259 1877 1328 quidem
1904 1273 2008 1311 non

433 1363 549 1406 erat
586 1352 871 1407 admodum
902 1353 1287 1407 necessarium.
1317 1351 1397 1406 Ne
1424 1352 1543 1420 quis
1569 1352 1710 1406 enim
1738 1351 1895 1414 dicat,
1920 1349 2012 1403 Ille

430 1445 675 1500 Christus
694 1454 830 1508 erat,
859 1453 914 1499 et
941 1444 1079 1499 Deus
1106 1452 1258 1508 erat,
1286 1453 1341 1499 et
1369 1442 1605 1511 seipsum
1631 1442 1881 1506 tradidit;
1906 1440 2008 1494 alia

426 1536 536 1606 jam
554 1536 762 1590 ratione
779 1546 833 1590 et
849 1534 1104 1589 methodo
1124 1534 1174 1588 id
1197 1535 1407 1604 probat,
1430 1534 1614 1587 dicens
1641 1550 1654 1585 :
1681 1532 1770 1587 Sic
1789 1532 1969 1585 debent
1991 1546 2010 1583 :

433 1644 537 1682 non
570 1628 712 1684 enim
742 1644 828 1682 res
853 1637 1001 1697 grata
1022 1669 1036 1693 ,
1066 1626 1159 1681 sed
1197 1625 1456 1681 debitum.
1498 1623 1629 1679 Cum
1668 1624 1908 1687 dixisset,
1942 1621 2010 1678 Ut

429 1738 522 1774 sua
544 1737 778 1791 corpora,
818 1720 1035 1789 adjecit,
1062 1720 1152 1776 29.
1183 1719 1349 1774 Nemo
1380 1721 1514 1774 enim
1540 1736 1780 1791 umquam
1807 1736 2010 1772 carnem

429 1830 575 1867 suam
620 1813 738 1868 odio
779 1813 993 1879 habuit,
1035 1814 1123 1867 sed
1146 1813 1302 1866 nutrit
1350 1822 1396 1865 et
1434 1816 1568 1882 fovet
1600 1829 1733 1867 eum.
1768 1812 1878 1865 Hoc
1901 1820 2006 1877 est,

430 1918 624 1974 magno
661 1903 838 1958 studio
863 1913 916 1958 et
941 1902 1214 1972 diligentia
1244 1917 1364 1957 eam
1408 1911 1579 1957 curat.
1622 1902 1901 1970 Quomodo
1928 1911 2011 1956 est

429 2011 557 2051 caro
585 1995 740 2065 ejus?
770 1994 903 2049 Audi
936 2013 950 2049 :
980 1994 1093 2048 Hoc
1113 2011 1247 2047 nunc
1268 2012 1322 2048 os
1345 2010 1407 2049 ea:
1427 1995 1620 2049 ossibus
1643 1995 1787 2059 meis,
1817 1993 2007 2064 inquit,

429 2097 475 2141 et
501 2104 619 2140 caro
645 2103 708 2140 ea:
731 2103 882 2140 carne
904 2103 1014 2140 mea
1038 2085 1193 2155 (Gen.
1218 2085 1271 2139 2.
1290 2086 1406 2156 25).
1433 2085 1541 2141 Nec
1570 2086 1669 2141 hoc
1694 2086 1885 2153 solum,
1913 2086 2007 2141 sed

429 2180 589 2233 etiam
621 2197 635 2233 :
664 2177 868 2241 Erunt,
911 2178 1117 2247 inquit,
1147 2178 1202 2231 in
1245 2194 1398 2232 carne
1434 2194 1538 2231 una
1568 2176 1785 2250 (Ephes.
1813 2179 1869 2234 5.
1892 2178 2007 2249 51).

431 2272 576 2327 Sicut
604 2282 648 2326 et
678 2271 906 2325 Christus
932 2270 1111 2324 dilexit
1148 2268 1447 2323 Ecclesium.
1478 2270 1636 2324 Venit
1670 2269 1736 2323 ad
1776 2269 2006 2341 primum

429 2364 755 2433 exemplum.
787 2362 876 2418 50.
911 2362 1044 2428 Quia
1070 2364 1291 2415 membra
1311 2378 1484 2415 sumus
1510 2362 1738 2432 corporis
1767 2363 1905 2431 ejus,
1946 2363 2011 2415 de

429 2472 582 2510 carne
604 2457 714 2527 ejus
741 2465 787 2509 et
810 2455 1005 2509 ossibus
1032 2455 1163 2525 ejus.
1191 2454 1509 2520 Quomodo?
1531 2454 1611 2508 Ex
1634 2465 1813 2508 nostra
1839 2454 2008 2509 factus

425 2557 510 2601 est
536 2546 761 2602 materia
787 2588 801 2608 ,
834 2546 973 2602 sicut
1001 2554 1056 2600 et
1078 2546 1185 2599 Eva
1214 2559 1339 2599 caro
1372 2554 1487 2599 erat
1513 2561 1580 2599 ex
1606 2560 1768 2599 carne
1791 2544 2002 2598 Adami.

428 2639 595 2693 Recte
635 2648 813 2692 autem
842 2652 962 2691 ossa
999 2646 1054 2691 et
1077 2651 1290 2691 carnem
1327 2638 1645 2690 memoravit
1677 2653 1691 2689 :
1725 2636 1839 2691 haec
1863 2636 2005 2690 enim

428 2739 554 2785 sunt
597 2745 717 2799 qute
761 2728 816 2783 in
864 2728 1017 2782 nobis
1060 2729 1408 2797 principatum
1457 2737 1678 2793 tenent,
1719 2742 1910 2783 carnes
1953 2737 2009 2782 et

426 2837 548 2876 ossa
579 2840 594 2875 :
625 2822 738 2877 haec
766 2820 981 2889 quidem
1021 2820 1258 2888 subjecta
1308 2829 1575 2890 tamquam
1622 2820 1862 2891 qumdam
1911 2837 2006 2876 ca-

427 2912 565 2979 rina,
591 2912 678 2966 illa
723 2920 900 2965 autem
943 2920 1211 2980 tamquam
1241 2909 1549 2965 mdiﬁcimn.
1584 2911 1692 2966 Sed
1726 2911 1854 2965 illud
1887 2912 2004 2980 qui-

426 3005 547 3057 dem
597 3013 680 3058 est
730 3002 1109 3072 perspicuum;
1161 3002 1263 3056 hoc
1300 3010 1475 3056 autem
1521 3003 2007 3071 quomodo?Sicut

425 3096 532 3153 illic
557 3104 699 3150 tanta
730 3104 811 3149 est
838 3094 1202 3163 propinquitas
1223 3135 1237 3159 ,
1273 3093 1341 3146 ita
1361 3132 1378 3159 ,
1410 3093 1617 3162 inquit,
1656 3094 1742 3148 hic
1770 3110 2003 3165 quoque.

425 3192 561 3260 Quid
582 3199 683 3253 est.
713 3190 795 3244 Ea:
816 3207 966 3244 carne
989 3192 1098 3260 ejus
1122 3191 1146 3243 ?
1171 3191 1282 3245 Hoc
1311 3198 1413 3253 est,
1436 3204 1564 3244 vere
1582 3200 1635 3245 et
1659 3204 1911 3258 germane
1937 3205 2004 3243 ex

425 3285 561 3352 ipso.
593 3282 656 3335 Et
685 3281 954 3350 quomodo
984 3282 1062 3335 sic
1087 3280 1286 3334 Christi
1332 3280 1568 3334 membra
1600 3295 1782 3334 snnms
1806 3282 1829 3334 ?
1857 3281 2001 3348 Quo-

425 3374 565 3427 niam
600 3371 721 3426 facti
748 3385 932 3425 sumus
961 3370 1100 3425 sicut
1139 3372 1273 3440 ipse.
1321 3371 1385 3423 Et
1413 3369 1681 3440 quomodo
1706 3385 1770 3424 ex
1801 3371 2002 3426 carne?

420 3464 586 3522 Scitis
630 3465 949 3533 quicumque
993 3461 1123 3516 estis
1166 3460 1453 3530 participes
1482 3463 1855 3531 mysteriorum
1885 3480 1898 3514 :
1931 3477 1997 3515 ex

426 3558 528 3611 hoc
553 3556 695 3611 enim
740 3556 918 3610 statim
943 3553 1327 3608 eﬁ'ormamur?
1373 3553 1441 3607 Et
1465 3554 1774 3621 quomodo?
1799 3553 2003 3609 Rursus

422 3651 546 3705 audi
594 3650 735 3704 hunc
786 3650 1002 3703 beatum
1048 3646 1359 3701 dicentem:
1405 3646 1657 3713 Quoniam
1701 3663 1819 3717 ergo
1859 3647 2001 3715 pueri

421 3746 853 3799 communicarunt
879 3742 1020 3794 carni
1048 3749 1093 3794 et
1131 3740 1388 3809 sanguini,
1413 3740 1644 3793 similiter
1669 3740 1775 3808 ipse
1807 3755 2002 3809 quoque

423 3851 596 3890 eorum
639 3834 737 3904 fuit
784 3834 1056 3902 particeps.
1083 3831 1188 3887 Sed
1225 3831 1311 3886 hic
1353 3833 1468 3901 ipse
1506 3831 1660 3885 nobis
1700 3832 2001 3885 communi-

422 3928 566 3983 cavit
590 3968 605 3990 ,
633 3943 738 3980 non
767 3941 864 3980 nos
894 3925 995 3994 ipsi
1023 3942 1037 3977 :
1066 3925 1337 3994 quomodo
1378 3939 1506 3994 ergo
1531 3939 1715 3979 sumus
1743 3940 1806 3978 ex
1837 3940 2000 3981 carne

421 4021 540 4089 ejus
560 4028 615 4074 ct
638 4035 704 4072 ex
734 4017 945 4072 ossibus
971 4016 1121 4085 ejus?
1146 4015 1370 4083 Quidam
1401 4016 1583 4071 dicunt
1609 4018 1918 4087 sanguinem
1945 4028 2001 4073 et

420 4124 635 4180 aquam,
667 4108 761 4165 sed
783 4123 889 4162 non
912 4116 1031 4171 est;
1059 4107 1149 4160 scd
1178 4108 1311 4160 sicut
1342 4106 1431 4161 ille
1459 4108 1799 4163 manifestare
1817 4109 2001 4165 volue-

423 4206 511 4266 rit,
532 4203 633 4257 hoc
653 4211 756 4268 est,
775 4199 1217 4269 quemadmodum
1236 4199 1436 4268 absque
1449 4200 1588 4253 coitu
1612 4200 1701 4253 ille
1722 4199 1891 4255 factus
1917 4212 2000 4256 cst

420 4312 483 4350 ex
514 4294 712 4363 Spiritu
738 4302 925 4348 sancto
947 4335 960 4356 ,
994 4294 1064 4346 ita
1105 4306 1202 4346 nos
1226 4306 1435 4362 quoque
1474 4291 1575 4347 hoc
1598 4309 1919 4363 generamur
1944 4297 1995 4350 in

423 4387 656 4441 lavacro.
688 4385 818 4439 Vide
846 4393 975 4453 quot
996 4385 1236 4451 exempla
1261 4423 1278 4445 ,
1307 4393 1364 4437 ut
1388 4384 1635 4437 credatur
1661 4385 1746 4439 illa
1774 4402 1999 4455 genera-

420 4481 514 4532 tio.
545 4479 589 4533 Ο
617 4479 905 4533 amentiam
947 4477 1319 4531 bmreticorum
1347 4477 1363 4532 !
1404 4477 1545 4545 quod
1571 4478 1682 4543 jam
1708 4490 1887 4533 natum
1916 4488 1998 4533 est

418 4587 486 4626 ex
511 4587 667 4641 aqua,
695 4571 835 4641 quod
869 4571 1121 4634 nascitur,
1153 4570 1389 4640 genitum
1422 4585 1603 4624 verum
1630 4573 1992 4638 conﬁtentur;

420 4664 558 4731 quod
582 4673 756 4716 autem
787 4661 904 4730 ejus
924 4676 1119 4729 corpus
1140 4660 1454 4725 efﬁciamur,
1483 4661 1536 4715 id
1560 4676 1663 4715 non
1686 4662 1995 4717 admittunt.

418 4753 474 4809 Si
503 4769 631 4821 ergo
662 4767 760 4806 nos
790 4752 858 4805 ita
881 4751 1049 4805 factos
1075 4766 1195 4806 esse
1219 4752 1437 4806 minime
1458 4752 1699 4814 credunt,
1728 4754 1999 4822 quomodo

417 4860 546 4909 ergo
567 4885 582 4909 ,
616 4843 697 4896 Ea:
741 4860 893 4896 carne
938 4844 1066 4909 eius,
1096 4852 1142 4896 et
1186 4860 1249 4896 ex
1289 4843 1481 4897 ossibus
1523 4846 1679 4913 eius?
1713 4844 1842 4900 Illud
1870 4862 1998 4901 vero

469 4936 548 4991 ihi
580 4935 858 4990 considera
889 4934 1183 4989 :formatus
1216 4946 1300 4991 est
1338 4937 1526 5002 Adam,
1552 4948 1707 4993 natus
1732 4948 1814 4993 est
1840 4939 1997 4994 Chri-

402 5052 403 5057 π
448 5038 565 5082 tus:
591 5028 656 5082 de
683 5028 848 5082 latere
870 5028 1054 5081 Adami
1081 5043 1295 5099 egressa
1318 5039 1400 5083 est
1423 5031 1716 5100 corruptio,
1741 5031 1807 5086 de
1831 5032 1996 5089 latere

416 5120 613 5175 Christi
659 5130 773 5173 orta
803 5128 887 5173 est
909 5119 1015 5173 vita
1050 5139 1062 5171 :
1098 5120 1152 5173 in
1197 5123 1446 5189 paradiso
1483 5123 1801 5191 germinavit
1829 5139 1994 5191 mors,

424 5216 476 5267 in
504 5228 665 5267 cruce
691 5228 836 5267 mors
865 5212 1070 5266 sublata
1098 5221 1198 5268 est.
1335 5253 1338 5257 .
1846 5228 1875 5253 ο

491 5308 545 5359 4.
569 5304 611 5358 1]
618 5305 701 5357 nio
716 5306 988 5375 conjugum
1009 5305 1207 5358 unionis
1236 5316 1421 5360 nostra!
1435 5324 1549 5361 cum
1574 5307 1772 5363 Christo
1790 5310 1995 5381 symbo-

420 5399 545 5449 lum.
578 5394 643 5448 In
680 5412 838 5449 uxore
863 5396 1095 5465 quadam
1122 5396 1242 5449 vitia
1284 5399 1507 5468 ferenda.
1535 5430 1606 5439 —-
1635 5402 1996 5465 Quemadmo-

422 5490 551 5541 dum
580 5503 715 5557 ergo
740 5488 831 5543 Dei
862 5486 1028 5542 Filius
1067 5499 1271 5543 natura:
1304 5499 1500 5545 nostra:
1552 5492 1722 5548 factus
1759 5505 1879 5557 est,
1924 5497 1993 5559 ita

424 5594 523 5634 nos
549 5578 664 5649 ejus
690 5579 1035 5645 substantia);
1061 5589 1116 5633 et
1140 5583 1279 5633 sicut
1299 5580 1387 5635 ille
1410 5596 1509 5636 nos
1538 5583 1588 5636 in
1610 5586 1786 5654 seipso
1815 5586 1994 5651 habet,

423 5671 492 5724 ita
533 5681 585 5725 et
611 5685 733 5725 eum
773 5685 871 5724 nos
918 5670 1179 5726 habemus
1213 5671 1267 5726 in
1318 5673 1492 5728 nobis.
1521 5675 1610 5728 3i.
1645 5673 1862 5745 Propter
1904 5677 1997 5731 hoc

422 5765 660 5833 relinquet
694 5763 840 5817 homo
867 5773 1060 5833 patrem
1098 5775 1146 5821 et
1185 5768 1400 5821 matrem'
1419 5784 1601 5836 suant,
1636 5778 1682 5823 et
1724 5771 1998 5829 adhaerebit

1196 320 1252 377 S.
1284 316 1557 374 JOANNIS
1591 316 2065 373 CHRYSOSTOMI
2105 315 2420 371 ARClllEP.
2458 315 2988 373 CONSTANTINOP.

3598 318 3695 373 HO

2119 430 2265 483 uxori
2292 445 2397 484 sua:
2420 471 2435 495 ,
2483 443 2529 484 et
2556 440 2702 484 erunt
2730 432 2831 485 duo
2870 431 2923 485 in
2958 447 3109 485 carne
3153 447 3275 487 una.
3320 431 3460 487 Ecce
3488 435 3695 488 tertiam

2118 533 2333 574 causam
2366 538 2379 574 :
2416 522 2651 576 ostendit
2677 522 2819 575 enim
2842 563 2855 586 ,
2885 521 3024 590 quod
3049 523 3223 592 quivis
3273 524 3472 578 relictis
3499 539 3694 594 paren-

2121 609 2260 664 tibus
2284 626 2349 665 ex
2372 612 2563 681 quibus
2584 622 2667 667 est
2693 622 2869 677 natus,
2898 629 3018 668 cum
3042 615 3127 668 illa
3156 614 3527 685 conjungitur;
3552 615 3699 672 etde

2118 711 2313 756 caetero
2338 716 2465 757 caro
2489 713 2572 757 est
2601 712 2753 773 pater
2785 714 2839 758 et
2877 713 3048 759 mater
3077 715 3130 760 et
3156 704 3296 761 ﬁlius
3323 722 3391 761 ex
3420 706 3697 777 utriusque

2118 791 2259 845 coitu
2290 809 2303 843 :
2334 793 2535 848 etenim
2572 795 2753 849 mixtis
2790 795 3084 850 seminibus
3113 798 3351 852 nascitur
3375 798 3517 852 ﬁlius
3545 816 3560 850 :
3591 799 3693 851 ita-

2118 897 2222 949 que
2247 892 2357 938 tres
2380 894 2504 939 sunt
2529 901 2633 939 una
2654 901 2802 941 caro.
2828 886 2917 941 Sic
2937 901 3067 958 ergo
3089 903 3187 943 nos
3213 904 3333 943 cum
3356 888 3569 944 Christo
3591 904 3695 959 una

2117 988 2245 1031 caro
2272 977 2538 1032 efﬁcimur
2566 993 2662 1048 per
2689 980 3185 1050 participationem;
3216 990 3272 1036 et
3301 982 3471 1036 multo
3524 981 3695 1051 magis

2119 1083 2216 1123 nos
2235 1110 2251 1132 ,
2282 1084 2441 1138 quam
2474 1086 2605 1139 puer
2633 1082 2808 1126 natus.
2837 1071 3051 1140 Quare?
3079 1073 3339 1141 Quoniam
3384 1076 3463 1129 sic
3492 1073 3589 1128 fuit
3626 1074 3695 1128 ab

2118 1158 2292 1214 initio.
2321 1160 2399 1215 Ne
2425 1162 2555 1217 mihi
2581 1162 2730 1217 dicas
2771 1178 2892 1218 eam
2935 1179 3056 1219 esse
3086 1164 3243 1219 talem
3272 1174 3326 1220 et
3352 1166 3529 1221 talem.
3577 1165 3693 1219 Non

2116 1253 2265 1308 vides
2292 1255 2435 1324 quod
2460 1258 2621 1310 etiam
2650 1258 2701 1310 in
2725 1272 2887 1313 carne
2910 1258 3107 1313 multos
3132 1259 3387 1313 habemus
3408 1258 3694 1314 defectus?

2117 1346 2203 1401 hic
2230 1347 2372 1400 enim
2403 1358 2485 1402 est
2510 1349 2751 1415 claudus,
2782 1350 2870 1405 ille
2899 1365 3027 1404 vero
3051 1350 3289 1405 detortos
3317 1352 3477 1405 habet
3506 1351 3691 1420 pedes,

2114 1437 2250 1492 alius
2296 1453 2488 1493 manus
2524 1439 2703 1495 aridas
2726 1482 2742 1507 ,
2779 1440 2917 1495 alius
2954 1441 3169 1510 aliquod
3202 1441 3343 1495 aliud
3393 1442 3689 1496 membrum

2114 1529 2385 1584 inﬁrmum
2424 1540 2478 1584 et
2507 1531 2800 1585 invalidum
2834 1550 2848 1586 :
2882 1548 3057 1600 neque
3088 1543 3265 1587 tamen
3293 1533 3472 1601 dolet,
3521 1550 3692 1604 neque

2114 1619 2164 1672 id
2191 1621 2454 1675 cxscindit
2473 1662 2488 1685 ,
2516 1622 2610 1677 sed
2639 1633 2694 1678 et
2722 1624 2895 1692 ipsum
2928 1640 3071 1695 sarpe
3099 1625 3314 1694 prmfert
3342 1624 3432 1681 alii
3462 1645 3475 1680 :
3499 1637 3552 1681 et
3583 1642 3693 1680 me-

2114 1711 2257 1776 rito;
2310 1722 2394 1765 est
2441 1713 2582 1767 enim
2630 1727 2805 1767 suum.
2833 1713 3094 1781 Quantam
3144 1715 3286 1769 enim
3332 1717 3693 1786 unusquiSque

2114 1803 2275 1857 habet
2304 1805 2356 1858 in
2380 1820 2439 1859 sc
2466 1805 2806 1861 dilectionem
2833 1848 2848 1873 ,
2894 1815 3093 1861 tantam
3124 1807 3235 1862 vult
3263 1824 3363 1862 nos
3403 1807 3599 1864 habere
3637 1812 3690 1864 in

2113 1911 2333 1951 uxorem
2375 1912 2525 1952 :non
2554 1897 2675 1967 quia
2705 1913 2888 1953 sumus
2930 1901 3089 1954 unius
3128 1911 3331 1956 natura:
3368 1903 3688 1972 participes,

2113 1987 2204 2041 sed
2234 1989 2493 2055 potiorem
2525 1990 2663 2044 hanc
2691 1989 2950 2068 habemus
2980 1992 3241 2045 rationem
3283 1994 3336 2046 in
3367 1994 3643 2048 mulierem
3672 2035 3688 2060 ,

2113 2079 2255 2147 quod
2302 2094 2405 2133 non
2435 2080 2542 2135 duo
2586 2082 2693 2135 sint
2739 2096 2999 2151 corpora,
3029 2083 3122 2137 scd
3171 2100 3356 2148 unum,
3386 2085 3522 2139 alter
3566 2102 3687 2140 cum

2112 2171 2180 2224 sit
2209 2181 2384 2240 caput,
2410 2172 2575 2227 altera
2607 2188 2735 2227 vero
2762 2189 2975 2242 corpus.
3000 2174 3065 2229 Et
3088 2175 3357 2245 quomodo
3386 2177 3513 2231 dicit
3538 2178 3686 2244 alibi,

2112 2264 2277 2333 Caput
2304 2276 2471 2318 autem
2496 2262 2683 2319 Christi
2723 2265 2860 2320 Deus
2888 2268 2907 2337 (
2932 2268 2981 2322 1.
3015 2268 3134 2322 Cor.
3163 2270 3250 2323 11.
3291 2269 3386 2335 '5)?
3418 2269 3529 2340 Ego
3557 2287 3690 2342 quo-

2110 2373 2215 2427 que
2247 2358 2346 2413 hoc
2389 2356 2531 2422 dico,
2560 2359 2704 2428 quod
2732 2360 2870 2414 sicut
2915 2376 3077 2414 unum
3106 2376 3301 2431 corpus
3346 2378 3443 2418 nos
3481 2378 3686 2430 sumus,

2111 2450 2180 2504 ita
2228 2450 2387 2504 etiam
2436 2450 2678 2507 Christus
2723 2461 2778 2507 et
2819 2453 2973 2507 Pater
3017 2470 3198 2508 unum.
3245 2454 3517 2510 Invenitur
3560 2473 3689 2527 ergo

2108 2542 2267 2596 etiam
2297 2542 2454 2597 Pater
2482 2557 2602 2597 esse
2632 2554 2870 2599 nostrum
2894 2556 3071 2615 caput.
3096 2546 3207 2600 Duo
3234 2548 3384 2616 ponit
3407 2549 3647 2618 exempla
3666 2589 3687 2617 ,

2111 2648 2303 2702 nempe
2354 2635 2595 2705 corporis
2648 2646 2702 2689 et
2748 2636 2952 2691 Christi
3014 2654 3026 2689 :
3071 2637 3298 2709 ideoque
3350 2639 3620 2710 subjungit
3668 2659 3682 2693 :

2110 2723 2199 2779 52.
2229 2724 2616 2779 Sacramentum
2642 2726 2738 2780 hoc
2780 2743 3018 2797 magnum
3044 2738 3114 2782 est
3145 2745 3164 2781 :
3189 2746 3278 2799 ego
3305 2740 3471 2784 autem
3496 2732 3608 2786 dico
3633 2733 3685 2785 in

2108 2814 2307 2871 Christo
2344 2827 2389 2872 et
2417 2819 2470 2871 in
2498 2817 2747 2873 Ecclesia.
2776 2820 2912 2887 Quid
2942 2830 3025 2875 est
3054 2821 3194 2877 hoc?
3217 2822 3460 2893 Magnum
3500 2839 3683 2879 sacra-

2109 2920 2349 2964 mentum
2372 2912 2483 2979 ipse
2515 2911 2644 2965 dicit
2668 2953 2686 2979 ,
2714 2914 2835 2981 quia
2866 2928 3111 2982 magnum
3143 2913 3267 2983 quid
3294 2924 3350 2969 et
3376 2914 3686 2970 admirabile

2110 3003 2268 3055 tacite
2306 3003 2627 3071 signiﬁcavit
2660 3003 2847 3057 beatus
2893 3004 3140 3075 Moyses,
3182 3005 3289 3059 imo
3331 3019 3456 3060 vero
3488 3006 3624 3061 Deus
3669 3024 3683 3039 ·

2108 3094 2321 3148 interim
2352 3104 2528 3148 autem
2553 3095 2717 3157 dicit,
2764 3095 2833 3149 In
2890 3095 3091 3151 Christo
3136 3098 3286 3165 dico,
3335 3101 3587 3169 quoniam
3630 3110 3687 3156 et

2106 3186 2220 3254 ipse
2248 3185 2468 3241 dimisso
2499 3187 2657 3243 Patre
2686 3188 3000 3259 descendit,
3030 3200 3081 3244 et
3109 3190 3254 3244 venit
3291 3191 3355 3245 ad
3388 3207 3638 3260 sponsam
3664 3235 3679 3256 ,

2105 3289 2160 3331 et
2204 3278 2374 3334 factus
2413 3291 2496 3334 est
2543 3281 2595 3334 in
2637 3281 2881 3350 spiritum
2924 3299 3083 3336 unum
3117 3300 3131 3336 :
3168 3285 3267 3349 Qui
3292 3286 3511 3339 adliceret
3539 3288 3681 3341 enim

2104 3368 2355 3435 Domino,
2384 3383 2460 3426 est
2489 3389 2621 3426 unus
2650 3373 2859 3439 spiritus
2890 3375 2963 3434 (1.
2997 3375 3113 3429 Cor.
3145 3377 3196 3431 6.
3231 3377 3339 3446 i7).
3372 3379 3436 3432 Et
3462 3379 3682 3448 pulchre

2102 3460 2237 3515 dixit
2263 3483 2276 3517 :
2308 3463 2560 3534 Magnum
2585 3475 2659 3518 est
2686 3467 3015 3536 mysterium;
3044 3468 3263 3537 perinde
3291 3485 3354 3523 ac
3383 3470 3426 3524 si
3454 3473 3679 3537 diceret,

2104 3554 2174 3605 At
2198 3552 2450 3623 allegoria
2470 3570 2574 3608 non
2600 3558 2793 3610 evertit
2819 3556 3181 3614 dilectionem.
3206 3560 3295 3615 53.
3330 3559 3678 3618 Verumtamen

2102 3655 2148 3697 et
2175 3661 2259 3698 vos
2285 3647 2492 3717 singuli,
2523 3649 2865 3719 unusquisque
2901 3665 3108 3703 uxorem
3133 3667 3274 3704 suam
3301 3653 3428 3705 sicut
3455 3654 3678 3723 seipsum

2101 3735 2281 3805 diligat
2308 3751 2326 3789 :
2354 3753 2482 3791 uxor
2500 3748 2668 3792 autent
2696 3740 2868 3793 timeat
2896 3741 3056 3794 virum
3082 3758 3249 3796 suum.
3277 3742 3484 3799 Revera
3510 3747 3676 3815 enim,

2102 3844 2288 3883 revera
2317 3840 2399 3884 est
2426 3833 2739 3903 mysterium
2765 3872 2781 3897 ,
2826 3842 2881 3888 et
2908 3850 3153 3904 magnum
3181 3837 3524 3907 mysterium:
3553 3840 3676 3908 quia

2101 3935 2166 3973 eo
2192 3921 2279 3989 qui
2331 3922 2627 3990 procreavit
2653 3963 2667 3987 ,
2695 3924 2783 3993 qui
2816 3926 3034 3993 genuit,
3064 3925 3155 3995 qui
3209 3928 3485 3995 educavit,
3512 3941 3565 3983 et
3612 3946 3675 3984 ca

2100 4029 2218 4084 qua:
2240 4015 2507 4084 concepit,
2540 4031 2658 4085 qua:
2680 4032 2799 4069 cum
2831 4017 3017 4071 dolore
3048 4019 3252 4087 peperit
3277 4032 3332 4074 et
3366 4021 3673 4087 afﬂictione,

2099 4107 2190 4177 qui
2216 4116 2294 4162 tot
2339 4117 2394 4163 et
2433 4110 2593 4163 tantis
2643 4109 2936 4164 aﬁ‘ecerunt
2979 4111 3292 4178 beneﬁciis,
3334 4130 3454 4169 cum
3485 4119 3676 4185 quibus

2099 4200 2379 4256 diuturnus
2409 4202 2507 4256 fuit
2539 4218 2665 4257 usus
2690 4214 2748 4257 et
2777 4206 3127 4270 consuetudo,
3161 4209 3380 4270 relictis,
3411 4210 3459 4264 ei
3493 4212 3675 4266 adbo:-

2098 4300 2234 4355 reat,
2264 4307 2383 4361 qua:
2405 4308 2473 4348 ne
2500 4294 2610 4348 visa
2640 4295 2853 4363 quidem
2879 4296 2974 4349 fuit
2999 4308 3055 4351 et
3079 4314 3203 4352 cum
3228 4314 3292 4353 eo
3322 4300 3454 4355 nihil
3478 4301 3678 4359 habue-

2098 4393 2180 4437 rat
2209 4399 2491 4440 commune
2511 4427 2526 4450 ,
2558 4396 2612 4440 et
2635 4401 2754 4441 eam
2783 4389 3034 4444 omnibus
3065 4390 3331 4459 praeferat.
3360 4393 3563 4450 Revera
3593 4406 3677 4452 est

2100 4476 2433 4544 mysmrium.
2465 4477 2527 4531 Et
2552 4491 2811 4546 parentes
2832 4521 2846 4542 ,
2894 4496 3016 4535 cum
3045 4481 3157 4535 hare
3184 4484 3317 4538 ﬁunt
3337 4526 3351 4550 ,
3383 4501 3489 4541 non
3534 4503 3675 4558 :rgre

2099 4566 2309 4634 ferunt,
2338 4569 2429 4623 sed
2465 4570 2639 4638 potius
2676 4587 2817 4642 aegre
2842 4571 3017 4627 ferunt
3046 4575 3087 4628 si
3119 4591 3222 4630 non
3258 4576 3423 4643 ﬁant,
3472 4588 3525 4634 et
3553 4596 3674 4635 cum

2098 4659 2477 4728 impenduntur
2499 4663 2737 4730 pecunia:
2754 4674 2807 4718 et
2837 4665 2892 4717 ﬁt
2908 4678 3173 4734 sumptus,
3193 4668 3454 4723 lzotaulur.
3470 4670 3673 4726 Revera

2100 4767 2347 4820 maguum
2377 4763 2459 4808 est
2488 4756 2797 4826 mysterium
2823 4800 2838 4825 ,
2866 4773 3116 4813 arcanam
3159 4761 3443 4829 quamdam
3474 4763 3675 4818 habens

2098 4845 2439 4913 sapientiam.
2494 4844 2605 4901 lloe
2642 4848 2823 4902 multis
2872 4850 3163 4904 retroactis
3201 4852 3413 4905 smculis
3467 4852 3675 4924 Moyses

2100 4936 2425 5004 prophelans
2466 4939 2629 5003 dicit;
2662 4939 2762 4993 hoc
2810 4950 2863 4994 et
2894 4942 3088 4996 Paulus
3127 4943 3366 5001 clamans
3410 4944 3611 5014 profert
3657 4964 3672 5001 :

2097 5025 2163 5083 In
2188 5026 2388 5081 Christo
2418 5039 2464 5082 et
2502 5029 2752 5084 Ecclesia.
2786 5031 2890 5086 Sed
2921 5048 3024 5086 non
3057 5045 3275 5103 propter
3298 5034 3471 5104 ipsum
3498 5036 3673 5091 solum

2098 5119 2200 5173 hoc
2226 5120 2422 5174 dictum
2446 5131 2556 5182 est,
2584 5122 2677 5176 sed
2707 5124 2867 5177 etiam
2894 5135 3109 5193 propter
3136 5142 3359 5180 uxorem
3382 5143 3397 5192 ;
3428 5137 3484 5181 ut
3507 5128 3673 5198 ipsam

2100 5220 2366 5281 tamquam
2400 5214 2666 5281 propriam
2691 5230 2906 5269 carnem
2952 5216 3149 5280 foveat,
3182 5218 3320 5270 sicut
3345 5227 3398 5271 et
3428 5217 3676 5272 Christus

2099 5303 2413 5358 Ecclesium.
2474 5303 2615 5358 Uxor
2659 5316 2825 5359 autem
2874 5308 3045 5361 timeat
3082 5311 3264 5363 uirum.
3293 5308 3407 5363 Non
3448 5309 3676 5376 amplius

2100 5396 2251 5464 ponit
2275 5411 2395 5464 quae
2422 5405 2547 5450 sunt
2571 5397 2745 5451 solum
2778 5399 3038 5465 caritatis,
3083 5399 3177 5454 sed
3205 5401 3329 5470 quid
3355 5401 3377 5454 ?
3411 5400 3478 5457 Ut
3505 5404 3677 5455 timeat

2099 5488 2283 5539 virum.
2312 5487 2502 5540 Mulier
2526 5498 2610 5542 cst
2639 5488 2908 5543 secundus
2930 5490 3275 5558 principatus.
3305 5490 3489 5561 Neque
3519 5493 3678 5562 igitur

2102 5582 2213 5648 ipsa
2237 5580 2414 5647 exigat
2439 5580 2798 5649 :rqualitatcm
2820 5581 3073 5649 honoris;
3102 5584 3341 5638 estenim
3362 5586 3461 5639 sub
3476 5586 3677 5655 capite:

2102 5687 2274 5740 neque
2319 5672 2408 5725 ille
2452 5686 2569 5725 eam
2614 5672 2874 5742 despiciat
2917 5683 3184 5744 tamquam
3212 5676 3549 5746 subjectum;
3596 5686 3678 5731 cst

2102 5767 2241 5823 enim
2267 5780 2462 5835 corpus
2486 5784 2497 5820 :
2527 5766 2574 5822 si
2600 5776 2762 5836 caput
2789 5782 2985 5837 corpus
3014 5754 3307 5838 despiciat,
3344 5770 3515 5840 ipsum
3539 5784 3675 5839 quo-
