4100 6412
435 346 540 400 ὓὸί)

434 479 642 532 στερον,
664 458 1044 530 καὶιδικαίωμα
1067 458 1274 529 ἕτερον.
1305 457 1513 512 Ἐκεῖνο
1535 459 1636 529 μὲν
1660 458 1768 530 γὰρ
1793 457 1896 511 οὐκ
1923 451 1992 526 ἦν

429 547 628 618 πολλῆς
642 548 905 616 ἀνάγκης
932 547 1017 600 ἵνα
1033 546 1139 617 γὰρ
1158 547 1228 617 μή
1244 563 1327 611 τις
1344 545 1496 617 εἴπῃ,
1513 547 1747 609 Ἐκεῖνος
1762 546 1804 597 Χ
1815 543 1994 615 ριστὸς

426 630 518 700 ἦν,
534 634 630 688 καὶ
645 633 778 698 Θεὸς
797 630 886 704 ἦν,
906 635 999 686 καὶ
1015 633 1206 686 ἑαυτὸν
1227 633 1562 703 παρέδωκεν,
1578 632 1844 705 ἑτέρωθεν
1863 629 1994 685 αὐτὸ

430 713 706 793 μεθοδεύει
744 720 931 774 λοιπὸν
952 760 968 785 ,
1002 720 1176 788 λέγων
1203 735 1218 750 ⁸
1251 721 1452 787 Οὕτως
1489 723 1848 790 ὀφείλουσιν
1885 735 1898 749 ·
1931 718 1991 769 οὐ

427 808 536 880 γὰρ
563 809 724 880 χάρις
740 809 859 862 ἐστὶ
883 807 946 860 τὸ
973 809 1230 879 πρᾶγμα,
1276 807 1394 862 ἀλλ’
1423 809 1639 878 ὀφειλὴ.
1663 805 1870 871 Εἰπὼν,
1909 805 1992 869 ὡς

425 897 500 950 τὰ
535 896 763 951 ἑαυτῶν
793 895 1057 965 σώματα,
1095 897 1375 966 ἐπήγαγεν
1397 937 1414 964 ,
1440 896 1651 962 οὐδεὶς
1687 895 1801 965 γάρ
1833 907 1980 947 ποτε

426 984 541 1051 τὴν
568 983 787 1038 ἑαυτοῦ
830 981 1031 1052 σάρκα
1062 983 1388 1053 ἐμίσησεν,
1432 983 1571 1037 ἀλλ’
1595 982 1864 1050 ἐκτρέφει
1893 977 1992 1031 καί

426 1072 642 1128 θάλπει
686 1072 900 1138 αὐτήν.
945 1073 1229 1135 Τουτέστι,
1270 1070 1565 1142 θεραπεύει
1627 1070 1767 1142 μετὰ
1795 1069 1994 1139 πολλῆς

424 1160 524 1228 τῆς
542 1159 883 1230 ἐπιμελείας.
916 1161 1028 1214 Kal
1050 1160 1166 1223 πῶς
1198 1159 1363 1213 αὐτοῦ
1389 1160 1504 1213 ἐστι
1529 1157 1699 1230 σάρξ;
1733 1159 1933 1212 Ἄκουε
1975 1173 1988 1186 ·

430 1247 607 1301 Τοῦτο
657 1246 778 1301 νῦν
831 1246 1061 1300 ὀστοῦν
1103 1247 1175 1300 ἑκ
1221 1245 1342 1300 τῶν
1396 1247 1594 1300 ὀστῶν
1638 1263 1780 1315 μου,
1815 1245 1950 1316 φησί
1973 1287 1989 1311 ,

424 1333 523 1387 καί
578 1333 738 1402 σὰρξ
769 1333 838 1388 ἐκ
879 1333 993 1403 τῆς
1039 1334 1274 1402 σαρκός
1308 1351 1450 1404 μου.
1477 1335 1587 1388 Kal
1609 1334 1670 1386 οὐ
1695 1333 1855 1387 τοῦτο
1894 1333 1993 1404 μό-

425 1437 539 1484 νον,
580 1420 717 1475 ἀλλά
752 1421 845 1475 καὶ
871 1460 888 1484 ,
927 1422 1216 1475 Ἔσονται
1235 1463 1251 1487 ,
1283 1421 1468 1490 φησὶν,
1491 1423 1578 1487 εἰς
1607 1421 1804 1489 σάρκα
1821 1421 1988 1489 μίαν.

424 1508 628 1572 Καθὼς
657 1508 756 1562 καί
791 1511 823 1562 ό
849 1506 996 1579 [147]
1021 1507 1274 1577 λᾯιστὸς
1291 1507 1569 1578 ἠγάπησε
1593 1507 1709 1576 τὴν
1741 1509 1992 1574 Ἐκκλη-

421 1598 589 1650 σίαν.
629 1597 752 1650 Ἐπὶ
777 1596 840 1650 τὸ
865 1596 1079 1667 πρῶτον
1111 1597 1414 1666 ὑπόδειγμα
1437 1593 1624 1666 ἦλθεν.
1660 1597 1790 1650 Ὀτι
1823 1595 1982 1665 μέλη

419 1683 608 1753 ἐσμὲν
640 1682 748 1736 τοῦ
793 1683 1068 1752 σώματος
1125 1683 1336 1750 αὐτοῦ,
1389 1685 1460 1738 ἐκ
1496 1683 1607 1752 τῆς
1635 1683 1864 1750 σαρκὸς
1884 1684 1990 1736 αὑ-

422 1770 548 1833 τοῦ,
578 1770 678 1824 καί
714 1771 784 1825 ἐκ
811 1769 931 1824 τῶν
979 1769 1176 1824 ὀστῶν
1228 1772 1438 1826 αὐτοῦ.
1495 1771 1622 1835 Πῶς
1654 1788 1672 1837 ;
1718 1771 1852 1824 ’Δπὸ
1879 1769 1992 1841 γὰρ

421 1859 517 1928 τῆς
551 1859 824 1929 ἡμετέρας
849 1859 1072 1928 γέγονεν
1103 1859 1255 1930 ὕλης,
1279 1860 1468 1931 ὥσπερ
1509 1861 1605 1913 καὶ
1637 1862 1671 1930 ἡ
1707 1857 1820 1912 Εὕα
1855 1857 1994 1929 σὰρξ

421 1946 530 1999 ἀπὸ
580 1946 677 2015 τῆς
735 1947 936 2018 σαρκὸς
997 1947 1094 2002 τοῦ
1141 1948 1331 2020 Ἀδάμ.
1371 1947 1567 2010 Καλῶς
1612 1946 1871 2001 δὲόστῶν
1894 1947 1993 2000 καὶ

425 2033 626 2101 σαρκὸς
683 2034 1054 2105 ἐμνημόνευσε
1079 2051 1095 2068 ’
1124 2034 1292 2089 ταῦτα
1343 2035 1453 2108 γάρ
1489 2037 1640 2089 ἐστιν
1670 2034 1728 2088 ἐν
1762 2036 1894 2105 ἡμῖν
1922 2034 1993 2088 τὰ

415 2118 728 2190 κυριώτερα
753 2159 770 2187 ,
803 2121 1003 2192 σάρκες
1051 2121 1146 2176 καὶ
1199 2123 1335 2176 ὀστᾶ
1367 2138 1383 2154 ·
1418 2121 1487 2176 τὰ
1541 2123 1640 2192 μὲν
1685 2120 1874 2193 ὥσπερ
1907 2136 1992 2182 τις

417 2206 612 2276 τρόπις
660 2207 1011 2279 ὑποκείμενα,
1068 2209 1138 2263 τὰ
1191 2209 1248 2262 δὲ
1297 2209 1484 2281 ὥσπερ
1511 2208 1808 2279 οἰκοδομία.
1851 2208 1989 2261 Ἀλλ’

417 2299 596 2350 ἐκεῖνο
644 2297 745 2368 μὲν
785 2298 942 2370 δῆλον
968 2313 982 2328 ⁸
1027 2299 1187 2353 τοῦτο
1225 2299 1284 2352 δὲ
1322 2299 1436 2362 πῶς
1469 2316 1485 2365 ;
1524 2300 1735 2369 Ὠσπερ
1754 2300 1870 2352 ἐκεῖ
1898 2316 1994 2352 το-

420 2383 593 2454 σαύτη
631 2384 868 2455 ἐγγύτης
905 2386 1076 2451 ἐστὶν,
1106 2387 1294 2454 οὕτω,
1325 2388 1480 2458 φησι,
1504 2387 1598 2439 καὶ
1637 2385 1890 2440 ἐνταῦθα.
1924 2387 1990 2439 Τί

419 2474 588 2535 ἐστιν,
642 2472 711 2524 ἐκ
753 2470 862 2539 τῆς
901 2473 1129 2542 σαρκὸς
1168 2475 1394 2540 αὐτοῦ;
1449 2473 1726 2536 Τουτέστι,
1753 2474 1990 2542 γνησίως

417 2559 479 2622 ἐξ
517 2558 706 2612 αὑτοῦ.
729 2560 838 2613 Kal
866 2559 984 2616 πῶς
1005 2559 1097 2613 τοῦ
1131 2559 1366 2631 Χριστοῦ
1405 2561 1541 2631 μέλη
1573 2559 1750 2623 οὕτως
1782 2561 1986 2632 ὲσμέν;

421 2646 541 2699 ’Ότι
558 2647 679 2700 κατ’
699 2646 858 2700 αὐτὸν
879 2648 1242 2718 γεγενήμεθα.
1262 2650 1372 2703 Kal
1391 2648 1510 2711 πῶς
1533 2651 1598 2701 ἐκ
1629 2648 1729 2719 τῆς
1753 2649 1954 2717 σαρκός
1972 2667 1987 2716 ;

422 2734 563 2786 Ἰστε
594 2734 708 2787 ὅσοι
740 2735 996 2804 μετέχετε
1021 2735 1336 2806 μυστηρίων
1370 2751 1383 2764 °
1419 2737 1483 2789 ὲκ
1513 2735 1711 2789 τούτου
1743 2735 1850 2805 γάρ
1897 2735 1989 2788 εὑ-

416 2820 553 2884 θέως
589 2822 1058 2893 ἀναπλαττόμεθα.
1095 2824 1206 2876 Kal
1263 2823 1412 2889 πῶς;
1452 2824 1619 2877 Πάλιν
1665 2825 1828 2880 ἀκουε
1893 2823 1988 2878 τοῦ

417 2909 692 2978 μακαρίου
744 2909 935 2962 τούτου
974 2910 1224 2979 λέγοντος
1250 2927 1264 2941 ·
1311 2911 1476 2967 Ἐπεὶ
1504 2911 1618 2966 οὖν
1664 2913 1736 2965 τὰ
1781 2911 1991 2966 παιδιά

417 2996 821 3067 κεκοινώνηκε
853 3000 1084 3067 σαρκὸς
1120 2998 1218 3052 καὶ
1246 2999 1516 3068 αἵματος,
1549 3001 1989 3068 παραπλησίως

416 3084 515 3138 καὶ
546 3084 733 3151 αὐτὸς
767 3086 1035 3155 μετέσχε
1064 3085 1185 3140 τῶν
1212 3085 1432 3140 αὐτῶν.
1472 3086 1612 3140 Ἀλλ’
1637 3086 1874 3140 ἐνταῦθα
1895 3087 1990 3139 αὐ-

418 3171 509 3234 τὸς
558 3172 690 3242 ἡμῖν
720 3173 1081 3242 ἐκοινώνησεν
1102 3211 1118 3238 ,
1151 3173 1249 3244 οὐχ
1274 3176 1435 3245 ἡμεῖς
1453 3174 1602 3243 αύτῷ
1625 3191 1639 3204 ·
1661 3175 1779 3236 πῶς
1806 3171 1899 3228 οὖν
1924 3177 1986 3227 ἐκ

415 3260 514 3330 τῆς
553 3260 758 3330 σαρκὸς
800 3261 967 3316 αὐτοῦ
1011 3265 1201 3332 ἐσμεν,
1233 3264 1326 3315 καὶ
1353 3265 1418 3316 ἐκ
1442 3262 1550 3316 τῶν
1582 3263 1755 3317 ὀστῶν
1783 3263 1986 3328 αὑτοῦ;

417 3345 573 3409 Τινὲς
607 3347 667 3399 τὸ
695 3341 838 3417 αἷμά
870 3365 1003 3415 φασι
1033 3351 1128 3402 καὶ
1157 3350 1218 3402 τὸ
1259 3349 1432 3421 ὕδωρ,
1462 3350 1562 3403 οὐκ
1595 3349 1710 3403 ἔστι
1741 3351 1799 3404 δέ
1819 3369 1833 3382 ’
1872 3351 1987 3405 ἀλλ’

413 3435 552 3505 ὅπερ
579 3433 768 3506 δηλοῦν
797 3435 1078 3506 βούλεται,
1116 3437 1276 3491 τοῦτό
1317 3439 1486 3503 ἐστιν,
1519 3440 1601 3492 ὃτι
1637 3438 1826 3509 ὥσπερ
1857 3440 1994 3496 ἄνευ

419 3524 706 3588 συνουσίας
740 3527 942 3588 ἐκεῖνος
987 3526 1308 3597 γεγέννηται
1360 3529 1426 3580 ἐκ
1455 3529 1772 3595 Πνεύματος
1803 3529 1987 3598 ἁγίου,

419 3608 564 3662 οὕτω
598 3610 690 3664 καὶ
711 3612 871 3682 ἡμεῖς
899 3612 1217 3684 γεννώμεθα
1238 3615 1296 3668 ἐν
1319 3613 1396 3680 τῷ
1419 3613 1648 3686 λουτρῷ.
1684 3617 1826 3687 Ὅρα
1845 3617 2006 3670 πόσα

417 3699 813 3772 ὑποδείγματα,
831 3701 970 3754 ὥστε
985 3702 1339 3772 πιστευθῆναι
1364 3703 1464 3775 τὴν
1479 3703 1982 3777 γέννησινέκείνην.

417 3788 483 3840 Ὠ
516 3788 618 3856 τῆς
643 3789 830 3854 ἀνοίας
844 3789 952 3842 τῶν
982 3791 1309 3862 αἱρετικῶνί
1347 3792 1408 3844 τὸ
1449 3792 1549 3863 ἤδη
1573 3793 1761 3863 τεχθὲν
1780 3795 1838 3861 ἐξ
1862 3794 1988 3848 ὓδα-

414 3892 528 3939 τος,
581 3876 662 3928 ὅτι
692 3877 956 3942 τίκτεται,
1013 3878 1261 3949 γέννημα
1313 3878 1566 3950 ἀληθινὸν
1589 3881 1940 3950 ὁμολογοῦσιν
1967 3898 1982 3913 ο

413 3963 500 4016 ὅτι
545 3962 602 4015 δὲ
635 3963 914 4035 γινώμεθα
947 3965 1112 4018 αὐτοῦ
1141 3966 1343 4036 σῶμα,,
1371 3968 1432 4020 ού
1457 3967 1720 4037 δέχονται.
1761 3968 1858 4022 Ἂν
1879 3971 1986 4023 τοί-

418 4068 512 4105 νυν
557 4051 712 4104 τοῦτο
765 4053 842 4124 μὴ
887 4053 1190 4123 γινώμεθα,
1231 4053 1347 4118 πῶς
1373 4055 1602 4126 ἁρμόσει
1634 4056 1716 4122 τὸ,
1755 4058 1849 4111 Ἐκ
1876 4058 1986 4128 τῆς

413 4141 644 4209 σαρκὸς
675 4141 881 4206 αὑτοῦ,
912 4143 1010 4196 καί
1029 4143 1098 4197 ἐκ
1129 4143 1248 4197 τῶν
1271 4145 1501 4199 ὀστέων
1521 4146 1732 4211 αὑτοῦ,
1759 4145 1986 4218 λεγόμε-

415 4243 542 4293 νον;
571 4227 769 4281 Σκόπει
807 4228 864 4281 δέ
890 4245 905 4260 ⁸
940 4229 1180 4300 ἐπλάσθη
1210 4233 1238 4284 6
1284 4233 1474 4303 Ἀδὰμ,
1530 4233 1722 4303 ἐτέχθη
1782 4235 1812 4287 6
1851 4237 1981 4307 Χρι-

417 4315 542 4378 στός
567 4331 582 4345 ·
610 4317 675 4369 ἐκ
694 4317 797 4386 τῆς
830 4317 1069 4388 πλευρᾶς
1099 4319 1194 4371 τοῦ
1232 4319 1402 4389 ’Δδὰμ
1427 4320 1644 4390 εἰσῆλθε
1691 4322 1890 4393 φθορὰ,
1921 4326 1985 4377 ἐκ

415 4403 515 4472 τῆς
537 4404 772 4474 πλευρᾶς
809 4405 902 4458 τοῦ
947 4405 1182 4475 Χριστοῦ
1215 4407 1553 4478 ἐπήγασεν.ή
1588 4408 1739 4480 ζωή·
1778 4411 1837 4462 ἐν
1873 4427 1980 4464 πα-

419 4491 649 4562 ραδείσῳ
687 4492 990 4563 ἐϐλάστησε
1019 4493 1246 4558 θάνατος
1265 4535 1280 4560 ,
1313 4496 1374 4549 ἐν
1399 4494 1491 4565 τῷς
1511 4496 1730 4569 σταυρῷ
1753 4497 1917 4551 αὑτοῦ
1948 4499 1995 4569 η

415 4579 692 4651 ἀναίρεσις
721 4580 964 4649 γέγονεν.

484 4797 551 4850 δ’.
597 4794 687 4856 Ὦς
714 4791 808 4850 οὖν
836 4799 864 4850 6
892 4798 1019 4863 Υἱὸς
1047 4800 1140 4854 τοῦ
1172 4801 1423 4873 Θεοῦ.τῆς
1448 4805 1716 4876 ἡμετέρας
1749 4806 1981 4875 φύσεως,

425 4882 601 4946 οὕτως
634 4886 796 4954 ἡμεῖς
829 4886 928 4954 τῆς
953 4888 1139 4952 οὐσίας
1172 4890 1361 4944 αὐτοῦ·
1401 4894 1494 4945 καὶ
1517 4893 1590 4957 ὼς
1611 4895 1644 4963 ὴ
1655 4895 1760 4964 μᾶς
1783 4895 1986 4961 ἐκεῖνος

415 4971 529 5039 ἔχει
583 4971 642 5023 ἐν
681 4971 889 5041 ἐαυτῷ,
923 4972 1065 5027 οὕτω
1119 4977 1212 5028 καὶ
1276 4979 1434 5048 ἡμεῖς
1481 4979 1640 5035 αὑτὸν
1695 4980 1888 5052 ἔχομεν
1927 4985 1986 5036 ἐν

416 5059 568 5130 ἡμῖν.
598 5058 756 5111 Ἀντί
810 5061 1039 5114 τούτου.
1087 5066 1432 5133 καταλείψει
1501 5066 1812 5135 ἅνθρωπος
1879 5070 1986 5124 τὸν

416 5145 642 5213 πατέρα
711 5146 896 5200 αὑτοῦ
966 5149 1064 5201 καὶ
1135 5150 1248 5215 τὴν
1305 5151 1533 5220 μητέρα
1618 5154 1829 5218 αὐτοῦ,
1885 5157 1982 5212 καὶ

416 5233 1029 5297 προσκολληθήσεται
1056 5234 1208 5299 πρὸς
1234 5235 1350 5301 τὴν
1369 5236 1622 5304 γυναῖκα
1645 5240 1854 5302 αὐτοῦ,
1886 5240 1984 5294 καὶ

413 5317 662 5372 ἔσονται
705 5323 760 5374 οἰ
810 5320 920 5373 δύο
943 5323 1031 5387 εἰς
1069 5321 1266 5390 σάρκα
1310 5327 1476 5394 μίαν.
1525 5328 1654 5381 Ἰδοὺ
1686 5329 1780 5382 καὶ
1803 5331 1984 5401 τρίτον

409 5404 688 5477 δικαίωμα
711 5423 725 5437 ·
766 5407 1153 5480 δείκνυσι-γὰρ,
1180 5411 1262 5462 ὅτι
1289 5413 1414 5476 τοὺς
1444 5417 1881 5486 γεννησαμένους
1900 5437 1984 5484 τις
2065 5435 2071 5442 ’

414 5496 575 5562 ἀφεὶς
607 5498 700 5550 καὶ
728 5497 788 5561 ἐξ
809 5492 884 5550 ὧν
914 5498 1036 5567 ἔφυ,
1069 5499 1250 5570 ἐκείνῃ
1285 5503 1656 5571 συμπλέκεται
1693 5523 1708 5535 ·
1737 5508 1830 5559 καὶ
1867 5507 1978 5562 λοι-

417 5584 520 5637 πὺν
549 5587 582 5655 ἡ
618 5585 753 5656 σὰρξ
785 5588 815 5639 6
840 5588 1024 5659 πατὴρ
1053 5590 1202 5658 καὶὴ
1242 5593 1425 5661 μήτηρ
1483 5593 1576 5646 καὶ
1607 5597 1635 5646 6
1683 5598 1811 5658 παῖς
1836 5597 1984 5650 ἐστιν

418 5673 484 5724 ἐκ
522 5672 622 5742 τῆς
669 5672 930 5744 ἑκατέρου
967 5677 1252 5742 συνουσίας
1297 5680 1666 5748 συγκραθεῖσα
1693 5698 1706 5711 '
1733 5685 1826 5736 καὶ
1875 5687 1982 5755 γὰρ

415 5758 686 5828 μιγέντων
729 5760 837 5815 τῶν
888 5765 1236 5835 σπερμάτων,
1280 5765 1515 5820 τίκτεται
1547 5769 1575 5820 6
1617 5772 1782 5833 παῖς·
1837 5771 1976 5826 ὥστε

1343 339 1407 398 IN
1451 341 1670 397 EPIST.
1710 335 1801 395 AD
1830 334 2071 393 EPIIES.
2100 334 2254 390 CAP.
2297 337 2338 392 ν
2380 336 2610 397 HOMIL.
2655 341 2770 398 XX.

3563 347 3678 405 MO

2099 453 2227 518 τοὺς
2255 459 2403 526 τρεῖς
2437 470 2462 498 ει
2489 454 2629 512 εἶναι
2661 459 2790 529 μίαν
2811 459 3005 532 σάρκα.
3035 458 3220 524 Οὕτως
3240 454 3334 515 οῦν
3351 463 3508 532 ἡμεῖς
3527 465 3664 536 πρὸς

2094 537 2186 591 τόν
2240 541 2471 611 Χριστὸν
2511 545 2769 616 γινόμεθα
2793 546 2890 617 μία
2939 545 3074 617 σὰρξ
3097 547 3184 600 διὰ
3212 548 3500 617 μετουσίας
3525 565 3540 581 ⁸
3569 552 3665 603 καὶ

2094 626 2274 697 πολλῷ
2301 630 2504 698 μᾶλλον
2532 632 2714 702 ἡμεῖς,
2746 633 2779 704 ἢ
2820 633 2880 686 τὸ
2906 635 3137 688 παιδίον.
3163 634 3229 686 Τί
3259 636 3323 706 δή
3355 653 3509 701 ποτε;
3540 638 3664 690 Ὀτι

2094 713 2156 778 ἐξ
2181 715 2356 786 ἀρχῆς
2380 716 2522 770 οὕτω
2545 719 2764 787 γέγονε.
2790 721 2881 791 Μή
2911 737 3000 791 μοι
3031 721 3176 791 λέγε,
3203 723 3286 775 ὃτι
3313 722 3490 775 τοιάδε
3523 724 3659 787 ἐστί,

2095 803 2189 855 καὶ
2205 805 2383 858 τοιάδε
2414 805 2578 858 ἐστίν.
2611 808 2723 877 Ούχ
2745 808 2900 878 ὁρᾷς,
2921 809 3004 861 ὅτι
3035 808 3128 861 καί
3150 811 3208 860 ἐν
3221 810 3288 878 τῇ
3308 808 3473 879 σαρκὶ
3493 808 3663 862 πολλὰ

2094 887 2290 959 ἔχομεν
2311 891 2697 963 ἐλαττώματας
2744 895 2802 947 '0
2835 895 2934 964 μὲν
2961 895 3070 966 γάρ
3098 896 3215 948 ἐστι
3236 895 3426 965 χωλὸς,
3457 896 3486 947 6
3509 895 3565 948 δὲ
3583 894 3664 948 δι-

2093 981 2504 1049 εστραμμένους
2522 981 2632 1052 ἔχει
2664 984 2791 1047 τοὺς
2827 984 3014 1050 πόδας,
3047 985 3232 1055 ἕτερος
3258 986 3442 1054 χεῖρας
3471 982 3659 1053 ξηρὰς.

2093 1066 2251 1130 ἄλλος
2283 1068 2412 1122 ἄλλο
2438 1087 2492 1122 τι
2537 1070 2695 1140 μέλος
2751 1071 2978 1134 ἀσθενές
3001 1089 3016 1104 ο
3059 1072 3156 1124 καὶ
3193 1072 3343 1140 ὅμως
3381 1072 3482 1125 οὐκ
3507 1071 3664 1138 ἀλγεῖ

2091 1155 2213 1208 οὐδὲ
2238 1157 2520 1218 ἐκκόπτει,
2561 1157 2696 1211 άλλά
2721 1159 2814 1212 καὶ
2837 1159 3157 1230 προτίθησιν
3194 1157 3350 1230 [1481
3382 1158 3514 1211 αὐτὸ
3535 1157 3665 1210 πολ-

2091 1240 2248 1305 λάκις
2293 1242 2386 1294 τοῦ
2417 1243 2606 1297 ἄλλου·
2639 1245 2862 1308 εἰκότως
2894 1263 2908 1277 ⁶
2944 1245 3110 1300 αὐτοῦ
3147 1247 3256 1316 γάρ
3290 1243 3667 1316 ἐστιν.’”οσην

2089 1329 2269 1384 τοίνυν
2329 1330 2555 1395 ἕκαστος
2590 1333 2724 1404 πρὸς
2764 1333 2957 1386 ἑαυτὸν
2981 1335 3202 1404 ἀγάπην
3219 1333 3354 1404 ἔχει,
3381 1332 3654 1404 τοσαύτην

2092 1417 2229 1488 πρὸς
2249 1418 2349 1489 τὴν
2367 1422 2600 1488 γυναῖκα
2637 1424 2783 1492 ἡμᾶς
2808 1423 3056 1493 βούλεται
3077 1423 3220 1493 ἔχειν
3252 1440 3266 1452 ·
3313 1423 3412 1493 οὐχ
3440 1424 3522 1477 ὅτι
3556 1422 3660 1492 φύ-

2093 1521 2229 1567 σεως
2255 1508 2385 1575 μιᾶς
2408 1508 2793 1578 κοινωνοῦμεν,
2816 1510 2952 1563 ἀλλά
2974 1510 3136 1563 πλέον
3163 1509 3323 1563 τοῦτο
3345 1513 3477 1580 ἡμῖν
3497 1511 3559 1563 τὸ
3583 1511 3663 1564 δι·

2093 1593 2310 1662 καίωμα
2331 1595 2391 1647 τὸ
2419 1594 2556 1664 πρὸς
2583 1595 2682 1666 τὴν
2702 1599 2956 1664 γυναῖκα,
2991 1597 3180 1667 ἐπειδὴ
3217 1597 3402 1650 οὐκέτι
3427 1596 3523 1649 δύο
3553 1595 3662 1649 εἰσὶ

2094 1677 2340 1748 σώματα,
2368 1680 2483 1734 ἀλλ’
2505 1681 2584 1744 ἒν,
2619 1684 2647 1736 ὁ
2671 1683 2770 1753 μὲν
2803 1684 3014 1755 κεφαλὴ
3041 1682 3140 1749 ὣν,
3170 1687 3202 1754 ἡ
3237 1685 3294 1738 δὲ
3329 1683 3510 1754 σῶμα.
3542 1681 3660 1737 Kal

2094 1767 2209 1830 πῶς
2251 1784 2414 1838 φησιν
2443 1769 2700 1840 ἀλλαχοῦ,
2727 1770 2974 1839 Κεφαλὴ
3015 1770 3084 1824 δὲ
3112 1769 3372 1838 Χριστοῦ
3401 1773 3434 1824 ό
3476 1771 3622 1836 Θεός
3639 1785 3660 1834 ἱ

2093 1853 2262 1908 Τοῦτο
2308 1856 2402 1909 καί
2455 1857 2566 1925 ἐγώ
2613 1874 2774 1928 φημι,
2804 1860 2884 1912 ὅτι
2926 1858 3114 1931 ὥσπερ
3167 1858 3226 1911 ἓν
3263 1858 3423 1930 σῶμα
3472 1860 3662 1930 ἡμεῖς,

2090 1942 2232 1996 οὕτω
2265 1945 2358 1998 καὶ
2379 1947 2408 1998 6
2432 1947 2665 2017 Χριστὸς
2693 1948 2786 2001 καὶ
2818 1951 2846 2002 6
2879 1949 3067 2020 Πατὴρ
3091 1949 3169 2006 ἓν.
3194 1949 3520 2020 Εὑρίσκεται
3551 1949 3661 2019 ἄρα

2092 2033 2185 2085 καὶ
2205 2035 2234 2086 6
2280 2033 2468 2106 Πατὴρ
2491 2035 2699 2107 κεφαλὴ
2717 2037 2748 2105 ὴ
2759 2035 2875 2106 μῶν
2903 2034 3001 2094 ὦν.
3031 2038 3136 2090 Δύο
3159 2036 3374 2108 τίθησιν
3405 2036 3660 2105 ὑποδείγ-

2095 2143 2261 2194 ματα,
2322 2127 2383 2179 τὸ
2433 2126 2526 2180 τοῦ
2589 2126 2841 2196 σώματος
2861 2169 2875 2191 ,
2905 2129 2999 2182 καί¹
3035 2129 3097 2182 τὸ
3143 2129 3237 2182 τοῦ
3266 2128 3506 2200 Χριστοῦ
3533 2146 3548 2160 ·
3577 2128 3660 2182 διὸ

2091 2213 2184 2264 καὶ
2213 2212 2428 2280 ἐπάγειο
2470 2214 2540 2267 Τὸ
2560 2215 2896 2284 μυστήριον
2922 2214 3098 2269 τοῦτο
3130 2215 3284 2285 μέγα
3311 2217 3486 2269 ἐστίν
3508 2233 3522 2246 ·
3543 2216 3659 2285 ἐγὼ

2089 2299 2159 2351 δὲ
2187 2300 2340 2370 λέγω
2380 2303 2467 2367 εἰς
2489 2302 2745 2370 Χριστὸν
2760 2305 2857 2356 καί
2897 2305 2983 2369 εἰς
3014 2301 3128 2370 τὴν
3165 2303 3556 2370 Ἐκκλησίαν.
3591 2302 3659 2357 Τί

2092 2387 2208 2438 ἐστι
2232 2386 2430 2453 τοῦτο;
2461 2389 2619 2456 Μέγα
2672 2390 2967 2460 μυστήριον
3010 2389 3143 2442 αύτό
3182 2406 3368 2459 φησιν,
3403 2389 3485 2442 ὅτι
3514 2390 3658 2459 μέγα

2089 2490 2144 2525 τι
2170 2475 2262 2526 καὶ
2289 2475 2597 2545 θαυμαστὸν
2635 2476 2897 2546 ᾐνίξατοὸ
2931 2479 3198 2548 μακάριος
3229 2477 3492 2546 Μωῦσῆς,
3520 2477 3656 2546 μᾶλ-

2091 2560 2181 2613 λον
2205 2560 2261 2613 δὲ
2291 2564 2318 2614 6
2369 2562 2502 2624 Θεός
2532 2579 2546 2594 ο
2576 2562 2716 2625 τέως
2777 2563 2982 2633 μέντοι,
3013 2565 3118 2628 Εἰς
3167 2562 3444 2630 Χριστὸν,
3497 2562 3653 2633 φησί,

2089 2649 2264 2716 λέγω,
2299 2650 2383 2702 ὅτι
2407 2651 2504 2704 καὶ
2536 2651 2696 2715 αὐτὸς
2729 2652 2817 2704 τὸν
2850 2651 3070 2722 Πατέρα
3094 2652 3252 2720 ἀφεὶς
3282 2651 3540 2720 κατῆλθε,
3562 2653 3658 2706 καὶ

2089 2731 2221 2806 ἦλθε
2254 2735 2392 2807 πρὸς
2418 2738 2516 2806 τὴν
2555 2739 2794 2810 νύμφην,
2831 2739 2925 2791 καὶ
2959 2737 3174 2806 ἐγένετο
3205 2740 3284 2802 εἰς
3307 2739 3524 2808 πνεῦμα
3556 2739 3617 2792 ἓν
3637 2754 3653 2770 ·

2102 2822 2166 2876 '0
2192 2823 2574 2894 κολλώμενος
2615 2825 2724 2896 γὰρ
2752 2825 2831 2890 τῷ
2883 2826 3094 2893 Κυρίῳ,
3125 2825 3196 2879 ἓν
3243 2825 3480 2895 πνεῦμα
3501 2827 3654 2881 ἐστι.

2089 2911 2198 2965 Καὶ
2219 2912 2398 2975 καλῶς
2415 2908 2555 2966 εἴπεο
2571 2912 2734 2983 Μέγα
2746 2914 3086 2982 μυστήριόν
3097 2913 3285 2967 ἐστιν·
3301 2913 3375 2977 ώς
3393 2914 3457 2966 ἂν
3472 2916 3519 2967 εἰ
3541 2913 3657 2968 ἐλε-

2089 3013 2173 3066 γε·
2200 2999 2347 3071 Πλὴν
2387 3000 2500 3052 ἀλλ’
2521 3000 2619 3070 οὐχ
2643 3001 2677 3070 ή
2713 3000 3011 3071 ἀλληγορία
3052 3001 3350 3072 ἀνατρέπει
3382 3005 3481 3071 τὴν
3517 3002 3656 3070 ἀγά-

2088 3103 2216 3156 πην.
2262 3087 2435 3155 Πλὴν
2477 3087 2576 3140 καί
2634 3087 2803 3156 ὑμεῖς
2823 3090 2879 3143 οἱ
2916 3089 3045 3142 καθ’
3079 3087 3223 3152 ἕνα,
3251 3088 3514 3154 ἕκαστος
3544 3088 3660 3153 τὴν

2087 3173 2306 3228 ἑαυτοῦ
2333 3174 2590 3244 γυναῖκα
2609 3175 2796 3241 οὕτως
2825 3174 3126 3244 ἀγαπάτω,
3154 3177 3235 3241 ὼς
3265 3176 3503 3231 ἑαυτόν·
3523 3177 3562 3245 ἡ
3589 3176 3659 3230 δὲ

2087 3263 2243 3332 γυνὴ
2281 3263 2383 3316 ἵνα
2414 3263 2671 3332 φοϐῆται
2707 3263 2817 3316 τὸν
2838 3263 3048 3332 ἄνδρα.
3083 3265 3289 3326 Ὄντως
3311 3261 3420 3333 γὰρ
3442 3304 3460 3328 ,
3491 3263 3658 3329 ὅντως

2091 3349 2391 3421 μυστήριόν
2420 3351 2560 3415 ἐστι,
2585 3350 2689 3406 καὶ,
2701 3349 2844 3419 μέγα
2879 3351 3199 3420 μυστήριον,
3229 3351 3312 3402 ὅτι
3341 3349 3431 3402 τὸν
3454 3349 3654 3418 φύντα,

2085 3437 2177 3491 τὸν
2197 3437 2619 3507 γεννησάμενον,
2649 3438 2738 3490 τὸν
2758 3435 3226 3506 ἀναθρεψάμενον,
3258 3435 3356 3507 τὴν
3394 3437 3646 3506 ώδινήσα-

2089 3542 2208 3591 σαν,
2236 3525 2333 3597 τὴν
2366 3525 2880 3594 ταλαιπωρηθεῖσαν
2925 3524 3105 3590 ἀφεὶς,
3147 3525 3274 3587 τοῦς
3312 3525 3380 3577 τὰ
3419 3525 3656 3580 τοσαῦτα

2087 3615 2588 3685 εύεργετήσαντας,
2616 3613 2742 3676 τοὺς
2783 3613 2842 3664 ἐν
2884 3613 3140 3683 συνηθείᾳ
3188 3614 3531 3683 γενομένους,
3584 3617 3651 3685 τῇ

2091 3701 2228 3772 μηδέ
2280 3701 2528 3773 ὀφθείσῃ,
2572 3701 2706 3770 μηδὲ
2754 3700 2928 3754 κοινόν
2961 3717 3014 3754 τι
3074 3699 3281 3773 ἐχούσῃ,
3309 3701 3442 3770 πρὸς
3492 3701 3656 3758 αὑτὸν

2087 3789 2508 3862 προσκολλᾶται,
2544 3779 2640 3841 καί
2679 3786 2896 3840 πάντων
2937 3788 3107 3859 αὐτὴν
3136 3790 3398 3860 προτιμᾷ.
3423 3791 3648 3861 Μυστή-

2088 3893 2201 3948 ριον
2232 3875 2400 3938 ὅντως
2427 3874 2564 3928 ἐστί.
2591 3875 2699 3928 Kal
2717 3877 2766 3927 οἰ
2784 3877 2962 3944 γονεῖς
2997 3875 3200 3928 τούτων
3225 3876 3522 3946 γινομένων
3551 3878 3658 3934 οὑκ

2085 3962 2374 4034 ἄχθονται,
2409 3963 2546 4015 ἀλλὰ
2580 3963 2655 4034 μὴ
2689 3963 2987 4032 γινομένων
3018 3963 3258 4033 μᾶλλον)
3297 3965 3391 4018 καὶ
3430 3965 3652 4036 χρημά-

2083 4069 2192 4105 των
2215 4052 2654 4122 ἀναλισκομένων
2677 4053 2770 4105 καί
2798 4051 3044 4123 δαπάνης
3071 4053 3382 4124 γινομένης,
3407 4055 3647 4126 ἥδονται.

2089 4142 2295 4204 Ὄντως
2341 4139 2483 4210 μέγα
2543 4141 2878 4211 μυστήριον,
2921 4140 3230 4211 ἀπόρρητόν
3281 4158 3404 4194 τινα
3456 4143 3662 4210 σοφίαν.

2085 4229 2227 4296 ἕχον.
2285 4228 2454 4282 Τοῦτο
2492 4226 2695 4280 ἄνωθεν
2734 4214 3093 4297 προφητεύων
3143 4227 3332 4297 ἐδήλου
3363 4229 3604 4298 Μωῦσῆς
3630 4247 3643 4260 ο

2084 4315 2244 4368 τοῦτο
2274 4316 2368 4368 καὶ
2403 4314 2496 4368 νῦν
2521 4315 2550 4367 6
2595 4313 2804 4376 Παῦλος
2856 4313 2958 4384 βοᾷ
3000 4313 3172 4382 λέγων
3204 4329 3218 4343 ·
3251 4315 3357 4380 Εἰς
3391 4317 3652 4382 Χριστὸν

2085 4403 2183 4457 καὶ
2214 4405 2302 4469 εἰς
2328 4402 2443 4470 τὴν
2484 4404 2862 4470 Ἐκκλησίαν.
2904 4402 3048 4470 Πλὴν
3075 4403 3136 4457 ού
3159 4403 3225 4456 δι’
3249 4403 3412 4457 αὐτὸν
3435 4405 3650 4476 εἴρηται

2089 4491 2248 4562 μόνον
2281 4489 2474 4553 οὔτως,
2520 4489 2655 4543 ἀλλὰ
2694 4489 2788 4542 καί
2823 4489 2911 4544 διά
2942 4488 3042 4559 τὴν
3065 4491 3317 4556 γυναῖκα,
3349 4490 3436 4543 ἵνα
3458 4490 3532 4554 ὡς
3551 4493 3662 4562 τὴν.

2089 4561 2223 4632 ἰδίαν
2264 4578 2440 4648 σάρκα
2481 4577 2647 4646 αὐτὴν
2703 4576 2903 4647 θάλπῃ,
2949 4576 3024 4639 ὡς
3081 4577 3174 4632 καὶ
3202 4578 3232 4630 6
3265 4579 3500 4650 Χριστὸς
3553 4579 3653 4651 τὴν

2098 4665 2442 4735 Ἐκκλησίαν.
2486 4664 2552 4720 Ἦ
2602 4663 2671 4716 δὲ
2696 4662 2851 4732 γυνὴ
2883 4664 2983 4716 ἵνα
3023 4663 3283 4733 φοϐῆται
3305 4666 3416 4719 τὸν
3438 4664 3649 4735 ἄνδρα.

2087 4756 2280 4809 Οὐκέτι
2327 4755 2397 4807 τὰ
2431 4754 2528 4824 τῆς
2558 4753 2780 4824 ἀγάπης
2808 4752 2989 4821 τίθησι
3015 4753 3194 4823 μόνον,
3223 4755 3360 4811 ἀλλὰ
3394 4756 3446 4808 τί
3472 4773 3494 4822 ;
3531 4758 3656 4812 Ἵνα

2085 4842 2338 4912 φοϐῆται
2367 4841 2475 4894 τὸν
2504 4840 2713 4908 ἄνδρα.
2755 4840 2919 4911 Ἀρχὴ
2963 4840 3190 4910 δευτέρα
3225 4843 3372 4895 ἐστὶν
3411 4844 3444 4913 ή
3490 4849 3648 4916 γυνή.

2086 4931 2240 5000 Μήτε
2293 4924 2386 4982 οὖν
2427 4926 2566 4998 αῦτη
2599 4927 2698 4998 τὴν
2731 4927 3004 4997 ἰσοτιμίαν
3028 4928 3330 4983 ἀπαιτείτω
3359 4946 3372 4957 ⁸
3412 4930 3517 4984 ὑπὸ
3545 4933 3654 5003 γὰρ

2085 5019 2184 5090 τὴν
2212 5019 2454 5088 κεφαλήν
2481 5020 2599 5070 ἐστι
2625 5034 2642 5050 ο
2683 5019 2818 5088 μήτε
2850 5019 3054 5080 ἐκεῖνος
3088 5016 3165 5080 ὡς
3197 5018 3649 5090 ὑποτεταγμένης

2087 5105 2490 5176 καταφρονείτω
2513 5122 2528 5137 ο
2567 5104 2725 5174 σῶμα
2763 5104 2871 5176 γάρ
2916 5105 3051 5168 ἐστι,
3089 5107 3189 5159 κᾶν
3212 5110 3527 5179 καταφρονῇ
3555 5109 3650 5162 τοῦ

2087 5193 2392 5263 σώματοςή
2432 5191 2674 5262 κεφαλὴ,
2724 5192 2818 5245 καί
2855 5193 2992 5262 αὐτὴ
3047 5193 3467 5262 προσαπολεῖται
3491 5212 3505 5226 ·
3536 5195 3651 5249 ἀλλ’

2085 5281 2407 5351 ἀντίρροπον
2461 5279 2561 5348 τῆς
2611 5279 2855 5350 ὑπακοῆς
2920 5280 3188 5347 εἰσαγέτω
3243 5280 3343 5350 τὴν
3402 5281 3643 5352 ἀγάπην.

2087 5368 2297 5440 Ὥσπερ
2321 5369 2354 5437 ἡ
2387 5366 2618 5436 κεφαλὴ,
2648 5365 2744 5419 καὶ
2796 5365 2857 5418 τὸ
2908 5365 3066 5436 σῶμα
3090 5385 3103 5397 ·
3135 5365 3203 5427 τό
3225 5367 3327 5436 μὲν
3349 5368 3484 5440 αὐτῇ
3515 5369 3651 5438 πρὸς

2083 5455 2354 5510 διακονίαν
2386 5454 2624 5526 παρέχον
2651 5454 2747 5517 τὰς
2772 5456 2982 5524 χεῖρας,
3015 5456 3141 5518 τοὺς
3184 5456 3370 5520 πόδας,
3396 5459 3459 5510 τὰ
3489 5457 3652 5514 λοιπά

2155 5784 2180 5810 ⁸
2207 5781 2338 5829 Unus
2358 5779 2532 5838 codex,
2555 5780 2680 5826 ὥστε
2705 5779 2947 5840 συμϐαίνει
2972 5777 3078 5834 τοὺς
3099 5778 3234 5841 τρεῖς.
