4096 6388
408 312 503 369 HI
1093 308 1150 367 S.
1191 309 1476 365 JOANNIS
1513 305 2007 365 CHRYSOSTOMI
2048 308 2374 368 ARCHIEP.
2416 313 2973 374 CONSTANTINOP.
3550 319 3648 373 H2

408 423 586 477 πάντα
631 421 763 491 μέλη
793 438 807 451 ·
842 420 1028 490 ἐκείνη
1082 421 1140 473 δὲ
1167 421 1334 475 αὐτοῦ
1360 420 1759 491 προνοουμένη,
1792 420 1975 472 πᾶσαν

407 514 467 563 ἐν
495 510 659 579 ἑαυτῇ
687 507 941 577 αἴσθησιν
967 508 1181 577 ἔχουσα.
1204 509 1372 561 Οὐδὲν
1400 508 1600 577 ταύτης
1624 508 1845 577 ἄμεινον
1878 506 1978 573 τῆς

411 596 689 663 συζυγίας.
736 596 845 648 Καὶ
891 596 1007 658 πῶς
1036 595 1101 648 ἂν
1134 597 1344 664 γένοιτο
1372 596 1582 665 ἀγάπη,
1616 594 1772 664 φησὶ,
1812 593 1977 661 φόϐου

409 685 597 747 δντοςς
626 685 877 737 Μάλιστα
910 684 1031 737 τότε
1091 684 1157 737 ἀν
1206 684 1434 753 γένοιτο.
1475 684 1541 736 Ἦ
1564 681 1714 754 [149]
1743 681 1853 751 γὰρ
1893 699 1980 750 φο-

411 772 645 842 ϐουμένη
692 772 785 824 καὶ
808 773 996 841 ἀγαπᾷ
1020 788 1032 802 ·
1064 774 1096 841 ή
1131 772 1400 839 ἀγαπῶσα
1434 772 1677 840 φοϐεῖται
1702 771 1775 833 ὡς
1805 787 1977 837 κεφα-

410 861 530 932 λὴν,
560 862 654 913 καὶ
706 860 895 929 ἀγαπᾷ
934 860 1009 923 ὼς
1051 860 1233 931 μέλος,
1272 862 1394 913 ἐπεὶ
1439 861 1534 912 καὶ
1560 862 1593 930 ή
1633 857 1844 928 κεφαλὴ
1882 857 1976 927 μέ-

409 950 500 1011 λος
552 947 646 1001 τοῦ
702 948 901 1010 παντός
952 948 1067 1000 ἐστι
1127 948 1395 1013 σώματος.
1425 947 1523 1000 Διά
1562 945 1720 999 τοῦτο
1754 946 1853 1016 τὴν
1880 945 1977 1013 μὲν

411 1035 680 1101 ὑπέταξε,
704 1037 796 1088 τὸν
839 1035 896 1087 δὲ
930 1034 1218 1105 ἐπέθηκεν,
1241 1036 1327 1088 ἵνα
1367 1036 1557 1106 εἰρήνη
1681 1034 1848 1086 Ἔνθα
1869 1033 1977 1102 γὰρ

420 1124 675 1191 ίσοτιμία,
710 1124 902 1193 εἰρήνη
929 1124 1029 1175 οὐκ
1053 1123 1118 1175 ἄν
1144 1140 1275 1174 ποτε
1305 1122 1535 1190 γένοιτο,
1557 1122 1678 1175 οὐδὲ
1700 1122 1977 1190 δημοκρα-

410 1193 678 1279 τουμένης
700 1210 898 1272 οἰκίας,
917 1211 1037 1263 οὐδὲ
1062 1210 1277 1263 πάντων
1298 1210 1591 1279 ἀρχόντων,
1608 1208 1742 1261 ἀλλὰ
1763 1207 1975 1276 ἀνάγκη

413 1299 539 1367 μίαν
572 1293 712 1350 εἶναι
743 1300 842 1369 τὴν
880 1300 1077 1369 ἀρχὴν.
1116 1300 1227 1352 Καὶ
1260 1298 1431 1351 ταῦτα
1459 1296 1734 1368 πανταχοῦ
1756 1298 1848 1349 ἐπὶ
1869 1295 1977 1348 τῶν

413 1387 784 1456 σωματικῶν⁸
814 1403 827 1415 ·
868 1386 991 1440 ἐπεὶ
1042 1387 1139 1440 ὲάν
1183 1381 1315 1439 ὦσιν
1350 1388 1539 1457 ἄνδρες
1593 1384 1975 1456 πνευματικοὶ,

410 1473 563 1526 ἔσται
588 1476 797 1543 εἰρήνη.
828 1474 1267 1544 Πεντακισχίλιαι
1304 1471 1442 1545 ἦσαν
1468 1475 1655 1545 ψυχαὶ,
1675 1473 1769 1526 καὶ
1804 1473 1979 1535 οὐδείς

410 1578 464 1613 τι
498 1560 605 1613 τῶν
647 1560 1003 1631 ὑπαρχόντων
1027 1560 1214 1628 ἔλεγεν
1243 1559 1373 1614 ἴδιον
1397 1558 1555 1624 εἶναι,
1592 1562 1706 1614 ἀλλ’
1740 1560 1975 1614 ὑπετάτ-

408 1664 564 1699 τοντο
601 1647 870 1717 ἀλλήλοις.
920 1646 1091 1700 Τοῦτο
1138 1647 1336 1717 δεῖγμα
1390 1648 1656 1711 συνέσεως
1694 1648 1786 1700 καὶ
1810 1647 1976 1712 φόϐου

408 1733 567 1787 Θεοῦ.
609 1735 711 1787 Τὸν
736 1736 832 1804 μὲν
860 1730 955 1788 οὖν
981 1734 1081 1804 τῆς
1115 1736 1333 1805 ἀγάπης
1363 1736 1562 1806 τρόπον
1585 1736 1776 1801 ἔδειξε,
1809 1735 1901 1788 τὸν
1920 1735 1977 1787 δὲ

410 1820 503 1875 τοῦ
532 1821 721 1890 φόϐου,
747 1821 950 1875 οὐκέτι.

481 1947 541 1993 ε’.
560 1941 672 1994 Καὶ
687 1943 787 2010 ὅρα
806 1940 895 1994 τὸν
921 1941 1021 2012 μὲν
1034 1940 1135 2011 τῆς
1152 1940 1373 2012 ἀγάπης
1391 1942 1742 2004 πλατύνοντα,
1756 1942 1822 1995 τὰ
1839 1940 1979 1995 κατά

412 2028 456 2080 Χ
468 2028 648 2099 ριστὸν
694 2028 1072 2098 διηγούμενον,
1101 2028 1168 2081 τά
1202 2030 1342 2082 κατὰ
1372 2029 1469 2098 τὴν
1493 2030 1669 2099 σάρκα
1692 2032 1790 2097 τὴν
1822 2030 1975 2095 ίδίαν,

408 2114 488 2174 τὺ,
530 2115 677 2167 Ἀντί
746 2116 959 2167 τούτου
1000 2117 1349 2183 καταλείψει
1382 2114 1700 2183 ἄνθρωπος
1728 2117 1844 2183 τὴν
1866 2134 1980 2186 μη-

408 2202 547 2270 τέρα
570 2202 755 2256 αὐτοῦ
795 2203 892 2253 καί
921 2203 1027 2255 τὸν
1053 2202 1276 2271 πατέρα
1305 2220 1318 2235 ο
1358 2204 1427 2256 τὰ
1456 2204 1512 2257 δὲ
1534 2204 1627 2257 τοῦ
1656 2204 1821 2273 φόϐου
1851 2205 1980 2257 οὐκ-

410 2289 489 2341 έτι
544 2287 822 2341 πλατύνει.
859 2289 924 2341 Τί
959 2290 1021 2361 δή
1036 2306 1199 2355 ποτε;
1233 2291 1357 2344 Ὅτι
1421 2291 1580 2345 τοῦτο
1629 2292 1828 2362 μᾶλλον
1852 2291 1977 2363 βού-

408 2376 557 2429 λεται
581 2378 821 2446 κρατεῖν,
839 2376 900 2428 τὸ
921 2377 1018 2447 τῆς
1036 2378 1272 2446 ἀγάπης.
1294 2377 1506 2449 Ταύτης
1518 2379 1627 2450 γάρ
1642 2378 1825 2450 οὔσης,
1846 2380 1979 2433 πάν-

408 2480 475 2516 τα
510 2463 699 2515 ἕπεται
728 2462 794 2515 τά
820 2461 956 2515 ἄλλα
982 2480 996 2494 ’
1032 2464 1241 2517 ἐκείνου
1267 2465 1319 2517 δὲ
1347 2466 1519 2529 ὄντος,
1548 2468 1609 2519 ού
1642 2466 1877 2529 πάντως.
1920 2467 1978 2520 Ὀ

412 2551 509 2618 μὲν
545 2548 655 2619 γάρ
700 2550 927 2617 ἀγαπῶν
980 2550 1077 2620 τὴν
1110 2554 1364 2617 γυναῖκα,
1401 2552 1501 2606 κᾶν
1528 2554 1601 2623 μὴ
1630 2554 1833 2622 σφόδρα
1878 2554 1977 2626 ἔχῃ

409 2636 721 2706 πειθηνίαν,
740 2637 921 2690 πάντα
944 2637 1095 2706 ὅμως
1120 2638 1490 2709 ὑποστήσεται
1517 2657 1529 2667 ·
1554 2640 1697 2693 οὕτω
1716 2640 1977 2696 δύσκολον

408 2725 503 2776 καὶ
558 2724 794 2793 χαλεπὸν
818 2726 850 2794 ή
910 2725 1153 2795 ὁμόνοια,
1189 2727 1317 2778 ὅταν
1345 2725 1418 2797 μὴ
1447 2728 1510 2796 τῇ
1542 2727 1640 2796 τῆς
1666 2728 1979 2797 τυραννίδος

408 2812 599 2883 ἀγάπῃ
630 2805 731 2863 ὦσι
771 2812 1143 2883 συνδεδεμένοι
1173 2831 1187 2845 ·
1210 2815 1238 2865 6
1264 2814 1446 2883 μέντοι
1479 2814 1642 2883 φόϐος
1669 2817 1730 2867 οὐ
1760 2817 1977 2880 πάντως

407 2898 568 2950 τοῦτο
640 2896 1000 2967 κατορθώσει.
1047 2898 1146 2950 Διά
1211 2898 1369 2952 τοῦτο
1428 2901 1754 2972 ἐνδιατρίϐει
1800 2902 1978 2973 τούτῳ

409 2983 593 3044 πλέον,
625 2983 761 3053 ὅπερ
796 2984 943 3036 ἐστὶν
977 2984 1216 3055 ἰσχυρόν.
1244 2987 1354 3039 Καὶ
1378 2986 1609 3040 δοκοῦσα
1640 2988 1979 3042 πλεονεκτεῖν

410 3070 535 3122 σθαι
561 3070 595 3139 ή
615 3070 751 3139 γυνὴ
777 3110 792 3130 ,
822 3070 905 3122 ὅτι
939 3071 1220 3138 φοϐεῖσθαι
1254 3074 1590 3144 προσετάγη,
1617 3075 1931 3129 πλεονεκτεῖ
1960 3093 1975 3108 ο

406 3157 468 3210 τὸ
508 3157 618 3228 γὰρ
649 3157 985 3229 κυριώτερον
1005 3160 1033 3210 6
1063 3159 1202 3229 ἀνὴρ
1220 3160 1639 3228 προστέτακται,
1657 3162 1717 3213 τὸ
1734 3151 1977 3233 ἀγαπᾷν.

407 3245 475 3298 Τί
501 3241 613 3309 οὖν,
642 3246 708 3298 ἂν
740 3247 813 3316 μὴ
846 3244 1121 3315 φοϐῆται,
1156 3248 1343 3317 φησὶν,
1379 3249 1411 3318 ή
1442 3249 1577 3320 γυνή
1613 3266 1627 3315 ;
1661 3249 1733 3302 Σὺ
1764 3250 1975 3318 ἀγάπα,

408 3333 469 3386 τὸ
498 3333 698 3385 σαυτοῦ
742 3331 978 3403 πλήρου.
1015 3333 1127 3385 Καὶ
1173 3334 1281 3403 γὰρ
1312 3334 1378 3387 ἂν
1398 3335 1465 3387 τά
1492 3334 1645 3405 παρά
1670 3336 1780 3387 τῶν
1803 3336 1977 3389 ἄλλων

412 3419 486 3491 μὴ
514 3420 737 3490 ἕπηται,
763 3420 830 3473 τά
860 3421 990 3490 παρ’
1022 3420 1176 3490 ήμῶν
1205 3420 1431 3474 ἔπεσθαι
1455 3421 1553 3475 δεῖ.
1586 3417 1710 3477 Οἷόν
1730 3440 1781 3475 τι
1812 3423 1973 3492 λέγω·

418 3511 963 3578 ’Υποτασσόμενοι,
996 3509 1179 3579 φησὶν,
1213 3508 1508 3575 ἀλλήλοις
1540 3510 1608 3563 ἐν
1646 3511 1811 3579 φόϐῳ
1844 3515 1978 3582 Χρι-

407 3596 580 3650 στοῦ.
610 3596 675 3647 Τί
710 3592 822 3658 οὖν,
849 3595 914 3649 ἂν
946 3598 974 3646 6
1002 3595 1187 3667 ἕτερος
1217 3594 1289 3665 μὴ
1318 3596 1687 3665 ύποτάσσηται
1712 3615 1726 3660 ;
1757 3599 1828 3650 Σὺ
1858 3599 1977 3651 πεί-

409 3682 505 3736 θου
557 3682 636 3752 τῷ
684 3683 836 3752 νόμῳ
888 3681 984 3734 τοῦ
1031 3682 1369 3741 Θεοῦ.οὓτω
1398 3683 1459 3751 δὴ
1505 3684 1598 3735 καὶ
1642 3684 1974 3758 ὲνταῦθα·ή

409 3769 542 3838 γοῦν
590 3770 728 3841 γυνὴ
775 3769 878 3822 κᾶν
944 3769 1020 3840 μὴ
1067 3770 1371 3836 ἀγαπᾶται,
1398 3770 1546 3839 ὅμως
1572 3772 1863 3840 φοϐείσθω,
1890 3775 1977 3829 ἵνα

413 3856 585 3927 μηδὲν
681 3857 811 3926 παρ’
841 3856 977 3927 αὐτῇ
1010 3858 1232 3926 γεγονός
1254 3858 1282 3897 ι)
1308 3875 1321 3888 ·
1357 3858 1384 3909 ὃ
1411 3874 1469 3909 τε
1506 3858 1664 3930 ἀνὴρ,
1690 3860 1756 3913 ἂν
1783 3863 1858 3930 μὴ
1881 3880 1979 3932 φο-

412 3946 579 4016 ϐῆται
603 3948 634 4015 ἡ
664 3945 822 4016 γυνὴ,
846 3947 994 4015 ὅμως
1027 3946 1313 4014 ἀγαπάτω,
1345 3946 1431 3999 ἵνα
1458 3948 1622 4016 μηδὲν
1651 3949 1812 4013 αὐτὸς
1830 3950 1981 4004 ὑστε-

415 4037 484 4104 ρῇ
514 4051 527 4064 ·
567 4033 801 4097 ἕκαστος
842 4034 947 4103 γάρ
996 4033 1057 4086 τὸ
1109 4033 1238 4086 ἴδιον
1287 4033 1581 4089 ἀπέλαϐεν.
1612 4036 1755 4105 Ἀρα
1798 4038 1977 4107 γάμος

412 4118 562 4173 ἐστὶν
584 4115 740 4183 οὗτος
760 4121 1043 4191 γινόμενος
1075 4122 1217 4173 κατὰ
1244 4119 1498 4191 Χριστὸν,
1527 4121 1705 4192 γάμος
1729 4142 1977 4195 πνευμα-

412 4208 564 4270 τικὸς
620 4209 715 4261 καὶ
752 4207 1006 4278 γέννησις
1058 4208 1424 4279 πνευματικὴ,
1471 4209 1569 4261 οὐκ
1624 4210 1684 4274 ἐξ
1709 4212 1974 4282 αἰμάτων,

411 4294 511 4347 οὐκ
553 4296 610 4360 ὲξ
641 4294 869 4349 ὠδίνων.
902 4295 1134 4366 Τοιαύτη
1185 4296 1280 4348 καὶ
1310 4297 1343 4365 ἡ
1396 4295 1492 4347 τοῦ
1537 4296 1723 4350 Ἰσαάκ
1755 4315 1770 4331 ο
1805 4298 1974 4354 ἄκουε

408 4382 511 4450 τῆς
538 4382 761 4451 Γραφῆς
796 4382 1064 4452 λεγούσης
1086 4399 1101 4415 ”
1129 4382 1238 4435 Καί
1284 4382 1523 4447 ἐξέλιπε
1549 4387 1977 4455 παραγίνεσθαι

410 4467 610 4535 Σὰρῤᾳ
642 4469 715 4521 τὰ
766 4468 1074 4536 γυναικεῖα
1104 4468 1317 4536 αὐτῆς.
1352 4470 1461 4522 Καὶ
1484 4471 1511 4521 ὁ
1544 4472 1722 4541 γάμος
1753 4475 1853 4527 οὐκ
1872 4477 1983 4542 ἀπδ

412 4554 618 4617 πάθους
671 4555 789 4607 οὐδὲ
851 4556 1118 4627 σωμάτων
1148 4567 1197 4620 ε,
1237 4556 1373 4609 ἀλλά
1426 4559 1795 4626 πνευματικὸς
1837 4562 1977 4629 ὅλος,

409 4640 587 4711 ψυχῆς
618 4642 747 4711 πρὸς
774 4641 905 4694 Θεὸν
938 4644 1355 4711 συναπτομένης
1383 4644 1678 4711 συνάφειαν
1718 4648 1979 4717 ἄρρητον,

411 4729 505 4781 καί
538 4728 695 4797 μόνος
720 4725 859 4781 οἶδεν
888 4730 1071 4793 αὐτός.
1106 4730 1205 4783 Διά
1228 4730 1387 4782 τοῦτό
1416 4748 1580 4801 φησιν
1601 4749 1614 4761 ·
1664 4733 1727 4786 '0
1750 4735 1979 4789 κολλώ-

406 4831 593 4884 μενος
653 4813 735 4879 τῷ
796 4817 1007 4882 Κυρίῳ,
1058 4815 1129 4869 ἓν
1157 4817 1396 4885 πνεῦμά
1442 4818 1638 4871 ἐστιν.
1672 4820 1814 4889 Ὅρα
1861 4822 1981 4887 πῶς

414 4901 700 4965 σπουδάζει
754 4904 848 4954 καὶ
900 4904 999 4973 τὴν
1053 4904 1230 4972 σάρκα
1264 4904 1462 4956 ὲνώσαι
1490 4907 1556 4973 τῇ
1586 4906 1769 4974 σαρκὶ,
1803 4908 1983 4961 καὶτὸ

417 4987 631 5058 πνεῦμα
658 4988 738 5060 τῷ
783 4989 1075 5059 πνεύματι.
1107 4990 1217 5042 Ποῦ
1238 4992 1286 5042 οί
1318 4991 1584 5061 αίρετικοί
1615 5009 1627 5056 ;
1666 4992 1781 5045 Οὐκ
1815 4994 1901 5058 ἂν,
1932 4997 1980 5049 εί

411 5073 521 5125 τῶν
546 5074 987 5143 διαϐεϐλημένων
1005 5078 1033 5129 ό
1062 5076 1241 5146 γάμος
1264 5073 1351 5147 ῆν,
1384 5076 1605 5147 νύμφην
1628 5080 1720 5130 καί
1750 5081 1981 5150 νυμφίον

418 5159 672 5213 ἐκάλεσεν
708 5178 722 5192 ·
758 5164 859 5214 οὐκ
892 5162 957 5215 ἂν
1013 5163 1339 5233 προτρέπων
1380 5165 1557 5217 ἐκεῖνο
1585 5166 1874 5236 παρήγαγε
1900 5169 1975 5233 τὸ,

416 5246 773 5315 Καταλείψει
789 5247 1097 5316 ἅνθρωπος
1113 5249 1219 5301 τὸν
1242 5250 1467 5317 πατέρα
1483 5252 1579 5304 καί
1606 5253 1720 5318 τὴν
1734 5255 1969 5322 μητέρα

416 5330 567 5404 [I50]
619 5336 713 5387 καὶ
750 5336 912 5389 πάλιν
976 5339 1273 5407 ἐπήγαγεν,
1307 5339 1388 5389 ὅτι
1441 5337 1544 5404 Εἰς
1575 5340 1682 5392 τὸν
1726 5342 1985 5408 Χριστὸν
2018 5384 2027 5397 .

485 5635 514 5683 ρ
543 5625 681 5676 Alius
702 5630 850 5679 habet
870 5634 1124 5683 βιωτικῶν.

486 5682 515 5759 ξ
538 5684 755 5759 Ρυῃῡευὲ
778 5682 1097 5759 ριόὃεώἰίῇίρι·
1115 5696 1311 5759 conjicit
1330 5698 1519 5757 γεγονὸς
1553 5698 1752 5753 ἐλλιπές.

483 5747 509 5778 ⁸
538 5746 702 5797 Voﬂet
720 5746 930 5802 anzeus
952 5753 1093 5817 adjici
1115 5746 1279 5819 μίξίως
1300 5746 1377 5808 γὲι
1397 5746 1695 5821 συμπλοκῆς.

2086 420 2317 487 εἴρηται
2359 424 2457 476 καί
2490 423 2604 489 τὴν
2633 424 3018 494 Ἐκκλησίαν.
3048 425 3182 493 Περί
3203 425 3309 496 γάρ
3331 424 3531 497 ταύτης
3553 430 3650 483 καὶ

2083 508 2112 559 ὁ
2148 509 2451 580 Ψαλμῳδός
2490 528 2653 581 φησιν
2678 528 2689 540 '
2730 515 3060 579 Ἄκουσον,
3096 515 3368 582 θύγατερ,
3397 515 3496 567 καί
3529 515 3648 579 ιδε,

2085 594 2187 647 καί
2231 596 2445 650 κλῖνον
2470 598 2535 649 τὸ
2566 594 2674 664 οὖς
2713 615 2851 662 σου,
2894 601 2993 654 καί
3031 601 3321 654 ἐπιλάθου
3361 600 3469 654 τοῦ
3495 603 3649 658 λαοῦ

2085 698 2223 743 σου,
2249 683 2346 736 καί
2370 684 2474 737 τοῦ
2504 686 2676 739 οἴκου
2704 687 2810 740 τοῦ
2838 690 3058 757 πατρός
3080 703 3217 741 σουο
3246 688 3342 741 καί
3375 689 3652 759 ἐπιθυμή-

2085 786 2177 821 σει
2208 773 2239 822 ό
2259 770 2559 835 ,βασιλεὺς
2591 773 2695 826 τοῦ
2728 774 2996 839 κάλλους
3012 792 3149 829 σου.
3182 774 3279 827 Διά
3307 776 3464 829 τοῦτο
3505 779 3597 832 καὶ
3623 780 3654 831 6

2091 858 2324 927 Χριστὸς
2359 859 2542 927 ἔλεγεν
2575 877 2590 891 ’
2631 862 2774 932 Ἐγὼ
2790 864 2948 930 παρὰ
2971 864 3075 917 τοῦ
3101 864 3331 931 Πατρός
3362 864 3648 933 ἐξῆλθον,

2087 944 2182 996 καί
2215 944 2363 1010 ἥκω.
2404 946 2543 999 Ἀλλ’
2567 948 2693 1001 ὅταν
2718 949 2878 1015 εἴπω,
2898 952 2979 1003 ὅτι
3009 952 3099 1004 τὸν
3123 952 3341 1022 Πατέρα
3370 954 3647 1020 κατέλιπε,

2090 1032 2163 1100 μὴ
2192 1032 2431 1084 τοιοῦτον
2460 1036 2706 1107 νομίσῃς,
2731 1031 2843 1089 οίον
2871 1040 2956 1090 ἐπ’
2997 1039 3092 1092 ἀνθ
3104 1038 3317 1109 ρώπων,
3342 1040 3520 1093 τόπων
3554 1058 3652 1112 με·

2086 1117 2335 1172 τάϐασιν.
2375 1120 2587 1192 Ὥσπερ
2633 1122 2742 1193 γάρ
2780 1123 3009 1192 ἐκϐῆναι
3056 1124 3293 1193 λέγεται,
3323 1125 3422 1179 οὐκ
3466 1127 3650 1200 ἐπειδὴ

2086 1203 2330 1273 ἐξῆλθεν,
2383 1207 2521 1260 ἀλλὰ
2569 1208 2657 1261 διὰ
2688 1211 2787 1277 τὴν
2833 1211 3031 1283 σάρκα,
3062 1211 3202 1264 οὕτω
3234 1213 3327 1266 καὶ
3372 1214 3453 1275 τδ,
3495 1216 3647 1267 Κατ-

2089 1292 2260 1345 έλιπε
2294 1292 2402 1346 τὸν
2435 1296 2683 1362 Πατέρα.
2718 1297 2815 1350 Διά
2838 1298 2890 1349 τί
2928 1294 3021 1352 οὖν
3054 1298 3127 1368 μὴ
3159 1301 3252 1352 καὶ
3277 1300 3523 1370 περὶτῆς
3550 1317 3651 1367 γυ-

2085 1380 2272 1443 ναικὸς
2322 1380 2478 1446 είπε,
2538 1385 3082 1455 Προσκολληθήσεται
3141 1387 3278 1457 πρὸς
3334 1387 3426 1439 τὸν
3481 1386 3652 1457 ἄνδρα

2086 1468 2294 1537 αύτῆς;
2341 1470 2406 1521 Τί
2431 1470 2653 1541 δήποτες
2690 1474 2810 1526 Ὀτι
2841 1476 2969 1543 περὶ
3000 1475 3219 1545 ἀγάπης
3239 1475 3524 1542 διελέγετο,
3558 1475 3652 1528 καὶ

2086 1556 2164 1625 τῷ
2216 1556 2369 1627 ἀνδρί
2405 1558 2693 1625 διελέγετο.
2750 1562 2959 1632 Ἐκείνῃ
3018 1562 3117 1632 μὲν
3167 1563 3275 1632 γὰρ
3324 1564 3453 1633 περί
3487 1562 3652 1631 φόϐου

2084 1643 2486 1713 διαλεγόμενος,
2548 1646 2712 1717 φησίν
2746 1663 2761 1677 ο
2805 1649 2983 1717 Ἀνήρ
3038 1650 3170 1703 ἐστι
3242 1650 3476 1719 κεφαλὴ
3542 1648 3654 1717 τῆς

2084 1733 2374 1799 ⁸γυναικός
2402 1748 2414 1761 ·
2452 1733 2546 1786 καὶ
2594 1735 2776 1801 πάλιν,
2807 1736 2888 1788 ὃτι
2939 1738 3045 1790 Καὶ
3079 1741 3112 1790 ό
3140 1738 3395 1805 Χριστὸς
3418 1737 3651 1807 κεφαλὴ

2085 1818 2197 1887 τῆς
2229 1820 2593 1888 Ἐκκλησίας
2624 1840 2637 1853 ·
2671 1824 2797 1893 περὶ
2834 1824 2891 1876 δὲ
2918 1825 3136 1894 ἀγάπης
3152 1824 3303 1895 αύτῷ
3321 1824 3651 1893 διαλέγεται,

2087 1908 2182 1959 καὶ
2234 1907 2383 1976 αύτῷ
2437 1908 2505 1961 τὰ
2562 1909 2764 1979 ταύτης
2818 1911 3133 1982 ἐνεχείρισε,
3168 1912 3263 1963 καὶ
3290 1911 3356 1964 τὰ
3402 1911 3653 1981 περὶτῆς

2086 1994 2307 2065 ἀγάπης
2332 1995 2465 2066 πρὸς
2488 1997 2651 2051 αὑτὸν
2674 1998 2994 2066 ἐφθέγξατο,
3027 1998 3339 2067 συσφίγγων
3360 1999 3521 2053 αὑτὸν
3548 2000 3644 2052 καὶ

2088 2082 2418 2149 συγκολλῶν.
2438 2085 2494 2136 Ὀ
2512 2085 2619 2154 γὰρ
2642 2085 2736 2137 τὸν
2752 2087 2963 2157 πατέρα
2990 2087 3076 2140 διὰ
3098 2087 3194 2157 τὴν
3216 2089 3448 2155 γυναῖκα
3471 2088 3648 2156 ἀφεὶς,

2088 2170 2181 2222 καὶ
2216 2171 2385 2241 αὐτὴν
2412 2171 2469 2224 δὲ
2494 2172 2697 2242 ταύτην
2723 2173 2878 2226 πάλιν
2899 2176 3058 2242 ἀφεὶς
3085 2178 3178 2229 καὶ
3200 2176 3649 2245 καταλιμπάνων,

2087 2259 2245 2322 ποίας
2305 2260 2371 2313 ἂν
2424 2262 2509 2330 εῐη
2543 2260 2694 2327 ἄξιος
2758 2265 3123 2334 συγγνώμηςς
3159 2266 3268 2334 Ούχ
3302 2266 3432 2335 ὁρᾷς
3481 2266 3653 2334 πόσης

2087 2348 2257 2418 αὐτὴν
2305 2347 2599 2402 ἀπολαύειν
2631 2348 2877 2417 βούλεται
2909 2352 3073 2420 τιμῆς
3111 2353 3139 2403 6
3177 2351 3328 2414 Θεὸς,
3357 2352 3438 2404 ὅτι
3473 2369 3531 2404 σε
3554 2352 3649 2404 τοῦ

2087 2439 2293 2507 πατρὸς
2325 2439 2647 2507 ἀπαγαγὼν,
2676 2440 2846 2511 ταύτῃ
2879 2441 3232 2510 προσήλωσε;
3274 2442 3337 2494 Τί
3365 2438 3478 2506 οὖν,
3506 2441 3570 2494 ἂν
3585 2442 3653 2495 τὰ

2086 2527 2219 2597 παρ’
2252 2527 2409 2596 ἡμῶν
2437 2527 2685 2596 γένηται,
2717 2529 2901 2597 φησὶν,
2932 2527 3113 2598 ἐκείνη
3140 2530 3196 2581 δὲ
3239 2529 3312 2600 μὴ
3344 2529 3649 2600 ἀκολουθῇ;

2085 2616 2153 2668 Εί
2176 2612 2244 2666 δὲ
2272 2618 2304 2667 ό
2339 2614 2596 2679 ἄπιστος
2643 2613 2965 2683 χωρίζεται,
2998 2615 3341 2684 χωριζέσθω.
3364 2617 3436 2668 υύ
3471 2616 3651 2670 δεδού-

2085 2701 2251 2754 λωται
2278 2704 2305 2754 6
2328 2702 2575 2769 ἀδελφὸς,
2605 2701 2637 2772 ἢ
2663 2704 2694 2770 ή
2728 2702 2926 2772 ἀδελφὴ
2958 2706 3015 2755 ἐν
3050 2706 3159 2765 τοίς
3183 2704 3464 2768 τοιούτοις.
3509 2706 3649 2759 Ἀλλ’

2085 2790 2211 2841 ὅταν
2226 2788 2431 2859 ἀκούῃς
2452 2789 2633 2857 φόϐον,
2654 2790 2915 2861 ἐλευθέρᾳ
2938 2792 3278 2860 προσήκοντα
3306 2792 3466 2861 φόϐον
3487 2793 3652 2846 ἀπαί-

2084 2894 2188 2940 τει,
2211 2876 2285 2947 μὴ
2303 2876 2484 2939 καθὼς
2504 2876 2651 2946 παρά
2670 2875 2875 2947 δούληςο
2896 2878 3051 2946 σῶμα
3073 2878 3179 2948 γάρ
3198 2879 3314 2931 ἐστι
3339 2879 3446 2932 σόν*
3466 2879 3531 2934 ἂν
3545 2881 3655 2953 γὰρ

2084 2961 2242 3015 τοῦτο
2258 2963 2506 3034 ποιήσῃς,
2534 2963 2728 3015 σαυτὸν
2747 2964 3113 3033 καθυϐρίζεις,
3129 2965 3188 3017 τὸ
3200 2966 3359 3036 σῶμα
3374 2968 3653 3038 ἀτιμάζων

2085 3050 2147 3101 τὸ
2162 3050 2271 3103 σόν.
2289 3050 2443 3112 Ποῖος
2454 3051 2509 3101 δέ
2523 3051 2667 3102 ἐστιν
2680 3053 2708 3102 6
2726 3052 2886 3119 φόϐος
2904 3054 3082 3116 ;Ὤστε
3100 3053 3172 3123 μὴ
3192 3054 3650 3123 άντιλέγειν,ὦστε

2090 3137 2163 3207 μὴ
2187 3137 2598 3202 ἐπανίστασθαι,
2619 3138 2757 3191 ὥστε
2788 3140 2860 3210 μὴ
2896 3141 3002 3192 τῶν
3020 3142 3299 3209 πρωτείων
3317 3144 3446 3212 ὲρᾷν
3462 3160 3475 3173 ·
3497 3146 3656 3215 ἀρκεῖ

2089 3226 2250 3294 μέχρι
2280 3225 2481 3278 τούτων
2505 3226 2725 3279 ἑστάναι
2748 3227 2838 3279 τὸν
2862 3227 3045 3293 φόϐον.
3084 3231 3180 3280 Ἂν
3211 3230 3267 3281 δὲ
3301 3224 3549 3301 ἀγαπᾷς,
3573 3234 3650 3295 ὡς

2086 3311 2396 3381 ἐκελεύθης,
2423 3312 2643 3382 μείζονα
2677 3314 2886 3385 ἐργάσῃ
2921 3330 2933 3342 ⁸
2971 3315 3169 3384 μᾶλλον
3198 3315 3253 3367 δὲ
3282 3318 3463 3370 οὐκέτι
3500 3318 3651 3390 φόϐῳ

2084 3398 2241 3451 τοῦτο
2261 3400 2491 3472 ἐργάσῃ,
2514 3399 2649 3452 ἀλλά
2679 3400 2773 3452 καὶ
2806 3400 2945 3470 αὑτὴ
2976 3403 3009 3470 ὴ
3045 3402 3233 3471 ἀγάπη
3259 3404 3551 3473 ὲργάζεταί
3576 3423 3650 3461 τι.

2098 3486 2512 3558 Ἀσθενέστερόν
2541 3505 2657 3547 πως
2695 3488 2755 3540 τὸ
2779 3488 2935 3555 γένος
2970 3490 3140 3552 ἐστὶν,
3170 3491 3367 3561 πολλῆς
3402 3492 3655 3563 δεόμενον

2084 3573 2185 3641 τῆς
2217 3573 2471 3643 βοηθείας
2495 3614 2509 3636 ,
2542 3574 2744 3644 πολλῆς
2770 3576 2869 3645 τῆς
2907 3578 3390 3644 συγκαταϐἀσεως.
3415 3581 3478 3632 Τί
3503 3581 3559 3633 δὲ
3586 3582 3654 3635 ἂν

2085 3661 2288 3713 εἴποιεν
2314 3664 2363 3713 οί
2392 3661 2666 3733 δευτέροις
2700 3668 3095 3733 συναπτόμενοι
3123 3666 3318 3736 γάμοις
3342 3686 3356 3731 ;
3395 3668 3528 3736 Οὐχὶ
3548 3685 3649 3721 κα-

2084 3750 2357 3820 τακρίνων
2397 3750 2562 3818 λέγω,
2597 3752 2671 3821 μὴ
2707 3753 2919 3819 γένοιτο
2943 3773 2956 3785 ο
2990 3755 3085 3806 καὶ
3118 3756 3226 3825 γάρ
3263 3757 3290 3808 6
3332 3756 3654 3819 Ἀπόστολος

2088 3837 2499 3908 συνεχώρησεν·
2534 3838 2667 3891 ἀλλά
2742 3842 2837 3892 καὶ
2887 3840 3092 3910 σφόδρα
3169 3842 3647 3907 συγκαταϐαίνων·

2086 3924 2265 3977 πάντα
2320 3926 2458 3995 αὐτῇ
2504 3926 2719 3995 πόριζε,
2758 3928 2937 3979 πάντα
2973 3927 3109 3998 ὑπὲρ
3144 3928 3359 3999 ἐκείνης
3394 3932 3603 3998 πρᾶττε
3628 3971 3643 3993 ,

2085 4011 2181 4062 καὶ
2230 4010 2577 4081 ταλαιπωροῦ
2606 4028 2621 4042 ο
2651 4012 2866 4081 ἀνάγκη
2913 4029 2994 4065 σοι
3039 4014 3331 4071 ἐπίκειται.
3388 4014 3653 4070 Ἐνταῦθα

2085 4098 2185 4150 ούκ
2209 4097 2349 4161 ἀξιοῖ
2373 4100 2482 4151 ἀπὸ
2532 4099 2641 4151 τῶν
2666 4098 2863 4163 ἔξωθεν
2901 4101 3355 4171 παραδειγμάτων
3404 4106 3651 4174 εἰσάγειν

2084 4188 2184 4257 τὴν
2231 4187 2560 4257 συμϐουλὴν,
2611 4189 2749 4257 ὅπερ
2781 4188 3047 4258 πολλαχοῦ
3096 4193 3261 4244 ποιεῖ.
3302 4194 3499 4261 Ἤρκει
3545 4195 3653 4264 γὰρ

2090 4274 2234 4342 μέγα
2263 4275 2357 4326 καὶ
2383 4274 2618 4345 σφοδρὸν
2653 4274 2710 4327 ὃν
2727 4275 2786 4327 τὸ
2809 4274 2902 4327 τοῦ
2931 4276 3164 4349 Χριστοῦ
3196 4294 3210 4309 ·
3254 4278 3451 4348 μᾶλλον
3474 4281 3530 4333 δὲ
3558 4282 3654 4334 καὶ

2087 4362 2166 4422 είς
2200 4363 2476 4432 ὑποταγῆς
2506 4362 2681 4431 λόγον.
2706 4365 3088 4433 Καταλείψει,
3115 4366 3269 4436 φησὶ,
3298 4368 3403 4419 τὸν
3430 4369 3653 4436 πατέρα

2087 4450 2187 4502 καί
2240 4450 2355 4517 τὴν
2388 4450 2637 4519 μητέρα.
2675 4452 2804 4504 Ἰδοὺ
2855 4451 3012 4504 τοῦτο
3068 4452 3308 4519 ἔξωθεν.
3360 4455 3498 4508 Ἀλλ’
3554 4457 3653 4511 οὐκ

2086 4532 2229 4599 εἷπε,
2268 4537 2376 4588 Καὶ
2426 4538 2757 4608 συνοικήσει,
2788 4538 2948 4601 ἀλλὰ,
2994 4542 3607 4609 Προσκολληθήσεται
3633 4587 3649 4610 ,

2087 4624 2188 4694 τὴν
2233 4626 2439 4696 ἀκριϐῆ
2480 4626 2694 4691 ἕνωσιν,
2730 4627 2829 4699 τὴν
2862 4630 2998 4698 μετά
3040 4629 3400 4701 σφοδρότητος
3432 4633 3652 4703 ἀγάπην

2087 4711 2283 4783 δηλῶν.
2321 4715 2428 4766 Καὶ
2460 4716 2581 4768 οὐδὲ
2609 4715 2782 4786 τούτῳ
2839 4717 3103 4788 ἠρκέσθη,
3132 4719 3268 4773 ἀλλά
3308 4722 3400 4773 καὶ
3450 4723 3514 4790 τῇ
3553 4723 3651 4772 έπ-

2088 4804 2281 4872 αγωγῇ
2336 4800 2503 4865 ἔδειξε
2539 4802 2637 4873 τὴν
2705 4804 2983 4874 ὑποταγὴν
3037 4804 3209 4870 οὕτως
3241 4847 3256 4871 ,
3302 4808 3377 4870 ὡς
3455 4807 3650 4877 μηκέτι

2088 4888 2215 4949 τοὺς
2275 4887 2369 4940 δύο
2401 4888 2683 4956 φαίνεσθαι
2735 4890 2847 4945 δύο,
2897 4892 3010 4943 Ούκ
3063 4887 3234 4954 εἶπεν,
3294 4895 3384 4955 Εἰς
3415 4895 3648 4963 πνεῦμα,

2090 4970 2190 5022 οὐκ
2243 4965 2394 5023 εἶπεν
2423 5013 2437 5035 ,
2474 4972 2567 5034 Εἰς
2607 4973 2785 5041 ψυχήν
2812 4987 2826 5001 ⁶
2859 4976 3033 5026 ἐκεῖνο
3070 4976 3168 5044 μὲν
3213 4976 3318 5045 γὰρ
3351 4976 3524 5044 δῆλον,
3558 4977 3650 5028 καὶ

2091 5058 2255 5109 παντὶ
2301 5058 2524 5111 δυνατόν
2567 5076 2579 5087 ·
2628 5060 2742 5113 ἀλλ’
2782 5060 2975 5126 οὕτως,
3021 5062 3096 5125 ὡς
3144 5063 3229 5127 εἰς
3278 5060 3474 5129 σάρκα
3504 5064 3652 5130 μίαν

2090 5140 2264 5199 εἶναι.

2167 5260 2242 5318 ς’.
2274 5253 2425 5327 [151]
2457 5258 2690 5327 Δευτέρα
2728 5259 2876 5312 ἐστὶν
2906 5258 3046 5330 ἀρχὴ
3069 5257 3228 5328 αὕτη,
3260 5257 3430 5327 ἀρχὴν
3456 5257 3654 5327 ἔχουσα

2094 5337 2187 5390 καὶ
2210 5339 2406 5406 πολλὴν
2435 5340 2532 5411 τὴν
2560 5342 2867 5412 ὁμοτιμίαν’
2898 5342 3015 5395 ἀλλ’
3041 5344 3188 5411 ὅμως
3227 5341 3338 5411 ἔχει
3364 5358 3416 5392 τι
3442 5343 3600 5395 πλέον
3623 5345 3652 5395 6

2093 5421 2253 5489 ἀνήρ.
2289 5422 2457 5473 Τοῦτο
2497 5424 2740 5494 σωτηρία
2800 5425 3026 5495 μεγίστη
3078 5424 3271 5486 οἰκίας.
3321 5424 3527 5477 Ἐκεῖνο
3555 5427 3653 5495 μὲν

2095 5504 2203 5573 γάρ
2231 5503 2290 5555 τὺ
2311 5504 2405 5556 τοῦ
2447 5506 2682 5574 Χριστοῦ
2714 5507 3039 5578 παρέλαϐεν,
3062 5508 3161 5559 οὐκ
3195 5509 3275 5571 είς
3297 5507 3357 5560 τὸ
3381 5508 3490 5562 δεῖν
3515 5511 3653 5577 ἀγα-

2096 5589 2203 5655 πᾷν
2237 5587 2416 5655 μόνον,
2451 5589 2586 5642 ἀλλὰ
2616 5590 2709 5643 καὶ
2740 5589 3040 5660 ῥυθμίζειν.
3064 5586 3276 5660 ’1ναῇ,
3301 5592 3481 5661 φησὶν,
3517 5593 3655 5662 ἁγία

2097 5670 2194 5722 καί
2216 5668 2474 5738 ἄμωμος·
2498 5673 2559 5724 τὸ
2579 5672 2654 5736 δὲ,
2685 5673 2795 5743 Τῆς
2825 5673 3047 5743 σαρκὸς,
3081 5675 3161 5735 είς
3192 5674 3252 5725 τὸ
3285 5674 3523 5745 ἀγαπᾷν,
3563 5678 3655 5728 καὶ

2098 5751 2178 5817 τὸ,
2223 5755 2851 5823 Προσκολληθήσεται,
2882 5756 3079 5826 ὁμοίως
3108 5758 3186 5820 εἰς
3200 5757 3261 5810 τὸ
3290 5758 3529 5829 ἀγαπᾷν.
3560 5760 3656 5813 “Av
