4100 6412
510 311 601 368 Mi

505 441 611 494 que
640 424 867 493 peribit:
915 422 1009 477 sed
1039 420 1226 476 aderat
1255 422 1594 477 dilectionem
1643 436 1762 490 qua:
1813 428 2086 486 tamquam

508 517 562 571 in
592 516 889 587 a-quihbrio
919 514 1239 584 respondeat
1260 514 1599 568 obedientiaz.
1629 512 1776 568 Sicut
1807 519 1985 579 caput,
2014 509 2087 563 ita

504 618 561 663 et
584 623 816 679 corpus:
851 607 954 663 hoc
985 607 1058 661 illi
1102 607 1169 662 ad
1219 607 1572 661 ministerium
1595 605 1830 675 pnebeat
1860 617 2047 656 manus
2066 642 2081 667 ,

503 700 666 771 pedes
702 710 756 755 et
797 700 1001 768 reliqua
1044 700 1222 753 omnia
1252 698 1525 763 membra;
1559 696 1689 752 illud
1731 707 1908 751 autem
1960 696 2084 750 huic

504 793 741 861 invigilet
794 793 938 847 omni
1008 792 1323 846 instructum
1382 791 1750 859 intelligentia.
1803 786 1943 842 Nihil
2000 795 2084 842 est

502 886 605 940 hoc
638 887 891 956 conjugio
927 886 1120 940 melius
1167 896 1219 940 et
1259 884 1617 954 praestantius.
1674 881 1744 938 Et
1772 880 2038 951 quomodo
2060 919 2078 945 ,

497 976 707 1047 inquit,
764 980 922 1031 fuerit
950 978 1165 1032 dilectio
1189 1019 1205 1042 ,
1253 978 1297 1030 si
1326 987 1408 1032 est
1435 975 1652 1030 metus?
1697 975 1924 1029 Maxime
1953 986 2079 1029 tunc

498 1070 676 1125 fuerit.
728 1070 860 1125 Nam
891 1087 1014 1141 qua:
1043 1071 1232 1135 timet,
1282 1071 1439 1124 etiam
1471 1069 1638 1139 diligit
1665 1085 1680 1134 ;
1712 1084 1831 1139 quae
1861 1067 2032 1137 diligit
2058 1108 2074 1132 ,

500 1163 652 1217 timet
681 1171 948 1232 tamquam
974 1174 1133 1232 caput
1155 1205 1170 1231 ,
1227 1162 1398 1231 diligit
1430 1172 1698 1232 tamquam
1729 1162 2027 1215 membrum
2059 1178 2072 1215 :

498 1269 625 1308 nam
672 1264 831 1323 caput
872 1270 1087 1324 quoque
1134 1264 1218 1310 est
1261 1256 1557 1309 membrum
1607 1254 1767 1308 totius
1810 1254 2073 1322 corporis.

498 1346 788 1416 Propterea
818 1347 962 1400 illam
986 1348 1201 1415 quidem
1230 1347 1478 1417 subjecit,
1512 1346 1653 1399 hunc
1678 1360 1809 1401 vero
1838 1344 2077 1415 praefecit

491 1448 548 1492 et
571 1454 733 1506 supra
763 1441 976 1508 posuit,
1007 1450 1063 1493 ut
1089 1450 1231 1495 esset
1262 1455 1382 1508 pax.
1432 1438 1533 1494 Ubi
1560 1437 1702 1492 enim
1730 1446 1817 1492 est
1854 1438 2076 1493 honoris

489 1532 789 1599 :eqnalitas,
824 1548 921 1600 pax
953 1548 1240 1603 numquam
1272 1532 1450 1599 fuerit,
1471 1548 1643 1602 neque
1672 1532 1719 1587 si
1748 1533 1941 1586 domus
1967 1547 2070 1602 po-

490 1622 664 1690 pulari
691 1633 906 1693 regatur
922 1624 1167 1692 imperio,
1193 1639 1366 1693 neque
1392 1625 1434 1678 si
1458 1640 1646 1679 omnes
1667 1625 1953 1693 imperent,
1975 1623 2070 1677 sed

495 1731 716 1771 necesse
759 1726 927 1770 estut
954 1718 1023 1772 sit
1050 1732 1187 1772 unus
1228 1719 1574 1788 principatus.
1630 1717 1698 1771 Et
1726 1717 1840 1772 haec
1877 1716 2071 1785 ubique

488 1809 540 1861 in
569 1809 971 1877 corporalibus:
998 1824 1122 1865 nam
1152 1810 1195 1864 si
1218 1811 1325 1863 sint
1352 1811 1449 1864 viri
1478 1810 1802 1877 spirituales,
1823 1810 1925 1864 erit
1946 1826 2068 1879 pax.

491 1902 659 1955 Erant
683 1903 968 1971 quinquies
990 1904 1138 1957 mille
1167 1905 1383 1967 anima),
1424 1914 1478 1957 et
1506 1918 1665 1957 nemo
1687 1903 1972 1972 quidquam
2001 1919 2067 1957 ex

487 1994 598 2047 suis
629 1992 971 2048 facultatibus
997 1994 1210 2050 dicebat
1238 2011 1357 2050 esse
1388 1996 1658 2064 proprium
1688 1995 1825 2065 (Act.
1853 1997 1908 2050 4.
1937 1994 2006 2049 52
2025 1997 2062 2063 ),

485 2083 579 2139 sed
603 2085 739 2139 inter
765 2101 824 2139 se
850 2086 1077 2156 subjecti
1110 2098 1264 2141 erant
1291 2087 1432 2142 alter
1459 2088 1634 2141 alteri.
1684 2087 1797 2141 Hoc
1825 2097 1907 2141 est
1930 2087 2068 2139 indi-

483 2178 622 2231 cium
655 2178 929 2245 sapientiae
973 2189 1026 2233 et
1078 2180 1286 2234 timoris
1315 2180 1427 2234 Dei.
1485 2182 1660 2249 Atque
1687 2180 1922 2247 ostendit
1949 2180 2066 2249 qui-

485 2270 607 2323 dem
636 2270 849 2324 modum
872 2271 1196 2334 dilectionis,
1230 2272 1437 2326 timoris
1462 2283 1640 2326 autem
1672 2271 1931 2326 nondum.

554 2362 609 2416 5.
643 2362 706 2415 Et
732 2362 853 2417 vide
876 2362 1086 2431 quidem
1113 2379 1234 2419 eum
1258 2364 1482 2419 dilatare
1510 2375 1564 2419 et
1582 2365 1908 2434 ampliﬁcare
1943 2380 2063 2433 quae

481 2460 605 2506 sunt
630 2452 952 2517 dilectionis,
984 2454 1053 2509 de
1076 2453 1288 2510 Christo
1328 2464 1632 2510 narrantem
1652 2495 1668 2522 ,
1710 2467 1765 2511 et
1802 2456 1869 2511 de
1902 2471 2062 2511 carne

482 2547 715 2614 pr0pria,
746 2556 801 2601 et
826 2547 1091 2604 dicentem
1113 2590 1128 2614 ,
1162 2548 1382 2618 Propter
1402 2554 1494 2602 hoc
1520 2550 1766 2618 relinquet
1798 2550 1945 2603 homo
1970 2565 2064 2620 pa-

481 2645 606 2690 trem
634 2646 679 2691 ct
710 2647 957 2692 matrem:
979 2655 1097 2708 qua:
1125 2650 1248 2693 sunt
1274 2649 1451 2696 autem
1486 2642 1696 2696 timoris
1714 2657 1816 2696 non
1836 2642 2061 2698 dilatare

485 2742 585 2781 nec
624 2728 975 2796 amplificare.
1025 2732 1267 2797 Quanam
1298 2731 1363 2787 de
1390 2732 1590 2786 causa?
1638 2732 1901 2800 Quoniam
1948 2736 2062 2789 vult

480 2822 822 2877 dilectionem
858 2826 1025 2895 magis
1055 2826 1304 2881 obtinere
1325 2826 1680 2880 dominatum.
1710 2827 1843 2881 Nam
1876 2828 1920 2881 si
1945 2826 2058 2884 haec

484 2914 591 2978 sit,
627 2926 922 2983 sequuntur
949 2918 1128 2972 omnia
1166 2918 1302 2982 alia;
1346 2919 1389 2973 si
1427 2918 1515 2973 ille
1543 2919 1639 2982 sit,
1678 2935 1782 2973 non
1814 2920 2054 2974 omnino.

481 3006 613 3062 Nam
638 3011 731 3079 qui
755 3010 927 3080 diligit
957 3027 1202 3075 uxorem,
1231 3012 1331 3066 etsi
1364 3028 1469 3066 non
1499 3012 1791 3067 admodum
1826 3015 2057 3084 morige-

478 3114 613 3165 ram,
640 3101 817 3155 omnia
849 3110 1024 3156 tamen
1056 3103 1345 3158 sustinebit
1372 3121 1385 3156 :
1433 3104 1569 3159 adeo
1596 3120 1685 3159 res
1710 3115 1794 3160 est
1826 3106 2056 3165 difﬁcilis

478 3189 713 3243 etardua
744 3193 1051 3257 concordia,
1112 3194 1329 3262 quando
1359 3209 1467 3250 non
1494 3196 1941 3266 fuerintcolligati
1973 3208 2057 3267 ty-

479 3282 701 3336 rannide
727 3282 1066 3339 dilectionis:
1092 3285 1253 3340 timor
1278 3296 1458 3341 autem
1486 3303 1593 3342 non
1619 3292 1840 3343 omnino
1872 3292 1926 3344 in
1954 3290 2056 3347 hoc

476 3388 537 3428 se
562 3383 706 3429 recte
724 3385 895 3444 geret.
927 3377 991 3431 Et
1022 3377 1140 3432 ideo
1174 3380 1343 3449 magis
1360 3380 1672 3435 immoratur
1692 3383 1744 3437 in
1774 3382 1894 3447 hoc,
1914 3383 2056 3453 quod

477 3474 561 3518 est
598 3466 734 3522 forte
767 3482 830 3521 ac
861 3468 1117 3523 validum.
1171 3471 1238 3523 Et
1259 3472 1450 3527 mulier
1473 3513 1488 3537 ,
1519 3474 1604 3527 cui
1640 3473 1851 3528 videtur
1875 3474 2053 3530 alferri

477 3558 753 3623 damnum,
784 3561 923 3630 quod
950 3562 1202 3630 jubeatur
1223 3565 1434 3631 timere,
1466 3566 1739 3621 lucratur:
1768 3568 1885 3622 viro
1911 3568 2054 3622 enim

474 3660 556 3705 est
570 3663 890 3721 prteceptum
918 3654 967 3707 id
990 3656 1128 3724 quod
1152 3666 1233 3710 est
1249 3657 1592 3726 przecipnum,
1610 3660 2054 3729 nempediligere.

476 3742 612 3807 Quid
646 3760 775 3798 vero
798 3785 812 3808 ,
868 3746 1069 3815 inquit,
1112 3748 1156 3801 si
1186 3764 1292 3802 non
1324 3748 1507 3803 Iinteat
1531 3751 1702 3804 uxor?
1757 3749 1836 3805 Tu
1863 3752 2053 3822 dilige,

478 3834 638 3903 imple
683 3836 823 3904 quod
869 3848 1014 3891 tttum
1055 3845 1158 3892 est.
1214 3838 1345 3892 Nam
1386 3840 1428 3893 si
1474 3856 1580 3893 non
1622 3851 1916 3910 sequantur
1937 3857 2056 3911 qua:

478 3929 774 3995 przestanda
823 3939 949 3984 sunt
975 3931 1042 3985 ab
1080 3933 1233 3999 aliis,
1275 3942 1487 4003 oportet
1529 3942 1588 3987 ut
1616 3943 1907 4003 sequantur
1937 3948 2056 4003 quae

474 4022 776 4089 praestanda
823 4032 947 4076 sunt
993 4038 1021 4074 a
1072 4024 1247 4078 nobis.
1296 4024 1539 4094 Exempli
1562 4039 1719 4078 causa
1748 4044 1761 4079 :
1795 4024 2053 4095 Subjecti,

482 4106 691 4175 inquit,
738 4108 948 4160 invicem
973 4108 1025 4161 in
1057 4111 1233 4162 timore
1257 4108 1466 4163 Christi.
1509 4108 1645 4175 Quid
1676 4124 1822 4179 ergo,
1855 4110 1901 4164 si
1922 4109 2059 4163 alter

478 4213 582 4251 non
628 4198 983 4267 subjiciatur?
1032 4200 1108 4257 Tu
1138 4216 1263 4268 pare
1286 4201 1387 4271 legi
1422 4202 1533 4256 Dei.
1578 4201 1653 4256 Ita
1686 4200 1773 4255 hic
1801 4215 2011 4271 quoque
2041 4218 2056 4255 :

480 4287 664 4344 Mulier
694 4292 930 4361 quidem,
958 4292 1171 4346 etiamsi
1200 4309 1304 4346 non
1331 4293 1606 4362 diligatur,
1641 4293 1828 4347 timeat
1853 4302 2051 4357 tamen,

478 4400 545 4438 nc
572 4384 699 4438 nihil
731 4385 797 4438 ab
829 4386 940 4453 ipsa
974 4386 1095 4446 ﬁat;
1152 4396 1205 4441 et
1241 4387 1498 4452 maritus,
1552 4386 1761 4440 etiamsi
1791 4402 1925 4439 uxor
1950 4402 2055 4439 non

480 4477 681 4541 timeat,
708 4484 883 4531 tamen
913 4477 1117 4547 diligat,
1140 4488 1197 4533 ut
1222 4477 1335 4547 ipse
1360 4478 1411 4531 in
1442 4478 1589 4531 nullo
1615 4477 1861 4533 deficiat:
1894 4493 2058 4532 unus-

478 4570 703 4637 quisque
733 4569 876 4622 enim
921 4568 1128 4636 accepit
1155 4569 1296 4638 quod
1325 4564 1408 4624 est
1438 4569 1733 4638 proprium.
1787 4568 1901 4625 Hoc
1929 4584 2056 4639 ergo

479 4662 879 4715 matrimonium
911 4672 998 4716 est
1018 4662 1308 4716 secundum
1327 4658 1623 4724 Christum,
1657 4654 2055 4715 matrimonium

481 4756 755 4825 spirituale
779 4797 795 4816 ,
837 4765 887 4810 et
919 4754 1198 4825 generatio
1224 4756 1446 4825 spiritus
1464 4797 1479 4819 ,
1535 4772 1642 4809 non
1668 4772 1735 4810 ex
1762 4755 2020 4825 sanguine
2040 4796 2053 4820 ,

484 4863 582 4902 nec
608 4864 674 4901 ex
701 4847 889 4901 dolore
928 4856 1129 4915 partus.
1160 4846 1308 4901 Talis
1335 4858 1417 4901 est
1444 4848 1606 4901 etiam
1636 4846 1800 4903 Isaaci
1835 4861 2059 4915 genera-

483 4941 555 4993 tio
587 4957 599 4993 :
641 4939 767 4993 audi
798 4938 1125 5008 Scripturam
1170 4938 1458 4993 dicentem.
1507 4937 1575 4991 Et
1604 4939 1855 4992 desierunt
1883 4938 2058 4992 Same

480 5032 593 5101 ﬁeri
620 5034 729 5101 ejus
759 5032 1061 5104 muliebria(
1094 5029 1219 5085 Gen.
1254 5032 1340 5086 18.
1369 5032 1427 5085 11
1454 5030 1498 5103 ).
1552 5031 1619 5085 Et
1657 5030 2056 5086 matrimonium

483 5144 587 5182 non
618 5144 683 5183 ex
714 5128 895 5181 sensili
942 5136 1089 5181 motu
1119 5142 1219 5181 nec
1262 5142 1327 5181 ex
1359 5126 1674 5196 corporibus
1695 5167 1709 5191 ,
1755 5125 1847 5179 sed
1889 5132 2056 5179 totum

482 5222 782 5291 spirituale,
816 5223 927 5276 Deo
950 5223 1237 5290 conjuncta
1268 5221 1442 5274 anima
1475 5220 1849 5288 conjunctione
1878 5218 2062 5273 inelfa—
2117 5255 2130 5270 .

484 5314 609 5379 bili,
640 5325 693 5367 et
721 5330 881 5383 quam
920 5314 1033 5383 ipse
1058 5314 1206 5368 solus
1236 5312 1403 5367 novit.
1438 5313 1727 5382 Propterea
1760 5312 1922 5375 dicit,
1958 5310 2060 5375 Qui

482 5407 704 5461 adltwret
732 5406 970 5471 Domino,
994 5416 1065 5460 est
1095 5422 1225 5460 unus
1254 5406 1460 5476 spiritus
1484 5404 1880 5476 (1.Cor.6.i7).
1903 5404 2059 5459 Vides

481 5502 752 5572 quomodo
793 5502 942 5569 ponit
976 5501 1210 5555 studium
1250 5509 1306 5553 ut
1353 5513 1567 5553 carnem
1600 5502 1746 5555 carni
1776 5500 1959 5564 uniat,
2004 5507 2062 5553 et

483 5593 727 5662 spiritum
754 5592 986 5661 spiritui.
1020 5592 1115 5647 Ubi
1140 5600 1265 5646 sunt
1292 5590 1529 5645 haeretici
1549 5591 1642 5648 ?Si
1661 5592 2060 5645 matrimonium

484 5698 628 5740 esset
667 5701 733 5739 ex
784 5686 855 5740 iis
905 5701 1024 5754 quae
1086 5686 1499 5755 vituperantur,
1533 5698 1638 5738 non
1703 5699 1957 5753 sponsum
2007 5697 2062 5739 et

484 5794 734 5849 sponsam
801 5775 1137 5846 vocavissct,
1198 5793 1302 5833 non
1358 5776 1651 5833 adhortans
1706 5777 1836 5832 illud
1893 5777 2058 5833 addu-

1318 305 1383 361 IN
1422 304 1638 361 EPIST.
1682 303 1772 360 AD
1810 303 2046 360 EPHES.
2086 303 2238 360 CAP.
2285 308 2343 363 V.
2390 310 2617 366 HOMlL.
2660 314 2779 370 XX.

3675 329 3777 382 ΗΞ

2192 422 2373 488 xisset,
2409 424 2673 495 Relinquet
2702 428 2852 482 homo
2879 438 3073 499 patrem
3117 442 3163 485 et
3209 443 3453 502 matrem;
3500 454 3597 494 nec
3656 458 3777 498 lUt-

2194 530 2287 570 sus
2314 518 2683 588 snbjunxisset
2709 538 2722 574 :
2763 521 2967 576 Dictum
2994 534 3100 589 est,
3130 527 3183 579 in
3212 527 3411 582 Christo
3440 541 3486 584 et
3513 530 3768 591 Ecclesia.

2193 608 2265 664 De
2295 609 2391 661 hac
2418 614 2557 664 cn’m
2589 613 2720 668 dicit
2741 615 2898 669 etiam
2928 616 3412 687 psalmographus:
3446 624 3610 688 Audi,
3632 628 3766 694 ﬁlia,

2187 710 2233 753 et
2263 702 2404 766 vide,
2437 714 2482 755 et
2505 704 2692 757 inclina
2723 723 2895 759 aurem
2917 718 3056 760 tuam
3075 749 3091 773 ,
3128 718 3175 764 et
3202 712 3493 768 obliviscere
3525 720 3772 786 papulum

2187 801 2348 857 tuum,
2377 805 2421 847 et
2444 796 2647 848 domum
2671 800 2828 866 patris
2860 800 2965 851 tui:
2991 810 3035 853 et
3064 804 3380 866 concupiscet
3409 807 3519 860 Rex
3539 812 3766 877 pulchri-

2185 886 2408 938 tudinem
2428 897 2565 940 tuam
2592 887 2761 959 (Psal.
2794 890 2884 943 M.
2915 892 3025 962 11).
3055 892 3343 962 Propterea
3372 897 3612 953 Christus
3636 917 3770 970 quo-

2183 992 2285 1045 que
2312 976 2557 1032 dicebat:
2594 979 2704 1049 Ego
2728 981 2857 1034 exivi
2886 998 2917 1033 a
2944 980 3120 1048 Patre,
3146 994 3191 1038 et
3208 988 3317 1038 veni
3345 985 3763 1062 (Joan.16.28).

2182 1069 2287 1125 Sed
2310 1072 2521 1141 quando
2542 1073 2660 1129 dico
2687 1090 2806 1129 eum
2836 1077 3116 1146 reliquisse
3142 1080 3377 1144 Patrem,
3402 1099 3469 1138 ne
3506 1086 3608 1139 tale
3636 1088 3763 1156 quid

2180 1165 2469 1229 existimes,
2501 1169 2658 1235 quale
2689 1170 2824 1235 apud
2848 1170 3112 1237 homines,
3138 1174 3374 1229 locorum
3408 1180 3685 1233 transitum
3711 1190 3766 1235 et

2179 1261 2699 1311 transmutationcm.
2713 1257 2861 1312 Sicut
2881 1262 3020 1313 enim
3040 1263 3268 1317 exivisse
3286 1265 3497 1329 dicitur,
3515 1284 3617 1321 non
3638 1286 3763 1339 quo-

2179 1349 2319 1402 niam
2342 1350 2524 1415 exivit,
2544 1352 2635 1405 sed
2657 1363 2875 1421 propter
2900 1369 3114 1408 carnem
3138 1373 3151 1412 :
3182 1357 3249 1410 ita
3274 1360 3432 1411 etiam
3451 1361 3601 1422 illud.
3622 1361 3764 1415 Itali-

2176 1441 2281 1510 qnit
2310 1440 2538 1494 Patrem.
2570 1442 2679 1496 Cur
2701 1459 2826 1512 ergo
2855 1460 2960 1496 non
2994 1445 3125 1499 dixit
3150 1446 3216 1501 de
3249 1450 3762 1511 nxore,Adha'robit

2176 1532 2368 1585 marito
2385 1547 2482 1586 suo
2498 1533 2520 1584 ?
2541 1550 2768 1603 quanam
2795 1535 2861 1589 de
2882 1551 3039 1589 causa
3057 1537 3079 1588 ?
3094 1538 3353 1603 Quoniam
3371 1539 3581 1594 dicebat
3598 1544 3663 1595 de
3681 1544 3760 1595 di-

2175 1622 2423 1687 lectione,
2444 1635 2489 1677 et
2513 1625 2827 1694 loquebatur
2844 1644 2964 1680 eum
2988 1628 3121 1681 viro.
3144 1629 3272 1683 Nam
3292 1647 3414 1685 cum
3432 1632 3517 1685 illa
3542 1635 3755 1701 quidem

2175 1714 2397 1782 loquens
2421 1714 2487 1769 de
2516 1715 2704 1771 timore
2730 1717 2880 1781 dicit,
2921 1716 3009 1771 Vir
3037 1730 3110 1771 est
3136 1730 3286 1788 caput
3326 1724 3500 1776 uxoris
3526 1742 3631 1778 sua:
3648 1742 3668 1790 ;
3704 1738 3757 1781 ct

2174 1805 2402 1859 (.‘ltristus
2433 1822 2638 1871 rursus,
2674 1818 2825 1875 caput
2856 1808 3129 1863 Ecclesiae:
3163 1826 3280 1866 cum
3325 1813 3440 1866 viro
3486 1826 3660 1869 autem
3689 1817 3757 1874 de

2171 1899 2720 1970 dilectioneloqnitur,
2740 1913 2787 1957 et
2805 1918 2865 1956 ca
2885 1919 3000 1971 quae
3021 1904 3084 1956 ad
3108 1905 3272 1972 ipsam
3292 1918 3530 1973 spectant
3550 1909 3621 1962 illi
3648 1921 3756 1963 tra-

2171 1991 2281 2055 dit;
2313 2006 2375 2046 ac
2402 1993 2468 2046 tle
2494 1993 2779 2047 dilcCtione
2825 2010 2944 2047 cunt
2978 1996 3067 2047 illo
3098 1995 3259 2049 verba
3291 1997 3437 2062 facit,
3468 2016 3587 2054 cum
3621 2017 3754 2055 con-

2169 2086 2435 2155 stringens
2480 2096 2532 2140 et
2567 2088 2938 2157 congltttinans
2984 2099 3036 2142 et
3086 2090 3283 2144 faciens
3322 2092 3619 2148 adbo-rere.
3652 2096 3756 2164 Qui

2168 2182 2307 2233 enim
2341 2189 2538 2248 patrem
2564 2181 2757 2235 dillli\i|
2791 2195 3008 2250 propter
3036 2197 3349 2250 nxorem,et
3379 2187 3544 2255 ipsam
3569 2206 3755 2245 rursus

2167 2285 2349 2341 postea
2382 2274 2599 2327 dimittit
2621 2283 2672 2328 et
2709 2276 2978 2343 relinquit,
3003 2291 3159 2345 quam
3183 2278 3475 2332 nti-rebitur
3505 2281 3753 2335 veniam?

2166 2365 2281 2420 Non
2304 2365 2452 2420 vides
2469 2375 2724 2435 quantum
2748 2368 2884 2422 Dens
2908 2369 3166 2423 honorem
3188 2385 3303 2423 eam
3329 2373 3450 2426 velit
3471 2375 3751 2443 Consequi,

2165 2473 2285 2511 cum
2317 2466 2367 2512 te
2397 2472 2423 2509 a
2459 2469 2606 2525 patre
2627 2457 2914 2512 abductum
2942 2459 2987 2512 ei
3018 2459 3292 2515 afﬁxerit?
3319 2461 3457 2527 Quid
3491 2480 3638 2529 vero,
3670 2464 3752 2517 in-

2165 2551 2313 2621 quit,
2341 2550 2383 2604 si
2411 2548 2548 2604 facta
2569 2551 2677 2604 sint
2706 2566 2735 2603 a
2770 2551 2923 2605 nobis
2948 2567 3066 2621 qua:
3088 2562 3211 2606 sunt
3241 2552 3506 2617 facienda,
3536 2554 3621 2608 illi
3654 2573 3752 2609 au-

2166 2651 2271 2696 tem
2304 2657 2408 2695 non
2441 2642 2773 2710 sequantur?
2806 2642 2867 2696 Si
2896 2653 3065 2695 autent
3094 2643 3315 2711 inﬁdelis
3346 2644 3589 2710 discedit,
3637 2647 3748 2699 dis-

2163 2733 2306 2787 cedat
2336 2732 2752 2805 (t.Cor.7.15).
2781 2733 2897 2787 Non
2921 2734 3263 2789 estservituti
3286 2736 3557 2803 subjectus
3581 2736 3745 2791 frater

2163 2834 2256 2881 aut
2281 2839 2435 2879 Soror
2464 2824 2516 2878 in
2548 2824 2866 2893 Iinjusmodi.
2913 2825 3017 2880 Sed
3040 2825 3256 2894 quando
3283 2826 3435 2880 audis
3474 2805 3747 2894 timorem,

2161 2918 2313 2986 exige
2337 2918 2581 2970 timorem
2610 2916 2698 2984 qui
2725 2917 2978 2971 convenit
3001 2902 3205 2984 liberae,
3238 2933 3341 2971 non
3384 2929 3652 2987 tamquam
3680 2920 3749 2973 ab

2159 3009 2374 3063 ancilla:
2400 3009 2637 3063 estenim
2662 3024 2857 3077 corpus
2883 3018 3030 3062 tuum
3054 3026 3066 3061 :
3088 3024 3209 3062 nam
3230 3009 3271 3062 si
3298 3008 3397 3062 hoc
3426 3008 3636 3067 feceris.
3663 3018 3746 3062 te-

2161 3102 2331 3171 ipsum
2358 3102 2553 3170 probro
2576 3101 2765 3166 aflicis,
2788 3111 2934 3155 tuum
2955 3116 3150 3169 corpus
3175 3100 3415 3155 afficiens
3434 3102 3746 3170 ignominia.

2158 3192 2288 3258 Quis
2306 3204 2386 3246 est
2405 3202 2580 3248 autem
2603 3192 2783 3247 timor?
2800 3193 2869 3249 Ut
2886 3208 2989 3246 non
3009 3192 3357 3256 contradicat,
3374 3202 3550 3247 utnon
3573 3193 3745 3248 insur-

2159 3298 2267 3355 gat,
2298 3297 2352 3340 nt
2401 3288 2598 3356 primas
2628 3296 2804 3355 partes
2836 3304 2940 3341 non
2970 3296 3113 3341 amet
3144 3304 3156 3341 :
3184 3287 3248 3341 ad
3277 3287 3389 3341 haec
3415 3303 3580 3357 usque
3614 3286 3750 3343 satis

2159 3388 2239 3433 est
2263 3380 2505 3433 lillHH‘t‘lll
2538 3379 2853 3433 consistere.
2879 3379 2969 3434 Sin
2988 3389 3165 3433 autem
3189 3379 3385 3449 diligis,
3406 3390 3464 3433 ut
3488 3379 3634 3447 jussa
3658 3394 3740 3446 es,

2159 3472 2318 3526 etiam
2344 3471 2542 3540 majora
2572 3470 2736 3525 facies
2761 3489 2774 3534 ;
2807 3470 2914 3524 imo
2942 3486 3068 3525 veni
3094 3487 3200 3524 non
3222 3470 3413 3525 timore
3431 3470 3534 3524 hoc
3557 3470 3744 3534 facies,

2159 3565 2255 3620 sed
2288 3565 2400 3633 ipsa
2427 3567 2587 3618 etiam
2617 3563 2835 3617 dilectio
2859 3562 3016 3617 faciet
3041 3562 3262 3631 aliquid.
3311 3563 3400 3615 list
3430 3578 3588 3616 sexus
3621 3572 3747 3616 tuus

2157 3656 2550 3727 quodammodo
2576 3656 2907 3719 imbecillior,
2933 3656 3098 3707 multo
3122 3670 3286 3724 egens
3315 3654 3539 3721 auxilio,
3574 3656 3739 3707 multa

2160 3748 2521 3817 indulgentia,
2554 3757 2611 3800 ut
2642 3755 2742 3799 tua:
2778 3746 3101 3799 infirmitatis
3128 3744 3382 3799 habeatur
3414 3746 3568 3798 ratio.
3604 3744 3747 3810 Quid

2158 3839 2392 3895 dixerint
2413 3841 2500 3907 qui
2529 3838 2777 3893 secundis
2804 3837 3200 3906 conjunguntur
3217 3837 3417 3904 nuptiis
3441 3837 3465 3888 ?
3489 3837 3602 3890 Non
3620 3836 3751 3890 dico

2160 3930 2526 3985 condemnatis
2554 3970 2568 3991 ,
2599 3928 2772 3982 absit:
2815 3925 3099 3996 Apostolus
3145 3927 3287 3981 enim
3335 3927 3385 3980 id
3435 3928 3742 3991 concessit;

2160 4021 2252 4076 sed
2284 4021 2437 4075 valde
2467 4020 2603 4075 adeo
2644 4019 2709 4073 ad
2738 4019 2853 4086 ejus
2880 4018 3244 4072 infirmitatem
3291 4034 3378 4074 me
3404 4019 3690 4074 demitte-ns
3727 4038 3745 4073 :

2159 4114 2206 4166 ei
2238 4114 2413 4166 omnia
2447 4111 2623 4179 pra-be
2644 4151 2659 4173 ,
2712 4109 2889 4163 omnia
2919 4124 3013 4176 pro
3043 4109 3129 4162 illa
3158 4124 3285 4177 gere
3310 4120 3363 4163 et
3404 4120 3583 4178 patere
3608 4126 3622 4163 :
3654 4112 3741 4164 in,

2159 4204 2359 4257 cumbit
2402 4202 2493 4257 tibi
2523 4202 2836 4256 necessitas.
2888 4199 2985 4254 Hic
3014 4214 3121 4253 non
3152 4201 3263 4253 vult
3288 4201 3527 4253 externis
3558 4216 3742 4256 exem-

2163 4299 2265 4367 plis
2297 4297 2717 4350 admonitionem
2741 4294 3015 4359 inducere,
3048 4292 3190 4362 quod
3223 4308 3367 4361 saepe
3397 4291 3540 4346 facit.
3573 4293 3737 4348 Stth-

2161 4391 2335 4444 ciebat
2358 4389 2497 4443 enim
2522 4386 2722 4442 Chriin
2751 4386 3054 4453 exemplum
3081 4425 3095 4448 ,
3129 4395 3187 4439 ut
3209 4383 3350 4453 quod
3391 4385 3459 4436 sit
3492 4400 3744 4454 magnum

2161 4491 2214 4534 et
2236 4480 2528 4534 vehemens
2549 4518 2565 4544 ,
2596 4478 2830 4532 maxime
2856 4486 3033 4530 autem
3062 4475 3128 4529 ad
3157 4476 3417 4529 rationem
3448 4476 3743 4542 subjectio-

2162 4574 2264 4626 nis.
2306 4571 2608 4637 Retinquet,
2660 4568 2866 4638 inquit,
2911 4578 3103 4635 patrem
3134 4576 3181 4619 et
3214 4575 3446 4620 matrem.
3496 4566 3637 4622 Ecce
3673 4566 3747 4621 ab

2158 4664 2416 4719 externis.
2436 4660 2538 4716 Sed
2555 4677 2658 4714 non
2673 4660 2828 4723 dixit,
2850 4659 2912 4713 Et
2929 4657 3276 4722 cohabitabit,
3292 4658 3408 4723 sed,
3432 4658 3748 4722 Adltierebit,

2159 4774 2250 4812 seu
2264 4755 2696 4827 agglutinabitnr,
2714 4761 2953 4807 exactam
2968 4751 3271 4821 signiﬁcans
3284 4751 3745 4821 conjunctionem,

2159 4851 2494 4905 dilectionem
2529 4848 2707 4916 utique
2737 4846 3130 4901 vehementem.
3162 4843 3342 4912 Neque
3360 4844 3461 4898 hoc
3481 4843 3575 4898 fuit
3613 4859 3741 4897 enni-

2162 4955 2357 5009 tentus,
2378 4942 2469 4997 sed
2488 4951 2542 4996 et
2559 4958 2650 5010 por
2673 4940 2723 4995 id
2744 4939 2885 5009 quod
2903 4937 3174 5007 subjungit
3201 4938 3277 4991 sic
3304 4936 3535 4991 ostendit
3563 4936 3738 5003 subje-

2159 5036 2412 5101 ctioncm,
2429 5045 2486 5087 ut
2500 5034 2604 5086 duo
2624 5048 2727 5085 non
2750 5030 2976 5098 amplius
2997 5029 3101 5083 duo
3124 5037 3432 5097 appareant.
3454 5026 3567 5080 Non
3587 5027 3744 5093 dixi',

2163 5131 2216 5183 In
2244 5129 2461 5198 Spiritu;
2489 5142 2593 5181 non
2626 5125 2779 5190 dixit,
2804 5126 2857 5179 In
2885 5124 3093 5187 anima;
3115 5138 3233 5177 nam
3260 5121 3385 5177 illud
3411 5130 3495 5175 cst
3519 5120 3747 5177 manife-

2159 5229 2322 5284 stum,
2336 5218 2506 5273 ethoc
2521 5225 2693 5287 potest
2710 5216 2961 5285 quilibet;
2987 5214 3081 5268 sed
3101 5215 3167 5267 ita
3185 5223 3240 5265 ut
3256 5214 3346 5276 sit,
3370 5211 3432 5264 In
3444 5228 3595 5265 carne
3615 5228 3729 5265 una

2232 5313 2288 5369 6.
2330 5313 2425 5366 llic
2445 5321 2529 5366 est
2556 5309 2821 5365 secundus
2847 5307 3202 5376 principatus,
3226 5304 3428 5359 habens
3456 5304 3749 5374 imperium

2163 5416 2217 5461 et
2246 5406 2467 5459 multam
2497 5402 2716 5456 honoris
2742 5399 3100 5468 aequalitatem
3127 5413 3141 5461 ;
3184 5395 3279 5451 sed
3309 5405 3485 5449 tamen
3516 5395 3598 5449 vir
3642 5395 3742 5448 ha—

2165 5499 2254 5553 bet
2292 5496 2487 5567 aliquid
2513 5494 2761 5561 amplius.
2800 5493 2911 5546 lloc
2941 5500 3023 5545 est
3070 5489 3299 5543 maxima
3346 5486 3489 5542 salus
3526 5486 3742 5542 domus.

2162 5591 2294 5646 Nam
2327 5588 2455 5643 illud
2483 5586 2720 5657 quidem,
2750 5583 2893 5655 quod
2923 5584 2992 5637 sit
3017 5580 3237 5646 Christi,
3266 5578 3494 5649 accepit,
3526 5592 3629 5633 non
3656 5591 3745 5630 so-

2163 5684 2271 5738 lum
2300 5690 2357 5735 ut
2382 5679 2574 5734 debeat
2607 5677 2852 5748 diligere,
2880 5673 2976 5730 sed
3003 5675 3162 5728 etiam
3192 5681 3249 5727 ut
3276 5686 3395 5726 eam
3425 5670 3663 5724 instituat
3687 5676 3744 5722 et

2163 5772 2466 5831 moderetur
2492 5791 2503 5826 :
2543 5769 2609 5826 Ut
2635 5770 2719 5839 sit,
2750 5768 2944 5840 inquit,
2970 5775 3147 5823 sancta
3173 5773 3220 5819 et
3238 5761 3565 5819 immaculata
3589 5776 3606 5815 :
3636 5757 3740 5815 hoc
