4100 6412
396 370 413 422 Ι
427 371 493 425 «33

394 500 539 545 vero.
580 483 795 551 Carnis,
825 482 889 537 ad
944 481 1309 550 diligendum;
1351 491 1405 535 et
1440 480 1601 536 etiam
1642 478 1805 537 illud.
1859 479 1964 529 Ad-

391 577 633 641 hwrebit,
690 576 755 629 ad
822 575 1171 647 diligendum.
1242 574 1369 629 Nam
1434 575 1479 627 si
1544 588 1661 626 eam
1726 570 1969 626 effeceris

390 675 629 721 sanctam
670 677 725 721 et
764 667 1183 733 immaculatam,
1229 674 1523 735 sequuntur
1550 663 1748 718 omnia.
1794 662 1968 728 Quare

389 772 510 827 qua:
554 768 680 811 sunt
712 758 823 819 Dei,
855 767 909 812 et
949 769 1242 827 sequemur
1270 757 1498 811 lnnnaua
1529 770 1647 810 cum
1685 755 1846 808 multa
1888 752 1970 807 fa-

386 850 611 904 cilitate.
640 850 917 919 Compone
948 858 1003 904 et
1032 849 1313 903 moderare
1344 863 1587 913 uxorem,
1618 857 1672 902 et
1711 848 1789 902 sic
1816 862 1965 900 cont-

386 947 609 1013 ponitur
634 938 846 1001 domus.
877 948 1013 1002 Audi
1045 947 1264 1002 Paulum
1294 947 1558 1001 dicentem
1585 964 1598 999 :
1633 945 1695 1000 Si
1721 944 1841 1013 quid
1869 960 1966 995 uu-

384 1046 483 1090 tem
513 1040 683 1091 volunt
708 1039 917 1102 discere,
942 1038 1078 1092 domi
1105 1040 1236 1092 viros
1265 1055 1385 1092 suos
1412 1039 1719 1107 interrogent
1746 1035 1821 1105 (1.
1844 1033 1962 1087 Cor.

384 1129 475 1183 14.
520 1129 635 1199 55).
668 1129 722 1185 Si
767 1129 957 1183 domos
1003 1139 1214 1184 nostras
1258 1131 1338 1185 sic
1376 1129 1831 1193 administremus,
1858 1126 1964 1195 apti

385 1222 544 1275 etiam
573 1223 775 1276 erimus
811 1223 874 1275 ad
905 1222 1196 1276 Ecclesiam
1228 1220 1708 1275 administrandam
1734 1236 1747 1271 :
1772 1218 1964 1272 domus

385 1313 528 1367 enim
580 1322 664 1366 est
709 1328 868 1382 parva
920 1313 1179 1367 Ecclesia.
1231 1313 1340 1375 Sic,
1371 1326 1491 1365 cum
1543 1312 1640 1364 viri
1670 1318 1725 1364 et
1770 1324 1964 1361 uxores

386 1405 539 1474 probi
595 1404 810 1470 fuerint,
864 1415 1088 1476 possunt
1136 1419 1324 1459 omnes
1381 1403 1724 1457 autccellere.
1777 1400 1961 1469 Cogita

384 1498 768 1560 Abrahamum,
794 1498 1010 1553 Sarram
1039 1508 1093 1551 et
1121 1496 1285 1562 Isaac,
1306 1506 1359 1549 et
1388 1502 1656 1549 trecentos
1679 1493 1886 1555 decem,
1909 1503 1963 1545 et

379 1601 504 1643 octo
532 1606 745 1653 vernas,
788 1591 1060 1659 quomodo
1089 1598 1197 1644 tota
1243 1590 1432 1644 domus
1473 1587 1761 1642 constituta
1806 1586 1963 1638 fuerit

382 1688 442 1733 et
469 1682 787 1748 composita,
818 1681 1087 1749 quomodo
1118 1689 1225 1735 tota
1249 1679 1409 1733 fuerit
1435 1678 1588 1748 plena
1616 1678 1831 1748 pietate.
1867 1673 1958 1728 Illa

336 1835 343 1844 ε
382 1782 705 1842 praeceptum
736 1774 977 1842 implevit
1012 1774 1387 1843 apostolicum,
1419 1782 1475 1827 et
1502 1773 1675 1825 virum
1708 1768 1956 1823 timebat:

384 1866 506 1920 audi
564 1867 704 1921 enim
756 1868 921 1936 ipsam
969 1867 1270 1933 dicentem,
1340 1864 1586 1919 Nondum
1632 1864 1758 1917 mihi
1800 1863 1959 1916 evenit

381 1958 660 2011 hactenus:
693 1960 927 2014 dominus
955 1972 1121 2013 utilem
1174 1976 1313 2014 meus
1339 1970 1411 2013 est
1456 1960 1623 2013 senior
1668 1957 1817 2029 (Gen.
1867 1957 1953 2011 18.

380 2051 470 2123 12)
497 2071 510 2105 :
539 2062 592 2106 ct
627 2053 712 2106 ille
740 2054 906 2124 ipsam
937 2055 1015 2107 sic
1043 2053 1316 2122 diligebat,
1348 2062 1407 2106 ut
1447 2052 1652 2121 jubenti
1686 2051 1737 2103 in
1783 2050 1956 2104 omni-

376 2142 477 2197 bus
511 2152 743 2213 pareret.
773 2146 831 2198 Et
861 2160 993 2215 puer
1021 2154 1140 2199 erat
1167 2145 1362 2197 virtute
1391 2143 1663 2211 prmditus,
1687 2149 1743 2195 et
1777 2157 1955 2195 verum

375 2234 475 2302 ipsi
501 2250 713 2304 quoque
739 2245 893 2289 erant
946 2235 1313 2301 admirabiles,
1356 2234 1445 2303 qui
1492 2249 1596 2288 non
1646 2233 1956 2287 dubitarunt

371 2324 535 2377 etiam
564 2325 858 2393 pericuhun
886 2325 1033 2380 adire
1062 2340 1182 2379 cum
1213 2325 1452 2389 domino,
1494 2339 1599 2378 non
1630 2323 1955 2378 distulerunt

378 2429 552 2485 neque
596 2430 811 2469 causam
859 2416 1247 2485 iuquisierunt;
1300 2416 1394 2471 sed
1439 2430 1579 2470 unus
1629 2432 1692 2469 ex
1753 2416 1817 2469 iis
1863 2416 1952 2484 qui

375 2515 624 2573 prmerat,
648 2507 783 2561 adeo
808 2517 925 2561 erat
951 2508 1314 2572 admirandus,
1337 2519 1393 2562 ut
1418 2509 1535 2575 ejus
1562 2508 1678 2563 fidei
1712 2507 1781 2561 sit
1807 2522 1956 2560 eom-

374 2596 597 2650 missum
631 2597 774 2651 unici
806 2597 899 2651 filii
935 2598 1368 2664 matrimonium,
1401 2615 1606 2653 necnon
1637 2607 1786 2652 extra
1818 2598 1953 2651 fines

373 2688 609 2756 regionis
639 2678 1018 2759 peregrinatio.
1066 2690 1217 2745 Sicut
1259 2691 1401 2745 enim
1434 2694 1645 2760 quando
1688 2690 1789 2744 sub
1814 2689 1951 2744 duce

374 2778 499 2833 belli
527 2788 673 2833 recte
701 2781 1033 2848 compositus
1062 2782 1222 2835 fuerit
1242 2784 1532 2846 exercitus,
1568 2782 1763 2836 bellum
1806 2781 1949 2834 nulla

368 2884 433 2921 ex
468 2880 614 2937 parte
648 2871 882 2940 ingruit:
919 2872 987 2925 ita
1020 2872 1105 2926 hic
1125 2887 1368 2941 quoque,
1398 2872 1611 2942 quando
1652 2873 1873 2927 maritus
1897 2880 1951 2926 et

370 2975 505 3013 uxor
527 2969 581 3013 et
610 2959 701 3013 filii
728 2971 782 3015 et
811 2962 992 3017 famuli
1034 2963 1219 3017 eadem
1256 2974 1466 3028 curant,
1496 2978 1684 3035 magna
1724 2971 1809 3018 est
1849 2963 1948 3017 do-

370 3066 489 3104 mus
514 3052 823 3107 concordia.
844 3053 1055 3124 Alioqui
1081 3055 1124 3109 si
1147 3062 1254 3109 non
1284 3055 1352 3109 ita
1380 3055 1469 3118 sit,
1494 3072 1637 3124 szepe
1664 3071 1759 3125 per
1784 3071 1947 3109 unum

377 3158 602 3212 nequam
639 3158 851 3197 servum
883 3146 1189 3200 universum
1222 3147 1498 3210 evertitur,
1523 3157 1578 3202 et
1606 3148 1945 3214 dissolvitur;

372 3242 429 3283 et
473 3246 609 3285 unus
653 3248 796 3303 saepe
827 3243 995 3288 totum
1027 3235 1171 3289 delet
1212 3244 1271 3290 et
1315 3236 1507 3305 perdit.
1538 3236 1778 3307 Magnam
1819 3252 1946 3307 ergo

366 3340 551 3377 curam
577 3340 825 3395 geramus
842 3338 897 3380 et
923 3342 1146 3382 uxorum
1171 3338 1225 3381 et
1252 3328 1539 3383 liberorum
1565 3339 1618 3384 et
1644 3345 1942 3396 servorum,

368 3418 601 3472 scientes
637 3418 777 3487 quod
811 3418 1164 3489 principatum
1211 3421 1364 3474 nobis
1393 3421 1524 3490 ipsis
1552 3421 1837 3476 reddemus
1862 3421 1945 3475 fa-

366 3508 565 3561 cilem:
598 3509 945 3579 clemensque
990 3518 1046 3565 et
1092 3512 1320 3580 benigna
1367 3512 1471 3566 erit
1519 3512 1674 3565 nobis
1716 3513 1940 3567 rationis

369 3598 620 3666 redditio,
652 3607 708 3655 et
749 3602 1031 3655 dicemus:
1068 3601 1199 3656 Ecce
1240 3619 1333 3674 ego
1370 3613 1417 3656 et
1461 3604 1624 3673 pueri,
1664 3619 1789 3673 quos
1817 3605 1943 3658 mihi

365 3690 502 3744 dedit
516 3689 652 3746 Deus
669 3692 820 3763 (Isai.
836 3693 1021 3764 8.18).
1038 3692 1092 3749 Si
1115 3695 1660 3763 sitviradmirandus,
1678 3705 1733 3752 et
1748 3697 1941 3751 bonum

366 3795 545 3847 caput,
578 3786 841 3854 reliquum
874 3802 1085 3856 quoque
1110 3802 1306 3858 corpus
1333 3789 1529 3843 nullam
1559 3790 1664 3843 vim
1688 3792 1936 3859 patietur.

440 3873 705 3939 Quomodo
732 3893 786 3930 se
810 3893 978 3945 gerere
1004 3877 1178 3931 debeat
1208 3880 1283 3949 oir
1308 3895 1427 3947 erga
1452 3896 1682 3934 uxorem.
1704 3910 1776 3921 ——
1800 3881 1943 3949 Quo—

370 3964 529 4018 modo
551 3966 766 4034 quidem
794 3977 939 4021 recte
965 3984 1024 4021 se
1054 3968 1284 4024 habeant
1312 3985 1400 4023 res
1431 3972 1612 4024 uxoris
1632 3981 1686 4025 et
1707 3987 1793 4026 res
1819 3974 1940 4036 viri,

366 4067 555 4112 exacte
595 4069 647 4113 et
693 4073 939 4115 accurate
969 4061 1120 4127 dixit,
1152 4071 1209 4115 ut
1249 4063 1337 4131 qui
1369 4063 1443 4116 illi
1474 4063 1689 4133 quidem
1716 4066 1945 4119 suaserit

370 4156 429 4201 ut
476 4149 663 4204 timeat
707 4160 974 4221 tamquam
1022 4163 1213 4221 caput;
1267 4153 1391 4207 huic
1434 4164 1611 4209 autem
1659 4165 1719 4209 ut
1761 4155 1946 4224 diligat

368 4253 634 4311 tamquam
665 4259 920 4298 uxorem:
949 4244 1065 4309 sed,
1094 4244 1393 4312 Quomodo,
1418 4246 1607 4315 inquit,
1641 4246 1755 4301 hinc
1782 4246 1944 4301 ﬁent?

369 4332 500 4387 Nam
529 4334 670 4403 quod
701 4343 949 4404 oporteat
974 4335 1221 4406 quidem,
1251 4337 1517 4401 ostendit;
1550 4337 1818 4406 quomodo
1846 4353 1944 4391 au-

369 4437 499 4490 tem,
532 4442 631 4495 ego
656 4427 809 4481 vobis
842 4426 1014 4481 dicam
1049 4444 1062 4480 :
1115 4426 1159 4482 si
1211 4429 1463 4496 pecunias
1489 4429 1867 4498 despiciamus,
1898 4430 1940 4483 si

369 4533 529 4570 unum
554 4527 961 4588 exspectemus,
996 4535 1187 4588 nempe
1217 4520 1467 4575 virtutem
1512 4523 1725 4586 animm,
1759 4524 1805 4577 si
1850 4523 1942 4577 Dei

368 4617 569 4661 metum
612 4607 903 4663 habeamus
944 4618 1068 4663 ante
1112 4610 1318 4665 oculos.
1352 4611 1503 4678 Quod
1534 4613 1675 4667 enim
1706 4613 1936 4677 dicebat,

364 4714 487 4753 cum
514 4698 804 4753 dissereret
832 4700 899 4755 de
943 4702 1115 4755 servis
1140 4720 1154 4755 :
1191 4701 1549 4768 Quodcumque
1577 4705 1747 4774 fecerit
1780 4721 1941 4760 unus-

363 4792 572 4862 quisque
596 4793 777 4845 bonum
800 4802 888 4845 aut
910 4795 1121 4859 malum,
1146 4794 1241 4847 hoc
1266 4794 1471 4863 recipiet
1500 4812 1532 4847 a
1556 4794 1816 4861 Domino;
1843 4796 1945 4854 hoc

370 4886 455 4937 hic
497 4899 728 4953 quoque.
762 4882 878 4936 Non
911 4900 1039 4950 ergo
1082 4894 1298 4954 propter
1332 4884 1475 4939 illam
1519 4894 1745 4955 tantum,
1770 4904 1942 4958 quan-

366 4987 479 5029 tum
529 4985 747 5045 propter
793 4975 1063 5029 Christum
1109 4984 1323 5045 oportet
1368 4992 1487 5031 eam
1537 4977 1780 5048 diligere.
1830 4980 1943 5037 Hoc

365 5083 493 5136 ergo
516 5082 729 5137 quoque
756 5066 1363 5133 subindicavit,diceus:
1387 5068 1671 5138 Tamquam
1699 5070 1938 5130 Domino.

363 5157 653 5227 Tamquam
688 5158 911 5212 Domino
937 5174 1064 5229 ergo
1090 5159 1412 5229 obsequens,
1440 5170 1495 5216 et
1523 5172 1738 5232 propter
1767 5166 1938 5235 ipsum

363 5251 542 5304 omnia
581 5250 802 5313 faciens,
828 5250 906 5304 sic
935 5266 1060 5319 gere
1088 5252 1266 5306 omnia
1293 5269 1308 5304 :
1338 5251 1440 5307 hoc
1465 5253 1661 5309 sufficit
1689 5255 1755 5310 ad
1784 5256 1942 5310 indu-

364 5341 591 5395 cendum
635 5350 689 5395 et
735 5341 1196 5409 persuadendum,
1226 5351 1416 5398 etnon
1464 5344 1743 5400 sinendum
1788 5357 1847 5402 ut
1873 5348 1943 5403 sit

365 5433 470 5487 ulla
500 5432 564 5486 lis
584 5441 638 5487 et
660 5431 942 5487 dissensio.
963 5431 1151 5487 Nullus
1174 5432 1346 5488 fidelis
1370 5436 1617 5489 maritum
1648 5436 1785 5506 apud
1811 5454 1942 5493 uxo-

366 5540 477 5579 rem
509 5524 898 5578 calumnietur:
929 5525 1024 5580 sed
1050 5540 1224 5595 neque
1247 5526 1328 5578 vir
1353 5525 1543 5581 leviter
1563 5537 1618 5582 et
1642 5529 1941 5586 inconside-

364 5627 481 5671 rate
502 5615 685 5671 credat
710 5616 968 5671 adversus
994 5632 1249 5681 uxorem;
1294 5631 1466 5687 neque
1495 5634 1629 5674 uxor
1659 5622 1848 5676 leviter
1886 5631 1941 5678 et

362 5708 574 5762 curiose
598 5716 864 5764 scrutetur
891 5710 1163 5779 ingressus
1188 5716 1244 5763 et
1270 5709 1443 5765 exitus
1468 5726 1483 5775 ;
1515 5711 1610 5766 sed
1650 5729 1748 5769 nec
1773 5715 1937 5769 mari-

361 5809 451 5855 tus
482 5800 712 5871 seipsum
756 5802 988 5872 prmbeat
1016 5802 1235 5873 dignum
1278 5802 1597 5872 suspicione.
1624 5803 1729 5861 Cur
1759 5808 1921 5877 enim,

1130 369 1185 424 S.
1221 368 1497 424 JOANNIS
1534 362 2000 421 CIIRYSOSTOMI
2040 364 2349 419 ARCIllEP.
2392 367 2922 429 CONSTANTINOP.

3559 389 3658 442 ιιι

2083 476 2169 530 dic
2203 479 2355 543 mihi,
2392 490 2505 535 toto
2530 483 2617 539 die
2663 496 2714 540 te
2743 487 2837 542 das
2885 491 3091 559 amicis,
3140 497 3287 550 uxori
3336 511 3513 557 autem
3563 522 3655 560 ve-

2076 581 2233 636 spere
2258 586 2271 635 ;
2300 578 2354 624 et
2380 587 2478 627 nec
2501 575 2580 629 sic
2609 576 2706 645 ipsi
2734 587 2885 647 potes
2912 582 3251 653 satisfacere,
3281 605 3381 645 nec
3405 607 3658 652 amovere

2074 660 2474 729 suspicionem?
2516 665 2583 720 Et
2610 668 2654 722 si
2684 678 2738 723 te
2767 682 2984 728 accuset
3011 691 3163 743 uxor,
3196 694 3263 735 ne
3291 697 3434 752 azgre
3478 684 3657 744 feras:

2074 760 2157 805 est
2198 753 2249 807 id
2287 756 2559 825 amicitiae,
2604 777 2711 817 non
2757 770 3120 836 arrogantiae:
3166 774 3411 833 ardentis
3453 785 3661 840 amoris

2073 853 2199 898 sunt
2225 844 2329 900 illa:
2352 852 2721 908 accusationes
2742 864 2795 909 et
2816 855 3070 915 ferventis
3093 862 3314 921 aﬂ'ectus
3336 884 3399 924 ac
3424 872 3649 931 timoris.

2072 932 2249 990 Timet
2278 938 2421 992 enim
2454 956 2523 996 ne
2549 944 2668 1011 quis
2696 946 2986 1004 sulfuretur
3013 953 3189 1010 cubile
3229 971 3404 1027 suum,
3438 979 3505 1018 ne
3533 968 3655 1034 quis

2073 1025 2127 1079 in
2157 1027 2419 1085 bonorum
2451 1047 2659 1089 summa
2688 1039 2735 1092 ei
2760 1040 3140 1101 detrimentum
3167 1049 3373 1119 aﬂ‘erat,
3400 1071 3468 1111 ne
3492 1069 3654 1128 caput

2071 1118 2296 1185 auferat,
2325 1138 2394 1177 ne
2420 1124 2618 1181 lectum
2654 1131 2939 1198 perfodiat.
2968 1136 3061 1191 Est
3086 1140 3228 1196 aliud
3251 1159 3464 1216 quoque
3488 1118 3652 1221 argu-

2069 1220 2307 1265 mentum
2333 1214 2683 1275 dissensionis
2716 1239 2729 1275 :
2776 1240 2936 1281 nemo
2962 1241 3155 1298 prmter
3180 1214 3395 1293 moduni
3423 1241 3651 1302 famulos

2069 1310 2240 1368 curet,
2270 1318 2371 1357 nec
2412 1309 2641 1375 puellam
2689 1317 2938 1384 maritus,
2968 1336 3143 1391 neque
3172 1342 3310 1383 uxor
3352 1332 3645 1392 famulum:

2069 1390 2185 1446 haec
2214 1395 2356 1449 enim
2403 1402 2533 1454 satis
2561 1414 2683 1458 sunt
2711 1407 2777 1460 ad
2821 1390 3108 1477 pariendas
3137 1420 3493 1487 suspiciones.
3522 1426 3647 1482 Mihi

2066 1484 2209 1537 enim
2260 1489 2432 1557 cogita
2474 1491 2651 1560 justos
2692 1496 2990 1569 illos:ipsa
3016 1504 3173 1560 Sarra
3214 1484 3376 1577 jussit
3418 1516 3646 1584 patriar-

2066 1573 2218 1628 cham
2251 1578 2495 1647 accipere
2522 1585 2702 1653 Agar;
2754 1588 2865 1657 ipsa
2912 1591 3217 1663 imperavit.
3262 1573 3646 1677 nemo-coegit,

2068 1681 2167 1720 nec
2196 1682 2314 1721 eam
2348 1670 2541 1728 invasit
2571 1679 2828 1747 maritus;
2858 1683 2953 1737 sed
2980 1689 3223 1755 quamvis
3263 1692 3477 1764 longum
3512 1670 3647 1754 tem-

2065 1772 2163 1827 pus
2192 1765 2541 1829 protraxisset
2566 1769 2683 1823 sine
2724 1772 2927 1841 liberis,
2956 1778 3117 1849 elegit
3146 1784 3323 1851 petius
3355 1804 3646 1860 numquam

2062 1864 2183 1905 esse
2212 1862 2384 1920 pater,
2423 1872 2582 1925 quam
2626 1875 2745 1916 esse
2791 1866 3049 1924 molestus
3095 1876 3265 1930 uxori.
3310 1876 3413 1933 Sed
3464 1891 3643 1939 tamen

2064 1953 2182 2012 post
2210 1945 2324 2001 haec
2349 1951 2523 2005 omnia
2554 1954 2677 2020 quid
2718 1957 2846 2011 dicit
2871 1959 3072 2015 Sarra?
3098 1965 3302 2022 Judicet
3347 1970 3485 2028 Deus
3513 1977 3643 2031 inter

2061 2051 2138 2089 me
2164 2045 2212 2089 et
2262 2048 2309 2090 te
2360 2039 2513 2110 (Gen.
2547 2043 2633 2098 16.
2680 2046 2759 2118 5).
2794 2050 3007 2115 Annon,
3053 2056 3097 2108 si
3150 2059 3332 2114 fuisset
3378 2064 3639 2135 quispiam

2061 2129 2218 2195 alius,
2250 2144 2427 2187 metus
2457 2145 2607 2191 esset
2645 2139 2710 2192 ad
2761 2141 2935 2195 iram?
2986 2162 3089 2200 nou
3135 2151 3293 2205 etiam
3324 2169 3512 2211 manus
3541 2174 3637 2213 ex-

2063 2224 2341 2291 tendisset,
2374 2231 2759 2297 propemodum
2790 2233 2996 2304 dicens,
3024 2240 3160 2305 Quid
3184 2243 3358 2300 dicis?
3393 2250 3637 2306 nolebam

2058 2331 2159 2386 ego
2183 2322 2629 2378 consuetudinem
2654 2324 2855 2382 habere
2884 2344 3004 2384 cum
3031 2334 3259 2391 muliere
3287 2357 3301 2392 :
3331 2347 3500 2397 totum
3525 2359 3553 2396 a
3586 2354 3640 2399 te

2060 2408 2357 2477 profectum
2384 2423 2501 2480 est;
2526 2424 2580 2469 et
2607 2432 2796 2474 rursus
2817 2425 3078 2478 accusas?
3103 2424 3208 2482 Sed
3236 2428 3325 2485 ille
3351 2432 3484 2489 nihil
3505 2434 3637 2490 dixit

2056 2500 2317 2569 ejusmodi
2343 2520 2358 2568 ;
2405 2506 2499 2559 sed
2528 2508 2696 2576 quid?
2723 2509 2858 2565 Ecce
2883 2515 3071 2569 ancilla
3097 2519 3148 2571 in
3172 2521 3401 2577 manibus
3428 2528 3549 2594 tuis,
3578 2545 3637 2581 ea

2054 2602 2193 2647 utere
2230 2604 2285 2648 ut
2331 2596 2418 2649 tibi
2466 2598 2713 2666 placuerit
2764 2602 2928 2673 (Ibid.
2961 2622 3009 2659 υ.
3056 2608 3134 2678 6).
3171 2611 3324 2667 Dedit
3370 2615 3490 2670 lecti
3541 2634 3634 2673 so-

2054 2684 2215 2749 ciam,
2246 2701 2313 2739 ne
2342 2687 2555 2743 Sarram
2587 2692 2827 2747 molestia
2877 2696 3136 2754 afficeret.
3167 2704 3323 2773 Atqui
3376 2707 3506 2763 nihil
3551 2720 3633 2765 est

2056 2773 2159 2830 hoc
2190 2778 2361 2845 majus
2386 2780 2452 2833 ad
2481 2782 2740 2839 rationem
2770 2786 3182 2846 benevolentia}.
3210 2794 3340 2850 Nam
3366 2798 3409 2852 si
3433 2814 3635 2856 mensze

2056 2867 2219 2924 fuisse
2247 2872 2445 2938 socios,
2474 2873 2641 2929 efficit
2668 2886 2725 2930 ut
2751 2879 2911 2934 etiam
2945 2881 3181 2940 latrones
3219 2889 3324 2944 sint
3353 2893 3634 2950 unanimes

2054 2976 2176 3015 cum
2208 2963 2532 3022 adversariis
2563 2969 2585 3033 (
2603 2981 2655 3023 et
2681 2970 2811 3025 dicit
2840 2975 3277 3049 psalmographus
3308 3001 3322 3038 :
3356 2985 3459 3053 Qui
3482 2989 3635 3043 simul

2055 3053 2226 3107 dulces
2255 3072 2448 3109 mecum
2475 3061 2708 3128 cupiebas
2736 3064 2871 3116 cibos
2902 3063 3085 3137 [PsaL
3119 3070 3208 3124 54.
3245 3072 3344 3145 15]
3370 3076 3424 3144 );
3469 3092 3630 3135 unam

2046 3144 2156 3215 jam
2189 3148 2382 3202 factam
2412 3165 2531 3205 esse
2556 3167 2773 3209 carnem
2823 3159 2840 3222 (
2859 3157 2961 3213 hoc
2999 3162 3141 3217 enim
3169 3174 3252 3218 est
3290 3144 3483 3222 cubilis
3511 3186 3631 3227 esse

2050 3510 2246 3581 culpa:
2280 3524 2334 3568 et
2383 3517 2523 3585 quod
2575 3529 2662 3574 est
2712 3523 2905 3592 majus,
2934 3542 3053 3581 eam
3106 3532 3283 3586 emisit
3332 3535 3625 3602 gravidam.

2050 3602 2180 3667 Quis
2208 3620 2313 3658 non
2336 3618 2481 3662 esset
2508 3611 2760 3667 misertus
2784 3615 2922 3683 ejus,
2942 3634 3062 3687 qua:
3078 3636 3143 3674 ex
3174 3622 3289 3692 ipso
3308 3637 3631 3696 conceperat

2052 3695 2260 3749 filium?
2301 3698 2405 3753 Sed
2433 3715 2540 3755 non
2568 3703 2740 3760 ﬂexus
2766 3718 2849 3761 est
2878 3709 2968 3764 ille
2989 3711 3165 3779 justus
3196 3732 3209 3768 :
3240 3731 3362 3769 nam
3389 3717 3630 3775 dilectio-

2050 3800 2174 3840 nem
2206 3788 2257 3841 in
2290 3803 2516 3844 uxorem
2558 3794 2878 3861 praeferebat
2904 3802 3175 3857 omnibus.

2123 3876 2175 3929 7.
2217 3876 2442 3934 Consilia
2465 3883 2534 3935 ad
2562 3887 2863 3956 conjugatos
2888 3907 3153 3962 pauperes.
3184 3894 3375 3951 Domus
3401 3908 3448 3953 et
3478 3903 3631 3971 fami-

2050 3966 2121 4021 lia
2140 3971 2388 4038 quomodo
2412 3976 2750 4029 ornandw.--
2769 3979 2919 4035 Hune
2947 3997 3045 4036 nos
3072 4001 3285 4056 quoque
3312 3989 3584 4047 imitemur
3607 4013 3621 4047 :

2050 4077 2209 4116 nemo
2251 4066 2499 4132 proximo
2526 4069 2815 4137 exprobret
2867 4086 3257 4144 paupertatem,
3288 4098 3446 4137 nemo
3484 4096 3629 4141 amet

2051 4155 2340 4222 pecunias;
2387 4168 2443 4211 et
2488 4160 2661 4214 soluta
2692 4171 2817 4216 sunt
2865 4168 3068 4223 omnia.
3116 4169 3297 4241 Neque
3323 4173 3464 4230 dicat
3492 4193 3629 4233 uxor

2050 4245 2261 4313 marito,
2299 4245 2492 4317 Ignave
2529 4260 2585 4305 et
2629 4252 2834 4319 timide,
2867 4265 3083 4326 torpore
3128 4262 3282 4330 plene
3308 4276 3363 4320 et
3401 4266 3626 4324 hebetu-

2045 4336 2203 4405 dine,
2257 4340 2405 4409 piger
2454 4351 2508 4396 et
2558 4347 2935 4404 somnolente:
2982 4351 3071 4406 ille
3126 4353 3340 4411 Immitis
3381 4369 3435 4414 et
3476 4362 3626 4430 abje-

2048 4440 2168 4485 ctus
2193 4441 2249 4486 et
2292 4433 2478 4489 humili
2511 4436 2632 4491 loco
2671 4449 2847 4506 natus,
2895 4443 3054 4498 aditis
3084 4448 3338 4515 periculis
3367 4462 3422 4506 et
3448 4468 3629 4511 susce-

2050 4522 2155 4589 ptis
2179 4526 2722 4593 peregrinationibus,
2754 4547 2975 4603 magnas
3005 4539 3209 4604 paravit
3246 4539 3543 4609 facultates,
3571 4556 3627 4601 et

2050 4630 2184 4668 uxor
2229 4616 2345 4684 ejus
2374 4629 2552 4687 gestat
2579 4611 2789 4688 aurum,
2820 4635 2874 4679 et
2913 4627 2963 4680 in
2994 4644 3156 4684 curru
3184 4634 3448 4689 mulorqu
3471 4638 3626 4693 albo-

2048 4720 2164 4759 rum
2216 4710 2573 4776 progreditur,
2624 4714 2675 4767 in
2723 4731 2936 4771 omnem
2984 4730 3190 4788 partem
3231 4725 3623 4797 circumfertur,

2048 4797 2210 4853 habet
2234 4815 2425 4870 greges
2467 4803 2787 4860 famulorum
2814 4817 2869 4863 et
2894 4812 3103 4879 agmina
3128 4816 3491 4872 cunuchorum
3521 4837 3534 4872 :
3568 4829 3625 4875 tu

2047 4900 2223 4945 autem
2263 4895 2477 4958 metuis,
2512 4894 2817 4968 frustraque
2841 4903 2979 4956 vivis
3008 4913 3061 4958 et
3091 4905 3368 4963 inutiliter.
3400 4909 3478 4965 Ne
3508 4911 3623 4968 hmc

2049 4982 2134 5036 vel
2155 4983 2351 5038 similia
2381 4986 2524 5040 dicat
2565 5003 2731 5054 uxor;
2775 5003 2856 5045 est
2884 4996 3027 5047 enim
3056 5011 3273 5067 corpus,
3303 5016 3407 5054 non
3440 5012 3497 5056 ut
3526 5005 3625 5056 im-
3692 5040 3695 5043 -

2051 5083 2200 5142 peret
2219 5077 2397 5145 capiti,
2424 5078 2517 5131 sed
2543 5088 2601 5133 ut
2622 5090 2805 5149 pareat
2826 5092 2883 5137 et
2907 5086 3139 5141 obediat.
3168 5089 3447 5155 Quomodo
3472 5110 3621 5165 ergo,

2050 5166 2240 5235 inquit,
2272 5168 2408 5223 feret
2438 5177 2849 5241 paupertatem?
2896 5179 3038 5234 unde
3084 5182 3314 5237 inveniet
3342 5186 3627 5241 solatium?

2049 5258 2225 5328 Eligat
2252 5277 2372 5331 qua:
2402 5272 2527 5318 sunt
2567 5279 2625 5318 se
2653 5268 3020 5336 pauperiores,
3046 5282 3257 5341 reputet
3284 5286 3414 5345 quot
3440 5294 3628 5335 rursus

2050 5354 2240 5421 puellae
2273 5356 2477 5411 nobiles
2507 5368 2562 5412 et
2587 5360 2754 5413 nobili
2785 5361 2902 5416 loco
2934 5374 3073 5417 nata:
3109 5382 3214 5420 non
3243 5369 3417 5424 solum
3448 5387 3475 5423 a
3508 5388 3622 5426 ma-

2049 5444 2165 5499 ritis
2188 5445 2321 5499 nihil
2351 5458 2693 5516 acceperunt,
2724 5451 2816 5505 sed
2842 5453 3003 5507 etiam
3031 5456 3109 5508 eis
3134 5456 3418 5527 dederunt,
3448 5472 3499 5515 et
3528 5478 3621 5517 sua

2049 5535 2228 5589 omnia
2268 5549 2750 5608 consumpserunt;
2807 5544 3003 5613 cogitet
3042 5562 3163 5615 qu:e
3205 5564 3270 5603 ex
3305 5551 3386 5605 his
3426 5551 3624 5608 divitiis

2050 5635 2343 5682 nascuntur
2371 5630 2630 5699 pericula,
2663 5642 2718 5687 et
2745 5635 3108 5704 amplectetur
3131 5641 3291 5694 vitam
3322 5657 3440 5711 qua;
3468 5643 3627 5699 nullis

2045 5718 2279 5787 agitatur
2328 5723 2577 5791 negotiis.
2613 5723 2669 5779 ln
2701 5741 2931 5796 summa,
2983 5729 3027 5783 si
3056 5731 3126 5785 sit
3173 5732 3225 5786 in
3256 5734 3501 5789 maritum
3530 5735 3625 5789 be-

2055 5813 2241 5868 nevola
2267 5821 2319 5869 et
2347 5813 2481 5870 bene
2502 5815 2708 5885 affecta,
2727 5821 2856 5877 nihil
2882 5823 3023 5879 dicet
3055 5823 3316 5893 ejusmodi
3344 5869 3359 5895 ,
3384 5830 3477 5886 sed
3511 5846 3622 5883 tita-
