4100 6412
447 350 470 404 1
481 352 548 407 £5

442 466 551 535 γὰρ
576 463 743 533 αὐτὴν
776 464 1189 539 κατασκευάσῃς
1226 464 1384 533 ἁγίαν
1417 467 1508 519 καὶ
1540 468 1803 537 ἄμωμον,
1830 467 2011 520 πάντα

440 549 651 602 ἕπεται.
686 550 846 619 Ζήτει
883 549 952 602 τά
979 550 1073 601 τοῦ
1096 548 1253 615 Θεοῦ,
1296 551 1390 603 καὶ
1428 551 1497 603 τά
1535 551 1851 623 ἀνθρώπινα
1882 555 2013 603 ἀκο-

438 632 688 701 λουθήσει
729 633 865 700 μετά
897 632 1096 701 πολλῆς
1141 633 1241 701 τῆς
1292 633 1559 697 εὐκολίας.
1608 634 1865 703 Ῥύθμιζε
1910 633 2013 699 τὴν

441 717 692 781 γυναῖκα,
721 716 815 767 καὶ
843 713 985 769 οὕτω
1009 719 1391 784 συγκροτεῖται
1421 719 1454 785 ἠ
1479 717 1644 770 οἰκία.
1677 718 1875 769 ’Ἄκουε
1915 717 2011 769 τοῦ

442 802 653 857 Παύλου
694 802 959 869 λέγοντοςδ
993 802 1147 856 Εἰδέ
1168 821 1220 855 τι
1249 804 1455 875 μαθεῖν
1489 801 1790 867 θέλουσιν,
1827 805 1896 857 ἐν
1925 803 2012 855 οι-

442 904 526 952 κῳ
557 884 696 949 τοὺς
721 885 908 950 ίδίους
936 884 1159 953 ἄνδρας
1195 885 1680 951 ἐπερωτάτωσαν.
1739 888 1835 938 Ἂν
1870 883 2013 936 οὕτω

441 973 539 1034 τὰς
569 970 748 1033 οἰκίας
773 971 1062 1041 διοικῶμεν
1092 972 1190 1034 τὰς
1225 972 1454 1035 ἑαυτῶν,
1477 974 1571 1026 καὶ
1606 972 1743 1043 πρὸς
1785 972 2015 1040 Ἐκκλη-

445 1053 564 1115 σίας
587 1053 907 1106 ἐπιστασίαν
946 1052 1180 1122 ἐσόμεθα
1210 1054 1525 1123 ἐπιτήδειοι⁸
1563 1057 1655 1107 καὶ
1684 1057 1716 1124 ἡ
1743 1056 1887 1107 οἰκία
1903 1053 2013 1123 γὰρ

452 1135 748 1207 Ἐκκλησία
770 1136 887 1188 ἐστὶ
925 1135 1116 1205 μικρά.
1145 1134 1330 1199 Οὕτως
1362 1137 1441 1188 ἔνι
1470 1137 1671 1207 ἄνδρας
1702 1139 1791 1190 καί
1825 1138 2015 1204 γυναῖ-

443 1234 547 1278 κας
604 1218 925 1287 γενομένους
961 1218 1249 1286 -ἀγαθοὺς,
1313 1220 1524 1283 πάντας
1585 1220 2011 1290 ὑπερϐαλέσθαι.

457 1299 735 1370 Ἐννόησον
764 1300 857 1352 τὸν
908 1299 1180 1370 Ἀϐραὰμ,
1228 1300 1327 1372 τὴν
1373 1303 1615 1372 Σάρραν,
1672 1301 1763 1354 τὸν
1804 1302 2011 1366 Ἰσαὰκ,

443 1384 569 1446 τοὺς
600 1383 944 1453 τριακοσίους
1004 1382 1136 1435 δέκα
1192 1384 1289 1437 καί
1339 1383 1484 1436 ὀκτὼ
1538 1384 1856 1451 οἰκογενεῖς
1898 1382 2013 1445 πῶς

445 1468 648 1536 πᾶσαή
677 1465 821 1519 οἰκία
851 1467 1277 1536 συγκεκρότητο,
1314 1467 1432 1530 πῶς
1486 1467 1673 1521 ἅπασα
1728 1466 2014 1529 εὐλαϐείας

444 1549 659 1618 ἔγεμεν.
696 1548 908 1618 Ἐκείνη
946 1551 1039 1601 καὶ
1070 1549 1130 1602 τὸ
1162 1550 1771 1621 ἀποστολικδνέπλήρου
1800 1549 2015 1619 παράγ-

444 1633 638 1702 γελμα,
670 1632 760 1685 καὶ
786 1632 877 1686 τὸν
901 1632 1067 1704 ἄνδρα
1093 1634 1339 1702 ἐφοϐεῖτο
1361 1648 1373 1661 ⁶
1415 1635 1580 1688 ἄκουε
1603 1635 1711 1704 γὰρ
1738 1634 1909 1702 αὐτῆς
1930 1633 2014 1685 λε-

443 1715 668 1786 γούσης
707 1716 882 1770 Οὔπω
896 1715 1013 1783 μέν
1026 1733 1128 1783 μοι
1153 1714 1400 1785 γέγονεν
1421 1716 1532 1781 ἕως
1553 1716 1659 1769 τοῦ
1693 1716 1830 1781 νῦν,
1874 1718 1907 1769 ό
1948 1714 2017 1768 δὲ

443 1798 646 1865 κύριός
675 1815 795 1866 μου
857 1797 1274 1867 πρεσϐύτερδςο
1324 1800 1574 1863 κάκεῖνος
1619 1799 1790 1869 αὐτὴν
1842 1798 2015 1863 οὕτως

443 1880 657 1949 ἠγάπα,
689 1880 763 1943 ὡς
792 1881 968 1933 πάντα
1000 1880 1293 1951 κελευούσῃ
1326 1880 1630 1935 πείθεσθαι.
1655 1884 1765 1935 Καὶ
1798 1883 1860 1934 τὸ
1884 1897 2012 1934 παι-

448 1963 559 2016 δίον
584 1964 836 2033 ἐνάρετον
861 1960 948 2034 ἦν,
975 1965 1069 2017 καὶ
1094 1966 1141 2017 οἰ
1164 1966 1461 2033 οἰκογενεῖς
1488 1966 1582 2018 καὶ
1620 1966 1775 2019 αὐτοὶ
1796 1965 2014 2035 θαυμα-

445 2046 582 2112 στοὶ,
625 2046 677 2099 οἵ
703 2063 767 2115 γε
805 2050 899 2100 καὶ
957 2048 1294 2101 κινδυνεῦσαι
1336 2051 1473 2118 μετά
1501 2049 1596 2103 τοῦ
1630 2049 1886 2103 δεσπότου
1916 2050 2017 2102 οὐκ

446 2130 720 2201 ὤκνησαν.
758 2131 857 2183 οὐκ
892 2131 1234 2195 ἀνεϐάλοντο,
1267 2133 1385 2185 οὐδὲ
1401 2132 1498 2204 τὴν
1520 2134 1699 2187 αἰτίαν
1724 2133 2013 2204 ἐζήτησανο

442 2212 557 2265 ἀλλ’
583 2206 663 2275 εἷς
688 2212 906 2266 αὐτῶνό
936 2215 1289 2286 προεστηκὼς
1317 2214 1456 2268 οὕτω
1487 2214 1798 2284 θαυμαστὸς
1824 2212 1913 2285 ἦν,
1943 2217 2017 2279 ὡς

443 2296 539 2347 καὶ
582 2295 756 2363 γάμον
803 2297 1231 2367 ἐμπιστευθῆναι
1270 2297 1363 2350 τοῦ
1432 2300 1749 2368 μονογενοῦς
1808 2300 2015 2363 παιδὸς,

445 2377 540 2430 καί
564 2377 868 2447 ἀποδημίαν
890 2379 1196 2450 ὑπερόριον.
1237 2379 1502 2450 Καθάπερ
1533 2382 1637 2451 γάρ
1673 2383 1765 2434 ἐπί⁸
1821 2398 2017 2451 στρατ-

453 2459 612 2531 ηγοῦ,
644 2462 769 2515 ὅταν
797 2462 888 2515 καὶ
911 2465 969 2515 τὸ
996 2464 1384 2533 στρατιωτικὸν
1490 2465 2015 2536 συγκεκροτημένον,

446 2544 739 2615 οὐδαμόθεν
760 2547 788 2598 6
813 2547 1073 2614 πολέμιος
1102 2547 1502 2617 ἐπεισέρχεται·
1530 2548 1674 2600 οὕτω
1698 2548 1762 2617 δὴ
1794 2550 1889 2600 καὶ
1935 2549 2019 2599 ἐν-

446 2626 637 2687 ταῦθα,
668 2628 794 2681 ὃταν
824 2629 962 2698 ἀνὴρ
985 2630 1080 2681 καὶ
1112 2629 1249 2699 γυνὴ
1291 2632 1386 2683 καί
1445 2631 1632 2684 παιδία
1678 2632 1773 2684 καί
1809 2629 2018 2683 οἰκέται

446 2702 545 2761 ὦσι
573 2709 681 2763 τῶν
732 2710 909 2763 αὐτῶν
942 2712 1380 2781 ἐπιμελούμενοι,
1432 2712 1598 2783 πολλὴ
1626 2714 1724 2781 τῆς
1766 2713 1941 2775 οἰκίας
1984 2712 2017 2776 ἡ

444 2791 685 2861 ὁμόνοιαο
722 2793 863 2855 ἐπεὶ,
914 2794 1009 2846 ἐὰν
1061 2796 1133 2863 μὴ
1172 2791 1342 2857 οὕτως
1373 2790 1431 2869 ᾖ,
1472 2796 1731 2858 πολλάκις
1782 2795 1848 2849 δι’
1901 2796 2018 2859 ἐνὸς

448 2874 655 2927 οἰκέτου
687 2875 888 2942 φαύλου
913 2876 974 2928 τὸ
998 2878 1105 2929 πᾶν
1130 2876 1492 2947 ἀνατρέπεται
1521 2879 1617 2931 καὶ
1667 2877 2014 2941 καταλύεται,

450 2959 539 3010 καὶ
568 2961 596 3010 6
646 2954 724 3021 εἷς
752 2958 1010 3022 πολλάκις
1062 2960 1121 3012 τὸ
1174 2963 1281 3014 πᾶν
1328 2962 1558 3030 ἠφάνισε
1598 2963 1691 3015 καὶ
1721 2962 2013 3032 διέφθειρε.

451 3040 653 3114 Πολλὴν
707 3039 800 3096 οὐν
855 3044 1108 3114 πρόνοιαν
1139 3043 1419 3112 ποιώμεθα
1458 3047 1553 3097 καὶ
1594 3046 1869 3111 γυναικῶν
1920 3046 2018 3098 καὶ

446 3125 653 3178 παίδων
686 3127 779 3178 καὶ
802 3125 1021 3191 δούλων,
1051 3127 1246 3189 εἰδότες
1275 3127 1356 3179 ὅτι
1388 3128 1488 3196 τὴν
1544 3127 1721 3198 ἀρχὴν
1755 3128 1886 3197 ἡμῖν
1913 3128 2014 3180 αὑ-

446 3210 559 3269 τοῖς
604 3206 824 3260 εὕκολον
862 3210 1299 3279 καταστήσομεν,
1347 3210 1439 3262 καὶ
1489 3210 1572 3262 ὃτι
1629 3210 1729 3273 τάς
1786 3210 2016 3272 εὐθύνας

446 3290 687 3361 ἡμέρους
722 3294 817 3345 καὶ
865 3294 1129 3356 ἐπιεικεῖς
1174 3290 1387 3362 ἕξομεν,
1430 3293 1523 3345 καὶ
1556 3294 1811 3363 ἐροῦμενο
1858 3292 2015 3347 Ἰδοὺ

448 3374 563 3441 ἐγὼ
597 3376 695 3427 καί
729 3375 799 3428 τὰ
834 3375 1056 3433 παιδία.
1083 3374 1121 3430 ἆ
1144 3393 1248 3443 μοι
1278 3375 1505 3428 ἔδωκεν
1546 3379 1579 3428 ό
1624 3376 1789 3440 Θεός.
1835 3376 1961 3428 Ἐὰν
1989 3378 2017 3428 6

450 3454 589 3525 ἀνὴρ
616 3456 945 3525 θαυμαστὸς,
986 3457 1079 3510 καὶ
1118 3460 1152 3528 ή
1197 3457 1407 3527 κεφαλὴ
1436 3455 1596 3528 καλὴ,
1629 3456 1806 3510 καὶτὸ
1830 3457 2015 3510 λοιπὸν

451 3538 616 3608 σῶμα
652 3541 906 3611 οὐδεμίαν
938 3538 1300 3612 ὐποστῆσεται
1328 3541 1469 3611 βίαν.

520 3674 598 3727 Τά
636 3673 735 3744 μὲν
755 3670 848 3728 οὐν
868 3674 1007 3728 κατά
1024 3674 1121 3746 τὴν
1144 3677 1378 3743 γυναῖκα
1400 3674 1516 3737 πῶς
1540 3674 1606 3728 ἂν
1631 3675 1809 3739 καλῶς
1837 3676 2014 3729 διατε-

450 3756 568 3824 θείη
607 3759 701 3810 καί
728 3756 817 3810 τὸν
865 3757 1057 3828 ἄνδρα,
1088 3757 1332 3827 ἀκριϐῶς
1388 3755 1532 3822 εἷπε,
1559 3756 1656 3828 τὴν
1689 3759 1787 3827 μὲν
1821 3760 2011 3828 φοϐεῖ-

449 3841 572 3895 σθαι
602 3842 935 3912 παρωνέσας
971 3841 1047 3901 ὼς
1094 3841 1355 3912 κεφαλὴν,
1419 3842 1508 3895 τὸν
1564 3841 1621 3894 δέ
1657 3842 1878 3912 ἀγαπᾷν
1932 3843 2010 3905 ὼς

448 3927 700 3992 γυναῖκα.
741 3924 863 3987 Πῶς
884 3924 928 3977 δ’
957 3924 1021 3977 ἂν
1046 3924 1218 3978 ταῦτα
1246 3925 1487 3993 γένοιτο;
1530 3924 1695 3994 φησίν
1717 3941 1732 3956 ο
1762 3924 1884 3977 Ὅτι
1915 3926 2014 3995 μὲν

448 4009 555 4078 γὰρ
580 4008 679 4069 δεῖ,
718 4006 904 4070 ἔδειξε·
930 4007 989 4059 τὸ
1017 4008 1072 4060 δέ
1096 4007 1232 4071 πῶς,
1271 4007 1382 4075 ἐγὼ
1424 4006 1555 4077 πρὸς
1593 4007 1738 4077 ὑμᾶς
1764 4007 1873 4076 ἐρῶ
1897 4023 1911 4038 ·
1944 4005 2012 4059 ἂν

450 4092 741 4161 χρημάτων
781 4092 1224 4159 καταφρονῶμεν,
1259 4091 1324 4143 ἂν
1344 4090 1478 4160 πρὸς
1504 4088 1793 4160 ἓνόρῶμεν
1825 4090 2007 4159 μόνον,

447 4175 625 4244 ψυχῆς
675 4173 893 4244 ἀρετὴν,
938 4172 1003 4225 ἂν
1045 4173 1135 4225 τὸν
1162 4171 1256 4225 τοῦ
1292 4171 1429 4225 Θεοῦ
1466 4172 1626 4240 φόϐον
1659 4172 1871 4242 ἔχωμεν
1907 4172 2011 4242 πρὸ

448 4256 758 4327 ὀφθαλμῶν.
798 4257 971 4325 Ὅπερ
1003 4255 1072 4322 γά
1080 4273 1112 4325 ρ
1132 4259 1187 4309 ἐν
1214 4258 1323 4318 τοῖς
1352 4256 1486 4326 πρὸς
1510 4255 1635 4318 τοὺς
1660 4254 1875 4317 δούλους
1897 4254 2014 4307 δια-

448 4341 733 4410 λεγόμενος
761 4339 962 4407 ἔλεγεν,
998 4339 1070 4392 '0
1100 4356 1155 4391 τι
1208 4338 1286 4392 ἂν
1318 4337 1546 4404 ποιήσῃ
1586 4337 1847 4403 ἕκαστος
1877 4337 2013 4405 ἀγα-

450 4421 557 4476 θὸν
592 4421 741 4493 [152]
773 4422 809 4488 ἢ
829 4421 1037 4486 κακὸν,
1057 4421 1231 4475 τοῦτο
1258 4419 1539 4488 κομιεῖται
1577 4419 1735 4487 παρὰ
1771 4419 1876 4472 τοῦ
1898 4422 2014 4472 Κυ-

443 4511 602 4578 ρίου,
635 4508 791 4561 τοῦτο
825 4511 917 4562 καὶ
942 4507 1191 4561 ἐνταῦθα.
1216 4507 1307 4577 Μὴ
1340 4507 1408 4559 δι’
1441 4507 1659 4577 ἐκείνην
1697 4505 1877 4558 τοίνυν
1925 4522 2014 4557 το-

452 4592 660 4654 σοῦτον,
684 4594 806 4645 ὅσον
829 4592 918 4645 διὰ
938 4592 1027 4644 τὸν
1056 4590 1286 4660 Χριστὸν
1319 4587 1487 4659 αὐτὴν
1526 4590 1746 4659 ἀγαπᾷν
1772 4629 1786 4643 .
1844 4587 2016 4640 Τοῦτο

451 4676 581 4743 γοῦν
605 4677 697 4729 καὶ
723 4674 942 4745 ᾐνίξατο
979 4673 1174 4726 εἰπών’
1214 4674 1306 4737 Ὡς
1335 4670 1415 4736 τῷ
1440 4673 1647 4739 Κυρίῳ.
1682 4701 1754 4711 -
1794 4672 1887 4737 Ὡς
1935 4669 2015 4735 τῷ

450 4761 647 4827 Κυρίῳ
666 4761 843 4811 τοίνυν
872 4756 1207 4825 πειθόμενος,
1223 4756 1317 4807 καὶ
1345 4755 1411 4807 δι’
1437 4755 1598 4807 αὐτὸν
1621 4754 1799 4806 πάντα
1824 4753 2012 4819 ποιῶν,

451 4842 592 4895 οὕτω
624 4842 800 4895 πάντα
822 4841 1046 4907 πρᾶττεο
1071 4838 1226 4891 τοῦτο
1248 4837 1431 4889 ἱκανὸν
1460 4838 1745 4903 ἐναγαγεῖν
1776 4836 1869 4887 καὶ
1896 4838 2016 4886 πεῖ-

457 4943 569 4989 σαι,
606 4926 700 4977 καὶ
751 4924 825 4992 μὴ
875 4924 1093 4990 ἀφεῖναι
1122 4919 1435 4990 ἐρεσχελίαν
1465 4919 1587 4971 τινὰ
1614 4920 1709 4971 καὶ
1752 4917 2014 4986 διχόνοιαν

452 5004 607 5064 εἷναι.
639 5006 842 5077 Μηδεὶς
876 5004 1015 5056 ἔστω
1043 5002 1230 5064 πιστὸς
1264 5000 1615 5069 συκοφαντῶν
1643 5001 1737 5052 ἐπὶ
1776 4999 1877 5067 τῆς
1910 5015 2012 5064 γυ-

453 5089 635 5151 ναικὸς
661 5089 751 5140 τὸν
774 5086 959 5156 ἄνδρα
988 5084 1124 5137 ἀλλά
1147 5084 1279 5154 μηδέ
1307 5086 1334 5137 6
1357 5085 1495 5154 ἀνὴρ
1514 5083 1698 5146 ἁπλῶς
1715 5082 2016 5134 πιστευέτω

455 5172 596 5227 κατά
645 5172 744 5241 τῆς
778 5168 1053 5239 γυναικὸς,
1106 5167 1237 5237 μηδὲ
1288 5168 1321 5235 ὴ
1375 5167 1511 5237 γυνὴ
1574 5163 2015 5237 περιεργαζέσθω

454 5255 691 5316 εἰσόδους
722 5254 817 5307 καὶ
846 5251 1058 5316 ἐξόδους
1092 5248 1296 5311 ἁπλῶς
1341 5248 1471 5318 μηδέ
1515 5250 1620 5319 μὴν
1648 5248 1783 5317 μηδέ
1812 5249 1839 5299 ὁ
1877 5246 2015 5318 ἀνὴρ

455 5337 604 5403 ἄξιον
635 5335 923 5406 παρεχέτω
949 5333 1141 5387 ἐαυτόν
1165 5348 1311 5392 τινος
1338 5331 1593 5399 ὑποψίας.
1622 5331 1687 5382 Τί
1716 5329 1846 5401 γάρ,
1894 5330 2017 5382 εἰπέ

459 5436 576 5489 μοι,
596 5420 774 5471 πάσαν
802 5419 900 5487 τὴν
925 5417 1137 5487 ἡμέραν
1167 5416 1278 5475 τοῖς
1303 5413 1477 5482 φίλοις
1528 5412 1682 5474 δίδως
1709 5411 1925 5478 σαυτὸν,
1948 5414 2014 5482 τῇ

459 5504 516 5555 δὲ
566 5503 785 5569 γυναικὶ
834 5500 931 5569 τὴν
969 5499 1228 5568 ἑσπέραν,
1283 5498 1377 5549 καὶ
1439 5496 1558 5548 οὐδὲ
1618 5494 1788 5557 οὕτως
1842 5494 2013 5565 αὐτὴν

456 5586 583 5658 δύνῃ
617 5585 1000 5655 πληροφορεῖν,
1046 5583 1140 5635 καί,
1184 5579 1338 5642 ἐκτὸς
1378 5578 1610 5647 ὑποψίας
1656 5581 1865 5645 ποιεῖν;
1897 5580 2017 5631 Κάν

457 5668 661 5738 ἐγκαλῇ
709 5670 743 5737 ἡ
784 5666 941 5736 γυνὴ,
985 5665 1057 5734 μὴ
1104 5663 1439 5733 δυσχέραινε⁹
1481 5661 1660 5730 φιλίας
1696 5661 1865 5723 ἐστὶν,
1916 5661 2016 5714 οὐκ

458 5749 733 5813 ἀπονοίας
767 5747 947 5818 φιλίας
990 5747 1109 5801 ἐστὶ
1160 5746 1387 5816 ζεούσης
1439 5745 1503 5799 τά
1558 5742 1877 5813 ἐγκλήματα
1916 5745 2011 5797 καὶ

1342 348 1408 402 ΙΝ
1454 346 1671 404 EPIST.
1716 348 1805 402 AD
1846 348 2093 405 EPIIES.
2137 349 2293 407 CAP.
2337 350 2402 406 ν.
2446 350 2678 408 IIOMIL.
2721 354 2840 409 XX.

3578 348 3681 404 1M

2086 468 2407 539 _6:a.6écsw;
2437 472 2838 543 πεπυρωμένης
2863 472 2958 524 καὶ
3001 470 3188 540 φόϐου.
3218 468 3433 522 Δέδοικε
3465 467 3569 537 γὰρ
3604 467 3679 536 μή

2110 567 2194 614 τις
2226 553 2397 622 αὐτῆς
2427 554 2620 624 ἔκλεψε
2673 556 2774 625 τὴν
2820 554 3002 623 εὐνὴν,
3055 554 3127 623 μή
3158 570 3244 615 τις
3267 552 3435 620 αὐτὴν
3464 550 3594 620 περί
3620 549 3683 601 τὸ

2111 635 2401 702 κεφάλαιον
2428 637 2539 689 τῶν
2568 639 2788 707 ἀγαθῶν
2812 638 3107 707 ἐζημίωσε,
3141 637 3215 706 μή
3258 652 3343 697 τις
3389 633 3557 702 αὐτῆς
3583 632 3684 700 τὴν

2111 719 2354 789 κεφαλὴν
2380 721 2652 788 ἀφείλετο,
2693 723 2765 791 μή
2797 738 2882 782 τις
2908 719 3135 790 διώρυξε
3172 718 3273 788 τὴν
3302 718 3482 786 εὐνήν.
3528 716 3683 769 Ἔστι

2112 800 2204 852 καὶ
2237 802 2373 871 άλλη
2421 806 2785 875 μικροψυχίας
2836 802 3114 864 ὑπόθεσις
3150 801 3338 871 μηδεὶς
3392 799 3537 865 πέρα
3587 794 3682 848 τοῦ

2113 886 2315 957 μέτρου
2344 891 2453 942 τῶν
2478 889 2702 943 οἰκετῶν
2734 888 3137 950 ἀντιποιείσθω,
3176 887 3312 956 μήτε
3336 885 3433 954 τῆς
3462 882 3630 952 κόρης
3654 882 3683 933 ὁ

2111 970 2270 1041 ἀνὴρ,
2301 974 2436 1041 μήτε
2465 973 2559 1025 τοῦ
2581 974 2791 1026 οἰκέτου
2819 976 2851 1043 ἡ
2875 972 3034 1040 γυνή⁸
3056 972 3149 1024 καὶ
3175 973 3285 1040 γὰρ
3312 967 3488 1021 ταῦτα
3522 964 3683 1017 ίκανά

2109 1058 2289 1107 τεκεῖν
2331 1057 2587 1125 ὑποψίας.
2645 1057 2927 1126 Ἐννόησον
2959 1057 3069 1125 γάρ
3130 1073 3219 1125 μοι
3272 1053 3399 1114 τούς
3444 1048 3683 1111 δικαίους

2111 1137 2373 1202 ἐκείνουςο
2431 1140 2568 1211 αὐτὴ
2618 1143 2651 1211 ἡ
2694 1141 2883 1212 Σάρρα
2927 1141 3182 1193 ἐκέλευσε
3239 1135 3318 1207 τῷ
3368 1134 3685 1204 πατριάρχῃ

2110 1218 2291 1273 λαϐεῖν
2310 1223 2407 1292 τὴν
2438 1224 2615 1293 Ἀγαρ
2634 1243 2648 1255 ν
2681 1224 2817 1292 αὐτὴ
2857 1221 3209 1291 προσέταξεν,
3239 1218 3415 1281 οὐδεὶς
3438 1215 3686 1285 ἠνάγκα-

2113 1319 2226 1364 σεν,
2261 1303 2382 1355 οὐδέ
2423 1304 2654 1375 ἐπῆλθεν
2676 1308 2703 1358 6
2736 1307 2893 1375 ἀνήρ·
2927 1304 3062 1357 ἀλλά
3092 1303 3269 1356 καίτοι
3306 1294 3517 1370 μακρὸν
3557 1296 3686 1367 χρό-

2110 1405 2200 1439 νον
2225 1387 2459 1450 ἑλκύσας
2487 1390 2545 1440 ἐν
2572 1390 2822 1460 ἀπαιδίᾳ.
2886 1390 3061 1441 εἵλετο
3118 1386 3387 1457 μηδέποτε
3431 1382 3685 1452 γενέσθαι

2113 1472 2317 1541 πατὴρ,
2353 1471 2385 1540 ἢ
2425 1472 2522 1543 τὴν
2558 1476 2796 1540 γυναῖκα
2840 1472 3104 1540 λυπῆσαι.
3153 1469 3293 1523 Ἀλλ’
3348 1469 3498 1537 ὅμως
3549 1464 3688 1533 μετά

2110 1552 2286 1607 ταῦτα
2315 1556 2511 1614 πάντα.
2545 1555 2598 1608 τί
2654 1573 2818 1625 φησιν
2857 1556 2890 1624 ἡ
2947 1554 3170 1626 Σάρῤα;
3219 1553 3428 1620 Κρίναι
3469 1551 3502 1601 ὁ
3543 1548 3688 1612 Θεὸς

2111 1638 2229 1692 ἀνὰ
2250 1639 2446 1707 μέσον
2473 1639 2619 1707 ἐμοῦ
2658 1639 2755 1691 κίιί
2795 1638 2931 1692 σοῦ.
2968 1633 3117 1708 ’(Αρα
3169 1636 3221 1688 εῐ
3245 1652 3328 1697 τις
3353 1629 3420 1705 ἦν
3451 1631 3562 1684 τῶν
3591 1631 3687 1684 άλ-

2112 1721 2241 1781 λων,
2277 1721 2378 1772 οὐκ
2406 1722 2472 1773 ἂν
2499 1723 2577 1784 είς
2608 1721 2780 1792 ὀργὴν
2807 1719 3033 1790 ἐκινήθη
3059 1738 3072 1784 ;
3122 1719 3223 1771 οὐκ
3262 1716 3328 1769 ἂν
3357 1714 3452 1768 καὶ
3496 1716 3687 1784 χεῖρας

2114 1804 2363 1868 ἐξέτεινε,
2392 1805 2676 1875 μονονουχὶ
2726 1805 2969 1873 φάσκων·
3003 1804 3068 1855 Τί
3097 1803 3306 1869 λέγεις;
3346 1801 3445 1851 οὐκ
3475 1797 3689 1850 ἐϐουλό-

2117 1905 2224 1959 μην
2249 1888 2361 1956 ἐγὼ
2396 1888 2753 1957 συγγενέσθαι
2782 1891 2847 1959 τῇ
2872 1886 3114 1955 γυναικὶ,
3150 1886 3241 1938 σὸν
3263 1884 3325 1937 τὸ
3339 1886 3447 1936 πᾶν
3469 1882 3685 1950 γέγονε,

2114 1973 2207 2023 καὶ
2256 1971 2419 2025 πάλιν
2476 1972 2768 2039 ἐγκαλεῖς;
2833 1971 2971 2024 Ἀλλ’
3017 1972 3168 2023 οὐδὲν
3222 1968 3464 2021 τοιοῦτον
3533 1961 3689 2017 εἶπεν

2115 2053 2346 2116 ἐκεῖνος·
2379 2054 2516 2107 ἀλλά
2544 2054 2597 2107 τί
2622 2072 2633 2115 ς
2681 2054 2836 2107 Ἰδοὺ
2862 2054 2901 2120 ἡ
2929 2053 3223 2119 παιδίσκη
3255 2052 3325 2104 ἐν
3356 2049 3486 2114 ταῖς
3513 2048 3690 2117 χερσί

2114 2154 2251 2190 σου·
2277 2135 2401 2206 χρῶ
2445 2136 2621 2205 αὐτῇ,
2655 2138 2735 2202 ὡς
2767 2138 2845 2190 ἂν
2874 2152 2974 2190 σοι
3016 2135 3276 2204 ἀρεστὸν
3417 2133 3529 2201 Τὴν
3560 2148 3680 2183 κοι-

2114 2219 2281 2273 νωνὸν
2306 2222 2405 2289 τῆς
2432 2219 2595 2287 εὐνῆς
2634 2219 2917 2285 ἐξέδωκεν,
2946 2220 3033 2271 ἵνα
3076 2220 3149 2288 μὴ
3180 2217 3400 2285 λυπήσῃ
3429 2214 3529 2284 τὴν
3551 2214 3691 2283 Σάρ-

2118 2304 2236 2372 ραν.
2266 2302 2456 2354 Καίτοι
2488 2318 2552 2369 γε
2592 2302 2746 2354 οὐδὲν
2773 2302 2962 2354 τούτου
3005 2302 3187 2372 μεῖζον
3214 2302 3293 2363 εἰς
3343 2297 3559 2359 εὐνοίας
3597 2296 3689 2348 16-

2115 2402 2210 2453 γον
2230 2384 2395 2438 ἐστίν.
2431 2386 2493 2438 Εἰ
2527 2385 2637 2456 γάρ
2662 2386 2722 2438 τὸ
2753 2385 3036 2455 τραπέζης
3081 2385 3410 2453 κοινωνῆσαι
3455 2380 3549 2433 καὶ
3595 2379 3692 2450 λῃ-

2117 2470 2271 2530 σταῖς
2322 2468 2626 2538 ὁμοῲυχίαν
2685 2470 2830 2520 ποιεῖ
2884 2466 3018 2538 πρὸς
3050 2466 3178 2529 τοὺς
3213 2465 3489 2527 ἐναντίους
3519 2462 3634 2535 (καὶ
3662 2464 3691 2515 6

2115 2553 2423 2623 Ψαλμῳδός
2446 2570 2629 2621 φησιν·
2662 2553 2767 2618 Ὃς
2806 2553 2904 2605 ἐπὶ
2931 2551 2995 2604 τὸ
3041 2549 3189 2605 αὐτὸ
3227 2547 3567 2619 ἐγλύκανάς
3590 2563 3691 2615 μοι

2114 2634 2456 2704 ἐδέσματα)·
2495 2637 2556 2688 τὸ
2617 2636 2746 2705 μίαν
2789 2637 2967 2707 σάρκα
2993 2633 3247 2702 γενέσθαι
3282 2630 3472 2685 λοιπὸν
3506 2629 3691 2700 (τοῦτο

2116 2720 2227 2789 γάρ
2253 2721 2369 2771 ἐστι
2398 2723 2725 2789 κοινωνῆσαι
2750 2721 2850 2788 τῆς
2873 2719 3081 2787 εὐνῆς),
3128 2715 3312 2787 πολλῷ
3343 2714 3544 2787 μᾶλλον
3571 2716 3689 2766 ίκα-

2128 2802 2217 2854 νὸν
2270 2802 2705 2855 ἐπισπάσασθαι.
2749 2802 2888 2855 ’Λλλ’
2907 2801 3059 2854 οὐδὲν
3107 2798 3315 2853 τούτων
3359 2798 3543 2867 ἴσχυσε
3598 2796 3691 2848 τὸν

2115 2884 2322 2938 δίκαιον
2368 2885 2527 2950 ἐλεῖν,
2571 2885 2688 2938 ἀλλ’
2732 2884 2962 2950 ἐξέδωκε
2992 2886 3054 2953 τῇ
3088 2881 3327 2950 γυναικὶ,
3364 2881 3577 2942 δεικνὺς
3606 2881 3690 2933 ὅτι

2116 2968 2177 3020 οὐ
2214 2968 2365 3037 παρά
2395 2966 2494 3038 τὴν
2526 2967 2692 3020 αὑτοῦ
2727 2967 2909 3021 αἰτίαν
2928 2984 2980 3019 τι
3028 2968 3340 3035 γεγένηταιο
3378 2966 3471 3016 καὶ
3522 2964 3582 3015 τὸ
3622 2961 3688 3033 δὴ

2118 3052 2318 3119 μεῖζον,
2349 3048 2584 3103 κύουσαν
2614 3050 2922 3121 ἐξέπεμψεν
2942 3051 3131 3119 αὐτὴν.
3167 3050 3261 3111 Τίς
3286 3048 3385 3099 οὐκ
3405 3048 3471 3099 ἂν
3488 3046 3687 3114 ἠλέησε

2115 3133 2393 3203 κυήσασαν
2441 3133 2499 3199 ἐξ
2552 3133 2717 3186 αὑτοῦ
2770 3133 3015 3199 παιδίον;
3055 3131 3194 3183 Ἀλλ’
3242 3130 3341 3198 οὐχ
3394 3131 3422 3181 ό
3470 3128 3679 3188 δίκαιος

2113 3216 2463 3285 ἐπεκάμφθηο
2493 3216 2711 3269 πάντων
2736 3216 2845 3286 γάρ
2869 3216 2969 3287 τὴν
3008 3216 3230 3284 ἀγάπην
3264 3213 3553 3284 προύτίθει
3583 3211 3684 3281 τὴν

2115 3299 2251 3368 πρὸς
2274 3299 2373 3366 τὴν
2402 3303 2660 3368 γυναῖκα.

2183 3428 2250 3493 ζ’.
2279 3427 2482 3482 Τοῦτον
2511 3427 2805 3499 μιμώμεθα
2836 3429 3124 3499 καίὴμεῖς·
3168 3426 3357 3496 μηδεὶς
3384 3426 3691 3489 όνειδιζέτω

2113 3511 2304 3563 πενίαν
2332 3509 2409 3581 τῷ
2460 3510 2710 3582 πλησίον,
2749 3511 2935 3581 μηδεὶς
2985 3509 3282 3581 χρημάτων
3334 3509 3533 3576 ἐράτω,
3588 3510 3686 3562 καὶ

2113 3593 2291 3645 πάντα
2316 3593 2551 3647 λέλυται.
2589 3593 2738 3663 Μηδὲ
2762 3593 2967 3661 λεγέτω
2995 3593 3132 3663 γυνὴ
3164 3592 3299 3660 πρὸς
3356 3590 3446 3642 τὸν
3494 3590 3686 3661 ἀνδρα⁶

2114 3674 2262 3747 [155]
2297 3677 2557 3747 ’Λνανδρε
2605 3678 2699 3729 καὶ
2742 3676 2901 3741 δειλὲ,
2936 3675 3096 3728 ὕκνου
3121 3674 3307 3743 γέμων
3331 3674 3421 3726 καὶ
3460 3673 3692 3735 νωθείας

2112 3760 2203 3811 καὶ
2231 3759 2398 3812 ὕπνου
2420 3757 2639 3823 πολλοῦ,
2663 3759 2691 3810 ὁ
2710 3758 2857 3812 δεῖνα
2890 3756 3143 3820 ταπεινὸς
3178 3757 3268 3809 καὶ
3299 3757 3363 3808 ἐκ
3394 3756 3688 3819 ταπεινῶν,

2110 3842 2383 3905 κινδύνους
2411 3842 2683 3912 ἀράμενος
2712 3842 2805 3895 καὶ
2828 3841 3135 3909 ἀποδημίας
3160 3839 3528 3909 στειλάμενος,
3557 3839 3689 3891 πολ-

2109 3924 2206 3995 λὴν
2231 3926 2329 3996 τὴν
2353 3925 2540 3977 οὐσίαν
2562 3924 2805 3994 ἐποίησε,
2838 3922 2932 3975 καὶ
2972 3924 3004 3991 ἡ
3031 3921 3169 3992 γυνὴ
3215 3923 3561 3991 χρυσοφορεῖ,
3597 3922 3691 3973 καὶ

2110 4008 2201 4060 ἐπὶ
2218 4007 2440 4076 ζεύγους
2452 4007 2656 4061 λευκῶν
2674 4007 2908 4077 ἡμιόνων
2925 4005 3160 4075 πρόεισι,
3177 4004 3531 4076 περιφέρεται
3556 4022 3689 4057 παν-

2110 4091 2297 4161 ταχοῦ,
2322 4089 2546 4143 οίκετῶν
2571 4091 2768 4158 ἀγέλας
2788 4089 2899 4159 ἔχει
2922 4090 3014 4142 καὶ
3035 4088 3304 4157 εὐνούχων
3322 4089 3487 4157 ἐσμόν
3503 4106 3516 4119 ⁸
3543 4089 3605 4141 σὺ
3630 4089 3688 4141 δὲ

2111 4174 2477 4243 κατέπτηχας,
2506 4173 2599 4226 καὶ
2626 4173 2747 4241 εἰκῆ
2784 4172 2901 4242 ζῇς.
2931 4172 3022 4242 Μὴ
3072 4171 3273 4237 λεγέτω
3320 4170 3491 4223 ταῦτα
3528 4170 3686 4241 γυνὴ,

2110 4256 2294 4311 καὶτὰ
2318 4257 2524 4319 τούτοις
2554 4258 2712 4327 ὃμοια
2734 4271 2747 4283 ⁸
2780 4257 2935 4326 σῶμα
2973 4257 3080 4327 γάρ
3106 4257 3273 4319 ἐστιν,
3304 4253 3401 4322 οὐχ
3439 4254 3527 4305 ἵνα
3566 4254 3685 4305 61a.-

2110 4342 2277 4412 τάττῃ
2298 4343 2365 4411 τῇ
2393 4340 2623 4410 κεφαλῇ,
2640 4338 2856 4391 ἀλλ’ἵνα
2880 4337 3129 4407 πείθηται
3158 4337 3251 4389 καὶ
3275 4334 3543 4408 ὑπακούῃ.
3562 4335 3687 4397 Πῶς

2110 4421 2203 4478 οὖν
2224 4426 2378 4486 οἴσει,
2415 4423 2568 4493 φησί,
2598 4421 2696 4491 τὴν
2719 4421 2944 4483 πενίανς
2975 4421 3138 4471 πόθεν
3168 4419 3389 4487 εὑρήσει
3425 4435 3680 4487 παραμυ-

2112 4508 2266 4571 θίαν;
2303 4504 2636 4573 Ἐκλεγέσθω
2658 4521 2769 4574 παρ
2785 4505 2797 4521 ’
2820 4505 2985 4573 ἑαυτῇ
3007 4503 3102 4565 τας
3121 4502 3471 4571 πενεστέρας,
3497 4500 3688 4554 ἀναλο-

2110 4588 2344 4657 γιζέσθω
2383 4587 2546 4639 πόσαι
2576 4587 2738 4639 πάλιν
2772 4587 3010 4654 εὐγενεῖς
3043 4585 3135 4637 καὶ
3171 4584 3228 4648 ἐξ
3254 4584 3493 4651 εὐγενῶν
3529 4586 3687 4656 κόραι

2110 4672 2170 4725 οὐ
2196 4670 2352 4741 μόνον
2372 4670 2430 4733 ἐξ
2446 4669 2652 4739 ἀνδρῶν
2675 4668 2825 4721 οὐδὲν
2848 4667 3201 4737 προσέλαϐον,
3222 4667 3359 4720 ἀλλά
3386 4667 3485 4719 καί
3515 4685 3687 4739 προσ-

2111 4754 2333 4816 έδωκαν,
2358 4753 2452 4805 καὶ
2479 4752 2546 4804 τά
2587 4750 2763 4805 αὐτῶν
2801 4749 3015 4803 ἅπαντα
3064 4751 3347 4803 ἀνάλωσαν
3369 4767 3382 4779 ⁸
3437 4751 3686 4803 ἐννοείτω

2110 4838 2235 4898 τοὺς
2256 4837 2320 4887 ἐκ
2350 4835 2605 4886 τοιούτοιν
2630 4833 2870 4887 πλούτων
2895 4832 3193 4897 κινδύνους,
3229 4834 3321 4885 καὶ
3349 4832 3439 4884 τὸν
3458 4832 3679 4903 ἀπράγ-

2117 4934 2252 4986 μονα
2282 4917 2586 4969 ἀσπάσεται
2621 4916 2753 4985 βίον.
2792 4917 2898 4968 Καὶ
2922 4916 3057 4977 ὅλως
3082 4918 3128 4968 εἰ
3157 4915 3526 4986 φιλοστόργως
3549 4916 3685 4987 πρὸς

2113 5001 2205 5052 τὸν
2234 5000 2403 5068 ἄνδρα
2433 5000 2719 5065 διακέοιτο,
2753 5000 2908 5052 οὐδὲν
2941 5000 3179 5051 τοιοῦτον
3215 5000 3348 5069 ἐρεῖ,
3380 5000 3497 5052 ἀλλ’
3520 5000 3683 5069 αἰρή-

2117 5100 2265 5136 σεται
2302 5084 2527 5153 πλησίον
2569 5084 2737 5152 αὐτῆς
2771 5084 2914 5152 ἔχειν
2949 5082 3110 5135 αὐτὸν
3148 5083 3315 5151 μηδὲν
3366 5082 3680 5152 πορίζοντα,

2114 5168 2146 5236 ἦ
2175 5167 2343 5237 μυρία
2372 5167 2608 5220 τάλαντα
2647 5167 2846 5236 χρυσοῦ
2877 5166 3015 5236 μετὰ
3051 5167 3324 5236 μερίμνης
3343 5166 3437 5217 καὶ
3461 5164 3683 5234 φροντί-

2113 5251 2201 5313 δος
2234 5251 2333 5319 τῆς
2358 5251 2421 5303 ἐκ
2451 5250 2560 5302 τῶν
2579 5249 2890 5319 ἀποδημιῶν
2917 5251 3036 5303 ταῖς
3054 5248 3301 5314 γυναιξὶν
3328 5247 3684 5316 ἐγγινομένης

2115 5334 2220 5388 ἀεί.
2239 5332 2398 5385 Ἀλλά
2427 5332 2603 5403 μηδὲὸ
2624 5332 2759 5403 ἀνὴρ
2775 5331 2943 5384 ταῦτα
2969 5332 3181 5385 ἀκούων
3211 5331 3284 5393 ὡς
3322 5330 3497 5400 ἀρχὴν
3520 5329 3679 5399 ἔχων,

2116 5418 2209 5470 ἐπὶ
2243 5416 2427 5486 ὕϐρεις
2450 5416 2731 5487 τρεπέσθω
2769 5417 2864 5468 καὶ
2890 5417 3124 5488 πληγάς,
3158 5415 3292 5469 ἀλλὰ
3322 5416 3679 5487 παραινείτω,

2116 5502 2432 5556 νουθετείτω
2452 5543 2466 5563 ,
2498 5501 2572 5562 ὡς
2598 5499 2954 5570 ἁτελεστέραν
2982 5500 3261 5569 λογισμοῖς
3308 5497 3679 5567 ἀναπειθέτω,

2116 5589 2301 5657 χεῖρας
2328 5585 2594 5656 μηδέποτε
2634 5585 2939 5636 ἐντεινέτω·
2972 5582 3161 5654 πόρρω
3186 5581 3475 5652 ἐλευθέρας
3501 5581 3682 5653 ψυχῆς

2115 5671 2307 5725 ταῦτα·
2333 5667 2467 5721 ἀλλά
2485 5666 2617 5736 μηδέ
2633 5664 2837 5736 ὕϐρεις,
2854 5665 2987 5737 μηδέ
3011 5665 3211 5735 ὀνείδη,
3238 5665 3368 5735 μηδὲ
3384 5664 3680 5735 λοιδορίας*

2122 5754 2233 5809 ἀλλ’
2263 5753 2338 5816 ὼς
2356 5752 2708 5822 ἀνοητότερον
2756 5750 3105 5821 διακειμένην
3147 5748 3474 5819 ῥυθμιζέτω.
3511 5750 3681 5805 Πόθεν
