4100 6412
426 334 530 388 Hb

422 446 479 499 δὲ
517 444 673 505 τοῦτο
696 443 883 509 έσται;
927 444 1054 498 Ἐάν
1081 446 1170 498 τὸν
1213 445 1387 515 ἀληθῆ
1424 446 1653 498 πλοῦτον
1714 445 1982 514 μανθάνῃ,

423 531 518 582 ἐὰν
552 529 649 598 τὴν
681 528 790 580 ἄνω
814 529 1151 599 φιλοσοφίαν,
1179 530 1332 582 οὐδὲν
1357 530 1642 598 ἐγκαλέσει
1668 528 1777 581 τῶν
1814 526 1990 580 τοιού-

420 631 529 665 των
546 622 587 667 ·.
652 611 958 666 Διδασκέτω
984 613 1171 683 αὐτὴν,
1197 615 1278 667 ὃτι
1303 614 1459 667 πενία
1474 615 1642 667 κακὸν
1658 613 1828 666 οὐδέν·
1845 611 1993 664 διδα-

423 696 618 757 σκέτω,
664 694 738 765 μὴ
768 694 835 747 δι’
871 689 946 749 ὧν
979 696 1127 765 λέγει
1161 698 1343 767 μόνον,
1369 697 1505 751 ἀλλά
1531 697 1627 750 καὶ
1648 696 1712 749 δι’
1733 689 1806 748 ὧν
1830 696 1990 746 ποιεῖ·

416 778 715 831 διδασκέτω
742 778 900 849 δόξης
923 785 1306 851 καταφρονεῖν,
1348 783 1442 834 καὶ
1495 781 1647 835 οὐδὲν
1697 777 1992 848 τοιοῦτονή

419 860 555 931 γυνὴ
581 860 703 914 οὔτε
730 864 848 932 ἐρεῖ
875 862 999 916 οὐτε
1056 864 1407 934 ἐπιθυμήσει.
1457 864 1730 933 Καθάπερ
1770 861 1994 931 ἄγαλμα

413 943 727 1013 δεχόμενος,
758 946 927 1009 οὕτως
959 946 1067 1000 ἀπὸ
1116 948 1214 1017 τῆς
1261 948 1501 1016 ἑσπέρας
1551 946 1790 1016 ἐκείνης,
1821 942 1891 1015 ἧς
1926 944 1993 996 ἂν

418 1026 587 1097 αὐτὴν
612 1029 691 1091 εἰς
719 1029 810 1081 τὸν
848 1030 1090 1099 θάλαμον
1117 1030 1360 1100 δέχηται,
1388 1030 1687 1083 διδασκέτω
1712 1025 1994 1099 σωφροσύ-

418 1127 539 1180 νην,
568 1111 889 1175 ἐπιείκειαν,
942 1114 1090 1176 ὅπως
1124 1114 1389 1183 βιώσηται
1423 1113 1659 1184 σεμνῶς,
1712 1114 1776 1165 ἐκ
1805 1128 1993 1182 προοι-

423 1193 557 1263 μίων
585 1195 787 1260 εὐθέως
822 1198 916 1250 καὶ
950 1197 1010 1261 ἐξ
1038 1198 1219 1251 αὐτῶν
1266 1198 1374 1250 τῶν
1402 1197 1692 1269 προθύρων
1720 1195 1993 1251 καταϐάλ·

418 1276 527 1330 λων
580 1277 690 1331 τῶν
741 1280 1042 1352 χρημάτων
1105 1281 1198 1333 τὸν
1254 1280 1473 1352 ἔρωτα·
1533 1281 1627 1335 καί
1676 1279 1994 1348 φιλοσοφίαν

420 1362 743 1429 παιδευέτω,
795 1366 891 1417 καὶ
941 1365 1280 1436 παραινείτω
1324 1367 1473 1427 ὅπως
1533 1366 1607 1435 μὴ
1660 1364 1745 1434 εἴη
1795 1364 1995 1434 χρυσία

420 1446 746 1517 κρεμάμενα
774 1449 869 1500 ἐπὶ
904 1448 1013 1501 τῶν
1050 1447 1204 1501 ῶτων
1234 1448 1329 1502 καὶ
1352 1448 1491 1503 κατά
1510 1448 1618 1501 τῶν
1636 1447 1879 1517 παρειῶν
1899 1448 1995 1499 καὶ

419 1530 513 1581 ἐσιτί⁵
546 1529 637 1582 τοῦ
673 1531 944 1601 τραχήλου
998 1533 1384 1602 περικείμενα,
1442 1535 1579 1604 μήτε
1621 1531 1995 1600 κατακείμενα

420 1614 549 1684 περὶ
572 1614 659 1666 τὸν
677 1614 943 1684 θάλαμον,
976 1618 1115 1687 μήτε
1158 1618 1351 1685 ἱμάτια
1377 1619 1555 1689 χρυσᾶ
1582 1618 1679 1670 καί⁹
1725 1615 1993 1685 πολυτελῆ

418 1697 777 1766 ἀποκείμενα·
822 1698 939 1751 ἀλλ’
975 1699 1115 1751 ἔστω
1149 1701 1247 1770 μὲν
1291 1701 1513 1769 φαιδρὸς
1558 1702 1587 1753 ὁ
1631 1700 1855 1768 κόσμος,
1919 1697 1993 1767 μὴ

422 1780 530 1848 μὴν
572 1781 651 1843 εἰς
700 1778 859 1850 ὓϐριν
888 1782 920 1852 ἡ
950 1782 1247 1853 φαιδρότης
1290 1783 1626 1837 ἐκπιπτέτω·
1659 1782 1794 1835 ἀλλὰ
1819 1779 1994 1834 ταῦτα

418 1864 577 1932 ἀφεὶς
600 1866 713 1927 τοῖς
742 1864 836 1917 ἐπὶ
860 1866 960 1935 τῆς
992 1868 1217 1937 σκηνῆς,
1249 1868 1415 1932 αὐτὸς
1475 1866 1615 1938 μετὰ
1663 1866 1865 1935 πολλῆς
1894 1865 1994 1934 τῆς

418 1948 777 2016 κοσμιότητος
846 1948 1156 2014 καλλώπιζε
1231 1951 1323 2003 τὸν
1419 1947 1601 2017 οἷκον,
1638 1947 1993 2019 σωφροσύνης

417 2031 652 2083 πνέοντα
687 2032 910 2101 μᾶλλον,
942 2033 974 2103 ἢ
1006 2033 1173 2103 ἄλλης
1202 2033 1346 2097 τινὸς
1371 2034 1621 2097 εὐωδίας.
1656 2033 1759 2086 Δύο
1798 2033 1907 2102 γὰρ
1931 2033 1994 2084 ἐκ

412 2113 607 2166 τούτου
646 2114 818 2180 ἔσται,
845 2116 939 2168 καὶ
978 2116 1105 2187 τρία
1140 2117 1209 2169 τὰ
1262 2118 1424 2171 καλά·
1456 2118 1672 2189 πρῶτον
1720 2116 1839 2186 μὲν,
1892 2116 1993 2169 οὐκ

416 2197 647 2266 ἀλγήσει
705 2200 738 2266 ή
786 2197 1006 2269 -νύμφη,
1048 2199 1311 2253 λυθεισῶν
1366 2200 1474 2254 τῶν
1528 2200 1847 2263 παστάδων,
1897 2198 1992 2250 καὶ

415 2281 897 2351 ἀποπεμπομένων
955 2282 1171 2353 ἑκάστῳ
1218 2284 1313 2336 καὶ
1356 2284 1465 2335 τῶν
1496 2282 1726 2351 ἱματίων
1762 2281 1992 2335 καὶτῶν

412 2366 652 2437 χρυσίων
687 2366 782 2419 καὶ
811 2366 920 2419 τῶν
952 2366 1162 2420 σκευῶν
1185 2367 1294 2420 τῶν
1319 2366 1596 2437 ἀργυρῶν·
1620 2366 1890 2436 δεύτερον,
1928 2366 1988 2418 οὐ

414 2450 693 2520 φροντίσει
736 2450 764 2502 ό
795 2450 1029 2520 νυμφίος
1076 2451 1219 2522 ὐπέρ
1268 2451 1369 2521 τῆς
1425 2451 1724 2514 ἀπωλείας,
1768 2450 1991 2518 καὶτῆς

415 2534 664 2604 φυλακῆς
696 2534 803 2588 τῶν
853 2534 1359 2605 συμπορισθέντων.
1419 2536 1616 2606 Τρίτον
1671 2534 1832 2588 πάλιν
1854 2533 1991 2603 πρὸς

411 2618 645 2681 τούτοις,
674 2618 735 2671 τὸ
765 2618 1064 2687 κεφάλαιον
1092 2617 1203 2670 τῶν
1235 2617 1476 2685 ἀγαθῶν,
1500 2617 1559 2682 ἐξ
1577 2616 1756 2670 αὐτῶν
1786 2617 1993 2669 τούτων

414 2702 709 2768 ἐνδείξεται
733 2702 831 2771 τὴν
862 2700 1026 2754 αὐτοῦ
1068 2702 1314 2773 γνώμην,
1343 2703 1426 2754 ὅτι
1450 2701 1515 2773 δὴ
1571 2701 1777 2754 τούτων
1815 2700 1991 2754 οὐδενί

413 2786 594 2857 χαίρει
626 2785 795 2857 [I54].
838 2786 930 2839 καὶ
945 2787 1027 2839 ὅτι
1057 2785 1148 2837 καὶ
1175 2783 1245 2838 τὰ
1272 2785 1435 2838 λοιπά
1462 2786 1637 2838 πάντα
1674 2783 1990 2849 καταλύσει,

414 2869 510 2924 καὶ
551 2870 687 2940 μήτε
708 2869 1019 2939 ὀρχήματα,
1065 2871 1201 2938 μήτε
1245 2868 1517 2937 ἀσέμνους
1563 2867 1706 2938 ᾠδὰς
1737 2866 1990 2935 γενέσθαι

415 2953 761 3022 συγχωρήσει
795 2951 946 3006 ποτέ.
980 2952 1094 3005 Καὶ
1121 2947 1237 3004 οἰδα
1269 2951 1369 3021 μὲν
1393 2952 1474 3004 ὅτι
1504 2951 1646 3003 δοκῶ
1688 2950 1991 3019 καταγέλα-

416 3053 539 3097 στος
563 3033 702 3088 εἶναι
728 3034 861 3097 ἴσως
887 3034 1021 3099 τισὶ,
1050 3034 1121 3089 τά
1177 3033 1408 3088 τοιαῦτα
1463 3032 1773 3104 νομοθετῶν
1805 3050 1817 3063 ·
1851 3033 1991 3102 πλὴν

410 3117 529 3173 ἀλλ’
580 3117 675 3171 ἐὰν
709 3116 969 3187 πεισθῆτέ
1011 3134 1124 3187 μοι,
1170 3116 1265 3169 τοῦ
1318 3117 1514 3187 χρόνου
1548 3117 1850 3185 προϊόντος,
1896 3115 1992 3169 καὶ

411 3202 515 3269 τῆς
535 3200 642 3254 ἀπὸ
667 3200 761 3254 τοῦ
796 3200 1120 3272 πράγματος
1143 3200 1508 3262 ἀπολαύοντες
1547 3199 1835 3269 ὡφελείας,
1869 3199 1991 3251 τότε

410 3286 473 3339 τὸ
501 3284 690 3356 κέρδος
740 3273 970 3337 εἴσεσθε·
1011 3284 1105 3337 καὶ
1147 3286 1175 3337 ὀ
1228 3285 1326 3354 μὲν
1364 3284 1539 3350 γέλως
1590 3284 1872 3355 ρυήσεται,
1896 3284 1991 3338 καὶ

412 3367 853 3439 καταγελάσεσθε
881 3366 975 3421 τοῦ
995 3366 1090 3420 νῦν
1126 3366 1301 3432 έθους,
1337 3368 1433 3421 καὶ
1480 3367 1678 3436 ὄψεσθε
1715 3368 1797 3420 ὃτι
1822 3366 1991 3429 ὅντως

416 3453 622 3507 παίδων
647 3452 913 3522 ἀνοήτων,
945 3451 1040 3504 καὶ
1093 3448 1305 3521 ἀνδρῶν
1335 3449 1639 3521 μεθυόντων
1669 3449 1786 3502 ἐστί
1807 3450 1875 3503 τά
1906 3466 1993 3518 γι-

415 3537 614 3607 νόμενα
642 3536 757 3589 νῦν·
784 3534 825 3589 ’ἃ
847 3534 903 3587 δὲ
940 3533 1214 3602 παραινῶ,
1248 3532 1603 3603 σωφροσύνης
1648 3533 1743 3586 καὶ
1773 3533 1989 3602 φιλοσο-

412 3621 563 3690 φίας,
584 3620 679 3673 καὶ
712 3620 811 3690 τῆς
836 3616 1096 3672 ἀνωτάτω
1134 3615 1412 3679 πολιτείας
1438 3616 1575 3668 ἐστί.
1611 3616 1675 3669 Τί
1705 3611 1798 3669 οῦν
1847 3634 1990 3687 φημι

412 3705 553 3771 δεῖν;
579 3702 850 3757 Πάντατά
879 3703 1104 3774 ᾄσματα
1130 3701 1198 3754 τὰ
1226 3701 1450 3770 αἰσχρά,
1474 3699 1541 3753 τά
1567 3700 1857 3762 σατανικά,
1889 3702 1989 3765 τὰς

412 3788 686 3858 ἀσέμνους
709 3786 872 3858 ᾠδὰς,
891 3786 989 3849 τὰς
1011 3784 1317 3857 συνδρομάς
1331 3784 1442 3838 τῶν
1469 3783 1785 3837 ἀκολάστων
1803 3784 1830 3822 δ
1852 3784 1989 3838 νέων

413 3872 635 3942 περίελε
666 3869 761 3922 τοῦ
793 3870 992 3939 γάμου,
1040 3869 1135 3923 καὶ
1166 3869 1341 3921 ταῦτα
1384 3867 1484 3938 τὴν
1520 3868 1741 3937 νύμφην
1777 3886 1990 3937 σωφροο

415 3956 561 4008 νίσαι
593 3953 898 4024 δυνήσεται.
932 3953 1148 4016 Εὐθέως
1177 3954 1284 4023 γὰρ
1316 3954 1448 4022 παρ’
1498 3952 1663 4022 ἑαυτῇ
1701 3952 1986 4020 λογιεῖται,

413 4037 620 4092 Βαϐαίῐ
642 4040 793 4100 ποῖος
826 4032 979 4099 οὗτος
1011 4039 1038 4090 ὀ
1070 4036 1242 4107 ἀνήρ;
1280 4034 1573 4104 φιλόσοφός
1621 4036 1790 4098 ἐστιν,
1835 4036 1989 4090 οὐδὲν

413 4122 505 4175 τὸν
527 4120 771 4191 παρόντα
799 4122 1012 4191 ἡγεῖται
1049 4118 1185 4189 βίον,
1230 4120 1323 4172 ἐπὶ
1356 4120 1703 4173 παιδοποιίαν
1728 4121 1821 4174 καὶ
1857 4138 1987 4173 παι-

410 4205 701 4277 δοτροφίαν
736 4221 802 4274 με
839 4204 1044 4274 ἢγαγεν
1066 4204 1145 4266 εἰς
1175 4202 1273 4274 τὴν
1302 4201 1484 4255 οἰκίαν
1510 4203 1610 4273 τὴν
1642 4203 1860 4268 ἐαυτοῦ,
1895 4203 1990 4256 ἐπὶ

409 4288 712 4359 οἰκουρίαν.
750 4287 887 4340 Ἀλλ’
925 4286 1067 4356 ἀηδῆ
1105 4285 1278 4340 ταῦτα
1307 4288 1373 4356 τῇ
1414 4284 1644 4357 νύμφῃς
1679 4286 1859 4357 Μέχρι
1886 4287 1988 4358 τῆς

416 4374 641 4443 πρώτης
696 4372 933 4444 ἡμέρας,
961 4370 1055 4424 καὶ
1083 4372 1182 4440 τῆς
1214 4370 1495 4440 δευτέρας·
1543 4368 1732 4423 λοιπὸν
1758 4370 1815 4423 δὲ
1861 4371 1986 4434 οὐκ,

414 4457 551 4510 ἀλλὰ
600 4457 690 4510 καὶ
730 4455 992 4525 μεγίστην
1022 4453 1377 4523 καρπώσεται
1411 4454 1511 4525 τήν
1555 4452 1771 4524 ήδονὴν,
1806 4454 1989 4523 πάσης

412 4541 614 4610 ἑαυτὴν
641 4538 877 4607 ὑποψίας
907 4537 1349 4592 ἁπαλλάττουσα.
1388 4538 1448 4590 '0
1494 4535 1603 4608 γὰρ
1643 4538 1782 4607 μήτε
1807 4537 1987 4591 αὐλῶν

416 4623 555 4693 μήτε
585 4622 930 4692 ὀρχουμένων
967 4621 1102 4691 μήτε
1128 4620 1391 4691 ᾀσμάτων
1436 4619 1825 4689 κεκλασμένων
1856 4620 1986 4673 ἀνα-

413 4705 695 4773 σχόμενος,
737 4702 1030 4756 καὶταῦτα
1077 4704 1229 4773 παρὰ
1278 4703 1371 4756 τὸν
1401 4701 1495 4755 τοῦ
1546 4703 1725 4773 γάμοι)
1771 4702 1983 4774 καιρὸν,

413 4787 578 4857 σχολῇ
612 4786 663 4854 γ’
684 4785 749 4839 ἂν
808 4777 964 4849 οὗτος
998 4785 1245 4851 ἀνέξεταί
1270 4803 1399 4838 ποτε
1428 4786 1630 4857 πρᾶξαι
1660 4786 1691 4854 ἢ
1723 4787 1897 4840 εἰπεῖν
1931 4805 1985 4841 τι

410 4869 660 4940 αἰσχρόν.
697 4866 851 4921 Μετά
890 4867 947 4919 δὲ
972 4866 1148 4931 τοῦτο,
1175 4869 1304 4922 ὅταν
1326 4868 1504 4922 πάντα
1535 4868 1794 4940 περιέλῃς
1812 4870 1986 4924 ταῦτα

412 4951 506 5006 τοῦ
545 4950 745 5019 γάμου,
784 4949 1111 5020 παραλαϐὼν
1138 4951 1327 5021 αὐτὴν,
1351 4951 1553 5005 πλάττε
1586 4951 1785 5017 καλῶς,
1805 4952 1866 5005 τὸ
1887 4954 1985 5024 μὲν

410 5033 766 5105 αἰσχυντηλόν
800 5034 892 5086 ἐπὶ
927 5032 1060 5086 πολὺ
1105 5033 1198 5087 τοῦ
1241 5033 1433 5103 χρόνου
1488 5033 1717 5102 ἐξάγων,
1771 5035 1866 5089 καὶ
1911 5036 1985 5108 μὴ

410 5117 642 5172 διαλύων
669 5115 900 5187 ταχέως.
930 5116 1051 5171 Κᾶν
1082 5115 1189 5188 γὰρ
1229 5114 1731 5190 ἀναισχυντοτέραῇ
1764 5119 1984 5190 ήκόρη,

414 5203 579 5273 μέχρι
602 5200 793 5271 καιροῦ
817 5201 975 5271 σιγᾷν
1007 5198 1163 5263 οἶδεν,
1199 5200 1498 5272 αἰδουμένη
1534 5201 1627 5254 τὸν
1670 5200 1859 5272 ἄνδρα,
1893 5204 1988 5257 καὶ

414 5286 730 5357 ξενιζομένη
788 5284 924 5355 πρὸς
972 5283 1040 5337 τὰ
1071 5285 1394 5354 πράγματα.
1431 5285 1503 5337 Σὺ
1532 5283 1711 5339 τοίνυν
1742 5286 1900 5339 τοῦτο
1926 5287 1989 5339 τὸ

414 5369 767 5440 αἰσχυντηλδν
795 5370 869 5438 μὴ
898 5366 1157 5437 διαλύσῃς
1189 5368 1421 5438 ταχέως,
1450 5368 1587 5439 ὅπερ
1606 5368 1657 5421 οί
1697 5368 1987 5423 ἀκόλαστοι

414 5454 627 5506 ποιοῦσι
650 5451 757 5504 τῶν
785 5449 1016 5524 ἀνδρῶν,
1047 5450 1163 5503 ἀλλ’
1192 5450 1501 5520 ἐπεξάγαγε
1531 5451 1624 5505 ἐπὶ
1650 5450 1817 5506 πολὺν
1857 5452 1989 5524 χρό-

474 5721 503 5785 _‘
529 5720 682 5785 ﬁnus,
710 5719 1062 5785 τῶν-τοιούτων
1090 5720 1435 5785 φιλοσοφοῦσα.

472 5782 502 5825 ιι
529 5782 680 5844 Marg.
705 5778 877 5843 δεινὴ,
901 5778 1198 5846 ἀκαθάρτων.

1134 328 1195 384 S.
1231 329 1517 387 JOANNIS
1552 326 2044 386 CIII‘YSOSTOMI
2082 325 2406 385 ARCIIIEP.
2446 327 3004 386 CONSTABTINOI’.

3566 329 3594 383 -Ι
3606 326 3674 383 ,46

2097 458 2209 494 νον·
2246 443 2391 513 μέγα
2417 444 2526 512 γάρ
2559 443 2815 498 σοιτοῦτο
2833 445 2983 499 ἕσται
3007 444 3216 517 κέρδος.
3249 446 3363 499 Οὐκ
3389 443 3673 514 ἐγκαλέσει

2093 526 2252 589 τέως.
2281 527 2340 578 οὐ
2376 528 2651 598 μέμψεται
2685 529 2768 597 ἐφ’
2794 523 2874 591 οἷς
2898 529 3265 602 διατυπώσῃς,

2160 616 2232 678 η’.
2257 611 2440 663 Πάντα
2462 611 2640 664 τοίνυν
2665 612 2784 665 κατ’
2817 613 3021 665 ἐκεῖνον
3052 612 3328 682 νομοθέτει
3347 610 3438 664 τὸν
3460 609 3672 681 χρόνον,

2094 698 2215 751 καθ’
2229 699 2337 769 ὃνή
2362 699 2613 772 αἰσχύνη,
2630 701 2883 773 καθάπερ
2902 718 2987 765 τις
3008 700 3222 770 χαλινὸς
3243 698 3585 769 ἐπικείμενος
3605 701 3671 769 τῇ

2092 786 2235 857 ψυχῇ
2248 828 2260 844 .
2283 787 2381 841 οὐκ
2398 788 2622 858 ἀφίησιν
2638 789 2993 861 οὐδὲν⁶μέμφε
3001 790 3145 854 σθαι,
3162 789 3284 843 οὐδὲ
3302 787 3548 856 ἐγκαλεῖν
3561 789 3674 851 τοῖς

2094 875 2420 944 γινομένοις.
2456 877 2623 931 Ὅταν
2652 878 2760 948 γὰρ
2788 878 3102 950 παρρησίας
3137 876 3494 945 ἐπιλάϐηται,
3537 874 3675 945 μετὰ

2096 963 2299 1032 πολλῆς
2330 965 2430 1034 τῆς
2457 965 2641 1030 ἀδείας
2668 966 2847 1021 πάντα
2878 965 3178 1037 ἀνατρέπει
3204 966 3299 1019 καὶ
3329 965 3537 1033 συγχεῖ.
3575 962 3678 1015 Πό-

2093 1065 2155 1101 τε
2174 1050 2353 1102 τοίνυν
2379 1051 2524 1105 ὲστὶν
2552 1052 2638 1105 έτε
2647 1070 2738 1122 ρος
2760 1052 2903 1106 οὕτω
2924 1053 3111 1124 καιρὸς
3132 1052 3437 1122 ἐπιτήδειος
3461 1048 3595 1120 πρὸς
3616 1047 3677 1101 τδ

2096 1136 2352 1190 πλάττειν
2399 1141 2654 1206 γυναῖκα,
2700 1139 2776 1202 ὡς
2806 1141 3035 1203 ἐκεῖνος,
3073 1139 3177 1192 καθ
3196 1141 3211 1160 ’
3246 1138 3304 1191 ὂν
3332 1137 3557 1191 αἰδεῖται
3587 1134 3675 1189 τὸν

2095 1222 2284 1293 ἄνδρα,
2315 1225 2409 1277 καὶ
2437 1224 2672 1279 δέδοικεν
2706 1225 2787 1278 ἔτι
2816 1227 2911 1279 καὶ
2956 1225 3320 1286 δυσωπεῖταις
3371 1222 3505 1276 Τότε
3537 1221 3673 1290 αὐτῇ

2095 1310 2231 1364 τίθει
2266 1313 2391 1374 τοὺς
2410 1311 2611 1383 νόμους
2637 1313 2905 1377 ἅπαντας,
2930 1314 3025 1366 καὶ
3052 1312 3265 1374 πάντως
3297 1310 3673 1381 πεισθήσεται,

2095 1397 2187 1450 καὶ
2220 1399 2417 1452 ἑκοῦσα
2442 1401 2537 1453 καὶ
2566 1401 2792 1455 ἄκουσα.
2829 1401 2952 1465 Πῶς
2983 1401 3041 1454 δὲ
3072 1401 3171 1471 τὴν
3206 1398 3468 1469 αἰσχύνην
3493 1398 3552 1451 οὐ
3581 1395 3676 1449 λύ-

2097 1504 2243 1553 σεις;
2273 1488 2438 1541 Ὅταν
2461 1489 2625 1561 φαίνῃ
2661 1492 2755 1544 καὶ
2781 1491 2941 1554 αὐτὸς
2974 1490 3125 1543 οὐδὲν
3154 1485 3313 1560 ἦττον
3346 1487 3561 1556 ἐκείνης
3591 1487 3677 1539 αἰ-

2098 1576 2450 1646 σχυνόμενος,
2487 1577 2642 1646 ὀλίγα
2690 1578 2791 1648 μὲν
2824 1577 3366 1648 προσδιαλεγόμενος,
3416 1575 3509 1629 καὶ
3538 1573 3678 1627 αὐτά

2093 1661 2151 1714 δὲ
2184 1663 2320 1732 μετά
2352 1664 2553 1734 πολλῆς
2600 1667 2699 1734 τῆς
2730 1664 3048 1736 ἐμϐριθείας
3077 1664 3171 1717 καὶ
3201 1664 3303 1733 τῆς
3334 1661 3673 1732 συστροφῆς·

2094 1750 2214 1803 τότε
2242 1751 2376 1822 αὐτῇ
2408 1753 2536 1815 τοὺς
2565 1755 2694 1823 περί
2724 1752 3042 1822 φιλοσοφίας
3072 1751 3303 1814 κατάθες
3333 1749 3524 1819 λόγους
3551 1765 3564 1779 ·
3596 1749 3678 1802 δέ-

2093 1856 2243 1907 χεται
2265 1838 2423 1910 γάρὴ
2446 1839 2589 1909 ψυχή
2609 1857 2621 1870 ·
2641 1841 2721 1903 εἰς
2737 1840 2836 1910 τὴν
2863 1840 3153 1911 καλλίστην
3181 1838 3294 1903 ἕξιν
3319 1838 3490 1907 αὐτὴν
3506 1837 3675 1891 κατά-

2094 1942 2307 1994 στησον,
2345 1926 2442 1997 τὴν
2488 1925 2749 1998 αἰσχύνην
2792 1926 2954 1995 λέγω.
3014 1928 3077 1981 Εἰ
3133 1926 3188 1979 δὲ
3229 1924 3519 1995 βούλεσθε,
3581 1924 3676 1977 καὶ

2092 2013 2489 2084 ὑπώείγματος
2522 2013 2707 2067 ἕνεκεν
2745 2013 2878 2082 ἐρῶ,
2913 2014 3033 2067 τίνα
3062 2013 3198 2084 πρὸς
3232 2012 3404 2083 αὐτὴν
3433 2010 3673 2078 διαλέγε-

2093 2101 2216 2154 σθαι
2248 2102 2375 2172 χρή.
2428 2102 2491 2155 Εἰ
2513 2101 2621 2172 γὰρ
2645 2102 2855 2165 Παῦλος
2877 2102 2938 2155 οὐ
2963 2102 3318 2173 παρῃτήσατο
3345 2101 3537 2162 εἰπεῖν,
3569 2099 3664 2164 Μὴ

2092 2187 2111 2259 [
2122 2188 2243 2260 155]
2260 2189 2644 2263 ἀποστερεῖτε
2658 2190 2990 2258 ἀλλήλους,
3006 2190 3099 2242 καὶ
3106 2204 3169 2241 νυ
3179 2204 3348 2258 μφευτ
3358 2187 3476 2258 ρίας
3488 2185 3674 2255 ἐφθέγ-

2094 2275 2221 2341 ξατο
2241 2278 2458 2348 ῥήματα
2471 2318 2485 2342 ,
2513 2277 2711 2346 μᾶλλον
2725 2277 2779 2329 δὲ
2795 2278 2854 2329 οὐ
2873 2293 2933 2329 νυ
2943 2277 3261 2347 μφευτρίας,
3282 2275 3418 2329 ἀλλά
3435 2290 3675 2344 πνευμα-

2090 2364 2247 2435 τικῆς
2277 2365 2481 2436 ψυχῆς·
2514 2366 2695 2436 πολλῷ
2726 2364 2922 2436 μᾶλλον
2941 2368 3101 2436 ἡμεῖς
3124 2365 3183 2417 οὐ
3221 2362 3675 2435 παραιτησόμεθα

2091 2455 2288 2508 εἰπεῖν.
2334 2453 2399 2505 Τί
2437 2452 2614 2505 τοίνυν
2653 2454 2788 2523 αὐτῇ
2822 2452 3164 2521 διαλέγεσθαι
3193 2452 3332 2521 χρή;
3358 2450 3512 2504 Μετά
3542 2449 3671 2502 πολ-

2090 2538 2188 2608 λῆς
2216 2539 2398 2610 μέντοι
2421 2540 2641 2611 χάριτος
2654 2539 2831 2607 λέγειν
2848 2541 2985 2613 πρὸς
3008 2541 3199 2611 αὐτήν·
3237 2539 3454 2609 Ἡμεῖς,
3472 2532 3518 2591 ὦ
3546 2554 3673 2589 παι-

2090 2627 2222 2690 δίον,
2252 2629 2346 2681 τοῦ
2372 2629 2486 2697 βίου
2514 2646 2573 2682 σε
2603 2628 2857 2681 κοινωνὸν
2884 2628 3150 2699 ἐλάϐομεν
3182 2629 3277 2681 καὶ
3307 2627 3672 2696 εἰσηγάγομεν

2092 2715 2148 2767 ἐν
2177 2718 2291 2778 τοῖς
2323 2716 2671 2786 τιμιωτέροις
2705 2717 2797 2767 καί
2835 2715 3284 2786 ἀναγκαιοτέροις
3317 2715 3448 2785 ἡμῖν
3479 2729 3670 2766 κοινω-

2090 2802 2377 2871 νήσουσαν,
2412 2804 2469 2854 ἐν
2503 2801 2846 2873 παιδοποιίᾳ,
2882 2801 2977 2855 καὶ
3012 2801 3189 2865 οἰκίας
3236 2799 3562 2870 προστασίᾳ.
3606 2797 3672 2851 Τί

2092 2884 2185 2943 οὖν
2210 2890 2272 2961 δή
2305 2905 2363 2940 σε
2389 2888 2853 2957 παρακαλοῦμεν;
2902 2889 3117 2942 Μᾶλλον
3151 2888 3208 2940 δὲ
3244 2888 3348 2958 πρὸ
3377 2885 3566 2940 τούτου
3603 2886 3672 2938 τὰ

2090 2978 2192 3047 τῆς
2223 2975 2446 3044 ἀγάπης
2477 2974 2726 3044 διαλέγου
2750 2994 2762 3006 ·
2797 2976 2950 3029 οὐδὲν
2978 2976 3087 3047 γὰρ
3119 2974 3261 3028 οὕτω
3298 2974 3666 3043 συμϐάλλεται

2088 3064 2224 3129 πρὸς
2265 3064 2326 3117 τὸ
2362 3065 2548 3117 πεῖσαι
2572 3063 2666 3116 τὸν
2693 3063 2960 3119 ἀκούοντα
2999 3062 3254 3128 δέξασθαι
3288 3063 3355 3116 τά
3379 3062 3670 3132 λεγόμενα,

2087 3151 2161 3211 ὡς
2193 3149 2254 3201 τὸ
2290 3150 2503 3221 μαθεῖν,
2535 3153 2618 3207 ὃτι
2658 3151 2796 3222 μετὰ
2828 3150 3025 3221 πολλῆς
3055 3150 3154 3222 τῆς
3183 3150 3402 3219 ἀγάπης
3432 3148 3668 3216 λέγεται.

2090 3235 2215 3301 Πῶς
2240 3233 2333 3292 οὖν
2364 3238 2556 3304 δείξεις
2582 3239 2680 3310 τὴν
2711 3239 2967 3309 ἀγάπην;
3006 3239 3103 3291 Ἂν
3134 3239 3316 3310 εἴπῃς,
3350 3237 3434 3290 ὅτι
3462 3234 3668 3299 Πολλὰς

2090 3324 2210 3378 ἐνδν
2237 3324 2453 3388 λαϐεῖν,
2494 3325 2588 3379 καὶ
2622 3325 3009 3397 εὐπορωτέρας
3050 3326 3143 3379 καὶ
3176 3325 3365 3393 γένους
3390 3321 3667 3395 λαμπροῦ,

2090 3412 2188 3482 οὐχ
2208 3412 2454 3483 εἱλόμην,
2486 3412 2621 3465 ἀλλά
2648 3412 2740 3465 σοῦ
2772 3414 2867 3466 καὶ
2890 3413 2986 3482 τῆς
3014 3414 3110 3482 σῆς
3140 3412 3385 3484 ἠράσθην
3408 3413 3673 3482 ἀναστρο-

2092 3500 2219 3569 φῆς,
2250 3498 2349 3567 τῆς
2371 3500 2744 3569 κοσμιότητος,
2774 3500 2872 3569 τῆς
2902 3500 3220 3564 ἐπιεικείας,
3251 3500 3351 3570 τῆς
3387 3497 3670 3569 σωφροσύ-

2091 3604 2208 3651 νης.
2238 3582 2371 3638 Εῐτα
2401 3586 2508 3638 ἀπὸ
2534 3585 2742 3639 τούτων
2777 3586 2941 3650 εὐθὺς
2967 3587 3387 3658 παρασκεύασον
3421 3586 3536 3639 ὁδὸν
3563 3584 3670 3637 τῶν

2089 3671 2264 3741 λόγων
2288 3671 2396 3724 τῶν
2424 3672 2552 3743 περὶ
2575 3672 2913 3742 φιλοσοφίας,
2948 3675 3044 3727 καὶ
3068 3675 3362 3745 κατηγόρει
3386 3672 3481 3726 τοῦ
3508 3672 3669 3725 πλού-

2087 3777 2182 3813 του
2216 3760 2354 3830 μετά
2378 3778 2521 3825 τινος
2551 3762 2819 3832 περιόδου.
2868 3761 3082 3825 Ἀπλῶς
3120 3762 3220 3833 μέν
3250 3761 3473 3833 γάρέὰν
3496 3778 3666 3814 κατα-

2089 3828 2269 3923 τείνῃς
2290 3850 2445 3919 λόγον
2463 3851 2604 3904 κατά
2625 3828 2879 3916 πλούτου,
2908 3828 3162 3923 φορτικός
3193 3828 3289 3923 ἔσῃ
3312 3828 3420 3904 ’.ἓν
3441 3851 3499 3903 δέ
3532 3851 3667 3903 ὐπο-

2090 3938 2292 4002 θέσεως
2311 3938 2630 4009 λαϐόμενος,
2660 3940 2837 3994 πάντα
2866 3940 3102 4004 ἀνύσεις.
3149 3940 3330 4006 Δόξεις
3355 3938 3463 4010 γάρ
3491 3941 3547 3991 ἐν
3570 3939 3668 3993 τά·

2092 4027 2170 4092 ξει
2190 4026 2483 4097 ἀπολογίας
2515 4027 2575 4080 τὸ
2596 4029 2826 4098 πρᾶγμα
2849 4030 3042 4085 ποιεῖν.
3075 4027 3173 4096 οὐχ
3195 4025 3270 4090 ὡς
3294 4024 3564 4097 αὐστηρός
3582 4044 3665 4089 τις

2090 4115 2185 4169 καί⁵
2213 4114 2410 4186 ἄχαρις
2442 4115 2537 4167 καὶ
2572 4114 2894 4186 μικρολόγος
2920 4156 2935 4180 ,
2965 4115 3078 4168 ἀλλ’
3109 4116 3235 4167 ὅταν
3272 4117 3337 4168 ἐκ
3358 4114 3466 4168 τῶν
3497 4114 3667 4184 αὐτῆς

2089 4203 2187 4274 τὴν
2219 4203 2474 4256 ὑπόθεσιν
2501 4202 2671 4276 λάϐῃς
2693 4245 2706 4267 ,
2747 4204 2840 4256 καὶ
2869 4200 3181 4275 ἡσθήσεται.
3220 4203 3392 4275 Ἐρεῖς
3415 4198 3507 4256 οῦν
3535 4202 3665 4275 (πά-

2089 4290 2171 4343 λιν
2213 4288 2320 4360 γάρ
2344 4290 2435 4343 τὸν
2477 4290 2632 4358 λόγον
2675 4289 2964 4343 ἀναλαϐεῖν
2997 4289 3340 4359 ἀναγκαῖον),
3384 4291 3467 4343 ὅτι
3491 4290 3667 4361 παρόν

2089 4378 2351 4431 πλουσίαν
2379 4376 2551 4447 γῆμαι
2580 4378 2672 4429 καὶ
2702 4376 2954 4446 εὔπορον,
2981 4377 3080 4429 οὐκ
3114 4379 3443 4448 ἠνεσχόμην.
3475 4378 3543 4431 Τί
3570 4379 3669 4450 δή-

2090 4481 2258 4530 ποτε;
2294 4464 2406 4534 Οὐχ
2449 4463 2655 4528 ἁπλῶς,
2695 4465 2814 4518 οὐδὲ
2856 4463 3005 4534 εἰκῆ,
3042 4463 3159 4516 ἀλλ’
3198 4466 3524 4536 ἐπαιδεύθην
3553 4465 3666 4534 ἐγὼ

2089 4551 2288 4614 καλῶς,
2337 4552 2419 4605 ὅτι
2444 4551 2673 4617 πλοῦτος
2703 4552 2853 4607 οὐδὲν
2895 4552 3081 4623 κτῆμά
3104 4553 3273 4618 ἐστιν,
3317 4553 3453 4607 ἀλλά
3487 4556 3665 4624 πρᾶγ-

2094 4656 2171 4710 μα
2192 4640 2685 4711 εὐκαταφρόνητον,
2715 4641 2807 4695 καὶ
2840 4641 3063 4715 λῃσταῖς
3082 4640 3283 4711 προσὸν
3310 4641 3404 4694 καί⁵
3436 4642 3664 4713 πόρναις

2088 4726 2302 4795 γυναιξί
2331 4727 2426 4779 καὶ
2456 4727 2853 4799 τυμϐωρύχοις.

2157 4814 2248 4866 Διὸ
2306 4814 2479 4867 ταῦτα
2516 4814 2702 4883 ἀφεὶς,
2760 4816 2853 4868 ἐπὶ
2890 4816 2991 4886 τὴν
3028 4816 3125 4886 τῆς
3177 4815 3279 4886 σῆς
3323 4817 3525 4887 ἀρετὴν
3568 4812 3665 4888 ἦλ-

2088 4901 2178 4954 θον
2234 4900 2442 4971 ψυχῆς,
2499 4902 2567 4972 ἢν
2623 4902 2822 4964 παντὸς
2865 4903 3116 4973 προτιμῶ
3160 4905 3403 4975 χρυσίου.
3461 4905 3661 4976 Συνετὴ

2087 4990 2195 5059 γὰρ
2238 4990 2331 5043 καὶ
2371 4989 2630 5060 ἐλευθέρα
2683 4990 2816 5060 κόρη
2865 4991 2999 5057 νέα,
3054 4992 3150 5045 καὶ
3196 4993 3480 5057 εὐλαϐείας
3539 4996 3661 5048 ἐπι-

2091 5077 2416 5147 μελουμένη,
2471 5076 2650 5147 πάσης
2683 5080 2781 5147 τῆς
2837 5078 3162 5148 οἰκουμένης
3212 5082 3361 5133 ἐστὶν
3413 5080 3658 5147 ἁνταξία.

2088 5164 2185 5217 Διά
2223 5163 2286 5233 δὴ
2335 5162 2508 5217 ταῦτά
2558 5180 2618 5217 σε
2652 5164 2746 5217 καὶ
2774 5165 3109 5235 ἡσπασάμην
3143 5167 3236 5219 καί
3264 5167 3420 5235 φιλῶ,
3445 5171 3664 5241 καὶτῆς

2087 5250 2321 5321 ἐμαυτοῦ
2366 5250 2661 5321 προτίθημι
2694 5251 2890 5323 ψυχῆς.
2940 5254 3105 5306 Οὐδὲν
3133 5254 3241 5325 γὰρ
3270 5255 3298 5306 ὀ
3324 5256 3512 5327 παρὼν
3552 5258 3665 5327 βίος

2087 5339 2224 5403 ἐστὶ,
2259 5340 2351 5391 καὶ
2391 5336 2621 5408 εὔχομαι
2660 5341 2753 5393 καὶ
2798 5340 3100 5410 παρακαλῶ
3134 5340 3229 5394 καὶ
3274 5343 3451 5397 πάντα
3502 5345 3660 5407 ποιῶ,

2087 5425 2226 5479 ὥστε
2255 5427 2401 5496 ἡμᾶς
2434 5424 2574 5478 οὕτω
2619 5427 3015 5496 καταξιωθῆναι
3058 5428 3149 5480 τὸν
3187 5430 3428 5501 παρόντα
3471 5433 3665 5503 στῆσαι

2090 5513 2226 5585 βίον,
2261 5512 2401 5564 ὥστε
2439 5513 2729 5584 δυνηθῆναι
2769 5515 2861 5567 καί
2901 5515 3019 5567 ἐκεῖ
3049 5516 3203 5586 ἐντῷ
3234 5518 3478 5587 μέλλοντι
3509 5521 3664 5573 αἰῶνι

2092 5600 2229 5671 μετά
2244 5600 2443 5668 πολλῆς
2466 5600 2565 5670 τῆς
2586 5601 2768 5664 ἀδείας
2788 5602 3036 5672 ἀλλήλοις
3061 5607 3317 5659 συνεῖναι.
3357 5608 3413 5660 '0
3437 5607 3535 5677 μὲν
3556 5607 3662 5680 γὰρ

2089 5689 2279 5760 χρόνος
2307 5682 2459 5751 οὗτος
2485 5689 2687 5759 βραχὺς
2711 5692 2804 5744 καὶ
2823 5689 2985 5762 ἐπίκη
2996 5708 3085 5761 ρος
3111 5707 3124 5721 ·
3148 5694 3196 5746 εἰ
3216 5693 3292 5757 δὲ,
3312 5697 3664 5761 καταξιωθείε

2097 5793 2235 5846 ημεν
2277 5776 2737 5847 εὐαρεστήσαντες
2773 5777 2850 5847 τῷ
2880 5776 2999 5848 Θεῷ
3026 5777 3167 5833 οὕτω
3205 5781 3293 5835 τὸν
3327 5782 3437 5852 βίον
3467 5785 3659 5855 μετελ-
