4100 6412
434 350 535 404 135

432 470 504 519 let
546 478 672 519 eum
724 460 924 518 habere
957 473 1124 530 prope
1168 472 1229 513 se
1269 458 1402 512 nihil
1433 455 1823 526 acquirentem,
1849 468 2008 523 quam

431 556 611 609 decies
658 552 803 609 mille
849 552 1048 606 talenta
1075 565 1197 605 cum
1241 549 1385 604 curis
1432 556 1488 603 et
1534 545 2006 608 sollicitudinibus,

432 661 553 714 qure
579 658 793 715 semper
818 642 1011 697 adsunt
1034 640 1347 695 mulieribus
1372 653 1439 693 ex
1470 634 2004 707 peregrinationibus.

433 736 539 792 Sed
568 751 744 806 neque
774 735 998 788 maritus
1027 733 1143 787 hmc
1182 732 1426 795 audiens,
1457 740 1512 785 ut
1538 730 1627 799 qui
1674 729 1832 782 habet
1861 730 2010 797 prin-

433 828 691 897 cipatum,
721 834 1072 880 convertatur
1111 824 1177 877 ad
1208 822 1563 878 contumelias
1593 829 1647 874 et
1691 820 1892 888 plagas,
1918 818 2010 872 sed

435 928 700 982 hortetur,
729 920 1038 983 admoneat,
1066 922 1339 985 tamquam
1380 912 1759 983 impcrfectiori
1789 911 2011 965 rationi-

434 1012 534 1066 bus
566 1010 908 1085 persuadeat,
929 1024 1120 1063 manus
1151 1008 1205 1061 in
1238 1023 1355 1061 eam
1386 1021 1491 1059 non
1520 1003 1803 1059 extendat:
1831 1002 2013 1073 procul

440 1102 555 1157 haec
579 1117 608 1155 a
652 1101 814 1156 libera
847 1102 1021 1155 anima
1048 1118 1063 1167 ;
1114 1100 1208 1155 sed
1241 1114 1338 1154 nec
1366 1098 1740 1158 contumelias,
1767 1110 1865 1150 nec
1891 1111 2014 1164 pro-

436 1196 531 1250 bra
562 1210 657 1249 nec
682 1195 964 1249 maledicta
996 1194 1223 1264 ingerat,
1247 1192 1340 1247 sed
1365 1203 1419 1245 ut
1440 1207 1559 1260 qum
1580 1190 1648 1244 sit
1677 1187 2014 1258 insipientior

435 1302 556 1341 eam
583 1295 888 1356 componat.
926 1284 1206 1354 Quomodo
1233 1293 1410 1351 autem
1451 1283 1554 1337 hoc
1575 1282 1723 1337 erit?
1766 1281 1819 1336 Si
1861 1296 2015 1335 veras

436 1378 608 1434 discat
637 1378 870 1441 divitias,
905 1378 949 1431 si
991 1391 1276 1446 supernam
1306 1374 1726 1444 phiIOSOphiam,
1760 1372 1890 1426 nihil
1919 1386 2014 1426 eo-

437 1487 558 1525 rum
595 1471 891 1524 damnabit.
942 1470 1137 1523 Doceat
1159 1482 1276 1521 eam
1303 1465 1439 1534 quod
1485 1473 1767 1535 paupertas
1816 1462 2015 1516 nullum

438 1573 510 1615 snt
536 1562 769 1626 malum;
811 1561 1002 1615 doceat
1031 1575 1135 1614 non
1163 1559 1335 1613 solum
1377 1573 1473 1628 per
1497 1571 1560 1610 ea
1586 1572 1704 1622 qua:
1733 1554 1881 1616 dicit,
1923 1553 2015 1607 sed

442 1662 497 1707 et
529 1669 624 1722 per
655 1668 715 1707 ea
743 1669 861 1723 quae
907 1651 1072 1717 facit;
1125 1651 1317 1706 doceat
1355 1649 1632 1718 despicere
1673 1646 1918 1716 gloriam,
1962 1656 2019 1701 et

442 1744 575 1799 nihil
608 1744 915 1813 hujusmodi
946 1744 1089 1799 dicet
1132 1743 1325 1797 mulier
1353 1757 1451 1796 nec
1474 1739 1834 1809 concupiscet.
1866 1738 1944 1792 Ac
1974 1737 2017 1791 si

441 1835 727 1904 imaginem
755 1835 1045 1903 acciperet,
1068 1833 1137 1888 ab
1173 1834 1261 1887 illa
1286 1846 1508 1901 vespera
1530 1845 1633 1900 qua
1674 1844 1792 1884 eam
1822 1828 2021 1897 excipit

443 1928 698 1993 thalamo,
721 1941 839 1981 eam
871 1925 1064 1980 doceat
1105 1918 1531 1993 temperantiam,
1576 1920 1913 1983 modestiam,
1941 1919 2019 1972 Ie-

444 2019 688 2083 nitatem,
720 2027 777 2072 ut
815 2018 992 2072 statim
1023 2016 1090 2072 ab
1118 2016 1362 2080 exordio,
1395 2024 1448 2071 et
1486 2014 1554 2069 ab
1590 2013 1718 2082 ipsis
1746 2010 2021 2067 vestibulis

447 2111 672 2164 honeste
699 2111 862 2172 vivat,
892 2107 1132 2179 pecunia:
1161 2121 1399 2161 amorem
1422 2103 1681 2173 dejiciens
1708 2122 1721 2158 :
1745 2111 1801 2158 et
1827 2102 1876 2154 in
1900 2099 2019 2171 phi-

446 2201 685 2272 losophia
714 2201 925 2256 erudiat
945 2209 1001 2255 et
1028 2199 1253 2255 suadeat
1281 2214 1349 2254 ne
1387 2198 1456 2252 sit
1480 2197 1529 2252 ei
1554 2211 1745 2250 aurum
1784 2194 2023 2264 pendens

447 2311 510 2348 ex
536 2294 777 2360 auribus,
805 2309 903 2348 nec
933 2309 998 2348 eo
1031 2301 1254 2347 ornetur
1292 2292 1344 2345 in
1386 2290 1538 2360 genis
1563 2299 1618 2344 et
1646 2288 1808 2352 collo,
1833 2301 1932 2340 nec
1970 2284 2024 2338 id

448 2385 740 2453 repositum
766 2383 960 2438 haheat
987 2384 1039 2437 in
1072 2383 1333 2448 thalamo,
1362 2396 1535 2451 neque
1556 2391 1731 2435 vestes
1752 2392 1945 2432 aureas
1972 2388 2027 2431 et

449 2483 831 2547 sumptuosas;
862 2475 957 2530 sed
995 2476 1065 2529 sit
1091 2475 1306 2545 quidem
1332 2474 1551 2543 elegans
1571 2483 1813 2536 ornatus,
1839 2480 1895 2525 at
1920 2485 2025 2525 non

449 2565 518 2621 ad
564 2567 815 2637 probrum
844 2578 899 2621 et
928 2568 1310 2622 contumeliam
1341 2565 1544 2621 recidat
1586 2566 1885 2635 elegantia;
1931 2579 2026 2618 veâ€”
2056 2614 2064 2622 .

448 2673 568 2712 rum
597 2658 679 2712 his
700 2658 937 2712 dimissis
962 2658 1311 2712 histrionibus
1341 2659 1393 2712 in
1418 2657 1794 2719 scenica,orua
1812 2655 2026 2709 domum

451 2765 571 2805 eum
603 2752 770 2805 multa
816 2751 1097 2807 honestate
1141 2766 1203 2805 ac
1229 2751 1449 2814 decore,
1484 2749 1778 2818 spirantem
1825 2759 2029 2817 tempe-

453 2842 677 2895 rantiam
707 2843 903 2912 potius,
929 2858 1088 2913 quam
1110 2842 1273 2896 alium
1304 2857 1519 2896 suavem
1544 2842 1787 2897 odorem.
1814 2840 1893 2894 Ex
1932 2840 2031 2894 hoc

454 2933 595 2987 enim
625 2944 784 2988 erunt
804 2933 909 2988 duo
934 2944 1026 2989 aut
1057 2935 1156 2989 tria
1188 2934 1326 2988 bona
1367 2953 1379 2988 :
1414 2934 1643 3003 primum
1670 2933 1885 3002 quidem
1925 2946 2029 2986 non

458 3024 656 3079 dolebit
686 3040 904 3096 spoasa,
933 3026 1059 3081 dum
1094 3027 1283 3081 solutis
1324 3027 1652 3095 nuptialibus
1682 3025 1926 3079 thalamis
1949 3040 2035 3080 re-

454 3118 736 3172 mittuntur
764 3119 831 3173 ad
868 3121 1106 3190 singulos
1128 3130 1306 3175 vestes
1333 3129 1386 3175 et
1415 3135 1538 3174 vasa
1570 3134 1729 3174 aurea
1754 3128 1809 3173 et
1844 3133 2035 3188 argen-

460 3218 585 3264 tea:
618 3210 877 3277 secundo,
905 3211 1047 3280 quod
1085 3226 1314 3281 sponsus
1359 3227 1464 3266 non
1510 3212 1614 3265 erit
1660 3211 1922 3265 sollicitus
1966 3224 2035 3264 ne

454 3314 700 3368 pereant,
734 3311 785 3355 et
811 3311 867 3355 ut
894 3302 1264 3357 custodiantur
1294 3318 1411 3372 qua:
1438 3313 1561 3356 sunt
1586 3312 1911 3371 comparata.
1940 3301 2035 3357 llis

456 3390 659 3444 accedit
691 3392 936 3457 tertium,
965 3392 1108 3462 quod
1134 3402 1216 3448 est
1258 3408 1465 3448 summa
1506 3393 1809 3447 bonorum:
1843 3409 1906 3447 cx
1954 3392 2036 3447 bis

459 3480 589 3548 ipsis
616 3482 863 3537 ostendet
906 3491 1144 3538 mentem
1180 3498 1354 3549 suam,
1378 3500 1436 3539 sc
1481 3485 1629 3538 nullo
1669 3483 1859 3538 horum
1886 3483 2035 3537 delc-

459 3573 610 3637 ctari,
643 3582 698 3626 et
722 3588 779 3627 se
804 3574 964 3628 etiam
995 3585 1185 3629 caetera
1210 3575 1386 3628 omnia
1426 3575 1831 3639 dissoluturum,
1863 3589 2037 3644 neque

458 3680 709 3735 umquam
734 3681 1115 3720 concessurum
1148 3675 1205 3721 ut
1247 3668 1377 3721 fiant
1414 3667 1722 3723 saltationes
1750 3676 1804 3721 et
1841 3682 2037 3720 canan-

463 3766 547 3810 tur
572 3757 836 3827 impudica
865 3758 1093 3811 cantica.
1130 3758 1196 3812 Et
1221 3760 1337 3813 scio
1356 3758 1571 3828 quidem
1596 3774 1683 3813 me
1722 3758 1889 3813 videri
1918 3758 2038 3827 quiâ€”

458 3848 681 3902 busdam
708 3864 828 3904 esse
857 3849 1163 3913 ridiculum,
1187 3850 1277 3919 qui
1303 3848 1401 3903 has
1444 3850 1589 3920 leges
1617 3848 1825 3915 feram;
1868 3849 1959 3903 sed
1991 3849 2037 3903 si

461 3939 592 3993 mihi
618 3939 976 4005 credideritis,
1012 3940 1336 4011 procedente
1362 3950 1620 4010 tempore,
1643 3951 1697 3995 et
1717 3940 2038 3995 succedente

456 4034 537 4087 rei
582 4034 827 4099 utilitate,
863 4043 989 4089 tunc
1032 4034 1238 4091 lucrum
1272 4034 1454 4089 scietis
1483 4052 1496 4087 :
1538 4043 1591 4089 et
1618 4033 1799 4089 efï¬‚uet
1822 4032 2035 4103 quidem

460 4127 621 4189 risus,
653 4134 707 4181 et
751 4127 1039 4183 irridebitis
1078 4144 1197 4183 eam
1226 4143 1345 4197 qua:
1391 4142 1535 4182 nunc
1564 4135 1646 4182 est
1689 4126 2036 4182 consuetudi-

463 4232 583 4270 nem
607 4232 623 4281 ;
665 4225 719 4272 et
747 4217 994 4272 videbitis
1020 4233 1083 4272 ea
1104 4234 1222 4288 qua:
1256 4233 1401 4272 nunc
1427 4218 1581 4284 ï¬unt,
1604 4232 1724 4272 esse
1749 4232 2037 4287 puerorum

462 4308 827 4378 insipientium
854 4317 905 4363 et
943 4308 1179 4363 virorum
1214 4308 1520 4373 ebriorum;
1550 4324 1668 4377 quae
1695 4316 1871 4362 autem
1917 4322 2035 4362 sua-

461 4401 585 4465 deo,
611 4417 731 4457 esse
766 4403 1045 4457 modestia)
1083 4410 1138 4458 et
1163 4401 1518 4473 philosophiae
1544 4410 1602 4456 et
1641 4415 1889 4470 supernae
1917 4402 2040 4455 vitae

462 4492 683 4562 agenda:
710 4495 994 4548 rationem.
1022 4493 1159 4561 Quid
1204 4508 1334 4564 ergo
1370 4492 1493 4547 dico
1519 4494 1809 4562 Oportere?
1850 4492 2039 4547 Omnia

466 4588 635 4657 turpia
661 4588 866 4641 cantica
894 4604 1011 4658 qua:
1036 4598 1159 4641 sunt
1186 4587 1442 4651 satanica,
1475 4586 1789 4641 inhonestas
1810 4584 2037 4639 cantile-

463 4695 583 4745 nas,
615 4679 1011 4734 immundorum
1039 4679 1297 4749 juveuum
1319 4678 1666 4734 circuitiones
1695 4676 1846 4731 aufer
1884 4692 1912 4729 a
1944 4692 2043 4730 nu-

466 4773 609 4843 ptiis,
644 4780 699 4827 et
738 4772 853 4826 lucc
893 4782 1144 4843 poterunt
1176 4770 1442 4841 castigare
1486 4784 1737 4839 sponsam
1767 4778 1823 4824 et
1851 4767 2041 4823 mode-

464 4875 602 4919 stam
651 4864 899 4920 reddere.
927 4865 1119 4920 Statim
1165 4865 1310 4920 enim
1354 4864 1496 4934 apud
1538 4877 1599 4918 se
1639 4860 2037 4917 considerabit:

463 4953 644 5024 Papa},
665 4955 837 5026 qualis
857 4964 939 5010 est
961 4954 1046 5009 hic
1066 4956 1176 5009 vir!
1205 4965 1283 5011 est
1312 4953 1695 5025 philosOphus:
1721 4952 1859 5006 hanc
1878 4953 2040 5008 vitam

466 5046 617 5101 nihili
655 5046 834 5112 ducit;
881 5046 946 5100 ad
991 5046 1354 5116 procreandes
1397 5046 1595 5100 liberos
1638 5054 1693 5099 et
1736 5043 2043 5098 educandos

466 5153 551 5191 me
580 5138 633 5192 in
661 5139 806 5193 :rdcs
827 5138 996 5204 duxit,
1029 5148 1084 5193 et
1124 5138 1192 5193 ad
1232 5138 1449 5193 domum
1479 5136 1906 5193 custodiendam.
1936 5135 2042 5191 Sed

468 5230 583 5286 haec
623 5246 834 5301 sponsa:
864 5240 1021 5286 erunt
1050 5230 1376 5301 injucunda?
1407 5231 1485 5285 Ad
1514 5233 1744 5301 primum
1795 5245 1961 5300 usque
1988 5238 2044 5284 et

466 5321 768 5377 secundum
800 5323 963 5387 diem,
986 5340 1091 5378 non
1123 5331 1299 5378 autem
1328 5322 1613 5393 deinceps;
1644 5323 1739 5378 sed
1768 5332 1823 5378 et
1865 5323 2039 5376 maxi-

466 5430 609 5469 mam
634 5416 809 5483 capiet
828 5415 1178 5486 voluptatem,
1218 5430 1278 5470 se
1321 5414 1387 5469 ab
1411 5416 1554 5469 omni
1581 5415 1890 5484 suspicione
1913 5414 2046 5469 libe-

467 5520 613 5560 rans.
648 5504 777 5560 Nam
815 5506 904 5576 qui
929 5522 1105 5577 neque
1137 5506 1316 5573 tibias,
1352 5520 1524 5576 neque
1564 5506 1843 5571 saltantes,
1873 5520 2047 5575 neque

467 5595 666 5653 fractos
686 5608 875 5652 cantus
899 5599 1234 5663 sustinuerit,
1262 5597 1420 5667 idque
1441 5606 1685 5667 tempore
1715 5599 2043 5668 nuptiarum,

469 5690 553 5743 vix
579 5689 693 5758 ipse
710 5689 761 5743 in
785 5690 1020 5745 animum
1039 5689 1309 5745 induxerit
1325 5699 1381 5745 ut
1403 5699 1556 5759 turpe
1572 5690 1771 5760 aliquid
1790 5704 2044 5759 umquam

471 5790 563 5835 aut
605 5779 759 5837 faciat
804 5791 896 5836 aut
924 5782 1084 5838 dicat.
1130 5782 1259 5839 Post
1306 5781 1409 5839 hoc
1452 5792 1650 5850 autem,
1680 5782 1897 5853 quando
1928 5782 2042 5837 lucc

1282 341 1347 397 Î™Î
1386 338 1602 396 EPIST.
1645 340 1738 394 AD
1776 338 2021 395 EPHES.
2063 338 2213 394 CAP.
2256 340 2318 394 V.
2364 340 2593 397 HOMlL.
2637 341 2753 396 XX.

3597 347 3698 403 â€œ6

2118 454 2296 507 omnia
2324 454 2612 512 abstuleris
2656 470 2685 509 a
2728 454 3096 521 matrimonio,
3125 466 3271 511 recte
3309 467 3359 511 te
3388 473 3562 528 geras,
3595 476 3696 533 pu-

2115 543 2300 599 dorem
2330 546 2544 614 quidem
2574 547 2625 601 in
2655 548 2870 618 longum
2913 557 3126 618 tempus
3165 552 3483 622 extendens,
3515 566 3566 608 et
3593 572 3697 613 non

2117 636 2222 689 cito
2267 636 2587 691 dissolvens.
2619 638 2750 693 Nam
2794 640 2894 694 etsi
2952 642 3360 698 inverecundior
3389 646 3459 700 sit
3498 649 3695 717 puclla,

2117 728 2220 781 scit
2248 730 2310 782 ad
2336 739 2545 799 tempus
2572 731 2753 798 silere,
2779 734 2954 787 mariti
2998 743 3138 789 mota
3168 740 3466 793 reverentia
3486 783 3500 807 ,
3535 751 3589 796 et
3615 759 3699 798 re-

2118 836 2236 873 rum
2264 823 2454 890 quibus
2486 840 2591 878 non
2636 827 2868 880 assuevit
2899 830 3153 884 novitate.
3191 831 3346 887 Hunc
3373 848 3502 902 ergo
3530 836 3701 904 pudo-

2119 926 2233 964 rem
2278 927 2385 966 non
2428 915 2537 969 cito
2560 914 2847 982 disSolvas,
2878 919 3021 986 quod
3068 919 3269 975 faciunt
3301 923 3395 977 viri
3427 924 3702 994 impudici,

2119 1001 2213 1055 sed
2240 1004 2496 1058 extendas
2525 1006 2590 1059 ad
2625 1006 2840 1076 longum
2872 1018 3082 1077 tempus
3109 1030 3121 1065 :
3156 1012 3257 1067 hoc
3289 1014 3431 1068 enim
3464 1016 3556 1070 tibi
3584 1032 3701 1070 ma-

2122 1109 2284 1164 gnum
2305 1096 2493 1151 allâ€˜eret
2519 1098 2744 1153 lucrum.
2762 1101 2978 1156 Interim
3004 1118 3109 1158 non
3138 1106 3431 1173 accusabit,
3447 1125 3545 1164 nec
3570 1126 3703 1181 que-

2121 1195 2271 1239 retur
2300 1186 2367 1241 de
2393 1188 2456 1242 iis
2480 1205 2600 1259 quae
2630 1201 2684 1244 tu
2718 1195 2991 1249 statueris.

2191 1278 2243 1332 8.
2286 1279 2456 1349 Leges
2498 1296 2627 1352 ergo
2671 1286 2936 1341 constitue
2992 1297 3107 1342 toto
3154 1289 3245 1344 illo
3284 1298 3565 1361 tempore,
3595 1310 3709 1363 quo

2123 1370 2294 1439 pudor
2324 1380 2591 1443 tamquam
2630 1377 2896 1445 quoddam
2931 1380 3135 1435 frenum
3164 1384 3354 1438 anima:
3396 1386 3701 1456 impositus,

2123 1476 2228 1514 non
2273 1462 2401 1516 sinit
2438 1464 2506 1519 de
2547 1467 2727 1537 aliquo
2753 1471 3006 1539 conqueri
3035 1514 3047 1531 .
3082 1488 3181 1527 nec
3208 1490 3269 1529 ea
3300 1491 3419 1545 quae
3452 1477 3584 1532 fiunt
3612 1494 3703 1533 re-

2122 1550 2402 1622 darguere.
2428 1555 2557 1610 Nam
2580 1560 2792 1627 quando
2813 1561 3055 1616 liduciam
3083 1573 3136 1618 et
3164 1565 3374 1621 dicendi
3403 1568 3705 1625 libertatem

2122 1643 2558 1714 apprcltenderit,
2586 1665 2705 1703 eum
2750 1652 2911 1706 multa
2958 1655 3245 1710 securitate
3292 1661 3469 1713 omnia
3514 1663 3708 1718 evertit

2123 1744 2179 1788 et
2208 1738 2501 1792 contundit.
2535 1740 2758 1807 Quando
2800 1759 2928 1813 ergo
2958 1748 3059 1800 erit
3105 1747 3249 1802 aliud
3301 1760 3506 1820 tempus
3554 1769 3709 1823 a-que

2125 1834 2306 1894 aptum
2354 1828 2419 1881 ad
2464 1828 2764 1899 fingendum
2796 1843 2851 1887 et
2894 1835 3225 1893 formandam
3273 1857 3516 1910 uxorem,
3548 1854 3708 1915 atque

2128 1919 2256 2009 illud
2286 1936 2391 1990 quo
2422 1935 2696 1980 reveretur
2726 1930 2976 1984 maritum
3017 1940 3072 1985 et
3116 1934 3290 1989 adhuc
3334 1937 3485 1991 timet
3530 1949 3583 1992 et
3614 1957 3709 2009 pn-

2127 2007 2258 2064 dore
2284 2011 2591 2067 detinetur?
2614 2015 2762 2071 Tunc
2803 2020 2852 2073 ei
2886 2020 3098 2091 impone
3130 2023 3271 2093 leges
3293 2040 3501 2093 omnes,
3532 2037 3585 2082 et
3614 2007 3707 2098 pa-

2128 2101 2287 2167 rebit,
2319 2113 2371 2157 et
2398 2104 2584 2159 lubens
2612 2118 2664 2161 et
2692 2107 2876 2163 invita.
2900 2112 3178 2177 Quomodo
3196 2126 3369 2169 autem
3402 2134 3506 2172 non
3536 2121 3713 2175 solves

2130 2194 2428 2262 pudorem?
2451 2197 2675 2265 Quando
2707 2205 2946 2257 cerneris
2987 2204 3101 2273 ipse
3131 2222 3342 2277 quoque
3386 2225 3492 2264 non
3533 2213 3714 2268 minus

2130 2300 2288 2354 quam
2318 2287 2403 2340 illa
2432 2289 2788 2357 erubescens,
2822 2308 2987 2362 pauca
3018 2295 3231 2364 quidem
3267 2298 3512 2369 loquens,
3543 2319 3715 2373 eaque

2131 2393 2253 2431 cum
2283 2394 2469 2450 magna
2508 2384 2769 2451 gravitate
2800 2395 2853 2440 et
2882 2388 3345 2447 animadversione
3377 2412 3390 2447 :
3423 2404 3545 2450 tunc
3569 2398 3711 2467 apud

2132 2485 2250 2525 eam
2279 2472 2628 2544 philosophia:
2655 2478 2814 2531 verba
2846 2479 3087 2549 depone;
3114 2498 3176 2537 ea
3205 2484 3347 2538 enim
3376 2487 3568 2557 accipit
3600 2489 3715 2543 ani-

2135 2577 2218 2615 ma
2250 2580 2262 2614 :
2291 2562 2358 2617 ad
2399 2566 2812 2634 pulcherrimum
2844 2580 2898 2624 et
2938 2572 3195 2639 optimum
3226 2575 3482 2641 habitum,
3511 2595 3705 2651 nempe

2135 2653 2544 2721 pudorem,eam
2579 2659 2849 2737 redige.Si
2878 2662 3060 2727 vultis,
3088 2666 3246 2719 etiam
3276 2671 3519 2738 exempli
3552 2687 3713 2728 causa

2134 2749 2308 2803 dicam
2329 2765 2571 2820 quamam
2593 2752 2664 2806 illi
2685 2754 2861 2809 dicere
2883 2766 3144 2825 oporteat.
3168 2758 3299 2813 Nam
3324 2761 3366 2814 si
3389 2761 3582 2817 Paulus
3607 2782 3719 2822 non

2136 2841 2404 2894 recusavit
2429 2841 2629 2906 dicere,
2661 2843 2838 2899 Nolite
2880 2847 3121 2912 fraudare
3154 2850 3364 2905 invicem
3394 2852 3483 2922 (1.
3511 2853 3627 2910 Cor.
3660 2858 3714 2913 7.

2138 2931 2215 3001 5),
2238 2942 2289 2985 et
2311 2934 2566 3002 pronuba:
2592 2936 2752 2990 verba
2784 2947 2863 2990 est
2892 2938 3290 3008 loquutus,imo
3306 2958 3434 2998 vero
3462 2962 3566 2999 non
3599 2964 3720 3015 pro-

2140 3024 2314 3090 nubze,
2345 3025 2437 3079 sed
2464 3027 2755 3096 spiritualis
2781 3031 2971 3083 animm
3000 3046 3015 3094 ;
3048 3033 3215 3085 multo
3258 3035 3425 3104 magis
3470 3052 3567 3093 nos
3611 3054 3717 3093 non

2138 3117 2501 3172 rccusabimus
2527 3118 2723 3172 dicere.
2750 3120 2886 3187 Quid
2913 3130 2995 3175 cst
3018 3137 3146 3191 ergo
3167 3125 3213 3177 ei
3241 3123 3560 3182 dicendum?
3584 3130 3726 3184 Cum

2140 3209 2302 3262 multa
2328 3210 2496 3278 gratia
2524 3219 2737 3279 oportet
2759 3214 2806 3266 ei
2834 3212 3015 3268 dicere
3042 3232 3053 3266 :
3082 3214 3209 3280 Nos,
3237 3232 3269 3268 Î¿
3300 3218 3482 3283 filiola,
3518 3230 3568 3275 te
3598 3225 3724 3279 vita:

2139 3304 2339 3355 sociam
2365 3303 2668 3373 accepimus
2687 3345 2701 3367 ,
2730 3313 2784 3359 et
2812 3316 2862 3359 te
2895 3306 3287 3362 introduximus
3318 3311 3383 3364 ad
3411 3313 3725 3370 societatem

2141 3391 2193 3445 in
2221 3392 2287 3446 iis
2313 3409 2430 3462 quze
2458 3406 2582 3448 sunt
2603 3398 3038 3463 prtestantissima
3068 3412 3119 3453 et
3144 3401 3372 3455 maxime
3396 3408 3717 3468 necessaria,

2142 3498 2335 3552 nempe
2359 3500 2411 3538 In
2444 3484 2732 3539 liberorum
2768 3491 3137 3555 procreatione
3162 3532 3176 3556 ,
3205 3502 3259 3547 et
3300 3495 3488 3550 domus
3513 3512 3641 3552 cura
3667 3509 3724 3555 et

2141 3573 2621 3630 administratione.
2651 3576 2787 3644 Quid
2816 3594 2944 3648 ergo
2967 3589 3016 3632 te
3045 3584 3331 3650 rogamus?
3358 3585 3468 3639 lmo
3491 3602 3614 3643 vere
3634 3604 3725 3642 an-

2143 3672 2225 3718 tea
2252 3666 2472 3733 loquere
2490 3681 2608 3735 quae
2638 3668 2904 3735 pertinent
2929 3670 2994 3723 ad
3017 3670 3354 3729 dilectionem
3386 3695 3398 3730 :
3429 3678 3560 3731 nihil
3580 3680 3727 3734 enim

2142 3772 2293 3825 mque
2321 3756 2526 3809 confert
2552 3757 2615 3810 ad
2646 3760 3074 3828 persuadendum
3102 3764 3328 3819 auditori
3356 3775 3410 3821 ut
3437 3780 3651 3837 accepta
3673 3772 3729 3826 ei

2141 3851 2246 3903 sint
2287 3864 2406 3918 qum
2452 3850 2716 3917 dicuntur,
2757 3862 2916 3921 atque
2945 3855 3082 3908 scire
3110 3856 3249 3924 quod
3293 3874 3353 3913 ea
3385 3859 3629 3917 dicantur
3657 3879 3724 3918 ex

2144 3941 2307 3995 multa
2364 3941 2646 3997 dilectione
2709 3952 2763 3997 et
2819 3944 3209 4001 benevole:.tia.
3268 3949 3546 4016 Quomodo
3596 3969 3728 4025 ergo

2142 4033 2394 4088 ostendes
2418 4032 2757 4091 dilectionem
2780 4036 2802 4090 ?
2828 4037 2882 4091 Si
2911 4038 3128 4103 dixeris,
3160 4038 3289 4097 Cum
3321 4044 3514 4099 multas
3540 4046 3726 4101 liceret

2143 4127 2389 4196 accipere
2417 4137 2473 4182 et
2506 4127 2727 4183 ditiores
2756 4137 2809 4183 et
2834 4144 2900 4185 ex
2930 4130 3121 4186 illustri
3169 4148 3366 4203 genere
3409 4146 3559 4191 natas
3578 4179 3592 4202 ,
3619 4155 3725 4193 non

2142 4232 2234 4271 eas
2259 4217 2416 4287 elegi,
2445 4217 2539 4272 sed
2557 4220 2732 4272 amavi
2753 4228 2893 4272 tuam
2924 4221 3046 4275 vitm
3070 4222 3287 4291 agenda:
3310 4226 3591 4292 rationem,
3626 4228 3723 4282 ho-

2144 4316 2403 4363 nestatem
2427 4349 2443 4373 ,
2477 4308 2820 4371 modestiam,
2858 4312 3282 4379 temperantiam.
3317 4314 3516 4370 Deinde
3545 4321 3730 4373 statim

2142 4399 2211 4451 ab
2242 4398 2324 4454 his
2356 4414 2483 4467 para
2510 4400 2647 4453 viam
2672 4400 2736 4453 ad
2766 4399 3048 4455 dicendum
3080 4402 3146 4455 de
3172 4403 3527 4472 philosmihia,
3556 4418 3610 4464 et
3636 4426 3725 4465 re-

2144 4490 2415 4558 prehende
2435 4490 2645 4545 divitias
2671 4505 2790 4545 cum
2817 4492 3049 4560 quadam
3065 4494 3286 4563 ambage
3314 4505 3367 4549 et
3390 4498 3723 4555 circuitione.

2145 4582 2274 4635 Nam
2306 4583 2347 4635 si
2372 4582 2667 4635 orationem
2698 4583 2869 4635 solum
2897 4584 3152 4637 extendas
3180 4584 3231 4638 in
3260 4587 3627 4656 vituperandis
3648 4592 3707 4645 di-

2145 4674 2320 4738 vitiis,
2353 4674 2458 4727 eris
2491 4674 2668 4743 gravis
2708 4685 2763 4741 et
2811 4674 3142 4743 importunus
3176 4695 3189 4730 :
3221 4677 3301 4731 sin
3334 4689 3543 4749 arrepta
3569 4696 3725 4736 occa-

2146 4766 2333 4823 sione.
2366 4764 2543 4818 omnia
2594 4763 3065 4819 efficies:videris
3106 4767 3248 4821 enim
3304 4768 3356 4824 id
3406 4769 3582 4826 facere
3632 4788 3737 4841 pro

2145 4857 2456 4913 defensione
2502 4866 2559 4911 et
2601 4858 2981 4925 excusatione,
3015 4874 3120 4912 non
3169 4869 3437 4931 tamquam
3485 4875 3733 4919 austeros

2146 4951 2428 5022 quispiam,
2458 4950 2882 5021 injucundusque
2924 4961 2978 5005 ct
3019 4951 3291 5007 illiberalis
3334 4963 3390 5010 et
3438 4958 3731 5025 sordidus;

2147 5044 2242 5099 sed
2271 5043 2483 5113 quando
2510 5058 2577 5097 ex
2607 5042 2671 5096 iis
2696 5058 2814 5112 qua
2842 5051 2967 5097 sunt
2991 5044 3125 5114 ejus,
3168 5050 3459 5115 sumpseris
3488 5049 3730 5103 occasio-

2149 5151 2310 5197 nem,
2342 5136 2501 5188 etiam
2542 5133 2811 5204 gaudebit.
2843 5135 2996 5189 Dices
3039 5151 3167 5206 ergo
3195 5138 3542 5210 (necessario
3585 5139 3733 5194 enim

2148 5243 2334 5282 rursus
2362 5225 2650 5295 repetenda
2680 5236 2764 5281 est
2790 5226 3035 5298 oratio):
3059 5229 3192 5283 Cum
3216 5229 3400 5283 liceret
3428 5230 3621 5285 dueere
3648 5233 3731 5287 di-

2148 5320 2309 5372 vitem
2351 5326 2405 5371 et
2443 5317 2779 5387 locupletem,
2812 5333 2919 5372 non
2948 5318 3129 5374 induxi
3161 5318 3213 5374 in
3243 5320 3499 5374 animum.
3529 5321 3729 5390 Quam-

2148 5410 2368 5464 obrem?
2414 5408 2529 5463 Non
2580 5419 2781 5465 temere
2833 5426 2933 5467 nec
2975 5411 3401 5477 inconsiderate;
3443 5414 3537 5469 sed
3584 5427 3735 5470 recte

2148 5502 2437 5557 didiceram
2465 5501 2676 5557 divitias
2698 5502 2893 5556 nullam
2916 5518 3034 5558 esse
3058 5502 3471 5573 po.~sessionem,
3494 5505 3589 5561 sed
3615 5522 3734 5560 rem

2148 5594 2613 5659 contemnendam,
2644 5605 2697 5649 et
2739 5609 2857 5664 quae
2881 5596 3035 5649 adest
3067 5606 3120 5649 et
3150 5596 3442 5654 latronibus
3474 5607 3530 5655 et
3554 5616 3732 5655 mere-

2150 5688 2371 5743 tricibus
2399 5698 2455 5743 et
2482 5688 2847 5758 sepulcrorum
2877 5687 3241 5742 ell'ossoribus.

2220 5781 2407 5837 Puella
2448 5799 2679 5853 quamam
2724 5781 2915 5853 Optima
2956 5780 3188 5835 habenda
3224 5791 3318 5837 est.
3348 5814 3359 5822 -
3388 5814 3401 5823 Î½Î¿
3444 5783 3734 5856 Propterea
