4100 6412
369 344 467 399 H7

370 458 454 514 his
480 455 656 515 missis
677 456 799 514 veni
829 455 896 514 ad
926 466 1033 513 tua:
1072 459 1267 514 animae
1296 460 1570 523 virtutem,
1599 471 1758 527 quam
1782 454 1951 509 cuivis

368 564 501 604 auro
526 549 775 620 praefero.
804 549 1029 620 Sapiens
1054 550 1197 605 enim
1226 559 1281 605 et
1307 549 1531 618 ingenua
1559 547 1756 618 puella,
1787 546 1954 613 pieta-

372 646 441 701 tis
470 660 653 700 curam
680 661 892 716 gerens,
923 644 1017 699 toti
1054 645 1168 698 orbi
1210 654 1366 699 teme
1408 643 1581 712 pretio
1601 648 1689 695 est
1716 638 1953 707 aequipa-

372 739 560 794 randa.
589 738 877 808 Propterea
906 748 960 792 et
987 748 1037 793 te
1065 752 1181 791 sum
1210 736 1487 805 amplexus
1526 742 1580 789 et
1608 743 1661 788 te
1688 732 1872 800 diligo,
1901 738 1957 783 et

373 848 509 887 mere
550 832 711 887 etiam
740 832 931 885 animae
972 832 1216 900 pra-fero.
1239 829 1379 884 Nihil
1405 836 1488 883 est
1511 826 1653 882 enim
1681 827 1784 878 vita
1816 836 1956 893 prte-

376 936 523 988 sens,
553 938 756 992 oroque
786 931 841 977 et
877 922 1060 975 hortor
1086 930 1139 975 et
1167 923 1345 974 omnia
1378 919 1535 985 facio,
1570 926 1627 970 ut
1653 930 1751 969 nos
1780 914 1851 967 ita
1878 912 1961 966 di-

375 1014 465 1083 gni
494 1013 792 1068 habeamur
820 1014 909 1083 qui
944 1021 1259 1081 prtesentem
1303 1024 1522 1080 agamus
1551 1007 1733 1071 vitam,
1768 1013 1825 1059 ut
1853 1004 1962 1057 illic

378 1108 539 1161 etiam
569 1108 833 1176 possimus
864 1106 916 1159 in
948 1104 1123 1158 futuro
1148 1104 1345 1173 saeculo
1371 1116 1491 1157 cum
1524 1113 1711 1169 magna
1756 1093 1961 1151 securi-

379 1208 490 1255 tate
515 1198 672 1253 simul
704 1197 929 1252 versari.
960 1196 1090 1251 Nam
1134 1209 1369 1266 ρτιυεθιιε
1395 1192 1609 1263 quidem
1646 1201 1855 1257 tempus
1882 1196 1966 1240 est

380 1292 563 1357 breve,
595 1290 853 1345 caducum
873 1299 927 1344 et
962 1288 1145 1359 fragile
1173 1306 1185 1342 :
1219 1288 1300 1342 sin
1330 1294 1506 1341 autem
1537 1283 1682 1353 digni
1711 1280 1965 1334 fuerimus

384 1381 546 1435 habiti
571 1390 623 1434 ut
653 1381 759 1435 Deo
781 1388 1052 1448 acceptam
1077 1380 1235 1433 vitam
1261 1379 1345 1432 hic
1368 1376 1740 1444 transigamus,
1756 1384 1969 1437 semper

383 1473 585 1526 erimus
634 1482 688 1527 et
728 1487 848 1526 cum
876 1471 1089 1526 Christo
1134 1480 1186 1525 et
1226 1485 1349 1524 cum
1380 1466 1533 1521 nobis
1581 1464 1803 1519 invicem
1846 1474 1968 1515 cum

386 1562 576 1631 majori
601 1563 889 1631 voluptate.
908 1561 1017 1630 Ego
1037 1561 1374 1615 dilectionem
1396 1568 1539 1611 tuam
1558 1554 1780 1625 prmlero
1801 1550 1973 1604 omni-

387 1656 523 1721 bus;
554 1670 725 1724 neque
746 1664 828 1709 est
850 1654 1137 1722 quidquam
1167 1652 1295 1706 mihi
1325 1666 1475 1721 mque
1506 1649 1787 1703 molestum
1814 1657 1971 1713 quam

390 1763 422 1801 a
465 1757 515 1801 te
554 1762 803 1815 umquam
835 1745 1097 1799 dissidere
1131 1761 1145 1798 :
1174 1742 1381 1798 etiamsi
1413 1756 1499 1796 me
1527 1746 1773 1809 oporteat
1795 1734 1974 1789 omnia

390 1840 637 1894 amittere
656 1881 670 1901 ,
700 1839 909 1894 etiamsi
939 1837 1023 1891 Iro
1053 1852 1175 1891 esse
1215 1835 1591 1906 pauperiorem
1613 1874 1627 1897 ,
1656 1841 1703 1884 et
1736 1838 1976 1883 extrema

391 1929 574 1984 subire
617 1931 870 1999 pericula,
900 1939 953 1983 et
982 1928 1190 1997 quidvis
1219 1927 1359 1996 pati,
1394 1924 1523 1979 mihi
1551 1930 1675 1978 sunt
1697 1922 1874 1975 omnia
1904 1918 1979 1972 fe-

393 2020 557 2076 renda
583 2030 639 2075 et
669 2020 965 2084 toleranda,
998 2018 1170 2073 dolnee
1200 2030 1252 2072 tu
1286 2020 1337 2072 in
1369 2032 1455 2072 me
1500 2017 1636 2071 bene
1665 2013 1828 2068 fueris
1852 2011 1981 2065 aﬂ‘e-

394 2123 598 2177 cta;et
644 2112 773 2167 mihi
819 2123 944 2165 tunc
998 2112 1260 2181 optabiles
1303 2118 1461 2166 erunt
1507 2109 1659 2163 liberi
1687 2103 1899 2176 quando
1927 2113 1981 2157 tu

397 2205 656 2260 benevole
684 2205 732 2257 in
760 2220 845 2258 me
864 2204 1047 2257 alfecta
1072 2202 1256 2258 fueris.
1276 2201 1550 2272 Oportebit
1575 2209 1752 2253 autem
1775 2206 1827 2252 te
1846 2210 1983 2266 quo-

399 2311 504 2364 que
532 2296 632 2348 hoc
672 2293 865 2349 fact-re.
899 2294 1097 2349 Deinde
1124 2293 1358 2347 admisce
1386 2292 1546 2347 etiam
1574 2290 1735 2344 verba
1766 2298 1984 2355 aposm-

400 2387 526 2453 lica,
556 2386 695 2457 quod
725 2386 867 2440 Deus
906 2386 982 2440 sic
1017 2386 1132 2439 vult
1176 2400 1297 2439 esse
1326 2384 1667 2453 conjunctam
1716 2382 1858 2435 inter
1888 2394 1984 2433 nos

404 2478 849 2532 benevolentiam.
904 2478 1040 2531 Audi
1093 2478 1235 2532 enim
1301 2476 1626 2544 Scripturam
1672 2473 1984 2527 dicentem:

408 2567 630 2638 Propter
659 2569 753 2623 hoc
777 2569 1023 2637 relinquet
1053 2568 1202 2622 homo
1228 2577 1422 2637 patrem
1449 2576 1497 2619 et
1525 2575 1734 2618 matrem
1759 2605 1773 2629 ,
1801 2572 1848 2617 et
1894 2562 1988 2615 ad-

408 2659 613 2713 qurebit
646 2660 792 2713 uxori
819 2675 927 2712 ante
956 2659 974 2729 (
1001 2658 1186 2729 Ephes.
1212 2659 1266 2712 5.
1308 2658 1370 2712 51
1404 2657 1444 2725 ).
1472 2655 1623 2709 Nulla
1650 2655 1720 2708 sit
1746 2653 1898 2707 nobis
1917 2652 1990 2706 si-

412 2750 647 2803 multatis
675 2750 885 2804 occasio
912 2768 924 2802 :
959 2750 1165 2803 valetnt
1196 2748 1455 2817 pecuniae,
1486 2760 1539 2801 et
1568 2744 1850 2799 multitudo
1877 2758 1992 2798 ser-

411 2858 598 2897 vorum
624 2884 638 2905 ,
686 2852 739 2896 et
782 2843 1013 2895 honores
1059 2842 1269 2896 externi
1298 2858 1311 2894 :
1347 2840 1446 2893 hoc
1476 2840 1602 2891 mihi
1634 2846 1718 2893 est
1745 2837 1992 2891 omnibus

415 2931 829 3003 pra'l‘ereudum.
854 2934 971 2999 Quo
1011 2948 1114 2985 non
1150 2947 1300 2997 auro,
1338 2931 1529 2998 quibus
1575 2945 1678 2982 non
1731 2927 1994 2981 thesauris

415 3035 575 3079 erunt
621 3025 733 3078 haec
770 3025 930 3079 verba
974 3026 1124 3078 uxori
1173 3025 1338 3093 magis
1382 3022 1794 3078 desiderabilia?
1824 3020 1901 3075 Ne
1931 3020 1996 3075 ti-

416 3134 583 3183 meas,
610 3134 676 3171 ne
722 3118 933 3188 quando
961 3116 1153 3172 dilecta
1189 3116 1444 3170 adversus
1470 3125 1521 3169 te
1551 3113 1836 3168 insolescat
1857 3153 1871 3174 ,
1900 3111 1995 3167 sed

416 3210 672 3265 confitere
724 3220 775 3263 te
817 3226 934 3264 eam
987 3210 1226 3278 diligere.
1254 3206 1389 3261 Nam
1424 3206 1737 3262 meretrices
1780 3204 1994 3274 quidem

417 3317 537 3371 qua:
584 3318 724 3355 nune
766 3317 887 3355 cum
939 3301 1059 3365 hoc,
1085 3314 1225 3353 nunc
1274 3314 1394 3353 cum
1444 3297 1536 3352 illo
1580 3298 1997 3366 conjunguutur,

418 3392 611 3446 merito
641 3392 962 3446 extollantur
990 3391 1247 3445 adversus
1287 3398 1555 3443 amatores
1578 3429 1594 3454 ,
1627 3388 1839 3458 quando
1885 3386 2001 3441 haec

421 3484 583 3538 verba
627 3483 890 3538 audierint
921 3502 934 3537 :
965 3483 1156 3537 mulier
1181 3491 1357 3536 autem
1384 3480 1552 3536 libera
1577 3489 1633 3534 et
1661 3480 1831 3549 puella
1855 3480 1997 3548 inge-

420 3591 526 3629 nua
552 3575 634 3628 his
662 3574 839 3629 verbis
872 3589 1157 3644 numquam
1187 3574 1491 3636 extolletur,
1522 3572 1616 3627 sed
1644 3572 1812 3626 multo
1837 3571 2004 3641 magis

422 3669 506 3723 his
538 3668 855 3722 inllectetur.
889 3667 1125 3723 Ostende
1170 3676 1221 3721 te
1271 3666 1448 3737 magni
1497 3664 1674 3719 facere
1718 3679 1841 3718 cum
1891 3664 2003 3732 ipsa

422 3762 888 3826 consuetudinem,
920 3770 976 3816 et
998 3761 1154 3815 malle
1182 3769 1235 3815 te
1263 3759 1408 3815 domi
1434 3773 1553 3813 esse
1595 3767 1814 3826 propter
1836 3757 2004 3824 ipsam

424 3868 583 3922 quam
629 3853 678 3906 in
725 3851 871 3910 foro:
903 3862 956 3906 et
999 3868 1115 3905 eam
1150 3866 1398 3920 prtepone
1444 3849 1694 3904 omnibus
1732 3848 1919 3902 amicis
1954 3856 2008 3901 et

428 3944 629 4009 liberis,
661 3958 795 4013 quos
815 3959 880 3997 ex
898 3958 957 3997 ea
982 3942 1258 4010 suscepisti
1285 3959 1300 4006 ;
1332 3951 1386 3996 et
1407 3940 1504 4009 ipsi
1528 3955 1739 4009 quoque
1758 3954 1785 3990 a
1815 3949 1865 3992 te
1888 3953 2009 4007 pro-

426 4045 545 4105 pter
567 4035 732 4102 ipsam
750 4034 1053 4102 diligantur.
1069 4032 1124 4088 Si
1159 4034 1281 4086 boni
1303 4032 1424 4102 quid
1445 4031 1647 4093 fecerit,
1669 4028 1817 4083 lauda
1840 4038 1893 4083 et
1915 4027 2013 4081 ad-

430 4127 659 4191 mirare;
688 4126 732 4180 si
759 4126 881 4195 quid
908 4126 1178 4195 contingat
1201 4121 1439 4187 absurdi,
1465 4131 1521 4175 et
1542 4119 1684 4190 quod
1711 4119 1896 4189 puellis
1920 4132 2010 4172 ac-

429 4220 612 4274 cidere
635 4220 823 4283 soleat,
844 4218 1007 4273 suade
1033 4230 1086 4272 et
1112 4217 1359 4271 admone.
1379 4214 1536 4269 Omni
1563 4229 1628 4267 ex
1650 4219 1800 4281 parte
1818 4226 2009 4265 accusa

434 4312 686 4382 pecunias
720 4320 775 4367 et
797 4320 1039 4380 sumptus
1081 4309 1411 4379 magnificos,
1442 4316 1498 4361 et
1522 4306 1657 4361 doce
1694 4321 1811 4360 eam
1848 4320 2011 4359 orna.

434 4415 673 4458 mentum
696 4402 839 4474 quod
868 4402 1069 4472 paritur
1092 4416 1156 4455 ex
1185 4400 1379 4455 decore
1404 4406 1459 4452 et
1488 4396 1766 4459 modestia,
1798 4404 1851 4450 et
1872 4395 2013 4465 quod

432 4513 498 4551 ex
525 4498 805 4551 honestate
835 4511 849 4547 :
884 4505 939 4550 et
963 4493 1175 4549 assidue
1203 4493 1337 4547 doce
1367 4506 1429 4546 ea
1456 4505 1575 4559 qua:
1605 4489 1903 4542 conferunt.

505 4589 557 4644 9.
605 4588 745 4643 Uxor
773 4589 1021 4657 quomodo
1051 4586 1348 4640 erudienda.
1379 4612 1447 4624 —
1472 4583 1591 4639 Sint
1639 4597 1825 4651 preces
1864 4582 2014 4635 vobis

432 4693 782 4742 communes;
821 4679 1182 4748 unusquisque
1224 4684 1313 4730 eat
1352 4675 1419 4753 ad
1469 4674 1750 4729 ecclesiam
1782 4690 1796 4727 :
1841 4682 1892 4727 et
1920 4687 2015 4726 e0-

436 4787 553 4825 rnm
581 4785 699 4840 quae
730 4768 837 4823 illic
862 4769 1111 4822 dicuntur
1130 4778 1184 4822 et
1211 4768 1476 4835 leguntur,
1508 4766 1728 4819 maritus
1755 4766 1822 4817 ab
1852 4778 2017 4818 uxore

437 4869 640 4930 partem
662 4858 806 4912 domi
831 4859 1008 4928 exigat
1026 4867 1079 4912 et
1100 4858 1187 4911 illa
1204 4872 1235 4911 a
1252 4856 1462 4911 marito.
1486 4855 1540 4911 Si
1573 4856 1765 4924 premit
1792 4870 2019 4923 pauper-

440 4965 552 5019 tas,
579 4952 781 5022 produc
822 4952 874 5004 in
907 4950 1139 5005 medium
1168 4957 1383 5003 sanctos
1412 4947 1554 5001 viros
1586 4946 1805 5001 Paulum
1836 4955 1890 5001 et
1916 4947 2016 5001 Pe-

440 5054 599 5107 trum,
619 5043 707 5112 qui
737 5042 789 5095 in
821 5041 1006 5111 majori
1025 5038 1642 5094 fueruntexistimatione
1657 5053 1814 5105 quam
1831 5053 2019 5092 onmes

438 5150 592 5205 reges
618 5144 672 5188 et
694 5134 885 5188 divites
907 5173 924 5199 ,
947 5140 1002 5187 et
1025 5130 1292 5202 quomodo
1320 5131 1477 5185 vitam
1517 5140 1741 5199 egerunt
1786 5131 1838 5182 in
1878 5127 2020 5183 fame

439 5240 494 5284 et
522 5229 611 5284 siti
648 5247 660 5283 :
693 5228 842 5283 crudi
873 5242 990 5282 eam
1016 5227 1146 5280 nihil
1179 5226 1231 5280 in
1258 5226 1363 5280 vita
1390 5240 1509 5281 esse
1532 5224 1768 5279 terribile
1794 5231 2018 5292 pneter-

441 5336 600 5389 quam
655 5321 821 5375 Deum
866 5317 1156 5373 offendere.
1190 5317 1391 5387 Siquis
1420 5318 1499 5370 sic
1532 5326 1586 5370 et
1636 5325 1853 5385 prepter
1905 5314 2020 5369 haec

440 5427 661 5468 uxorem
684 5412 925 5476 duxerit,
945 5409 1222 5465 monachis
1251 5425 1358 5463 non
1379 5409 1483 5463 erit
1510 5406 1663 5460 valde
1689 5407 1893 5472 minor,
1922 5419 2023 5460 nec

440 5505 486 5561 is
512 5506 603 5577 qui
637 5521 856 5560 uxorem
886 5505 1057 5570 duxit,
1086 5505 1151 5557 iis
1180 5503 1269 5572 qui
1300 5516 1406 5556 non
1454 5501 1737 5554 duxerunt.
1767 5497 1822 5553 Si
1859 5497 2023 5552 etiam

443 5598 616 5653 facere
640 5597 883 5667 prandia,
909 5605 964 5653 et
992 5596 1232 5652 convivia
1253 5594 1525 5649 celebrare
1541 5591 1693 5655 velis,
1717 5590 1918 5667 nullum
1938 5590 2021 5643 in-

441 5689 743 5756 honestum,
759 5690 1027 5745 neminem
1050 5688 1380 5751 indecorum,
1398 5685 1491 5740 sed
1503 5685 1548 5739 si
1569 5666 1813 5739 sanctum
1837 5698 2023 5752 quem-

442 5783 584 5852 piam
628 5780 914 5849 inveneris,
943 5781 1031 5853 qui
1058 5780 1226 5851 possit
1253 5777 1435 5834 domui
1461 5787 1650 5834 vestra:
1681 5775 2018 5845 benedicere,

1122 337 1182 397 S.
1220 337 1496 397 JOANNIS
1519 337 1987 397 CIIRYSOSTOMI
2029 334 2342 394 ARCIIIEI‘.
2380 333 2908 391 CONSTANTINOP.

3535 333 3636 388 148

2061 462 2115 508 et
2147 453 2338 521 pedum
2364 454 2605 523 ingressu
2622 452 2796 507 valeat
2820 452 3118 506 universam
3142 449 3340 505 inferre
3361 445 3454 505 Dei
3476 448 3639 503 bene-

2058 544 2368 607 dictionem,
2395 560 2517 599 eum
2542 559 2697 598 voca.
2726 544 2905 599 Dicam
2936 544 3095 620 etiam
3141 540 3286 596 aliud
3318 558 3331 594 :
3362 555 3521 596 nemo
3544 556 3639 593 ve-

2060 646 2228 690 strum
2271 635 2483 690 studeat
2526 650 2747 690 uxorem
2791 634 2989 688 ducere
3028 633 3297 696 ditiorem,
3329 631 3424 686 sed
3465 632 3641 701 potius

2063 730 2455 798 pauperiorem.
2485 727 2599 781 Non
2626 727 2768 781 enim
2798 725 3128 795 ingredietur
3152 724 3381 779 all‘erens
3411 739 3475 779 ex
3503 723 3641 778 divi-

2063 820 2148 873 tiis
2177 828 2374 872 tantam
2400 818 2736 873 occasionem
2779 816 3084 887 voluptatis,
3116 826 3370 887 quantam
3399 816 3642 870 introdu-

2063 922 2149 967 cet
2176 912 2472 967 molestiam
2512 926 2578 967 ex
2618 910 2860 980 probris,
2889 926 2954 964 ex
2984 926 3049 964 eo
3092 909 3234 980 quod
3278 910 3425 978 plura
3469 908 3646 976 exigat

2065 1018 2223 1073 quam
2252 1003 2506 1068 intulerit,
2535 1018 2602 1057 ex
2627 1002 2984 1065 contumeliis,
3017 1017 3087 1057 ex
3118 1003 3322 1071 magnis
3348 1000 3649 1069 sumptibus

2066 1106 2121 1149 et
2163 1094 2438 1164 impensis,
2481 1108 2549 1148 ex
2578 1093 2755 1148 verbis
2786 1093 3024 1147 molestis
3051 1103 3103 1148 et
3146 1094 3460 1163 importunis
3514 1091 3647 1146 For-

2071 1194 2213 1238 tasse
2250 1184 2392 1237 enim
2437 1183 2578 1238 dicet
2607 1202 2622 1239 :
2651 1183 2790 1237 Nihil
2837 1183 3012 1238 adhuc
3053 1184 3359 1253 consumpsi
3395 1199 3462 1238 ex
3501 1185 3605 1238 tuis
3629 1223 3646 1247 ,

2070 1275 2204 1329 meis
2220 1274 2393 1328 adhuc
2424 1274 2636 1340 induor,
2665 1290 2730 1329 ex
2763 1276 2826 1329 iis
2850 1291 2972 1345 quae
3002 1276 3129 1330 mihi
3160 1275 3426 1329 donarunt
3452 1290 3649 1346 paren-

2074 1374 2173 1421 tes.
2214 1366 2353 1432 Quid
2397 1367 2551 1429 dicis,
2584 1381 2617 1421 ο
2644 1368 2870 1422 mulier?
2898 1369 3001 1422 tuis
3041 1383 3100 1423 es
3144 1368 3319 1423 adhuc
3348 1368 3571 1423 induta?
3596 1379 3653 1425 et

2075 1460 2198 1528 quid
2238 1459 2340 1513 hoc
2377 1461 2539 1515 verbo
2566 1459 2724 1515 fuerit
2773 1461 3061 1516 miserius?
3091 1476 3287 1531 corpus
3333 1477 3437 1516 non
3489 1462 3655 1518 habes

2078 1552 2370 1620 proprium,
2401 1562 2455 1605 et
2477 1554 2725 1621 pecunias
2753 1553 2916 1607 habes
2946 1555 3227 1623 proprias?
3251 1554 3364 1609 Non
3386 1558 3516 1610 estis
3543 1570 3657 1609 am-

2078 1643 2219 1712 plius
2244 1642 2361 1697 dua:
2401 1660 2591 1699 carnes
2636 1655 2754 1715 post
2798 1647 3224 1713 matrimonium,
3253 1648 3345 1704 sed
3376 1648 3500 1701 facti
3529 1647 3659 1703 estis

2081 1735 2132 1788 in
2162 1749 2354 1799 unam;
2382 1746 2437 1790 et
2480 1735 2602 1790 dum
2642 1746 2767 1791 sunt
2806 1735 3106 1803 facultates,
3135 1753 3239 1791 non
3287 1754 3409 1792 una.
3438 1738 3483 1793 Ο
3510 1753 3661 1793 amor

2082 1829 2356 1898 pecuniae!
2391 1844 2530 1884 unus
2555 1830 2734 1892 homo,
2756 1846 2919 1884 unum
2949 1832 3107 1886 ambo
3134 1830 3253 1884 facti
3285 1832 3413 1885 estis
3440 1832 3659 1898 animal,

2084 1929 2139 1975 et
2187 1920 2361 1974 adhuc
2404 1919 2538 1975 dicis
2586 1922 2742 1975 mea?
2774 1922 3169 1977 Exsecrandum
3200 1921 3303 1977 hoc
3341 1923 3562 1976 verbum
3611 1931 3665 1976 et

2084 2012 2401 2066 sceleratum
2429 2027 2457 2066 a
2488 2012 2700 2067 diabolo
2729 2022 2812 2067 est
2838 2015 3125 2068 invectum.
3144 2015 3284 2068 Deus
3309 2015 3486 2068 omnia
3514 2014 3663 2069 nobis

2086 2102 2214 2159 fecit
2253 2106 2580 2169 communia,
2610 2122 2729 2174 qua:
2761 2115 2885 2160 sunt
2916 2106 2997 2159 his
3026 2107 3199 2176 magis
3242 2107 3541 2161 necessaria
3566 2148 3581 2173 ,
3613 2114 3667 2161 et

2090 2197 2202 2251 haec
2230 2215 2333 2251 non
2361 2208 2487 2252 sunt
2514 2198 2820 2253 communia
2843 2200 2866 2252 ?
2893 2198 3007 2253 Non
3036 2199 3162 2254 licet
3203 2199 3401 2263 dicere,
3433 2199 3543 2254 Lux
3585 2208 3671 2254 est

2090 2308 2228 2358 mea,
2258 2290 2349 2347 Sol
2392 2303 2470 2346 est
2519 2306 2689 2356 meus,
2734 2294 2883 2363 Aqua
2928 2308 3043 2347 mea
3075 2310 3087 2345 :
3119 2308 3238 2362 qum
3276 2301 3400 2347 sunt
3446 2292 3666 2361 majora,

2090 2387 2268 2439 omnia
2318 2385 2470 2440 nobis
2513 2394 2637 2439 sunt
2665 2386 2966 2440 communia
2992 2427 3005 2447 ,
3044 2387 3279 2453 pecuniae
3333 2397 3510 2440 autem
3564 2400 3669 2439 non

2090 2486 2249 2532 erunt
2277 2478 2634 2533 communes?
2665 2478 2888 2531 Pereaut
2919 2476 3112 2531 millies
3132 2477 3390 2547 pecuniae,
3414 2477 3519 2530 imo
3545 2492 3672 2531 vero

2092 2584 2198 2623 non
2227 2569 2498 2637 peeunim,
2530 2567 2623 2622 sed
2672 2570 2832 2622 animi
2876 2569 3139 2633 instituta,
3162 2584 3281 2638 qua:
3312 2568 3554 2622 nesciunt
3596 2566 3671 2621 ιιιί

2095 2660 2355 2730 pecuniis,
2384 2658 2478 2713 sed
2506 2674 2598 2713 eas
2636 2660 2885 2715 omnibus
2932 2659 3242 2729 praeferunt.
3273 2659 3340 2713 Et
3385 2660 3500 2713 haec
3542 2658 3676 2715 doce

2095 2767 2216 2806 cum
2248 2751 2387 2815 aliis,
2420 2751 2513 2806 sed
2541 2766 2661 2806 cum
2693 2751 2859 2806 multa
2886 2751 3078 2822 gratia.
3111 2750 3242 2805 Nam
3286 2751 3536 2820 anniam
3564 2752 3677 2820 ipsa

2097 2857 2195 2911 per
2219 2857 2280 2896 se
2308 2842 2372 2895 ad
2401 2842 2647 2895 virtutem
2670 2843 2973 2897 exhortatio
2992 2842 3215 2897 multum
3240 2841 3397 2897 habet
3426 2842 3675 2899 tristitia).

2099 2934 2332 2988 maxime
2348 2932 2485 3002 apud
2505 2933 2731 3002 puellam
2753 2945 2989 2989 teneram
3012 2944 3062 2989 et
3081 2934 3416 3003 juvenculam
3435 2953 3449 3001 ;
3467 2934 3679 3005 quando

2099 3027 2259 3082 verba
2288 3026 2415 3081 ﬁent
2438 3026 2506 3081 de
2528 3026 2882 3096 phiIoSOphia,
2909 3028 3128 3083 multam
3152 3028 3393 3098 excogita
3421 3027 3676 3098 gratiam;

2100 3129 2157 3174 et
2185 3120 2287 3175 hoc
2316 3120 2548 3172 maxime
2572 3133 2635 3173 ex
2660 3118 2802 3174 illius
2823 3119 2997 3173 anima
3024 3118 3319 3174 extermina
3350 3129 3404 3173 et
3432 3118 3680 3185 amanda,

2104 3228 2280 3267 meum
2309 3222 2363 3267 et
2387 3222 2557 3267 tuum.
2584 3211 2638 3267 Si
2669 3212 2902 3277 dixerit,
2932 3212 3045 3267 Mea
3070 3252 3086 3277 ,
3113 3211 3199 3267 dic
3224 3229 3239 3265 :
3266 3212 3519 3279 Qumnam
3549 3211 3685 3267 dicis

2106 3306 2232 3358 tua?
2261 3306 2440 3358 nescio
2469 3304 2633 3369 enim,
2665 3318 2786 3358 cum
2816 3318 2915 3374 ego
2943 3302 3072 3357 nihil
3104 3303 3326 3357 habeam
3358 3304 3630 3374 proprium
3661 3317 3677 3356 :

2105 3394 2376 3463 quomodo
2403 3408 2532 3464 ergo
2557 3393 2715 3460 dicis,
2732 3393 2866 3458 Mea,
2900 3408 3023 3447 cum
3049 3394 3229 3446 omnia
3260 3394 3366 3447 sint
3396 3403 3484 3447 tua
3504 3394 3528 3447 ?
3547 3392 3686 3448 Con-

2106 3487 2244 3541 dona
2275 3487 2324 3541 ei
2354 3485 2453 3541 hoc
2479 3485 2722 3540 verbum.
2752 3484 2867 3539 Non
2899 3486 3073 3551 vides,
3101 3485 3240 3556 quod
3264 3487 3315 3539 in
3348 3487 3525 3556 parvis
3552 3502 3685 3556 pue-

2108 3579 2184 3633 ris
2227 3579 2328 3632 hoc
2377 3576 2879 3646 facimus?quando
2927 3576 3081 3631 nobis
3127 3578 3434 3632 tenentibus
3488 3577 3685 3647 aliquid

2111 3685 2242 3739 puer
2271 3669 2507 3738 rapuerit
2530 3709 2546 3735 ,
2573 3677 2628 3723 et
2653 3668 2767 3722 vult
2796 3669 2995 3739 aliquid
3021 3669 3161 3724 aliud
3190 3670 3429 3740 accipere
3451 3710 3465 3735 ,
3496 3685 3687 3725 conce-

2109 3760 2287 3815 dimus
2307 3771 2360 3815 et
2385 3760 2613 3814 dicimus
2646 3776 2659 3812 :
2688 3760 2849 3814 Certe
2880 3769 3023 3815 tuum
3053 3770 3138 3814 est
3166 3761 3268 3815 hoc
3314 3770 3369 3815 et
3396 3760 3546 3815 illud.
3578 3760 3688 3816 Hoc

2111 3851 2272 3904 etiam
2300 3849 2556 3905 faciamus
2582 3850 2633 3904 in
2664 3850 2888 3904 muliere
2919 3867 2931 3903 :
2966 3859 3049 3905 est
3078 3852 3218 3904 enim
3250 3866 3403 3904 mens
3431 3852 3547 3919 ejus
3576 3866 3690 3906 ma-

2112 3943 2193 4012 gis
2224 3942 2441 4011 puerilis
2470 3956 2483 3993 :
2517 3951 2571 3996 et
2595 3942 2642 3996 si
2674 3941 2846 4007 dicat,
2877 3941 3020 4008 Mea,
3057 3942 3142 3995 dic
3167 3984 3181 4008 ,
3210 3940 3399 3997 Omnia
3425 3953 3551 3997 sunt
3578 3953 3687 4011 tua,

2112 4044 2168 4089 et
2208 4049 2309 4105 ego
2334 4043 2476 4088 tuus.
2504 4032 2618 4089 Non
2645 4043 2728 4088 est
2751 4034 2972 4089 verbum
3014 4033 3355 4100 adulationis,
3387 4035 3481 4091 sed
3509 4035 3692 4090 multa:

2115 4127 2431 4197 prudentiae.
2459 4126 2547 4181 Sic
2588 4125 2789 4195 poteris
2830 4126 2948 4194 ejus
2985 4125 3115 4178 iram
3142 4126 3456 4196 reprimere,
3486 4127 3690 4181 exstin-

2114 4236 2279 4290 guere
2300 4219 2462 4272 animi
2493 4216 2883 4287 aegritudinem.
2913 4216 3004 4269 Est
3027 4216 3169 4269 enim
3200 4215 3453 4281 adulatio,
3479 4215 3692 4287 quando

2118 4325 2336 4383 propter
2382 4311 2580 4366 malum
2621 4309 2819 4380 aliquid
2859 4310 3049 4364 feceris
3092 4310 3398 4365 indecorum
3429 4321 3481 4366 et
3524 4311 3694 4367 illibe-

2118 4407 2269 4471 rale;
2300 4405 2400 4458 hoc
2429 4412 2607 4458 autem
2643 4411 2725 4458 est
2753 4403 2982 4456 maxima
3013 4402 3365 4472 philosophia.
3397 4404 3492 4458 Dic
3527 4418 3689 4474 ergo,

2120 4498 2233 4568 Ego
2258 4511 2469 4567 quoque
2494 4511 2611 4549 sum
2638 4505 2779 4560 tuus,
2802 4510 2835 4548 o
2861 4492 3041 4548 ﬁliola.
3070 4494 3181 4549 Hoc
3208 4495 3336 4549 mihi
3364 4494 3530 4550 suasit
3555 4495 3694 4550 Pau-

2120 4590 2225 4653 lus,
2247 4588 2433 4643 dicens
2458 4604 2471 4641 :
2512 4586 2601 4640 Vir
2631 4587 2824 4657 proprii
2845 4588 3070 4655 corporis
3097 4596 3385 4656 potestatem
3423 4603 3523 4641 non
3548 4586 3695 4640 habet

2121 4679 2196 4752 (i.
2228 4677 2346 4733 Cor.
2378 4680 2433 4733 7.
2461 4676 2542 4749 4),
2571 4678 2659 4731 sed
2685 4678 2883 4731 mulier.
2916 4676 2971 4732 Si
2998 4678 3102 4731 mei
3124 4678 3365 4746 corporis
3388 4694 3493 4732 non
3526 4676 3696 4731 habeo

2121 4778 2463 4840 potestatem,
2510 4768 2603 4823 sed
2649 4778 2705 4823 tu
2753 4769 2921 4823 multo
2975 4768 3143 4839 magis
3189 4771 3446 4837 pecuniae.
3477 4768 3697 4824 Sedabis

2122 4878 2265 4929 eam,
2298 4863 2342 4917 si
2370 4864 2449 4916 sic
2476 4864 2638 4917 fueris
2658 4862 2929 4931 loquutus,
2955 4862 3220 4917 ﬂammam
3247 4862 3699 4932 exstingues,dia~

2124 4953 2303 5007 bolum
2351 4953 2546 5023 probro
2586 4951 3095 5019 afﬁcies,ancillam
3132 4954 3299 5023 magis
3338 4969 3454 5007 eam
3498 4952 3696 5021 facies,

2123 5060 2282 5115 quam
2313 5060 2433 5114 quae
2473 5054 2555 5098 est
2601 5053 2781 5113 empta
2814 5044 3034 5110 pecunia
3061 5060 3073 5095 :
3106 5042 3187 5097 his
3217 5043 3397 5097 verbis
3427 5060 3543 5099 eam
3582 5044 3701 5099 alli-

2123 5137 2293 5208 gabis.
2340 5135 2697 5202 Quamobrem
2741 5152 2809 5190 ex
2854 5136 2920 5190 iis
2959 5152 3078 5206 qu:e
3121 5136 3374 5203 loqueris,
3402 5136 3537 5190 doce
3582 5152 3699 5190 eam

2125 5244 2410 5299 numquam
2438 5227 2619 5282 dicere
2640 5269 2655 5291 ,
2685 5227 2853 5281 Meum
2890 5236 2943 5281 et
2983 5238 3149 5280 tuum.
3180 5226 3287 5280 Nec
3316 5242 3434 5281 eam
3464 5226 3702 5280 inconsi-

2126 5319 2311 5375 derate
2334 5333 2494 5373 voces
2518 5359 2533 5382 ,
2561 5318 2656 5373 sed
2693 5333 2814 5371 cum
2845 5317 3134 5382 blanditiis,
3164 5333 3285 5371 cum
3328 5317 3555 5382 honore,
3580 5334 3703 5373 cum

2128 5411 2293 5465 multa
2334 5408 2642 5464 dilectione.
2673 5408 2884 5463 Honora
2923 5423 3040 5464 eam
3063 5451 3078 5474 ,
3106 5418 3161 5463 et
3188 5424 3293 5462 non
3324 5424 3460 5478 opus
3489 5408 3705 5463 habebit

2128 5510 2188 5556 ut
2215 5502 2507 5556 honoretur
2535 5500 2603 5555 ab
2628 5500 2747 5556 aliis
2775 5517 2791 5555 :
2822 5515 2929 5556 non
2954 5500 3129 5570 egebit
3157 5499 3323 5569 gloria
3345 5500 3411 5555 ab
3434 5500 3551 5553 aliis
3580 5499 3705 5554 dan-

2129 5592 2216 5659 da,
2248 5592 2293 5645 si
2315 5606 2377 5645 ea
2403 5590 2607 5646 fruatur
2632 5606 2736 5661 qua
2770 5601 2825 5646 tu
2852 5606 2969 5646 eam
2997 5591 3260 5646 alfeceris.
3294 5591 3420 5645 Eam
3454 5606 3704 5661 praepone

2130 5683 2377 5738 omnibus
2396 5723 2411 5748 ,
2440 5692 2659 5754 propter
2681 5682 2880 5746 omnia,
2914 5690 2969 5736 et
3009 5689 3226 5750 propter
3252 5681 3701 5750 pulchritudinem

2130 5785 2185 5831 et
2213 5774 2548 5847 sapientiam,
2579 5784 2631 5830 et
2658 5788 2777 5829 eam
2797 5788 2926 5828 orna
2951 5772 3212 5829 laudibus.
3245 5773 3321 5829 Ita
3343 5781 3395 5829 et
3417 5771 3706 5843 persuade-
