4096 6388
346 268 470 329 147

366 390 480 442 θεῖν
499 386 709 447 τοῦτον,
752 386 837 439 ἀεὶ
861 386 953 439 καὶ
986 386 1120 457 μετὰ
1147 388 1241 440 τοῦ
1271 389 1529 459 Χριστοῦ,
1578 389 1672 441 καὶ
1705 390 1818 458 μετ’
1846 390 1941 442 ἀλ-

366 473 542 543 λήλων
572 471 809 542 ἐσόμεθα
846 472 983 542 μετά
1001 472 1241 537 πλείονος
1264 476 1362 545 τῆς
1390 476 1601 543 ἡδονῆς.
1643 474 1783 542 Ἐγὼ
1804 476 1939 529 πάν-

366 577 473 613 των
503 560 601 627 τὴν
636 559 734 629 σὴν
763 559 982 628 ἀγάπην
1016 562 1335 632 προτίθημι,
1375 564 1472 615 καὶ
1491 562 1644 615 οὐδὲν
1672 560 1815 614 οὕτω
1851 579 1940 632 μοι

366 647 622 702 δύσκολον
650 647 771 699 οὐδὲ
801 646 1058 715 ἐπαχθὲς,
1084 648 1158 709 ὡς
1186 649 1246 701 τό
1280 665 1410 701 ποτε
1440 648 1775 719 διενεχθῆναι
1806 649 1942 721 πρὸς

369 737 431 789 σέ
455 753 467 765 ⁸
494 735 596 789 κᾶν
642 735 821 788 πάντα
856 736 1118 789 ἀπολέσαι
1149 735 1265 808 δέῃ,
1300 736 1401 790 κᾶν
1441 738 1587 807 Ἴρου
1623 737 1941 806 πενέστερον

368 823 652 891 γενέσθαι,
698 822 800 875 κᾶν
850 822 1124 886 κινδύνους
1173 823 1472 893 ὑποστῆναι
1498 825 1625 885 τοὺς
1662 823 1939 893 ἐσχάτους,

369 908 471 962 κᾶν
485 907 662 962 ὁτιοῦν
686 908 899 972 παθεῖν,
922 910 1046 978 ἐμοὶ
1085 911 1261 963 πάντα
1284 910 1439 963 οίστά
1458 912 1552 962 καὶ⁸
1577 910 1810 979 φορητὰ,
1837 909 1943 971 ἕως

368 997 435 1052 ἂν
460 996 529 1049 τὰ
550 996 686 1062 πρὸς
713 996 773 1048 σὲ
796 990 855 1049 εῦ
884 1014 973 1066 μοι
991 997 1293 1066 διακέηται⁸
1317 998 1503 1050 καὶτὰ
1522 996 1712 1048 παιδία
1738 1012 1944 1064 μοιπο-

374 1082 524 1136 θεινά
551 1082 674 1135 τότε
702 1084 875 1146 ἔσται,
907 1083 1011 1146 ἕως
1034 1083 1101 1137 ἂν
1128 1083 1385 1146 εὐνοϊκῶς
1416 1084 1550 1154 πρὸς
1573 1084 1721 1153 ἡμᾶς
1738 1084 1945 1136 διακει-

378 1169 511 1240 μένη
526 1165 613 1243 ᾖς.
633 1170 826 1239 Δεήσει
843 1168 899 1220 δὲ
917 1169 1011 1221 καὶ
1029 1170 1087 1223 σὲ
1104 1169 1275 1223 ταῦτα
1296 1172 1487 1223 ποιεῖν.
1510 1166 1645 1222 Εἶτα
1660 1169 1945 1239 παραμίγ-

374 1273 463 1309 νυε
486 1257 578 1307 καὶ
591 1255 661 1308 τὰ
685 1255 1011 1309 ἀποστολικά
1032 1258 1268 1327 ῥήματα,
1287 1258 1367 1309 ὅτι
1389 1255 1559 1319 οὕτως
1583 1258 1611 1309 ὁ
1627 1255 1776 1326 [156]
1808 1256 1939 1318 Θεὸς

378 1341 626 1411 βούλεται
671 1342 766 1411 τὴν
813 1341 1025 1395 εὔνοιαν
1066 1344 1197 1412 ἡμῖν
1233 1342 1719 1413 συγκεκροτῆσθαι.
1749 1344 1947 1396 Ἀκουε

376 1432 484 1501 γὰρ
514 1432 614 1501 τῆς
634 1431 854 1501 Γραφῆς
881 1429 1169 1501 λεγούσης⁸
1202 1431 1349 1485 Ἀντί
1371 1433 1583 1485 τούτου
1601 1432 1948 1499 καταλείψει

375 1516 685 1585 ἄνθρωπος
712 1517 818 1568 τὸν
850 1518 1069 1583 πατέρα
1097 1517 1282 1571 αὑτοῦ
1306 1518 1402 1570 καὶ
1431 1516 1545 1584 τὴν
1570 1517 1819 1586 μητέρα,
1850 1515 1949 1569 καὶ

375 1604 973 1671 προσκολληθήσεται
988 1605 1137 1673 πρὸς
1147 1606 1262 1674 τὴν
1271 1605 1527 1675 γυναῖκα
1539 1605 1745 1660 αὐτοῦ.
1772 1606 1951 1676 Μηδε-

381 1692 477 1763 μία
508 1692 871 1763 μικροψυχίας
899 1692 1039 1745 ἔστω
1084 1693 1356 1763 πρόφασις
1381 1694 1515 1764 ἡμῖν
1535 1710 1549 1723 ⁸
1568 1692 1777 1764 ἐρρέτω
1819 1693 1952 1762 χρή-

384 1796 546 1849 ματα,
565 1779 1012 1851 καὶάνδραπόδων
1022 1778 1243 1850 πλῆθος,
1265 1779 1356 1832 καὶ
1373 1780 1527 1849 τιμαὶ
1541 1782 1596 1832 αἱ
1612 1779 1718 1832 τῶν
1730 1778 1948 1845 ἐξωθενο

378 1867 500 1937 ἐμοὶ
522 1867 738 1920 πάντων
767 1864 923 1918 τοῦτο
943 1866 1353 1937 προτιμότερον.
1378 1865 1552 1919 Πόσου
1580 1866 1827 1937 χρυσίου,
1853 1865 1952 1918 πό-

380 1970 487 2006 σων
523 1951 809 2025 θησαυρῶν
846 1954 968 2022 οὐχὶ
1008 1952 1356 2023 ποθεινότερα
1407 1952 1581 2006 ταῦτα
1619 1954 1687 2007 τά
1730 1953 1953 2025 ῥήματα

377 2042 528 2094 ἔσται
552 2045 618 2113 τῇ
645 2042 895 2111 γυναικί;
927 2042 1018 2111 Μὴ
1040 2041 1280 2113 φοϐηθῇς
1308 2043 1379 2112 μή
1407 2059 1537 2095 ποτε
1554 2041 1825 2111 ἁπονοηθῇ
1851 2058 1952 2094 κα-

377 2128 444 2183 τὰ
478 2128 572 2182 σοῦ
606 2130 927 2200 φιλουμένη.
974 2130 1089 2183 ἀλλ’
1125 2129 1207 2181 ὅτι
1233 2129 1407 2198 φιλεῖς
1447 2130 1716 2199 ὁμολόγει.
1748 2131 1813 2181 Αἱ
1855 2129 1953 2200 μὲν

378 2216 484 2287 γὰρ
515 2218 726 2286 ἐταῖραι
756 2216 851 2270 νῦν
884 2217 983 2287 μὲν
1011 2217 1204 2288 τούτῳ,
1242 2217 1337 2271 νῦν
1364 2218 1420 2271 δὲ
1463 2217 1654 2288 ἐκείνῳ
1685 2217 1955 2287 προσ-πλεο

385 2302 635 2372 κόμεναι,
668 2302 891 2365 εἰκότως
923 2302 988 2356 ἂν
1031 2304 1343 2374 ἐπαίροιντο
1383 2303 1526 2356 κατά
1575 2303 1684 2356 τῶν
1710 2303 1955 2373 ἐραστῶν

378 2387 507 2441 ὅταν
538 2387 762 2441 τοιαῦτα
782 2387 1030 2441 ἀκούοιεν
1053 2391 1275 2460 ῥήματα
1297 2407 1310 2421 ⁸
1337 2388 1597 2460 ἐλευθέρα
1616 2390 1673 2443 δὲ
1701 2389 1837 2461 γυνὴ
1863 2391 1957 2443 καὶ

382 2475 522 2545 κόρη
551 2476 778 2545 εὐγενὴς
800 2476 901 2529 οὐκ
921 2476 987 2530 ἀν
1023 2494 1153 2530 ποτε
1176 2476 1388 2540 τούτοις
1421 2477 1682 2547 ἐπαρθείη
1717 2481 1833 2541 τοῖς
1862 2478 1958 2549 ρή-

385 2578 572 2631 μασιν,
596 2562 732 2616 ἀλλά
760 2562 938 2634 πολλῷ
978 2563 1177 2634 μᾶλλον
1201 2564 1296 2617 καὶ
1324 2564 1800 2632 κατακάμπτεται.
1838 2566 1955 2619 Ἐν-

381 2649 630 2703 δείκνυσο
651 2649 709 2702 δὲ
726 2650 825 2721 τὴν
851 2650 987 2721 πρὸς
1012 2650 1182 2721 αὐτὴν
1208 2651 1493 2705 συνουσίαν
1514 2651 1708 2704 πολλοῦ
1737 2651 1956 2722 τιθέμε-

383 2753 495 2798 νος,
540 2738 635 2791 καὶ
669 2737 869 2807 μᾶλλον
912 2738 1005 2790 ἐπὶ
1047 2738 1142 2808 τῆς
1170 2739 1347 2801 οἰκίας
1375 2734 1514 2793 εἶναι
1541 2738 1863 2808 βουλόμενος
1888 2739 1957 2792 δι’

384 2823 573 2891 αὐτὴν,
597 2824 630 2894 ἢ
655 2824 748 2877 ἐπὶ
776 2826 872 2895 τῆς
894 2825 1099 2896 ἀγορᾶς
1123 2841 1141 2857 ο
1162 2827 1255 2878 καὶ
1273 2824 1491 2879 πάντων
1506 2826 1613 2878 τῶν
1636 2826 1805 2893 φίλων
1825 2842 1962 2896 προ-

385 2910 539 2979 τίμα,
571 2910 665 2963 καὶ
690 2910 896 2964 παίδων
918 2911 1026 2963 τῶν
1047 2911 1106 2976 ἐξ
1124 2912 1313 2982 αὐτῆς,
1338 2912 1433 2966 καὶ
1462 2913 1602 2966 αὐτὰ
1634 2913 1689 2965 δὲ
1711 2913 1798 2965 διὰ
1828 2912 1960 2965 ταύ-

383 3013 483 3067 την
507 2997 768 3065 φιλείσθω
793 3000 946 3069 παρά
976 2999 1089 3052 σοῦ.
1123 3000 1219 3051 Ἂν
1246 2999 1450 3067 ἀγαθόν
1480 3016 1533 3052 τι
1566 2998 1768 3071 πράξῃ,
1797 2999 1960 3052 ἐπαί-

385 3098 467 3133 νει
501 3083 594 3135 καὶ
621 3082 868 3152 θαύμαζε
896 3101 909 3113 ⁸
943 3084 1009 3139 ἂν
1032 3085 1230 3138 ἄτοπόν
1252 3102 1305 3137 τι
1337 3086 1429 3139 καὶ
1454 3081 1565 3138 οἷον
1594 3086 1799 3138 νεανίσι
1824 3102 1962 3155 συμ-

388 3167 583 3232 ϐαίνει,
617 3170 872 3240 παραίνει
912 3170 1005 3223 καὶ
1049 3171 1453 3243 ὐπομίμνησκε.
1484 3172 1633 3225 Ἀνω
1681 3173 1775 3225 καὶ
1814 3172 1963 3225 κάτω

388 3256 684 3326 χρημάτων
706 3256 998 3329 κατηγόρει
1020 3259 1114 3310 καὶ
1137 3258 1502 3323 πολυτελείας,
1534 3260 1628 3312 καὶ
1650 3258 1963 3311 ύποδείκνυε

388 3345 479 3395 τὸν
529 3343 731 3413 κόσμον
774 3344 865 3397 τὸν
918 3345 1024 3397 ἀπὸ
1052 3345 1153 3415 τῆς
1192 3347 1548 3415 κοσμιότητος
1580 3347 1677 3399 καὶ
1718 3346 1826 3399 ἀπὸ
1863 3345 1965 3415 τῆς

392 3430 741 3501 σεμνότητος,
780 3433 876 3485 καλ⁵
900 3431 1113 3485 δίδασκε
1142 3432 1403 3502 διηνεκῶς
1430 3435 1498 3486 τὰ
1522 3433 1890 3504 συμφέροντα.

465 3516 528 3569 θ’.
560 3517 726 3587 Εὐχαὶ
750 3518 1090 3585 γενέσθωσαν
1120 3520 1246 3590 ὑμῖν
1283 3520 1457 3573 κοιναί
1478 3538 1492 3552 ⁸
1515 3520 1740 3583 ἕκαστος
1768 3520 1848 3583 εἰς
1870 3519 1967 3590 τὴν

391 3606 690 3675 ἐκκλησίαν
715 3607 939 3677 προΐτω,
957 3608 1173 3660 καὶτῶν
1194 3609 1503 3679 λεγομένων
1530 3610 1624 3661 καὶ
1647 3609 1754 3661 τῶν
1775 3611 1965 3677 ἀναγι-

392 3693 753 3764 νωσκομένων
786 3695 923 3757 ἐκεῖ,
949 3695 1045 3747 καὶ
1073 3697 1100 3747 ό
1120 3695 1257 3766 ἀνὴρ
1278 3696 1376 3765 τὴν
1406 3698 1641 3762 γυναῖκα
1668 3695 1969 3749 ἀπαιτείτω

394 3780 487 3832 ἐπὶ
508 3780 606 3849 τῆς
624 3780 801 3844 οίκίας
819 3781 881 3834 τὸ
915 3782 1099 3851 μέρος,
1120 3782 1349 3852 κάκείνη
1381 3782 1471 3835 τὸν
1497 3782 1686 3852 ἄνδρα.
1720 3782 1785 3835 Εἰ
1808 3782 1967 3834 πενία

395 3886 477 3931 τις
494 3868 734 3939 κατέχοι,
767 3870 983 3938 πάραγε
1002 3871 1081 3929 εἰς
1116 3870 1282 3939 μέσον
1301 3870 1426 3933 τοὺς
1443 3871 1631 3936 ἁγίους
1645 3869 1863 3940 ἄνδρας,
1878 3869 1969 3922 τὸν

397 3954 629 4019 Παῦλον,
683 3956 773 4009 τὸν
802 3956 1025 4025 Πέτρον,
1076 3956 1126 4010 οἳ
1170 3957 1391 4009 πάντων
1442 3956 1640 4025 μᾶλλον
1669 3956 1762 4009 καὶ
1814 3956 1968 4025 βασι-

399 4040 534 4096 λέων
554 4042 648 4096 καὶ
668 4043 935 4096 πλουσίων
957 4043 1343 4113 εὐδοκίμησαν,
1366 4044 1461 4096 καὶ
1483 4042 1599 4106 πῶς
1620 4043 1676 4095 δὲ
1696 4044 1789 4096 καὶ
1810 4045 1867 4095 ἐν
1886 4043 1969 4095 λι-

403 4129 490 4198 μῷ
510 4130 603 4182 καὶ
622 4131 679 4181 ἐν
700 4129 841 4198 δίψει
862 4130 953 4182 τὸν
980 4130 1093 4199 βίον
1112 4129 1373 4200 διήγαγον
1397 4144 1412 4158 ⁸
1436 4128 1659 4182 παίδευε
1676 4129 1865 4198 αὐτὴν,
1889 4130 1970 4182 ὅτι

401 4216 554 4269 οὐδὲν
583 4216 811 4286 φοϐερὸν
843 4216 950 4269 τῶν
980 4218 1038 4271 ἐν
1065 4216 1144 4286 τῷ
1176 4216 1295 4286 βίῳ,
1328 4216 1362 4286 ἢ
1393 4216 1552 4285 μόνον
1572 4216 1636 4268 τὸ
1663 4215 1971 4286 προσκροῦ-

405 4320 493 4356 σαι
522 4304 598 4373 τῷ
624 4303 763 4373 Θεῷ.
796 4305 891 4356 Ἂν
915 4304 1058 4356 οὕτω
1084 4320 1167 4365 τις
1193 4306 1368 4374 γήμῃ,
1397 4304 1463 4358 ἂν
1488 4303 1580 4357 ἐπὶ
1603 4303 1835 4368 τούτοις,
1861 4303 1972 4356 τῶν

409 4390 746 4460 μοναζόντων
779 4389 879 4443 οὐκ
913 4390 1063 4444 ἔσται
1092 4390 1271 4461 πολλῷ
1301 4391 1559 4453 ἐλάττων,
1611 4389 1731 4443 οὐδὲ
1749 4389 1859 4442 τῶν
1896 4389 1972 4460 μὴ

403 4477 796 4548 γεγαμηκότων
816 4479 844 4531 ό
868 4476 1221 4549 γεγαμηκώς.
1249 4478 1310 4530 Εἰ
1335 4476 1512 4546 βούλει
1534 4478 1625 4530 καὶ
1642 4476 1837 4548 ἄριστα
1857 4494 1976 4530 ποι⁸

408 4567 489 4617 εῖν
522 4565 616 4617 καὶ
642 4566 912 4629 ἑστιάσεις
936 4566 1221 4628 ἐπιτελεῖν,
1256 4565 1457 4634 μηδένα
1485 4564 1739 4633 ἄσεμνον,
1770 4562 1975 4634 μηδένα

408 4652 666 4723 ἄκοσμον,
690 4652 805 4705 ἀλλ’
825 4654 879 4705 εῖ
909 4669 1031 4706 τινα
1054 4653 1208 4719 ἅγιον
1238 4651 1444 4721 πένητα
1469 4650 1649 4721 εὐροις
1674 4650 1970 4720 δυνάμενον

409 4738 537 4807 ύμῖν
570 4738 859 4808 εὐλογῆσαι
884 4738 980 4807 τὴν
1017 4738 1212 4804 οἰκίαν,
1258 4737 1549 4807 δυνάμενον
1582 4735 1719 4806 μετὰ
1746 4737 1843 4807 τῆς
1869 4736 1978 4790 τῶν

408 4825 585 4877 ποδῶν
611 4825 913 4888 ἐπιϐάσεως
931 4825 1109 4878 πᾶσαν
1132 4827 1456 4892 εἰσενεγκεῖν
1477 4824 1570 4877 τοῦ
1593 4822 1727 4877 Θεοῦ
1758 4825 1856 4892 τὴν
1884 4824 1978 4877 εὐ-

408 4910 613 4978 λογίαν,
659 4910 846 4965 τοῦτον
893 4912 1067 4965 κάλει.
1119 4912 1273 4965 Εἴπω
1305 4912 1359 4964 δὲ
1388 4913 1480 4963 καὶ
1528 4910 1740 4981 ἓτερον;
1772 4910 1977 4979 Μηδεὶς

412 4994 566 5067 ὐμῶν
594 4998 936 5062 σπονδαζέτω
962 4997 1344 5067 εὐπορωτέραν
1377 5000 1603 5066 γαμεῖν,
1635 4995 1770 5049 ἀλλά
1799 4996 1979 5065 πολλῷ

414 5085 615 5156 μᾶλλον
649 5088 995 5157 πενεστέραν.
1020 5087 1097 5140 Οὐ
1127 5087 1235 5156 γὰρ
1256 5086 1523 5156 τοσαύτην
1552 5086 1659 5138 ἀπὸ
1704 5086 1813 5137 τῶν
1841 5102 1979 5156 χρη-

414 5173 600 5244 μάτων
620 5172 978 5226 εἰσελεύσεται
997 5172 1322 5242 εἰσφέρουσα
1339 5173 1589 5244 ἀφορμὴν
1604 5172 1819 5243 ἡδονῆς,
1850 5173 1982 5242 ὅσην

412 5261 605 5333 ἀηδίαν
642 5262 749 5315 ἀπὸ
791 5261 899 5315 τῶν
938 5260 1177 5323 ὀνειδῶν,
1223 5261 1329 5314 ἀπὸ
1360 5261 1450 5314 τοῦ
1483 5262 1702 5314 πλείονα
1730 5262 1980 5314 ἀπαιτεῖν

412 5348 490 5404 ὧν
517 5352 824 5420 εισήγαγεν,
854 5350 962 5403 ἀπὸ
983 5350 1092 5403 τῶν
1115 5349 1344 5420 ὕϐρεων,
1369 5350 1475 5402 ἀπὸ
1497 5351 1595 5420 τῆς
1617 5350 1983 5415 πολυτελείας,

413 5438 525 5491 ἀπὸ
564 5437 672 5489 τῶν
708 5438 981 5505 φορτικῶν
1031 5437 1310 5509 ῥημάτων.
1360 5436 1506 5507 Ἐρεῖ
1538 5437 1643 5506 γὰρ
1674 5436 1804 5499 ἴσως
1828 5453 1840 5466 ·
1875 5434 1985 5489 Οὐκ

412 5527 564 5579 δέπω
584 5524 691 5577 τῶν
718 5524 827 5577 σῶν
859 5524 1111 5577 ἀνάλωσα
1132 5525 1305 5589 οὐδὲν,
1331 5523 1410 5575 ἔτι
1429 5523 1497 5576 τὰ
1512 5524 1619 5593 ἐμὰ
1645 5524 1983 5592 περίκειμαι,

416 5612 478 5676 ἐξ
506 5604 583 5665 ὧν
615 5612 662 5663 οἱ
689 5613 862 5672 γονεῖς
896 5627 985 5680 μοι
1013 5610 1361 5681 δεδώρηνται.
1390 5609 1469 5680 1Τί
1500 5610 1698 5677 λέγεις,
1721 5608 1767 5661 ὦ
1787 5609 1984 5678 γύναι;
2010 5617 2016 5625 ’

418 5700 499 5752 ἔτι
526 5698 596 5753 τά
623 5699 690 5753 σά
714 5697 1051 5769 περίκεισαι;
1085 5700 1174 5753 καὶ
1210 5700 1263 5756 τί
1296 5697 1484 5755 τούτου
1510 5697 1605 5751 τοῦ
1630 5699 1867 5769 ῥήματος
1894 5696 1986 5765 γέ-

1279 270 1347 327 IN
1391 269 1611 327 EPIST.
1655 270 1745 325 AD
1772 269 2014 327 EPHES.
2050 270 2205 327 CAP.
2249 267 2313 322 V.
2351 265 2582 321 HOMIL.
2625 263 2741 318 XX.

3518 260 3620 312 H8

2042 391 2171 443 νοιτ’
2214 391 2286 443 ἂν
2316 387 2679 456 ἁθλιὼτερον;
2734 381 2895 452 σῶμα
2936 378 3120 433 οὐκέτι
3152 379 3294 449 ἔχεις
3320 378 3480 443 ἴδιον,
3523 379 3621 432 καὶ

2041 479 2303 548 χρήματα
2332 475 2473 544 ἔχεις
2498 473 2634 539 fata;
2663 470 2859 524 Οὐκέτι
2882 468 2975 522 δύο
2993 468 3116 521 ἐστὲ
3143 467 3344 535 σάρκες
3368 466 3506 536 μετὰ
3530 466 3623 519 τὸν

2040 566 2239 635 γάμον,
2269 562 2387 615 ἀλλ’
2418 561 2665 631 ἐγένεσθε
2696 560 2776 622 είς
2812 558 2958 628 μίαν⁸
2987 556 3081 608 καὶ
3112 556 3166 608 αί
3187 554 3363 635 οὐσίαι
3382 554 3494 618 δύο,
3526 554 3621 606 καὶ¹

2041 653 2100 704 οὐ
2124 634 2249 712 μία.
2272 650 2340 703 Ὦ
2363 648 2456 702 τοῦ
2482 648 2590 701 τῶν
2618 645 2915 717 χρημάτων
2941 642 3173 712 έρωτοςί
3208 634 3288 702 εἷς
3317 639 3620 709 ἅνθρωπος,

2042 739 2263 813 [15ηέν
2281 736 2421 804 ζῶον
2449 736 2748 807 ἀμφότεροι
2764 730 3083 802 γεγένησθε,
3101 729 3194 782 καὶ
3217 727 3295 780 ἑτι
3325 726 3521 795 λέγεις,
3536 725 3623 813 Τά

2042 809 2191 896 Qui
2217 825 2522 892 Ἐπάρατον
2552 820 2712 874 τοῦτο
2738 819 2799 871 τὸ
2827 819 2979 888 ῥῆμα
3025 817 3120 869 καὶ
3173 814 3366 885 μιαρὸν
3391 813 3498 866 ἀπὸ
3523 809 3620 863 τοῦ
3647 857 3649 859 .

2043 913 2288 966 διαϐόλου
2305 908 2614 979 εἰσηνέχθη.
2633 908 2817 961 Πάντα
2833 907 2865 975 ἡ
2873 903 2987 975 μῶν
3011 902 3165 955 κοινὰ
3184 901 3435 969 ἐποίησεν
3448 902 3476 952 ό
3493 898 3625 960 Θεὸς

2042 1002 2111 1054 τὰ
2141 1000 2341 1052 τούτων
2384 995 2804 1064 ἀναγκαιότερα,
2836 992 2930 1044 καὶ
2962 989 3137 1043 ταῦτα
3171 989 3232 1040 οὐ
3273 986 3454 1050 κοινά;
3506 984 3624 1037 Οὐκ

2045 1088 2191 1139 ἐστιν
2217 1088 2413 1145 εἰπεῖν,
2432 1084 2495 1136 τὸ
2520 1082 2652 1151 ἐμὸν
2675 1080 2809 1149 φῶς,
2832 1080 2859 1130 ὁ
2878 1077 3009 1148 ἐμὸς
3023 1077 3194 1147 ἥλιος,
3217 1073 3277 1126 τὸ
3299 1072 3430 1141 ἐμὸν
3452 1070 3620 1140 ὕδωρ·

2046 1176 2223 1227 πάντα
2244 1176 2381 1243 ἡμῖν
2404 1171 2561 1224 κοινά
2590 1168 2661 1222 τὰ
2691 1166 2933 1236 μείζονα,
2954 1164 3023 1217 τά
3051 1164 3108 1216 δὲ
3140 1162 3395 1232 χρήματα
3417 1159 3478 1212 οὐ
3509 1175 3625 1211 κοι-

2046 1262 2146 1328 νά;
2188 1258 2531 1313 Ἀπολλύοθω
2555 1257 2624 1309 τὰ
2646 1256 2902 1325 χρήματα
2935 1252 3211 1323 μυριάκις,
3247 1248 3444 1318 μᾶλλον
3464 1247 3518 1298 δέ
3546 1245 3622 1315 μὴ

2046 1351 2114 1403 τὰ
2151 1351 2442 1421 χρήματα,
2474 1345 2590 1398 ἀλλ’
2617 1345 2673 1396 αἱ
2703 1341 3049 1413 προαιρέσεις
3074 1339 3131 1391 αἱ
3160 1338 3234 1407 μὴ
3268 1336 3460 1389 εἰδυῖαι
3488 1334 3627 1405 χρὴ·

2051 1456 2183 1508 μασι
2222 1435 2556 1507 χρήσασθαι,
2606 1432 2742 1486 ἀλλά
2787 1432 3004 1484 πάντων
3054 1426 3194 1479 αὐτά
3252 1421 3622 1493 προτιμῶσαι.

2048 1527 2158 1580 Καὶ
2188 1525 2359 1578 ταῦτα
2392 1523 2530 1592 μετά
2558 1521 2668 1574 τῶν
2696 1519 2870 1573 ἄλλων
2896 1518 3130 1569 δίδασκε·
3165 1513 3300 1566 ἀλλὰ
3329 1511 3466 1581 μετὰ
3495 1510 3625 1561 πολ-

2048 1614 2144 1683 λῆς
2174 1613 2271 1681 τῆς
2300 1612 2541 1681 χάριτος.
2583 1605 2803 1676 Ἐπειδὴ
2841 1604 2948 1674 γὰρ
2984 1601 3122 1671 αὐτὴ
3152 1600 3275 1653 καθ’
3307 1597 3503 1666 ἐαυτὴν
3526 1596 3625 1664 τῆς

2049 1682 2250 1769 ἀρετῆς
2297 1700 2330 1767 ἡ
2364 1696 2684 1766 παραίνεσις
2727 1693 2860 1745 πολὺ
2897 1691 2957 1743 τὸ
3008 1686 3329 1759 σκυθρωπὸν
3360 1684 3490 1755 ἔχει,
3533 1682 3628 1734 καὶ

2054 1789 2289 1860 μάλιστα
2335 1786 2469 1857 πρὸς
2506 1784 2674 1855 κόρην
2705 1780 2913 1850 ἁπαλὴν
2938 1779 3029 1832 καὶ
3061 1778 3209 1839 νέαν,
3238 1777 3367 1829 ὅταν
3391 1773 3517 1841 περὶ
3540 1789 3628 1839 φι-

2051 1875 2302 1943 λοσοφίας
2333 1873 2577 1941 λέγοιντο
2611 1870 2781 1939 λόγοι,
2817 1867 3018 1935 πολλὴν
3058 1864 3260 1917 ἐπινόει
3304 1862 3404 1933 τὴν
3445 1860 3626 1929 χάριν,

2053 1965 2144 2016 καὶ
2172 1963 2329 2015 τοῦτο
2362 1961 2595 2031 μάλιστα
2633 1958 2740 2010 ἀπὸ
2766 1956 2865 2024 τῆς
2894 1953 3072 2022 ψυχῆς
3118 1951 3359 2020 ἐξόρισον
3389 1948 3627 2015 ἐκείνης,

2054 2053 2125 2103 Τὸ
2145 2050 2407 2121 ἐμὸν,καὶ
2426 2049 2498 2100 Τὸ
2519 2047 2631 2099 σόν.
2674 2046 2771 2096 Ἂν
2812 2042 2970 2112 εἴπῃ,
3005 2040 3087 2091 Τὰ
3120 2038 3248 2108 ἐμὰ,
3301 2036 3425 2088 εἰπὲ
3462 2036 3626 2105 αὐτῇ·

2055 2140 2187 2192 Ποῖα
2220 2137 2398 2206 λέγεις
2434 2136 2533 2200 σά;
2560 2133 2680 2186 οὐδέ
2706 2131 2815 2200 γὰρ
2838 2126 2954 2183 οῖδα
2978 2144 2992 2157 ⁸
3025 2126 3177 2179 οὐδὲν
3202 2124 3307 2193 έχω
3328 2122 3438 2191 ἐγὼ
3465 2123 3628 2174 ίδιον⁸

2055 2228 2171 2292 πῶς
2199 2223 2290 2279 οὖν
2316 2225 2516 2293 λέγεις,
2534 2220 2756 2291 Τὰὲμά,
2787 2219 3003 2287 πάντων
3032 2216 3199 2268 ὄντων
3225 2211 3368 2275 σῶν;
3394 2210 3634 2279 Χάρισαι

2054 2315 2191 2386 αὐτῇ
2222 2314 2280 2367 τὸ
2313 2313 2484 2383 ῥῆμα.
2518 2311 2629 2379 Οὐχ
2666 2309 2797 2379 ὁρᾷς
2826 2305 3050 2358 ἐπὶτῶν
3096 2300 3328 2355 παιδίων
3364 2300 3445 2351 ὅτι
3474 2296 3634 2386 τοῦτο

2055 2384 2403 2475 πράττομενς
2453 2399 2579 2452 ὅταν
2606 2396 2765 2467 ἡμῶν
2796 2392 3132 2462 κατεχόντων
3167 2406 3221 2441 τι
3255 2386 3502 2457 ἁρπάσῃ,
3537 2384 3637 2437 καὶ

2054 2474 2115 2545 τὸ
2162 2493 2349 2560 ἕτερον
2394 2489 2556 2541 πάλιν
2600 2485 2858 2556 βούληται
2892 2482 3096 2543 λαϐεῖν,
3123 2475 3511 2545 συγχωροῦμεν

2056 2559 2284 2648 λέγομεν
2308 2594 2322 2607 ⁸
2356 2576 2481 2640 Ναὶ,
2505 2573 2661 2627 τοῦτο
2688 2572 2778 2625 σόν
2802 2574 2936 2633 ἐστι,
2964 2569 3201 2622 κάκεῖνο.
3224 2562 3393 2615 Τοῦτο
3420 2561 3515 2613 καὶ
3540 2559 3634 2648 ἐπὶ

2056 2669 2154 2737 τῆς
2182 2647 2435 2736 γυναικὸς
2463 2662 2702 2733 ποιῶμεν
2720 2666 2733 2679 '
2760 2657 3127 2726 παιδικωτέρα
3148 2652 3257 2724 γὰρ
3279 2650 3445 2720 αὐτῆς
3469 2649 3503 2718 ἡ
3518 2647 3639 2702 διάη

2057 2755 2175 2808 νοιά
2216 2756 2362 2806 ἐστι’
2398 2751 2502 2805 κᾶν
2539 2749 2696 2821 λέγῃ,
2728 2746 2811 2799 Τὰ
2837 2746 2977 2816 ὲμά,
3008 2743 3146 2797 εἰπέ
3198 2739 3382 2793 Πάντα
3408 2737 3476 2790 σά
3496 2740 3635 2800 ἐστι,

2059 2843 2152 2895 καλ.
2177 2839 2285 2908 ἐγὼ
2318 2839 2430 2901 σός.
2476 2837 2589 2891 Οὐκ
2618 2836 2731 2889 ἔστι
2753 2830 3040 2893 κολακείας
3060 2829 3119 2882 τὸ
3148 2828 3322 2899 ῥῆμα,
3345 2823 3480 2878 ἀλλά
3509 2822 3636 2876 πολ-

2058 2928 2157 2997 λῆς
2182 2927 2467 2989 συνέσεως.
2499 2922 2684 2985 Οὕτως
2717 2919 2886 2989 αὐτῆς
2914 2918 3117 2988 δυνήσῃ
3148 2914 3380 2985 χαλάσαι
3415 2912 3505 2964 τὸν
3538 2909 3635 2963 θυ-

2064 3017 2184 3085 μὸν,
2236 3015 2330 3068 καὶ
2360 3012 2457 3083 τὴν
2495 3008 2735 3079 ἀθυμίαν
2778 3005 2987 3059 σϐέσαι.
3033 2998 3305 3055 Κολακεία
3334 2999 3442 3069 γάρ
3466 2999 3639 3060 ἐστιν,

2061 3105 2189 3158 ὅταν
2220 3119 2303 3165 τις
2339 3100 2559 3169 ἀγεννές
2575 3116 2626 3150 τι
2648 3094 2829 3167 πράξῃ
2849 3090 3017 3145 κακοῦ
3035 3090 3219 3141 ἕνεκεν
3245 3105 3259 3120 ⁸
3284 3085 3444 3169 τοῦτο
3471 3085 3528 3138 δὲ
3549 3100 3639 3152 φι-

2061 3189 2285 3258 λοσοφία
2314 3167 2561 3258 μεγίστη.
2588 3184 2726 3249 Λέγε
2754 3178 2867 3234 οὖν·
2898 3179 3009 3231 Καὶ
3047 3175 3161 3244 ἐγὼ
3194 3167 3594 3258 σὸς,ῶπαιδίον
3621 3184 3638 3201 ⁸

2063 3256 2219 3331 τοῦτό
2243 3256 2330 3345 μοι
2344 3273 2551 3333 Παῦλος
2568 3270 2873 3341 παρῄνεσεν
2897 3263 3084 3317 εἰπών·
3111 3262 3172 3314 '0
3189 3259 3343 3328 ἀνὴρ
3361 3258 3468 3312 τοῦ
3486 3256 3641 3310 ἰδίου

2064 3343 2340 3433 σώματος
2355 3363 2465 3414 οὐκ
2489 3354 2844 3421 ἐξουσιάζει,
2862 3353 3001 3405 ἀλλ’
3019 3350 3056 3416 ἡ
3078 3346 3253 3418 γυνή.
3273 3348 3335 3400 Et
3350 3345 3443 3433 τοῦ
3462 3343 3642 3433 σῶμα·

2064 3431 2159 3512 τός
2196 3466 2297 3519 μου
2326 3447 2425 3500 οὐκ
2464 3445 2571 3514 ἔχω
2602 3442 2871 3508 ἐξουσίαν,
2922 3436 3059 3489 ἀλλά
3105 3436 3193 3502 σὺ,
3229 3432 3408 3502 πολλῷ
3442 3431 3640 3519 μάλλον

2066 3536 2175 3590 τῶν
2200 3518 2520 3605 χρημάτων.
2564 3530 2899 3589 Ἀνὲπαυσας
2942 3524 3110 3593 αὐτὴν
3136 3521 3304 3574 ταῦτα
3332 3518 3642 3605 φθεγξάμε-

2066 3640 2176 3686 νος,
2206 3604 2440 3681 ἔσϐεσας
2475 3620 2571 3689 τὴν
2614 3615 2825 3685 πυρὰν,
2864 3611 3205 3682 κατῄσχυνας
3240 3607 3330 3660 τὸν
3373 3604 3638 3667 διάϐολον,

2067 3707 2259 3778 δούλην
2285 3704 2545 3775 ἐποίησας
2575 3700 2775 3771 μᾶλλον
2804 3696 3188 3778 ἀργυρώνητον
3211 3706 3260 3756 ε,
3288 3694 3401 3754 τοῖς
3433 3690 3645 3778 ῥήμασι

2069 3775 2279 3858 τούτοις
2304 3792 2606 3861 κατέδησας
2628 3789 2816 3857 αὐτήν.
2841 3788 2998 3838 Ὥστε
3016 3784 3107 3851 ἀφ’
3123 3777 3197 3835 ὧν
3227 3782 3290 3834 σὺ
3317 3777 3549 3849 φθέγγῃ,
3566 3775 3646 3829 δί-

2069 3883 2226 3949 δαξον
2249 3880 2414 3949 αὐτὴν
2439 3875 2569 3948 μηδέ
2580 3892 2705 3927 ποτε
2723 3874 2924 3941 λέγειν,
2953 3870 3116 3939 Ἐμὸν
3138 3870 3231 3921 καὶ
3252 3867 3368 3920 Σόν.
3397 3865 3507 3918 Καὶ
3534 3881 3645 3934 μη·-

2070 3972 2257 4024 δέποτε
2282 3967 2468 4029 ἁπλῶς
2489 3963 2656 4033 αὐτὴν
2678 3962 2852 4023 κάλει,
2882 3958 3016 4012 ἀλλά
3042 3956 3177 4029 μετά
3204 3953 3514 4016 κολακείας,
3546 3969 3644 4022 με-

2072 4059 2140 4113 τὰ
2168 4056 2354 4128 τιμῆς,
2390 4055 2525 4126 μετὰ
2564 4051 2762 4119 πολλῆς
2790 4048 3031 4117 ἀγάπης.
3065 4046 3211 4116 Τίμα
3242 4042 3430 4113 αὐτὴν,
3460 4042 3556 4094 καὶ
3584 4041 3648 4093 οὐ

2071 4148 2317 4217 δεήσεται
2362 4142 2462 4211 τῆς
2506 4141 2637 4209 παρ’
2685 4136 2885 4206 ἐτέρων
2930 4133 3114 4202 τιμῆς,
3161 4132 3220 4183 οὐ
3253 4130 3649 4217 δεήσεταιῗτῆς

2072 4214 2201 4303 παρ’
2234 4231 2433 4300 ἐτέρων
2470 4227 2648 4296 δόξης,
2684 4226 2749 4278 ἂν
2779 4221 3026 4291 ἀπολαύῃ
3047 4219 3320 4293 τῆςπαρά
3353 4215 3469 4270 σοῦ.
3504 4214 3645 4303 mw?

2072 4301 2180 4373 των
2206 4318 2371 4385 αὐτὴν
2400 4313 2664 4383 προτίθει,
2690 4310 2906 4363 πάντων
2930 4310 3136 4369 ἕνεκεν,
3160 4306 3254 4359 καλ⁵
3270 4302 3521 4365 κάλλους,
3553 4301 3648 4354 καὶ

2076 4406 2361 4466 συνέσεως,
2384 4402 2477 4453 καὶ
2500 4398 2830 4467 ὲγκωμίαζε.
2861 4395 3043 4457 Οὕτως
3062 4394 3228 4461 αὐτὴν
3249 4393 3455 4454 πείσεις
3490 4387 3648 4459 μηδε-

2076 4495 2128 4547 νὶ
2158 4491 2443 4562 προσέχειν
2486 4486 2594 4537 τῶν
2644 4482 2863 4548 ἔξωθεν,
2913 4480 3049 4535 ἀλλὰ
3078 4480 3295 4533 πάντων
3327 4476 3435 4529 τῶν
3474 4474 3649 4529 ἄλλων

2078 4561 2404 4646 καταγελᾷν.
2440 4573 2666 4626 Δίδασκε
2694 4569 2787 4622 τοῦ
2818 4568 2951 4621 Θεοῦ
2981 4568 3071 4620 τὸν
3104 4565 3286 4635 φόϐον,
3332 4564 3425 4615 καὶ
3471 4561 3650 4614 πάντα

2077 4667 2264 4734 ὥσπερ
2290 4662 2398 4717 ἀπὸ
2423 4660 2605 4730 πηγῆς
2624 4658 2961 4727 ἐπιρῤεύσει,
2986 4654 3080 4709 καὶ
3108 4653 3315 4725 μυρίων
3340 4652 3491 4703 ἔσται
3522 4651 3554 4719 ἠ
3579 4650 3653 4703 οἱ·

2079 4756 2173 4807 κία
2192 4751 2298 4805 τῶν
2326 4747 2546 4817 ἀγαθῶν
2576 4747 2841 4816 γέμουσα.
2876 4745 2972 4796 Ἀν
3002 4742 3068 4794 τὰ
3097 4741 3346 4810 ἄφθαρτα
3375 4738 3647 4808 ζητῶμεν,

2079 4844 2176 4897 καὶ
2205 4840 2376 4894 ταῦτα
2405 4835 2753 4890 ἐπελεύσεται
2782 4835 2850 4885 τὰ
2868 4830 3100 4901 φθαρτά.
3136 4827 3372 4895 Ζητεῒτε
3391 4828 3519 4897 γὰρ,
3544 4843 3648 4895 φη-

2084 4931 2156 4992 σὶ,
2204 4927 2437 4995 πρῶτον
2480 4924 2595 4992 τὴν
2631 4920 2956 4986 ,βασιλείαν
2993 4917 3099 4971 τοῦ
3135 4916 3302 4978 Θεοῦ,
3342 4913 3653 4967 καὶταῦτα

2082 5015 2278 5069 πάντα
2298 5009 2769 5080 προστεθήσεται
2796 5005 2957 5075 ὑμῖν.
3000 5004 3154 5066 Οἴους
3186 4998 3323 5055 εἷναι
3357 5000 3462 5071 χρὴ
3494 4999 3647 5070 νομί-

2083 5104 2195 5169 ζειν
2220 5102 2345 5162 τοὺς
2372 5099 2567 5159 παῖδας
2589 5096 2694 5148 τῶν
2726 5093 2982 5146 τοιούτων
3040 5090 3318 5161 πατέρων;
3352 5089 3496 5149 οἴους
3523 5087 3649 5151 τοὺς

2081 5188 2294 5251 οἰκέτας
2330 5185 2436 5238 τῶν
2474 5182 2732 5236 τοιούτων
2773 5178 3086 5243 δεσποτῶν;
3133 5177 3276 5238 οἴους
3301 5176 3426 5237 τοὺς
3456 5173 3651 5237 ἄλλους

2084 5279 2330 5338 ἅπαντας
2372 5274 2495 5335 τοὺς
2539 5267 2975 5339 πλησιάζοντας;
3009 5261 3119 5336 ἆρα
3158 5263 3278 5333 οὐχὶ
3306 5261 3514 5334 μυρίων
3541 5261 3651 5314 τῶν

2084 5362 2302 5433 ἀγαθῶν
2324 5362 2415 5414 καὶ
2443 5358 2637 5421 αὐτοὺς
2663 5355 2814 5428 [158]
2837 5354 3025 5425 γέμειν
3048 5351 3382 5422 συμϐήσεται
3398 5367 3414 5415 ;
3432 5348 3521 5413 Ὠς
3541 5349 3651 5419 γὰρ

2150 5712 2173 5739 ⁸
2204 5701 2357 5749 Recte
2377 5694 2571 5759 conjicit
2591 5692 2742 5744 Savil.
2770 5690 3117 5754 ἀργυρωνήτου.
