4096 6388
442 296 545 357 Ηθ
1119 292 1179 349 S.
1222 293 1508 351 JOANNIS
1547 291 2041 349 CIIHYSOSTOMI
2082 289 2409 347 ARCHIEP.
2456 286 3006 345 CONSTANTINOP.
3584 289 3689 343 150

436 407 507 460 τά
555 404 724 459 πολλὰ
767 406 904 477 πρὸς
948 405 1075 469 τοὺς
1104 404 1441 475 κρατοῦντας
1489 407 1583 459 καὶ
1643 408 1692 459 οί
1740 405 1916 459 δοῦλοι
1947 406 2014 459 τὰ
2126 404 2304 473 μεθα⁹
2351 404 2445 457 καὶ
2493 401 2635 456 οὕτω
2680 401 3020 471 δυνησόμεθα
3071 399 3266 471 ἀρέσαι
3323 397 3400 466 τῷ
3450 399 3592 468 Θεῷ,
3612 400 3707 453 καὶ

436 492 542 565 ἧθη
605 493 981 564 ρυθμίζονται,
1042 494 1137 545 καὶ
1194 496 1315 556 ταῖς
1370 493 1592 547 ἐκείνων
1640 493 2017 561 ἐξομοιοῦνται
2122 492 2216 545 τὸν
2249 492 2494 563 παρόντα
2543 490 2655 559 βίον
2705 488 2920 541 ἅπαντα
2973 486 3111 557 μετά
3154 481 3358 557 ἀρετῆς
3398 486 3707 551 διεξελθεῖν,

435 582 750 651 ἐπιθυμίαις
773 594 821 643 α,
838 582 945 633 τῶν
969 580 1147 634 αὐτῶν
1163 581 1381 651 ἐρῶσιν,
1410 574 1485 634 ὧν
1507 580 1573 634 ἂν
1595 582 1689 634 καὶ
1708 581 2017 651 διδαχθῶσι,

435 670 505 722 τά
522 670 661 722 αύτά
678 669 1027 738 φθέγγονται,
1048 671 1105 722 ἐν
1130 672 1238 731 τοῖς
1262 670 1446 731 αὐτοῖς
1468 670 2018 741 συναναστρέφονται.

449 757 575 810 Ἐὰν
605 755 778 820 οὕτως
816 758 1042 821 ἐαυτοὺς
1073 756 1453 827 ρυθμίζωμεν.
1488 756 1582 810 καὶ
1623 758 1744 819 ταῖς
1778 757 2022 827 Γραφαίς

434 846 815 914 προσέχωμεν,
859 844 929 898 τά
981 844 1199 898 πλείονα
1232 845 1363 914 παρ’
1402 844 1629 896 ἐκείνων
1662 844 2021 915 παιδευθησό-

438 979 522 1092 Pan
548 967 688 1018 Unus
711 968 900 1029 Codex,
936 968 1215 1031 ἐπιθυμίαις,
1242 974 1414 1017 (ιωὶθινι
1438 972 1493 1017 ει
1516 981 1669 1031 marg.
1698 965 1872 1029 Savil.,
1899 967 2023 1027 γνώ-

507 1048 563 1086 ις.

507 1048 563 1086 ις.

2128 581 2226 634 καὶ
2257 580 2367 634 τῶν
2397 577 2823 649 ἐπηγγελμένων
2855 575 3073 643 ἀγαθῶν
3094 577 3209 637 τοῖς
3238 574 3523 643 ἀγαπῶσιν
3546 573 3709 627 αὑτὸν

2124 669 2308 738 τυχεῖν
2340 683 2355 697 ”
2381 659 2458 719 ὧν
2504 665 2714 733 γένοιτο
2748 666 2957 726 πάντας
2998 664 3146 733 ἡμᾶς
3172 661 3494 732 ἀξιωθῆναι,
3525 663 3714 732 χάριτι

2125 757 2222 809 καὶ
2263 753 2644 825 φιλανθρωπίᾳ
2683 751 2779 805 τοῦ
2808 751 3012 821 Κυρίου
3046 750 3203 821 ἡμῶν
3239 749 3414 820 Ἰησοῦ
3446 749 3706 820 Χριστοῦ,

2128 842 2248 914 μεθ’
2299 834 2360 895 οὗ
2402 839 2481 911 τῷ
2535 841 2712 911 Πατρὶ
2758 840 2873 908 ἅμα
2917 838 2997 909 τῷ
3052 838 3193 909 ἁγίῳ
3228 838 3510 908 Πνεύματι
3558 837 3706 901 δόξα,

2124 932 2345 1001 κράτος,
2377 927 2533 998 τιμὴ,
2565 927 2660 981 νῦν
2683 926 2776 980 καὶ
2810 926 2919 993 ἀεὶ,
2961 926 3055 979 καὶ
3087 928 3168 989 είς
3199 927 3327 988 τοὺς
3360 926 3563 988 αἰῶνας
3599 924 3709 976 τῶν

2125 1017 2359 1072 αἰώνων.
2411 1015 2625 1086 Ἀμήν.¹

448 1222 3647 1251 ww

1881 1393 2135 1449 ΟΜΙΛΙΑ
2173 1394 2308 1449 KA'.

444 1539 523 1595 Τὰ
553 1539 1110 1601 τέκνα,ὑπα›ιούετε
1125 1540 1247 1607 τοῖς
1284 1539 1574 1610 γονεῦσιν
1607 1536 1773 1608 ὑμῶν
1809 1536 1881 1590 ἐν
1901 1539 2019 1590 Κυ-

501 1629 615 1695 ρίῳ
638 1646 651 1659 ·
691 1628 865 1683 τοῦτο
904 1630 1016 1697 γάρ
1040 1629 1169 1681 ἐστι
1188 1630 1442 1681 δίκαιον.
1480 1628 1624 1697 Τίμα
1658 1629 1766 1680 τὸν
1797 1624 2022 1692 πατέρα

516 1736 635 1774 σου
662 1718 759 1771 καί
793 1716 908 1784 τὴν
931 1715 1176 1785 μητέρα,
1212 1716 1341 1784 ἥτις
1372 1716 1544 1769 ἐστίν
1570 1712 1789 1781 ἐντολὴ
1819 1712 2019 1781 πρώτη

509 1812 580 1863 ὲν
627 1804 975 1875 ἐπαγγελίᾳ,
1021 1804 1122 1856 ἵνα
1163 1798 1232 1857 εὖ
1282 1819 1379 1855 σοι
1432 1801 1708 1870 γένηται,
1751 1799 1850 1853 καί
1904 1798 2018 1869 ἔσῃ

504 1892 945 1968 μακροχρόνιος
971 1892 1072 1945 ἐπὶ
1099 1888 1204 1957 τῆς
1230 1888 1359 1959 γῆς.

510 2042 577 2089 α’.
605 2033 872 2103 Καθάπερ
902 2049 985 2093 τις
1028 2030 1186 2100 σῶμα
1232 2028 1505 2095 πλάττων,
1544 2027 1761 2099 πρῶτον
1792 2025 1890 2095 μὲν
1921 2024 2018 2096 τὴν

439 2123 700 2194 κεφαλὴν,
723 2123 914 2174 ἔπειτα
933 2120 1024 2173 τὸν
1046 2119 1266 2188 αὐχένα,
1290 2114 1407 2171 εἶτα
1434 2120 1559 2181 τοὺς
1585 2117 1751 2180 πόδας
1781 2115 2015 2184 τίθησιν,

435 2211 581 2264 οὕτω
605 2209 697 2263 καὶ
723 2209 751 2262 ὁ
781 2208 1049 2278 μακάριος
1077 2205 1288 2269 Παῦλος
1315 2205 1393 2275 τῷ
1417 2204 1558 2275 λόγῳ
1588 2204 1856 2274 πρόεισιν.
1882 2197 2019 2255 Εἷπε

437 2296 569 2367 περὶ
588 2296 685 2349 τοῦ
720 2295 933 2365 ἀνδρὸς,
966 2288 1089 2346 εἷπε
1121 2294 1249 2363 περὶ
1278 2296 1378 2363 τῆς
1405 2292 1685 2360 γυναικὸς,
1717 2291 1817 2361 τῆς
1841 2290 2022 2343 δευτέ-

439 2402 540 2457 ρας
565 2384 739 2460 ἀρχῇς
766 2398 780 2412 °
812 2384 983 2452 χωρεῖ
1023 2382 1209 2434 λοιπὸν
1234 2380 1337 2450 ὁδῷ
1393 2380 1625 2449 βαδίζων
1664 2379 1756 2431 ἐπὶ
1780 2378 1879 2447 τὴν
1905 2377 2021 2449 τρί-

434 2490 535 2544 την
558 2486 573 2503 °
596 2471 735 2539 αὕτη
758 2470 814 2522 δέ
836 2471 984 2523 ἐστιν
1005 2472 1038 2542 ἡ
1068 2470 1175 2522 τῶν
1199 2469 1425 2522 παίδων.
1444 2468 1555 2537 Τῆς
1576 2467 1676 2537 μὲν
1698 2465 1807 2535 γὰρ
1831 2482 2020 2535 γυναι-

435 2561 532 2624 κὸς
560 2561 718 2632 ἄρχει
751 2562 779 2611 ὀ
817 2558 974 2629 ἀνὴρ,
1006 2557 1116 2610 τῶν
1145 2557 1202 2610 δὲ
1230 2557 1435 2611 παίδων
1460 2555 1652 2632 ὁλάνὴρ
1677 2556 1770 2608 καὶ
1793 2555 1827 2625 ἡ
1858 2555 2016 2625 γυνή.

437 2647 580 2717 Ὅρα
604 2644 697 2700 οὖν
725 2646 777 2699 τί
801 2661 953 2715 φησι·
984 2645 1060 2698 Τὰ
1080 2644 1284 2707 τέκνα,
1306 2628 1643 2698 ὑπακούετε
1666 2640 1790 2706 τοῖς
1818 2639 2021 2709 γονεῦ-

433 2751 540 2789 σιν
554 2733 721 2805 ὑμῶν
738 2734 807 2787 ἐν
823 2734 1016 2801 Κυρίῳ
1033 2750 1046 2761 ·
1072 2732 1222 2799 αὕτη
1245 2731 1353 2800 γάρ
1375 2731 1547 2784 ἐστιν
1568 2728 1787 2795 ἐντολὴ
1818 2727 2018 2795 πρώτη

431 2828 505 2878 ἐν
533 2824 939 2894 ἐπαγγελίαις.
997 2822 1131 2876 Οὐδὲ
1178 2819 1415 2874 ἐνταῦθα
1457 2820 1586 2891 περὶ
1634 2818 1729 2872 τοῦ
1780 2817 2019 2889 Χριστοῦ

430 2912 770 2978 διαλέγεται,
822 2910 942 2964 οὐδὲ
992 2910 1120 2979 περὶ
1167 2907 1277 2960 τῶν
1321 2908 1578 2979 ὑψηλῶν·
1612 2906 1693 2959 ἔτι
1730 2905 1840 2976 γὰρ
1886 2903 2022 2976 πρὸς

436 2999 651 3062 ἁπαλὰς
671 2998 979 3065 διαλέγεται
994 2996 1234 3059 διανοίας
1256 3012 1268 3026 ·
1293 2995 1373 3048 διὸ
1399 2994 1491 3047 καὶ
1510 2994 1767 3065 βραχεῖαν
1787 2996 2023 3047 ποιεῖται

434 3088 535 3158 τὴν
552 3087 895 3157 παραίνεσιν,
925 3084 1020 3137 ἆτε
1039 3085 1099 3136 ού
1125 3083 1441 3153 δυναμένων
1467 3082 1574 3136 τῶν
1596 3082 1804 3135 παίδων
1828 3080 2024 3152 μακρῷ

437 3174 915 3246 παρακολουθῆσαι
938 3172 1102 3242 λόγῳ.
1136 3171 1233 3224 Διά
1256 3170 1415 3224 τοῦτο
1440 3170 1560 3223 οὐδὲ
1590 3170 1716 3240 περί
1751 3169 2024 3240 βασιλείας

435 3282 489 3315 τι
512 3262 822 3329 διαλέγεται
850 3278 864 3291 ο
893 3260 953 3313 οὐ
976 3260 1086 3330 γάρ
1108 3261 1224 3311 ἐστι
1243 3258 1342 3327 τῆς
1371 3256 1586 3328 ἡλικίας
1617 3256 1832 3325 ἐκείνης
1851 3255 2023 3309 ταῦτα

437 3351 659 3404 ἀκούειν
692 3364 710 3379 ⁸
754 3347 869 3401 ἀλλ’
908 3346 943 3401 ἃ
996 3344 1232 3416 μάλιστα
1281 3344 1426 3415 ψυχὴ
1478 3342 1753 3415 νηπιώδης
1793 3343 2022 3396 ἀκοῦσαι

438 3440 616 3501 ποθεῖ,
648 3437 820 3492 ταῦτά
840 3452 1026 3508 φησιν,
1052 3435 1136 3487 ὅτι
1172 3434 1571 3505 μακροχρόνιος
1602 3432 1775 3486 ἔσται.
1809 3433 1873 3485 ΕΞ
1913 3432 2023 3502 γάρ

439 3546 522 3592 τις
574 3526 855 3591 ἐξετάζοι.
907 3524 994 3577 διὰ
1040 3522 1093 3575 τί
1142 3522 1215 3593 μὴ
1271 3522 1399 3592 περὶ
1441 3520 1718 3590 βασιλείας
1750 3518 2021 3589 διελέχθη,

439 3615 577 3669 ἀλλά
601 3617 698 3684 τὴν
725 3616 783 3666 ἐν
802 3612 881 3684 τῷ
907 3612 1055 3682 νόμῳ
1074 3610 1335 3681 κειμένην
1357 3608 1574 3678 ἐντολὴν
1596 3609 1779 3671 αὐτοῖς
1803 3606 2020 3677 ἔθηκεν,

441 3701 692 3773 ἐροῦμεν,
721 3701 803 3754 ὅτι
828 3700 903 3763 ὼς
928 3697 1381 3770 νηπιωδεστέροις
1408 3692 1547 3759 οῦσι,
1578 3695 1673 3748 καὶ
1699 3695 1842 3766 μάλα
1867 3694 2023 3757 είδὼς

440 3791 541 3854 ὃτι,
576 3790 670 3843 τοῦ
714 3788 905 3857 ἀνδρὸς
939 3788 1031 3839 καὶ
1075 3786 1172 3855 τῆς
1203 3785 1462 3854 γυναικὸς
1486 3783 1629 3837 οὕτω
1663 3783 2023 3854 διακειμένων

443 3878 585 3932 κατά
604 3876 696 3929 τὸν
723 3875 884 3944 νόμον
910 3873 967 3927 ὃν
991 3874 1209 3943 ἔθηκεν,
1240 3874 1301 3925 οὐ
1325 3872 1518 3925 πολλοῦ
1541 3871 1789 3940 καμάτου
1810 3870 1929 3924 ἐστὶ
1955 3871 2024 3924 τὰ

444 3964 632 4015 παιδία
667 3943 953 4026 ὑποτάξαι.
988 3960 1155 4013 Ὅταν
1182 3959 1290 4028 γάρ
1320 3960 1553 4031 πρᾶγμα
1593 3959 1692 4028 τὴν
1730 3943 1902 4030 ἀρχῆν
1930 3959 2024 4012 καὶ

441 4049 541 4121 τὴν
585 4048 842 4102 ὑπόθεσιν
874 4046 1014 4118 λάὸῃ
1048 4048 1216 4117 καλὴν
1254 4047 1349 4100 καὶ
1386 4047 1610 4117 ἰσχυρὰν
1640 4045 1735 4099 καὶ
1765 4046 2023 4115 κοσμίαν,

440 4139 545 4209 ὀδῷ
566 4139 745 4192 πάντα
764 4135 857 4190 καὶ
879 4136 1027 4207 νόμῳ
1045 4134 1325 4205 προϐαίνει
1343 4134 1525 4188 λοιπὸν
1551 4133 1690 4204 μετά
1712 4133 1912 4203 πολλῆς
1929 4135 2030 4204 τῆς

444 4225 713 4287 εὐκολίας.
750 4225 824 4276 Τὸ
853 4223 961 4294 γὰρ
995 4222 1392 4292 χαλεπώτερον,
1429 4222 1490 4274 τὸ
1519 4221 1766 4291 θεμέλιον
1816 4220 2025 4288 θέσθαι,

444 4316 538 4367 καὶ
561 4313 659 4383 τὴν
690 4311 928 4382 κρηπῖδα
966 4310 1276 4363 ὑποϐαλεῖν.
1312 4309 1387 4363 Τὰ
1428 4307 1629 4372 τέκνα,
1670 4309 2024 4371 ὑπακούετε,

446 4402 602 4471 φησὶ,
624 4399 747 4465 τοῖς
761 4398 1045 4469 γονεῦσιν
1066 4396 1234 4467 ὑμῶν
1250 4398 1319 4450 ἐν
1337 4398 1532 4466 Κυρίῳ
1550 4414 1563 4428 ο
1596 4397 1861 4461 τουτέστι,
1886 4394 2028 4449 κατὰ

447 4488 672 4558 Κύριον.
717 4487 774 4539 '0
807 4485 958 4550 Θεὸς,
994 4484 1179 4555 φησιν,
1206 4483 1350 4537 οὕτω
1377 4482 1699 4555 προσέταξε.
1737 4483 1801 4535 Τί
1824 4479 1936 4546 οὖν,
1961 4482 2027 4536 ἂν

446 4573 601 4646 [159]
620 4576 795 4629 ἄτοπα
816 4573 1220 4645 προστάττωσι;
1243 4574 1493 4626 Μάλιστα
1526 4573 1624 4643 μὲν
1640 4571 1891 4624 οὐδέποτε
1910 4573 2028 4624 ἐπι-

445 4662 630 4716 τάττει
666 4660 847 4732 πατὴρ
876 4661 1075 4726 ἄτοπα,
1094 4660 1195 4712 κᾶν
1217 4661 1377 4723 αὐτὸς
1395 4661 1590 4723 ἄτοπος
1674 4674 1687 4687 ·
1730 4658 1869 4730 πλὴν
1908 4658 2025 4711 ἀλλ’

444 4751 596 4820 ὅμως
638 4749 734 4803 καὶ
773 4749 945 4811 οὕτως
997 4749 1363 4817 ἠσφαλίσατο,
1404 4748 1607 4801 εἰπών·
1661 4748 1757 4801 Ἐν
1800 4747 2022 4815 Κυρίῳ’

447 4838 749 4898 τουτέστιν,
793 4837 851 4890 ἐν
882 4832 963 4900 οἷς
999 4836 1065 4890 ἂν
1096 4836 1169 4908 μὴ
1208 4835 1588 4908 προσκρούσῃς
1630 4834 1784 4904 Θεῷ·
1820 4835 1895 4898 ὡς
1932 4835 2027 4888 ἐὰν

450 4925 649 4994 Ἕλλην
682 4920 740 4995 ᾖ,
769 4924 802 4995 ἢ
831 4925 1124 4995 αἰρετικὸς,
1161 4925 1343 4977 οὐκέτι
1378 4924 1657 4978 πείθεσθαι
1680 4924 1795 4977 δεῖ·
1824 4923 1883 4977 ού
1918 4924 2027 4995 γάρ

446 5016 598 5067 ἐστιν
638 5014 695 5066 ἐν
747 5012 937 5083 Κυρίῳ
986 5013 1045 5065 τὸ
1088 5014 1338 5083 πρᾶγμα.
1375 5013 1497 5075 Πῶς
1536 5012 1593 5065 δέ
1634 5030 1834 5083 φησιν,
1864 5012 2028 5078 Ἦτις

445 5101 624 5155 ἐστίν
637 5099 857 5169 ἐντολὴ
875 5098 1071 5166 πρώτη
1087 5116 1105 5162 ;
1131 5101 1320 5172 πρώτη
1341 5103 1447 5172 γάρ
1464 5102 1578 5153 ἐστι
1597 5100 1677 5165 τὸ,
1700 5102 1783 5153 Οὺ
1796 5101 2029 5169 μοιχεύ-

446 5203 601 5254 σεις,
643 5188 725 5250 τὸ,
767 5188 849 5240 Οὐ
894 5188 1232 5255 φονεύσεις.
1279 5188 1352 5241 Οὐ
1391 5190 1457 5257 τῇ
1496 5187 1647 5254 τάξει
1689 5183 2027 5260 εἶπεναύτὴν

452 5276 697 5347 πρώτην,
729 5275 864 5329 ἀλλά
897 5277 964 5346 τῇ
1008 5275 1327 5346 ἐπαγγελίᾳ.
1376 5276 1641 5338 Ἐκείναις
1682 5277 1780 5345 μὲν
1820 5275 1913 5331 οὖν
1963 5278 2024 5329 οὐ

452 5367 629 5417 κεῖται
667 5364 876 5434 μισθὸς,
910 5363 1005 5417 an
1034 5362 1164 5434 περὶ
1201 5362 1386 5416 κακῶν
1435 5362 1885 5434 διατεταγμέναις
1933 5364 2026 5418 καὶ

451 5455 553 5522 τῆς
588 5451 697 5504 τῶν
739 5452 927 5505 κακῶν
975 5452 1373 5522 ἀναχωρήσεως
1398 5467 1412 5482 ’
1463 5451 1521 5503 ἐν
1567 5452 1624 5504 δὲ
1652 5452 1897 5517 ταύταις,
1930 5454 2025 5506 ἀτε

454 5538 675 5604 ἀγαθῶν
707 5538 969 5608 ἐργασίας
1000 5537 1186 5609 οὔσης,
1218 5539 1310 5590 καὶ
1343 5538 1641 5607 ἐπαγγελία
1680 5543 1874 5593 κεῖται.
1916 5540 2025 5593 Καὶ

453 5624 557 5693 ὅρα
582 5624 699 5687 πῶς
741 5623 1057 5695 θαυμαστὴν
1104 5626 1346 5697 κρηπῖδα
1393 5626 1555 5696 ἔθηκε
1587 5629 1653 5696 τῇ
1696 5628 1795 5697 τῆς
1822 5627 2024 5697 ἀρετῆς

449 5709 560 5784 ὀδῷ
590 5711 689 5783 τὴν
716 5712 797 5777 εἰς
820 5714 949 5778 τοὺς
984 5713 1177 5782 γονέας
1218 5715 1383 5785 τιμὴν
1419 5715 1516 5769 καὶ
1540 5714 1673 5770 αἰδῶ
1699 5731 1713 5745 '
1746 5716 1842 5771 καὶ
1879 5715 2022 5770 είκό-

2122 1550 2231 1596 τως
2259 1550 2274 1564 ⁸
2310 1530 2639 1602 ’Δπαγαγὼν
2663 1530 2772 1584 τῶν
2798 1527 3052 1599 πονηρῶν
3083 1525 3356 1597 πράξεων,
3380 1525 3475 1577 καὶ
3498 1522 3705 1594 μέλλων

2122 1623 2203 1686 εἰς
2245 1622 2312 1675 τὰ
2335 1621 2517 1690 ἀγαθὰ
2565 1621 2866 1692 ἐμϐαίνειν,
2897 1616 3055 1670 τοῦτο
3076 1615 3294 1687 πρῶτον
3328 1614 3578 1678 ἐπέταξε,
3607 1614 3705 1685 τὴν

2121 1713 2203 1775 είς
2236 1712 2365 1775 τοὺς
2393 1711 2587 1780 γονέας
2610 1709 2753 1778 λέγω
2780 1706 2966 1777 τιμὴν,
3004 1703 3194 1774 ἐπειδὴ
3226 1702 3321 1755 καὶ
3355 1702 3461 1771 πρὸ
3488 1700 3707 1754 πάντων

2122 1798 2217 1852 τοῦ
2253 1798 2352 1869 ζῇν
2392 1798 2530 1868 μετά
2555 1796 2647 1849 τὸν
2675 1795 2808 1848 Θεὸν
2833 1792 2990 1847 αὐτοὶ
3015 1790 3303 1859 γεγόνασιν
3327 1787 3510 1841 αἴτιοι.
3543 1789 3706 1839 ’Ὥστε

2119 1887 2346 1947 εἰκότως
2383 1885 2449 1937 ἂν
2487 1882 2694 1955 πρῶτοι
2737 1881 2848 1934 τῶν
2890 1878 3177 1949 ἡμετέρων
3210 1873 3575 1928 ἀπολαύσειαν
3603 1890 3705 1925 κα-

2119 1971 2249 2036 λῶν,
2277 1972 2372 2025 καὶ
2395 1971 2514 2024 τότε
2532 1971 2583 2023 οἱ
2610 1969 2757 2023 ἄλλοι
2780 1968 3018 2028 ἅπαντες
3041 1963 3336 2034 ἄνθρωποι.
3365 1964 3462 2014 Ἂν
3483 1959 3593 2031 γὰρ
3630 1959 3705 2029 μὴ

2120 2059 2275 2113 τοῦτό
2296 2076 2380 2121 τις
2409 2058 2528 2129 ἔχῃ,
2556 2057 2810 2111 οὐδέποτε
2832 2055 2960 2125 περὶ
2980 2053 3102 2115 τοὺς
3135 2049 3332 2114 ἔξωθεν
3354 2048 3506 2102 ἔσται
3531 2048 3707 2099 ἐπιει-

2120 2152 2243 2220 κής.
2274 2149 2618 2220 Παραινέσας
2644 2148 2821 2200 τοίνυν
2848 2146 2988 2215 ἆπερ
3017 2142 3181 2213 ἐχρῆν
3201 2142 3309 2201 τοῖς
3334 2139 3508 2201 παισὶ,
3542 2153 3705 2207 μετα-

2120 2238 2298 2291 ϐαίνει
2318 2237 2410 2289 ἐπὶ
2435 2237 2562 2299 τοὺς
2591 2235 2856 2305 πατέρας,
2888 2230 2984 2285 καί
3009 2246 3141 2301 φησι
3162 2244 3180 2260 ο
3213 2227 3321 2281 Καὶ
3355 2228 3410 2279 οι
3430 2222 3702 2291 πατέρες,

2114 2325 2202 2396 μὴ
2244 2322 2622 2393 παροργίζετε
2650 2323 2725 2377 τὰ
2751 2321 2933 2374 τέκνα
2959 2317 3148 2388 ὑμῶν,
3198 2314 3362 2370 ἀλλὰ
3392 2312 3705 2396 ἐκτρέφετε

2118 2395 2272 2467 αὐτὰ
2296 2412 2367 2465 ἐν
2394 2411 2636 2475 παιδείᾳ
2672 2409 2771 2463 καὶ
2808 2407 3097 2473 νουθεσίᾳ
3125 2404 3365 2470 Κυρίου.
3394 2401 3507 2454 Οὐκ
3530 2395 3702 2461 εἷπεν,

2133 2502 2410 2570 Ἀγαπᾶτε
2437 2500 2595 2553 αὐτά·
2615 2497 2776 2551 τοῦτο
2794 2496 2903 2564 γὰρ
2919 2495 3012 2549 καὶ
3028 2492 3268 2546 ἀκόντων
3288 2488 3466 2543 αὐτῶν
3488 2490 3522 2559 ἡ
3546 2486 3706 2556 φύσις

2119 2590 2441 2651 ἐπισπᾶται,
2467 2588 2563 2639 καὶ
2588 2585 2840 2655 περιττὸν
2863 2580 2932 2654 ἦν
2959 2581 3088 2652 περὶ
3119 2579 3228 2633 τῶν
3252 2577 3513 2631 τοιούτων
3536 2574 3703 2644 νόμον

2118 2676 2329 2730 τιθέναι
2357 2693 2372 2707 ·
2404 2676 2540 2729 ἀλλά
2565 2674 2618 2726 τί
2662 2687 2839 2745 φησι;
2886 2671 2983 2739 Μὴ
3015 2664 3393 2737 παροργίζετε
3408 2664 3485 2718 τὰ
3523 2662 3705 2716 τέκνα

2119 2764 2308 2833 ὑμῶν,
2332 2759 2444 2817 οἷον
2465 2765 2517 2815 οἱ
2545 2762 2731 2815 πολλοὶ
2756 2759 3020 2825 ποιοῦσιν,
3044 2755 3252 2825 ἀποκλη
3261 2754 3518 2824 ρονόμους
3542 2752 3704 2820 ἐργα-

2122 2852 2359 2921 ζόμενοι,
2390 2850 2484 2904 καὶ
2515 2846 2936 2919 ἀποκηρύκτους
2972 2842 3273 2904 ποιοῦντες,
3306 2839 3401 2893 καλ⁴
3432 2834 3705 2908 φορτικῶς

2122 2938 2485 3008 ἐπικείμενοι,
2513 2938 2612 3006 οὐχ
2634 2936 2707 2997 ὼς
2729 2932 3053 3003 ἐλευθέροις,
3078 2928 3195 2983 ἀλλ’
3224 2929 3300 2992 ὡς
3328 2922 3700 2993 ἀνδραπόδοις.

2122 3027 2222 3081 Διά
2251 3026 2408 3080 τοῦτό
2450 3039 2605 3095 φησιτ
2655 3023 2753 3090 Μὴ
2786 3019 3161 3089 παροργίζετε
3199 3017 3275 3071 τὰ
3302 3013 3483 3068 τέκνα
3513 3010 3702 3079 ὑμῶν.

2123 3112 2257 3168 Εἶτα
2300 3115 2361 3168 τὸ
2414 3114 2705 3184 κεφάλαιον
2749 3111 2996 3174 πάντων,
3061 3107 3179 3169 πῶς
3224 3104 3288 3158 ἂν
3336 3100 3705 3156 ύπακούσαιεν

2123 3204 2419 3265 δείκνυσιν,
2453 3203 2533 3264 εἰς
2553 3202 2652 3272 τὴν
2682 3197 2923 3268 κεφαλὴν
2957 3196 3052 3250 καὶ
3079 3196 3177 3264 τὴν
3199 3192 3372 3263 ἀρχὴν
3393 3190 3492 3260 τὴν
3525 3188 3703 3240 αἰτίαν

2124 3292 2344 3345 ἅπασαν
2365 3289 2612 3358 ἀγαγών.
2637 3291 2747 3342 Καὶ
2766 3286 3018 3356 καθάπερ
3039 3281 3208 3346 ἔδειξε
3229 3278 3323 3332 τοῦ
3346 3278 3443 3348 τὴν
3468 3277 3704 3343 γυναῖκα

2124 3379 2422 3433 ὑπακούειν
2454 3378 2626 3431 αίτιον
2669 3376 2757 3428 τὸν
2807 3373 2975 3444 ἄνδρα
3015 3372 3300 3440 γινόμενον
3354 3366 3455 3437 (διὸ
3497 3364 3591 3418 καὶ
3636 3361 3704 3415 τά

2124 3466 2344 3519 πλείονα
2385 3463 2534 3535 αὐτῷ
2574 3463 2904 3530 διαλέγεται,
2935 3462 3001 3530 τῇ
3036 3460 3132 3525 τῆς
3169 3456 3388 3525 ἀγάπης
3430 3449 3704 3535 τυραννίδι

2124 3548 2457 3619 παρακαλῶν
2483 3532 2652 3617 αὐτὴν
2681 3542 3060 3613 ἐπισπᾶσθαι),
3083 3541 3223 3594 οὕτω
3250 3538 3314 3609 δὴ
3350 3536 3445 3589 καί
3471 3532 3709 3588 ἐνταῦθα

2123 3618 2288 3691 πάλιν
2327 3638 2407 3698 είς
2447 3634 2612 3689 αὐτὸν
2652 3632 2753 3705 τὴν
2792 3631 2971 3685 αἰτίαν
3022 3629 3235 3696 ἀνάγει,
3272 3625 3449 3693 λέγων
3472 3639 3488 3653 ’
3530 3618 3705 3675 Ἀλλὰ

2122 3722 2436 3792 ἐκτρέφετε
2464 3720 2617 3775 αὐτὰ
2645 3720 2714 3773 ἐν
2746 3718 2983 3784 παιδείᾳ
3010 3715 3107 3770 καί
3141 3712 3429 3778 νουθεσίᾳ
3460 3708 3700 3775 Κυρίου.

2136 3812 2299 3883 Ὁρᾷς
2324 3811 2404 3864 ὅτι
2441 3808 2552 3862 τῶν
2586 3806 2977 3879 πνευματικῶν
3013 3805 3182 3858 ὅντων
3221 3802 3316 3875 καὶ
3356 3799 3426 3851 τὰ
3461 3793 3702 3883 σαρκικὰ

2124 3882 2353 3969 ἕψεται;
2402 3896 2593 3950 Βούλει
2626 3893 2764 3948 εἶναι
2798 3895 2888 3947 τὸν
2931 3893 3045 3945 υἱὸν
3081 3890 3395 3959 πειθήνιον;
3433 3884 3491 3949 ἐξ
3529 3882 3705 3953 ἀρχῆς

2126 3987 2291 4042 αὐτὸν
2325 3986 2554 4055 έκτρεφε
2580 3987 2637 4036 ἐν
2677 3981 2898 4052 παιδεία
2931 3981 3027 4033 καὶ
3063 3977 3317 4048 νουθεσίᾳ
3349 3975 3554 4044 Κυρίου
3577 3984 3592 4003 ο
3626 3969 3705 4041 μὴ

2126 4075 2356 4148 νομίσῃς
2396 4070 2531 4126 εἶναι
2569 4070 2821 4140 περιττὸν
2861 4069 2921 4121 τὸ
2948 4067 3056 4120 τῶν
3089 4066 3247 4119 θείων
3271 4061 3501 4133 Γραφῶν
3544 4058 3704 4112 αὐτὸν

2128 4161 2418 4216 ἐπακούειν
2449 4178 2462 4192 ο
2500 4161 2618 4212 ἐκεῖ
2645 4157 2753 4227 γάρ
2773 4155 2932 4209 τοῦτο
2958 4153 3175 4224 πρῶτον
3201 4151 3513 4206 ἀκούσεταυ
3562 4148 3705 4215 Τίμα

2126 4253 2234 4307 τὸν
2263 4249 2487 4319 πατέρα
2520 4264 2637 4302 σου
2666 4248 2765 4302 καί
2789 4246 2906 4314 τὴν
2937 4243 3166 4314 μητέρα
3201 4256 3339 4296 σου.
3373 4240 3535 4291 Ὥστε
3563 4236 3704 4305 ὑπὲρ

2130 4338 2223 4393 σοῦ
2240 4337 2400 4391 τοῦτο
2420 4337 2649 4405 γίνεται.
2682 4334 2773 4403 Μὴ
2794 4334 2976 4404 εἴπῃς
2995 4329 3167 4384 Τοῦτο
3192 4325 3533 4399 μοναζόντων
3550 4322 3664 4376 ἐστί
3685 4339 3701 4354 ο

2130 4427 2205 4497 μὴ
2240 4425 2351 4496 γὰρ
2402 4422 2701 4494 μονάζοντα
2732 4421 2893 4474 αὑτὸν
2937 4417 3121 4483 ποιῶ;
3167 4417 3281 4469 Οὐκ
3316 4414 3463 4467 ἐστιν
3489 4413 3702 4497 ἀνάγκη

2126 4496 2379 4581 γενέσθαι
2406 4510 2569 4564 αὐτὸν
2600 4508 2919 4579 μονάζοντα.
2965 4506 3031 4557 Τί
3065 4504 3308 4567 δέδοικας
3345 4501 3465 4565 δέος
3506 4496 3705 4552 πολλοῦ

2128 4601 2356 4671 κέρδους
2402 4598 2708 4667 ἀνάμεστον
2731 4613 2745 4661 ;
2771 4591 3094 4666 Χριστιανὸν
3119 4590 3281 4645 αὐτὸν
3307 4588 3550 4658 ποίησον.
3578 4585 3694 4640 Μά-

2127 4686 2284 4739 λιστα
2333 4685 2445 4757 γάρ
2484 4686 2595 4747 τοῖς
2642 4684 2928 4753 κοσμικοῖς
2984 4680 3283 4747 ἀναγκαῖον
3331 4677 3400 4732 τὰ
3453 4674 3703 4728 ἐντεῦθεν

2128 4775 2328 4828 εἰδέναι
2360 4774 2695 4841 διδάγματα,
2743 4769 2979 4839 μάλιστα
3011 4768 3124 4829 τοῖς
3170 4763 3348 4818 παισί.
3397 4762 3571 4829 Πολλὴ
3596 4759 3703 4829 γὰρ

2128 4864 2163 4933 ἡ
2196 4861 2350 4914 ἄνοια
2375 4862 2432 4913 ἐν
2454 4859 2638 4930 ἐκείνῃ
2664 4860 2732 4928 τῇ
2770 4854 2957 4927 ἡλικίᾳ
2983 4870 2997 4883 ·
3026 4856 3093 4925 τῇ
3133 4852 3190 4905 δέ
3235 4850 3390 4921 ἀνοίᾳ
3417 4848 3701 4919 προσθήκη

2127 4952 2338 5020 γίνεται
2371 4951 2466 5004 καὶ
2498 4949 2567 5002 τὰ
2602 4946 2750 5017 παρά
2773 4944 2880 4998 τῶν
2909 4942 3106 5007 ἔξωθεν
3134 4942 3325 5009 λόγων,
3366 4942 3492 4992 ὅταν
3522 4936 3703 5007 μάθω-

2129 5056 2213 5092 σιν
2263 5039 2379 5090 ἐκεῖ
2430 5035 2556 5099 τοὺς
2602 5034 2733 5104 παρ’
2780 5032 2964 5092 αὐτοῖς
3006 5028 3451 5099 θαυμαζομένους
3493 5026 3701 5093 ἥρωας,

2130 5125 2315 5179 παθῶν
2344 5123 2558 5184 δούλους
2581 5122 2741 5182 ὄντας
2756 5119 2851 5172 καὶ
2875 5115 3023 5189 [160]
3056 5115 3259 5177 δειλοὺς
3288 5112 3421 5182 πρὸς
3438 5111 3661 5164 θάνατον
3685 5124 3698 5136 ’

2127 5210 2238 5267 οἷον
2270 5215 2298 5265 ὁ
2334 5210 2605 5281 Ἀχιλλεὺς
2626 5210 2752 5261 ὅταν
2787 5207 3041 5277 μετανοῇ,
3063 5206 3191 5257 ὅταν
3220 5202 3357 5271 ὑπὲρ
3383 5197 3703 5260 παλλακίδος

2135 5300 2488 5369 ἀποθνήσκῃ,
2537 5297 2663 5349 ὅταν
2714 5293 2901 5362 ἕτερος
2962 5290 3155 5361 μεθύῃ,
3194 5289 3291 5341 καὶ
3338 5289 3497 5358 ἔτερα
3535 5285 3703 5338 πολλά

2132 5387 2377 5442 τοιαῦτα.
2403 5387 2495 5438 Δεῖ
2517 5384 2698 5438 τοίνυν
2726 5380 2876 5451 αὐτῷ
2902 5381 3012 5433 τῶν
3047 5379 3356 5449 φαρμάκων
3392 5375 3618 5430 τούτων.

2202 5541 2267 5611 β’.
2299 5539 2422 5602 Πῶς
2449 5537 2560 5606 γὰρ
2590 5536 2691 5589 οὐκ
2713 5534 2912 5589 ἄτοπον
2936 5533 3015 5595 εἰς
3045 5530 3242 5601 τέχνας
3275 5528 3373 5600 μὲν
3394 5525 3703 5595 ἐκπέμπειν

2129 5632 2224 5684 καὶ
2243 5631 2321 5691 εἰς
2339 5624 2730 5687 διδασκαλεῖον,
2746 5620 2842 5674 καὶ
2858 5620 3037 5673 πάντα
3057 5618 3315 5689 πράττειν
3336 5616 3477 5685 ὑπὲρ
3492 5611 3699 5671 τούτου,

2135 5718 2192 5770 ἐν
2224 5716 2281 5770 δὲ
2310 5714 2531 5786 παιδεία
2559 5712 2651 5766 καὶ
2680 5707 2932 5777 νουθεσίᾳ
2959 5707 3167 5779 Κυρίου
3200 5704 3277 5777 μὴ
3304 5702 3591 5774 ἐκτρέφειν
3625 5696 3696 5752 τὰ
