4096 6388
388 368 492 427 149

389 487 472 540 bis
510 494 569 540 ut
599 484 728 541 nulli
776 496 1034 540 extraneo
1078 484 1313 539 animum
1367 484 1638 547 adhibeat,
1686 482 1782 538 sed
1833 483 1965 538 alias

386 594 573 634 omnes
600 578 838 633 irrideat.
872 578 1015 631 Doce
1055 577 1147 631 Dei
1179 579 1422 631 timorem
1447 618 1463 641 ,
1515 586 1570 631 et
1601 578 1780 631 omnia
1824 586 1965 630 tam-

386 686 543 740 quam
571 685 600 723 a
632 669 779 724 fonte
805 669 1025 723 afﬂuent
1052 710 1067 734 ,
1096 670 1304 737 eritque
1343 669 1535 724 dooms
1574 670 1766 723 referta
1810 669 1966 723 bonis

388 760 885 815 innumerabilibus.
911 760 967 813 Si
990 760 1405 828 incorruptibilia
1431 775 1753 830 quaeramus,
1780 775 1965 814 corru-

386 852 588 920 ptibilis
630 865 843 922 quoque
888 852 1215 906 advenient:
1246 850 1467 917 Quterite
1537 851 1680 906 enim
1707 892 1722 914 ,
1754 851 1962 920 inquit,

385 944 601 1012 primum
646 959 855 1011 regnum
903 941 1016 1007 Dei,
1050 954 1092 996 et
1138 942 1243 995 hac
1280 942 1448 995 omnia
1486 942 1791 1014 adjicientur
1825 942 1964 997 vobis

383 1033 597 1091 (Matth.
618 1037 670 1089 6.
699 1036 816 1103 '53).
834 1034 1030 1102 Quales
1055 1032 1272 1103 putandi
1295 1044 1419 1087 sunt
1444 1035 1537 1089 ﬁlii
1567 1035 1746 1089 talium
1770 1050 1965 1105 paren~

383 1125 536 1179 tum?
568 1127 754 1196 quales
783 1133 1202 1181 consentaneum
1243 1134 1326 1181 est
1363 1140 1485 1180 esse
1522 1125 1750 1181 famulos
1777 1126 1961 1181 talium

381 1219 758 1273 dominorum?
785 1220 972 1290 quales
1019 1234 1115 1274 eos
1160 1234 1368 1285 omnes,
1397 1219 1484 1289 qui
1524 1219 1630 1273 illis
1676 1220 1963 1289 appropin-

380 1310 584 1375 quant?
608 1326 787 1364 annon
815 1312 1087 1381 continget
1112 1324 1207 1365 eos
1228 1324 1439 1380 quoque
1460 1324 1580 1364 esse
1596 1309 1782 1379 plenos
1807 1309 1962 1364 bonis

379 1402 890 1459 innumerabilibus?
920 1402 1052 1458 Nam
1088 1403 1316 1457 maxima
1342 1417 1411 1457 ex
1450 1411 1601 1472 parte
1628 1418 1693 1457 ex
1721 1402 1960 1457 moribus

1256 366 1322 425 IN
1362 368 1571 426 EPIST.
1614 370 1705 424 AD
1744 368 1981 425 EPHES.
2022 370 2174 425 CAP.
2218 371 2305 427 Vl.
2346 373 2573 433 HOMIL.
2620 378 2763 437 XXI.

3553 391 3652 447 150

2070 484 2408 544 dominorum
2438 495 2580 548 servi
2623 511 2803 552 mures
2831 511 2957 553 suos
2978 512 3325 570 componunt,
3359 514 3411 556 ct
3436 506 3649 559 assimi-

2070 576 2248 631 lantur
2280 596 2466 637 eorum
2496 584 2775 642 desideriis
2809 604 2822 641 :
2851 591 3037 645 eadem
3076 602 3289 653 amant,
3321 595 3505 649 eadem
3529 612 3649 668 quae

2071 668 2357 727 didicerint
2383 674 2689 746 loquuntur,
2724 680 2775 734 in
2818 680 3005 737 iisdem
3039 694 3338 739 versantur.
3370 685 3424 743 Si
3447 689 3525 741 sic
3553 705 3651 744 nos

2071 761 2215 830 ipsos
2239 775 2641 835 componamus,
2665 784 2717 825 et
2742 774 3031 844 Scripturis
3053 777 3408 845 attendamus,
3425 779 3651 849 plurima

2068 853 2135 907 ab
2161 855 2267 912 illis
2292 857 2622 916 docebimur.
2656 865 2726 919 Ita
2754 870 3045 937 poterimus
3078 871 3186 926 Deo
3219 873 3428 940 placere
3450 914 3465 940 ,
3497 886 3549 929 et
3572 887 3652 929 lo-

2069 955 2175 1000 tam
2202 950 2362 1005 vitam
2396 967 2710 1022 prmsentem
2753 975 2875 1015 cum
2908 962 3100 1017 virtute
3138 967 3454 1035 transigere.
3482 979 3537 1021 ct
3564 985 3649 1023 as-

2067 1039 2214 1138 sequi
2264 1039 2403 1095 bona
2452 1046 2711 1113 promissa
2768 1050 2834 1105 iis
2878 1054 2964 1121 qui
3018 1054 3192 1123 ipsum
3240 1057 3650 1129 diliguntzqum

2066 1137 2266 1182 utinam
2296 1146 2395 1187 nos
2429 1149 2619 1191 omnes
2649 1154 3062 1211 consequamur,
3096 1161 3191 1213 per
3217 1149 3444 1216 gratiam
3469 1160 3519 1202 et
3551 1151 3643 1205 bc-

2066 1220 2379 1291 nignitatem
2404 1226 2610 1283 Domini
2642 1235 2807 1287 nostri
2830 1234 2956 1290 Jesu
2983 1237 3205 1301 Christi,
3226 1241 3309 1293 cui
3338 1256 3459 1296 cum
3492 1243 3648 1299 Patre

2064 1320 2119 1367 et
2163 1312 2365 1383 Spiritu
2393 1330 2578 1377 sancto
2616 1323 2813 1394 gloria,
2846 1328 3126 1398 imperium
3145 1373 3158 1391 ,
3191 1331 3364 1387 honor
3387 1374 3403 1399 ,
3430 1351 3569 1390 nunc
3594 1345 3650 1389 et

2064 1417 2297 1474 semper,
2322 1418 2374 1464 et
2400 1411 2451 1465 in
2478 1414 2669 1469 saecula
2697 1418 3036 1475 saeculorum.
3059 1421 3252 1477 Amen.

1762 1616 2108 1682 HOMILIA
2140 1622 2318 1687 XXI.

374 1761 503 1818 CAP.
524 1762 577 1818 6.
595 1780 642 1816 ν.
674 1765 723 1819 1.
747 1762 891 1827 Filii,
909 1764 1103 1820 obedite
1120 1764 1410 1836 parentibus
1429 1763 1602 1818 vestris
1624 1763 1675 1816 in
1704 1761 1951 1816 Domino:

447 1855 542 1908 Itoc
571 1856 701 1909 enim
714 1857 913 1926 justum
937 1866 1031 1911 est.
1056 1855 1114 1910 2.
1150 1853 1363 1910 Honora
1389 1865 1584 1923 patrem
1613 1866 1752 1909 tuum
1777 1864 1826 1908 et
1844 1871 1952 1906 ma-

447 1958 573 2002 trem
604 1957 742 2002 tuam
764 1988 780 2016 ,
809 1949 946 2017 quod
983 1957 1054 2002 est
1089 1948 1386 2001 mandatum
1412 1948 1632 2015 primum
1653 1949 1707 2001 in
1736 1947 1954 2018 promis-

444 2040 583 2093 sione
614 2080 629 2105 ,
668 2041 721 2095 5.
770 2048 826 2095 ιιι
864 2041 986 2095 bene
1026 2041 1116 2095 tibi
1152 2041 1218 2096 sit
1242 2081 1259 2105 ,
1294 2052 1341 2094 et
1379 2042 1450 2095 sit
1495 2041 1749 2110 longaevus
1800 2057 1954 2109 super

445 2143 648 2187 terram.

446 2228 497 2281 l.
516 2226 974 2293 Quemadmodum
991 2226 1252 2297 quispiam
1268 2241 1463 2296 corpus
1478 2228 1702 2296 ﬁngens,
1721 2226 1948 2295 primum

372 2317 586 2386 quidem
612 2319 757 2386 ponit
785 2327 948 2389 caput
978 2359 994 2385 ,
1026 2318 1221 2374 deinde
1245 2319 1443 2373 collum
1467 2359 1483 2383 ,
1511 2317 1706 2372 deinde
1738 2316 1901 2385 pedes
1932 2332 1947 2369 :

375 2411 448 2464 ita
490 2410 650 2464 etiam
694 2411 881 2465 beatus
927 2410 1124 2465 Paulus
1163 2410 1407 2482 procedit
1449 2410 1503 2463 in
1548 2424 1643 2464 sua
1682 2410 1945 2463 oratione.

377 2503 517 2557 Dixit
555 2503 623 2557 de
664 2504 782 2557 viro
812 2546 827 2568 ,
859 2504 1002 2558 dixit
1039 2504 1106 2558 de
1140 2504 1363 2558 muliere
1386 2544 1403 2569 ,
1433 2502 1522 2571 qui
1566 2510 1649 2556 est
1685 2499 1951 2554 secundus

373 2593 740 2663 principatus:
764 2595 875 2662 jam
906 2596 1082 2664 pergit
1106 2595 1173 2649 ad
1202 2595 1414 2649 tertium
1441 2611 1455 2657 ;
1489 2595 1534 2647 is
1564 2602 1742 2647 autem
1771 2603 1855 2646 est
1883 2593 1943 2644 ﬁ—

372 2684 586 2739 lioruin.
612 2685 745 2740 Nam
771 2687 921 2740 uxori
943 2688 1159 2757 quidem
1182 2687 1409 2757 imperat
1435 2686 1677 2748 maritus,
1709 2684 1830 2739 ﬁliis
1855 2700 1951 2736 au-

374 2784 481 2829 tem
515 2785 570 2830 et
609 2778 691 2831 vir
736 2786 790 2831 et
836 2778 1048 2833 mulier.
1095 2778 1230 2834 Vide
1269 2793 1399 2849 ergo
1442 2777 1569 2848 quid
1611 2777 1788 2832 dicat:
1828 2776 1972 2840 Filii,

371 2869 565 2923 obedite
607 2870 898 2937 parentibus
940 2873 1117 2926 vestris
1161 2873 1215 2925 in
1255 2870 1478 2926 Domino
1508 2886 1528 2925 :
1555 2872 1650 2924 hoc
1698 2872 1831 2924 enim
1878 2882 1948 2925 est

371 2960 589 3028 primum
621 2972 927 3031 praeceptum
948 2962 1001 3015 in
1024 2963 1459 3031 promissionibus.
1484 2962 1624 3016 Nihil
1656 2961 1744 3015 hic
1774 2963 1946 3030 loqui-

373 3059 456 3103 tur
476 3049 543 3104 de
564 3049 798 3113 Christo,
815 3051 945 3105 nihil
971 3053 1037 3107 de
1063 3053 1289 3107 excelsis
1310 3069 1324 3117 ;
1351 3053 1526 3107 adhuc
1545 3052 1688 3106 enim
1716 3052 1949 3121 loquitur

369 3159 487 3196 eum
521 3146 723 3199 teneris
755 3145 1023 3200 mentibus
1058 3164 1071 3199 :
1104 3155 1155 3199 et
1187 3145 1305 3199 ideo
1346 3148 1561 3200 brevem
1594 3145 1722 3199 facit
1748 3146 1943 3199 exhor-

369 3236 623 3292 tationem
654 3280 670 3303 ,
699 3247 884 3308 utpote
925 3238 1071 3308 quod
1111 3254 1217 3291 non
1263 3237 1471 3307 possint
1497 3238 1649 3306 pueri
1683 3238 1942 3306 prolixam

366 3330 580 3398 assequi
631 3331 947 3385 orationem.
990 3331 1277 3399 Propterea
1325 3344 1427 3385 nec
1466 3329 1667 3399 aliquid
1711 3328 1841 3383 dicit
1876 3326 1945 3382 de

366 3435 533 3487 regno
563 3436 578 3481 ;
608 3436 712 3473 non
741 3430 823 3473 est
853 3422 993 3473 enim
1038 3421 1177 3474 illius
1223 3422 1396 3474 :ctatis
1438 3420 1553 3473 haec
1582 3420 1767 3474 audire
1801 3438 1815 3485 ;
1849 3418 1944 3473 sed

365 3527 486 3579 quae
518 3512 749 3564 maxime
773 3512 920 3580 cupit
946 3512 1132 3567 audire
1157 3514 1380 3581 puerilis
1409 3513 1640 3573 animus,
1672 3527 1730 3566 ea
1764 3512 1938 3575 dixit,

366 3620 556 3675 nempe
579 3605 719 3675 quod
745 3605 848 3660 erit
873 3606 1168 3675 longaevus.
1200 3605 1252 3661 Si
1276 3606 1395 3675 quis
1418 3607 1560 3660 enim
1585 3606 1820 3674 inquirit,
1847 3620 1943 3658 cur

361 3698 430 3753 de
452 3713 617 3769 regno
635 3714 737 3752 non
755 3698 1028 3762 disseruit,
1056 3698 1150 3753 sed
1170 3699 1247 3752 eis
1275 3698 1451 3767 posuit
1472 3696 1779 3751 mandatum
1799 3695 1940 3764 quod

363 3790 524 3845 situm
556 3800 639 3845 est
666 3791 718 3844 in
748 3791 901 3861 lege;
932 3790 1173 3844 dicemus
1200 3790 1278 3843 eis
1318 3789 1370 3842 id
1405 3788 1601 3844 fecisse
1632 3798 1689 3841 ut
1718 3789 1804 3856 qui
1834 3789 1942 3840 sint

266 3928 279 3943 ,
362 3883 678 3951 pueriliores
704 3926 719 3948 ,
752 3893 810 3937 ut
840 3885 928 3952 qui
959 3886 1092 3938 sciat
1116 3883 1256 3952 quod
1284 3885 1400 3935 viro
1426 3892 1481 3936 et
1505 3883 1728 3936 muliere
1760 3884 1829 3934 ita
1855 3880 1936 3934 af-

362 3974 513 4029 fectis
554 3976 937 4029 convenienter
976 3975 1077 4043 legi
1122 3989 1279 4042 quam
1324 3974 1484 4039 tulit,
1515 3988 1618 4026 non
1649 3980 1728 4025 est
1761 3972 1937 4040 magni

364 4066 562 4120 laboris
588 4066 843 4136 puerulos
865 4066 1150 4134 subjicere.
1184 4064 1411 4131 Quando
1437 4065 1579 4118 enim
1611 4079 1699 4118 res
1729 4064 1935 4116 initium

362 4158 625 4225 acceperit
647 4166 701 4210 et
722 4156 1124 4211 fundamentum
1163 4156 1381 4217 bonum,
1398 4155 1733 4225 validumque
1763 4165 1818 4207 et
1838 4156 1934 4208 ho—

363 4261 572 4304 nestum
599 4294 612 4311 ,
643 4252 822 4304 omnia
852 4250 1106 4319 deinceps
1138 4249 1223 4302 via
1264 4258 1318 4302 et
1346 4250 1463 4318 lege
1493 4249 1787 4318 procedunt
1814 4262 1936 4300 cum

362 4346 529 4399 multa
576 4343 868 4398 facilitate:
896 4352 979 4397 est
1020 4343 1164 4396 enim
1209 4342 1479 4396 difﬁcilius
1517 4342 1700 4410 jacere
1741 4339 1935 4393 funda-

363 4446 637 4500 mentum,
669 4443 725 4490 et
763 4434 933 4489 basim
960 4434 1224 4503 subjicere
1254 4433 1500 4486 validam.
1525 4431 1653 4486 Filii
1679 4474 1694 4496 ,
1726 4431 1894 4501 inquit
1919 4472 1935 4495 ,

360 4529 560 4583 obedite
588 4528 875 4595 parentibus
918 4529 1097 4580 vestris
1135 4528 1191 4580 in
1222 4526 1483 4589 Domino;
1526 4526 1627 4579 hoc
1675 4534 1757 4579 est
1800 4538 1934 4577 con-

360 4630 617 4691 gruenter
643 4620 889 4674 Domino.
921 4619 1065 4672 Deus
1083 4620 1245 4683 enim,
1281 4619 1470 4687 inquit,
1503 4619 1578 4669 sic
1599 4616 1777 4685 jussit.
1797 4614 1931 4681 Quid

364 4727 509 4777 vero,
544 4712 587 4765 si
608 4712 868 4781 jusserint
900 4710 1134 4765 absurda
1175 4719 1229 4764 et
1266 4725 1368 4763 non
1406 4709 1677 4762 honesta?
1704 4707 1937 4761 Maxime

360 4804 575 4873 quidem
602 4818 890 4869 numquam
922 4811 1075 4870 pater
1107 4800 1348 4869 prtecipit
1372 4798 1603 4853 absurda
1634 4810 1685 4852 et
1714 4798 1938 4851 inhone-

360 4904 463 4958 sta,
495 4895 704 4949 etiamsi
747 4895 860 4962 ipse
899 4893 968 4945 sit
999 4893 1172 4945 minus
1214 4891 1468 4943 honestus
1501 4908 1513 4943 :
1557 4899 1808 4943 ueterum
1858 4889 1936 4942 sic

360 5004 568 5058 quoque
613 4988 855 5041 adhibuit
897 4986 1199 5039 cautionem
1225 5025 1239 5047 ,
1280 4984 1470 5039 dicens
1502 5000 1516 5037 :
1544 4983 1610 5036 In
1665 4981 1887 5036 Domino
1917 4999 1934 5034 :

363 5081 462 5133 hoc
493 5089 608 5144 est,
635 5079 686 5132 in
716 5080 853 5132 iisin
876 5078 1071 5147 quibus
1103 5077 1269 5129 Deum
1300 5091 1408 5129 non
1436 5076 1699 5130 olfendas.
1731 5076 1862 5129 Nam
1891 5077 1935 5129 si

359 5174 429 5225 sit
454 5173 674 5225 Gnaeus
705 5182 795 5224 aut
824 5170 1129 5234 lucri-licus,
1165 5185 1267 5222 non
1297 5170 1476 5237 utique
1504 5168 1793 5237 parendum
1820 5178 1935 5222 est:

356 5280 444 5318 res
473 5264 617 5317 enim
652 5281 754 5316 non
783 5273 865 5317 est
892 5264 944 5315 in
980 5262 1223 5317 Domino.
1250 5260 1530 5328 Quomodo
1561 5268 1739 5314 autem
1762 5259 1891 5312 dicit
1920 5301 1935 5323 ,

361 5355 510 5421 Quod
537 5365 607 5407 est
630 5356 848 5424 primum
872 5354 1209 5407 mandatum?
1240 5354 1468 5422 primum
1501 5360 1586 5405 est
1611 5353 1752 5405 enim
1783 5351 1931 5415 illud,

360 5445 482 5499 Non
516 5446 839 5500 iniec/laberis
865 5486 881 5511 ,
927 5454 983 5499 et
1014 5487 1029 5511 ,
1064 5445 1183 5498 Non
1212 5445 1424 5497 occides.
1457 5443 1570 5497 Non
1603 5444 1773 5512 ipsum
1800 5443 1938 5496 dixit

359 5539 588 5606 primum
633 5539 862 5605 ordine,
894 5537 989 5591 sed
1045 5536 1425 5606 promissione.
1475 5535 1581 5589 Illis
1624 5536 1781 5604 igitur
1830 5551 1935 5589 non

364 5631 676 5697 proponitur
696 5644 905 5685 merces
931 5672 945 5694 ,
975 5639 1030 5683 ut
1056 5645 1174 5699 quae
1194 5628 1485 5683 constituta
1511 5628 1619 5683 sint
1646 5628 1715 5683 de
1739 5629 1892 5683 malis
1918 5669 1933 5693 ,

360 5730 417 5774 et
442 5720 509 5774 de
528 5736 745 5777 recessu
775 5738 804 5775 a
829 5723 1019 5786 malis;
1048 5724 1099 5776 in
1130 5722 1213 5776 bis
1243 5730 1421 5777 autem
1449 5762 1466 5789 ,
1500 5731 1685 5791 utpote
1711 5737 1833 5776 cum
1865 5723 1949 5789 sit.

361 5807 621 5866 bonorum
652 5813 909 5882 operatio,
926 5813 1137 5882 ponitur
1162 5815 1321 5868 etiam
1353 5814 1651 5883 promissio.
1678 5812 1809 5868 Vide
1836 5827 1934 5866 au-

705 5921 974 5981 PunOL.
1020 5919 1139 5981 Gn.
1187 5921 1379 5983 LXII.

2064 1774 2167 1821 tem
2191 1774 2460 1837 quomodo
2488 1776 2654 1831 basim
2681 1782 3050 1838 admirabilem
3082 1788 3314 1853 posuerit
3346 1787 3442 1839 vim
3474 1787 3648 1841 virtu-

2061 1860 2129 1915 tis
2155 1901 2170 1927 ,
2202 1877 2396 1933 nempe
2426 1866 2478 1920 in
2512 1882 2762 1937 parentes
2792 1872 3051 1929 honorem
3083 1886 3136 1929 et
3165 1878 3560 1941 reverentiam;
3588 1888 3644 1933 et

2054 1949 2175 2018 jure
2194 1954 2431 2022 quidem.
2462 1959 2591 2013 Cum
2624 1962 2935 2020 abduxisset
2961 1982 2990 2019 a
3022 1968 3177 2022 malis
3202 1968 3505 2023 actionibus
3533 2012 3548 2035 ,
3580 1981 3636 2025 et

2060 2042 2196 2098 bona
2222 2055 2367 2101 esset
2388 2048 2744 2119 ingressurus,
2777 2054 2880 2110 hoc
2908 2058 3134 2127 primum
3156 2060 3352 2127 posuit,
3378 2061 3636 2115 honorem

2058 2132 2111 2186 in
2141 2147 2411 2205 parentes,
2444 2144 2695 2210 quoniam
2726 2155 2781 2199 et
2806 2156 2931 2203 ante
2961 2151 3138 2204 omnia
3168 2151 3267 2219 ipsi
3311 2160 3430 2220 post
3469 2152 3635 2207 Deum

2060 2225 2271 2282 fuerunt
2300 2240 2552 2287 auctores
2579 2234 2721 2289 vitae.
2752 2236 2930 2304 Quare
2957 2240 3149 2296 merito
3174 2242 3333 2311 primi
3372 2243 3636 2299 bonorum

2056 2329 2361 2375 nostrorum
2404 2323 2632 2379 fructum
2683 2331 3055 2399 perceperint,
3084 2343 3140 2387 et
3169 2342 3294 2388 tunc
3321 2334 3409 2388 alii
3449 2350 3638 2390 omnes

2056 2408 2321 2467 homines.
2350 2414 2481 2470 Nam
2510 2416 2555 2470 si
2582 2419 2703 2487 quis
2731 2419 2831 2474 hoc
2854 2437 2959 2475 non
2987 2422 3199 2487 habeat,
3229 2439 3515 2493 numquam
3534 2426 3639 2479 erit.

2055 2500 2226 2555 bonus
2246 2515 2300 2557 et
2320 2521 2502 2574 aequus
2531 2508 2582 2561 in
2605 2518 2911 2567 extraneos.
2935 2513 3066 2567 Cum
3088 2528 3216 2584 ergo
3242 2514 3362 2568 ﬁliis
3378 2516 3637 2570 suasisset.

2055 2609 2174 2661 quae
2200 2598 2484 2662 oportebat
2508 2642 2523 2664 ,
2556 2604 2748 2655 transit
2777 2603 2843 2658 ad
2872 2616 3123 2675 parentes
3152 2648 3167 2671 ,
3200 2615 3255 2659 et
3282 2606 3413 2661 dicit
3438 2624 3451 2659 :
3481 2607 3537 2661 4.
3564 2606 3632 2661 Et

2054 2701 2160 2750 vos,
2194 2699 2379 2755 patres,
2409 2693 2561 2745 nolite
2584 2693 2653 2745 ad
2681 2694 2811 2747 iram
2843 2711 3113 2764 provocare
3137 2698 3270 2766 ﬁlios
3296 2708 3517 2765 vestros;
3543 2700 3633 2752 sed

2055 2780 2263 2831 educate
2289 2780 2404 2835 illo:
2439 2783 2491 2834 in
2532 2784 2801 2852 disciplina
2828 2796 2876 2840 et
2898 2789 3210 2857 correptione
3257 2788 3479 2842 Domini.
3514 2788 3634 2843 Non

2053 2869 2184 2923 dicit
2212 2910 2227 2935 ,
2274 2871 2380 2925 Eos
2406 2873 2612 2943 diligite
2646 2892 2661 2940 ;
2702 2876 2803 2931 hoc
2831 2880 2974 2932 enim
3005 2881 3085 2934 eis
3113 2881 3202 2935 vel
3230 2882 3411 2937 invitis
3441 2892 3631 2936 natura

2052 2960 2290 3025 attrahit,
2321 2970 2376 3016 et
2397 2964 2722 3032 superﬂuum
2753 2978 2899 3022 esset
2922 2969 2990 3023 de
3019 2970 3098 3024 eis
3126 2970 3296 3039 legem
3327 2972 3467 3026 ferre
3492 2989 3505 3024 :
3535 2971 3633 3026 sed

2052 3052 2177 3119 quid
2205 3052 2375 3106 dicit?
2419 3054 2593 3110 Nolite
2617 3074 2892 3125 provocare
2919 3062 2986 3114 ad
3008 3062 3140 3115 iram
3170 3064 3303 3131 ﬁlios
3326 3075 3514 3118 vestros
3534 3081 3551 3127 ;
3575 3076 3635 3119 ut

2052 3144 2199 3196 inulti
2214 3144 2515 3201 faciunteos
2530 3148 2914 3207 exheredantes
2930 3164 2986 3207 et
3002 3154 3495 3217 abdicantes,eteos
3515 3171 3636 3226 gra-

2051 3246 2235 3291 vantes
2276 3247 2331 3292 et
2358 3251 2663 3308 prementes
2695 3284 2707 3305 ,
2736 3260 2841 3297 non
2872 3253 2931 3298 ut
2957 3245 3156 3301 liberos
3181 3287 3196 3311 ,
3227 3246 3324 3301 sed
3356 3257 3625 3317 tamquam

2049 3329 2333 3399 mancipia.
2366 3331 2654 3401 Propterea
2677 3335 2844 3398 dicit,
2890 3333 3067 3391 Nolite
3096 3354 3369 3406 provocare
3396 3339 3467 3392 ad
3491 3339 3625 3394 iram

2049 3420 2184 3486 ﬁlios
2209 3432 2417 3477 vestros.
2455 3416 2653 3479 Deinde
2694 3426 2836 3496 quod
2873 3438 2958 3483 est
2985 3438 3149 3499 caput
3188 3438 3244 3484 et
3271 3446 3481 3485 summa
3508 3443 3628 3485 om-

2049 3505 2192 3558 nium
2218 3547 2233 3570 ,
2266 3507 2501 3560 ostendit
2527 3509 2795 3575 quomodo
2822 3511 2930 3564 sint
2957 3511 3219 3567 obedituri
3253 3555 3266 3577 ,
3319 3524 3425 3568 tota
3465 3530 3627 3569 causa

2049 3594 2272 3650 deducta
2297 3597 2363 3651 ad
2392 3610 2552 3667 caput
2580 3609 2634 3654 et
2664 3602 2870 3655 initium
2899 3621 2912 3656 :
2938 3612 2995 3657 et
3019 3603 3158 3658 sicut
3181 3605 3490 3661 ostenderat
3512 3621 3628 3660 ma-

2047 3686 2204 3740 ritum
2234 3702 2353 3742 esse
2382 3703 2595 3743 causam
2632 3702 2690 3744 ut
2732 3692 2948 3745 obcdiat
2976 3708 3112 3747 uxor
3141 3735 3154 3757 ,
3192 3706 3244 3746 et
3285 3694 3408 3749 ideo
3440 3697 3626 3750 multis

2046 3792 2167 3829 cum
2195 3792 2259 3830 eo
2290 3778 2402 3846 agit
2425 3819 2439 3839 ,
2469 3780 2761 3834 adhortans
2817 3790 2875 3835 ut
2917 3798 3034 3836 eam
3080 3785 3315 3838 attrahat
3346 3787 3625 3855 tyrannide

2046 3869 2384 3932 dilectionis;
2420 3873 2489 3925 ita
2536 3874 2620 3927 hic
2659 3890 2870 3944 quoque
2899 3891 3085 3930 rursus
3114 3878 3163 3931 ei
3191 3893 3408 3933 causam
3442 3881 3629 3935 tribuit

2048 3961 2233 4017 dicens
2266 3981 2279 4014 :
2315 3965 2417 4017 Sed
2444 3966 2652 4019 educata
2687 3968 2803 4021 illos
2842 3969 2893 4021 iu
2936 3968 3208 4039 disciplina
3234 3982 3280 4023 et
3307 3975 3624 4042 correptione

2047 4052 2277 4108 Domini.
2307 4055 2465 4109 Vides
2493 4058 2652 4124 quod,
2688 4060 2730 4112 si
2764 4060 2938 4115 adsint
2966 4061 3260 4130 spiritualia
3286 4104 3301 4127 ,
3335 4074 3628 4131 sequentur

2047 4148 2206 4200 etiam
2239 4149 2469 4201 carnalia
2495 4149 2517 4202 ?
2542 4148 2634 4202 Vis
2664 4149 2828 4204 filium
2858 4166 2980 4206 esse
3008 4153 3345 4207 obedientem
3379 4156 3401 4205 ‘1
3427 4157 3493 4209 ab
3517 4155 3623 4208 ini-

2048 4244 2122 4297 tio
2148 4260 2268 4297 eum
2310 4244 2474 4298 educa
2508 4244 2559 4297 in
2588 4245 2867 4315 disciplina
2897 4255 2951 4301 et
2974 4247 3339 4302 admonitione
3368 4248 3625 4303 Domini:

2049 4354 2114 4391 ne
2139 4339 2412 4391 existimes
2440 4354 2558 4393 esse
2585 4354 3040 4407 supervacaneum
3064 4382 3077 4403 ,
3113 4342 3252 4408 quod
3278 4343 3392 4410 ipse
3418 4342 3628 4396 divinas

2040 4424 2251 4482 Literas
2264 4426 2473 4486 audiat:
2500 4447 2621 4485 nam
2650 4434 2756 4486 illic
2786 4437 2885 4486 hoc
2905 4435 3133 4503 primum
3154 4435 3392 4503 audient,
3417 4435 3627 4490 Honora

2046 4532 2238 4591 patrem
2266 4532 2312 4575 et
2340 4534 2569 4576 matrem.
2595 4524 2776 4592 Itaque
2800 4535 3019 4594 propter
3050 4537 3100 4581 te
3128 4526 3230 4581 hoc
3258 4529 3334 4581 ﬁt.
3354 4529 3431 4583 Ne
3456 4528 3620 4595 dicas,

2048 4614 2157 4669 lloe
2175 4625 2256 4669 est
2280 4615 2660 4669 monachorum
2684 4633 2698 4679 ;
2718 4633 2842 4669 num
2867 4633 2964 4686 ego
2979 4634 3099 4671 cum
3125 4619 3261 4673 facio
3279 4621 3625 4676 monachum?

2044 4705 2157 4760 Non
2182 4716 2263 4760 est
2286 4720 2504 4760 necesse
2527 4714 2584 4759 ut
2606 4708 2694 4759 ﬁat
2722 4708 3038 4763 monachus.
3062 4710 3200 4775 Quid
3218 4710 3270 4763 id
3291 4713 3465 4774 times,
3482 4714 3624 4782 quod

2044 4808 2126 4852 est
2148 4799 2314 4852 multo
2340 4798 2487 4851 lucro
2516 4799 2775 4865 plenum?
2803 4800 2909 4854 Fac
2937 4816 3059 4854 eum
3092 4802 3478 4858 Christianum.
3509 4806 3623 4859 Ma-

2047 4890 2185 4943 xime
2212 4889 2352 4943 enim
2386 4890 2667 4942 mundanis
2691 4932 2705 4955 ,
2754 4906 2950 4960 nempe
2975 4894 3322 4949 saecularibus
3357 4937 3370 4961 ,
3404 4911 3625 4949 necesse

2047 4991 2128 5035 est
2161 4980 2372 5034 discere
2410 4996 2528 5049 qua:
2559 4981 2665 5035 illic
2694 4990 2817 5035 sunt
2844 4978 3167 5037 ducumenta
3193 5026 3207 5049 ,
3243 4987 3412 5055 magis
3440 4997 3621 5039 autem

2046 5073 2247 5142 pueris.
2280 5071 2439 5125 Multa
2466 5082 2548 5124 est
2573 5073 2714 5125 enim
2742 5073 2791 5125 in
2824 5075 2910 5127 illa
2935 5086 3090 5129 :ctate
3111 5076 3406 5145 ignorantia
3431 5093 3444 5138 ;
3469 5082 3622 5143 igno-

2046 5167 2232 5219 rantiaa
2261 5175 2436 5218 autem
2470 5165 2527 5218 ﬁt
2551 5168 2787 5220 accessio
2823 5168 2981 5222 etiam
3020 5184 3084 5223 ex
3127 5171 3343 5239 scriptis
3370 5180 3622 5224 externo-

2046 5275 2160 5311 rum
2191 5274 2205 5321 ;
2235 5256 2447 5325 quando
2477 5272 2573 5325 per
2609 5274 2669 5311 ea
2699 5258 2986 5313 didicerint
3023 5275 3117 5314 eos
3145 5261 3234 5331 qui
3275 5271 3399 5315 sunt
3426 5261 3619 5316 heroes

2046 5350 2227 5403 haberi
2258 5351 2305 5401 in
2332 5348 2703 5413 admiratione,
2732 5365 2851 5402 cum
2872 5351 3134 5405 sintservi
3159 5352 3319 5406 animi
3347 5354 3619 5421 perturba-

2045 5443 2245 5494 tionum
2275 5450 2329 5492 et
2360 5442 2631 5505 vitiorum,
2661 5450 2714 5493 et
2744 5453 2973 5494 mortem
3003 5444 3225 5495 timeant
3256 5459 3269 5495 :
3304 5453 3359 5495 nt
3386 5443 3624 5499 Achilies

2044 5532 2255 5603 quando
2276 5548 2398 5585 eum
2424 5532 2667 5599 pmnitet,
2689 5532 2901 5600 quando
2929 5534 3155 5586 moritur
3177 5547 3271 5601 pro
3295 5533 3617 5599 concubina;

2046 5625 2261 5697 quando
2292 5626 2430 5678 alius
2450 5633 2534 5679 est
2562 5624 2745 5679 ebrius
2774 5666 2789 5690 ,
2822 5633 2877 5679 et
2905 5625 3069 5679 multa
3098 5625 3201 5679 alia
3228 5624 3513 5695 ejusmodi.
3543 5627 3624 5681 llli

2046 5736 2173 5790 ergo
2201 5735 2337 5788 opus
2358 5728 2441 5772 est
2479 5719 2561 5771 his
2589 5717 3019 5772 medicamentis.

2115 5812 2169 5864 2.
2196 5810 2473 5877 Quomodo
2502 5808 2647 5867 enim
2674 5824 2783 5866 non
2810 5820 2893 5866 est
2915 5808 3211 5867 absurdum
3238 5808 3307 5863 ad
3332 5819 3475 5866 artes
3504 5811 3625 5881 qui-

3223 5922 3309 6003 ¹υ)
