4100 6412
465 286 563 347 181

462 405 586 460 dem
612 405 846 471 mittere,
863 415 919 462 et
934 406 999 461 ad
1020 405 1201 462 ludum
1229 408 1542 475 literarium,
1569 416 1623 463 et
1647 421 1742 477 pro
1767 420 1833 461 eo
1857 405 2029 459 omnia

464 499 643 555 facere
674 516 688 562 ;
722 500 774 554 in
803 499 1081 569 disciplina
1131 508 1306 556 autem
1334 509 1392 557 et
1414 500 1505 555 Dei
1531 499 1896 554 admonitione
1911 512 2039 567 pue-

459 604 552 645 ros
573 606 677 646 non
706 588 982 647 educare?
1011 591 1300 662 Propterea
1327 607 1426 647 nos
1454 592 1609 662 primi
1640 591 1839 646 fructus
1867 590 2040 660 perci-

462 684 638 754 pimus
662 726 677 751 ,
704 684 934 739 audaces
957 725 973 752 ,
1006 685 1424 755 intemperantes
1444 725 1459 750 ,
1488 684 1857 754 immorigeros
1877 724 1893 750 ,
1923 695 2039 736 sor-

461 774 660 841 didos,
707 784 762 830 et
816 775 1105 832 illiherales
1150 776 1360 831 alentes
1414 776 1572 830 ﬁlios.
1626 774 1703 829 Ne
1755 789 1882 844 ergo
1934 773 2037 829 hoc

459 866 737 933 faciamus,
766 867 862 922 sed
890 866 1013 922 huic
1038 867 1196 923 beato
1223 882 1501 937 pareamus
1526 866 1767 923 suadenti
1794 884 1806 919 :
1835 864 2034 921 educe-

456 974 577 1014 mus
602 974 694 1014 eos
739 961 790 1013 in
833 959 1117 1031 disciplina
1154 971 1209 1017 et
1245 960 1610 1016 admonitione
1658 960 1871 1015 Domini
1898 977 1911 1013 :
1936 957 2033 1013 de-

459 1065 579 1103 mus
616 1050 696 1105 eis
724 1050 1025 1119 exemplum
1056 1092 1073 1115 ,
1104 1051 1173 1105 ab
1221 1053 1437 1107 ineunte
1478 1060 1635 1106 aetate
1660 1059 1911 1106 curantes
1936 1063 2031 1104 eos

457 1142 765 1197 incumbere
817 1144 1032 1198 lectioni
1086 1141 1505 1212 Scripturarum.
1558 1142 1653 1197 Hei
1704 1141 1873 1196 mihi!
1914 1140 2031 1196 hanc

451 1232 667 1287 assidue
714 1233 899 1289 dicens
953 1233 1140 1288 videor
1186 1234 1456 1298 delirare;
1500 1243 1866 1288 verumtamen
1922 1248 2027 1287 non

449 1323 674 1378 cessabo
700 1324 875 1380 facere
902 1325 1044 1394 quod
1074 1336 1158 1380 est
1189 1341 1389 1380 meum.
1433 1327 1540 1380 Cur
1563 1367 1577 1386 .
1606 1325 1694 1380 dic
1717 1324 1847 1379 mihi
1875 1367 1889 1388 ,
1920 1340 2025 1379 non

449 1415 675 1469 imitaris
697 1427 905 1471 veteres
930 1417 953 1467 τ
982 1416 1210 1471 Maxime
1236 1433 1351 1482 vos,
1377 1418 1651 1482 mulieres,
1681 1416 1800 1469 illas
1830 1414 2024 1469 mulie-

448 1521 537 1562 res
566 1508 901 1563 admirandas
924 1510 1264 1564 aemulamini.
1289 1510 1545 1579 Peperisti
1571 1508 1735 1563 filium
1762 1509 1785 1562 ?
1815 1507 2025 1562 imitare

446 1599 655 1652 Annam
686 1639 702 1664 ,
729 1599 873 1654 disce
898 1599 1027 1669 quid
1059 1601 1147 1655 illa
1180 1600 1367 1656 fecerit
1393 1618 1407 1666 ;
1438 1616 1560 1655 eum
1592 1600 1771 1655 statim
1802 1599 2024 1654 deduxit

444 1690 498 1744 in
530 1693 802 1761 templum.
829 1692 1084 1760 Quaenam
1111 1704 1347 1749 vestrum
1373 1708 1479 1750 non
1504 1695 1753 1750 maluerit
1778 1709 1934 1749 suum
1967 1693 2023 1747 ﬁ-

443 1781 572 1836 lium
630 1799 749 1839 esse
796 1783 1327 1856 Samuelem,quam
1377 1786 1571 1841 millies
1622 1802 1802 1857 regem
1857 1786 2020 1840 totius

443 1876 590 1930 orbis
620 1879 823 1932 terrm?
854 1878 921 1933 Et
946 1880 1237 1950 quomodo,
1268 1880 1475 1950 inquit,
1511 1881 1625 1936 fieri
1656 1890 1831 1951 potest
1866 1890 1922 1935 ut
1950 1882 2021 1935 sit

443 1968 607 2022 talis?
634 1969 807 2037 Quare
835 1987 940 2026 non
971 1983 1146 2043 potest
1171 1974 1285 2029 ﬁeri
1307 1973 1331 2027 ’ἶ
1357 1973 1619 2041 Quoniam
1646 1990 1751 2029 non
1785 1975 1888 2041 vis,
1919 1990 2018 2030 nec

441 2074 562 2113 eum
591 2061 755 2115 tradis
781 2063 846 2117 iis
876 2064 963 2133 qui
999 2074 1224 2134 possunt
1244 2080 1365 2120 eum
1390 2066 1546 2121 talem
1573 2064 1773 2121 facere.
1802 2065 1871 2120 Et
1897 2067 2018 2136 quis

439 2151 485 2205 is
512 2161 609 2215 est,
646 2153 859 2223 inquit?
890 2155 1030 2210 Deus
1057 2175 1071 2211 :
1101 2172 1222 2211 nam
1251 2157 1365 2227 ipsa
1394 2158 1546 2212 illum
1566 2158 1613 2212 ei
1641 2156 1877 2213 tradidit.
1904 2156 2013 2213 Ne-

437 2257 540 2311 que
578 2243 718 2297 enim
744 2243 861 2300 Heli
888 2256 1005 2301 erat
1032 2263 1096 2303 ex
1125 2247 1191 2302 iis
1213 2250 1302 2319 qui
1332 2248 1621 2303 admodum
1644 2256 1864 2318 possent
1889 2264 2011 2304 eum

437 2332 638 2402 fingere
664 2345 717 2389 et
743 2335 1031 2392 ell'ormare
1063 2355 1076 2389 :
1110 2339 1379 2408 quomodo
1408 2341 1553 2395 enim
1584 2381 1600 2407 ,
1643 2339 1735 2410 qui
1761 2355 1861 2395 nec
1886 2354 2013 2394 suos

436 2422 608 2489 potuit
648 2423 783 2479 tilios
809 2426 832 2479 ’ἰ
860 2426 954 2481 scd
999 2426 1133 2483 ﬁdes
1178 2428 1416 2484 mulieris
1458 2439 1513 2485 et
1555 2430 1803 2485 alacritas
1848 2430 2011 2485 animi

434 2524 602 2569 totum
632 2515 826 2572 effecit.
860 2518 1097 2575 Primum
1127 2522 1337 2591 peperit
1366 2530 1422 2577 et
1442 2523 1640 2591 solum,
1671 2533 1727 2579 et
1747 2538 1846 2579 nec
1874 2522 2012 2579 scie-

432 2604 525 2660 bat
550 2621 617 2661 an
646 2609 779 2665 alios
804 2622 949 2666 esset
977 2613 1233 2682 paritura.
1256 2613 1439 2684 Neque
1464 2615 1639 2682 dixit,
1673 2614 2009 2685 Exspectabo

429 2697 557 2751 dum
585 2711 791 2755 crescat
819 2702 1013 2769 infans,
1046 2714 1103 2759 ut
1132 2714 1310 2759 utatur
1337 2706 1500 2761 rebus
1526 2722 1644 2776 qua:
1674 2707 1741 2762 ad
1770 2708 1905 2762 hanc
1925 2708 2006 2761 vi—

431 2797 541 2842 tam
569 2792 835 2859 pertinent
870 2810 882 2847 :
910 2795 1203 2851 concedam
1234 2806 1291 2851 ut
1321 2798 1435 2867 ipse
1464 2813 1649 2868 parum
1682 2809 1927 2855 versetur
1952 2800 2004 2853 in

430 2890 589 2937 actate
628 2884 817 2953 puerili
850 2903 862 2938 :
892 2886 984 2941 sed
1032 2886 1114 2941 his
1144 2888 1392 2943 omnibus
1436 2891 1757 2960 propulsatis
1780 2932 1795 2956 ,
1826 2891 1878 2945 in
1906 2891 2007 2947 hoc

430 2971 547 3025 solo
579 2972 696 3035 fuit,
722 2976 990 3043 quomodo
1010 2978 1078 3030 ab
1095 2978 1245 3032 initio
1262 2979 1436 3049 imago
1459 2981 1748 3050 spiritualis
1773 2982 1884 3036 Deo
1908 2981 2004 3037 de-

428 3061 698 3118 dicaretur
723 3065 801 3134 (i.
834 3064 961 3137 Reg.
996 3066 1076 3138 2).
1110 3067 1321 3124 Pudore
1343 3068 1640 3125 afﬁciamur
1669 3072 1766 3125 viri
1797 3071 1865 3126 de
1891 3087 2009 3126 mu-

428 3155 577 3211 lieris
624 3157 956 3227 philosophia
988 3176 1001 3210 :
1036 3175 1159 3214 eum
1194 3161 1301 3215 Deo
1328 3163 1561 3229 obtulit,
1610 3174 1665 3218 et
1706 3164 1815 3219 illic
1854 3164 1996 3219 sivit.

430 3245 723 3317 Propterea
742 3250 901 3305 etiam
921 3251 1253 3321 splendidius
1266 3252 1464 3308 factum
1486 3264 1569 3309 est
1583 3256 2003 3324 matrimonium,

427 3341 549 3409 quia
570 3340 719 3411 prius
737 3342 1030 3410 spiritualia
1059 3344 1326 3414 quaesivit,
1348 3345 1472 3414 quia
1487 3346 1680 3401 obtulit
1722 3346 2001 3417 primitias:

425 3442 705 3502 propterea
737 3432 926 3489 fertilis
955 3434 1052 3489 fuit
1080 3434 1196 3504 ejus
1223 3446 1407 3491 uterus
1430 3478 1445 3503 ,
1475 3446 1531 3492 et
1559 3437 1695 3492 alios
1725 3439 1907 3493 habuit
1928 3438 1994 3492 ﬁ-

426 3523 530 3577 lios
563 3544 575 3577 :
607 3534 889 3594 propterea
930 3535 987 3581 et
1016 3528 1068 3581 in
1102 3527 1301 3582 mundo
1327 3543 1451 3584 eum
1483 3530 1617 3584 vidit
1646 3529 1925 3586 ﬂorentem
1951 3542 2006 3587 et

424 3615 480 3668 in
508 3616 645 3670 bona
667 3632 787 3671 esse
804 3618 1226 3675 existimatione.
1250 3620 1304 3676 Si
1319 3622 1459 3677 enim
1486 3623 1731 3680 homines
1757 3624 2002 3681 honorati

424 3709 660 3763 vicissim
680 3710 964 3777 honorant,
982 3727 1162 3768 annon
1187 3714 1354 3770 multo
1371 3720 1539 3786 magis
1561 3717 1720 3784 Deus,
1739 3719 1826 3788 qui
1845 3720 2002 3773 etiam

426 3800 549 3856 licet
571 3816 675 3856 non
706 3801 1001 3857 honoratus
1028 3804 1130 3860 hoc
1156 3803 1327 3861 facit?
1358 3807 1648 3879 Quousque
1670 3824 1856 3867 sumus
1886 3826 2006 3867 ear-

428 3894 567 3948 nes?
593 3909 870 3965 quousque
891 3898 943 3951 in
970 3905 1167 3953 terram
1190 3898 1574 3956 incurvamur?
1594 3903 1780 3959 Omnia
1803 3920 1833 3959 a
1852 3906 2005 3961 nobis

430 3996 817 4056 postponantur
837 4004 984 4044 cura:
1010 3989 1241 4046 ﬁliorum
1265 4034 1281 4059 ,
1313 4003 1367 4048 et
1397 4009 1585 4050 eorum
1614 3996 1920 4053 educationi
1951 4001 2005 4054 in

429 4075 706 4147 disciplina
738 4088 791 4134 et
817 4080 1183 4138 admonitione
1213 4084 1443 4139 Domini.
1498 4086 1551 4142 Si
1590 4088 1659 4143 ab
1686 4089 1838 4145 initio
1864 4090 2003 4146 didi-

430 4169 565 4223 cerit
604 4182 725 4223 esse
764 4168 1113 4240 philosophus
1143 4213 1160 4237 ,
1191 4175 1475 4243 acquisivit
1519 4177 1731 4233 divitias
1776 4180 2006 4249 majores

431 4258 708 4328 quibusvis
727 4260 947 4327 divitiis,
977 4271 1033 4316 et
1059 4264 1417 4332 potentiorem
1445 4266 1694 4336 gloriam.
1715 4269 1858 4325 Nihil
1890 4280 2005 4326 tan-

426 4360 539 4403 tum
571 4349 771 4405 eﬂicies
799 4351 1000 4407 docens
1030 4362 1202 4410 artem
1230 4365 1284 4411 et
1321 4357 1654 4428 disciplinam
1687 4372 1961 4417 externam
1989 4407 2003 4429 ,

430 4456 526 4511 per
571 4459 729 4511 quam
778 4447 1019 4515 acquiret
1046 4445 1260 4503 divitias
1292 4489 1307 4514 ,
1342 4465 1501 4521 quam
1531 4453 1575 4508 si
1604 4468 1725 4509 eum
1756 4454 2005 4513 docueris

427 4544 595 4590 artem
629 4551 723 4605 per
747 4553 906 4608 quam
934 4539 1195 4608 deSpiciet
1225 4541 1461 4601 divitias.
1493 4545 1550 4600 Si
1582 4547 1714 4601 velis
1757 4564 1881 4604 eum
1920 4549 2005 4604 di-

430 4627 594 4682 vitem
620 4633 817 4695 facere,
842 4633 919 4685 sic
940 4630 1118 4686 facito.
1148 4632 1246 4688 Est
1272 4635 1417 4689 enim
1444 4635 1595 4691 dives
1618 4652 1724 4692 non
1754 4640 1844 4708 qui
1873 4641 2007 4694 mul-

427 4720 495 4773 tis
520 4727 642 4787 eget
668 4719 868 4775 divitiis
898 4762 912 4783 ,
951 4730 1005 4775 et
1029 4722 1211 4778 multis
1237 4733 1319 4779 est
1342 4725 1705 4782 circumdatus
1734 4770 1750 4796 ,
1781 4729 1877 4785 sed
1914 4733 2004 4801 qui

428 4810 627 4865 nullius
659 4811 873 4881 indiget.
903 4812 1016 4869 lloc
1041 4815 1177 4872 doce
1204 4816 1393 4883 ﬁlium,
1428 4819 1530 4874 hoc
1555 4821 1708 4875 erudi
1738 4839 1751 4875 :
1783 4822 1865 4877 hac
1896 4839 2011 4878 ma-

428 4900 587 4954 xima:
616 4911 739 4956 sunt
762 4901 981 4957 divitiae.
1015 4904 1091 4959 Ne
1117 4922 1326 4975 quaeras
1354 4910 1624 4977 quomodo
1649 4926 1773 4966 eum
1814 4913 2009 4969 reddas

426 4996 709 5051 ﬂorentem
732 5004 787 5051 et
813 5013 1018 5067 magna:
1039 4999 1448 5057 existimationis
1477 5004 1528 5057 in
1549 5003 1807 5058 doctrinis
1828 5014 2009 5059 exter-

427 5089 512 5145 nis
531 5130 547 5154 ,
577 5099 632 5145 et
657 5090 849 5145 reddas
879 5091 1044 5161 gloria
1070 5092 1330 5162 insignem
1354 5110 1367 5159 ;
1395 5093 1490 5149 sed
1516 5110 1644 5149 cura
1677 5105 1734 5149 ut
1760 5112 1882 5151 cum
1911 5097 2008 5151 do-

425 5195 549 5235 ceas
569 5182 845 5250 despicere
874 5182 1029 5252 hujus
1056 5183 1180 5237 vitae
1206 5184 1432 5254 gloriam
1467 5201 1481 5239 :
1512 5185 1635 5241 inde
1660 5185 1751 5241 ﬁet
1771 5187 2009 5257 splendi-

430 5272 550 5329 dior
578 5283 633 5328 et
661 5275 831 5344 gloria
859 5275 1135 5331 illustrior.
1166 5277 1290 5333 Haec
1309 5287 1365 5332 et
1394 5280 1612 5350 pauperi
1640 5290 1693 5335 et
1715 5281 1863 5335 diviti
1886 5281 2012 5337 licet

428 5364 607 5419 facere
632 5385 644 5420 :
674 5368 786 5421 haec
822 5384 928 5421 non
954 5383 983 5421 a
1015 5369 1235 5425 doctore
1258 5370 1417 5426 discit
1442 5372 1635 5441 aliquis
1660 5413 1675 5439 ,
1709 5388 1884 5442 neque
1911 5388 2009 5443 per

427 5468 618 5523 artem,
648 5458 743 5513 sed
772 5475 866 5529 per
885 5459 1063 5515 divina
1086 5462 1314 5532 eloquia.
1341 5462 1457 5518 Non
1482 5480 1691 5533 quaeras
1716 5474 1771 5518 ut
1799 5465 2010 5533 longam

426 5547 515 5605 hic
538 5550 677 5604 vivat
696 5551 877 5618 vitam,
902 5553 995 5608 sed
1014 5562 1070 5608 ut
1092 5554 1199 5609 illic
1221 5555 1481 5609 inﬁnitam
1504 5565 1558 5610 et
1582 5572 1700 5624 qua:
1718 5570 2009 5625 numquam

426 5643 656 5701 desinat.
687 5646 873 5716 Magna
918 5648 995 5702 illi
1040 5649 1358 5718 largire,non
1388 5664 1549 5719 parva
1578 5668 1591 5705 :
1622 5649 1747 5704 audi
1778 5650 2006 5704 Paulum

427 5734 693 5793 dicentem
716 5778 732 5803 ,
764 5737 992 5795 Educet:
1018 5756 1101 5797 eos
1141 5741 1195 5795 in
1244 5741 1515 5812 disciplina
1561 5750 1611 5796 et
1654 5741 2008 5799 admonitione

1153 292 1210 350 S.
1248 291 1523 351 JOANNIS
1556 288 2027 349 CHRYSOSTOMI
2065 289 2380 348 ARCHIEP.
2417 292 2945 356 CONSTANTINOP.

3620 306 3722 364 l5!

2148 403 2373 460 Domini.
2405 408 2481 462 Ne
2518 412 2747 467 studium
2776 429 2941 483 ponas
2986 425 3041 470 nt
3067 432 3188 473 eum
3219 419 3377 477 facias
3406 432 3672 477 oratorem
3698 466 3715 490 ,

2141 494 2234 550 sed
2261 497 2410 552 erudi
2437 509 2495 553 ut
2518 502 2587 555 sit
2611 502 2981 574 philosophus.
3004 507 3133 562 Nam
3156 510 3201 564 si
3228 511 3355 565 illud
3375 513 3586 582 quidem
3610 531 3716 570 non

2140 586 2245 654 sit,
2280 588 2411 645 nihil
2453 602 2536 646 est
2582 593 2802 660 damni;
2833 597 2875 651 si
2932 597 3033 653 hoc
3057 610 3234 655 autem
3272 604 3451 669 absit,
3507 609 3713 663 nullum

2138 679 2239 732 erit
2290 680 2494 736 lucrum
2538 684 2821 741 rhetoricae
2850 692 3192 758 quantumvis
3220 694 3419 749 multa.
3451 694 3595 765 Opus
3630 707 3711 753 est

2139 770 2394 838 moribus,
2420 789 2522 828 non
2552 775 2761 832 dicendi
2791 779 3038 836 facultate
3068 798 3083 847 ;
3113 782 3236 838 vita:
3265 785 3523 841 modestia
3556 827 3571 851 ,
3603 804 3709 843 non

2140 862 2393 918 orationis
2433 865 2769 923 vehementia
2799 885 2814 935 ;
2846 870 3000 926 factis
3023 914 3038 939 ,
3071 888 3178 927 non
3208 876 3407 930 verbis.
3451 877 3577 932 llaec
3617 894 3707 934 re-

2132 966 2293 1022 gnum
2336 958 2623 1013 conciliant
2651 1001 2667 1026 ,
2702 960 2815 1017 haec
2844 961 3047 1018 donant
3075 965 3235 1019 etiam
3264 981 3383 1036 qum
3414 980 3536 1021 sunt
3579 985 3708 1025 vere

2135 1042 2290 1097 bona.
2319 1044 2396 1101 Ne
2424 1046 2657 1117 linguam
2684 1065 2865 1119 acuas,
2895 1053 2990 1108 sed
3012 1069 3278 1125 expurges
3302 1059 3554 1112 animam.
3585 1060 3701 1115 Non

2134 1132 2247 1189 haec
2283 1135 2404 1192 dico
2433 1139 2722 1207 prohibens
2749 1143 2985 1212 erudire,
3008 1146 3104 1201 sed
3132 1146 3419 1216 prohibens
3444 1151 3548 1204 illis
3573 1154 3703 1207 solis

2131 1224 2383 1283 adhibere
2411 1231 2666 1286 animum.
2696 1233 2773 1288 Ne
2802 1236 3077 1292 existimes
3106 1238 3248 1309 quod
3269 1241 3397 1294 solis
3428 1244 3701 1299 monachis

2128 1329 2263 1384 Opus
2284 1318 2352 1372 sit
2377 1318 2460 1375 his
2479 1320 2834 1389 documentis,
2848 1340 2966 1395 qua:
2985 1339 3266 1384 sumuntur
3285 1346 3349 1385 ex
3373 1330 3659 1400 Scripturis
3680 1351 3699 1396 :

2128 1412 2355 1466 maxime
2384 1415 2524 1468 enim
2557 1415 2639 1470 his
2662 1433 2794 1488 opus
2814 1430 2897 1475 est
2926 1421 2990 1475 iis
3014 1424 3211 1491 pueris,
3243 1427 3331 1495 qui
3352 1430 3555 1481 venturi
3577 1438 3700 1484 sunt

2126 1502 2190 1554 ad
2220 1502 2357 1558 hanc
2385 1508 2566 1561 mundi
2596 1509 2778 1564 vitam.
2823 1511 2893 1567 Ut
2918 1514 3062 1569 enim
3094 1517 3241 1570 navis
3267 1518 3617 1574 inetrnctione
3644 1530 3697 1576 et

2123 1595 2476 1662 gubernatore
2504 1610 2559 1654 et
2588 1611 2866 1658 nautarum
2904 1606 3051 1675 justo
3080 1616 3134 1661 et
3160 1610 3429 1679 completo
3475 1628 3697 1669 numero

2124 1700 2227 1739 non
2255 1687 2450 1760 indiget
2480 1692 2525 1746 is
2550 1695 2638 1763 qui
2668 1706 2923 1765 perpetuo
2948 1709 3055 1752 stat
3080 1700 3135 1753 in
3162 1710 3317 1770 portu
3342 1742 3357 1766 ,
3406 1704 3499 1758 sed
3530 1705 3575 1758 is
3603 1707 3694 1775 qui

2120 1790 2333 1847 semper
2360 1793 2602 1839 versatur
2628 1786 2680 1840 in
2708 1789 2843 1843 mari
2888 1806 2901 1842 :
2946 1791 3018 1844 ita
3048 1793 3209 1846 etiam
3250 1794 3552 1850 mundanus
3597 1812 3692 1852 seu

2120 1872 2391 1927 saecularis
2436 1886 2491 1929 et
2535 1879 2848 1935 monachus.
2881 1881 3011 1936 Nam
3054 1883 3141 1939 hic
3182 1885 3396 1954 quidem
3424 1898 3505 1941 est
3531 1890 3691 1943 veluti

2119 1962 2172 2016 in
2222 1975 2374 2032 portu
2418 1982 2580 2037 agens
2627 1970 2789 2025 vitam
2841 1973 3001 2028 nullis
3038 1976 3290 2045 agitatam
3317 1978 3563 2033 fluctibus
3592 2021 3606 2044 ,
3637 1990 3694 2036 et

2117 2056 2299 2122 procul
2326 2070 2355 2109 a
2384 2060 2607 2127 negotiis
2636 2101 2650 2123 ,
2685 2071 2739 2115 et
2766 2062 2834 2115 ab
2864 2064 3011 2118 omni
3044 2067 3276 2134 procella
3309 2068 3530 2123 liberam
3557 2088 3569 2122 :
3605 2071 3693 2124 ille

2124 2152 2301 2199 autem
2328 2158 2586 2217 perpetuo
2613 2152 2721 2221 agit
2746 2153 2796 2208 in
2830 2155 3018 2225 pelago
3046 2167 3101 2212 et
3127 2158 3180 2211 in
3208 2160 3390 2215 medio
3414 2163 3542 2215 mari
3572 2178 3693 2217 ver-

2114 2248 2261 2293 satur
2286 2255 2301 2305 ;
2332 2256 2452 2295 cum
2481 2244 2662 2300 multis
2701 2247 2876 2318 iisque
2921 2250 3225 2321 iungentibus
3246 2268 3487 2325 pugnans
3514 2257 3689 2312 ﬂucti-

2113 2327 2229 2390 bus,
2258 2338 2314 2385 et
2340 2332 2385 2387 si
2416 2333 2530 2402 ipse
2560 2350 2667 2390 non
2695 2351 2830 2406 opus
2859 2338 3023 2396 habet
3048 2382 3063 2407 ,
3094 2354 3338 2412 paratum
3369 2355 3542 2402 tamen
3569 2362 3694 2405 esse

2111 2430 2323 2490 oportet
2345 2431 2403 2477 ut
2420 2425 2645 2480 aliorum
2680 2429 2896 2499 linguas
2916 2430 3181 2487 obstruat.

2182 2514 2235 2568 5.
2267 2514 2412 2570 Aula
2436 2518 2587 2587 regite
2608 2521 3181 2589 vitim—Quamobrem
3202 2542 3308 2593 quo
3328 2526 3486 2581 fuerit
3510 2526 3562 2582 in
3590 2527 3690 2584 hac

2110 2605 2214 2659 vita
2238 2608 2451 2678 majoris
2471 2610 2878 2668 existimationis
2900 2656 2915 2682 ,
2944 2631 3009 2670 eo
3039 2619 3208 2688 magis
3231 2620 3281 2673 ei
3312 2634 3446 2687 opus
3471 2632 3555 2675 est
3589 2621 3688 2675 hac

2109 2694 2561 2753 eruditione.Nam
2578 2704 2676 2756 etsi
2700 2704 2872 2759 alatur
2888 2705 2940 2760 in
2957 2707 3075 2761 aula
3092 2708 3255 2777 regia,
3278 2710 3425 2763 multi
3444 2720 3565 2764 sunt
3582 2711 3689 2765 illic

2109 2796 2163 2839 et
2178 2786 2347 2844 Graeci
2360 2801 2413 2844 et
2431 2791 2753 2863 philosophi,
2767 2796 2900 2851 etob
2914 2808 3227 2867 praesentem
3239 2800 3459 2869 gloriam
3478 2802 3683 2866 tumidi,

2110 2888 2379 2949 tamquam
2402 2883 2452 2937 in
2482 2883 2600 2939 loco
2619 2886 2706 2955 qui
2728 2888 2798 2941 sit
2814 2889 3047 2957 repletus
3063 2890 3388 2960 hydropicis.
3407 2891 3535 2945 Tale
3560 2891 3686 2961 quid

2108 2980 2191 3027 est
2206 2972 2323 3027 aula
2342 2974 2484 3045 regia
2508 2992 2523 3028 :
2547 2991 2735 3033 omnes
2757 2990 2880 3033 sunt
2897 2979 3060 3035 inflati
3078 2990 3133 3035 et
3159 2981 3377 3048 tumidi;
3400 2984 3487 3051 qui
3508 2996 3685 3038 autem

2109 3080 2216 3120 non
2246 3075 2388 3132 sunt,
2416 3068 2648 3123 studium
2676 3079 2880 3139 ponunt
2904 3080 2961 3126 ut
2990 3072 3136 3127 ﬁant.
3161 3070 3342 3143 Cogita
3368 3088 3495 3143 ergo
3519 3090 3686 3144 quan-

2110 3164 2221 3211 tum
2238 3157 2327 3223 sit,
2346 3157 2511 3213 ﬁlium
2540 3169 2685 3214 tuum
2718 3161 2841 3216 illuc
2863 3161 3179 3232 ingressum,
3200 3162 3685 3233 ingreditamquam

2107 3249 2364 3317 optimum
2394 3260 2447 3304 et
2476 3253 2977 3319 przestantissimum
3023 3254 3310 3322 medicum,
3338 3269 3459 3309 cum
3491 3254 3687 3310 instru-

2108 3342 2300 3395 mentis
2323 3357 2442 3411 qute
2471 3344 2674 3412 possint
2696 3343 3110 3415 uniuscujusque
3139 3353 3400 3399 tumorem
3452 3345 3686 3415 compri-

2107 3447 2255 3487 mere
2275 3473 2290 3497 ,
2319 3442 2375 3488 et
2401 3434 2467 3488 ad
2494 3449 2930 3505 unumquemque
2955 3436 3213 3491 accedere
3237 3446 3292 3491 et
3319 3436 3605 3501 disserere,
3632 3442 3688 3490 et

2106 3537 2299 3593 corpus
2320 3524 2459 3594 quod
2488 3524 2691 3580 laborat
2715 3541 2902 3581 sanum
2932 3525 3108 3582 facere
3126 3568 3142 3593 ,
3171 3527 3560 3581 medicamenta
3589 3527 3689 3579 im-

2108 3626 2391 3683 ponentem
2420 3632 2486 3672 ex
2515 3618 2824 3687 Scripturis,
2849 3628 2904 3673 et
2929 3619 3277 3688 philosophia:
3320 3617 3685 3674 infundentem

2108 3705 2291 3761 verba.
2320 3707 2608 3762 Monachus
2635 3709 2776 3763 enim
2807 3724 2927 3763 cum
2956 3724 3062 3779 quo
3092 3709 3358 3763 disseret?
3382 3724 3502 3763 eum
3533 3723 3688 3763 muro

2105 3806 2161 3851 et
2184 3797 2366 3852 tecto?
2389 3813 2455 3852 an
2478 3813 2599 3854 cum
2630 3798 2856 3854 desertis
2879 3810 2933 3854 et
2959 3800 3301 3856 nemoribus?
3323 3816 3390 3854 an
3419 3815 3539 3855 eum
3570 3802 3687 3855 avi-

2108 3888 2207 3945 bus
2234 3901 2289 3945 et
2313 3889 2631 3946 arboribus?
2658 3891 2932 3962 Ejusmodi
2957 3908 3087 3963 ergo
3111 3893 3353 3947 docuina
3376 3908 3481 3948 non
3504 3901 3587 3949 est
3606 3894 3681 3949 illi

2107 3983 2391 4037 admodum
2436 3986 2773 4050 necessaria;
2821 3994 3047 4040 conatur
3077 3994 3253 4039 tamen
3296 3985 3397 4040 hac
3434 3983 3489 4041 in
3530 4002 3590 4041 re
3618 4000 3678 4042 se

2109 4084 2253 4130 recte
2280 4090 2487 4145 gerere,
2521 4091 2625 4131 non
2655 4088 2712 4129 ut
2737 4076 2871 4131 alios
2901 4084 3105 4129 tantum
3131 4076 3362 4145 erudiat,
3392 4075 3489 4132 sed
3516 4086 3575 4131 ut
3601 4092 3687 4132 se-

2109 4169 2301 4236 ipsum.
2328 4166 2438 4221 Hac
2462 4182 2590 4237 ergo
2612 4167 2854 4222 doctrina
2881 4169 3111 4222 maxime
3138 4182 3273 4238 opus
3302 4176 3386 4223 est
3408 4167 3493 4233 iis,
3516 4170 3605 4238 qui
3636 4168 3690 4223 in

2112 4257 2209 4312 hac
2238 4258 2342 4311 vita
2366 4268 2645 4312 versantur
2678 4275 2692 4313 :
2722 4259 2822 4312 iste
2849 4259 2993 4312 enim
3025 4258 3281 4328 peccandi
3308 4259 3567 4328 majorem
3598 4259 3691 4312 ha-

2109 4350 2200 4404 bet
2232 4350 2605 4404 necessitatem
2631 4364 2788 4419 quam
2816 4350 2924 4405 ille.
2952 4348 3009 4404 Si
3031 4350 3113 4404 vis
3134 4359 3312 4406 autem
3342 4364 3687 4421 cognoscere,

2109 4441 2266 4494 etiam
2294 4439 2347 4494 in
2375 4439 2575 4495 mundo
2596 4441 2713 4511 ipso
2738 4442 2841 4496 erit
2865 4443 3061 4511 aptior.
3087 4440 3287 4497 Omnes
3308 4442 3451 4497 enim
3476 4455 3544 4497 ex
3570 4456 3689 4495 ver-

2112 4534 2191 4588 bis
2216 4533 2319 4587 illis
2345 4548 2469 4588 eum
2496 4534 2903 4599 reverebantur,
2931 4532 3147 4604 quando
3170 4532 3406 4589 viderint
3433 4533 3604 4603 ipsum
3631 4532 3685 4586 in

2110 4625 2231 4694 igne
2251 4640 2358 4681 non
2384 4627 2488 4691 uri,
2511 4640 2686 4696 neque
2713 4626 3065 4695 principatum
3109 4625 3489 4695 concupiscere
3520 4640 3535 4677 :
3563 4631 3689 4678 tunc

2110 4719 2269 4773 etiam
2312 4718 2460 4773 illum
2511 4729 2889 4789 consequetur,
2918 4718 3132 4789 quando
3158 4733 3265 4773 non
3289 4716 3617 4787 concupierit
3638 4726 3695 4771 et

2110 4808 2222 4879 regi
2254 4809 2359 4864 erit
2390 4810 2558 4880 magis
2584 4810 2928 4865 reverendus.
2970 4808 3087 4865 Non
3118 4819 3295 4879 potest
3321 4808 3463 4865 enim
3493 4809 3608 4864 ﬁeri
3638 4818 3698 4865 ut

2112 4904 2157 4958 is
2185 4905 2362 4959 lateat.
2391 4903 2525 4958 Nam
2548 4905 2683 4959 inter
2699 4902 2898 4958 multos
2924 4916 3086 4957 sanos
3109 4902 3292 4957 latebit
3316 4902 3361 4956 is
3386 4901 3474 4970 qui
3500 4909 3582 4956 est
3607 4916 3695 4955 sa-

2114 5010 2233 5060 nus,
2263 4996 2402 5049 inter
2431 4994 2625 5049 multos
2648 5004 2826 5049 autem
2864 5003 3093 5063 aegrotos
3131 4992 3343 5063 quando
3377 4992 3537 5046 fuerit
3562 5006 3698 5046 unus

2113 5104 2297 5154 sanus,
2325 5090 2431 5142 cito
2482 5088 2642 5142 etiam
2687 5086 2828 5140 fama
2874 5086 3147 5155 perveniet
3171 5084 3240 5139 ad
3268 5099 3424 5138 aures
3451 5084 3608 5153 regis,
3640 5094 3695 5140 et

2116 5180 2370 5253 praeﬁciet
2412 5195 2533 5233 eum
2579 5179 2762 5232 multis
2810 5178 3074 5248 gentibus.
3102 5176 3230 5231 Haec
3274 5190 3402 5245 ergo
3445 5176 3697 5237 scientes,

2114 5276 2336 5330 educate
2363 5274 2500 5327 ﬁlios
2526 5276 2579 5326 in
2604 5272 2886 5341 disciplina
2909 5280 2964 5326 et
2983 5269 3345 5324 admonitione
3374 5266 3605 5321 Domini.
3636 5267 3704 5318 At

2113 5376 2195 5423 est
2218 5366 2482 5436 quispiam
2512 5365 2754 5435 pauper?
2780 5364 2859 5421 Sit
2902 5365 3094 5418 iterum
3145 5376 3381 5433 pauper;
3409 5360 3503 5414 sed
3536 5358 3704 5413 nihilo

2114 5469 2197 5515 est
2227 5459 2381 5513 vilior
2408 5468 2460 5513 et
2485 5458 2745 5529 abjectior
2771 5474 2837 5513 eo
2865 5456 2957 5527 qui
2984 5465 3223 5511 versatur
3261 5455 3317 5509 in
3356 5454 3497 5524 regia
3516 5493 3531 5516 ,
3572 5467 3695 5506 cum

2117 5569 2221 5607 non
2242 5553 2311 5607 sit
2332 5552 2383 5606 in
2406 5552 2579 5622 regia;
2603 5551 2699 5606 sed
2728 5549 3005 5605 habebitur
3026 5548 3079 5603 in
3100 5546 3477 5609 admiratione,
3503 5552 3559 5598 et
3586 5544 3693 5599 cito

2112 5646 2289 5702 veniet
2330 5646 2491 5701 etiam
2530 5644 2598 5700 ad
2639 5644 3031 5714 principatum,
3061 5642 3153 5712 qui
3198 5648 3283 5696 est
3327 5638 3707 5703 voluntarius,

2117 5757 2224 5797 non
2250 5750 2433 5796 autem
2464 5740 2552 5810 qui
2587 5738 2745 5793 datur
2772 5737 3053 5793 electione.
3084 5735 3141 5793 Si
3168 5735 3314 5791 enim
3339 5732 3512 5791 Graeci
3539 5773 3555 5798 ,
3584 5745 3709 5788 cum
