4100 6412
482 382 581 439 151

482 495 704 559 παιδίας
752 497 852 551 Διά
900 514 984 551 τοι
1014 497 1168 553 τοῦτο
1213 501 1419 571 πρῶτοι
1469 504 1577 557 τῶν
1620 504 1849 576 καρπῶν
1888 506 2049 575 ἡμεῖς

483 582 853 654 ἀπολαύομεν,
888 584 1129 655 θρασεῖς,
1162 588 1516 653 ἀκολάστους,
1549 591 1819 653 ἀπειθεῖς,
1858 591 2056 661 βαναύ-

485 687 612 733 σους
637 672 992 741 ἐκτρέφοντες
1014 674 1140 736 τοὺς
1170 676 1380 738 παῖδας.
1402 678 1491 747 Μή
1511 678 1691 731 τοίνυν
1715 677 1873 731 τοῦτο
1895 680 2057 732 ποιῶ-

487 774 609 826 μεν,
636 756 772 812 άλλά
802 758 1118 830 πειθώμεθα
1142 760 1220 831 τῷ
1245 764 1499 834 μακαρίῳ
1531 765 1706 833 τούτῳ
1728 750 2055 834 παραινοῦν-

484 860 566 897 τι·
608 846 961 916 ἐκτρέφωμεν
993 848 1133 901 αὐτὰ
1159 850 1215 900 ἐν
1230 851 1446 921 παιδείᾳ
1459 853 1551 905 καὶ
1569 852 2055 922 νουθεσίᾳΚυρίοψ

486 932 665 1001 δῶμεν
694 934 875 997 αὐτοῖς
905 934 1230 1005 ὑπόδειγμα,
1262 938 1326 989 ἐκ
1365 937 1588 1008 πρώτης
1613 940 1831 1011 ἡλικίας
1858 943 1925 1009 τῇ
1951 940 2056 992 τῶν

488 1020 719 1090 Γραφῶν
770 1020 1070 1089 ἀναγνώσει
1123 1023 1398 1087 ποιοῦντες
1448 1026 1642 1089 αὐτοὺς
1695 1026 2053 1095 ἐνσχολάζειν.

488 1108 683 1177 Οῖμοιί
712 1109 792 1160 δτι
821 1109 1056 1178 συνεχῶς
1086 1110 1257 1165 ταῦτα
1295 1111 1488 1180 λέγων,
1524 1114 1709 1184 ληρεῖν
1744 1112 2056 1183 νομίζομαι’

490 1194 629 1264 πλὴν
660 1194 771 1248 ἀλλ’
798 1196 949 1265 ὅμως
982 1196 1043 1247 οὐ
1072 1198 1348 1267 παύσομαι
1382 1200 1443 1251 τὸ
1473 1200 1715 1269 ἐμαυτοῦ
1747 1200 1934 1254 ποιῶν.
1968 1199 2059 1253 Τί-

489 1298 577 1344 νος
615 1282 816 1344 ἐνεκεν,
865 1283 986 1335 εἰπέ
1020 1300 1129 1351 μοι,
1176 1286 1239 1337 οὐ
1290 1287 1543 1355 μιμεῖσθε
1587 1289 1714 1351 τοὺς
1756 1287 2054 1352 παλαιούς;

490 1368 739 1423 Μάλιστα
771 1371 927 1439 ὑμεῖς
954 1372 1009 1423 αἰ
1052 1373 1328 1438 γυναῖκες,
1361 1374 1459 1437 τὰς
1498 1375 1818 1444 θαυμαστὰς
1848 1376 2057 1440 ἐκείνας

491 1460 756 1525 γυναῖκας
790 1457 1088 1526 ζηλώσατε.
1129 1459 1353 1531 Ἐτέχθη
1395 1462 1457 1513 τὸ
1506 1462 1751 1525 παιδίον;
1806 1462 2057 1532 Μίμησαι

490 1542 589 1614 τὴν
610 1545 827 1597 Ἀννανο
854 1545 1133 1616 κατάμαθε
1154 1546 1207 1599 τί
1231 1547 1530 1618 πεποίηκεν
1558 1549 1759 1619 ἐκείνη·
1786 1550 2058 1619 ἀνήγαγεν

490 1630 654 1684 αὐτὸν
690 1631 887 1694 εὐθέως
918 1635 996 1695 εἰς
1024 1635 1115 1685 τὸν
1144 1633 1289 1686 ναόν.
1323 1634 1418 1697 Τίς
1454 1634 1607 1705 ὑμῶν
1642 1636 1741 1688 οὐκ
1773 1636 1839 1690 ἂν
1869 1635 2060 1705 ἐθελή-

493 1734 606 1771 σειε
633 1718 883 1790 Σαμουὴλ
914 1719 1004 1772 τὸν
1036 1720 1147 1773 υίὸν
1172 1721 1263 1773 τὸν
1289 1721 1484 1775 ἐαυτοῦ
1529 1722 1676 1787 ἅπαξ
1714 1723 1999 1791 γενέσθαι,’
2024 1723 2057 1793 ἢ

494 1806 752 1875 μυριάκις
784 1807 1007 1876 βασιλέα
1029 1807 1129 1877 τῆς
1156 1808 1477 1880 οἰκουμένης
1520 1810 1771 1879 ἀπάσης;
1797 1810 1909 1863 Καὶ
1943 1809 2061 1873 πῶς

490 1893 736 1954 δυνατὸν,
766 1895 919 1964 φησὶ,
957 1895 1209 1962 γενέσθαι
1237 1895 1508 1961 τοιοῦτον;
1559 1896 1659 1950 Διά
1688 1897 1741 1950 τί
1790 1897 1865 1967 μὴ
1902 1897 2061 1953 δυνα-

490 1979 583 2032 τόν
608 1996 623 2045 ;
656 1980 779 2033 Ὅτι
808 1982 867 2032 οὐ
896 1980 1099 2045 θέλεις,
1131 1982 1250 2035 οὐδέ
1278 1983 1583 2053 παραδίδως
1607 1986 1720 2046 τοῖς
1745 1984 2061 2054 δυναμένοις

492 2066 655 2119 αὐτὸν
694 2067 912 2137 ποιῆσαι
950 2069 1208 2123 τοιοῦτον.
1255 2070 1367 2124 Καὶ
1394 2071 1477 2133 τίς
1506 2070 1745 2133 τοιοῦτός
1787 2072 1922 2135 ἐστι,
1955 2089 2061 2143 φη-

494 2155 605 2219 σίν;
651 2154 708 2207 '0
734 2154 885 2217 Θεός·
921 2157 1043 2208 ἐπεὶ
1066 2156 1295 2226 κάκείνη
1326 2157 1475 2227 αὐτῷ
1510 2157 1675 2211 αὐτὸν
1715 2159 2058 2229 ἐνεχείρισεν.

491 2242 626 2297 Οὐδέ
654 2242 763 2314 γὰρ
795 2246 823 2296 6
861 2244 1007 2297 Ἠλεὶ
1027 2244 1133 2297 τῶν
1161 2245 1365 2316 σφόδρα
1392 2244 1705 2315 δυναμένων
1732 2246 1894 2298 αὐτὸν
1925 2246 2061 2299 πλά-

494 2346 585 2383 σαι
625 2326 711 2401 ἦν·
751 2331 868 2395 πῶς
909 2333 1038 2402 γάρ,
1073 2334 1102 2385 6
1134 2333 1270 2403 μηδὲ
1298 2332 1425 2395 τοὺς
1473 2334 1621 2396 υίούς
1660 2333 1906 2404 δυνηθεὶς
1935 2334 2063 2396 τοὺς

492 2417 723 2483 ἐαυτοῦς
754 2419 868 2471 ἀλλ’
900 2421 932 2489 ἡ
968 2420 1149 2481 πίστις
1176 2420 1277 2489 τῆς
1303 2420 1560 2488 γυναικὸς
1593 2421 1686 2473 καὶ
1716 2423 1749 2491 ή
1787 2420 2062 2491 προθυμία

492 2505 555 2560 :6
586 2506 718 2561 αὐτὸ
760 2506 1074 2577 εἰργάσατο.
1118 2506 1341 2578 Πρῶτον
1392 2507 1567 2574 ἔτεκε,
1607 2508 1703 2561 καὶ
1754 2508 1935 2576 μόνον,
1968 2509 2062 2561 καὶ

491 2592 608 2646 οὐδὲ
633 2593 749 2664 ᾔδει
782 2595 830 2645 εί
856 2595 948 2646 καὶ
974 2594 1194 2665 ἐτέρους
1216 2593 1448 2658 τέξεται.
1466 2595 1575 2648 Καὶ
1593 2595 1693 2647 οὐκ
1712 2590 1884 2648 εἶπεν·
1916 2596 2061 2648 Ανα-

496 2680 665 2751 μείνω
686 2679 985 2752 αὐξηθῆναι
1016 2681 1077 2733 τὸ
1110 2681 1341 2743 παιδίον,
1365 2681 1451 2734 ἵνα
1473 2682 1762 2751 πράγμασι
1796 2682 2061 2751 χρήσηται

493 2766 785 2837 βιωτικοῖς
820 2770 1158 2839 συγχωρήσω
1201 2768 1363 2820 αὐτὸν
1404 2768 1600 2838 μικρὸν
1627 2770 1960 2840 ἐνδιατρίψαι
1994 2772 2060 2841 τῇ

492 2854 714 2925 παιδικῇ
745 2852 930 2926 ἡλικίᾳ
950 2871 964 2886 ο
1000 2854 1134 2908 ἀλλά
1163 2854 1339 2908 πάντα
1376 2854 1546 2907 ταῦτα
1580 2857 1614 2926 ή
1643 2857 1779 2926 γυνὴ
1808 2873 2063 2927 παρωσαο

493 2942 655 3013 μένη,
677 2942 795 3005 ἐνὸς
828 2941 989 3013 μόνου
1020 2946 1227 3011 γέγονε,
1259 2942 1376 3005 πῶς
1406 2944 1469 2995 ἐκ
1490 2944 1788 3014 προοιμίων
1816 2945 1877 2997 τὸ
1897 2946 2063 3013 ἄγαλ-

492 3048 569 3101 μα
591 3031 651 3084 τὸ
680 3032 1044 3101 πνευματικὸν
1070 3033 1242 3102 ἀναθῇ
1265 3030 1342 3102 τῷ
1372 3031 1514 3101 Θεῷ.
1546 3032 1939 3101 Αίσχυνθῶμεν
1958 3074 1974 3099 ,
2010 3034 2061 3085 οἱ

488 3120 703 3193 ἄνδρες,
743 3123 843 3191 τῆς
874 3122 1128 3189 γυναικὸς
1144 3121 1240 3192 τὴν
1257 3121 1592 3191 φιλοσοφίανσ
1629 3122 1929 3193 ἀνήνεγκεν
1960 3125 2062 3177 αὐ-

487 3208 581 3261 τὸν
607 3208 687 3279 τῷ
718 3207 858 3278 Θεῷ,
892 3210 987 3262 καὶ
1017 3210 1132 3262 ἐκεῖ
1171 3208 1341 3262 εἴασε.
1390 3209 1490 3262 Διά
1525 3209 1682 3263 τοῦτο
1711 3214 1803 3263 καὶ
1831 3214 1859 3264 6
1886 3211 2064 3281 γάμος

486 3296 703 3365 ἐγένετο
744 3295 1143 3366 λαμπρότερος,
1179 3295 1365 3367 ἐπειδὴ
1410 3296 1675 3368 πρότερον
1706 3298 1773 3351 τά
1815 3317 2063 3370 πνευμα-

486 3384 614 3437 τικά
642 3384 927 3455 ἐζήτησεν,
971 3384 1157 3454 ἐπειδὴ
1207 3385 1305 3453 τὴν
1360 3386 1613 3455 ἀπαρχὴν
1666 3386 1919 3456 ἀνέθηκε
1976 3388 2064 3441 διὰ

486 3468 643 3520 τοῦτο
676 3466 904 3539 εὔφορος
941 3469 1109 3538 αὐτῆς
1135 3469 1357 3536 γέγονεν
1388 3471 1420 3538 ή
1455 3468 1687 3539 γαστὴρ,
1715 3470 1809 3522 καὶ
1841 3471 2063 3542 ἐτέρους

487 3557 755 3625 ἐκτήσατο
781 3557 994 3620 παῖδαςο
1027 3556 1117 3609 διά
1151 3556 1309 3609 τοῦτο
1350 3558 1444 3609 καὶ
1478 3558 1536 3609 ἐν
1566 3556 1642 3627 τῷ
1692 3558 1881 3628 κόσμῳ
1924 3557 2062 3612 εἶδεν

487 3645 896 3716 εὐδοκιμοῦντα.
935 3647 995 3697 Et
1037 3645 1146 3716 γάρ
1184 3645 1459 3715 ἄνθρωποι
1503 3644 1804 3717 τιμώμενοι
1857 3650 2063 3702 ἀντιτι-

490 3732 689 3803 μῶσιν,
723 3734 783 3785 οὐ
816 3732 993 3803 πολλῷ
1047 3732 1245 3801 μᾶλλον
1289 3735 1317 3784 ὁ
1366 3732 1517 3796 Θεὸς,
1562 3734 1590 3785 6
1635 3734 1728 3785 καὶ
1764 3737 1932 3805 χωρὶς
1968 3738 2061 3790 τοῦ

485 3822 781 3893 τιμηθῆναι
810 3820 966 3873 τοῦτο
990 3820 1187 3884 ποιῶν;
1228 3820 1404 3889 Μέχρι
1434 3821 1580 3882 τίνος
1608 3822 1778 3891 ἐσμὲν
1821 3823 2021 3894 σάρκες
2046 3843 2059 3890 ;

491 3901 651 3975 μέχρι
677 3903 818 3963 τίνος
851 3902 943 3952 ἐπὶ
970 3901 1071 3969 γῆς
1117 3898 1428 3967 κύπτομεν;
1466 3898 1649 3951 Πάντα
1679 3901 1806 3969 ἡμῖν
1834 3901 2064 3973 δεύτερα

489 3984 626 4037 ἔστω
654 3986 753 4054 τῆς
792 3984 1044 4054 προνοίας
1071 3982 1180 4033 τῶν
1214 3980 1442 4044 παίδων,
1478 3982 1571 4033 καί⁵
1620 3982 1714 4035 τοῦ
1755 3985 1813 4035 ἐν
1845 3985 2063 4057 παιδείᾳ

490 4068 583 4123 καὶ
635 4069 883 4137 νουθεσίᾳ
933 4065 1137 4134 Κυρίου
1187 4064 1326 4117 αὐτά
1362 4063 1743 4134 ἐκτρέφεσθαι.
1773 4067 1869 4118 Ἂν
1916 4068 2063 4140 μάθῃ

492 4152 775 4221 φιλόσοφος
813 4146 953 4204 εἶναι
987 4152 1051 4203 ἐκ
1104 4149 1446 4219 προοιμίων,
1507 4148 1740 4202 πλοῦτον
1796 4153 2065 4223 ἐκτήσατο

491 4238 690 4301 παντὸς
736 4237 965 4291 πλούτου
1018 4236 1272 4307 μείζονα,
1320 4236 1414 4289 καὶ
1466 4233 1622 4300 δόξαν
1664 4238 2060 4310 δυνατωτέραν,

492 4328 655 4379 Οὐδὲν
701 4326 949 4379 τοσοῦτον
979 4324 1186 4394 ἐργάσῃ
1230 4323 1426 4393 τέχνην
1456 4323 1724 4378 διδάσκων
1770 4327 1929 4379 αὐτὸν
1969 4329 2065 4379 καὶ

492 4414 737 4466 παιδείαν
770 4414 866 4480 τὴν
902 4410 1117 4475 ἔξωθεν.
1147 4412 1215 4463 δι’
1238 4406 1305 4482 ἧς
1340 4412 1599 4481 χρήματα
1630 4413 1913 4483 κτήσεται,
1942 4415 2064 4467 ὅσον

492 4502 586 4554 ὲάν
618 4501 830 4570 διδάξῃς
864 4501 1026 4552 αὐτὸν
1058 4500 1283 4572 τέχνην,
1333 4500 1399 4552 δι’
1437 4494 1504 4570 ἧς
1553 4502 1850 4571 χρημάτων
1894 4520 2065 4555 κατα-

495 4590 771 4658 φρονήσει.
826 4588 887 4639 Εί
931 4586 1108 4656 βούλει
1154 4589 1374 4658 ποιῆσαι
1415 4588 1578 4641 αὐτὸν
1620 4588 1895 4652 πλούσιον,
1922 4590 2065 4645 οὕτω

492 4675 735 4745 ποίησον.
774 4674 1030 4737 Πλούσιος
1058 4674 1166 4744 γάρ
1194 4674 1291 4744 οὐχ
1323 4676 1351 4727 6
1381 4673 1593 4727 πολλῶν
1622 4675 1919 4745 χρημάτων
1945 4677 2062 4730 δεό-

497 4778 673 4832 μενος,
710 4761 804 4813 καί.
836 4760 1008 4813 πολλά
1036 4758 1188 4832 [161]
1232 4760 1714 4830 περιϐεϐλημένος,
1759 4762 1876 4815 ἀλλ’
1902 4765 1929 4815 6
1958 4782 2065 4834 μη-

490 4848 639 4911 δενὸς
668 4848 855 4919 χρείαν
883 4846 1042 4917 έχων.
1087 4848 1256 4899 Τοῦτο
1288 4846 1578 4900 παίδευσον
1612 4848 1703 4900 τὸν
1735 4849 1867 4915 υἱὸν,
1907 4851 2065 4904 τοῦτο

491 4935 719 5001 δίδαξον·
756 4930 907 4997 οὗτος
940 4934 1194 5003 μέγιστος
1221 4933 1468 5001 πλοῦτος.
1509 4934 1600 5004 Μὴ
1640 4934 1791 5005 ζήτει
1820 4936 1936 5000 πῶς
1974 4941 2064 4990 εὐ-

493 5023 713 5092 δόκιμον
737 5024 945 5093 ἐργάσῃ
976 5023 1032 5073 ἐν
1060 5021 1347 5090 διδάγμασι
1392 5024 1505 5085 τοῖς
1537 5022 1759 5088 ἔξωθεν,
1804 5026 1897 5078 καὶ
1944 5028 2062 5078 ἐπίο

492 5110 643 5173 δοξον
667 5110 934 5179 ποιήσεις,
976 5107 1111 5161 ἀλλὰ
1160 5108 1442 5179 φρόντισον
1492 5109 1608 5172 πῶς
1634 5111 1797 5163 αὐτὸν
1832 5112 2065 5176 διδάξεις

494 5202 851 5268 καταφρονεῖν
880 5198 977 5267 τῆς
999 5197 1155 5265 δόξης
1187 5197 1285 5267 τῆς
1313 5199 1370 5250 ἐν
1397 5196 1471 5266 τῷ
1501 5196 1599 5268 βίῳ
1632 5200 1826 5268 τούτῳέ
1855 5202 2064 5253 ἐκεῖθεν

493 5285 871 5356 λαμπρότερος
904 5286 999 5338 καὶ
1030 5283 1364 5355 ἐνδοξότερος
1397 5287 1604 5351 γένοιτο
1641 5288 1727 5341 ἀν.
1755 5288 1940 5342 Ταῦτα
1971 5292 2065 5343 καί

493 5373 572 5443 τῷ
604 5374 792 5444 πένητι
843 5374 936 5425 καὶ
972 5371 1050 5441 τῷ
1082 5372 1319 5439 πλουσίῳ
1371 5372 1592 5426 δυνατὸν
1631 5377 1801 5428 ποιεῖν
1826 5392 1840 5405 ⁸
1892 5378 2064 5431 ταῦτα

492 5460 592 5513 οὐκ
641 5463 704 5513 ἐκ
754 5460 1071 5512 διδασκάλου
1110 5459 1367 5529 μανθάνει
1406 5477 1520 5527 τις,
1574 5462 1693 5514 οὐδὲ
1733 5462 1819 5515 διὰ
1849 5464 2062 5534 τέχνης,

494 5543 630 5595 ἀλλά
658 5543 745 5595 διὰ
788 5544 894 5595 τῶν
925 5543 1080 5596 θείων
1110 5543 1325 5610 λογίων.
1367 5544 1458 5612 Μὴ
1490 5543 1639 5613 ζήτει
1688 5544 1833 5608 ὅπως
1857 5549 2064 5617 μακρὸν

498 5620 603 5679 ὦδε
634 5627 859 5697 ζήσεται
889 5626 1023 5696 βίον,
1057 5626 1170 5679 ἀλλ’
1219 5627 1367 5689 ὅπως
1396 5627 1514 5679 ἐκεῖ
1568 5628 1791 5699 ἄπειρον
1820 5632 1913 5683 καὶ
1941 5632 2065 5685 ἀτε-

496 5708 769 5777 λεύτητον.
801 5710 898 5782 ,Τά
941 5710 1151 5779 μεγάλα
1176 5710 1323 5779 αὐτῷ
1367 5710 1611 5783 χαρίζου,
1646 5713 1720 5783 μὴ
1760 5712 1828 5767 τά
1870 5717 2060 5785 μικρά.

501 5798 699 5849 ’Δκουε
729 5797 941 5850 Παύλου
970 5798 1237 5866 λέγοντος
1270 5799 1618 5869 Ἐκτρέφετε
1636 5801 1789 5855 αὐτά
1832 5802 1903 5855 ἐν
1932 5819 2062 5857 παι-

1362 388 1427 441 IN
1465 386 1679 444 EPIST.
1708 388 1801 444 AD
1835 388 2076 446 BPHES.
2114 392 2270 447 CAP.
2318 392 2401 448 Vl.
2445 394 2679 451 HOMIL.
2720 396 2863 453 XXI.

3622 398 3728 454 152

2154 507 2282 574 ὃείᾳ
2310 511 2405 563 καὶ
2436 514 2719 579 νουθεσίᾳ
2752 513 2992 579 Κυρίου.
3024 512 3114 581 Μὴ
3140 512 3342 582 ῥήτορα
3369 510 3529 566 αὐτόν
3562 513 3729 566 σπού-

2153 591 2281 655 δαζε
2301 594 2543 663 ποιῆσαι,
2576 596 2713 648 άλλά
2741 596 3047 664 φιλοσοφεῖν
3097 594 3341 647 παίδευε.
3362 595 3601 649 Ἐκείνου
3629 595 3729 665 μέν

2154 678 2263 747 γὰρ
2286 678 2385 730 οὐκ
2411 679 2583 742 ὄντος,
2631 679 2783 732 οὐδὲν
2812 680 2964 732 ἔσται
2995 679 3211 749 βλάϐος·
3261 677 3449 730 τούτου
3479 678 3537 730 δὲ
3564 678 3730 730 ἀπόν-

2132 778 2264 830 δῖος,
2295 762 2445 814 οὐδὲν
2493 763 2643 816 ἐσται
2673 765 2863 833 κέρδος
2919 764 3119 835 μυρίας
3150 763 3453 834 ῥητορείας.
3502 763 3731 833 Τρόπων

2156 843 2334 911 χρεία,
2378 845 2438 896 οὐ
2473 844 2666 913 λόγων,
2712 847 2898 917 ήθους,
2950 848 3011 899 οὐ
3049 846 3369 915 δεινότητος,
3422 845 3618 914 ἔργων,
3666 846 3728 897 οὐ

2159 926 2437 995 ῥημάτων.
2471 928 2657 981 Ταῦτα
2677 927 2927 999 προξενεῖ
2955 928 3054 1000 τὴν
3084 928 3379 998 βασιλείαν,
3409 926 3582 979 ταῦτα
3628 944 3728 997 χα-

2158 1007 2366 1077 ρίζεται
2398 1014 2491 1063 καὶ
2521 1011 2589 1063 τά
2617 1013 2783 1074 ὅντως
2808 1012 3006 1079 ἀγαθά.
3040 1014 3130 1082 Μὴ
3150 1012 3246 1082 τὴν
3268 1012 3510 1079 γλῶτταν
3533 1012 3731 1080 ἀκονή-

2159 1103 2278 1160 σῃς,
2328 1091 2465 1143 ἀλλά
2516 1094 2615 1162 τὴν
2662 1093 2839 1163 ψυχὴν
2876 1094 3189 1164 ἐκκάθαιρε.
3235 1094 3310 1146 Οὐ
3343 1091 3568 1146 κωλύων
3601 1110 3731 1145 παι-

2156 1170 2332 1225 δεύειν
2367 1174 2537 1229 ταῦτα
2586 1175 2747 1244 λέγω,
2797 1177 2932 1231 ἀλλὰ
2988 1177 3211 1230 κωλύων
3273 1178 3502 1239 ἐκείνοις
3551 1176 3731 1243 μόνοις

2160 1256 2466 1325 προσέχειν.
2518 1259 2611 1330 Μὴ
2633 1259 2858 1331 νομίσῃς
2886 1261 2967 1312 ὅτι
3004 1260 3081 1329 τῷ
3112 1260 3394 1331 μονάζοντι
3430 1261 3574 1329 μόνῳ
3607 1258 3730 1310 τού-

2160 1355 2268 1392 των
2296 1340 2376 1392 δεῖ
2394 1340 2500 1392 τῶν
2531 1342 2915 1410 παιδευμάτων
2943 1342 3049 1395 τῶν
3075 1343 3181 1395 ἀπὸ
3211 1345 3318 1395 τῶν
3351 1342 3599 1414 Γραφῶψ
3628 1342 3730 1410 μά·

2160 1422 2315 1475 λιστα
2338 1422 2447 1493 γάρ
2472 1423 2676 1477 τούτων
2701 1425 2781 1477 δεῖ
2814 1427 2925 1487 τοῖς
2963 1427 3119 1477 παισὶ
3148 1430 3258 1487 τοῖς
3291 1425 3572 1494 μέλλουσιν
3596 1435 3621 1462 ι
3650 1425 3731 1482 εἰς

2158 1505 2248 1557 τὸν
2266 1505 2379 1575 βίον
2407 1507 2590 1559 τοῦτον
2617 1508 2789 1578 ήκειν.
2815 1508 3027 1579 Ὥσπερ
3055 1508 3163 1580 γὰρ
3186 1509 3283 1577 τῆς
3301 1508 3407 1561 ἀπὸ
3423 1507 3516 1560 τοῦ
3545 1508 3729 1560 πλοίου

2160 1589 2502 1658 κατασκευῆς
2553 1591 2647 1643 καὶ
2690 1591 3020 1662 κυϐερνήτου
3070 1592 3163 1644 καὶ
3206 1590 3568 1661 πληρώματος
3623 1592 3731 1641 τῶν

2162 1672 2369 1724 ναυτῶν
2423 1674 2520 1743 οὐχ
2568 1669 2719 1741 οὗτος
2752 1674 2920 1727 δεῖται
2973 1678 3001 1728 6
3037 1674 3326 1738 διαπαντὸς
3376 1676 3467 1727 ἐπὶ
3513 1674 3732 1744 λιμένος

2162 1754 2354 1818 ἐστὼς,
2385 1756 2497 1809 ἀλλ’
2518 1760 2545 1810 ὁ
2574 1756 2912 1811 θαλαττεύων
2945 1758 3053 1811 ἀεί·
3085 1758 3227 1811 οὕτω
3271 1757 3364 1810 καὶ
3389 1760 3416 1811 6
3447 1756 3729 1826 κοσμικὸς,

2163 1839 2257 1893 καὶ
2294 1840 2322 1893 6
2358 1840 2621 1909 μονάζων.
2668 1842 2725 1893 ’0
2776 1841 2875 1911 μὲν
2928 1844 3057 1913 γάρ,
3113 1842 3363 1911 καθάπερ
3416 1842 3496 1903 εἰς
3533 1839 3730 1910 λιμένα

2162 1922 2306 1974 ἐστὶν
2336 1921 2667 1991 ἀκύμαντον,
2719 1924 2831 1994 βίον
2883 1922 3211 1993 ἀπράγμονα
3241 1922 3369 1989 ζῶν,
3426 1925 3519 1976 καὶ
3551 1924 3732 1990 πάσης

2162 2004 2576 2073 ἀπηλλαγμένον
2606 2006 2933 2073 καταιγίδος·
2964 2000 3116 2069 οὗτος
3163 2006 3219 2058 δὲ
3253 2006 3541 2068 διαπαντὸς
3570 2006 3735 2059 πελά-

2161 2088 2278 2156 γιός
2307 2090 2445 2150 ἐστι,
2496 2090 2589 2142 καὶ
2618 2088 2934 2142 θαλαττεύει
2989 2093 3047 2142 ἐν
3076 2091 3222 2160 μέσῳ
3249 2090 3473 2157 πελάγει
3514 2089 3734 2150 πολλαῖς

2160 2173 2475 2243 τρικυμίαις
2510 2176 2831 2245 μαχόμενος·
2869 2174 2969 2227 κᾶν
3024 2174 3186 2236 αὐτὸς
3226 2172 3300 2243 μὴ
3345 2173 3550 2241 δέηται,
3598 2173 3733 2225 ἀλλά

2163 2257 2673 2326 παρεσκευασμένον
2690 2252 2828 2310 εἶναι
2843 2256 2941 2319 δεῖ,
2954 2256 3095 2309 ὥστε
3118 2255 3216 2317 τάς
3245 2256 3444 2325 ἐτέρων
3461 2255 3734 2325 ἐμφράξαι

2162 2354 2423 2406 γλώττας.
2436 2368 2441 2373 -

2232 2518 2301 2579 γ’.
2328 2512 2490 2563 Ὥστε
2519 2511 2628 2581 ὅσῳ
2662 2511 2730 2565 ἂν
2759 2513 3040 2581 εὐδόκιμος
3076 2510 3298 2581 γένηται
3333 2512 3390 2565 ἐν
3424 2510 3500 2580 τῷ
3530 2510 3627 2579 βίῳ
3658 2509 3735 2578 τῷ

2163 2596 2409 2664 παρόντι,
2440 2594 2679 2661 τοσούτῳ
2712 2595 2860 2663 αὐτῷ
2903 2595 2987 2647 δεῖ
3014 2597 3111 2664 τῆς
3145 2592 3480 2655 παιδεύσεως
3506 2592 3730 2660 ταύτης.

2167 2680 2264 2731 Ἂν
2295 2696 2355 2731 τε
2390 2679 2496 2751 γάρ
2527 2681 2584 2731 ἐν
2614 2677 2902 2748 βασιλείοις
2933 2677 3221 2748 τρέφηται,
3276 2675 3459 2729 πολλοὶ
3484 2677 3578 2729 καὶ
3613 2675 3735 2727 Ἔλ-

2162 2762 2319 2833 ληνες
2351 2763 2466 2813 ἐκεῖ
2494 2762 2587 2813 καὶ
2618 2759 2894 2828 φιλόσοφοι
2924 2759 3016 2813 καὶ
3049 2761 3097 2812 οί
3119 2759 3493 2829 πεφυσημένοι
3524 2759 3617 2812 ἐπὶ
3666 2762 3732 2828 τῇ

2163 2843 2415 2916 παρούσῃ
2441 2841 2587 2913 δόξῃ,
2624 2842 2875 2912 καθάπερ
2914 2844 3078 2905 τόπος
3124 2858 3208 2905 τις
3272 2841 3535 2910 ὐδερικῶν
3562 2843 3735 2910 ἐμπε-

2164 2927 2492 2998 πλησμένος.
2527 2924 2779 2979 Τοιοῦτόν
2805 2926 2857 2977 τί
2922 2924 3038 2977 ἐστι
3092 2923 3161 2977 τά
3218 2922 3484 2994 βασίλεια·
3536 2924 3734 2985 πάντες

2161 3010 2268 3063 είσί⁷
2297 3008 2667 3078 πεφυσημένοι
2701 3008 2792 3061 καὶ
2823 3005 3261 3077 φλεγμαίνοντεςο
3290 3008 3337 3059 οἰ
3377 3006 3432 3058 δὲ
3464 3006 3563 3059 οὐκ
3586 3005 3737 3067 ὄντες

2164 3091 2520 3154 σπουδάζουσι
2539 3089 2697 3143 τοῦτο
2742 3088 3014 3158 γενέσθαι.
3042 3089 3324 3159 Ἐννόησον
3351 3087 3444 3143 οὖν
3467 3090 3589 3142 ὅσον
3619 3090 3737 3141 ἐστὶ

2161 3177 2251 3229 τὸν
2276 3177 2389 3228 υἱὸν
2437 3174 2529 3226 τὸν
2561 3175 2653 3226 σὸν
2699 3172 3008 3225 εἰσελθόντα
3058 3174 3195 3237 ἐκεῖ,
3247 3171 3497 3241 καθάπερ
3555 3170 3736 3241 ἰατρὸν

2160 3261 2402 3329 ἄριστον,
2434 3257 2572 3329 μετά
2605 3256 2713 3309 τῶν
2767 3258 3013 3328 ὀργάνων
3041 3256 3265 3309 εἰσιέναι
3285 3257 3394 3308 τῶν
3425 3254 3736 3324 δυναμένων

2161 3343 2543 3398 καταστέλλειν
2566 3342 2665 3412 τὴν
2688 3342 2919 3395 ἐκάστου
2965 3340 3293 3409 φλεγμονὴν,
3340 3340 3434 3392 καὶ
3456 3338 3736 3409 προσιέναι

2164 3428 2379 3497 ἑκάστῳ
2403 3425 2495 3478 καὶ
2522 3424 2887 3490 διαλέγεσθαι,
2920 3423 3013 3475 καὶ
3043 3422 3193 3491 ὐγιές
3241 3421 3301 3474 τὸ
3333 3424 3540 3489 κάμνον
3578 3422 3736 3489 σῶμα

2164 3512 2358 3569 ποιεῖν,
2376 3508 2641 3577 φάρμακα
2662 3505 2971 3558 ἐπιτιθέντα
2992 3504 3063 3557 τὰ
3084 3505 3193 3557 ἀπὸ
3208 3504 3316 3556 τῶν
3334 3504 3363 3543 ι»
3377 3502 3627 3571 Γραφῶν,
3644 3504 3737 3555 καὶ

2162 3593 2287 3655 τοὺς
2312 3593 2441 3661 περὶ
2466 3589 2781 3658 φιλοσοφίας
2808 3587 3065 3656 ἐκχέοντα
3098 3588 3308 3655 λόγους.
3359 3588 3416 3640 ’0
3442 3587 3550 3656 γάρ
3571 3586 3736 3654 μονά-

2163 3677 2270 3739 ζων
2297 3676 2403 3725 τίνι
2447 3672 2743 3735 διαλέξεται
2762 3690 2777 3733 ;
2815 3670 2890 3740 τῷ
2922 3670 3084 3740 τοίχῳ
3132 3670 3227 3723 καὶ
3256 3670 3331 3739 τῷ
3354 3669 3568 3739 όρόφῳ;
3601 3667 3738 3720 ἀλλὰ

2162 3760 2227 3827 τῇ
2262 3757 2467 3825 ἐρημίᾳ
2496 3758 2589 3807 καί¹
2616 3756 2734 3815 ταῖς
2763 3753 2987 3816 νάπαις;
3024 3752 3056 3822 ἢ
3104 3754 3216 3814 τοῖς
3254 3752 3427 3822 ὅρνισι
3495 3751 3589 3802 καὶ
3625 3753 3738 3810 τοῖς

2162 3841 2424 3908 δένδροις;
2455 3838 2696 3907 Οὐκέχει
2724 3839 2902 3890 τοίνυν
2930 3836 3127 3906 πολλὴν
3148 3836 3393 3906 ἀνάγκην
3414 3837 3617 3897 ἐκεῖνος
3641 3835 3739 3902 τῆς

2166 3923 2317 3995 [Hii]
2347 3923 2600 3990 τοιαύτης
2629 3920 2987 3983 διδασκαλίας·
3018 3919 3133 3972 ἀλλ’
3164 3921 3314 3989 ὅμως
3348 3918 3507 3990 ἔργον
3530 3918 3739 3971 τίθεται

2163 4007 2320 4059 τοῦτο
2352 4005 2712 4075 κατορθῶσαι,
2739 4007 2835 4073 οὐχ
2865 4004 3007 4056 ὥστε
3062 4004 3282 4073 ἐτέρους
3312 4001 3564 4055 τοσοῦτον
3608 4018 3737 4053 παι-

2162 4089 2369 4153 δεῦσαι,
2408 4088 2520 4140 ἀλλ’
2547 4087 2685 4139 ὥστε
2717 4089 2928 4140 ἑαυτὸν.
2992 4086 3164 4157 Πολλὴ
3192 4082 3285 4139 οὖν
3319 4086 3476 4156 χρεία
3505 4084 3738 4153 μάλιστα

2161 4175 2274 4236 τοῖς
2296 4176 2354 4225 ἐν
2380 4172 2457 4242 τῷ
2488 4171 2587 4241 βίῳ
2610 4170 2782 4240 τούτῳ
2817 4172 3206 4241 στρεφομένοις
3232 4172 3327 4239 τῆς
3372 4170 3625 4236 τοιαύτης
3657 4168 3736 4218 6:-

2162 4255 2472 4317 δασκαλίας’
2508 4254 2603 4306 καὶ
2658 4255 2764 4322 γάρ
2797 4255 2889 4306 τοῦ
2935 4255 3271 4324 ἁμαρτάνειν
3313 4252 3533 4303 πλείονα
3584 4243 3737 4310 οὗτος

2164 4339 2408 4409 ἀνάγκην
2442 4338 2575 4407 ἕχει,
2608 4337 2639 4407 ἦ
2674 4340 2897 4398 ἐκεῖνος.
2928 4339 2988 4389 Εἰ
3010 4338 3066 4389 δὲ
3107 4336 3526 4405 βούλειγνῶναι,
3558 4333 3651 4385 καὶ
3679 4334 3738 4383 ἐν

2163 4424 2241 4492 τῷ
2271 4424 2459 4492 κόσμῳ
2518 4420 2665 4489 αὐτῴ
2696 4421 3117 4491 ἐπιτηδειότερος
3173 4420 3349 4472 ἔσται.
3382 4420 3586 4479 Πάντες
3630 4417 3738 4486 γάρ

2165 4507 2325 4559 αὐτὸν
2354 4503 2758 4572 αἰδεσθήσονται
2786 4504 2894 4553 ἀπὸ
2919 4504 3025 4553 τῶν
3057 4503 3316 4572 ῥημάτων
3340 4502 3580 4561 ἐκείνων,
3609 4501 3738 4552 ὅταν

2164 4588 2364 4658 ὁρῶσιν
2399 4586 2561 4639 αὐτὸν
2590 4587 2648 4637 ἐν
2677 4585 2810 4654 πυρὶ
2840 4584 2915 4655 μὴ
2935 4584 3241 4653 καιόμενον,
3264 4584 3396 4654 μηδὲ
3428 4586 3604 4654 ἀρχῆς
3627 4584 3739 4633 ἐπι-

2165 4668 2459 4739 θυμοῦντα·
2485 4667 2605 4719 τότε
2640 4666 2735 4719 καὶ
2758 4665 3002 4729 τεύξεται
3030 4666 3251 4737 ταύτης,
3286 4670 3411 4721 ὅταν
3441 4668 3515 4738 μὴ
3546 4666 3737 4720 ἐπιθυ-

2167 4755 2263 4823 μῇ,
2287 4752 2382 4803 καὶ
2404 4750 2614 4820 βασιλεῖ
2638 4749 3057 4821 αίδεσιμώτερος
3091 4752 3261 4805 ἕσται.
3284 4753 3359 4804 Οὐ
3389 4752 3496 4822 γάρ
3529 4750 3608 4803 ένι
3645 4750 3739 4803 τὸν

2163 4834 2400 4888 τοιοῦτον
2424 4832 2625 4885 λαθεῖν.
2671 4833 2758 4885 Ἐν
2791 4833 2889 4902 μὲν
2917 4836 3025 4903 γάρ
3058 4836 3269 4899 πολλοῖς
3300 4836 3601 4904 ὑγιαίνουσι
3645 4834 3740 4905 λή-

2166 4936 2314 4969 σεται
2340 4917 2368 4967 6
2394 4914 2673 4982 ὑγιαίνωψ
2703 4918 2760 4967 ἐν
2797 4917 2855 4968 δὲ
2888 4916 3101 4980 πολλοῖς
3153 4919 3451 4987 κάμνουσιν
3479 4919 3609 4971 ὅταν
3656 4912 3737 4979 εἷς

2163 5000 2423 5066 ὑγιαίνων
2443 4995 2499 5069 ᾖ,
2521 4998 2727 5067 ταχέως
2760 5000 2856 5051 καὶ
2897 5000 2975 5062 είς
3012 5002 3110 5064 τὰς
3141 5000 3425 5069 βασιλικὰς
3475 5002 3645 5063 άκοάς
3702 5002 3736 5068 ἡ

2164 5085 2321 5153 φήμη
2368 5082 2767 5151 διαδραμεῖται,
2823 5084 2916 5136 καὶ
2969 5084 3186 5148 πολλοῖς
3240 5086 3401 5138 αὐτὸν
3450 5085 3737 5153 ἐπιστήσει

2164 5169 2361 5221 ἔθνεσι.
2391 5164 2575 5217 Ταῦτα
2610 5163 2703 5218 οὖν
2736 5166 2954 5229 εἰδότες,
2984 5169 3275 5238 ἐκτρέφετε
3310 5171 3367 5220 ἐν
3398 5166 3614 5234 παιδεία
3643 5167 3739 5217 καὶ

2163 5249 2413 5318 νουθεσίᾳ
2454 5248 2660 5318 Κυρίου
2705 5251 2772 5303 τά
2803 5251 2985 5304 τέκνα.
3034 5252 3196 5303 Ἀλλά
3245 5253 3411 5320 πένης
3443 5252 3526 5312 τίς
3572 5251 3735 5313 ἐστι;

2164 5334 2334 5387 Πάλιν
2377 5333 2566 5403 πένης·
2622 5333 2759 5386 ἀλλά
2786 5335 2879 5386 τοῦ
2910 5336 2966 5388 ἐν
3021 5335 3311 5405 βασιλείοις
3369 5332 3736 5403 στρεφομένου

2164 5418 2314 5470 οὐδὲν
2359 5416 2509 5468 ἔσται
2560 5416 2959 5487 εὐτελέστερος,
3002 5419 3187 5490 ἐπειδὴ
3232 5419 3306 5489 μὴ
3336 5420 3391 5470 ἐν
3448 5417 3737 5485 βασιλείοις

2164 5503 2331 5569 ἐστὶν,
2396 5500 2534 5556 άλλά
2582 5500 3049 5573 θαυμασθήσεται,
3104 5506 3198 5555 καὶ
3250 5502 3461 5572 ταχέως
3503 5503 3582 5564 εἰς
3632 5502 3737 5572 ἀρ-

2219 5696 2251 5754 ε
2288 5684 2477 5792 [λεεετε
2499 5683 2663 5745 placet
2685 5684 2891 5747 Dunaeo,
2938 5688 3008 5739 δεῖ
3026 5692 3144 5735 πᾶσι
3183 5686 3281 5742 τοῖς
3304 5704 3374 5749 μ.,
3396 5690 3450 5736 et
3479 5698 3614 5741 mox.
3657 5684 3734 5736 ἐπὶ

2222 5764 2249 5792 υ
2270 5761 2305 5792 π
2341 5782 2351 5792 .

2162 5763 2249 5795 του
2270 5761 2351 5792 πΑ.

2228 5809 2255 5848 ιο
2287 5806 2419 5855 Unus
2435 5805 2551 5857 Cod.
2577 5807 2821 5875 φάρμακον
2847 5810 3103 5859 ἐπιτιθέντα
3123 5808 3219 5858 ἀπὸ
3237 5808 3351 5863 τῶν.
