4096 6388
981 401 1038 456 S.
1078 395 1362 455 JOANNIS
1400 383 1891 448 CHRYSOSTOMI
1930 382 2252 438 ARCHIEP.
2293 379 2841 438 CONSTANTINOP.
3420 374 3528 428 ’154

1966 498 2071 565 γὰρ
2103 499 2169 552 ἂν
2200 501 2300 552 οὑκ
2327 497 2569 568 ἐξῆλθεν·
2621 496 2681 548 ού
2711 481 2995 563 συνηθείας
3026 489 3192 561 φιλίᾳ,
3250 488 3350 542 οὑκ
3393 485 3536 554 ἄλλῳ

1963 581 2157 636 οὐδενί.
2192 579 2326 634 Εἶτα
2353 581 2509 650 δόξης
2547 579 2779 650 μάλιστα
2800 578 3013 629 πάντων
3039 576 3242 634 ἐκεῖνος
3273 569 3538 640 κατεφρό-

1966 681 2096 734 νησε
2131 665 2224 730 κμὶ
2241 681 2344 734 χρη
2354 664 2556 733 μάτων·
2588 662 2682 714 κα¹ι
2711 659 2818 729 γὰρ
2847 659 2973 710 πόλε
2983 674 3079 724 μον
3095 653 3531 723 τροπωσάμενος,

1967 757 2062 809 καὶ
2089 756 2303 826 λάφυρα
2335 754 2651 822 ἀξιούμενος
2680 752 2886 813 λαϐεῖν,
2939 747 3296 802 κατέπτυσεν.
3341 741 3481 795 Ἀλλ’
3511 743 3539 794 6

1967 843 2092 903 παῖς
2114 842 2142 892 6
2167 824 2378 903 τούτου,
2411 838 2471 891 οὑ
2495 837 2581 890 διὰ
2616 835 2685 889 τὰ
2704 836 2958 906 χρήματα
2991 830 3151 882 πάλιν
3181 824 3537 906 ἐθαυμάζετο,

1968 923 2104 976 ἀλλά
2137 922 2224 975 διὰ
2243 921 2342 992 τὴν
2373 905 2788 990 φιλοξενίαν,ού
2814 915 2900 968 διὰ
2934 913 3004 966 τὰ
3031 910 3239 972 παιδία,
3265 908 3400 992 ἀλλὰ
3455 905 3543 992 διά

1969 1006 2072 1076 τήν
2103 987 2454 1076 ὑπακοήνξού
2476 1004 2564 1056 διὰ
2582 1002 2680 1072 τὴν
2708 1001 2959 1069 γυναῖκα,
2992 994 3128 1048 ἀλλὰ
3159 992 3249 1046 διὰ
3278 991 3374 1061 τὴν
3404 987 3544 1076 στεί-

1975 1071 2140 1159 ρῶσιν
2190 1071 2426 1158 τὴν-ἐπὶ
2483 1089 2547 1156 τῇ
2602 1071 2844 1152 γυναικί.
2899 1080 3062 1133 Οὑδέν
3107 1077 3224 1159 τὴν.
3267 1071 3544 1142 παροῦσαν

1973 1155 2200 1240 ήγοῦντο
2226 1155 2391 1239 ζωὴν,
2417 1155 2531 1221 οὑκ
2550 1164 2996 1237 ἐχρηματίζοντο,
3025 1157 3350 1240 ὑπερεώρων
3373 1155 3547 1206 ἀπάν-

1975 1272 2104 1310 των.
2129 1255 2264 1306 Είπέ
2288 1254 2398 1324 γάρ
2430 1269 2539 1322 μοι,
2597 1253 2724 1304 ποῖα
2750 1249 2858 1301 τῶν
2893 1245 3074 1317 φυτῶν
3110 1245 3254 1296 ἐστιν
3307 1239 3502 1308 ἄριστα
3529 1251 3546 1299 ς

1977 1339 2075 1407 οὐχ
2102 1337 2243 1406 άπερ
2267 1319 2331 1388 ἂν
2351 1319 2562 1387 οἴκοθεν
2583 1333 2682 1405 ἔχῃ
2698 1331 2796 1401 τὴν
2823 1331 2995 1400 ἰσχὺν,
3017 1326 3114 1380 καὶ
3141 1325 3276 1394 μήτε
3301 1319 3549 1407 δμὸροις,

285 408 389 465 155

284 528 384 600 χὴν
413 526 530 597 ἥξει
562 523 660 594 τὴν
690 519 957 581 ἑκούσιον,
989 519 1052 570 οὑ
1095 515 1193 586 τὴν
1219 511 1620 600 χειροτονητήν.
1655 505 1717 557 Et
1746 503 1853 571 γάρ

287 590 544 680 τέλληνες
572 590 760 676 ἄνδρες
787 599 1192 670 τριωδολιμαῖοί
1240 611 1385 657 τινες
1423 595 1517 644 καὶ
1539 590 1746 680 κύνες,¹
1771 603 1856 653 φι-

283 693 537 762 λοσοφίαν
559 688 811 757 τοιαύτην
860 682 1243 751 ἀναδεξάμενοι
1291 669 1858 750 τριωὸολιμαίον(τοι-

288 753 435 846 αὑτη-
465 777 572 844 γὰρ
603 776 636 840 ἡ
673 753 998 840 Ἑλληνικὴ),
1038 766 1236 836 μᾶλλον
1265 765 1322 816 δὲ
1361 761 1482 814 οὑδέ
1521 758 1710 826 αὐτὴν,
1735 753 1856 846 ,ἀλλ’

289 838 456 928 δνομά
478 838 674 926 αὑτῆς,
723 855 815 906 καὶ
850 838 1086 921 τρίϐωνα
1142 847 1507 917 περιθέμενοι,
1542 842 1636 928 καὶ
1685 838 1861 928 κόμην

292 919 1223 1014 θρέψαντεςξπολλοὺςῨδυσωποῦσι·
1277 928 1426 996 πόσῳ
1464 923 1662 994 μᾶλλον
1705 922 1733 972 6
1784 919 1865 1014 6v-

293 1002 414 1087 τως
433 1002 754 1090 φιλόσοφ·ος;
787 1020 849 1070 Εἰ
882 1020 1066 1085 σχῆμα
1085 1012 1294 1083 ψευδὲς,
1317 1013 1364 1062 εί
1393 1009 1521 1062 σκιά
1552 1002 1865 1090 φιλοσοφίας

299 1085 594 1174 φαίνομένη
626 1085 796 1162 οὕτως
830 1101 990 1168 αἱρεῖ,
1020 1096 1071 1149 τί
1108 1097 1203 1148 ἐὰν
1232 1094 1328 1165 τὴν
1358 1091 1532 1162 ἀληθῆ
1549 1085 1864 1158 φιλοσοφίαν

300 1192 670 1259 ἁγαπήσωμεν
699 1187 792 1239 καὶ
808 1186 904 1254 τὴν
927 1181 1219 1252 εἰλικρινής
1245 1179 1364 1248 οὑχὶ
1383 1176 1584 1238 πάντες
1608 1169 1869 1242 θεραπεύ-

302 1291 450 1328 σουσι
477 1290 491 1338 ;
524 1275 616 1325 καὶ
643 1270 818 1330 οἰκίας
836 1267 931 1321 καὶ
949 1270 1213 1334 γυναῖκας
1230 1264 1320 1316 καὶ
1351 1261 1544 1322 παῖδας
1564 1260 1674 1320 τοῖς
1691 1254 1868 1309 τοιού-

300 1373 412 1415 τοις
437 1354 575 1424 μετά
603 1352 802 1420 πολλῆς
835 1351 934 1418 τῆς
952 1349 1133 1411 ἀδείας
1150 1345 1574 1417 ἐγχειρίσουσιν;
1610 1339 1747 1424 ᾍλλ⁹
1771 1338 1870 1391 οὐκ

305 1439 469 1497 ἔστιν,
505 1437 604 1488 οὑκ
621 1433 734 1487 ἐστι
755 1419 992 1495 τοιοῦτος
1014 1430 1298 1499 φιλόσοφος
1327 1429 1441 1480 νῦν.
1471 1426 1567 1477 Διά
1581 1422 1737 1476 τοῦτο
1753 1419 1871 1472 οὑδέ

304 1521 364 1573 τὸ
389 1520 688 1587 ὑπόδειγμα
712 1515 857 1569 ἐστιν
895 1515 1092 1584 εὑρεῖν.
1127 1512 1248 1566 Εἰσὶ
1281 1511 1378 1580 μὲν
1406 1509 1512 1577 γὰρ
1533 1511 1587 1560 ἐν
1617 1505 1874 1576 μονάζου-

309 1623 414 1666 σιν,
437 1606 493 1654 ἐν
512 1603 566 1656 δέ
579 1602 859 1669 κοσμικαῖς
874 1597 1074 1651 οὐκέτι.
1095 1597 1205 1649 Καὶ
1228 1597 1308 1649 ὅτι
1330 1595 1388 1646 ἐν
1412 1590 1728 1662 μονάζουσίν
1746 1590 1874 1650 είσι,

309 1686 530 1739 δυνατὸν
553 1683 783 1742 πολλοὺς
805 1682 1164 1751 παραγαγεῖν·
1189 1680 1337 1748 ὅμως
1373 1677 1470 1729 ἕνα
1491 1674 1597 1727 ἀπὸ
1621 1672 1877 1725 πλειόνων

313 1770 443 1841 ἐρῶ.

387 1905 530 1956 Ἷστε
558 1902 754 1972 δήπου,
777 1903 870 1954 καὶ
895 1902 1187 1971 ἀκηκόατε,
1225 1902 1274 1952 οἱ
1304 1899 1361 1950 δέ
1399 1898 1491 1950 καὶ
1541 1897 1880 1966 ἐθεωρήσατε

316 1987 407 2039 τὸν
429 1985 684 2055 ἄνδρα,ὂν
710 1985 886 2055 μέλλω
907 1985 1001 2038 νῦν
1022 1985 1186 2054 ἐρεῖν·
1202 1981 1488 2036 Ἰουλιανόν
1503 1980 1643 2046 λέγω
1655 1979 1744 2031 τὸν
1762 1978 1884 2029 θαυ-

324 2071 534 2139 μάσιον.
565 2061 732 2132 Οῦτος
753 2065 820 2138 ἦν
844 2069 981 2139 ἀνὴρ
1003 2069 1278 2138 ἄγροικος,
1306 2065 1558 2122 ταπεινὸς
1588 2064 1681 2116 καὶ
1705 2064 1766 2114 ἐκ
1791 2078 1885 2112 τα-

320 2152 540 2206 πεινῶν·
556 2152 676 2204 ούδέ
693 2153 828 2214 ὅλως
843 2153 939 2220 τῆς
955 2151 1152 2215 ἔξωθεν
1183 2149 1428 2210 παιδείας
1450 2149 1728 2217 ἔμπειρος.
1753 2143 1887 2197 ἀλλά

321 2236 420 2304 τῆς
451 2234 724 2288 ἀπλάστου
751 2233 1062 2302 φιλοσοφίας
1099 2231 1543 2302 πεπληρωμένος.
1575 2229 1774 2281 Τούτου
1808 2228 1888 2290 εἰς

321 2320 419 2383 τὰς
450 2317 998 2386 πόλειςιέμϐάλλοντος
1017 2315 1329 2386 (σπανιάκις
1373 2315 1429 2366 δὲ
1459 2313 1615 2365 τοῦτο
1637 2312 1886 2380 ἐγίνετο),

322 2401 446 2454 οὔτε
484 2401 744 2472 ρητόρων,
774 2398 897 2451 οὔτε
925 2399 1212 2466 σοφιστῶν,
1247 2397 1368 2450 οὔτε
1397 2397 1556 2451 ἄλλου
1588 2395 1730 2456 τινὸς
1782 2396 1890 2445 εἱσ-

323 2482 890 2550 ελαύνοντος,τοιαύτη
915 2499 998 2545 τις
1021 2483 1230 2550 ἐγίνετο
1262 2479 1692 2551 συστροφή.Τίδέ
1713 2477 1887 2545 λέγω;

325 2569 444 2637 οὐχὶ
474 2567 688 2620 πάντων
719 2565 980 2635 βασιλέων
1010 2566 1103 2617 καὶ
1130 2565 1191 2616 τὸ
1222 2564 1390 2632 ὄνομα
1415 2563 1582 2615 αὑτοῦ
1643 2561 1891 2630 λαμπρό-

323 2667 481 2720 τερον
508 2650 692 2721 ᾄδεται
719 2651 797 2701 ἐτι
831 2651 923 2701 καὶ
975 2648 1068 2700 νῦν
1093 2664 1107 2712 ;
1138 2649 1200 2700 Εἰ
1227 2647 1284 2700 δὲ
1313 2649 1370 2698 ἐν
1396 2646 1474 2709 τῷ
1503 2646 1689 2714 κόσμῳ
1723 2644 1895 2712 τούτῳ

327 2734 522 2797 ταῦτα,
553 2731 704 2801 ἐντῷ
734 2731 945 2802 κόσμῳ,
970 2734 1027 2782 ἐν
1074 2723 1118 2795 ᾧ
1156 2729 1321 2799 μηδὲν
1365 2731 1498 2799 ἡμῖν
1534 2728 1897 2796 ἐπηγγείλατο

330 2817 530 2884 ἀγαθὸν
559 2819 585 2869 6
612 2816 908 2883 Δεσπότης,
939 2816 996 2866 ἐν
1027 2807 1070 2882 ᾧ
1119 2813 1300 2877 ξένους
1345 2814 1490 2883 ἡμᾶς
1550 2807 1701 2864 εἶπεν
1734 2807 1894 2871 εἶναι,

333 2901 676 2969 ἐννοήσωμεν
704 2902 760 2951 ἐν
789 2902 900 2961 τοῖς
930 2899 1177 2967 οὐρανοῖς
1199 2897 1339 2949 πόσα
1381 2898 1530 2948 ἔσται
1576 2895 1642 2946 τὰ
1673 2893 1898 2946 ἀποκεί-

337 3003 472 3052 μενα
503 2984 679 3051 ἀγαθά
705 3002 718 3014 ·
765 2986 814 3034 εἰ
835 2981 962 3036 ἔνθα
1007 2981 1256 3052 πάροικοι
1285 2976 1444 3050 ἦσαν,
1475 2979 1744 3049 τοσαύτης
1799 2981 1902 3030 ἁπ-

336 3069 524 3118 έλαυον
562 3067 747 3135 τιμῆς,
783 3066 910 3118 ἔνθα
949 3067 1002 3117 αἱ
1041 3065 1221 3126 πόλεις
1264 3065 1391 3122 εἰσὶ.
1450 3064 1621 3131 πόσης
1667 3061 1903 3115 ἀπολαύ-

340 3169 491 3202 σουσι
521 3149 712 3219 δόξης;
755 3153 802 3202 εί
835 3148 963 3203 ἔνθα
994 3149 1171 3217 θλίψιν
1228 3146 1612 3215 ἐπηγγείλατο,
1668 3143 1904 3211 τοσαύτη

341 3235 624 3304 θεραπεία,
683 3234 810 3286 ἔνθα
864 3233 1032 3295 ὅντως
1090 3232 1254 3302 τιμὰς
1304 3229 1714 3298 ἐπαγγέλλεται,
1765 3229 1905 3297 πόση

342 3320 491 3369 ἔσται
525 3316 796 3387 ήᾶνεσις;
829 3316 988 3368 Ἀλλά
1021 3315 1273 3384 βούλεσθε
1296 3316 1390 3367 καὶ
1441 3300 1736 3381 κοσμικοὺς
1792 3313 1909 3362 ἐπι-

342 3400 634 3466 δείξωμεν;
664 3398 778 3452 Νῦν
812 3400 909 3468 μὲν
943 3399 1050 3469 γὰρ
1091 3399 1192 3451 οὐκ
1220 3398 1434 3468 ἔχομεν·
1468 3397 1607 3466 πλήν
1657 3398 1764 3448 εἰσι
1812 3394 1910 3462 μὲν

345 3481 496 3555 [165]
529 3484 656 3545 ἴσως
684 3485 776 3536 καὶ
804 3481 1055 3551 κοσμικοὶ
1086 3484 1366 3545 ἐπιεικεῖς,
1395 3480 1506 3533 ἀλλ’
1527 3482 1604 3542 είς
1626 3479 1724 3549 τὴν
1740 3480 1912 3547 ἄκραν

344 3565 442 3634 οὑχ
473 3566 698 3633 ἥκοντες
745 3566 1082 3634 φιλοσοφίαν.
1123 3565 1212 3617 Διὸ
1252 3563 1358 3617 ἀπὸ
1389 3562 1496 3616 τῶν
1538 3562 1781 3616 παλαιῶν
1823 3561 1916 3614 καὶ

347 3649 517 3716 ἁγίων
564 3648 673 3719 ἐρῶ
707 3649 834 3715 ὑμῖν
887 3648 952 3699 τά
1004 3647 1394 3717 ὑποδείγματα.
1444 3645 1606 3699 Πόσοι
1655 3646 1916 3713 γυναῖκας

349 3735 582 3798 ἔχοντες,
613 3731 704 3783 καὶ
734 3731 928 3793 παῖδας
961 3729 1272 3800 τρέφοντες,
1302 3729 1409 3781 τῶν
1436 3728 1738 3798 εἰρημένων
1767 3727 1918 3778 οὑδέν

352 3814 591 3873 ἔλαττον,
617 3813 766 3865 οὑδέν
796 3813 1014 3866 ἔλαττον
1040 3813 1226 3881 ἔσχονς
1266 3810 1428 3863 Ἀλλὰ
1471 3812 1564 3862 νῦν
1595 3809 1775 3861 οὐκέτι
1804 3809 1921 3860 ἐστὶ

353 3897 440 3982 διὰ
459 3896 554 3966 τήν
582 3897 883 3949 ἐνεστῶσαν
913 3897 1178 3966 ἀνάγκην,
1201 3894 1381 3957 καθώς
1407 3911 1570 3963 φησιν
1601 3894 1628 3942 ὁ
1654 3891 1921 3962 μακάριος

356 3974 531 4041 οὗτος.
591 3980 722 4032 Τίνα
783 3975 876 4032 οὖν
931 3978 1183 4049 βούλεσθε
1242 3980 1411 4041 sint»;
1458 3977 1550 4028 τὸν
1602 3974 1923 4044 Νῶε,ἢτὸν

371 4065 618 4135 Ἀϐραάμ
639 4084 652 4131 ;
684 4065 776 4117 τὸν
805 4065 993 4117 τούτου
1016 4064 1203 4125 παῖδα.
1226 4065 1259 4133 ἢ
1285 4065 1373 4115 τὸν
1399 4061 1607 4114 ἐκείνου
1633 4079 1646 4125 ;
1678 4059 1812 4112 ἀλλά
1836 4059 1926 4111 τὸν

372 4150 598 4215 Ἰωσήφ;
620 4147 778 4200 Ἀλλά
812 4147 1063 4215 βούλεσθε
1088 4147 1178 4198 ἐπὶ
1207 4147 1330 4208 τοὺς
1353 4147 1634 4215 προφήτας
1654 4143 1925 4214 ἕλθωμεν;

362 4232 450 4283 τὸν
483 4230 720 4284 Μωῡσέα
753 4230 894 4298 λέγω
914 4269 929 4293 ,
964 4230 1056 4282 τὸν
1095 4230 1341 4282 Ἡσαΐαν.

438 4386 500 4438 δ’.
528 4384 692 4449 Ἀλλ’,
711 4385 760 4436 εί
781 4384 944 4450 δοκεῖ,
964 4383 1056 4436 ἐπὶ
1080 4383 1169 4435 τὸν
1200 4381 1450 4450 Ἀϐραάμ
1477 4380 1567 4433 τὸν
1585 4379 1740 4448 λόγον
1771 4381 1934 4434 ἐλκύ-

371 4484 571 4538 σωμεν,
590 4467 648 4520 ὃν
676 4467 907 4535 μάλιστα
932 4466 1130 4527 πάντες
1152 4464 1512 4534 προφέρουσιν
1529 4465 1657 4534 ἡμῖν
1680 4465 1784 4518 ἀεί.
1803 4465 1936 4534 Οὐχὶ

370 4553 602 4617 γυναῖκα
629 4545 798 4618 εἶχεν;
835 4549 956 4617 οὐχὶ
1000 4549 1230 4608 παῖδας;
1266 4549 1361 4600 καὶ
1386 4548 1494 4615 γὰρ
1520 4546 1613 4599 καὶ
1642 4545 1752 4612 ἐγὼ
1779 4545 1938 4599 τοῦτο

370 4633 513 4701 λέγω
542 4633 676 4702 πρὸς
704 4634 876 4702 ὑμᾶς,
905 4633 1042 4702 ὅπερ
1063 4633 1219 4701 ὑμεῖς
1243 4629 1379 4700 πρὸς
1407 4632 1574 4701 ἡμᾶς.
1608 4631 1848 4682 Γυναῖκα
1870 4626 1941 4681 εἷ-

374 4733 487 4786 χεν,
522 4715 633 4766 ἀλλ’
663 4717 763 4766 οὑκ
801 4715 986 4785 ἐπειδὴ
1031 4716 1260 4782 γυναῖκα
1316 4709 1449 4782 εἶχε,
1490 4713 1796 4782 Θαυμαστὸς
1849 4708 1936 4782 ἦν·

371 4800 628 4870 χρήματα
653 4793 820 4866 εἶχεν,
841 4797 956 4851 ἀλλ’
981 4797 1080 4849 οὐκ
1102 4797 1285 4866 ἐπειδὴ
1315 4797 1419 4866 χρή
1431 4813 1575 4865 ματα
1606 4791 1771 4866 εἶχεν,
1815 4796 1944 4865 ἠρε-

378 4899 438 4935 σε
468 4882 548 4951 τῷ
574 4880 710 4950 Θεῷ·
751 4880 946 4941 παῖδας
995 4879 1199 4941 ἔτεκεν,
1231 4879 1346 4931 ἀλλ’
1383 4880 1482 4931 οὑκ
1515 4879 1700 4948 ἐπειδὴ
1749 4879 1943 4940 παῖδας

378 4968 583 5030 ἔτεκεν,
612 4963 995 5034 ἐμακαρίζετο·
1037 4963 1379 5032 τριακοσίους
1407 4962 1535 5016 δέκα
1566 4963 1659 5014 καὶ
1697 4961 1840 5014 όκτὼ
1867 4965 1946 5014 οἰ-

379 5052 622 5118 κογενεῖς
653 5048 932 5116 ἐκέκτητο,
955 5046 1067 5098 ἀλλ’
1094 5048 1151 5098 οὑ
1183 5047 1371 5098 τούτου
1401 5048 1560 5116 χάριν
1589 5045 1945 5114 ἐθαυμάζετο.

394 5134 552 5187 Ἀλλά
581 5131 758 5202 βούλει
798 5131 986 5201 μαθεῖν
1010 5131 1200 5194 πόθεν;
1234 5130 1340 5182 ἀπὸ
1360 5131 1458 5199 τῆς
1489 5129 1812 5198 φιλοξενίας,
1844 5129 1951 5180 ἀπὸ

382 5221 480 5288 τῆς
500 5217 607 5269 τῶν
638 5215 932 5286 χρημάτων
961 5214 1276 5285 ὑπεροψίας,
1311 5213 1418 5265 ἀπὸ
1446 5214 1543 5282 τῆς
1573 5215 1949 5282 κοσμιότητος.

386 5302 449 5352 Τί
469 5302 577 5370 γάρ
606 5302 772 5359 ἐστιν,
806 5298 926 5350 είπέ
959 5315 1068 5366 μοι,
1100 5297 1385 5364 φιλοσόφου
1412 5314 1425 5358 ;
1461 5295 1580 5365 ούχ¹ι
1613 5298 1706 5348 καὶ
1734 5299 1952 5369 χρημά-

388 5403 493 5436 των
524 5384 615 5437 καὶ
635 5384 791 5454 δόξης
819 5382 1176 5448 καταφρονεῖν
1201 5396 1215 5444 ;
1244 5381 1336 5432 καὶ
1366 5379 1558 5447 φθόνου
1606 5381 1698 5432 καὶ
1759 5382 1957 5444 παντὸς

393 5469 596 5532 πάθους
629 5467 897 5538 ἀνώτερον
939 5461 1116 5528 εἶναι;
1171 5464 1305 5533 Φέρε
1335 5459 1446 5524 οῦν,
1483 5464 1643 5516 αὑτὸν
1683 5467 1762 5526 είς
1795 5466 1957 5534 μέσον

393 5551 690 5618 ἀγαγόντες
726 5549 1100 5617 ἀποδύσωμεν,
1127 5549 1219 5600 καὶ
1233 5546 1491 5616 δείξωμεν
1522 5548 1646 5616 ὑμῖν
1669 5541 1778 5611 οἷος
1811 5548 1961 5617 φιλό-

400 5629 657 5702 σοφοςῆν.
675 5634 840 5686 Οὐδὲν
855 5636 1038 5702 ἡγεῖτο
1057 5632 1290 5701 πατρίδα
1317 5632 1803 5701 πρῶτον·Ἕξελθε
1819 5633 1948 5702 γὰρ,

398 5726 649 5797 ἤκουσεν,
685 5725 753 5778 ἐκ
787 5724 895 5791 τῆς
916 5723 1026 5793 γῆς
1059 5738 1194 5784 σου,
1238 5720 1335 5775 καὶ
1377 5720 1443 5773 ἐκ
1471 5719 1581 5787 τῆς
1612 5723 1964 5789 συγγενείας

401 5826 538 5866 σου·
592 5810 684 5862 καὶ
712 5809 910 5870 εὐθέως
953 5806 1193 5875 ἐξῆλθεν.
1237 5805 1310 5857 Οὑ
1341 5803 1685 5874 προσεδέδετο
1733 5803 1896 5874 οἰκία·
1930 5800 1965 5872 ἦ

1984 1399 2119 1490 μῆὲε
2146 1399 2429 1488 χαλάζαις.
2465 1399 2847 1486 μήτε-ἀνέμων
2869 1399 3086 1482 ῥύμαις,
3126 1408 3261 1477 μήτε
3281 1403 3421 1490 *ἄλλη
3447 1399 3555 1452 τινὶ

1981 1485 2206 1574 τοίαύτη
2249 1485 2533 1571 ἀνωμαλίᾳ
2580 1499 2900 1568 βλάπτηται,
2935 1494 3070 1546 ἀλλὰ
3121 1487 3305 1559 γυμνά
3357 1485 3557 1553 ἕστηκε

1984 1573 2200 1640 πάντων
2222 1583 2684 1652 καταφρονοῦντα,
2719 1583 2853 1649 μήτε
2880 1576 3163 1648 θριγκίων,
3200 1573 3336 1644 μήτε
3381 1584 3560 1652 φραγο

1988 1671 2104 1741 μῶν
2135 1651 2686 1739 δεόμεναςίΤοιοῦτος
2730 1667 2758 1718 6
2802 1660 3090 1732 φιλόσοφός
3121 1659 3260 1741 ἐστι,
3319 1651 3562 1741 τοιοῦτος

1984 1757 2013 1806 ὁ
2034 1753 2260 1815 πλοῦτος
2302 1754 2525 1813 ἐκεῖνος·
2551 1749 2700 1802 οὐδὲν
2734 1747 2867 1816 ἔχει,
2897 1744 2992 1798 καὶ
3016 1744 3192 1796 πάντα
3219 1739 3349 1807 ἔχει·
3383 1735 3562 1788 πάντα

1989 1837 2121 1906 ἔχει,
2165 1836 2260 1888 καὶ
2282 1833 2434 1887 οὐδὲν
2467 1833 2599 1902 ἔχει.
2631 1832 2686 1885 '0
2738 1828 2846 1900 γὰρ
2874 1829 3049 1896 τοῖχος
3073 1824 3171 1876 οὑκ
3226 1821 3392 1884 ἔνδον,
3447 1817 3561 1872 ἀλλ’

1991 1900 2188 1985 ἔξωθέν
2210 1922 2377 1979 ἐστιν,
2435 1919 2464 1969 6
2497 1900 2746 1987 "89wx6;
2772 1914 2832 1966 οὑ
2881 1911 2979 1980 τῆς
3005 1907 3218 1979 φύσεώς
3250 1907 3418 1965 ἐστιν,
3451 1900 3566 1987 ἀλλ’

1992 2004 2189 2068 ἔξωθεν
2212 1985 2685 2071 περιϐαλλόμενος.
2713 1997 2776 2049 Τί
2803 1995 2881 2057 δέ,
2905 1992 3024 2046 εἰπέ
3059 2006 3171 2071 μοις
3209 1991 3360 2042 ποῖον
3408 1985 3568 2055 σῶμα

1995 2087 2210 2156 ἰσχυρόν
2236 2069 2415 2150 ἐστιν;
2439 2069 2537 2154 οὑχ
2562 2083 2696 2153 ὅπερ
2744 2081 2808 2134 ἂν
2843 2079 3082 2145 ὑγιαῖνον
3106 2070 3160 2148 ᾗ,
3191 2074 3285 2126 καὶ
3312 2072 3450 2142 μήτε
3489 2069 3570 2123 λι-

1999 2153 2291 2241 μῷξμήτε
2350 2168 2655 2236 πλησμονῇ,
2700 2163 2836 2233 μήτε
2894 2159 3076 2230 ψύχει,
3140 2158 3274 2228 μήτε
3330 2153 3571 2223 καύματι

1997 2253 2303 2321 ἁλίσκηται·
2335 2250 2367 2320 ἣ
2398 2235 2457 2302 :6
2483 2235 2628 2319 πρὸς
2653 2247 2831 2301 πάντα
2859 2244 3030 2296 ταῦτα
3056 2239 3440 2307 ὑποκείμενον,
3477 2235 3572 2288 καὶ

2000 2334 2146 2407 [164]
2177 2317 2585 2404 τραπεζοποιῶν
2616 2330 2708 2383 καὶ
2755 2325 3004 2396 ὑφαντῶν
3033 2324 3128 2376 καὶ
3151 2319 3428 2391 θηρευτῶν
3479 2317 3574 2370 καὶ

2001 2399 2508 2487 ίατρῶνίδεόμενον,
2558 2413 2645 2464 ἵνα
2689 2410 2940 2482 ὑγιαίνῃ;
2998 2405 3239 2467 Ἐκεῖνός
3272 2407 3387 2456 ἐστι
3415 2399 3576 2453 πλού-

2002 2485 2134 2564 σιος,
2166 2501 2194 2552 6
2225 2499 2391 2560 6v:w;
2419 2497 2726 2567 φιλόσοφος,
2753 2497 2780 2547 6
2813 2489 3037 2562 μηδενὸς
3068 2487 3272 2542 τούτων
3305 2485 3572 2554 δεόμενος.

2001 2585 2100 2637 Διά
2122 2583 2279 2636 τοῦτο
2303 2585 2330 2634 6
2357 2582 2626 2651 μακάριος
2659 2571 2813 2640 οὗτος
2834 2575 3040 2642 ἔλεγεν·
3061 2573 3116 2625 Ἐ
3123 2570 3404 2639 κτρέςεετε
3425 2567 3578 2621 αὐτὰ

2001 2677 2071 2727 ἐν
2099 2672 2336 2738 παιδείᾳ
2367 2670 2464 2724 καὶ
2495 2669 2781 2736 νουθεσίᾳ
2801 2667 3041 2734 Κυρίου.
3081 2663 3172 2733 Μή
3198 2663 3378 2716 τοίνυν
3427 2660 3580 2730 θριγ-

2004 2758 2098 2810 κία
2124 2755 2322 2822 ἔξωθεν
2352 2754 2726 2824 περιϐάλλετε·
2779 2749 2934 2802 τοῦτο
2959 2748 3066 2819 γὰρ
3090 2749 3118 2800 6
3151 2745 3399 2803 πλοῦτος,
3423 2740 3582 2794 τοῦτο

2007 2843 2040 2910 ή
2069 2840 2214 2903 δόξα.
2271 2822 2439 2890 Ὅταν
2467 2837 2576 2907 γάρ
2598 2834 2769 2888 ταῦτα
2795 2832 3098 2902 καταπέσῃ,
3136 2826 3472 2882 καταπίπτει
3501 2822 3578 2886 δέ,

2007 2907 2211 2995 γυμνὸν
2255 2922 2454 2991 ἕστηκε
2483 2921 2576 2973 καὶ
2601 2919 2865 2971 εὐάλωτον
2894 2917 2952 2968 τὸ
2992 2915 3176 2984 φυτὸν,
3199 2912 3259 2963 οὑ
3294 2910 3451 2980 μόνον
3493 2907 3584 2958 οὑ-

2009 2990 2097 3060 δὲν
2119 3005 2381 3075 κερδᾶναν
2415 3007 2472 3055 ἐν
2498 3001 2576 3071 τῷ
2604 3000 2926 3069 παρελθόντι
2960 2998 3156 3068 χρόνῳ,
3189 2992 3325 3047 ἀλλὰ
3347 2991 3440 3075 καί
3467 2990 3586 3059 βλαο

2012 3089 2121 3142 ἢέν.
2155 3073 2372 3142 Ἐκεῖνα
2391 3085 2499 3153 γὰρ
2521 3085 2589 3136 τὰ
2614 3083 2834 3153 θριγκία
2859 3081 2928 3133 τὰ
2954 3078 3230 3132 κωλύοντα
3260 3074 3388 3127 αὑτὸ
3429 3073 3590 3139 ἐγγυ-

2019 3171 2315 3242 μνάζεσθαι
2349 3169 2485 3238 πρὸς
2532 3167 2630 3229 τὰς
2689 3166 2796 3218 τῶν
2855 3163 3070 3232 ἀνέμων
3120 3156 3445 3229 προσϐολὰς,
3495 3154 3589 3206 νῦν

2016 3257 2208 3326 ἁθρόον
2240 3253 2566 3306 καταπεσεῖν
2592 3248 3020 3318 παρεσκεύασεν.

2093 3394 2256 3444 Ὥστε
2317 3389 2543 3459 βλάπτει
2600 3385 2798 3456 μᾶλλον
2840 3384 2868 3434 6
2910 3379 3167 3442 πλοῦτος,
3227 3373 3594 3459 ἀμελεῇλτους

2022 3472 2454 3546 παρασκευάζων
2478 3469 2612 3541 πρὸς
2641 3469 2738 3530 τὰς
2774 3463 3086 3536 ἀνωμαλίας
3112 3459 3204 3514 τοῦ
3247 3458 3381 3529 βίου.
3409 3451 3595 3507 Τοιού-

2021 3576 2148 3620 τους
2216 3557 2394 3610 τοίνυν
2446 3549 2955 3624 παρασκευάζωμεν
3005 3546 3130 3607 τοὺς
3187 3541 3401 3604 παῖδας,
3455 3538 3596 3592 ὥστε

2023 3639 2279 3695 δύνασθαι
2306 3638 2439 3710 πρὸς
2471 3621 2644 3690 πάντα
2660 3633 2925 3702 ἀντέχειν,
2949 3629 3042 3682 καὶ
3065 3626 3140 3698 μὴ
3164 3623 3462 3692 ξενίζεσθαι
3489 3621 3597 3683 τοῖς

2027 3723 2290 3777 ἐπιοῦσιν·
2358 3720 2711 3789 ἐκτρέφωμεν
2764 3716 2962 3776 αὐτοὺς
3023 3715 3080 3764 ἐν
3115 3707 3333 3778 παιδείᾳ
3365 3705 3458 3759 καὶ
3486 3720 3600 3756 νου-

2029 3805 2186 3875 θεσίᾳ
2210 3805 2438 3875 Κυρίου,
2463 3788 2567 3855 καὶ
2593 3799 2758 3861 πολὺς
2787 3798 2916 3867 ἡμῖν
2940 3797 2969 3847 6
2996 3791 3206 3875 μισθὸς
3224 3788 3597 3842 ἀποκείσεται.

2030 3890 2096 3942 Εἰ
2116 3871 2225 3959 γάρ
2249 3871 2524 3957 ἄνθρωποι
2553 3882 2845 3950 ἀγάλματα
2873 3877 3153 3959 ποιοῦντες
3185 3873 3466 3959 βασιλέων,
3506 3871 3601 3959 καὶ

2033 3952 2248 4032 εἰκόνας
2307 3952 2642 4039 γράφοντες,
2701 3962 2968 4031 τοσαύτης
3026 3955 3356 4012 ἀπολαύουσι
3413 3952 3600 4022 τιμῆς·

2035 4055 2194 4124 ήμεῖς
2247 4032 2362 4122 τὴν
2398 4032 2679 4118 βασιλικὴν
2713 4045 2897 4098 εἰκόνα
2936 4039 3368 4103 καλλωπίζοντες
3422 4032 3606 4106 (εἰκὼν

2035 4118 2142 4208 γάρ
2164 4134 2256 4190 τοῦ
2280 4118 2460 4187 Θεοῦὸ
2489 4127 2816 4201 ἅνθρωπος),
2877 4125 2938 4178 οὑ
2977 4122 3186 4208 μυρίων
3229 4118 3609 4208 ἀπολαύσομεν

2036 4200 2144 4273 τῶν
2164 4217 2404 4285 ἀγαθῶν,
2421 4215 2482 4267 τὸ
2503 4213 2624 4266 καθ’
2644 4210 2899 4281 ὁμοίωσιν
2919 4206 3289 4270 ἀποδιδόντες;
3309 4202 3478 4255 Τοῦτο
3497 4200 3606 4285 γάρ

2040 4307 2187 4357 ἐστιν
2213 4279 2422 4370 δμοιον,
2457 4300 2490 4368 ή
2514 4297 2612 4364 τῆς
2639 4279 2815 4365 ψυχῆς
2837 4291 3026 4362 ἀρετὴ,
3050 4291 3178 4343 ὅταν
3207 4286 3445 4356 ἀγαθοὺς
3471 4279 3610 4370 εἶναι

2042 4383 2418 4452 παιδεύσωμεν
2474 4367 2599 4442 τοὺς
2645 4379 2858 4440 παῖδας,
2910 4375 3037 4426 ὅταν
3095 4372 3428 4443 ἀοργήτους,
3487 4367 3616 4418 ὅταν

2044 4467 2470 4541 ἀμνησικάκους·
2507 4461 2680 4516 ταῦτα
2709 4460 2889 4514 πάντα
2923 4454 3060 4510 Θεοῦ
3093 4455 3222 4519 ῐδια,
3255 4455 3380 4506 ὅταν
3403 4453 3618 4521 εὐεργε-

2044 4555 2250 4615 τικοὺς,
2285 4552 2415 4603 ὅταν
2475 4543 2911 4617 φιλανθρώπους,
2962 4541 3089 4593 ὅταν
3121 4537 3498 4604 παιδεύσωμεν
3551 4535 3621 4586 τὰ

2049 4638 2286 4707 παρόντα
2319 4631 2483 4702 μηδὲν
2535 4627 2806 4699 ἡγεῖσθαι.
2868 4624 3039 4676 Τοῦτο
3077 4622 3254 4675 τοίνυν
3301 4623 3432 4689 ἡμῖν
3462 4618 3621 4687 ἔργον

2048 4701 2188 4774 ἔστω
2210 4701 2593 4776 καὶίέαυτοὺς,
2623 4710 2909 4771 κάκείνους
2931 4707 3189 4761 πλάττειν
3219 4704 3309 4757 καὶ
3341 4701 3622 4772 ῥυθμίζειν

2049 4805 2128 4865 είς
2163 4802 2296 4854 δέον·
2339 4796 2462 4850 ἐπεὶ
2498 4794 2628 4865 ποίᾳ.
2651 4791 2934 4863 παρρησίᾳ
2955 4785 3264 4858 στησόμεθα
3315 4781 3622 4854 ἔμπροσθεν

2050 4886 2143 4938 τοῦ
2169 4884 2408 4954 βήματος
2429 4878 2524 4932 τοῦ
2550 4874 2815 4949 Χριστοῦ;
2856 4876 2918 4927 Εἰ
2939 4873 3046 4942 γὰρ
3075 4868 3375 4954 ἐπισκοπῆς
3409 4865 3621 4954 ἀνάξιος

2053 4969 2080 5020 ὁ
2109 4947 2302 5027 παῖδας
2339 4947 2745 5020 ἀνυποτάκτους
2777 4958 2936 5027 ἔχων,
2963 4955 3141 5024 πολλῷ
3173 4952 3369 5023 μᾶλλον
3399 4950 3496 5018 τῆς
3525 4947 3623 5018 βα-

2058 5050 2260 5110 σιλείας
2292 5046 2400 5100 τῶν
2433 5042 2693 5113 οὐρανῶν.
2730 5041 2794 5092 Τί
2829 5041 3041 5108 λέγεις;
3087 5038 3191 5091 κᾶν
3230 5035 3460 5103 γυναῖκα
3491 5032 3623 5084 ἄτα-

2058 5149 2184 5185 κτον
2219 5131 2450 5200 ἔχωμεν,
2488 5126 2590 5179 κᾶν
2623 5124 2839 5186 παῖδας,
2871 5121 3099 5183 εὐθύνας
3136 5117 3430 5188 ὑφέξομεν;
3496 5114 3624 5176 Ναὶ,

2058 5217 2153 5266 ἐὰν
2186 5212 2260 5284 μὴ
2289 5211 2424 5280 μετὰ
2465 5208 2748 5279 ἀκριϐείας
2779 5206 2847 5259 τὰ
2885 5208 3012 5276 παρ’
3059 5201 3265 5256 ἑαυτῶν
3300 5198 3628 5261 εἰσενέγκω-

2066 5282 2196 5370 μεν·
2213 5282 2273 5348 οὑ
2307 5295 2415 5363 γὰρ
2447 5295 2607 5365 ἀρκεῖ
2636 5295 2766 5363 ἡμῖν
2800 5291 2833 5360 ή
2867 5289 3044 5342 οίκεία
3069 5285 3237 5355 ἁρετὴ
3283 5282 3418 5351 πρὸς
3457 5296 3632 5348 σωτη-

2067 5365 2207 5453 ρίαν.
2233 5382 2295 5433 Εἰ
2321 5379 2429 5448 γὰρ
2454 5381 2481 5430 6
2516 5378 2574 5430 :6
2595 5378 2851 5430 τάλαντον
2879 5374 2940 5428 :6
2972 5372 3029 5423 ἓν
3073 5371 3146 5440 μὴ
3173 5365 3631 5435 καταϐαλόμενος,

2064 5467 2214 5519 οὐδὲν
2244 5463 2548 5533 ἐκέρδανεν,
2576 5460 2711 5514 ἀλλά
2747 5458 2836 5512 καὶ
2864 5456 3008 5510 οὕτω
3041 5452 3342 5515 κολάζεται·
3372 5448 3525 5518 δῆλον
3554 5448 3633 5498 ὅτι

2067 5549 2166 5600 οὑκ
2196 5528 2354 5616 ἁρκεί
2378 5547 2412 5615 ὴ
2439 5545 2615 5597 οἰκεία
2651 5541 2819 5612 ἀρετὴ
2847 5541 2927 5602 είς
2949 5537 3242 5606 σωτηρίαν,
3269 5531 3403 5616 ἀλλά
3434 5531 3511 5582 δεῖ
3539 5528 3634 5581 καὶ

2071 5628 2172 5698 τῆς
2203 5613 2409 5698 ἐτέρουξ
2445 5627 2651 5696 Πολλὴν
2679 5626 2858 5678 τοίνυν
2893 5618 3175 5689 ποιώμεθα
3201 5615 3294 5669 καὶ
3320 5613 3426 5667 τῶν
3444 5629 3635 5680 γυναι-

2071 5715 2184 5769 κῶν
2213 5711 2485 5782 φροντίδα,
2519 5708 2716 5779 πολλὴν
2746 5704 2966 5760 καὶτῶν
2997 5701 3202 5754 παίδων
3239 5698 3494 5768 πρόνοιαν
3542 5693 3638 5749 καὶ

2073 5798 2182 5851 τῶν
2202 5795 2656 5864 οἱκετῶν,πολλὴν
2678 5793 2770 5846 καὶ
2800 5787 2955 5860 ήμῶν
2979 5784 3180 5847 αὐτῶν,
3209 5783 3303 5835 καὶ
3329 5782 3386 5834 ἐν
3412 5780 3490 5851 τῷ
3513 5779 3636 5831 ἐαυ-
