4100 6412
551 292 654 351 155

546 417 654 470 sint
685 415 784 470 viri
813 416 1128 473 triobolarcs
1157 426 1211 472 et
1239 432 1418 484 canes,
1440 417 1540 472 hac
1569 424 1813 483 suscepta
1855 413 2128 467 triobolari

547 509 877 578 philosophia
905 509 1066 580 (talis
1112 518 1195 565 est
1240 510 1379 563 enim
1425 509 1685 578 Graeca),
1724 509 1832 561 imo
1862 522 1988 559 vero
2020 521 2124 559 non

545 601 680 669 ipsa,
699 601 794 656 sed
815 602 928 672 ejus
951 607 1200 669 nomine;
1226 602 1394 656 induti
1417 602 1576 672 pallio
1592 610 1645 655 et
1665 602 1867 654 alentes
1889 613 2118 663 comam,

542 695 740 750 multos
783 695 990 766 pudore
1031 695 1275 750 afﬁciunt
1302 713 1314 746 :
1349 705 1545 765 quanto
1577 698 1742 764 magis
1770 694 1859 763 qui
1889 704 1970 748 est
1996 709 2123 748 vere

543 785 927 855 philosophus?
953 785 1009 840 Si
1038 786 1202 841 falsus
1233 786 1462 852 habitus,
1483 787 1525 840 si
1556 785 1903 854 philosotthite
1931 783 2118 838 umbra

538 894 803 949 apparens
828 879 898 932 ita
922 880 1129 934 extollit
1157 897 1169 932 :
1198 877 1322 948 quid
1342 921 1358 946 ,
1387 879 1431 932 si
1460 893 1637 932 veram
1667 887 1718 931 et
1745 878 2005 931 sinceram
2032 876 2116 930 di-

536 971 760 1039 ligamus
783 970 1170 1041 philosophiam
1187 971 1211 1022 ?
1226 985 1402 1024 annon
1424 985 1609 1024 omnes
1627 969 1844 1023 colent?
1862 984 2038 1023 annon
2061 977 2116 1023 et

537 1063 727 1118 domos
753 1071 808 1117 et
836 1077 1030 1118 uxores
1058 1071 1113 1116 et
1137 1062 1332 1116 liberos
1363 1062 1428 1114 iis
1457 1061 1544 1131 qui
1570 1070 1694 1116 sunt
1719 1060 1977 1130 ejusmodi
2003 1069 2113 1113 tra-

536 1153 665 1208 dent
692 1163 747 1209 et
776 1154 1111 1208 committent
1149 1169 1267 1208 cum
1313 1155 1478 1207 multa
1525 1153 1845 1206 securitate?
1871 1151 1974 1205 Sed
2006 1166 2112 1205 non

535 1256 648 1309 est,
678 1262 784 1300 non
830 1255 913 1300 est
952 1261 1092 1300 nunc
1120 1245 1383 1315 ejusmodi
1412 1245 1757 1314 philoSOphns
1786 1261 1800 1296 :
1833 1253 2108 1312 propterea

535 1353 634 1392 nec
659 1338 960 1407 exemplum
986 1339 1109 1392 licet
1136 1338 1393 1392 invenire.
1418 1337 1548 1393 Nam
1576 1345 1701 1390 sunt
1726 1335 1940 1405 quidem
1969 1336 2109 1388 inter

532 1429 844 1491 monachos,
878 1433 1017 1484 inter
1041 1428 1338 1484 mundanus
1365 1439 1542 1482 autem
1568 1443 1662 1481 seu
1690 1427 1971 1481 saeculares
2000 1441 2104 1478 non

531 1529 657 1574 sunt
679 1522 926 1590 amplius.
959 1522 1026 1575 Et
1056 1521 1198 1591 quod
1237 1522 1344 1574 sint
1377 1519 1856 1583 inter'monachos,
1886 1525 2106 1587 possunt

529 1613 684 1666 multi
709 1613 950 1682 produci,
981 1612 1156 1667 dicam
1195 1621 1370 1666 tamen
1399 1626 1562 1665 unum
1591 1625 1656 1665 ex
1688 1609 1889 1663 multis.

597 1704 798 1759 Iuliani
823 1706 1055 1758 monachi
1077 1703 1507 1759 laudes.—Seitis
1530 1705 1712 1772 utique
1733 1711 1786 1756 et
1805 1700 2100 1763 audivistis,

526 1804 581 1850 et
609 1797 812 1851 vidistis
832 1798 992 1851 etiam
1022 1797 1281 1858 nonnulli,
1308 1795 1479 1849 virum
1512 1811 1668 1865 quem
1693 1809 1810 1848 sum
1829 1792 2100 1856 dieturus;

523 1888 790 1943 Julianum
815 1890 936 1943 dico
966 1889 1115 1943 illum
1143 1887 1535 1942 admirandum.
1586 1887 1682 1940 Hic
1708 1895 1822 1940 erat
1846 1886 2098 1949 rusticus,

521 1980 739 2034 humilis
762 1989 818 2034 et
847 1981 1029 2034 humili
1061 1981 1178 2034 loco
1201 1990 1376 2045 natus,
1405 1989 1461 2035 et
1488 1994 1586 2034 nec
1619 1988 1856 2032 externae
1884 1977 2096 2046 quidem

517 2072 831 2126 eruditionis
857 2074 1077 2126 omnino
1108 2073 1332 2140 peritus,
1354 2072 1447 2126 sed
1477 2088 1582 2124 non
1615 2071 1736 2124 ficta
1775 2079 1830 2124 et
1853 2070 2094 2124 simulata

517 2164 850 2234 philosophia
896 2166 1147 2232 repletus.
1181 2163 1294 2218 Hoc
1324 2162 1654 2232 ingrediente
1691 2162 1932 2216 civitates
1958 2160 2097 2231 (boc

514 2267 690 2311 autem
722 2273 844 2310 raro
866 2257 1079 2325 ﬁebat),
1102 2271 1274 2326 neque
1297 2255 1600 2308 oratoribus
1623 2268 1794 2324 neque
1817 2253 2091 2321 suphistis,

515 2363 688 2418 neque
735 2349 846 2404 ullo
897 2349 1002 2401 alio
1051 2346 1411 2417 ingrediente,
1450 2354 1630 2399 tantus
1669 2335 2097 2404 ﬁebat'concur—

512 2455 624 2496 sus.
653 2440 790 2506 Quid
817 2449 994 2494 autem
1021 2439 1141 2493 dico
1164 2439 1188 2493 ’ἶ
1217 2453 1394 2493 nonne
1421 2453 1618 2493 nomen
1649 2437 1764 2504 ejus
1791 2450 1935 2490 nunc
1955 2449 2090 2504 quo-

508 2546 614 2600 que
640 2531 836 2586 clarius
865 2531 1179 2585 deeantatur
1218 2546 1377 2600 quam
1423 2529 1732 2600 quorumvis
1775 2544 1960 2599 regum
1983 2529 2005 2581 ?
2032 2526 2089 2583 Si

506 2632 685 2677 autem
723 2623 836 2678 haec
878 2625 1009 2678 ﬁunt
1044 2626 1096 2678 in
1135 2623 1238 2678 hoc
1283 2623 1509 2688 mundo,
1543 2624 1594 2676 in
1641 2623 1842 2677 mundo
1886 2623 1938 2675 in
1979 2637 2088 2691 quo

509 2715 650 2769 Deus
677 2715 809 2769 nihil
839 2715 992 2770 nobis
1021 2715 1141 2769 boni
1177 2716 1440 2785 promisit,
1470 2717 1523 2768 in
1564 2730 1668 2783 quo
1693 2729 1792 2767 nos
1818 2713 2088 2768 dixitesse

504 2807 776 2877 hospites;
805 2810 1099 2879 cogitemus
1125 2810 1178 2864 in
1207 2809 1356 2862 caelis
1401 2816 1598 2878 quanta
1645 2816 1804 2862 erunt
1833 2808 1969 2862 bona
1996 2821 2084 2862 re-

502 2903 673 2971 pasita
705 2921 718 2957 :
749 2903 795 2956 si
821 2903 908 2957 ubi
935 2913 1088 2957 erant
1116 2903 1358 2970 advenae,
1389 2911 1591 2956 tantum
1636 2912 1957 2972 acceperunt
1983 2899 2083 2953 lto-

499 3010 716 3060 norem;
761 2995 848 3050 ubi
893 3005 1016 3049 sunt
1065 2994 1341 3058 civitates,
1385 3005 1637 3063 quantam
1688 2999 2084 3061 consequentur

496 3087 761 3156 gloriam?
787 3088 832 3141 si
859 3087 947 3142 ubi
977 3087 1222 3156 promisit
1259 3085 1628 3151 afﬁietionem,
1662 3093 1836 3138 tantus
1862 3092 1944 3138 est
1968 3083 2079 3136 cul-

497 3185 615 3243 tus;
645 3177 731 3231 ubi
763 3177 900 3231 bona
933 3192 1060 3230 vere
1095 3185 1180 3231 est
1213 3177 1504 3246 pollicitus,
1533 3184 1733 3245 quanta
1759 3174 1862 3229 erit
1888 3175 2080 3243 quies?

493 3270 596 3325 Sed
622 3271 780 3324 vultis
823 3269 1120 3324 mundanos
1155 3271 1316 3324 etiam
1358 3285 1454 3324 seu
1498 3270 1784 3323 saeculares
1823 3267 2076 3322 ostenda-

493 3365 645 3419 mus?
681 3363 831 3419 Nunc
855 3363 1070 3434 quidem
1101 3379 1206 3417 non
1239 3363 1526 3418 habemus:
1559 3378 1679 3416 nam
1710 3371 1832 3416 sunt
1858 3361 2074 3430 quidem

493 3457 718 3512 fortasse
757 3457 1012 3512 mundani
1043 3457 1163 3510 boni
1190 3465 1246 3511 et
1271 3458 1443 3525 probi,
1473 3457 1566 3510 sed
1595 3456 1684 3524 qui
1714 3459 1781 3508 ad
1809 3468 2072 3508 summam

491 3539 598 3604 non
639 3551 958 3621 perveniunt
1001 3549 1410 3620 philoSOphiam.
1441 3549 1798 3616 Quamobrem
1828 3563 1892 3602 ex
1923 3557 2072 3600 vete-

489 3641 635 3695 ribus
677 3649 731 3695 et
769 3641 967 3695 sanctis
1013 3641 1186 3694 dicam
1227 3641 1378 3697 vobis
1420 3641 1683 3708 exempla.
1717 3641 1883 3706 Quam
1918 3637 2068 3691 multi

485 3733 575 3802 qui
604 3747 797 3786 uxores
840 3732 1101 3786 habebant
1123 3775 1138 3799 ,
1180 3741 1234 3786 et
1270 3732 1409 3786 ﬁlios
1436 3732 1671 3797 alebant,
1709 3731 1838 3784 nihil
1867 3731 2066 3792 minus,

487 3824 660 3890 nihil,
712 3826 960 3895 inquam,
1009 3824 1186 3878 minus
1239 3824 1542 3878 habuerunt
1589 3838 1747 3892 quam
1796 3822 1886 3892 qui
1943 3821 2067 3875 dicti

484 3919 651 3972 sunt?
677 3918 782 3973 Sed
820 3932 961 3972 nunc
1001 3932 1106 3971 non
1146 3917 1271 3970 licet
1312 3925 1528 3984 propter
1568 3915 1853 3968 instantem
1883 3928 2068 3967 neces-

481 4011 727 4073 sitatem,
772 4010 916 4064 sicut
954 4008 1085 4062 dicit
1127 4009 1211 4061 hic
1253 4008 1460 4061 beatus.
1515 4005 1684 4072 Quem
1729 4019 1858 4073 ergo
1903 4003 2065 4058 vultis

480 4104 696 4159 dicam?
721 4103 853 4170 Noe,
882 4118 949 4156 an
975 4101 1282 4156 Abraham?
1312 4116 1378 4154 an
1411 4099 1566 4168 hujus
1597 4098 1856 4159 ﬁlium,an
1889 4096 2064 4150 illius?

480 4214 548 4254 an
589 4196 834 4266 Ioseph?
865 4195 969 4250 Sed
1000 4195 1158 4248 vultis
1187 4193 1460 4248 veniamus
1492 4191 1559 4245 ad
1587 4188 1918 4259 praphetas?
1949 4187 2062 4241 Μο-

479 4307 613 4358 sem,
643 4292 880 4361 inquam,
913 4290 1123 4343 Isaiam.

547 4387 602 4441 4.
631 4385 770 4452 Sed,
803 4386 846 4440 si
883 4384 1041 4439 vultis
1061 4425 1075 4449 ,
1107 4383 1401 4437 orationem
1435 4380 1762 4435 attrahamus
1791 4380 1854 4433 ad
1894 4379 2062 4433 Abra-

480 4478 603 4532 ham
625 4521 639 4542 ,
668 4493 827 4548 quem
870 4479 1099 4532 maxime
1136 4491 1323 4531 omnes
1367 4475 1521 4529 nobis
1558 4489 1773 4543 semper
1808 4473 2058 4528 aﬂ‘erunt.

480 4572 669 4624 Annon
695 4570 922 4624 habebat
944 4584 1188 4632 uxorem,
1211 4583 1389 4622 annon
1418 4566 1646 4622 liberos?
1669 4582 1767 4637 ego
1787 4566 1930 4620 enim
1958 4565 2060 4620 hoc

478 4663 628 4717 vobis
665 4663 788 4716 dico
812 4703 826 4729 ,
867 4662 1007 4732 quod
1049 4676 1144 4716 vos
1186 4661 1361 4715 nobis.
1407 4661 1644 4714 Habebat
1677 4675 1932 4722 uxorem;
1965 4658 2057 4712 sed

478 4771 583 4809 non
613 4756 862 4824 quoniam
893 4755 1120 4808 habebat
1149 4769 1392 4812 uxorem,
1422 4761 1537 4806 erat
1563 4752 1892 4806 admirabilis
1922 4769 1934 4804 :
1965 4751 2059 4804 ha-

476 4846 636 4900 bebat
664 4847 942 4914 pecunias;
966 4847 1059 4901 sed
1093 4863 1196 4900 non
1228 4846 1352 4915 quia
1385 4845 1638 4914 pecunias
1665 4843 1911 4904 habebat,
1945 4843 2060 4910 pla-

473 4940 585 4994 cuit
608 4941 714 4994 Deo
741 4960 754 4996 :
783 4940 1015 4994 habebat
1042 4940 1176 4994 ﬁlios
1200 4957 1214 5003 ;
1244 4937 1336 4992 sed
1365 4952 1468 4991 non
1496 4937 1615 5006 quia
1643 4935 1779 4989 ﬁlios
1806 4934 2052 5000 habebat,

475 5031 790 5086 censebatur
833 5033 1021 5086 beatus
1051 5048 1062 5084 :
1097 5039 1364 5084 trecentos
1401 5029 1585 5084 decem
1625 5037 1676 5083 et
1715 5037 1836 5081 octo
1873 5027 2053 5080 habuit

473 5137 704 5185 vernas;
734 5123 827 5176 sed
861 5139 965 5175 non
998 5123 1119 5176 ideo
1147 5122 1439 5176 habebatur
1469 5121 1523 5173 in
1551 5119 1920 5173 admiratione.
1948 5118 2053 5172 Sed

472 5215 553 5267 vis
594 5216 732 5268 scire
773 5214 1038 5268 undenam
1083 5214 1407 5268 haberetur?
1438 5213 1514 5266 Ex
1559 5211 1954 5281 hospitalitate,
1986 5227 2052 5264 ex

471 5307 711 5374 pecunia:
739 5305 1012 5375 despectu,
1045 5324 1107 5361 ex
1151 5306 1404 5359 modestia
1433 5317 1487 5360 et
1517 5305 1884 5376 temperantia.
1915 5304 2050 5371 Quid

470 5397 633 5461 enim,
665 5397 978 5466 die,qu:eso,
1011 5398 1348 5467 philosophi?
1373 5413 1548 5451 annon
1589 5398 1836 5464 lecunias
1863 5407 1914 5450 et
1937 5396 2052 5465 glo-

469 5488 604 5541 riam
628 5487 925 5557 despicere,
956 5491 1147 5544 invidia
1174 5499 1228 5544 et
1255 5491 1438 5559 quavis
1464 5490 1623 5543 animi
1651 5489 2049 5558 perturbatione

469 5585 524 5631 et
564 5580 877 5647 egritudine
919 5596 1036 5636 esse
1080 5582 1452 5651 superiorem?
1497 5584 1607 5650 Age
1650 5597 1778 5651 ergo
1822 5596 1944 5635 eum
1993 5579 2044 5632 in

469 5671 702 5727 medium
727 5673 1010 5728 adductum
1033 5689 1311 5740 exuamus,
1337 5683 1390 5728 et
1415 5674 1562 5728 vobis
1582 5674 1927 5728 ostendamus
1951 5689 2046 5727 cu-

464 5760 698 5830 iusmodi
723 5775 868 5822 esset
893 5765 1262 5842 philosophus.
1292 5765 1532 5823 Primum
1549 5768 1682 5823 nmtl
1706 5765 2044 5821 existimabat

1427 299 1495 356 IN
1533 298 1745 354 EPIST.
1786 297 1878 352 AD
1919 294 2158 350 EPHES.
2195 279 2351 349 CAP.
2392 295 2750 354 VLHOMIL.
2783 299 2928 357 χχι.

3711 312 3812 368 £54

2232 426 2352 465 esse
2378 415 2603 481 patriam
2630 431 2644 470 :
2672 414 2924 484 Egredere
2951 417 3114 480 enim,
3147 419 3366 486 audivit,
3399 439 3462 476 ea:
3488 432 3620 477 terra
3650 441 3736 479 tua
3764 439 3812 480 ιιι

2230 519 2292 556 ea:
2319 505 2613 574 cognatione
2639 515 2726 560 tua
2752 507 2915 572 (Gen.
2947 507 3033 562 12.
3067 510 3090 563 1
3120 510 3172 576 );
3215 519 3270 564 et
3308 514 3484 566 statim
3516 524 3597 568 est
3625 531 3809 586 egres-

2227 609 2339 650 sus.
2365 597 2482 650 Non
2510 596 2608 652 fuit
2632 599 2811 653 domui
2842 601 3086 670 alligatus
3115 620 3128 655 :
3158 618 3342 657 revera
3370 605 3513 659 enim
3537 622 3642 662 non
3665 620 3810 664 esset

2225 703 2500 756 egressus;
2531 705 2637 743 non
2663 691 2910 744 amicitiae
2937 692 3361 758 consuetudinis,
3396 709 3499 748 non
3531 696 3623 750 uili
3651 699 3805 753 alteri

2227 781 2325 834 rei.
2359 780 2527 835 Porro
2557 783 2786 836 maxime
2823 784 3058 838 omnium
3103 784 3323 853 gloriam
3363 785 3607 855 despexit
3631 797 3685 843 et
3715 806 3806 857 pe-

2223 875 2410 928 cunias
2442 893 2454 928 :
2483 876 2728 931 confecto
2761 880 2902 930 enim
2943 878 3100 944 bello,
3133 877 3368 948 fusisque
3397 895 3458 933 ac
3488 879 3679 951 fugatis
3707 881 3805 936 ho-

2220 965 2412 1030 stibus,
2441 981 2562 1019 eum
2592 980 2867 1037 rogaretur
2893 969 3135 1037 accipere
3161 971 3352 1039 spolia,
3383 974 3665 1027 recusavit.
3694 973 3800 1029 Sed

2218 1056 2334 1124 ejus
2367 1057 2503 1111 ﬁlius
2534 1074 2719 1113 rursus
2751 1075 2854 1114 non
2886 1061 3180 1115 habebatur
3206 1061 3258 1115 in
3289 1063 3642 1119 admiratione
3674 1081 3798 1134 pro-

2217 1159 2339 1218 pter
2366 1152 2640 1219 pecunias,
2673 1152 2768 1206 sed
2808 1164 3029 1222 pr0pter
3058 1153 3502 1222 hospitalitatem;
3538 1170 3641 1209 non
3673 1172 3797 1224 pro-

2214 1251 2332 1310 pter
2361 1242 2558 1297 liberos
2583 1283 2597 1307 ,
2627 1244 2721 1297 sed
2763 1254 2978 1314 propter
3004 1229 3362 1299 obedientiam
3388 1263 3402 1311 ;
3434 1263 3538 1300 non
3577 1257 3796 1317 propter

2213 1348 2432 1389 uxorem
2462 1375 2475 1396 ,
2505 1335 2596 1389 sed
2629 1347 2846 1404 propter
2881 1337 3214 1391 sterilitatem
3245 1337 3298 1391 in
3331 1353 3516 1392 uxore.
3549 1339 3794 1393 Prmscn-

2213 1435 2318 1481 lem
2362 1429 2521 1482 vitam
2555 1427 2684 1482 nihil
2723 1429 3025 1496 ducebant,
3061 1432 3299 1500 pecunia:
3330 1449 3434 1485 non
3466 1433 3790 1501 studebant,

2209 1519 2386 1571 omnia
2427 1519 2813 1588 deSpicicbant.
2860 1521 3033 1586 Nam,
3064 1522 3152 1577 dic
3191 1522 3320 1578 mihi
3344 1565 3359 1589 ,
3389 1539 3631 1593 quaenam
3668 1533 3792 1579 sunt

2207 1613 2402 1682 plantae
2427 1616 2643 1682 optimae
2669 1624 2722 1669 et
2753 1617 3246 1685 prmstantissimaa?
3275 1632 3451 1671 annon
3479 1634 3556 1672 em
3582 1634 3698 1688 qua:
3722 1635 3791 1674 ex

2206 1723 2266 1762 se
2294 1708 2492 1764 habent
2516 1709 2677 1775 vires,
2707 1720 2760 1765 et
2787 1725 2884 1764 nec
2913 1709 3172 1764 imbribus
3199 1725 3297 1765 nec
3318 1711 3661 1780 grandinibus
3689 1726 3789 1766 nec

2204 1810 2483 1855 ventorum
2511 1801 2734 1869 impetu,
2758 1818 2932 1869 neque
2959 1802 3061 1856 ulla
3085 1802 3184 1856 alia
3212 1802 3475 1870 ejusmodi
3501 1811 3787 1872 tempesta-

2205 1900 2314 1945 tum
2349 1891 2613 1947 hnduntur
2655 1893 3054 1963 inaequalitate,
3095 1893 3188 1948 sed
3228 1901 3371 1948 stant
3414 1895 3570 1948 nuda:
3606 1895 3783 1949 omnia

2201 1983 2588 2052 despicientes,
2620 1994 2674 2038 et
2703 2001 2875 2055 neque
2912 1986 3064 2040 vallis
3105 2001 3276 2056 neque
3323 1987 3569 2041 maceriis
3614 2004 3784 2058 neque

2199 2075 2370 2142 septis
2398 2077 2679 2146 indigent?
2705 2077 2848 2132 Talis
2873 2088 2950 2132 est
2995 2077 3366 2147 philosophus,
3399 2079 3528 2133 tales
3566 2079 3670 2133 illa:
3700 2080 3794 2133 di-

2198 2166 2340 2222 vitia:
2371 2184 2384 2220 :
2411 2166 2542 2220 nihil
2570 2165 2750 2233 habet,
2780 2176 2833 2221 et
2865 2167 3021 2222 habet
3048 2170 3226 2224 omnia
3253 2183 3266 2232 ;
3300 2171 3478 2224 omnia
3519 2169 3698 2235 habet,
3727 2180 3784 2224 et

2198 2259 2329 2314 nihil
2356 2260 2534 2315 habet.
2565 2261 2744 2314 Murus
2776 2261 2917 2316 enim
2946 2277 3049 2315 non
3078 2270 3163 2317 est
3189 2262 3529 2325 intrinsecus,
3558 2262 3650 2316 sed
3680 2278 3786 2316 ex-.

2198 2352 2498 2414 trinsecus;
2526 2352 2695 2406 vallus
2719 2366 2824 2406 non
2848 2360 2931 2408 est
2953 2362 3174 2418 naturae,
3199 2352 3293 2407 sed
3316 2361 3398 2408 est
3419 2353 3776 2407 extrinsecus.

2194 2443 2330 2511 Quid
2360 2444 2517 2524 vero?
2541 2443 2855 2514 dic,qu:eso,
2885 2444 3152 2514 quodnam
3183 2460 3378 2514 corpus
3403 2456 3485 2500 est
3509 2445 3775 2500 validum?

2193 2537 2316 2592 idne
2353 2532 2493 2607 quod
2530 2545 2613 2592 est
2653 2552 2871 2602 sanum,
2904 2546 2958 2592 et
2982 2554 3156 2608 neque
3190 2537 3360 2603 fame,
3395 2554 3568 2607 neque
3598 2539 3773 2606 reple-

2193 2630 2356 2693 tione,
2382 2644 2553 2698 neque
2575 2628 2789 2699 frigore,
2813 2643 2987 2698 neque
3006 2637 3137 2682 testu
3159 2638 3491 2697 expugnatur
3513 2649 3523 2681 :
3544 2644 3608 2683 an
3631 2629 3773 2698 quod

2187 2721 2443 2775 adversus
2475 2720 2587 2774 inec
2613 2720 2790 2774 omnia
2818 2731 2870 2773 et
2902 2734 3100 2773 mensa:
3140 2720 3489 2773 structoribus
3515 2728 3570 2772 et
3600 2730 3772 2774 texto-

2187 2812 2335 2868 ribus
2361 2821 2415 2867 et
2444 2813 2786 2868 venatoribus
2813 2821 2865 2866 et
2890 2813 3111 2866 medicis
3143 2812 3342 2880 indiget
3368 2824 3417 2864 ut
3447 2813 3516 2866 sit
3544 2829 3728 2865 sanum
3748 2817 3772 2865 ‘!

2185 2905 2278 2959 llle
2305 2915 2388 2958 est
2415 2906 2585 2970 dives,
2616 2905 2702 2974 qui
2734 2919 2861 2958 vere
2892 2903 3264 2973 philosophus,
3298 2903 3443 2957 nullo
3471 2903 3657 2958 horum
3689 2905 3770 2958 in-

2184 2998 2346 3067 diget.
2391 2997 2680 3066 Propterea
2709 2997 2920 3051 dicebat
2962 2995 3049 3050 hic
3090 2996 3276 3050 beatus
3297 3037 3312 3062 ,
3343 2994 3574 3049 Educate
3601 3013 3686 3051 eos
3714 2997 3778 3049 in,

2183 3090 2456 3155 disciplina
2488 3099 2535 3143 et
2582 3088 2790 3142 Domini
2827 3088 3189 3142 admonitione.
3229 3087 3306 3142 Ne
3345 3103 3473 3157 ergo
3507 3089 3675 3142 vallos
3713 3097 3767 3142 et

2181 3192 2330 3252 septa
2373 3182 2705 3237 extrinsecus
2744 3181 3158 3250 circumponatis
3189 3197 3203 3232 :
3232 3179 3335 3234 hoc
3358 3180 3499 3235 enim
3528 3189 3652 3233 sunt
3679 3179 3764 3234 di-

2181 3273 2339 3336 vitia),
2372 3272 2471 3327 hoc
2496 3280 2579 3326 est
2603 3273 2791 3341 gloria.
2819 3270 3044 3336 Quando
3069 3271 3208 3325 enim
3235 3285 3296 3325 ea
3323 3270 3640 3334 deciderint,
3671 3270 3763 3323 ἀθ-

2177 3363 2361 3417 cidunt
2386 3375 2585 3427 autem,
2614 3364 2790 3431 planta
2816 3370 2898 3416 est
2938 3361 3099 3425 nuda,
3131 3370 3186 3415 et
3227 3368 3534 3430 expugnata
3566 3358 3759 3422 facilis,

2176 3465 2234 3509 ut
2257 3473 2376 3525 quae
2405 3456 2674 3523 praeterito
2702 3464 2941 3520 tempore
2967 3469 3073 3508 non
3099 3453 3268 3508 solum
3295 3452 3424 3506 nihil
3453 3452 3580 3506 lucri
3607 3466 3760 3505 acce-

2175 3548 2332 3616 perit,
2363 3547 2454 3601 sed
2484 3548 2642 3600 etiam
2671 3546 2867 3600 damno
2895 3546 2972 3599 sic
2998 3544 3194 3598 affecta.
3219 3563 3232 3597 ε
3264 3543 3341 3596 illi
3379 3544 3518 3597 enim
3553 3542 3676 3595 valli
3705 3551 3758 3596 et

2172 3649 2319 3708 septa
2371 3655 2490 3709 qua:
2549 3639 2828 3709 prohibent
2878 3637 3159 3706 quominus
3210 3636 3447 3691 decertet
3497 3635 3757 3701 adversus

2172 3731 2400 3786 insultus
2429 3742 2705 3787 venturum
2730 3773 2745 3795 ,
2786 3732 3024 3786 efﬁciunt
3058 3741 3116 3784 ut
3153 3745 3294 3784 nunc
3336 3739 3555 3798 repente
3594 3729 3751 3782 simul

2168 3827 2432 3882 concidat.

2241 3919 2444 3973 Divitiae
2470 3920 2795 3988 quandonam
2821 3919 3030 3973 tardant.
3056 3948 3126 3959 —-
3147 3916 3313 3986 Magis
3343 3915 3520 3984 itaque
3554 3914 3750 3968 laedunt

2167 4012 2385 4075 divitiae,
2418 4019 2477 4065 ut
2502 4027 2620 4080 qua:
2647 4010 2874 4066 reddant
2900 4012 3188 4078 imparatos
3212 4017 3268 4062 et
3295 4006 3514 4061 minime
3543 4006 3749 4059 exerci-

2167 4111 2306 4158 tatos
2335 4103 2592 4158 adversus
2619 4105 2741 4157 vitae
2771 4103 2978 4171 iniquos
3005 4115 3182 4155 casus.
3215 4099 3373 4154 Tales
3400 4112 3528 4168 ergo
3556 4097 3746 4151 redda—

2165 4211 2285 4250 mus
2307 4197 2466 4260 ﬁlios,
2491 4205 2546 4250 ut
2571 4197 2775 4265 possint
2797 4194 3053 4248 adversus
3074 4190 3251 4245 omnia
3276 4189 3548 4249 resistere,
3576 4203 3747 4254 neque

2164 4304 2300 4343 nova
2331 4298 2385 4344 et
2418 4289 2591 4343 aliena
2633 4287 2916 4341 videantur
2949 4301 3067 4355 quae
3112 4286 3390 4338 incurrunt
3417 4299 3431 4335 :
3456 4281 3745 4336 educemus

2163 4381 2214 4436 in
2242 4381 2518 4449 disciplina
2542 4389 2594 4433 et
2619 4378 2980 4432 admonitione
3009 4375 3215 4429 Domini
3240 4415 3254 4436 ,
3288 4383 3342 4428 et
3370 4388 3558 4442 magna
3586 4371 3740 4425 nobis

2161 4482 2451 4543 reponetur
2476 4485 2701 4524 merces.
2729 4469 2860 4523 Nam
2882 4469 2926 4521 si
2952 4469 3192 4522 homines
3218 4466 3308 4536 qui
3335 4479 3518 4534 regum
3546 4461 3744 4517 faciunt

2162 4563 2465 4628 simulacra,
2495 4570 2548 4615 et
2576 4562 2796 4630 pingunt
2821 4559 3096 4628 imagines,
3126 4565 3326 4610 tantum
3365 4555 3623 4610 honorem
3650 4569 3737 4607 as-

2159 4664 2454 4723 sequuntur
2483 4670 2495 4705 :
2529 4666 2628 4706 nos
2656 4653 2745 4720 qui
2779 4651 2975 4720 regiam
3004 4663 3258 4702 ornamus
3294 4648 3576 4716 imaginem
3609 4646 3736 4717 (Dei

2157 4747 2299 4800 enim
2333 4748 2506 4814 imago
2533 4754 2614 4798 est
2643 4743 2860 4810 homo),
2894 4758 2997 4794 non
3032 4741 3184 4794 bouis
3225 4739 3462 4793 fruemur
3491 4741 3736 4792 inmune-

2160 4837 2446 4901 rabilibus,
2477 4837 2526 4889 id
2570 4835 2852 4889 reddentes
2889 4833 3029 4901 quod
3072 4842 3154 4886 est
3192 4831 3257 4884 ad
3291 4829 3748 4883 similitudinem?

2158 4929 2288 4982 Nam
2315 4928 2414 4982 hoc
2440 4937 2522 4982 est
2547 4926 2743 4989 simile,
2777 4925 2941 4979 virtus
2965 4923 3176 4987 aninne,
3209 4921 3420 4991 quando
3450 4921 3584 4974 ﬁlios
3613 4935 3736 4973 eru-

2157 5023 2412 5078 dierimus
2448 5032 2504 5074 ut
2545 5022 2652 5074 sint
2691 5019 2813 5074 boni
2839 5057 2857 5086 ,
2886 5015 3100 5086 quando
3140 5024 3197 5069 ut
3237 5029 3342 5068 non
3370 5014 3476 5066 sint
3502 5011 3568 5066 ad
3601 5013 3730 5065 iram

2159 5117 2384 5184 prompti
2411 5157 2424 5176 ,
2453 5112 2667 5182 quando
2697 5119 2752 5165 ut
2780 5125 2885 5164 non
2915 5110 3022 5163 sint
3050 5107 3256 5176 injuriae
3283 5117 3586 5166 memores;
3621 5101 3733 5155 haec

2155 5213 2332 5260 onmia
2363 5213 2484 5258 sunt
2517 5205 2622 5258 Deo
2653 5201 2862 5271 propria
2894 5198 3141 5270 :qnando
3172 5207 3228 5252 ut
3253 5197 3361 5250 sint
3387 5193 3644 5258 beneﬁci,
3678 5204 3735 5246 ut

2155 5298 2259 5352 sint
2292 5297 2536 5366 benigni,
2569 5295 2781 5364 quando
2811 5292 3164 5348 erudierimus
3196 5287 3346 5342 nihili
3371 5286 3567 5340 ducant
3593 5298 3732 5352 prte-

2153 5393 2345 5446 sentia.
2379 5391 2489 5445 Hoc
2518 5404 2645 5459 ergo
2677 5397 2916 5443 nostrum
2945 5387 3014 5440 sit
3043 5397 3196 5453 opus,
3229 5396 3326 5436 nos
3358 5380 3500 5448 ipsos
3531 5385 3585 5432 et
3613 5377 3730 5430 illos

2153 5486 2352 5554 ﬁngere
2381 5499 2443 5537 ac
2471 5497 2792 5549 componere
2824 5489 2880 5533 ut
2907 5486 3138 5547 oportet.
3173 5474 3380 5543 Alioqui
3409 5488 3510 5542 qua
3541 5470 3729 5524 ﬁducia

2151 5580 2406 5632 stabimus
2441 5586 2565 5629 ante
2607 5574 2833 5630 tribunal
2861 5568 3256 5626 Christi?Nam
3293 5568 3336 5621 si
3371 5566 3619 5636 indignus
3649 5574 3733 5620 est

2146 5672 2454 5740 episcopatu
2479 5666 2567 5736 qui
2597 5665 2735 5718 ﬁlios
2759 5664 2917 5717 habet
2943 5679 3047 5716 non
3076 5659 3336 5727 subditos,
3366 5659 3533 5714 multo
3560 5657 3731 5726 magis

2146 5775 2311 5831 regno
2336 5758 2610 5814 caelorum.
2642 5755 2780 5823 Quid
2813 5753 2978 5810 dicis?
3008 5754 3054 5809 si
3089 5751 3346 5808 habemus
3375 5764 3598 5806 uxorem
3623 5747 3730 5802 im—
