4100 6412
370 334 468 389 155

371 450 666 505 modestam
692 489 708 514 ,
738 457 792 502 et
815 448 858 502 si
889 446 1055 507 ﬁlios,
1082 442 1370 498 reddendae
1400 440 1589 495 rationi
1622 438 1823 493 erimus
1851 437 1948 489 oh-

372 541 551 595 noxii?
578 539 824 601 Maxime,
855 537 955 591 nisi
982 545 1165 591 exacte
1191 545 1245 590 et
1273 541 1519 588 accurate
1547 528 1951 600 pratstiterimus

370 648 490 702 qtiaa
516 639 640 685 sunt
668 645 697 683 a
728 628 882 683 nobis
923 627 1220 697 praestanda
1252 644 1264 679 :
1297 641 1403 678 non
1430 623 1571 677 enim
1603 620 1811 689 propria
1837 617 1949 671 vir-

371 734 455 777 tus
482 722 636 777 nobis
663 720 863 775 sullicit
887 720 952 773 ad
974 719 1224 772 salutem.
1248 716 1378 770 Nam
1406 713 1451 768 si
1478 714 1563 783 qui
1593 728 1749 764 mnnn
1781 709 1949 763 talen-

372 830 483 868 tmn
514 832 619 869 non
650 814 924 883 deponens
967 812 1095 864 nihil
1133 821 1215 864 est
1257 810 1490 863 lucratus
1513 847 1528 871 ,
1561 805 1655 859 sed
1684 805 1843 857 etiam
1873 802 1950 855 sic

372 909 607 977 punitur,
633 918 715 962 est
745 906 1080 976 perspicuum
1105 901 1243 971 quod
1271 902 1437 953 virtus
1465 897 1676 967 propria
1708 908 1809 948 neu
1841 892 1948 945 Suf-

374 999 482 1052 ticit
510 998 575 1052 ad
603 998 825 1051 salutem
853 1037 867 1061 ,
895 996 988 1048 sed
1018 994 1236 1048 alterius
1275 992 1433 1044 etiam
1465 989 1659 1041 virtute
1685 1000 1815 1053 opus
1847 992 1945 1034 est.

370 1089 613 1153 Magnam
632 1104 760 1159 ergo
785 1104 966 1142 curant
993 1099 1240 1157 geramus
1261 1093 1313 1137 et
1334 1096 1557 1136 uxorum
1585 1088 1638 1132 et
1662 1077 1946 1130 liberormu

370 1192 423 1237 et
454 1182 769 1237 famulorum
804 1191 859 1235 et
886 1180 1050 1234 nostri
1078 1178 1343 1248 ipsorum,
1371 1184 1425 1230 et
1464 1174 1517 1228 in
1552 1172 1706 1226 nobis
1738 1168 1866 1237 ipsis
1894 1175 1948 1219 et

371 1275 475 1327 illis
500 1273 883 1344 componendis
912 1272 1075 1326 Deum
1106 1282 1373 1339 rogemus,
1401 1277 1457 1321 ut
1480 1265 1545 1319 ad
1568 1278 1683 1318 eam
1713 1275 1821 1314 rem
1852 1273 1947 1310 no-

371 1366 450 1419 bis
476 1382 630 1435 opem
661 1366 812 1420 lerat.
845 1363 902 1421 Si
932 1363 1123 1420 viderit
1163 1377 1262 1416 nos
1299 1362 1399 1416 hoc
1435 1372 1623 1412 curare
1659 1365 1711 1408 et
1741 1353 1808 1407 de
1843 1350 1945 1405 hoc

1105 331 1160 386 S.
1200 324 1476 386 JOANNIS
1510 320 1977 397 CHRYSOSTOMI
2017 321 2332 378 ARCHIEP.
2372 318 2903 377 CONSTANTINOP.

3541 316 3642 375 156

2056 452 2178 491 esse
2204 434 2484 501 sollicitos,
2513 450 2667 498 opem
2699 434 2871 498 feret;
2903 432 2984 487 sin
3023 432 3224 487 nullam
3255 430 3454 487 habere
3481 432 3638 501 hujus

2056 530 2134 582 rei
2177 527 2437 580 rationem
2458 567 2473 592 ,
2512 540 2728 579 manum
2766 539 2870 579 non
2908 525 3159 594 porriget.
3188 523 3305 579 Non
3337 525 3478 578 enim
3504 524 3635 579 dor-

2057 618 2343 673 mientibus
2371 617 2526 671 nobis
2552 617 2644 670 dat
2671 617 2923 670 auxilium
2954 616 3116 681 Deus,
3146 616 3239 671 sed
3271 616 3398 686 ipsis
3424 631 3638 688 quoque

2056 710 2416 766 laborantibus
2450 727 2463 762 :
2493 726 2611 763 nam
2657 709 2867 778 adjutor
2912 723 3017 761 non
3052 718 3133 762 est
3172 708 3363 769 otiosi,
3397 708 3489 763 sed
3518 708 3636 777 ejus

2054 804 2140 871 qui
2163 803 2275 870 ipse
2294 817 2504 870 quoque
2524 809 2795 870 operatur.
2820 801 3015 855 Potens
3037 810 3118 855 est
3139 812 3314 857 autem
3341 803 3480 857 Dens
3499 819 3635 872 opus

2056 910 2148 962 per
2174 908 2233 949 se
2258 893 2323 948 ad
2355 893 2600 948 allectum
2630 893 2926 960 deducere,
2958 904 3013 947 ut
3047 908 3233 949 omnes
3265 895 3408 966 digni
3439 895 3634 951 habea-

2054 1001 2172 1038 umr
2198 985 2287 1054 qui
2316 984 2455 1039 bona
2487 985 2745 1054 promissa
2773 996 3183 1055 consequamur,
3217 1001 3309 1054 per
3333 988 3553 1057 gratiam
3578 998 3633 1042 et

2055 1074 2432 1145 benignitatem
2479 1077 2686 1129 Domini
2726 1076 2894 1130 nostri
2937 1076 3062 1133 Jesu
3108 1076 3342 1141 Christi.
3383 1079 3468 1133 cui
3509 1095 3631 1135 cum

2055 1166 2210 1220 Patre
2230 1177 2284 1221 et
2302 1165 2499 1235 Spiritu
2527 1177 2714 1221 sancto
2732 1168 2921 1237 gloria,
2949 1167 3252 1237 imperium,
3280 1170 3470 1238 honor,
3494 1186 3632 1227 nunc

2052 1266 2106 1313 et
2134 1273 2366 1328 semper,
2394 1267 2447 1313 et
2472 1259 2524 1312 in
2551 1260 2745 1314 saecula
2769 1259 3111 1314 saeculorum.
3142 1262 3333 1315 Amen.

374 1462 3635 1501 ___________________________________——————___.._._____.

1783 1531 2135 1595 HOMILM
2182 1528 2393 1589 XXII.

364 1693 495 1747 CAP.
520 1694 572 1747 6.
601 1708 653 1745 v.
683 1694 736 1747 5.
769 1691 931 1754 Servi,
962 1690 1154 1745 obedite
1177 1687 1391 1742 dominis
1424 1682 1709 1738 carnalibus
1738 1695 1850 1731 cum
1878 1681 1942 1729 ti-

436 1799 575 1836 more
609 1793 655 1836 et
697 1793 941 1848 tremore,
982 1782 1032 1834 in
1071 1779 1390 1849 simplicitate
1415 1774 1582 1829 cordis
1607 1771 1787 1833 vestri,
1821 1768 1949 1822 sicut

436 1874 636 1929 Christo
666 1890 686 1928 :
709 1875 762 1929 6.
790 1891 888 1928 non
913 1874 981 1927 ad
1004 1872 1203 1927 oculum
1224 1871 1486 1925 servientes
1504 1870 1646 1937 quasi
1668 1861 1950 1918 hominibus

435 1967 686 2037 placentes
705 2008 721 2033 ,
746 1966 835 2021 sed
863 1975 919 2020 ut
948 1966 1076 2020 servi
1104 1963 1324 2027 Christi,
1362 1960 1600 2032 facientes
1640 1958 1947 2011 voluntatem

436 2056 535 2110 Dei
562 2074 625 2111 ea:
649 2058 838 2120 animo,
865 2058 916 2110 7.
942 2072 1056 2109 cum
1084 2055 1214 2108 bona
1237 2054 1491 2108 voluntate
1510 2050 1793 2110 servientes,
1819 2045 1947 2099 sicut

433 2147 658 2202 Domino
696 2158 742 2201 et
790 2164 890 2201 non
933 2146 1253 2209 hominibus;
1284 2145 1338 2199 8.
1378 2142 1586 2197 scientes
1614 2138 1749 2207 quod
1783 2152 1944 2190 unus-

434 2243 644 2310 quisque
683 2241 1028 2310 quodcumque
1065 2240 1243 2307 fecerit
1287 2238 1469 2291 bonum
1492 2273 1509 2298 ,
1549 2234 1642 2287 hoc
1683 2230 1885 2300 recipiet
1913 2245 1947 2283 a

434 2332 679 2399 Domino,
706 2334 810 2386 sive
836 2349 1022 2396 servus,
1041 2333 1147 2387 sive
1163 2329 1304 2385 liber.

436 2419 488 2470 1.
522 2416 597 2469 De
619 2433 875 2470 servorum
905 2417 1099 2487 oﬂiciis,
1126 2446 1198 2456 —
1222 2415 1334 2469 Non
1362 2413 1535 2468 solum
1575 2412 1755 2481 itaque
1782 2408 1942 2463 mari-

362 2520 480 2574 tus,
513 2524 686 2573 neque
715 2525 849 2563 uxor
870 2550 883 2573 ,
919 2525 1089 2577 neque
1132 2508 1259 2574 lilii,
1292 2506 1383 2562 sed
1416 2520 1693 2562 servorum
1731 2517 1944 2573 quoque

361 2604 530 2655 virtus
564 2602 772 2655 confert
809 2604 871 2654 ad
918 2604 1133 2656 domum
1165 2599 1593 2655 constituendam
1630 2608 1685 2654 et
1712 2597 1942 2653 admini-

359 2692 654 2746 straudam.
699 2693 985 2762 Propterea
1020 2694 1205 2748 beatus
1238 2692 1433 2746 Paulus
1458 2702 1527 2747 ne
1566 2691 1702 2744 hanc
1726 2688 1940 2760 quidem

360 2799 394 2852 p
414 2795 565 2839 u-Iem
594 2786 823 2854 neglexit
848 2802 861 2850 ;
893 2785 987 2839 sed
1018 2794 1287 2854 postremo
1309 2783 1524 2854 quidem
1550 2783 1616 2837 ad
1646 2798 1764 2838 eam
1792 2797 1944 2836 acce-

358 2875 456 2933 dit.
482 2876 730 2941 qnoniam
758 2876 1013 2943 dignitate
1032 2890 1244 2946 quoque
1269 2875 1368 2929 sita
1392 2882 1475 2930 est
1501 2883 1787 2944 postrema.
1812 2873 1943 2927 Mulv

363 2968 429 3020 Iis
457 2982 634 3021 autem
664 2982 783 3021 cum
815 2968 892 3021 eis
921 2967 1049 3037 agit,
1081 2982 1186 3021 non
1230 2976 1495 3035 tamquam
1525 2980 1645 3020 cum
1675 2964 1816 3027 liliis,
1846 2963 1942 3018 sed

363 3059 532 3112 iniilto
560 3058 844 3127 perfectius
866 3077 878 3111 :
900 3074 1004 3112 non
1026 3058 1166 3112 enim
1190 3059 1281 3111 dat
1302 3058 1387 3112 hic
1405 3058 1482 3112 eis
1508 3057 1939 3126 promissionem,

359 3151 452 3202 sed
486 3152 535 3203 iu
564 3149 760 3204 futuro.
787 3151 1033 3217 Scientcs,
1057 3150 1245 3220 inquit,
1272 3150 1408 3219 quod
1426 3149 1766 3217 unusquisque
1784 3149 1944 3214 quod-

359 3258 572 3311 cumque
588 3244 757 3311 feccrit
778 3244 965 3296 bonum
984 3242 1060 3296 vel
1079 3242 1289 3303 malum,
1314 3243 1408 3295 hoc
1431 3242 1635 3308 recipiet
1655 3257 1685 3292 a
1703 3240 1938 3293 Domino.

360 3333 427 3389 Et
451 3334 557 3399 jam
582 3334 739 3388 docet
777 3333 1159 3406 philosophari.
1190 3332 1318 3386 Nam
1350 3334 1447 3387 etsi
1480 3332 1795 3385 auctoritate
1819 3339 1943 3384 sunt

360 3425 596 3479 mitiores
619 3423 761 3484 ﬁliis.
786 3425 865 3478 sui
887 3434 1059 3478 tamen
1084 3425 1334 3493 opinione
1357 3433 1478 3477 sunt
1502 3424 1751 3490 majores.
1774 3422 1938 3485 Servi,

361 3519 571 3586 inquit,
608 3518 802 3571 obrdite
839 3517 1058 3571 dominis
1098 3518 1405 3571 carnalibus.
1444 3516 1668 3570 Matrore
1697 3515 1939 3569 allectam

360 3609 538 3661 statim
585 3610 756 3663 erexit
795 3609 1062 3675 animam,
1095 3619 1146 3663 et
1175 3609 1351 3661 stutim
1388 3619 1470 3663 est
1505 3607 1829 3661 consolatus.
1865 3606 1943 3662 Ne

360 3698 562 3762 doleas,
588 3699 779 3769 inquit,
806 3701 944 3768 quod
974 3701 1147 3754 minus
1173 3699 1367 3754 habeas
1388 3714 1544 3766 quam
1567 3713 1701 3753 uxor
1725 3707 1779 3753 et
1804 3697 1897 3751 lilii
1926 3717 1939 3752 :

360 3791 532 3843 solum
561 3800 642 3844 est
668 3806 861 3845 nomen
904 3790 1209 3854 servitutis;
1247 3790 1464 3844 carnale
1498 3799 1580 3844 est
1610 3789 1901 3843 dominium
1922 3829 1938 3853 ,

365 3883 659 3951 temporale
687 3891 741 3934 et
768 3883 931 3936 breve
960 3899 973 3933 :
1008 3882 1259 3952 quidquid
1291 3883 1431 3935 enim
1469 3892 1551 3936 est
1589 3880 1833 3942 carnale,
1861 3888 1944 3933 est

362 3975 620 4029 caducum
661 3984 714 4027 et
753 3989 856 4027 non
897 3974 1223 4026 diuturnum.
1256 3971 1384 4027 Cum
1418 3973 1629 4038 timore,
1662 3972 1867 4041 inquit,
1895 3980 1943 4024 et

364 4077 596 4119 tremore.
633 4064 792 4119 Vides
819 4065 959 4132 quod
998 4079 1100 4117 nou
1128 4063 1373 4118 eumdem
1406 4065 1647 4117 timorem
1675 4062 1852 4131 exegit
1876 4061 1945 4115 al)

367 4171 533 4210 uxore
572 4164 625 4210 et
670 4156 872 4209 servis?
902 4154 1032 4208 Nam
1076 4155 1183 4209 illic
1227 4154 1443 4223 quidem
1487 4154 1620 4209 dixit
1659 4153 1940 4218 absolute,

368 4246 559 4301 Mulier
597 4248 767 4300 timeat
808 4246 1045 4299 maritum
1078 4261 1095 4298 :
1124 4246 1209 4298 hic
1247 4256 1422 4298 autem
1464 4261 1585 4299 cum
1625 4245 1941 4310 intensionc,

366 4335 494 4392 Cum
535 4338 711 4390 timore
750 4348 796 4391 et
831 4345 1062 4391 tremore.
1108 4336 1175 4389 In
1212 4337 1531 4406 simplicitate
1559 4337 1725 4389 cordis
1755 4336 1940 4399 vestri,

366 4430 495 4483 sicut
516 4429 737 4483 Christo.
768 4428 878 4483 lloc
898 4428 1028 4483 dicit
1056 4427 1379 4498 frequenter.
1403 4429 1539 4497 Quid
1562 4429 1715 4495 dicis,
1738 4444 1770 4483 ο
1794 4428 1947 4483 beate

369 4519 574 4572 Paule?
600 4530 679 4572 est
711 4519 892 4580 frater,
924 4520 1107 4573 eadem
1136 4529 1217 4573 est
1239 4529 1618 4588 consequutus,
1650 4530 1733 4575 est
1772 4521 1821 4572 iu
1850 4536 1944 4574 eo-

369 4614 490 4661 dem
522 4626 783 4678 corpore:
815 4612 922 4665 imo
961 4610 1128 4664 lactus
1165 4621 1249 4665 est
1276 4611 1441 4665 frater
1467 4627 1571 4665 non
1603 4612 1681 4665 sui
1709 4611 1945 4676 domini,

370 4701 463 4755 scd
504 4701 640 4754 adeo
670 4701 785 4755 Filii
821 4703 909 4755 Dei
936 4718 950 4766 ;
982 4703 1171 4756 fruitur
1200 4703 1387 4755 iisdem
1416 4703 1682 4764 otnnihus,
1710 4714 1761 4757 et
1792 4701 1946 4769 dicis,

374 4793 582 4847 Obedite
603 4793 819 4847 dominis
842 4795 1127 4848 carnalibus
1151 4811 1267 4849 cum
1288 4795 1464 4849 timore
1483 4804 1531 4849 et
1554 4804 1767 4849 tremore
1782 4796 1807 4848 ?
1832 4795 1953 4849 Pro-

375 4899 555 4953 pterea
580 4885 747 4950 enim,
777 4885 965 4955 inquit,
994 4886 1134 4940 dlCO.
1169 4886 1296 4939 Nam
1325 4885 1370 4940 si
1392 4884 1575 4954 jubeo,
1605 4886 1796 4955 inquit,
1822 4884 1955 4940 libe-

372 4991 465 5029 ros
487 4976 709 5029 invicem
734 4991 852 5031 esse
872 4976 1142 5045 subjectos
1171 4987 1386 5044 promer
1403 4977 1649 5031 timorem
1677 4978 1790 5043 Dei,
1817 4978 1955 5032 sicut

371 5066 583 5121 dicebat
597 5068 864 5137 superius,
890 5068 1113 5139 Subjecti
1133 5069 1341 5122 invicem
1359 5068 1412 5121 in
1430 5070 1607 5123 timore
1622 5068 1713 5124 Dei
1736 5068 1952 5138 (Ephes.

372 5160 427 5215 5.
458 5158 586 5229 2i);
614 5160 659 5213 si
682 5159 847 5229 jubeo
877 5175 1096 5213 uxorem
1126 5160 1314 5215 timere
1348 5160 1626 5227 maritum,
1657 5161 1866 5215 etiamsi
1891 5175 1954 5215 ea

372 5254 445 5308 sit
488 5269 582 5322 par
624 5254 827 5308 honore
853 5271 866 5307 :
898 5254 1063 5307 multo
1092 5253 1256 5322 magis
1286 5268 1521 5308 servum.
1561 5254 1677 5308 Non
1704 5265 1786 5308 est
1812 5255 1954 5308 enim

375 5346 478 5401 hoc
506 5347 836 5415 ignobilitas,
867 5346 957 5400 sed
1000 5346 1164 5415 prima
1193 5346 1475 5408 nobilitas,
1504 5347 1644 5402 scire
1670 5361 1789 5401 esse
1818 5345 1956 5401 inle-

364 5438 599 5507 "riorem,
628 5450 683 5496 et
712 5441 951 5496 modeste
976 5456 1035 5494 se
1059 5456 1268 5510 gerere,
1301 5450 1355 5495 et
1380 5440 1571 5495 cedere
1599 5442 1861 5509 proximo.
1892 5440 1958 5494 Et

377 5535 532 5589 liberi
566 5536 748 5589 liberis
780 5551 899 5588 cum
934 5534 1098 5589 multo
1126 5536 1315 5589 timore
1340 5543 1393 5587 et
1424 5541 1657 5589 tremore
1694 5533 1952 5588 serviunt.

378 5625 445 5677 In
486 5626 806 5693 simplicitate
834 5627 1032 5685 cordis,
1065 5627 1251 5691 inquit.
1294 5625 1457 5680 Recte
1496 5625 1657 5688 dixit;
1700 5626 1952 5695 quoniam

381 5717 496 5770 heri
543 5726 717 5785 potest
754 5727 810 5770 ut
848 5719 1107 5772 serviatur
1132 5734 1252 5772 cum
1282 5721 1474 5772 timore
1508 5728 1563 5771 et
1598 5727 1831 5772 tremore
1855 5760 1870 5781 ,
1899 5726 1954 5770 at

378 5824 486 5864 non
515 5824 582 5864 ex
606 5809 991 5875 benevolentia,
1026 5812 1117 5867 sed
1150 5822 1432 5882 utcumque
1451 5812 1592 5866 licet.
1618 5810 1731 5866 Non
1760 5813 1953 5866 anim-

2056 1673 2405 1726 advertuntur
2447 1674 2587 1727 enim
2628 1674 2773 1727 multi
2825 1674 2987 1727 multa
3031 1690 3190 1742 prave
3244 1688 3491 1747 gerentes
3538 1680 3630 1732 ad-

2055 1778 2240 1817 versus
2284 1762 2550 1817 dominos.
2600 1764 2762 1832 Igitur
2801 1765 2937 1819 hanc
2982 1780 3194 1834 quoque
3242 1781 3453 1834 pravam
3497 1768 3630 1822 tollit

2054 1854 2342 1923 nequitiam
2365 1896 2378 1918 ,
2410 1854 2594 1909 dicens
2613 1897 2630 1923 ,
2666 1854 2732 1908 1n
2769 1856 3090 1924 simplicitate
3121 1859 3289 1911 cordis
3326 1859 3474 1912 vestri
3501 1860 3629 1913 sicut

2052 1945 2294 2000 Domino.
2340 1946 2462 2000 Non
2500 1950 2567 2000 ad
2607 1948 2811 2001 oculum
2853 1950 3117 2002 servientes
3157 1950 3301 2017 quasi
3345 1950 3629 2003 hominibus

2055 2038 2325 2106 placentes,
2358 2038 2447 2092 sed
2472 2050 2523 2091 ut
2550 2040 2678 2092 servi
2707 2037 2914 2104 Christi,
2943 2040 3180 2107 facientes
3204 2042 3505 2093 voluntatem
3537 2041 3629 2095 Dei

2054 2149 2117 2186 ea:
2143 2132 2332 2195 animo,
2364 2149 2478 2185 cum
2503 2132 2842 2186 benevolentia
2874 2133 3136 2186 servientes
3161 2133 3285 2186 sicut
3316 2126 3553 2197 Domino,
3582 2144 3630 2188 et

2053 2241 2153 2277 non
2184 2224 2485 2277 hominibus.
2516 2224 2677 2278 Vides
2706 2240 2863 2294 quam
2891 2225 3068 2278 multis
3095 2240 3228 2295 opus
3268 2225 3543 2289 habuerit,
3572 2238 3631 2280 ut

2054 2313 2155 2368 hoc
2182 2314 2376 2369 bonum
2404 2324 2461 2369 et
2489 2314 2769 2370 honestum
2799 2316 3080 2380 insereret,
3109 2316 3237 2372 Cum
3269 2316 3627 2381 benevolentia,

2051 2406 2298 2477 inquam,
2343 2417 2390 2460 et
2433 2424 2496 2461 ea:
2534 2408 2750 2461 animo?
2792 2406 2924 2462 Nam
2968 2407 3095 2461 illud
3136 2407 3347 2477 quidem
3390 2408 3630 2463 videmus

2050 2498 2249 2553 multos
2282 2497 2540 2553 exhibere
2582 2497 2814 2553 dominis
2834 2538 2850 2565 ,
2879 2496 3008 2554 Cum
3045 2502 3224 2552 timore
3247 2539 3260 2562 ,
3304 2499 3552 2566 inquam,
3583 2509 3631 2553 et

2051 2597 2304 2654 tremore;
2341 2598 2397 2643 et
2441 2590 2508 2644 ad
2548 2588 2678 2644 illud
2720 2589 2886 2644 multa
2925 2588 3166 2644 el'liciunt
3195 2590 3351 2643 mina:
3377 2589 3579 2644 domini
3610 2606 3625 2643 :

2051 2680 2156 2735 Sed
2183 2680 2424 2744 ostende,
2457 2681 2648 2751 inquit,
2677 2690 2732 2736 te
2756 2680 2960 2737 servire
2995 2690 3261 2751 tamquam
3286 2680 3481 2736 Christi
3510 2696 3628 2737 ser-

2050 2788 2197 2837 vum,
2223 2787 2327 2825 non
2358 2781 2624 2841 tamquam
2649 2770 2882 2826 hominis
2915 2789 2929 2825 :
2959 2773 3039 2825 lac
3060 2781 3116 2824 ut
3137 2770 3276 2839 quod
3300 2786 3328 2824 a
3354 2780 3404 2825 te
3429 2772 3631 2841 geritur

2049 2863 2119 2917 sit
2148 2872 2294 2916 tuum
2322 2876 2457 2932 opus
2480 2904 2494 2927 ,
2522 2878 2629 2916 non
2673 2862 3027 2917 necessitatis.
3057 2861 3211 2917 Sicut
3236 2862 3286 2915 ei
3311 2862 3400 2930 qui
3428 2861 3496 2915 ab
3524 2861 3631 2916 alio

2051 2956 2190 3010 male
2217 2956 2411 3024 patitur
2437 2955 2664 3022 suadet,
2692 2963 2747 3010 et
2771 2954 2927 3009 docet
2964 2970 3060 3024 per
3086 2969 3147 3009 ea
3179 2970 3296 3024 qua:
3321 2953 3515 3009 deinde
3538 2967 3628 3010 se-

2049 3060 2285 3120 quuntur
2304 3090 2319 3110 ,
2349 3059 2406 3104 ut
2430 3063 2584 3103 suum
2611 3062 2734 3104 esse
2765 3046 2924 3102 faciat
2950 3047 3093 3117 quod
3133 3056 3279 3101 recte
3314 3047 3547 3117 geritur,
3576 3055 3631 3103 et

2049 3155 2169 3195 esse
2215 3141 2366 3195 liberi
2414 3140 2498 3195 sui
2540 3140 2745 3194 arbitrii
2779 3157 2794 3194 :
2828 3140 2897 3194 ita
2927 3149 2980 3194 et
3013 3138 3174 3193 hunc.
3212 3137 3343 3193 Nam
3377 3140 3501 3208 quia
3540 3140 3630 3209 qui

2049 3231 2321 3286 maxillam
2364 3231 2663 3300 percussit,
2693 3247 2801 3286 non
2827 3231 2894 3286 ad
2923 3231 3026 3285 boc
3050 3231 3199 3285 venit
3221 3246 3287 3286 ex
3312 3240 3492 3286 mente
3514 3232 3630 3299 ejus

2049 3322 2137 3392 qui
2176 3330 2259 3377 est
2293 3338 2577 3391 percussus
2601 3365 2615 3387 ,
2643 3324 2735 3378 sed
2776 3339 2805 3376 a
2842 3338 2937 3378 sua
2976 3323 3237 3394 pravitate
3259 3365 3274 3389 ,
3310 3322 3438 3393 quid
3466 3324 3630 3379 dicit?

2049 3414 2231 3467 Prwbe
2266 3414 2344 3468 illi
2367 3424 2414 3468 et
2441 3415 2653 3468 alteram
2682 3413 2899 3483 (Matth.
2927 3415 2979 3470 5.
3012 3414 3146 3485 39);
3177 3415 3465 3470 ostendens
3490 3417 3631 3486 quod

2051 3520 2154 3558 non
2186 3505 2381 3559 invitus
2411 3521 2529 3560 eam
2559 3506 2767 3574 alapam
2812 3506 3151 3561 sustinueris.
3182 3506 3314 3561 Nam
3343 3507 3432 3575 qui
3472 3507 3537 3561 ad
3580 3506 3631 3561 id

2048 3597 2187 3666 quod
2215 3606 2298 3651 est
2328 3598 2464 3651 male
2493 3612 2707 3667 passum
2734 3612 2889 3664 esse,
2915 3597 3116 3651 affatim
3146 3598 3308 3652 etiam
3346 3612 3627 3667 supercre—

2048 3690 2223 3760 gavit;
2254 3691 2304 3743 id
2331 3690 2473 3760 quod
2501 3705 2607 3744 non
2642 3703 2757 3745 erat
2795 3705 2952 3745 suum
2975 3731 2990 3753 ,
3021 3705 3175 3745 suum
3221 3705 3343 3745 esse
3380 3692 3533 3755 fecit,
3566 3706 3633 3745 eo

2048 3782 2192 3853 quod
2220 3783 2372 3837 alteri
2399 3784 2625 3837 maxillae
2651 3783 2720 3836 sit
2746 3782 2940 3836 inﬂicta
2968 3782 3141 3851 alapa,
3167 3798 3271 3836 non
3297 3781 3466 3835 solum
3491 3782 3630 3849 quod

2050 3877 2251 3931 tulerit.
2281 3876 2394 3931 Hoc
2422 3877 2564 3930 enim
2600 3874 2826 3931 fortasse
2852 3875 3119 3930 videbitur
3144 3876 3303 3930 etiam
3330 3889 3453 3930 esse
3480 3875 3633 3929 timo-

2050 3970 2160 4031 ris;
2203 3967 2331 4021 illud
2364 3977 2542 4021 autem
2583 3967 2764 4021 multa:
2802 3976 2885 4021 est
2928 3965 3301 4036 pliilOSOphiae.
3341 3964 3633 4020 Ostendisti

2051 4060 2209 4129 igitur
2239 4059 2378 4129 quod
2415 4058 2516 4114 hoc
2544 4060 2704 4113 etiam
2737 4059 2922 4114 tuleris
2968 4070 3183 4128 propter
3218 4059 3631 4129 philosophiam.

2051 4154 2235 4222 Itaque
2262 4168 2401 4208 nunc
2426 4168 2636 4223 quoque
2663 4153 2904 4214 ostende,
2936 4153 3077 4223 quod
3108 4166 3298 4223 sponte
3328 4153 3469 4209 feras
3496 4153 3635 4207 hanc

2051 4248 2361 4303 servitutem
2383 4288 2400 4313 ,
2429 4262 2534 4301 non
2566 4257 2618 4300 ut
2648 4247 2951 4302 hominibus
2980 4248 3208 4316 placeas.
3238 4247 3339 4315 Qui
3368 4262 3496 4317 ergo
3522 4257 3635 4300 stu-

2052 4338 2142 4393 det
2160 4338 2461 4392 hominibus
2489 4337 2719 4407 placere,
2746 4354 2851 4393 non
2876 4346 2959 4393 est
2982 4353 3168 4393 servus
3188 4339 3419 4403 Christi;
3444 4340 3639 4409 quiest

2053 4438 2229 4485 autem
2262 4445 2449 4485 servus
2474 4429 2694 4493 Christi,
2727 4446 2832 4484 non
2872 4429 3051 4484 studet
3074 4431 3286 4500 placere
3310 4430 3635 4485 hominibus.

2054 4522 2184 4587 Quis
2212 4521 2377 4584 enim,
2406 4536 2527 4576 cum
2563 4520 2634 4575 sit
2669 4520 2759 4575 Dei
2805 4537 2992 4575 servus
3011 4563 3027 4588 ,
3054 4522 3164 4575 vult
3193 4522 3500 4577 hominibus
3529 4522 3638 4592 pla-

2055 4615 2218 4669 cere?
2244 4621 2297 4668 et
2324 4613 2443 4683 quis
2483 4613 2785 4667 hominibus
2810 4613 3041 4681 placens,
3068 4623 3243 4682 potest
3263 4629 3384 4669 esse
3408 4614 3503 4668 Dei
3526 4629 3641 4668 ser-

2058 4706 2187 4760 vus?
2212 4705 2293 4759 Ea:
2318 4706 2509 4771 animo,
2542 4706 2748 4775 inquit,
2773 4722 2887 4759 cum
2913 4707 3042 4759 bona
3072 4706 3326 4759 voluntate
3349 4706 3635 4760 servientes.

2059 4798 2222 4855 Recte
2244 4797 2323 4851 sic
2343 4796 2505 4851 dixit:
2526 4812 2646 4850 nam
2668 4799 2917 4867 quoniam
2940 4808 2993 4852 et
3016 4798 3067 4851 in
3090 4798 3430 4866 simplicitate
3452 4797 3638 4852 serviri

2061 4900 2256 4959 potest,
2275 4899 2329 4943 et
2352 4904 2458 4944 non
2481 4904 2643 4959 prave
2667 4904 2730 4943 ac
2746 4891 2995 4959 maligne.
3014 4890 3107 4944 sed
3130 4904 3237 4943 non
3265 4889 3388 4942 totis
3415 4889 3637 4952 viribus,

2060 4982 2154 5035 sed
2177 4992 2376 5035 tantum
2407 4981 2772 5050 impleriquod
2792 4981 3016 5036 debetur
3045 5000 3057 5035 :
3086 4992 3364 5051 propterea
3383 4980 3534 5043 dicit,
3564 4981 3639 5038 Ex

2062 5074 2221 5127 animi
2250 5073 2522 5127 alacritate
2546 5115 2560 5137 ,
2594 5087 2699 5126 non
2728 5089 2793 5128 ex
2835 5075 3185 5135 necessitate;
3216 5090 3283 5128 ex
3327 5074 3495 5129 libera
3533 5074 3645 5127 ele-

2062 5166 2259 5230 ctione,
2281 5182 2384 5221 non
2403 5181 2467 5219 ex
2492 5166 2768 5234 pravitate.
2787 5165 2843 5220 Si
2865 5167 2942 5220 sic
2965 5167 3189 5231 servias,
3214 5182 3319 5220 non
3342 5182 3401 5221 es
3420 5181 3640 5221 servus:

2065 5258 2108 5312 si
2132 5274 2197 5313 ex
2220 5258 2386 5312 libero
2412 5257 2633 5311 arbitrio
2662 5267 2715 5311 et
2737 5258 2997 5322 instituto,
3020 5260 3063 5313 si
3089 5275 3209 5313 cum
3248 5258 3640 5316 benevolentia.

2064 5352 2110 5406 si
2131 5367 2196 5405 ex
2224 5352 2419 5414 animo,
2444 5351 2487 5403 si
2512 5360 2725 5419 propter
2750 5350 3043 5406 Christum.
3074 5352 3221 5405 llauc
3246 5351 3388 5406 enim
3411 5352 3646 5404 servitu-

2066 5453 2173 5498 tem
2197 5446 2361 5499 servit
2398 5444 2556 5498 etiam
2586 5444 2782 5499 Paulus
2822 5444 2912 5498 ille
2951 5443 3113 5510 liber,
3137 5454 3194 5498 et
3217 5445 3411 5498 clamat
3436 5443 3644 5504 dicens,

2068 5535 2189 5589 Non
2216 5537 2346 5589 enim
2372 5551 2462 5588 nos
2492 5539 2626 5604 ipsos
2669 5536 3000 5605 praedicamus
3023 5574 3038 5597 ,
3068 5535 3155 5588 sed
3186 5535 3441 5588 Christum
3469 5535 3647 5588 Jesum

2067 5625 2361 5690 Dominum,
2381 5642 2473 5679 nos
2498 5637 2662 5679 autem
2679 5626 2815 5696 ipsos
2835 5642 3000 5680 servos
3029 5636 3213 5680 vestros
3241 5636 3445 5696 propter
3470 5625 3500 5678 ,ι
3509 5642 3648 5679 esum

2069 5718 2146 5790 (a.
2179 5717 2296 5771 Cor.
2326 5718 2378 5771 t.
2408 5717 2487 5785 5).
3121 5715 3132 5727 '

2139 5812 2191 5866 9.
2245 5809 2374 5863 Vide
2404 5807 2670 5879 quomodo
2702 5807 2794 5862 tibi
2841 5805 3012 5863 aulet‘t
3056 5806 3447 5879 ignobilitatem
3474 5802 3641 5860 servi-
