4096 6388
518 336 619 393 155

515 451 661 516 τοὺς,
682 447 779 504 καὶ
802 446 863 503 ἐν
886 446 967 521 τῷ
982 446 1227 511 ἐκείνους
1256 444 1562 517 ῥυθμίζειν,
1574 444 1666 498 τὸν
1686 442 1821 498 Θεὸν
1850 460 2097 516 παρακα-

516 533 719 605 λῶμεν,
759 531 901 586 ὥστε
928 528 1413 587 συναντιλαϐέσθαι
1451 530 1583 599 ἡμῖν
1609 526 1704 582 τοῦ
1756 526 1937 599 ἔργου.
1998 529 2097 581 Ἂν

517 618 601 689 ῐδῃ
636 619 787 688 ἡμᾶς
812 615 972 670 τοῦτο
1004 613 1403 688 μεριμνῶντας,
1463 612 1658 667 τούτου
1692 612 2095 685 φροντίζοντας,

516 699 993 770 συναντιλήψεταιο
1033 698 1100 753 ἂν
1127 697 1186 750 δὲ
1221 696 1427 768 μηδένα
1452 697 1807 768 ποιουμένους
1832 697 2009 765 λόγον,
2034 696 2095 748 ού

512 784 675 838 δώσει
696 787 873 855 χεῖρα.
905 784 981 837 Οὑ
1007 784 1117 852 γὰρ
1161 780 1510 835 καθεύδουσιν
1559 783 1690 853 ἡμῖν
1728 783 1955 854 χορηγεῖ
1996 779 2097 859 τῂν

515 867 774 939 βοήθειαν
826 871 854 923 6
885 869 1040 934 Θεὸς,
1072 866 1210 922 ἀλλὰ
1260 865 1613 937 πονουμένοις
1660 868 1754 921 καὶ
1787 868 1991 931 αὑτοῖς.
2035 862 2098 919 ⁸0

514 951 623 1023 γὰρ
656 952 849 1025 βοηθὸς
880 951 941 1006 οὐ
968 952 1063 1005 τοῦ
1107 948 1409 1022 ἀργοῦντός
1447 952 1565 1004 ἐστι
1590 949 1804 1023 βοηθὸς,
1834 949 1973 1005 ἀλλὰ
2001 948 2097 1003 τοῦ

1320 328 1390 386 ΙΝ
1427 329 1652 387 EPIST.
1698 330 1790 384 AD
1829 327 2069 386 EPHES.
2110 330 2265 385 CAP.
2294 327 2387 384 VI.
2428 325 2668 383 H016!le
2711 325 2883 381 XXII.

3672 326 3778 383 136

2194 441 2291 496 καὶ
2307 440 2473 495 αὑτοῦ
2501 439 2900 510 ἐργαζομένου.
2926 437 3160 501 Δυνατὸς
3185 438 3241 492 δὲ
3272 438 3302 492 6
3322 437 3525 507 ἀγαθὸς
3552 436 3685 503 Θεὸς
3707 439 3775 494 δι’

2194 523 2391 579 ἐαυτοῦ
2419 524 2480 577 τὸ
2510 523 2672 595 ἔργον
2710 525 2791 585 είς
2834 520 2988 585 τέλος
3017 522 3267 591 ἀγαγεῖν,
3322 522 3410 577 ἵνα
3453 522 3778 593 ἁξιωθῶμεν

2193 610 2395 671 πάντες
2421 609 2698 678 ἐπιτυχεῖν
2725 606 2835 661 τῶν
2861 605 3287 677 ἐπηγγελμένων
3318 606 3559 675 ἀγαθῶν,
3592 608 3776 676 χάριτι

2194 693 2290 748 καὶ
2320 691 2663 763 φιλανθωπίᾳ
2690 690 2783 745 τοῦ
2820 690 2972 762 [165]
3016 690 3222 761 Κυρίου
3249 690 3406 761 ἡμῶν
3448 689 3619 762 Ἰησοῦ
3642 692 3777 760 Χρι-

2196 776 2344 842 στοῦ,
2378 775 2499 847 μεθ’
2522 767 2584 829 οῦ
2612 775 2690 846 τῷ
2704 776 2879 845 Πατρὶ
2907 774 3023 846 ἅμα
3052 773 3128 845 τῷ
3159 773 3298 846 ἁγίῳ
3320 773 3600 844 Πνεύματι
3623 773 3772 838 δόξα,

2195 861 2417 934 κράτος,
2447 861 2607 933 τιμὴ,
2639 859 2735 915 νῦν
2756 860 2850 915 καὶ
2870 860 2980 926 ἀεὶ,
3014 858 3110 912 καὶ
3147 860 3227 923 είς
3246 859 3374 922 τοὺς
3402 857 3607 922 αἰῶνας
3663 857 3774 911 τῶν

2196 945 2425 1001 αἰώνων.
2463 946 2656 1017 Ἀμήν.

2010 1368 2261 1424 ΟΜΙΔΙΑ
2297 1368 2427 1427 ΚΒ’.

511 1534 578 1587 οι
628 1532 860 1595 δοῦλοι,
892 1530 1231 1587 ὖπακούετε
1267 1528 1394 1594 τοῖς
1441 1528 1671 1598 κυρίοις
1714 1529 1864 1584 κατὰ
1892 1528 2089 1598 σάρκα

574 1604 727 1674 μετὰ
755 1604 944 1672 φόϐου
989 1602 1367 1674 καὶίτρόμου,
1515 1600 1806 1674 ἁπλότητι
1846 1599 2089 1674 καρδίας

578 1668 772 1742 ύμῶν,
811 1674 893 1739 ὡς
938 1673 1021 1737 τῷ
1075 1668 1310 1742 Χριστῷ
1334 1685 1348 1699 ·
1385 1668 1472 1742 μὴ
1510 1672 1651 1742 κατ’-
1678 1668 2089 1742 ὀφθαλμοδους

578 1738 759 1798 λείαν
786 1738 877 1809 ὠςί
893 1738 1402 1813 ἀνθρωπάρεσκοι,
1428 1739 1578 1813 Δἀλλ’
1620 1738 1965 1813 ὡςδοῦλοε
1979 1738 2087 1813 τοῦ

579 1808 872 1890 Χριστοῦ,
909 1808 1227 1890 ποιοῦντες
1253 1809 1338 1890 Ατὸ
1373 1808 1607 1890 οέτὶημα
1648 1810 1759 1890 τοῦ
1810 1810 1968 1890 ~613017
2007 1810 2086 1890 ,ἐκ

579 1879 810 1954 ψυχῆς,
834 1884 960 1952 μετ’
982 1883 1223 1946 εὐνοίας
1243 1879 1641 1947 δουλεύοντες
1660 1882 1740 1947 ὠς
1763 1879 1843 1946 τῷ
1868 1881 2084 1948 Κυρίῳ,

580 1955 680 2009 καὶ
708 1957 821 2008 οὐκ
851 1952 1182 2009 ἀνθρώποις
1199 1967 1215 1981 ⁶
1244 1950 1472 2009 ειδότες
1504 1949 1594 2005 ὅτι
1626 1951 1736 2005 ἐάν
1756 1968 1846 2009 τις
1865 1949 2087 2009 ἀνθρω-

580 1968 680 2010 και
708 1968 821 2008 ουκ
851 1968 1215 2021 ἀνθρώποις·
1244 1968 1472 2016 ειοοτες
1504 1968 1594 2005 οτι
1626 1968 1736 2005 sar
1756 1968 1846 2017 τις
1865 1968 2086 2019 ανυρω-

580 2039 693 2091 πος
725 2023 952 2090 ποιήσῃ
986 2024 1233 2093 ἀγαθὸν,
1266 2021 1443 2093 τοῦτο
1474 2022 1763 2091 κομιεῖται
1791 2022 1952 2091 παρὰ
1980 2019 2086 2075 τοῦ

578 2096 824 2165 Κυρίου,
845 2095 965 2148 εἴτε
998 2094 1241 2159 δοῦλος,
1271 2092 1393 2146 εἴτε
1419 2092 1755 2163 ἐλεύθερος.

578 2245 650 2294 α’.
676 2238 839 2292 Ὥστε
863 2238 963 2291 οὐκ
988 2237 1128 2310 ἀνὴρ
1160 2238 1342 2307 μόνον,
1376 2236 1502 2291 οὔτε
1530 2238 1691 2309 γυνὴ,
1717 2235 1841 2291 οὔτε
1874 2236 2084 2303 παιδία,

506 2326 645 2382 ἀλλὰ
674 2326 771 2380 καὶ
821 2325 1049 2380 οἰκετῶν
1080 2325 1252 2395 ἁρετὴ
1300 2325 1544 2379 συντελεῖ
1576 2327 1657 2389 είς
1697 2324 1958 2377 σύστασιν
1989 2324 2087 2376 καὶ

507 2414 807 2486 πρόπασιν
857 2413 1057 2475 οἰκίας.
1113 2412 1216 2467 Διά
1264 2411 1424 2467 τοῦτο
1472 2414 1501 2466 6
1557 2412 1827 2484 μακάριος
1873 2410 2087 2475 Παῦλος

505 2503 629 2558 οὐδὲ
682 2502 874 2557 τούτου
926 2502 1125 2574 μέρους
1167 2502 1443 2573 ἠμέλησεν
1471 2515 1486 2530 ’
1544 2491 1660 2553 ἀλλ’
1708 2501 1928 2571 ἔρχεται
1987 2499 2085 2570 μὲν

505 2592 733 2663 ἔσχατον
761 2594 847 2645 ἐπ’
875 2590 1027 2654 αὐτὸ,
1059 2590 1247 2662 ἐπειδὴ
1266 2591 1360 2644 καὶ
1380 2590 1607 2661 ἔσχατον
1630 2586 1906 2658 κεῖταιτῷ
1923 2586 2086 2652 ἀξιώ-

508 2699 660 2751 ματι.
696 2680 875 2735 Πολλά
902 2681 959 2734 δὲ
997 2680 1092 2737 καὶ
1121 2679 1260 2751 πρὸς
1296 2679 1494 2743 αὐτοὺς
1527 2678 1854 2747 διαλέγεται,
1895 2676 2083 2731 οὐκέτι

503 2770 579 2832 ὡς
625 2771 737 2829 τοῖς
786 2770 994 2831 παισὶν,
1039 2767 1177 2821 ἀλλά
1221 2768 1401 2838 πολλῷ
1450 2767 1818 2837 τελειότερον*
1864 2767 1926 2819 οὑ
1970 2765 2078 2835 γὰρ

503 2856 740 2911 ἐνταῦθα
772 2856 987 2910 δίδωσιν
1024 2856 1207 2919 αὑτοῖς
1239 2859 1339 2927 τὴν
1383 2856 1676 2927 ὑπόσχεσιν
1698 2897 1711 2921 ,
1749 2854 1869 2909 ἀλλ’
1898 2855 1956 2907 ἐν
2002 2853 2081 2924 τῷ

504 2944 773 3014 μέλλοντι.
825 2942 1088 3009 Εὶδότες,
1134 2944 1332 3015 φησὶν,
1382 2945 1471 2998 ὅτι
1509 2943 1541 2997 ὃ
1584 2943 1694 2998 ἐάν
1723 2961 1779 2997 τι
1821 2942 2081 3008 ἕκαστος

502 3030 727 3101 ποιήσῃ
750 3031 977 3101 ἀγαθὸν
996 3030 1036 3099 ἢ
1054 3031 1263 3096 κακὸν,
1290 3032 1469 3086 τοῦτο
1491 3031 1776 3101 κομιεῖται
1798 3030 1958 3099 παρὰ
1974 3029 2081 3084 τοῦ

500 3122 744 3189 Κυρίου.
795 3120 906 3173 Καὶ
953 3119 1265 3188 φιλοσοφεῖν
1299 3119 1399 3189 ήδη
1438 3119 1701 3173 διδάσκει.
1733 3120 1796 3172 Εἰ
1841 3119 1951 3187 γὰρ
1985 3118 2083 3170 καὶ

498 3208 578 3279 τῷ
626 3207 899 3279 ἀξιώματι
936 3207 1045 3261 τῶν
1090 3206 1299 3260 παίδων
1343 3207 1484 3259 είσὶν
1522 3207 1796 3271 ἐλάττους,
1829 3206 1967 3260 ἀλλά
2004 3204 2081 3276 τῷ

499 3297 810 3368 φρονήματι
849 3295 1091 3367 μείζους.
1137 3298 1203 3349 Οἱ
1240 3293 1472 3357 δοῦλοι,
1516 3294 1715 3364 φησὶν,
1745 3295 2081 3349 ὑπακούετε

496 3384 623 3452 τοῖς
651 3385 884 3453 κυρίοις
913 3384 1063 3438 κατὰ
1090 3382 1309 3451 σάρκα.
1336 3383 1559 3445 Εὐθέως
1578 3398 1678 3452 την
1698 3381 2080 3452 λελυπημένην

497 3473 763 3544 ἀνέστησε
799 3472 998 3543 ψυχὴν,
1033 3471 1238 3534 εὐθέως
1276 3458 1719 3542 παρεμυθήσατο.
1760 3470 1853 3542 Μὴ
1900 3470 2077 3538 ἄλγει,

498 3565 687 3633 φησὶν,
714 3565 793 3617 ὅτι
821 3563 1041 3617 ἔλαττον
1072 3563 1217 3635 ἔχεις
1254 3563 1350 3616 καὶ
1386 3563 1487 3632 τῆς
1518 3560 1796 3629 γυναικὸς,
1835 3562 1930 3614 καὶ
1970 3559 2080 3613 τῶν

498 3652 703 3705 παίδων
724 3669 735 3682 ·
766 3654 937 3722 ὄνομα
966 3651 1212 3715 δουλείας
1248 3650 1367 3704 ἐστὶ
1397 3650 1557 3721 μόνον
1576 3664 1590 3678 ⁸
1626 3648 1768 3703 κατὰ
1816 3648 1994 3719 σάρκα
2021 3649 2077 3700 ἐ-

499 3740 615 3794 στὶν
640 3742 674 3810 ἡ
705 3740 1010 3805 δεσποτεία,
1046 3741 1378 3811 πρόσκαιρος
1404 3737 1497 3790 καὶ
1526 3737 1772 3808 βραχεῖα·
1807 3736 1945 3806 ὅπερ
1969 3735 2078 3807 γὰρ

498 3827 565 3882 ἂν
601 3823 635 3902 ἦ
674 3828 974 3899 σαρκικὸν,
1013 3826 1277 3898 ἐπίκηρόν
1306 3827 1441 3879 ἐστι.
1468 3824 1631 3878 Μετὰ
1673 3825 1884 3892 φόϐου,
1922 3824 2074 3896 φησὶ,

496 3929 599 3969 και
619 3904 866 3983 τρόμου.
920 3915 1085 3985 Ὁρᾷς
1124 3916 1206 3992 ότι
1253 3914 1315 3966 οὐ
1356 3913 1447 3966 τὸν
1482 3911 1646 3965 αὑτὸν
1672 3913 1894 3964 ἀπαιτεῖ
1924 3910 2078 3982 παρὰ

495 4003 751 4071 γυναικὸς
795 4005 888 4056 καὶ
925 4002 1129 4055 δούλων
1164 4000 1359 4069 φόϐον;
1414 4000 1565 4052 Ἐκεῖ
1599 4002 1699 4069 μὲν
1736 3999 1845 4070 γὰρ
1889 4000 2076 4065 ἁπλῶς

495 4086 670 4143 εἶπενσ
722 4091 776 4147 H
812 4089 880 4143 δὲ
927 4088 1103 4159 γυνὴ,
1150 4088 1252 4141 ἵνα
1292 4086 1546 4157 φοϐῆται
1586 4087 1695 4141 τὸν
1730 4086 1953 4156 ἄνδρα·
1982 4090 2069 4142 ἐν-

493 4176 669 4231 ταῦθα
712 4177 770 4231 δὲ
820 4178 936 4248 μετ’
973 4178 1295 4241 ἐπιτάσεως,
1342 4173 1505 4229 Μετὰ
1535 4176 1746 4244 φόϐου,
1781 4177 1937 4247 φησὶ,
1971 4175 2072 4230 καὶ

494 4269 732 4337 τρόμου.
783 4267 886 4320 Ἐν
916 4266 1206 4335 ἁπλότητι
1241 4263 1352 4333 τῆς
1379 4263 1626 4333 καρδίας
1647 4264 1839 4335 ὑμῶν,
1877 4266 1959 4333 ὡς
1992 4265 2075 4332 τῷ

494 4353 747 4423 Χριστῷ.
777 4352 1025 4425 Συνεχῶς
1048 4352 1205 4407 τοῦτό
1236 4368 1388 4422 φησι.
1426 4352 1493 4404 Τί
1527 4353 1728 4420 λέγεις,
1761 4346 1806 4407 ὦ
1838 4354 2073 4426 μακάριε

493 4443 708 4508 Παῦλε;
746 4442 973 4511 ἀδελφός
1004 4444 1141 4505 ἐστι,
1171 4441 1280 4494 τῶν
1319 4440 1500 4494 αὑτῶν
1536 4441 1863 4508 ἀπέλαυσεν,
1900 4445 1981 4507 είς
2012 4443 2074 4496 τὸ

492 4533 626 4585 αὐτὸ
649 4532 810 4603 σῶμα
843 4532 1026 4585 τελεῖ·
1063 4530 1265 4601 μᾶλλον
1295 4529 1351 4582 δέ
1380 4528 1610 4599 ἀδελφὸς
1637 4530 1851 4600 ἐγένετο
1879 4532 1940 4583 οὑ
1978 4531 2072 4585 τοῦ

494 4621 683 4692 κυρίου
712 4621 806 4674 τοῦ
834 4618 1052 4687 ἐαυτοῦ,
1076 4618 1212 4672 ἀλλὰ
1242 4618 1336 4670 καὶ
1360 4616 1455 4670 τοῦ
1493 4617 1624 4671 Υἱοῦ
1650 4618 1743 4671 τοῦ
1770 4617 1943 4679 Θεοῦ,·
1964 4619 2073 4673 τῶν

495 4706 677 4761 αὑτῶν
720 4705 986 4761 ἀπολαύει
1028 4709 1276 4768 πάντων,
1318 4704 1410 4758 καὶ
1452 4704 1662 4774 λέγεις,
1708 4705 2074 4767 ’Υπακούετε

494 4794 620 4860 τοῖς
651 4794 803 4848 κατὰ
830 4794 1029 4863 σάρκα
1060 4794 1287 4864 κυρίοις
1308 4791 1459 4862 μετὰ
1483 4793 1673 4862 φόϐου
1700 4793 1798 4846 καὶ
1818 4797 2072 4864 τρόμου;

493 4883 595 4937 Διά
629 4883 738 4955 γὰρ
770 4882 947 4947 τοῦτο,
979 4883 1133 4953 φησὶ,
1170 4882 1327 4953 φημί.
1376 4883 1439 4937 El
1462 4882 1573 4954 γὰρ
1605 4880 1733 4945 τοὺς
1755 4880 2073 4954 ἐλευθέρους

492 4971 745 5040 ἀλλήλοις
776 4969 1171 5023 ὑποτάσσεσθαι
1211 4969 1416 5023 κελεύω
1445 4970 1533 5024 διὰ
1561 4970 1652 5022 τὸν
1684 4967 1779 5022 τοῦ
1808 4969 1943 5022 Θεοῦ
1979 4971 2073 5037 φό-

493 5058 620 5119 ϐον,
673 5055 927 5128 καθάπερ
970 5057 1227 5126 ἀνωτέρω
1272 5056 1482 5125 ἔλεγεν·
1557 5058 2073 5127 Ὑποτασσόμενοι

491 5147 789 5216 ἀλλήλοις
819 5146 887 5200 ἐν
914 5146 1075 5215 φόϐῳ
1102 5146 1249 5200 Θεοῦ
1274 5163 1286 5174 ·
1318 5148 1366 5199 εἰ
1393 5147 1501 5218 γὰρ
1524 5148 1623 5216 τὴν
1649 5150 1880 5217 γυναῖκα
1902 5164 2065 5219 προσ-

492 5236 679 5289 τάσσω
723 5234 1005 5302 φοϐεῖσθαι
1033 5235 1123 5287 τὸν
1161 5234 1348 5304 ἄνδρα,
1378 5235 1557 5288 καίτοι
1584 5235 1720 5306 αῦτη
1762 5236 1857 5289 καὶ
1887 5237 2069 5306 ὁμότι-

495 5324 596 5393 μός
620 5325 736 5375 ἐστι
759 5338 772 5351 °
804 5322 984 5393 πολλῷ
1017 5323 1216 5394 μᾶλλον
1241 5324 1331 5377 τὸν
1353 5323 1589 5393 οἰκέτην,
1627 5324 1700 5376 Οὑ
1734 5323 1842 5394 γὰρ
1872 5325 2069 5394 δυσγέ-

488 5429 611 5466 νεια
649 5410 711 5464 τὸ
745 5412 980 5483 πρᾶγμά
1027 5413 1211 5477 ἐστιν,
1244 5411 1359 5465 ἀλλ’
1399 5413 1434 5483 ἡ
1478 5412 1667 5482 πρώτη
1706 5412 1979 5482 εὐγένεια,
2009 5414 2071 5467 τὸ

490 5500 689 5554 εἰδέναι
718 5500 1095 5565 ἐλαττοῦσθαι,
1127 5501 1221 5554 καὶ
1244 5498 1392 5571 [166]
1423 5500 1755 5570 μετριάζειν,
1784 5502 1879 5555 καὶ
1902 5503 2069 5555 εἴκειν

488 5588 568 5659 τῷ
600 5588 848 5660 πλησίον.
886 5588 998 5642 Καὶ
1041 5587 1314 5658 ἐλεύθεροι
1352 5586 1653 5658 ἐλευθέροις
1691 5588 1829 5658 μετά
1870 5588 2067 5644 πολλοῦ

491 5676 657 5745 φόϐου
692 5678 785 5731 καὶ
813 5677 1016 5746 τρόμου
1045 5675 1345 5729 ἐδούλευον.
1389 5674 1485 5727 Ἑν
1528 5676 1817 5745 ἁπλότητι
1839 5717 1853 5741 ,
1898 5679 2065 5749 φησι,

492 5765 758 5834 καρδίας.
793 5763 988 5828 Καλῶς
1021 5760 1173 5819 εἶπεν
1196 5781 1209 5796 θ
1262 5762 1449 5835 ἐπειδὴ
1479 5762 1557 5834 ενι
1604 5765 1740 5833 μετὰ
1772 5765 1938 5833 φόϐου
1972 5764 2068 5819 καὶ

2191 1528 2397 1601 τρόμου
2419 1529 2713 1596 δουλεύειν,
2740 1531 2840 1585 οὐκ
2864 1529 2933 1596 ἐξ
2952 1527 3168 1591 εὐνοίας
3196 1527 3275 1594 δὲ,
3304 1528 3528 1593 ἀλλ’-ὼς
3556 1527 3623 1582 ἂν
3652 1526 3771 1599 ἐξῇ,

2190 1618 2531 1674 Λανθάνουσι
2583 1621 2691 1694 γὰρ
2725 1620 2913 1674 πολλοὶ
2952 1618 3123 1673 πολλά
3166 1618 3603 1691 κακουργοῦντες
3645 1619 3777 1690 περὶ

2188 1706 2316 1770 τοὺς
2343 1706 2609 1771 δεσπότας
2636 1708 2762 1771 τοὺς
2786 1706 2987 1763 αὐτῶν.
3022 1708 3132 1760 Καὶ
3156 1706 3358 1778 ταύτην
3398 1706 3530 1775 γοῦν
3559 1708 3777 1776 ἀναιρεῖ

2188 1793 2285 1865 τὴν
2310 1795 2666 1867 κακουργίαν,
2695 1794 2890 1865 λέγων·
2935 1796 3038 1849 Ἐν
3062 1795 3354 1864 ἁπλότητι
3387 1794 3499 1863 τῆς
3528 1793 3776 1862 καρδίας

2187 1879 2387 1951 ὑμῶν,
2418 1883 2499 1949 ὡς
2538 1882 2619 1948 τῷ
2654 1884 2871 1953 Κυρίῳ.
2898 1881 2996 1950 Μὴ
3043 1880 3173 1935 κατ’
3213 1881 3777 1950 όφθαλμοδουλείαν

2185 1968 2268 2035 ὼς
2299 1970 2807 2038 ἀνθρωπάρεσκοι,
2830 1970 3077 2036 ἀλλ’ὡς
3104 1969 3314 2025 δοῦλοι
3347 1969 3455 2023 τοῦ
3491 1970 3770 2038 Χριστοῦ,

2186 2057 2503 2124 ποιοῦντες
2545 2058 2612 2111 τὸ
2661 2057 2891 2128 θέλημα
2934 2057 3041 2112 τοῦ
3081 2058 3231 2113 Θεοῦ
3260 2057 3329 2111 ἐκ
3357 2058 3598 2127 ψυχῆς,
3643 2058 3773 2127 μετ’

2186 2145 2429 2211 εὐνοίας
2466 2145 2882 2211 δουλεύοντες,
2927 2145 3010 2210 ὡς
3036 2142 3115 2210 τῷ
3146 2144 3360 2213 Κυρίῳ,
3391 2145 3493 2202 καὶ
3528 2147 3638 2199 οὐκ
3671 2145 3775 2199 άν-

2187 2231 2462 2301 θρώποις.
2521 2234 2685 2305 Ὁρᾷς
2725 2233 2910 2287 πόσων
2953 2232 3183 2304 ἐδεήθη,
3226 2232 3368 2287 ὥστε
3397 2231 3556 2285 τοῦτο
3598 2233 3775 2304 ἐμφυ-

2183 2319 2450 2374 τεῦσαιτὸ
2471 2320 2653 2384 καλὸν,
2683 2320 2762 2384 τὺ,
2784 2319 3204 2385 Μετέὐνοίας,
3234 2319 3403 2389 λέγω,
3429 2319 3527 2372 καὶ
3556 2320 3625 2373 ἐκ
3654 2322 3773 2387 ψυ-

2183 2408 2341 2479 χῆς;
2376 2409 2584 2463 Ἐκεῖνο
2604 2409 2703 2480 μὲν
2724 2409 2835 2480 γὰρ
2856 2408 3084 2471 πολλοὺς
3104 2407 3324 2479 ὁρῶμεν
3344 2410 3458 2470 τοῖς
3480 2408 3771 2473 δεσπόταις

2186 2497 2547 2568 παρέχοντας,
2575 2498 2637 2550 τὸ
2660 2498 2769 2552 τοῦ
2792 2499 2982 2567 φόϐου
3011 2496 3111 2549 καὶ
3136 2496 3201 2548 τό
3224 2494 3333 2549 τοῦ
3358 2497 3579 2564 τρόμου
3602 2494 3770 2564 λέγω,

2185 2588 2285 2641 καὶ
2304 2587 2439 2656 πρὸς
2467 2588 2643 2641 ἐκεῖνο
2671 2590 2705 2659 ἡ
2730 2587 2826 2640 τοῦ
2846 2585 3121 2639 Δεσπότου
3142 2584 3353 2655 ἀπειλὴ
3372 2583 3545 2639 πολλά
3571 2585 3727 2638 ἀνύει
3753 2602 3767 2615 ⁸

2183 2675 2348 2729 Ἀλλά
2374 2676 2568 2751 δεῖξον,
2584 2677 2783 2747 φησὶν,
2802 2678 2885 2730 ὅτι
2903 2676 2978 2739 ὡς
2994 2672 3233 2745 Χριστοῦ
3263 2672 3448 2737 δοῦλος
3473 2673 3770 2739 δουλεύεις,

2183 2766 2283 2836 οὑχ
2304 2766 2380 2830 ὡς
2415 2767 2705 2838 ἀνθρώπου
2726 2781 2740 2795 ·
2770 2766 3000 2837 ποίησον
3031 2760 3171 2818 εἶναι
3199 2762 3290 2816 σὺν
3321 2763 3383 2817 τὸ
3414 2764 3769 2835 κατόρθωμα,

2188 2853 2263 2924 μὴ
2292 2854 2391 2925 τῆς
2419 2855 2684 2924 ἀνάγκης.
2712 2854 2923 2925 Ὥσπερ
2951 2853 3044 2906 τὸν
3080 2850 3212 2923 παρ’
3243 2851 3434 2922 ἐτέρου
3453 2850 3639 2914 κακῶς
3664 2852 3771 2905 πά-

2185 2959 2381 3012 σχοντα
2409 2942 2587 2996 πείθει
2617 2944 2711 2996 καὶ
2738 2941 2978 2996 διδάσκει
2997 2940 3086 2994 διὰ
3114 2940 3221 2993 τῶν
3246 2938 3393 3010 ἐξῆς,
3421 2938 3586 2993 αὑτοῦ
3615 2939 3773 3008 ποιῆο

2185 3047 2276 3084 σαι
2302 3031 2362 3083 τὺ
2392 3030 2726 3103 κατόρθωμα
2756 3030 2849 3084 καὶ
2877 3031 2977 3101 τῆς
2998 3027 3163 3099 αὑτοῦ
3187 3026 3565 3099 προαιρέσεως
3587 3042 3599 3057 °
3629 3026 3774 3081 οὑτω

2182 3121 2279 3172 καὶ
2300 3120 2510 3173 τοῦτον.
2564 3119 2781 3191 Ἐπειδὴ
2816 3118 2927 3189 γάρ
2964 3118 2993 3169 6
3028 3116 3236 3186 πλήξας
3258 3116 3361 3187 τὴν
3390 3115 3637 3184 σιαγόνα,
3672 3116 3773 3169 οὑκ

2182 3206 2292 3260 ἀπὸ
2318 3207 2420 3275 τῆς
2447 3206 2684 3269 διανοίας
2712 3206 2811 3277 τῆς
2834 3204 2927 3258 τοῦ
2963 3204 3263 3274 πληγέντος
3288 3205 3369 3267 είς
3393 3203 3554 3256 τοῦτο
3578 3199 3769 3274 ἦλθεν,

2181 3292 2296 3347 ἀλλ’
2320 3293 2429 3347 ἀπὸ
2448 3293 2549 3363 τῆς
2569 3292 2780 3356 οἰκείας
2794 3291 3013 3355 κακίας,
3038 3290 3091 3344 τί
3114 3308 3280 3362 φησι;
3306 3291 3580 3360 Στρέψον
3610 3290 3773 3357 αὐτῷ

2180 3382 2280 3435 καὶ
2319 3382 2435 3450 τὴν
2461 3382 2681 3451 ἄλλην,
2710 3382 2798 3434 ἵνα
2819 3380 3000 3453 δείξῃς
3031 3381 3114 3434 ὅτι
3139 3383 3237 3435 καὶ
3259 3380 3464 3451 ταύτην
3491 3382 3591 3434 ούκ
3620 3382 3773 3435 ἄκων

2181 3470 2446 3540 ὑπέστης.
2492 3470 2552 3523 '0
2586 3469 2695 3541 γάρ
2728 3468 3287 3539 ἐπιδαψιλευσάμενος
3320 3468 3398 3538 τῷ
3442 3469 3636 3523 παθεῖν
3666 3488 3772 3524 κα-

2179 3559 2313 3625 κῶς,
2356 3557 2450 3611 καὶ
2499 3558 2636 3628 ὅπερ
2673 3557 2774 3610 οὐκ
2814 3552 2884 3627 ἦν
2925 3556 3111 3620 αὑτοῦ,
3153 3556 3412 3628 ἐποίησεν
3456 3556 3653 3611 ἐαυτοῦ
3690 3558 3772 3629 τῷ

2181 3645 2519 3717 ραπισθῆναι
2568 3645 2665 3712 καὶ
2701 3643 2802 3715 τὴν
2840 3643 3010 3714 ἄλλην
3050 3643 3311 3711 σιαγόνα,
3367 3645 3441 3716 μὴ
3482 3644 3561 3716 τῷ
3607 3646 3771 3716 μόνον

2179 3736 2445 3803 ἐνεγκεῖν.
2473 3733 2645 3786 Τοῦτο
2666 3733 2764 3804 μὲν
2797 3731 2907 3804 γὰρ
2932 3732 3062 3795 ἴσως
3110 3730 3250 3796 δόξει
3276 3733 3369 3786 καὶ
3389 3732 3555 3802 φόϐου
3587 3730 3728 3787 εἶναι
3753 3751 3768 3767 ο

2179 3825 2356 3877 ἐκεῖνο
2393 3823 2450 3876 δὲ
2488 3820 2809 3892 φιλοσοφίας
2854 3820 3077 3892 πολλῆς.
3136 3821 3349 3874 Οὐκοῦν
3392 3819 3640 3888 ἔδειξας,
3683 3823 3767 3876 ὅτι

2178 3912 2275 3965 καὶ
2318 3909 2478 3963 τοῦτο
2522 3910 2611 3964 διὰ
2662 3908 2980 3978 φιλοσοφίαν
3014 3908 3275 3979 ἦνεγκας.
3310 3909 3477 3962 Ὥστε
3526 3912 3621 3963 καὶ
3674 3912 3770 3965 νῦν

2178 3997 2352 4063 δεῖξον
2378 3996 2635 4059 ἐνταῦθα,
2655 3996 2738 4049 ὅτι
2758 3997 2853 4049 καὶ
2870 3995 3073 4066 ταύτην
3096 3997 3277 4049 ἑκοντὶ
3307 3997 3496 4069 φέρεις
3525 3999 3623 4069 τὴν
3647 3998 3769 4051 δου-

2178 4086 2351 4152 λείαν,
2380 4085 2477 4139 καὶ
2505 4085 2603 4156 οὑχ
2635 4084 2712 4147 ὡς
2742 4084 3223 4156 ἀνθρανπάρεσκος.
3269 4084 3327 4138 '0
3358 4086 3467 4156 ἄρα
3498 4086 3764 4152 τοιοῦτος,

2175 4176 2238 4230 ού
2260 4174 2444 4236 δοῦλος
2463 4173 2557 4228 τοῦ
2591 4172 2829 4247 Χριστοῦ
2854 4190 2867 4203 ·
2896 4176 2924 4227 6
2952 4173 3009 4226 δὲ
3034 4173 3221 4237 δοῦλος
3251 4173 3344 4226 τοῦ
3376 4174 3637 4245 Χριστοῦ,
3664 4175 3767 4229 οὐκ

2174 4263 2658 4335 ἀνθρωπάρεσκος.
2688 4261 2785 4324 Τίς
2810 4260 2919 4332 γάρ
2949 4261 3083 4314 Θεοῦ
3113 4260 3299 4324 δοῦλος
3321 4258 3417 4323 ὣν,
3449 4260 3763 4332 ἀνθρώποις

2174 4351 2432 4422 ἀρέσκειν
2468 4349 2716 4420 βούλεται
2741 4364 2754 4413 ;
2791 4348 2875 4411 τίς
2901 4347 2957 4401 δὲ
2983 4348 3291 4418 ἀνθρώποις
3316 4349 3588 4419 ἀρέσκων,
3623 4350 3762 4403 Θεοῦ

2173 4440 2397 4491 δύναται
2416 4432 2556 4491 εἶναι
2573 4435 2759 4499 δοῦλος
2778 4453 2795 4502 ;
2826 4435 2928 4489 Ἐκ
2950 4434 3181 4505 ψυχῆς,
3204 4436 3358 4507 φησὶ,
3368 4437 3503 4505 μετ’
3519 4438 3765 4505 εὐνοίας

2172 4526 2593 4591 δουλεύοντες.
2622 4523 2821 4587 Καλῶς
2856 4520 3222 4596 οῦτωςθεῖπεν
3246 4539 3259 4553 ·
3297 4522 3483 4594 ἐπειδὴ
3530 4523 3641 4595 γὰρ
3681 4523 3763 4578 ἔνι

2174 4615 2266 4669 καὶ
2297 4617 2356 4669 ἐν
2386 4614 2647 4684 ἁπλότητι
2676 4611 2969 4676 δουλεύειν,
3009 4612 3104 4665 καὶ
3132 4612 3231 4687 μὴ,
3262 4611 3589 4682 κακούργως
3609 4652 3624 4677 ,
3684 4614 3761 4683 μὴ

2176 4701 2283 4773 μὴν
2322 4702 2474 4773 πάσῃ
2508 4701 2756 4771 δυνάμει,
2789 4700 2924 4754 ἀλλὰ
2950 4700 3010 4753 τὺ
3035 4699 3385 4770 ὀφειλόμενον
3424 4700 3584 4771 μόνον
3618 4703 3761 4774 πλη-

2176 4790 2322 4862 ροῦν,
2346 4788 2434 4843 διά
2450 4788 2608 4842 τοῦτό
2639 4805 2825 4859 φησιν,
2851 4787 2961 4842 ἀπὸ
2984 4787 3318 4863 προθυμίας,
3347 4787 3555 4859 μὴνάπὸ
3584 4789 3759 4858 ἀνάγ-

2172 4897 2296 4948 κης,
2325 4878 2445 4933 ἀπὸ
2472 4877 2864 4951 προαιρέσεως,
2898 4879 2973 4951 μὴ
3002 4879 3112 4931 ἀπὸ
3140 4878 3281 4947 βίας.
3321 4880 3417 4933 Ἂν
3455 4879 3598 4933 οὕτω
3632 4881 3757 4933 δου-

2170 4966 2391 5038 λεύσῃς,
2420 4968 2522 5020 οὐκ
2562 4963 2623 5020 εἴ
2642 4967 2850 5032 δοῦλος,
2886 4966 2953 5030 ἂν
2994 4968 3060 5027 ἐκ
3100 4969 3497 5037 προαιρέσεως,
3534 4966 3602 5019 ἂν
3635 4970 3756 5038 μετ’

2149 5055 2404 5120 ἐὑ-δοίας,
2445 5055 2511 5108 ἂν
2545 5054 2653 5107 ἀπὸ
2679 5053 2876 5125 ψυχῆς,
2907 5055 2974 5108 ἂν
3012 5054 3103 5109 διὰ
3130 5055 3223 5109 τὸν
3246 5056 3503 5127 Χριστόν.
3537 5054 3757 5126 Ταύτην

2170 5141 2278 5214 γὰρ
2316 5142 2412 5211 τὴν
2436 5141 2678 5194 δουλείαν
2715 5144 2825 5195 καὶ·
2848 5142 3057 5207 Παῦλος
3090 5141 3335 5196 δουλεύει
3389 5145 3418 5195 6
3447 5142 3749 5213 ἐλεύθερος,

2171 5233 2265 5287 καὶ⁵
2288 5231 2387 5303 βοᾷ
2411 5230 2584 5299 λέγων
2603 5247 2616 5261 ·
2648 5232 2731 5285 Οὐ
2760 5232 2869 5301 γὰρ
2890 5230 3142 5299 ἑαυτοὺς
3163 5233 3574 5301 κηρύσσομεν,
3593 5231 3756 5287 ἀλλὰ

2169 5320 2426 5391 Χριστὸν
2487 5319 2723 5387 Ἰησοῦν
2767 5321 3022 5389 Κύριον,
3072 5319 3330 5386 ἑαυτοὺς
3366 5319 3435 5373 δὲ
3488 5319 3751 5387 δούλους

2165 5409 2337 5477 ὑμῶν
2366 5407 2464 5460 διὰ
2505 5408 2760 5476 Ἰησοῦν.

2240 5496 2270 5567 β
2291 5497 2452 5566 ,Ὅρα
2474 5494 2590 5558 πῶς
2614 5495 2928 5566 ἀφαιρεῖταί
2947 5512 3039 5549 σου
3058 5494 3157 5566 τὴν
3173 5493 3488 5563 δυσγένειαν
3515 5493 3611 5563 τῆς
3633 5492 3755 5547 δου-

2164 5586 2333 5649 λείας.
2377 5585 2589 5655 Ὥσπερ
2614 5589 2723 5657 γὰρ
2753 5587 2782 5639 6
2818 5587 3080 5657 χρήματα
3130 5583 3508 5655 ἀφῃρημένος,
3556 5582 3624 5638 ἂν
3654 5584 3751 5637 καὶ

2165 5674 2328 5745 ἕτερα
2361 5672 2576 5746 προσδῷ
2613 5672 2689 5743 τῷ
2718 5672 2956 5734 λαϐόντι,
2986 5672 3087 5724 οὐκ
3116 5673 3173 5723 ἐν
3206 5674 3316 5735 τοῖς
3344 5672 3746 5745 ἀφῃρημένοις,

2165 5762 2279 5816 ἀλλ’
2320 5763 2378 5815 ἐν
2422 5762 2533 5823 τοῖς
2562 5760 2866 5829 φιλοτίμοις
2898 5762 3094 5823 κεῖται,
3134 5759 3235 5811 οὐκ
3268 5761 3324 5813 ἐν
3368 5762 3480 5824 τοῖς
3515 5760 3747 5816 παθοῦσι
