4100 6412
428 322 526 377 157

428 436 579 510 11671
610 436 814 499 κακῶς,
839 435 955 488 ἀλλ’
982 438 1038 487 ἐν
1062 439 1174 496 τοῖς
1205 436 1415 487 ποιοῦσι
1447 434 1645 498 καλῶς,
1679 432 1772 486 καὶ
1800 430 1997 501 μᾶλλον

427 524 619 576 ὀνείδει
652 522 939 594 περιέϐαλε
982 522 1061 592 τῷ
1092 522 1440 591 χαρίσασθαι,
1482 522 1513 590 ἢ
1551 518 1878 589 περιεϐλήθη
1921 517 2000 584 τῷ

426 610 793 681 ἀφαιρεθῆναι
813 628 825 641 ο
859 608 1001 662 οὕτω
1029 611 1092 680 δὴ
1120 610 1349 662 ἐνταῦθα
1372 652 1385 671 ,
1416 612 1477 679 τῇ
1511 606 1759 676 δαψιλείᾳ
1784 607 1878 658 καὶ
1910 621 2001 673 με·

427 698 860 767 γαλοψυχότερος
890 700 1157 765 φανεῖται.
1200 698 1293 750 καὶ
1324 698 1538 759 δεικνὺς
1568 698 1648 749 ὅτι
1677 696 1777 747 οὐκ
1805 693 2002 763 ᾔσθετο

426 787 526 855 τῆς
553 784 829 854 ἁρπαγῆς,
862 785 1112 855 ἐντρέψει
1144 786 1366 837 ἐκεῖνον.
1398 784 1609 836 Οὐκοῦν
1633 784 1722 835 διὰ
1746 783 1837 834 τὸν
1870 783 2000 847 Χρι-

430 874 553 925 στὸν
577 872 917 941 δουλεύωμεν
941 876 1053 935 τοῖς
1076 872 1383 933 δεσπόταις,
1405 871 1665 935 Εἰδότες,
1696 869 1883 938 φησιν,
1915 868 2003 920 ὅτι

428 962 460 1013 ὃ
481 962 557 1013 ἄν
584 979 636 1013 τι
668 961 977 1029 ἅνθρωπος
994 960 1221 1027 ποιήσῃ
1248 960 1495 1027 ἀγαθὸν,
1518 958 1695 1011 τοῦτο
1722 956 2003 1027 κομιεῖται

428 1049 589 1116 παρὰ
620 1048 726 1102 τοῦ
774 1050 1014 1116 Κυρίου.
1069 1049 1189 1101 εἴτε
1224 1047 1464 1112 δοῦλος,
1520 1046 1639 1099 εἴτε
1672 1047 2001 1111 ἐλεύθερος.

440 1136 659 1204 Ἐπειδὴ
694 1136 802 1206 γάρ
835 1136 982 1198 εἰκὸς
1033 1132 1101 1205 ἦν
1143 1135 1372 1196 πολλοὺς
1406 1134 1514 1187 τῶν
1551 1132 1824 1186 δεσποτῶν
1871 1132 2003 1183 ἀπί-

431 1242 591 1287 στους
626 1224 783 1288 ὄντας
822 1226 896 1296 μὴ
930 1224 1306 1295 αἰσχύνεσθαι,
1341 1224 1473 1295 μηδέ
1512 1223 1833 1294 ἀμείϐεσθαι
1878 1222 2004 1284 τοὺς

428 1314 647 1377 οἰκέτας
687 1317 785 1384 τῆς
826 1315 1100 1385 ὑπακοῆς,
1132 1316 1235 1385 ὅρα
1277 1315 1393 1378 πῶς
1432 1315 1633 1377 αὑτοὺς
1679 1311 2003 1384 παρεμυθή-

432 1418 594 1465 σατο,
636 1402 776 1456 ὥστε
828 1403 903 1475 μὴ
944 1404 1270 1457 ὑποπτεύειν
1299 1405 1395 1475 τὴν
1432 1402 1824 1464 ἀνταπόδοσιν,
1869 1399 2006 1455 ἀλλά

430 1490 640 1561 σφόδρα
674 1490 895 1562 θαρρεῖν
924 1492 1051 1561 περὶ
1088 1491 1188 1561 τῆς
1224 1493 1477 1563 ἀμοιϐῆς.
1514 1491 1783 1561 Καθάπερ
1819 1488 1929 1559 γὰρ
1954 1489 2003 1541 οί

430 1579 614 1643 καλῶς
642 1581 963 1650 πάσχοντες,
992 1581 1122 1634 ὅταν
1154 1582 1229 1652 μὴ
1260 1582 1593 1651 ἀμείϐωνται
1620 1582 1747 1643 τοὺς
1786 1578 2005 1649 εὐεργέ-

430 1685 551 1732 τας,
575 1668 666 1721 τὸν
691 1668 823 1721 Θεον
842 1669 1023 1731 αὐτοῖς
1045 1668 1329 1738 ὀφειλέτην
1355 1668 1600 1722 ποιοῦσιν
1620 1667 1803 1722 ’.οὑτω
1819 1667 1884 1738 δὴ
1910 1671 2006 1725 καὶ

430 1758 480 1809 οί
498 1756 773 1818 δεσπόται,
804 1757 870 1811 ἂν
887 1757 1151 1821 παθόντες
1173 1754 1231 1812 εὖ
1266 1760 1415 1828 παρά
1439 1759 1533 1811 σοῦ
1568 1760 1641 1829 μὴ
1666 1759 2006 1828 ἀμείψωνταί

434 1861 517 1910 σε,
556 1844 754 1912 μᾶλλον
788 1845 1114 1915 ἠμείψαντο,
1141 1846 1232 1900 τὸν
1260 1848 1395 1901 Θεὸν
1422 1847 1705 1916 ὀφειλέτην
1730 1865 1814 1901 σοι
1841 1866 2008 1901 κατα-

431 1933 753 2001 στήσαντες.
783 1934 893 1987 Καὶ
936 1936 990 1986 οἱ
1032 1935 1243 2000 κύριοι,
1290 1934 1445 2004 φησι,
1496 1933 1570 1987 τὰ
1607 1934 1761 1988 αὐτὰ
1788 1935 2009 1989 ποιεῖτε

434 2019 585 2086 πρὸς
615 2021 855 2085 αὐτούς.
888 2051 956 2061 --
990 2022 1066 2075 Τὰ
1087 2021 1240 2075 αὑτά
1262 2038 1276 2051 ·
1307 2024 1437 2075 ποῖα
1457 2039 1471 2086 ς
1493 2022 1626 2076 Μετ’
1656 2022 1867 2085 εὐνοίας
1886 2023 2008 2075 δου-

433 2106 641 2161 λεύετε.
704 2107 841 2160 Ἀλλ’
888 2108 988 2160 οὐκ
1020 2105 1162 2172 εἷπε,
1202 2108 1510 2174 δουλεύετε,
1539 2108 1717 2163 καίτοι
1744 2126 1808 2177 γε
1840 2108 2009 2162 εἰπὼν

432 2195 502 2247 τὰ
530 2194 690 2259 αὐτὰ,
720 2194 881 2248 τοῦτο
912 2196 1150 2267 ἐδήλωσε
1172 2213 1185 2226 ο
1217 2196 1455 2250 δουλεύει
1485 2196 1595 2267 γὰρ
1629 2198 1724 2252 καὶ
1756 2199 1784 2249 6
1812 2199 2009 2251 δεσπό-

434 2299 554 2351 της.
590 2282 683 2354 Μὴ
718 2282 795 2345 ὡς
824 2282 1301 2352 ἀνθρωπάρεσκοι,
1341 2285 1498 2353 φησ-ὶ,
1539 2286 1677 2356 μετὰ.
1717 2286 1883 2356 φόϐου
1913 2289 2009 2340 καὶ

432 2370 661 2441 τρόμου,
692 2371 959 2433 τουτέστι,
990 2369 1085 2423 τοῦ
1115 2370 1252 2441 πρὸς
1274 2371 1364 2423 τὸν
1399 2373 1552 2435 Θεὸν,
1577 2373 1872 2438 δεδοικότες
1906 2377 2010 2447 μή-

435 2474 567 2510 ποτε
599 2458 725 2528 ὑμῖν
755 2458 1023 2529 ἐγκαλέσῃ
1057 2457 1197 2529 ὑπὲρ
1237 2459 1335 2528 τῆς
1360 2460 1441 2523 εἰς
1469 2462 1597 2525 τοὺς
1623 2461 1842 2527 δούλους
1870 2463 2010 2533 ἀμε-

378 2560 383 2565 ‘
434 2544 602 2609 λείας.
648 2544 943 2613 Ἀνιέντες
971 2545 1087 2614 τὴν
1115 2547 1394 2613 ἀπειλήν.
1426 2550 1517 2619 Μὴ
1550 2550 1818 2621 φορτικοὶ,
1854 2553 2008 2622 φησὶ,

438 2631 576 2703 μηδὲ
607 2633 861 2705 ἐπαχθεῖς
896 2634 1132 2703 γίνεσθε.
1167 2635 1410 2701 Ε’ίδότες
1449 2637 1539 2691 ὅτι
1566 2637 1668 2693 καὶ
1702 2637 1871 2708 ὑμῶν
1906 2643 2013 2694 αὺ-

435 2718 558 2773 τῶν
601 2722 635 2774 ὀ
668 2722 883 2788 Κύριός
922 2722 1095 2776 ἐστιν
1134 2723 1204 2777 ἐν
1242 2724 1543 2793 οὐρανοῖς.
1575 2726 1783 2780 Βαϐαίῐ
1825 2727 2012 2798 ἡλίκον

435 2804 687 2875 ᾑνίξατοί
717 2805 835 2870 πῶς
864 2809 1134 2878 ἐφόϐησεί
1168 2810 1460 2876 Τουτέστι,
1490 2813 1569 2883 τῷ
1601 2814 1806 2885 μέτρῳ,
1838 2809 1882 2884 ᾧ
1918 2834 2015 2885 με-

436 2896 624 2964 τρείς,
672 2895 1198 2968 ἀντιμετρηθήσεταί
1229 2917 1331 2955 σοι.
1374 2903 1464 2971 Μὴ
1509 2902 1785 2975 ἀκούσῃς’
1824 2903 2014 2959 Δοῦλε

438 2982 687 3051 πονηρὲ,
720 2983 927 3039 πᾶσαν
952 2985 1067 3056 τὴν
1094 2989 1351 3057 ὀφειλὴν
1375 2992 1618 3059 ἐκείνην
1653 2974 1863 3063 ἀφῆκά
1890 3010 2010 3050 σοι.
2048 2974 2052 2978 θ

438 3072 552 3125 Καὶ
578 3075 1081 3142 προσωποληψία,
1128 3077 1312 3147 φησὶν,
1345 3080 1456 3132 οὐκ
1496 3079 1627 3133 ἐστι
1659 3083 1794 3150 παρ’
1831 3082 2010 3147 αὐτῷ.

438 3159 532 3229 Μὴ
579 3159 835 3232 νομίσῃς,
869 3162 1062 3232 φησὶν,
1098 3163 1179 3216 ὅτι
1217 3164 1285 3218 τὰ
1318 3167 1397 3229 εἰς
1434 3165 1523 3219 τὸν
1560 3167 1745 3221 δοῦλον
1771 3209 1785 3233 ,
1832 3168 1907 3233 ώς
1935 3172 2015 3233 εἰς

439 3245 627 3299 δοῦλον
653 3248 934 3318 γινόμενα,
973 3248 1144 3313 οὕτως
1170 3251 1393 3323 ἀφήσει.
1426 3254 1488 3306 Οἱ
1536 3255 1633 3324 μὲν
1673 3255 1782 3327 γὰρ
1816 3256 2015 3321 ἔξωθεν

439 3333 594 3402 νόμοι
622 3334 884 3406 διαφορὰν
917 3337 1063 3390 ἴσασι
1092 3338 1298 3393 τούτων
1324 3341 1433 3394 τῶν
1458 3343 1653 3410 γενῶν,
1685 3343 1779 3397 ἆτε
1810 3344 2017 3415 ἀνθρώ-

439 3436 561 3473 πων
586 3421 738 3485 ὄντες
763 3424 948 3494 νόμοι*
986 3425 1015 3476 6
1047 3425 1103 3479 δὲ
1132 3426 1296 3497 νόμος
1334 3431 1363 3482 6
1401 3430 1496 3482 τοῦ
1538 3431 1719 3485 κοινοῦ
1744 3434 2013 3485 Δεσπότου

440 3508 697 3578 οὐδεμίαν
720 3505 827 3563 οἶδε
856 3511 1119 3582 διαφορὰν
1139 3556 1154 3580 ,
1184 3514 1280 3568 ἆτε
1311 3518 1463 3587 κοινῇ
1490 3518 1699 3581 πάντας
1725 3515 1785 3573 εὖ
1819 3521 2012 3586 ποιῶν,

442 3596 537 3649 καὶ
566 3599 699 3650 πᾶσι
730 3598 838 3651 τῶν
866 3599 1045 3654 αὐτῶν
1079 3603 1417 3671 μεταδιδούς.

513 3684 576 3736 Εἰ
598 3684 655 3737 δέ
681 3703 765 3747 τις
797 3685 972 3756 ἔροιτο
999 3688 1162 3743 πόθεν
1194 3692 1226 3761 ἡ
1252 3691 1485 3755 δουλεία,
1516 3694 1611 3746 καὶ
1630 3695 1718 3749 διὰ
1742 3697 1794 3749 τί
1823 3699 1905 3759 εἰς
1928 3698 2017 3749 τὸν

444 3770 559 3839 βίον
598 3772 816 3844 εἰσῆλθε
838 3776 930 3831 τὸν
964 3776 1304 3848 ἀνθρώπινον
1345 3780 1461 3851 (καὶ
1496 3784 1605 3854 γάρ
1643 3780 1761 3839 οἶδα
1787 3785 2017 3851 πολλοὺς

442 3859 539 3910 καὶ
573 3858 891 3929 ἐρωτῶντας
914 3862 983 3915 τὰ
1016 3864 1242 3919 τοιαῦτα
1272 3868 1444 3937 ήδέως
1466 3870 1561 3923 καὶ
1594 3870 1787 3941 μαθεῖν
1829 3873 2015 3943 βουλο-

447 3945 706 4017 μένους),
734 3947 846 4017 ἐγὼ
878 3951 1013 4020 πρὸς
1040 3952 1182 4022 ὑμᾶς
1206 3955 1338 4023 ἐρῶ·
1376 3957 1441 4009 Ἦ
1472 3958 1751 4024 πλεονεξία
1773 3960 1869 4032 τήν
1897 3962 2017 4015 δου-

442 4032 592 4086 λείαν
617 4034 822 4100 έτεκεν,
851 4039 883 4109 ἡ
910 4038 1194 4108 βαναυσία,
1220 4043 1252 4111 ἡ
1275 4042 1547 4115 ἀπληστία
1569 4063 1581 4075 ·
1607 4048 1728 4101 ἐπεὶ
1748 4048 1870 4101 Νῶε
1897 4049 2016 4103 δοῦ-

443 4120 535 4174 λον
556 4121 655 4176 οὐκ
674 4118 842 4195 εἶχεν,
867 4126 985 4179 οὐδὲ
1018 4128 1203 4190 Ἀϐελ,
1234 4130 1354 4182 οὐδὲ
1373 4132 1503 4202 Σὴθ,
1526 4133 1639 4185 ἀλλ’
1659 4135 1779 4187 οὐδὲ
1802 4137 1851 4188 οί
1878 4138 2016 4206 μετά

440 4206 633 4263 ταῦτα.
680 4210 948 4282 Ἀμαρτία
963 4213 1119 4267 τοῦτο
1146 4217 1207 4269 τὸ
1236 4220 1467 4288 πρᾶγμα
1496 4220 1704 4285 ἔτεκεν,
1733 4224 1767 4293 ἡ
1791 4226 1871 4286 εἰς
1892 4226 2018 4289 τοὺς

443 4296 689 4370 πατέρας
716 4298 892 4371 ὕϐρις.
934 4302 1307 4360 Ἀκουέτωσαν
1331 4307 1379 4357 οξ
1406 4306 1613 4370 παῖδες,
1644 4310 1725 4362 ὅτι
1748 4310 1888 4374 ἄξιοί
1912 4316 2018 4365 εἰσι

442 4385 618 4439 δοῦλοι
648 4379 808 4450 εἶναι,
834 4387 961 4441 ὅταν
984 4390 1063 4453 είς
1091 4391 1217 4454 τοὺς
1250 4393 1490 4463 πατέρας
1511 4396 1827 4467 ἀγνώμονες
1861 4393 2015 4457 ὦσιν.

456 4474 762 4563 ξΑφεμίλετοῗ
787 4476 980 4530 ἐαυτοῦ
1023 4479 1053 4530 6
1094 4479 1333 4545 τοιοῦτος
1359 4482 1458 4552 τὴν
1495 4483 1773 4551 εὐγένειαν
1795 4505 1809 4519 ο
1852 4491 1881 4541 6
1912 4490 2019 4563 γὰρ

444 4559 684 4631 ὑϐρίζων
720 4562 810 4615 τὸν
839 4564 1073 4634 πατέρα,
1100 4566 1200 4619 οὐκ
1233 4567 1379 4621 ἔστιν
1412 4568 1492 4621 ἔτι
1524 4572 1660 4635 υἱός.
1692 4574 1753 4627 Εἰ
1781 4574 1839 4629 δέ
1868 4559 2022 4631 ὀπα-

444 4651 582 4720 τέρα
616 4651 875 4723 ὑϐρίζων,
906 4655 1005 4709 οὐκ
1032 4656 1178 4710 ἐστιν
1205 4657 1339 4722 υἱὸς,
1363 4660 1392 4711 6
1420 4659 1509 4712 τὸν
1533 4661 1699 4726 ὅντως
1722 4665 1879 4735 ήμῶν
1911 4668 2021 4721 Πα-

444 4736 582 4806 τέρα
612 4738 867 4809 ὑϐρίζων,
900 4741 1018 4804 πῶς
1047 4742 1197 4796 ἔσται
1218 4744 1356 4807 υίόςς
1386 4746 1636 4815 Ἐξῆλθεν
1657 4751 1765 4805 ἀπὸ
1793 4754 1892 4823 τῆς
1926 4756 2020 4806 εὑ-

446 4827 685 4895 γενείας,
725 4827 1008 4899 ἐξύϐρισεν
1035 4832 1116 4894 εἰς
1142 4832 1240 4904 τὴν
1271 4833 1452 4902 φύσιν.
1495 4832 1628 4891 Εἶτα
1660 4841 1754 4893 καὶ
1790 4841 2017 4914 πόλεμοι

446 4919 542 5002 καὶ
590 4919 760 4988 μάχαι
795 4918 1175 4989 αἰχμαλώτους
1225 4922 1437 4979 ἔλαϐον.
1502 4926 1640 4980 Ἀλλ’
1680 4930 1710 4981 6
1766 4929 2019 5002 Ἀϐραὰμ

445 4997 590 5074 εἶχεν
638 5005 875 5069 οἰκέτας,
905 5006 1087 5076 φησίν.
1144 5007 1293 5081 [168]
1355 5012 1496 5066 Ἀλλ’
1529 5016 1628 5084 οὐχ
1668 5017 1745 5079 ὡς
1777 4997 2017 5084 οίκέταίς

446 5093 733 5163 ἐκέχρητο.
770 5094 912 5165 Ὅρα
941 5093 1058 5158 πῶς
1079 5096 1255 5150 πάντα
1280 5099 1359 5161 εἰς
1386 5102 1482 5171 τὴν
1511 5104 1751 5174 κεφαλὴν
1777 5107 1983 5179 ἀναρτᾷ
2003 5127 2015 5139 ο

445 5183 546 5250 τὴν
571 5184 824 5249 γυναῖκα,
847 5183 983 5245 Ἵνα,
1013 5186 1199 5254 φησιν,
1225 5186 1415 5258 ἀγαπᾷ
1437 5189 1643 5261 ταύτην
1664 5210 1675 5222 ·
1710 5193 1778 5246 τὰ
1808 5196 2019 5258 παιδία,

450 5270 566 5323 Ἱνα
600 5268 843 5343 ἐκτρέφῃ
876 5272 933 5322 ἐν
956 5273 1176 5344 παιδείᾳ.
1220 5276 1312 5328 καὶ
1341 5278 1589 5350 νουθεσίᾳ.
1618 5283 1823 5353 Κυρίου
1851 5301 1867 5313 ·
1896 5288 2023 5341 τοὺς

446 5358 695 5422 δούλους,
732 5359 975 5426 Είδότες
1008 5360 1097 5413 ὅτι
1141 5362 1241 5415 καὶ
1270 5363 1440 5431 ὑμῶν
1476 5367 1675 5421 αὐτῶν
1730 5374 1763 5424 ό
1811 5372 2023 5439 Κύριός

447 5448 619 5499 ἐστιν
651 5448 720 5501 ἐν
740 5449 1038 5517 οὐρανοῖς.
1071 5449 1250 5522 Οὑτω⁹
1272 5453 1427 5521 φησί,
1464 5457 1556 5508 καὶ
1592 5458 1768 5521 αὐτοὶ,
1798 5460 1872 5523 ὡς
1902 5460 2021 5513 δοῦ-

448 5530 531 5582 λοι
563 5530 737 5598 ὄντες,
772 5533 1143 5605 φιλάνθρωποι
1174 5536 1389 5603 γίνεσθε
1434 5539 1528 5591 καὶ
1564 5546 2019 5613 συγγνωμονικοί.

448 5617 514 5673 Εἰ
552 5618 609 5671 δέ
636 5618 890 5688 βούλεσθε
925 5622 1177 5686 ἀκοῦσαι,
1212 5623 1281 5676 τὰ
1317 5625 1457 5677 αὑτὰ
1490 5627 1721 5696 ἐροῦμεν
1756 5631 1884 5700 περὶ
1916 5632 2024 5684 τῶν

451 5705 695 5771 οἰκετῶν,
720 5705 755 5761 ἀ
784 5709 877 5761 καὶ
905 5709 1168 5778 πρότερον
1198 5712 1324 5783 περὶ
1347 5711 1452 5764 τῶν
1477 5714 1682 5768 παίδων
1703 5735 1714 5746 ·
1742 5717 2018 5772 διδάσκετε

1133 322 1187 373 S.
1228 319 1513 374 JO\NN|S
1544 310 2036 371 CHRYSHSTOMI
2083 310 2398 368 ARCHIEP.
2437 315 2988 372 CONSTANTINOP.

3568 311 3672 368 138

2102 428 2300 491 αὐτοὺς
2332 427 2467 483 εἶναι
2505 431 2772 497 εὐλαϐεῖς,
2823 435 2920 488 καὶ
2957 433 3177 494 πάντως
3236 430 3413 482 πάντα
3455 428 3667 487 ἕπεται.

2101 515 2213 568 Νῦν
2228 516 2282 569 δὲ
2306 519 2384 577 εἰς
2411 518 2509 587 μὲν
2526 519 2749 592 θέατρον
2765 522 2951 582 ἀνιὼν,
2971 520 3067 574 καί⁸
3087 522 3168 582 εἰς
3196 520 3474 588 βαλανεῖον
3495 516 3674 570 ἀπιών

2100 620 2204 667 τις,
2246 607 2453 668 πάντας
2492 608 2812 679 ἐπισύρεται
2844 612 2971 673 τοὺς
3011 608 3238 670 παῖδαςο
3268 609 3349 669 είς
3374 606 3429 658 δὲ
3474 605 3674 674 ἐκκλη-

2105 693 2225 745 σίαν
2246 733 2260 751 .
2292 692 2508 760 οὐκέτι,
2535 696 2657 748 οὐδὲ
2688 697 2987 765 ἀναγκάζει
3024 700 3279 767 παρεῖναι
3307 695 3401 748 καὶ
3430 696 3667 748 ἀκούειν.

2105 779 2228 844 Πῶς
2255 782 2312 835 δὲ
2343 783 2371 834 6
2408 782 2625 854 οἰκέτης
2657 786 2971 847 ἀκούσεται,
3022 784 3115 837 σοῦ
3144 783 3237 837 τοῦ
3263 783 3521 836 δεσπότου
3556 783 3673 835 ἑτέ-

2107 886 2221 939 ροις
2270 871 2654 941 προσέχοντοςζ
2718 874 3059 944 Ἠγόρασας,
3099 872 3275 940 ἐπρίω
3322 871 3415 923 τὸν
3454 871 3669 935 ὃοῦλον;

2106 957 2355 1010 ἐπίταττε
2394 960 2659 1031 πρότερον
2695 961 2841 1030 αὑτῷ
2880 961 2949 1013 τὰ
2994 962 3134 1014 κατά
3164 959 3327 1023 Θεὸν,
3363 959 3504 1012 ὥστε
3537 958 3673 1026 πρὸς

2104 1044 2231 1105 τούς
2260 1046 2573 1109 συνδούλους
2594 1040 2733 1100 εἶναι
2763 1049 2944 1117 ἤπιον,
2980 1050 3178 1118 ἀρετῆς
3205 1047 3372 1101 πολὺν
3402 1046 3673 1099 ποιεῖσθαι

2105 1132 2281 1200 λόγον.
2328 1134 2486 1197 Πόλις
2526 1137 2672 1188 ἐστὶν
2720 1139 2754 1206 ἡ
2814 1139 3044 1191 ἑκάστου
3093 1139 3271 1198 οἰκία,
3313 1137 3495 1208 ἄρχων
3528 1136 3676 1188 ἐστὶν

2106 1219 2334 1276 ἕκαστος
2358 1221 2454 1290 τῆς
2483 1222 2676 1275 ἐαυτοῦ
2723 1224 2920 1287 οἰκίας.
2974 1226 3085 1277 Καὶ
3120 1227 3201 1277 ὅτι
3240 1225 3336 1294 μὲν
3379 1223 3601 1292 τοιαύτη
3640 1225 3673 1291 ἡ

2105 1306 2214 1360 τῶν
2257 1307 2648 1374 πλουτούντων,
2677 1308 2918 1380 εὔδηλον,
2950 1311 3077 1363 ἔνθα
3116 1313 3209 1364 καὶ
3239 1313 3398 1380 ἀγροὶ
3429 1311 3520 1362 καὶ
3558 1308 3676 1361 ἐπί-

2105 1411 2295 1465 τροποι
2333 1396 2427 1449 καὶ
2457 1396 2717 1468 ἄρχοντες
2760 1401 2852 1452 ἐπὶ
2884 1399 3141 1470 ἄρχουσιν
3162 1417 3175 1431 ·
3218 1399 3329 1467 ἐγὼ
3367 1399 3422 1450 δὲ
3457 1399 3549 1450 καὶ
3578 1398 3677 1465 τὴν

2106 1480 2213 1535 τῶν
2253 1485 2499 1555 πενήτων
2532 1486 2709 1539 οἰκίαν
2744 1487 2888 1557 φημὶ
2924 1488 3076 1539 πόλιν
3106 1484 3266 1541 εἶναι.
3302 1487 3411 1539 Καὶ
3443 1486 3552 1555 γὰρ
3584 1484 3678 1537 καὶ

2106 1569 2340 1624 ἐνταῦθά
2390 1573 2528 1624 εἰσιν
2570 1573 2735 1643 ἀρχαί
2768 1590 2781 1604 ·
2812 1568 2943 1640 οἷον,
2978 1577 3171 1645 κρατεῖ
3206 1576 3304 1645 τῆς
3352 1573 3607 1641 γυναικὸς
3649 1572 3678 1623 ὁ

2105 1658 2267 1730 ἀνὴρ,
2298 1661 2331 1730 ὴ
2360 1661 2497 1732 γυνὴ
2525 1661 2634 1714 τῶν
2660 1662 2906 1726 οἰκετῶν,
2936 1664 2986 1715 οἰ
3014 1663 3223 1717 οἰκέται
3254 1662 3363 1715 τῶν
3399 1663 3543 1715 ἰδίων
3576 1678 3678 1729 γυ-

2106 1746 2311 1799 ναικῶν
2334 1762 2349 1776 ο
2378 1748 2541 1801 πάλιν
2563 1751 2621 1802 αί
2643 1751 2899 1817 γυναῖκες
2921 1751 3016 1803 καὶ
3034 1752 3083 1802 οἰ
3106 1750 3293 1821 ἄνδρες
3317 1750 3425 1802 τῶν
3448 1748 3675 1802 παίδων.

2106 1828 2254 1906 Ἀρα
2285 1835 2347 1887 οὑ
2384 1835 2528 1889 δοκεῖ
2548 1854 2647 1901 σοι,
2679 1836 2926 1908 καθάπερ
2953 1854 3038 1900 τις
3076 1838 3327 1908 βασιλεὺς
3360 1832 3519 1898 εἶναι,
3554 1853 3679 1889 τοσ-

2107 1920 2299 1986 ούτους
2361 1922 2501 1993 ἔχων
2532 1924 2800 1994 ἄρχοντας
2848 1925 3320 1995 ὑποτεταγμένους
3351 1922 3550 1993 ἑαυτῷ,
3584 1923 3679 1975 καὶ

2107 2011 2328 2065 πάντων
2360 2014 2658 2083 προσήκειν
2699 2014 2860 2066 αὐτὸν
2888 2012 3373 2084 οίκονομικώτερον
3410 2008 3551 2065 εἷναι
3586 2010 3679 2063 καὶ

2108 2098 2566 2171 πολιτικώτερον;
2610 2102 2669 2154 Ὀ
2708 2101 2818 2171 γὰρ
2860 2100 3016 2163 εἰδὼς
3054 2102 3325 2171 διαφόρως
3372 2099 3679 2170 κεχρῆσθαι

2107 2185 2337 2250 τούτοις,
2361 2183 2467 2239 οἶδε
2486 2190 2609 2251 τούς
2624 2188 2960 2257 ἐπιτηδείους
2984 2188 3248 2257 ἄρχοντας
3268 2187 3560 2257 αἱρεῖσθαι,
3583 2187 3679 2239 καὶ

2109 2274 2394 2343 αίρήσεταί
2424 2290 2487 2341 γε
2508 2273 2814 2345 λαμπρούς.
2837 2274 3042 2328 Οὐκοῦν
3086 2274 3238 2327 ἔσται
3280 2274 3533 2344 βασιλεὺς
3571 2273 3682 2326 ἓτε-

2112 2380 2201 2432 ρος
2227 2365 2259 2431 ἡ
2277 2361 2413 2433 γυνὴ
2436 2364 2493 2415 ἐν
2510 2364 2655 2433 οἰκία
2679 2364 2846 2433 χωρὶς
2869 2362 2960 2415 τοῦ
2984 2362 3335 2433 διαδήματος,
3356 2363 3451 2415 καὶ
3473 2362 3500 2414 6
3528 2361 3682 2425 εἰδὼς

2109 2448 2200 2502 τὸν
2245 2447 2467 2518 βασιλέα
2499 2448 2685 2503 τοῦτον
2731 2451 3021 2520 αἱρεῖσθαι,
3067 2452 3243 2504 πάντα
3293 2450 3359 2503 τὰ
3399 2450 3535 2504 ἄλλα
3580 2468 3681 2502 κα-

2109 2536 2216 2600 λῶς
2235 2536 2500 2606 διαθήσει.
2529 2536 2598 2591 T6
2620 2536 2855 2601 λοιπὸν,
2877 2538 3127 2606 ἀδελφοί
3140 2556 3276 2607 μου,
3307 2539 3492 2608 φησιν,
3509 2538 3683 2591 ἐνδυοο

2109 2622 2417 2692 ναμοῦσθε
2439 2623 2508 2675 ἐν
2534 2624 2748 2691 Κυρίῳ.
2779 2625 2946 2677 Ὅταν
2980 2626 3149 2698 μέλλῃ
3176 2626 3431 2696 τελευτᾷν
3456 2627 3484 2678 6
3504 2626 3683 2695 λόγος,

2111 2711 2198 2764 ἀεὶ
2227 2710 2401 2780 τούτῳ
2436 2711 2698 2781 κέχρηται
2728 2710 2803 2781 τῷ
2832 2711 3036 2783 τρόπῳ.

2182 2813 2253 2875 γ’.
2283 2808 2416 2878 Οὐχὶ
2452 2807 2631 2871 καλῶς
2664 2807 2848 2875 ἔλεγον
2884 2809 2943 2873 ἐξ
2974 2809 3168 2880 ἀρχῆς,
3199 2810 3281 2864 ὅτι
3326 2809 3686 2881 στρατόπεδόν

2112 2897 2262 2949 ἐστιν
2280 2896 2569 2968 ὁλόκληρον
2598 2898 2630 2967 ή
2653 2897 2882 2951 ἑκάστου
2909 2899 3054 2951 οἰκία
3084 2918 3097 2963 ;
3142 2899 3271 2953 Ἰδοὺ
3302 2900 3408 2971 γὰρ
3427 2900 3686 2966 διατάξας

2114 2987 2296 3050 πάσας
2340 2987 2439 3050 τὰς
2476 2987 2649 3057 ἀρχὰς
2680 3028 2695 3053 ,
2731 2985 2915 3040 λοιπὸν
2952 2988 3147 3052 αὐτοὺς
3206 2990 3545 3055 καθοπλίξει,
3590 2990 3687 3044 καὶ

2114 3076 2208 3128 ἰεπί¹
2253 3076 2488 3146 πόλεμον
2519 3076 2725 3146 ἐξάγει.
2743 3077 2867 3129 Ἐὰν
2898 3077 3008 3148 γὰρ
3034 3078 3221 3149 μηδεὶς
3244 3078 3341 3150 τὴν
3371 3079 3545 3150 ἀρχὴν
3584 3080 3687 3151 ἀρ-

2116 3163 2263 3235 πάζῃ
2318 3165 2415 3234 τὴν
2472 3162 2564 3215 τοῦ
2623 3164 2834 3234 ἐτέρου,
2868 3165 3005 3217 ἀλλά
3062 3164 3205 3219 κατά
3245 3166 3431 3236 χώραν
3456 3166 3687 3229 ἕκαστος

2118 3252 2275 3323 μένῃ,
2300 3252 2472 3305 πάντα
2495 3246 2553 3303 εὖ
2572 3251 2922 3306 διακείσεται.
2961 3252 3466 3321 Ἐνδυναμοῦσθε,
3496 3256 3683 3325 φησὶν,

2113 3342 2183 3392 ἐν
2209 3340 2422 3408 Κυρίῳ,
2452 3339 2550 3392 καὶ
2580 3340 2650 3392 ἐν
2699 3338 2777 3404 τῷ
2834 3338 3033 3407 κράτει
3067 3338 3176 3407 τῆς
3210 3342 3422 3408 ἰσχύος
3450 3342 3633 3396 αὐτοῦ
3669 3357 3683 3369 ·

2114 3428 2413 3489 τουτέστιν,
2447 3426 2504 3479 ἐν
2549 3429 2614 3497 τῇ
2676 3427 2851 3480 ἐλπίδι
2882 3430 2947 3497 τῇ
2980 3429 3059 3488 εἰς
3088 3428 3250 3479 αὐτὸν
3280 3428 3367 3481 διὰ
3397 3430 3494 3498 τῆς
3523 3427 3687 3482 αὐτοῦ

2118 3515 2388 3585 βοηθείας.
2432 3514 2647 3585 Ἐπειδὴ
2671 3515 2779 3585 γὰρ
2811 3514 2980 3567 πολλὰ
3009 3515 3269 3579 ἐπέταξεν
3304 3516 3447 3586 ἆπερ
3470 3516 3574 3569 ἔδει
3598 3534 3691 3583 γε-

2116 3603 2322 3665 νέσθαι,
2376 3602 2449 3673 μὴ
2488 3602 2722 3673 δείσητε,
2757 3604 2942 3673 φησιν,
2974 3603 3299 3675 ἐπιρῥίψατε
3354 3604 3453 3675 τὴν
3499 3605 3689 3659 ἐλπίδα

2118 3690 2212 3742 ἐπὶ
2236 3691 2329 3742 τὸν
2358 3690 2562 3759 Κύριον
2587 3733 2601 3757 ,
2636 3693 2727 3744 καὶ
2771 3694 2946 3745 πάντα
2971 3692 3343 3762 ἐξευμαρίσει.
3376 3694 3484 3747 Καὶ
3517 3693 3689 3747 ἐνδύ-

2117 3780 2313 3832 σασθε
2361 3778 2477 3845 τὴν
2509 3780 2857 3832 πανοπλίαν
2884 3777 2992 3831 τοῦ
3033 3780 3203 3841 Θεοῦ,
3240 3778 3389 3847 πρὸς
3411 3781 3477 3832 τὸ
3510 3780 3690 3833 δύνα-

2116 3869 2257 3919 σθαι
2289 3864 2446 3934 ὑμᾶς
2478 3865 2699 3933 στῆναι
2718 3866 2867 3933 πρὸς
2900 3866 3007 3932 τὰς
3024 3867 3339 3935 μεθοδείας
3361 3866 3469 3920 τοῦ
3494 3868 3690 3921 διαϐό-

2116 3958 2250 4009 λου.
2270 3954 2385 4007 Οὐκ
2412 3951 2558 4019 εἶπε,
2577 3954 2719 4024 Πρὸς
2746 3955 2843 4019 τὰς
2877 3956 3073 4026 μάχας,
3093 3956 3235 4020 οὐδὲ,
3268 3957 3411 4027 Πρὸς
3437 3958 3561 4020 τοὺς
3591 3975 3690 4010 πο-

2117 4043 2316 4112 λέμους
2348 4082 2363 4109 ,
2410 4042 2582 4105 ἀλλὰ,
2638 4042 2794 4110 Πρὸς
2852 4046 2959 4108 τὰς
2994 4043 3331 4112 μεθοδείας.
3394 4044 3529 4099 Οὐδὲ
3581 4046 3691 4117 γὰρ

2121 4130 2328 4198 ἁπλῶς,
2365 4130 2486 4184 οὑδέ
2540 4130 2788 4201 φανερῶς
2816 4133 2947 4200 ἡμῖν
2992 4135 3020 4184 6
3062 4130 3254 4202 ἐχθρὸς
3277 4133 3524 4203 πολεμεῖ,
3555 4135 3692 4187 ἀλλὰ

2122 4221 2374 4292 μεθοδείᾳ
2396 4260 2410 4275 .
2444 4221 2508 4273 Τί
2534 4221 2649 4272 ἐστι
2668 4220 2913 4286 μεθοδεία
2934 4238 2949 4286 ;
2973 4219 3309 4274 Μεθοδεῦσαί
3326 4224 3443 4275 ἐστι
3473 4222 3534 4275 τὸ
3550 4225 3694 4275 ἀπα-

2120 4310 2303 4379 τῆσαι,
2340 4309 2433 4361 καὶ
2455 4308 2543 4362 διά
2575 4308 2822 4378 μηχανῆς
2851 4308 3011 4372 ἑλεῖν,
3041 4308 3177 4377 ὅπερ
3213 4310 3307 4362 καὶ
3345 4311 3437 4362 ἐπὶ
3468 4311 3577 4363 τῶν
3606 4328 3692 4364 τε-

2120 4398 2261 4469 χνῶν
2285 4398 2515 4466 γίνεται,
2539 4396 2634 4449 καὶ
2652 4397 2708 4449 ἐν
2736 4395 2932 4463 λόγοις,
2951 4396 3041 4448 καὶ
3070 4399 3127 4451 ἐν
3148 4396 3353 4467 ἔργοις,
3386 4400 3480 4451 καὶ
3506 4400 3563 4450 ἐν
3588 4415 3692 4451 πα-

2119 4484 2434 4555 λαίσμασιν,
2466 4486 2559 4536 ἐπὶ
2591 4482 2701 4535 τῶν
2723 4483 3079 4551 παραγόντων
3106 4487 3139 4554 ή
3148 4487 3275 4555 μᾶς.
3308 4480 3434 4539 Οἷόν
3451 4504 3503 4539 τι
3524 4487 3687 4556 λέγω·

2119 4574 2390 4633 Οὐδέποτε
2422 4574 2632 4644 φανερά
2665 4572 2817 4647 [169]
2849 4572 3135 4643 προτίθησι
3182 4574 3252 4628 τὰ
3298 4577 3687 4648 ἁμαρτήματα,

2120 4662 2564 4733 εἰδωλολατρείαν
2577 4661 2637 4713 οὑ
2655 4660 2821 4727 λέγει,
2845 4660 2958 4712 ἀλλ’
2986 4661 3185 4732 ἐτέρως
3202 4663 3332 4716 αὐτὸ
3348 4665 3689 4718 κατασκευά-

2122 4751 2203 4816 ξει
2234 4750 2556 4821 μεθοδεύων,
2583 4750 2849 4812 τουτέστι,
2897 4747 3121 4804 πιθανὸν
3152 4750 3573 4817 κατασκευάζων
3599 4753 3691 4805 τὸν

2121 4842 2298 4910 λόγον,
2330 4839 2743 4909 ἐπικαλύμμασι
2773 4838 3128 4907 κεχρημένος.
3157 4838 3297 4910 Ἤδη
3338 4842 3435 4910 μὲν
3466 4837 3559 4895 οὖν
3597 4843 3691 4894 καὶ

2120 4929 2295 4999 τούτῳ
2324 4928 2565 4998 διήγειρε
2596 4926 2719 4988 τοὺς
2752 4923 3111 4994 στρατιώτας,
3145 4928 3237 4979 καὶ
3265 4928 3457 4996 νήφειν
3504 4928 3691 4997 ἐποίη-

2125 5036 2205 5081 σε,
2236 5017 2313 5089 τῷ
2342 5019 2524 5069 πεῖσαι
2579 5015 2671 5067 καὶ
2726 5013 2949 5079 διδάξαι,
2980 5014 3059 5065 δτι
3114 5015 3247 5084 πρὸς
3279 5014 3540 5085 ἔμπειρον
3582 5018 3689 5071 τῶν

2123 5104 2433 5176 πολεμικῶν
2463 5103 2647 5174 ἡμῖνὴ
2696 5101 2868 5171 μάχη,
2902 5100 2998 5153 καὶ
3031 5101 3127 5170 οὐχ
3161 5102 3346 5166 ἁπλῶς
3371 5104 3493 5158 οὐδὲ
3522 5120 3685 5173 φανε-

2126 5194 2233 5264 ρῶς
2263 5191 2605 5260 πολεμοῦντα
2629 5230 2645 5254 ,
2681 5188 2816 5241 ἀλλά
2852 5187 2991 5256 μετὰ
3022 5189 3221 5260 πολλῆς
3260 5192 3357 5259 τῆς
3386 5192 3687 5261 μεθοδείας.

2123 5283 2231 5335 Καὶ
2284 5280 2498 5351 πρῶτον
2548 5277 2645 5347 μὲν
2693 5275 2801 5329 ἀπὸ
2828 5276 2928 5344 τῆς
2958 5277 3173 5343 φύσεως
3211 5280 3304 5331 καὶ
3334 5278 3427 5331 τοῦ
3456 5281 3690 5351 πλήθους

2122 5370 2245 5430 τοὺς
2298 5364 2543 5435 μαθητὰς
2572 5362 2807 5433 ἐπαίρει.
2834 5360 2973 5432 Οὐχὶ
3002 5364 3327 5417 καταϐαλεῖν
3369 5366 3690 5437 βουλόμενος

2123 5456 2248 5516 τοὺς
2277 5453 2367 5505 ὑπ’
2396 5451 2557 5503 αὑτὸν
2591 5450 2829 5513 ἑστῶτας
2850 5449 3209 5520 στρατιώτας,
3243 5452 3357 5505 ἀλλ’
3376 5455 3576 5525 ἐπᾶραι
3596 5458 3691 5509 καὶ

2121 5534 2527 5612 διεγεῖραι,εῖπε
2540 5539 2606 5592 τά
2619 5539 2945 5609 σοφίσματα,
2966 5541 3059 5593 καί
3076 5541 3453 5610 παρεσκεύασε
3475 5544 3686 5613 νήφειν.

2126 5633 2189 5686 ΕΞ
2212 5632 2308 5702 μὲν
2324 5631 2431 5701 γὰρ
2455 5629 2614 5698 μόνον
2632 5630 3031 5698 διηγησάμενος
3044 5631 3224 5683 αὐτῶν
3241 5632 3338 5702 τὴν
3357 5631 3584 5701 δύναμιν
3600 5633 3690 5703 μὲ-

2129 5738 2219 5788 χρι
2240 5719 2425 5773 τούτου
2445 5717 2700 5783 τὸνλόγον
2718 5717 2932 5786 ἔστησε,
2956 5716 3055 5770 κᾶν
3077 5718 3374 5771 κατέϐαλεν
3398 5719 3591 5783 αὐτούς
3606 5734 3619 5745 ⁵
3640 5722 3689 5773 εἰ
