4100 6412
441 369 545 426 157

444 487 589 542 tutis.
642 483 793 539 Sicut
843 480 985 537 enim
1031 481 1077 535 is
1101 520 1115 545 ,
1146 480 1229 533 cui
1276 488 1401 532 sunt
1444 478 1634 532 ablatae
1664 474 1903 544 pecuniae
1926 514 1942 539 ,
1972 472 2018 526 si

441 581 601 633 etiam
631 575 765 631 alias
793 574 1004 629 dederit
1042 574 1092 627 ei
1136 572 1226 641 qui
1256 571 1503 635 abstulit,
1534 584 1640 622 non
1670 566 1901 622 refertur
1944 566 2024 618 inc

441 682 528 725 ter
572 685 667 724 eos
694 667 889 737 quibus
937 675 1020 720 est
1046 663 1318 727 ablatum,
1362 661 1456 715 sed
1499 660 1637 713 inter
1681 657 1930 711 liberales
1968 663 2024 710 et

440 760 783 829 magnificos;
814 773 921 811 non
961 758 1098 809 inter
1121 768 1215 810 eos
1240 754 1331 822 qui
1368 752 1506 806 male
1532 758 1655 803 sunt
1682 748 1858 802 affecti
1885 786 1900 810 ,
1929 745 2021 800 sed

444 856 585 907 inter
611 866 707 905 eos
731 850 823 919 qui
848 850 983 903 bene
1001 847 1202 901 faciunt
1223 863 1237 911 ;
1258 856 1311 900 et
1336 846 1455 914 plus
1479 843 1658 913 probri
1682 842 1731 895 in
1753 857 1873 895 eum
1895 854 2022 893 con-

438 946 605 1015 gessit
631 943 772 1013 quod
820 942 1062 1008 donarit,
1110 955 1270 1010 quam
1312 938 1510 1007 probro
1540 922 1653 1004 ipse
1694 934 1763 988 sit
1804 933 2025 987 affectus

439 1037 582 1107 quod
610 1037 711 1105 ipsi
749 1036 821 1089 sit
847 1034 1083 1089 ablatum
1110 1051 1123 1086 :
1155 1034 1226 1085 ita
1257 1031 1341 1085 hic
1381 1044 1593 1099 quoque
1615 1043 1682 1083 ex
1728 1025 2021 1081 abundanti

440 1130 749 1200 erogatione
795 1126 1075 1197 apparebit
1122 1126 1282 1180 etiam
1324 1121 1637 1177 excelsioris
1706 1120 1913 1182 animi,
1970 1126 2025 1172 et

440 1223 734 1279 ostendens
764 1221 904 1291 quod
932 1220 1173 1289 rapinam
1212 1234 1317 1271 non
1349 1216 1616 1280 senserit,
1647 1216 1792 1269 illum
1821 1214 2022 1284 pudore

440 1314 661 1368 afﬁciet.
687 1311 831 1381 Ergo
861 1319 1079 1380 propter
1108 1308 1381 1362 Christum
1425 1307 1721 1360 serviamus
1749 1304 1981 1358 dominis
2001 1342 2018 1369 ,

442 1406 687 1468 Scientes,
725 1404 913 1473 inquit,
942 1401 1076 1467 quod
1097 1400 1438 1469 unusquisque
1457 1397 1590 1467 quod
1615 1397 1787 1466 fecerit
1811 1396 2017 1461 bonum,

441 1500 537 1552 hoc
577 1498 784 1567 recipiet
827 1513 860 1549 a
902 1494 1126 1548 Domino
1152 1536 1165 1554 ,
1198 1494 1300 1546 sive
1339 1507 1509 1545 servus
1536 1533 1551 1556 ,
1581 1491 1683 1543 sive
1708 1488 1854 1543 liber.
1888 1487 2019 1541 Nam

440 1592 691 1659 quoniam
719 1597 836 1642 erat
859 1586 1151 1641 verisimile
1192 1584 1389 1637 multos
1418 1583 1665 1636 dominos
1688 1623 1703 1648 ,
1748 1595 1868 1635 cum
1913 1580 2021 1632 sint

442 1682 718 1747 inﬁdeles,
748 1680 953 1752 pudore
993 1696 1096 1732 non
1122 1677 1298 1742 afﬁci;
1332 1690 1433 1730 nec
1470 1688 1657 1729 servos
1687 1670 2018 1727 remunerari

440 1787 662 1845 propter
688 1773 1088 1835 obedientiam;
1124 1770 1246 1824 vide
1285 1767 1555 1838 quomodo
1595 1781 1688 1820 eos
1733 1766 1802 1819 sit
1825 1778 2019 1819 conso-

442 1871 580 1923 latus
600 1910 616 1935 ,
644 1878 703 1922 ut
736 1875 1040 1936 suspectam
1085 1880 1189 1917 non
1221 1862 1454 1915 habeant
1478 1858 1971 1913 remunerationem
1998 1895 2014 1921 ,

438 1962 534 2017 sed
578 1960 732 2015 valde
761 1958 1033 2013 conﬁdant
1057 1956 1124 2011 de
1155 1954 1611 2023 compensatione.
1654 1950 1724 2005 Ut
1751 1950 1893 2004 enim
1925 1947 2016 2017 qui

439 2053 704 2109 beneﬁcio
742 2050 1049 2105 afﬁciuntur
1072 2091 1087 2114 ,
1118 2048 1332 2117 quando
1363 2062 1467 2099 non
1514 2046 1753 2099 referunt
1791 2042 2013 2112 gratiam

439 2140 915 2207 benefactoribus,
945 2141 1024 2194 eis
1076 2140 1241 2192 Deum
1290 2137 1489 2191 faciunt
1536 2135 1831 2189 debitorem
1878 2149 1893 2185 :
1943 2134 2013 2186 ita

438 2236 599 2289 etiam
646 2233 887 2299 domini,
916 2234 962 2286 si
1004 2248 1032 2285 a
1066 2241 1119 2285 te
1160 2229 1421 2285 beneﬁcio
1465 2228 1639 2282 affecti
1671 2228 1763 2281 tibi
1789 2226 2012 2296 gratiam

441 2342 545 2379 non
574 2324 848 2390 referant,
877 2324 1046 2392 magis
1080 2324 1352 2386 referunt,
1396 2320 1489 2373 tibi
1519 2319 1815 2373 debitorem
1847 2318 2012 2370 Deum

436 2418 843 2473 constituentes.
868 2416 925 2470 9.
943 2414 1013 2469 Et
1027 2416 1370 2482 vos,domint,
1386 2412 1560 2466 eadem
1585 2411 1733 2481 facite
1757 2410 1880 2463 illis.
1905 2407 2013 2461 Ea-

436 2509 551 2561 dem
571 2548 586 2573 ,
617 2505 905 2577 quaenam?
933 2505 1143 2561 Servite
1167 2519 1291 2559 cum
1337 2502 1738 2564 benevolentia,
1782 2500 1876 2554 sed
1907 2515 2011 2553 non

435 2600 599 2662 dixit,
647 2599 863 2653 Servite
886 2639 902 2663 ,
933 2597 1141 2651 etiamsi
1190 2597 1412 2661 dicens,
1441 2594 1635 2648 Eadem
1656 2636 1671 2657 ,
1715 2594 1817 2647 hoc
1844 2592 2013 2662 signi-

435 2694 678 2749 ﬁcaverit
703 2711 715 2745 :
749 2708 869 2746 nam
898 2692 1147 2746 dominus
1176 2705 1387 2759 quoque
1413 2688 1599 2743 servit.
1628 2687 1706 2741 Ne
1743 2696 2010 2755 tamquam

434 2786 713 2841 studentes
743 2784 955 2853 placere
985 2782 1294 2838 hominibus
1317 2823 1333 2848 ,
1358 2781 1556 2850 inquit,
1584 2794 1707 2833 cum
1738 2779 1929 2833 timore
1955 2786 2013 2832 et

435 2887 707 2943 tremore,
742 2876 794 2931 id
824 2884 942 2941 est,
971 2890 1096 2945 erga
1144 2873 1313 2928 Deum
1336 2914 1351 2939 ,
1392 2874 1644 2927 timentes
1673 2885 1741 2924 ne
1768 2870 1889 2940 quis
1914 2884 2012 2924 vos

433 2977 651 3023 accuset
706 2978 926 3038 propter
983 2974 1215 3021 vestram
1266 2967 1317 3019 in
1373 2978 1559 3019 servos
1610 2962 2009 3032 negligentiam.

434 3059 762 3114 Βεηὰαεηιεε
790 3060 975 3112 minas.
1007 3057 1122 3111 Non
1151 3054 1467 3127 importuni,
1500 3054 1672 3123 inquit
1695 3094 1710 3118 ,
1738 3062 1794 3107 et
1818 3065 2013 3121 graves

433 3161 630 3207 estote.
672 3151 899 3206 Scientes
928 3148 1062 3218 quod
1106 3157 1265 3200 vester
1310 3155 1357 3200 et
1398 3144 1606 3199 illorum
1642 3142 1893 3196 Dominus
1939 3150 2013 3195 est

433 3243 488 3295 in
513 3242 651 3297 cretis
668 3241 888 3312 (Matth.
919 3240 973 3293 7.
995 3238 1051 3291 ‘2.
1080 3247 1125 3292 et
1150 3238 1236 3293 18.
1265 3236 1380 3305 32).
1404 3236 1593 3304 Papae,
1620 3246 1873 3304 quantam
1896 3246 2012 3288 rem

433 3331 825 3386 subindicavitf
856 3328 1128 3399 quomodo
1169 3327 1390 3382 terruit!
1425 3326 1539 3380 Hoc
1564 3334 1688 3389 est,
1719 3324 1832 3391 Qua
1859 3338 2012 3377 men-

433 3439 559 3478 sura
587 3424 793 3478 metiris
816 3462 830 3486 ,
865 3420 1053 3476 eadem
1087 3420 1181 3473 tibi
1225 3419 1478 3473 reddetur
1506 3431 1777 3471 mensura.
1807 3414 1884 3469 Ne
1910 3430 2009 3467 au-

432 3516 551 3570 dias
573 3557 589 3581 ,
614 3513 770 3570 Serve
794 3530 1010 3583 nequam
1030 3554 1045 3579 ,
1076 3529 1222 3566 omne
1264 3512 1394 3566 illud
1421 3511 1641 3564 debitam
1680 3510 1851 3562 remisi
1901 3508 2009 3562 tibi.

436 3608 502 3661 Et
534 3623 864 3678 personarum
887 3608 1110 3675 acceptio
1138 3622 1239 3658 non
1270 3615 1344 3658 est
1382 3604 1522 3673 apud
1544 3618 1682 3656 eum.
1714 3601 1792 3656 Ne
1820 3602 2010 3655 existi-

433 3716 549 3756 mes
570 3742 586 3767 ,
618 3701 788 3769 inquit
812 3740 826 3764 ,
855 3700 997 3770 quod
1019 3714 1138 3768 qua:
1169 3700 1220 3752 in
1248 3713 1464 3752 servum
1494 3697 1660 3763 ﬁunt,
1696 3696 1932 3750 remittet
1956 3703 2013 3749 nt

434 3793 486 3847 in
516 3807 729 3847 servum
771 3790 931 3846 facta.
963 3790 1095 3844 Nam
1141 3799 1378 3843 externa:
1422 3788 1637 3858 quidem
1668 3787 1812 3857 leges
1837 3787 2014 3841 sciunt

434 3887 626 3940 horum
657 3899 915 3955 generum
946 3883 1301 3938 differentiam
1323 3922 1339 3947 ,
1372 3890 1431 3936 ut
1457 3897 1580 3950 quae
1606 3881 1714 3934 sint
1740 3881 1886 3950 leges
1912 3880 2011 3934 bo-

432 3980 634 4033 minum
666 3996 679 4032 :
709 3978 797 4033 lex
841 3988 1019 4032 autem
1054 3977 1262 4030 Domini
1292 3976 1593 4030 communis
1639 3975 1835 4029 nullam
1866 3974 2015 4028 novit

430 4070 808 4133 differentiam,
842 4078 902 4123 ut
925 4069 1015 4137 qui
1035 4068 1392 4123 communiter
1416 4067 1667 4122 omnibus
1690 4066 2008 4133 benefaciat,

432 4173 488 4218 et
514 4162 766 4217 omnibus
792 4160 980 4215 eadem
1010 4160 1300 4227 impertiat.

504 4254 588 4309 Ea:
617 4246 821 4323 peccato
848 4252 1039 4321 factum
1077 4261 1131 4304 ut
1157 4251 1250 4305 alii
1274 4250 1382 4304 heri
1404 4291 1419 4314 ,
1447 4251 1539 4303 alii
1567 4250 1697 4304 servi
1720 4258 1901 4303 essent.
1953 4248 2012 4305 Si

432 4347 551 4417 quis
575 4356 752 4400 autem
781 4355 933 4415 roget
958 4344 1223 4399 undenam
1262 4344 1528 4407 servitus,
1557 4352 1611 4396 et
1646 4358 1743 4396 cur
1769 4344 2011 4411 ingressa

431 4440 587 4494 estin
613 4439 776 4492 vitam
798 4438 1085 4491 humanam
1111 4435 1245 4508 (scio
1285 4437 1427 4490 enim
1450 4435 1650 4489 multos
1687 4444 1742 4490 et
1762 4436 2008 4490 lubenter

432 4530 549 4585 haec
565 4544 774 4599 rogare,
796 4537 850 4583 et
865 4529 1005 4583 velle
1024 4527 1287 4597 discere);
1308 4542 1407 4597 ego
1428 4527 1578 4581 vobis
1602 4526 1796 4581 dicam.
1817 4529 2008 4580 Avari-

433 4622 504 4675 tia
532 4622 739 4690 peperit
757 4620 1088 4684 servitutem,
1108 4634 1313 4673 necnon
1334 4617 1526 4672 invidia
1546 4626 1599 4671 et
1618 4618 2007 4673 insatiabilitas.

433 4712 563 4769 Nam
594 4711 708 4767 Noe
758 4728 865 4767 non
895 4711 1078 4766 habuit
1105 4726 1316 4767 servum
1341 4753 1356 4778 ,
1401 4727 1575 4780 neque
1621 4712 1756 4766 Abel
1786 4752 1800 4776 ,
1830 4726 2009 4781 neque

432 4806 561 4860 Seth
583 4846 597 4871 ,
622 4819 720 4859 nec
746 4804 781 4859 ii
806 4803 900 4874 qui
924 4804 1140 4858 fuerunt
1172 4813 1373 4873 postea.
1400 4803 1681 4858 Peccatum
1730 4818 1846 4857 eam
1891 4818 2006 4857 rem

434 4899 673 4967 peperit,
703 4897 1021 4953 contumelia
1045 4897 1097 4950 in
1122 4907 1390 4967 parentes.
1414 4896 1646 4951 Audiant
1682 4896 1772 4951 ﬁlii
1799 4912 1859 4951 se
1888 4911 2009 4952 esse

430 4992 620 5061 dignos
664 4990 752 5061 qui
784 4989 914 5044 ﬁant
952 4990 1135 5055 servi,
1168 4989 1381 5058 quando
1410 4990 1464 5043 in
1508 4998 1759 5059 parentes
1809 4988 2008 5044 fuerint

430 5086 648 5154 ingrati.
684 5084 789 5151 Qui
819 5094 901 5140 est
943 5083 1241 5153 ejusmodi,
1286 5084 1386 5138 sibi
1429 5084 1649 5139 abstulit
1675 5085 2008 5140 nobilitatem

430 5178 649 5247 generis
674 5194 687 5231 ε
720 5193 841 5231 nam
870 5177 961 5247 qui
986 5187 1191 5246 patrem
1214 5178 1540 5233 contumelia
1567 5178 1763 5244 afﬁcit,
1792 5194 1898 5234 non
1923 5189 2009 5236 est

432 5271 663 5341 amplius
694 5270 850 5323 ﬁlius.
899 5268 953 5324 Si
985 5284 1115 5323 vero
1145 5270 1232 5338 qui
1283 5280 1485 5339 patrem
1520 5271 1839 5326 :ontumelia
1883 5270 2007 5325 afﬁ-

424 5363 524 5426 rit,
550 5378 655 5416 non
677 5372 759 5416 est
782 5362 954 5427 ﬁlius;
980 5364 1067 5430 qui
1090 5360 1416 5415 contumella
1443 5362 1604 5415 afﬁcit
1624 5378 1746 5417 eum
1768 5363 1859 5433 qui
1884 5379 2009 5418 vere

430 5462 515 5508 est
554 5463 709 5524 pater
751 5464 937 5506 noster
961 5493 976 5517 ,
1009 5453 1278 5520 quomodo
1304 5453 1406 5505 erit
1434 5451 1610 5505 ﬁlius?
1657 5454 1931 5508 descendit
1978 5472 2007 5508 a

432 5546 643 5613 generis
668 5545 945 5598 nobilitate
964 5585 978 5607 ,
1004 5553 1247 5598 naturam
1270 5542 1447 5597 affecit
1477 5547 1819 5599 contumelia.
1853 5546 2011 5600 Dein-

433 5638 501 5690 de
526 5647 580 5692 et
607 5636 747 5691 bella
773 5647 826 5689 et
855 5636 1031 5707 praelia
1062 5645 1321 5704 ceperunt
1350 5637 1611 5704 captivos.
1644 5642 1714 5689 At
1739 5636 2005 5691 Abraham

436 5728 618 5783 habuit
666 5746 856 5783 servos
876 5770 890 5794 ,
935 5729 1124 5798 inquit.
1155 5727 1263 5783 Sed
1313 5743 1416 5780 non
1464 5743 1591 5782 usus
1617 5738 1699 5781 est
1729 5740 1784 5781 ut
1813 5732 2007 5783 servis.

441 5821 573 5879 Vide
621 5822 890 5894 quomodo
936 5822 1114 5876 omnia
1165 5819 1323 5890 capiti
1378 5829 1646 5890 tamquam
1698 5821 2009 5890 appendens

1283 363 1347 418 IN
1387 362 1602 417 EPIST.
1644 361 1735 415 AD
1776 356 2014 414 EPHES.
2055 356 2208 414 CAP.
2255 360 2343 415 Vl.
2385 361 2615 418 HOMIL.
2658 361 2820 418 XXII.

3606 374 3709 430 158

2127 474 2343 544 adaptet
2368 495 2382 531 :
2413 493 2669 545 uxorem,
2698 479 2767 535 Ut
2792 496 2909 535 eam
2931 523 2947 548 ,
2978 483 3179 553 inquit,
3202 485 3421 555 diligat;
3450 488 3607 555 ﬁlios,
3636 491 3707 547 Ut

2126 579 2221 618 eos
2241 568 2476 621 enutriat
2502 569 2553 621 in
2576 568 2856 639 disciplina
2897 584 2954 627 et
2983 574 3348 631 admonitione
3376 579 3582 634 Domini
3608 597 3624 646 ;
3653 592 3707 637 et

2120 671 2328 722 servos,
2365 659 2595 715 Scientes
2638 662 2775 730 quod
2804 674 2965 719 vester
3010 680 3209 737 quoque
3254 667 3505 726 Dominus
3531 681 3605 725 est
3650 675 3706 726 in

2123 753 2281 806 uelis.
2316 753 2441 821 Sic,
2485 754 2690 824 inquit.
2724 772 2819 811 vos
2857 776 3105 829 quoque,
3143 758 3329 831 ut‘qui
3371 764 3488 817 sitis
3515 766 3654 819 servi
3685 809 3700 832 ,

2122 843 2240 896 sitis
2257 843 2470 914 benigni
2488 856 2544 898 et
2563 848 2855 902 clementes
2872 860 2924 903 et
2944 851 3190 920 propensi
3214 853 3279 905 ad
3302 852 3705 922 ignoscendum.

2123 931 2181 986 Si
2210 945 2389 988 autem
2419 936 2578 990 vultis
2618 937 2834 1004 audire,
2865 940 3054 994 eadem
3097 942 3338 998 dicemus
3379 943 3445 998 de
3488 947 3658 999 servis
3684 988 3707 1013 ,

2090 1043 2241 1112 .qua:
2263 1029 2413 1097 prius
2440 1030 2674 1085 diximus
2704 1033 2772 1085 de
2799 1030 2924 1087 ﬁliis
2948 1051 2961 1087 :
3010 1034 3207 1089 Docete
3234 1050 3328 1090 eos
3359 1051 3481 1092 esse
3509 1039 3622 1107 pios
3651 1052 3706 1093 et

2122 1118 2437 1188 religiosos;
2462 1130 2519 1175 et
2542 1122 2762 1177 omnino
2788 1134 3089 1193 sequuntur
3114 1126 3316 1181 omnia.
3343 1127 3494 1182 Nunc
3522 1140 3701 1185 autem

2118 1210 2424 1267 ascendens
2448 1213 2711 1283 quispiam
2738 1215 2790 1270 in
2825 1216 3095 1271 theatrum
3124 1260 3138 1284 ,
3168 1228 3220 1273 et
3264 1220 3467 1275 vadens
3495 1221 3562 1276 ad
3593 1221 3707 1277 bal—

2122 1318 2282 1357 neum
2308 1345 2323 1369 ,
2355 1320 2539 1358 secum
2598 1305 2766 1361 trahit
2811 1322 3000 1363 omnes
3050 1324 3284 1379 pueros;
3317 1328 3369 1366 in
3417 1315 3701 1369 ecclesiam

2120 1407 2299 1452 autem
2331 1412 2436 1452 non
2466 1399 2595 1453 item
2620 1440 2635 1463 ,
2666 1415 2845 1469 neque
2883 1402 3029 1473 cogit
3055 1417 3151 1459 eos
3177 1404 3366 1459 adesse
3411 1416 3465 1459 et
3491 1408 3699 1462 audire.

2122 1488 2401 1555 Quomodo
2422 1501 2601 1546 autem
2630 1493 2812 1549 audiet
2836 1509 3043 1559 servus,
3068 1512 3189 1550 cum
3220 1504 3276 1551 tu
3306 1497 3556 1555 dominus
3581 1501 3705 1556 aliis

2121 1580 2364 1635 animum
2396 1582 2692 1637 adhibeas?
2716 1584 2904 1640 Emisti
2931 1625 2947 1651 ,
2971 1588 3294 1656 comparasti
3324 1603 3535 1644 servum
3560 1591 3583 1642 ?
3605 1592 3704 1646 itu-

2119 1686 2249 1740 pera
2277 1674 2323 1726 ei
2355 1690 2474 1742 quae
2501 1689 2568 1729 ex
2593 1675 2706 1730 Deo
2735 1685 2860 1730 sunt
2878 1718 2895 1743 ,
2930 1687 2986 1732 ut
3016 1680 3087 1733 sit
3115 1679 3262 1735 mitis
3293 1680 3346 1734 in
3374 1696 3664 1738 conservos
3683 1726 3700 1749 ,

2119 1772 2178 1815 ut
2208 1762 2422 1816 virtutis
2456 1779 2703 1834 magnam
2734 1765 2927 1821 habeat
2954 1769 3238 1823 rationem.
3272 1769 3703 1844 Uniuscujusque

2117 1851 2310 1906 domus
2340 1864 2423 1908 est
2466 1855 2654 1909 civitas
2675 1897 2690 1921 ,
2725 1858 3090 1928 unusquisque
3115 1872 3198 1914 est
3226 1862 3478 1933 princeps
3518 1874 3572 1919 et
3615 1881 3700 1920 re-

2114 1953 2233 1998 ctor
2258 1959 2369 2000 suae
2407 1946 2618 2011 domus.
2667 1949 2735 2003 Et
2766 1949 2817 2003 id
2842 1952 3061 2020 quidem
3092 1963 3174 2007 est
3203 1954 3425 2009 evidens
3455 1957 3510 2010 in
3537 1958 3702 2014 domo

2116 2035 2337 2093 divitum
2358 2078 2374 2103 ,
2408 2037 2497 2092 ubi
2524 2047 2650 2092 sunt
2674 2050 2727 2094 et
2755 2042 2865 2110 agri
2895 2051 2950 2096 et
2977 2054 3353 2112 procuratores
3377 2057 3432 2103 et
3459 2049 3698 2118 praefecti

2114 2142 2275 2197 supra
2304 2129 2625 2197 praefectos:
2654 2147 2755 2202 ego
2774 2143 2952 2189 autem
2974 2136 3138 2190 etiam
3161 2136 3379 2192 domum
3403 2155 3698 2210 pauperum

2114 2220 2235 2275 dico
2260 2237 2381 2277 esse
2408 2223 2702 2278 civitatem.
2730 2223 2869 2281 Sunt
2896 2228 3041 2281 enim
3073 2228 3161 2284 hic
3187 2246 3401 2301 quoque
3429 2235 3699 2304 principa-

2116 2322 2231 2368 tus:
2254 2322 2457 2382 utputa,
2490 2316 2711 2371 maritus
2744 2318 3099 2388 principatum
3128 2323 3334 2378 obtinet
3363 2325 3415 2379 in
3452 2342 3693 2391 uxorem,

2114 2420 2249 2459 uxor
2262 2407 2312 2459 in
2325 2420 2527 2473 servos,
2547 2408 2687 2463 servi
2703 2408 2755 2462 in
2774 2425 2964 2465 uxores
2980 2426 3123 2465 suas:
3142 2429 3326 2468 rursus
3342 2415 3439 2469 viri
3456 2427 3510 2471 et
3524 2419 3705 2475 mulie-

2113 2497 2273 2552 resin
2301 2513 2516 2567 pueros.
2535 2500 2729 2554 Annon
2748 2501 2840 2555 tibi
2872 2501 3084 2557 videtur
3102 2518 3224 2559 esse
3244 2507 3406 2562 veluti
3433 2524 3527 2563 rex
3555 2512 3701 2579 quis-

2114 2590 2275 2658 piam,
2295 2606 2416 2645 cum
2437 2601 2514 2645 tot
2530 2592 2833 2648 habeatsibi
2851 2596 3120 2664 subjectos
3137 2599 3437 2668 principes;
3459 2611 3513 2656 et
3531 2616 3699 2670 Opor-

2113 2692 2221 2737 teat
2254 2698 2377 2738 eum
2406 2699 2527 2739 esse
2563 2686 2803 2739 omnium
2845 2688 3225 2755 peritissimum
3264 2691 3699 2750 administrandas

2112 2774 2304 2829 domus
2323 2784 2378 2830 et
2397 2776 2656 2831 civitatis?
2675 2776 2809 2833 Nam
2828 2778 3031 2848 quiscit
3047 2781 3192 2836 varie
3212 2790 3267 2837 et
3284 2783 3592 2840 diﬁ'erenter
3615 2788 3700 2842 his

2115 2871 2210 2937 uti,
2231 2870 2332 2925 scit
2355 2879 2511 2939 aptos
2537 2872 2736 2941 eligere
2757 2873 3050 2942 principes,
3072 2882 3127 2930 et
3144 2876 3356 2944 quidem
3379 2878 3538 2947 eliget
3555 2895 3697 2948 proe-

2112 2962 2307 3016 claros.
2338 2961 2482 3033 Ergo
2518 2978 2654 3016 uxor
2681 2964 2785 3018 erit
2810 2964 2956 3019 domi
2992 2981 3088 3021 rex
3116 2966 3254 3020 alius
3279 3008 3295 3032 ,
3326 2968 3545 3039 dempto
3574 2970 3693 3024 dia-

2110 3056 2368 3107 demate:
2418 3054 2511 3123 qui
2560 3054 2662 3108 scit
2709 3055 2849 3109 hunc
2876 3071 3054 3125 regem
3085 3057 3323 3127 eligere,
3369 3060 3474 3115 alia
3518 3065 3698 3119 omnia

2116 3155 2266 3201 recte
2309 3154 2461 3216 reget
2494 3156 2550 3201 et
2578 3146 2929 3215 dispensabit.
2962 3150 3052 3205 l0.
3084 3147 3164 3203 De
3214 3162 3393 3207 cwtero
3419 3192 3433 3219 ,
3476 3154 3647 3224 inquit
3676 3197 3695 3221 ,

2120 3240 2325 3309 fratres,
2355 3238 2713 3308 confartamini
2744 3240 2796 3292 in
2823 3237 3069 3293 Domino.
3094 3240 3323 3309 Quando
3354 3243 3585 3300 finienda
3611 3256 3697 3303 est

2118 3331 2292 3385 oratio
2318 3371 2332 3394 ,
2363 3330 2465 3383 hoc
2490 3332 2650 3385 modo
2672 3346 2890 3401 semper
2914 3334 3099 3388 utitur.

2185 3422 2240 3477 3.
2279 3423 2472 3475 Annon
2504 3430 2649 3476 recte
2675 3422 2917 3476 dicebam
2945 3425 3013 3478 ab
3039 3426 3192 3479 initio
3213 3468 3229 3493 ,
3261 3428 3408 3497 quod
3448 3431 3699 3489 uniuscu-

2111 3512 2302 3583 jusque
2327 3512 2518 3567 domus
2558 3514 2628 3567 sit
2654 3513 2861 3582 integer
2884 3518 3191 3572 exercitus?
3223 3519 3363 3575 Ecce
3392 3524 3540 3577 enim
3581 3540 3700 3579 om-

2117 3606 2271 3660 nibus
2296 3607 2599 3662 constitutis
2631 3609 3012 3678 principatibus
3033 3652 3047 3676 ,
3077 3626 3172 3666 eos
3210 3614 3465 3685 deinceps
3491 3629 3696 3683 armat,

2112 3708 2171 3755 et
2216 3698 2397 3753 educit
2423 3701 2489 3753 ad
2522 3699 2745 3754 bellum.
2786 3701 2921 3755 Nam
2951 3704 2994 3755 si
3040 3719 3198 3758 nemo
3226 3707 3451 3776 arripiat
3479 3711 3700 3766 alterius

2117 3790 2471 3859 principatum
2492 3831 2508 3854 ,
2536 3792 2631 3845 sed
2663 3794 3026 3862 unusquisque
3067 3807 3282 3852 maneat
3308 3800 3361 3853 in
3395 3800 3515 3857 loco
3554 3818 3653 3857 suo
3675 3846 3692 3868 ,

2115 3883 2291 3937 omnia
2323 3892 2466 3938 recte
2515 3884 2806 3939 habebunt.
2836 3886 3236 3957 Confortamini,
3268 3892 3468 3962 inquit,
3507 3896 3562 3947 in
3588 3894 3698 3950 Do-

2116 3977 2253 4029 mino
2275 4017 2291 4043 ,
2319 3987 2365 4029 et
2408 3977 2463 4030 in
2486 3980 2711 4047 potentia
2750 3980 2946 4034 virtutis
2972 3984 3083 4052 ejus
3103 3998 3124 4037 :
3149 3982 3253 4038 hoc
3282 3996 3394 4048 est,
3425 3986 3478 4040 in
3507 4001 3604 4057 Spe
3644 3991 3697 4044 in

2118 4067 2294 4136 ipsum
2326 4083 2422 4137 per
2450 4068 2567 4137 ejus
2595 4070 2875 4124 auxilium.
2904 4070 3035 4125 Nam
3059 4075 3311 4142 quoniam
3340 4077 3507 4132 multa
3538 4079 3700 4147 jussit

2116 4174 2236 4228 qua:
2264 4160 2381 4213 ﬁeri
2406 4170 2707 4229 oporteret,
2736 4160 2941 4227 Nolite,
2972 4164 3176 4233 inquit,
3210 4166 3399 4221 timere
3418 4208 3432 4233 ,
3462 4183 3613 4236 spem
3642 4171 3696 4225 in

2119 4250 2404 4304 Dominum
2434 4251 2687 4321 conjicite
2708 4292 2724 4315 ,
2757 4262 2811 4306 et
2839 4253 3019 4307 omnia
3048 4254 3236 4309 reddet
3263 4255 3458 4311 facilia.
3498 4259 3587 4313 Η.
3627 4260 3698 4316 Ει

2112 4340 2311 4394 induite
2339 4357 2425 4394 vos
2471 4352 2787 4395 armaturam
2829 4341 2949 4409 Dei,
2981 4353 3038 4396 ut
3062 4346 3265 4413 possitis
3292 4356 3428 4401 stare
3455 4350 3697 4407 adversus

2112 4433 2329 4487 insidias
2355 4433 2565 4487 diaboli.
2596 4433 2713 4488 Non
2752 4433 2886 4488 dixit
2906 4474 2921 4499 ,
2950 4435 3223 4491 Adversus
3254 4454 3489 4509 pugnas,
3520 4457 3696 4513 neque

2116 4525 2373 4579 adversus
2401 4525 2540 4580 bella
2566 4566 2581 4589 ,
2609 4524 2703 4580 sed
2728 4566 2744 4589 ,
2778 4526 3032 4581 Adversus
3069 4527 3282 4583 insidias
3302 4548 3322 4584 :
3352 4547 3526 4603 neque
3552 4537 3694 4590 enim

2118 4620 2329 4673 incaute
2355 4628 2409 4673 et
2430 4629 2617 4689 aperte
2637 4619 2913 4673 nobiscum
2935 4620 3131 4675 bellum
3153 4623 3292 4690 gerit
3310 4624 3576 4690 inimicus.
3600 4630 3695 4684 sed

2117 4727 2181 4766 ex
2230 4711 2456 4765 insidiis.
2499 4711 2635 4778 Quid
2663 4718 2747 4765 est
2771 4722 2950 4765 autem
2978 4714 3236 4777 μιθοδείαῖ
3279 4722 3573 4773 Μιθοδιῡσαι
3612 4731 3698 4777 est

2116 4803 2363 4872 decipere
2386 4843 2402 4869 ,
2431 4810 2488 4857 et
2516 4817 2611 4871 per
2638 4800 2916 4856 machinas
2956 4817 3147 4871 capere
3175 4821 3199 4869 ε,
3220 4806 3361 4875 quod
3390 4809 3604 4878 quidem
3633 4810 3696 4866 ﬁt

2116 4904 2170 4949 et
2211 4896 2264 4948 in
2291 4894 2574 4957 artibus,et
2606 4894 2660 4947 in
2684 4892 3031 4959 orationibus,
3058 4894 3177 4949 etin
3224 4896 3377 4951 factis
3400 4941 3415 4962 ,
3448 4910 3503 4954 et
3530 4900 3582 4955 in
3614 4902 3699 4956 lu-

2117 4999 2202 5044 cta
2224 5029 2239 5053 ,
2271 5002 2366 5057 per
2392 5001 2487 5040 eos
2508 4985 2598 5055 qui
2627 5000 2727 5039 nos
2748 4985 3030 5041 seducunt.
3063 4986 3304 5056 Exempli
3331 5004 3491 5046 causa
3516 4991 3640 5046 dico
3677 5011 3709 5051 :-,

2118 5096 2407 5151 numquam
2431 5089 2613 5150 aperta
2658 5080 2912 5149 proponit
2938 5090 3155 5149 peccata
3180 5097 3196 5135 :
3225 5099 3331 5137 non
3360 5083 3491 5138 dicit
3518 5084 3695 5140 idolo-

2117 5174 2329 5228 latriam
2361 5186 2457 5227 seu
2497 5170 2700 5226 cultum
2726 5169 2994 5226 idolorum
3016 5212 3033 5239 ,
3078 5172 3173 5227 sed
3202 5174 3359 5228 aliter
3397 5174 3449 5229 id
3480 5176 3700 5232 instruit

2116 5284 2185 5323 ex
2231 5266 2473 5334 insidiis,
2520 5265 2625 5321 hoc
2667 5275 2784 5333 est,
2826 5264 3167 5336 probabilem
3218 5266 3451 5322 reddens
3501 5272 3701 5326 oratio-

2117 5375 2239 5413 nem
2265 5400 2280 5425 ,
2313 5369 2369 5412 et
2422 5367 2577 5412 utens
2627 5357 2935 5412 involucris.
2964 5357 3077 5413 Hoc
3119 5373 3247 5428 ergo
3292 5358 3456 5415 modo
3489 5364 3697 5418 excita-

2116 5452 2193 5505 vit
2236 5450 2432 5504 milites
2455 5489 2471 5517 ,
2500 5458 2557 5504 et
2604 5448 2780 5503 effecit
2810 5459 2868 5503 ut
2911 5461 3093 5505 essent
3130 5451 3335 5517 sobrii,
3366 5455 3701 5522 persuadens

2121 5551 2174 5596 ct
2202 5541 2403 5595 docens
2431 5540 2676 5608 praelium
2708 5540 2864 5595 nobis
2894 5540 3182 5595 ineundum
3210 5543 3469 5600 adversus
3499 5548 3575 5601 rei
3592 5548 3681 5604 bel

2118 5634 2234 5688 Iican
2257 5633 2486 5704 peritum
2511 5642 2567 5686 et
2592 5646 2697 5686 non
2720 5633 2930 5688 incaute
2956 5649 3056 5688 nec
3079 5646 3263 5703 aperte
3286 5636 3481 5691 bellum
3505 5655 3701 5710 geren-

2118 5738 2247 5793 tem,
2272 5725 2366 5781 sed
2392 5742 2458 5780 ex
2487 5725 2693 5779 insidiis
2717 5734 2772 5781 et
2797 5726 3099 5781 methodica
3126 5727 3353 5783 ratione.
3382 5728 3451 5785 Et
3468 5732 3699 5801 primum

2119 5822 2185 5877 ab
2207 5820 2323 5890 ejus
2352 5829 2489 5886 arte,
2521 5818 2757 5874 secundo
2784 5835 2810 5873 a
2848 5827 3031 5873 natura
3063 5829 3117 5875 et
3143 5819 3483 5879 multitudine
3503 5826 3702 5884 excitat
