4100 6412
407 350 511 407 159

405 463 717 534 discipulos.
749 460 951 516 Nolens
993 457 1226 528 dejicere
1256 456 1484 520 milites,
1511 454 1601 523 qui
1631 467 1812 506 secum
1844 455 1987 502 stant

407 558 668 612 adversus
700 555 904 625 ipsum,
936 551 1028 606 sed
1056 550 1295 605 excitare
1320 558 1376 603 et
1400 549 1608 617 erigere
1629 587 1643 611 ,
1674 544 1810 598 dixit
1842 550 1986 595 astu-

414 651 515 704 tias
563 657 616 702 et
655 645 871 701 subtilia
922 644 1185 714 cogitata,
1220 649 1274 695 et
1321 639 1497 694 effecit
1542 647 1599 691 ut
1645 636 1752 690 sint
1796 633 1983 688 sobrii.

413 740 546 795 Nam
591 740 635 793 si
676 738 847 791 solum
879 734 1106 789 narratis
1135 747 1319 787 eorum
1370 730 1571 784 viribus
1610 728 1769 781 linem
1810 725 1983 794 impo-

408 835 607 889 suisset
644 829 869 885 orationi
895 870 911 895 ,
933 844 1027 883 eos
1054 826 1336 896 dejecisset
1360 841 1372 877 :
1403 824 1447 877 si
1475 832 1651 876 autem
1673 831 1728 875 et
1751 828 1905 874 antea
1930 823 1984 872 ct

404 935 587 995 postea
613 920 847 977 ostendit
870 935 991 974 eum
1016 932 1173 989 posse
1196 916 1311 984 capi
1342 924 1397 971 et
1419 912 1728 984 expugnari,
1750 925 1843 967 eos
1871 924 1984 964 ma-

412 1018 494 1087 gis
521 1014 737 1069 excitat.
789 1010 921 1065 Nam
962 1010 1101 1064 vires
1140 1007 1569 1061 adversariorum
1610 1018 1716 1073 quo
1758 1017 1789 1057 a
1828 1000 1982 1056 nobis

404 1106 642 1176 apertius
690 1102 1063 1157 renuntiantur
1110 1099 1339 1162 nostris,
1372 1112 1438 1151 eo
1495 1106 1709 1151 nostros
1751 1091 1981 1148 reddunt

402 1196 791 1267 diligentiores.
849 1193 938 1248 12.
991 1192 1275 1259 Quoniam,
1322 1189 1528 1259 inquit,
1575 1204 1675 1241 non
1721 1195 1791 1240 est
1839 1185 1980 1239 nobis

403 1290 691 1347 colluctatio
719 1288 957 1341 adversus
984 1284 1279 1354 sanguinem
1321 1292 1367 1337 et
1396 1296 1598 1335 carnem
1620 1320 1635 1345 ,
1665 1278 1757 1333 sed
1795 1277 1978 1330 adver-

400 1401 489 1440 sus
515 1381 765 1453 principes
785 1388 830 1432 et
863 1385 1128 1446 potestates
1149 1416 1165 1441 ,
1193 1374 1430 1427 adversus
1457 1370 1634 1424 mundi
1658 1378 1874 1423 rectores
1902 1376 1977 1421 te-

402 1478 669 1530 nebrarum
688 1472 903 1537 harum,
925 1478 1099 1521 contra
1118 1465 1413 1535 spiritualia
1440 1463 1675 1529 nequitia:
1695 1460 1748 1513 in
1770 1458 1981 1513 caelesti-

402 1571 512 1624 bus.
542 1566 828 1634 Postquam
854 1578 882 1616 a
908 1575 1104 1632 genere
1130 1573 1318 1628 pugnae
1346 1557 1590 1611 hortatus
1619 1562 1702 1609 est
1721 1593 1736 1619 ,
1772 1550 1967 1607 deinde

401 1673 431 1712 a
480 1656 708 1726 praemiis
747 1652 1034 1724 propositis
1073 1665 1167 1705 eos
1205 1648 1429 1704 excitat.
1478 1644 1798 1713 Quomodo?
1842 1641 1979 1697 Cum

400 1750 628 1805 dixisset
656 1748 836 1801 hostes
877 1759 1001 1800 esse
1048 1744 1427 1806 vehementes,
1456 1738 1731 1808 subjunxit
1758 1752 1852 1792 eos
1879 1749 1979 1805 nos

408 1841 615 1911 magnis
631 1838 858 1908 privare.
880 1836 1202 1904 Quibusnam
1221 1834 1244 1887 ?
1260 1832 1437 1903 Pugna
1463 1843 1546 1886 est
1565 1832 1617 1884 in
1632 1829 1931 1885 caelestibus
1959 1845 1972 1883 :

405 1949 512 1989 non
536 1940 770 1988 certatur
797 1945 891 1999 pro
932 1926 1170 1998 pecuniis
1192 1966 1208 1990 ,
1237 1940 1343 1979 non
1374 1938 1470 1994 pro
1503 1924 1699 1993 gloria,
1732 1920 1826 1976 sed
1856 1934 1977 1975 cer-

401 2035 543 2080 tatur
572 2038 640 2079 ne
686 2021 992 2092 redigamur
1040 2019 1091 2073 in
1140 2017 1447 2071 servitutem
1496 2024 1551 2070 et
1592 2013 1973 2083 captivitatem.

399 2115 754 2187 Quamobrem
799 2112 1088 2168 inimicitia:
1131 2118 1256 2164 sunt
1303 2106 1775 2162 irreconciliabiles
1800 2122 1813 2159 :
1843 2118 1976 2158 con-

400 2210 568 2265 tentio
597 2217 650 2262 et
679 2220 848 2276 pugna
876 2213 959 2259 est
993 2201 1365 2256 vehementior
1389 2239 1405 2264 ,
1434 2198 1646 2268 quando
1671 2211 1767 2266 pro
1812 2196 1976 2250 rebus

402 2302 607 2371 magnis
631 2299 914 2368 suscipitur
938 2314 950 2350 :
980 2295 1109 2350 illud
1140 2294 1279 2347 enim
1303 2332 1318 2356 ,
1364 2290 1431 2344 ln
1461 2289 1741 2344 caelestibus
1766 2329 1781 2355 ,
1808 2286 1973 2357 signi-

402 2394 527 2447 ficat
548 2434 562 2457 ,
594 2405 691 2460 pro
721 2387 1051 2444 etnlestibus.
1099 2384 1214 2439 Non
1248 2390 1307 2436 ιιι
1345 2381 1443 2451 ipsi
1489 2381 1764 2434 victoriam
1794 2377 1971 2446 adepti

399 2484 597 2554 aliquid
628 2491 1055 2552 consequantur,
1085 2477 1179 2532 sed
1202 2485 1259 2530 ut
1285 2490 1380 2528 nos
1409 2474 1636 2543 privent.
1666 2471 1735 2527 Ut
1758 2470 1801 2524 si
1831 2470 1976 2524 dice-

399 2587 516 2639 ret,
546 2584 755 2644 pactum
806 2578 1129 2626 conventum
1176 2577 1260 2621 est
1308 2568 1359 2619 in
1404 2565 1583 2633 aliquo
1608 2603 1622 2627 ,
1659 2562 1783 2616 illud
1812 2562 1865 2614 in
1894 2568 1976 2614 est

400 2682 525 2736 pro,
556 2674 610 2719 et
637 2665 691 2717 in
730 2670 813 2717 est
840 2670 1064 2730 praplcr.
1097 2657 1230 2711 Vide
1275 2654 1540 2725 quomodo
1586 2654 1725 2708 vires
1774 2651 1973 2706 inimici

399 2772 498 2810 nos
544 2757 811 2815 excitant.
861 2761 916 2807 et
959 2750 1163 2805 faciunt
1192 2759 1246 2803 ut
1278 2748 1444 2802 simus
1471 2746 1679 2811 sobrii,
1723 2760 1789 2801 eo
1831 2741 1973 2814 quod

398 2848 627 2901 sciamus
659 2845 725 2899 de
753 2844 917 2898 rebus
944 2842 1149 2912 magnis
1181 2853 1302 2896 esse
1329 2836 1619 2909 periculum
1641 2877 1656 2901 ,
1684 2846 1738 2891 et
1762 2835 1830 2890 de
1857 2849 1973 2889 ma-

397 2939 517 3009 gnis
546 2939 656 2993 fore
688 2937 966 2992 victoriam
993 2952 1007 2988 :
1038 2933 1215 2988 studet
1238 2932 1376 2985 enint
1410 2946 1507 2984 nos
1534 2945 1564 2984 e
1588 2928 1721 2983 ca-lo
1750 2927 1968 2996 ejicere.

398 3034 667 3097 Quasnam
714 3029 843 3083 dicit
869 3025 1139 3097 principes
1177 3032 1231 3078 et
1261 3030 1549 3092 potestates
1581 3028 1637 3075 et
1680 3017 1861 3073 mundi
1890 3032 1975 3073 re-

398 3135 577 3180 ctores
607 3123 763 3192 hujus
789 3120 968 3175 saeculi
1002 3118 1338 3172 tenebrarum
1368 3114 1595 3168 harant?
1622 3125 1973 3183 quarumnam

398 3213 784 3271 tenebrarum?
814 3208 1070 3279 numquid
1102 3206 1315 3261 noctis?
1342 3205 1682 3273 Nequaquam
1704 3244 1720 3270 ,
1748 3200 1843 3256 sed
1874 3215 1971 3256 ne-

397 3310 623 3379 quitiae:
666 3306 891 3360 Eramus
935 3305 1076 3358 enim
1103 3341 1117 3363 ,
1166 3298 1367 3368 inquit,
1410 3295 1693 3366 aliquando
1736 3292 1973 3348 tenebras

397 3399 613 3471 (Epltes.
645 3397 697 3452 5.
728 3396 821 3467 8);
852 3393 1137 3463 nequitiam
1182 3391 1365 3445 dicens
1389 3398 1445 3443 et
1487 3387 1823 3457 pravitatem,
1856 3400 1973 3454 qua:

397 3491 551 3547 estin
576 3489 677 3543 vita
700 3486 969 3558 praesenti.
992 3483 1105 3538 Non
1130 3482 1346 3536 habebit
1365 3480 1505 3535 enim
1531 3480 1753 3534 ulterius
1771 3479 1967 3543 locum,

397 3600 503 3640 non
532 3585 583 3637 in
610 3582 743 3637 ctclo
763 3622 777 3645 ,
810 3595 915 3633 non
944 3578 995 3632 in
1028 3576 1224 3631 sarculo
1252 3573 1449 3628 futuro.

472 3675 697 3729 Mundus
726 3674 780 3726 in
830 3671 1099 3739 Scriptura
1148 3666 1308 3720 malos
1337 3666 1564 3718 homines
1593 3660 1868 3732 aliquando
1897 3660 1971 3714 si—

400 3769 628 3839 gniﬁcat.
663 3794 735 3805 —
760 3764 867 3817 Eos
894 3771 1069 3815 autem
1095 3758 1226 3813 dicit
1251 3757 1429 3811 mundi
1462 3767 1697 3809 rectores
1720 3794 1735 3819 ,
1771 3769 1875 3807 non
1916 3761 1975 3807 ut

397 3861 488 3930 qui
520 3858 571 3910 in
611 3854 810 3909 mundo
840 3853 1113 3906 obtineant
1142 3850 1502 3910 dominatum,
1534 3846 1628 3900 sed
1675 3845 1817 3914 quod
1858 3859 1971 3897 ma-

403 3951 574 4003 lorum
604 3960 825 4016 operum
854 3944 961 3997 sint
985 3956 1176 3998 causa}.
1223 3940 1354 3994 Nam
1388 3939 1529 3993 hunc
1556 3937 1810 3991 mundum
1838 3937 1973 3989 solet

398 4040 668 4109 Scriptura
717 4035 986 4106 appellare
1030 4033 1319 4086 sceleratas
1362 4028 1633 4089 actiones;
1664 4035 1720 4080 ut
1759 4026 1972 4095 quando

398 4130 530 4187 dicit
555 4129 799 4183 Christus
825 4168 839 4190 ,
883 4124 980 4178 Vos
1012 4141 1112 4176 non
1139 4123 1257 4176 estis
1286 4138 1349 4174 ex
1373 4122 1470 4174 hoc
1493 4119 1700 4183 mundo,
1732 4118 1860 4171 sicut
1881 4133 1970 4186 ego

401 4240 502 4276 non
529 4238 641 4275 sum
670 4237 733 4275 ea:
760 4218 969 4272 mundo.
1001 4216 1185 4270 Nonne
1234 4224 1385 4268 erant
1414 4228 1476 4267 ex
1525 4211 1764 4265 tnundo?
1796 4224 1971 4263 nonne

396 4328 563 4368 carne
589 4319 740 4365 erant
764 4307 1113 4363 circumdati?
1141 4321 1317 4359 nonne
1353 4312 1507 4358 erant
1531 4318 1595 4356 ex
1628 4301 1691 4355 iis
1720 4301 1807 4369 qui
1846 4307 1972 4355 sunt

397 4407 450 4460 in
479 4403 714 4458 mundo?
754 4401 822 4456 Et
865 4415 1089 4454 rursus:
1140 4397 1365 4450 Mundus
1394 4412 1472 4449 me
1514 4395 1619 4448 odit
1644 4410 1661 4447 :
1690 4410 1774 4448 vos
1804 4404 1971 4446 autem

397 4514 499 4550 non
528 4504 686 4565 potest
710 4494 874 4548 odisse
900 4490 1076 4563 (Joan.
1102 4490 1188 4545 17.
1223 4489 1306 4542 14.
1331 4497 1375 4541 ει
1404 4489 1457 4541 7.
1482 4487 1536 4557 'l)
1557 4504 1570 4550 ;
1595 4486 1760 4540 malas
1786 4498 1970 4539 rursus

398 4590 583 4644 dicens
611 4588 868 4641 actiones.
899 4585 995 4640 Vel
1034 4583 1288 4637 rutundum
1331 4582 1418 4635 hic
1444 4581 1577 4635 dicit
1600 4581 1768 4636 malos
1800 4580 1971 4635 homi-

399 4694 531 4741 nes;
560 4677 829 4731 daemones
855 4678 994 4729 enim
1040 4677 1094 4728 in
1123 4690 1215 4729 eos
1257 4676 1425 4743 magis
1455 4673 1782 4726 dominatum
1826 4672 1969 4725 obti-

398 4780 546 4825 nent.
575 4768 763 4823 Contra
791 4766 1081 4836 spiritualia
1105 4766 1357 4835 nequitiae,
1379 4765 1566 4834 inquit,
1596 4766 1648 4817 in
1669 4745 1966 4818 cwlestibus.

397 4861 674 4929 Principes
698 4858 831 4913 dicit
852 4868 905 4912 ct
932 4866 1260 4928 potestates;
1303 4857 1440 4910 sicut
1467 4858 1625 4910 etiam
1654 4857 1706 4910 in
1736 4856 1957 4910 caelesti-

397 4953 500 5008 hus
547 4960 670 5006 sunt
719 4950 936 5014 throni,
968 4949 1394 5013 dominationes,
1424 4949 1783 5017 principatus.
1818 4958 1968 5017 pote-

397 5054 584 5098 states.
615 5043 702 5097 15.
739 5041 1036 5111 Propterea,
1067 5040 1257 5109 inquit,
1285 5042 1498 5110 accipite
1518 5051 1831 5093 armaturam
1848 5039 1967 5106 Dei,

398 5147 457 5191 ut
488 5136 687 5206 possitis
723 5135 954 5187 resistere
988 5134 1042 5186 in
1067 5133 1149 5186 die
1178 5133 1312 5186 malo
1333 5174 1347 5195 ,
1377 5143 1424 5186 et
1463 5134 1516 5185 in
1546 5133 1777 5187 omnibus
1804 5136 1972 5204 perfe-

394 5229 463 5282 rti
512 5238 665 5281 stare.
720 5226 866 5279 Diem
911 5226 1108 5279 tnalum
1152 5225 1277 5279 dicit
1319 5228 1481 5278 vitam
1529 5235 1845 5294 prwseiitem
1872 5243 1884 5278 :
1916 5233 1970 5280 et

398 5320 595 5374 malum
623 5317 873 5371 sa-culnm
904 5316 1008 5371 hoc
1030 5315 1158 5370 dicit
1183 5357 1197 5380 ,
1220 5331 1285 5370 ex
1313 5316 1467 5369 malis
1493 5332 1611 5384 quze
1640 5316 1691 5368 in
1722 5330 1786 5370 eo
1816 5314 1968 5369 fiunt.

399 5412 454 5465 Id
484 5421 567 5465 est
587 5452 600 5472 ,
629 5425 843 5477 semper
872 5409 1061 5462 armati
1099 5417 1291 5463 estote.
1337 5406 1405 5460 Et
1447 5407 1675 5461 euntibus
1704 5449 1719 5473 ,
1754 5408 1921 5476 inquit
1950 5448 1965 5474 ,

402 5502 677 5569 confectis;
720 5502 821 5555 hoc
859 5511 941 5554 est
961 5539 977 5565 ,
1026 5499 1253 5554 devictis
1283 5498 1426 5554 vitiis
1452 5541 1466 5563 ,
1498 5498 1743 5552 absurdis
1772 5513 1971 5552 concu-

398 5594 669 5662 piscentiis
688 5633 703 5658 ,
730 5601 786 5647 et
813 5594 1062 5648 oomibus
1081 5608 1199 5661 qua:
1227 5591 1379 5646 nobis
1399 5591 1627 5645 all'crunt
1646 5591 1968 5646 molestiam.

402 5683 515 5738 Non
545 5684 678 5738 dixit
702 5686 872 5738 solum
904 5685 1080 5740 facere
1102 5726 1115 5747 .
1139 5683 1231 5738 sed
1264 5683 1547 5752 perlicere;
1572 5692 1630 5737 ut
1661 5698 1764 5737 non
1794 5682 1970 5739 solum

394 5776 461 5832 de
490 5778 666 5833 medio
697 5777 919 5847 tollant,
953 5777 1048 5833 sed
1076 5776 1237 5833 etiam
1260 5784 1407 5832 stent
1431 5786 1711 5847 postquam
1740 5774 1972 5833 sustule-

1128 346 1185 401 s.
1223 341 1498 400 JOANNIS
1534 305 2005 397 cnuvsosront
2045 335 2363 394 ARCHIEP.
2401 338 2931 397 CONSTANTINOP.

3562 346 3660 402 160

2091 449 2236 503 rint:
2270 466 2391 504 nam
2429 452 2579 506 multi
2610 452 2747 507 hanc
2773 454 2947 523 adepti
2978 456 3252 512 victoriam
3297 474 3480 514 rursus
3518 464 3659 517 ceci-

2086 541 2303 597 derunt.
2336 542 2613 611 Omnibus,
2644 546 2849 616 inquit,
2873 551 3116 620 confectis
3142 567 3160 604 :
3189 567 3293 606 non
3324 552 3424 609 hoc
3443 554 3657 624 quidem

2083 634 2369 703 confecto,
2417 638 2508 692 illo
2560 655 2686 693 vero
2736 656 2839 694 non
2872 659 2886 695 :
2916 654 3058 698 stare
3100 647 3241 699 enim
3286 658 3496 717 oportet
3540 662 3660 720 post

2082 726 2376 781 victoriam.
2402 729 2611 799 Dejecta
2632 733 3173 804 suntaliquando,sed
3200 756 3317 809 qua:
3343 740 3660 810 dejicittntur

2082 817 2407 874 reviviscunt
2429 836 2465 908 ε⁶
2485 821 2585 876 nisi
2616 824 2921 879 steterimus
2946 867 2960 891 ,
3009 828 3168 883 etiam
3202 846 3319 899 qua:
3350 833 3656 891 ceciderunt

2084 919 2385 980 resurgunt.
2412 911 2589 968 Donec
2608 922 2831 982 stamus,
2853 917 3058 986 dejecta
3077 930 3230 975 sunt:
3250 922 3418 979 donec
3434 941 3536 981 non
3552 930 3657 983 cir-

2080 1001 2435 1071 cumagimur,
2453 1003 2542 1059 ille
2559 1020 2661 1058 non
2683 1008 2927 1077 resurgit.
2948 1007 3232 1067 lnduamnr
3252 1027 3525 1071 armatura
3539 1020 3651 1076 Dei.

2150 1091 2204 1146 4.
2240 1091 2400 1147 Vides
2439 1095 2707 1163 quomodo
2746 1108 2945 1152 metum
2991 1100 3268 1159 ademerit.
3302 1105 3434 1161 Nam
3464 1109 3508 1163 si
3536 1110 3649 1165 fieri

2080 1188 2255 1251 potest
2281 1191 2338 1236 ut
2360 1184 2706 1240 conficiemus
2725 1197 2779 1242 et
2798 1198 3022 1257 stemus,
3047 1206 3145 1246 cur
3170 1195 3368 1265 refugis
3388 1212 3611 1268 pugnam
3631 1202 3655 1255 Ἰ

2079 1272 2171 1328 Sta
2202 1275 2381 1330 hostes
2409 1276 2721 1345 conficiens,
2754 1289 2806 1334 et
2834 1282 3028 1336 vicisti.
3062 1284 3125 1338 Et
3154 1301 3226 1341 ne
3264 1289 3494 1350 mireris,
3512 1293 3654 1361 quod

2080 1373 2225 1423 tanta
2264 1366 2332 1421 de
2373 1367 2604 1422 hostium
2635 1370 2838 1426 viribus
2875 1386 3148 1431 recenseat
3176 1393 3190 1432 :
3221 1394 3341 1432 nam
3375 1396 3654 1438 recensere

2079 1456 2223 1511 vires
2253 1457 2611 1526 inimicorum,
2640 1477 2745 1514 non
2778 1472 2977 1517 tnetutn
3004 1465 3158 1520 affert
3178 1476 3232 1522 et
3261 1470 3526 1535 timorem,
3558 1475 3653 1529 sed

2078 1547 2339 1617 ignaviam
2372 1552 2576 1607 excutit
2614 1561 2671 1607 et
2708 1554 3029 1609 socordiam.
3078 1557 3145 1613 Ut
3174 1562 3411 1630 possitis,
3445 1564 3649 1632 inquit,

2078 1640 2305 1695 resistere
2341 1642 2394 1694 in
2432 1642 2514 1696 die
2552 1644 2707 1699 malo.
2753 1649 2797 1700 Α
2831 1656 3072 1717 tempore
3116 1652 3274 1705 etiam
3323 1656 3647 1711 consolatur.

2078 1730 2330 1802 Tempus,
2362 1734 2550 1803 inquit,
2590 1744 2673 1791 est
2703 1736 2863 1794 breve
2892 1757 2905 1791 :
2939 1756 3103 1810 quare
3129 1754 3341 1813 oportet
3364 1757 3508 1804 stare
3541 1767 3553 1802 :
3584 1765 3652 1805 ne

2077 1822 2268 1877 defessi
2298 1824 2414 1879 sitis
2443 1835 2562 1892 post
2588 1827 2811 1883 eadem.
2840 1828 2894 1884 Si
2921 1842 3003 1885 est
3026 1848 3153 1904 ergo
3181 1834 3378 1890 bellum
3403 1878 3417 1899 ,
3444 1840 3488 1893 si
3515 1841 3651 1897 tales

2076 1924 2201 1969 sunt
2226 1917 2389 1983 acies,
2414 1919 2457 1972 si
2489 1919 2791 1989 incorporei
2815 1924 3102 1994 principes,
3120 1928 3164 1982 si
3187 1932 3366 1985 mundi
3388 1943 3646 2003 rectores,

2076 2006 2122 2059 si
2148 2007 2439 2075 spiritualia
2468 2011 2748 2080 nequitiae;
2777 2016 3066 2083 quomodo,
3101 2020 3413 2089 dic,qu:eso,
3442 2024 3649 2083 deliciis

2076 2097 2360 2168 indulges?
2387 2102 2656 2171 quomodo
2680 2118 2739 2158 es
2764 2104 3098 2164 dissolutus?
3126 2116 3392 2180 quomodo
3417 2118 3648 2175 inermes

2075 2203 2329 2257 superare
2383 2192 2723 2261 poterimus?
2778 2194 2905 2251 Haec
2947 2203 3306 2272 unusquisque
3351 2206 3453 2260 sibi
3507 2209 3655 2264 dicat

2074 2281 2331 2349 quotidie,
2358 2284 2569 2353 quando
2591 2285 2639 2339 ei
2668 2284 2971 2342 dominatur
2997 2291 3095 2357 ira,
3122 2296 3333 2362 quando
3364 2299 3643 2369 cupiditas,

2074 2374 2285 2443 quando
2313 2376 2503 2445 quaerit
2546 2376 2683 2433 hanc
2727 2380 2945 2436 mollem
2975 2384 3136 2438 vitam
3169 2386 3426 2444 lubricam
3466 2401 3521 2446 et
3566 2394 3648 2447 in-

2074 2472 2428 2521 constantem.
2456 2468 2652 2522 Audiat
2677 2470 2889 2524 beatum
2931 2473 3148 2528 Paulum
3191 2476 3478 2546 dicentem,
3527 2481 3649 2537 Non

2072 2567 2147 2611 est
2175 2557 2314 2612 nobis
2345 2558 2632 2614 colluctatio
2661 2562 2899 2617 adversus
2923 2567 3217 2635 sanguinem
3242 2580 3288 2622 et
3314 2586 3533 2638 carnem,
3554 2575 3647 2628 sed

2074 2650 2312 2703 adversus
2352 2652 2625 2720 principes,
2670 2654 2912 2709 adversus
2956 2667 3245 2725 potestates.
3293 2661 3403 2717 Hoc
3453 2665 3646 2721 bellum

2073 2748 2157 2794 est
2185 2741 2368 2795 sensili
2404 2743 2621 2811 gravius
2642 2783 2657 2808 ,
2694 2760 2866 2814 pugna
2898 2747 3282 2805 vehementior.
3312 2752 3494 2825 Cogita
3520 2772 3648 2827 ergo

2072 2842 2327 2900 quantum
2372 2844 2582 2904 tempus
2623 2836 2723 2890 iste
2765 2836 3028 2903 luctatur,
3078 2857 3172 2909 pro
3200 2860 3306 2912 quo
3335 2858 3563 2916 pugnat,
3594 2859 3649 2906 et

2072 2932 2190 2978 esto
2218 2924 2443 2979 cautior.
2477 2926 2680 2991 Etiam,
2714 2929 2953 2999 inquies;
2989 2931 3085 2987 sed
3111 2937 3436 3004 oportuisset
3461 2940 3648 2996 diabo-

2075 3015 2180 3068 lum
2202 3015 2269 3071 de
2297 3016 2474 3071 medio
2506 3017 2642 3083 tolli,
2670 3027 2725 3073 et
2745 3032 2932 3076 omnes
2958 3021 3090 3076 salvi
3125 3034 3323 3079 essent.
3353 3027 3481 3084 Haec
3506 3046 3647 3101 pra:-

2076 3106 2299 3162 teodunt
2336 3107 2552 3178 quidam
2579 3110 2832 3166 socordes
2862 3120 2917 3166 et
2945 3112 3138 3183 ignavi.
3168 3116 3301 3171 Cum
3332 3130 3644 3192 oporteret,

2072 3214 2105 3251 o
2136 3198 2315 3266 homo,
2350 3208 2402 3253 te
2429 3214 2587 3269 agere
2606 3201 2805 3271 gratias
2828 3202 2987 3272 quod,
3020 3204 3063 3258 si
3084 3205 3234 3273 velis,
3263 3224 3383 3263 eum
3406 3226 3644 3281 superes,

2073 3301 2260 3346 contra
2285 3292 2453 3348 etiam
2479 3307 2785 3357 succenses,
2814 3295 2974 3350 verba
3003 3297 3226 3368 loquens
3253 3301 3532 3371 cujusdam
3554 3306 3648 3362 de-

2072 3382 2205 3437 sidis
2229 3391 2284 3437 et
2310 3383 2632 3439 somnolenti
2674 3385 2876 3440 militis.
2920 3386 3094 3456 Nosti,
3142 3390 3188 3445 si
3229 3393 3382 3460 velis,
3416 3396 3649 3454 rationes

2073 3473 2268 3544 quibus
2286 3472 2704 3543 apprehenditur
2728 3491 2741 3526 :
2765 3476 3001 3547 undique
3026 3480 3396 3551 circumspice,
3421 3486 3647 3556 teipsum

2075 3564 2240 3618 muni.
2273 3563 2387 3617 Non
2414 3574 2499 3619 est
2526 3562 2700 3620 sol’um
2731 3581 2906 3637 pugna
2936 3569 3192 3626 adversus
3217 3572 3524 3642 diabolum,
3554 3578 3647 3633 sed

2074 3658 2232 3711 etiam
2281 3657 2537 3712 adversus
2581 3658 2723 3713 illius
2767 3668 3077 3728 potestates.
3113 3665 3392 3729 Quomodo
3415 3682 3544 3738 ergo
3569 3669 3649 3724 lu-

2073 3747 2334 3802 ctabimur
2361 3762 2483 3801 cum
2512 3748 2784 3803 tenebris?
2819 3749 2876 3804 Si
2904 3750 2995 3805 lux
3023 3751 3143 3806 facti
3173 3752 3453 3809 fuerimus.
3499 3758 3647 3826 Quo-

2075 3838 2233 3894 modo
2269 3854 2389 3893 cum
2419 3840 2787 3908 spiritualibus
2824 3843 3117 3910 nequitiae?
3143 3843 3199 3899 Si
3229 3844 3350 3900 facti
3394 3846 3648 3906 fuerimus

2073 3931 2219 3985 boni.
2252 3931 2400 3985 Bono
2425 3932 2567 3985 enim
2597 3935 2928 3988 contrarium
2955 3944 3037 3989 est
3067 3937 3298 4005 nequitia
3318 3948 3372 3994 et
3391 3942 3645 4011 pravitas,

2073 4032 2127 4078 et
2156 4023 2242 4078 lux
2273 4023 2487 4093 expellit
2530 4026 2778 4081 tenebras
2806 4043 2819 4081 :
2846 4027 2987 4096 quod
3025 4028 3069 4081 si
3107 4029 3201 4098 ipsi
3232 4046 3443 4102 quoque
3481 4035 3649 4091 simus

2076 4116 2306 4169 tenebrae
2332 4156 2348 4181 ,
2399 4116 2620 4169 omnino
2662 4117 2935 4187 capiemur
2975 4127 3029 4172 et
3067 4121 3455 4188 superabimur.
3502 4126 3648 4192 Quo-'-

2073 4206 2233 4261 modo
2279 4221 2407 4275 ergo
2454 4207 2600 4276 ipsos
2643 4208 3049 4277 superabitnus?
3078 4211 3132 4265 Si
3178 4213 3319 4282 quod
3347 4214 3419 4268 illi
3449 4225 3575 4270 sunt
3616 4232 3648 4271 a

2073 4310 2281 4365 natura,
2313 4298 2486 4354 effecti
2522 4299 2778 4355 fuerimus
2818 4316 2885 4354 ex
2930 4301 3098 4357 libero
3135 4305 3357 4362 arbitrio
3394 4318 3448 4363 et
3487 4310 3649 4365 animi

2073 4393 2334 4457 instituto,
2361 4407 2554 4461 netnpe
2592 4401 2741 4446 extra
2781 4408 2995 4448 carnem
3020 4404 3072 4450 et
3095 4397 3426 4467 sanguinem,
3452 4401 3528 4453 sic
3555 4416 3647 4455 eos

2072 4486 2343 4555 capiemus
2368 4493 2424 4539 et
2450 4484 2746 4539 vincemus.
2786 4484 2914 4539 Nam
2945 4489 3196 4557 quoniam
3240 4501 3323 4544 est
3362 4492 3649 4547 verisimile

2073 4577 2219 4647 ipsos
2239 4592 2269 4629 a
2291 4576 2472 4630 multis
2486 4577 2696 4647 agitari,
2718 4575 2795 4633 Ne
2816 4578 3154 4646 existimetis,
3176 4581 3368 4651 inquit,
3383 4584 3523 4649 quod
3549 4585 3644 4652 ipsi

2073 4671 2349 4726 nobiscum
2377 4669 2575 4725 bellum
2603 4681 2794 4740 gerant
2820 4688 2835 4725 :
2867 4672 2958 4741 qui
2986 4674 3037 4726 in
3065 4674 3195 4743 ipsis
3223 4686 3511 4743 operantur
3533 4678 3645 4731 dae-

2074 4778 2260 4817 mones
2281 4772 2423 4825 sunt,
2454 4763 2541 4832 qui
2569 4763 2766 4818 bellum
2791 4775 2985 4834 gerunt
3017 4784 3030 4818 :
3060 4765 3317 4822 adversus
3344 4768 3468 4822 illos
3495 4770 3646 4822 nobis

2073 4865 2155 4909 est
2183 4868 2377 4923 pugna.
2413 4854 2524 4907 Duo
2549 4864 2729 4910 autem
2758 4871 2825 4910 ex
2855 4857 2938 4910 his
2975 4856 3160 4922 efficit,
3195 4866 3253 4912 ut
3292 4860 3379 4928 qui
3418 4869 3475 4913 et
3504 4861 3646 4928 ipsos

2073 4947 2261 5002 reddat
2297 4947 2609 5002 audaciores
2652 4948 2913 5003 adversus
2951 4964 3044 5003 eos
3088 4950 3177 5019 qui
3217 4967 3276 5006 se
3318 4964 3642 5022 oppugnant,

2073 5039 2395 5109 illorumqne
2426 5039 2661 5092 animum
2699 5054 2883 5093 contra
2912 5039 3093 5096 hostes
3119 5042 3302 5112 erigat.
3329 5041 3396 5096 Et
3418 5058 3646 5112 quanam

2072 5134 2140 5188 de
2163 5147 2322 5199 causa
2348 5132 2499 5187 nobis
2528 5148 2699 5203 pugna
2731 5133 2986 5188 adversus
3017 5151 3110 5189 eos
3134 5146 3319 5190 exorta
3353 5138 3475 5191 est?
3501 5138 3647 5205 Quo-

2076 5224 2220 5277 niam
2270 5223 2323 5278 in
2384 5223 2525 5278 bello
2576 5226 2774 5277 sociam
2825 5224 3081 5279 habemus
3139 5227 3597 5297 inexpugnabilem
3631 5269 3647 5291 ,

2075 5330 2269 5385 nempe
2306 5314 2529 5385 spiritus
2571 5316 2829 5384 gratiam.
2863 5332 2983 5370 eam
3026 5329 3193 5372 artem
3240 5319 3546 5381 didicimus,
3596 5328 3653 5373 ut

2076 5408 2330 5462 adversus
2356 5407 2599 5462 homines
2619 5423 2727 5461 non
2751 5408 3016 5475 possimus
3044 5409 3254 5474 luctari,
3278 5412 3372 5466 sed
3395 5411 3651 5465 adversus

2076 5498 2368 5555 daemones.
2390 5498 2446 5554 Si
2478 5510 2655 5555 autem
2676 5501 2920 5562 velimus.
2950 5517 3017 5557 ne
3046 5502 3367 5557 luctabimur
3385 5505 3599 5577 quidem
3631 5523 3648 5561 :

2076 5606 2198 5645 nam
2230 5591 2371 5645 lucta
2412 5600 2495 5646 est
2531 5592 2782 5661 quoniam
2824 5592 3088 5648 volumus.
3128 5594 3257 5663 Ejus
3291 5595 3432 5649 enim
3468 5597 3557 5666 qui
3600 5598 3650 5650 in

2080 5682 2234 5738 nobis
2262 5683 2522 5738 inhabitat
2550 5693 2693 5737 tanta
2722 5692 2807 5738 est
2840 5685 3031 5748 virtus,
3062 5695 3121 5739 ut
3142 5686 3283 5741 dicat
3326 5704 3341 5742 :
3382 5687 3515 5741 Ecce
3537 5688 3653 5740 dedi

2076 5776 2211 5831 vobis
2238 5786 2529 5847 potestatem
2557 5776 2787 5832 calcandi
2811 5793 2961 5847 super
2995 5788 3249 5849 serpentes
3274 5790 3323 5833 et
3342 5779 3649 5849 scorpiones,
