4100 6412
481 356 577 409 161
1133 354 1193 410 8.
1230 352 1519 411 ιοΑΝΝιε
1555 349 2050 408 CIIRYSOSTOMI
2089 346 2417 406 ARCHIEP.
2457 347 3013 404 CONSTANTINOP.
3631 347 3734 403 162

479 470 592 534 θεῖς
632 472 818 541 ἐσμεν,
847 471 1149 542 παλαίομεν
1182 472 1365 535 αὐτοῖς
1391 491 1404 503 ·
1439 472 1561 523 ἐπεὶ
1606 471 1686 523 ὄτι
1721 470 1933 531 Παῦλος
1962 467 2063 520 οῦκ

479 559 797 623 ἐπάλαισεν,
832 558 1064 612 ἄκουσον
1096 559 1260 611 αὑτοῦ
1293 560 1543 627 λέγοντος
1572 576 1585 589 ’
1618 558 1719 622 Τίς
1758 555 1915 624 ἡμᾶς
1957 572 2067 625 χω-

473 648 633 714 ρίσει
680 645 798 700 ἀπὸ
834 646 946 714 τῆς
972 646 1214 714 ἀγάπης
1246 646 1353 699 τοῦ
1416 644 1673 712 Χριστοῦ
1704 661 1721 709 ;
1765 644 1994 711 (mm,
2028 642 2066 709 ἢ

481 735 871 800 στενοχωρία,
902 733 941 800 ἢ
977 733 1175 801 λιμὸς,
1202 734 1239 800 ἢ
1284 732 1558 801 διωγμὸς,
1588 732 1627 799 ἢ
1670 733 1991 801 γυμνότης,
2032 729 2069 797 ἢ

480 820 783 886 κίνδυνος,
816 822 855 889 ἢ
906 822 1212 891 μάχαιρα;
1247 822 1355 873 Καὶ
1381 822 1543 874 πάλιν
1595 820 1757 873 ἄκουε
1787 818 1952 871 αὑτοῦ
1990 817 2075 869 λέ-

481 924 669 974 γοντος
695 925 708 937 ·
742 906 796 958 Ὁ
831 908 977 973 Θεὸς
996 909 1313 975 συντρίψει
1351 908 1459 959 τὸν
1481 904 1756 960 σατανᾶν
1791 907 1907 961 ὑπὸ
1932 904 2073 970 τοὺς

482 993 673 1059 πόδας
707 993 873 1063 ὑμῶν
900 995 970 1047 ἐν
989 994 1176 1061 τάχει.
1212 992 1341 1065 Εἶχε
1365 995 1474 1066 γὰρ
1515 994 1676 1047 αὐτὸν
1701 993 2075 1062 ὑποτεταγμέ-

480 1096 572 1132 νον
598 1094 611 1109 '
663 1080 744 1132 διὸ
791 1082 886 1133 καὶ
938 1082 1112 1149 ἔλεγε·
1171 1082 1569 1151 Παραγγέλλω
1594 1098 1693 1136 σοι
1734 1082 1803 1135 ἐν
1834 1082 2076 1149 ὀνόματι

483 1168 592 1223 τοῦ
643 1169 867 1235 Κυρίου
914 1169 1109 1235 Ἰησοῦ
1147 1169 1419 1232 ἐξελθεῖν
1446 1170 1548 1223 ἀπ’
1574 1169 1787 1237 αὐτῆς.
1815 1169 1988 1222 Τοῦτο
2020 1168 2077 1221 δὲ

484 1259 587 1311 οὐκ
613 1257 731 1310 ἔστι
768 1257 1190 1320 παλαίοντος.’0
1228 1258 1336 1329 γὰρ
1367 1258 1614 1312 παλαίων
1642 1258 1856 1311 οὐδέπω
1893 1256 2077 1328 ἐνίκη-

489 1363 607 1411 σεν,
644 1350 673 1401 0
702 1348 759 1400 δὲ
785 1349 1019 1417 νικήσας
1071 1348 1254 1400 οὐκέτι
1292 1348 1532 1401 παλαίει.
1573 1347 1867 1411 Ὑπέταξεν
1895 1347 2077 1412 αὑτὸν,

491 1435 934 1507 ἐξηχμαλώτισε.
962 1437 1073 1489 Καὶ
1100 1437 1305 1508 Πέτρος
1334 1437 1389 1489 δὲ
1412 1438 1511 1489 οὐκ
1542 1437 1767 1490 ἐπάλαιε
1790 1435 1868 1507 τῷ
1903 1434 2082 1487 διαϐό-

486 1524 583 1593 λῳ,
618 1524 735 1577 ἀλλ’
759 1522 797 1575 ὂ»
825 1524 921 1575 τοῦ
958 1524 1216 1576 παλαῖσαι
1249 1524 1454 1593 βέλτιον
1482 1520 1572 1594 ἦν,
1597 1524 1753 1577 τοῦτο
1772 1522 2076 1593 εἰργάζετο.

502 1614 592 1665 Ἐν
643 1615 754 1675 τοῖς
784 1615 1017 1675 πιστοῖς,
1044 1615 1101 1665 ἐν
1136 1616 1249 1676 τοῖς
1281 1613 1668 1677 ὑπακούουσιν,
1699 1615 1757 1666 ἐν
1808 1615 1920 1676 τοῖς
1951 1629 2082 1664 κατ-

492 1719 529 1771 η
542 1720 639 1772 χου
651 1702 835 1772 μένοις
856 1704 917 1754 ἐκ
938 1702 1132 1754 πολλοῦ
1151 1702 1242 1755 τοῦ
1268 1704 1550 1769 περιόντος
1570 1702 1836 1773 ἐκράτουν
1851 1699 2014 1754 αὑτοῦ
2028 1714 2077 1754 α.

491 1792 582 1843 Διὸ
632 1789 728 1842 καὶ
764 1788 994 1858 ἐλεγενὸ
1028 1789 1299 1861 μακάριος
1338 1789 1550 1853 Παῦλος
1582 1806 1595 1818 ’
1638 1790 1722 1841 Οὐ
1748 1788 1859 1857 γὰρ
1895 1786 2081 1842 αὐτοῦ

491 1878 566 1932 τὰ
587 1876 857 1947 νοήματα
907 1877 1265 1946 ἀγνοοῦμεν.
1300 1878 1465 1931 Ὅθεν
1515 1878 1612 1930 καὶ
1646 1876 1878 1946 μάλιστα
1914 1875 2080 1928 αὑτοῦ

494 1966 865 2033 περιεγένετο.
901 1965 1009 2018 Καὶ
1064 1950 1227 2018 πάλιν
1281 1966 1447 2020 ἄκουε
1478 1964 1642 2018 αὑτοῦ
1676 1965 1924 2033 λέγοντος
1958 1980 1971 1992 ο
1998 1966 2082 2017 Οὐ

495 2054 869 2122 θαυμαστὸν,
897 2055 947 2105 εὶ
983 2052 1077 2105 καὶ
1104 2055 1158 2105 οἱ
1178 2051 1448 2105 διάκονοι
1475 2049 1664 2105 αὐτοῦ
1694 2066 2082 2119 μετασχημα-

494 2140 770 2201 τίζονται,
803 2141 885 2203 ὡς
937 2139 1201 2192 διάκονοι
1254 2138 1667 2205 δικαιοσύνης.
1724 2137 1912 2201 Οῦτως
1960 2137 2080 2209 ᾔδει

497 2230 678 2282 πᾶσαν
726 2228 825 2299 τὴν
890 2227 1091 2300 μάχην,
1126 2228 1221 2279 καὶ¹
1264 2227 1416 2279 οὐδὲν
1456 2226 1619 2280 αὑτὸν
1642 2226 1920 2279 ἐλάνθανε.
1947 2226 2080 2291 Καὶ,

496 2316 577 2371 τὸ
601 2316 942 2386 μυστήριον
987 2316 1117 2385 γὰρ,
1179 2315 1365 2385 φησὶν,
1414 2314 1531 2382 ἤδη
1596 2314 1919 2383 ἐνεργεῖται
1972 2314 2085 2380 τῆς

496 2406 771 2474 ἀνομίας.
819 2404 979 2456 Ἀλλά
1030 2402 1167 2472 πρὸς
1224 2404 1372 2472 ἡμᾶς
1438 2404 1471 2472 ἡ
1534 2403 1680 2471 πάλη
1718 2402 1886 2455 ἐστίν.
1932 2400 2086 2453 Ἐπεὶ

499 2494 668 2547 ἄκουε
726 2492 888 2545 πάλιν
934 2490 1099 2544 αὑτοῦ
1121 2490 1371 2559 λέγοντος
1398 2508 1412 2522 ·
1446 2488 1776 2559 Πέπεισμαι
1814 2488 1904 2543 ὅτι
1948 2490 2088 2542 οὔτε

498 2580 764 2649 ἄγγελοι,
800 2580 940 2633 οὐτε
986 2578 1187 2648 ἀρχαὶ,
1237 2578 1375 2632 οὔτε
1411 2578 1705 2643 ἐξουσίαι,
1733 2578 1871 2631 οὔτε
1907 2574 2088 2630 δυνά-

495 2686 649 2737 μεις,
682 2668 820 2721 οὔτε
848 2666 1148 2720 ἐνεστῶτα
1173 2706 1189 2730 ,
1230 2668 1368 2721 οὔτε
1382 2664 1709 2735 μέλλοντα,
1736 2665 1872 2719 οὔτε
1894 2665 2089 2729 κτίσις

500 2754 672 2823 ἑτέρα
722 2756 1055 2821 δυνήσεται
1086 2754 1244 2824 ἡμᾶς
1290 2756 1537 2824 χωρίσαι
1572 2754 1687 2808 ἀπὸ
1708 2752 1819 2820 τῆς
1851 2751 2089 2822 ἀγάπης

500 2844 608 2897 τοῦ
642 2843 921 2912 Χριστοῦ.
946 2842 1059 2895 Οὐκ
1098 2838 1252 2895 εἶπεν
1278 2843 1488 2906 ἁπλῶς,
1546 2841 1680 2895 Ἀπὸ
1708 2841 1801 2893 τοῦ
1825 2840 2086 2911 Χριστοῦ,

500 2931 639 2996 ἀλλ’,
683 2930 826 2983 Ἀπὸ
859 2928 970 2996 τῆς
1005 2929 1243 2999 ἀγάπης
1293 2930 1399 2983 τοῦ
1433 2930 1710 2998 Χριστοῦ.
1740 2929 1932 2981 Πολλοὶ
1981 2928 2089 2997 γάρ

503 3020 642 3070 εἰσιν
674 3018 943 3089 ἡνωμένοι
973 3017 1132 3087 δῆθεν
1172 3018 1249 3088 τῷ
1283 3017 1528 3090 Χριστῷ,
1553 3020 1651 3070 οὐκ
1680 3017 1999 3085 ἀγαπῶντες
2033 3017 2090 3071 δὲ

504 3105 687 3159 αὐτόν.
716 3105 790 3157 Ού
826 3104 983 3175 μόνον
1005 3144 1020 3168 ,
1057 3105 1222 3174 φησὶν
1245 3145 1259 3171 ,
1295 3105 1633 3175 ἀρνήσασθαί
1666 3123 1733 3175 με
1756 3106 1815 3157 ού
1856 3106 2087 3169 πείσεις,

504 3194 619 3247 ἀλλ’
654 3193 773 3246 οὐδὲ
802 3189 962 3264 ἧττον
994 3194 1155 3246 αὐτὸν
1182 3194 1482 3263 ἀγαπῆσαι.
1510 3195 1571 3245 Εἰ
1609 3193 1663 3245 δὲ
1706 3196 1759 3247 αί
1799 3193 1911 3247 ἄνω
1931 3193 2092 3245 δυνά-

510 3300 632 3355 μεις
656 3281 756 3335 οὐκ
813 3282 879 3335 ἂν
930 3281 1089 3334 τοῦτο
1129 3281 1375 3351 ἴσχυσαν,
1411 3279 1561 3352 [17:2]
1600 3280 1683 3343 τίς
1714 3280 1898 3351 ἕτερος
1930 3281 2092 3335 αὐτὸν

511 3370 843 3441 μετέστησεν
869 3387 883 3436 ;
917 3370 1029 3438 Οὐχ
1052 3368 1125 3430 ὼς
1146 3368 1201 3420 δὲ
1231 3368 1453 3419 ἐκείνων
1480 3367 1892 3437 ἐπιχειρουσῶν,
1918 3368 2094 3421 ταῦτά

508 3478 693 3531 φησιν,
710 3459 845 3513 ἀλλά
865 3458 988 3511 καθ’
1006 3457 1283 3511 ὑπόθεσιν.
1309 3458 1398 3509 Διὸ
1420 3458 1513 3509 καὶ
1535 3456 1707 3525 ἔλεγε·
1736 3457 2088 3527 Πέπεισμαι.

510 3547 722 3601 Οὐκοῦν
748 3549 851 3600 οὐκ
877 3546 1140 3600 ἐπάλαιεν
1175 3587 1189 3610 ,
1221 3546 1334 3598 ἀλλ’
1373 3546 1523 3615 ὅμως
1552 3546 1976 3614 φοϐεῖταιαύτοῦ
1995 3546 2094 3608 τὰς

509 3636 869 3706 πανουργίας.
900 3636 1098 3686 ’Λκουε
1128 3634 1237 3703 γάρ
1260 3633 1422 3685 αὑτοῦ
1450 3634 1699 3702 λέγοντος
1729 3650 1740 3661 ·
1772 3633 2091 3702 Φοϐοῦμαι,

506 3724 591 3794 μή
656 3740 780 3788 πως
816 3724 896 3788 ὡς
940 3726 972 3775 ό
1011 3722 1142 3791 ὄφις
1180 3722 1347 3775 Εὔαν
1369 3721 1757 3789 ἐξηπάτησεν·
1784 3722 1852 3774 ἐν
1881 3720 1955 3789 τῇ
1981 3736 2094 3773 παι·

511 3812 761 3881 νουργία
815 3810 1022 3873 αὑτοῦ,
1076 3809 1229 3862 οὕτω
1281 3808 1479 3878 φθαρῇ
1536 3810 1608 3862 τὰ
1632 3804 1902 3878 νοήμᾰτα
1928 3809 2096 3879 ὑμῶν

511 3900 632 3954 ἀπὸ
667 3897 774 3963 τῆς
793 3898 1133 3965 ἁπλότητος
1157 3895 1265 3964 τῆς
1284 3902 1371 3963 εὶς
1398 3899 1502 3950 τὸν
1533 3899 1811 3965 Χριστόν.
1835 3897 1963 3960 Ναὶ,
1990 3916 2095 3969 φη-

517 3988 621 4038 στίν·
646 3985 782 4039 ἀλλὰ
802 3986 895 4038 καὶ
917 3986 1058 4056 ὑπὲρ
1078 3986 1271 4038 ἐαυτοῦ
1287 3985 1460 4056 τούτῳ
1480 3985 1557 4058 τῷ
1580 3988 1784 4057 ῥήματι
1810 3992 2092 4061 κέχρηται,

515 4074 687 4141 λέγων
711 4092 724 4104 ο
760 4073 1058 4141 Φοϐοῦμαι
1108 4074 1236 4143 γὰρ,
1259 4072 1344 4141 μή
1379 4088 1504 4138 πως
1554 4073 1768 4143 ἄλλοις
1803 4079 2094 4146 κηρύξας,

515 4162 702 4226 αὐτὸς
760 4162 1047 4230 ἀδόκιμος
1086 4162 1361 4231 γένωμαι.
1418 4162 1543 4227 Πῶς
1569 4160 1662 4218 οὖν
1707 4164 1985 4231 πέπεισαι,
2014 4166 2097 4218 ὅτι

517 4251 693 4311 οὐδείς
722 4266 781 4302 σε
818 4250 1043 4319 χωρίσει
1077 4268 1092 4316 ;

590 4344 654 4403 ε’,
697 4337 865 4408 Ὁρᾷς
894 4338 978 4390 ὅτι
1019 4337 1524 4409 ταπεινοφροσύνης
1566 4339 1626 4392 τὸ
1663 4340 1817 4412 ῥῆμά
1852 4342 1970 4395 ἐστι
2005 4342 2101 4395 κα)⁵

525 4426 911 4498 μετριότητος;
940 4425 1078 4495 ’Ἤδη
1112 4425 1221 4496 γὰρ
1250 4428 1457 4491 ἐκεῖνος
1476 4427 1611 4497 ᾧκει
1634 4415 1724 4481 τὸν
1745 4430 1994 4500 οὐρανόν·
2019 4429 2100 4482 διὸ

520 4520 618 4572 καὶ
639 4516 846 4585 ἐλεγενο
874 4515 1067 4569 Οὐδὲν
1099 4515 1202 4585 γὰρ
1226 4516 1463 4586 ἐμαυτῷ
1488 4504 1743 4573 σύνοιδα
1763 4535 1774 4550 '
1798 4522 1891 4572 καὶ
1914 4521 2095 4588 πάλιν,

528 4605 641 4658 Τὸν
666 4604 890 4674 δρόμον
921 4603 1219 4657 τετέλεκα.
1262 4605 1426 4658 ’Ὥστε
1469 4605 1569 4659 οὐκ
1600 4608 1678 4670 είς
1707 4608 1879 4661 ταῦτα
1908 4610 2099 4662 ἐνεπό-

523 4692 671 4756 διζεν
704 4692 853 4761 αύτῷ
886 4695 913 4745 0
941 4691 1207 4756 διάϐολος,
1243 4692 1360 4745 ἀλλ’
1387 4696 1466 4756 εἰς
1492 4695 1561 4746 τὰ
1585 4695 1692 4748 τῶν
1726 4696 2005 4767 μαθητῶν.
2036 4697 2100 4750 Τί

524 4781 759 4851 δήποτες
799 4779 1020 4851 Ἐπειδὴ
1038 4780 1256 4833 τούτων
1291 4781 1390 4834 οὐκ
1423 4772 1675 4853 αὐτὸςῆν
1700 4784 1884 4856 κύριος
1917 4787 2099 4854 μόνον,

527 4868 667 4923 ἀλλὰ
701 4868 795 4923 καὶ
827 4869 860 4938 ἡ
912 4868 1139 4922 ἐκείνων
1174 4869 1517 4939 προαίρεσις.
1585 4870 1733 4925 Ἐκεῖ
1782 4876 1929 4927 ἐστιν
1966 4876 2101 4927 ὅπου

527 4958 783 5028 ἐκράτει·
825 4955 1024 5026 μᾶλλον
1055 4955 1112 5009 δὲ
1159 4957 1279 5009 οὐδὲ
1330 4960 1445 5010 ἐκεῖ
1496 4958 1659 5011 αὑτοῦ
1696 4961 1937 5031 ἐκράτει,
1968 4962 2104 5016 ἀλλὰ

526 5047 628 5116 τῆς
664 5044 937 5116 ῥᾳθυμίας
973 5044 1080 5098 τῶν
1125 5044 1199 5116 μὴ
1232 5047 1630 5117 προσεχόντων.
1662 5049 1725 5102 Εἰ
1772 5051 1867 5119 μὲν
1900 5051 2008 5121 γάρ
2034 5051 2104 5103 τὰ

530 5134 663 5204 παρ’
705 5132 869 5187 αὑτοῦ
910 5132 985 5203 μὴ
1017 5132 1280 5203 ἐπλήρου,
1316 5134 1347 5203 ἦ
1381 5133 1469 5186 διὰ
1509 5135 1825 5208 νωθείαν,ἧ
1871 5138 1938 5190 δι’
1979 5138 2105 5191 ἄλλο

529 5239 585 5275 τι
621 5220 882 5284 τοιοῦτον,
920 5221 1085 5274 αὑτοῦ
1119 5223 1372 5290 ἐκράτει·
1409 5223 1457 5273 εἰ
1497 5222 1553 5274 δὲ
1596 5223 1759 5286 αὐτὸς
1802 5226 1900 5295 μὲν
1930 5227 2105 5280 πάντα

530 5309 823 5379 ἔπραττεν,
852 5310 1050 5362 ἐκεῖνοι
1078 5308 1134 5363 δέ
1164 5309 1264 5365 οὐκ
1299 5309 1594 5373 ἐπείθοντο,
1619 5313 1718 5364 ούκ
1755 5314 1918 5366 αὑτοῦ
1944 5317 2105 5385 ἐκρά-

533 5413 636 5461 τει,
677 5395 810 5448 ἀλλὰ
843 5396 941 5464 τῆς
966 5394 1188 5447 ἐκείνων
1227 5396 1506 5460 ἀπειθείας
1527 5414 1539 5429 '
1578 5400 1673 5451 καὶ
1712 5400 1773 5451 τὸ
1802 5402 2017 5472 νόσημα
2045 5404 2105 5454 οῦ

534 5483 631 5538 τοῦ
665 5482 851 5554 ἰατροῦ
878 5484 1120 5553 ἐκράτει,
1149 5484 1283 5537 ἀλλὰ
1305 5486 1405 5556 τῆς
1428 5487 1651 5551 ἀταξίας
1671 5489 1763 5541 τοῦ
1787 5491 2103 5559 κάμνοντος.

538 5570 709 5624 Ὅταν
740 5573 847 5643 γάρ
883 5571 1041 5636 αὐτὸς
1078 5573 1176 5643 μὲν
1216 5574 1394 5626 πάντα
1429 5578 1936 5649 παρασκευάσηται,
1975 5582 2109 5634 ἐκεῖ·

606 5799 627 5842 ί
648 5800 792 5854 Addit
820 5802 909 5866 id.,
932 5806 1011 5853 καὶ
1036 5806 1133 5854 τῶν
1155 5804 1398 5867 δυνάμεων
1422 5806 1516 5853 τῶν
1542 5805 1706 5855 αὐτοῦ.

2168 483 2257 530 νος
2286 467 2340 519 δὲ
2372 468 2551 521 πάντα
2579 466 2891 538 διαφθείρῃ,
2918 468 3123 528 ἐκεῖνος
3155 465 3403 535 ἥττηται,
3434 462 3531 532 οὐχ
3560 456 3732 526 οὗτος.

2169 556 2331 610 Ὥστε
2357 554 2592 626 οὐδαμοῦ
2629 555 2898 624 ἐκράτησε
2928 553 3019 606 τοῦ
3064 552 3297 606 Παύλου.
3338 552 3485 622 Πλὴν
3515 550 3629 604 ἀλλ’
3654 549 3740 619 ἐφ’

2169 644 2324 715 ήμῶν
2346 644 2624 714 ἀγαπητὸν
2649 644 2709 695 τὸ
2738 643 2831 696 καὶ
2859 642 3116 695 δύνασθαι
3140 640 3408 695 παλαίειν.
3449 639 3741 709 Ῥωμαίοις

2177 734 2275 802 μὲν
2298 733 2357 784 οὐ
2388 731 2545 785 τοῦτο
2568 731 2880 800 ἐπεύχεται,
2900 730 3036 783 ἀλλὰ
3054 731 3137 794 τίς
3163 728 3483 796 Συντρίψει
3504 726 3610 780 τὸν
3631 743 3743 779 σα-

2170 819 2360 875 τανᾱν
2385 821 2502 874 ὑπὸ
2547 819 2690 885 τοὺς
2719 819 2910 885 πόδας
2959 818 3230 888 ὑμῶν’ἑν
3258 816 3425 885 τάχει
3445 832 3458 846 ·
3494 814 3593 868 καὶ
3618 813 3744 866 τού-

2172 925 2284 969 τοις
2321 906 2493 971 οῦτως
2527 908 2839 976 ἐπεύχεται.
2898 906 2981 971 Τῲ
3018 905 3328 973 δυναμένῳ
3360 902 3511 970 ὑπὲρ
3550 902 3747 954 πάντα

2174 995 2425 1062 ποιῆσαι
2455 994 3000 1063 ὑπερεκπερισσοῦ,
3040 988 3126 1047 ὧν
3156 993 3477 1059 αἰτούμεθα
3506 991 3542 1057 ἢ
3571 989 3745 1044 νοοῦ-

2168 1100 2301 1153 μεν.
2337 1083 2396 1136 'O
2420 1083 2688 1145 παλαίων,
2725 1084 2804 1135 ἔτι
2844 1082 3165 1152 κατέχεται·
3200 1080 3340 1150 πλὴν
3382 1078 3497 1132 ἀλλ’
3528 1081 3746 1147 ἀγαπη-

2175 1170 2266 1224 τὸν
2298 1172 2393 1224 καὶ
2421 1172 2482 1225 τὸ
2514 1171 2589 1242 μὴ
2623 1174 2831 1226 πεσεῖν.
2862 1171 2998 1224 Τότε
3028 1172 3062 1242 ἠ
3096 1171 3220 1241 νίκη
3253 1167 3483 1240 λαμπρά
3511 1166 3743 1235 γίνεται,

2176 1263 2304 1315 ὅταν
2351 1260 2653 1330 ἐξέλθωμεν
2708 1259 2974 1315 ἐντεῦθεν.
3006 1254 3153 1327 Οίον,
3194 1258 3333 1311 ἔστω
3362 1274 3444 1319 τις
3485 1254 3748 1325 ἐπιθυμία

2181 1348 2428 1419 πονηρά’
2462 1347 2523 1402 τὸ
2557 1347 2656 1419 μὲν
2696 1347 3017 1418 παράδοξον,
3066 1346 3203 1417 μηδὲ
3228 1344 3477 1415 δέχεσθαι
3510 1342 3748 1411 ταύτην,

2180 1437 2317 1491 ἀλλὰ
2335 1436 2616 1491 σϐεννύναι
2641 1453 2654 1466 ·
2679 1439 2727 1489 εί
2754 1436 2810 1488 δὲ
2826 1436 2985 1490 τοῦτο
3000 1435 3061 1487 οὺ
3092 1434 3339 1500 δυνατὸν,
3372 1433 3477 1486 κᾶν
3507 1431 3751 1484 παλαίω-

2182 1542 2280 1596 μεν
2333 1525 2428 1578 καὶ
2465 1525 2756 1588 διαπαντὸς
2799 1524 3140 1594 κατέχωμεν·
3162 1523 3227 1575 ἂν
3252 1522 3574 1580 παλαίοντες
3607 1518 3754 1583 ἐξέλ-

2181 1613 2395 1682 θωμεν,
2427 1614 2812 1683 νενικήκαμεν.
2840 1612 2912 1665 Ού
2949 1612 3057 1681 γὰρ
3100 1611 3175 1672 ὡς
3199 1612 3295 1663 ἐπὶ
3332 1608 3438 1662 τῶν
3480 1606 3750 1677 ἀθλητῶν,

2179 1701 2322 1757 οὕτω
2358 1702 2453 1755 καὶ
2482 1702 2714 1757 ἐνταῦθα
2734 1717 2749 1732 ’
2790 1703 2909 1754 ἐκεῖ
2943 1702 3040 1771 μὲν
3072 1704 3178 1772 γὰρ
3210 1700 3275 1755 ἂν
3309 1700 3383 1769 μὴ
3412 1696 3751 1767 καταϐάλῃς,

2179 1792 2240 1844 οὐ
2286 1792 2579 1861 νενίκηκας
2598 1808 2613 1821 “
2646 1790 2881 1845 ἐνταῦθα
2909 1790 2965 1843 δὲ
2993 1790 3059 1843 ἂν
3105 1789 3181 1861 μὴ
3226 1786 3594 1857 καταϐληθῇς,
3616 1786 3755 1837 νενί-

2180 1895 2393 1948 κηκας⁸
2444 1860 2509 1931 ἃν
2564 1860 2636 1949 μὴ
2688 1878 3059 1950 καταϐληθῇς,
3106 1860 3423 1938 κατέϐαλες.
3477 1874 3749 1935 Είκότως“

2181 1966 2298 2019 ἐκεῖ
2329 1966 2428 2036 μὲν
2478 1968 2587 2037 γάρ
2631 1967 2931 2038 ἀμφότεροι
2965 1966 3103 2037 ὑπὲρ
3153 1965 3310 2034 νίκης
3371 1960 3750 2026 σπουδάζουσι,

2183 2055 2288 2109 κᾶν
2331 2058 2359 2108 0
2399 2056 2584 2127 ἕτερος
2640 2055 2981 2125 καταϐληθῇ,
3035 2057 3064 2108 0
3113 2054 3298 2125 ἔτερος
3353 2050 3752 2120 στεφανοῦται·

2182 2143 2417 2197 ἐνταῦθα
2445 2144 2501 2198 δέ
2526 2145 2624 2215 οὐχ
2648 2142 2842 2209 οὓτως,
2870 2144 2987 2197 ἀλλ’
3012 2144 3041 2195 ὁ
3066 2141 3311 2205 διάϐολος
3332 2139 3471 2210 ὑπὲρ
3496 2138 3593 2208 τῆς
3622 2139 3759 2205 ἠμε-

2182 2232 2346 2303 τέρας
2379 2233 2549 2305 ἥττης
2592 2232 2900 2296 σπουδάζει.
2946 2232 3116 2285 Ὅταν
3146 2228 3239 2285 οῦν
3278 2229 3439 2284 αὐτὸν
3469 2226 3759 2296 ἀφέλωμαι

2182 2322 2341 2376 τοῦτο
2378 2323 2519 2394 ὑπὲρ
2540 2317 2600 2377 οὗ
2629 2324 2940 2388 σπουδάζει,
2967 2323 3196 2393 ἐνίκησα
3218 2337 3233 2353 ⁶
3263 2320 3325 2374 ού
3351 2319 3460 2389 γὰρ
3493 2317 3633 2371 ὥστε
3661 2332 3761 2368 κα-

2183 2412 2463 2475 ταϐαλεῖν,
2495 2412 2609 2464 ἀλλ’
2637 2410 2779 2464 ὥστε
2815 2409 3251 2474 συγκαταϐαλεῖν
3280 2407 3585 2476 ἐπείγεται.
3620 2404 3757 2473 Ἤδη

2184 2497 2279 2555 οῦν
2312 2500 2625 2571 νενίκηταιο
2671 2500 2834 2562 αὐτὸς
2859 2500 2969 2571 γὰρ
2996 2500 3099 2570 ἡδη
3143 2496 3426 2567 βέϐληται,
3476 2494 3569 2547 καὶ¹
3598 2494 3656 2545 ἐν
3692 2495 3761 2561 τῇ

2186 2588 2437 2660 ἀπωλείᾳ
2466 2590 2637 2642 ἐστιν.
2679 2588 2745 2642 Ἦ
2785 2587 2840 2643 δὲ
2869 2587 2995 2657 νίκη
3038 2584 3201 2641 αὐτοῦ
3237 2585 3337 2637 οὐκ
3370 2585 3428 2635 ἐν
3455 2580 3531 2650 τῷ
3563 2595 3763 2648 στεφα-

2188 2678 2447 2747 νωθῆναι,
2479 2677 2594 2731 ἀλλ’
2636 2678 2694 2731 ἐν
2726 2675 2806 2746 τῷ
2835 2676 2936 2747 ἐμὲ
2966 2674 3230 2729 ἀπολέσαι
3250 2689 3263 2701 '
3300 2671 3441 2724 ὥστε
3468 2670 3533 2723 ἂν
3567 2668 3642 2737 μὴ
3666 2683 3765 2719 κα-

2187 2767 2427 2833 ταϐάλω,
2462 2766 2537 2839 μὴ
2574 2765 2902 2835 καταϐληθῶ
2939 2764 3017 2829 δὲ,
3065 2762 3346 2831 νενίκηκα.
3388 2759 3429 2811 Τ
3438 2759 3484 2822 ίς
3525 2753 3615 2810 οῦν
3646 2757 3765 2809 ἐστι

2188 2854 2419 2926 λαμπρά
2451 2856 2609 2926 νίκη;
2642 2854 2716 2907 Τὸ
2746 2856 2811 2906 ἐκ
2848 2851 3168 2923 περιουσίας
3203 2848 3536 2903 καταπατεῖν
3582 2844 3764 2909 αὑτὸν,

2188 2938 2301 2998 οἷον
2338 2946 2366 2997 ὁ
2408 2944 2619 3006 Παῦλος
2654 2941 2850 3004 ἐποίει,
2890 2940 3042 2993 οὐδὲν
3081 2937 3382 3009 ἡγούμενος
3426 2934 3575 3009 [175]
3624 2927 3767 2984 εἶναι

2189 3032 2259 3086 τὰ
2276 3032 2523 3103 παρόντα
2544 3031 2864 3100 πράγματα.
2895 3029 3098 3081 Τοῦτον
3130 3028 3225 3079 καὶ
3252 3028 3415 3097 ἡμεῖς
3445 3022 3765 3093 μιμώμεθα,

2191 3121 2287 3173 καὶ
2308 3119 2701 3188 σπουδάζωμεν
2735 3118 3001 3188 ἀνώτεροι
3028 3115 3306 3185 γενέσθαι,
3332 3114 3422 3167 καὶ
3456 3110 3769 3182 μηδαμόθεν

2191 3206 2453 3277 παρέχειν
2482 3206 2630 3275 αὐτῷ
2656 3205 2847 3274 λαϐήν.

2275 3312 2335 3365 '0
2372 3311 2603 3373 πλοῦτος
2630 3311 2845 3364 δίδωσιν
2884 3309 3035 3380 αὐτῷ
3062 3308 3257 3380 λαϐὴν,
3303 3308 3372 3361 τὰ
3413 3308 3692 3378 χρήματα,
3732 3306 3767 3376 ἡ

2192 3400 2467 3466 κενοδοξία
2489 3417 2502 3429 ·
2539 3401 2635 3454 καὶ
2664 3399 2925 3461 πολλάκις
2956 3400 3055 3469 μέν
3074 3398 3235 3451 αὐτὸν
3258 3397 3549 3466 ἀνέστησε,
3572 3394 3770 3447 πολλά-

2193 3506 2280 3551 κις
2302 3488 2357 3541 δέ
2399 3489 2678 3560 ἡγρίανεν.
2727 3488 2889 3540 Ἀλλά
2932 3487 3017 3549 τίς
3057 3487 3217 3557 χρεία
3254 3484 3466 3556 πάλης;
3502 3484 3583 3547 τίς
3612 3482 3771 3555 χρεία

2196 3593 2260 3628 συ
2270 3577 2549 3647 μπλοκῆςς
2597 3576 2654 3629 '0
2678 3575 3129 3647 συμπλεκόμενος
3150 3573 3343 3643 ἄδηλον
3368 3573 3481 3642 ἔχει
3505 3571 3566 3623 τὸ
3596 3571 3768 3634 τέλος,

2194 3665 2425 3734 πότερον
2458 3665 2533 3734 μὴ
2568 3663 2828 3735 ἡττηθείη
2862 3666 2956 3716 καὶ
3000 3663 3159 3726 αὐτὸς
3193 3663 3289 3716 καὶ
3331 3661 3623 3713 ἁλώσεται·
3658 3661 3685 3711 0
3712 3659 3771 3711 δὲ

2194 3755 2550 3817 καταπατῶν,
2582 3755 2748 3824 δήλην
2779 3756 2893 3824 ἐχει
2925 3754 3023 3824 τὴν
3066 3755 3246 3824 νίκην.
3278 3751 3487 3805 Οὐκοῦν
3517 3768 3771 3804 καταπαο

2194 3846 2450 3914 τὴσωμεν
2472 3845 2565 3898 τοῦ
2599 3844 2847 3898 διαϐόλου
2879 3844 2977 3915 τὴν
3011 3844 3263 3913 δύναμιν,
3294 3843 3771 3912 καταπατήσωμεν

2193 3935 2293 3996 τὰς
2320 3933 2614 4004 ἁμαρτίας,
2655 3934 2836 3987 πάντα
2866 3932 3010 4000 λέγω
3043 3933 3111 3985 τὰ
3138 3931 3385 4001 βιωτικά,
3420 3930 3610 4001 θυμὸν,
3649 3932 3771 3982 ἐπισ

2198 4024 2421 4093 θυμίαν,
2442 4025 2779 4089 ἀλαζονείαν,
2810 4024 2987 4077 πάντα
3018 4024 3085 4077 τὰ
3116 4023 3265 4090 πάθη
3296 4039 3309 4053 ⁸
3336 4023 3423 4076 ἵνα
3444 4021 3772 4083 ἀπελθόντες

2199 4117 2335 4177 ἐκεῖ,
2363 4116 2462 4184 τὴν
2492 4114 2761 4179 ἐξουσίαν,
2785 4114 2853 4182 ἢν
2876 4114 3076 4167 ἔδωκεν
3106 4114 3237 4182 ἡμῖν
3260 4114 3287 4164 0
3316 4112 3470 4175 Θεὸς,
3503 4113 3577 4182 μὴ
3612 4112 3771 4180 εὑρε-

2200 4202 2382 4273 θῶμεν
2414 4203 2780 4275 προδιδόντες.
2817 4201 2974 4256 Οὕτω
3019 4202 3127 4270 γὰρ
3174 4201 3269 4253 καὶ
3308 4201 3417 4253 τῶν
3468 4200 3770 4270 μελλόντων

2199 4290 2618 4362 ἐπιτευξόμεθα.
2669 4290 2732 4343 Εἰ
2787 4290 2843 4342 δὲ
2903 4289 3031 4358 περὶ
3073 4288 3230 4341 τοῦτο
3276 4288 3542 4358 γινόμεθα
3586 4290 3768 4350 κακοὶ,

2198 4381 2280 4444 τίς
2312 4383 2444 4451 ἡμῖν
2475 4380 2770 4450 ἐγχειρίσει
2801 4379 2867 4432 τὰ
2895 4379 3152 4449 μείζονας
3185 4379 3247 4430 El
3278 4377 3387 4448 γάρ
3418 4379 3508 4431 τὸν
3535 4394 3771 4447 προσκε-

2199 4471 2486 4540 κρουκότα,
2521 4470 2611 4523 τὸν
2657 4470 3025 4540 ἠτιμωμένον,
3056 4468 3146 4521 τὸν
3180 4468 3770 4538 καταπεφρονημένον,

2197 4558 2289 4611 τὸν
2322 4558 2426 4611 ὑπὸ
2455 4559 2579 4620 τοὺς
2621 4557 2787 4620 πόδας
2823 4558 3075 4626 κείμενον
3100 4597 3113 4618 ,
3154 4557 3394 4625 πατῆσαι
3438 4558 3537 4609 ούκ
3572 4558 3769 4627 ἠδυνή-

2202 4646 2399 4716 θημεν,
2438 4644 2555 4708 πῶς
2582 4647 2715 4715 ἡμῖν
2744 4644 2904 4697 δώσει
2928 4646 2997 4697 τὰ
3031 4645 3262 4716 πατρῷα
3289 4648 3317 4697 0
3341 4647 3565 4714 Πατὴρ;
3602 4646 3650 4696 εἰ
3677 4643 3769 4697 τοῦ

2200 4736 2373 4799 οὕτως
2435 4736 2876 4806 ὑποτεταγμένοι)
2956 4736 3019 4788 ού
3091 4735 3551 4805 περιεγενόμεθα,
3612 4735 3771 4787 ποίαν

2203 4824 2399 4893 ἕξομεν
2426 4825 2738 4896 παρρησίαν
2767 4826 2846 4887 είς
2866 4823 2966 4894 τὴν
2994 4823 3255 4895 πατρῴαν
3274 4822 3531 4876 εἰσελθεῖν
3557 4821 3768 4886 οίκίαν;

2203 4915 2338 4967 Εἱπέ
2371 4914 2481 4984 γάρ
2518 4932 2608 4985 μοι
2643 4931 2657 4945 υ
2689 4912 2744 4965 εἴ
2775 4930 2900 4967 τινα
2930 4914 3045 4966 υἱὺν
3076 4912 3242 4983 ἐχοις,
3284 4915 3490 4976 ἐκεῖνος
3518 4914 3577 4966 δὲ
3610 4914 3772 4981 ἀφεὶς

2202 5003 2330 5064 τοὺς
2370 5002 2849 5072 εὐγνωμονοῦντας
2905 5001 3014 5054 τῶν
3071 5001 3314 5065 οἰκετῶν,
3373 5001 3773 5072 ἁναμιγνύηται

2204 5094 2318 5154 τοῖς
2346 5109 2404 5144 σε
2428 5090 2780 5161 λελυπηκόσι,
2811 5094 2926 5155 τοῖς
2965 5094 3350 5146 ἐκπεπτωκόσι
3377 5094 3475 5164 τῆς
3513 5093 3772 5163 πατρῴας

2204 5180 2401 5242 οίκίας,
2434 5182 2545 5242 τοῖς
2579 5182 2708 5250 περὶ
2742 5180 2970 5233 κυϐείαν
3002 5181 3420 5250 ἡσχολημένοις,
3466 5184 3559 5234 καὶ
3608 5183 3771 5251 μέχρι

2203 5265 2391 5327 τέλους
2421 5265 2578 5317 τοῦτο
2620 5268 2769 5335 ποιῇ,
2811 5268 2933 5335 οῦχί
2970 5267 3414 5336 ἀποκληρονόμος
3444 5268 3627 5332 ἔσται;
3669 5268 3773 5321 E0-

2204 5352 2359 5422 δηλον
2390 5354 2494 5405 ὄτι.
2532 5353 2688 5406 Οὕτω
2729 5354 2824 5407 καὶ¹
2855 5357 3033 5424 ἡμεῖς,
3064 5354 3130 5408 ἂν
3168 5356 3399 5423 ἀφέντες
3425 5357 3549 5419 τοὺς
3580 5357 3775 5427 εὑηρε-

2209 5442 2475 5510 στηκότας
2522 5444 2615 5495 καὶ
2661 5443 2787 5505 τοὺς
2822 5445 3278 5513 ἐπιτεταγμένους
3320 5447 3449 5515 ἡμῖν
3489 5446 3772 5514 ἀγγέλους,

2207 5531 2672 5601 ἁναστρειρὼμεθα
2700 5534 2836 5602 μετά
2864 5534 2955 5586 τοῦ
2989 5534 3272 5598 διαϐόλου,,
3292 5538 3507 5598 πάντως
3535 5536 3776 5605 ἀποκλη-

2210 5620 2426 5689 ρονόμοι
2452 5620 2706 5689 ἐσόμεθα.
2747 5622 2906 5675 Ἀλλά
2934 5622 3007 5692 μὴ
3035 5622 3244 5690 γένοιτο
3260 5622 3417 5675 τοῦτο
3447 5624 3653 5693 μηδένα
3674 5642 3778 5677 πα-

2211 5707 2321 5758 θεῖν
2343 5708 2517 5777 ἡμῶν.
2546 5709 2682 5761 ἀλλά
2699 5709 2789 5762 τὸν
2815 5710 3048 5781 πόλεμον
3070 5711 3499 5781 ἀναδεξαμένους
3527 5712 3618 5765 τὸν
3642 5715 3777 5782 πρὸς

2215 5794 2397 5860 αὐτὸν,
2433 5795 2520 5849 καὶ
2558 5800 2886 5866 νικήσαντας
2917 5800 3053 5869 μετὰ
3079 5799 3176 5869 τῆς
3207 5800 3414 5854 ἄνωθεν
3440 5800 3777 5871 συμμαχίας,
