4100 6412
375 365 472 423 161

370 494 419 538 et
445 498 597 554 super
621 498 818 537 onmem
848 490 1134 553 potestatem
1159 482 1349 535 inimici
1379 479 1526 551 (Luc.
1559 477 1646 533 10.
1680 477 1789 544 19).
1813 474 1942 531 0m-

370 590 496 628 nem
527 574 678 629 nobis
720 572 868 628 dedit
902 581 1257 645 potestatem,
1302 579 1356 626 et
1380 569 1609 625 luctandi
1640 577 1694 623 et
1721 583 1826 622 non
1865 567 1947 621 lu-

370 667 549 721 ctandi
593 685 607 721 :
640 666 734 720 sed
779 667 1030 737 quoniam
1060 680 1159 720 nos
1200 679 1385 719 sumus
1413 663 1544 733 pigri
1590 671 1644 717 et
1684 661 1942 724 hebetes,

368 774 491 812 cum
514 758 590 811 eis
615 758 900 811 luctamur.
925 755 1058 810 Nam
1080 756 1222 825 quod
1244 755 1441 809 Paulus
1466 769 1571 807 tton
1601 752 1670 806 sit
1696 752 1943 814 luctatus,

367 849 493 904 audi
545 865 665 903 eum
714 849 1004 915 dicentem,
1068 848 1193 915 Quis
1241 864 1333 900 nos
1381 844 1633 916 separabit
1670 860 1701 897 a
1740 843 1949 896 caritate

368 942 605 996 Christi?
646 941 924 1007 tribulatio,
966 958 1034 994 an
1080 942 1333 1011 angustia,
1383 957 1450 992 an
1499 940 1837 1009 persequutio,
1879 953 1947 989 an

366 1033 595 1098 nuditas,
637 1050 704 1087 an
730 1032 1042 1101 periculum,
1081 1049 1148 1085 an
1177 1031 1377 1102 gladius
1403 1032 1419 1099 (
1447 1029 1594 1084 Rom.
1627 1030 1679 1083 8.
1710 1029 1777 1084 35
1800 1028 1853 1096 )?
1880 1027 1949 1081 Et

370 1142 555 1181 rursus
580 1126 702 1181 audi
730 1141 849 1180 eum
878 1125 1167 1190 dicentem,
1199 1123 1333 1176 Deus
1362 1131 1581 1176 conteret
1604 1130 1836 1174 satanam
1854 1119 1946 1173 sub

368 1218 579 1286 pedibus
604 1220 779 1272 vestris
805 1219 903 1271 cito
931 1216 950 1286 (
975 1217 1125 1271 liam.
1157 1215 1245 1271 16.
1277 1215 1346 1270 20
1364 1214 1402 1286 ).
1436 1214 1585 1269 Illum
1618 1214 1761 1269 enim
1785 1212 1947 1267 habe-

371 1312 457 1364 bat
500 1310 801 1374 subditum;
834 1319 889 1363 et
916 1309 1035 1364 ideo
1065 1308 1296 1370 dicebat,
1344 1306 1598 1376 Prazcipio
1628 1307 1714 1359 tibi
1758 1308 1810 1359 in
1848 1321 1944 1358 no—

369 1403 503 1455 mine
540 1399 747 1455 Domini
786 1400 912 1454 Jesu
953 1408 1009 1452 ut
1042 1402 1103 1453 ab
1130 1416 1189 1453 ea
1223 1414 1371 1453 exeas
1401 1397 1539 1466 (Act.
1572 1397 1662 1452 16.
1691 1396 1799 1465 18).
1835 1395 1946 1450 Hoc

368 1504 548 1549 autem
580 1509 685 1548 non
714 1504 796 1547 est
825 1493 1095 1548 luctantis.
1125 1492 1257 1545 Nam
1286 1491 1375 1562 qui
1407 1492 1633 1546 luctatur
1656 1531 1670 1553 ,
1709 1489 1945 1544 nondum

369 1587 534 1651 vicit;
567 1589 655 1655 qui
684 1595 861 1640 autem
893 1586 1053 1649 vicit,
1096 1598 1202 1639 non
1242 1584 1477 1638 luctatur
1515 1583 1745 1652 amplius
1776 1599 1790 1634 :
1823 1596 1945 1635 nam

369 1694 491 1732 eum
537 1678 799 1748 subjecit,
841 1686 895 1732 et
924 1677 1190 1746 captivum
1223 1676 1474 1732 reddidit.
1508 1675 1697 1730 Petrus
1736 1688 1947 1744 quoque

371 1786 478 1825 non
508 1771 812 1825 luctabatur
846 1785 967 1825 cum
995 1769 1211 1823 diabolo
1230 1776 1248 1830 .'
1291 1768 1387 1823 sed
1422 1767 1563 1837 quod
1603 1776 1718 1822 erat
1755 1766 1947 1821 melius

372 1880 530 1934 qnam
565 1864 774 1929 luctari,
797 1862 850 1917 id
872 1862 1115 1918 faciebat.
1148 1861 1355 1917 Fideles
1376 1861 1546 1927 multi,
1568 1861 1941 1928 obsequentes,

370 1956 735 2010 catechumeni
786 1971 853 2010 ex
897 1970 1088 2024 magna
1131 1953 1616 2023 superabundantia
1664 1953 1753 2006 illo
1791 1959 1947 2006 erant

372 2051 698 2117 superiores.
733 2049 797 2103 Et
823 2049 944 2102 ideo
973 2048 1184 2103 dicebat
1223 2048 1408 2101 beatus
1436 2046 1647 2107 Paulus,
1674 2044 1795 2098 Non
1816 2045 1947 2098 enim

372 2146 663 2213 ignoramus
706 2142 1031 2211 cogitationes
1072 2143 1183 2211 ejus
1213 2141 1307 2211 (2.
1350 2141 1469 2196 Cor.
1518 2141 1571 2195 2.
1621 2140 1749 2209 11).
1795 2139 1949 2195 Unde

374 2236 529 2287 etiam
560 2250 682 2289 eum
728 2236 955 2289 maxime
1001 2236 1288 2304 superavit.
1335 2234 1402 2288 Et
1442 2248 1627 2289 rursus
1664 2232 1786 2287 audi
1826 2249 1946 2288 eum

374 2327 662 2391 dicentem,
696 2326 816 2379 Non
852 2338 923 2379 est
948 2327 1132 2379 mirum
1151 2368 1167 2392 ,
1194 2326 1237 2379 si
1266 2326 1481 2379 ministri
1509 2326 1647 2379 illius
1671 2326 1948 2396 transﬁgu-

373 2428 552 2471 rantur
579 2429 833 2487 tamquam
862 2418 1080 2471 ministri
1096 2418 1315 2487 justitiaa
1341 2416 1417 2489 (2.
1446 2416 1566 2472 Cor.
1594 2419 1681 2472 11.
1709 2419 1800 2487 15)
1834 2437 1847 2472 :
1878 2421 1945 2472 ita

376 2518 598 2563 noverat
636 2525 848 2564 omnem
889 2525 1140 2580 pugnam,
1189 2517 1244 2564 et
1284 2508 1417 2563 nihil
1442 2524 1564 2565 eum
1592 2510 1805 2565 latebat.
1846 2511 1946 2575 Et,

377 2600 675 2670 Mysterium
726 2602 894 2665 enim,
952 2601 1156 2671 inquit,
1217 2602 1331 2671 jam
1384 2612 1622 2671 operatur
1672 2601 1951 2670 iniquitatis

376 2692 451 2759 (2.
484 2691 660 2746 Thess.
688 2692 743 2745 2.
774 2693 845 2759 7).
881 2691 987 2747 Sed
1016 2693 1275 2748 adversus
1300 2707 1398 2748 nos
1424 2692 1571 2762 ipsos
1591 2702 1674 2749 est
1690 2694 1951 2749 collucta-

378 2784 470 2837 tio.
498 2783 630 2837 Nam
657 2783 776 2838 audi
805 2799 927 2838 eum
955 2798 1141 2839 rursus
1169 2784 1453 2851 dicentem,
1481 2782 1656 2839 Certus
1674 2801 1787 2839 sum
1816 2785 1951 2853 quod

378 2892 534 2944 neque
559 2876 759 2946 angeli,
790 2892 950 2948 neque
974 2877 1305 2946 principatus,
1335 2892 1495 2947 neque
1532 2884 1799 2944 potestates
1817 2917 1831 2941 ,
1858 2893 1950 2929 ne-

377 2984 473 3033 que
498 2970 733 3032 virtutes,
771 2984 931 3038 neque
957 2968 1222 3033 instantia,
1249 2982 1408 3037 neque
1443 2972 1637 3037 futuro,
1671 2984 1827 3037 neque
1849 2968 1954 3021 alia

376 3072 610 3115 creatura
633 3062 813 3131 poterit
835 3078 927 3115 nos
952 3076 1189 3131 separare
1215 3077 1246 3114 a
1275 3062 1541 3115 dilectione
1566 3060 1754 3116 Christi
1775 3060 1950 3133 (Rom.

378 3154 432 3209 8.
462 3154 551 3209 58.
580 3154 693 3224 39).
726 3153 842 3209 Non
872 3154 1043 3219 dixit,
1091 3156 1130 3209 A
1176 3153 1388 3209 Christo
1408 3196 1424 3220 ,
1474 3154 1589 3217 sed,
1610 3156 1651 3207 Α
1692 3156 1957 3209 dilectione

381 3246 571 3301 Christi
600 3262 619 3299 :
646 3262 768 3300 nam
798 3246 951 3300 multi
990 3256 1114 3300 sunt
1140 3246 1272 3300 uniti
1294 3246 1512 3301 Christo
1533 3286 1546 3311 ,
1578 3247 1752 3317 ipsum
1778 3256 1955 3302 autem

380 3352 488 3391 non
519 3336 821 3406 diligentes.
850 3335 964 3390 Non
993 3338 1163 3390 solum
1186 3377 1201 3401 ,
1240 3337 1445 3405 inquit,
1475 3350 1581 3391 non
1614 3337 1955 3406 persuadebis

383 3435 443 3481 ut
468 3443 690 3495 negem,
722 3427 814 3481 sed
845 3442 944 3481 nec
969 3438 1026 3481 ut
1052 3443 1173 3481 eum
1206 3428 1379 3482 minus
1406 3428 1644 3498 diligam.
1680 3428 1737 3483 Si
1776 3437 1956 3482 autem

384 3532 631 3588 superna:
652 3520 875 3573 virtutes
905 3519 1005 3573 hoc
1031 3534 1140 3573 non
1168 3519 1496 3588 potuissent,
1525 3520 1645 3590 quis
1671 3520 1808 3574 alius
1835 3535 1956 3575 eum

387 3613 832 3666 transmutasset?
870 3609 984 3664 Non
1018 3611 1119 3665 hoc
1148 3620 1323 3665 autem
1364 3610 1494 3664 dicit
1534 3625 1599 3665 ac
1639 3611 1684 3665 si
1726 3611 1830 3665 illae
1862 3612 1961 3666 hoc

386 3703 803 3774 aggrederentur
826 3746 841 3770 ,
874 3703 968 3758 sed
1011 3719 1107 3773 per
1149 3703 1507 3775 hypothcsim.
1537 3703 1605 3758 Et
1634 3704 1754 3759 ideo
1792 3704 1958 3772 dicit,

388 3798 565 3850 Certus
585 3812 716 3861 sum,
750 3811 865 3861 seu,
900 3795 997 3850 Est
1027 3794 1152 3849 mihi
1186 3809 1517 3864 persuasum.
1551 3794 1716 3865 Igitur
1741 3810 1846 3849 non
1876 3796 1962 3850 lu-

388 3889 661 3951 ctabatur,
694 3887 789 3942 sed
820 3897 999 3942 tamen
1041 3889 1191 3942 timet
1229 3888 1347 3958 ejus
1380 3886 1626 3943 astutias.
1660 3889 1796 3942 Audi
1819 3890 1960 3943 enim

390 3996 510 4034 eum
540 3974 827 4043 dicentem,
876 3978 1051 4033 Timeo
1092 3981 1225 4033 enim
1267 3996 1348 4045 ne,
1400 3982 1529 4033 sicut
1565 3995 1767 4048 serpens
1804 3980 1965 4034 Evam

391 4071 588 4124 seduxit
617 4072 805 4125 astutia
829 4087 921 4124 sua
941 4112 955 4134 ,
987 4072 1058 4123 ita
1087 4080 1475 4141 corrumpantur
1502 4086 1675 4125 sensus
1704 4074 1852 4125 vestri
1876 4115 1890 4137 ,
1921 4083 1967 4125 et

392 4166 627 4217 excidant
657 4181 690 4215 a
716 4162 1037 4231 simplicitate
1061 4179 1174 4232 qua:
1211 4172 1284 4216 est
1308 4164 1363 4217 in
1390 4161 1588 4216 Christo
1616 4160 1692 4233 (’2.
1726 4162 1843 4216 Cor.
1873 4164 1962 4218 11.

393 4252 471 4325 5).
502 4254 674 4309 Etiam
696 4296 710 4315 ,
741 4252 871 4307 dicit
899 4270 911 4305 :
943 4261 997 4307 et
1024 4269 1121 4321 pro
1158 4255 1335 4322 seipso
1361 4254 1529 4307 utitur
1559 4252 1660 4308 hoc
1690 4253 1853 4308 verbo
1882 4252 1967 4307 di-

394 4360 541 4410 cens,
570 4343 744 4398 Timeo
772 4345 904 4398 enim
929 4360 989 4397 ne
1011 4347 1156 4413 forte,
1188 4360 1303 4396 cum
1332 4344 1448 4397 aliis
1474 4343 1834 4413 prwdicavero,
1858 4344 1968 4413 ipse

393 4440 632 4509 reprobus
674 4438 859 4508 eﬁiciar
904 4440 979 4506 (ι.
1024 4436 1139 4490 Cor.
1172 4435 1226 4489 9.
1264 4434 1384 4506 27).
1412 4436 1690 4503 Quomodo
1730 4451 1858 4506 ergo
1887 4446 1973 4491 est

396 4531 489 4586 tibi
518 4544 829 4601 persuasum
858 4529 996 4599 quod
1028 4544 1185 4583 nemo
1213 4539 1265 4583 te
1294 4529 1601 4597 separabit?

467 4624 522 4679 5.
552 4622 714 4678 Vides
739 4624 878 4693 quod
906 4623 1008 4677 hoc
1032 4624 1252 4677 verbum
1286 4624 1354 4677 sit
1401 4623 1713 4677 humilitatis
1753 4633 1806 4678 et
1850 4640 1962 4677 mo-

394 4714 601 4771 destiae.
624 4714 719 4770 Ille
745 4716 886 4769 enim
909 4718 1017 4782 jam
1044 4715 1231 4769 caelum
1254 4714 1554 4777 habitabat;
1587 4726 1642 4769 et
1670 4714 1792 4768 ideo
1821 4715 1969 4769 dice-

394 4807 516 4870 bat,
558 4804 708 4858 Nihil
735 4805 864 4858 enim
892 4805 1016 4857 mihi
1041 4806 1269 4858 conscius
1308 4820 1421 4857 sum
1451 4804 1528 4872 (1.
1560 4801 1677 4857 Cor.
1707 4805 1758 4858 4.
1793 4804 1847 4874 lt)
1873 4823 1887 4868 ;
1916 4814 1970 4858 et

394 4914 601 4965 rursus,
629 4897 845 4953 Cursum
873 4899 1211 4951 consummavi
1238 4897 1314 4967 (2.
1351 4895 1480 4949 Tim.
1514 4898 1565 4951 1.
1600 4898 1671 4965 7).
1707 4897 1883 4964 Quare
1902 4896 1969 4951 ad

397 4990 514 5045 haec
561 5004 665 5043 non
710 4991 758 5042 ei
806 4990 1240 5057 impedimentum
1271 4989 1524 5042 afferebat
1567 4989 1829 5052 diabolus,
1876 4989 1970 5043 sed

394 5082 463 5137 ad
499 5098 561 5139 ea
588 5098 707 5152 quae
737 5093 893 5137 erant
916 5082 1315 5149 discipulorum.
1344 5082 1559 5149 Quare?
1585 5082 1841 5148 Quoniam
1865 5098 1970 5135 non

396 5190 491 5231 eos
532 5177 760 5230 habebat
802 5178 851 5228 in
904 5185 1164 5243 potestate
1204 5176 1376 5229 Solum
1401 5217 1413 5233 .
1458 5177 1549 5229 scd
1594 5192 1778 5229 eorum
1810 5177 1969 5229 etiam

397 5268 626 5323 liberum
656 5269 954 5322 arbitrium.
988 5268 1099 5320 Illic
1125 5278 1238 5321 erat
1267 5268 1549 5335 superior;
1586 5267 1694 5320 imo
1720 5282 1845 5319 vero
1874 5283 1971 5321 nec

397 5358 506 5412 illic
547 5358 668 5412 ideo
711 5368 827 5412 erat
865 5357 1128 5426 superior,
1172 5358 1265 5411 sed
1310 5374 1370 5409 ex
1402 5358 1643 5411 socordia
1683 5367 1737 5410 et
1768 5359 1970 5427 ignavia

399 5463 585 5503 eorum
617 5449 708 5519 qui
739 5464 844 5503 non
874 5449 1238 5502 attendebant.
1268 5448 1398 5501 Nam
1428 5449 1472 5501 si
1504 5449 1553 5501 id
1586 5450 1798 5517 quidem
1828 5450 1969 5519 quod

398 5556 617 5596 suarum
645 5550 761 5597 erat
794 5544 1022 5611 partium
1048 5558 1151 5595 non
1180 5541 1484 5610 implesset,
1519 5553 1609 5597 aut
1636 5554 1852 5613 propter
1881 5559 1968 5600 sc-

397 5635 637 5702 gnitiem,
684 5644 778 5689 aut
826 5644 1043 5704 propter
1089 5634 1289 5705 aliquid
1333 5634 1475 5689 aliud
1524 5636 1819 5705 ejusmodi,
1872 5638 1965 5691 illo

398 5722 587 5778 fuisset
611 5725 853 5794 superior
886 5743 900 5777 :
932 5725 974 5778 si
1002 5734 1178 5779 autem
1205 5726 1319 5795 ipse
1350 5726 1564 5796 quidem
1592 5727 1821 5783 faciebat
1842 5744 1963 5783 om-

398 5813 520 5877 nia;
550 5814 626 5869 illi
655 5824 831 5869 autem
871 5829 975 5869 non
1012 5817 1300 5885 parebant,
1334 5832 1441 5873 non
1469 5817 1619 5874 illum
1647 5822 1913 5889 superavit
1940 5863 1955 5888 ,

1223 366 1291 421 IN
1326 365 1540 421 EPIST.
1582 365 1673 418 AD
1710 362 1949 419 EPHES.
1988 360 2145 421 CAP.
2188 365 2273 421 VI.
2316 368 2545 424 IIOMIL.
2586 371 2751 427 XXII.

3525 383 3626 438 £62

2051 478 2147 533 sed
2183 494 2368 536 eorum
2409 483 2853 551 inobedientiam;
2892 495 2947 542 et
2970 489 3188 545 morbus
3224 506 3329 546 non
3356 506 3626 563 superavit

2050 570 2351 637 medicum,
2394 573 2488 628 sed
2533 576 2717 644 aegroti
2762 578 3247 648 intemperantiam.
3296 582 3428 637 Cum
3478 586 3621 639 enim

2050 660 2166 731 ipse
2193 665 2404 734 quidem
2432 668 2609 721 omnia
2641 671 2926 737 paraverit,
2967 672 3056 727 ille
3088 683 3264 728 autem
3295 676 3472 730 omnia
3497 692 3621 732 cor-

2051 756 2274 823 ruperit.
2322 756 2412 811 ille
2455 757 2555 813 fuit
2602 771 2902 829 superatus,
2955 778 3062 817 non
3112 764 3217 819 hic.
3266 765 3622 832 Quamobrem

2050 844 2218 900 Paulo
2260 862 2519 918 nusquam
2570 849 2671 905 fuit
2723 853 2988 920 superior.
3034 852 3300 910 Caeterum
3346 856 3623 912 nobiscum

2050 934 2186 990 bene
2227 940 2398 1007 agitur
2427 940 2566 1009 quod
2611 943 2875 1010 possimus
2916 943 3075 999 etiam
3117 945 3323 1001 luctari.
3370 947 3625 1003 Romanis

2050 1028 2261 1097 quidem
2304 1029 2406 1085 hoc
2451 1048 2556 1086 non
2597 1045 2763 1102 optat,
2809 1034 2906 1089 sed
2944 1037 3113 1107 quid?
3138 1038 3367 1093 Conteret
3394 1052 3626 1097 satanam

2050 1120 2140 1175 sub
2181 1122 2386 1190 pedibus
2414 1127 2588 1179 vestris
2623 1128 2723 1180 cito
2763 1127 2937 1199 (Rom.
2979 1130 3064 1184 16.
3105 1130 3198 1203 πο)
3230 1150 3242 1185 :
3277 1134 3359 1188 Itis
3388 1150 3516 1189 vero
3543 1136 3620 1190 sic

2050 1224 2230 1283 optat,
2261 1216 2326 1269 Ei
2351 1228 2517 1271 autem
2542 1259 2555 1284 ,
2586 1221 2671 1289 qui
2698 1231 2873 1290 potens
2909 1233 2980 1275 est
3018 1225 3188 1277 omnia
3217 1227 3385 1296 facere
3409 1244 3622 1296 supera-

2049 1306 2335 1360 bundanter
2381 1326 2531 1380 quam
2573 1308 2786 1381 petimus
2827 1324 2916 1367 aut
2951 1316 3279 1387 intelligimus
3308 1317 3523 1388 (Ephes.
3563 1320 3620 1375 5.

2048 1397 2163 1470 20).
2197 1400 2297 1465 Qui
2326 1400 2587 1467 luctatur,
2619 1403 2791 1457 adhuc
2818 1415 3065 1472 tenetur;
3105 1407 3199 1462 sed
3241 1409 3374 1463 bene
3412 1425 3531 1463 cum
3558 1425 3623 1464 eo

2050 1492 2225 1560 agitur
2262 1492 2306 1544 si
2350 1508 2454 1545 non
2485 1493 2756 1549 ceciderit.
2788 1495 2935 1550 Tunc
2965 1500 3219 1566 pra'clara
3259 1512 3338 1553 est
3365 1502 3579 1554 victoria
3604 1541 3618 1564 ,

2050 1582 2263 1651 quando
2288 1581 2411 1637 hinc
2451 1586 2859 1640 excesserimus.
2894 1588 3133 1657 Exempli
3155 1604 3336 1653 causa,
3364 1592 3430 1643 sit
3450 1592 3625 1661 aliqua

2051 1675 2512 1744 concupiscentia;
2543 1677 2855 1733 admirabile
2885 1679 3099 1748 quidem
3142 1692 3225 1734 est
3251 1698 3368 1735 eam
3396 1698 3499 1737 non
3526 1684 3623 1736 ad-

2052 1766 2295 1830 mittere,
2342 1767 2437 1821 sed
2478 1769 2818 1839 exstinguere
2862 1790 2875 1825 :
2922 1772 2967 1825 si
3012 1772 3110 1825 hoc
3140 1785 3317 1827 autem
3364 1776 3473 1827 Iieri
3518 1791 3622 1829 non

2052 1858 2255 1927 possit,
2301 1867 2352 1913 et
2388 1860 2649 1914 luctemur
2678 1870 2732 1915 et
2770 1876 2869 1916 nos
2894 1877 3107 1932 semper
3138 1865 3503 1919 contineamus
3535 1883 3548 1919 :
3578 1866 3622 1920 si

2051 1947 2313 2003 luctantes
2339 1954 2726 2005 excesserimus
2751 1992 2765 2015 ,
2793 1954 3097 2009 vicerimus.
3128 1954 3241 2008 Non
3273 1956 3413 2009 enim
3451 1958 3522 2011 ita
3567 1972 3626 2011 se

2050 2056 2141 2096 res
2167 2041 2326 2098 habet
2352 2043 2440 2097 hic
2463 2045 2601 2099 sicut
2630 2048 2682 2099 in
2712 2046 2925 2101 athletis
2953 2064 2965 2102 :
2995 2063 3115 2102 nam
3148 2050 3257 2103 illic
3284 2050 3496 2119 quidem
3524 2051 3625 2104 nisi

2052 2133 2313 2203 dejeceris
2335 2176 2351 2200 ,
2382 2151 2486 2191 non
2512 2138 2716 2203 vicisti;
2748 2138 2835 2192 hic
2864 2149 3040 2195 autem
3068 2141 3236 2195 vicisti
3258 2181 3274 2208 ,
3302 2143 3348 2197 si
3376 2157 3480 2196 non
3509 2143 3626 2197 fue-

2053 2228 2128 2280 ris
2157 2226 2430 2296 dejectus;
2459 2230 2504 2282 si
2533 2244 2641 2284 non
2669 2245 2727 2284 es
2752 2231 3013 2300 dcjectus,
3036 2232 3310 2301 dejecisti;
3337 2242 3390 2288 et
3412 2234 3624 2288 merito.

2054 2312 2183 2371 Nam
2216 2318 2324 2373 illic
2353 2320 2564 2390 quidem
2591 2322 2750 2375 ambo
2774 2324 3102 2378 contendunt
3127 2324 3193 2378 de
3218 2326 3436 2379 victoria
3457 2369 3470 2391 ,
3500 2336 3553 2380 et
3580 2328 3626 2380 si

2052 2409 2192 2463 alter
2219 2409 2377 2465 fuerit
2404 2411 2666 2481 dcjectus,
2689 2414 2826 2468 alter
2858 2425 3143 2471 coronatur
3169 2437 3182 2471 :
3212 2416 3298 2471 hic
3322 2429 3497 2473 autem
3520 2434 3627 2473 non

2054 2502 2153 2566 sic,
2182 2502 2276 2556 sed
2302 2502 2544 2558 diabolus
2576 2506 2852 2560 contendit
2877 2517 2933 2560 ut
2961 2522 3059 2562 nos
3084 2523 3420 2576 superemur.
3444 2510 3628 2574 Quan-

2053 2592 2125 2647 do
2152 2608 2281 2663 ergo
2325 2594 2377 2648 id
2417 2594 2467 2649 ei
2496 2595 2752 2650 ademere
2774 2598 2843 2652 de
2870 2612 2976 2668 quo
3003 2600 3317 2664 contendit,
3346 2601 3447 2655 vici
3481 2620 3493 2653 :
3522 2617 3631 2657 non

2055 2686 2198 2739 enim
2241 2685 2500 2741 incumbit
2545 2695 2606 2741 ut
2650 2688 2884 2757 dejiciat,
2930 2689 3026 2744 sed
3067 2699 3124 2744 ut
3168 2705 3348 2746 secum
3392 2692 3625 2761 dejiciat.

2058 2777 2175 2832 Jam
2206 2787 2288 2832 est
2313 2793 2441 2849 ergo
2466 2778 2635 2833 victus
2664 2797 2680 2833 :
2708 2781 2822 2849 ipse
2846 2782 2991 2836 enim
3026 2783 3138 2851 jam
3164 2790 3248 2838 est
3274 2782 3549 2853 dcjectus,
3577 2792 3634 2838 et

2057 2878 2140 2921 est
2168 2868 2220 2922 in
2252 2870 2551 2938 perditione
2576 2880 2631 2925 et
2656 2871 2892 2927 interitu.
2923 2873 3054 2943 Ejus
3075 2884 3250 2928 autem
3280 2875 3501 2930 victoria
3524 2891 3633 2931 non

2056 2970 2139 3014 est
2168 2961 2221 3014 in
2248 2961 2349 3015 hoc
2374 2970 2435 3015 ut
2460 2970 2767 3026 coronetur,
2800 2963 2893 3018 sed
2924 2974 2982 3017 ut
3010 2980 3097 3019 me
3124 2966 3328 3034 perdat.
3360 2967 3632 3033 Quamob-

2056 3068 2171 3107 rem
2201 3055 2247 3107 si
2277 3069 2382 3107 non
2408 3053 2677 3123 dejecero,
2705 3071 2809 3109 non
2839 3055 2994 3110 fuero
3024 3067 3202 3111 autem
3224 3058 3486 3127 dcjectus,
3506 3060 3630 3115 vici.

2059 3145 2313 3210 Quaenam
2346 3156 2429 3199 est
2455 3161 2583 3216 ergo
2614 3147 2865 3215 praeclara
2901 3148 3164 3203 victoria?
3196 3150 3275 3204 Ex
3304 3150 3636 3219 superabun-

2061 3236 2241 3290 dantia
2269 3253 2390 3291 eum
2422 3239 2763 3303 conculcare,
2799 3250 2856 3292 ut
2887 3240 3111 3296 faciebat
3141 3241 3355 3306 Paulus,
3388 3257 3475 3296 res
3503 3258 3638 3312 pne-

2063 3338 2240 3385 sentes
2272 3331 2401 3385 nihil
2430 3345 2549 3386 esse
2586 3332 2917 3386 existimans.
2948 3333 3054 3387 Nos
3081 3349 3290 3405 quoque
3314 3351 3434 3389 eum
3465 3338 3640 3390 imite-

2065 3438 2205 3487 mur,
2260 3432 2315 3477 et
2355 3423 2586 3478 studium
2630 3438 2892 3492 ponamus
2933 3433 2991 3479 ut
3029 3424 3198 3480 simus
3227 3428 3548 3495 superiores,
3583 3438 3640 3481 et

2029 3572 2034 3579 ,
2063 3517 2259 3570 nullam
2289 3518 2337 3570 ei
2365 3516 2553 3570 deuius
2580 3532 2788 3571 ansam.

2135 3606 2339 3661 Divitia:
2379 3618 2425 3661 et
2460 3608 2628 3661 inanis
2654 3609 2817 3678 gloria
2845 3623 3023 3662 ansam
3049 3608 3174 3661 dant
3200 3608 3421 3662 diabolo.
3451 3639 3523 3649 —
3554 3610 3641 3663 Di-

2065 3701 2207 3755 vitis:
2236 3701 2367 3755 dant
2394 3701 2442 3755 ei
2469 3715 2674 3767 ansam,
2701 3702 2963 3770 pecuniae,
2995 3701 3168 3754 inanis
3196 3701 3386 3771 gloria,
3415 3711 3469 3755 et
3498 3717 3642 3771 smpe

2067 3794 2278 3863 quidem
2308 3809 2429 3848 eum
2457 3795 2685 3863 erigunt,
2728 3808 2871 3862 saepe
2911 3800 3089 3847 autem
3132 3792 3299 3846 ferum
3333 3792 3558 3847 reddunt
3588 3804 3645 3847 ct

2072 3887 2379 3939 immanem.
2414 3885 2516 3940 Sed
2547 3885 2672 3954 quid
2705 3899 2839 3954 opus
2862 3893 2944 3938 est
2970 3884 3144 3937 lucta?
3170 3883 3293 3953 quid
3321 3899 3455 3953 opus
3480 3893 3561 3943 est
3588 3895 3645 3937 ut

2071 3977 2476 4031 concertemus?
2512 3977 2612 4042 Qui
2652 3990 2841 4029 manus
2878 3976 3131 4038 conserit,
3178 3975 3336 4029 linem
3366 3974 3525 4029 habet
3551 3976 3636 4028 in—

2070 4080 2308 4134 certum,
2352 4084 2476 4122 num
2522 4069 2636 4137 ipse
2684 4068 2843 4122 etiam
2884 4066 3222 4135 superabitur
3263 4075 3318 4121 et
3358 4067 3645 4135 capietur:

2070 4163 2160 4231 qui
2203 4170 2390 4215 autenm
2420 4161 2731 4225 conculcat,
2772 4170 2973 4214 certam
3011 4168 3067 4213 et
3113 4157 3445 4213 manifestam
3487 4156 3649 4212 habet

2073 4254 2371 4309 victoriam.
2399 4253 2786 4307 Conculcemus
2812 4250 3013 4305 diaboli
3045 4251 3342 4319 potentiam
3364 4288 3381 4316 ,
3423 4249 3646 4305 concul-

2074 4361 2257 4402 cemus
2289 4353 2538 4415 peccata;
2568 4344 2767 4406 omnia,
2811 4343 3048 4412 inquam,
3082 4357 3202 4412 qua;
3226 4340 3293 4395 ad
3321 4340 3459 4395 hanc
3483 4341 3646 4395 vitam

2076 4443 2376 4509 pertinent,
2431 4437 2563 4489 iram
2586 4475 2600 4497 ,
2668 4432 3151 4502 concupiscentiam
3176 4472 3192 4498 ,
3246 4435 3604 4501 arrogantiam
3627 4469 3645 4494 ,

2078 4545 2266 4583 ouines
2311 4528 2473 4581 animi
2523 4524 2953 4595 perturbationes
2990 4530 3045 4577 et
3071 4523 3199 4576 vitia
3229 4541 3244 4577 :
3275 4531 3329 4576 ut
3370 4537 3491 4577 cum
3522 4522 3646 4577 illuc

2075 4622 2482 4683 excesserimus,
2509 4633 2613 4671 non
2640 4617 2974 4671 inveniamur
2995 4612 3298 4684 prodidisse
3329 4622 3645 4683 potestatem

2075 4729 2233 4785 quam
2276 4712 2430 4785 nobis
2458 4709 2603 4764 dedit
2632 4708 2794 4762 Deus.
2828 4705 2904 4760 Ita
2933 4705 3075 4760 enim
3102 4706 3263 4759 etiam
3299 4704 3472 4759 futura
3513 4719 3647 4759 con-

2077 4818 2380 4876 sequemur.
2411 4802 2467 4857 Si
2495 4809 2669 4854 antem
2694 4800 2746 4852 in
2778 4800 2877 4852 hoc
2903 4797 3157 4852 fuerimus
3186 4797 3381 4866 ignavi,
3407 4796 3525 4865 quis
3553 4810 3653 4849 no-

2077 4899 2159 4953 bis
2189 4896 2389 4965 majora
2410 4890 2750 4947 committet?
2772 4888 2828 4943 Si
2853 4890 2994 4943 enim
3025 4903 3145 4942 eum
3172 4888 3263 4957 qui
3290 4886 3529 4950 offendit,
3558 4886 3647 4955 qui

2074 5000 2159 5046 est
2188 4987 2569 5058 ignominiosus
2591 5026 2605 5049 ,
2634 4984 2724 5054 qui
2764 4990 2848 5037 est
2885 4988 3239 5048 contemptus,
3270 4980 3359 5049 qui
3387 4978 3529 5048 jacet
3551 4978 3651 5032 sub

2077 5083 2322 5153 pedibus,
2364 5095 2469 5133 non
2516 5077 2787 5147 potuimus
2827 5074 3165 5136 conculcare,
3209 5072 3478 5141 quomodo
3505 5070 3652 5124 dabit

2080 5178 2231 5231 nobis
2257 5177 2414 5230 Pater
2436 5189 2524 5227 res
2558 5169 2849 5241 paternas?
2878 5169 2920 5222 si
2948 5183 3069 5222 eum
3096 5165 3185 5235 qui
3210 5173 3290 5219 est
3319 5165 3453 5217 adeo
3476 5163 3651 5231 subje-

2076 5280 2192 5325 ctus
2214 5284 2317 5322 non
2346 5265 2732 5337 superavimus,
2756 5276 3041 5332 quamnam
3067 5258 3381 5312 habebimus
3404 5255 3648 5308 fiduciam

2076 5359 2405 5430 ingrediendi
2436 5360 2485 5411 in
2514 5357 2730 5410 domum
2762 5352 3079 5424 paternam?
3116 5351 3269 5413 Nam,
3301 5348 3386 5402 dic
3423 5346 3574 5410 mihi,
3602 5347 3649 5399 si

2075 5454 2274 5508 habeas
2295 5453 2523 5521 aliquem
2558 5450 2742 5514 lilium,
2774 5447 2863 5502 ille
2887 5455 3063 5499 autem
3098 5443 3297 5497 relictis
3328 5440 3533 5494 famulis
3559 5438 3653 5509 qui

2074 5554 2198 5600 sunt
2228 5544 2458 5606 honesti,
2489 5550 2734 5596 versetur
2758 5554 2877 5593 cum
2917 5538 2982 5591 iis
3007 5536 3095 5605 qui
3125 5534 3218 5588 tibi
3243 5532 3455 5586 fuerunt
3482 5530 3651 5585 mole-

2074 5640 2164 5706 sti,
2195 5638 2280 5707 qui
2313 5652 2342 5691 c
2371 5636 2530 5689 domo
2553 5633 2693 5703 pulsi
2721 5639 2864 5696 sunt,
2890 5630 2979 5699 qui
3010 5628 3061 5681 itt
3091 5627 3205 5680 alea
3228 5633 3354 5679 sunt
3382 5623 3648 5692 occupati,

2072 5742 2126 5787 et
2162 5733 2261 5785 hoc
2291 5729 2449 5784 faciat
2475 5736 2756 5797 perpetuo,
2797 5737 2905 5778 non
2948 5716 3395 5776 exheredabitur?
3439 5715 3652 5785 Perspi-

2079 5838 2235 5879 cuum
2262 5832 2343 5877 est
2360 5863 2374 5888 ,
2400 5834 2522 5875 eum
2546 5831 2667 5875 esse
2691 5810 3146 5872 exheredandum.
3181 5811 3255 5865 Ita
3282 5825 3379 5867 nos
3404 5820 3614 5878 quoque
3630 5844 3651 5873 ,
