4100 6412
463 374 570 432 163

462 491 508 545 si
550 487 786 543 dimissis
824 486 1025 558 angelis
1052 485 1146 556 qui
1178 485 1294 541 Deo
1322 485 1658 555 placuerunt,
1686 492 1742 537 et
1774 482 1863 551 qui
1892 480 2046 535 nobis

463 592 590 635 sunt
621 578 874 647 praefecti,
899 592 1175 632 versemur
1200 592 1322 631 cum
1344 575 1579 641 diabolo,
1602 573 1823 628 omnino
1843 573 2047 628 erimus

462 670 781 725 exheredes.
817 669 1014 724 Verum
1059 669 1216 731 absit,
1265 676 1327 722 ut
1363 676 1602 721 nostrum
1631 666 1910 735 quisquam
1945 663 2048 718 hoc

467 762 732 832 patiatur;
763 761 857 816 sed
894 762 1033 816 bello
1062 760 1317 815 adversus
1346 759 1516 828 ipsum
1549 767 1796 825 suscepto
1843 765 1898 809 et
1925 770 2047 809 cum

467 868 704 921 superno
743 853 941 906 auxilio
971 853 1222 913 victores,
1256 849 1483 905 heredes
1522 848 1691 902 simus
1717 846 1865 916 regni
1891 846 2051 900 caelo-

472 962 615 1000 rum.
647 946 706 1000 Si
732 947 851 1016 quis
882 945 1043 999 hahet
1070 944 1363 1004 inimicum,
1391 941 1434 995 si
1465 940 1654 1009 injuria
1682 938 1750 993 ab
1770 939 1948 1007 aliquo
1968 923 2087 990 est'

471 1036 694 1091 allectus
714 1077 729 1100 ,
775 1036 818 1089 si
860 1034 978 1104 quis
1009 1043 1091 1089 est
1119 1033 1406 1095 etfcratus,
1436 1047 1649 1086 omnem
1676 1038 2049 1098 congregatam

466 1126 812 1195 asperitatem
833 1133 888 1178 et
914 1124 1169 1179 ferociam
1193 1122 1431 1178 effundat
1456 1123 1508 1176 in
1531 1130 1690 1190 caput
1712 1120 1931 1175 diaboli.
1954 1119 2052 1174 llic

467 1219 545 1272 ira
576 1233 663 1273 res
685 1228 769 1273 est
789 1218 928 1272 bona
954 1228 1010 1272 et
1037 1218 1289 1280 honesta;
1313 1215 1401 1269 hic
1421 1214 1714 1284 indignatio
1735 1227 1823 1267 res
1848 1219 1929 1267 est
1950 1212 2043 1266 uti.

468 1309 570 1375 iis;
606 1312 690 1364 hic
721 1310 931 1379 injuria:
956 1317 1190 1379 accepta:
1216 1306 1520 1363 recordatio
1550 1316 1603 1360 et
1629 1305 1811 1360 odium
1854 1319 1942 1359 res
1970 1312 2054 1358 est

472 1400 775 1455 laudabilis.
829 1400 978 1456 Sicut
1018 1400 1161 1454 enim
1209 1400 1261 1453 in
1292 1398 1530 1453 externis
1570 1396 1779 1465 injuria:
1823 1403 2055 1463 accepta:

469 1494 740 1550 recordari
767 1503 852 1549 est
879 1495 1097 1557 malum,
1128 1494 1197 1546 ita
1239 1492 1323 1545 hic
1360 1491 1569 1561 injuriae
1608 1498 1841 1558 accepta:
1870 1486 2057 1541 memi-

475 1586 621 1639 nisse
649 1593 733 1638 est
758 1584 978 1638 bonum.
1010 1584 1193 1652 Itaque
1214 1582 1258 1635 si
1284 1580 1448 1636 habes
1475 1581 1599 1634 vitia
1630 1590 1681 1634 et
1706 1578 1966 1643 defectus,
1992 1590 2054 1629 ea

472 1676 561 1731 hic
588 1675 797 1745 depone
825 1691 839 1741 ;
888 1678 932 1729 si
980 1690 1083 1728 non
1114 1682 1267 1743 potes
1293 1688 1355 1727 ea
1384 1672 1677 1740 deponere,
1716 1670 1905 1724 saltem
1934 1682 2055 1723 cum

472 1770 733 1824 membris
760 1769 865 1822 tuis
894 1767 1124 1836 depone.
1174 1764 1444 1819 Percussit
1470 1763 1706 1833 aliquis?
1734 1763 1821 1817 Sis
1848 1760 2057 1831 injurias

472 1876 503 1914 a
549 1860 765 1914 diabolo
804 1870 1038 1928 acceptce
1086 1873 1316 1920 memor,
1362 1864 1418 1911 et
1463 1870 1751 1924 numquam
1798 1853 2058 1907 adversus

470 1968 595 2009 eum
618 1962 894 2021 susceptas
912 1965 1175 2020 compone
1200 1949 1524 2004 inimicitias.
1550 1949 1619 2002 At
1637 1963 1741 2001 non
1764 1942 2060 2015 percussit?

472 2045 565 2101 Sic
592 2059 803 2115 quoque
829 2044 904 2098 sis
928 2057 1135 2097 memor
1159 2051 1393 2111 accepta:
1419 2040 1657 2110 injuriae;
1689 2037 1832 2109 quod
1874 2035 2059 2090 Domi-

1218 368 1275 426 S.
1304 367 1582 425 JOANNIS
1618 363 2092 423 CHRYSOSTOMI
2129 364 2443 421 ARCHIEP.
2481 365 3011 425 CONSTANTINOP.

3630 371 3731 428 166

2152 496 2278 535 num
2304 490 2452 535 tuum
2478 481 2715 537 affecerit
2734 483 3079 551 contumelia,
3102 484 3244 556 quod
3262 485 3561 554 offenderit,
3587 489 3726 560 quod

2153 572 2403 627 fratribus
2432 582 2655 636 noceat,
2688 583 2743 627 et
2771 589 2891 628 cum
2922 575 3002 629 eis
3033 575 3229 630 bellum
3260 588 3428 646 gerat.
3461 580 3547 635 Sis
3588 596 3727 635 sent.

2151 676 2249 731 per
2278 662 2547 731 inimicus,
2580 680 2795 733 semper
2821 666 3062 727 acerbus,
3091 682 3303 737 semper
3326 670 3544 725 immitis
3564 681 3619 726 et
3650 672 3732 726 fe-

2153 767 2262 808 rus.
2302 753 2380 808 Ita
2424 753 2516 811 ille
2556 756 2661 810 erit
2705 755 2937 820 humilis,
2987 758 3065 810 sic
3105 758 3207 811 erit
3251 758 3611 829 despicabilis,
3657 763 3735 817 sic

2152 852 2309 913 captu
2341 844 2532 900 facilis.
2560 845 2617 901 Si
2646 860 2745 900 nos
2765 847 2932 902 simus
2959 846 3010 901 itt
3037 863 3160 902 eum
3190 848 3414 915 feroces,
3448 852 3536 906 ille
3559 854 3609 906 in
3634 868 3735 908 nos

2154 950 2259 988 non
2299 935 2403 990 erit
2441 935 2618 1001 (erus;
2669 938 2717 991 si
2765 952 2863 991 nos
2892 938 3060 992 simus
3086 939 3376 994 clementes
3404 952 3456 995 et
3480 943 3692 1014 benigni
3716 984 3734 1011 ,

2155 1034 2280 1079 tunc
2319 1025 2409 1080 ille
2437 1026 2534 1080 erit
2569 1026 2715 1081 ferox
2748 1050 2762 1080 :
2797 1043 2902 1081 non
2939 1029 3079 1083 sicut
3106 1045 3230 1100 erga
3280 1030 3471 1086 fratres
3517 1044 3732 1090 nostros

2155 1130 2278 1186 erga
2324 1117 2473 1171 illum
2517 1117 2693 1172 affet-ti
2721 1118 2908 1173 simus.
2945 1120 3037 1175 llle
3065 1130 3150 1175 est
3188 1122 3433 1178 inimicus
3471 1135 3525 1179 et
3568 1126 3739 1184 hostis

2154 1208 2278 1260 vitae
2306 1214 2362 1260 et
2386 1207 2594 1271 salutis,
2624 1218 2679 1263 et
2706 1218 2905 1264 nostra:
2930 1220 2985 1265 et
3011 1224 3143 1265 suae.
3175 1211 3228 1267 Si
3255 1213 3490 1282 seipsum
3522 1231 3627 1271 non
3657 1218 3740 1271 di-

2158 1298 2307 1368 ligit,
2338 1299 2608 1369 quomodo
2650 1300 2843 1369 poterit
2886 1316 2984 1356 nos
3013 1301 3276 1371 diligere?
3301 1304 3583 1362 Struamus
3612 1324 3741 1379 ergo

2170 1391 2364 1455 aciein,
2413 1400 2468 1445 et
2508 1407 2629 1448 eum
2677 1393 2952 1459 feriamus,
2997 1408 3118 1448 cum
3161 1410 3408 1466 magnum
3452 1396 3743 1456 Habeamus

2164 1483 2292 1539 belli
2329 1485 2531 1539 socium
2558 1495 2612 1539 et
2636 1485 2932 1553 adjutorem
2962 1487 3241 1543 Dominum
3268 1499 3508 1544 nostrum
3550 1491 3732 1547 Jesum

2157 1573 2428 1631 Christum
2456 1616 2471 1639 ,
2514 1576 2604 1645 qui
2646 1576 2844 1647 poterit
2867 1576 3085 1633 efficere
3126 1588 3185 1632 ut
3211 1579 3431 1635 minime
3471 1583 3744 1651 capiamur

2159 1667 2277 1738 ejus
2319 1668 2553 1738 laqueis,
2598 1677 2653 1724 et
2695 1684 2795 1724 nos
2840 1669 2993 1724 bonis
3023 1669 3218 1726 futuris
3241 1671 3549 1742 dignabitur
3578 1693 3591 1731 :
3619 1690 3742 1745 quae

2162 1759 2316 1813 nobis
2342 1759 2592 1814 omnibus
2635 1758 2794 1814 detur
2830 1762 3085 1831 consequi
3122 1767 3291 1833 gratia
3322 1773 3377 1819 et
3420 1766 3745 1836 benignitate

2164 1851 2373 1906 Domini
2402 1851 2569 1906 nostri
2603 1850 2732 1906 Jesu
2759 1850 2980 1918 Christi,
3009 1855 3095 1908 cui
3124 1869 3246 1907 cum
3277 1854 3435 1910 Patre
3462 1865 3518 1910 et
3545 1856 3745 1926 Spiritu

2164 1953 2349 1997 sancto
2377 1941 2568 2011 gloria,
2603 1942 2918 2012 imperium,
2948 1945 3121 1999 honor
3141 1985 3156 2010 ,
3185 1960 3328 2001 nunc
3351 1954 3405 2001 et
3427 1961 3662 2018 semper,
3690 1957 3746 2004 et

2165 2034 2219 2087 in
2245 2034 2440 2087 saecula
2471 2033 2813 2088 saeculorum.
2843 2036 3036 2089 Amen.

1805 2246 2154 2308 HOMILIA
2197 2245 2439 2308 XXIII.

473 2400 605 2456 Car.
646 2400 700 2457 6.
742 2416 793 2455 v.
828 2400 916 2454 14.
956 2398 1100 2455 State
1143 2415 1259 2470 ergo
1287 2396 1525 2452 succincti
1547 2393 1741 2449 lumbos
1779 2402 1967 2448 vestros
2003 2390 2058 2444 in

1160 2489 1384 2542 veritate.

549 2586 599 2640 1.
633 2583 764 2640 Cum
799 2584 1095 2639 exercitum
1127 2580 1269 2636 hunc
1294 2581 1597 2635 ordinasset
1618 2618 1633 2643 ,
1661 2587 1717 2633 et
1740 2590 1927 2631 eorum
1956 2588 2053 2628 ex-

475 2676 693 2732 citasset
715 2674 878 2729 animi
904 2673 1230 2728 alacritatem
1258 2672 1275 2743 (
1302 2672 1578 2740 utriusque
1602 2670 1744 2723 enim
1765 2676 1879 2722 erat
1899 2679 2054 2736 opus,

477 2777 533 2823 et
561 2776 619 2820 ut
655 2777 836 2822 essent
863 2764 1135 2829 ordinati,
1178 2772 1235 2818 et
1264 2770 1321 2816 ut
1355 2763 1678 2816 excitaretur
1711 2772 1897 2814 eorum
1940 2755 2058 2810 ani-

481 2857 643 2929 mus)
668 2874 682 2924 ;
713 2872 835 2913 cum
864 2858 946 2911 eis
973 2856 1210 2910 animum
1235 2853 1529 2908 addidisset
1555 2852 1574 2921 (
1603 2867 1724 2906 nam
1755 2864 1821 2905 eo
1847 2862 2060 2920 quoque

478 2958 598 3005 erat
621 2948 795 3018 opus)
819 2990 833 3011 ,
866 2947 1120 3016 deinceps
1143 2962 1236 3000 eos
1260 2952 1452 2999 armat.
1482 2943 1621 2998 Nihil
1650 2943 1793 2998 enim
1813 2944 2061 3011 juvarent

482 3055 630 3095 arma
651 3082 666 3104 ,
697 3040 741 3093 si
769 3039 844 3092 illi
874 3039 1020 3107 prius
1050 3052 1153 3091 non
1181 3044 1364 3092 essent
1388 3034 1650 3099 ordinati,
1682 3048 1856 3103 neque
1880 3031 2064 3086 militis

482 3135 691 3189 animus
737 3141 880 3188 esset
929 3133 1204 3187 excitatus.
1267 3130 1493 3200 Oportet
1544 3130 1688 3185 enim
1746 3130 1893 3198 prius
1940 3141 2063 3181 eum

482 3240 693 3279 armare
739 3224 1058 3277 intrinsecus
1082 3263 1098 3288 ,
1147 3232 1201 3277 et
1238 3221 1431 3276 deinde
1470 3222 1828 3277 extrinsecus.
1878 3220 1934 3275 Si
1963 3219 2066 3274 hoc

483 3328 662 3371 autem
708 3315 866 3384 vulgo
913 3313 1050 3368 litin
1103 3314 1398 3378 militibus,
1449 3312 1616 3366 multo
1665 3311 1834 3381 magis
1883 3315 1936 3364 in
1982 3310 2067 3365 his

485 3408 739 3464 militibus
770 3407 859 3476 qui
888 3406 1088 3461 cadunt
1115 3406 1213 3459 sub
1240 3405 1644 3474 intelligentiam
1670 3419 1686 3469 ;
1715 3405 1824 3459 imo
1856 3420 1984 3458 vero
2012 3404 2064 3458 in

491 3499 575 3552 his
620 3514 687 3552 ne
717 3497 841 3551 licet
881 3496 1094 3567 quidem
1129 3510 1339 3550 armare
1375 3497 1739 3559 extrinsecus,
1769 3495 1862 3550 sed
1890 3497 2070 3551 omnia

490 3590 839 3655 intrinsecus,
869 3589 1105 3643 animum
1136 3588 1387 3642 excitavit
1413 3596 1468 3642 et
1495 3588 1843 3642 inflammavit
1863 3628 1877 3651 ,
1907 3588 2073 3641 auda-

488 3684 627 3735 ciam
674 3680 898 3744 indidit,
930 3678 1197 3733 ordinavit
1221 3695 1237 3745 ;
1265 3678 1480 3733 demum
1505 3688 1695 3732 armat.
1737 3678 1841 3733 Sed
1867 3680 1986 3733 vide
2015 3686 2074 3733 ut

490 3787 587 3828 eos
630 3772 793 3826 armis
833 3770 1037 3825 induaL
1084 3771 1228 3826 State
1273 3786 1425 3839 ergo,
1459 3771 1650 3840 inquit.
1686 3772 1921 3826 Primum
1950 3771 2071 3824 offi-

491 3865 633 3918 cium
673 3880 857 3917 eorum
885 3863 977 3933 qui
1022 3863 1073 3916 in
1104 3863 1346 3915 ordinata
1374 3872 1497 3916 sunt
1520 3863 1636 3917 acie
1659 3902 1674 3925 ,
1706 3870 1789 3917 est
1820 3874 1878 3916 ut
1903 3864 2075 3918 sciant

495 3964 641 4010 recte
682 3965 863 4019 stare;
900 3964 952 4009 et
1000 3968 1067 4008 ex
1115 3969 1180 4008 eo
1226 3955 1391 4009 multa
1437 3956 1738 4009 evenerint.
1786 3956 2073 4024 Pr0pterea

495 4047 661 4101 multa
695 4046 824 4101 dicit
855 4046 923 4102 de
961 4048 1192 4103 statione
1217 4089 1233 4111 ,
1278 4048 1404 4102 alibi
1435 4051 1593 4104 etiam
1633 4050 1817 4104 dicens
1846 4068 1858 4102 :
1894 4051 2073 4116 State,

495 4139 735 4207 vigilate;
764 4147 819 4191 et
843 4153 1063 4203 rursus,
1093 4137 1183 4193 Sic
1211 4148 1338 4192 state
1364 4140 1418 4193 in
1460 4138 1678 4194 Domino
1709 4140 1728 4214 (
1756 4142 1802 4195 l.
1835 4142 1952 4197 Cor.
1986 4143 2074 4198 l6.

497 4232 647 4300 I5);
700 4240 754 4285 et
796 4246 1016 4297 rursus,
1068 4231 1166 4297 Qui
1210 4248 1262 4285 se
1308 4233 1561 4285 existimat
1602 4244 1771 4295 stare,
1817 4235 1982 4287 videat
2018 4253 2080 4290 ne

499 4320 648 4374 cadat
679 4319 945 4393 (Philipp.
980 4322 1032 4375 4.
1065 4321 1086 4374 1
1116 4320 1137 4391 )
1212 4330 1266 4377 et
1310 4336 1496 4376 rursus
1517 4364 1532 4386 ,
1567 4320 1634 4377 Ut
1672 4324 1873 4392 possitis
1910 4326 2077 4378 omni-

499 4412 591 4467 bus
616 4413 855 4483 confectis
879 4422 1013 4467 stare
1045 4424 1063 4484 t
1087 4414 1138 4467 1.
1166 4412 1285 4468 Cor.
1317 4414 1403 4469 l0.
1441 4413 1564 4485 12).
1597 4415 1714 4469 Non
1740 4431 1867 4487 ergo
1895 4432 2083 4487 quam-

499 4502 630 4558 libet
672 4503 800 4559 dicit
839 4504 1154 4568 stationem,
1184 4504 1280 4560 sed
1324 4520 1441 4560 eam
1488 4523 1607 4575 qure
1650 4518 1733 4562 est
1759 4516 1903 4563 recte
1932 4509 2081 4563 ordi-

500 4603 666 4663 nata;
696 4604 745 4649 et
782 4595 874 4664 qui
911 4596 987 4649 rei
1018 4594 1265 4650 militaris
1291 4606 1414 4651 sunt
1451 4598 1640 4667 periti,
1669 4598 1846 4653 sciunt
1887 4610 2082 4668 quanta

500 4685 573 4738 sit
607 4685 780 4740 standi
808 4686 1017 4755 peritia.
1050 4685 1182 4741 Nam
1206 4688 1251 4742 si
1279 4688 1333 4741 in
1364 4688 1630 4757 pugilibus
1649 4731 1663 4754 ,
1692 4701 1747 4744 et
1789 4689 1855 4744 iis
1880 4692 1971 4761 qui
2000 4692 2084 4746 lu-

499 4784 746 4843 ctantur,
780 4778 881 4831 hoc
925 4788 1049 4831 ante
1077 4778 1178 4833 alia
1210 4777 1577 4849 ludimagister
1603 4781 1857 4849 praecipit,
1891 4797 2084 4853 nempe

500 4876 675 4929 stare,
704 4867 872 4921 multo
898 4868 1065 4938 magis
1105 4869 1158 4922 in
1184 4869 1339 4923 bellis
1377 4878 1432 4923 et
1474 4870 1524 4923 in
1556 4872 1717 4925 rebus
1742 4871 2080 4928 militaribus.

503 4958 605 5025 Qui
640 4966 748 5012 stat
786 4968 963 5014 rectus
985 5001 1000 5024 ,
1033 4969 1139 5013 stat
1188 4975 1292 5014 non
1324 4960 1614 5015 dissolutus
1638 5001 1654 5025 ,
1687 4964 1816 5018 nulli
1842 4965 2038 5019 cedens
2066 4982 2080 5019 :

501 5059 753 5104 accurata
801 5050 1064 5104 rectitudo
1110 5051 1348 5105 cernitur
1394 5053 1445 5104 in
1496 5054 1744 5108 statione.
1788 5056 1963 5120 Quare
1991 5059 2081 5126 qui

498 5158 626 5198 vere
666 5152 792 5198 sunt
834 5145 1001 5210 recti,
1034 5145 1068 5197 ii
1096 5154 1235 5199 stant
1265 5167 1277 5200 :
1304 5146 1393 5215 qui
1420 5156 1596 5200 autem
1630 5163 1734 5202 non
1770 5159 1945 5211 stant.
1976 5167 2081 5204 non

500 5234 696 5289 fuerint
725 5234 895 5299 recti,
944 5234 1039 5289 sed
1091 5236 1333 5290 dissoluti
1377 5244 1431 5290 et
1478 5236 1655 5292 effusi.
1706 5238 1819 5292 Non
1862 5249 1967 5294 stat
1993 5243 2082 5310 qui

498 5324 643 5394 degit
672 5324 723 5379 in
755 5324 959 5379 deliciis
982 5364 997 5385 .
1037 5324 1128 5378 sed
1160 5324 1431 5391 declinat;
1464 5326 1589 5380 item
1620 5328 1850 5384 lascivus
1874 5373 1888 5397 ,
1917 5346 2080 5401 pecn-

499 5418 603 5471 nia:
648 5415 893 5486 cupidus.
949 5416 1046 5483 Qui
1095 5416 1197 5470 scit
1248 5424 1425 5481 stare,
1476 5432 1543 5472 ex
1587 5420 1774 5474 eadem
1815 5425 2081 5490 statione,

502 5518 770 5578 tamquam
814 5524 879 5564 ex
926 5508 1155 5578 quodam
1196 5508 1579 5579 fundamento,
1628 5529 1974 5585 qumcnmque
2015 5517 2083 5571 ad

501 5599 697 5653 luctam
743 5601 1015 5669 pertinent
1063 5600 1277 5654 habebit
1324 5601 1497 5679 facilia
1543 5612 1598 5657 et
1639 5605 1905 5674 expedita.
1938 5605 2084 5661 State

456 5736 463 5737 ,
500 5707 642 5761 ergo,
673 5691 871 5761 inquit,
903 5693 1143 5747 succincti
1171 5684 1375 5747 lumbos
1400 5708 1587 5749 vestros
1625 5697 1677 5750 in
1714 5698 1934 5752 veritate.
1967 5698 2082 5754 Non

499 5782 721 5839 dicitde
755 5799 887 5839 zona
916 5785 1101 5841 seusili
1135 5803 1151 5844 :
1181 5802 1305 5841 nam
1330 5788 1509 5842 omnia
1550 5805 1669 5859 qua:
1713 5790 1797 5845 hic
1825 5800 1980 5859 sunt,
2011 5793 2080 5847 ita

2169 2389 2301 2443 dicit
2329 2396 2389 2443 ut
2425 2388 2621 2445 cadant
2655 2392 2756 2446 sub
2784 2392 3206 2463 intelligentiam.
3253 2396 3382 2453 Vide
3407 2409 3585 2455 autem
3611 2415 3747 2471 quo-

2169 2481 2330 2536 modo
2382 2484 2654 2551 procedat.
2721 2484 2958 2540 Primum
3006 2491 3268 2560 succingit
3312 2492 3556 2548 militem.
3596 2488 3747 2562 Quid

2170 2573 2274 2629 hoc
2319 2584 2402 2630 est
2447 2578 2667 2632 autem?
2695 2578 2827 2635 Eum
2866 2581 2956 2649 qui
3001 2581 3311 2639 libidinibus
3347 2585 3544 2642 dimuit
3576 2598 3631 2642 et
3668 2600 3749 2643 est

2171 2663 2495 2732 dissolutus,
2556 2677 2613 2722 et
2652 2668 2800 2725 humi
2846 2683 3098 2742 repentes
3160 2674 3318 2730 habet
3358 2679 3745 2747 cogitationes,

2174 2769 2271 2824 per
2309 2772 2497 2810 zonam
2539 2760 2817 2828 reprimit,
2874 2777 2980 2817 non
3043 2764 3226 2820 sinens
3266 2782 3390 2822 eum
3436 2770 3675 2839 impediri
3718 2785 3749 2824 a

2172 2848 2410 2903 vestibus
2454 2864 2575 2919 qua:
2619 2851 2764 2907 tibiis
2803 2852 3174 2924 implicantur,
3224 2858 3319 2913 sed
3360 2859 3637 2917 dimittens
3687 2872 3743 2915 ut

2172 2952 2353 2996 currat
2381 2941 2603 3011 pedibus
2632 2944 2848 3000 solutis.
2897 2946 3045 3002 State
3081 2964 3230 3020 ergo,
3271 2952 3514 3005 succincti
3558 2954 3751 3007 lumbos

2172 3042 2376 3089 vestros.
2420 3033 2656 3090 Lumbos
2683 3044 2861 3091 autem
2898 3036 2985 3092 hic
3007 3037 3137 3094 dicit
3170 3058 3183 3095 :
3216 3056 3339 3096 nam
3365 3044 3498 3098 sicut
3521 3044 3573 3098 in
3602 3047 3753 3098 navi-

2173 3122 2272 3178 bus
2316 3127 2536 3191 carina,
2598 3126 2671 3180 ita
2721 3127 2884 3182 etiam
2933 3129 2984 3183 in
3034 3132 3189 3184 nobis
3236 3132 3536 3203 subjectum
3592 3138 3753 3190 totius

2173 3216 2416 3284 corporis
2441 3217 2607 3271 lumbi
2633 3227 2760 3273 sunt
2788 3234 2803 3272 :
2832 3220 2972 3275 sicut
2997 3222 3143 3275 enim
3173 3221 3575 3279 fundamentum
3605 3238 3750 3293 sunt,

2176 3317 2230 3363 et
2270 3323 2432 3378 super
2459 3308 2602 3379 ipsos
2644 3320 2813 3365 totum
2857 3311 3190 3377 aedificatur,
3240 3325 3295 3368 ut
3328 3315 3512 3371 dicunt
3542 3319 3751 3372 medici.

2176 3400 2424 3456 Nostram
2453 3417 2580 3473 ergo
2607 3405 2931 3475 constringit
2957 3405 3190 3460 animam
3213 3448 3228 3473 ,
3262 3408 3470 3463 lumbos
3497 3410 3716 3479 cingens
3740 3429 3753 3467 :

2179 3507 2283 3546 non
2329 3492 2473 3547 enim
2517 3493 2615 3548 hos
2665 3494 2794 3550 dicit
2843 3497 3087 3561 lumbos,
3136 3500 3231 3553 sed
3262 3499 3333 3552 ita
3380 3500 3613 3569 loquitur
3636 3512 3695 3555 ut
3724 3503 3757 3555 ii

2178 3584 2370 3638 cadant
2400 3586 2500 3640 sub
2537 3585 2965 3657 intelligentiam.
3002 3588 3071 3643 Et
3116 3591 3253 3644 sicut
3280 3606 3462 3646 eorum
3487 3608 3607 3662 qua:
3636 3604 3759 3647 sunt

2181 3692 2340 3747 supra
2373 3688 2428 3733 et
2468 3679 2605 3733 infra
2649 3681 2813 3735 lumbi
2859 3691 2983 3736 sunt
3014 3681 3414 3739 fundamentum
3446 3702 3459 3736 :
3489 3685 3559 3738 ita
3598 3686 3760 3739 etiam

2182 3770 2233 3823 in
2280 3770 2473 3825 lumbis
2524 3772 2908 3840 spiritualibus.
2970 3774 3068 3841 Qui
3113 3790 3240 3844 ergo
3283 3775 3552 3844 defatigati
3598 3785 3758 3844 sunt,

2182 3862 2289 3917 illic
2318 3876 2460 3932 saape
2488 3864 2640 3933 quasi
2681 3868 2733 3917 in
2765 3865 3110 3920 fundamento
3152 3882 3338 3921 manus
3368 3867 3677 3937 imponunt,
3705 3880 3764 3923 ut

2183 3969 2242 4009 se
2271 3956 2613 4010 sustineant:
2646 3967 2701 4011 et
2747 3973 2879 4012 zona
2933 3959 3053 4013 ideo
3099 3959 3149 4013 in
3196 3959 3351 4015 bellis
3395 3960 3680 4017 adhibetur
3706 3974 3764 4017 ut

2185 4046 2587 4101 fundamentum
2641 4059 2881 4103 nostrum
2927 4053 3203 4113 contineat
3249 4062 3304 4107 et
3346 4055 3590 4124 stringat.
3640 4054 3763 4111 Ideo

2184 4146 2471 4193 currentes
2518 4139 2780 4209 cingimur
2812 4158 2825 4195 :
2855 4156 2987 4195 zona
3034 4142 3201 4196 robur
3250 4156 3489 4199 nosuum
3545 4146 3597 4200 in
3649 4157 3765 4202 tuto

2188 4229 2356 4297 ponit.
2404 4229 2516 4284 Hoc
2556 4244 2720 4298 ergo,
2773 4232 2976 4300 inquit,
3024 4232 3115 4285 liat
3160 4234 3320 4288 etiam
3372 4236 3424 4289 in
3467 4237 3680 4302 anima,
3710 4249 3766 4294 et

2188 4319 2395 4390 qttidvis
2434 4320 2688 4376 facientes
2730 4323 2930 4377 erimus
2972 4323 3138 4379 fortes
3177 4341 3241 4379 ac
3284 4328 3442 4382 validi
3474 4347 3488 4385 :
3519 4329 3571 4384 id
3618 4333 3764 4386 enim

2190 4412 2419 4466 maxime
2444 4412 2601 4467 decet
2631 4415 2847 4469 milites.
2875 4416 3048 4470 Etiam
3070 4458 3086 4484 ,
3120 4418 3327 4488 inquies
3345 4462 3359 4485 ,
3384 4420 3479 4476 sed
3507 4424 3603 4478 hos
3632 4423 3767 4478 lum-

2190 4500 2288 4557 bos
2330 4503 2595 4571 cingimus
2643 4505 2759 4560 loro
2807 4508 3052 4561 coriaceo
3080 4526 3094 4573 ;
3124 4524 3221 4563 nos
3268 4521 3445 4565 autem
3492 4519 3767 4583 quonam?

2189 4590 2284 4644 Illo
2304 4632 2319 4657 ,
2354 4592 2496 4662 quod
2526 4604 2609 4648 est
2637 4604 2796 4664 caput
2824 4606 2877 4649 et
2899 4612 3105 4653 summa
3135 4601 3511 4671 cogitationum
3530 4644 3547 4670 ,
3573 4622 3769 4676 nempe

2187 4687 2410 4740 veritate
2444 4705 2457 4741 :
2488 4688 2749 4742 Succincti
2765 4730 2780 4752 ,
2808 4690 3011 4759 inquit,
3038 4692 3233 4747 lumbos
3253 4705 3449 4748 nostros
3469 4698 3523 4750 in
3543 4700 3767 4753 ueritate.

2189 4777 2332 4848 Ergo
2358 4780 2559 4834 nullum
2594 4781 2877 4850 diligamus
2906 4785 3241 4840 mendacium
3274 4805 3289 4840 :
3322 4802 3410 4844 res
3439 4804 3624 4845 omnes
3655 4804 3771 4846 tra-

2188 4881 2396 4925 Ctemus
2426 4873 2476 4925 in
2512 4874 2733 4927 veritate
2766 4891 2780 4928 :
2812 4876 2952 4930 alter
2990 4878 3143 4932 alteri
3175 4894 3277 4933 non
3315 4882 3636 4938 mentiantur
3667 4901 3683 4937 :
3716 4894 3772 4939 et

2189 4962 2233 5015 si
2262 4963 2331 5016 sit
2359 4964 2525 5032 gloria
2552 5005 2567 5028 ,
2601 4965 2740 5033 quod
2773 4981 2958 5021 verum
2991 4977 3073 5021 est
3107 4985 3442 5038 quaeramus;
3472 4982 3527 5028 et
3550 4975 3595 5027 si
3624 4975 3733 5030 vita
3755 5019 3771 5042 ,

2188 5072 2391 5110 veram.
2424 5058 2477 5111 Si
2509 5057 2610 5111 hoc
2654 5074 2781 5128 ergo
2811 5075 2909 5114 nos
2935 5062 3396 5120 circumvallemus
3419 5107 3434 5132 ,
3475 5068 3518 5120 si
3548 5069 3775 5123 veritate

2189 5151 2559 5219 accingamur,
2611 5152 2787 5205 nullus
2827 5168 2924 5205 nos
2986 5155 3279 5223 superabit.
3319 5157 3418 5222 Qui
3450 5162 3640 5228 qumrit
3670 5162 3775 5215 do-

2187 5256 2307 5311 gma
2327 5243 2584 5307 veritatis,
2617 5260 2720 5298 non
2759 5245 2969 5300 decidet
2997 5248 3046 5299 in
3077 5258 3295 5302 terram.
3323 5248 3454 5303 Nam
3483 5253 3621 5321 quod
3653 5269 3775 5323 quae

2186 5347 2311 5386 vera
2344 5348 2447 5386 non
2474 5344 2628 5398 sunt,
2678 5336 2784 5389 sint
2810 5353 2874 5390 ex
2918 5347 3055 5391 terra
3082 5379 3096 5401 ,
3129 5339 3251 5393 inde
3280 5341 3453 5408 palam
3484 5354 3602 5407 est,
3631 5346 3774 5414 quod

2187 5426 2393 5479 externi
2434 5441 2620 5481 omnes
2648 5429 2879 5481 serviant
2908 5429 3049 5484 vitiis
3072 5439 3125 5484 et
3151 5430 3431 5487 affectibus
3449 5475 3465 5500 ,
3498 5435 3623 5489 dum
3647 5452 3776 5491 suas

2186 5526 2485 5586 sequuntur
2507 5519 2879 5588 cogitationes.
2909 5520 3265 5587 Quamobrem
3295 5522 3340 5577 si
3368 5523 3551 5595 vigiles
3580 5528 3772 5591 simus,

2188 5611 2239 5665 in
2262 5610 2569 5667 Graecorum
2592 5613 2739 5667 libris
2760 5622 2814 5668 et
2838 5614 3051 5683 scriptis
3074 5614 3316 5670 doctrina
3340 5633 3445 5671 non
3473 5620 3774 5689 egebimus.

2189 5704 2373 5759 Viden
2418 5721 2577 5776 quam
2605 5717 2731 5762 sunt
2769 5708 2841 5762 illi
2872 5707 3063 5763 molles
3105 5715 3160 5763 et
3199 5711 3470 5777 enervati,
3505 5714 3678 5782 utqui
3706 5712 3777 5767 de

2188 5795 2298 5851 Deo
2321 5795 2452 5853 nihil
2484 5800 2688 5867 possint
2715 5814 2877 5869 grave
2905 5809 2955 5855 ct
2983 5808 3258 5855 austerum
3288 5803 3562 5872 suspicere
3583 5843 3599 5870 ,
3627 5800 3774 5873 quod
