4096 6388
452 344 556 403 165

451 460 821 535 κληρονόμους
861 458 1112 529 γενέσθαι
1152 456 1255 528 τῆς
1293 454 1567 527 βασιλείας
1610 454 1721 507 τῶν
1759 454 2024 527 οὐρανῶν.

1322 338 1389 394 ΙΝ
1416 336 1634 395 EPIST.
1673 335 1764 391 AD
1809 334 2051 394 EPHES.
2083 337 2237 395 CAP.
2275 339 2363 397 Vl.
2396 339 2629 399 1103111..
2669 342 2861 399 XXIII;

3594 348 3695 402 ιδι

2128 475 2238 523 νος,
2268 457 2441 523 οὕτως
2480 458 2971 529 εὐκαταφρόνητος,
3014 456 3189 522 οὕτως
3226 456 3565 529 εὐχείρωτος.
3598 461 3697 515 Ἂν

450 548 617 612 Εἴτις
650 547 845 618 ἐχθρὸν
869 546 1005 618 ἔχει,
1036 546 1092 599 εί
1118 563 1204 609 τις
1243 545 1336 597 ὐπ’
1365 542 1530 597 αὐτοῦ
1564 541 1838 612 ὴδίκηται,
1868 543 1920 595 εί
1942 558 2028 605 τις
2125 548 2288 616 ἡμεῖς
2337 546 2712 617 ἀγριαίνωμεν
2752 546 2886 616 πρὸς
2923 544 3107 610 αὐτόν,
3154 545 3359 609 ἐκεῖνος
3400 546 3498 599 οὐκ
3545 547 3694 602 ἔσται

449 634 742 707 ἀγριαίνει,
768 633 949 689 πάντα
976 633 1066 687 τὸν
1086 631 1258 702 θυμὸν
1284 631 1512 693 ἐκεῖνον,
1544 630 1724 682 πᾶσαν
1752 627 1849 699 τὴν
1877 626 2029 698 χαλε-

448 724 660 793 πότητα
693 720 1021 789 συναγαγὼν
1061 718 1300 773 κενούτω
1329 716 1473 771 κατά
1506 717 1604 787 τῆς
1642 714 1738 768 τοῦ
1778 714 2026 768 διαϐόλου

449 811 715 881 κεφαλῆς.
744 809 1012 864 Ἐνταῦθα
1052 811 1082 863 ό
1110 808 1279 878 θυμὸς
1321 807 1508 871 καλὸν,
1545 804 1777 860 ἐνταῦθα
1814 807 1848 874 ἠ
1882 803 2027 875 ’ὀργὴ

2126 635 2259 705 ἡμῖν
2289 633 2507 703 ἀγριος·
2549 633 2616 687 ἂν
2646 635 2805 704 ἡμεῖς
2844 629 2994 703 ὦμεν
3024 633 3308 697 ἐπιεικεῖς,
3334 633 3456 686 τότε
3488 637 3695 698 ἐκεῖνος

2126 724 2316 793 ἀγριος
2345 722 2493 776 ἔσται
2513 739 2528 753 ·
2567 722 2664 792 οὐχ
2696 721 2773 785 ὡς
2812 722 2906 774 ἐπὶ
2937 720 3045 774 τῶν
3070 720 3314 791 ἀδελφῶν
3343 721 3451 775 τῶν
3492 724 3687 793 ἡμετέ-

2131 827 2257 881 ρων.
2289 808 2437 882 [174]
2480 809 2703 880 Ἐχθρός
2730 812 2846 861 ἐστι
2886 808 2981 861 καὶ
3009 808 3269 879 πολέμιος
3295 808 3388 861 καί
3416 808 3514 879 τῆς
3552 809 3697 879 ζωῆς

446 901 741 970 χρήσιμον,
766 896 999 951 ἐνταῦθα
1038 898 1073 967 ἡ
1113 894 1447 967 μνησικακία
1476 892 1781 948 ἐπαινετόν.
1814 891 2083 963 Ὠσπερ*
2128 899 2221 951 καὶ
2257 898 2355 967 τῆς
2385 896 2657 967 σωτηρίας
2709 896 2807 967 τῆς
2839 894 3115 969 ἡμετέρας
3156 897 3251 950 καί
3280 896 3380 966 τῆς
3412 897 3599 952 αὐτοῦ.
3632 898 3697 951 Εἰ

449 988 560 1058 γὰρ
592 987 688 1038 ἐπὶ
706 986 815 1038 τῶν
838 984 1037 1050 ἔξωθεν
1061 983 1221 1037 τοῦτο
1251 983 1314 1036 τὸ
1342 982 1703 1053 μνησικακεῖν
1726 979 1916 1045 κακὸν,
1944 978 2029 1032 οὗ·

448 1092 558 1137 τως
583 1073 820 1127 ἐνταῦθα
848 1072 912 1125 τὸ
946 1072 1304 1142 μνησικακεῖν
1341 1068 1568 1138 ἀγαθόν.
1605 1068 1769 1121 Ὥστε
1799 1069 1850 1120 εἰ
1875 1067 2027 1120 ἐλατο

445 1162 679 1232 τώματα
715 1160 879 1230 ἔχεις,
912 1158 1147 1212 ἐνταῦθα
1182 1156 1325 1211 αύτά
1362 1154 1744 1221 ἀποσκεύαζεο
1773 1156 1822 1209 εἰ
1853 1154 1910 1208 δὲ
1950 1155 2024 1225 μὴ

448 1249 671 1302 δύνασαι
692 1248 858 1311 αὐτὸς
886 1245 1210 1309 ἀποθέσθαι,
1250 1244 1356 1299 κᾶν
1388 1243 1528 1315 μετά
1557 1242 1665 1296 τῶν
1711 1241 1890 1312 μελῶν
1917 1242 2025 1296 τῶν

444 1337 578 1392 σῶν.
609 1334 851 1407 Ἐπληξέ
900 1335 960 1388 σέ
1002 1351 1123 1401 τις;
1156 1334 1583 1402 Μνησικάκησον
1641 1328 1719 1399 τῷ
1757 1328 2021 1399 διαϐόλῳ,

444 1429 541 1480 καὶ
567 1424 837 1496 μηδέποτε
861 1421 1176 1493 καταλύσῃς
1203 1420 1304 1489 τὴν
1325 1418 1417 1489 έχθ
1427 1435 1525 1489 ραν
1548 1416 1647 1488 τὴν
1674 1415 1811 1486 πρὸς
1838 1415 2020 1470 αὐτόν.

459 1515 599 1568 Ἀλλ’
618 1514 719 1567 οὐκ
745 1512 979 1583 ἔπληξες
1011 1510 1123 1564 Καὶ
1151 1506 1297 1562 οὕτω
1326 1506 1677 1578 μνησικάκει,
1706 1505 1789 1557 ὅτι
1813 1503 1906 1557 τὸν
1935 1506 2026 1557 Δε-

449 1602 655 1671 σπότην
685 1599 877 1671 ὕϐρισε
912 1597 1004 1650 τὸν
1047 1595 1160 1660 σὺν,
1198 1595 1281 1648 ὅτι
1311 1593 1737 1665 προσέκρουσεν,
1784 1591 1868 1644 ὃτι
1895 1591 2025 1653 τοὺς

440 1687 707 1757 ἀδελφοὺς
738 1685 1059 1756 λυμαίνεται
1102 1683 1195 1737 καί
1231 1680 1484 1751 πολεμεῖ.
1529 1679 1640 1732 Ἀεὶ
1665 1677 1857 1749 ἐχθρὸς
1907 1676 2020 1741 ἔσο,

442 1777 535 1830 ἀεὶ
558 1774 773 1848 πικρὸς,
806 1773 893 1827 ἀεὶ
924 1771 1225 1841 ἀνήμεροςο
1258 1767 1401 1822 οὕτω
1426 1766 1679 1830 ταπεινὸς
1697 1765 1849 1818 ἔσται
1879 1765 2022 1818 ἐκεῖ·

2127 985 2318 1039 ἑαυτὸν
2341 984 2402 1038 οὐ
2430 984 2592 1055 φιλεῖ,
2620 982 2739 1047 πῶς
2774 984 2921 1054 ἡμᾶς
2951 983 3174 1054 φιλῆσαι
3217 983 3539 1053 δυνήσεται;
3583 986 3697 1038 Πα-

2130 1071 2522 1144 ραταττώμεθα
2560 1070 2736 1125 τοίνυν
2767 1072 2861 1124 καὶ
2908 1070 3195 1141 βάλλωμεν
3241 1071 3423 1136 αὐτὸν,
3482 1073 3696 1143 ἔχοντες

2128 1161 2413 1232 σύμμαχον
2468 1159 2638 1231 μέγαν
2683 1159 2774 1211 τὸν
2826 1157 3031 1226 Κύριον
3089 1159 3296 1229 Ἰησοῦν
3344 1160 3599 1230 Χριστὸν,
3635 1158 3697 1223 ὃς

2125 1250 2412 1321 δυνήσεται
2436 1248 2531 1303 καὶ
2554 1248 2701 1318 ἡμᾶς
2722 1246 3055 1317 ἀχειρώτους
3082 1248 3307 1317 ποιῆσαι
3337 1249 3459 1310 ταῖς
3485 1247 3696 1301 ἐκείνου

2125 1338 2350 1405 πάγαις,
2382 1336 2607 1390 καὶτῶν
2636 1334 2939 1405 μελλόντων
2959 1333 3188 1401 ἀξιῶσαι
3214 1334 3437 1403 ἀγαθῶν
3457 1352 3468 1363 ·
3501 1328 3575 1389 ὧν
3602 1335 3697 1403 γέ·
3758 1378 3767 1385 .

2124 1442 2267 1479 νοιτο
2298 1425 2507 1488 πάντας
2541 1425 2688 1494 ἡμᾶς
2714 1424 3007 1492 ἐπιτυχεῖν,
3051 1423 3234 1494 χάριτι
3261 1423 3357 1477 καὶ
3388 1421 3695 1495 φιλανθρω-

2125 1513 2226 1583 πίᾳ
2268 1512 2362 1565 τοῦ
2403 1510 2611 1583 Κυρίου
2645 1508 2802 1580 ἡμῶν
2864 1508 3038 1579 Ἰησοῦ
3089 1509 3345 1581 Χριστοῦ,
3381 1510 3499 1580 μεθ’
3527 1506 3589 1565 οὗ
3616 1510 3696 1582 τῷ

2126 1602 2308 1671 Πατρὶ
2333 1601 2452 1671 ἅμα
2478 1599 2557 1670 τῷ
2583 1598 2725 1669 ἁγίῳ
2762 1596 3039 1666 Πνεύματι
3075 1596 3225 1663 δόξα,
3270 1598 3490 1669 κράτος,
3535 1599 3694 1669 τιμὴ,

2124 1689 2220 1744 νῦν
2245 1688 2338 1742 καὶ
2376 1688 2484 1753 ἀεὶ,
2510 1686 2603 1741 καί
2624 1688 2705 1749 εἰς
2727 1686 2854 1749 τοὺς
2874 1684 3076 1748 αἰῶνας
3092 1685 3202 1739 τῶν
3228 1683 3459 1741 αἰώνων.
3496 1686 3688 1757 ’Δμήν.

462 1966 3610 2006 _________________________...______________.

1909 2182 2153 2241 ΟΜΙΛΙΑ
2192 2184 2316 2237 KI".

446 2355 634 2427 Στῆτε
669 2352 783 2412 οὖν
827 2353 1309 2478 περιζωσιέλιενὸιί
1328 2352 1442 2420 τὴν
1493 2348 1696 2419 ὀσφὺν
1740 2344 1909 2417 ὑμῶν
1953 2346 2023 2399 ἐν

1177 2441 1213 2478 n
1254 2440 1284 2476 ε
1309 2439 1367 2478 α.

1177 2439 1367 2491 nasia.

520 2539 595 2585 α’.
629 2530 902 2594 Συντάξας
936 2529 999 2582 τὸ
1032 2527 1394 2599 στρατόπεδον
1416 2523 1595 2590 τοῦτο,
1629 2522 1722 2577 καὶ
1747 2520 2021 2591 διεγείρας

445 2620 630 2677 αὐτῶν
663 2619 762 2689 τὴν
792 2617 1100 2689 προθυμίαν
1132 2615 1475 2687 (ἀμφοτέροιν
1499 2612 1608 2684 γὰρ
1643 2611 1772 2673 ἔδει,
1800 2610 1895 2663 καί
1926 2606 2022 2661 τοῦ

448 2705 913 2777 συντεταγμένους
948 2700 1108 2769 εἶναι,
1144 2702 1239 2756 καὶ
1275 2700 1370 2755 τοῦ
1393 2701 1562 2771 θυμὸν
1585 2698 1765 2753 αὐτῶν
1806 2699 1949 2764 διεγε
1961 2712 2021 2767 9-

444 2795 650 2866 θῆναι),
706 2794 804 2848 καὶ
858 2790 1285 2862 παραθαρσύνας
1349 2788 1547 2851 αὐτοὺς
1601 2786 1719 2859 (καὶ
1765 2784 1875 2856 γὰρ
1929 2783 2023 2837 καὶ

444 2881 637 2935 τούτου
665 2881 819 2957 ξοδει),
870 2879 1055 2933 λοιπὸν
1099 2877 1298 2940 αὐτοὺς
1341 2877 1435 2929 καί
1466 2872 1806 2938 καθοπλίζει.
1856 2870 2022 2924 Οὐδὲν

445 2969 555 3040 γὰρ
585 2968 696 3022 τῶν
727 2967 907 3022 ὃπλων
935 2966 1149 3035 ὄφελος,
1180 2963 1406 3019 ἐκείνων
1445 2961 1709 3034 πρότερον
1740 2958 1815 3031 μὴ
1847 2958 2022 3012 διατε-

442 3044 755 3128 ταγμένων,
807 3054 942 3126 μηδὲ
993 3053 1088 3107 τοῦ
1131 3051 1306 3122 θυμοῦ
1362 3050 1735 3121 διεγερθέντος
1778 3047 1879 3118 τῆς
1922 3044 2019 3099 τοῦ

447 3144 782 3218 στρατιώτου
816 3142 1012 3213 ψυχῆς.
1045 3141 1137 3193 Δεῖ
1178 3139 1289 3211 γὰρ
1326 3138 1591 3209 πρότερον
1619 3134 1779 3189 αὑτὸν
1809 3133 2020 3187 ἔνδοθεν

444 3234 707 3299 ὁπλίζειν,
750 3231 1001 3285 καί-τότε
1034 3226 1255 3294 ἔξωθεν.
1290 3226 1351 3278 Εἰ
1382 3224 1440 3278 δὲ
1477 3224 1571 3276 ἐπὶ
1606 3222 1718 3275 τῶν
1744 3220 2020 3292 αἰσθητῶν

443 3324 623 3390 τοῦτο,
652 3321 835 3393 πολλῷ
883 3319 1084 3392 μᾶλλον
1114 3317 1208 3370 ἐπὶ
1237 3314 1346 3368 τῶν
1379 3313 1586 3384 νοητῶν
1633 3311 1977 3383 στρατιωτῶν
2000 3327 2014 3341 ·

450 3412 650 3482 μᾶλλον
669 3410 726 3463 δὲ
752 3410 848 3463 ἐπὶ
878 3406 1083 3460 τούτων
1117 3404 1240 3459 οὐδέ
1268 3402 1415 3456 ἐστιν
1443 3400 1642 3469 ἔξωθεν
1671 3399 2015 3463 ὁπλίσασθαι,

447 3499 583 3555 ἀλλὰ
609 3500 789 3553 πάντα
821 3496 1050 3549 ἔνδοθεν.
1101 3494 1358 3564 Διήγειρε
1408 3489 1502 3544 τὸν
1556 3488 1727 3559 θυμὸν
1776 3488 1870 3540 καὶ
1926 3486 2019 3539 ἀν-

450 3588 675 3649 έκαυσε,
709 3583 1015 3656 προσέθηκε
1040 3581 1100 3636 τὸ
1125 3580 1346 3652 θάρσος,
1371 3577 1597 3647 ἔστησεν
1631 3575 1829 3637 αὐτοὺς
1862 3573 2020 3628 εὐτά-

448 3689 628 3738 κτως·
655 3672 839 3727 λοιπὸν
874 3669 1212 3733 καθοπλίζει.
1262 3665 1403 3720 Ἀλλ’
1432 3665 1533 3735 ὅρα
1581 3662 1698 3726 πῶς
1736 3662 1829 3715 καὶ
1869 3677 2023 3731 περι-

446 3762 628 3832 τίθησι
658 3760 728 3814 τὰ
754 3757 918 3811 ὅπλα.
960 3753 1147 3823 Στῆτε
1173 3748 1307 3816 οὖν,
1352 3751 1507 3823 φησί.
1541 3750 1764 3822 Πρῶτον
1796 3747 1903 3801 τῶν
1922 3765 2021 3800 τα-

448 3850 653 3904 κτικῶν
678 3844 835 3910 εἶδος,
870 3845 931 3899 τὸ
963 3844 1163 3898 εἰδέναι
1202 3840 1426 3895 ἑστάναι
1472 3838 1673 3901 καλῶς,
1722 3836 1820 3891 καὶ
1849 3836 2021 3890 πολλά

448 3938 599 4009 παρὰ
629 3935 786 3989 τοῦτο
827 3932 1037 4001 γένοιτο
1081 3930 1168 3984 ἄν.
1222 3927 1322 3981 Διά
1360 3926 1520 3979 τοῦτο
1550 3924 1721 3978 πολλά
1770 3924 2016 3995 περὶτοῦ

451 4028 638 4095 στῆναι
669 4022 999 4083 διαλέγεται,
1034 4018 1127 4072 καὶ
1151 4016 1379 4088 ἑτέρωθι
1403 4014 1597 4082 λέγων’
1632 4012 1841 4081 Στῆτε,
1875 4029 2018 4081 γρη-

447 4111 671 4182 γορεῖτε
693 4128 707 4141 ·
746 4109 840 4163 xal
871 4107 1054 4167 πάλιν,
1083 4104 1247 4157 Οὕτω
1278 4100 1533 4168 στήκετε
1567 4100 1636 4153 ἐν
1661 4100 1854 4169 Κυρίῳ
1878 4116 1891 4128 ’
1923 4098 2018 4152 καὶ

450 4201 633 4264 πάλιν,
672 4199 735 4251 '0
758 4194 953 4251 δοκῶν
978 4193 1246 4257 ἑστάναι,
1273 4191 1550 4255 βλεπέτω
1572 4188 1659 4258 μὴ
1692 4190 1852 4257 πέσῃ
1871 4205 1883 4219 ·
1918 4190 2017 4244 καὶ
2060 4238 2084 4263 ί

449 4287 645 4350 πάλιν,
713 4286 837 4339 Ἵνα
897 4280 1200 4348 δυνηθῆτε
1252 4278 1450 4332 πάντα
1514 4276 2020 4347 κατεργασάμενοι

446 4372 683 4440 στῆναι.
726 4372 841 4425 Οὐκ
875 4370 983 4441 ἀρα
1038 4367 1225 4429 ἀπλῶς
1264 4382 1389 4419 τινα
1440 4366 1628 4419 στάσιν
1673 4367 1860 4436 φησὶν,
1896 4364 2015 4418 ἀλλ’

445 4462 736 4517 εὔτακτον
766 4461 861 4514 καὶ
892 4460 1006 4513 ὅσοι
1049 4457 1302 4527 πολέμων
1344 4455 1482 4507 εἰσὶν
1525 4454 1802 4526 ἔμπειροι,
1835 4454 2015 4509 ἴσασιν

444 4553 569 4604 ὅσον
600 4549 719 4603 ἐστὶ
748 4548 809 4600 τὸ
840 4547 1041 4600 εἰδέναι
1089 4544 1331 4596 ἑστάναι.
1382 4542 1444 4595 Εἰ
1485 4541 1596 4611 γὰρ
1633 4542 1726 4595 ἐπὶ
1759 4541 1868 4594 τῶν
1898 4559 2042 4594 πυ-·

451 4639 758 4691 κτευόντων
807 4634 903 4688 καὶ
934 4630 1274 4684 παλαιόντων
1303 4627 1462 4681 τοῦτο
1506 4626 1612 4699 πρὸ
1640 4627 1747 4681 τῶν
1779 4628 1953 4682 ἀλλων
1984 4629 2014 4682 ὁ

448 4721 807 4791 παιδοτρίϐης
829 4719 1141 4790 παρεγγυᾷ,
1168 4716 1229 4768 τὸ
1252 4715 1497 4780 ἑστάναι,
1526 4714 1706 4784 πολλῷ
1735 4715 1934 4784 μᾶλλον
1955 4719 2014 4770 ἐν

388 4874 395 4885 ι
442 4815 557 4876 τοῖς
584 4810 839 4880 πολέμοις
864 4809 960 4861 καὶ
988 4810 1100 4870 τοῖς
1128 4807 1535 4876 στρατιωτικοῖς
1566 4804 1906 4875 πράγμασιν.
1952 4807 2010 4860 '0

444 4900 616 4963 ἑστὼς
643 4898 821 4970 ὀρθὸς,
853 4896 1085 4966 ἕστηκεν
1114 4894 1173 4946 ού
1218 4891 1623 4962 διακεχυμένος,
1664 4893 1763 4946 οὐκ
1798 4895 2009 4949 ἐπικλι-

441 4988 666 5057 νόμενός
700 5002 806 5038 τινι
831 5001 845 5015 ο
881 4986 915 5054 ἡ
945 4981 1176 5053 ἀκριϐὴς
1213 4980 1441 5049 ὀρθότης
1472 4980 1530 5032 ἐν
1564 4982 1629 5051 τῇ
1662 4981 1848 5034 στάσει
1888 4983 2011 5050 φαί-

441 5091 616 5128 νεται.
649 5074 813 5125 Ὥστε
849 5071 897 5124 οἰ
927 5070 1093 5131 ὅντως
1134 5066 1305 5137 ὀρθοὶ,
1340 5062 1486 5120 οὗτοι
1523 5066 1848 5139 ἑστήκασινο
1879 5070 1927 5121 οἰ
1954 5070 2012 5123 δὲ

446 5161 521 5232 μὴ
554 5160 807 5225 ἑστῶτες,
852 5160 952 5211 οὐκ
994 5157 1059 5210 ἂν
1096 5150 1205 5208 εἷεν
1236 5154 1410 5226 ὀρθοὶ,
1455 5154 1589 5209 ἀλλά
1636 5156 2005 5227 διαλελυμένοι

440 5250 537 5303 καὶ
576 5248 974 5319 διακεχυμένοι.
1040 5246 1097 5298 '0
1155 5245 1377 5315 τρυφῶν
1420 5244 1517 5315 οὐχ
1550 5244 1780 5314 ἕστηκεν
1831 5247 2007 5316 ὀρθὸς,

441 5336 579 5391 ἀλλὰ
598 5336 867 5399 κέκλιται,
894 5336 921 5387 ὁ
947 5334 1164 5402 λάγνος,
1192 5334 1220 5383 ὁ
1249 5331 1674 5401 φιλοχρήματος.
1706 5331 1765 5384 '0
1788 5334 2007 5388 ἑστάναι

440 5424 615 5489 εἰδὼς,
674 5426 767 5477 ἀπ’
816 5426 985 5494 αὐτῆς
1014 5425 1113 5491 τῆς
1152 5420 1412 5483 στάσεως,
1464 5417 1650 5489 ῶσπερ
1704 5420 1810 5473 ἀπό
1866 5439 2010 5485 τινος

442 5512 693 5583 θεμελίου
725 5513 903 5566 πάντα
938 5510 1153 5582 εὐμαρῆ
1194 5507 1306 5572 ἐξει
1345 5506 1413 5559 τά
1446 5506 1545 5576 τῆς
1587 5506 1785 5577 πάλης.
1823 5507 2010 5577 Στῆτε

440 5600 573 5665 οὖν,
626 5600 780 5670 φησί,
831 5598 1289 5667 περιζωσάμενοι
1335 5594 1448 5662 τὴν
1492 5594 1693 5662 ὀσφὺν
1734 5593 1901 5663 ὑμῶν
1936 5599 2008 5652 ἐν

439 5690 711 5757 ἀληθείᾳ.
755 5690 829 5743 Οὐ
860 5690 987 5759 περί
1012 5686 1278 5757 αἰσθητῆς
1300 5681 1474 5752 ζώνης
1503 5682 1634 5753 φησί
1655 5698 1667 5711 ·
1694 5683 1869 5737 πάντα
1898 5687 2007 5758 γὰρ

440 5776 508 5828 τά
540 5778 597 5830 ἐν
622 5776 702 5847 τῷ
736 5776 920 5847 χωρίῳ
956 5773 1130 5843 τούτῳ
1164 5772 1371 5843 νοητῶς
1402 5769 1572 5836 λέγει.
1602 5770 1713 5823 Καὶ
1754 5772 1858 5842 ὅρα
1887 5774 2007 5839 πῶς

2125 2342 2230 2413 ὀδῷ
2271 2340 2422 2414 [175]
2461 2344 2761 2413 προϐαίνει.
2795 2344 3019 2416 Πρῶτον
3051 2344 3387 2409 ἀναζώννυσι
3408 2346 3499 2402 τὸν
3528 2364 3693 2419 στρα-

2123 2430 2343 2503 τιώτην.
2373 2432 2438 2484 Τί
2472 2432 2537 2504 δὴ
2570 2433 2728 2487 τοῦτό
2766 2436 2911 2499 ἐστι;
2983 2435 3313 2505 Διαῤῥέοντα
3358 2436 3453 2489 καὶ
3511 2437 3692 2490 διακε-

2124 2520 2356 2592 χυμένον
2379 2523 2498 2585 ταῖς
2538 2522 2876 2593 ἐπιθυμίαις,
2911 2523 3004 2577 καὶ
3026 2525 3204 2594 χαμαὶ⁹
3236 2526 3362 2587 τοὺς
3398 2524 3691 2597 λογισμοὺς

2124 2609 2316 2679 ἔχοντα
2359 2610 2694 2681 συρομένους
2726 2610 3041 2665 ἀναστέλλει
3081 2611 3172 2664 διὰ
3216 2612 3315 2682 τῆς
3348 2611 3545 2684 ζώνης,
3588 2615 3691 2668 οὐκ

2124 2698 2228 2752 ἐῶν
2253 2698 2417 2752 αὐτὸν
2444 2700 2831 2769 ἐμποδίζεσθαι
2854 2700 2961 2753 ὑπὸ
2985 2699 3095 2753 τῶν
3123 2701 3355 2770 ἰματίων
3388 2702 3694 2772 συμπλεκο-

2126 2787 2301 2856 μένων
2329 2790 2448 2852 ταῖς
2471 2806 2571 2858 κνη
2582 2790 2751 2858 μῖσιν,
2789 2788 2907 2841 ἀλλ’
2936 2788 3181 2852 εύλύτοις
3207 2791 3322 2853 τοῖς
3354 2792 3514 2843 ποσὶν
3532 2791 3692 2860 ἀφεὶς

2122 2874 2355 2946 τρέχειν.
2407 2874 2598 2944 Στῆτε
2658 2870 2773 2931 οὖν
2818 2875 3323 2945 περιζωσάμενοι,
3376 2880 3531 2947 φησί,
3577 2879 3694 2945 τὴν

2122 2963 2326 3032 ὀσφὺν
2356 2962 2543 3033 ὑμῶν.
2588 2964 2790 3033 Ὀσφὺν
2842 2964 2899 3017 δὲ
2946 2962 3181 3018 ἐνταῦθά
3228 2981 3392 3034 φησι*
3441 2966 3692 3039 καθάπερ

2121 3052 2216 3105 ἐπὶ
2248 3051 2358 3105 τῶν
2386 3051 2533 3121 νηῶν
2567 3052 2600 3122 ἠ
2631 3051 2844 3123 τρόπις,
2881 3051 3024 3105 οὕτω
3055 3051 3151 3105 καὶ
3189 3053 3275 3121 ἐφ’
3308 3053 3521 3124 ήμῶνή
3555 3054 3685 3108 ὑπό-

2123 3138 2270 3203 θεσις
2298 3140 2497 3204 παντὸς
2514 3137 2606 3193 τοῦ
2638 3138 2889 3209 σώματος
2908 3140 2943 3210 ὴ
2964 3137 3132 3206 ὀσφύς
3154 3140 3300 3192 ἐστιν
3324 3155 3339 3171 ο
3370 3139 3561 3211 ὥσπερ
3583 3140 3691 3212 γὰρ

2121 3226 2371 3298 θεμέλιόν
2413 3227 2550 3292 ἐστι,
2594 3226 2690 3281 καὶ
2737 3227 2827 3279 ἐπ’
2869 3225 3019 3297 αὐτῷ
3062 3226 3124 3280 τὸ
3163 3229 3271 3282 πᾶν
3306 3228 3687 3298 οἰκοδομεῖται,

2120 3314 2371 3386 καθάπερ
2435 3314 2637 3386 ἰατρῶν
2690 3314 2877 3378 παῖδές
2929 3331 3081 3384 φασι.
3132 3315 3243 3387 Τὴν
3290 3317 3468 3369 τοίνυν
3512 3318 3689 3388 ψυχὴν

2120 3403 2278 3473 ήμῶν
2316 3403 2630 3473 συσφίγγει,
2684 3400 2939 3466 ζωννύων
2974 3403 3073 3471 τὴν
3118 3402 3323 3470 ὀσφύν
3382 3404 3443 3457 ού
3482 3405 3591 3477 γάρ
3622 3405 3688 3477 δὴ

2117 3490 2324 3560 ταύτην
2354 3489 2453 3560 τὴν
2495 3489 2665 3559 ὀσφύν
2709 3506 2894 3560 φησιν,
2939 3488 3077 3542 ἀλλά
3123 3489 3331 3560 νοητῶς
3357 3489 3684 3558 διαλέγεται.

2123 3577 2233 3629 Kal
2261 3576 2449 3648 ῶσπερ
2475 3577 2584 3631 τῶν
2628 3576 2799 3643 κάτω,
2838 3578 2934 3630 καί
2966 3576 3074 3630 τῶν
3102 3578 3215 3632 ἄνω
3248 3580 3278 3647 η
3308 3578 3479 3646 ὀσφὺς
3520 3579 3688 3650 θεμέ-

2119 3663 2233 3728 λιός
2269 3664 2438 3729 ἐστιν,
2466 3664 2611 3717 οὕτω
2634 3666 2727 3718 καὶ
2757 3665 2850 3718 ἐπὶ
2870 3664 2971 3735 τῆς
2997 3666 3194 3735 νοητῆς
3220 3665 3437 3734 ὀσφύος.
3465 3667 3526 3719 υἱ
3558 3666 3688 3735 γοῦν

2119 3751 2380 3815 πολλάκις
2414 3752 2815 3823 ἀποκαμόντες,
2853 3752 3104 3824 καθάπερ
3147 3754 3226 3814 εἷς
3275 3771 3396 3808 τινα
3435 3754 3686 3825 θεμέλιον

2120 3840 2238 3891 ἐκεῖ
2272 3838 2373 3901 τὰς
2417 3842 2605 3908 χεῖρας
2655 3838 2861 3905 θέντες,
2916 3838 3091 3904 οὓτως
3124 3843 3349 3905 ἑαυτοὺς
3394 3842 3689 3897 διαϐαστά-

2118 3925 2270 3991 ζουσι
2294 3940 2309 3956 ⁸
2339 3925 2433 3979 καὶ
2455 3928 2488 3996 ἡ
2525 3925 2669 3996 ζώνη
2712 3926 2801 3980 διὰ
2844 3926 3004 3980 τοῦτο
3037 3926 3248 3995 γίνεται
3281 3930 3339 3981 ἐν
3370 3932 3485 3992 τοῖς
3527 3930 3688 3985 πολέ-

2120 4031 2262 4085 μοις,
2291 4013 2379 4066 ῖνα
2414 4016 2693 4084 συγκρατῇ
2723 4014 2818 4067 καλ¹
2851 4014 3052 4086 συνέχῃ
3086 4014 3179 4068 τὸν
3214 4014 3465 4086 θεμέλιον
3501 4018 3593 4072 τὸν
3627 4018 3687 4072 ἐν

2114 4103 2271 4173 ἡμῖν.
2305 4101 2405 4154 Διά
2441 4100 2601 4154 τοῦτο
2646 4101 2741 4155 καὶ
2778 4103 3063 4173 τρέχοντες
3105 4102 3455 4174 ζωννύμεθω
3503 4107 3687 4178 ἐκείνη

2115 4189 2472 4258 ἀσφαλίζεται
2495 4189 2558 4243 τὸ
2580 4192 2638 4244 ἐν
2662 4191 2793 4261 ἡμῖν
2830 4190 3068 4261 ἰσχυρόν.
3096 4190 3266 4245 Τοῦτο
3292 4192 3492 4257 τοίνυν,
3526 4195 3682 4264 φησί,

2116 4279 2213 4333 καὶ
2250 4280 2343 4332 ἐπὶ
2373 4280 2473 4349 τῆς
2495 4279 2674 4349 ψυχῆς
2711 4280 2967 4347 γινέσθω,
2993 4281 3088 4333 καὶ
3115 4282 3224 4334 πᾶν
3256 4281 3435 4335 ὁτιοῦν
3470 4283 3687 4337 ποιοῦν-

2113 4383 2226 4431 τες,
2261 4367 2472 4450 ἰσχυροὶ
2494 4368 2753 4438 ἐσόμεθα.
2775 4367 3024 4423 Μάλιστα
3047 4370 3155 4439 γὰρ
3184 4371 3297 4433 τοῖς
3327 4371 3686 4442 στρατιώταις

2114 4455 2176 4508 τὸ
2221 4456 2455 4524 πρᾶγμα
2488 4455 2696 4525 πρέπον
2735 4455 2870 4508 ἐστί.
2920 4456 3049 4519 Nal,
3083 4456 3267 4527 φησὶν,
3304 4458 3440 4512 ἀλλὰ
3481 4460 3685 4531 ταύτην

2070 4558 2073 4561 ‘
2113 4542 2213 4611 τὴν
2256 4542 2427 4610 ὀσφὺν
2458 4542 2640 4612 ἱμάντι
2684 4542 2991 4613 δερματίνῳ
3022 4543 3341 4614 ζωννύμεθα
3378 4562 3391 4575 ⁸
3444 4548 3603 4617 ἡμεῖς
3626 4548 3685 4604 δὲ

2114 4631 2219 4682 τίνι
2242 4645 2258 4695 ;
2290 4628 2381 4700 Τῷ
2412 4629 2692 4699 κεφαλαίῳ
2722 4629 2833 4681 τῶν
2854 4629 3129 4699 λογισμῶν
3157 4632 3333 4702 ἡμῶν,
3367 4633 3510 4702 λέγω
3535 4635 3591 4689 δὲ
3613 4641 3682 4709 τῇ

2114 4717 2359 4789 ἀληθείᾳ.
2388 4715 2865 4786 Περιεζὶοσμένοι,
2904 4718 3059 4787 φησί,
3102 4718 3219 4786 τὴν
3265 4721 3467 4789 ὀσφὺν
3513 4724 3685 4793 ἡμῶν

2111 4808 2181 4860 ἐν
2200 4805 2471 4873 ἀληθείᾳ.
2497 4803 2706 4857 Οὐκοῦν
2737 4805 2902 4875 μηδὲν
2924 4804 3118 4873 ψεῦδος
3146 4806 3474 4879 ἀγαπῶμεν,
3502 4812 3683 4869 πάντα

2110 4895 2177 4948 τὰ
2202 4894 2503 4964 πράγματα
2545 4891 2821 4962 μετίωμεν
2867 4894 2925 4945 ἐν
2955 4892 3203 4964 ἀληθείᾳ,
3241 4896 3315 4967 μὴ
3357 4897 3681 4969 ψευδώμεθα

2111 4984 2189 5045 εἰς
2212 4981 2475 5053 ἀλλήλους
2497 4997 2508 5007 ·
2544 4980 2646 5032 κᾶν
2676 4980 2801 5046 δόξα
2831 4976 2888 5052 ᾗ,
2925 4981 2986 5033 τὸ
3018 4980 3217 5053 ἀληθὲς
3256 4982 3508 5055 ζητῶμεν
3530 5003 3545 5019 ⁶
3579 4988 3682 5042 κᾶν

2114 5067 2225 5137 βίος
2249 5065 2307 5141 ᾖ,
2330 5068 2421 5120 τὸν
2442 5066 2639 5138 ἀληθῆ.
2672 5068 2767 5119 Ἂν
2789 5068 2961 5138 τούτῳ
2985 5070 3209 5134 ἑαυτοὺς
3230 5074 3677 5145 περιφράξωμεν,

2113 5159 2180 5212 ἀν
2199 5162 2263 5228 τῇ
2282 5158 2507 5227 ἀληθείᾳ
2546 5156 2869 5227 ζωσώμεθα,
2888 5159 3063 5222 οὐδεὶς
3088 5162 3119 5230 ἡ
3130 5161 3245 5229 μῶν
3276 5164 3581 5232 περιέσται.
3618 5163 3679 5218 Ὀ

2110 5248 2286 5317 δόγμα
2309 5247 2560 5317 ἀληθείας
2587 5246 2785 5317 ζητῶν,
2804 5249 2864 5300 ού
2888 5252 3281 5303 καταπεσεῖται
3312 5254 3393 5315 εἰς
3423 5252 3520 5320 τὴν
3550 5258 3676 5326 γῆν.

2114 5336 2238 5387 ’Ότι
2267 5333 2376 5406 γὰρ
2407 5332 2477 5385 τά
2524 5333 2597 5404 μὴ
2626 5332 2798 5404 ἀληθῆ
2834 5335 2940 5388 ἀπὸ
2973 5336 3073 5406 τῆς
3112 5338 3216 5408 γῆς
3248 5338 3384 5402 ἐστι,
3427 5340 3587 5410 δῆλον
3616 5342 3679 5408 ἐξ

2111 5417 2188 5478 ὧν
2226 5424 2339 5485 τοῖς
2377 5420 2572 5474 πάθεσι
2620 5420 2931 5475 δουλεύουσι
2985 5425 3185 5488 πάντες
3228 5426 3278 5478 οἰ
3309 5425 3526 5491 ἔξωθεν,
3563 5431 3678 5495 τοῖς

2108 5511 2328 5573 οἰκείοις
2355 5508 2633 5579 λογισμοῖς
2657 5509 3203 5577 κατακολουθοῦντες.
3245 5514 3336 5566 Διδ
3362 5514 3457 5568 ἐὰν
3486 5517 3675 5586 νήφω-

2114 5616 2233 5670 μεν,
2283 5599 2341 5650 ἐν
2396 5599 2509 5660 τοῖς
2536 5597 2642 5650 τῶν
2686 5596 2949 5669 Ἑλλήνων
3000 5599 3179 5667 λόγοις
3230 5600 3290 5653 ού
3326 5601 3676 5671 διδασκαλίας

2108 5687 2429 5760 δεησόμεθα.
2486 5687 2651 5757 Ὁρᾷς
2696 5686 2815 5750 πῶς
2864 5689 3002 5741 εἰσιν
3053 5689 3251 5741 ἐκεῖνοι
3305 5690 3536 5761 μαλακοί
3581 5695 3675 5747 καὶ

2109 5776 2323 5849 χαῦνοι,
2351 5772 2503 5829 οὐδὲν
2529 5773 2823 5846 αὐστηρὸν,
2864 5774 3016 5831 οὐδὲν
3045 5774 3185 5847 ὑπὲρ
3212 5776 3304 5831 τὸν
3333 5778 3674 5851 ἀνθρώπινον
