  <div class='ocr_page' id='page_1' title='image "/cluster/home/n/w/nwhite01/storage/ocr_20150623/62/nnc1.0046979654/171.png"; bbox 0 0 4100 6412; ppageno 0'>
   <div class='ocr_carea' id='block_1_1' title="bbox 460 292 571 350">
    <p class='ocr_par' dir='ltr' id='par_1_1' title="bbox 460 292 571 350">
     <span class='ocr_line' id='line_1_1' title="bbox 460 292 571 350; baseline 0.018 -2"><span class='ocrx_word' id='word_1_1' title='bbox 460 292 571 350; x_wconf 77' lang='grc'>165</span> 
     </span>
    </p>
   </div>
   <div class='ocr_carea' id='block_1_2' title="bbox 458 403 2032 485">
    <p class='ocr_par' dir='ltr' id='par_1_2' title="bbox 458 403 2032 485">
     <span class='ocr_line' id='line_1_2' title="bbox 458 403 2032 485; baseline -0.003 -25"><span class='ocrx_word' id='word_1_2' title='bbox 458 404 722 477; x_wconf 81' lang='grc' dir='ltr'>λογισμὸν</span> <span class='ocrx_word' id='word_1_3' title='bbox 772 406 903 479; x_wconf 77' lang='grc' dir='ltr'>περὶ</span> <span class='ocrx_word' id='word_1_4' title='bbox 951 407 1087 462; x_wconf 85' lang='grc' dir='ltr'>Θεοῦ</span> <span class='ocrx_word' id='word_1_5' title='bbox 1133 409 1388 476; x_wconf 81' lang='grc' dir='ltr'>δέξασθαι</span> <span class='ocrx_word' id='word_1_6' title='bbox 1435 408 1758 485; x_wconf 89' lang='grc' dir='ltr'>δυνάμενοι;</span> <span class='ocrx_word' id='word_1_7' title='bbox 1803 405 1863 458; x_wconf 89' lang='grc' dir='ltr'>οὐ</span> <span class='ocrx_word' id='word_1_8' title='bbox 1922 403 2032 474; x_wconf 89' lang='grc' dir='ltr'>γάρ</span> 
     </span>
    </p>
   </div>
   <div class='ocr_carea' id='block_1_3' title="bbox 459 491 2034 568">
    <p class='ocr_par' dir='ltr' id='par_1_3' title="bbox 459 491 2034 568">
     <span class='ocr_line' id='line_1_3' title="bbox 459 491 2034 568; baseline -0.003 -21"><span class='ocrx_word' id='word_1_9' title='bbox 459 495 597 547; x_wconf 84' lang='grc' dir='ltr'>εἰσιν</span> <span class='ocrx_word' id='word_1_10' title='bbox 630 493 931 565; x_wconf 78' lang='grc' dir='ltr'>ἐζωσμένοι</span> <span class='ocrx_word' id='word_1_11' title='bbox 962 497 1019 548; x_wconf 86' lang='grc' dir='ltr'>ἐν</span> <span class='ocrx_word' id='word_1_12' title='bbox 1049 496 1302 568; x_wconf 71' lang='grc' dir='ltr'>ἀληθεία.</span> <span class='ocrx_word' id='word_1_13' title='bbox 1340 498 1540 564; x_wconf 83' lang='grc' dir='ltr'>Διόπερ</span> <span class='ocrx_word' id='word_1_14' title='bbox 1586 493 1767 546; x_wconf 87' lang='grc' dir='ltr'>αὐτῶν</span> <span class='ocrx_word' id='word_1_15' title='bbox 1793 493 1827 562; x_wconf 86' lang='grc' dir='ltr'>ἡ</span> <span class='ocrx_word' id='word_1_16' title='bbox 1864 491 2034 560; x_wconf 74' lang='grc' dir='ltr'>ὀσφὺς</span> 
     </span>
    </p>
   </div>
   <div class='ocr_carea' id='block_1_4' title="bbox 458 578 2034 653">
    <p class='ocr_par' dir='ltr' id='par_1_4' title="bbox 458 578 2034 653">
     <span class='ocr_line' id='line_1_4' title="bbox 458 578 2034 653; baseline -0.002 -20"><span class='ocrx_word' id='word_1_17' title='bbox 458 580 769 643; x_wconf 86' lang='grc' dir='ltr'>ἐκλέ-λυται,</span> <span class='ocrx_word' id='word_1_18' title='bbox 794 581 855 633; x_wconf 92' lang='grc' dir='ltr'>τὸ</span> <span class='ocrx_word' id='word_1_19' title='bbox 892 581 1139 635; x_wconf 89' lang='grc' dir='ltr'>δεκτικὸν</span> <span class='ocrx_word' id='word_1_20' title='bbox 1175 584 1283 636; x_wconf 86' lang='grc' dir='ltr'>τῶν</span> <span class='ocrx_word' id='word_1_21' title='bbox 1314 581 1645 653; x_wconf 83' lang='grc' dir='ltr'>γεννητικῶν</span> <span class='ocrx_word' id='word_1_22' title='bbox 1682 578 2034 649; x_wconf 85' lang='grc' dir='ltr'>σπερμάτων,</span> 
     </span>
    </p>
   </div>
   <div class='ocr_carea' id='block_1_5' title="bbox 460 663 2037 742">
    <p class='ocr_par' dir='ltr' id='par_1_5' title="bbox 460 663 2037 742">
     <span class='ocr_line' id='line_1_5' title="bbox 460 663 2037 742; baseline -0.003 -20"><span class='ocrx_word' id='word_1_23' title='bbox 460 668 557 722; x_wconf 77' lang='grc' dir='ltr'>καὶ</span> <span class='ocrx_word' id='word_1_24' title='bbox 595 667 703 721; x_wconf 85' lang='grc' dir='ltr'>τῶν</span> <span class='ocrx_word' id='word_1_25' title='bbox 753 667 1033 738; x_wconf 85' lang='grc' dir='ltr'>λογισμῶν</span> <span class='ocrx_word' id='word_1_26' title='bbox 1083 670 1146 723; x_wconf 87' lang='grc' dir='ltr'>τὸ</span> <span class='ocrx_word' id='word_1_27' title='bbox 1197 670 1436 742; x_wconf 87' lang='grc' dir='ltr'>ἰσχυρόν.</span> <span class='ocrx_word' id='word_1_28' title='bbox 1480 668 1646 721; x_wconf 79' lang='grc' dir='ltr'>Οὐδὲν</span> <span class='ocrx_word' id='word_1_29' title='bbox 1695 663 1788 720; x_wconf 84' lang='grc' dir='ltr'>οὐν</span> <span class='ocrx_word' id='word_1_30' title='bbox 1831 666 2037 719; x_wconf 89' lang='grc' dir='ltr'>τούτων</span> 
     </span>
    </p>
   </div>
   <div class='ocr_carea' id='block_1_6' title="bbox 460 756 869 826">
    <p class='ocr_par' dir='ltr' id='par_1_6' title="bbox 460 756 869 826">
     <span class='ocr_line' id='line_1_6' title="bbox 460 756 869 826; baseline -0.002 -17"><span class='ocrx_word' id='word_1_31' title='bbox 460 756 749 809; x_wconf 86' lang='grc' dir='ltr'>ἁσθενέστε</span> <span class='ocrx_word' id='word_1_32' title='bbox 757 772 869 826; x_wconf 93' lang='grc' dir='ltr'>ρον.</span> 
     </span>
    </p>
   </div>
   <div class='ocr_carea' id='block_1_7' title="bbox 526 840 2036 916">
    <p class='ocr_par' dir='ltr' id='par_1_7' title="bbox 526 840 2036 916">
     <span class='ocr_line' id='line_1_7' title="bbox 526 840 2036 916; baseline -0.005 -18"><span class='ocrx_word' id='word_1_33' title='bbox 526 843 599 914; x_wconf 83' lang='grc' dir='ltr'>β’.</span> <span class='ocrx_word' id='word_1_34' title='bbox 630 844 966 914; x_wconf 83' lang='grc' dir='ltr'>Μανιχαίους</span> <span class='ocrx_word' id='word_1_35' title='bbox 994 842 1051 897; x_wconf 84' lang='grc' dir='ltr'>δὲ</span> <span class='ocrx_word' id='word_1_36' title='bbox 1074 844 1209 916; x_wconf 80' lang='grc' dir='ltr'>ὁρᾷς</span> <span class='ocrx_word' id='word_1_37' title='bbox 1238 843 1419 907; x_wconf 84' lang='grc' dir='ltr'>πάλιν,</span> <span class='ocrx_word' id='word_1_38' title='bbox 1447 844 1567 905; x_wconf 88' lang='grc' dir='ltr'>πῶς</span> <span class='ocrx_word' id='word_1_39' title='bbox 1592 842 1769 897; x_wconf 88' lang='grc' dir='ltr'>πάντα</span> <span class='ocrx_word' id='word_1_40' title='bbox 1799 840 1906 894; x_wconf 88' lang='grc' dir='ltr'>ἀπὸ</span> <span class='ocrx_word' id='word_1_41' title='bbox 1928 840 2036 892; x_wconf 87' lang='grc' dir='ltr'>τῶν</span> 
     </span>
    </p>
   </div>
   <div class='ocr_carea' id='block_1_8' title="bbox 456 928 2034 1003">
    <p class='ocr_par' dir='ltr' id='par_1_8' title="bbox 456 928 2034 1003">
     <span class='ocr_line' id='line_1_8' title="bbox 456 928 2034 1003; baseline -0.003 -20"><span class='ocrx_word' id='word_1_42' title='bbox 456 929 673 983; x_wconf 81' lang='grc' dir='ltr'>οἰκείων</span> <span class='ocrx_word' id='word_1_43' title='bbox 693 931 966 1003; x_wconf 82' lang='grc' dir='ltr'>λογισμῶν</span> <span class='ocrx_word' id='word_1_44' title='bbox 987 932 1225 1003; x_wconf 89' lang='grc' dir='ltr'>τολμῶσι</span> <span class='ocrx_word' id='word_1_45' title='bbox 1255 929 1615 1001; x_wconf 86' lang='grc' dir='ltr'>φθέγγεσθαι;</span> <span class='ocrx_word' id='word_1_46' title='bbox 1651 931 1765 983; x_wconf 89' lang='grc' dir='ltr'>Οὐκ</span> <span class='ocrx_word' id='word_1_47' title='bbox 1789 928 2034 998; x_wconf 76' lang='grc' dir='ltr'>ἠδύνατο,</span> 
     </span>
    </p>
   </div>
   <div class='ocr_carea' id='block_1_9' title="bbox 460 1016 2039 1091">
    <p class='ocr_par' dir='ltr' id='par_1_9' title="bbox 460 1016 2039 1091">
     <span class='ocr_line' id='line_1_9' title="bbox 460 1016 2039 1091; baseline -0.001 -22"><span class='ocrx_word' id='word_1_48' title='bbox 460 1018 644 1087; x_wconf 81' lang='grc' dir='ltr'>φησὶν,</span> <span class='ocrx_word' id='word_1_49' title='bbox 676 1022 703 1072; x_wconf 98' lang='lat'>6</span> <span class='ocrx_word' id='word_1_50' title='bbox 734 1019 866 1083; x_wconf 84' lang='grc' dir='ltr'>Θεὸς</span> <span class='ocrx_word' id='word_1_51' title='bbox 899 1020 1025 1074; x_wconf 85' lang='grc' dir='ltr'>ἄνευ</span> <span class='ocrx_word' id='word_1_52' title='bbox 1059 1019 1191 1088; x_wconf 79' lang='grc' dir='ltr'>ὐλης</span> <span class='ocrx_word' id='word_1_53' title='bbox 1218 1021 1441 1091; x_wconf 83' lang='grc' dir='ltr'>ποιῆσαι</span> <span class='ocrx_word' id='word_1_54' title='bbox 1467 1018 1560 1073; x_wconf 89' lang='grc' dir='ltr'>τὸν</span> <span class='ocrx_word' id='word_1_55' title='bbox 1592 1019 1817 1089; x_wconf 85' lang='grc' dir='ltr'>κόσμον.</span> <span class='ocrx_word' id='word_1_56' title='bbox 1868 1016 2039 1069; x_wconf 83' lang='grc' dir='ltr'>Πόθεν</span> 
     </span>
    </p>
   </div>
   <div class='ocr_carea' id='block_1_10' title="bbox 459 1106 2039 1179">
    <p class='ocr_par' dir='ltr' id='par_1_10' title="bbox 459 1106 2039 1179">
     <span class='ocr_line' id='line_1_10' title="bbox 459 1106 2039 1179; baseline 0.001 -19"><span class='ocrx_word' id='word_1_57' title='bbox 459 1106 617 1160; x_wconf 91' lang='grc' dir='ltr'>τοῦτο</span> <span class='ocrx_word' id='word_1_58' title='bbox 643 1107 798 1179; x_wconf 83' lang='grc' dir='ltr'>δῆλον</span> <span class='ocrx_word' id='word_1_59' title='bbox 820 1126 834 1174; x_wconf 90' lang='grc'><strong>;</strong></span> <span class='ocrx_word' id='word_1_60' title='bbox 866 1107 1117 1178; x_wconf 88' lang='grc' dir='ltr'>Χαμόθεν</span> <span class='ocrx_word' id='word_1_61' title='bbox 1137 1108 1307 1161; x_wconf 91' lang='grc' dir='ltr'>ταῦτα</span> <span class='ocrx_word' id='word_1_62' title='bbox 1329 1109 1547 1177; x_wconf 70' lang='grc' dir='ltr'>λέγουσι</span> <span class='ocrx_word' id='word_1_63' title='bbox 1574 1109 1668 1163; x_wconf 78' lang='grc' dir='ltr'>καὶ</span> <span class='ocrx_word' id='word_1_64' title='bbox 1690 1106 1799 1161; x_wconf 89' lang='grc' dir='ltr'>ἀπὸ</span> <span class='ocrx_word' id='word_1_65' title='bbox 1819 1106 1919 1175; x_wconf 80' lang='grc' dir='ltr'>τῆς</span> <span class='ocrx_word' id='word_1_66' title='bbox 1935 1106 2039 1175; x_wconf 81' lang='grc' dir='ltr'>γῆς</span> 
     </span>
    </p>
   </div>
   <div class='ocr_carea' id='block_1_11' title="bbox 459 1196 2038 1270">
    <p class='ocr_par' dir='ltr' id='par_1_11' title="bbox 459 1196 2038 1270">
     <span class='ocr_line' id='line_1_11' title="bbox 459 1196 2038 1270; baseline -0.003 -18"><span class='ocrx_word' id='word_1_67' title='bbox 459 1196 557 1252; x_wconf 76' lang='grc' dir='ltr'>καὶ</span> <span class='ocrx_word' id='word_1_68' title='bbox 597 1196 704 1250; x_wconf 91' lang='grc' dir='ltr'>ἀπὸ</span> <span class='ocrx_word' id='word_1_69' title='bbox 746 1198 853 1250; x_wconf 90' lang='grc' dir='ltr'>τῶν</span> <span class='ocrx_word' id='word_1_70' title='bbox 897 1199 1026 1270; x_wconf 81' lang='grc' dir='ltr'>παρ’</span> <span class='ocrx_word' id='word_1_71' title='bbox 1071 1200 1220 1269; x_wconf 81' lang='grc' dir='ltr'>ἡμῖν.</span> <span class='ocrx_word' id='word_1_72' title='bbox 1255 1198 1377 1252; x_wconf 77' lang='grc' dir='ltr'>Ὀτι</span> <span class='ocrx_word' id='word_1_73' title='bbox 1419 1199 1722 1270; x_wconf 83' lang='grc' dir='ltr'>ἄνθρωπος,</span> <span class='ocrx_word' id='word_1_74' title='bbox 1759 1197 1943 1267; x_wconf 83' lang='grc' dir='ltr'>φησὶν,</span> <span class='ocrx_word' id='word_1_75' title='bbox 1976 1196 2038 1248; x_wconf 93' lang='grc' dir='ltr'>οὐ</span> 
     </span>
    </p>
   </div>
   <div class='ocr_carea' id='block_1_12' title="bbox 460 1285 2039 1360">
    <p class='ocr_par' dir='ltr' id='par_1_12' title="bbox 460 1285 2039 1360">
     <span class='ocr_line' id='line_1_12' title="bbox 460 1285 2039 1360; baseline -0.003 -20"><span class='ocrx_word' id='word_1_76' title='bbox 460 1286 681 1341; x_wconf 89' lang='grc' dir='ltr'>δύναται</span> <span class='ocrx_word' id='word_1_77' title='bbox 719 1287 921 1357; x_wconf 78' lang='grc' dir='ltr'>ἑτέρως</span> <span class='ocrx_word' id='word_1_78' title='bbox 950 1290 1193 1359; x_wconf 79' lang='grc' dir='ltr'>ποιῆσαι.</span> <span class='ocrx_word' id='word_1_79' title='bbox 1227 1287 1397 1340; x_wconf 90' lang='grc' dir='ltr'>Πάλιν</span> <span class='ocrx_word' id='word_1_80' title='bbox 1425 1288 1691 1360; x_wconf 78' lang='grc' dir='ltr'>Μαρκίων</span> <span class='ocrx_word' id='word_1_81' title='bbox 1720 1288 1821 1358; x_wconf 84' lang='grc' dir='ltr'>ὅρα</span> <span class='ocrx_word' id='word_1_82' title='bbox 1850 1285 1900 1338; x_wconf 90' lang='grc' dir='ltr'>τί</span> <span class='ocrx_word' id='word_1_83' title='bbox 1932 1302 2039 1355; x_wconf 70' lang='grc' dir='ltr'>φη⁴</span> 
     </span>
    </p>
   </div>
   <div class='ocr_carea' id='block_1_13' title="bbox 462 1374 2040 1446">
    <p class='ocr_par' dir='ltr' id='par_1_13' title="bbox 462 1374 2040 1446">
     <span class='ocr_line' id='line_1_13' title="bbox 462 1374 2040 1446; baseline -0.002 -18"><span class='ocrx_word' id='word_1_84' title='bbox 462 1390 567 1428; x_wconf 88' lang='grc' dir='ltr'>σιν·</span> <span class='ocrx_word' id='word_1_85' title='bbox 591 1375 705 1427; x_wconf 88' lang='grc' dir='ltr'>Οὐκ</span> <span class='ocrx_word' id='word_1_86' title='bbox 740 1374 972 1444; x_wconf 85' lang='grc' dir='ltr'>ἡδύνατο</span> <span class='ocrx_word' id='word_1_87' title='bbox 1000 1376 1027 1428; x_wconf 93' lang='lat'>6</span> <span class='ocrx_word' id='word_1_88' title='bbox 1051 1375 1181 1438; x_wconf 85' lang='grc' dir='ltr'>Θεὸς</span> <span class='ocrx_word' id='word_1_89' title='bbox 1210 1376 1389 1446; x_wconf 83' lang='grc' dir='ltr'>σάρκα</span> <span class='ocrx_word' id='word_1_90' title='bbox 1408 1374 1694 1429; x_wconf 87' lang='grc' dir='ltr'>ἀναλαϐὼν</span> <span class='ocrx_word' id='word_1_91' title='bbox 1731 1376 1908 1445; x_wconf 89' lang='grc' dir='ltr'>μεῖναι</span> <span class='ocrx_word' id='word_1_92' title='bbox 1937 1390 2040 1425; x_wconf 91' lang='grc' dir='ltr'>κα-</span> 
     </span>
    </p>
   </div>
   <div class='ocr_carea' id='block_1_14' title="bbox 461 1460 2037 1534">
    <p class='ocr_par' dir='ltr' id='par_1_14' title="bbox 461 1460 2037 1534">
     <span class='ocr_line' id='line_1_14' title="bbox 461 1460 2037 1534; baseline -0.002 -19"><span class='ocrx_word' id='word_1_93' title='bbox 461 1461 646 1534; x_wconf 82' lang='grc' dir='ltr'>θαρός.</span> <span class='ocrx_word' id='word_1_94' title='bbox 692 1462 859 1515; x_wconf 80' lang='grc' dir='ltr'>Πόθεν</span> <span class='ocrx_word' id='word_1_95' title='bbox 901 1460 1060 1514; x_wconf 88' lang='grc' dir='ltr'>τοῦτο</span> <span class='ocrx_word' id='word_1_96' title='bbox 1092 1462 1282 1532; x_wconf 73' lang='grc' dir='ltr'>δῆλονς</span> <span class='ocrx_word' id='word_1_97' title='bbox 1317 1460 1439 1514; x_wconf 73' lang='grc' dir='ltr'>Ὀτι</span> <span class='ocrx_word' id='word_1_98' title='bbox 1479 1461 1600 1514; x_wconf 91' lang='grc' dir='ltr'>οὐδέ</span> <span class='ocrx_word' id='word_1_99' title='bbox 1652 1463 1701 1513; x_wconf 92' lang='grc' dir='ltr'>οἱ</span> <span class='ocrx_word' id='word_1_100' title='bbox 1742 1460 2037 1531; x_wconf 86' lang='grc' dir='ltr'>ἄνθρωποι,</span> 
     </span>
    </p>
   </div>
   <div class='ocr_carea' id='block_1_15' title="bbox 462 1547 2040 1621">
    <p class='ocr_par' dir='ltr' id='par_1_15' title="bbox 462 1547 2040 1621">
     <span class='ocr_line' id='line_1_15' title="bbox 462 1547 2040 1621; baseline -0.003 -19"><span class='ocrx_word' id='word_1_101' title='bbox 462 1550 616 1619; x_wconf 88' lang='grc' dir='ltr'>φησί.</span> <span class='ocrx_word' id='word_1_102' title='bbox 654 1548 843 1603; x_wconf 80' lang='grc' dir='ltr'>Καίτοι</span> <span class='ocrx_word' id='word_1_103' title='bbox 872 1548 1151 1621; x_wconf 78' lang='grc' dir='ltr'>ἄνθρωποι</span> <span class='ocrx_word' id='word_1_104' title='bbox 1183 1549 1456 1605; x_wconf 90' lang='grc' dir='ltr'>δύνανται.</span> <span class='ocrx_word' id='word_1_105' title='bbox 1494 1549 1843 1611; x_wconf 85' lang='grc' dir='ltr'>Οὐαλεντῖνος</span> <span class='ocrx_word' id='word_1_106' title='bbox 1879 1547 2040 1602; x_wconf 90' lang='grc' dir='ltr'>πάλιν</span> 
     </span>
    </p>
   </div>
   <div class='ocr_carea' id='block_1_16' title="bbox 462 1636 2041 1710">
    <p class='ocr_par' dir='ltr' id='par_1_16' title="bbox 462 1636 2041 1710">
     <span class='ocr_line' id='line_1_16' title="bbox 462 1636 2041 1710; baseline 0.004 -18"><span class='ocrx_word' id='word_1_107' title='bbox 462 1640 634 1708; x_wconf 76' lang='grc' dir='ltr'>χαμαί</span> <span class='ocrx_word' id='word_1_108' title='bbox 665 1638 996 1708; x_wconf 87' lang='grc' dir='ltr'>συρομένους</span> <span class='ocrx_word' id='word_1_109' title='bbox 1024 1639 1161 1708; x_wconf 80' lang='grc' dir='ltr'>ἔχων</span> <span class='ocrx_word' id='word_1_110' title='bbox 1190 1641 1315 1703; x_wconf 79' lang='grc' dir='ltr'>τοῦς</span> <span class='ocrx_word' id='word_1_111' title='bbox 1335 1639 1646 1710; x_wconf 84' lang='grc' dir='ltr'>λογισμοὺς,</span> <span class='ocrx_word' id='word_1_112' title='bbox 1669 1638 1776 1691; x_wconf 88' lang='grc' dir='ltr'>ἀπὸ</span> <span class='ocrx_word' id='word_1_113' title='bbox 1807 1637 1908 1707; x_wconf 82' lang='grc' dir='ltr'>τῆς</span> <span class='ocrx_word' id='word_1_114' title='bbox 1935 1636 2041 1706; x_wconf 82' lang='grc' dir='ltr'>γῆς</span> 
     </span>
    </p>
   </div>
   <div class='ocr_carea' id='block_1_17' title="bbox 462 1723 2042 1796">
    <p class='ocr_par' dir='ltr' id='par_1_17' title="bbox 462 1723 2042 1796">
     <span class='ocr_line' id='line_1_17' title="bbox 462 1723 2042 1796; baseline -0.002 -19"><span class='ocrx_word' id='word_1_115' title='bbox 462 1726 793 1794; x_wconf 79' lang='grc' dir='ltr'>φθέγγεται·</span> <span class='ocrx_word' id='word_1_116' title='bbox 835 1725 1035 1793; x_wconf 88' lang='grc' dir='ltr'>ὁμοίως</span> <span class='ocrx_word' id='word_1_117' title='bbox 1077 1726 1168 1778; x_wconf 77' lang='grc' dir='ltr'>καὶ</span> <span class='ocrx_word' id='word_1_118' title='bbox 1215 1726 1424 1789; x_wconf 83' lang='grc' dir='ltr'>Παῦλος</span> <span class='ocrx_word' id='word_1_119' title='bbox 1462 1728 1491 1779; x_wconf 90' lang='lat'>6</span> <span class='ocrx_word' id='word_1_120' title='bbox 1535 1726 1903 1796; x_wconf 81' lang='grc' dir='ltr'>Σαμοσατεύς,</span> <span class='ocrx_word' id='word_1_121' title='bbox 1947 1723 2042 1778; x_wconf 78' lang='grc' dir='ltr'>καὶ</span> 
     </span>
    </p>
   </div>
   <div class='ocr_carea' id='block_1_18' title="bbox 462 1812 2039 1886">
    <p class='ocr_par' dir='ltr' id='par_1_18' title="bbox 462 1812 2039 1886">
     <span class='ocr_line' id='line_1_18' title="bbox 462 1812 2039 1886; baseline -0.001 -21"><span class='ocrx_word' id='word_1_122' title='bbox 462 1813 614 1886; x_wconf 75' lang='grc'><strong>[176]</strong></span> <span class='ocrx_word' id='word_1_123' title='bbox 643 1815 875 1880; x_wconf 71' lang='grc' dir='ltr'>Ἄρειος.</span> <span class='ocrx_word' id='word_1_124' title='bbox 896 1814 958 1865; x_wconf 90' lang='grc' dir='ltr'>Τί</span> <span class='ocrx_word' id='word_1_125' title='bbox 975 1814 1083 1884; x_wconf 89' lang='grc' dir='ltr'>γάρ</span> <span class='ocrx_word' id='word_1_126' title='bbox 1113 1831 1307 1885; x_wconf 85' lang='grc' dir='ltr'>φησιν;</span> <span class='ocrx_word' id='word_1_127' title='bbox 1331 1817 1443 1869; x_wconf 85' lang='grc' dir='ltr'>Οὐκ</span> <span class='ocrx_word' id='word_1_128' title='bbox 1459 1815 1685 1885; x_wconf 78' lang='grc' dir='ltr'>ἠδύνατο</span> <span class='ocrx_word' id='word_1_129' title='bbox 1710 1815 1738 1866; x_wconf 93' lang='lat'>6</span> <span class='ocrx_word' id='word_1_130' title='bbox 1769 1812 1900 1876; x_wconf 82' lang='grc' dir='ltr'>Θεὸς</span> <span class='ocrx_word' id='word_1_131' title='bbox 1915 1829 2039 1880; x_wconf 85' lang='grc' dir='ltr'>γεν-</span> 
     </span>
    </p>
   </div>
   <div class='ocr_carea' id='block_1_19' title="bbox 462 1891 2035 1970">
    <p class='ocr_par' dir='ltr' id='par_1_19' title="bbox 462 1891 2035 1970">
     <span class='ocr_line' id='line_1_19' title="bbox 462 1891 2035 1970; baseline -0.002 -17"><span class='ocrx_word' id='word_1_132' title='bbox 462 1900 589 1965; x_wconf 86' lang='grc' dir='ltr'>νῶν,</span> <span class='ocrx_word' id='word_1_133' title='bbox 617 1900 873 1969; x_wconf 85' lang='grc' dir='ltr'>γεννῆσαι</span> <span class='ocrx_word' id='word_1_134' title='bbox 904 1900 1151 1962; x_wconf 85' lang='grc' dir='ltr'>ἀπαθῶς.</span> <span class='ocrx_word' id='word_1_135' title='bbox 1177 1900 1345 1956; x_wconf 76' lang='grc' dir='ltr'>Πόθεν</span> <span class='ocrx_word' id='word_1_136' title='bbox 1365 1901 1522 1954; x_wconf 86' lang='grc' dir='ltr'>τοῦτο</span> <span class='ocrx_word' id='word_1_137' title='bbox 1546 1900 1750 1970; x_wconf 83' lang='grc' dir='ltr'>τολμᾷς</span> <span class='ocrx_word' id='word_1_138' title='bbox 1774 1900 1971 1967; x_wconf 86' lang='grc' dir='ltr'>λέγειν,</span> <span class='ocrx_word' id='word_1_139' title='bbox 1989 1891 2035 1951; x_wconf 82' lang='grc' dir='ltr'><strong>ὧ</strong></span> 
     </span>
    </p>
   </div>
   <div class='ocr_carea' id='block_1_20' title="bbox 465 1986 2042 2060">
    <p class='ocr_par' dir='ltr' id='par_1_20' title="bbox 465 1986 2042 2060">
     <span class='ocr_line' id='line_1_20' title="bbox 465 1986 2042 2060; baseline -0.001 -21"><span class='ocrx_word' id='word_1_140' title='bbox 465 1988 679 2058; x_wconf 60' lang='lat' dir='ltr'>&quot;Agens;</span> <span class='ocrx_word' id='word_1_141' title='bbox 715 1986 848 2039; x_wconf 89' lang='grc' dir='ltr'>Ἀπὸ</span> <span class='ocrx_word' id='word_1_142' title='bbox 867 1986 973 2041; x_wconf 86' lang='grc' dir='ltr'>τῶν</span> <span class='ocrx_word' id='word_1_143' title='bbox 998 1989 1127 2060; x_wconf 79' lang='grc' dir='ltr'>παρ’</span> <span class='ocrx_word' id='word_1_144' title='bbox 1154 1989 1308 2058; x_wconf 86' lang='grc' dir='ltr'>ἡμῖν.</span> <span class='ocrx_word' id='word_1_145' title='bbox 1337 1989 1499 2058; x_wconf 82' lang='grc' dir='ltr'>ὐρᾷς</span> <span class='ocrx_word' id='word_1_146' title='bbox 1519 1990 1734 2041; x_wconf 87' lang='grc' dir='ltr'>πάντων</span> <span class='ocrx_word' id='word_1_147' title='bbox 1760 1988 1933 2057; x_wconf 73' lang='grc' dir='ltr'>χαμαὶ</span> <span class='ocrx_word' id='word_1_148' title='bbox 1953 2003 2042 2038; x_wconf 89' lang='grc' dir='ltr'>συ-</span> 
     </span>
    </p>
   </div>
   <div class='ocr_carea' id='block_1_21' title="bbox 464 2073 2043 2145">
    <p class='ocr_par' dir='ltr' id='par_1_21' title="bbox 464 2073 2043 2145">
     <span class='ocr_line' id='line_1_21' title="bbox 464 2073 2043 2145; baseline 0.001 -19"><span class='ocrx_word' id='word_1_149' title='bbox 464 2075 725 2145; x_wconf 86' lang='grc' dir='ltr'>ρομένους</span> <span class='ocrx_word' id='word_1_150' title='bbox 744 2075 869 2138; x_wconf 82' lang='grc' dir='ltr'>τούς</span> <span class='ocrx_word' id='word_1_151' title='bbox 891 2074 1202 2145; x_wconf 80' lang='grc' dir='ltr'>λογισμοὺς,</span> <span class='ocrx_word' id='word_1_152' title='bbox 1222 2076 1436 2128; x_wconf 87' lang='grc' dir='ltr'>πάντων</span> <span class='ocrx_word' id='word_1_153' title='bbox 1461 2075 1920 2145; x_wconf 86' lang='grc' dir='ltr'>κεχαλασμένους,</span> <span class='ocrx_word' id='word_1_154' title='bbox 1941 2073 2043 2144; x_wconf 81' lang='grc' dir='ltr'>τῆς</span> 
     </span>
    </p>
   </div>
   <div class='ocr_carea' id='block_1_22' title="bbox 462 2160 2042 2233">
    <p class='ocr_par' dir='ltr' id='par_1_22' title="bbox 462 2160 2042 2233">
     <span class='ocr_line' id='line_1_22' title="bbox 462 2160 2042 2233; baseline 0 -20"><span class='ocrx_word' id='word_1_155' title='bbox 462 2162 567 2231; x_wconf 76' lang='grc' dir='ltr'>γῆς</span> <span class='ocrx_word' id='word_1_156' title='bbox 598 2162 886 2227; x_wconf 88' lang='grc' dir='ltr'>πνέοντας;</span> <span class='ocrx_word' id='word_1_157' title='bbox 924 2163 1034 2216; x_wconf 75' lang='grc' dir='ltr'>Καὶ</span> <span class='ocrx_word' id='word_1_158' title='bbox 1060 2162 1345 2233; x_wconf 82' lang='grc' dir='ltr'>δογμάτων</span> <span class='ocrx_word' id='word_1_159' title='bbox 1370 2163 1468 2232; x_wconf 83' lang='grc' dir='ltr'>μὲν</span> <span class='ocrx_word' id='word_1_160' title='bbox 1499 2163 1680 2225; x_wconf 71' lang='grc' dir='ltr'>ἕνεκα,</span> <span class='ocrx_word' id='word_1_161' title='bbox 1716 2160 1858 2214; x_wconf 86' lang='grc' dir='ltr'>οῦτω</span> <span class='ocrx_word' id='word_1_162' title='bbox 1878 2177 1891 2189; x_wconf 93' lang='grc'><strong>·</strong></span> <span class='ocrx_word' id='word_1_163' title='bbox 1927 2160 2042 2230; x_wconf 90' lang='grc' dir='ltr'>βίου</span> 
     </span>
    </p>
   </div>
   <div class='ocr_carea' id='block_1_23' title="bbox 462 2248 2043 2320">
    <p class='ocr_par' dir='ltr' id='par_1_23' title="bbox 462 2248 2043 2320">
     <span class='ocr_line' id='line_1_23' title="bbox 462 2248 2043 2320; baseline -0.002 -18"><span class='ocrx_word' id='word_1_164' title='bbox 462 2249 517 2302; x_wconf 84' lang='lat'>66</span> <span class='ocrx_word' id='word_1_165' title='bbox 537 2250 716 2311; x_wconf 88' lang='grc' dir='ltr'>πάλιν,</span> <span class='ocrx_word' id='word_1_166' title='bbox 746 2252 793 2302; x_wconf 89' lang='grc' dir='ltr'>οί</span> <span class='ocrx_word' id='word_1_167' title='bbox 825 2250 1031 2320; x_wconf 84' lang='grc' dir='ltr'>πόρνοι,</span> <span class='ocrx_word' id='word_1_168' title='bbox 1056 2249 1103 2303; x_wconf 86' lang='grc' dir='ltr'>οἰ</span> <span class='ocrx_word' id='word_1_169' title='bbox 1128 2248 1426 2320; x_wconf 87' lang='grc' dir='ltr'>χρημάτων</span> <span class='ocrx_word' id='word_1_170' title='bbox 1459 2248 1711 2319; x_wconf 82' lang='grc' dir='ltr'>ἐρῶντες,</span> <span class='ocrx_word' id='word_1_171' title='bbox 1728 2250 1776 2300; x_wconf 86' lang='grc' dir='ltr'>οί</span> <span class='ocrx_word' id='word_1_172' title='bbox 1797 2248 1973 2318; x_wconf 81' lang='grc' dir='ltr'>δόξης,</span> <span class='ocrx_word' id='word_1_173' title='bbox 1993 2249 2043 2300; x_wconf 89' lang='grc' dir='ltr'>οἰ</span> 
     </span>
    </p>
   </div>
   <div class='ocr_carea' id='block_1_24' title="bbox 462 2337 2044 2409">
    <p class='ocr_par' dir='ltr' id='par_1_24' title="bbox 462 2337 2044 2409">
     <span class='ocr_line' id='line_1_24' title="bbox 462 2337 2044 2409; baseline 0 -20"><span class='ocrx_word' id='word_1_174' title='bbox 462 2338 570 2390; x_wconf 85' lang='grc' dir='ltr'>τῶν</span> <span class='ocrx_word' id='word_1_175' title='bbox 611 2338 787 2391; x_wconf 84' lang='grc' dir='ltr'>ἄλλων</span> <span class='ocrx_word' id='word_1_176' title='bbox 833 2339 1105 2403; x_wconf 88' lang='grc' dir='ltr'>ἀπάντων,</span> <span class='ocrx_word' id='word_1_177' title='bbox 1153 2339 1328 2409; x_wconf 78' lang='grc' dir='ltr'>χαμαὶ</span> <span class='ocrx_word' id='word_1_178' title='bbox 1370 2337 1622 2407; x_wconf 82' lang='grc' dir='ltr'>σύρονται</span> <span class='ocrx_word' id='word_1_179' title='bbox 1646 2352 1660 2365; x_wconf 82' lang='grc'><em>’</em></span> <span class='ocrx_word' id='word_1_180' title='bbox 1695 2338 1796 2391; x_wconf 84' lang='grc' dir='ltr'>οὐκ</span> <span class='ocrx_word' id='word_1_181' title='bbox 1832 2340 2044 2408; x_wconf 73' lang='grc' dir='ltr'>ἔχουσιν</span> 
     </span>
    </p>
   </div>
   <div class='ocr_carea' id='block_1_25' title="bbox 463 2424 2043 2496">
    <p class='ocr_par' dir='ltr' id='par_1_25' title="bbox 463 2424 2043 2496">
     <span class='ocr_line' id='line_1_25' title="bbox 463 2424 2043 2496; baseline 0.001 -19"><span class='ocrx_word' id='word_1_182' title='bbox 463 2425 752 2495; x_wconf 75' lang='grc' dir='ltr'>ἑστηκυῖαν</span> <span class='ocrx_word' id='word_1_183' title='bbox 784 2425 951 2496; x_wconf 86' lang='grc' dir='ltr'>αὐτὴν</span> <span class='ocrx_word' id='word_1_184' title='bbox 981 2424 1080 2495; x_wconf 79' lang='grc' dir='ltr'>τὴν</span> <span class='ocrx_word' id='word_1_185' title='bbox 1111 2426 1303 2493; x_wconf 82' lang='grc' dir='ltr'>ὀσφὺν,</span> <span class='ocrx_word' id='word_1_186' title='bbox 1335 2426 1475 2480; x_wconf 78' lang='grc' dir='ltr'>ὥστε</span> <span class='ocrx_word' id='word_1_187' title='bbox 1524 2426 1795 2495; x_wconf 82' lang='grc' dir='ltr'>καμόντες</span> <span class='ocrx_word' id='word_1_188' title='bbox 1840 2425 2043 2478; x_wconf 74' lang='grc' dir='ltr'>ἐπαναο</span> 
     </span>
    </p>
   </div>
   <div class='ocr_carea' id='block_1_26' title="bbox 463 2510 2043 2583">
    <p class='ocr_par' dir='ltr' id='par_1_26' title="bbox 463 2510 2043 2583">
     <span class='ocr_line' id='line_1_26' title="bbox 463 2510 2043 2583; baseline 0.001 -19"><span class='ocrx_word' id='word_1_189' title='bbox 463 2510 763 2577; x_wconf 87' lang='grc' dir='ltr'>παύεσθαι,</span> <span class='ocrx_word' id='word_1_190' title='bbox 799 2512 913 2565; x_wconf 84' lang='grc' dir='ltr'>ἀλλ’</span> <span class='ocrx_word' id='word_1_191' title='bbox 947 2511 1041 2565; x_wconf 86' lang='grc' dir='ltr'>ἐάν</span> <span class='ocrx_word' id='word_1_192' title='bbox 1076 2512 1326 2582; x_wconf 83' lang='grc' dir='ltr'>κάμωσιν</span> <span class='ocrx_word' id='word_1_193' title='bbox 1347 2551 1363 2577; x_wconf 93' lang='grc'>,</span> <span class='ocrx_word' id='word_1_194' title='bbox 1408 2512 1468 2565; x_wconf 89' lang='grc' dir='ltr'>οὐ</span> <span class='ocrx_word' id='word_1_195' title='bbox 1511 2512 1720 2565; x_wconf 87' lang='grc' dir='ltr'>τιθέασι</span> <span class='ocrx_word' id='word_1_196' title='bbox 1754 2513 1852 2582; x_wconf 81' lang='grc' dir='ltr'>τὴν</span> <span class='ocrx_word' id='word_1_197' title='bbox 1886 2514 2043 2583; x_wconf 89' lang='grc' dir='ltr'>χεῖρα</span> 
     </span>
    </p>
   </div>
   <div class='ocr_carea' id='block_1_27' title="bbox 462 2598 2043 2670">
    <p class='ocr_par' dir='ltr' id='par_1_27' title="bbox 462 2598 2043 2670">
     <span class='ocr_line' id='line_1_27' title="bbox 462 2598 2043 2670; baseline -0.001 -18"><span class='ocrx_word' id='word_1_198' title='bbox 462 2600 556 2653; x_wconf 74' lang='grc' dir='ltr'>καὶ</span> <span class='ocrx_word' id='word_1_199' title='bbox 579 2600 893 2670; x_wconf 86' lang='grc' dir='ltr'>ἐστὴκασιν,</span> <span class='ocrx_word' id='word_1_200' title='bbox 921 2598 1056 2652; x_wconf 89' lang='grc' dir='ltr'>ἀλλά</span> <span class='ocrx_word' id='word_1_201' title='bbox 1077 2598 1406 2653; x_wconf 86' lang='grc' dir='ltr'>διαλύονται.</span> <span class='ocrx_word' id='word_1_202' title='bbox 1445 2600 1502 2651; x_wconf 87' lang='grc' dir='ltr'><strong>Ὀ</strong></span> <span class='ocrx_word' id='word_1_203' title='bbox 1535 2598 1716 2669; x_wconf 77' lang='grc' dir='ltr'>μέντοι</span> <span class='ocrx_word' id='word_1_204' title='bbox 1739 2598 2043 2669; x_wconf 75' lang='grc' dir='ltr'>ἐζωσμένος</span> 
     </span>
    </p>
   </div>
   <div class='ocr_carea' id='block_1_28' title="bbox 463 2688 2042 2760">
    <p class='ocr_par' dir='ltr' id='par_1_28' title="bbox 463 2688 2042 2760">
     <span class='ocr_line' id='line_1_28' title="bbox 463 2688 2042 2760; baseline -0.002 -18"><span class='ocrx_word' id='word_1_205' title='bbox 463 2691 531 2759; x_wconf 79' lang='grc' dir='ltr'>τῇ</span> <span class='ocrx_word' id='word_1_206' title='bbox 553 2688 798 2759; x_wconf 79' lang='grc' dir='ltr'>ἀληθείᾳ,</span> <span class='ocrx_word' id='word_1_207' title='bbox 827 2689 1042 2760; x_wconf 87' lang='grc' dir='ltr'>πρῶτον</span> <span class='ocrx_word' id='word_1_208' title='bbox 1067 2690 1165 2759; x_wconf 86' lang='grc' dir='ltr'>μὲν</span> <span class='ocrx_word' id='word_1_209' title='bbox 1192 2689 1444 2742; x_wconf 88' lang='grc' dir='ltr'>οὐδέποτε</span> <span class='ocrx_word' id='word_1_210' title='bbox 1468 2691 1726 2757; x_wconf 82' lang='grc' dir='ltr'>καμεῖται</span> <span class='ocrx_word' id='word_1_211' title='bbox 1753 2705 1766 2718; x_wconf 77' lang='grc'><strong>⁸</strong></span> <span class='ocrx_word' id='word_1_212' title='bbox 1794 2689 2042 2759; x_wconf 86' lang='grc' dir='ltr'>δεύτερον</span> 
     </span>
    </p>
   </div>
   <div class='ocr_carea' id='block_1_29' title="bbox 462 2775 2041 2848">
    <p class='ocr_par' dir='ltr' id='par_1_29' title="bbox 462 2775 2041 2848">
     <span class='ocr_line' id='line_1_29' title="bbox 462 2775 2041 2848; baseline -0.001 -20"><span class='ocrx_word' id='word_1_213' title='bbox 462 2776 543 2842; x_wconf 83' lang='lat'><em>66,</em></span> <span class='ocrx_word' id='word_1_214' title='bbox 585 2776 687 2828; x_wconf 85' lang='grc' dir='ltr'>κᾶν</span> <span class='ocrx_word' id='word_1_215' title='bbox 733 2776 907 2848; x_wconf 81' lang='grc' dir='ltr'>κάμῃ,</span> <span class='ocrx_word' id='word_1_216' title='bbox 954 2778 1035 2839; x_wconf 84' lang='grc' dir='ltr'>εἰς</span> <span class='ocrx_word' id='word_1_217' title='bbox 1072 2775 1238 2846; x_wconf 86' lang='grc' dir='ltr'>αὐτὴν</span> <span class='ocrx_word' id='word_1_218' title='bbox 1285 2775 1734 2830; x_wconf 86' lang='grc' dir='ltr'>ἐπαναπαύσεται</span> <span class='ocrx_word' id='word_1_219' title='bbox 1775 2776 1872 2847; x_wconf 79' lang='grc' dir='ltr'>τὴν</span> <span class='ocrx_word' id='word_1_220' title='bbox 1906 2776 2041 2847; x_wconf 87' lang='grc' dir='ltr'>ἀλή-</span> 
     </span>
    </p>
   </div>
   <div class='ocr_carea' id='block_1_30' title="bbox 464 2861 2043 2934">
    <p class='ocr_par' dir='ltr' id='par_1_30' title="bbox 464 2861 2043 2934">
     <span class='ocr_line' id='line_1_30' title="bbox 464 2861 2043 2934; baseline 0.001 -19"><span class='ocrx_word' id='word_1_221' title='bbox 464 2861 636 2919; x_wconf 72' lang='grc' dir='ltr'>θειαν.</span> <span class='ocrx_word' id='word_1_222' title='bbox 681 2863 745 2914; x_wconf 94' lang='grc' dir='ltr'>Τί</span> <span class='ocrx_word' id='word_1_223' title='bbox 782 2863 909 2934; x_wconf 82' lang='grc' dir='ltr'>γάρ,</span> <span class='ocrx_word' id='word_1_224' title='bbox 958 2863 1080 2917; x_wconf 85' lang='grc' dir='ltr'>εἰπέ</span> <span class='ocrx_word' id='word_1_225' title='bbox 1110 2879 1233 2933; x_wconf 89' lang='grc' dir='ltr'>μοι;</span> <span class='ocrx_word' id='word_1_226' title='bbox 1273 2863 1433 2917; x_wconf 88' lang='grc' dir='ltr'>πενία</span> <span class='ocrx_word' id='word_1_227' title='bbox 1459 2862 1621 2917; x_wconf 90' lang='grc' dir='ltr'>αὐτὸν</span> <span class='ocrx_word' id='word_1_228' title='bbox 1651 2865 1849 2933; x_wconf 86' lang='grc' dir='ltr'>καμεῖν</span> <span class='ocrx_word' id='word_1_229' title='bbox 1888 2866 2043 2934; x_wconf 84' lang='grc' dir='ltr'>ποιή-</span> 
     </span>
    </p>
   </div>
   <div class='ocr_carea' id='block_1_31' title="bbox 466 2949 2043 3020">
    <p class='ocr_par' dir='ltr' id='par_1_31' title="bbox 466 2949 2043 3020">
     <span class='ocr_line' id='line_1_31' title="bbox 466 2949 2043 3020; baseline 0.002 -19"><span class='ocrx_word' id='word_1_230' title='bbox 466 2964 583 3015; x_wconf 80' lang='lat' dir='ltr'>cm;</span> <span class='ocrx_word' id='word_1_231' title='bbox 647 2949 913 3020; x_wconf 85' lang='grc' dir='ltr'>Οὐδαμῶς</span> <span class='ocrx_word' id='word_1_232' title='bbox 939 2965 953 2981; x_wconf 84' lang='lat'><strong><em>°</em></strong></span> <span class='ocrx_word' id='word_1_233' title='bbox 998 2949 1406 3004; x_wconf 83' lang='grc' dir='ltr'>ἐπαναπαύεται</span> <span class='ocrx_word' id='word_1_234' title='bbox 1459 2950 1568 3020; x_wconf 81' lang='grc' dir='ltr'>γὰρ</span> <span class='ocrx_word' id='word_1_235' title='bbox 1607 2951 1699 3003; x_wconf 68' lang='grc' dir='ltr'>ἐπὶ</span> <span class='ocrx_word' id='word_1_236' title='bbox 1741 2951 1832 3003; x_wconf 90' lang='grc' dir='ltr'>τὸν</span> <span class='ocrx_word' id='word_1_237' title='bbox 1877 2950 2043 3015; x_wconf 82' lang='grc' dir='ltr'>ὅντως</span> 
     </span>
    </p>
   </div>
   <div class='ocr_carea' id='block_1_32' title="bbox 464 3035 2040 3108">
    <p class='ocr_par' dir='ltr' id='par_1_32' title="bbox 464 3035 2040 3108">
     <span class='ocr_line' id='line_1_32' title="bbox 464 3035 2040 3108; baseline 0.003 -21"><span class='ocrx_word' id='word_1_238' title='bbox 464 3035 715 3102; x_wconf 83' lang='grc' dir='ltr'>πλοῦτον,</span> <span class='ocrx_word' id='word_1_239' title='bbox 743 3040 837 3091; x_wconf 75' lang='grc' dir='ltr'>καὶ</span> <span class='ocrx_word' id='word_1_240' title='bbox 858 3037 946 3091; x_wconf 86' lang='grc' dir='ltr'>διὰ</span> <span class='ocrx_word' id='word_1_241' title='bbox 964 3041 1061 3108; x_wconf 82' lang='grc' dir='ltr'>τῆς</span> <span class='ocrx_word' id='word_1_242' title='bbox 1082 3037 1271 3101; x_wconf 84' lang='grc' dir='ltr'>πενίας</span> <span class='ocrx_word' id='word_1_243' title='bbox 1290 3038 1494 3090; x_wconf 76' lang='grc' dir='ltr'>εἵσεται</span> <span class='ocrx_word' id='word_1_244' title='bbox 1520 3038 1619 3107; x_wconf 80' lang='grc' dir='ltr'>τὴν</span> <span class='ocrx_word' id='word_1_245' title='bbox 1640 3038 1806 3102; x_wconf 81' lang='grc' dir='ltr'>ὅντως</span> <span class='ocrx_word' id='word_1_246' title='bbox 1833 3039 2040 3093; x_wconf 88' lang='grc' dir='ltr'>πενίαν.</span> 
     </span>
    </p>
   </div>
   <div class='ocr_carea' id='block_1_33' title="bbox 476 3121 2041 3195">
    <p class='ocr_par' dir='ltr' id='par_1_33' title="bbox 476 3121 2041 3195">
     <span class='ocr_line' id='line_1_33' title="bbox 476 3121 2041 3195; baseline 0 -18"><span class='ocrx_word' id='word_1_247' title='bbox 476 3122 642 3177; x_wconf 81' lang='grc' dir='ltr'>Ἀλλά</span> <span class='ocrx_word' id='word_1_248' title='bbox 664 3122 879 3178; x_wconf 88' lang='grc' dir='ltr'>δουλεία</span> <span class='ocrx_word' id='word_1_249' title='bbox 908 3125 1124 3195; x_wconf 88' lang='grc' dir='ltr'>ποιὴσει</span> <span class='ocrx_word' id='word_1_250' title='bbox 1157 3123 1318 3178; x_wconf 90' lang='grc' dir='ltr'>αὐτὸν</span> <span class='ocrx_word' id='word_1_251' title='bbox 1346 3125 1578 3194; x_wconf 82' lang='grc' dir='ltr'>καμεῖν;</span> <span class='ocrx_word' id='word_1_252' title='bbox 1612 3123 1873 3193; x_wconf 82' lang='grc' dir='ltr'>Οὐδαμῶς</span> <span class='ocrx_word' id='word_1_253' title='bbox 1893 3138 1909 3154; x_wconf 83' lang='grc'><em>’</em></span> <span class='ocrx_word' id='word_1_254' title='bbox 1935 3121 2041 3177; x_wconf 83' lang='grc' dir='ltr'>οἶδε</span> 
     </span>
    </p>
   </div>
   <div class='ocr_carea' id='block_1_34' title="bbox 462 3211 2042 3283">
    <p class='ocr_par' dir='ltr' id='par_1_34' title="bbox 462 3211 2042 3283">
     <span class='ocr_line' id='line_1_34' title="bbox 462 3211 2042 3283; baseline 0.001 -18"><span class='ocrx_word' id='word_1_255' title='bbox 462 3211 573 3283; x_wconf 84' lang='grc' dir='ltr'>γὰρ</span> <span class='ocrx_word' id='word_1_256' title='bbox 599 3211 695 3283; x_wconf 84' lang='grc' dir='ltr'>τὴν</span> <span class='ocrx_word' id='word_1_257' title='bbox 718 3212 885 3275; x_wconf 82' lang='grc' dir='ltr'>ὅντως</span> <span class='ocrx_word' id='word_1_258' title='bbox 910 3212 1174 3265; x_wconf 86' lang='grc' dir='ltr'>δουλείαν.</span> <span class='ocrx_word' id='word_1_259' title='bbox 1210 3212 1371 3265; x_wconf 90' lang='grc' dir='ltr'>Ἀλλά</span> <span class='ocrx_word' id='word_1_260' title='bbox 1388 3212 1541 3276; x_wconf 89' lang='grc' dir='ltr'>νόσος</span> <span class='ocrx_word' id='word_1_261' title='bbox 1563 3229 1577 3277; x_wconf 92' lang='lat'>;</span> <span class='ocrx_word' id='word_1_262' title='bbox 1612 3212 1749 3264; x_wconf 83' lang='grc' dir='ltr'>Ἀλλ’</span> <span class='ocrx_word' id='word_1_263' title='bbox 1778 3213 1897 3266; x_wconf 82' lang='grc' dir='ltr'>οὐδέ</span> <span class='ocrx_word' id='word_1_264' title='bbox 1918 3212 2042 3266; x_wconf 83' lang='grc' dir='ltr'>τοῦ·</span> 
     </span>
    </p>
   </div>
   <div class='ocr_carea' id='block_1_35' title="bbox 462 3296 2045 3371">
    <p class='ocr_par' dir='ltr' id='par_1_35' title="bbox 462 3296 2045 3371">
     <span class='ocr_line' id='line_1_35' title="bbox 462 3296 2045 3371; baseline -0.001 -18"><span class='ocrx_word' id='word_1_265' title='bbox 462 3316 526 3353; x_wconf 88' lang='grc' dir='ltr'>το</span> <span class='ocrx_word' id='word_1_266' title='bbox 547 3316 560 3329; x_wconf 78' lang='lat'><strong><em>°</em></strong></span> <span class='ocrx_word' id='word_1_267' title='bbox 579 3302 648 3353; x_wconf 79' lang='grc' dir='ltr'>Αἱ</span> <span class='ocrx_word' id='word_1_268' title='bbox 667 3300 896 3368; x_wconf 75' lang='grc' dir='ltr'>ὀσφύες</span> <span class='ocrx_word' id='word_1_269' title='bbox 916 3296 1104 3369; x_wconf 80' lang='grc' dir='ltr'>ὑμῶν,</span> <span class='ocrx_word' id='word_1_270' title='bbox 1118 3300 1282 3369; x_wconf 76' lang='grc' dir='ltr'>φησὶν</span> <span class='ocrx_word' id='word_1_271' title='bbox 1302 3299 1330 3351; x_wconf 97' lang='lat'>6</span> <span class='ocrx_word' id='word_1_272' title='bbox 1344 3299 1596 3371; x_wconf 81' lang='grc' dir='ltr'>Χριστὸς,</span> <span class='ocrx_word' id='word_1_273' title='bbox 1620 3300 1899 3353; x_wconf 74' lang='grc' dir='ltr'>ἔστωσαν</span> <span class='ocrx_word' id='word_1_274' title='bbox 1913 3299 2045 3360; x_wconf 80' lang='grc' dir='ltr'>ἐζω-</span> 
     </span>
    </p>
   </div>
   <div class='ocr_carea' id='block_1_36' title="bbox 458 3384 2044 3457">
    <p class='ocr_par' dir='ltr' id='par_1_36' title="bbox 458 3384 2044 3457">
     <span class='ocr_line' id='line_1_36' title="bbox 458 3384 2044 3457; baseline 0 -17"><span class='ocrx_word' id='word_1_275' title='bbox 458 3385 703 3456; x_wconf 84' lang='grc' dir='ltr'>σμέναι,</span> <span class='ocrx_word' id='word_1_276' title='bbox 737 3386 837 3440; x_wconf 79' lang='grc' dir='ltr'>καὶ</span> <span class='ocrx_word' id='word_1_277' title='bbox 855 3389 909 3440; x_wconf 82' lang='grc' dir='ltr'>οἱ</span> <span class='ocrx_word' id='word_1_278' title='bbox 926 3386 1144 3455; x_wconf 78' lang='grc' dir='ltr'>λύχνοι</span> <span class='ocrx_word' id='word_1_279' title='bbox 1166 3387 1488 3455; x_wconf 82' lang='grc' dir='ltr'>καιόμενοι,</span> <span class='ocrx_word' id='word_1_280' title='bbox 1515 3384 1655 3439; x_wconf 79' lang='grc' dir='ltr'>ὥστε</span> <span class='ocrx_word' id='word_1_281' title='bbox 1679 3386 1739 3439; x_wconf 89' lang='grc' dir='ltr'>τὸ</span> <span class='ocrx_word' id='word_1_282' title='bbox 1761 3386 1877 3455; x_wconf 91' lang='grc' dir='ltr'>φῶς</span> <span class='ocrx_word' id='word_1_283' title='bbox 1902 3387 2044 3457; x_wconf 75' lang='grc' dir='ltr'>ἔχειν</span> 
     </span>
    </p>
   </div>
   <div class='ocr_carea' id='block_1_37' title="bbox 463 3472 2044 3541">
    <p class='ocr_par' dir='ltr' id='par_1_37' title="bbox 463 3472 2044 3541">
     <span class='ocr_line' id='line_1_37' title="bbox 463 3472 2044 3541; baseline -0.001 -14"><span class='ocrx_word' id='word_1_284' title='bbox 463 3474 749 3527; x_wconf 80' lang='grc' dir='ltr'>ἄσϐεστον.</span> <span class='ocrx_word' id='word_1_285' title='bbox 782 3473 950 3526; x_wconf 88' lang='grc' dir='ltr'>Τοῦτο</span> <span class='ocrx_word' id='word_1_286' title='bbox 981 3473 1077 3527; x_wconf 77' lang='grc' dir='ltr'>καὶ</span> <span class='ocrx_word' id='word_1_287' title='bbox 1110 3475 1160 3526; x_wconf 91' lang='grc' dir='ltr'>οί</span> <span class='ocrx_word' id='word_1_288' title='bbox 1201 3472 1263 3537; x_wconf 82' lang='grc' dir='ltr'>ἐξ</span> <span class='ocrx_word' id='word_1_289' title='bbox 1299 3473 1575 3541; x_wconf 74' lang='grc' dir='ltr'>Αἰγύπτου</span> <span class='ocrx_word' id='word_1_290' title='bbox 1612 3474 1846 3538; x_wconf 80' lang='grc' dir='ltr'>ἐξιόντες</span> <span class='ocrx_word' id='word_1_291' title='bbox 1872 3477 2044 3528; x_wconf 87' lang='grc' dir='ltr'>ποιεῖν</span> 
     </span>
    </p>
   </div>
   <div class='ocr_carea' id='block_1_38' title="bbox 463 3560 2044 3632">
    <p class='ocr_par' dir='ltr' id='par_1_38' title="bbox 463 3560 2044 3632">
     <span class='ocr_line' id='line_1_38' title="bbox 463 3560 2044 3632; baseline 0.002 -20"><span class='ocrx_word' id='word_1_292' title='bbox 463 3560 840 3627; x_wconf 82' lang='grc' dir='ltr'>ἐπετάττοντο,</span> <span class='ocrx_word' id='word_1_293' title='bbox 883 3561 978 3615; x_wconf 75' lang='grc' dir='ltr'>καὶ</span> <span class='ocrx_word' id='word_1_294' title='bbox 1018 3560 1317 3630; x_wconf 78' lang='grc' dir='ltr'>ἐζωσμένοι</span> <span class='ocrx_word' id='word_1_295' title='bbox 1359 3561 1420 3613; x_wconf 89' lang='grc' dir='ltr'>τὸ</span> <span class='ocrx_word' id='word_1_296' title='bbox 1456 3562 1640 3631; x_wconf 85' lang='grc' dir='ltr'>πάσχα</span> <span class='ocrx_word' id='word_1_297' title='bbox 1680 3560 1885 3632; x_wconf 77' lang='grc' dir='ltr'>ἤσθιον.</span> <span class='ocrx_word' id='word_1_298' title='bbox 1933 3563 2044 3615; x_wconf 74' lang='grc' dir='ltr'>Καὶ</span> 
     </span>
    </p>
   </div>
   <div class='ocr_carea' id='block_1_39' title="bbox 462 3649 2044 3721">
    <p class='ocr_par' dir='ltr' id='par_1_39' title="bbox 462 3649 2044 3721">
     <span class='ocr_line' id='line_1_39' title="bbox 462 3649 2044 3721; baseline 0.001 -19"><span class='ocrx_word' id='word_1_299' title='bbox 462 3650 605 3712; x_wconf 85' lang='grc' dir='ltr'>τίνος</span> <span class='ocrx_word' id='word_1_300' title='bbox 634 3650 839 3713; x_wconf 74' lang='grc' dir='ltr'>ἕνεκεν,</span> <span class='ocrx_word' id='word_1_301' title='bbox 863 3651 1046 3721; x_wconf 79' lang='grc' dir='ltr'>φησὶν,</span> <span class='ocrx_word' id='word_1_302' title='bbox 1070 3650 1239 3714; x_wconf 78' lang='grc' dir='ltr'>οὕτως</span> <span class='ocrx_word' id='word_1_303' title='bbox 1262 3649 1480 3721; x_wconf 83' lang='grc' dir='ltr'>ἡσθιον;</span> <span class='ocrx_word' id='word_1_304' title='bbox 1512 3650 1699 3703; x_wconf 80' lang='grc' dir='ltr'>Βούλει</span> <span class='ocrx_word' id='word_1_305' title='bbox 1730 3651 1922 3720; x_wconf 85' lang='grc' dir='ltr'>μαθεῖν</span> <span class='ocrx_word' id='word_1_306' title='bbox 1946 3653 2044 3721; x_wconf 83' lang='grc' dir='ltr'>τὴν</span> 
     </span>
    </p>
   </div>
   <div class='ocr_carea' id='block_1_40' title="bbox 464 3736 2041 3809">
    <p class='ocr_par' dir='ltr' id='par_1_40' title="bbox 464 3736 2041 3809">
     <span class='ocr_line' id='line_1_40' title="bbox 464 3736 2041 3809; baseline 0.003 -21"><span class='ocrx_word' id='word_1_307' title='bbox 464 3737 723 3789; x_wconf 81' lang='grc' dir='ltr'>ὑπόθεσιν</span> <span class='ocrx_word' id='word_1_308' title='bbox 756 3738 976 3790; x_wconf 85' lang='grc' dir='ltr'>ἆπασαν</span> <span class='ocrx_word' id='word_1_309' title='bbox 1020 3736 1142 3790; x_wconf 85' lang='grc' dir='ltr'>καθ’</span> <span class='ocrx_word' id='word_1_310' title='bbox 1184 3739 1444 3807; x_wconf 82' lang='grc' dir='ltr'>ἱστορίαν,</span> <span class='ocrx_word' id='word_1_311' title='bbox 1486 3737 1690 3806; x_wconf 79' lang='grc' dir='ltr'>ἦκατά</span> <span class='ocrx_word' id='word_1_312' title='bbox 1713 3740 2041 3809; x_wconf 85' lang='grc' dir='ltr'>ἀναγωγήν;</span> 
     </span>
    </p>
   </div>
   <div class='ocr_carea' id='block_1_41' title="bbox 478 3820 2041 3896">
    <p class='ocr_par' dir='ltr' id='par_1_41' title="bbox 478 3820 2041 3896">
     <span class='ocr_line' id='line_1_41' title="bbox 478 3820 2041 3896; baseline 0.003 -21"><span class='ocrx_word' id='word_1_313' title='bbox 478 3822 619 3892; x_wconf 83' lang='grc' dir='ltr'>Ἐγὼ</span> <span class='ocrx_word' id='word_1_314' title='bbox 644 3824 741 3893; x_wconf 84' lang='grc' dir='ltr'>μὲν</span> <span class='ocrx_word' id='word_1_315' title='bbox 778 3820 871 3877; x_wconf 89' lang='grc' dir='ltr'>οῦν</span> <span class='ocrx_word' id='word_1_316' title='bbox 900 3823 1187 3895; x_wconf 85' lang='grc' dir='ltr'>ἀμφότερα</span> <span class='ocrx_word' id='word_1_317' title='bbox 1210 3824 1320 3895; x_wconf 80' lang='grc' dir='ltr'>ἐρῶ</span> <span class='ocrx_word' id='word_1_318' title='bbox 1340 3841 1353 3854; x_wconf 90' lang='grc'><strong>·</strong></span> <span class='ocrx_word' id='word_1_319' title='bbox 1383 3826 1539 3893; x_wconf 85' lang='grc' dir='ltr'>ὑμεῖς</span> <span class='ocrx_word' id='word_1_320' title='bbox 1580 3824 1637 3877; x_wconf 91' lang='lat'>66</span> <span class='ocrx_word' id='word_1_321' title='bbox 1666 3827 1943 3896; x_wconf 84' lang='grc' dir='ltr'>κατέχετε.</span> <span class='ocrx_word' id='word_1_322' title='bbox 1968 3828 2041 3881; x_wconf 88' lang='grc' dir='ltr'>Οὐ</span> 
     </span>
    </p>
   </div>
   <div class='ocr_carea' id='block_1_42' title="bbox 464 3911 2039 3984">
    <p class='ocr_par' dir='ltr' id='par_1_42' title="bbox 464 3911 2039 3984">
     <span class='ocr_line' id='line_1_42' title="bbox 464 3911 2039 3984; baseline 0.002 -20"><span class='ocrx_word' id='word_1_323' title='bbox 464 3912 574 3982; x_wconf 86' lang='grc' dir='ltr'>γὰρ</span> <span class='ocrx_word' id='word_1_324' title='bbox 618 3911 821 3976; x_wconf 85' lang='grc' dir='ltr'>ἁπλῶς,</span> <span class='ocrx_word' id='word_1_325' title='bbox 854 3912 941 3964; x_wconf 80' lang='grc' dir='ltr'>ἵνα</span> <span class='ocrx_word' id='word_1_326' title='bbox 983 3912 1142 3982; x_wconf 90' lang='grc' dir='ltr'>μόνον</span> <span class='ocrx_word' id='word_1_327' title='bbox 1190 3913 1328 3964; x_wconf 83' lang='grc' dir='ltr'>εῐπω</span> <span class='ocrx_word' id='word_1_328' title='bbox 1366 3913 1463 3982; x_wconf 81' lang='grc' dir='ltr'>τὴν</span> <span class='ocrx_word' id='word_1_329' title='bbox 1496 3912 1670 3978; x_wconf 83' lang='grc' dir='ltr'>λύσιν,</span> <span class='ocrx_word' id='word_1_330' title='bbox 1708 3914 1964 3984; x_wconf 85' lang='grc' dir='ltr'>ποιοῦμαι</span> <span class='ocrx_word' id='word_1_331' title='bbox 1990 3928 2039 3979; x_wconf 77' lang='grc' dir='ltr'>ει,</span> 
     </span>
    </p>
   </div>
   <div class='ocr_carea' id='block_1_43' title="bbox 465 4000 2041 4077">
    <p class='ocr_par' dir='ltr' id='par_1_43' title="bbox 465 4000 2041 4077">
     <span class='ocr_line' id='line_1_43' title="bbox 465 4000 2041 4077; baseline 0.001 -22"><span class='ocrx_word' id='word_1_332' title='bbox 465 4000 707 4055; x_wconf 53' lang='grc' dir='ltr'>ἀλλλ-ἴνα</span> <span class='ocrx_word' id='word_1_333' title='bbox 743 4003 838 4054; x_wconf 83' lang='grc' dir='ltr'>καί</span> <span class='ocrx_word' id='word_1_334' title='bbox 869 4001 1027 4072; x_wconf 82' lang='grc' dir='ltr'>ἔργον</span> <span class='ocrx_word' id='word_1_335' title='bbox 1070 4002 1127 4055; x_wconf 87' lang='grc' dir='ltr'>ἐν</span> <span class='ocrx_word' id='word_1_336' title='bbox 1157 4002 1287 4071; x_wconf 86' lang='grc' dir='ltr'>ύμῖν</span> <span class='ocrx_word' id='word_1_337' title='bbox 1322 4002 1546 4071; x_wconf 79' lang='grc' dir='ltr'>γένηται</span> <span class='ocrx_word' id='word_1_338' title='bbox 1573 4003 1643 4057; x_wconf 82' lang='grc' dir='ltr'>τὰ</span> <span class='ocrx_word' id='word_1_339' title='bbox 1669 4004 1914 4076; x_wconf 84' lang='grc' dir='ltr'>ἡμέτερα</span> <span class='ocrx_word' id='word_1_340' title='bbox 1942 4007 2041 4077; x_wconf 82' lang='grc' dir='ltr'>ῥή-</span> 
     </span>
    </p>
   </div>
   <div class='ocr_carea' id='block_1_44' title="bbox 468 4086 2042 4161">
    <p class='ocr_par' dir='ltr' id='par_1_44' title="bbox 468 4086 2042 4161">
     <span class='ocr_line' id='line_1_44' title="bbox 468 4086 2042 4161; baseline 0.003 -17"><span class='ocrx_word' id='word_1_341' title='bbox 468 4107 635 4161; x_wconf 90' lang='grc' dir='ltr'>ματα.</span> <span class='ocrx_word' id='word_1_342' title='bbox 670 4086 884 4153; x_wconf 81' lang='grc' dir='ltr'>Ἦσαν,</span> <span class='ocrx_word' id='word_1_343' title='bbox 917 4089 1103 4160; x_wconf 80' lang='grc' dir='ltr'>φησὶν,</span> <span class='ocrx_word' id='word_1_344' title='bbox 1129 4089 1443 4159; x_wconf 74' lang='grc' dir='ltr'>ἐζωσμένοι</span> <span class='ocrx_word' id='word_1_345' title='bbox 1464 4130 1478 4153; x_wconf 92' lang='grc'>,</span> <span class='ocrx_word' id='word_1_346' title='bbox 1514 4092 1613 4145; x_wconf 81' lang='grc' dir='ltr'>καί</span> <span class='ocrx_word' id='word_1_347' title='bbox 1644 4097 1701 4146; x_wconf 79' lang='grc' dir='ltr'>αι</span> <span class='ocrx_word' id='word_1_348' title='bbox 1723 4094 2042 4161; x_wconf 79' lang='grc' dir='ltr'>βακτηρίαι</span> 
     </span>
    </p>
   </div>
   <div class='ocr_carea' id='block_1_45' title="bbox 462 4178 2044 4249">
    <p class='ocr_par' dir='ltr' id='par_1_45' title="bbox 462 4178 2044 4249">
     <span class='ocr_line' id='line_1_45' title="bbox 462 4178 2044 4249; baseline 0 -18"><span class='ocrx_word' id='word_1_349' title='bbox 462 4178 664 4233; x_wconf 77' lang='grc' dir='ltr'>αὐτῶν</span> <span class='ocrx_word' id='word_1_350' title='bbox 701 4178 772 4231; x_wconf 84' lang='grc' dir='ltr'>ἐν</span> <span class='ocrx_word' id='word_1_351' title='bbox 815 4178 945 4243; x_wconf 82' lang='grc' dir='ltr'>ταῖς</span> <span class='ocrx_word' id='word_1_352' title='bbox 970 4183 1163 4247; x_wconf 80' lang='grc' dir='ltr'>χερσὶ,</span> <span class='ocrx_word' id='word_1_353' title='bbox 1210 4179 1311 4232; x_wconf 80' lang='grc' dir='ltr'>καὶ</span> <span class='ocrx_word' id='word_1_354' title='bbox 1353 4179 1424 4232; x_wconf 85' lang='grc' dir='ltr'>τὰ</span> <span class='ocrx_word' id='word_1_355' title='bbox 1457 4180 1803 4249; x_wconf 78' lang='grc' dir='ltr'>ὑποδήματα</span> <span class='ocrx_word' id='word_1_356' title='bbox 1826 4182 1894 4233; x_wconf 83' lang='grc' dir='ltr'>ἐν</span> <span class='ocrx_word' id='word_1_357' title='bbox 1921 4183 2044 4248; x_wconf 79' lang='grc' dir='ltr'>τοῖς</span> 
     </span>
    </p>
   </div>
   <div class='ocr_carea' id='block_1_46' title="bbox 462 4266 2041 4340">
    <p class='ocr_par' dir='ltr' id='par_1_46' title="bbox 462 4266 2041 4340">
     <span class='ocr_line' id='line_1_46' title="bbox 462 4266 2041 4340; baseline 0.002 -21"><span class='ocrx_word' id='word_1_358' title='bbox 462 4266 633 4330; x_wconf 65' lang='grc' dir='ltr'>στοσί,</span> <span class='ocrx_word' id='word_1_359' title='bbox 652 4267 751 4320; x_wconf 82' lang='grc' dir='ltr'>καί</span> <span class='ocrx_word' id='word_1_360' title='bbox 777 4266 967 4332; x_wconf 79' lang='grc' dir='ltr'>οὕτως</span> <span class='ocrx_word' id='word_1_361' title='bbox 988 4266 1207 4335; x_wconf 83' lang='grc' dir='ltr'>ἤσθιον</span> <span class='ocrx_word' id='word_1_362' title='bbox 1230 4267 1298 4319; x_wconf 83' lang='grc' dir='ltr'>τὸ</span> <span class='ocrx_word' id='word_1_363' title='bbox 1311 4266 1539 4335; x_wconf 83' lang='grc' dir='ltr'>πάσχα.</span> <span class='ocrx_word' id='word_1_364' title='bbox 1554 4269 1759 4340; x_wconf 82' lang='grc' dir='ltr'>Φρικτά</span> <span class='ocrx_word' id='word_1_365' title='bbox 1773 4269 1863 4322; x_wconf 79' lang='grc' dir='ltr'>καὶ</span> <span class='ocrx_word' id='word_1_366' title='bbox 1880 4269 2041 4337; x_wconf 90' lang='grc' dir='ltr'>φοϐε-</span> 
     </span>
    </p>
   </div>
   <div class='ocr_carea' id='block_1_47' title="bbox 467 4350 2042 4425">
    <p class='ocr_par' dir='ltr' id='par_1_47' title="bbox 467 4350 2042 4425">
     <span class='ocr_line' id='line_1_47' title="bbox 467 4350 2042 4425; baseline 0.001 -18"><span class='ocrx_word' id='word_1_367' title='bbox 467 4354 537 4420; x_wconf 88' lang='grc' dir='ltr'>ρά</span> <span class='ocrx_word' id='word_1_368' title='bbox 562 4352 631 4405; x_wconf 89' lang='grc' dir='ltr'>τά</span> <span class='ocrx_word' id='word_1_369' title='bbox 659 4354 951 4424; x_wconf 85' lang='grc' dir='ltr'>μυστήρια,</span> <span class='ocrx_word' id='word_1_370' title='bbox 984 4354 1080 4406; x_wconf 72' lang='grc' dir='ltr'>καὶ</span> <span class='ocrx_word' id='word_1_371' title='bbox 1115 4354 1250 4407; x_wconf 88' lang='grc' dir='ltr'>πολύ</span> <span class='ocrx_word' id='word_1_372' title='bbox 1284 4354 1345 4406; x_wconf 89' lang='grc' dir='ltr'>τὸ</span> <span class='ocrx_word' id='word_1_373' title='bbox 1372 4354 1534 4423; x_wconf 83' lang='grc' dir='ltr'>βάθος</span> <span class='ocrx_word' id='word_1_374' title='bbox 1567 4356 1779 4425; x_wconf 81' lang='grc' dir='ltr'>έχοντα.</span> <span class='ocrx_word' id='word_1_375' title='bbox 1810 4350 1874 4410; x_wconf 86' lang='grc' dir='ltr'>Εἰ</span> <span class='ocrx_word' id='word_1_376' title='bbox 1902 4358 1959 4410; x_wconf 80' lang='grc' dir='ltr'>δὲ</span> <span class='ocrx_word' id='word_1_377' title='bbox 1984 4360 2042 4409; x_wconf 86' lang='grc' dir='ltr'>ἐν</span> 
     </span>
    </p>
   </div>
   <div class='ocr_carea' id='block_1_48' title="bbox 462 4440 2039 4516">
    <p class='ocr_par' dir='ltr' id='par_1_48' title="bbox 462 4440 2039 4516">
     <span class='ocr_line' id='line_1_48' title="bbox 462 4440 2039 4516; baseline 0.004 -23"><span class='ocrx_word' id='word_1_378' title='bbox 462 4444 578 4503; x_wconf 87' lang='grc' dir='ltr'>τοῖς</span> <span class='ocrx_word' id='word_1_379' title='bbox 590 4440 780 4504; x_wconf 89' lang='grc' dir='ltr'>τύποις</span> <span class='ocrx_word' id='word_1_380' title='bbox 796 4440 938 4493; x_wconf 85' lang='grc' dir='ltr'>οὓτω</span> <span class='ocrx_word' id='word_1_381' title='bbox 958 4441 1087 4509; x_wconf 86' lang='grc' dir='ltr'>φοϐε</span> <span class='ocrx_word' id='word_1_382' title='bbox 1098 4442 1185 4511; x_wconf 82' lang='grc' dir='ltr'>ρὰ,</span> <span class='ocrx_word' id='word_1_383' title='bbox 1215 4440 1394 4511; x_wconf 87' lang='grc' dir='ltr'>πολλῷ</span> <span class='ocrx_word' id='word_1_384' title='bbox 1414 4441 1613 4512; x_wconf 81' lang='grc' dir='ltr'>μᾶλλον</span> <span class='ocrx_word' id='word_1_385' title='bbox 1636 4445 1693 4497; x_wconf 90' lang='grc' dir='ltr'>ἐν</span> <span class='ocrx_word' id='word_1_386' title='bbox 1708 4445 1773 4514; x_wconf 83' lang='grc' dir='ltr'>τῇ</span> <span class='ocrx_word' id='word_1_387' title='bbox 1794 4444 2039 4516; x_wconf 73' lang='grc' dir='ltr'>ἀληθείᾳ.</span> 
     </span>
    </p>
   </div>
   <div class='ocr_carea' id='block_1_49' title="bbox 477 4527 2044 4601">
    <p class='ocr_par' dir='ltr' id='par_1_49' title="bbox 477 4527 2044 4601">
     <span class='ocr_line' id='line_1_49' title="bbox 477 4527 2044 4601; baseline 0.002 -20"><span class='ocrx_word' id='word_1_388' title='bbox 477 4528 568 4593; x_wconf 84' lang='grc' dir='ltr'>Ἐξ</span> <span class='ocrx_word' id='word_1_389' title='bbox 600 4529 872 4597; x_wconf 84' lang='grc' dir='ltr'>Αἰγύπτου</span> <span class='ocrx_word' id='word_1_390' title='bbox 900 4527 1231 4600; x_wconf 76' lang='grc' dir='ltr'>ἐξέρχονται,</span> <span class='ocrx_word' id='word_1_391' title='bbox 1262 4528 1323 4581; x_wconf 87' lang='grc' dir='ltr'>τὸ</span> <span class='ocrx_word' id='word_1_392' title='bbox 1350 4533 1535 4600; x_wconf 85' lang='grc' dir='ltr'>πάσχα</span> <span class='ocrx_word' id='word_1_393' title='bbox 1572 4528 1827 4583; x_wconf 84' lang='grc' dir='ltr'>ἐσθίουσι.</span> <span class='ocrx_word' id='word_1_394' title='bbox 1868 4532 2044 4601; x_wconf 83' lang='grc' dir='ltr'>Πρόσ-</span> 
     </span>
    </p>
   </div>
   <div class='ocr_carea' id='block_1_50' title="bbox 463 4615 2044 4689">
    <p class='ocr_par' dir='ltr' id='par_1_50' title="bbox 463 4615 2044 4689">
     <span class='ocr_line' id='line_1_50' title="bbox 463 4615 2044 4689; baseline 0.002 -21"><span class='ocrx_word' id='word_1_395' title='bbox 463 4632 580 4685; x_wconf 86' lang='grc' dir='ltr'>εχε,</span> <span class='ocrx_word' id='word_1_396' title='bbox 619 4615 679 4668; x_wconf 91' lang='grc' dir='ltr'>τὸ</span> <span class='ocrx_word' id='word_1_397' title='bbox 720 4616 905 4686; x_wconf 83' lang='grc' dir='ltr'>σχῆμα</span> <span class='ocrx_word' id='word_1_398' title='bbox 940 4615 1363 4686; x_wconf 82' lang='grc' dir='ltr'>ὁδοιπορούντων</span> <span class='ocrx_word' id='word_1_399' title='bbox 1410 4615 1524 4668; x_wconf 83' lang='grc' dir='ltr'>ἐστί</span> <span class='ocrx_word' id='word_1_400' title='bbox 1548 4634 1561 4648; x_wconf 72' lang='grc' dir='ltr'><strong>ο</strong></span> <span class='ocrx_word' id='word_1_401' title='bbox 1598 4616 1656 4669; x_wconf 91' lang='grc' dir='ltr'>τὸ</span> <span class='ocrx_word' id='word_1_402' title='bbox 1693 4616 1800 4689; x_wconf 83' lang='grc' dir='ltr'>γὰρ</span> <span class='ocrx_word' id='word_1_403' title='bbox 1848 4619 2044 4689; x_wconf 84' lang='grc' dir='ltr'>ὑποδή-</span> 
     </span>
    </p>
   </div>
   <div class='ocr_carea' id='block_1_51' title="bbox 467 4702 2043 4774">
    <p class='ocr_par' dir='ltr' id='par_1_51' title="bbox 467 4702 2043 4774">
     <span class='ocr_line' id='line_1_51' title="bbox 467 4702 2043 4774; baseline 0.003 -20"><span class='ocrx_word' id='word_1_404' title='bbox 467 4719 613 4773; x_wconf 86' lang='grc' dir='ltr'>ματα</span> <span class='ocrx_word' id='word_1_405' title='bbox 641 4702 803 4772; x_wconf 72' lang='grc' dir='ltr'>ἔχειν,</span> <span class='ocrx_word' id='word_1_406' title='bbox 838 4704 933 4756; x_wconf 84' lang='grc' dir='ltr'>καί</span> <span class='ocrx_word' id='word_1_407' title='bbox 963 4703 1188 4773; x_wconf 78' lang='grc' dir='ltr'>ῥάϐδους</span> <span class='ocrx_word' id='word_1_408' title='bbox 1226 4706 1283 4755; x_wconf 91' lang='grc' dir='ltr'>ἐν</span> <span class='ocrx_word' id='word_1_409' title='bbox 1313 4707 1429 4766; x_wconf 90' lang='grc' dir='ltr'>ταῖς</span> <span class='ocrx_word' id='word_1_410' title='bbox 1457 4704 1647 4774; x_wconf 75' lang='grc' dir='ltr'>χερσὶ,</span> <span class='ocrx_word' id='word_1_411' title='bbox 1679 4706 1775 4758; x_wconf 80' lang='grc' dir='ltr'>καί</span> <span class='ocrx_word' id='word_1_412' title='bbox 1804 4707 2043 4770; x_wconf 81' lang='grc' dir='ltr'>ἑστῶτας</span> 
     </span>
    </p>
   </div>
   <div class='ocr_carea' id='block_1_52' title="bbox 464 4789 2042 4864">
    <p class='ocr_par' dir='ltr' id='par_1_52' title="bbox 464 4789 2042 4864">
     <span class='ocr_line' id='line_1_52' title="bbox 464 4789 2042 4864; baseline 0.003 -23"><span class='ocrx_word' id='word_1_413' title='bbox 464 4790 689 4854; x_wconf 86' lang='grc' dir='ltr'>ἐσθίειν,</span> <span class='ocrx_word' id='word_1_414' title='bbox 712 4790 864 4843; x_wconf 83' lang='grc' dir='ltr'>οὐδὲν</span> <span class='ocrx_word' id='word_1_415' title='bbox 882 4790 1066 4860; x_wconf 72' lang='grc' dir='ltr'>ἕτερον</span> <span class='ocrx_word' id='word_1_416' title='bbox 1083 4790 1115 4860; x_wconf 81' lang='grc' dir='ltr'>ἡ</span> <span class='ocrx_word' id='word_1_417' title='bbox 1133 4789 1289 4843; x_wconf 88' lang='grc' dir='ltr'>τοῦτο</span> <span class='ocrx_word' id='word_1_418' title='bbox 1308 4789 1472 4860; x_wconf 88' lang='grc' dir='ltr'>δηλοῖ.</span> <span class='ocrx_word' id='word_1_419' title='bbox 1502 4791 1763 4844; x_wconf 87' lang='grc' dir='ltr'>Βούλεσθε</span> <span class='ocrx_word' id='word_1_420' title='bbox 1780 4792 1877 4864; x_wconf 81' lang='grc' dir='ltr'>τὴν</span> <span class='ocrx_word' id='word_1_421' title='bbox 1902 4795 2042 4847; x_wconf 81' lang='grc' dir='ltr'>ἱστο-</span> 
     </span>
    </p>
   </div>
   <div class='ocr_carea' id='block_1_53' title="bbox 468 4878 2042 4953">
    <p class='ocr_par' dir='ltr' id='par_1_53' title="bbox 468 4878 2042 4953">
     <span class='ocr_line' id='line_1_53' title="bbox 468 4878 2042 4953; baseline 0.003 -24"><span class='ocrx_word' id='word_1_422' title='bbox 468 4878 593 4949; x_wconf 73' lang='grc' dir='ltr'>ρίαν</span> <span class='ocrx_word' id='word_1_423' title='bbox 607 4878 835 4931; x_wconf 88' lang='grc' dir='ltr'>ἀκοῦσαι</span> <span class='ocrx_word' id='word_1_424' title='bbox 858 4878 1093 4948; x_wconf 88' lang='grc' dir='ltr'>πρῶτον,</span> <span class='ocrx_word' id='word_1_425' title='bbox 1124 4878 1155 4948; x_wconf 83' lang='grc' dir='ltr'>ἢ</span> <span class='ocrx_word' id='word_1_426' title='bbox 1185 4880 1282 4948; x_wconf 81' lang='grc' dir='ltr'>τὴν</span> <span class='ocrx_word' id='word_1_427' title='bbox 1305 4880 1631 4950; x_wconf 85' lang='grc' dir='ltr'>ἀναγωγήν;</span> <span class='ocrx_word' id='word_1_428' title='bbox 1661 4880 1771 4951; x_wconf 86' lang='grc' dir='ltr'>Τὴν</span> <span class='ocrx_word' id='word_1_429' title='bbox 1802 4883 2042 4953; x_wconf 84' lang='grc' dir='ltr'>ἱστορίαν</span> 
     </span>
    </p>
   </div>
   <div class='ocr_carea' id='block_1_54' title="bbox 462 4964 2043 5043">
    <p class='ocr_par' dir='ltr' id='par_1_54' title="bbox 462 4964 2043 5043">
     <span class='ocr_line' id='line_1_54' title="bbox 462 4964 2043 5043; baseline 0.003 -23"><span class='ocrx_word' id='word_1_430' title='bbox 462 4967 706 5037; x_wconf 79' lang='grc' dir='ltr'>ἄμεινον.</span> <span class='ocrx_word' id='word_1_431' title='bbox 725 4966 789 5018; x_wconf 88' lang='grc' dir='ltr'>Τί</span> <span class='ocrx_word' id='word_1_432' title='bbox 814 4964 907 5020; x_wconf 81' lang='grc' dir='ltr'>οὖν</span> <span class='ocrx_word' id='word_1_433' title='bbox 932 4970 965 5038; x_wconf 87' lang='grc' dir='ltr'>ἡ</span> <span class='ocrx_word' id='word_1_434' title='bbox 988 4970 1197 5037; x_wconf 77' lang='grc' dir='ltr'>ἱστορία</span> <span class='ocrx_word' id='word_1_435' title='bbox 1224 4967 1502 5037; x_wconf 81' lang='grc' dir='ltr'>βούλεται;</span> <span class='ocrx_word' id='word_1_436' title='bbox 1540 4970 1877 5040; x_wconf 88' lang='grc' dir='ltr'>Ἀγνώμονες</span> <span class='ocrx_word' id='word_1_437' title='bbox 1903 4968 2043 5043; x_wconf 82' lang='grc' dir='ltr'>ἦσαν</span> 
     </span>
    </p>
   </div>
   <div class='ocr_carea' id='block_1_55' title="bbox 463 5055 2044 5127">
    <p class='ocr_par' dir='ltr' id='par_1_55' title="bbox 463 5055 2044 5127">
     <span class='ocr_line' id='line_1_55' title="bbox 463 5055 2044 5127; baseline 0.003 -18"><span class='ocrx_word' id='word_1_438' title='bbox 463 5056 517 5109; x_wconf 76' lang='grc' dir='ltr'>οἱ</span> <span class='ocrx_word' id='word_1_439' title='bbox 564 5055 833 5122; x_wconf 85' lang='grc' dir='ltr'>Ἰουδαῖοι,</span> <span class='ocrx_word' id='word_1_440' title='bbox 887 5059 980 5111; x_wconf 70' lang='grc' dir='ltr'>καὶ</span> <span class='ocrx_word' id='word_1_441' title='bbox 1020 5058 1255 5127; x_wconf 86' lang='grc' dir='ltr'>συνεχῶς</span> <span class='ocrx_word' id='word_1_442' title='bbox 1314 5058 1408 5110; x_wconf 86' lang='grc' dir='ltr'>τοῦ</span> <span class='ocrx_word' id='word_1_443' title='bbox 1448 5056 1582 5110; x_wconf 85' lang='grc' dir='ltr'>Θεοῦ</span> <span class='ocrx_word' id='word_1_444' title='bbox 1621 5060 2044 5115; x_wconf 75' lang='grc' dir='ltr'>ἐπελανθάνοντο</span> 
     </span>
    </p>
   </div>
   <div class='ocr_carea' id='block_1_56' title="bbox 464 5132 2043 5220">
    <p class='ocr_par' dir='ltr' id='par_1_56' title="bbox 464 5132 2043 5220">
     <span class='ocr_line' id='line_1_56' title="bbox 464 5132 2043 5220; baseline 0.003 -23"><span class='ocrx_word' id='word_1_445' title='bbox 464 5143 573 5197; x_wconf 83' lang='grc' dir='ltr'>τῶν</span> <span class='ocrx_word' id='word_1_446' title='bbox 598 5132 942 5216; x_wconf 75' lang='grc' dir='ltr'>εὐεργεσιῶν.</span> <span class='ocrx_word' id='word_1_447' title='bbox 965 5147 1290 5217; x_wconf 77' lang='grc' dir='ltr'>Βουλόμενος</span> <span class='ocrx_word' id='word_1_448' title='bbox 1318 5143 1408 5200; x_wconf 76' lang='grc' dir='ltr'>οὖν</span> <span class='ocrx_word' id='word_1_449' title='bbox 1433 5148 1524 5200; x_wconf 86' lang='grc' dir='ltr'>καὶ</span> <span class='ocrx_word' id='word_1_450' title='bbox 1547 5148 1777 5211; x_wconf 86' lang='grc' dir='ltr'>ἄκοντας</span> <span class='ocrx_word' id='word_1_451' title='bbox 1800 5150 1877 5211; x_wconf 92' lang='grc' dir='ltr'>εἰς</span> <span class='ocrx_word' id='word_1_452' title='bbox 1908 5152 2043 5220; x_wconf 78' lang='grc' dir='ltr'>μνή-</span> 
     </span>
    </p>
   </div>
   <div class='ocr_carea' id='block_1_57' title="bbox 468 5235 2039 5308">
    <p class='ocr_par' dir='ltr' id='par_1_57' title="bbox 468 5235 2039 5308">
     <span class='ocr_line' id='line_1_57' title="bbox 468 5235 2039 5308; baseline 0.004 -24"><span class='ocrx_word' id='word_1_453' title='bbox 468 5251 577 5303; x_wconf 88' lang='grc' dir='ltr'>μην</span> <span class='ocrx_word' id='word_1_454' title='bbox 624 5235 803 5287; x_wconf 84' lang='grc' dir='ltr'>αὐτῶν</span> <span class='ocrx_word' id='word_1_455' title='bbox 834 5235 1107 5306; x_wconf 79' lang='grc' dir='ltr'>ἔρχεσθαι,</span> <span class='ocrx_word' id='word_1_456' title='bbox 1148 5239 1239 5289; x_wconf 88' lang='grc' dir='ltr'>τὸν</span> <span class='ocrx_word' id='word_1_457' title='bbox 1270 5240 1469 5306; x_wconf 87' lang='grc' dir='ltr'>τρόπον</span> <span class='ocrx_word' id='word_1_458' title='bbox 1512 5237 1611 5305; x_wconf 80' lang='grc' dir='ltr'>τῆς</span> <span class='ocrx_word' id='word_1_459' title='bbox 1648 5237 1901 5308; x_wconf 83' lang='grc' dir='ltr'>βρώσεως</span> <span class='ocrx_word' id='word_1_460' title='bbox 1947 5238 2039 5291; x_wconf 89' lang='grc' dir='ltr'>τοῦ</span> 
     </span>
    </p>
   </div>
   <div class='ocr_carea' id='block_1_58' title="bbox 466 5321 2042 5394">
    <p class='ocr_par' dir='ltr' id='par_1_58' title="bbox 466 5321 2042 5394">
     <span class='ocr_line' id='line_1_58' title="bbox 466 5321 2042 5394; baseline 0.003 -21"><span class='ocrx_word' id='word_1_461' title='bbox 466 5321 651 5391; x_wconf 84' lang='grc' dir='ltr'>πάσχα</span> <span class='ocrx_word' id='word_1_462' title='bbox 684 5322 871 5376; x_wconf 84' lang='grc' dir='ltr'>τοῦτον</span> <span class='ocrx_word' id='word_1_463' title='bbox 904 5326 1198 5394; x_wconf 89' lang='grc' dir='ltr'>νομοθετεῖ.</span> <span class='ocrx_word' id='word_1_464' title='bbox 1240 5325 1305 5376; x_wconf 91' lang='grc' dir='ltr'>Τί</span> <span class='ocrx_word' id='word_1_465' title='bbox 1352 5325 1583 5393; x_wconf 79' lang='grc' dir='ltr'>δήποτε;</span> <span class='ocrx_word' id='word_1_466' title='bbox 1612 5327 1731 5379; x_wconf 79' lang='grc' dir='ltr'>Ἵνα</span> <span class='ocrx_word' id='word_1_467' title='bbox 1757 5326 1877 5379; x_wconf 81' lang='grc' dir='ltr'>καθ’</span> <span class='ocrx_word' id='word_1_468' title='bbox 1912 5326 2042 5378; x_wconf 76' lang='grc' dir='ltr'>ἐκα-</span> 
     </span>
    </p>
   </div>
   <div class='ocr_carea' id='block_1_59' title="bbox 468 5411 2041 5489">
    <p class='ocr_par' dir='ltr' id='par_1_59' title="bbox 468 5411 2041 5489">
     <span class='ocr_line' id='line_1_59' title="bbox 468 5411 2041 5489; baseline 0.003 -28"><span class='ocrx_word' id='word_1_469' title='bbox 468 5423 591 5461; x_wconf 86' lang='grc' dir='ltr'>στον</span> <span class='ocrx_word' id='word_1_470' title='bbox 622 5411 808 5489; x_wconf 77' lang='grc' dir='ltr'>χρόνον</span> <span class='ocrx_word' id='word_1_471' title='bbox 845 5411 1055 5481; x_wconf 77' lang='grc' dir='ltr'>ἔχοντες</span> <span class='ocrx_word' id='word_1_472' title='bbox 1082 5414 1325 5484; x_wconf 86' lang='grc' dir='ltr'>ἀνάγκην</span> <span class='ocrx_word' id='word_1_473' title='bbox 1352 5414 1446 5483; x_wconf 82' lang='grc' dir='ltr'>τὴν</span> <span class='ocrx_word' id='word_1_474' title='bbox 1482 5414 1801 5484; x_wconf 76' lang='grc' dir='ltr'>νομοθεσίαν</span> <span class='ocrx_word' id='word_1_475' title='bbox 1835 5418 2041 5484; x_wconf 85' lang='grc' dir='ltr'>τηρεῖν,</span> 
     </span>
    </p>
   </div>
   <div class='ocr_carea' id='block_1_60' title="bbox 468 5498 2041 5571">
    <p class='ocr_par' dir='ltr' id='par_1_60' title="bbox 468 5498 2041 5571">
     <span class='ocr_line' id='line_1_60' title="bbox 468 5498 2041 5571; baseline 0.005 -24"><span class='ocrx_word' id='word_1_476' title='bbox 468 5498 882 5567; x_wconf 82' lang='grc' dir='ltr'>μνημονεύωσιν</span> <span class='ocrx_word' id='word_1_477' title='bbox 914 5500 1225 5569; x_wconf 82' lang='grc' dir='ltr'>ἀναγκαίως</span> <span class='ocrx_word' id='word_1_478' title='bbox 1260 5502 1353 5554; x_wconf 75' lang='grc' dir='ltr'>καὶ</span> <span class='ocrx_word' id='word_1_479' title='bbox 1401 5501 1495 5555; x_wconf 91' lang='grc' dir='ltr'>τοῦ</span> <span class='ocrx_word' id='word_1_480' title='bbox 1526 5501 1721 5564; x_wconf 79' lang='grc' dir='ltr'>αὐτοὺς</span> <span class='ocrx_word' id='word_1_481' title='bbox 1749 5501 2041 5571; x_wconf 78' lang='grc' dir='ltr'>ἐξαγαγόν-</span> 
     </span>
    </p>
   </div>
   <div class='ocr_carea' id='block_1_61' title="bbox 466 5654 2044 5778">
    <p class='ocr_par' dir='ltr' id='par_1_61' title="bbox 466 5654 2044 5778">
     <span class='ocr_line' id='line_1_61' title="bbox 466 5654 2044 5778; baseline 0.006 -72"><span class='ocrx_word' id='word_1_482' title='bbox 466 5665 559 5778; x_wconf 55' lang='lat' dir='ltr'>pa:</span> <span class='ocrx_word' id='word_1_483' title='bbox 580 5654 817 5711; x_wconf 62' lang='lat' dir='ltr'>Danaus:</span> <span class='ocrx_word' id='word_1_484' title='bbox 844 5662 992 5725; x_wconf 79' lang='lat' dir='ltr'>Legas</span> <span class='ocrx_word' id='word_1_485' title='bbox 1014 5660 1182 5714; x_wconf 76' lang='lat' dir='ltr'>melius</span> <span class='ocrx_word' id='word_1_486' title='bbox 1199 5664 1280 5711; x_wconf 86' lang='grc' dir='ltr'>τὸν</span> <span class='ocrx_word' id='word_1_487' title='bbox 1302 5664 1441 5724; x_wconf 86' lang='grc' dir='ltr'>λόγον</span> <span class='ocrx_word' id='word_1_488' title='bbox 1459 5664 1533 5715; x_wconf 75' lang='lat' dir='ltr'>vel</span> <span class='ocrx_word' id='word_1_489' title='bbox 1552 5666 1636 5723; x_wconf 76' lang='grc' dir='ltr'>τήν</span> <span class='ocrx_word' id='word_1_490' title='bbox 1658 5664 1857 5721; x_wconf 80' lang='grc' dir='ltr'>διάλεξιν</span> <span class='ocrx_word' id='word_1_491' title='bbox 1878 5665 2044 5715; x_wconf 83' lang='grc' dir='ltr'>ποιοῦ-</span> 
     </span>
    </p>
   </div>
   <div class='ocr_carea' id='block_1_62' title="bbox 1132 284 2999 361">
    <p class='ocr_par' dir='ltr' id='par_1_62' title="bbox 1132 284 2999 361">
     <span class='ocr_line' id='line_1_62' title="bbox 1132 284 2999 361; baseline -0.003 -8"><span class='ocrx_word' id='word_1_492' title='bbox 1132 295 1195 352; x_wconf 86' lang='lat' dir='ltr'>S.</span> <span class='ocrx_word' id='word_1_493' title='bbox 1231 291 1527 352; x_wconf 81' lang='lat' dir='ltr'>JOANNIS</span> <span class='ocrx_word' id='word_1_494' title='bbox 1560 284 2059 347; x_wconf 78' lang='lat' dir='ltr'>CHRYSUSTOMI</span> <span class='ocrx_word' id='word_1_495' title='bbox 2095 284 2417 342; x_wconf 81' lang='lat' dir='ltr'>ARCHIEP.</span> <span class='ocrx_word' id='word_1_496' title='bbox 2457 287 2999 361; x_wconf 81' lang='lat' dir='ltr'>CONSTANTINOP.</span> 
     </span>
    </p>
   </div>
   <div class='ocr_carea' id='block_1_63' title="bbox 3606 290 3709 347">
    <p class='ocr_par' dir='ltr' id='par_1_63' title="bbox 3606 290 3709 347">
     <span class='ocr_line' id='line_1_63' title="bbox 3606 290 3709 347; baseline -0.019 0"><span class='ocrx_word' id='word_1_497' title='bbox 3606 290 3709 347; x_wconf 73' lang='grc'>166</span> 
     </span>
    </p>
   </div>
   <div class='ocr_carea' id='block_1_64' title="bbox 2136 402 3709 477">
    <p class='ocr_par' dir='ltr' id='par_1_64' title="bbox 2136 402 3709 477">
     <span class='ocr_line' id='line_1_64' title="bbox 2136 402 3709 477; baseline 0.004 -24"><span class='ocrx_word' id='word_1_498' title='bbox 2136 416 2227 465; x_wconf 88' lang='grc' dir='ltr'>τος</span> <span class='ocrx_word' id='word_1_499' title='bbox 2265 402 2421 457; x_wconf 81' lang='grc' dir='ltr'>Θεοῦ.</span> <span class='ocrx_word' id='word_1_500' title='bbox 2466 406 2579 457; x_wconf 90' lang='grc' dir='ltr'>Οὐκ</span> <span class='ocrx_word' id='word_1_501' title='bbox 2621 406 2728 477; x_wconf 80' lang='grc' dir='ltr'>ἄρα</span> <span class='ocrx_word' id='word_1_502' title='bbox 2774 402 2867 460; x_wconf 82' lang='grc' dir='ltr'>οὖν</span> <span class='ocrx_word' id='word_1_503' title='bbox 2903 406 2981 477; x_wconf 84' lang='grc' dir='ltr'>τῷ</span> <span class='ocrx_word' id='word_1_504' title='bbox 3024 406 3197 477; x_wconf 84' lang='grc' dir='ltr'>χρόνῳ</span> <span class='ocrx_word' id='word_1_505' title='bbox 3232 405 3389 476; x_wconf 84' lang='grc' dir='ltr'>μόνον</span> <span class='ocrx_word' id='word_1_506' title='bbox 3414 405 3709 474; x_wconf 82' lang='grc' dir='ltr'>κατέδησεν</span> 
     </span>
    </p>
   </div>
   <div class='ocr_carea' id='block_1_65' title="bbox 2135 490 3711 563">
    <p class='ocr_par' dir='ltr' id='par_1_65' title="bbox 2135 490 3711 563">
     <span class='ocr_line' id='line_1_65' title="bbox 2135 490 3711 563; baseline 0.002 -20"><span class='ocrx_word' id='word_1_507' title='bbox 2135 490 2298 543; x_wconf 84' lang='grc' dir='ltr'>αὐτοῦ</span> <span class='ocrx_word' id='word_1_508' title='bbox 2322 492 2441 554; x_wconf 81' lang='grc' dir='ltr'>’τάς</span> <span class='ocrx_word' id='word_1_509' title='bbox 2483 492 2801 562; x_wconf 80' lang='grc' dir='ltr'>εὐεργεσίας</span> <span class='ocrx_word' id='word_1_510' title='bbox 2834 495 2863 546; x_wconf 92' lang='lat'>6</span> <span class='ocrx_word' id='word_1_511' title='bbox 2894 494 3045 556; x_wconf 86' lang='grc' dir='ltr'>Θεὸς,</span> <span class='ocrx_word' id='word_1_512' title='bbox 3083 492 3221 547; x_wconf 87' lang='grc' dir='ltr'>άλλά</span> <span class='ocrx_word' id='word_1_513' title='bbox 3242 493 3337 546; x_wconf 71' lang='grc' dir='ltr'>καὶ</span> <span class='ocrx_word' id='word_1_514' title='bbox 3362 492 3441 562; x_wconf 82' lang='grc' dir='ltr'>τῷ</span> <span class='ocrx_word' id='word_1_515' title='bbox 3469 494 3711 563; x_wconf 83' lang='grc' dir='ltr'>σχήματι</span> 
     </span>
    </p>
   </div>
   <div class='ocr_carea' id='block_1_66' title="bbox 2135 575 3711 651">
    <p class='ocr_par' dir='ltr' id='par_1_66' title="bbox 2135 575 3711 651">
     <span class='ocr_line' id='line_1_66' title="bbox 2135 575 3711 651; baseline 0.004 -24"><span class='ocrx_word' id='word_1_516' title='bbox 2135 575 2244 629; x_wconf 86' lang='grc' dir='ltr'>τῶν</span> <span class='ocrx_word' id='word_1_517' title='bbox 2272 578 2579 632; x_wconf 88' lang='grc' dir='ltr'>ἐσθιόντων.</span> <span class='ocrx_word' id='word_1_518' title='bbox 2611 579 2709 632; x_wconf 91' lang='grc' dir='ltr'>Διά</span> <span class='ocrx_word' id='word_1_519' title='bbox 2734 580 2892 633; x_wconf 87' lang='grc' dir='ltr'>τοῦτο</span> <span class='ocrx_word' id='word_1_520' title='bbox 2914 580 3022 651; x_wconf 84' lang='grc' dir='ltr'>γὰρ</span> <span class='ocrx_word' id='word_1_521' title='bbox 3050 579 3351 651; x_wconf 79' lang='grc' dir='ltr'>ἐζωσμένοι</span> <span class='ocrx_word' id='word_1_522' title='bbox 3381 581 3479 633; x_wconf 73' lang='grc' dir='ltr'>καὶ</span> <span class='ocrx_word' id='word_1_523' title='bbox 3515 579 3711 633; x_wconf 81' lang='grc' dir='ltr'>ὐποδε-</span> 
     </span>
    </p>
   </div>
   <div class='ocr_carea' id='block_1_67' title="bbox 2136 664 3713 740">
    <p class='ocr_par' dir='ltr' id='par_1_67' title="bbox 2136 664 3713 740">
     <span class='ocr_line' id='line_1_67' title="bbox 2136 664 3713 740; baseline 0.002 -24"><span class='ocrx_word' id='word_1_524' title='bbox 2136 664 2347 734; x_wconf 86' lang='grc' dir='ltr'>δεμένοι</span> <span class='ocrx_word' id='word_1_525' title='bbox 2370 666 2660 732; x_wconf 79' lang='grc' dir='ltr'>ἐσθίουσιν,</span> <span class='ocrx_word' id='word_1_526' title='bbox 2691 668 2779 720; x_wconf 79' lang='grc' dir='ltr'>ἵνα</span> <span class='ocrx_word' id='word_1_527' title='bbox 2806 668 3151 740; x_wconf 77' lang='grc' dir='ltr'>ἐρωτώμενοι</span> <span class='ocrx_word' id='word_1_528' title='bbox 3181 669 3429 736; x_wconf 85' lang='grc' dir='ltr'>λέγωσιν,</span> <span class='ocrx_word' id='word_1_529' title='bbox 3464 668 3547 719; x_wconf 82' lang='grc' dir='ltr'>ὅτι</span> <span class='ocrx_word' id='word_1_530' title='bbox 3569 667 3713 736; x_wconf 87' lang='grc' dir='ltr'>Πρὸς</span> 
     </span>
    </p>
   </div>
   <div class='ocr_carea' id='block_1_68' title="bbox 2136 752 3712 827">
    <p class='ocr_par' dir='ltr' id='par_1_68' title="bbox 2136 752 3712 827">
     <span class='ocr_line' id='line_1_68' title="bbox 2136 752 3712 827; baseline 0.003 -22"><span class='ocrx_word' id='word_1_531' title='bbox 2136 754 2441 824; x_wconf 78' lang='grc' dir='ltr'>ὁδοιπορίαν</span> <span class='ocrx_word' id='word_1_532' title='bbox 2485 752 2628 826; x_wconf 80' lang='grc' dir='ltr'>ἦμεν</span> <span class='ocrx_word' id='word_1_533' title='bbox 2670 757 2898 826; x_wconf 75' lang='grc' dir='ltr'>ἕτοιμοι,</span> <span class='ocrx_word' id='word_1_534' title='bbox 2922 758 3016 811; x_wconf 76' lang='grc' dir='ltr'>καὶ</span> <span class='ocrx_word' id='word_1_535' title='bbox 3038 758 3118 810; x_wconf 80' lang='grc' dir='ltr'>ὅτι</span> <span class='ocrx_word' id='word_1_536' title='bbox 3160 757 3485 827; x_wconf 83' lang='grc' dir='ltr'>Ἐμέλλομεν</span> <span class='ocrx_word' id='word_1_537' title='bbox 3511 756 3712 820; x_wconf 79' lang='grc' dir='ltr'>ἐξιέναι</span> 
     </span>
    </p>
   </div>
   <div class='ocr_carea' id='block_1_69' title="bbox 2138 843 3715 917">
    <p class='ocr_par' dir='ltr' id='par_1_69' title="bbox 2138 843 3715 917">
     <span class='ocr_line' id='line_1_69' title="bbox 2138 843 3715 917; baseline 0.003 -24"><span class='ocrx_word' id='word_1_538' title='bbox 2138 843 2203 895; x_wconf 88' lang='grc' dir='ltr'>ἐκ</span> <span class='ocrx_word' id='word_1_539' title='bbox 2222 843 2319 913; x_wconf 87' lang='grc' dir='ltr'>τῆς</span> <span class='ocrx_word' id='word_1_540' title='bbox 2359 845 2634 912; x_wconf 82' lang='grc' dir='ltr'>Αἰγύπτου</span> <span class='ocrx_word' id='word_1_541' title='bbox 2666 848 2758 899; x_wconf 67' lang='grc' dir='ltr'>ἐπὶ</span> <span class='ocrx_word' id='word_1_542' title='bbox 2778 847 2877 917; x_wconf 79' lang='grc' dir='ltr'>τὴν</span> <span class='ocrx_word' id='word_1_543' title='bbox 2907 849 3009 917; x_wconf 83' lang='grc' dir='ltr'>γῆν</span> <span class='ocrx_word' id='word_1_544' title='bbox 3038 847 3139 916; x_wconf 85' lang='grc' dir='ltr'>τῆς</span> <span class='ocrx_word' id='word_1_545' title='bbox 3165 847 3513 915; x_wconf 77' lang='grc' dir='ltr'>ἐπαγγελίας.</span> <span class='ocrx_word' id='word_1_546' title='bbox 3540 845 3715 899; x_wconf 86' lang='grc' dir='ltr'>Τοῦτο</span> 
     </span>
    </p>
   </div>
   <div class='ocr_carea' id='block_1_70' title="bbox 2141 930 3712 1007">
    <p class='ocr_par' dir='ltr' id='par_1_70' title="bbox 2141 930 3712 1007">
     <span class='ocr_line' id='line_1_70' title="bbox 2141 930 3712 1007; baseline 0.001 -24"><span class='ocrx_word' id='word_1_547' title='bbox 2141 930 2243 1001; x_wconf 82' lang='grc' dir='ltr'>μὲν</span> <span class='ocrx_word' id='word_1_548' title='bbox 2263 934 2291 984; x_wconf 93' lang='lat'>6</span> <span class='ocrx_word' id='word_1_549' title='bbox 2324 933 2445 986; x_wconf 82' lang='grc' dir='ltr'>καθ’</span> <span class='ocrx_word' id='word_1_550' title='bbox 2469 935 2710 1005; x_wconf 80' lang='grc' dir='ltr'>ἱστορίαν</span> <span class='ocrx_word' id='word_1_551' title='bbox 2740 937 2909 1000; x_wconf 88' lang='grc' dir='ltr'>τύπος</span> <span class='ocrx_word' id='word_1_552' title='bbox 2932 953 2947 969; x_wconf 88' lang='grc'><strong>·</strong></span> <span class='ocrx_word' id='word_1_553' title='bbox 2979 938 3012 1007; x_wconf 86' lang='grc' dir='ltr'>ἡ</span> <span class='ocrx_word' id='word_1_554' title='bbox 3047 937 3103 989; x_wconf 85' lang='grc' dir='ltr'>δέ</span> <span class='ocrx_word' id='word_1_555' title='bbox 3128 935 3379 1005; x_wconf 82' lang='grc' dir='ltr'>ἀλήθεια,</span> <span class='ocrx_word' id='word_1_556' title='bbox 3412 933 3573 1004; x_wconf 77' lang='grc' dir='ltr'>αὓτη.</span> <span class='ocrx_word' id='word_1_557' title='bbox 3600 932 3712 986; x_wconf 81' lang='grc' dir='ltr'>Καί</span> 
     </span>
    </p>
   </div>
   <div class='ocr_carea' id='block_1_71' title="bbox 2139 1019 3712 1094">
    <p class='ocr_par' dir='ltr' id='par_1_71' title="bbox 2139 1019 3712 1094">
     <span class='ocr_line' id='line_1_71' title="bbox 2139 1019 3712 1094; baseline 0.006 -24"><span class='ocrx_word' id='word_1_558' title='bbox 2139 1019 2297 1088; x_wconf 85' lang='grc' dir='ltr'>ἡμεῖς</span> <span class='ocrx_word' id='word_1_559' title='bbox 2331 1023 2580 1093; x_wconf 76' lang='grc' dir='ltr'>ἐσθίομεν</span> <span class='ocrx_word' id='word_1_560' title='bbox 2611 1027 2816 1094; x_wconf 88' lang='grc' dir='ltr'>πάσχα,</span> <span class='ocrx_word' id='word_1_561' title='bbox 2850 1026 2942 1078; x_wconf 87' lang='grc' dir='ltr'>τὸν</span> <span class='ocrx_word' id='word_1_562' title='bbox 2971 1024 3237 1094; x_wconf 82' lang='grc' dir='ltr'>Χριστόν·</span> <span class='ocrx_word' id='word_1_563' title='bbox 3283 1022 3353 1076; x_wconf 89' lang='grc' dir='ltr'>Τὸ</span> <span class='ocrx_word' id='word_1_564' title='bbox 3371 1021 3480 1091; x_wconf 55' lang='grc' dir='ltr'>γὰρ</span> <span class='ocrx_word' id='word_1_565' title='bbox 3503 1020 3712 1086; x_wconf 80' lang='grc' dir='ltr'>πάσχα</span> 
     </span>
    </p>
   </div>
   <div class='ocr_carea' id='block_1_72' title="bbox 2138 1105 3714 1182">
    <p class='ocr_par' dir='ltr' id='par_1_72' title="bbox 2138 1105 3714 1182">
     <span class='ocr_line' id='line_1_72' title="bbox 2138 1105 3714 1182; baseline 0 -24"><span class='ocrx_word' id='word_1_566' title='bbox 2138 1105 2308 1174; x_wconf 74' lang='grc' dir='ltr'>ἡμῶν</span> <span class='ocrx_word' id='word_1_567' title='bbox 2329 1108 2506 1177; x_wconf 82' lang='grc' dir='ltr'>ἐτύθη</span> <span class='ocrx_word' id='word_1_568' title='bbox 2537 1113 2810 1178; x_wconf 77' lang='grc' dir='ltr'>Χριστὸς,</span> <span class='ocrx_word' id='word_1_569' title='bbox 2842 1111 3024 1182; x_wconf 86' lang='grc' dir='ltr'>φησίν.</span> <span class='ocrx_word' id='word_1_570' title='bbox 3062 1113 3202 1181; x_wconf 81' lang='grc' dir='ltr'>Ἀρα</span> <span class='ocrx_word' id='word_1_571' title='bbox 3222 1112 3317 1163; x_wconf 76' lang='grc' dir='ltr'>καὶ</span> <span class='ocrx_word' id='word_1_572' title='bbox 3345 1112 3507 1179; x_wconf 90' lang='grc' dir='ltr'>ἡμεῖς</span> <span class='ocrx_word' id='word_1_573' title='bbox 3530 1107 3714 1175; x_wconf 87' lang='grc' dir='ltr'>πάσχα</span> 
     </span>
    </p>
   </div>
   <div class='ocr_carea' id='block_1_73' title="bbox 2141 1193 3715 1271">
    <p class='ocr_par' dir='ltr' id='par_1_73' title="bbox 2141 1193 3715 1271">
     <span class='ocr_line' id='line_1_73' title="bbox 2141 1193 3715 1271; baseline 0.002 -27"><span class='ocrx_word' id='word_1_574' title='bbox 2141 1193 2392 1265; x_wconf 79' lang='grc' dir='ltr'>ἐσθίομεν</span> <span class='ocrx_word' id='word_1_575' title='bbox 2417 1198 2551 1251; x_wconf 84' lang='grc' dir='ltr'>πολὺ</span> <span class='ocrx_word' id='word_1_576' title='bbox 2581 1200 2677 1253; x_wconf 91' lang='grc' dir='ltr'>τοῦ</span> <span class='ocrx_word' id='word_1_577' title='bbox 2698 1201 2923 1270; x_wconf 87' lang='grc' dir='ltr'>νομικοῦ</span> <span class='ocrx_word' id='word_1_578' title='bbox 2946 1203 3210 1271; x_wconf 88' lang='grc' dir='ltr'>κρεῖττον.</span> <span class='ocrx_word' id='word_1_579' title='bbox 3235 1198 3445 1252; x_wconf 78' lang='grc' dir='ltr'>Οὐκοῦν</span> <span class='ocrx_word' id='word_1_580' title='bbox 3465 1195 3560 1250; x_wconf 75' lang='grc' dir='ltr'>καὶ</span> <span class='ocrx_word' id='word_1_581' title='bbox 3582 1196 3715 1248; x_wconf 84' lang='grc' dir='ltr'>ὐπο-</span> 
     </span>
    </p>
   </div>
   <div class='ocr_carea' id='block_1_74' title="bbox 2140 1282 3713 1357">
    <p class='ocr_par' dir='ltr' id='par_1_74' title="bbox 2140 1282 3713 1357">
     <span class='ocr_line' id='line_1_74' title="bbox 2140 1282 3713 1357; baseline 0.001 -24"><span class='ocrx_word' id='word_1_582' title='bbox 2140 1282 2410 1353; x_wconf 82' lang='grc' dir='ltr'>δεδεμένοι</span> <span class='ocrx_word' id='word_1_583' title='bbox 2458 1288 2552 1339; x_wconf 78' lang='grc' dir='ltr'>καὶ</span> <span class='ocrx_word' id='word_1_584' title='bbox 2576 1286 2875 1357; x_wconf 79' lang='grc' dir='ltr'>ἐξωσμένοι</span> <span class='ocrx_word' id='word_1_585' title='bbox 2910 1288 3197 1357; x_wconf 81' lang='grc' dir='ltr'>ὀφείλομεν</span> <span class='ocrx_word' id='word_1_586' title='bbox 3229 1285 3450 1339; x_wconf 77' lang='grc' dir='ltr'>ἐσθίειν.</span> <span class='ocrx_word' id='word_1_587' title='bbox 3493 1282 3594 1337; x_wconf 88' lang='grc' dir='ltr'>Διά</span> <span class='ocrx_word' id='word_1_588' title='bbox 3621 1282 3713 1347; x_wconf 65' lang='lat'><em>16;</em></span> 
     </span>
    </p>
   </div>
   <div class='ocr_carea' id='block_1_75' title="bbox 2144 1367 3713 1445">
    <p class='ocr_par' dir='ltr' id='par_1_75' title="bbox 2144 1367 3713 1445">
     <span class='ocr_line' id='line_1_75' title="bbox 2144 1367 3713 1445; baseline 0.011 -24"><span class='ocrx_word' id='word_1_589' title='bbox 2144 1367 2262 1422; x_wconf 82' lang='grc' dir='ltr'>Ἵνα</span> <span class='ocrx_word' id='word_1_590' title='bbox 2298 1372 2393 1423; x_wconf 79' lang='grc' dir='ltr'>καί</span> <span class='ocrx_word' id='word_1_591' title='bbox 2420 1375 2579 1443; x_wconf 87' lang='grc' dir='ltr'>ἡμεῖς</span> <span class='ocrx_word' id='word_1_592' title='bbox 2618 1375 2822 1444; x_wconf 73' lang='grc' dir='ltr'>ἕτοιμοι</span> <span class='ocrx_word' id='word_1_593' title='bbox 2847 1369 2998 1445; x_wconf 82' lang='grc' dir='ltr'>ὦμεν</span> <span class='ocrx_word' id='word_1_594' title='bbox 3024 1375 3162 1445; x_wconf 84' lang='grc' dir='ltr'>πρὸς</span> <span class='ocrx_word' id='word_1_595' title='bbox 3198 1372 3298 1443; x_wconf 80' lang='grc' dir='ltr'>τὴν</span> <span class='ocrx_word' id='word_1_596' title='bbox 3341 1371 3539 1436; x_wconf 64' lang='grc' dir='ltr'>εξοδονν</span> <span class='ocrx_word' id='word_1_597' title='bbox 3576 1368 3713 1440; x_wconf 64' lang='grc' dir='ltr'>πρὸς</span> 
     </span>
    </p>
   </div>
   <div class='ocr_carea' id='block_1_76' title="bbox 2143 1455 3714 1533">
    <p class='ocr_par' dir='ltr' id='par_1_76' title="bbox 2143 1455 3714 1533">
     <span class='ocr_line' id='line_1_76' title="bbox 2143 1455 3714 1533; baseline 0.004 -26"><span class='ocrx_word' id='word_1_598' title='bbox 2143 1455 2290 1529; x_wconf 68' lang='grc' dir='ltr'>[17η</span> <span class='ocrx_word' id='word_1_599' title='bbox 2320 1459 2419 1529; x_wconf 76' lang='grc' dir='ltr'>τὴν</span> <span class='ocrx_word' id='word_1_600' title='bbox 2444 1460 2691 1515; x_wconf 82' lang='grc' dir='ltr'>ἐντεῦθεν</span> <span class='ocrx_word' id='word_1_601' title='bbox 2720 1463 3047 1533; x_wconf 86' lang='grc' dir='ltr'>ἀποδημίαν.</span> <span class='ocrx_word' id='word_1_602' title='bbox 3072 1461 3275 1532; x_wconf 79' lang='grc' dir='ltr'>Μηδεὶς</span> <span class='ocrx_word' id='word_1_603' title='bbox 3306 1460 3416 1513; x_wconf 89' lang='grc' dir='ltr'>τῶν</span> <span class='ocrx_word' id='word_1_604' title='bbox 3440 1460 3501 1512; x_wconf 88' lang='grc' dir='ltr'>τὸ</span> <span class='ocrx_word' id='word_1_605' title='bbox 3529 1457 3714 1526; x_wconf 81' lang='grc' dir='ltr'>πάσχα</span> 
     </span>
    </p>
   </div>
   <div class='ocr_carea' id='block_1_77' title="bbox 2140 1543 3715 1619">
    <p class='ocr_par' dir='ltr' id='par_1_77' title="bbox 2140 1543 3715 1619">
     <span class='ocr_line' id='line_1_77' title="bbox 2140 1543 3715 1619; baseline 0 -23"><span class='ocrx_word' id='word_1_606' title='bbox 2140 1543 2296 1597; x_wconf 87' lang='grc' dir='ltr'>τοῦτο</span> <span class='ocrx_word' id='word_1_607' title='bbox 2306 1546 2592 1601; x_wconf 85' lang='grc' dir='ltr'>ἐσθιόντων</span> <span class='ocrx_word' id='word_1_608' title='bbox 2608 1551 2744 1619; x_wconf 87' lang='grc' dir='ltr'>πρὸς</span> <span class='ocrx_word' id='word_1_609' title='bbox 2756 1551 3029 1618; x_wconf 81' lang='grc' dir='ltr'>Αἴγυπτον</span> <span class='ocrx_word' id='word_1_610' title='bbox 3044 1549 3306 1619; x_wconf 80' lang='grc' dir='ltr'>βλεπέτω,</span> <span class='ocrx_word' id='word_1_611' title='bbox 3324 1547 3460 1601; x_wconf 69' lang='grc' dir='ltr'>ἀλλὰ</span> <span class='ocrx_word' id='word_1_612' title='bbox 3477 1546 3611 1617; x_wconf 87' lang='grc' dir='ltr'>πρὸς</span> <span class='ocrx_word' id='word_1_613' title='bbox 3625 1543 3715 1597; x_wconf 85' lang='grc' dir='ltr'>τὸν</span> 
     </span>
    </p>
   </div>
   <div class='ocr_carea' id='block_1_78' title="bbox 2141 1631 3715 1709">
    <p class='ocr_par' dir='ltr' id='par_1_78' title="bbox 2141 1631 3715 1709">
     <span class='ocr_line' id='line_1_78' title="bbox 2141 1631 3715 1709; baseline 0.001 -25"><span class='ocrx_word' id='word_1_614' title='bbox 2141 1632 2388 1703; x_wconf 83' lang='grc' dir='ltr'>οὐρανὸν,</span> <span class='ocrx_word' id='word_1_615' title='bbox 2425 1636 2561 1705; x_wconf 86' lang='grc' dir='ltr'>πρὸς</span> <span class='ocrx_word' id='word_1_616' title='bbox 2586 1636 2683 1707; x_wconf 82' lang='grc' dir='ltr'>τὴν</span> <span class='ocrx_word' id='word_1_617' title='bbox 2709 1637 2821 1690; x_wconf 85' lang='grc' dir='ltr'>ἀνω</span> <span class='ocrx_word' id='word_1_618' title='bbox 2858 1637 3231 1709; x_wconf 84' lang='grc' dir='ltr'>Ἰερουσαλήμ.</span> <span class='ocrx_word' id='word_1_619' title='bbox 3277 1637 3375 1688; x_wconf 79' lang='grc' dir='ltr'>Διά</span> <span class='ocrx_word' id='word_1_620' title='bbox 3401 1632 3557 1687; x_wconf 86' lang='grc' dir='ltr'>τοῦτο</span> <span class='ocrx_word' id='word_1_621' title='bbox 3579 1631 3715 1695; x_wconf 75' lang='grc' dir='ltr'>ἐξω·</span> 
     </span>
    </p>
   </div>
   <div class='ocr_carea' id='block_1_79' title="bbox 2144 1719 3715 1795">
    <p class='ocr_par' dir='ltr' id='par_1_79' title="bbox 2144 1719 3715 1795">
     <span class='ocr_line' id='line_1_79' title="bbox 2144 1719 3715 1795; baseline 0.006 -25"><span class='ocrx_word' id='word_1_622' title='bbox 2144 1719 2357 1788; x_wconf 90' lang='grc' dir='ltr'>σμένος,</span> <span class='ocrx_word' id='word_1_623' title='bbox 2404 1722 2492 1775; x_wconf 89' lang='grc' dir='ltr'>διά</span> <span class='ocrx_word' id='word_1_624' title='bbox 2530 1723 2686 1777; x_wconf 90' lang='grc' dir='ltr'>τοῦτο</span> <span class='ocrx_word' id='word_1_625' title='bbox 2725 1724 3111 1795; x_wconf 80' lang='grc' dir='ltr'>ὑποδεδεμένος</span> <span class='ocrx_word' id='word_1_626' title='bbox 3148 1723 3369 1786; x_wconf 82' lang='grc' dir='ltr'>ἐσθίεις,</span> <span class='ocrx_word' id='word_1_627' title='bbox 3410 1722 3496 1774; x_wconf 81' lang='grc' dir='ltr'>ἵνα</span> <span class='ocrx_word' id='word_1_628' title='bbox 3537 1719 3715 1790; x_wconf 78' lang='grc' dir='ltr'>μάθῃς</span> 
     </span>
    </p>
   </div>
   <div class='ocr_carea' id='block_1_80' title="bbox 2142 1807 3714 1881">
    <p class='ocr_par' dir='ltr' id='par_1_80' title="bbox 2142 1807 3714 1881">
     <span class='ocr_line' id='line_1_80' title="bbox 2142 1807 3714 1881; baseline -0.001 -22"><span class='ocrx_word' id='word_1_629' title='bbox 2142 1807 2224 1859; x_wconf 84' lang='grc' dir='ltr'>ὅτι</span> <span class='ocrx_word' id='word_1_630' title='bbox 2253 1808 2369 1878; x_wconf 78' lang='grc' dir='ltr'>ἅμα</span> <span class='ocrx_word' id='word_1_631' title='bbox 2398 1809 2476 1880; x_wconf 88' lang='grc' dir='ltr'>τῷ</span> <span class='ocrx_word' id='word_1_632' title='bbox 2516 1811 2783 1881; x_wconf 79' lang='grc' dir='ltr'>ἄρξασθαι</span> <span class='ocrx_word' id='word_1_633' title='bbox 2825 1812 3023 1866; x_wconf 88' lang='grc' dir='ltr'>ἐσθίειν</span> <span class='ocrx_word' id='word_1_634' title='bbox 3069 1811 3129 1865; x_wconf 91' lang='grc' dir='ltr'>τὸ</span> <span class='ocrx_word' id='word_1_635' title='bbox 3158 1811 3378 1881; x_wconf 85' lang='grc' dir='ltr'>πάσχα,</span> <span class='ocrx_word' id='word_1_636' title='bbox 3413 1808 3714 1877; x_wconf 88' lang='grc' dir='ltr'>ἀποδημεῖν</span> 
     </span>
    </p>
   </div>
   <div class='ocr_carea' id='block_1_81' title="bbox 2143 1893 3714 1961">
    <p class='ocr_par' dir='ltr' id='par_1_81' title="bbox 2143 1893 3714 1961">
     <span class='ocr_line' id='line_1_81' title="bbox 2143 1893 3714 1961; baseline -0.004 -13"><span class='ocrx_word' id='word_1_637' title='bbox 2143 1894 2376 1961; x_wconf 80' lang='grc' dir='ltr'>ὀφείλεις</span> <span class='ocrx_word' id='word_1_638' title='bbox 2425 1898 2521 1951; x_wconf 78' lang='grc' dir='ltr'>καί</span> <span class='ocrx_word' id='word_1_639' title='bbox 2545 1898 2768 1953; x_wconf 87' lang='grc' dir='ltr'>ὁδεύειν.</span> <span class='ocrx_word' id='word_1_640' title='bbox 2807 1900 2914 1953; x_wconf 89' lang='grc' dir='ltr'>Δύο</span> <span class='ocrx_word' id='word_1_641' title='bbox 2954 1899 3012 1953; x_wconf 97' lang='lat'>66</span> <span class='ocrx_word' id='word_1_642' title='bbox 3044 1898 3364 1953; x_wconf 80' lang='grc' dir='ltr'>αἰνίττεται’</span> <span class='ocrx_word' id='word_1_643' title='bbox 3390 1896 3483 1950; x_wconf 72' lang='grc' dir='ltr'>καὶ</span> <span class='ocrx_word' id='word_1_644' title='bbox 3520 1894 3579 1947; x_wconf 89' lang='grc' dir='ltr'>τὸ</span> <span class='ocrx_word' id='word_1_645' title='bbox 3606 1893 3714 1945; x_wconf 83' lang='grc' dir='ltr'>δεῖν</span> 
     </span>
    </p>
   </div>
   <div class='ocr_carea' id='block_1_82' title="bbox 2150 1980 3715 2057">
    <p class='ocr_par' dir='ltr' id='par_1_82' title="bbox 2150 1980 3715 2057">
     <span class='ocr_line' id='line_1_82' title="bbox 2150 1980 3715 2057; baseline -0.001 -25"><span class='ocrx_word' id='word_1_646' title='bbox 2150 1981 2351 2045; x_wconf 84' lang='grc' dir='ltr'>ἐξιέναι</span> <span class='ocrx_word' id='word_1_647' title='bbox 2373 1984 2481 2037; x_wconf 88' lang='grc' dir='ltr'>ἀπὸ</span> <span class='ocrx_word' id='word_1_648' title='bbox 2503 1986 2798 2054; x_wconf 84' lang='grc' dir='ltr'>Αἰγύπτου,</span> <span class='ocrx_word' id='word_1_649' title='bbox 2822 1988 2918 2040; x_wconf 75' lang='grc' dir='ltr'>καὶ</span> <span class='ocrx_word' id='word_1_650' title='bbox 2950 1987 3011 2041; x_wconf 89' lang='grc' dir='ltr'>τὸ</span> <span class='ocrx_word' id='word_1_651' title='bbox 3045 1987 3322 2057; x_wconf 88' lang='grc' dir='ltr'>μένοντας,</span> <span class='ocrx_word' id='word_1_652' title='bbox 3348 1984 3423 2045; x_wconf 85' lang='grc' dir='ltr'>ὡς</span> <span class='ocrx_word' id='word_1_653' title='bbox 3452 1984 3529 2044; x_wconf 88' lang='grc' dir='ltr'>εἰς</span> <span class='ocrx_word' id='word_1_654' title='bbox 3562 1980 3715 2033; x_wconf 70' lang='grc' dir='ltr'>ἀλλο⁸</span> 
     </span>
    </p>
   </div>
   <div class='ocr_carea' id='block_1_83' title="bbox 2142 2069 3713 2144">
    <p class='ocr_par' dir='ltr' id='par_1_83' title="bbox 2142 2069 3713 2144">
     <span class='ocr_line' id='line_1_83' title="bbox 2142 2069 3713 2144; baseline -0.003 -23"><span class='ocrx_word' id='word_1_655' title='bbox 2142 2073 2299 2138; x_wconf 84' lang='grc' dir='ltr'>τρίαν</span> <span class='ocrx_word' id='word_1_656' title='bbox 2321 2069 2505 2124; x_wconf 83' lang='grc' dir='ltr'>λοιπὸν</span> <span class='ocrx_word' id='word_1_657' title='bbox 2530 2072 2735 2141; x_wconf 87' lang='grc' dir='ltr'>μένειν·</span> <span class='ocrx_word' id='word_1_658' title='bbox 2767 2073 2953 2144; x_wconf 80' lang='grc' dir='ltr'>Ἠμῶν</span> <span class='ocrx_word' id='word_1_659' title='bbox 2974 2076 3103 2143; x_wconf 74' lang='grc' dir='ltr'>γὰρ,</span> <span class='ocrx_word' id='word_1_660' title='bbox 3122 2072 3276 2143; x_wconf 78' lang='grc' dir='ltr'>φησί,</span> <span class='ocrx_word' id='word_1_661' title='bbox 3296 2070 3363 2124; x_wconf 80' lang='grc' dir='ltr'>τὸ</span> <span class='ocrx_word' id='word_1_662' title='bbox 3384 2069 3713 2135; x_wconf 73' lang='grc' dir='ltr'>πολίτευμα</span> 
     </span>
    </p>
   </div>
   <div class='ocr_carea' id='block_1_84' title="bbox 2143 2153 3714 2230">
    <p class='ocr_par' dir='ltr' id='par_1_84' title="bbox 2143 2153 3714 2230">
     <span class='ocr_line' id='line_1_84' title="bbox 2143 2153 3714 2230; baseline -0.002 -22"><span class='ocrx_word' id='word_1_663' title='bbox 2143 2156 2213 2208; x_wconf 82' lang='grc' dir='ltr'>ὲν</span> <span class='ocrx_word' id='word_1_664' title='bbox 2229 2158 2525 2225; x_wconf 82' lang='grc' dir='ltr'>οὐρανοῖς,</span> <span class='ocrx_word' id='word_1_665' title='bbox 2544 2160 2637 2212; x_wconf 80' lang='grc' dir='ltr'>καὶ</span> <span class='ocrx_word' id='word_1_666' title='bbox 2650 2160 2711 2213; x_wconf 90' lang='grc' dir='ltr'>τὸ</span> <span class='ocrx_word' id='word_1_667' title='bbox 2732 2162 2909 2214; x_wconf 90' lang='grc' dir='ltr'>πάντα</span> <span class='ocrx_word' id='word_1_668' title='bbox 2923 2163 3012 2214; x_wconf 88' lang='grc' dir='ltr'>τὸν</span> <span class='ocrx_word' id='word_1_669' title='bbox 3027 2161 3140 2230; x_wconf 91' lang='grc' dir='ltr'>βίον</span> <span class='ocrx_word' id='word_1_670' title='bbox 3151 2159 3238 2212; x_wconf 81' lang='grc' dir='ltr'>ἀεὶ</span> <span class='ocrx_word' id='word_1_671' title='bbox 3260 2153 3714 2227; x_wconf 78' lang='grc' dir='ltr'>ἑμπαρασκεύους</span> 
     </span>
    </p>
   </div>
   <div class='ocr_carea' id='block_1_85' title="bbox 2144 2239 3711 2320">
    <p class='ocr_par' dir='ltr' id='par_1_85' title="bbox 2144 2239 3711 2320">
     <span class='ocr_line' id='line_1_85' title="bbox 2144 2239 3711 2320; baseline -0.002 -25"><span class='ocrx_word' id='word_1_672' title='bbox 2144 2239 2301 2309; x_wconf 79' lang='grc' dir='ltr'>εἶναι,</span> <span class='ocrx_word' id='word_1_673' title='bbox 2323 2244 2463 2298; x_wconf 83' lang='grc' dir='ltr'>ὥστε</span> <span class='ocrx_word' id='word_1_674' title='bbox 2490 2248 2785 2317; x_wconf 88' lang='grc' dir='ltr'>κληθέντας</span> <span class='ocrx_word' id='word_1_675' title='bbox 2808 2248 2883 2320; x_wconf 86' lang='grc' dir='ltr'>μὴ</span> <span class='ocrx_word' id='word_1_676' title='bbox 2908 2247 3322 2311; x_wconf 86' lang='grc' dir='ltr'>ἀναϐάλλεσθαι,</span> <span class='ocrx_word' id='word_1_677' title='bbox 3354 2242 3488 2298; x_wconf 91' lang='grc' dir='ltr'>ἀλλά</span> <span class='ocrx_word' id='word_1_678' title='bbox 3510 2243 3711 2310; x_wconf 80' lang='grc' dir='ltr'>λέγειν’</span> 
     </span>
    </p>
   </div>
   <div class='ocr_carea' id='block_1_86' title="bbox 2156 2329 3716 2408">
    <p class='ocr_par' dir='ltr' id='par_1_86' title="bbox 2156 2329 3716 2408">
     <span class='ocr_line' id='line_1_86' title="bbox 2156 2329 3716 2408; baseline 0.004 -23"><span class='ocrx_word' id='word_1_679' title='bbox 2156 2330 2393 2402; x_wconf 63' lang='grc' dir='ltr'>Ἔτοᾲιη</span> <span class='ocrx_word' id='word_1_680' title='bbox 2421 2337 2457 2403; x_wconf 73' lang='lat'><em>1}</em></span> <span class='ocrx_word' id='word_1_681' title='bbox 2508 2337 2723 2405; x_wconf 79' lang='grc' dir='ltr'>καρδία</span> <span class='ocrx_word' id='word_1_682' title='bbox 2744 2336 2929 2408; x_wconf 79' lang='grc' dir='ltr'>ἡμῶν.</span> <span class='ocrx_word' id='word_1_683' title='bbox 2977 2336 3136 2390; x_wconf 89' lang='grc' dir='ltr'>Ἀλλά</span> <span class='ocrx_word' id='word_1_684' title='bbox 3172 2335 3329 2388; x_wconf 85' lang='grc' dir='ltr'>τοῦτο</span> <span class='ocrx_word' id='word_1_685' title='bbox 3361 2333 3461 2405; x_wconf 80' lang='grc' dir='ltr'>μὲν</span> <span class='ocrx_word' id='word_1_686' title='bbox 3504 2329 3716 2391; x_wconf 71' lang='grc' dir='ltr'>Παῦλος</span> 
     </span>
    </p>
   </div>
   <div class='ocr_carea' id='block_1_87' title="bbox 2146 2419 3717 2498">
    <p class='ocr_par' dir='ltr' id='par_1_87' title="bbox 2146 2419 3717 2498">
     <span class='ocr_line' id='line_1_87' title="bbox 2146 2419 3717 2498; baseline -0.004 -22"><span class='ocrx_word' id='word_1_687' title='bbox 2146 2421 2373 2490; x_wconf 81' lang='grc' dir='ltr'>ἠδύνατο</span> <span class='ocrx_word' id='word_1_688' title='bbox 2410 2422 2608 2492; x_wconf 90' lang='grc' dir='ltr'>λέγειν,</span> <span class='ocrx_word' id='word_1_689' title='bbox 2656 2428 2684 2477; x_wconf 91' lang='lat'>6</span> <span class='ocrx_word' id='word_1_690' title='bbox 2721 2427 2887 2496; x_wconf 85' lang='grc' dir='ltr'>μηδὲν</span> <span class='ocrx_word' id='word_1_691' title='bbox 2923 2425 3099 2498; x_wconf 85' lang='grc' dir='ltr'>ἐαυτῷ</span> <span class='ocrx_word' id='word_1_692' title='bbox 3141 2422 3396 2485; x_wconf 85' lang='grc' dir='ltr'>συνειδώς</span> <span class='ocrx_word' id='word_1_693' title='bbox 3421 2419 3575 2488; x_wconf 80' lang='grc' dir='ltr'>’ἐγὼ</span> <span class='ocrx_word' id='word_1_694' title='bbox 3605 2419 3661 2471; x_wconf 77' lang='grc' dir='ltr'>δὲ</span> <span class='ocrx_word' id='word_1_695' title='bbox 3687 2420 3717 2471; x_wconf 88' lang='lat'>6</span> 
     </span>
    </p>
   </div>
   <div class='ocr_carea' id='block_1_88' title="bbox 2144 2507 3715 2585">
    <p class='ocr_par' dir='ltr' id='par_1_88' title="bbox 2144 2507 3715 2585">
     <span class='ocr_line' id='line_1_88' title="bbox 2144 2507 3715 2585; baseline -0.001 -24"><span class='ocrx_word' id='word_1_696' title='bbox 2144 2508 2339 2563; x_wconf 88' lang='grc' dir='ltr'>πολλοῦ</span> <span class='ocrx_word' id='word_1_697' title='bbox 2382 2511 2571 2582; x_wconf 88' lang='grc' dir='ltr'>χρόνου</span> <span class='ocrx_word' id='word_1_698' title='bbox 2610 2512 2861 2584; x_wconf 89' lang='grc' dir='ltr'>δεόμενος</span> <span class='ocrx_word' id='word_1_699' title='bbox 2904 2516 2982 2577; x_wconf 89' lang='grc' dir='ltr'>εἰς</span> <span class='ocrx_word' id='word_1_700' title='bbox 3023 2514 3329 2585; x_wconf 91' lang='grc' dir='ltr'>μετάνοιαν,</span> <span class='ocrx_word' id='word_1_701' title='bbox 3373 2510 3433 2563; x_wconf 94' lang='grc' dir='ltr'>οὐ</span> <span class='ocrx_word' id='word_1_702' title='bbox 3482 2507 3715 2563; x_wconf 77' lang='grc' dir='ltr'>δύναιιαι</span> 
     </span>
    </p>
   </div>
   <div class='ocr_carea' id='block_1_89' title="bbox 2144 2595 3713 2673">
    <p class='ocr_par' dir='ltr' id='par_1_89' title="bbox 2144 2595 3713 2673">
     <span class='ocr_line' id='line_1_89' title="bbox 2144 2595 3713 2673; baseline 0 -25"><span class='ocrx_word' id='word_1_703' title='bbox 2144 2598 2336 2651; x_wconf 87' lang='grc' dir='ltr'>εἰπεῖν.</span> <span class='ocrx_word' id='word_1_704' title='bbox 2363 2597 2486 2651; x_wconf 89' lang='grc' dir='ltr'>Ὅτι</span> <span class='ocrx_word' id='word_1_705' title='bbox 2503 2599 2559 2651; x_wconf 83' lang='grc' dir='ltr'>δὲ</span> <span class='ocrx_word' id='word_1_706' title='bbox 2580 2601 2640 2653; x_wconf 88' lang='grc' dir='ltr'>τὸ</span> <span class='ocrx_word' id='word_1_707' title='bbox 2665 2600 2897 2665; x_wconf 77' lang='grc' dir='ltr'>ἐζῶσθαι</span> <span class='ocrx_word' id='word_1_708' title='bbox 2921 2599 3299 2673; x_wconf 86' lang='grc' dir='ltr'>γρηγορούσης</span> <span class='ocrx_word' id='word_1_709' title='bbox 3324 2596 3524 2668; x_wconf 70' lang='grc' dir='ltr'>ψυχῆς,</span> <span class='ocrx_word' id='word_1_710' title='bbox 3552 2595 3713 2648; x_wconf 78' lang='grc' dir='ltr'>ἄκουε</span> 
     </span>
    </p>
   </div>
   <div class='ocr_carea' id='block_1_90' title="bbox 2143 2684 3717 2759">
    <p class='ocr_par' dir='ltr' id='par_1_90' title="bbox 2143 2684 3717 2759">
     <span class='ocr_line' id='line_1_90' title="bbox 2143 2684 3717 2759; baseline 0.003 -22"><span class='ocrx_word' id='word_1_711' title='bbox 2143 2686 2238 2738; x_wconf 89' lang='grc' dir='ltr'>τοῦ</span> <span class='ocrx_word' id='word_1_712' title='bbox 2288 2685 2421 2738; x_wconf 82' lang='grc' dir='ltr'>Θεοῦ</span> <span class='ocrx_word' id='word_1_713' title='bbox 2481 2686 2727 2755; x_wconf 85' lang='grc' dir='ltr'>λέγον-τος</span> <span class='ocrx_word' id='word_1_714' title='bbox 2773 2688 2851 2759; x_wconf 79' lang='grc' dir='ltr'>τῷ</span> <span class='ocrx_word' id='word_1_715' title='bbox 2886 2689 3079 2759; x_wconf 82' lang='grc' dir='ltr'>δικαίῳ</span> <span class='ocrx_word' id='word_1_716' title='bbox 3119 2688 3310 2757; x_wconf 83' lang='grc' dir='ltr'>ἐκείνῳ</span> <span class='ocrx_word' id='word_1_717' title='bbox 3350 2702 3364 2716; x_wconf 88' lang='grc'><strong>·</strong></span> <span class='ocrx_word' id='word_1_718' title='bbox 3391 2684 3510 2752; x_wconf 82' lang='grc' dir='ltr'>Μὴ,</span> <span class='ocrx_word' id='word_1_719' title='bbox 3556 2684 3717 2737; x_wconf 72' lang='grc' dir='ltr'>ἀλλά</span> 
     </span>
    </p>
   </div>
   <div class='ocr_carea' id='block_1_91' title="bbox 2144 2768 3718 2846">
    <p class='ocr_par' dir='ltr' id='par_1_91' title="bbox 2144 2768 3718 2846">
     <span class='ocr_line' id='line_1_91' title="bbox 2144 2768 3718 2846; baseline -0.003 -20"><span class='ocrx_word' id='word_1_720' title='bbox 2144 2772 2323 2833; x_wconf 75' lang='grc' dir='ltr'>ζῶσαι</span> <span class='ocrx_word' id='word_1_721' title='bbox 2343 2773 2545 2843; x_wconf 82' lang='grc' dir='ltr'>ὥσπερ</span> <span class='ocrx_word' id='word_1_722' title='bbox 2574 2776 2729 2844; x_wconf 77' lang='grc' dir='ltr'>ἀνὴρ</span> <span class='ocrx_word' id='word_1_723' title='bbox 2758 2778 2873 2846; x_wconf 77' lang='grc' dir='ltr'>τὴν</span> <span class='ocrx_word' id='word_1_724' title='bbox 2913 2777 3113 2846; x_wconf 69' lang='grc' dir='ltr'>ὀσφύν</span> <span class='ocrx_word' id='word_1_725' title='bbox 3141 2792 3258 2829; x_wconf 90' lang='grc' dir='ltr'>σου</span> <span class='ocrx_word' id='word_1_726' title='bbox 3283 2791 3297 2804; x_wconf 83' lang='grc'>⁶</span> <span class='ocrx_word' id='word_1_727' title='bbox 3329 2772 3607 2842; x_wconf 82' lang='grc' dir='ltr'>ἐρωτήσω</span> <span class='ocrx_word' id='word_1_728' title='bbox 3650 2768 3718 2821; x_wconf 79' lang='grc' dir='ltr'>δέ</span> 
     </span>
    </p>
   </div>
   <div class='ocr_carea' id='block_1_92' title="bbox 2142 2858 3717 2933">
    <p class='ocr_par' dir='ltr' id='par_1_92' title="bbox 2142 2858 3717 2933">
     <span class='ocr_line' id='line_1_92' title="bbox 2142 2858 3717 2933; baseline -0.003 -20"><span class='ocrx_word' id='word_1_729' title='bbox 2142 2875 2238 2924; x_wconf 87' lang='grc' dir='ltr'>σε,</span> <span class='ocrx_word' id='word_1_730' title='bbox 2262 2861 2343 2916; x_wconf 87' lang='grc' dir='ltr'>σὺ</span> <span class='ocrx_word' id='word_1_731' title='bbox 2369 2861 2436 2915; x_wconf 86' lang='grc' dir='ltr'><em>δέ</em></span> <span class='ocrx_word' id='word_1_732' title='bbox 2456 2881 2558 2932; x_wconf 85' lang='grc' dir='ltr'>μοι</span> <span class='ocrx_word' id='word_1_733' title='bbox 2591 2864 2958 2933; x_wconf 80' lang='grc' dir='ltr'>ἀποκρίθητι.</span> <span class='ocrx_word' id='word_1_734' title='bbox 2994 2862 3163 2915; x_wconf 90' lang='grc' dir='ltr'>Τοῦτο</span> <span class='ocrx_word' id='word_1_735' title='bbox 3202 2862 3298 2914; x_wconf 68' lang='grc' dir='ltr'>καὶ</span> <span class='ocrx_word' id='word_1_736' title='bbox 3336 2860 3471 2931; x_wconf 72' lang='grc' dir='ltr'>πρὸς</span> <span class='ocrx_word' id='word_1_737' title='bbox 3508 2858 3717 2917; x_wconf 88' lang='grc' dir='ltr'>πάντας</span> 
     </span>
    </p>
   </div>
   <div class='ocr_carea' id='block_1_93' title="bbox 2145 2944 3718 3018">
    <p class='ocr_par' dir='ltr' id='par_1_93' title="bbox 2145 2944 3718 3018">
     <span class='ocr_line' id='line_1_93' title="bbox 2145 2944 3718 3018; baseline -0.001 -21"><span class='ocrx_word' id='word_1_738' title='bbox 2145 2944 2333 3011; x_wconf 81' lang='grc' dir='ltr'>ἁγίους</span> <span class='ocrx_word' id='word_1_739' title='bbox 2367 2949 2520 3016; x_wconf 73' lang='grc' dir='ltr'>φησὶ,</span> <span class='ocrx_word' id='word_1_740' title='bbox 2572 2946 2731 2999; x_wconf 91' lang='grc' dir='ltr'>τοῦτο</span> <span class='ocrx_word' id='word_1_741' title='bbox 2776 2947 2834 3000; x_wconf 86' lang='grc' dir='ltr'>δέ</span> <span class='ocrx_word' id='word_1_742' title='bbox 2866 2947 2961 2998; x_wconf 81' lang='grc' dir='ltr'>καὶ</span> <span class='ocrx_word' id='word_1_743' title='bbox 3000 2946 3137 3018; x_wconf 91' lang='grc' dir='ltr'>πρὸς</span> <span class='ocrx_word' id='word_1_744' title='bbox 3168 2945 3262 2999; x_wconf 88' lang='grc' dir='ltr'>τὸν</span> <span class='ocrx_word' id='word_1_745' title='bbox 3292 2944 3548 2998; x_wconf 83' lang='grc' dir='ltr'>Μωῡσέα.</span> <span class='ocrx_word' id='word_1_746' title='bbox 3608 2944 3718 2996; x_wconf 79' lang='grc' dir='ltr'>Καὶ</span> 
     </span>
    </p>
   </div>
   <div class='ocr_carea' id='block_1_94' title="bbox 2144 3032 3718 3105">
    <p class='ocr_par' dir='ltr' id='par_1_94' title="bbox 2144 3032 3718 3105">
     <span class='ocr_line' id='line_1_94' title="bbox 2144 3032 3718 3105; baseline -0.003 -18"><span class='ocrx_word' id='word_1_747' title='bbox 2144 3033 2305 3096; x_wconf 88' lang='grc' dir='ltr'>αὐτὸς</span> <span class='ocrx_word' id='word_1_748' title='bbox 2338 3034 2395 3086; x_wconf 85' lang='grc' dir='ltr'>δὲ</span> <span class='ocrx_word' id='word_1_749' title='bbox 2420 3034 2663 3102; x_wconf 86' lang='grc' dir='ltr'>φαίνεται</span> <span class='ocrx_word' id='word_1_750' title='bbox 2688 3034 2992 3105; x_wconf 77' lang='grc' dir='ltr'>ἐζωσμένος</span> <span class='ocrx_word' id='word_1_751' title='bbox 3013 3036 3070 3088; x_wconf 87' lang='grc' dir='ltr'>ἐν</span> <span class='ocrx_word' id='word_1_752' title='bbox 3091 3035 3169 3105; x_wconf 81' lang='grc' dir='ltr'>τῷ</span> <span class='ocrx_word' id='word_1_753' title='bbox 3194 3033 3459 3104; x_wconf 82' lang='grc' dir='ltr'>Ἰεζεκιὴλ</span> <span class='ocrx_word' id='word_1_754' title='bbox 3482 3050 3496 3064; x_wconf 89' lang='grc'><strong>·</strong></span> <span class='ocrx_word' id='word_1_755' title='bbox 3520 3032 3718 3101; x_wconf 76' lang='grc' dir='ltr'>μᾶλλον</span> 
     </span>
    </p>
   </div>
   <div class='ocr_carea' id='block_1_95' title="bbox 2143 3119 3717 3194">
    <p class='ocr_par' dir='ltr' id='par_1_95' title="bbox 2143 3119 3717 3194">
     <span class='ocr_line' id='line_1_95' title="bbox 2143 3119 3717 3194; baseline -0.001 -22"><span class='ocrx_word' id='word_1_756' title='bbox 2143 3119 2201 3173; x_wconf 89' lang='grc' dir='ltr'>δέ</span> <span class='ocrx_word' id='word_1_757' title='bbox 2248 3121 2342 3174; x_wconf 80' lang='grc' dir='ltr'>καί</span> <span class='ocrx_word' id='word_1_758' title='bbox 2382 3122 2431 3174; x_wconf 88' lang='grc' dir='ltr'>οἰ</span> <span class='ocrx_word' id='word_1_759' title='bbox 2478 3121 2697 3190; x_wconf 82' lang='grc' dir='ltr'>ἄγγελοι</span> <span class='ocrx_word' id='word_1_760' title='bbox 2744 3125 2874 3194; x_wconf 81' lang='grc' dir='ltr'>ἡμῖν</span> <span class='ocrx_word' id='word_1_761' title='bbox 2912 3123 3214 3193; x_wconf 74' lang='grc' dir='ltr'>ἐζωσμένοι</span> <span class='ocrx_word' id='word_1_762' title='bbox 3258 3121 3575 3191; x_wconf 86' lang='grc' dir='ltr'>φαίνονται,</span> <span class='ocrx_word' id='word_1_763' title='bbox 3620 3119 3717 3172; x_wconf 81' lang='grc' dir='ltr'>ἆτε</span> 
     </span>
    </p>
   </div>
   <div class='ocr_carea' id='block_1_96' title="bbox 2149 3207 3718 3282">
    <p class='ocr_par' dir='ltr' id='par_1_96' title="bbox 2149 3207 3718 3282">
     <span class='ocr_line' id='line_1_96' title="bbox 2149 3207 3718 3282; baseline 0 -22"><span class='ocrx_word' id='word_1_764' title='bbox 2149 3207 2477 3277; x_wconf 89' lang='grc' dir='ltr'>στρατιῶται</span> <span class='ocrx_word' id='word_1_765' title='bbox 2503 3211 2676 3274; x_wconf 74' lang='grc' dir='ltr'>ὅντες.</span> <span class='ocrx_word' id='word_1_766' title='bbox 2708 3211 2839 3265; x_wconf 89' lang='grc' dir='ltr'>Ἀπὸ</span> <span class='ocrx_word' id='word_1_767' title='bbox 2866 3211 2960 3264; x_wconf 87' lang='grc' dir='ltr'>τοῦ</span> <span class='ocrx_word' id='word_1_768' title='bbox 2988 3208 3413 3282; x_wconf 77' lang='grc' dir='ltr'>περιζώσασθαι.</span> <span class='ocrx_word' id='word_1_769' title='bbox 3446 3210 3507 3263; x_wconf 85' lang='grc' dir='ltr'>τὸ</span> <span class='ocrx_word' id='word_1_770' title='bbox 3528 3209 3718 3278; x_wconf 87' lang='grc' dir='ltr'>στῆναι</span> 
     </span>
    </p>
   </div>
   <div class='ocr_carea' id='block_1_97' title="bbox 2143 3296 3717 3369">
    <p class='ocr_par' dir='ltr' id='par_1_97' title="bbox 2143 3296 3717 3369">
     <span class='ocr_line' id='line_1_97' title="bbox 2143 3296 3717 3369; baseline 0.001 -21"><span class='ocrx_word' id='word_1_771' title='bbox 2143 3296 2348 3365; x_wconf 87' lang='grc' dir='ltr'>γίνεται</span> <span class='ocrx_word' id='word_1_772' title='bbox 2368 3297 2648 3366; x_wconf 88' lang='grc' dir='ltr'>γενναίως,</span> <span class='ocrx_word' id='word_1_773' title='bbox 2667 3296 2817 3351; x_wconf 86' lang='grc' dir='ltr'>ὥσπε</span> <span class='ocrx_word' id='word_1_774' title='bbox 2825 3316 2855 3368; x_wconf 91' lang='grc' dir='ltr'>ρ</span> <span class='ocrx_word' id='word_1_775' title='bbox 2878 3298 2987 3353; x_wconf 88' lang='grc' dir='ltr'>ἀπὸ</span> <span class='ocrx_word' id='word_1_776' title='bbox 3002 3298 3093 3351; x_wconf 90' lang='grc' dir='ltr'>τοῦ</span> <span class='ocrx_word' id='word_1_777' title='bbox 3109 3299 3318 3369; x_wconf 84' lang='grc' dir='ltr'>στῆναι,</span> <span class='ocrx_word' id='word_1_778' title='bbox 3338 3298 3399 3351; x_wconf 89' lang='grc' dir='ltr'>τὸ</span> <span class='ocrx_word' id='word_1_779' title='bbox 3419 3298 3717 3361; x_wconf 82' lang='grc' dir='ltr'>ζώσασθαι.</span> 
     </span>
    </p>
   </div>
   <div class='ocr_carea' id='block_1_98' title="bbox 2144 3384 3718 3456">
    <p class='ocr_par' dir='ltr' id='par_1_98' title="bbox 2144 3384 3718 3456">
     <span class='ocr_line' id='line_1_98' title="bbox 2144 3384 3718 3456; baseline -0.001 -19"><span class='ocrx_word' id='word_1_780' title='bbox 2144 3384 2354 3438; x_wconf 85' lang='grc' dir='ltr'>Οὐκοῦν</span> <span class='ocrx_word' id='word_1_781' title='bbox 2371 3386 2465 3439; x_wconf 80' lang='grc' dir='ltr'>καὶ</span> <span class='ocrx_word' id='word_1_782' title='bbox 2493 3387 2719 3449; x_wconf 82' lang='grc' dir='ltr'>ἐαυτοὺς</span> <span class='ocrx_word' id='word_1_783' title='bbox 2744 3385 3136 3456; x_wconf 75' lang='grc' dir='ltr'>περιζώσωμεν</span> <span class='ocrx_word' id='word_1_784' title='bbox 3154 3401 3169 3414; x_wconf 73' lang='grc' dir='ltr'>ο</span> <span class='ocrx_word' id='word_1_785' title='bbox 3200 3386 3292 3438; x_wconf 80' lang='grc' dir='ltr'>καὶ</span> <span class='ocrx_word' id='word_1_786' title='bbox 3311 3384 3419 3454; x_wconf 86' lang='grc' dir='ltr'>γὰρ</span> <span class='ocrx_word' id='word_1_787' title='bbox 3444 3386 3535 3437; x_wconf 78' lang='grc' dir='ltr'>καὶ</span> <span class='ocrx_word' id='word_1_788' title='bbox 3556 3386 3718 3454; x_wconf 80' lang='grc' dir='ltr'>ἡμεῖς</span> 
     </span>
    </p>
   </div>
   <div class='ocr_carea' id='block_1_99' title="bbox 2143 3472 3713 3545">
    <p class='ocr_par' dir='ltr' id='par_1_99' title="bbox 2143 3472 3713 3545">
     <span class='ocr_line' id='line_1_99' title="bbox 2143 3472 3713 3545; baseline 0.001 -22"><span class='ocrx_word' id='word_1_789' title='bbox 2143 3472 2345 3538; x_wconf 79' lang='grc' dir='ltr'>ἐξιέναι</span> <span class='ocrx_word' id='word_1_790' title='bbox 2388 3473 2688 3545; x_wconf 88' lang='grc' dir='ltr'>μέλλομεν,</span> <span class='ocrx_word' id='word_1_791' title='bbox 2742 3475 2839 3527; x_wconf 76' lang='grc' dir='ltr'>καὶ</span> <span class='ocrx_word' id='word_1_792' title='bbox 2895 3474 3065 3527; x_wconf 78' lang='grc' dir='ltr'>πολλὰ</span> <span class='ocrx_word' id='word_1_793' title='bbox 3107 3472 3311 3544; x_wconf 78' lang='grc' dir='ltr'>μεταξὺ</span> <span class='ocrx_word' id='word_1_794' title='bbox 3357 3474 3426 3527; x_wconf 84' lang='grc' dir='ltr'>τά</span> <span class='ocrx_word' id='word_1_795' title='bbox 3482 3472 3713 3542; x_wconf 86' lang='grc' dir='ltr'>χαλεπά.</span> 
     </span>
    </p>
   </div>
   <div class='ocr_carea' id='block_1_100' title="bbox 2148 3560 3717 3632">
    <p class='ocr_par' dir='ltr' id='par_1_100' title="bbox 2148 3560 3717 3632">
     <span class='ocr_line' id='line_1_100' title="bbox 2148 3560 3717 3632; baseline 0.001 -18"><span class='ocrx_word' id='word_1_796' title='bbox 2148 3562 2316 3614; x_wconf 85' lang='grc' dir='ltr'>Ὅταν</span> <span class='ocrx_word' id='word_1_797' title='bbox 2334 3560 2396 3613; x_wconf 88' lang='grc' dir='ltr'>τὸ</span> <span class='ocrx_word' id='word_1_798' title='bbox 2418 3560 2600 3615; x_wconf 88' lang='grc' dir='ltr'>πεδίον</span> <span class='ocrx_word' id='word_1_799' title='bbox 2615 3561 2769 3615; x_wconf 89' lang='grc' dir='ltr'>τοῦτο</span> <span class='ocrx_word' id='word_1_800' title='bbox 2790 3562 3107 3632; x_wconf 86' lang='grc' dir='ltr'>διέλθωμεν,</span> <span class='ocrx_word' id='word_1_801' title='bbox 3124 3560 3403 3624; x_wconf 87' lang='grc' dir='ltr'>όδιάϐολος</span> <span class='ocrx_word' id='word_1_802' title='bbox 3419 3562 3717 3632; x_wconf 85' lang='grc' dir='ltr'>ἐφέστηκεν</span> 
     </span>
    </p>
   </div>
   <div class='ocr_carea' id='block_1_101' title="bbox 2144 3649 3718 3722">
    <p class='ocr_par' dir='ltr' id='par_1_101' title="bbox 2144 3649 3718 3722">
     <span class='ocr_line' id='line_1_101' title="bbox 2144 3649 3718 3722; baseline 0 -20"><span class='ocrx_word' id='word_1_803' title='bbox 2144 3651 2367 3717; x_wconf 88' lang='grc' dir='ltr'>εὐθέως,</span> <span class='ocrx_word' id='word_1_804' title='bbox 2412 3653 2587 3705; x_wconf 89' lang='grc' dir='ltr'>πάντα</span> <span class='ocrx_word' id='word_1_805' title='bbox 2638 3652 2805 3705; x_wconf 88' lang='grc' dir='ltr'>ποιῶν</span> <span class='ocrx_word' id='word_1_806' title='bbox 2848 3654 2940 3704; x_wconf 87' lang='grc' dir='ltr'>καί</span> <span class='ocrx_word' id='word_1_807' title='bbox 2969 3649 3379 3722; x_wconf 86' lang='grc' dir='ltr'>μηχανώμενος,</span> <span class='ocrx_word' id='word_1_808' title='bbox 3429 3650 3570 3702; x_wconf 83' lang='grc' dir='ltr'>ὥστε</span> <span class='ocrx_word' id='word_1_809' title='bbox 3594 3652 3718 3713; x_wconf 82' lang='grc' dir='ltr'>τοὺς</span> 
     </span>
    </p>
   </div>
   <div class='ocr_carea' id='block_1_102' title="bbox 2144 3736 3718 3807">
    <p class='ocr_par' dir='ltr' id='par_1_102' title="bbox 2144 3736 3718 3807">
     <span class='ocr_line' id='line_1_102' title="bbox 2144 3736 3718 3807; baseline 0.001 -18"><span class='ocrx_word' id='word_1_810' title='bbox 2144 3737 2203 3803; x_wconf 77' lang='grc' dir='ltr'>ἐξ</span> <span class='ocrx_word' id='word_1_811' title='bbox 2238 3738 2511 3805; x_wconf 86' lang='grc' dir='ltr'>Αἰγύπτου</span> <span class='ocrx_word' id='word_1_812' title='bbox 2550 3736 2999 3803; x_wconf 85' lang='grc' dir='ltr'>σωθέντας,ὥστε</span> <span class='ocrx_word' id='word_1_813' title='bbox 3031 3738 3157 3800; x_wconf 80' lang='grc' dir='ltr'>τοὺς</span> <span class='ocrx_word' id='word_1_814' title='bbox 3184 3738 3282 3807; x_wconf 84' lang='grc' dir='ltr'>τὴν</span> <span class='ocrx_word' id='word_1_815' title='bbox 3330 3737 3597 3807; x_wconf 85' lang='grc' dir='ltr'>Ἐρυθράν</span> <span class='ocrx_word' id='word_1_816' title='bbox 3623 3737 3718 3790; x_wconf 85' lang='grc' dir='ltr'>θά-</span> 
     </span>
    </p>
   </div>
   <div class='ocr_carea' id='block_1_103' title="bbox 2144 3824 3718 3894">
    <p class='ocr_par' dir='ltr' id='par_1_103' title="bbox 2144 3824 3718 3894">
     <span class='ocr_line' id='line_1_103' title="bbox 2144 3824 3718 3894; baseline 0.001 -16"><span class='ocrx_word' id='word_1_817' title='bbox 2144 3826 2348 3879; x_wconf 90' lang='grc' dir='ltr'>λασσαν</span> <span class='ocrx_word' id='word_1_818' title='bbox 2391 3824 2700 3891; x_wconf 88' lang='grc' dir='ltr'>διαϐάντας,</span> <span class='ocrx_word' id='word_1_819' title='bbox 2745 3828 2870 3889; x_wconf 82' lang='grc' dir='ltr'>τούς</span> <span class='ocrx_word' id='word_1_820' title='bbox 2910 3825 3019 3878; x_wconf 86' lang='grc' dir='ltr'>ἀπὸ</span> <span class='ocrx_word' id='word_1_821' title='bbox 3047 3825 3156 3877; x_wconf 90' lang='grc' dir='ltr'>τῶν</span> <span class='ocrx_word' id='word_1_822' title='bbox 3189 3825 3456 3894; x_wconf 89' lang='grc' dir='ltr'>δαιμόνων</span> <span class='ocrx_word' id='word_1_823' title='bbox 3487 3825 3581 3877; x_wconf 73' lang='grc' dir='ltr'>καὶ</span> <span class='ocrx_word' id='word_1_824' title='bbox 3608 3826 3718 3879; x_wconf 88' lang='grc' dir='ltr'>τῶν</span> 
     </span>
    </p>
   </div>
   <div class='ocr_carea' id='block_1_104' title="bbox 2148 3914 3717 3986">
    <p class='ocr_par' dir='ltr' id='par_1_104' title="bbox 2148 3914 3717 3986">
     <span class='ocr_line' id='line_1_104' title="bbox 2148 3914 3717 3986; baseline 0.001 -19"><span class='ocrx_word' id='word_1_825' title='bbox 2148 3916 2355 3986; x_wconf 89' lang='grc' dir='ltr'>μυρίων</span> <span class='ocrx_word' id='word_1_826' title='bbox 2386 3915 2611 3985; x_wconf 88' lang='grc' dir='ltr'>πληγῶν</span> <span class='ocrx_word' id='word_1_827' title='bbox 2647 3915 2763 3985; x_wconf 79' lang='grc' dir='ltr'>ἅμα</span> <span class='ocrx_word' id='word_1_828' title='bbox 2810 3914 3231 3984; x_wconf 87' lang='grc' dir='ltr'>ἀπολυομένους,</span> <span class='ocrx_word' id='word_1_829' title='bbox 3276 3914 3494 3979; x_wconf 89' lang='grc' dir='ltr'>τούτους</span> <span class='ocrx_word' id='word_1_830' title='bbox 3539 3916 3717 3970; x_wconf 85' lang='grc' dir='ltr'>λαϐὼν</span> 
     </span>
    </p>
   </div>
   <div class='ocr_carea' id='block_1_105' title="bbox 2146 4002 3719 4076">
    <p class='ocr_par' dir='ltr' id='par_1_105' title="bbox 2146 4002 3719 4076">
     <span class='ocr_line' id='line_1_105' title="bbox 2146 4002 3719 4076; baseline 0.001 -21"><span class='ocrx_word' id='word_1_831' title='bbox 2146 4002 2430 4055; x_wconf 86' lang='grc' dir='ltr'>ἀπολέσαι.</span> <span class='ocrx_word' id='word_1_832' title='bbox 2485 4002 2645 4067; x_wconf 84' lang='grc' dir='ltr'>Ἀλλ’,</span> <span class='ocrx_word' id='word_1_833' title='bbox 2692 4002 2788 4055; x_wconf 90' lang='grc' dir='ltr'>ἐάν</span> <span class='ocrx_word' id='word_1_834' title='bbox 2835 4004 3125 4072; x_wconf 79' lang='grc' dir='ltr'>νήφωμεν,</span> <span class='ocrx_word' id='word_1_835' title='bbox 3173 4002 3371 4073; x_wconf 78' lang='grc' dir='ltr'>ἔχομεν</span> <span class='ocrx_word' id='word_1_836' title='bbox 3416 4004 3510 4056; x_wconf 77' lang='grc' dir='ltr'>καὶ</span> <span class='ocrx_word' id='word_1_837' title='bbox 3557 4007 3719 4076; x_wconf 83' lang='grc' dir='ltr'>ἡμεῖς</span> 
     </span>
    </p>
   </div>
   <div class='ocr_carea' id='block_1_106' title="bbox 2148 4089 3719 4161">
    <p class='ocr_par' dir='ltr' id='par_1_106' title="bbox 2148 4089 3719 4161">
     <span class='ocr_line' id='line_1_106' title="bbox 2148 4089 3719 4161; baseline 0.002 -19"><span class='ocrx_word' id='word_1_838' title='bbox 2148 4089 2337 4143; x_wconf 88' lang='grc' dir='ltr'>στῦλον</span> <span class='ocrx_word' id='word_1_839' title='bbox 2387 4090 2591 4158; x_wconf 87' lang='grc' dir='ltr'>πυρὸς,</span> <span class='ocrx_word' id='word_1_840' title='bbox 2645 4090 2742 4161; x_wconf 84' lang='grc' dir='ltr'>τὴν</span> <span class='ocrx_word' id='word_1_841' title='bbox 2782 4089 2875 4142; x_wconf 91' lang='grc' dir='ltr'>τοῦ</span> <span class='ocrx_word' id='word_1_842' title='bbox 2912 4090 3227 4161; x_wconf 87' lang='grc' dir='ltr'>Πνεύματος</span> <span class='ocrx_word' id='word_1_843' title='bbox 3271 4090 3430 4161; x_wconf 90' lang='grc' dir='ltr'>χάριν</span> <span class='ocrx_word' id='word_1_844' title='bbox 3455 4108 3469 4121; x_wconf 87' lang='grc'><strong>·</strong></span> <span class='ocrx_word' id='word_1_845' title='bbox 3496 4093 3524 4145; x_wconf 91' lang='lat'>6</span> <span class='ocrx_word' id='word_1_846' title='bbox 3556 4093 3719 4156; x_wconf 87' lang='grc' dir='ltr'>αὐτὸς</span> 
     </span>
    </p>
   </div>
   <div class='ocr_carea' id='block_1_107' title="bbox 2146 4178 3718 4252">
    <p class='ocr_par' dir='ltr' id='par_1_107' title="bbox 2146 4178 3718 4252">
     <span class='ocr_line' id='line_1_107' title="bbox 2146 4178 3718 4252; baseline 0.001 -20"><span class='ocrx_word' id='word_1_847' title='bbox 2146 4181 2241 4232; x_wconf 75' lang='grc' dir='ltr'>καὶ</span> <span class='ocrx_word' id='word_1_848' title='bbox 2286 4179 2530 4247; x_wconf 76' lang='grc' dir='ltr'>φωτίζει,</span> <span class='ocrx_word' id='word_1_849' title='bbox 2552 4179 2648 4232; x_wconf 74' lang='grc' dir='ltr'>καὶ</span> <span class='ocrx_word' id='word_1_850' title='bbox 2683 4178 2893 4242; x_wconf 70' lang='grc' dir='ltr'>σκιάζει</span> <span class='ocrx_word' id='word_1_851' title='bbox 2926 4194 2937 4206; x_wconf 79' lang='grc'><strong><em>⁸</em></strong></span> <span class='ocrx_word' id='word_1_852' title='bbox 2966 4178 3159 4249; x_wconf 80' lang='grc' dir='ltr'>ἔχομεν</span> <span class='ocrx_word' id='word_1_853' title='bbox 3186 4182 3392 4248; x_wconf 80' lang='grc' dir='ltr'>μάννα⁹</span> <span class='ocrx_word' id='word_1_854' title='bbox 3426 4181 3626 4252; x_wconf 78' lang='grc' dir='ltr'>μᾶλλον</span> <span class='ocrx_word' id='word_1_855' title='bbox 3662 4183 3718 4234; x_wconf 89' lang='lat'>66</span> 
     </span>
    </p>
   </div>
   <div class='ocr_carea' id='block_1_108' title="bbox 2143 4265 3715 4340">
    <p class='ocr_par' dir='ltr' id='par_1_108' title="bbox 2143 4265 3715 4340">
     <span class='ocr_line' id='line_1_108' title="bbox 2143 4265 3715 4340; baseline 0.001 -20"><span class='ocrx_word' id='word_1_856' title='bbox 2143 4268 2205 4320; x_wconf 89' lang='grc' dir='ltr'>οὐ</span> <span class='ocrx_word' id='word_1_857' title='bbox 2258 4265 2456 4337; x_wconf 84' lang='grc' dir='ltr'>μάννα,</span> <span class='ocrx_word' id='word_1_858' title='bbox 2513 4265 2648 4319; x_wconf 87' lang='grc' dir='ltr'>ἀλλά</span> <span class='ocrx_word' id='word_1_859' title='bbox 2687 4266 2865 4336; x_wconf 82' lang='grc' dir='ltr'>πολλῷ</span> <span class='ocrx_word' id='word_1_860' title='bbox 2915 4266 3077 4320; x_wconf 83' lang='grc' dir='ltr'>πλέον</span> <span class='ocrx_word' id='word_1_861' title='bbox 3124 4267 3218 4321; x_wconf 91' lang='grc' dir='ltr'>τοῦ</span> <span class='ocrx_word' id='word_1_862' title='bbox 3263 4268 3437 4337; x_wconf 90' lang='grc' dir='ltr'>μάννα</span> <span class='ocrx_word' id='word_1_863' title='bbox 3488 4269 3715 4340; x_wconf 76' lang='grc' dir='ltr'>ἔχομεν·</span> 
     </span>
    </p>
   </div>
   <div class='ocr_carea' id='block_1_109' title="bbox 2144 4353 3713 4425">
    <p class='ocr_par' dir='ltr' id='par_1_109' title="bbox 2144 4353 3713 4425">
     <span class='ocr_line' id='line_1_109' title="bbox 2144 4353 3713 4425; baseline 0.003 -20"><span class='ocrx_word' id='word_1_864' title='bbox 2144 4354 2296 4423; x_wconf 89' lang='grc' dir='ltr'>πόμα</span> <span class='ocrx_word' id='word_1_865' title='bbox 2336 4354 2723 4423; x_wconf 89' lang='grc' dir='ltr'>πνευματικὸν,</span> <span class='ocrx_word' id='word_1_866' title='bbox 2769 4354 2865 4423; x_wconf 91' lang='grc' dir='ltr'>οὐχ</span> <span class='ocrx_word' id='word_1_867' title='bbox 2913 4353 3058 4425; x_wconf 88' lang='grc' dir='ltr'>ῦδωρ</span> <span class='ocrx_word' id='word_1_868' title='bbox 3102 4356 3207 4409; x_wconf 87' lang='grc' dir='ltr'>ἀπὸ</span> <span class='ocrx_word' id='word_1_869' title='bbox 3250 4355 3456 4425; x_wconf 85' lang='grc' dir='ltr'>πέτρας</span> <span class='ocrx_word' id='word_1_870' title='bbox 3498 4356 3713 4420; x_wconf 81' lang='grc' dir='ltr'>ἔξεισιν.</span> 
     </span>
    </p>
   </div>
   <div class='ocr_carea' id='block_1_110' title="bbox 2149 4440 3718 4513">
    <p class='ocr_par' dir='ltr' id='par_1_110' title="bbox 2149 4440 3718 4513">
     <span class='ocr_line' id='line_1_110' title="bbox 2149 4440 3718 4513; baseline 0.001 -20"><span class='ocrx_word' id='word_1_871' title='bbox 2149 4441 2388 4511; x_wconf 87' lang='grc' dir='ltr'>Ἔχομεν</span> <span class='ocrx_word' id='word_1_872' title='bbox 2427 4443 2520 4494; x_wconf 72' lang='grc' dir='ltr'>καὶ</span> <span class='ocrx_word' id='word_1_873' title='bbox 2564 4440 2934 4511; x_wconf 83' lang='grc' dir='ltr'>παρεμϐολὴν,</span> <span class='ocrx_word' id='word_1_874' title='bbox 2960 4443 3059 4512; x_wconf 82' lang='grc' dir='ltr'>τὴν</span> <span class='ocrx_word' id='word_1_875' title='bbox 3093 4441 3296 4513; x_wconf 76' lang='grc' dir='ltr'>ἔρημον</span> <span class='ocrx_word' id='word_1_876' title='bbox 3325 4443 3597 4506; x_wconf 82' lang='grc' dir='ltr'>οἰκοῦντες</span> <span class='ocrx_word' id='word_1_877' title='bbox 3623 4444 3718 4497; x_wconf 86' lang='grc' dir='ltr'>καί</span> 
     </span>
    </p>
   </div>
   <div class='ocr_carea' id='block_1_111' title="bbox 2145 4527 3718 4602">
    <p class='ocr_par' dir='ltr' id='par_1_111' title="bbox 2145 4527 3718 4602">
     <span class='ocr_line' id='line_1_111' title="bbox 2145 4527 3718 4602; baseline 0.002 -21"><span class='ocrx_word' id='word_1_878' title='bbox 2145 4527 2261 4581; x_wconf 82' lang='grc' dir='ltr'>νῦν.</span> <span class='ocrx_word' id='word_1_879' title='bbox 2291 4530 2496 4590; x_wconf 85' lang='grc' dir='ltr'>Ὄντως</span> <span class='ocrx_word' id='word_1_880' title='bbox 2528 4527 2657 4598; x_wconf 83' lang='grc' dir='ltr'>γὰρ,</span> <span class='ocrx_word' id='word_1_881' title='bbox 2699 4528 2865 4590; x_wconf 78' lang='grc' dir='ltr'>ὅντως</span> <span class='ocrx_word' id='word_1_882' title='bbox 2909 4530 3113 4599; x_wconf 79' lang='grc' dir='ltr'>ἕρημος</span> <span class='ocrx_word' id='word_1_883' title='bbox 3156 4532 3248 4582; x_wconf 78' lang='grc' dir='ltr'>καὶ</span> <span class='ocrx_word' id='word_1_884' title='bbox 3277 4529 3371 4583; x_wconf 92' lang='grc' dir='ltr'>νῦν</span> <span class='ocrx_word' id='word_1_885' title='bbox 3400 4532 3498 4601; x_wconf 81' lang='grc' dir='ltr'>τῆς</span> <span class='ocrx_word' id='word_1_886' title='bbox 3520 4532 3718 4602; x_wconf 74' lang='grc' dir='ltr'>ἀρετῆς</span> 
     </span>
    </p>
   </div>
   <div class='ocr_carea' id='block_1_112' title="bbox 2142 4616 3715 4690">
    <p class='ocr_par' dir='ltr' id='par_1_112' title="bbox 2142 4616 3715 4690">
     <span class='ocr_line' id='line_1_112' title="bbox 2142 4616 3715 4690; baseline 0 -20"><span class='ocrx_word' id='word_1_887' title='bbox 2142 4618 2176 4685; x_wconf 88' lang='grc' dir='ltr'>ἡ</span> <span class='ocrx_word' id='word_1_888' title='bbox 2213 4617 2284 4686; x_wconf 85' lang='grc' dir='ltr'><strong>γῆ</strong></span> <span class='ocrx_word' id='word_1_889' title='bbox 2314 4616 2523 4685; x_wconf 82' lang='grc' dir='ltr'>γέγονε,</span> <span class='ocrx_word' id='word_1_890' title='bbox 2566 4618 2657 4668; x_wconf 82' lang='grc' dir='ltr'>καὶ</span> <span class='ocrx_word' id='word_1_891' title='bbox 2697 4616 2954 4687; x_wconf 78' lang='grc' dir='ltr'>μᾶλλονῆ</span> <span class='ocrx_word' id='word_1_892' title='bbox 2989 4619 3193 4687; x_wconf 83' lang='grc' dir='ltr'>ἐκείνη.</span> <span class='ocrx_word' id='word_1_893' title='bbox 3244 4620 3342 4671; x_wconf 77' lang='grc' dir='ltr'>Διά</span> <span class='ocrx_word' id='word_1_894' title='bbox 3390 4619 3441 4671; x_wconf 90' lang='grc' dir='ltr'>τί</span> <span class='ocrx_word' id='word_1_895' title='bbox 3480 4620 3657 4690; x_wconf 85' lang='grc' dir='ltr'>ἐκείνη</span> <span class='ocrx_word' id='word_1_896' title='bbox 3681 4622 3715 4688; x_wconf 82' lang='grc' dir='ltr'>ἡ</span> 
     </span>
    </p>
   </div>
   <div class='ocr_carea' id='block_1_113' title="bbox 2144 4699 3716 4777">
    <p class='ocr_par' dir='ltr' id='par_1_113' title="bbox 2144 4699 3716 4777">
     <span class='ocr_line' id='line_1_113' title="bbox 2144 4699 3716 4777; baseline 0.003 -22"><span class='ocrx_word' id='word_1_897' title='bbox 2144 4703 2349 4773; x_wconf 77' lang='grc' dir='ltr'>ἕρημος</span> <span class='ocrx_word' id='word_1_898' title='bbox 2389 4704 2592 4775; x_wconf 82' lang='grc' dir='ltr'>φευκτὴ</span> <span class='ocrx_word' id='word_1_899' title='bbox 2637 4699 2737 4773; x_wconf 74' lang='grc' dir='ltr'>ἦνς</span> <span class='ocrx_word' id='word_1_900' title='bbox 2779 4700 2866 4775; x_wconf 83' lang='grc' dir='ltr'>ἆρ’</span> <span class='ocrx_word' id='word_1_901' title='bbox 2906 4707 3002 4775; x_wconf 79' lang='grc' dir='ltr'>οὐχ</span> <span class='ocrx_word' id='word_1_902' title='bbox 3037 4707 3115 4758; x_wconf 87' lang='grc' dir='ltr'>ὅτι</span> <span class='ocrx_word' id='word_1_903' title='bbox 3162 4706 3454 4777; x_wconf 84' lang='grc' dir='ltr'>σκορπίους</span> <span class='ocrx_word' id='word_1_904' title='bbox 3483 4705 3625 4776; x_wconf 83' lang='grc' dir='ltr'>εἶχεν</span> <span class='ocrx_word' id='word_1_905' title='bbox 3660 4710 3716 4761; x_wconf 84' lang='grc' dir='ltr'>ἐν</span> 
     </span>
    </p>
   </div>
   <div class='ocr_carea' id='block_1_114' title="bbox 2145 4787 3712 4867">
    <p class='ocr_par' dir='ltr' id='par_1_114' title="bbox 2145 4787 3712 4867">
     <span class='ocr_line' id='line_1_114' title="bbox 2145 4787 3712 4867; baseline 0.003 -23"><span class='ocrx_word' id='word_1_906' title='bbox 2145 4793 2309 4863; x_wconf 84' lang='grc' dir='ltr'>ἐαυτῇ</span> <span class='ocrx_word' id='word_1_907' title='bbox 2350 4793 2445 4845; x_wconf 71' lang='grc' dir='ltr'>καὶ</span> <span class='ocrx_word' id='word_1_908' title='bbox 2483 4792 2655 4862; x_wconf 81' lang='grc' dir='ltr'>ἕχεις;</span> <span class='ocrx_word' id='word_1_909' title='bbox 2692 4793 2747 4845; x_wconf 87' lang='grc' dir='ltr'>ἐν</span> <span class='ocrx_word' id='word_1_910' title='bbox 2779 4787 2835 4863; x_wconf 80' lang='grc' dir='ltr'>ᾖ,</span> <span class='ocrx_word' id='word_1_911' title='bbox 2864 4796 3046 4862; x_wconf 73' lang='grc' dir='ltr'>φησὶν,</span> <span class='ocrx_word' id='word_1_912' title='bbox 3084 4795 3144 4846; x_wconf 91' lang='grc' dir='ltr'>οὐ</span> <span class='ocrx_word' id='word_1_913' title='bbox 3180 4794 3391 4863; x_wconf 82' lang='grc' dir='ltr'>διῆλθεν</span> <span class='ocrx_word' id='word_1_914' title='bbox 3410 4796 3712 4867; x_wconf 79' lang='grc' dir='ltr'>ἄνθρωπος.</span> 
     </span>
    </p>
   </div>
   <div class='ocr_carea' id='block_1_115' title="bbox 2157 4878 3719 4954">
    <p class='ocr_par' dir='ltr' id='par_1_115' title="bbox 2157 4878 3719 4954">
     <span class='ocr_line' id='line_1_115' title="bbox 2157 4878 3719 4954; baseline 0.003 -23"><span class='ocrx_word' id='word_1_915' title='bbox 2157 4878 2297 4932; x_wconf 84' lang='grc' dir='ltr'>Ἀλλ’</span> <span class='ocrx_word' id='word_1_916' title='bbox 2322 4880 2421 4932; x_wconf 82' lang='grc' dir='ltr'>οὐκ</span> <span class='ocrx_word' id='word_1_917' title='bbox 2443 4880 2608 4941; x_wconf 76' lang='grc' dir='ltr'>ἔστιν,</span> <span class='ocrx_word' id='word_1_918' title='bbox 2634 4880 2734 4931; x_wconf 82' lang='grc' dir='ltr'>οὐκ</span> <span class='ocrx_word' id='word_1_919' title='bbox 2759 4880 2904 4933; x_wconf 77' lang='grc' dir='ltr'>ἔστιν</span> <span class='ocrx_word' id='word_1_920' title='bbox 2934 4880 3102 4937; x_wconf 70' lang='grc' dir='ltr'>οὕτως</span> <span class='ocrx_word' id='word_1_921' title='bbox 3132 4884 3333 4954; x_wconf 84' lang='grc' dir='ltr'>ἄφορος</span> <span class='ocrx_word' id='word_1_922' title='bbox 3364 4882 3546 4954; x_wconf 89' lang='grc' dir='ltr'>ἐκείνη</span> <span class='ocrx_word' id='word_1_923' title='bbox 3585 4900 3719 4952; x_wconf 85' lang='grc' dir='ltr'>καρ-</span> 
     </span>
    </p>
   </div>
   <div class='ocr_carea' id='block_1_116' title="bbox 2146 4968 2986 5039">
    <p class='ocr_par' dir='ltr' id='par_1_116' title="bbox 2146 4968 2986 5039">
     <span class='ocr_line' id='line_1_116' title="bbox 2146 4968 2986 5039; baseline 0.006 -20"><span class='ocrx_word' id='word_1_924' title='bbox 2146 4968 2283 5032; x_wconf 89' lang='grc' dir='ltr'>πῶν,</span> <span class='ocrx_word' id='word_1_925' title='bbox 2308 4969 2382 5032; x_wconf 86' lang='grc' dir='ltr'>ὼς</span> <span class='ocrx_word' id='word_1_926' title='bbox 2410 4970 2441 5039; x_wconf 81' lang='grc' dir='ltr'>ἡ</span> <span class='ocrx_word' id='word_1_927' title='bbox 2471 4968 2780 5039; x_wconf 83' lang='grc' dir='ltr'>ἀνθρωπίνη</span> <span class='ocrx_word' id='word_1_928' title='bbox 2808 4969 2986 5036; x_wconf 82' lang='grc' dir='ltr'>φύσις.</span> 
     </span>
    </p>
   </div>
   <div class='ocr_carea' id='block_1_117' title="bbox 2214 5056 3718 5130">
    <p class='ocr_par' dir='ltr' id='par_1_117' title="bbox 2214 5056 3718 5130">
     <span class='ocr_line' id='line_1_117' title="bbox 2214 5056 3718 5130; baseline 0.003 -23"><span class='ocrx_word' id='word_1_929' title='bbox 2214 5061 2285 5123; x_wconf 80' lang='grc' dir='ltr'>γ’.</span> <span class='ocrx_word' id='word_1_930' title='bbox 2306 5056 2419 5107; x_wconf 80' lang='grc' dir='ltr'>Νῦν</span> <span class='ocrx_word' id='word_1_931' title='bbox 2444 5056 2597 5108; x_wconf 86' lang='grc' dir='ltr'>πόσοι</span> <span class='ocrx_word' id='word_1_932' title='bbox 2626 5057 2894 5126; x_wconf 88' lang='grc' dir='ltr'>σκορπίοι,</span> <span class='ocrx_word' id='word_1_933' title='bbox 2926 5058 3085 5109; x_wconf 83' lang='grc' dir='ltr'>πόσαι</span> <span class='ocrx_word' id='word_1_934' title='bbox 3112 5058 3293 5127; x_wconf 66' lang='grc' dir='ltr'>ἐχειςῐι</span> <span class='ocrx_word' id='word_1_935' title='bbox 3313 5059 3451 5112; x_wconf 86' lang='grc' dir='ltr'>κατά</span> <span class='ocrx_word' id='word_1_936' title='bbox 3475 5059 3570 5129; x_wconf 77' lang='grc' dir='ltr'>τὴν</span> <span class='ocrx_word' id='word_1_937' title='bbox 3592 5059 3718 5130; x_wconf 80' lang='grc' dir='ltr'>ἐρη-</span> 
     </span>
    </p>
   </div>
   <div class='ocr_carea' id='block_1_118' title="bbox 2148 5143 3718 5217">
    <p class='ocr_par' dir='ltr' id='par_1_118' title="bbox 2148 5143 3718 5217">
     <span class='ocr_line' id='line_1_118' title="bbox 2148 5143 3718 5217; baseline 0.003 -22"><span class='ocrx_word' id='word_1_938' title='bbox 2148 5161 2244 5211; x_wconf 89' lang='grc' dir='ltr'>μον</span> <span class='ocrx_word' id='word_1_939' title='bbox 2270 5143 2493 5211; x_wconf 85' lang='grc' dir='ltr'>ταύτην.</span> <span class='ocrx_word' id='word_1_940' title='bbox 2528 5143 2681 5195; x_wconf 77' lang='grc' dir='ltr'>πόσοι</span> <span class='ocrx_word' id='word_1_941' title='bbox 2720 5144 2891 5213; x_wconf 79' lang='grc' dir='ltr'>ὄφεις,</span> <span class='ocrx_word' id='word_1_942' title='bbox 2952 5145 3101 5196; x_wconf 86' lang='grc' dir='ltr'>πόσοι</span> <span class='ocrx_word' id='word_1_943' title='bbox 3139 5148 3449 5215; x_wconf 82' lang='grc' dir='ltr'>γεννήματα</span> <span class='ocrx_word' id='word_1_944' title='bbox 3497 5148 3718 5217; x_wconf 72' lang='grc' dir='ltr'>ἐχιδνῶν</span> 
     </span>
    </p>
   </div>
   <div class='ocr_carea' id='block_1_119' title="bbox 2143 5224 3717 5302">
    <p class='ocr_par' dir='ltr' id='par_1_119' title="bbox 2143 5224 3717 5302">
     <span class='ocr_line' id='line_1_119' title="bbox 2143 5224 3717 5302; baseline 0.001 -19"><span class='ocrx_word' id='word_1_945' title='bbox 2143 5224 2306 5291; x_wconf 79' lang='grc' dir='ltr'>οῦτοι,</span> <span class='ocrx_word' id='word_1_946' title='bbox 2348 5229 2440 5293; x_wconf 79' lang='grc' dir='ltr'>οὒς</span> <span class='ocrx_word' id='word_1_947' title='bbox 2468 5228 2561 5283; x_wconf 91' lang='grc' dir='ltr'>νῦν</span> <span class='ocrx_word' id='word_1_948' title='bbox 2580 5230 2894 5301; x_wconf 85' lang='grc' dir='ltr'>διήλθομεν;</span> <span class='ocrx_word' id='word_1_949' title='bbox 2934 5230 3090 5283; x_wconf 84' lang='grc' dir='ltr'>Ἀλλὰ</span> <span class='ocrx_word' id='word_1_950' title='bbox 3123 5232 3196 5301; x_wconf 78' lang='grc' dir='ltr'>μὴ</span> <span class='ocrx_word' id='word_1_951' title='bbox 3228 5233 3581 5302; x_wconf 76' lang='grc' dir='ltr'>φοϐηθῶμενο</span> <span class='ocrx_word' id='word_1_952' title='bbox 3616 5234 3717 5302; x_wconf 80' lang='grc' dir='ltr'>τῆς</span> 
     </span>
    </p>
   </div>
   <div class='ocr_carea' id='block_1_120' title="bbox 2143 5318 3718 5389">
    <p class='ocr_par' dir='ltr' id='par_1_120' title="bbox 2143 5318 3718 5389">
     <span class='ocr_line' id='line_1_120' title="bbox 2143 5318 3718 5389; baseline 0.004 -20"><span class='ocrx_word' id='word_1_953' title='bbox 2143 5318 2252 5389; x_wconf 81' lang='grc' dir='ltr'>γὰρ</span> <span class='ocrx_word' id='word_1_954' title='bbox 2304 5319 2480 5383; x_wconf 80' lang='grc' dir='ltr'>ἐξόδου</span> <span class='ocrx_word' id='word_1_955' title='bbox 2519 5318 2722 5388; x_wconf 86' lang='grc' dir='ltr'>ταύτης</span> <span class='ocrx_word' id='word_1_956' title='bbox 2773 5322 3084 5389; x_wconf 84' lang='grc' dir='ltr'>στρατηγεῖ,</span> <span class='ocrx_word' id='word_1_957' title='bbox 3158 5322 3216 5372; x_wconf 88' lang='grc' dir='ltr'>οὐ</span> <span class='ocrx_word' id='word_1_958' title='bbox 3272 5322 3529 5389; x_wconf 77' lang='grc' dir='ltr'>Μωῦσῆς,</span> <span class='ocrx_word' id='word_1_959' title='bbox 3584 5322 3718 5375; x_wconf 80' lang='grc' dir='ltr'>ἀλλά</span> 
     </span>
    </p>
   </div>
   <div class='ocr_carea' id='block_1_121' title="bbox 2156 5403 3718 5479">
    <p class='ocr_par' dir='ltr' id='par_1_121' title="bbox 2156 5403 3718 5479">
     <span class='ocr_line' id='line_1_121' title="bbox 2156 5403 3718 5479; baseline 0.002 -20"><span class='ocrx_word' id='word_1_960' title='bbox 2156 5405 2377 5477; x_wconf 77' lang='grc' dir='ltr'>Ἰησοῦς.</span> <span class='ocrx_word' id='word_1_961' title='bbox 2404 5406 2526 5469; x_wconf 89' lang='grc' dir='ltr'>Πῶς</span> <span class='ocrx_word' id='word_1_962' title='bbox 2553 5403 2644 5459; x_wconf 72' lang='grc' dir='ltr'>οὖν</span> <span class='ocrx_word' id='word_1_963' title='bbox 2670 5408 2742 5477; x_wconf 82' lang='grc' dir='ltr'>μὴ</span> <span class='ocrx_word' id='word_1_964' title='bbox 2767 5407 2835 5459; x_wconf 84' lang='grc' dir='ltr'>τά</span> <span class='ocrx_word' id='word_1_965' title='bbox 2856 5409 2991 5460; x_wconf 85' lang='grc' dir='ltr'>αὐτά</span> <span class='ocrx_word' id='word_1_966' title='bbox 3021 5408 3315 5478; x_wconf 86' lang='grc' dir='ltr'>πάθωμεν;</span> <span class='ocrx_word' id='word_1_967' title='bbox 3362 5410 3452 5479; x_wconf 81' lang='grc' dir='ltr'>Μὴ</span> <span class='ocrx_word' id='word_1_968' title='bbox 3480 5411 3549 5463; x_wconf 77' lang='grc' dir='ltr'>τὰ</span> <span class='ocrx_word' id='word_1_969' title='bbox 3578 5409 3718 5462; x_wconf 85' lang='grc' dir='ltr'>αὐτὰ</span> 
     </span>
    </p>
   </div>
   <div class='ocr_carea' id='block_1_122' title="bbox 2142 5496 3719 5567">
    <p class='ocr_par' dir='ltr' id='par_1_122' title="bbox 2142 5496 3719 5567">
     <span class='ocr_line' id='line_1_122' title="bbox 2142 5496 3719 5567; baseline 0.001 -19"><span class='ocrx_word' id='word_1_970' title='bbox 2142 5496 2449 5567; x_wconf 87' lang='grc' dir='ltr'>δράσωμεν,</span> <span class='ocrx_word' id='word_1_971' title='bbox 2472 5497 2565 5549; x_wconf 77' lang='grc' dir='ltr'>καὶ</span> <span class='ocrx_word' id='word_1_972' title='bbox 2586 5497 2646 5549; x_wconf 92' lang='grc' dir='ltr'>οὐ</span> <span class='ocrx_word' id='word_1_973' title='bbox 2672 5497 2969 5566; x_wconf 88' lang='grc' dir='ltr'>πεισόμεθα</span> <span class='ocrx_word' id='word_1_974' title='bbox 3004 5497 3070 5548; x_wconf 83' lang='grc' dir='ltr'>τὰ</span> <span class='ocrx_word' id='word_1_975' title='bbox 3098 5498 3255 5550; x_wconf 90' lang='grc' dir='ltr'>αὐτά.</span> <span class='ocrx_word' id='word_1_976' title='bbox 3303 5498 3530 5551; x_wconf 82' lang='grc' dir='ltr'>Ἐκεῖνοι</span> <span class='ocrx_word' id='word_1_977' title='bbox 3562 5498 3719 5566; x_wconf 85' lang='grc' dir='ltr'>ἐγόγ-</span> 
     </span>
    </p>
   </div>
   <div class='ocr_carea' id='block_1_123' title="bbox 2143 5581 3716 5655">
    <p class='ocr_par' dir='ltr' id='par_1_123' title="bbox 2143 5581 3716 5655">
     <span class='ocr_line' id='line_1_123' title="bbox 2143 5581 3716 5655; baseline 0.001 -17"><span class='ocrx_word' id='word_1_978' title='bbox 2143 5585 2326 5653; x_wconf 73' lang='grc' dir='ltr'>γυζον,</span> <span class='ocrx_word' id='word_1_979' title='bbox 2353 5587 2546 5637; x_wconf 84' lang='grc' dir='ltr'>ἐκεῖνοι</span> <span class='ocrx_word' id='word_1_980' title='bbox 2573 5584 2885 5655; x_wconf 87' lang='grc' dir='ltr'>ἀγνώμονες</span> <span class='ocrx_word' id='word_1_981' title='bbox 2906 5581 3042 5655; x_wconf 75' lang='grc' dir='ltr'>ἦσαν</span> <span class='ocrx_word' id='word_1_982' title='bbox 3068 5600 3081 5613; x_wconf 88' lang='grc'><strong>·</strong></span> <span class='ocrx_word' id='word_1_983' title='bbox 3116 5586 3189 5655; x_wconf 85' lang='grc' dir='ltr'>μὴ</span> <span class='ocrx_word' id='word_1_984' title='bbox 3214 5586 3389 5639; x_wconf 87' lang='grc' dir='ltr'>τοίνυν</span> <span class='ocrx_word' id='word_1_985' title='bbox 3409 5586 3581 5639; x_wconf 85' lang='grc' dir='ltr'>ταῦτα</span> <span class='ocrx_word' id='word_1_986' title='bbox 3609 5587 3716 5642; x_wconf 87' lang='grc' dir='ltr'>πά-</span> 
     </span>
    </p>
   </div>
   <div class='ocr_carea' id='block_1_124' title="bbox 2210 5726 3519 5793">
    <p class='ocr_par' dir='ltr' id='par_1_124' title="bbox 2210 5726 3519 5793">
     <span class='ocr_line' id='line_1_124' title="bbox 2210 5726 3519 5793; baseline -0.001 -13"><span class='ocrx_word' id='word_1_987' title='bbox 2210 5732 2239 5771; x_wconf 79' lang='lat' dir='ltr'><strong>b</strong></span> <span class='ocrx_word' id='word_1_988' title='bbox 2262 5728 2344 5780; x_wconf 88' lang='lat' dir='ltr'>Sic</span> <span class='ocrx_word' id='word_1_989' title='bbox 2365 5730 2562 5793; x_wconf 83' lang='lat' dir='ltr'><strong>quidam</strong></span> <span class='ocrx_word' id='word_1_990' title='bbox 2581 5744 2697 5779; x_wconf 86' lang='lat' dir='ltr'>mss.</span> <span class='ocrx_word' id='word_1_991' title='bbox 2732 5726 2863 5780; x_wconf 81' lang='lat' dir='ltr'>Editi</span> <span class='ocrx_word' id='word_1_992' title='bbox 2888 5743 3009 5781; x_wconf 76' lang='lat' dir='ltr'>vero</span> <span class='ocrx_word' id='word_1_993' title='bbox 3031 5736 3085 5780; x_wconf 74' lang='grc' dir='ltr'>οἱ</span> <span class='ocrx_word' id='word_1_994' title='bbox 3108 5729 3191 5780; x_wconf 80' lang='lat' dir='ltr'>alii</span> <span class='ocrx_word' id='word_1_995' title='bbox 3212 5731 3356 5780; x_wconf 82' lang='grc' dir='ltr'>πόσοι</span> <span class='ocrx_word' id='word_1_996' title='bbox 3380 5730 3519 5793; x_wconf 71' lang='grc' dir='ltr'>ἔχεις.</span> 
     </span>
    </p>
   </div>
  </div>
