  <div class='ocr_page' id='page_1' title='image "/cluster/home/n/w/nwhite01/storage/ocr_20150623/62/nnc1.0046979654/172.png"; bbox 0 0 4100 6412; ppageno 0'>
   <div class='ocr_carea' id='block_1_1' title="bbox 434 311 533 366">
    <p class='ocr_par' dir='ltr' id='par_1_1' title="bbox 434 311 533 366">
     <span class='ocr_line' id='line_1_1' title="bbox 434 311 533 366; baseline -0.01 0"><span class='ocrx_word' id='word_1_1' title='bbox 434 311 533 366; x_wconf 77' lang='lat' dir='ltr'><strong>I63</strong></span> 
     </span>
    </p>
   </div>
   <div class='ocr_carea' id='block_1_2' title="bbox 429 425 1999 495">
    <p class='ocr_par' dir='ltr' id='par_1_2' title="bbox 429 425 1999 495">
     <span class='ocr_line' id='line_1_2' title="bbox 429 425 1999 495; baseline 0.006 -14"><span class='ocrx_word' id='word_1_2' title='bbox 429 425 711 481; x_wconf 76' lang='lat' dir='ltr'><strong>humanam</strong></span> <span class='ocrx_word' id='word_1_3' title='bbox 736 435 953 495; x_wconf 89' lang='lat' dir='ltr'><strong>superet</strong></span> <span class='ocrx_word' id='word_1_4' title='bbox 981 427 1238 483; x_wconf 89' lang='lat' dir='ltr'><strong>rationem</strong></span> <span class='ocrx_word' id='word_1_5' title='bbox 1263 428 1286 481; x_wconf 70' lang='grc' dir='ltr'><strong>’ἒ</strong></span> <span class='ocrx_word' id='word_1_6' title='bbox 1316 445 1421 484; x_wconf 92' lang='lat' dir='ltr'><strong>nou</strong></span> <span class='ocrx_word' id='word_1_7' title='bbox 1462 442 1585 486; x_wconf 89' lang='lat' dir='ltr'><strong>sunt</strong></span> <span class='ocrx_word' id='word_1_8' title='bbox 1614 433 1755 488; x_wconf 89' lang='lat' dir='ltr'><strong>enim</strong></span> <span class='ocrx_word' id='word_1_9' title='bbox 1785 437 1999 491; x_wconf 85' lang='lat' dir='ltr'><strong>succin-</strong></span> 
     </span>
    </p>
   </div>
   <div class='ocr_carea' id='block_1_3' title="bbox 420 514 1998 594">
    <p class='ocr_par' dir='ltr' id='par_1_3' title="bbox 420 514 1998 594">
     <span class='ocr_line' id='line_1_3' title="bbox 420 514 1998 594; baseline 0.008 -25"><span class='ocrx_word' id='word_1_10' title='bbox 420 515 494 570; x_wconf 90' lang='lat' dir='ltr'><strong>cti</strong></span> <span class='ocrx_word' id='word_1_11' title='bbox 522 516 573 568; x_wconf 91' lang='lat' dir='ltr'><strong>in</strong></span> <span class='ocrx_word' id='word_1_12' title='bbox 604 514 846 570; x_wconf 89' lang='lat' dir='ltr'><strong>veritate.</strong></span> <span class='ocrx_word' id='word_1_13' title='bbox 878 516 1237 582; x_wconf 82' lang='lat' dir='ltr'><strong>Quamobrem</strong></span> <span class='ocrx_word' id='word_1_14' title='bbox 1268 520 1425 574; x_wconf 89' lang='lat' dir='ltr'><strong>soluti</strong></span> <span class='ocrx_word' id='word_1_15' title='bbox 1454 532 1579 576; x_wconf 90' lang='lat' dir='ltr'><strong>sunt</strong></span> <span class='ocrx_word' id='word_1_16' title='bbox 1599 538 1784 578; x_wconf 90' lang='lat' dir='ltr'><strong>eorum</strong></span> <span class='ocrx_word' id='word_1_17' title='bbox 1813 527 1998 594; x_wconf 85' lang='lat' dir='ltr'><strong>lumbi,</strong></span> 
     </span>
    </p>
   </div>
   <div class='ocr_carea' id='block_1_4' title="bbox 420 608 1999 682">
    <p class='ocr_par' dir='ltr' id='par_1_4' title="bbox 420 608 1999 682">
     <span class='ocr_line' id='line_1_4' title="bbox 420 608 1999 682; baseline 0.01 -21"><span class='ocrx_word' id='word_1_18' title='bbox 420 608 474 662; x_wconf 90' lang='lat' dir='ltr'><strong>iu</strong></span> <span class='ocrx_word' id='word_1_19' title='bbox 495 610 646 679; x_wconf 86' lang='lat' dir='ltr'><strong>queis</strong></span> <span class='ocrx_word' id='word_1_20' title='bbox 666 620 790 665; x_wconf 90' lang='lat' dir='ltr'><strong>sunt</strong></span> <span class='ocrx_word' id='word_1_21' title='bbox 807 611 1055 682; x_wconf 77' lang='lat' dir='ltr'><strong>gignendi</strong></span> <span class='ocrx_word' id='word_1_22' title='bbox 1085 614 1284 668; x_wconf 80' lang='lat' dir='ltr'><strong>semina</strong></span> <span class='ocrx_word' id='word_1_23' title='bbox 1310 626 1364 670; x_wconf 88' lang='lat' dir='ltr'><strong>et</strong></span> <span class='ocrx_word' id='word_1_24' title='bbox 1387 619 1785 674; x_wconf 89' lang='lat' dir='ltr'><strong>ratiociniormn</strong></span> <span class='ocrx_word' id='word_1_25' title='bbox 1815 621 1999 677; x_wconf 88' lang='lat' dir='ltr'><strong>robur.</strong></span> 
     </span>
    </p>
   </div>
   <div class='ocr_carea' id='block_1_5' title="bbox 418 703 1306 774">
    <p class='ocr_par' dir='ltr' id='par_1_5' title="bbox 418 703 1306 774">
     <span class='ocr_line' id='line_1_5' title="bbox 418 703 1306 774; baseline 0.007 -17"><span class='ocrx_word' id='word_1_26' title='bbox 418 703 561 758; x_wconf 80' lang='lat' dir='ltr'><strong>Nihil</strong></span> <span class='ocrx_word' id='word_1_27' title='bbox 591 715 675 759; x_wconf 91' lang='lat' dir='ltr'><strong>est</strong></span> <span class='ocrx_word' id='word_1_28' title='bbox 700 719 830 774; x_wconf 86' lang='lat' dir='ltr'><strong>ergo</strong></span> <span class='ocrx_word' id='word_1_29' title='bbox 860 705 943 760; x_wconf 91' lang='lat' dir='ltr'><strong>his</strong></span> <span class='ocrx_word' id='word_1_30' title='bbox 969 706 1306 763; x_wconf 85' lang='lat' dir='ltr'><strong>imbecillius.</strong></span> 
     </span>
    </p>
   </div>
   <div class='ocr_carea' id='block_1_6' title="bbox 488 792 1997 873">
    <p class='ocr_par' dir='ltr' id='par_1_6' title="bbox 488 792 1997 873">
     <span class='ocr_line' id='line_1_6' title="bbox 488 792 1997 873; baseline 0.01 -26"><span class='ocrx_word' id='word_1_31' title='bbox 488 792 543 847; x_wconf 92' lang='lat'><strong>2.</strong></span> <span class='ocrx_word' id='word_1_32' title='bbox 587 794 793 850; x_wconf 85' lang='lat' dir='ltr'><strong>Rursus</strong></span> <span class='ocrx_word' id='word_1_33' title='bbox 842 805 1019 851; x_wconf 90' lang='lat' dir='ltr'><strong>autem</strong></span> <span class='ocrx_word' id='word_1_34' title='bbox 1066 798 1216 852; x_wconf 80' lang='lat' dir='ltr'><strong>vides</strong></span> <span class='ocrx_word' id='word_1_35' title='bbox 1259 799 1578 857; x_wconf 72' lang='lat' dir='ltr'><strong>Mauichasos</strong></span> <span class='ocrx_word' id='word_1_36' title='bbox 1620 805 1888 873; x_wconf 89' lang='lat' dir='ltr'><strong>quomodo</strong></span> <span class='ocrx_word' id='word_1_37' title='bbox 1930 821 1997 862; x_wconf 73' lang='lat' dir='ltr'><strong>ex</strong></span> 
     </span>
    </p>
   </div>
   <div class='ocr_carea' id='block_1_7' title="bbox 419 887 1992 967">
    <p class='ocr_par' dir='ltr' id='par_1_7' title="bbox 419 887 1992 967">
     <span class='ocr_line' id='line_1_7' title="bbox 419 887 1992 967; baseline 0.01 -29"><span class='ocrx_word' id='word_1_38' title='bbox 419 888 645 954; x_wconf 80' lang='lat' dir='ltr'><strong>prapriis</strong></span> <span class='ocrx_word' id='word_1_39' title='bbox 673 887 966 943; x_wconf 75' lang='lat' dir='ltr'><strong>rationibus</strong></span> <span class='ocrx_word' id='word_1_40' title='bbox 986 888 1163 944; x_wconf 85' lang='lat' dir='ltr'><strong>omnia</strong></span> <span class='ocrx_word' id='word_1_41' title='bbox 1188 891 1330 960; x_wconf 86' lang='lat' dir='ltr'><strong>loqui</strong></span> <span class='ocrx_word' id='word_1_42' title='bbox 1348 893 1615 949; x_wconf 75' lang='lat' dir='ltr'><strong>audeant?</strong></span> <span class='ocrx_word' id='word_1_43' title='bbox 1635 896 1747 951; x_wconf 92' lang='lat' dir='ltr'><strong>Non</strong></span> <span class='ocrx_word' id='word_1_44' title='bbox 1766 907 1992 967; x_wconf 91' lang='lat' dir='ltr'><strong>poterat,</strong></span> 
     </span>
    </p>
   </div>
   <div class='ocr_carea' id='block_1_8' title="bbox 418 974 1994 1054">
    <p class='ocr_par' dir='ltr' id='par_1_8' title="bbox 418 974 1994 1054">
     <span class='ocr_line' id='line_1_8' title="bbox 418 974 1994 1054; baseline 0.009 -25"><span class='ocrx_word' id='word_1_45' title='bbox 418 974 608 1045; x_wconf 86' lang='lat' dir='ltr'><strong>inquit,</strong></span> <span class='ocrx_word' id='word_1_46' title='bbox 646 977 784 1033; x_wconf 87' lang='lat' dir='ltr'><strong>Deus</strong></span> <span class='ocrx_word' id='word_1_47' title='bbox 822 978 1075 1034; x_wconf 93' lang='lat' dir='ltr'><strong>mundum</strong></span> <span class='ocrx_word' id='word_1_48' title='bbox 1106 996 1292 1036; x_wconf 90' lang='lat' dir='ltr'><strong>creare</strong></span> <span class='ocrx_word' id='word_1_49' title='bbox 1315 984 1516 1054; x_wconf 85' lang='lat' dir='ltr'><strong>absque</strong></span> <span class='ocrx_word' id='word_1_50' title='bbox 1544 987 1782 1041; x_wconf 90' lang='lat' dir='ltr'><strong>materia.</strong></span> <span class='ocrx_word' id='word_1_51' title='bbox 1813 988 1994 1043; x_wconf 88' lang='lat' dir='ltr'><strong>Unde-</strong></span> 
     </span>
    </p>
   </div>
   <div class='ocr_carea' id='block_1_9' title="bbox 416 1068 1990 1139">
    <p class='ocr_par' dir='ltr' id='par_1_9' title="bbox 416 1068 1990 1139">
     <span class='ocr_line' id='line_1_9' title="bbox 416 1068 1990 1139; baseline 0.009 -19"><span class='ocrx_word' id='word_1_52' title='bbox 416 1083 538 1121; x_wconf 87' lang='lat' dir='ltr'><strong>nam</strong></span> <span class='ocrx_word' id='word_1_53' title='bbox 582 1068 683 1122; x_wconf 92' lang='lat' dir='ltr'><strong>hoc</strong></span> <span class='ocrx_word' id='word_1_54' title='bbox 706 1070 953 1123; x_wconf 83' lang='lat' dir='ltr'><strong>constat?</strong></span> <span class='ocrx_word' id='word_1_55' title='bbox 988 1070 1103 1126; x_wconf 67' lang='lat' dir='ltr'><strong>haec</strong></span> <span class='ocrx_word' id='word_1_56' title='bbox 1132 1071 1277 1126; x_wconf 88' lang='lat' dir='ltr'><strong>humi</strong></span> <span class='ocrx_word' id='word_1_57' title='bbox 1309 1086 1583 1131; x_wconf 83' lang='lat' dir='ltr'><strong>versantes</strong></span> <span class='ocrx_word' id='word_1_58' title='bbox 1609 1077 1808 1139; x_wconf 81' lang='lat' dir='ltr'><strong>dicunt.</strong></span> <span class='ocrx_word' id='word_1_59' title='bbox 1841 1089 1894 1133; x_wconf 92' lang='lat' dir='ltr'><strong>et</strong></span> <span class='ocrx_word' id='word_1_60' title='bbox 1922 1095 1990 1134; x_wconf 83' lang='lat' dir='ltr'><strong>ex</strong></span> 
     </span>
    </p>
   </div>
   <div class='ocr_carea' id='block_1_10' title="bbox 415 1162 1989 1235">
    <p class='ocr_par' dir='ltr' id='par_1_10' title="bbox 415 1162 1989 1235">
     <span class='ocr_line' id='line_1_10' title="bbox 415 1162 1989 1235; baseline 0.006 -23"><span class='ocrx_word' id='word_1_61' title='bbox 415 1169 584 1223; x_wconf 89' lang='lat' dir='ltr'><strong>terra,</strong></span> <span class='ocrx_word' id='word_1_62' title='bbox 619 1171 776 1230; x_wconf 85' lang='lat' dir='ltr'><strong>atque</strong></span> <span class='ocrx_word' id='word_1_63' title='bbox 802 1162 865 1215; x_wconf 91' lang='lat' dir='ltr'><strong>iis</strong></span> <span class='ocrx_word' id='word_1_64' title='bbox 891 1177 1011 1232; x_wconf 70' lang='lat' dir='ltr'><strong>qua:</strong></span> <span class='ocrx_word' id='word_1_65' title='bbox 1040 1174 1164 1217; x_wconf 89' lang='lat' dir='ltr'><strong>sunt</strong></span> <span class='ocrx_word' id='word_1_66' title='bbox 1188 1166 1325 1233; x_wconf 89' lang='lat' dir='ltr'><strong>apud</strong></span> <span class='ocrx_word' id='word_1_67' title='bbox 1360 1181 1475 1219; x_wconf 86' lang='lat' dir='ltr'><strong>nos.</strong></span> <span class='ocrx_word' id='word_1_68' title='bbox 1502 1167 1762 1235; x_wconf 86' lang='lat' dir='ltr'><strong>Quoniam</strong></span> <span class='ocrx_word' id='word_1_69' title='bbox 1796 1170 1989 1234; x_wconf 75' lang='lat' dir='ltr'><strong>homo,</strong></span> 
     </span>
    </p>
   </div>
   <div class='ocr_carea' id='block_1_11' title="bbox 413 1251 1988 1332">
    <p class='ocr_par' dir='ltr' id='par_1_11' title="bbox 413 1251 1988 1332">
     <span class='ocr_line' id='line_1_11' title="bbox 413 1251 1988 1332; baseline 0.009 -28"><span class='ocrx_word' id='word_1_70' title='bbox 413 1251 691 1320; x_wconf 90' lang='lat' dir='ltr'><strong>inquiunt,</strong></span> <span class='ocrx_word' id='word_1_71' title='bbox 725 1266 829 1306; x_wconf 90' lang='lat' dir='ltr'><strong>non</strong></span> <span class='ocrx_word' id='word_1_72' title='bbox 873 1262 1045 1314; x_wconf 86' lang='lat' dir='ltr'><strong>potest</strong></span> <span class='ocrx_word' id='word_1_73' title='bbox 1072 1255 1228 1310; x_wconf 84' lang='lat' dir='ltr'><strong>aliter</strong></span> <span class='ocrx_word' id='word_1_74' title='bbox 1269 1256 1460 1313; x_wconf 90' lang='lat' dir='ltr'><strong>facere.</strong></span> <span class='ocrx_word' id='word_1_75' title='bbox 1490 1259 1694 1315; x_wconf 79' lang='lat' dir='ltr'><strong>Rursus</strong></span> <span class='ocrx_word' id='word_1_76' title='bbox 1716 1261 1835 1317; x_wconf 88' lang='lat' dir='ltr'><strong>vide</strong></span> <span class='ocrx_word' id='word_1_77' title='bbox 1863 1264 1988 1332; x_wconf 88' lang='lat' dir='ltr'><strong>quid</strong></span> 
     </span>
    </p>
   </div>
   <div class='ocr_carea' id='block_1_12' title="bbox 410 1342 1987 1419">
    <p class='ocr_par' dir='ltr' id='par_1_12' title="bbox 410 1342 1987 1419">
     <span class='ocr_line' id='line_1_12' title="bbox 410 1342 1987 1419; baseline 0.008 -24"><span class='ocrx_word' id='word_1_78' title='bbox 410 1342 551 1395; x_wconf 87' lang='lat' dir='ltr'><strong>dicat</strong></span> <span class='ocrx_word' id='word_1_79' title='bbox 579 1342 810 1397; x_wconf 83' lang='lat' dir='ltr'><strong>Marcion</strong></span> <span class='ocrx_word' id='word_1_80' title='bbox 836 1347 979 1401; x_wconf 91' lang='lat' dir='ltr'><strong>:Non</strong></span> <span class='ocrx_word' id='word_1_81' title='bbox 1006 1355 1211 1414; x_wconf 85' lang='lat' dir='ltr'><strong>poterat</strong></span> <span class='ocrx_word' id='word_1_82' title='bbox 1240 1348 1378 1402; x_wconf 89' lang='lat' dir='ltr'><strong>Deus</strong></span> <span class='ocrx_word' id='word_1_83' title='bbox 1401 1360 1667 1419; x_wconf 90' lang='lat' dir='ltr'><strong>assumpta</strong></span> <span class='ocrx_word' id='word_1_84' title='bbox 1686 1367 1846 1406; x_wconf 90' lang='lat' dir='ltr'><strong>carne</strong></span> <span class='ocrx_word' id='word_1_85' title='bbox 1870 1369 1987 1407; x_wconf 83' lang='lat' dir='ltr'><strong>nta-</strong></span> 
     </span>
    </p>
   </div>
   <div class='ocr_carea' id='block_1_13' title="bbox 411 1433 1987 1508">
    <p class='ocr_par' dir='ltr' id='par_1_13' title="bbox 411 1433 1987 1508">
     <span class='ocr_line' id='line_1_13' title="bbox 411 1433 1987 1508; baseline 0.008 -22"><span class='ocrx_word' id='word_1_86' title='bbox 411 1447 540 1487; x_wconf 85' lang='lat' dir='ltr'><strong>nere</strong></span> <span class='ocrx_word' id='word_1_87' title='bbox 580 1434 829 1487; x_wconf 91' lang='lat' dir='ltr'><strong>mundus.</strong></span> <span class='ocrx_word' id='word_1_88' title='bbox 858 1433 1135 1489; x_wconf 86' lang='lat' dir='ltr'><strong>Uudenam</strong></span> <span class='ocrx_word' id='word_1_89' title='bbox 1177 1438 1278 1492; x_wconf 90' lang='lat' dir='ltr'><strong>hoc</strong></span> <span class='ocrx_word' id='word_1_90' title='bbox 1322 1442 1573 1494; x_wconf 84' lang='lat' dir='ltr'><strong>constat?</strong></span> <span class='ocrx_word' id='word_1_91' title='bbox 1598 1441 1858 1508; x_wconf 82' lang='lat' dir='ltr'><strong>Quoniam</strong></span> <span class='ocrx_word' id='word_1_92' title='bbox 1888 1460 1987 1499; x_wconf 90' lang='lat' dir='ltr'><strong>nec</strong></span> 
     </span>
    </p>
   </div>
   <div class='ocr_carea' id='block_1_14' title="bbox 410 1522 1982 1607">
    <p class='ocr_par' dir='ltr' id='par_1_14' title="bbox 410 1522 1982 1607">
     <span class='ocr_line' id='line_1_14' title="bbox 410 1522 1982 1607; baseline 0.01 -30"><span class='ocrx_word' id='word_1_93' title='bbox 410 1522 652 1580; x_wconf 83' lang='lat' dir='ltr'><strong>homines</strong></span> <span class='ocrx_word' id='word_1_94' title='bbox 694 1526 908 1595; x_wconf 87' lang='lat' dir='ltr'><strong>quidem</strong></span> <span class='ocrx_word' id='word_1_95' title='bbox 960 1539 1199 1597; x_wconf 91' lang='lat' dir='ltr'><strong>possunt.</strong></span> <span class='ocrx_word' id='word_1_96' title='bbox 1243 1531 1400 1602; x_wconf 84' lang='lat' dir='ltr'><strong>Atqui</strong></span> <span class='ocrx_word' id='word_1_97' title='bbox 1449 1534 1691 1590; x_wconf 88' lang='lat' dir='ltr'><strong>homines</strong></span> <span class='ocrx_word' id='word_1_98' title='bbox 1739 1549 1982 1607; x_wconf 87' lang='lat' dir='ltr'><strong>possunt.</strong></span> 
     </span>
    </p>
   </div>
   <div class='ocr_carea' id='block_1_15' title="bbox 409 1614 1984 1696">
    <p class='ocr_par' dir='ltr' id='par_1_15' title="bbox 409 1614 1984 1696">
     <span class='ocr_line' id='line_1_15' title="bbox 409 1614 1984 1696; baseline 0.01 -26"><span class='ocrx_word' id='word_1_99' title='bbox 409 1614 721 1671; x_wconf 89' lang='lat' dir='ltr'><strong>Valentinus</strong></span> <span class='ocrx_word' id='word_1_100' title='bbox 752 1633 935 1673; x_wconf 86' lang='lat' dir='ltr'><strong>rursus</strong></span> <span class='ocrx_word' id='word_1_101' title='bbox 958 1622 1101 1675; x_wconf 91' lang='lat' dir='ltr'><strong>humi</strong></span> <span class='ocrx_word' id='word_1_102' title='bbox 1125 1635 1400 1692; x_wconf 84' lang='lat' dir='ltr'><strong>serpentes</strong></span> <span class='ocrx_word' id='word_1_103' title='bbox 1428 1624 1627 1681; x_wconf 85' lang='lat' dir='ltr'><strong>habens</strong></span> <span class='ocrx_word' id='word_1_104' title='bbox 1651 1629 1883 1683; x_wconf 84' lang='lat' dir='ltr'><strong>rationes</strong></span> <span class='ocrx_word' id='word_1_105' title='bbox 1906 1672 1921 1696; x_wconf 95' lang='lat'><strong>,</strong></span> <span class='ocrx_word' id='word_1_106' title='bbox 1951 1646 1984 1686; x_wconf 89' lang='lat' dir='ltr'><strong>e</strong></span> 
     </span>
    </p>
   </div>
   <div class='ocr_carea' id='block_1_16' title="bbox 407 1707 1983 1788">
    <p class='ocr_par' dir='ltr' id='par_1_16' title="bbox 407 1707 1983 1788">
     <span class='ocr_line' id='line_1_16' title="bbox 407 1707 1983 1788; baseline 0.012 -29"><span class='ocrx_word' id='word_1_107' title='bbox 407 1716 547 1761; x_wconf 88' lang='lat' dir='ltr'><strong>terra</strong></span> <span class='ocrx_word' id='word_1_108' title='bbox 579 1707 839 1777; x_wconf 84' lang='lat' dir='ltr'><strong>loquitur,</strong></span> <span class='ocrx_word' id='word_1_109' title='bbox 872 1711 1224 1783; x_wconf 88' lang='lat' dir='ltr'><strong>similiterque</strong></span> <span class='ocrx_word' id='word_1_110' title='bbox 1256 1716 1447 1772; x_wconf 82' lang='lat' dir='ltr'><strong>Paulus</strong></span> <span class='ocrx_word' id='word_1_111' title='bbox 1492 1718 1900 1788; x_wconf 86' lang='lat' dir='ltr'><strong>Samosatenus,</strong></span> <span class='ocrx_word' id='word_1_112' title='bbox 1927 1734 1983 1778; x_wconf 88' lang='lat' dir='ltr'><strong>et</strong></span> 
     </span>
    </p>
   </div>
   <div class='ocr_carea' id='block_1_17' title="bbox 404 1798 1982 1880">
    <p class='ocr_par' dir='ltr' id='par_1_17' title="bbox 404 1798 1982 1880">
     <span class='ocr_line' id='line_1_17' title="bbox 404 1798 1982 1880; baseline 0.011 -29"><span class='ocrx_word' id='word_1_113' title='bbox 404 1798 582 1852; x_wconf 82' lang='lat' dir='ltr'><strong>Arius.</strong></span> <span class='ocrx_word' id='word_1_114' title='bbox 613 1799 749 1867; x_wconf 84' lang='lat' dir='ltr'><strong>Quid</strong></span> <span class='ocrx_word' id='word_1_115' title='bbox 776 1802 918 1855; x_wconf 89' lang='lat' dir='ltr'><strong>enim</strong></span> <span class='ocrx_word' id='word_1_116' title='bbox 944 1803 1110 1858; x_wconf 85' lang='lat' dir='ltr'><strong>dicit?</strong></span> <span class='ocrx_word' id='word_1_117' title='bbox 1150 1804 1264 1859; x_wconf 89' lang='lat' dir='ltr'><strong>Non</strong></span> <span class='ocrx_word' id='word_1_118' title='bbox 1306 1816 1512 1875; x_wconf 85' lang='lat' dir='ltr'><strong>poterat</strong></span> <span class='ocrx_word' id='word_1_119' title='bbox 1552 1809 1691 1864; x_wconf 92' lang='lat' dir='ltr'><strong>Deus</strong></span> <span class='ocrx_word' id='word_1_120' title='bbox 1719 1826 1982 1880; x_wconf 86' lang='lat' dir='ltr'><strong>generans</strong></span> 
     </span>
    </p>
   </div>
   <div class='ocr_carea' id='block_1_18' title="bbox 401 1890 1975 1970">
    <p class='ocr_par' dir='ltr' id='par_1_18' title="bbox 401 1890 1975 1970">
     <span class='ocr_line' id='line_1_18' title="bbox 401 1890 1975 1970; baseline 0.011 -29"><span class='ocrx_word' id='word_1_121' title='bbox 401 1903 658 1957; x_wconf 86' lang='lat' dir='ltr'><strong>generare</strong></span> <span class='ocrx_word' id='word_1_122' title='bbox 685 1890 1067 1959; x_wconf 74' lang='lat' dir='ltr'><strong>impatibiliter.</strong></span> <span class='ocrx_word' id='word_1_123' title='bbox 1101 1894 1376 1951; x_wconf 90' lang='lat' dir='ltr'><strong>Undenam</strong></span> <span class='ocrx_word' id='word_1_124' title='bbox 1414 1899 1514 1955; x_wconf 90' lang='lat' dir='ltr'><strong>hoc</strong></span> <span class='ocrx_word' id='word_1_125' title='bbox 1555 1901 1718 1957; x_wconf 90' lang='lat' dir='ltr'><strong>audes</strong></span> <span class='ocrx_word' id='word_1_126' title='bbox 1767 1903 1975 1970; x_wconf 90' lang='lat' dir='ltr'><strong>dicere,</strong></span> 
     </span>
    </p>
   </div>
   <div class='ocr_carea' id='block_1_19' title="bbox 402 1982 1977 2058">
    <p class='ocr_par' dir='ltr' id='par_1_19' title="bbox 402 1982 1977 2058">
     <span class='ocr_line' id='line_1_19' title="bbox 402 1982 1977 2058; baseline 0.013 -25"><span class='ocrx_word' id='word_1_127' title='bbox 402 1999 435 2033; x_wconf 88' lang='grc' dir='ltr'>υ</span> <span class='ocrx_word' id='word_1_128' title='bbox 481 1982 609 2035; x_wconf 81' lang='lat' dir='ltr'><strong>Ari?</strong></span> <span class='ocrx_word' id='word_1_129' title='bbox 662 1982 739 2036; x_wconf 81' lang='lat' dir='ltr'><strong>Ex</strong></span> <span class='ocrx_word' id='word_1_130' title='bbox 772 1984 836 2038; x_wconf 82' lang='lat' dir='ltr'><strong>iis</strong></span> <span class='ocrx_word' id='word_1_131' title='bbox 863 2001 981 2054; x_wconf 73' lang='lat' dir='ltr'><strong>qua:</strong></span> <span class='ocrx_word' id='word_1_132' title='bbox 1018 1998 1144 2042; x_wconf 90' lang='lat' dir='ltr'><strong>sunt</strong></span> <span class='ocrx_word' id='word_1_133' title='bbox 1183 1990 1320 2058; x_wconf 90' lang='lat' dir='ltr'><strong>apud</strong></span> <span class='ocrx_word' id='word_1_134' title='bbox 1365 2007 1482 2047; x_wconf 92' lang='lat' dir='ltr'><strong>nos.</strong></span> <span class='ocrx_word' id='word_1_135' title='bbox 1516 1991 1700 2047; x_wconf 82' lang='lat' dir='ltr'><strong>Vidcn’</strong></span> <span class='ocrx_word' id='word_1_136' title='bbox 1744 1998 1977 2053; x_wconf 86' lang='lat' dir='ltr'><strong>rationes</strong></span> 
     </span>
    </p>
   </div>
   <div class='ocr_carea' id='block_1_20' title="bbox 399 2072 1974 2148">
    <p class='ocr_par' dir='ltr' id='par_1_20' title="bbox 399 2072 1974 2148">
     <span class='ocr_line' id='line_1_20' title="bbox 399 2072 1974 2148; baseline 0.011 -24"><span class='ocrx_word' id='word_1_137' title='bbox 399 2072 636 2126; x_wconf 85' lang='lat' dir='ltr'><strong>onmium</strong></span> <span class='ocrx_word' id='word_1_138' title='bbox 667 2072 811 2128; x_wconf 89' lang='lat' dir='ltr'><strong>hmni</strong></span> <span class='ocrx_word' id='word_1_139' title='bbox 841 2079 1067 2146; x_wconf 83' lang='lat' dir='ltr'><strong>repere?</strong></span> <span class='ocrx_word' id='word_1_140' title='bbox 1106 2081 1259 2148; x_wconf 88' lang='lat' dir='ltr'><strong>plane</strong></span> <span class='ocrx_word' id='word_1_141' title='bbox 1293 2081 1553 2137; x_wconf 75' lang='lat' dir='ltr'><strong>demissas</strong></span> <span class='ocrx_word' id='word_1_142' title='bbox 1580 2100 1699 2139; x_wconf 85' lang='lat' dir='ltr'><strong>esse</strong></span> <span class='ocrx_word' id='word_1_143' title='bbox 1725 2096 1779 2140; x_wconf 91' lang='lat' dir='ltr'><strong>et</strong></span> <span class='ocrx_word' id='word_1_144' title='bbox 1815 2103 1974 2142; x_wconf 87' lang='lat' dir='ltr'><strong>ener-</strong></span> 
     </span>
    </p>
   </div>
   <div class='ocr_carea' id='block_1_21' title="bbox 398 2170 1976 2244">
    <p class='ocr_par' dir='ltr' id='par_1_21' title="bbox 398 2170 1976 2244">
     <span class='ocr_line' id='line_1_21' title="bbox 398 2170 1976 2244; baseline 0.013 -29"><span class='ocrx_word' id='word_1_145' title='bbox 398 2172 578 2229; x_wconf 86' lang='lat' dir='ltr'><strong>vatas,</strong></span> <span class='ocrx_word' id='word_1_146' title='bbox 634 2174 686 2219; x_wconf 89' lang='lat' dir='ltr'><strong>et</strong></span> <span class='ocrx_word' id='word_1_147' title='bbox 730 2177 924 2221; x_wconf 90' lang='lat' dir='ltr'><strong>terram</strong></span> <span class='ocrx_word' id='word_1_148' title='bbox 966 2170 1291 2238; x_wconf 80' lang='lat' dir='ltr'><strong>spirare?Et</strong></span> <span class='ocrx_word' id='word_1_149' title='bbox 1336 2173 1401 2227; x_wconf 89' lang='lat' dir='ltr'><strong>ita</strong></span> <span class='ocrx_word' id='word_1_150' title='bbox 1432 2175 1645 2244; x_wconf 87' lang='lat' dir='ltr'><strong>quidem</strong></span> <span class='ocrx_word' id='word_1_151' title='bbox 1682 2192 1740 2231; x_wconf 88' lang='lat' dir='ltr'><strong>se</strong></span> <span class='ocrx_word' id='word_1_152' title='bbox 1780 2178 1976 2236; x_wconf 87' lang='lat' dir='ltr'><strong>habent</strong></span> 
     </span>
    </p>
   </div>
   <div class='ocr_carea' id='block_1_22' title="bbox 397 2254 1975 2337">
    <p class='ocr_par' dir='ltr' id='par_1_22' title="bbox 397 2254 1975 2337">
     <span class='ocr_line' id='line_1_22' title="bbox 397 2254 1975 2337; baseline 0.011 -30"><span class='ocrx_word' id='word_1_153' title='bbox 397 2254 536 2323; x_wconf 91' lang='lat' dir='ltr'><strong>quod</strong></span> <span class='ocrx_word' id='word_1_154' title='bbox 566 2256 757 2312; x_wconf 89' lang='lat' dir='ltr'><strong>attinet</strong></span> <span class='ocrx_word' id='word_1_155' title='bbox 782 2258 847 2312; x_wconf 91' lang='lat' dir='ltr'><strong>ad</strong></span> <span class='ocrx_word' id='word_1_156' title='bbox 874 2258 1139 2329; x_wconf 81' lang='lat' dir='ltr'><strong>dogmata.</strong></span> <span class='ocrx_word' id='word_1_157' title='bbox 1183 2262 1389 2318; x_wconf 85' lang='lat' dir='ltr'><strong>Rursus</strong></span> <span class='ocrx_word' id='word_1_158' title='bbox 1415 2278 1591 2321; x_wconf 88' lang='lat' dir='ltr'><strong>autem</strong></span> <span class='ocrx_word' id='word_1_159' title='bbox 1620 2268 1759 2337; x_wconf 91' lang='lat' dir='ltr'><strong>quod</strong></span> <span class='ocrx_word' id='word_1_160' title='bbox 1786 2270 1852 2323; x_wconf 92' lang='lat' dir='ltr'><strong>ad</strong></span> <span class='ocrx_word' id='word_1_161' title='bbox 1896 2272 1975 2325; x_wconf 83' lang='lat' dir='ltr'><strong>vi-</strong></span> 
     </span>
    </p>
   </div>
   <div class='ocr_carea' id='block_1_23' title="bbox 397 2345 1973 2429">
    <p class='ocr_par' dir='ltr' id='par_1_23' title="bbox 397 2345 1973 2429">
     <span class='ocr_line' id='line_1_23' title="bbox 397 2345 1973 2429; baseline 0.011 -32"><span class='ocrx_word' id='word_1_162' title='bbox 397 2354 525 2410; x_wconf 91' lang='lat' dir='ltr'><strong>tam,</strong></span> <span class='ocrx_word' id='word_1_163' title='bbox 547 2345 637 2415; x_wconf 91' lang='lat' dir='ltr'><strong>qui</strong></span> <span class='ocrx_word' id='word_1_164' title='bbox 660 2356 783 2401; x_wconf 87' lang='lat' dir='ltr'><strong>sunt</strong></span> <span class='ocrx_word' id='word_1_165' title='bbox 810 2357 1155 2417; x_wconf 86' lang='lat' dir='ltr'><strong>scortatores,</strong></span> <span class='ocrx_word' id='word_1_166' title='bbox 1181 2354 1419 2421; x_wconf 70' lang='lat' dir='ltr'><strong>pecunia:</strong></span> <span class='ocrx_word' id='word_1_167' title='bbox 1445 2368 1687 2412; x_wconf 89' lang='lat' dir='ltr'><strong>amantes</strong></span> <span class='ocrx_word' id='word_1_168' title='bbox 1709 2367 1762 2413; x_wconf 88' lang='lat' dir='ltr'><strong>et</strong></span> <span class='ocrx_word' id='word_1_169' title='bbox 1789 2360 1973 2429; x_wconf 75' lang='lat' dir='ltr'><strong>gloriae</strong></span> 
     </span>
    </p>
   </div>
   <div class='ocr_carea' id='block_1_24' title="bbox 393 2436 1971 2515">
    <p class='ocr_par' dir='ltr' id='par_1_24' title="bbox 393 2436 1971 2515">
     <span class='ocr_line' id='line_1_24' title="bbox 393 2436 1971 2515; baseline 0.012 -26"><span class='ocrx_word' id='word_1_170' title='bbox 393 2447 447 2489; x_wconf 91' lang='lat' dir='ltr'><strong>et</strong></span> <span class='ocrx_word' id='word_1_171' title='bbox 469 2436 695 2492; x_wconf 88' lang='lat' dir='ltr'><strong>aliorum</strong></span> <span class='ocrx_word' id='word_1_172' title='bbox 720 2439 983 2507; x_wconf 88' lang='lat' dir='ltr'><strong>omnium,</strong></span> <span class='ocrx_word' id='word_1_173' title='bbox 1009 2442 1156 2498; x_wconf 90' lang='lat' dir='ltr'><strong>humi</strong></span> <span class='ocrx_word' id='word_1_174' title='bbox 1173 2454 1365 2515; x_wconf 88' lang='lat' dir='ltr'><strong>repunt</strong></span> <span class='ocrx_word' id='word_1_175' title='bbox 1385 2464 1398 2500; x_wconf 88' lang='lat'><strong>:</strong></span> <span class='ocrx_word' id='word_1_176' title='bbox 1417 2462 1522 2502; x_wconf 93' lang='lat' dir='ltr'><strong>non</strong></span> <span class='ocrx_word' id='word_1_177' title='bbox 1546 2448 1742 2505; x_wconf 90' lang='lat' dir='ltr'><strong>habent</strong></span> <span class='ocrx_word' id='word_1_178' title='bbox 1760 2452 1971 2508; x_wconf 89' lang='lat' dir='ltr'><strong>lumbos</strong></span> 
     </span>
    </p>
   </div>
   <div class='ocr_carea' id='block_1_25' title="bbox 394 2528 1968 2611">
    <p class='ocr_par' dir='ltr' id='par_1_25' title="bbox 394 2528 1968 2611">
     <span class='ocr_line' id='line_1_25' title="bbox 394 2528 1968 2611; baseline 0.013 -30"><span class='ocrx_word' id='word_1_179' title='bbox 394 2528 576 2584; x_wconf 90' lang='lat' dir='ltr'><strong>ﬁrmos</strong></span> <span class='ocrx_word' id='word_1_180' title='bbox 601 2540 656 2607; x_wconf 89' lang='lat' dir='ltr'><strong>et</strong></span> <span class='ocrx_word' id='word_1_181' title='bbox 680 2542 884 2589; x_wconf 88' lang='lat' dir='ltr'><strong>stantes</strong></span> <span class='ocrx_word' id='word_1_182' title='bbox 912 2544 968 2589; x_wconf 90' lang='lat' dir='ltr'><strong>ut</strong></span> <span class='ocrx_word' id='word_1_183' title='bbox 1012 2534 1206 2592; x_wconf 82' lang='lat' dir='ltr'><strong>defessi</strong></span> <span class='ocrx_word' id='word_1_184' title='bbox 1237 2539 1442 2607; x_wconf 82' lang='lat' dir='ltr'><strong>possint</strong></span> <span class='ocrx_word' id='word_1_185' title='bbox 1468 2541 1745 2611; x_wconf 89' lang='lat' dir='ltr'><strong>quiescere</strong></span> <span class='ocrx_word' id='word_1_186' title='bbox 1764 2583 1779 2609; x_wconf 86' lang='lat'><strong>,</strong></span> <span class='ocrx_word' id='word_1_187' title='bbox 1806 2545 1899 2600; x_wconf 91' lang='lat' dir='ltr'><strong>sed</strong></span> <span class='ocrx_word' id='word_1_188' title='bbox 1922 2546 1968 2601; x_wconf 90' lang='lat' dir='ltr'><strong>si</strong></span> 
     </span>
    </p>
   </div>
   <div class='ocr_carea' id='block_1_26' title="bbox 390 2622 1966 2703">
    <p class='ocr_par' dir='ltr' id='par_1_26' title="bbox 390 2622 1966 2703">
     <span class='ocr_line' id='line_1_26' title="bbox 390 2622 1966 2703; baseline 0.013 -30"><span class='ocrx_word' id='word_1_189' title='bbox 390 2622 583 2676; x_wconf 89' lang='lat' dir='ltr'><strong>fuerint</strong></span> <span class='ocrx_word' id='word_1_190' title='bbox 612 2623 840 2691; x_wconf 86' lang='lat' dir='ltr'><strong>defessi,</strong></span> <span class='ocrx_word' id='word_1_191' title='bbox 873 2642 977 2680; x_wconf 92' lang='lat' dir='ltr'><strong>non</strong></span> <span class='ocrx_word' id='word_1_192' title='bbox 1007 2627 1294 2685; x_wconf 90' lang='lat' dir='ltr'><strong>admovent</strong></span> <span class='ocrx_word' id='word_1_193' title='bbox 1317 2646 1527 2686; x_wconf 90' lang='lat' dir='ltr'><strong>manum</strong></span> <span class='ocrx_word' id='word_1_194' title='bbox 1560 2649 1660 2689; x_wconf 88' lang='lat' dir='ltr'><strong>nec</strong></span> <span class='ocrx_word' id='word_1_195' title='bbox 1684 2645 1845 2703; x_wconf 85' lang='lat' dir='ltr'><strong>stant,</strong></span> <span class='ocrx_word' id='word_1_196' title='bbox 1870 2638 1966 2693; x_wconf 90' lang='lat' dir='ltr'><strong>sed</strong></span> 
     </span>
    </p>
   </div>
   <div class='ocr_carea' id='block_1_27' title="bbox 389 2715 1966 2796">
    <p class='ocr_par' dir='ltr' id='par_1_27' title="bbox 389 2715 1966 2796">
     <span class='ocr_line' id='line_1_27' title="bbox 389 2715 1966 2796; baseline 0.012 -31"><span class='ocrx_word' id='word_1_197' title='bbox 389 2715 747 2769; x_wconf 85' lang='lat' dir='ltr'><strong>resolvuntur.</strong></span> <span class='ocrx_word' id='word_1_198' title='bbox 771 2715 870 2784; x_wconf 90' lang='lat' dir='ltr'><strong>Qui</strong></span> <span class='ocrx_word' id='word_1_199' title='bbox 891 2728 1069 2773; x_wconf 87' lang='lat' dir='ltr'><strong>autem</strong></span> <span class='ocrx_word' id='word_1_200' title='bbox 1094 2729 1176 2775; x_wconf 86' lang='lat' dir='ltr'><strong>est</strong></span> <span class='ocrx_word' id='word_1_201' title='bbox 1198 2723 1503 2778; x_wconf 89' lang='lat' dir='ltr'><strong>succinctus</strong></span> <span class='ocrx_word' id='word_1_202' title='bbox 1524 2727 1765 2791; x_wconf 86' lang='lat' dir='ltr'><strong>veritate,</strong></span> <span class='ocrx_word' id='word_1_203' title='bbox 1793 2728 1966 2796; x_wconf 85' lang='lat' dir='ltr'><strong>primo</strong></span> 
     </span>
    </p>
   </div>
   <div class='ocr_carea' id='block_1_28' title="bbox 386 2802 1965 2885">
    <p class='ocr_par' dir='ltr' id='par_1_28' title="bbox 386 2802 1965 2885">
     <span class='ocr_line' id='line_1_28' title="bbox 386 2802 1965 2885; baseline 0.013 -30"><span class='ocrx_word' id='word_1_204' title='bbox 386 2802 604 2871; x_wconf 85' lang='lat' dir='ltr'><strong>quidem</strong></span> <span class='ocrx_word' id='word_1_205' title='bbox 630 2822 917 2878; x_wconf 90' lang='lat' dir='ltr'><strong>numquam</strong></span> <span class='ocrx_word' id='word_1_206' title='bbox 945 2810 1048 2863; x_wconf 88' lang='lat' dir='ltr'><strong>erit</strong></span> <span class='ocrx_word' id='word_1_207' title='bbox 1074 2809 1315 2867; x_wconf 77' lang='lat' dir='ltr'><strong>defessus</strong></span> <span class='ocrx_word' id='word_1_208' title='bbox 1346 2830 1359 2867; x_wconf 93' lang='lat'><strong>:</strong></span> <span class='ocrx_word' id='word_1_209' title='bbox 1383 2816 1622 2870; x_wconf 88' lang='lat' dir='ltr'><strong>secundo</strong></span> <span class='ocrx_word' id='word_1_210' title='bbox 1660 2826 1839 2873; x_wconf 88' lang='lat' dir='ltr'><strong>autem</strong></span> <span class='ocrx_word' id='word_1_211' title='bbox 1862 2860 1878 2885; x_wconf 96' lang='lat'><strong>,</strong></span> <span class='ocrx_word' id='word_1_212' title='bbox 1918 2820 1965 2875; x_wconf 86' lang='lat' dir='ltr'><strong>si</strong></span> 
     </span>
    </p>
   </div>
   <div class='ocr_carea' id='block_1_29' title="bbox 386 2892 1960 2980">
    <p class='ocr_par' dir='ltr' id='par_1_29' title="bbox 386 2892 1960 2980">
     <span class='ocr_line' id='line_1_29' title="bbox 386 2892 1960 2980; baseline 0.013 -35"><span class='ocrx_word' id='word_1_213' title='bbox 386 2892 546 2949; x_wconf 89' lang='lat' dir='ltr'><strong>fuerit</strong></span> <span class='ocrx_word' id='word_1_214' title='bbox 564 2895 828 2964; x_wconf 87' lang='lat' dir='ltr'><strong>defessus,</strong></span> <span class='ocrx_word' id='word_1_215' title='bbox 852 2900 1154 2970; x_wconf 85' lang='lat' dir='ltr'><strong>requiescet</strong></span> <span class='ocrx_word' id='word_1_216' title='bbox 1172 2903 1222 2956; x_wconf 92' lang='lat' dir='ltr'><strong>in</strong></span> <span class='ocrx_word' id='word_1_217' title='bbox 1244 2904 1355 2973; x_wconf 91' lang='lat' dir='ltr'><strong>ipsa</strong></span> <span class='ocrx_word' id='word_1_218' title='bbox 1377 2908 1617 2962; x_wconf 88' lang='lat' dir='ltr'><strong>veritate.</strong></span> <span class='ocrx_word' id='word_1_219' title='bbox 1642 2908 1776 2977; x_wconf 89' lang='lat' dir='ltr'><strong>Quid</strong></span> <span class='ocrx_word' id='word_1_220' title='bbox 1796 2912 1960 2980; x_wconf 77' lang='lat' dir='ltr'><strong>etum,</strong></span> 
     </span>
    </p>
   </div>
   <div class='ocr_carea' id='block_1_30' title="bbox 383 2986 1957 3072">
    <p class='ocr_par' dir='ltr' id='par_1_30' title="bbox 383 2986 1957 3072">
     <span class='ocr_line' id='line_1_30' title="bbox 383 2986 1957 3072; baseline 0.013 -33"><span class='ocrx_word' id='word_1_221' title='bbox 383 2986 472 3041; x_wconf 90' lang='lat' dir='ltr'><strong>dic</strong></span> <span class='ocrx_word' id='word_1_222' title='bbox 495 2989 649 3052; x_wconf 89' lang='lat' dir='ltr'><strong>mihi,</strong></span> <span class='ocrx_word' id='word_1_223' title='bbox 675 3001 1029 3061; x_wconf 89' lang='lat' dir='ltr'><strong>paupertasne</strong></span> <span class='ocrx_word' id='word_1_224' title='bbox 1048 3009 1171 3048; x_wconf 91' lang='lat' dir='ltr'><strong>eum</strong></span> <span class='ocrx_word' id='word_1_225' title='bbox 1192 2994 1537 3069; x_wconf 87' lang='lat' dir='ltr'><strong>defatigabit?</strong></span> <span class='ocrx_word' id='word_1_226' title='bbox 1566 2999 1911 3072; x_wconf 86' lang='lat' dir='ltr'><strong>Nequaquam</strong></span> <span class='ocrx_word' id='word_1_227' title='bbox 1942 3020 1957 3059; x_wconf 90' lang='lat'><strong>:</strong></span> 
     </span>
    </p>
   </div>
   <div class='ocr_carea' id='block_1_31' title="bbox 387 3080 1961 3165">
    <p class='ocr_par' dir='ltr' id='par_1_31' title="bbox 387 3080 1961 3165">
     <span class='ocr_line' id='line_1_31' title="bbox 387 3080 1961 3165; baseline 0.011 -34"><span class='ocrx_word' id='word_1_228' title='bbox 387 3080 830 3149; x_wconf 89' lang='lat' dir='ltr'><strong>requiescitenim</strong></span> <span class='ocrx_word' id='word_1_229' title='bbox 848 3098 1007 3154; x_wconf 88' lang='lat' dir='ltr'><strong>super</strong></span> <span class='ocrx_word' id='word_1_230' title='bbox 1026 3099 1118 3140; x_wconf 87' lang='lat' dir='ltr'><strong>eas</strong></span> <span class='ocrx_word' id='word_1_231' title='bbox 1135 3102 1253 3155; x_wconf 68' lang='lat' dir='ltr'><strong>quae</strong></span> <span class='ocrx_word' id='word_1_232' title='bbox 1274 3103 1402 3144; x_wconf 90' lang='lat' dir='ltr'><strong>vere</strong></span> <span class='ocrx_word' id='word_1_233' title='bbox 1422 3101 1545 3145; x_wconf 91' lang='lat' dir='ltr'><strong>sunt</strong></span> <span class='ocrx_word' id='word_1_234' title='bbox 1559 3091 1777 3156; x_wconf 65' lang='lat' dir='ltr'><strong>divitia},</strong></span> <span class='ocrx_word' id='word_1_235' title='bbox 1798 3105 1849 3148; x_wconf 86' lang='lat' dir='ltr'><strong>et</strong></span> <span class='ocrx_word' id='word_1_236' title='bbox 1867 3110 1961 3165; x_wconf 90' lang='lat' dir='ltr'><strong>per</strong></span> 
     </span>
    </p>
   </div>
   <div class='ocr_carea' id='block_1_32' title="bbox 383 3174 1959 3250">
    <p class='ocr_par' dir='ltr' id='par_1_32' title="bbox 383 3174 1959 3250">
     <span class='ocr_line' id='line_1_32' title="bbox 383 3174 1959 3250; baseline 0.013 -28"><span class='ocrx_word' id='word_1_237' title='bbox 383 3180 747 3239; x_wconf 85' lang='lat' dir='ltr'><strong>paupertatem</strong></span> <span class='ocrx_word' id='word_1_238' title='bbox 771 3174 907 3229; x_wconf 89' lang='lat' dir='ltr'><strong>sciet</strong></span> <span class='ocrx_word' id='word_1_239' title='bbox 932 3191 1051 3244; x_wconf 77' lang='lat' dir='ltr'><strong>qua:</strong></span> <span class='ocrx_word' id='word_1_240' title='bbox 1073 3176 1142 3230; x_wconf 89' lang='lat' dir='ltr'><strong>sit</strong></span> <span class='ocrx_word' id='word_1_241' title='bbox 1167 3192 1290 3232; x_wconf 89' lang='lat' dir='ltr'><strong>vere</strong></span> <span class='ocrx_word' id='word_1_242' title='bbox 1307 3190 1610 3250; x_wconf 85' lang='lat' dir='ltr'><strong>paupertas.</strong></span> <span class='ocrx_word' id='word_1_243' title='bbox 1637 3186 1707 3237; x_wconf 85' lang='lat' dir='ltr'><strong>At</strong></span> <span class='ocrx_word' id='word_1_244' title='bbox 1731 3186 1959 3242; x_wconf 85' lang='lat' dir='ltr'><strong>servitus</strong></span> 
     </span>
    </p>
   </div>
   <div class='ocr_carea' id='block_1_33' title="bbox 380 3260 1957 3343">
    <p class='ocr_par' dir='ltr' id='par_1_33' title="bbox 380 3260 1957 3343">
     <span class='ocr_line' id='line_1_33' title="bbox 380 3260 1957 3343; baseline 0.011 -28"><span class='ocrx_word' id='word_1_245' title='bbox 380 3276 501 3315; x_wconf 87' lang='lat' dir='ltr'><strong>eum</strong></span> <span class='ocrx_word' id='word_1_246' title='bbox 552 3260 907 3333; x_wconf 81' lang='lat' dir='ltr'><strong>defatigahit?</strong></span> <span class='ocrx_word' id='word_1_247' title='bbox 952 3267 1167 3322; x_wconf 81' lang='lat' dir='ltr'><strong>Minime</strong></span> <span class='ocrx_word' id='word_1_248' title='bbox 1201 3270 1344 3325; x_wconf 89' lang='lat' dir='ltr'><strong>:scit</strong></span> <span class='ocrx_word' id='word_1_249' title='bbox 1387 3274 1526 3325; x_wconf 92' lang='lat' dir='ltr'><strong>enim</strong></span> <span class='ocrx_word' id='word_1_250' title='bbox 1576 3289 1693 3343; x_wconf 73' lang='lat' dir='ltr'><strong>qua:</strong></span> <span class='ocrx_word' id='word_1_251' title='bbox 1723 3276 1791 3329; x_wconf 92' lang='lat' dir='ltr'><strong>sit</strong></span> <span class='ocrx_word' id='word_1_252' title='bbox 1832 3292 1957 3333; x_wconf 87' lang='lat' dir='ltr'><strong>vere</strong></span> 
     </span>
    </p>
   </div>
   <div class='ocr_carea' id='block_1_34' title="bbox 377 3354 1953 3437">
    <p class='ocr_par' dir='ltr' id='par_1_34' title="bbox 377 3354 1953 3437">
     <span class='ocr_line' id='line_1_34' title="bbox 377 3354 1953 3437; baseline 0.01 -31"><span class='ocrx_word' id='word_1_253' title='bbox 377 3354 625 3408; x_wconf 85' lang='lat' dir='ltr'><strong>servitus.</strong></span> <span class='ocrx_word' id='word_1_254' title='bbox 668 3359 738 3409; x_wconf 79' lang='lat' dir='ltr'><strong>At</strong></span> <span class='ocrx_word' id='word_1_255' title='bbox 766 3357 1020 3412; x_wconf 85' lang='lat' dir='ltr'><strong>morbus?</strong></span> <span class='ocrx_word' id='word_1_256' title='bbox 1046 3358 1149 3413; x_wconf 87' lang='lat' dir='ltr'><strong>Sed</strong></span> <span class='ocrx_word' id='word_1_257' title='bbox 1194 3377 1365 3431; x_wconf 86' lang='lat' dir='ltr'><strong>neque</strong></span> <span class='ocrx_word' id='word_1_258' title='bbox 1392 3362 1493 3418; x_wconf 90' lang='lat' dir='ltr'><strong>hoc</strong></span> <span class='ocrx_word' id='word_1_259' title='bbox 1524 3382 1537 3417; x_wconf 91' lang='lat'><strong>:</strong></span> <span class='ocrx_word' id='word_1_260' title='bbox 1566 3364 1746 3420; x_wconf 86' lang='lat' dir='ltr'><strong>Lumbi</strong></span> <span class='ocrx_word' id='word_1_261' title='bbox 1771 3371 1953 3437; x_wconf 86' lang='lat' dir='ltr'><strong>vestri,</strong></span> 
     </span>
    </p>
   </div>
   <div class='ocr_carea' id='block_1_35' title="bbox 377 3442 1954 3518">
    <p class='ocr_par' dir='ltr' id='par_1_35' title="bbox 377 3442 1954 3518">
     <span class='ocr_line' id='line_1_35' title="bbox 377 3442 1954 3518; baseline 0.012 -22"><span class='ocrx_word' id='word_1_262' title='bbox 377 3442 547 3514; x_wconf 79' lang='lat' dir='ltr'><strong>inquit</strong></span> <span class='ocrx_word' id='word_1_263' title='bbox 581 3445 825 3502; x_wconf 84' lang='lat' dir='ltr'><strong>Christus</strong></span> <span class='ocrx_word' id='word_1_264' title='bbox 848 3488 862 3513; x_wconf 92' lang='lat'><strong>,</strong></span> <span class='ocrx_word' id='word_1_265' title='bbox 903 3449 1005 3503; x_wconf 83' lang='lat' dir='ltr'><strong>sint</strong></span> <span class='ocrx_word' id='word_1_266' title='bbox 1049 3451 1308 3518; x_wconf 73' lang='lat' dir='ltr'><strong>succincti,</strong></span> <span class='ocrx_word' id='word_1_267' title='bbox 1358 3464 1405 3507; x_wconf 85' lang='lat' dir='ltr'><strong>et</strong></span> <span class='ocrx_word' id='word_1_268' title='bbox 1457 3455 1676 3511; x_wconf 78' lang='lat' dir='ltr'><strong>lucerna:</strong></span> <span class='ocrx_word' id='word_1_269' title='bbox 1722 3460 1954 3515; x_wconf 75' lang='lat' dir='ltr'><strong>ardentes</strong></span> 
     </span>
    </p>
   </div>
   <div class='ocr_carea' id='block_1_36' title="bbox 375 3534 1953 3619">
    <p class='ocr_par' dir='ltr' id='par_1_36' title="bbox 375 3534 1953 3619">
     <span class='ocr_line' id='line_1_36' title="bbox 375 3534 1953 3619; baseline 0.011 -32"><span class='ocrx_word' id='word_1_270' title='bbox 375 3534 540 3603; x_wconf 88' lang='lat' dir='ltr'><strong>(Luc.</strong></span> <span class='ocrx_word' id='word_1_271' title='bbox 568 3536 659 3590; x_wconf 82' lang='lat' dir='ltr'><strong>l2.</strong></span> <span class='ocrx_word' id='word_1_272' title='bbox 688 3538 756 3593; x_wconf 80' lang='lat'><strong>&#39;55</strong></span> <span class='ocrx_word' id='word_1_273' title='bbox 777 3538 832 3608; x_wconf 90' lang='lat'><strong>);</strong></span> <span class='ocrx_word' id='word_1_274' title='bbox 878 3540 948 3594; x_wconf 90' lang='lat' dir='ltr'><strong>ita</strong></span> <span class='ocrx_word' id='word_1_275' title='bbox 972 3548 1029 3594; x_wconf 93' lang='lat' dir='ltr'><strong>ut</strong></span> <span class='ocrx_word' id='word_1_276' title='bbox 1058 3541 1229 3596; x_wconf 89' lang='lat' dir='ltr'><strong>lucem</strong></span> <span class='ocrx_word' id='word_1_277' title='bbox 1259 3544 1486 3600; x_wconf 86' lang='lat' dir='ltr'><strong>habeant</strong></span> <span class='ocrx_word' id='word_1_278' title='bbox 1513 3563 1629 3616; x_wconf 78' lang='lat' dir='ltr'><strong>qua:</strong></span> <span class='ocrx_word' id='word_1_279' title='bbox 1654 3563 1759 3602; x_wconf 92' lang='lat' dir='ltr'><strong>nou</strong></span> <span class='ocrx_word' id='word_1_280' title='bbox 1786 3552 1953 3619; x_wconf 89' lang='lat' dir='ltr'><strong>possit</strong></span> 
     </span>
    </p>
   </div>
   <div class='ocr_carea' id='block_1_37' title="bbox 372 3628 1951 3704">
    <p class='ocr_par' dir='ltr' id='par_1_37' title="bbox 372 3628 1951 3704">
     <span class='ocr_line' id='line_1_37' title="bbox 372 3628 1951 3704; baseline 0.01 -23"><span class='ocrx_word' id='word_1_281' title='bbox 372 3628 658 3699; x_wconf 78' lang='lat' dir='ltr'><strong>exstingui.</strong></span> <span class='ocrx_word' id='word_1_282' title='bbox 691 3628 803 3684; x_wconf 85' lang='lat' dir='ltr'><strong>lloc</strong></span> <span class='ocrx_word' id='word_1_283' title='bbox 853 3631 1016 3686; x_wconf 90' lang='lat' dir='ltr'><strong>etiam</strong></span> <span class='ocrx_word' id='word_1_284' title='bbox 1061 3644 1381 3704; x_wconf 72' lang='lat' dir='ltr'><strong>praeceptum</strong></span> <span class='ocrx_word' id='word_1_285' title='bbox 1418 3630 1514 3691; x_wconf 87' lang='lat' dir='ltr'><strong>fuit</strong></span> <span class='ocrx_word' id='word_1_286' title='bbox 1539 3640 1856 3696; x_wconf 81' lang='lat' dir='ltr'><strong>exeuntibus</strong></span> <span class='ocrx_word' id='word_1_287' title='bbox 1884 3657 1951 3697; x_wconf 79' lang='lat' dir='ltr'><strong>ex</strong></span> 
     </span>
    </p>
   </div>
   <div class='ocr_carea' id='block_1_38' title="bbox 372 3719 1945 3802">
    <p class='ocr_par' dir='ltr' id='par_1_38' title="bbox 372 3719 1945 3802">
     <span class='ocr_line' id='line_1_38' title="bbox 372 3719 1945 3802; baseline 0.008 -27"><span class='ocrx_word' id='word_1_288' title='bbox 372 3719 640 3791; x_wconf 63' lang='lat' dir='ltr'><strong>Egypto,</strong></span> <span class='ocrx_word' id='word_1_289' title='bbox 690 3731 744 3778; x_wconf 88' lang='lat' dir='ltr'><strong>et</strong></span> <span class='ocrx_word' id='word_1_290' title='bbox 786 3724 1041 3779; x_wconf 88' lang='lat' dir='ltr'><strong>succincti</strong></span> <span class='ocrx_word' id='word_1_291' title='bbox 1080 3725 1276 3795; x_wconf 87' lang='lat' dir='ltr'><strong>pascha</strong></span> <span class='ocrx_word' id='word_1_292' title='bbox 1326 3728 1697 3785; x_wconf 88' lang='lat' dir='ltr'><strong>comedebaut.</strong></span> <span class='ocrx_word' id='word_1_293' title='bbox 1730 3733 1798 3787; x_wconf 85' lang='lat' dir='ltr'><strong>Et</strong></span> <span class='ocrx_word' id='word_1_294' title='bbox 1820 3748 1945 3802; x_wconf 89' lang='lat' dir='ltr'><strong>cur,</strong></span> 
     </span>
    </p>
   </div>
   <div class='ocr_carea' id='block_1_39' title="bbox 373 3810 1949 3881">
    <p class='ocr_par' dir='ltr' id='par_1_39' title="bbox 373 3810 1949 3881">
     <span class='ocr_line' id='line_1_39' title="bbox 373 3810 1949 3881; baseline 0.01 -18"><span class='ocrx_word' id='word_1_295' title='bbox 373 3810 579 3881; x_wconf 89' lang='lat' dir='ltr'><strong>inquies</strong></span> <span class='ocrx_word' id='word_1_296' title='bbox 599 3853 613 3878; x_wconf 93' lang='lat'><strong>,</strong></span> <span class='ocrx_word' id='word_1_297' title='bbox 637 3812 714 3866; x_wconf 92' lang='lat' dir='ltr'><strong>sic</strong></span> <span class='ocrx_word' id='word_1_298' title='bbox 740 3813 1130 3869; x_wconf 89' lang='lat' dir='ltr'><strong>comedebant?</strong></span> <span class='ocrx_word' id='word_1_299' title='bbox 1156 3813 1250 3873; x_wconf 90' lang='lat' dir='ltr'><strong>Vis</strong></span> <span class='ocrx_word' id='word_1_300' title='bbox 1276 3818 1415 3873; x_wconf 89' lang='lat' dir='ltr'><strong>scire</strong></span> <span class='ocrx_word' id='word_1_301' title='bbox 1440 3828 1603 3874; x_wconf 91' lang='lat' dir='ltr'><strong>totam</strong></span> <span class='ocrx_word' id='word_1_302' title='bbox 1628 3835 1842 3876; x_wconf 88' lang='lat' dir='ltr'><strong>causam</strong></span> <span class='ocrx_word' id='word_1_303' title='bbox 1864 3838 1949 3878; x_wconf 91' lang='lat' dir='ltr'><strong>se-</strong></span> 
     </span>
    </p>
   </div>
   <div class='ocr_carea' id='block_1_40' title="bbox 370 3904 1945 3984">
    <p class='ocr_par' dir='ltr' id='par_1_40' title="bbox 370 3904 1945 3984">
     <span class='ocr_line' id='line_1_40' title="bbox 370 3904 1945 3984; baseline 0.008 -27"><span class='ocrx_word' id='word_1_304' title='bbox 370 3904 600 3959; x_wconf 90' lang='lat' dir='ltr'><strong>cundum</strong></span> <span class='ocrx_word' id='word_1_305' title='bbox 646 3906 954 3972; x_wconf 89' lang='lat' dir='ltr'><strong>historiam,</strong></span> <span class='ocrx_word' id='word_1_306' title='bbox 1013 3924 1082 3962; x_wconf 90' lang='lat' dir='ltr'><strong>an</strong></span> <span class='ocrx_word' id='word_1_307' title='bbox 1135 3910 1426 3965; x_wconf 91' lang='lat' dir='ltr'><strong>secundum</strong></span> <span class='ocrx_word' id='word_1_308' title='bbox 1483 3914 1795 3984; x_wconf 85' lang='lat' dir='ltr'><strong>anagogen?</strong></span> <span class='ocrx_word' id='word_1_309' title='bbox 1840 3915 1945 3971; x_wconf 88' lang='lat' dir='ltr'><strong>Sed</strong></span> 
     </span>
    </p>
   </div>
   <div class='ocr_carea' id='block_1_41' title="bbox 370 3997 1945 4067">
    <p class='ocr_par' dir='ltr' id='par_1_41' title="bbox 370 3997 1945 4067">
     <span class='ocr_line' id='line_1_41' title="bbox 370 3997 1945 4067; baseline 0.009 -17"><span class='ocrx_word' id='word_1_310' title='bbox 370 4005 649 4067; x_wconf 90' lang='lat' dir='ltr'><strong>utrumque</strong></span> <span class='ocrx_word' id='word_1_311' title='bbox 677 3997 848 4051; x_wconf 89' lang='lat' dir='ltr'><strong>dicam</strong></span> <span class='ocrx_word' id='word_1_312' title='bbox 874 4016 887 4052; x_wconf 87' lang='lat'><strong>:</strong></span> <span class='ocrx_word' id='word_1_313' title='bbox 913 4013 1008 4053; x_wconf 90' lang='lat' dir='ltr'><strong>vos</strong></span> <span class='ocrx_word' id='word_1_314' title='bbox 1036 4008 1212 4055; x_wconf 87' lang='lat' dir='ltr'><strong>autem</strong></span> <span class='ocrx_word' id='word_1_315' title='bbox 1237 4002 1480 4058; x_wconf 89' lang='lat' dir='ltr'><strong>retinete.</strong></span> <span class='ocrx_word' id='word_1_316' title='bbox 1508 4002 1624 4059; x_wconf 89' lang='lat' dir='ltr'><strong>Non</strong></span> <span class='ocrx_word' id='word_1_317' title='bbox 1651 4006 1792 4060; x_wconf 89' lang='lat' dir='ltr'><strong>enim</strong></span> <span class='ocrx_word' id='word_1_318' title='bbox 1823 4007 1945 4063; x_wconf 88' lang='lat' dir='ltr'><strong>dico</strong></span> 
     </span>
    </p>
   </div>
   <div class='ocr_carea' id='block_1_42' title="bbox 370 4088 1943 4167">
    <p class='ocr_par' dir='ltr' id='par_1_42' title="bbox 370 4088 1943 4167">
     <span class='ocr_line' id='line_1_42' title="bbox 370 4088 1943 4167; baseline 0.01 -26"><span class='ocrx_word' id='word_1_319' title='bbox 370 4099 426 4142; x_wconf 91' lang='lat' dir='ltr'><strong>ut</strong></span> <span class='ocrx_word' id='word_1_320' title='bbox 452 4092 610 4143; x_wconf 83' lang='lat' dir='ltr'><strong>verba</strong></span> <span class='ocrx_word' id='word_1_321' title='bbox 670 4088 967 4159; x_wconf 87' lang='lat' dir='ltr'><strong>proferam,</strong></span> <span class='ocrx_word' id='word_1_322' title='bbox 997 4091 1090 4146; x_wconf 91' lang='lat' dir='ltr'><strong>sed</strong></span> <span class='ocrx_word' id='word_1_323' title='bbox 1123 4101 1177 4147; x_wconf 91' lang='lat' dir='ltr'><strong>ut</strong></span> <span class='ocrx_word' id='word_1_324' title='bbox 1205 4095 1364 4149; x_wconf 90' lang='lat' dir='ltr'><strong>verba</strong></span> <span class='ocrx_word' id='word_1_325' title='bbox 1403 4110 1520 4151; x_wconf 91' lang='lat' dir='ltr'><strong>mea</strong></span> <span class='ocrx_word' id='word_1_326' title='bbox 1546 4098 1684 4167; x_wconf 90' lang='lat' dir='ltr'><strong>apud</strong></span> <span class='ocrx_word' id='word_1_327' title='bbox 1743 4115 1837 4153; x_wconf 84' lang='lat' dir='ltr'><strong>vos</strong></span> <span class='ocrx_word' id='word_1_328' title='bbox 1887 4101 1943 4156; x_wconf 92' lang='lat' dir='ltr'><strong>in</strong></span> 
     </span>
    </p>
   </div>
   <div class='ocr_carea' id='block_1_43' title="bbox 365 4179 1941 4253">
    <p class='ocr_par' dir='ltr' id='par_1_43' title="bbox 365 4179 1941 4253">
     <span class='ocr_line' id='line_1_43' title="bbox 365 4179 1941 4253; baseline 0.01 -24"><span class='ocrx_word' id='word_1_329' title='bbox 365 4194 499 4247; x_wconf 90' lang='lat' dir='ltr'><strong>opus</strong></span> <span class='ocrx_word' id='word_1_330' title='bbox 516 4190 729 4234; x_wconf 77' lang='lat' dir='ltr'><strong>exeant.</strong></span> <span class='ocrx_word' id='word_1_331' title='bbox 758 4179 941 4247; x_wconf 84' lang='lat' dir='ltr'><strong>Erant,</strong></span> <span class='ocrx_word' id='word_1_332' title='bbox 970 4180 1162 4252; x_wconf 88' lang='lat' dir='ltr'><strong>inquit,</strong></span> <span class='ocrx_word' id='word_1_333' title='bbox 1184 4186 1414 4253; x_wconf 81' lang='lat' dir='ltr'><strong>accincti,</strong></span> <span class='ocrx_word' id='word_1_334' title='bbox 1443 4196 1491 4241; x_wconf 87' lang='lat' dir='ltr'><strong>et</strong></span> <span class='ocrx_word' id='word_1_335' title='bbox 1518 4188 1688 4241; x_wconf 86' lang='lat' dir='ltr'><strong>baculi</strong></span> <span class='ocrx_word' id='word_1_336' title='bbox 1720 4201 1861 4244; x_wconf 83' lang='lat' dir='ltr'><strong>erant</strong></span> <span class='ocrx_word' id='word_1_337' title='bbox 1888 4194 1941 4245; x_wconf 87' lang='lat' dir='ltr'><strong>in</strong></span> 
     </span>
    </p>
   </div>
   <div class='ocr_carea' id='block_1_44' title="bbox 365 4270 1943 4345">
    <p class='ocr_par' dir='ltr' id='par_1_44' title="bbox 365 4270 1943 4345">
     <span class='ocr_line' id='line_1_44' title="bbox 365 4270 1943 4345; baseline 0.01 -23"><span class='ocrx_word' id='word_1_338' title='bbox 365 4286 536 4323; x_wconf 84' lang='lat' dir='ltr'><strong>eorum</strong></span> <span class='ocrx_word' id='word_1_339' title='bbox 558 4270 789 4325; x_wconf 84' lang='lat' dir='ltr'><strong>munibus</strong></span> <span class='ocrx_word' id='word_1_340' title='bbox 812 4311 827 4337; x_wconf 89' lang='lat'><strong>,</strong></span> <span class='ocrx_word' id='word_1_341' title='bbox 859 4281 907 4326; x_wconf 86' lang='lat' dir='ltr'><strong>et</strong></span> <span class='ocrx_word' id='word_1_342' title='bbox 927 4272 1086 4327; x_wconf 84' lang='lat' dir='ltr'><strong>calcei</strong></span> <span class='ocrx_word' id='word_1_343' title='bbox 1112 4275 1165 4328; x_wconf 85' lang='lat' dir='ltr'><strong>in</strong></span> <span class='ocrx_word' id='word_1_344' title='bbox 1190 4275 1422 4345; x_wconf 80' lang='lat' dir='ltr'><strong>pedibus,</strong></span> <span class='ocrx_word' id='word_1_345' title='bbox 1453 4287 1497 4332; x_wconf 81' lang='lat' dir='ltr'><strong>et</strong></span> <span class='ocrx_word' id='word_1_346' title='bbox 1525 4279 1596 4333; x_wconf 86' lang='lat' dir='ltr'><strong>ita</strong></span> <span class='ocrx_word' id='word_1_347' title='bbox 1620 4283 1943 4337; x_wconf 85' lang='lat' dir='ltr'><strong>comedebant</strong></span> 
     </span>
    </p>
   </div>
   <div class='ocr_carea' id='block_1_45' title="bbox 365 4362 1942 4448">
    <p class='ocr_par' dir='ltr' id='par_1_45' title="bbox 365 4362 1942 4448">
     <span class='ocr_line' id='line_1_45' title="bbox 365 4362 1942 4448; baseline 0.01 -34"><span class='ocrx_word' id='word_1_348' title='bbox 365 4362 552 4431; x_wconf 80' lang='lat' dir='ltr'><strong>pascha</strong></span> <span class='ocrx_word' id='word_1_349' title='bbox 596 4362 800 4431; x_wconf 73' lang='lat' dir='ltr'><strong>(Exod.</strong></span> <span class='ocrx_word' id='word_1_350' title='bbox 847 4364 936 4419; x_wconf 74' lang='lat' dir='ltr'><strong>i2.</strong></span> <span class='ocrx_word' id='word_1_351' title='bbox 967 4366 1088 4436; x_wconf 77' lang='grc'><strong>11).</strong></span> <span class='ocrx_word' id='word_1_352' title='bbox 1132 4366 1408 4423; x_wconf 86' lang='lat' dir='ltr'><strong>Terribilia</strong></span> <span class='ocrx_word' id='word_1_353' title='bbox 1436 4379 1490 4425; x_wconf 86' lang='lat' dir='ltr'><strong>et</strong></span> <span class='ocrx_word' id='word_1_354' title='bbox 1519 4374 1789 4429; x_wconf 87' lang='lat' dir='ltr'><strong>tremenda</strong></span> <span class='ocrx_word' id='word_1_355' title='bbox 1820 4392 1942 4448; x_wconf 81' lang='lat' dir='ltr'><strong>my-</strong></span> 
     </span>
    </p>
   </div>
   <div class='ocr_carea' id='block_1_46' title="bbox 362 4452 1937 4530">
    <p class='ocr_par' dir='ltr' id='par_1_46' title="bbox 362 4452 1937 4530">
     <span class='ocr_line' id='line_1_46' title="bbox 362 4452 1937 4530; baseline 0.012 -25"><span class='ocrx_word' id='word_1_356' title='bbox 362 4452 545 4517; x_wconf 89' lang='lat' dir='ltr'><strong>steria,</strong></span> <span class='ocrx_word' id='word_1_357' title='bbox 577 4470 695 4523; x_wconf 77' lang='lat' dir='ltr'><strong>quae</strong></span> <span class='ocrx_word' id='word_1_358' title='bbox 723 4470 966 4525; x_wconf 86' lang='lat' dir='ltr'><strong>magnam</strong></span> <span class='ocrx_word' id='word_1_359' title='bbox 993 4456 1189 4513; x_wconf 90' lang='lat' dir='ltr'><strong>habent</strong></span> <span class='ocrx_word' id='word_1_360' title='bbox 1210 4460 1646 4530; x_wconf 80' lang='lat' dir='ltr'><strong>profunditatem.</strong></span> <span class='ocrx_word' id='word_1_361' title='bbox 1679 4468 1734 4521; x_wconf 83' lang='lat' dir='ltr'><strong>Si</strong></span> <span class='ocrx_word' id='word_1_362' title='bbox 1760 4480 1937 4524; x_wconf 91' lang='lat' dir='ltr'><strong>autem</strong></span> 
     </span>
    </p>
   </div>
   <div class='ocr_carea' id='block_1_47' title="bbox 362 4543 1936 4631">
    <p class='ocr_par' dir='ltr' id='par_1_47' title="bbox 362 4543 1936 4631">
     <span class='ocr_line' id='line_1_47' title="bbox 362 4543 1936 4631; baseline 0.01 -34"><span class='ocrx_word' id='word_1_363' title='bbox 362 4543 417 4598; x_wconf 91' lang='lat' dir='ltr'><strong>in</strong></span> <span class='ocrx_word' id='word_1_364' title='bbox 440 4545 581 4616; x_wconf 82' lang='lat' dir='ltr'><strong>typis</strong></span> <span class='ocrx_word' id='word_1_365' title='bbox 605 4556 658 4600; x_wconf 90' lang='lat' dir='ltr'><strong>et</strong></span> <span class='ocrx_word' id='word_1_366' title='bbox 684 4546 866 4616; x_wconf 90' lang='lat' dir='ltr'><strong>ﬁguris</strong></span> <span class='ocrx_word' id='word_1_367' title='bbox 892 4559 1018 4603; x_wconf 88' lang='lat' dir='ltr'><strong>sunt</strong></span> <span class='ocrx_word' id='word_1_368' title='bbox 1042 4550 1176 4607; x_wconf 91' lang='lat' dir='ltr'><strong>adeo</strong></span> <span class='ocrx_word' id='word_1_369' title='bbox 1195 4554 1473 4622; x_wconf 89' lang='lat' dir='ltr'><strong>terribilia,</strong></span> <span class='ocrx_word' id='word_1_370' title='bbox 1502 4558 1670 4612; x_wconf 91' lang='lat' dir='ltr'><strong>multo</strong></span> <span class='ocrx_word' id='word_1_371' title='bbox 1691 4561 1861 4631; x_wconf 88' lang='lat' dir='ltr'><strong>magis</strong></span> <span class='ocrx_word' id='word_1_372' title='bbox 1886 4563 1936 4615; x_wconf 93' lang='lat' dir='ltr'><strong>in</strong></span> 
     </span>
    </p>
   </div>
   <div class='ocr_carea' id='block_1_48' title="bbox 361 4638 1935 4714">
    <p class='ocr_par' dir='ltr' id='par_1_48' title="bbox 361 4638 1935 4714">
     <span class='ocr_line' id='line_1_48' title="bbox 361 4638 1935 4714; baseline 0.013 -25"><span class='ocrx_word' id='word_1_373' title='bbox 361 4639 605 4693; x_wconf 85' lang='lat' dir='ltr'><strong>veritate.</strong></span> <span class='ocrx_word' id='word_1_374' title='bbox 642 4638 856 4693; x_wconf 78' lang='lat' dir='ltr'><strong>Exeunt</strong></span> <span class='ocrx_word' id='word_1_375' title='bbox 885 4658 948 4695; x_wconf 77' lang='lat' dir='ltr'><strong>ex</strong></span> <span class='ocrx_word' id='word_1_376' title='bbox 976 4641 1228 4713; x_wconf 62' lang='lat' dir='ltr'><strong>IEgyplo,</strong></span> <span class='ocrx_word' id='word_1_377' title='bbox 1258 4650 1448 4714; x_wconf 80' lang='lat' dir='ltr'><strong>pascha</strong></span> <span class='ocrx_word' id='word_1_378' title='bbox 1480 4651 1787 4706; x_wconf 89' lang='lat' dir='ltr'><strong>comedunt.</strong></span> <span class='ocrx_word' id='word_1_379' title='bbox 1837 4657 1935 4709; x_wconf 78' lang='lat' dir='ltr'><strong>At-</strong></span> 
     </span>
    </p>
   </div>
   <div class='ocr_carea' id='block_1_49' title="bbox 362 4729 1937 4813">
    <p class='ocr_par' dir='ltr' id='par_1_49' title="bbox 362 4729 1937 4813">
     <span class='ocr_line' id='line_1_49' title="bbox 362 4729 1937 4813; baseline 0.014 -33"><span class='ocrx_word' id='word_1_380' title='bbox 362 4729 518 4784; x_wconf 86' lang='lat' dir='ltr'><strong>tende</strong></span> <span class='ocrx_word' id='word_1_381' title='bbox 544 4747 557 4782; x_wconf 92' lang='lat'><strong>:</strong></span> <span class='ocrx_word' id='word_1_382' title='bbox 586 4740 668 4784; x_wconf 91' lang='lat' dir='ltr'><strong>est</strong></span> <span class='ocrx_word' id='word_1_383' title='bbox 687 4732 896 4787; x_wconf 90' lang='lat' dir='ltr'><strong>habitus</strong></span> <span class='ocrx_word' id='word_1_384' title='bbox 919 4737 1176 4790; x_wconf 88' lang='lat' dir='ltr'><strong>viatorqu</strong></span> <span class='ocrx_word' id='word_1_385' title='bbox 1205 4755 1218 4791; x_wconf 90' lang='lat'><strong>:</strong></span> <span class='ocrx_word' id='word_1_386' title='bbox 1243 4754 1366 4792; x_wconf 91' lang='lat' dir='ltr'><strong>nam</strong></span> <span class='ocrx_word' id='word_1_387' title='bbox 1396 4739 1599 4797; x_wconf 81' lang='lat' dir='ltr'><strong>habere</strong></span> <span class='ocrx_word' id='word_1_388' title='bbox 1623 4745 1854 4813; x_wconf 83' lang='lat' dir='ltr'><strong>ealceos,</strong></span> <span class='ocrx_word' id='word_1_389' title='bbox 1884 4757 1937 4802; x_wconf 90' lang='lat' dir='ltr'><strong>et</strong></span> 
     </span>
    </p>
   </div>
   <div class='ocr_carea' id='block_1_50' title="bbox 359 4821 1934 4902">
    <p class='ocr_par' dir='ltr' id='par_1_50' title="bbox 359 4821 1934 4902">
     <span class='ocr_line' id='line_1_50' title="bbox 359 4821 1934 4902; baseline 0.015 -30"><span class='ocrx_word' id='word_1_390' title='bbox 359 4821 532 4892; x_wconf 90' lang='lat' dir='ltr'><strong>virgas</strong></span> <span class='ocrx_word' id='word_1_391' title='bbox 560 4821 615 4875; x_wconf 91' lang='lat' dir='ltr'><strong>iu</strong></span> <span class='ocrx_word' id='word_1_392' title='bbox 648 4825 911 4892; x_wconf 89' lang='lat' dir='ltr'><strong>manibus,</strong></span> <span class='ocrx_word' id='word_1_393' title='bbox 941 4837 995 4881; x_wconf 89' lang='lat' dir='ltr'><strong>et</strong></span> <span class='ocrx_word' id='word_1_394' title='bbox 1022 4836 1226 4885; x_wconf 90' lang='lat' dir='ltr'><strong>stantes</strong></span> <span class='ocrx_word' id='word_1_395' title='bbox 1254 4832 1560 4902; x_wconf 87' lang='lat' dir='ltr'><strong>comedere,</strong></span> <span class='ocrx_word' id='word_1_396' title='bbox 1613 4836 1745 4894; x_wconf 89' lang='lat' dir='ltr'><strong>nihil</strong></span> <span class='ocrx_word' id='word_1_397' title='bbox 1794 4840 1934 4895; x_wconf 90' lang='lat' dir='ltr'><strong>aliud</strong></span> 
     </span>
    </p>
   </div>
   <div class='ocr_carea' id='block_1_51' title="bbox 355 4911 1931 5002">
    <p class='ocr_par' dir='ltr' id='par_1_51' title="bbox 355 4911 1931 5002">
     <span class='ocr_line' id='line_1_51' title="bbox 355 4911 1931 5002; baseline 0.013 -37"><span class='ocrx_word' id='word_1_398' title='bbox 355 4926 513 4981; x_wconf 86' lang='lat' dir='ltr'><strong>quam</strong></span> <span class='ocrx_word' id='word_1_399' title='bbox 533 4911 635 4968; x_wconf 91' lang='lat' dir='ltr'><strong>hoc</strong></span> <span class='ocrx_word' id='word_1_400' title='bbox 661 4913 946 4985; x_wconf 88' lang='lat' dir='ltr'><strong>signiﬁcat.</strong></span> <span class='ocrx_word' id='word_1_401' title='bbox 976 4917 1147 4975; x_wconf 83' lang='lat' dir='ltr'><strong>Vultis</strong></span> <span class='ocrx_word' id='word_1_402' title='bbox 1165 4922 1393 5002; x_wconf 60' lang='lat' dir='ltr'><strong>primum</strong></span> <span class='ocrx_word' id='word_1_403' title='bbox 1419 4924 1605 4981; x_wconf 89' lang='lat' dir='ltr'><strong>audire</strong></span> <span class='ocrx_word' id='word_1_404' title='bbox 1635 4927 1931 4997; x_wconf 90' lang='lat' dir='ltr'><strong>historiam,</strong></span> 
     </span>
    </p>
   </div>
   <div class='ocr_carea' id='block_1_52' title="bbox 355 5007 1934 5090">
    <p class='ocr_par' dir='ltr' id='par_1_52' title="bbox 355 5007 1934 5090">
     <span class='ocr_line' id='line_1_52' title="bbox 355 5007 1934 5090; baseline 0.012 -32"><span class='ocrx_word' id='word_1_405' title='bbox 355 5020 424 5058; x_wconf 83' lang='lat' dir='ltr'><strong>an</strong></span> <span class='ocrx_word' id='word_1_406' title='bbox 453 5007 770 5076; x_wconf 83' lang='lat' dir='ltr'><strong>anagogen?</strong></span> <span class='ocrx_word' id='word_1_407' title='bbox 814 5007 993 5066; x_wconf 88' lang='lat' dir='ltr'><strong>Satius</strong></span> <span class='ocrx_word' id='word_1_408' title='bbox 1025 5019 1109 5066; x_wconf 90' lang='lat' dir='ltr'><strong>est</strong></span> <span class='ocrx_word' id='word_1_409' title='bbox 1157 5012 1454 5069; x_wconf 88' lang='lat' dir='ltr'><strong>historiam.</strong></span> <span class='ocrx_word' id='word_1_410' title='bbox 1493 5017 1630 5085; x_wconf 88' lang='lat' dir='ltr'><strong>Quid</strong></span> <span class='ocrx_word' id='word_1_411' title='bbox 1674 5034 1805 5090; x_wconf 88' lang='lat' dir='ltr'><strong>ergo</strong></span> <span class='ocrx_word' id='word_1_412' title='bbox 1832 5023 1934 5078; x_wconf 89' lang='lat' dir='ltr'><strong>sibi</strong></span> 
     </span>
    </p>
   </div>
   <div class='ocr_carea' id='block_1_53' title="bbox 356 5097 1930 5178">
    <p class='ocr_par' dir='ltr' id='par_1_53' title="bbox 356 5097 1930 5178">
     <span class='ocr_line' id='line_1_53' title="bbox 356 5097 1930 5178; baseline 0.014 -29"><span class='ocrx_word' id='word_1_413' title='bbox 356 5097 467 5152; x_wconf 78' lang='lat' dir='ltr'><strong>vult</strong></span> <span class='ocrx_word' id='word_1_414' title='bbox 493 5098 755 5154; x_wconf 75' lang='lat' dir='ltr'><strong>historia?</strong></span> <span class='ocrx_word' id='word_1_415' title='bbox 790 5098 1255 5161; x_wconf 81' lang='lat' dir='ltr'><strong>Obliviscebantur</strong></span> <span class='ocrx_word' id='word_1_416' title='bbox 1278 5122 1421 5178; x_wconf 68' lang='lat' dir='ltr'><strong>saepe</strong></span> <span class='ocrx_word' id='word_1_417' title='bbox 1444 5108 1614 5167; x_wconf 69' lang='lat' dir='ltr'><strong>Judaei</strong></span> <span class='ocrx_word' id='word_1_418' title='bbox 1639 5112 1930 5170; x_wconf 86' lang='lat' dir='ltr'><strong>beneﬁcio-</strong></span> 
     </span>
    </p>
   </div>
   <div class='ocr_carea' id='block_1_54' title="bbox 352 5190 1930 5263">
    <p class='ocr_par' dir='ltr' id='par_1_54' title="bbox 352 5190 1930 5263">
     <span class='ocr_line' id='line_1_54' title="bbox 352 5190 1930 5263; baseline 0.011 -18"><span class='ocrx_word' id='word_1_419' title='bbox 352 5203 469 5246; x_wconf 80' lang='lat' dir='ltr'><strong>rum</strong></span> <span class='ocrx_word' id='word_1_420' title='bbox 500 5190 617 5247; x_wconf 91' lang='lat' dir='ltr'><strong>Dei.</strong></span> <span class='ocrx_word' id='word_1_421' title='bbox 650 5191 716 5248; x_wconf 90' lang='lat' dir='ltr'><strong>Ut</strong></span> <span class='ocrx_word' id='word_1_422' title='bbox 743 5193 902 5263; x_wconf 89' lang='lat' dir='ltr'><strong>igitur</strong></span> <span class='ocrx_word' id='word_1_423' title='bbox 925 5194 1034 5252; x_wconf 89' lang='lat' dir='ltr'><strong>illis</strong></span> <span class='ocrx_word' id='word_1_424' title='bbox 1066 5196 1152 5252; x_wconf 88' lang='lat' dir='ltr'><strong>vel</strong></span> <span class='ocrx_word' id='word_1_425' title='bbox 1190 5200 1368 5254; x_wconf 89' lang='lat' dir='ltr'><strong>invitis</strong></span> <span class='ocrx_word' id='word_1_426' title='bbox 1398 5201 1585 5258; x_wconf 92' lang='lat' dir='ltr'><strong>horum</strong></span> <span class='ocrx_word' id='word_1_427' title='bbox 1616 5208 1930 5263; x_wconf 89' lang='lat' dir='ltr'><strong>memoriam</strong></span> 
     </span>
    </p>
   </div>
   <div class='ocr_carea' id='block_1_55' title="bbox 353 5281 1926 5369">
    <p class='ocr_par' dir='ltr' id='par_1_55' title="bbox 353 5281 1926 5369">
     <span class='ocr_line' id='line_1_55' title="bbox 353 5281 1926 5369; baseline 0.011 -35"><span class='ocrx_word' id='word_1_428' title='bbox 353 5281 648 5347; x_wconf 69' lang='lat' dir='ltr'><strong>refricaret,</strong></span> <span class='ocrx_word' id='word_1_429' title='bbox 676 5281 819 5339; x_wconf 87' lang='lat' dir='ltr'><strong>hunc</strong></span> <span class='ocrx_word' id='word_1_430' title='bbox 844 5285 1160 5342; x_wconf 80' lang='lat' dir='ltr'><strong>comedendi</strong></span> <span class='ocrx_word' id='word_1_431' title='bbox 1196 5291 1391 5359; x_wconf 88' lang='lat' dir='ltr'><strong>pascha</strong></span> <span class='ocrx_word' id='word_1_432' title='bbox 1420 5294 1634 5349; x_wconf 89' lang='lat' dir='ltr'><strong>modum</strong></span> <span class='ocrx_word' id='word_1_433' title='bbox 1678 5298 1793 5369; x_wconf 87' lang='lat' dir='ltr'><strong>lege</strong></span> <span class='ocrx_word' id='word_1_434' title='bbox 1822 5308 1926 5353; x_wconf 87' lang='lat' dir='ltr'><strong>sta-</strong></span> 
     </span>
    </p>
   </div>
   <div class='ocr_carea' id='block_1_56' title="bbox 353 5374 1928 5460">
    <p class='ocr_par' dir='ltr' id='par_1_56' title="bbox 353 5374 1928 5460">
     <span class='ocr_line' id='line_1_56' title="bbox 353 5374 1928 5460; baseline 0.014 -36"><span class='ocrx_word' id='word_1_435' title='bbox 353 5376 468 5426; x_wconf 90' lang='lat' dir='ltr'><strong>tuit.</strong></span> <span class='ocrx_word' id='word_1_436' title='bbox 493 5376 709 5440; x_wconf 81' lang='lat' dir='ltr'><strong>Quare?</strong></span> <span class='ocrx_word' id='word_1_437' title='bbox 736 5374 805 5431; x_wconf 85' lang='lat' dir='ltr'><strong>Ut</strong></span> <span class='ocrx_word' id='word_1_438' title='bbox 828 5390 948 5430; x_wconf 91' lang='lat' dir='ltr'><strong>cum</strong></span> <span class='ocrx_word' id='word_1_439' title='bbox 984 5378 1207 5449; x_wconf 86' lang='lat' dir='ltr'><strong>singulis</strong></span> <span class='ocrx_word' id='word_1_440' title='bbox 1232 5382 1387 5437; x_wconf 91' lang='lat' dir='ltr'><strong>annis</strong></span> <span class='ocrx_word' id='word_1_441' title='bbox 1415 5398 1733 5455; x_wconf 87' lang='lat' dir='ltr'><strong>cogerentur</strong></span> <span class='ocrx_word' id='word_1_442' title='bbox 1759 5391 1928 5460; x_wconf 87' lang='lat' dir='ltr'><strong>legem</strong></span> 
     </span>
    </p>
   </div>
   <div class='ocr_carea' id='block_1_57' title="bbox 350 5464 1927 5549">
    <p class='ocr_par' dir='ltr' id='par_1_57' title="bbox 350 5464 1927 5549">
     <span class='ocr_line' id='line_1_57' title="bbox 350 5464 1927 5549; baseline 0.011 -30"><span class='ocrx_word' id='word_1_443' title='bbox 350 5464 496 5519; x_wconf 88' lang='lat' dir='ltr'><strong>illam</strong></span> <span class='ocrx_word' id='word_1_444' title='bbox 521 5480 759 5531; x_wconf 88' lang='lat' dir='ltr'><strong>servare,</strong></span> <span class='ocrx_word' id='word_1_445' title='bbox 805 5470 1109 5524; x_wconf 87' lang='lat' dir='ltr'><strong>necessario</strong></span> <span class='ocrx_word' id='word_1_446' title='bbox 1157 5470 1285 5537; x_wconf 91' lang='lat' dir='ltr'><strong>Dei,</strong></span> <span class='ocrx_word' id='word_1_447' title='bbox 1326 5473 1417 5543; x_wconf 93' lang='lat' dir='ltr'><strong>qui</strong></span> <span class='ocrx_word' id='word_1_448' title='bbox 1457 5476 1600 5545; x_wconf 90' lang='lat' dir='ltr'><strong>ipsos</strong></span> <span class='ocrx_word' id='word_1_449' title='bbox 1650 5480 1927 5549; x_wconf 81' lang='lat' dir='ltr'><strong>eduxerat,</strong></span> 
     </span>
    </p>
   </div>
   <div class='ocr_carea' id='block_1_58' title="bbox 352 5558 1930 5641">
    <p class='ocr_par' dir='ltr' id='par_1_58' title="bbox 352 5558 1930 5641">
     <span class='ocr_line' id='line_1_58' title="bbox 352 5558 1930 5641; baseline 0.011 -32"><span class='ocrx_word' id='word_1_450' title='bbox 352 5558 776 5612; x_wconf 86' lang='lat' dir='ltr'><strong>recordareutur.</strong></span> <span class='ocrx_word' id='word_1_451' title='bbox 838 5559 1018 5630; x_wconf 88' lang='lat' dir='ltr'><strong>Itaque</strong></span> <span class='ocrx_word' id='word_1_452' title='bbox 1066 5577 1173 5615; x_wconf 92' lang='lat' dir='ltr'><strong>non</strong></span> <span class='ocrx_word' id='word_1_453' title='bbox 1216 5566 1440 5633; x_wconf 89' lang='lat' dir='ltr'><strong>tempori</strong></span> <span class='ocrx_word' id='word_1_454' title='bbox 1479 5569 1651 5622; x_wconf 87' lang='lat' dir='ltr'><strong>solum</strong></span> <span class='ocrx_word' id='word_1_455' title='bbox 1695 5571 1930 5641; x_wconf 82' lang='lat' dir='ltr'><strong>alligavit</strong></span> 
     </span>
    </p>
   </div>
   <div class='ocr_carea' id='block_1_59' title="bbox 353 5648 1922 5720">
    <p class='ocr_par' dir='ltr' id='par_1_59' title="bbox 353 5648 1922 5720">
     <span class='ocr_line' id='line_1_59' title="bbox 353 5648 1922 5720; baseline 0.013 -21"><span class='ocrx_word' id='word_1_456' title='bbox 353 5648 490 5703; x_wconf 82' lang='lat' dir='ltr'><strong>Dens</strong></span> <span class='ocrx_word' id='word_1_457' title='bbox 516 5665 609 5704; x_wconf 91' lang='lat' dir='ltr'><strong>sua</strong></span> <span class='ocrx_word' id='word_1_458' title='bbox 640 5651 922 5716; x_wconf 85' lang='lat' dir='ltr'><strong>beneﬁcia,</strong></span> <span class='ocrx_word' id='word_1_459' title='bbox 946 5653 1040 5708; x_wconf 89' lang='lat' dir='ltr'><strong>sed</strong></span> <span class='ocrx_word' id='word_1_460' title='bbox 1079 5654 1239 5708; x_wconf 88' lang='lat' dir='ltr'><strong>etiam</strong></span> <span class='ocrx_word' id='word_1_461' title='bbox 1269 5655 1468 5711; x_wconf 85' lang='lat' dir='ltr'><strong>habitui</strong></span> <span class='ocrx_word' id='word_1_462' title='bbox 1509 5662 1922 5720; x_wconf 89' lang='lat' dir='ltr'><strong>comedentium.</strong></span> 
     </span>
    </p>
   </div>
   <div class='ocr_carea' id='block_1_60' title="bbox 349 5736 1922 5827">
    <p class='ocr_par' dir='ltr' id='par_1_60' title="bbox 349 5736 1922 5827">
     <span class='ocr_line' id='line_1_60' title="bbox 349 5736 1922 5827; baseline 0.013 -34"><span class='ocrx_word' id='word_1_463' title='bbox 349 5736 633 5811; x_wconf 59' lang='lat' dir='ltr'><strong>Pmptcrca</strong></span> <span class='ocrx_word' id='word_1_464' title='bbox 657 5743 797 5796; x_wconf 91' lang='lat' dir='ltr'><strong>enim</strong></span> <span class='ocrx_word' id='word_1_465' title='bbox 816 5758 955 5798; x_wconf 89' lang='lat' dir='ltr'><strong>nunc</strong></span> <span class='ocrx_word' id='word_1_466' title='bbox 979 5745 1266 5800; x_wconf 89' lang='lat' dir='ltr'><strong>comedunt</strong></span> <span class='ocrx_word' id='word_1_467' title='bbox 1282 5749 1502 5805; x_wconf 90' lang='lat' dir='ltr'><strong>accincti</strong></span> <span class='ocrx_word' id='word_1_468' title='bbox 1523 5760 1570 5806; x_wconf 91' lang='lat' dir='ltr'><strong>et</strong></span> <span class='ocrx_word' id='word_1_469' title='bbox 1592 5753 1834 5827; x_wconf 87' lang='lat' dir='ltr'><strong>calceati,</strong></span> <span class='ocrx_word' id='word_1_470' title='bbox 1850 5758 1922 5813; x_wconf 92' lang='lat' dir='ltr'><strong>uti</strong></span> 
     </span>
    </p>
   </div>
   <div class='ocr_carea' id='block_1_61' title="bbox 679 5838 1343 5912">
    <p class='ocr_par' dir='ltr' id='par_1_61' title="bbox 679 5838 1343 5912">
     <span class='ocr_line' id='line_1_61' title="bbox 679 5838 1343 5912; baseline 0.021 -17"><span class='ocrx_word' id='word_1_471' title='bbox 679 5838 943 5901; x_wconf 71' lang='lat' dir='ltr'><strong>PATROL.</strong></span> <span class='ocrx_word' id='word_1_472' title='bbox 990 5845 1103 5905; x_wconf 76' lang='lat' dir='ltr'><strong>Gn.</strong></span> <span class='ocrx_word' id='word_1_473' title='bbox 1159 5847 1343 5912; x_wconf 78' lang='lat' dir='ltr'><strong>LXII.</strong></span> 
     </span>
    </p>
   </div>
   <div class='ocr_carea' id='block_1_62' title="bbox 1312 314 2872 396">
    <p class='ocr_par' dir='ltr' id='par_1_62' title="bbox 1312 314 2872 396">
     <span class='ocr_line' id='line_1_62' title="bbox 1312 314 2872 396; baseline 0.017 -27"><span class='ocrx_word' id='word_1_474' title='bbox 1312 314 1382 370; x_wconf 85' lang='lat' dir='ltr'><strong>IN</strong></span> <span class='ocrx_word' id='word_1_475' title='bbox 1420 315 1635 373; x_wconf 85' lang='lat' dir='ltr'><strong>EPIST.</strong></span> <span class='ocrx_word' id='word_1_476' title='bbox 1676 318 1770 373; x_wconf 75' lang='lat' dir='ltr'><strong>AD</strong></span> <span class='ocrx_word' id='word_1_477' title='bbox 1808 319 2045 378; x_wconf 85' lang='lat' dir='ltr'><strong>EPIIES.</strong></span> <span class='ocrx_word' id='word_1_478' title='bbox 2088 323 2239 381; x_wconf 81' lang='lat' dir='ltr'><strong>CAP.</strong></span> <span class='ocrx_word' id='word_1_479' title='bbox 2284 327 2369 385; x_wconf 88' lang='lat' dir='ltr'><strong>VI.</strong></span> <span class='ocrx_word' id='word_1_480' title='bbox 2414 330 2643 390; x_wconf 80' lang='lat' dir='ltr'><strong>IIOMIL.</strong></span> <span class='ocrx_word' id='word_1_481' title='bbox 2688 336 2872 396; x_wconf 78' lang='lat' dir='ltr'><strong>XXIII.</strong></span> 
     </span>
    </p>
   </div>
   <div class='ocr_carea' id='block_1_63' title="bbox 3585 357 3688 413">
    <p class='ocr_par' dir='ltr' id='par_1_63' title="bbox 3585 357 3688 413">
     <span class='ocr_line' id='line_1_63' title="bbox 3585 357 3688 413; baseline 0.019 -3"><span class='ocrx_word' id='word_1_482' title='bbox 3585 357 3688 413; x_wconf 75' lang='grc'><strong>166</strong></span> 
     </span>
    </p>
   </div>
   <div class='ocr_carea' id='block_1_64' title="bbox 2109 440 3687 534">
    <p class='ocr_par' dir='ltr' id='par_1_64' title="bbox 2109 440 3687 534">
     <span class='ocr_line' id='line_1_64' title="bbox 2109 440 3687 534; baseline 0.026 -42"><span class='ocrx_word' id='word_1_483' title='bbox 2109 440 2153 492; x_wconf 89' lang='lat' dir='ltr'><strong>si</strong></span> <span class='ocrx_word' id='word_1_484' title='bbox 2182 453 2452 511; x_wconf 82' lang='lat' dir='ltr'><strong>rogentur,</strong></span> <span class='ocrx_word' id='word_1_485' title='bbox 2477 448 2656 507; x_wconf 85' lang='lat' dir='ltr'><strong>dicant</strong></span> <span class='ocrx_word' id='word_1_486' title='bbox 2680 471 2693 507; x_wconf 91' lang='lat'>:</span> <span class='ocrx_word' id='word_1_487' title='bbox 2717 454 2939 514; x_wconf 87' lang='lat' dir='ltr'><strong>Eramus</strong></span> <span class='ocrx_word' id='word_1_488' title='bbox 2957 462 3124 530; x_wconf 87' lang='lat' dir='ltr'><strong>parati</strong></span> <span class='ocrx_word' id='word_1_489' title='bbox 3149 465 3216 521; x_wconf 88' lang='lat' dir='ltr'><strong>ad</strong></span> <span class='ocrx_word' id='word_1_490' title='bbox 3245 468 3364 534; x_wconf 86' lang='lat' dir='ltr'><strong>iter,</strong></span> <span class='ocrx_word' id='word_1_491' title='bbox 3395 481 3447 528; x_wconf 89' lang='lat' dir='ltr'><strong>et</strong></span> <span class='ocrx_word' id='word_1_492' title='bbox 3471 488 3687 533; x_wconf 87' lang='lat' dir='ltr'><strong>eramus</strong></span> 
     </span>
    </p>
   </div>
   <div class='ocr_carea' id='block_1_65' title="bbox 2108 534 3684 627">
    <p class='ocr_par' dir='ltr' id='par_1_65' title="bbox 2108 534 3684 627">
     <span class='ocr_line' id='line_1_65' title="bbox 2108 534 3684 627; baseline 0.026 -42"><span class='ocrx_word' id='word_1_493' title='bbox 2108 534 2297 590; x_wconf 81' lang='lat' dir='ltr'><strong>exituri</strong></span> <span class='ocrx_word' id='word_1_494' title='bbox 2319 553 2384 592; x_wconf 81' lang='lat' dir='ltr'><strong>ex</strong></span> <span class='ocrx_word' id='word_1_495' title='bbox 2413 538 2648 613; x_wconf 66' lang='lat' dir='ltr'><strong>Egypto</strong></span> <span class='ocrx_word' id='word_1_496' title='bbox 2666 547 2717 602; x_wconf 94' lang='lat' dir='ltr'><strong>in</strong></span> <span class='ocrx_word' id='word_1_497' title='bbox 2748 559 2941 606; x_wconf 88' lang='lat' dir='ltr'><strong>terram</strong></span> <span class='ocrx_word' id='word_1_498' title='bbox 2963 558 3352 623; x_wconf 84' lang='lat' dir='ltr'><strong>promissionis.</strong></span> <span class='ocrx_word' id='word_1_499' title='bbox 3379 565 3684 627; x_wconf 87' lang='lat' dir='ltr'><strong>Secundum</strong></span> 
     </span>
    </p>
   </div>
   <div class='ocr_carea' id='block_1_66' title="bbox 2108 623 3682 723">
    <p class='ocr_par' dir='ltr' id='par_1_66' title="bbox 2108 623 3682 723">
     <span class='ocr_line' id='line_1_66' title="bbox 2108 623 3682 723; baseline 0.028 -48"><span class='ocrx_word' id='word_1_500' title='bbox 2108 623 2404 697; x_wconf 89' lang='lat' dir='ltr'><strong>historiam,</strong></span> <span class='ocrx_word' id='word_1_501' title='bbox 2438 632 2538 689; x_wconf 91' lang='lat' dir='ltr'><strong>hoc</strong></span> <span class='ocrx_word' id='word_1_502' title='bbox 2567 637 2782 705; x_wconf 90' lang='lat' dir='ltr'><strong>quidem</strong></span> <span class='ocrx_word' id='word_1_503' title='bbox 2810 652 2890 697; x_wconf 90' lang='lat' dir='ltr'><strong>est</strong></span> <span class='ocrx_word' id='word_1_504' title='bbox 2923 652 3108 715; x_wconf 80' lang='lat' dir='ltr'><strong>typus;</strong></span> <span class='ocrx_word' id='word_1_505' title='bbox 3137 649 3250 707; x_wconf 69' lang='lat' dir='ltr'><strong>htec</strong></span> <span class='ocrx_word' id='word_1_506' title='bbox 3264 665 3439 711; x_wconf 91' lang='lat' dir='ltr'><strong>autem</strong></span> <span class='ocrx_word' id='word_1_507' title='bbox 3462 662 3682 723; x_wconf 89' lang='lat' dir='ltr'><strong>veritas.</strong></span> 
     </span>
    </p>
   </div>
   <div class='ocr_carea' id='block_1_67' title="bbox 2103 713 3680 813">
    <p class='ocr_par' dir='ltr' id='par_1_67' title="bbox 2103 713 3680 813">
     <span class='ocr_line' id='line_1_67' title="bbox 2103 713 3680 813; baseline 0.027 -45"><span class='ocrx_word' id='word_1_508' title='bbox 2103 713 2211 813; x_wconf 70' lang='lat' dir='ltr'><strong>Nos</strong></span> <span class='ocrx_word' id='word_1_509' title='bbox 2254 734 2473 813; x_wconf 84' lang='lat' dir='ltr'><strong>quoque</strong></span> <span class='ocrx_word' id='word_1_510' title='bbox 2515 727 2713 795; x_wconf 88' lang='lat' dir='ltr'><strong>pascha</strong></span> <span class='ocrx_word' id='word_1_511' title='bbox 2745 713 3105 805; x_wconf 33' lang='lat' dir='ltr'><strong>comedi—mus,</strong></span> <span class='ocrx_word' id='word_1_512' title='bbox 3138 757 3329 813; x_wconf 86' lang='lat' dir='ltr'><strong>nempe</strong></span> <span class='ocrx_word' id='word_1_513' title='bbox 3357 713 3680 811; x_wconf 48' lang='lat' dir='ltr'><strong>Christum:</strong></span> 
     </span>
    </p>
   </div>
   <div class='ocr_carea' id='block_1_68' title="bbox 2104 804 3679 913">
    <p class='ocr_par' dir='ltr' id='par_1_68' title="bbox 2104 804 3679 913">
     <span class='ocr_line' id='line_1_68' title="bbox 2104 804 3679 913; baseline 0.028 -56"><span class='ocrx_word' id='word_1_514' title='bbox 2104 804 2309 913; x_wconf 50' lang='lat' dir='ltr'><strong>fatalia</strong></span> <span class='ocrx_word' id='word_1_515' title='bbox 2331 814 2462 866; x_wconf 85' lang='lat' dir='ltr'><strong>enim</strong></span> <span class='ocrx_word' id='word_1_516' title='bbox 2493 826 2721 874; x_wconf 85' lang='lat' dir='ltr'><strong>nostrum</strong></span> <span class='ocrx_word' id='word_1_517' title='bbox 2747 822 3038 882; x_wconf 84' lang='lat' dir='ltr'><strong>immolatus</strong></span> <span class='ocrx_word' id='word_1_518' title='bbox 3071 804 3142 886; x_wconf 86' lang='lat' dir='ltr'><strong>est</strong></span> <span class='ocrx_word' id='word_1_519' title='bbox 3180 804 3411 892; x_wconf 73' lang='lat' dir='ltr'><strong>Christus</strong></span> <span class='ocrx_word' id='word_1_520' title='bbox 3441 840 3462 913; x_wconf 86' lang='lat'><strong>(</strong></span> 
     </span>
    </p>
   </div>
   <div class='ocr_carea' id='block_1_69' title="bbox 2099 895 3676 1007">
    <p class='ocr_par' dir='ltr' id='par_1_69' title="bbox 2099 895 3676 1007">
     <span class='ocr_line' id='line_1_69' title="bbox 2099 895 3676 1007; baseline 0.029 -59"><span class='ocrx_word' id='word_1_521' title='bbox 2099 895 2153 1007; x_wconf 54' lang='lat'><strong>.5.</strong></span> <span class='ocrx_word' id='word_1_522' title='bbox 2186 898 2298 1007; x_wconf 48' lang='lat'><strong>7),-</strong></span> <span class='ocrx_word' id='word_1_523' title='bbox 2324 902 2515 973; x_wconf 89' lang='lat' dir='ltr'><strong>inquit.</strong></span> <span class='ocrx_word' id='word_1_524' title='bbox 2546 906 2690 980; x_wconf 82' lang='lat' dir='ltr'><strong>Ergo</strong></span> <span class='ocrx_word' id='word_1_525' title='bbox 2720 928 2819 969; x_wconf 90' lang='lat' dir='ltr'><strong>nos</strong></span> <span class='ocrx_word' id='word_1_526' title='bbox 2846 931 3056 989; x_wconf 89' lang='lat' dir='ltr'><strong>quoque</strong></span> <span class='ocrx_word' id='word_1_527' title='bbox 3099 926 3291 991; x_wconf 87' lang='lat' dir='ltr'><strong>pascha</strong></span> <span class='ocrx_word' id='word_1_528' title='bbox 3323 895 3676 1007; x_wconf 71' lang='lat' dir='ltr'><strong>comedimus,</strong></span> 
     </span>
    </p>
   </div>
   <div class='ocr_carea' id='block_1_70' title="bbox 2101 989 3677 1088">
    <p class='ocr_par' dir='ltr' id='par_1_70' title="bbox 2101 989 3677 1088">
     <span class='ocr_line' id='line_1_70' title="bbox 2101 989 3677 1088; baseline 0.029 -46"><span class='ocrx_word' id='word_1_529' title='bbox 2101 989 2251 1059; x_wconf 83' lang='lat' dir='ltr'><strong>legali</strong></span> <span class='ocrx_word' id='word_1_530' title='bbox 2284 994 2440 1068; x_wconf 86' lang='lat' dir='ltr'><strong>longe</strong></span> <span class='ocrx_word' id='word_1_531' title='bbox 2487 1008 2850 1069; x_wconf 67' lang='lat' dir='ltr'><strong>prazstanlius.</strong></span> <span class='ocrx_word' id='word_1_532' title='bbox 2901 989 3179 1085; x_wconf 37' lang='lat' dir='ltr'><strong>Itaque—et</strong></span> <span class='ocrx_word' id='word_1_533' title='bbox 3205 1022 3428 1080; x_wconf 88' lang='lat' dir='ltr'><strong>calceati</strong></span> <span class='ocrx_word' id='word_1_534' title='bbox 3468 1038 3524 1083; x_wconf 87' lang='lat' dir='ltr'><strong>et</strong></span> <span class='ocrx_word' id='word_1_535' title='bbox 3558 989 3677 1088; x_wconf 64' lang='lat' dir='ltr'><strong>suc:</strong></span> 
     </span>
    </p>
   </div>
   <div class='ocr_carea' id='block_1_71' title="bbox 2064 1082 3678 1194">
    <p class='ocr_par' dir='ltr' id='par_1_71' title="bbox 2064 1082 3678 1194">
     <span class='ocr_line' id='line_1_71' title="bbox 2064 1082 3678 1194; baseline 0.032 -65"><span class='ocrx_word' id='word_1_536' title='bbox 2064 1082 2257 1181; x_wconf 74' lang='lat' dir='ltr'><strong>&#39;rincti</strong></span> <span class='ocrx_word' id='word_1_537' title='bbox 2306 1093 2651 1172; x_wconf 86' lang='lat' dir='ltr'><strong>comedamus</strong></span> <span class='ocrx_word' id='word_1_538' title='bbox 2693 1110 2924 1167; x_wconf 90' lang='lat' dir='ltr'><strong>oportet.</strong></span> <span class='ocrx_word' id='word_1_539' title='bbox 2957 1082 3166 1171; x_wconf 79' lang='lat' dir='ltr'><strong>Quare?</strong></span> <span class='ocrx_word' id='word_1_540' title='bbox 3210 1111 3278 1167; x_wconf 90' lang='lat' dir='ltr'><strong>Ut</strong></span> <span class='ocrx_word' id='word_1_541' title='bbox 3318 1131 3417 1171; x_wconf 91' lang='lat' dir='ltr'><strong>nos</strong></span> <span class='ocrx_word' id='word_1_542' title='bbox 3462 1082 3678 1194; x_wconf 57' lang='lat' dir='ltr'><strong>quoque</strong></span> 
     </span>
    </p>
   </div>
   <div class='ocr_carea' id='block_1_72' title="bbox 2095 1172 3676 1272">
    <p class='ocr_par' dir='ltr' id='par_1_72' title="bbox 2095 1172 3676 1272">
     <span class='ocr_line' id='line_1_72' title="bbox 2095 1172 3676 1272; baseline 0.032 -51"><span class='ocrx_word' id='word_1_543' title='bbox 2095 1172 2262 1227; x_wconf 88' lang='lat' dir='ltr'><strong>simus</strong></span> <span class='ocrx_word' id='word_1_544' title='bbox 2289 1181 2457 1244; x_wconf 89' lang='lat' dir='ltr'><strong>parati</strong></span> <span class='ocrx_word' id='word_1_545' title='bbox 2487 1182 2553 1236; x_wconf 94' lang='lat' dir='ltr'><strong>ad</strong></span> <span class='ocrx_word' id='word_1_546' title='bbox 2580 1186 2813 1256; x_wconf 84' lang='lat' dir='ltr'><strong>exitum,</strong></span> <span class='ocrx_word' id='word_1_547' title='bbox 2844 1203 2899 1247; x_wconf 90' lang='lat' dir='ltr'><strong>et</strong></span> <span class='ocrx_word' id='word_1_548' title='bbox 2930 1196 2994 1249; x_wconf 89' lang='lat' dir='ltr'><strong>ad</strong></span> <span class='ocrx_word' id='word_1_549' title='bbox 3027 1172 3506 1271; x_wconf 80' lang='lat' dir='ltr'><strong>peregrinationem</strong></span> <span class='ocrx_word' id='word_1_550' title='bbox 3551 1172 3676 1272; x_wconf 65' lang='lat' dir='ltr'><strong>hinc</strong></span> 
     </span>
    </p>
   </div>
   <div class='ocr_carea' id='block_1_73' title="bbox 2094 1262 3675 1378">
    <p class='ocr_par' dir='ltr' id='par_1_73' title="bbox 2094 1262 3675 1378">
     <span class='ocr_line' id='line_1_73' title="bbox 2094 1262 3675 1378; baseline 0.03 -63"><span class='ocrx_word' id='word_1_551' title='bbox 2094 1262 2343 1364; x_wconf 78' lang='lat' dir='ltr'><strong>futuram.</strong></span> <span class='ocrx_word' id='word_1_552' title='bbox 2368 1271 2536 1328; x_wconf 88' lang='lat' dir='ltr'><strong>Nemo</strong></span> <span class='ocrx_word' id='word_1_553' title='bbox 2556 1293 2620 1332; x_wconf 77' lang='lat' dir='ltr'><strong>ex</strong></span> <span class='ocrx_word' id='word_1_554' title='bbox 2650 1280 2732 1344; x_wconf 91' lang='lat' dir='ltr'><strong>iis,</strong></span> <span class='ocrx_word' id='word_1_555' title='bbox 2757 1285 2844 1353; x_wconf 91' lang='lat' dir='ltr'><strong>qui</strong></span> <span class='ocrx_word' id='word_1_556' title='bbox 2864 1285 2963 1341; x_wconf 92' lang='lat' dir='ltr'><strong>hoc</strong></span> <span class='ocrx_word' id='word_1_557' title='bbox 2988 1292 3185 1359; x_wconf 87' lang='lat' dir='ltr'><strong>pascha</strong></span> <span class='ocrx_word' id='word_1_558' title='bbox 3206 1301 3510 1372; x_wconf 90' lang='lat' dir='ltr'><strong>comedunt,</strong></span> <span class='ocrx_word' id='word_1_559' title='bbox 3534 1310 3675 1378; x_wconf 89' lang='lat' dir='ltr'><strong>aspi-</strong></span> 
     </span>
    </p>
   </div>
   <div class='ocr_carea' id='block_1_74' title="bbox 2092 1354 3671 1463">
    <p class='ocr_par' dir='ltr' id='par_1_74' title="bbox 2092 1354 3671 1463">
     <span class='ocr_line' id='line_1_74' title="bbox 2092 1354 3671 1463; baseline 0.03 -57"><span class='ocrx_word' id='word_1_560' title='bbox 2092 1354 2197 1463; x_wconf 65' lang='lat' dir='ltr'><strong>ciat</strong></span> <span class='ocrx_word' id='word_1_561' title='bbox 2239 1359 2305 1463; x_wconf 77' lang='lat' dir='ltr'><strong>ad</strong></span> <span class='ocrx_word' id='word_1_562' title='bbox 2350 1362 2674 1463; x_wconf 51' lang='grc' dir='ltr'><strong>Αἰθῖνιυηι,</strong></span> <span class='ocrx_word' id='word_1_563' title='bbox 2728 1374 2823 1429; x_wconf 88' lang='lat' dir='ltr'><strong>sed</strong></span> <span class='ocrx_word' id='word_1_564' title='bbox 2879 1377 2945 1432; x_wconf 89' lang='lat' dir='ltr'><strong>ad</strong></span> <span class='ocrx_word' id='word_1_565' title='bbox 2988 1354 3220 1452; x_wconf 65' lang='lat' dir='ltr'><strong>cadum,</strong></span> <span class='ocrx_word' id='word_1_566' title='bbox 3265 1389 3332 1443; x_wconf 89' lang='lat' dir='ltr'><strong>ad</strong></span> 
     </span>
    </p>
   </div>
   <div class='ocr_carea' id='block_1_75' title="bbox 2089 1444 3672 1549">
    <p class='ocr_par' dir='ltr' id='par_1_75' title="bbox 2089 1444 3672 1549">
     <span class='ocr_line' id='line_1_75' title="bbox 3206 1444 3671 1463; baseline 0.03 -22"><span class='ocrx_word' id='word_1_567' title='bbox 3206 1444 3218 1452; x_wconf 73' lang='grc'>,</span> <span class='ocrx_word' id='word_1_568' title='bbox 3398 1444 3671 1463; x_wconf 25' lang='grc' dir='ltr'><strong>Ἴννα...</strong></span> 
     </span>
     <span class='ocr_line' id='line_1_76' title="bbox 2089 1444 3672 1549; baseline 0.03 -51"><span class='ocrx_word' id='word_1_569' title='bbox 2089 1444 2406 1507; x_wconf 82' lang='lat' dir='ltr'><strong>Jerusalem.</strong></span> <span class='ocrx_word' id='word_1_570' title='bbox 2449 1457 2738 1530; x_wconf 83' lang='lat' dir='ltr'><strong>Propterea</strong></span> <span class='ocrx_word' id='word_1_571' title='bbox 2768 1470 3053 1539; x_wconf 88' lang='lat' dir='ltr'><strong>accinctus,</strong></span> <span class='ocrx_word' id='word_1_572' title='bbox 3093 1490 3375 1549; x_wconf 88' lang='lat' dir='ltr'><strong>propterea</strong></span> <span class='ocrx_word' id='word_1_573' title='bbox 3405 1490 3672 1547; x_wconf 76' lang='lat' dir='ltr'><strong>calceatus</strong></span> 
     </span>
    </p>
   </div>
   <div class='ocr_carea' id='block_1_76' title="bbox 2088 1543 3667 1644">
    <p class='ocr_par' dir='ltr' id='par_1_76' title="bbox 2088 1543 3667 1644">
     <span class='ocr_line' id='line_1_77' title="bbox 2088 1543 3667 1644; baseline 0.029 -53"><span class='ocrx_word' id='word_1_574' title='bbox 2088 1543 2349 1609; x_wconf 86' lang='lat' dir='ltr'><strong>comedis,</strong></span> <span class='ocrx_word' id='word_1_575' title='bbox 2382 1557 2436 1599; x_wconf 91' lang='lat' dir='ltr'><strong>ut</strong></span> <span class='ocrx_word' id='word_1_576' title='bbox 2464 1548 2639 1607; x_wconf 85' lang='lat' dir='ltr'><strong>discas</strong></span> <span class='ocrx_word' id='word_1_577' title='bbox 2671 1557 2811 1624; x_wconf 89' lang='lat' dir='ltr'><strong>quod</strong></span> <span class='ocrx_word' id='word_1_578' title='bbox 2853 1562 3009 1617; x_wconf 90' lang='lat' dir='ltr'><strong>simul</strong></span> <span class='ocrx_word' id='word_1_579' title='bbox 3038 1543 3206 1637; x_wconf 78' lang='lat' dir='ltr'><strong>atque</strong></span> <span class='ocrx_word' id='word_1_580' title='bbox 3239 1574 3478 1644; x_wconf 86' lang='lat' dir='ltr'><strong>incepisti</strong></span> <span class='ocrx_word' id='word_1_581' title='bbox 3516 1596 3667 1635; x_wconf 78' lang='lat' dir='ltr'><strong>com-</strong></span> 
     </span>
    </p>
   </div>
   <div class='ocr_carea' id='block_1_77' title="bbox 2086 1629 3669 1727">
    <p class='ocr_par' dir='ltr' id='par_1_77' title="bbox 2086 1629 3669 1727">
     <span class='ocr_line' id='line_1_78' title="bbox 2086 1629 3669 1727; baseline 0.029 -46"><span class='ocrx_word' id='word_1_582' title='bbox 2086 1629 2247 1686; x_wconf 88' lang='lat' dir='ltr'><strong>edere</strong></span> <span class='ocrx_word' id='word_1_583' title='bbox 2268 1637 2480 1705; x_wconf 87' lang='lat' dir='ltr'><strong>pascha,</strong></span> <span class='ocrx_word' id='word_1_584' title='bbox 2514 1641 2676 1700; x_wconf 89' lang='lat' dir='ltr'><strong>debes</strong></span> <span class='ocrx_word' id='word_1_585' title='bbox 2717 1653 3040 1721; x_wconf 77' lang='lat' dir='ltr'><strong>peregrinari</strong></span> <span class='ocrx_word' id='word_1_586' title='bbox 3083 1670 3135 1712; x_wconf 90' lang='lat' dir='ltr'><strong>et</strong></span> <span class='ocrx_word' id='word_1_587' title='bbox 3174 1660 3274 1715; x_wconf 82' lang='lat' dir='ltr'><strong>iter</strong></span> <span class='ocrx_word' id='word_1_588' title='bbox 3316 1664 3510 1722; x_wconf 85' lang='lat' dir='ltr'><strong>facere.</strong></span> <span class='ocrx_word' id='word_1_589' title='bbox 3557 1671 3669 1727; x_wconf 76' lang='lat' dir='ltr'><strong>Iino</strong></span> 
     </span>
    </p>
   </div>
   <div class='ocr_carea' id='block_1_78' title="bbox 2086 1730 3664 1835">
    <p class='ocr_par' dir='ltr' id='par_1_78' title="bbox 2086 1730 3664 1835">
     <span class='ocr_line' id='line_1_79' title="bbox 2086 1730 3664 1835; baseline 0.03 -63"><span class='ocrx_word' id='word_1_590' title='bbox 2086 1730 2263 1778; x_wconf 89' lang='lat' dir='ltr'><strong>autem</strong></span> <span class='ocrx_word' id='word_1_591' title='bbox 2290 1730 2445 1785; x_wconf 85' lang='lat' dir='ltr'><strong>tacite</strong></span> <span class='ocrx_word' id='word_1_592' title='bbox 2470 1734 2750 1805; x_wconf 80' lang='lat' dir='ltr'><strong>significat,</strong></span> <span class='ocrx_word' id='word_1_593' title='bbox 2781 1754 2831 1796; x_wconf 91' lang='lat' dir='ltr'><strong>et</strong></span> <span class='ocrx_word' id='word_1_594' title='bbox 2858 1760 3108 1813; x_wconf 78' lang='lat' dir='ltr'><strong>Oportere</strong></span> <span class='ocrx_word' id='word_1_595' title='bbox 3128 1757 3305 1822; x_wconf 80' lang='lat' dir='ltr'><strong>egredi</strong></span> <span class='ocrx_word' id='word_1_596' title='bbox 3325 1774 3387 1813; x_wconf 80' lang='lat' dir='ltr'><strong>ex</strong></span> <span class='ocrx_word' id='word_1_597' title='bbox 3416 1761 3664 1835; x_wconf 69' lang='lat' dir='ltr'><strong>Aigypto,</strong></span> 
     </span>
    </p>
   </div>
   <div class='ocr_carea' id='block_1_79' title="bbox 2085 1820 3667 1919">
    <p class='ocr_par' dir='ltr' id='par_1_79' title="bbox 2085 1820 3667 1919">
     <span class='ocr_line' id='line_1_80' title="bbox 2085 1820 3667 1919; baseline 0.032 -55"><span class='ocrx_word' id='word_1_598' title='bbox 2085 1820 2137 1865; x_wconf 80' lang='lat' dir='ltr'><strong>et</strong></span> <span class='ocrx_word' id='word_1_599' title='bbox 2164 1829 2441 1877; x_wconf 81' lang='lat' dir='ltr'><strong>manentes</strong></span> <span class='ocrx_word' id='word_1_600' title='bbox 2489 1830 2640 1895; x_wconf 90' lang='lat' dir='ltr'><strong>quasi</strong></span> <span class='ocrx_word' id='word_1_601' title='bbox 2684 1832 2735 1885; x_wconf 92' lang='lat' dir='ltr'><strong>in</strong></span> <span class='ocrx_word' id='word_1_602' title='bbox 2783 1835 2957 1892; x_wconf 91' lang='lat' dir='ltr'><strong>aliena</strong></span> <span class='ocrx_word' id='word_1_603' title='bbox 2998 1850 3134 1898; x_wconf 85' lang='lat' dir='ltr'><strong>terra</strong></span> <span class='ocrx_word' id='word_1_604' title='bbox 3182 1863 3429 1919; x_wconf 83' lang='lat' dir='ltr'><strong>manere;</strong></span> <span class='ocrx_word' id='word_1_605' title='bbox 3472 1820 3667 1914; x_wconf 50' lang='lat' dir='ltr'><strong>Kal&quot;;</strong></span> 
     </span>
    </p>
   </div>
   <div class='ocr_carea' id='block_1_80' title="bbox 2081 1904 3660 2021">
    <p class='ocr_par' dir='ltr' id='par_1_80' title="bbox 2081 1904 3660 2021">
     <span class='ocr_line' id='line_1_81' title="bbox 2081 1904 3660 2021; baseline 0.032 -66"><span class='ocrx_word' id='word_1_606' title='bbox 2081 1904 2232 2021; x_wconf 67' lang='lat' dir='ltr'><strong>enim,</strong></span> <span class='ocrx_word' id='word_1_607' title='bbox 2266 1909 2453 2011; x_wconf 85' lang='lat' dir='ltr'><strong>inquit,</strong></span> <span class='ocrx_word' id='word_1_608' title='bbox 2486 1925 2797 1977; x_wconf 78' lang='lat' dir='ltr'><strong>conversatio</strong></span> <span class='ocrx_word' id='word_1_609' title='bbox 2825 1938 2896 1980; x_wconf 84' lang='lat' dir='ltr'><strong>est</strong></span> <span class='ocrx_word' id='word_1_610' title='bbox 2924 1930 2977 1983; x_wconf 90' lang='lat' dir='ltr'><strong>in</strong></span> <span class='ocrx_word' id='word_1_611' title='bbox 3000 1933 3138 1989; x_wconf 67' lang='lat' dir='ltr'><strong>caelis</strong></span> <span class='ocrx_word' id='word_1_612' title='bbox 3165 1904 3429 2013; x_wconf 59' lang='lat' dir='ltr'><strong>(Philipp:</strong></span> <span class='ocrx_word' id='word_1_613' title='bbox 3457 1947 3510 2002; x_wconf 77' lang='grc'><strong>5.</strong></span> <span class='ocrx_word' id='word_1_614' title='bbox 3532 1949 3660 2021; x_wconf 81' lang='lat'><strong>20);</strong></span> 
     </span>
    </p>
   </div>
   <div class='ocr_carea' id='block_1_81' title="bbox 2079 2001 3665 2093">
    <p class='ocr_par' dir='ltr' id='par_1_81' title="bbox 2079 2001 3665 2093">
     <span class='ocr_line' id='line_1_82' title="bbox 2079 2001 3665 2093; baseline 0.032 -48"><span class='ocrx_word' id='word_1_615' title='bbox 2079 2001 2135 2047; x_wconf 87' lang='lat' dir='ltr'><strong>et</strong></span> <span class='ocrx_word' id='word_1_616' title='bbox 2164 2003 2269 2050; x_wconf 90' lang='lat' dir='ltr'><strong>tota</strong></span> <span class='ocrx_word' id='word_1_617' title='bbox 2298 2001 2404 2055; x_wconf 88' lang='lat' dir='ltr'><strong>vita</strong></span> <span class='ocrx_word' id='word_1_618' title='bbox 2430 2017 2644 2076; x_wconf 87' lang='lat' dir='ltr'><strong>semper</strong></span> <span class='ocrx_word' id='word_1_619' title='bbox 2668 2028 2787 2067; x_wconf 86' lang='lat' dir='ltr'><strong>esse</strong></span> <span class='ocrx_word' id='word_1_620' title='bbox 2829 2030 3060 2088; x_wconf 85' lang='lat' dir='ltr'><strong>paratos,</strong></span> <span class='ocrx_word' id='word_1_621' title='bbox 3095 2036 3153 2079; x_wconf 91' lang='lat' dir='ltr'><strong>ut</strong></span> <span class='ocrx_word' id='word_1_622' title='bbox 3172 2001 3350 2086; x_wconf 76' lang='lat' dir='ltr'><strong>vocati</strong></span> <span class='ocrx_word' id='word_1_623' title='bbox 3371 2001 3482 2090; x_wconf 68' lang='lat' dir='ltr'><strong>non</strong></span> 
     </span>
    </p>
   </div>
   <div class='ocr_carea' id='block_1_82' title="bbox 2078 2090 3658 2193">
    <p class='ocr_par' dir='ltr' id='par_1_82' title="bbox 2078 2090 3658 2193">
     <span class='ocr_line' id='line_1_83' title="bbox 2078 2090 3658 2193; baseline 0.032 -56"><span class='ocrx_word' id='word_1_624' title='bbox 2078 2095 2198 2193; x_wconf 56' lang='lat' dir='ltr'><strong>:a‘nt</strong></span> <span class='ocrx_word' id='word_1_625' title='bbox 2216 2128 2235 2171; x_wconf 26' lang='grc' dir='ltr'><strong>,ν</strong></span> <span class='ocrx_word' id='word_1_626' title='bbox 2260 2090 2352 2145; x_wconf 86' lang='lat' dir='ltr'><strong>sed</strong></span> <span class='ocrx_word' id='word_1_627' title='bbox 2374 2092 2573 2164; x_wconf 89' lang='lat' dir='ltr'><strong>dicant,</strong></span> <span class='ocrx_word' id='word_1_628' title='bbox 2608 2098 2854 2158; x_wconf 85' lang='lat' dir='ltr'><strong>Paratum</strong></span> <span class='ocrx_word' id='word_1_629' title='bbox 2875 2121 2947 2163; x_wconf 82' lang='lat' dir='ltr'><strong>est</strong></span> <span class='ocrx_word' id='word_1_630' title='bbox 2972 2128 3058 2166; x_wconf 86' lang='lat' dir='ltr'><strong>cor</strong></span> <span class='ocrx_word' id='word_1_631' title='bbox 3076 2128 3300 2173; x_wconf 83' lang='lat' dir='ltr'><strong>nostrum</strong></span> <span class='ocrx_word' id='word_1_632' title='bbox 3326 2122 3505 2193; x_wconf 88' lang='lat' dir='ltr'><strong>(Psal.</strong></span> 
     </span>
    </p>
   </div>
   <div class='ocr_carea' id='block_1_83' title="bbox 2076 2174 3661 2281">
    <p class='ocr_par' dir='ltr' id='par_1_83' title="bbox 2076 2174 3661 2281">
     <span class='ocr_line' id='line_1_84' title="bbox 2076 2174 3661 2281; baseline 0.033 -53"><span class='ocrx_word' id='word_1_633' title='bbox 2076 2174 2165 2247; x_wconf 90' lang='lat'><strong>2).</strong></span> <span class='ocrx_word' id='word_1_634' title='bbox 2192 2179 2299 2281; x_wconf 80' lang='lat' dir='ltr'><strong>sed</strong></span> <span class='ocrx_word' id='word_1_635' title='bbox 2326 2196 2536 2253; x_wconf 81' lang='lat' dir='ltr'><strong>poterat</strong></span> <span class='ocrx_word' id='word_1_636' title='bbox 2561 2194 2669 2247; x_wconf 75' lang='lat' dir='ltr'><strong>lure</strong></span> <span class='ocrx_word' id='word_1_637' title='bbox 2701 2196 2881 2256; x_wconf 89' lang='lat' dir='ltr'><strong>dicere</strong></span> <span class='ocrx_word' id='word_1_638' title='bbox 2912 2203 3125 2273; x_wconf 86' lang='lat' dir='ltr'><strong>Paulus,</strong></span> <span class='ocrx_word' id='word_1_639' title='bbox 3154 2213 3243 2281; x_wconf 91' lang='lat' dir='ltr'><strong>qui</strong></span> <span class='ocrx_word' id='word_1_640' title='bbox 3271 2174 3382 2271; x_wconf 76' lang='lat' dir='ltr'><strong>sibi</strong></span> 
     </span>
    </p>
   </div>
   <div class='ocr_carea' id='block_1_84' title="bbox 2075 2275 3659 2381">
    <p class='ocr_par' dir='ltr' id='par_1_84' title="bbox 2075 2275 3659 2381">
     <span class='ocr_line' id='line_1_85' title="bbox 2075 2275 3659 2381; baseline 0.031 -58"><span class='ocrx_word' id='word_1_641' title='bbox 2075 2275 2321 2331; x_wconf 87' lang='lat' dir='ltr'><strong>conscius</strong></span> <span class='ocrx_word' id='word_1_642' title='bbox 2350 2298 2364 2333; x_wconf 91' lang='lat'><strong>:</strong></span> <span class='ocrx_word' id='word_1_643' title='bbox 2394 2295 2495 2350; x_wconf 88' lang='lat' dir='ltr'><strong>ego</strong></span> <span class='ocrx_word' id='word_1_644' title='bbox 2522 2297 2699 2341; x_wconf 80' lang='lat' dir='ltr'><strong>amem</strong></span> <span class='ocrx_word' id='word_1_645' title='bbox 2733 2305 2838 2346; x_wconf 91' lang='lat' dir='ltr'><strong>non</strong></span> <span class='ocrx_word' id='word_1_646' title='bbox 2887 2311 3101 2365; x_wconf 76' lang='lat' dir='ltr'><strong>possunt</strong></span> <span class='ocrx_word' id='word_1_647' title='bbox 3135 2304 3331 2373; x_wconf 89' lang='lat' dir='ltr'><strong>dicere,</strong></span> <span class='ocrx_word' id='word_1_648' title='bbox 3371 2313 3459 2381; x_wconf 89' lang='lat' dir='ltr'><strong>qui</strong></span> <span class='ocrx_word' id='word_1_649' title='bbox 3490 2317 3659 2371; x_wconf 87' lang='lat' dir='ltr'><strong>tnulto</strong></span> 
     </span>
    </p>
   </div>
   <div class='ocr_carea' id='block_1_85' title="bbox 2075 2369 3657 2467">
    <p class='ocr_par' dir='ltr' id='par_1_85' title="bbox 2075 2369 3657 2467">
     <span class='ocr_line' id='line_1_86' title="bbox 2075 2369 3657 2467; baseline 0.033 -53"><span class='ocrx_word' id='word_1_650' title='bbox 2075 2369 2315 2465; x_wconf 76' lang='lat' dir='ltr'><strong>tempore</strong></span> <span class='ocrx_word' id='word_1_651' title='bbox 2340 2384 2473 2440; x_wconf 92' lang='lat' dir='ltr'><strong>opus</strong></span> <span class='ocrx_word' id='word_1_652' title='bbox 2491 2373 2662 2432; x_wconf 67' lang='lat' dir='ltr'><strong>habeo</strong></span> <span class='ocrx_word' id='word_1_653' title='bbox 2683 2383 2747 2435; x_wconf 89' lang='lat' dir='ltr'><strong>ad</strong></span> <span class='ocrx_word' id='word_1_654' title='bbox 2778 2389 3163 2452; x_wconf 70' lang='lat' dir='ltr'><strong>paenitentiam.</strong></span> <span class='ocrx_word' id='word_1_655' title='bbox 3187 2369 3338 2465; x_wconf 86' lang='lat' dir='ltr'><strong>Quod</strong></span> <span class='ocrx_word' id='word_1_656' title='bbox 3364 2369 3541 2460; x_wconf 65' lang='lat' dir='ltr'><strong>autem</strong></span> <span class='ocrx_word' id='word_1_657' title='bbox 3567 2369 3657 2467; x_wconf 54' lang='lat' dir='ltr'><strong>ac;</strong></span> 
     </span>
    </p>
   </div>
   <div class='ocr_carea' id='block_1_86' title="bbox 2073 2453 3654 2555">
    <p class='ocr_par' dir='ltr' id='par_1_86' title="bbox 2073 2453 3654 2555">
     <span class='ocr_line' id='line_1_87' title="bbox 2073 2453 3654 2555; baseline 0.032 -49"><span class='ocrx_word' id='word_1_658' title='bbox 2073 2453 2305 2514; x_wconf 91' lang='lat' dir='ltr'><strong>cinctum</strong></span> <span class='ocrx_word' id='word_1_659' title='bbox 2334 2478 2455 2520; x_wconf 87' lang='lat' dir='ltr'><strong>esse</strong></span> <span class='ocrx_word' id='word_1_660' title='bbox 2482 2468 2550 2521; x_wconf 90' lang='lat' dir='ltr'><strong>sit</strong></span> <span class='ocrx_word' id='word_1_661' title='bbox 2579 2472 2848 2541; x_wconf 85' lang='lat' dir='ltr'><strong>vigilantis</strong></span> <span class='ocrx_word' id='word_1_662' title='bbox 2877 2482 3087 2549; x_wconf 80' lang='lat' dir='ltr'><strong>aniuue,</strong></span> <span class='ocrx_word' id='word_1_663' title='bbox 3119 2491 3239 2545; x_wconf 88' lang='lat' dir='ltr'><strong>audi</strong></span> <span class='ocrx_word' id='word_1_664' title='bbox 3275 2493 3439 2549; x_wconf 90' lang='lat' dir='ltr'><strong>Deum</strong></span> <span class='ocrx_word' id='word_1_665' title='bbox 3469 2499 3654 2555; x_wconf 79' lang='lat' dir='ltr'><strong>dicen-</strong></span> 
     </span>
    </p>
   </div>
   <div class='ocr_carea' id='block_1_87' title="bbox 2074 2548 3655 2656">
    <p class='ocr_par' dir='ltr' id='par_1_87' title="bbox 2074 2548 3655 2656">
     <span class='ocr_line' id='line_1_88' title="bbox 2074 2548 3655 2656; baseline 0.031 -59"><span class='ocrx_word' id='word_1_666' title='bbox 2074 2551 2180 2600; x_wconf 90' lang='lat' dir='ltr'><strong>tem</strong></span> <span class='ocrx_word' id='word_1_667' title='bbox 2212 2548 2294 2631; x_wconf 69' lang='lat' dir='ltr'><strong>illi</strong></span> <span class='ocrx_word' id='word_1_668' title='bbox 2307 2552 2454 2621; x_wconf 87' lang='lat' dir='ltr'><strong>justo</strong></span> <span class='ocrx_word' id='word_1_669' title='bbox 2484 2575 2497 2611; x_wconf 94' lang='lat'>:</span> <span class='ocrx_word' id='word_1_670' title='bbox 2530 2557 2688 2627; x_wconf 87' lang='lat' dir='ltr'><strong>Non;</strong></span> <span class='ocrx_word' id='word_1_671' title='bbox 2715 2567 2802 2619; x_wconf 81' lang='lat' dir='ltr'><strong>sed</strong></span> <span class='ocrx_word' id='word_1_672' title='bbox 2832 2548 3087 2641; x_wconf 75' lang='lat' dir='ltr'><strong>tamquam</strong></span> <span class='ocrx_word' id='word_1_673' title='bbox 3118 2578 3193 2631; x_wconf 82' lang='lat' dir='ltr'><strong>vir</strong></span> <span class='ocrx_word' id='word_1_674' title='bbox 3226 2584 3432 2656; x_wconf 83' lang='lat' dir='ltr'><strong>accingc</strong></span> <span class='ocrx_word' id='word_1_675' title='bbox 3458 2588 3655 2646; x_wconf 84' lang='lat' dir='ltr'><strong>lumbos</strong></span> 
     </span>
    </p>
   </div>
   <div class='ocr_carea' id='block_1_88' title="bbox 2073 2645 3656 2751">
    <p class='ocr_par' dir='ltr' id='par_1_88' title="bbox 2073 2645 3656 2751">
     <span class='ocr_line' id='line_1_89' title="bbox 2073 2645 3656 2751; baseline 0.033 -64"><span class='ocrx_word' id='word_1_676' title='bbox 2073 2645 2183 2751; x_wconf 62' lang='lat' dir='ltr'><strong>tuos</strong></span> <span class='ocrx_word' id='word_1_677' title='bbox 2209 2653 2229 2692; x_wconf 87' lang='lat'><strong><em>:</em></strong></span> <span class='ocrx_word' id='word_1_678' title='bbox 2255 2658 2345 2711; x_wconf 79' lang='lat' dir='ltr'><strong>ego</strong></span> <span class='ocrx_word' id='word_1_679' title='bbox 2364 2659 2531 2702; x_wconf 84' lang='lat' dir='ltr'><strong>autem</strong></span> <span class='ocrx_word' id='word_1_680' title='bbox 2559 2662 2609 2707; x_wconf 89' lang='lat' dir='ltr'><strong>te</strong></span> <span class='ocrx_word' id='word_1_681' title='bbox 2632 2656 2970 2730; x_wconf 81' lang='lat' dir='ltr'><strong>interrogabo,</strong></span> <span class='ocrx_word' id='word_1_682' title='bbox 3022 2676 3074 2720; x_wconf 87' lang='lat' dir='ltr'><strong>tu</strong></span> <span class='ocrx_word' id='word_1_683' title='bbox 3112 2684 3226 2726; x_wconf 79' lang='lat' dir='ltr'><strong>vero</strong></span> <span class='ocrx_word' id='word_1_684' title='bbox 3246 2645 3393 2730; x_wconf 48' lang='lat' dir='ltr'><strong>milti&#39;</strong></span> <span class='ocrx_word' id='word_1_685' title='bbox 3408 2686 3656 2751; x_wconf 77' lang='lat' dir='ltr'><strong>responde</strong></span> 
     </span>
    </p>
   </div>
   <div class='ocr_carea' id='block_1_89' title="bbox 2069 2727 3650 2846">
    <p class='ocr_par' dir='ltr' id='par_1_89' title="bbox 2069 2727 3650 2846">
     <span class='ocr_line' id='line_1_90' title="bbox 2069 2727 3650 2846; baseline 0.035 -65"><span class='ocrx_word' id='word_1_686' title='bbox 2069 2727 2222 2846; x_wconf 53' lang='grc' dir='ltr'><strong>μοι»</strong></span> <span class='ocrx_word' id='word_1_687' title='bbox 2249 2735 2337 2791; x_wconf 85' lang='grc'><strong>58.</strong></span> <span class='ocrx_word' id='word_1_688' title='bbox 2364 2738 2462 2809; x_wconf 79' lang='lat'><strong>5).</strong></span> <span class='ocrx_word' id='word_1_689' title='bbox 2507 2742 2767 2805; x_wconf 89' lang='lat' dir='ltr'><strong>Omnibus</strong></span> <span class='ocrx_word' id='word_1_690' title='bbox 2813 2727 2916 2809; x_wconf 82' lang='lat' dir='ltr'><strong>hoc</strong></span> <span class='ocrx_word' id='word_1_691' title='bbox 2956 2727 3110 2815; x_wconf 83' lang='lat' dir='ltr'><strong>Deus</strong></span> <span class='ocrx_word' id='word_1_692' title='bbox 3160 2727 3419 2831; x_wconf 42' lang='lat' dir='ltr'><strong>dicit,&quot;et</strong></span> <span class='ocrx_word' id='word_1_693' title='bbox 3436 2727 3650 2846; x_wconf 56' lang='lat' dir='ltr'><strong>H.331</strong></span> 
     </span>
    </p>
   </div>
   <div class='ocr_carea' id='block_1_90' title="bbox 2072 2821 3652 2922">
    <p class='ocr_par' dir='ltr' id='par_1_90' title="bbox 2072 2821 3652 2922">
     <span class='ocr_line' id='line_1_91' title="bbox 2072 2821 3652 2922; baseline 0.031 -48"><span class='ocrx_word' id='word_1_694' title='bbox 2072 2821 2187 2891; x_wconf 89' lang='lat' dir='ltr'><strong>Ipse</strong></span> <span class='ocrx_word' id='word_1_695' title='bbox 2238 2841 2449 2899; x_wconf 85' lang='lat' dir='ltr'><strong>quoque</strong></span> <span class='ocrx_word' id='word_1_696' title='bbox 2496 2848 2715 2905; x_wconf 89' lang='lat' dir='ltr'><strong>apparet</strong></span> <span class='ocrx_word' id='word_1_697' title='bbox 2759 2845 3030 2905; x_wconf 90' lang='lat' dir='ltr'><strong>accinctus</strong></span> <span class='ocrx_word' id='word_1_698' title='bbox 3082 2854 3137 2907; x_wconf 92' lang='lat' dir='ltr'><strong>in</strong></span> <span class='ocrx_word' id='word_1_699' title='bbox 3186 2854 3468 2917; x_wconf 84' lang='lat' dir='ltr'><strong>Ezechiele</strong></span> <span class='ocrx_word' id='word_1_700' title='bbox 3500 2882 3514 2920; x_wconf 91' lang='lat'>:</span> <span class='ocrx_word' id='word_1_701' title='bbox 3543 2821 3652 2922; x_wconf 55' lang='lat' dir='ltr'><strong>{tuo</strong></span> 
     </span>
    </p>
   </div>
   <div class='ocr_carea' id='block_1_91' title="bbox 2067 2916 3652 3025">
    <p class='ocr_par' dir='ltr' id='par_1_91' title="bbox 2067 2916 3652 3025">
     <span class='ocr_line' id='line_1_92' title="bbox 2067 2916 3652 3025; baseline 0.03 -57"><span class='ocrx_word' id='word_1_702' title='bbox 2067 2916 2228 3020; x_wconf 79' lang='lat' dir='ltr'><strong>etiam</strong></span> <span class='ocrx_word' id='word_1_703' title='bbox 2285 2925 2456 2993; x_wconf 85' lang='lat' dir='ltr'><strong>angeli</strong></span> <span class='ocrx_word' id='word_1_704' title='bbox 2509 2943 2768 2999; x_wconf 88' lang='lat' dir='ltr'><strong>apparent</strong></span> <span class='ocrx_word' id='word_1_705' title='bbox 2807 2937 2962 2994; x_wconf 91' lang='lat' dir='ltr'><strong>nobis</strong></span> <span class='ocrx_word' id='word_1_706' title='bbox 3006 2945 3272 3016; x_wconf 89' lang='lat' dir='ltr'><strong>accincti,</strong></span> <span class='ocrx_word' id='word_1_707' title='bbox 3307 2960 3363 3007; x_wconf 92' lang='lat' dir='ltr'><strong>ut</strong></span> <span class='ocrx_word' id='word_1_708' title='bbox 3406 2957 3497 3025; x_wconf 92' lang='lat' dir='ltr'><strong>qui</strong></span> <span class='ocrx_word' id='word_1_709' title='bbox 3543 2961 3652 3015; x_wconf 88' lang='lat' dir='ltr'><strong>sint</strong></span> 
     </span>
    </p>
   </div>
   <div class='ocr_carea' id='block_1_92' title="bbox 2066 3009 3651 3111">
    <p class='ocr_par' dir='ltr' id='par_1_92' title="bbox 2066 3009 3651 3111">
     <span class='ocr_line' id='line_1_93' title="bbox 2066 3009 3651 3111; baseline 0.032 -51"><span class='ocrx_word' id='word_1_710' title='bbox 2066 3009 2282 3067; x_wconf 90' lang='lat' dir='ltr'><strong>milites.</strong></span> <span class='ocrx_word' id='word_1_711' title='bbox 2316 3014 2392 3069; x_wconf 80' lang='lat' dir='ltr'><strong>Ex</strong></span> <span class='ocrx_word' id='word_1_712' title='bbox 2434 3034 2499 3073; x_wconf 91' lang='lat' dir='ltr'><strong>eo</strong></span> <span class='ocrx_word' id='word_1_713' title='bbox 2537 3023 2679 3077; x_wconf 87' lang='lat' dir='ltr'><strong>enim</strong></span> <span class='ocrx_word' id='word_1_714' title='bbox 2713 3028 2854 3096; x_wconf 92' lang='lat' dir='ltr'><strong>quod</strong></span> <span class='ocrx_word' id='word_1_715' title='bbox 2898 3009 3268 3110; x_wconf 71' lang='lat' dir='ltr'><strong>accingamur,</strong></span> <span class='ocrx_word' id='word_1_716' title='bbox 3297 3046 3357 3098; x_wconf 86' lang='lat' dir='ltr'><strong>lit</strong></span> <span class='ocrx_word' id='word_1_717' title='bbox 3407 3009 3651 3111; x_wconf 36' lang='lat' dir='ltr'><strong>tit—stent</strong></span> 
     </span>
    </p>
   </div>
   <div class='ocr_carea' id='block_1_93' title="bbox 2062 3109 3649 3204">
    <p class='ocr_par' dir='ltr' id='par_1_93' title="bbox 2062 3109 3649 3204">
     <span class='ocr_line' id='line_1_94' title="bbox 2062 3109 3649 3204; baseline 0.032 -54"><span class='ocrx_word' id='word_1_718' title='bbox 2062 3111 2322 3167; x_wconf 86' lang='lat' dir='ltr'><strong>generose</strong></span> <span class='ocrx_word' id='word_1_719' title='bbox 2350 3116 2405 3160; x_wconf 89' lang='lat' dir='ltr'><strong>et</strong></span> <span class='ocrx_word' id='word_1_720' title='bbox 2452 3109 2696 3181; x_wconf 88' lang='lat' dir='ltr'><strong>fortiter;</strong></span> <span class='ocrx_word' id='word_1_721' title='bbox 2740 3119 2809 3172; x_wconf 92' lang='lat' dir='ltr'><strong>ita</strong></span> <span class='ocrx_word' id='word_1_722' title='bbox 2856 3135 2922 3177; x_wconf 78' lang='lat' dir='ltr'><strong>ex</strong></span> <span class='ocrx_word' id='word_1_723' title='bbox 2966 3140 3032 3179; x_wconf 90' lang='lat' dir='ltr'><strong>eo</strong></span> <span class='ocrx_word' id='word_1_724' title='bbox 3074 3131 3215 3198; x_wconf 91' lang='lat' dir='ltr'><strong>quod</strong></span> <span class='ocrx_word' id='word_1_725' title='bbox 3250 3109 3425 3204; x_wconf 82' lang='lat' dir='ltr'><strong>stent,</strong></span> <span class='ocrx_word' id='word_1_726' title='bbox 3478 3140 3538 3196; x_wconf 85' lang='lat' dir='ltr'><strong>ﬁt</strong></span> <span class='ocrx_word' id='word_1_727' title='bbox 3590 3109 3649 3202; x_wconf 76' lang='lat' dir='ltr'><strong>ut</strong></span> 
     </span>
    </p>
   </div>
   <div class='ocr_carea' id='block_1_94' title="bbox 2061 3192 3646 3306">
    <p class='ocr_par' dir='ltr' id='par_1_94' title="bbox 2061 3192 3646 3306">
     <span class='ocr_line' id='line_1_95' title="bbox 2061 3192 3646 3306; baseline 0.031 -66"><span class='ocrx_word' id='word_1_728' title='bbox 2061 3192 2423 3263; x_wconf 74' lang='lat' dir='ltr'><strong>accinguntur.</strong></span> <span class='ocrx_word' id='word_1_729' title='bbox 2461 3199 2581 3306; x_wconf 53' lang='lat' dir='ltr'><strong>.Nos</strong></span> <span class='ocrx_word' id='word_1_730' title='bbox 2619 3220 2748 3275; x_wconf 87' lang='lat' dir='ltr'><strong>ergo</strong></span> <span class='ocrx_word' id='word_1_731' title='bbox 2795 3192 3135 3284; x_wconf 81' lang='lat' dir='ltr'><strong>accingamus</strong></span> <span class='ocrx_word' id='word_1_732' title='bbox 3167 3239 3181 3275; x_wconf 89' lang='lat'>:</span> <span class='ocrx_word' id='word_1_733' title='bbox 3209 3192 3425 3283; x_wconf 43' lang='lat' dir='ltr'><strong>exituri,</strong></span> <span class='ocrx_word' id='word_1_734' title='bbox 3448 3233 3646 3306; x_wconf 84' lang='lat' dir='ltr'><strong>quippe</strong></span> 
     </span>
    </p>
   </div>
   <div class='ocr_carea' id='block_1_95' title="bbox 2060 3290 3644 3383">
    <p class='ocr_par' dir='ltr' id='par_1_95' title="bbox 2060 3290 3644 3383">
     <span class='ocr_line' id='line_1_96' title="bbox 2060 3290 3644 3383; baseline 0.031 -49"><span class='ocrx_word' id='word_1_735' title='bbox 2060 3294 2265 3351; x_wconf 89' lang='lat' dir='ltr'><strong>sumus,</strong></span> <span class='ocrx_word' id='word_1_736' title='bbox 2285 3299 2337 3341; x_wconf 90' lang='lat' dir='ltr'><strong>et</strong></span> <span class='ocrx_word' id='word_1_737' title='bbox 2366 3290 2527 3344; x_wconf 87' lang='lat' dir='ltr'><strong>multa</strong></span> <span class='ocrx_word' id='word_1_738' title='bbox 2558 3293 2772 3353; x_wconf 91' lang='lat' dir='ltr'><strong>interim</strong></span> <span class='ocrx_word' id='word_1_739' title='bbox 2811 3314 2939 3359; x_wconf 90' lang='lat' dir='ltr'><strong>sunt</strong></span> <span class='ocrx_word' id='word_1_740' title='bbox 2961 3306 3220 3368; x_wconf 89' lang='lat' dir='ltr'><strong>difﬁcilia.</strong></span> <span class='ocrx_word' id='word_1_741' title='bbox 3245 3290 3479 3383; x_wconf 45' lang='lat' dir='ltr'><strong>Quando.</strong></span> <span class='ocrx_word' id='word_1_742' title='bbox 3500 3290 3644 3383; x_wconf 70' lang='lat' dir='ltr'><strong>hunc</strong></span> 
     </span>
    </p>
   </div>
   <div class='ocr_carea' id='block_1_96' title="bbox 2059 3385 3637 3485">
    <p class='ocr_par' dir='ltr' id='par_1_96' title="bbox 2059 3385 3637 3485">
     <span class='ocr_line' id='line_1_97' title="bbox 2059 3385 3637 3485; baseline 0.03 -62"><span class='ocrx_word' id='word_1_743' title='bbox 2059 3385 2304 3442; x_wconf 92' lang='lat' dir='ltr'><strong>campum</strong></span> <span class='ocrx_word' id='word_1_744' title='bbox 2350 3387 2845 3457; x_wconf 89' lang='lat' dir='ltr'><strong>pcrtransierimus,</strong></span> <span class='ocrx_word' id='word_1_745' title='bbox 2878 3397 3056 3450; x_wconf 89' lang='lat' dir='ltr'><strong>statim</strong></span> <span class='ocrx_word' id='word_1_746' title='bbox 3108 3400 3305 3460; x_wconf 89' lang='lat' dir='ltr'><strong>insistit</strong></span> <span class='ocrx_word' id='word_1_747' title='bbox 3349 3408 3637 3485; x_wconf 89' lang='lat' dir='ltr'><strong>diabolus,</strong></span> 
     </span>
    </p>
   </div>
   <div class='ocr_carea' id='block_1_97' title="bbox 2058 3468 3640 3565">
    <p class='ocr_par' dir='ltr' id='par_1_97' title="bbox 2058 3468 3640 3565">
     <span class='ocr_line' id='line_1_98' title="bbox 2058 3468 3640 3565; baseline 0.031 -49"><span class='ocrx_word' id='word_1_748' title='bbox 2058 3468 2234 3521; x_wconf 75' lang='lat' dir='ltr'><strong>oniuia</strong></span> <span class='ocrx_word' id='word_1_749' title='bbox 2283 3485 2446 3541; x_wconf 86' lang='lat' dir='ltr'><strong>agens</strong></span> <span class='ocrx_word' id='word_1_750' title='bbox 2475 3485 2529 3529; x_wconf 89' lang='lat' dir='ltr'><strong>et</strong></span> <span class='ocrx_word' id='word_1_751' title='bbox 2561 3482 2873 3540; x_wconf 89' lang='lat' dir='ltr'><strong>machinans</strong></span> <span class='ocrx_word' id='word_1_752' title='bbox 2897 3528 2912 3553; x_wconf 91' lang='lat'><strong>,</strong></span> <span class='ocrx_word' id='word_1_753' title='bbox 2943 3501 2999 3543; x_wconf 91' lang='lat' dir='ltr'><strong>ut</strong></span> <span class='ocrx_word' id='word_1_754' title='bbox 3037 3493 3128 3562; x_wconf 89' lang='lat' dir='ltr'><strong>qui</strong></span> <span class='ocrx_word' id='word_1_755' title='bbox 3159 3501 3356 3555; x_wconf 90' lang='lat' dir='ltr'><strong>servati</strong></span> <span class='ocrx_word' id='word_1_756' title='bbox 3399 3515 3524 3560; x_wconf 88' lang='lat' dir='ltr'><strong>sunt</strong></span> <span class='ocrx_word' id='word_1_757' title='bbox 3570 3468 3640 3565; x_wconf 46' lang='lat' dir='ltr'><strong>ex,</strong></span> 
     </span>
    </p>
   </div>
   <div class='ocr_carea' id='block_1_98' title="bbox 2056 3555 3640 3661">
    <p class='ocr_par' dir='ltr' id='par_1_98' title="bbox 2056 3555 3640 3661">
     <span class='ocr_line' id='line_1_99' title="bbox 2056 3555 3640 3661; baseline 0.028 -53"><span class='ocrx_word' id='word_1_758' title='bbox 2056 3555 2311 3630; x_wconf 65' lang='lat' dir='ltr'><strong>.lEgypto,</strong></span> <span class='ocrx_word' id='word_1_759' title='bbox 2342 3565 2432 3631; x_wconf 92' lang='lat' dir='ltr'><strong>qui</strong></span> <span class='ocrx_word' id='word_1_760' title='bbox 2482 3583 2630 3622; x_wconf 83' lang='lat' dir='ltr'><strong>mare</strong></span> <span class='ocrx_word' id='word_1_761' title='bbox 2672 3570 2910 3631; x_wconf 84' lang='lat' dir='ltr'><strong>Rubrum</strong></span> <span class='ocrx_word' id='word_1_762' title='bbox 2958 3555 3303 3655; x_wconf 76' lang='lat' dir='ltr'><strong>transierunt,</strong></span> <span class='ocrx_word' id='word_1_763' title='bbox 3331 3555 3640 3661; x_wconf 46' lang='lat' dir='ltr'><strong>qui—andm:</strong></span> 
     </span>
    </p>
   </div>
   <div class='ocr_carea' id='block_1_99' title="bbox 2054 3653 3633 3757">
    <p class='ocr_par' dir='ltr' id='par_1_99' title="bbox 2054 3653 3633 3757">
     <span class='ocr_line' id='line_1_100' title="bbox 2054 3653 3633 3757; baseline 0.027 -54"><span class='ocrx_word' id='word_1_764' title='bbox 2054 3653 2301 3711; x_wconf 86' lang='lat' dir='ltr'><strong>monibus</strong></span> <span class='ocrx_word' id='word_1_765' title='bbox 2322 3667 2376 3711; x_wconf 89' lang='lat' dir='ltr'><strong>et</strong></span> <span class='ocrx_word' id='word_1_766' title='bbox 2396 3673 2424 3711; x_wconf 87' lang='lat' dir='ltr'><strong>a</strong></span> <span class='ocrx_word' id='word_1_767' title='bbox 2448 3659 2617 3732; x_wconf 87' lang='lat' dir='ltr'><strong>plagis</strong></span> <span class='ocrx_word' id='word_1_768' title='bbox 2641 3663 3112 3728; x_wconf 79' lang='lat' dir='ltr'><strong>innumerabilibus</strong></span> <span class='ocrx_word' id='word_1_769' title='bbox 3134 3653 3297 3734; x_wconf 89' lang='lat' dir='ltr'><strong>simul</strong></span> <span class='ocrx_word' id='word_1_770' title='bbox 3321 3653 3633 3757; x_wconf 77' lang='lat' dir='ltr'><strong>liberantur,</strong></span> 
     </span>
    </p>
   </div>
   <div class='ocr_carea' id='block_1_100' title="bbox 2053 3746 3635 3838">
    <p class='ocr_par' dir='ltr' id='par_1_100' title="bbox 2053 3746 3635 3838">
     <span class='ocr_line' id='line_1_101' title="bbox 2053 3746 3635 3838; baseline 0.026 -44"><span class='ocrx_word' id='word_1_771' title='bbox 2053 3757 2148 3797; x_wconf 89' lang='lat' dir='ltr'><strong>eos</strong></span> <span class='ocrx_word' id='word_1_772' title='bbox 2176 3746 2349 3813; x_wconf 89' lang='lat' dir='ltr'><strong>capiat</strong></span> <span class='ocrx_word' id='word_1_773' title='bbox 2388 3758 2444 3803; x_wconf 89' lang='lat' dir='ltr'><strong>et</strong></span> <span class='ocrx_word' id='word_1_774' title='bbox 2475 3753 2677 3819; x_wconf 89' lang='lat' dir='ltr'><strong>perdat.</strong></span> <span class='ocrx_word' id='word_1_775' title='bbox 2718 3754 2823 3811; x_wconf 82' lang='lat' dir='ltr'><strong>Sed</strong></span> <span class='ocrx_word' id='word_1_776' title='bbox 2867 3760 2912 3813; x_wconf 88' lang='lat' dir='ltr'><strong>si</strong></span> <span class='ocrx_word' id='word_1_777' title='bbox 2944 3762 3127 3832; x_wconf 84' lang='lat' dir='ltr'><strong>vigiles</strong></span> <span class='ocrx_word' id='word_1_778' title='bbox 3156 3768 3344 3838; x_wconf 91' lang='lat' dir='ltr'><strong>simus,</strong></span> <span class='ocrx_word' id='word_1_779' title='bbox 3378 3746 3635 3836; x_wconf 74' lang='lat' dir='ltr'><strong>habemus</strong></span> 
     </span>
    </p>
   </div>
   <div class='ocr_carea' id='block_1_101' title="bbox 2052 3843 3630 3938">
    <p class='ocr_par' dir='ltr' id='par_1_101' title="bbox 2052 3843 3630 3938">
     <span class='ocr_line' id='line_1_102' title="bbox 2052 3843 3630 3938; baseline 0.026 -50"><span class='ocrx_word' id='word_1_780' title='bbox 2052 3849 2151 3892; x_wconf 86' lang='lat' dir='ltr'><strong>nos</strong></span> <span class='ocrx_word' id='word_1_781' title='bbox 2172 3852 2383 3909; x_wconf 88' lang='lat' dir='ltr'><strong>quoque</strong></span> <span class='ocrx_word' id='word_1_782' title='bbox 2410 3843 2712 3901; x_wconf 86' lang='lat' dir='ltr'><strong>columnam</strong></span> <span class='ocrx_word' id='word_1_783' title='bbox 2737 3848 2893 3920; x_wconf 87' lang='lat' dir='ltr'><strong>ignis,</strong></span> <span class='ocrx_word' id='word_1_784' title='bbox 2914 3868 3105 3926; x_wconf 87' lang='lat' dir='ltr'><strong>nempe</strong></span> <span class='ocrx_word' id='word_1_785' title='bbox 3120 3858 3351 3930; x_wconf 87' lang='lat' dir='ltr'><strong>Spiritus</strong></span> <span class='ocrx_word' id='word_1_786' title='bbox 3367 3872 3592 3938; x_wconf 87' lang='lat' dir='ltr'><strong>gratiam</strong></span> <span class='ocrx_word' id='word_1_787' title='bbox 3613 3889 3630 3931; x_wconf 87' lang='lat'><strong>:</strong></span> 
     </span>
    </p>
   </div>
   <div class='ocr_carea' id='block_1_102' title="bbox 2050 3926 3633 4026">
    <p class='ocr_par' dir='ltr' id='par_1_102' title="bbox 2050 3926 3633 4026">
     <span class='ocr_line' id='line_1_103' title="bbox 2050 3926 3633 4026; baseline 0.026 -48"><span class='ocrx_word' id='word_1_788' title='bbox 2050 3926 2239 3982; x_wconf 90' lang='lat' dir='ltr'><strong>eadem</strong></span> <span class='ocrx_word' id='word_1_789' title='bbox 2272 3930 2532 3989; x_wconf 88' lang='lat' dir='ltr'><strong>illuminat</strong></span> <span class='ocrx_word' id='word_1_790' title='bbox 2551 3944 2605 3990; x_wconf 87' lang='lat' dir='ltr'><strong>et</strong></span> <span class='ocrx_word' id='word_1_791' title='bbox 2631 3938 2912 3997; x_wconf 87' lang='lat' dir='ltr'><strong>adumbrat</strong></span> <span class='ocrx_word' id='word_1_792' title='bbox 2938 3960 2954 3997; x_wconf 91' lang='lat'><strong>:</strong></span> <span class='ocrx_word' id='word_1_793' title='bbox 2986 3926 3243 4007; x_wconf 77' lang='lat' dir='ltr'><strong>habemus</strong></span> <span class='ocrx_word' id='word_1_794' title='bbox 3267 3926 3494 4026; x_wconf 60' lang='lat' dir='ltr'><strong>Iustina;</strong></span> <span class='ocrx_word' id='word_1_795' title='bbox 3523 3926 3633 4018; x_wconf 78' lang='lat' dir='ltr'><strong>imo</strong></span> 
     </span>
    </p>
   </div>
   <div class='ocr_carea' id='block_1_103' title="bbox 2050 4030 3627 4115">
    <p class='ocr_par' dir='ltr' id='par_1_103' title="bbox 2050 4030 3627 4115">
     <span class='ocr_line' id='line_1_104' title="bbox 2050 4030 3627 4115; baseline 0.027 -46"><span class='ocrx_word' id='word_1_796' title='bbox 2050 4032 2177 4072; x_wconf 89' lang='lat' dir='ltr'><strong>vero</strong></span> <span class='ocrx_word' id='word_1_797' title='bbox 2214 4036 2317 4075; x_wconf 92' lang='lat' dir='ltr'><strong>non</strong></span> <span class='ocrx_word' id='word_1_798' title='bbox 2346 4039 2535 4079; x_wconf 91' lang='lat' dir='ltr'><strong>manna</strong></span> <span class='ocrx_word' id='word_1_799' title='bbox 2558 4068 2574 4093; x_wconf 95' lang='lat'><strong>,</strong></span> <span class='ocrx_word' id='word_1_800' title='bbox 2621 4030 2713 4084; x_wconf 88' lang='lat' dir='ltr'><strong>sed</strong></span> <span class='ocrx_word' id='word_1_801' title='bbox 2743 4033 2885 4102; x_wconf 90' lang='lat' dir='ltr'><strong>quod</strong></span> <span class='ocrx_word' id='word_1_802' title='bbox 2908 4046 2991 4092; x_wconf 90' lang='lat' dir='ltr'><strong>est</strong></span> <span class='ocrx_word' id='word_1_803' title='bbox 3017 4039 3136 4110; x_wconf 91' lang='lat' dir='ltr'><strong>plus</strong></span> <span class='ocrx_word' id='word_1_804' title='bbox 3182 4060 3340 4115; x_wconf 90' lang='lat' dir='ltr'><strong>quam</strong></span> <span class='ocrx_word' id='word_1_805' title='bbox 3386 4066 3579 4111; x_wconf 86' lang='lat' dir='ltr'><strong>manna</strong></span> <span class='ocrx_word' id='word_1_806' title='bbox 3608 4074 3627 4113; x_wconf 87' lang='lat'><strong>:</strong></span> 
     </span>
    </p>
   </div>
   <div class='ocr_carea' id='block_1_104' title="bbox 2049 4113 3632 4207">
    <p class='ocr_par' dir='ltr' id='par_1_104' title="bbox 2049 4113 3632 4207">
     <span class='ocr_line' id='line_1_105' title="bbox 2049 4113 3632 4207; baseline 0.03 -47"><span class='ocrx_word' id='word_1_807' title='bbox 2049 4121 2206 4177; x_wconf 91' lang='lat' dir='ltr'><strong>potus</strong></span> <span class='ocrx_word' id='word_1_808' title='bbox 2232 4113 2523 4182; x_wconf 86' lang='lat' dir='ltr'><strong>spiritualis</strong></span> <span class='ocrx_word' id='word_1_809' title='bbox 2546 4160 2562 4184; x_wconf 94' lang='lat'><strong>,</strong></span> <span class='ocrx_word' id='word_1_810' title='bbox 2592 4136 2696 4175; x_wconf 90' lang='lat' dir='ltr'><strong>non</strong></span> <span class='ocrx_word' id='word_1_811' title='bbox 2727 4140 2863 4196; x_wconf 91' lang='lat' dir='ltr'><strong>aqua</strong></span> <span class='ocrx_word' id='word_1_812' title='bbox 2888 4132 3055 4187; x_wconf 83' lang='lat' dir='ltr'><strong>exite</strong></span> <span class='ocrx_word' id='word_1_813' title='bbox 3083 4113 3254 4205; x_wconf 76' lang='lat' dir='ltr'><strong>petra.</strong></span> <span class='ocrx_word' id='word_1_814' title='bbox 3286 4140 3553 4203; x_wconf 85' lang='lat' dir='ltr'><strong>Habemus</strong></span> <span class='ocrx_word' id='word_1_815' title='bbox 3573 4161 3632 4207; x_wconf 87' lang='lat' dir='ltr'><strong>et</strong></span> 
     </span>
    </p>
   </div>
   <div class='ocr_carea' id='block_1_105' title="bbox 2041 4475 3625 4588">
    <p class='ocr_par' dir='ltr' id='par_1_105' title="bbox 2041 4475 3625 4588">
     <span class='ocr_line' id='line_1_106' title="bbox 2041 4475 3625 4588; baseline 0.031 -61"><span class='ocrx_word' id='word_1_816' title='bbox 2041 4475 2350 4534; x_wconf 82' lang='lat' dir='ltr'><strong>desertum?</strong></span> <span class='ocrx_word' id='word_1_817' title='bbox 2376 4497 2553 4541; x_wconf 89' lang='lat' dir='ltr'><strong>nonne</strong></span> <span class='ocrx_word' id='word_1_818' title='bbox 2574 4489 2695 4557; x_wconf 90' lang='lat' dir='ltr'><strong>quia</strong></span> <span class='ocrx_word' id='word_1_819' title='bbox 2725 4490 2953 4551; x_wconf 89' lang='lat' dir='ltr'><strong>habebat</strong></span> <span class='ocrx_word' id='word_1_820' title='bbox 2979 4499 3029 4554; x_wconf 93' lang='lat' dir='ltr'><strong>in</strong></span> <span class='ocrx_word' id='word_1_821' title='bbox 3060 4475 3120 4557; x_wconf 73' lang='lat' dir='ltr'><strong>se</strong></span> <span class='ocrx_word' id='word_1_822' title='bbox 3143 4510 3381 4578; x_wconf 87' lang='lat' dir='ltr'><strong>scorpios</strong></span> <span class='ocrx_word' id='word_1_823' title='bbox 3400 4525 3452 4568; x_wconf 93' lang='lat' dir='ltr'><strong>et</strong></span> <span class='ocrx_word' id='word_1_824' title='bbox 3478 4519 3625 4588; x_wconf 84' lang='lat' dir='ltr'><strong>vipe-</strong></span> 
     </span>
     <span class='ocr_line' id='line_1_107' title="bbox 2044 4568 2595 4588; baseline 0.027 -16"><span class='ocrx_word' id='word_1_825' title='bbox 2044 4568 2168 4588; x_wconf 32' lang='lat'><strong>‘__.,</strong></span> <span class='ocrx_word' id='word_1_826' title='bbox 2202 4568 2248 4588; x_wconf 19' lang='grc' dir='ltr'><strong>,ρ</strong></span> <span class='ocrx_word' id='word_1_827' title='bbox 2320 4586 2348 4588; x_wconf 40' lang='grc' dir='ltr'>η</span> <span class='ocrx_word' id='word_1_828' title='bbox 2456 4576 2467 4585; x_wconf 93' lang='grc'>.</span> <span class='ocrx_word' id='word_1_829' title='bbox 2585 4579 2595 4587; x_wconf 93' lang='grc'>.</span> 
     </span>
    </p>
   </div>
   <div class='ocr_carea' id='block_1_106' title="bbox 2044 4568 3624 4667">
    <p class='ocr_par' dir='ltr' id='par_1_106' title="bbox 2044 4568 3624 4667">
     <span class='ocr_line' id='line_1_108' title="bbox 2044 4568 3624 4667; baseline 0.031 -50"><span class='ocrx_word' id='word_1_830' title='bbox 2044 4568 2168 4621; x_wconf 88' lang='lat' dir='ltr'><strong>ras?</strong></span> <span class='ocrx_word' id='word_1_831' title='bbox 2200 4568 2254 4622; x_wconf 91' lang='lat' dir='ltr'><strong>lu</strong></span> <span class='ocrx_word' id='word_1_832' title='bbox 2284 4586 2424 4639; x_wconf 91' lang='lat' dir='ltr'><strong>quo,</strong></span> <span class='ocrx_word' id='word_1_833' title='bbox 2455 4576 2643 4646; x_wconf 88' lang='lat' dir='ltr'><strong>inquit,</strong></span> <span class='ocrx_word' id='word_1_834' title='bbox 2678 4595 2782 4636; x_wconf 91' lang='lat' dir='ltr'><strong>non</strong></span> <span class='ocrx_word' id='word_1_835' title='bbox 2814 4590 3021 4643; x_wconf 88' lang='lat' dir='ltr'><strong>transiit</strong></span> <span class='ocrx_word' id='word_1_836' title='bbox 3058 4593 3239 4651; x_wconf 92' lang='lat' dir='ltr'><strong>homo.</strong></span> <span class='ocrx_word' id='word_1_837' title='bbox 3266 4568 3380 4656; x_wconf 46' lang='lat' dir='ltr'><strong>.Sed</strong></span> <span class='ocrx_word' id='word_1_838' title='bbox 3410 4568 3624 4667; x_wconf 55' lang='lat' dir='ltr'><strong>nou&#39;est</strong></span> 
     </span>
    </p>
   </div>
   <div class='ocr_carea' id='block_1_107' title="bbox 2043 4658 3625 4766">
    <p class='ocr_par' dir='ltr' id='par_1_107' title="bbox 2043 4658 3625 4766">
     <span class='ocr_line' id='line_1_109' title="bbox 2043 4658 3625 4766; baseline 0.031 -56"><span class='ocrx_word' id='word_1_839' title='bbox 2043 4658 2169 4713; x_wconf 90' lang='lat' dir='ltr'><strong>illud</strong></span> <span class='ocrx_word' id='word_1_840' title='bbox 2205 4661 2472 4719; x_wconf 74' lang='lat' dir='ltr'><strong>desertum</strong></span> <span class='ocrx_word' id='word_1_841' title='bbox 2507 4670 2641 4724; x_wconf 90' lang='lat' dir='ltr'><strong>adeo</strong></span> <span class='ocrx_word' id='word_1_842' title='bbox 2668 4676 2848 4730; x_wconf 90' lang='lat' dir='ltr'><strong>sterile</strong></span> <span class='ocrx_word' id='word_1_843' title='bbox 2872 4687 2928 4734; x_wconf 91' lang='lat' dir='ltr'><strong>et</strong></span> <span class='ocrx_word' id='word_1_844' title='bbox 2962 4697 3069 4738; x_wconf 93' lang='lat' dir='ltr'><strong>non</strong></span> <span class='ocrx_word' id='word_1_845' title='bbox 3098 4686 3278 4746; x_wconf 85' lang='lat' dir='ltr'><strong>ferens</strong></span> <span class='ocrx_word' id='word_1_846' title='bbox 3306 4693 3537 4766; x_wconf 77' lang='lat' dir='ltr'><strong>fructus,</strong></span> <span class='ocrx_word' id='word_1_847' title='bbox 3566 4715 3625 4760; x_wconf 87' lang='lat' dir='ltr'><strong>ut</strong></span> 
     </span>
    </p>
   </div>
   <div class='ocr_carea' id='block_1_108' title="bbox 2042 4754 2524 4811">
    <p class='ocr_par' dir='ltr' id='par_1_108' title="bbox 2042 4754 2524 4811">
     <span class='ocr_line' id='line_1_110' title="bbox 2042 4754 2524 4811; baseline 0.017 -8"><span class='ocrx_word' id='word_1_848' title='bbox 2042 4759 2228 4805; x_wconf 83' lang='lat' dir='ltr'><strong>natura</strong></span> <span class='ocrx_word' id='word_1_849' title='bbox 2275 4754 2524 4811; x_wconf 85' lang='lat' dir='ltr'><strong>humana.</strong></span> 
     </span>
    </p>
   </div>
   <div class='ocr_carea' id='block_1_109' title="bbox 2111 4842 3620 4941">
    <p class='ocr_par' dir='ltr' id='par_1_109' title="bbox 2111 4842 3620 4941">
     <span class='ocr_line' id='line_1_111' title="bbox 2111 4842 3620 4941; baseline 0.029 -43"><span class='ocrx_word' id='word_1_850' title='bbox 2111 4842 2164 4898; x_wconf 76' lang='grc' dir='ltr'><strong>ὅ.</strong></span> <span class='ocrx_word' id='word_1_851' title='bbox 2194 4842 2347 4900; x_wconf 87' lang='lat' dir='ltr'><strong>Nunc</strong></span> <span class='ocrx_word' id='word_1_852' title='bbox 2377 4858 2506 4918; x_wconf 90' lang='lat' dir='ltr'><strong>quot</strong></span> <span class='ocrx_word' id='word_1_853' title='bbox 2533 4863 2658 4906; x_wconf 90' lang='lat' dir='ltr'><strong>sunt</strong></span> <span class='ocrx_word' id='word_1_854' title='bbox 2679 4859 2910 4928; x_wconf 90' lang='lat' dir='ltr'><strong>scorpii,</strong></span> <span class='ocrx_word' id='word_1_855' title='bbox 2940 4875 3071 4934; x_wconf 91' lang='lat' dir='ltr'><strong>quot</strong></span> <span class='ocrx_word' id='word_1_856' title='bbox 3095 4867 3293 4939; x_wconf 68' lang='lat' dir='ltr'><strong>viperae</strong></span> <span class='ocrx_word' id='word_1_857' title='bbox 3319 4874 3373 4931; x_wconf 93' lang='lat' dir='ltr'><strong>in</strong></span> <span class='ocrx_word' id='word_1_858' title='bbox 3400 4878 3504 4938; x_wconf 87' lang='lat' dir='ltr'><strong>hoc</strong></span> <span class='ocrx_word' id='word_1_859' title='bbox 3520 4888 3620 4941; x_wconf 88' lang='lat' dir='ltr'><strong>dc-</strong></span> 
     </span>
    </p>
   </div>
   <div class='ocr_carea' id='block_1_110' title="bbox 2039 4944 3621 5036">
    <p class='ocr_par' dir='ltr' id='par_1_110' title="bbox 2039 4944 3621 5036">
     <span class='ocr_line' id='line_1_112' title="bbox 2039 4944 3621 5036; baseline 0.032 -51"><span class='ocrx_word' id='word_1_860' title='bbox 2039 4944 2206 5036; x_wconf 76' lang='lat' dir='ltr'><strong>serto,</strong></span> <span class='ocrx_word' id='word_1_861' title='bbox 2224 4948 2355 5007; x_wconf 91' lang='lat' dir='ltr'><strong>quot</strong></span> <span class='ocrx_word' id='word_1_862' title='bbox 2379 4947 2684 5012; x_wconf 89' lang='lat' dir='ltr'><strong>serpentes!</strong></span> <span class='ocrx_word' id='word_1_863' title='bbox 2717 4962 2847 5018; x_wconf 92' lang='lat' dir='ltr'><strong>quot</strong></span> <span class='ocrx_word' id='word_1_864' title='bbox 2865 4956 3135 5024; x_wconf 89' lang='lat' dir='ltr'><strong>genimina</strong></span> <span class='ocrx_word' id='word_1_865' title='bbox 3164 4963 3468 5036; x_wconf 88' lang='lat' dir='ltr'><strong>viperarum</strong></span> <span class='ocrx_word' id='word_1_866' title='bbox 3493 4989 3621 5035; x_wconf 89' lang='lat' dir='ltr'><strong>sunt</strong></span> 
     </span>
    </p>
   </div>
   <div class='ocr_carea' id='block_1_111' title="bbox 2041 5023 3621 5132">
    <p class='ocr_par' dir='ltr' id='par_1_111' title="bbox 2041 5023 3621 5132">
     <span class='ocr_line' id='line_1_113' title="bbox 2041 5023 3621 5132; baseline 0.03 -54"><span class='ocrx_word' id='word_1_867' title='bbox 2041 5023 2095 5079; x_wconf 86' lang='lat' dir='ltr'><strong>hi</strong></span> <span class='ocrx_word' id='word_1_868' title='bbox 2124 5042 2259 5097; x_wconf 90' lang='lat' dir='ltr'><strong>quos</strong></span> <span class='ocrx_word' id='word_1_869' title='bbox 2304 5035 2700 5095; x_wconf 88' lang='lat' dir='ltr'><strong>recensuimns!</strong></span> <span class='ocrx_word' id='word_1_870' title='bbox 2739 5040 2844 5097; x_wconf 83' lang='lat' dir='ltr'><strong>Sed</strong></span> <span class='ocrx_word' id='word_1_871' title='bbox 2873 5023 2940 5100; x_wconf 81' lang='lat' dir='ltr'><strong>ne</strong></span> <span class='ocrx_word' id='word_1_872' title='bbox 2966 5023 3245 5111; x_wconf 71' lang='lat' dir='ltr'><strong>timeamus</strong></span> <span class='ocrx_word' id='word_1_873' title='bbox 3277 5075 3292 5114; x_wconf 89' lang='lat'><strong>:</strong></span> <span class='ocrx_word' id='word_1_874' title='bbox 3324 5023 3621 5132; x_wconf 47' lang='lat' dir='ltr'><strong>hujusex-i&#39;:</strong></span> 
     </span>
    </p>
   </div>
   <div class='ocr_carea' id='block_1_112' title="bbox 2041 5121 3622 5229">
    <p class='ocr_par' dir='ltr' id='par_1_112' title="bbox 2041 5121 3622 5229">
     <span class='ocr_line' id='line_1_114' title="bbox 2041 5121 3622 5229; baseline 0.028 -57"><span class='ocrx_word' id='word_1_875' title='bbox 2041 5127 2125 5173; x_wconf 91' lang='lat' dir='ltr'><strong>tus</strong></span> <span class='ocrx_word' id='word_1_876' title='bbox 2149 5121 2263 5229; x_wconf 50' lang='lat' dir='ltr'><strong>dux.</strong></span> <span class='ocrx_word' id='word_1_877' title='bbox 2282 5134 2395 5192; x_wconf 89' lang='lat' dir='ltr'><strong>est,</strong></span> <span class='ocrx_word' id='word_1_878' title='bbox 2420 5143 2528 5182; x_wconf 90' lang='lat' dir='ltr'><strong>non</strong></span> <span class='ocrx_word' id='word_1_879' title='bbox 2554 5128 2792 5203; x_wconf 77' lang='lat' dir='ltr'><strong>Moyses,</strong></span> <span class='ocrx_word' id='word_1_880' title='bbox 2824 5138 2918 5193; x_wconf 90' lang='lat' dir='ltr'><strong>sed</strong></span> <span class='ocrx_word' id='word_1_881' title='bbox 2946 5139 3126 5204; x_wconf 75' lang='lat' dir='ltr'><strong>Iesus.</strong></span> <span class='ocrx_word' id='word_1_882' title='bbox 3155 5121 3434 5215; x_wconf 67' lang='lat' dir='ltr'><strong>Quomodo</strong></span> <span class='ocrx_word' id='word_1_883' title='bbox 3458 5121 3622 5229; x_wconf 77' lang='lat' dir='ltr'><strong>igitur</strong></span> 
     </span>
    </p>
   </div>
   <div class='ocr_carea' id='block_1_113' title="bbox 2040 5212 3618 5312">
    <p class='ocr_par' dir='ltr' id='par_1_113' title="bbox 2040 5212 3618 5312">
     <span class='ocr_line' id='line_1_115' title="bbox 2040 5212 3618 5312; baseline 0.028 -48"><span class='ocrx_word' id='word_1_884' title='bbox 2040 5225 2144 5266; x_wconf 91' lang='lat' dir='ltr'><strong>non</strong></span> <span class='ocrx_word' id='word_1_885' title='bbox 2167 5212 2351 5269; x_wconf 88' lang='lat' dir='ltr'><strong>eadem</strong></span> <span class='ocrx_word' id='word_1_886' title='bbox 2383 5218 2536 5273; x_wconf 90' lang='lat' dir='ltr'><strong>nobis</strong></span> <span class='ocrx_word' id='word_1_887' title='bbox 2560 5224 2839 5283; x_wconf 83' lang='lat' dir='ltr'><strong>accidant?</strong></span> <span class='ocrx_word' id='word_1_888' title='bbox 2862 5229 2940 5286; x_wconf 88' lang='lat' dir='ltr'><strong>Ne</strong></span> <span class='ocrx_word' id='word_1_889' title='bbox 2963 5236 3149 5292; x_wconf 90' lang='lat' dir='ltr'><strong>eadem</strong></span> <span class='ocrx_word' id='word_1_890' title='bbox 3174 5212 3413 5312; x_wconf 75' lang='lat' dir='ltr'><strong>agamus,</strong></span> <span class='ocrx_word' id='word_1_891' title='bbox 3438 5212 3618 5308; x_wconf 51' lang='lat' dir='ltr'><strong>einen</strong></span> 
     </span>
    </p>
   </div>
   <div class='ocr_carea' id='block_1_114' title="bbox 2036 5301 3619 5411">
    <p class='ocr_par' dir='ltr' id='par_1_114' title="bbox 2036 5301 3619 5411">
     <span class='ocr_line' id='line_1_116' title="bbox 2036 5301 3619 5411; baseline 0.028 -59"><span class='ocrx_word' id='word_1_892' title='bbox 2036 5301 2222 5356; x_wconf 86' lang='lat' dir='ltr'><strong>eadem</strong></span> <span class='ocrx_word' id='word_1_893' title='bbox 2248 5306 2525 5373; x_wconf 89' lang='lat' dir='ltr'><strong>patiemur.</strong></span> <span class='ocrx_word' id='word_1_894' title='bbox 2549 5310 2629 5367; x_wconf 91' lang='lat' dir='ltr'><strong>llli</strong></span> <span class='ocrx_word' id='word_1_895' title='bbox 2648 5323 3070 5393; x_wconf 87' lang='lat' dir='ltr'><strong>murmurabant,</strong></span> <span class='ocrx_word' id='word_1_896' title='bbox 3108 5328 3180 5383; x_wconf 92' lang='lat' dir='ltr'><strong>illi</strong></span> <span class='ocrx_word' id='word_1_897' title='bbox 3205 5301 3418 5389; x_wconf 74' lang='lat' dir='ltr'><strong>fuerunt</strong></span> <span class='ocrx_word' id='word_1_898' title='bbox 3436 5301 3619 5411; x_wconf 73' lang='lat' dir='ltr'><strong>ingra-</strong></span> 
     </span>
    </p>
   </div>
   <div class='ocr_carea' id='block_1_115' title="bbox 2038 5394 3619 5488">
    <p class='ocr_par' dir='ltr' id='par_1_115' title="bbox 2038 5394 3619 5488">
     <span class='ocr_line' id='line_1_117' title="bbox 2038 5394 3619 5488; baseline 0.028 -44"><span class='ocrx_word' id='word_1_899' title='bbox 2038 5394 2109 5446; x_wconf 88' lang='lat' dir='ltr'><strong>ti:</strong></span> <span class='ocrx_word' id='word_1_900' title='bbox 2141 5409 2209 5448; x_wconf 82' lang='lat' dir='ltr'><strong>ne</strong></span> <span class='ocrx_word' id='word_1_901' title='bbox 2253 5395 2439 5452; x_wconf 85' lang='lat' dir='ltr'><strong>eadem</strong></span> <span class='ocrx_word' id='word_1_902' title='bbox 2474 5416 2602 5471; x_wconf 91' lang='lat' dir='ltr'><strong>ergo</strong></span> <span class='ocrx_word' id='word_1_903' title='bbox 2628 5406 2783 5461; x_wconf 90' lang='lat' dir='ltr'><strong>nobis</strong></span> <span class='ocrx_word' id='word_1_904' title='bbox 2808 5412 3071 5470; x_wconf 87' lang='lat' dir='ltr'><strong>accidant.</strong></span> <span class='ocrx_word' id='word_1_905' title='bbox 3098 5418 3379 5487; x_wconf 88' lang='lat' dir='ltr'><strong>Quomodo</strong></span> <span class='ocrx_word' id='word_1_906' title='bbox 3404 5394 3619 5488; x_wconf 63' lang='lat' dir='ltr'><strong>cecide-</strong></span> 
     </span>
    </p>
   </div>
   <div class='ocr_carea' id='block_1_116' title="bbox 2036 5485 3611 5581">
    <p class='ocr_par' dir='ltr' id='par_1_116' title="bbox 2036 5485 3611 5581">
     <span class='ocr_line' id='line_1_118' title="bbox 2036 5485 3611 5581; baseline 0.029 -46"><span class='ocrx_word' id='word_1_907' title='bbox 2036 5493 2162 5539; x_wconf 88' lang='lat' dir='ltr'><strong>runt</strong></span> <span class='ocrx_word' id='word_1_908' title='bbox 2184 5485 2260 5540; x_wconf 89' lang='lat' dir='ltr'><strong>illi</strong></span> <span class='ocrx_word' id='word_1_909' title='bbox 2280 5491 2503 5546; x_wconf 89' lang='lat' dir='ltr'><strong>omnes?</strong></span> <span class='ocrx_word' id='word_1_910' title='bbox 2527 5493 2687 5551; x_wconf 90' lang='lat' dir='ltr'><strong>Nihili</strong></span> <span class='ocrx_word' id='word_1_911' title='bbox 2706 5498 2939 5558; x_wconf 90' lang='lat' dir='ltr'><strong>fecerunt</strong></span> <span class='ocrx_word' id='word_1_912' title='bbox 2964 5485 3159 5565; x_wconf 83' lang='lat' dir='ltr'><strong>terram</strong></span> <span class='ocrx_word' id='word_1_913' title='bbox 3180 5485 3611 5581; x_wconf 79' lang='lat' dir='ltr'><strong>desiderabilem.</strong></span> 
     </span>
    </p>
   </div>
   <div class='ocr_carea' id='block_1_117' title="bbox 2037 5574 3614 5671">
    <p class='ocr_par' dir='ltr' id='par_1_117' title="bbox 2037 5574 3614 5671">
     <span class='ocr_line' id='line_1_119' title="bbox 2037 5574 3614 5671; baseline 0.029 -43"><span class='ocrx_word' id='word_1_914' title='bbox 2037 5574 2316 5642; x_wconf 91' lang='lat' dir='ltr'><strong>Quomodo</strong></span> <span class='ocrx_word' id='word_1_915' title='bbox 2363 5582 2516 5638; x_wconf 91' lang='lat' dir='ltr'><strong>nihili</strong></span> <span class='ocrx_word' id='word_1_916' title='bbox 2560 5585 2843 5646; x_wconf 79' lang='lat' dir='ltr'><strong>fecerunt?</strong></span> <span class='ocrx_word' id='word_1_917' title='bbox 2884 5598 3031 5666; x_wconf 88' lang='lat' dir='ltr'><strong>atqui</strong></span> <span class='ocrx_word' id='word_1_918' title='bbox 3068 5574 3614 5671; x_wconf 32' lang='lat' dir='ltr'><strong>adntirabanturilt-Zo</strong></span> 
     </span>
    </p>
   </div>
   <div class='ocr_carea' id='block_1_118' title="bbox 2036 5670 3611 5765">
    <p class='ocr_par' dir='ltr' id='par_1_118' title="bbox 2036 5670 3611 5765">
     <span class='ocr_line' id='line_1_120' title="bbox 2036 5670 3611 5765; baseline 0.028 -44"><span class='ocrx_word' id='word_1_919' title='bbox 2036 5670 2176 5738; x_wconf 89' lang='lat' dir='ltr'><strong>quod</strong></span> <span class='ocrx_word' id='word_1_920' title='bbox 2207 5673 2394 5730; x_wconf 88' lang='lat' dir='ltr'><strong>molles</strong></span> <span class='ocrx_word' id='word_1_921' title='bbox 2423 5682 2727 5748; x_wconf 89' lang='lat' dir='ltr'><strong>evaserint,</strong></span> <span class='ocrx_word' id='word_1_922' title='bbox 2779 5695 2832 5739; x_wconf 90' lang='lat' dir='ltr'><strong>et</strong></span> <span class='ocrx_word' id='word_1_923' title='bbox 2867 5702 2968 5758; x_wconf 89' lang='lat' dir='ltr'><strong>pro</strong></span> <span class='ocrx_word' id='word_1_924' title='bbox 3011 5706 3072 5746; x_wconf 90' lang='lat' dir='ltr'><strong>ea</strong></span> <span class='ocrx_word' id='word_1_925' title='bbox 3104 5693 3316 5755; x_wconf 88' lang='lat' dir='ltr'><strong>labores</strong></span> <span class='ocrx_word' id='word_1_926' title='bbox 3346 5670 3611 5765; x_wconf 75' lang='lat' dir='ltr'><strong>noluerint</strong></span> 
     </span>
    </p>
   </div>
   <div class='ocr_carea' id='block_1_119' title="bbox 2038 5763 3613 5856">
    <p class='ocr_par' dir='ltr' id='par_1_119' title="bbox 2038 5763 3613 5856">
     <span class='ocr_line' id='line_1_121' title="bbox 2038 5763 3613 5856; baseline 0.027 -39"><span class='ocrx_word' id='word_1_927' title='bbox 2038 5763 2325 5833; x_wconf 86' lang='lat' dir='ltr'><strong>suscipere.</strong></span> <span class='ocrx_word' id='word_1_928' title='bbox 2378 5766 2453 5823; x_wconf 90' lang='lat' dir='ltr'><strong>Ne</strong></span> <span class='ocrx_word' id='word_1_929' title='bbox 2481 5785 2607 5841; x_wconf 83' lang='lat' dir='ltr'><strong>ergo</strong></span> <span class='ocrx_word' id='word_1_930' title='bbox 2645 5774 2832 5831; x_wconf 62' lang='lat' dir='ltr'><strong>ciuium</strong></span> <span class='ocrx_word' id='word_1_931' title='bbox 2874 5779 3027 5837; x_wconf 89' lang='lat' dir='ltr'><strong>nihili</strong></span> <span class='ocrx_word' id='word_1_932' title='bbox 3073 5784 3325 5848; x_wconf 80' lang='lat' dir='ltr'><strong>faciamus</strong></span> <span class='ocrx_word' id='word_1_933' title='bbox 3354 5813 3367 5849; x_wconf 88' lang='lat'>:</span> <span class='ocrx_word' id='word_1_934' title='bbox 3400 5796 3503 5855; x_wconf 88' lang='lat' dir='ltr'><strong>hoc</strong></span> <span class='ocrx_word' id='word_1_935' title='bbox 3528 5813 3613 5856; x_wconf 70' lang='lat' dir='ltr'><strong>eat</strong></span> 
     </span>
    </p>
   </div>
   <div class='ocr_carea' id='block_1_120' title="bbox 3172 5894 3235 5955">
    <p class='ocr_par' dir='ltr' id='par_1_120' title="bbox 3172 5894 3235 5955">
     <span class='ocr_line' id='line_1_122' title="bbox 3172 5894 3235 5955; baseline 0.032 -2"><span class='ocrx_word' id='word_1_936' title='bbox 3172 5894 3235 5955; x_wconf 84' lang='grc'>11</span> 
     </span>
    </p>
   </div>
  </div>
