4100 6412
412 313 523 372 167

420 428 570 484 nihili
601 426 796 482 facere.
831 426 873 481 E
899 426 1031 480 etelo
1058 423 1263 479 fructus
1292 432 1374 479 est
1395 423 1460 476 ad
1488 435 1587 476 nos
1621 420 1831 475 delatus
1850 458 1865 481 ,
1899 429 2004 471 non

421 536 521 573 uva
557 533 676 589 quae
703 527 942 587 portatur
971 515 1023 571 in
1057 514 1329 586 amplioris
1348 555 1363 580 ,
1391 513 1484 568 sed
1528 510 1684 566 arrha
1731 508 1961 579 Spiritus
1990 523 2005 560 :

418 610 545 663 vita:
574 608 794 678 agenda:
825 608 985 672 ratio,
1014 624 1136 677 quae
1185 615 1269 659 est
1317 605 1370 659 in
1423 604 1592 669 eielis,
1638 617 1796 671 quam
1825 598 2007 654 docuit

420 701 619 756 Paulus
648 709 701 753 et
732 709 872 753 totus
894 698 1255 767 apostolorum
1291 696 1510 762 chorus,
1543 692 1839 748 admirandi
1865 692 2008 761 agri-

422 793 573 846 colae.
595 791 710 846 Non
734 790 936 845 Chaleb
968 789 1111 844 ﬁlius
1135 788 1413 858 .lcpltonze,
1462 802 1636 854 neque
1678 785 1835 841 Jcsus
1870 784 2008 837 lilius

424 884 566 939 Nave
597 883 694 937 hos
723 882 842 937 tulit
877 882 1114 946 fructus;
1145 880 1239 935 sed
1284 879 1474 944 Jesus,
1512 878 1679 933 Filius
1717 876 1889 932 Patris
1909 874 2010 930 mi-

424 973 858 1035 sericordiarum,
894 971 1059 1027 Filius
1088 971 1205 1040 ejus
1230 972 1317 1038 qui
1349 978 1429 1024 est
1455 984 1579 1024 vere
1606 969 1767 1034 Deus,
1796 982 2008 1021 onmem

429 1069 547 1123 tulit
590 1068 861 1129 virtutem,
888 1079 1075 1117 oumes
1105 1062 1194 1133 qui
1234 1062 1359 1116 inde
1385 1070 1510 1116 sunt
1532 1060 1753 1125 fructus,
1783 1058 2010 1131 hymnos

430 1175 621 1228 nempe
647 1158 712 1212 ad
744 1174 839 1212 nos
870 1157 1060 1211 detulit
1086 1156 1349 1213 caelestes.
1378 1153 1508 1208 Nam
1532 1168 1649 1223 qum
1670 1152 1724 1207 in
1755 1151 1901 1206 cadis
1929 1150 2009 1204 di-

428 1242 559 1307 eunt
580 1250 891 1316 Cherubim,
915 1264 977 1303 ea
1006 1263 1101 1301 nos
1122 1263 1334 1318 quoque
1355 1246 1516 1316 jussit
1540 1246 1741 1308 dicere,
1767 1245 2007 1310 Sanctus,

428 1346 649 1406 sanctus,
676 1351 878 1395 sanctus
909 1338 927 1409 (
948 1338 1115 1392 Marc.
1148 1337 1235 1393 12.
1262 1337 1333 1392 25
1420 1336 1502 1391 Ad
1528 1350 1629 1391 nos
1649 1336 1822 1391 attulit
1848 1335 2008 1390 vitam

428 1434 738 1504 angelorum
771 1449 785 1491 :
820 1431 1005 1500 Neque
1060 1429 1255 1483 ducunt
1306 1441 1541 1494 uxores,
1591 1441 1767 1495 neque
1808 1427 2013 1480 nubunt

430 1526 634 1595 angeli;
665 1526 763 1577 hoc
800 1537 1012 1593 quoque
1051 1521 1136 1575 hic
1167 1520 1422 1590 plantavit
1464 1519 1664 1573 bonum
1698 1536 1711 1572 :
1740 1518 1817 1572 illi
1847 1532 2010 1587 pecu-

432 1618 548 1671 nias
583 1632 685 1670 non
715 1624 917 1681 amant,
950 1629 1120 1683 neque
1147 1613 1283 1677 alia;
1317 1611 1417 1666 hoc
1444 1626 1656 1682 quoque
1694 1610 1845 1665 nobis
1867 1609 2010 1664 inse-

431 1711 536 1764 ruit
564 1726 576 1762 :
609 1708 682 1762 illi
715 1723 821 1762 non
853 1706 1191 1771 moriuntur;
1237 1704 1339 1759 hoc
1366 1718 1580 1775 quoque
1610 1702 1762 1756 nobis
1791 1701 2011 1771 largitus

430 1812 510 1856 est
537 1817 550 1852 :
574 1799 714 1853 Mors
747 1814 851 1852 non
889 1808 971 1851 est
992 1798 1220 1867 amplius
1247 1811 1392 1851 mors
1414 1837 1428 1861 ,
1460 1795 1554 1849 sed
1585 1808 1825 1849 somnus.
1870 1792 2010 1848 Audi

431 1893 572 1948 enim
598 1894 767 1961 ipsum
807 1891 1070 1945 dicentem
1107 1907 1120 1943 :
1154 1888 1380 1942 Lazarus
1409 1889 1603 1940 amicus
1638 1898 1804 1941 noster
1827 1886 2012 1940 dormit

433 1983 610 2053 (Joan.
645 1985 731 2037 11.
761 1980 871 2050 11).
897 1980 1083 2034 Vidisti
1108 1979 1307 2032 fructus
1330 1993 1574 2046 superna:
1590 1976 1923 2032 Jerusalem?
1944 1976 2013 2031 Et

430 2074 569 2145 quod
593 2083 672 2128 est
703 2071 1088 2133 admirabilius,
1114 2070 1309 2124 bellum
1342 2084 1444 2122 non
1472 2078 1552 2122 est
1580 2068 1851 2123 decretum
1876 2084 1891 2133 ;
1914 2068 2011 2123 sed

430 2167 556 2212 ante
580 2155 986 2226 promissionem
1011 2153 1164 2206 nobis
1187 2151 1404 2206 donavit
1424 2150 1537 2205 haec
1559 2153 1760 2205 omnia.
1783 2150 1912 2205 Nam
1938 2152 2011 2205 illi

429 2250 680 2320 quidem,
732 2249 889 2301 etiam
948 2262 1067 2300 cum
1109 2246 1376 2301 venissent
1422 2244 1489 2299 ad
1534 2255 1727 2299 terram
1778 2244 2011 2315 promis-

429 2340 616 2403 sionis,
643 2337 987 2400 laborabant;
1019 2336 1124 2389 imo
1145 2350 1275 2390 vero
1307 2350 1409 2389 non
1443 2335 1792 2389 laborabant:
1817 2350 1938 2389 nam
1965 2335 2011 2389 si

430 2432 541 2487 Deo
565 2446 755 2500 parere
783 2428 1309 2497 voluissent,absque
1335 2428 1498 2481 armis
1529 2436 1581 2481 et
1609 2428 1724 2481 sine
1753 2428 2013 2482 instrueta

430 2526 545 2580 acie
590 2539 777 2580 omnes
823 2524 1091 2595 cepissent
1138 2524 1296 2577 urbes
1325 2540 1337 2576 :
1367 2522 1581 2577 Jericho
1613 2534 1790 2589 certe,
1816 2523 2011 2578 choros

427 2617 737 2672 ducentium
761 2618 928 2685 magis
955 2631 1113 2686 quam
1132 2614 1439 2669 bellantium
1464 2614 1719 2671 habentes
1746 2615 2007 2681 habitum,

430 2718 822 2778 expugnarunt.
853 2707 960 2761 Nos
989 2716 1167 2761 autem
1198 2716 1474 2775 postquam
1500 2706 1720 2773 ingressi
1747 2722 1930 2761 sumus
1956 2707 2006 2762 in

433 2812 630 2856 terram
661 2799 1060 2869 promissionis,
1091 2797 1191 2852 hoc
1219 2805 1301 2852 est
1323 2797 1373 2849 in
1405 2796 1616 2862 caelum,
1648 2813 1753 2851 non
1780 2796 2005 2868 bellige-

414 2907 632 2953 ramur,
666 2889 758 2943 sed
787 2887 1037 2958 quamdiu
1065 2887 1322 2941 fuerimus
1344 2888 1395 2941 in
1425 2886 1655 2951 deserto,
1690 2888 1790 2942 hoc
1809 2896 1924 2955 est,
1952 2888 2005 2943 in

431 2981 676 3050 praesenti
700 2981 825 3031 vita.
858 2978 1121 3048 Ingressus
1152 2979 1283 3031 enim
1311 2978 1364 3030 in
1406 2979 1625 3045 requiem
1649 2995 1812 3046 suam,
1843 2996 2009 3033 cessa-

416 3075 496 3127 vit
520 3089 552 3124 a
580 3073 682 3126 suis
710 3070 939 3139 aper-ibus
961 3069 1085 3121 sicut
1109 3066 1249 3122 Deus
1271 3084 1303 3119 a
1331 3070 1548 3138 propriis
1575 3070 1593 3139 (
1615 3068 1769 3123 Hebr.
1789 3071 1841 3124 4.
1877 3071 2005 3141 10).

430 3164 515 3218 Ne
539 3180 656 3235 ergo
681 3164 1015 3232 defatigemur
1039 3162 1173 3231 quod
1201 3161 1381 3213 bonum
1415 3171 1486 3214 est
1508 3164 1783 3233 facientes(
1809 3162 1923 3219 Gal.
1951 3166 2004 3221 6.

428 3256 501 3327 9)
539 3272 555 3310 :
587 3253 805 3325 proprio
833 3253 972 3307 enim
1008 3262 1245 3321 tempore
1267 3263 1554 3318 metemus,
1584 3254 1627 3308 si
1660 3270 1763 3307 non
1793 3255 2009 3311 delicia-

428 3360 568 3399 mus.
601 3343 762 3399 Vides
790 3344 1057 3414 quomodo
1075 3355 1127 3397 ut
1157 3344 1295 3409 illos,
1320 3345 1399 3399 sic
1426 3359 1523 3398 nos
1540 3360 1748 3414 quoque
1764 3346 2007 3402 duxerit?

430 3438 540 3493 lllic
590 3434 659 3492 de
697 3452 889 3491 manna
931 3437 1093 3499 dicit,
1149 3447 1202 3491 et
1248 3436 1314 3491 de
1352 3437 1681 3492 solitudine:
1725 3438 1825 3506 Qui
1872 3442 2007 3495 mul-

414 3540 571 3593 tum,
616 3544 715 3582 non
757 3528 871 3598 plus
923 3528 1130 3593 habuit;
1185 3537 1234 3581 et
1283 3529 1370 3600 qui
1421 3546 1638 3598 parum,
1693 3547 1794 3584 non
1842 3532 2008 3587 minus

441 3663 770 3674 ———

1240 303 1300 359 S.
1336 300 1610 359 JOANNIS
1645 294 2120 355 CHRYSOSTOMI
2160 294 2473 351 ARCHIEP.
2515 293 3040 351 CONSTANTINOP.

3595 290 3691 349 [σε

2114 412 2329 485 (Exod.
2386 412 2471 466 16.
2529 411 2634 476 18ς
2666 420 2713 465 et
2759 410 2814 464 2.
2856 412 2976 466 Cor.
3009 413 3062 464 8.
3101 410 3218 479 15).
3246 408 3313 463 Ει
3362 410 3515 467 nobis
3554 427 3687 481 quo.

2110 520 2214 573 que
2242 513 2322 557 est
2362 514 2685 572 praeceptum
2712 540 2729 567 ,
2761 516 2829 556 ne
2853 500 3273 556 thesaurizemus
3298 517 3457 571 super
3488 514 3685 559 terram

2111 596 2344 665 (Matth.
2391 595 2446 649 6.
2486 594 2612 664 19).

2187 687 2287 754 Qui
2308 687 2644 752 thesaurizat,
2672 687 2826 739 vermi
2863 685 3136 740 immortali
3174 696 3321 756 parat
3370 687 3687 742 alimentum.

2110 781 2288 836 —Sin
2317 789 2495 834 autem
2529 779 2981 843 thesaurizemus,
3028 794 3131 832 non
3156 778 3267 849 jam
3305 780 3600 849 corrumpit
3636 790 3689 835 et

2112 873 2288 945 perdit
2337 873 2535 929 vermis
2581 873 2794 927 sensilis
2835 872 2973 926 sicut
3013 873 3065 925 in
3097 888 3323 937 manna,
3348 872 3441 927 sed
3491 873 3691 927 vermis

2111 967 2222 1037 qui,
2256 976 2313 1020 ut
2344 966 2478 1036 ignis
2508 965 2631 1032 ille,
2668 976 2899 1019 aeternus
2946 973 3048 1019 est.
3092 964 3278 1020 Omnia
3319 981 3447 1034 ergo
3489 966 3690 1018 cilicia-

2113 1074 2253 1124 mus,
2294 1072 2361 1112 ne
2389 1058 2556 1112 vermi
2594 1071 2843 1125 paremus
2871 1057 3182 1110 alimentum
3216 1074 3227 1107 :
3262 1071 3381 1109 nam
3419 1056 3517 1122 Qui
3559 1057 3692 1109 mut-

2114 1156 2239 1209 tum,
2264 1145 2452 1215 inquit,
2479 1162 2579 1198 non
2605 1145 2719 1215 plus
2742 1145 2934 1198 habuit.
2966 1145 3078 1199 Hoc
3106 1146 3248 1199 enim
3270 1146 3429 1199 etiam
3458 1146 3509 1199 iu
3540 1145 3691 1199 nobis

2116 1238 2173 1292 lit
2200 1237 2439 1307 quotidie
2470 1253 2485 1290 :
2525 1251 2646 1290 nam
2679 1250 2867 1290 omnes
2909 1235 3154 1291 eamdem
3184 1236 3466 1305 implemus
3492 1236 3692 1290 ventris

2113 1344 2418 1383 mensuram
2449 1346 2461 1380 :
2490 1328 2631 1397 quod
2659 1337 2743 1382 est
2766 1338 2944 1381 autem
2986 1342 3462 1396 supervacaneum.
3493 1335 3576 1381 est
3602 1342 3688 1381 ac-

2113 1421 2285 1475 cessio
2330 1421 2611 1475 stultarum
2664 1419 3102 1474 sollicitudinum.
3150 1420 3279 1474 Nam
3326 1420 3465 1485 quod
3508 1428 3690 1489 postea

2115 1522 2231 1582 erat
2301 1513 2554 1575 daturus,
2607 1512 2871 1576 dicendo,
2936 1513 3132 1583 Sit/ﬁcit
3188 1513 3287 1565 diei
3356 1513 3548 1565 malitia
3599 1531 3691 1568 sua

2114 1604 2294 1676 (Ibid.
2322 1622 2368 1659 υ.
2394 1605 2499 1675 54)
2521 1648 2535 1670 ,
2567 1605 2669 1659 hoc
2712 1605 2821 1675 jam
2869 1605 3113 1675 superius
3156 1605 3366 1669 docuit,
3398 1615 3452 1659 et
3490 1621 3587 1660 nec
3614 1606 3693 1660 sic

2115 1704 2481 1766 susceperunt.
2514 1696 2618 1749 Sed
2647 1712 2745 1750 nos
2769 1712 2836 1750 ne
2863 1697 3029 1749 simus
3048 1696 3397 1765 inexplebiles
3418 1738 3432 1762 ,
3461 1712 3566 1749 non
3596 1696 3694 1750 iu—

2114 1788 2268 1859 grati,
2310 1804 2377 1841 ne
2415 1788 2558 1842 aedes
2583 1803 2883 1857 qumramns
2917 1787 3222 1856 splendidas
3253 1805 3266 1843 :
3296 1803 3416 1842 nam
3448 1790 3547 1843 iter
3574 1788 3695 1841 laci-

2116 1893 2257 1943 mus,
2295 1893 2400 1931 non
2429 1876 2753 1931 habitamus.
2782 1877 3138 1941 Quamobrem
3172 1878 3214 1931 si
3244 1878 3362 1946 quis
3387 1878 3692 1947 novitquod

2117 1985 2353 2040 prtesens
2383 1970 2486 2022 vita
2508 1969 2574 2023 sit
2606 1968 2847 2038 quaadam
2877 1968 2958 2021 via
2986 1978 3039 2022 et
3064 1968 3337 2031 militia,et
3365 1980 3420 2022 ut
3448 1972 3515 2022 ita
3546 1968 3693 2022 dixe-

2115 2061 2237 2126 rim,
2273 2059 2411 2125 quod
2451 2059 2518 2112 ab
2563 2060 2643 2113 eis
2683 2058 2983 2128 appellatur
3027 2057 3305 2127 fossatum,
3353 2074 3458 2113 non
3488 2068 3694 2128 quarret

2114 2150 2389 2221 Splendida
2417 2150 2662 2204 aedilicia.
2696 2150 2826 2217 Quis
2855 2150 3368 2219 enim,dic,qu:eso,
3397 2152 3495 2203 etsi
3534 2150 3692 2205 valde

2115 2245 2421 2313 opulentus,
2455 2259 2549 2297 sua
2591 2252 2781 2313 sponte
2817 2244 2960 2298 volet
2983 2244 3033 2298 in
3084 2245 3273 2312 fossato
3294 2245 3433 2314 quod
3462 2245 3691 2311 dicitur,

2116 2337 2396 2407 praeclaras
2423 2336 2611 2391 domos
2636 2336 2941 2391 aediﬁcare?
2971 2336 3137 2390 Nemo
3171 2354 3183 2389 :
3210 2347 3349 2391 esset
3389 2339 3530 2393 enim
3568 2338 3673 2392 ridi

2112 2432 2283 2495 culus,
2328 2439 2383 2485 et
2420 2429 2709 2484 aediﬁcaret
2757 2429 3007 2494 inimicis,
3038 2439 3091 2482 et
3118 2430 3260 2498 ipsos
3290 2431 3601 2484 attralteret.
3636 2434 3691 2485 Si

2114 2524 2403 2591 sapiamus,
2434 2520 2662 2590 idipsum
2697 2520 2971 2574 faciemus.
3001 2522 3045 2574 A
3073 2521 3259 2575 militia
3291 2531 3345 2575 et
3384 2522 3581 2576 lossato
3611 2523 3694 2576 ni-

2115 2613 2186 2666 hil
2218 2612 2395 2666 diliert
2426 2612 2529 2665 vita
2576 2626 2832 2682 praesens.
2866 2612 3063 2678 Quare,
3093 2627 3246 2681 rogo,
3273 2614 3452 2666 omnia
3476 2629 3693 2684 agamus

2112 2715 2169 2759 ut
2199 2704 2331 2758 nihil
2359 2703 2443 2757 hic
2472 2702 2894 2757 thesaurizemus
2922 2720 2935 2755 :
2969 2718 3090 2757 nam
3130 2704 3173 2758 si
3199 2705 3403 2759 venerit
3429 2706 3517 2774 qui
3549 2705 3697 2759 fura-

2113 2804 2233 2861 tur,
2278 2795 2387 2850 cilo
2432 2794 2833 2864 emigrabimus.
2898 2794 3147 2866 l’igilate,
3198 2796 3403 2865 inquit,
3456 2798 3696 2867 quoniam

2113 2887 2314 2941 nescitis
2356 2902 2456 2957 qua
2506 2886 2633 2939 hora
2686 2888 2770 2957 fur
2807 2887 2969 2939 veniat
3017 2885 3158 2959 (1d.
3198 2885 3289 2941 24.
3333 2888 3402 2941 45
3446 2886 3500 2951 ),
3556 2903 3699 2940 mor-

2112 2984 2238 3033 tem'
2270 2979 2347 3032 sic
2393 2992 2611 3030 vocans.
2674 2976 2989 3046 Priusquam
3036 2992 3163 3046 ergo
3208 2978 3454 3041 venerit,
3507 2979 3687 3032 omnia

2112 3068 2456 3123 amandemus
2505 3068 2558 3121 in
2608 3068 2833 3137 patriam
2880 3076 3141 3121 nostram.
3174 3067 3270 3122 llic
3306 3079 3483 3122 autem
3528 3069 3699 3123 simus

2113 3161 2372 3225 accincti,
2416 3169 2475 3214 ut
2519 3161 2786 3229 possimus
2835 3174 3092 3228 superare
3144 3160 3389 3213 inimicos
3439 3177 3452 3213 :
3502 3160 3698 3229 quibus

2112 3253 2370 3316 devictis,
2426 3252 2628 3306 utinam
2697 3250 2749 3304 in
2800 3249 2888 3304 die
2935 3265 3255 3303 coronarum
3311 3249 3699 3322 incorruptibili

2113 3346 2284 3417 gloria
2316 3345 2629 3414 dignemur,
2678 3357 2773 3412 per
2802 3343 3026 3413 gratiam
3072 3352 3129 3397 et
3171 3343 3547 3413 benignitatem
3598 3344 3700 3397 Do-

2115 3438 2245 3492 miui
2277 3438 2444 3492 nostri
2465 3435 2593 3491 Jesu
2636 3434 2873 3501 Christi,
2919 3434 3005 3489 cui
3044 3449 3168 3489 cum
3211 3431 3371 3490 Patre
3407 3445 3462 3491 et
3502 3436 3700 3506 Spiritu

2116 3541 2322 3596 sancto,
2366 3537 2471 3584 etc.

1771 3740 2119 3801 HOMILIA
2167 3741 2401 3802 XXIV.

430 3882 559 3936 Car.
593 3882 647 3936 6.
672 3896 726 3934 γ.
759 3880 844 3933 ill.
884 3879 1029 3934 State
1066 3895 1183 3949 ergo
1226 3879 1463 3933 succincti
1504 3879 1700 3934 lumbos
1739 3893 1928 3935 vestros
1958 3881 2014 3935 in

506 3975 732 4038 ueritate,
763 3982 808 4025 et
830 3972 995 4023 induti
1018 3972 1174 4025 lorica
1191 3971 1425 4041 justitiaz,
1455 3972 1542 4026 15.
1568 3982 1611 4026 et
1634 3972 1843 4025 calceati
1868 3971 2017 4041 pedes

508 4066 561 4118 in
609 4064 1033 4132 prtepmvrtionem
1082 4062 1324 4131 evangelii
1373 4063 1530 4131 pacis,
1562 4062 1648 4117 16.
1696 4062 1749 4115 in
1791 4062 2020 4118 omnibus

512 4164 760 4211 umentes
792 4162 987 4205 scutum
1015 4152 1154 4220 ﬁdei,
1174 4152 1227 4205 in
1252 4167 1350 4222 quo
1381 4152 1580 4221 possitis
1610 4153 1781 4205 omnia
1802 4152 1901 4205 tela
1929 4167 2019 4206 ne-

508 4249 734 4311 quissimi
764 4248 909 4317 ignea
940 4246 1272 4315 exstinguere,
1307 4245 1395 4299 17.
1428 4254 1474 4298 et
1500 4245 1695 4315 galeam
1733 4245 1911 4299 salutis
1936 4261 2020 4299 as-

510 4340 711 4400 sumite,
747 4348 794 4391 et
822 4332 1051 4407 gladium
1078 4336 1310 4406 spiritus,
1343 4337 1477 4405 quod
1508 4347 1577 4389 est
1599 4337 1801 4391 verbum
1828 4334 1947 4391 Dei.

514 4434 568 4483 1.
602 4430 879 4494 Succincti,
910 4428 1101 4498 inquit,
1126 4428 1318 4482 lumbos
1339 4438 1525 4481 vestros
1546 4428 1597 4481 in
1620 4428 2024 4497 veritate.Quid-

441 4537 567 4577 nam
607 4520 742 4575 hoc?
784 4520 986 4573 Dictum
1018 4527 1099 4572 est
1130 4519 1180 4572 in
1222 4533 1282 4572 ea
1323 4534 1442 4587 qua:
1472 4518 1746 4588 prmcessit
1787 4519 2025 4589 disputa-

443 4615 613 4678 tione,
644 4611 783 4681 quod
811 4618 1054 4680 oporteat
1072 4625 1191 4665 esse
1219 4611 1543 4679 compositos
1569 4620 1621 4665 et
1645 4610 1944 4678 expeditos,
1968 4620 2027 4668 ut

446 4703 515 4758 ad
542 4702 860 4757 currendum
891 4702 1019 4756 nihil
1038 4701 1510 4771 sitimpedimenti.
1538 4701 1603 4755 Et
1622 4703 1805 4769 induti,
1832 4703 2023 4774 inquit,

447 4795 605 4848 lorica
622 4793 853 4858 justitiaz.
877 4794 1024 4847 Sicut
1048 4792 1210 4846 lorica
1233 4802 1314 4847 est
1332 4793 1746 4857 invulnerabilis,
1774 4794 1843 4849 ita
1865 4796 2025 4850 etiam

444 4884 671 4955 justitia.
699 4882 965 4938 Justitiam
993 4893 1171 4939 autem
1203 4883 1290 4938 hic
1316 4884 1639 4940 dicitvitam
1665 4887 2028 4943 omnimodam

450 4986 647 5044 et-quze
674 4975 846 5044 agitur
870 4989 936 5028 ex
961 4974 1176 5029 virtute.
1206 4974 1341 5029 Eum
1362 4975 1453 5045 qui
1481 4986 1563 5030 est
1588 4976 1706 5031 talis
1737 4993 1893 5031 nemo
1915 4993 2030 5032 um-

449 5084 609 5139 quam
664 5067 859 5137 poterit
906 5076 1282 5136 prosternere;
1339 5067 1432 5123 sed
1484 5068 1767 5123 vulnerant
1816 5068 2029 5139 quidem

451 5160 624 5224 multi,
658 5174 813 5213 nemo
834 5169 1012 5211 autem
1036 5158 1286 5224 dissecat,
1318 5174 1421 5213 non
1445 5158 1557 5228 ipse
1583 5158 1843 5212 diabolus.
1868 5160 2031 5224 Quasi

447 5251 621 5317 dicas,
652 5250 758 5304 Res
780 5248 952 5319 justas
974 5259 1195 5317 pectore
1217 5250 1503 5317 complexi.
1528 5249 1600 5303 De
1626 5250 1707 5303 his
1729 5250 1855 5304 dicit
1879 5251 2033 5306 Chri-

455 5352 591 5406 stus,
625 5339 767 5394 Beati
809 5340 893 5409 qui
939 5341 1165 5392 esuriunt
1192 5348 1239 5393 et
1278 5340 1453 5393 sitiunt
1482 5342 1766 5411 justitiam,
1794 5343 2033 5411 quoniam

457 5434 559 5503 ipsi
611 5432 974 5487 satttrabuutur
992 5431 1227 5502 (Matth.
1268 5432 1321 5488 5.
1352 5432 1443 5501 6).
1482 5432 1583 5499 Qui
1627 5433 1768 5487 illam
1818 5448 2035 5504 pectore

458 5526 852 5593 complectitur,
904 5533 987 5579 est
1016 5524 1183 5577 tortis
1230 5531 1502 5593 tamquam
1550 5524 1712 5578 lorica
1757 5542 1769 5578 :
1819 5526 1909 5595 qui
1953 5534 2036 5581 est

454 5615 735 5683 ejusmodi,
770 5630 1058 5683 numquam
1092 5616 1371 5669 irascetur.
1402 5615 1622 5669 Calceati
1644 5617 1793 5684 pedes
1823 5618 1876 5670 in
1903 5634 2035 5685 pra:-

434 5706 763 5777 ‘parationem
783 5706 1030 5778 evangelii
1049 5706 1207 5776 pacis.
1226 5706 1343 5764 Hoc
1369 5708 1563 5763 dictum
1592 5719 1668 5763 est
1703 5709 1873 5763 minus
1902 5708 2037 5764 dilu-

2117 3882 2256 3937 cide.
2289 3882 2428 3950 Quid
2458 3898 2585 3953 ergo
2615 3884 2739 3939 est?
2769 3884 3000 3940 Pulchra
3031 3885 3184 3940 nobis
3227 3885 3477 3955 imposuit
3506 3884 3703 3941 tibialia

2122 3988 2217 4026 seu
2248 3987 2435 4027 ocreas
2456 4014 2471 4039 ,
2503 3974 2762 4044 evangelii
2808 3977 3273 4044 praeparationem.
3314 3978 3419 4030 Aut
3450 3978 3550 4031 hoc
3576 3993 3705 4048 ergo

2122 4062 2273 4126 dicit,
2299 4073 2358 4118 ut
2386 4064 2493 4117 sint
2524 4065 2691 4133 parati
2720 4065 2784 4119 ad
2813 4066 3167 4136 evangelium,
3198 4079 3251 4122 et
3276 4067 3343 4123 ad
3367 4068 3466 4123 hoc
3494 4079 3707 4125 utantur

2128 4153 2383 4221 pedibus,
2416 4163 2472 4208 et
2501 4157 2548 4209 ei
2586 4156 2725 4209 viam
2756 4167 3058 4227 prmparent
3099 4167 3155 4212 et
3196 4160 3467 4225 muniant;
3499 4170 3620 4226 aut,
3658 4160 3707 4216 si

2127 4244 2228 4299 hoc
2255 4261 2358 4298 non
2391 4247 2480 4311 sit,
2505 4258 2562 4301 ut
2586 4247 2684 4315 ipsi
2716 4249 2825 4302 sint
2846 4255 3011 4318 parati
3036 4249 3100 4303 ad
3129 4251 3349 4311 exitum.
3384 4251 3709 4321 Praeparatio

2126 4350 2255 4405 ergo
2280 4338 2535 4406 evangelii
2567 4338 2697 4392 nihil
2723 4338 2865 4392 aliud
2895 4350 3009 4403 est,
3042 4340 3140 4393 nisi
3171 4351 3275 4394 vita
3307 4343 3526 4411 optima.
3554 4343 3707 4410 Quod

2127 4426 2341 4497 quidem
2369 4427 2577 4483 dicebat
2616 4428 2874 4498 propheta
2894 4470 2909 4491 ,
2962 4429 3397 4499 Prwparationem
3439 4434 3605 4487 cordis
3631 4435 3710 4487 sui

2128 4520 2341 4573 attendit
2368 4521 2506 4572 auris
2536 4529 2623 4573 tua
2650 4519 2820 4592 (Psal.
2852 4521 2939 4577 10.
2969 4523 3056 4577 i7.
3081 4539 3181 4577 sec.
3218 4522 3423 4596 Hebr.).
3455 4524 3567 4580 lloc
3591 4535 3708 4593 est,

2131 4621 2190 4666 ut
2214 4627 2308 4667 cor
2334 4613 2403 4666 sit
2440 4622 2681 4683 paratum
2709 4623 2763 4668 et
2804 4614 3143 4669 instructum.
3175 4614 3468 4686 Evangelii,
3503 4617 3705 4686 inquit.

2134 4703 2293 4772 pacis.
2326 4701 2514 4757 Merito
2548 4703 2600 4757 id
2639 4702 2774 4758 dixit
2803 4721 2818 4759 :
2850 4720 2972 4758 nam
3007 4705 3257 4773 quoniam
3288 4706 3412 4760 belli
3439 4717 3493 4761 et
3522 4722 3712 4777 pugna:

2133 4794 2404 4859 meminit,
2432 4794 2664 4849 ostendit
2692 4809 2812 4849 esse
2852 4796 3195 4866 pugnandum
3222 4795 3481 4851 adversus
3508 4797 3711 4851 daemo-

2134 4900 2230 4941 nes
2262 4903 2273 4939 :
2304 4887 2637 4957 evangelium
2667 4886 2812 4941 enim
2854 4896 2938 4941 est
2965 4888 3127 4956 pacis.
3159 4886 3293 4941 Illud
3332 4888 3527 4942 bellum
3570 4888 3711 4943 aliud

2134 4976 2333 5032 bellum
2381 4977 2660 5043 dissolvit,
2711 4975 2903 5047 nempe
2950 4978 3207 5033 adversus
3249 4980 3461 5033 Deum:
3503 4980 3547 5034 si
3591 4996 3711 5035 cum

2135 5067 2347 5122 diabolo
2375 5067 2573 5121 bellum
2603 5068 2865 5138 gerimus,
2905 5083 3088 5138 pacem
3123 5084 3244 5123 cum
3280 5070 3388 5124 Deo
3432 5069 3710 5125 habemus.

2136 5160 2213 5216 Ne
2241 5160 2428 5214 timeas
2469 5174 2625 5229 ergo.
2668 5176 2700 5214 ο
2743 5161 2974 5227 dilecte,
3006 5169 3091 5215 est
3128 5163 3499 5231 evangelium,
3545 5162 3716 5217 bonus

2138 5266 2329 5320 nempe
2372 5254 2587 5304 nuntius
2620 5268 2633 5303 :
2662 5250 2769 5319 jam
2803 5261 2949 5321 parta
2995 5260 3077 5306 est
3115 5252 3358 5306 victoria.
3391 5251 3458 5306 In
3487 5252 3716 5317 omnibus

2138 5352 2385 5395 sumentes
2408 5352 2603 5395 scutum
2630 5343 2767 5410 ﬁdei.
2796 5342 2976 5397 Fidem
3010 5343 3095 5396 hic
3121 5342 3245 5397 dicit
3266 5383 3282 5405 ,
3315 5358 3420 5396 non
3450 5344 3713 5413 cognitio-

2139 5449 2295 5498 nem;
2328 5449 2437 5487 non
2458 5434 2598 5487 enim
2625 5447 2741 5487 eam
2767 5435 3033 5502 posuisset
3063 5435 3447 5502 posteriorem;
3478 5434 3571 5489 sed
3596 5450 3717 5505 gra-

2140 5524 2266 5579 tiam
2301 5539 2397 5593 per
2423 5538 2581 5593 quam
2612 5524 2761 5593 signa
2794 5523 2949 5580 liunt.
2981 5524 3171 5579 Merito
3198 5532 3375 5580 autem
3418 5523 3575 5580 ﬁdem
3616 5541 3714 5580 no-

2142 5617 2308 5670 minat
2331 5624 2542 5670 scutum
2569 5632 2583 5669 :
2612 5614 2751 5670 sicut
2777 5616 2920 5671 enim
2949 5625 3156 5671 scutum
3181 5625 3307 5672 ante
3332 5626 3498 5672 totum
3523 5632 3717 5687 corpus

2142 5710 2352 5777 ponitur
2382 5706 2544 5763 veluti
2572 5708 3024 5780 propugnaculum
3046 5745 3063 5777 ,
3090 5709 3242 5781 quasi
3271 5707 3341 5765 sit
3382 5724 3565 5765 murus
3598 5727 3610 5763 :
3645 5710 3716 5766 ita
