4096 6388
443 432 543 485 167

438 541 621 612 θιυμεν
642 543 823 611 ἡμεῖς.
846 541 970 603 Πῶς
994 540 1187 594 ἔπεσον
1202 544 1401 595 ἐκεῖνοι
1430 542 1661 605 πάντες;
1700 539 2013 604 Ἐξουθένηι-

439 648 539 682 σαν
567 629 664 700 τὴν
696 633 799 700 γῆν
821 630 921 700 τὴν
941 630 1309 699 ἐπιθυμητήν.
1346 630 1468 693 Πῶς
1497 628 1882 699 ἐξουθένησανς
1914 629 2011 679 καὶ

440 718 547 787 μὴν
595 716 921 787 ἐθαύμαζον.
956 716 1045 784 Τῷ
1089 717 1510 787 μαλακισθῆναι,
1538 716 1632 768 καὶ
1666 716 1740 785 μὴ
1785 715 2009 784 θελῆσαι

437 804 629 867 πόνους
686 804 828 874 ὑπὲρ
883 805 1055 874 αὐτῆς
1105 802 1484 867 ἀναδέξασθαι.
1524 802 1616 873 Μὴ
1647 802 1824 855 τοίνυν
1850 802 2011 870 ἡμεῖς

436 889 878 960 ἐξουθενήσωμεν
895 891 985 943 τὸν
1014 890 1239 960 οὐρανόν
1256 907 1269 921 ·
1294 889 1451 943 τοῦτο
1473 889 1813 958 ἐξουθένησίς
1840 890 2007 939 ἐστιν.

438 978 587 1050 [178]
615 980 840 1050 Ἦνέχθη
864 979 958 1032 καὶ
978 980 1105 1050 παρ’
1128 980 1261 1048 ἡμῖν
1286 978 1495 1049 καρπὸς
1512 976 1726 1031 ἀπὸτοῦ
1755 976 2007 1046 οὐρανοῦ,

434 1068 534 1120 οὐκ
548 1071 604 1122 ὲν
616 1068 921 1139 άμφορεῦσι
937 1069 1338 1139 βασταζόμενος
1352 1067 1563 1139 βότρυς,
1582 1066 1696 1119 ἀλλ’
1712 1068 1738 1119 ὁ
1749 1065 2007 1138 ἀρραϐὼν

433 1157 528 1210 106
567 1157 706 1210 Πνεύ
716 1175 904 1228 ματος,
945 1158 1006 1211 τὸ
1037 1157 1337 1225 πολίτευμα
1364 1156 1426 1209 τὸ
1452 1158 1509 1208 ἐν
1534 1157 1648 1217 τοῖς
1675 1154 1941 1225 οὐρανοῖς,
1978 1153 2007 1205 ὃ

434 1244 643 1307 Παῦλος
682 1244 989 1307 ἐπαίδευσε,
1034 1244 1062 1297 ὃ
1099 1245 1207 1307 πᾶς
1250 1243 1360 1297 τῶν
1409 1242 1723 1297 ἀποστόλων
1750 1242 1927 1311 χορὸς,
1956 1243 2005 1294 οί

434 1331 724 1401 θαυμάσιοι
765 1333 1022 1403 γεωργοί.
1068 1333 1141 1386 06
1191 1331 1381 1403 Χάληὸ
1423 1331 1569 1384 6106
1609 1332 1839 1399 Ἰειρονῆ,
1883 1329 2005 1382 οὐδέ

446 1418 649 1489 Ἰησοῦς
668 1421 696 1471 6
711 1418 804 1472 106
822 1419 975 1488 Ναυῆ
996 1420 1120 1482 τοὺς
1136 1420 1383 1486 καρποὺς
1399 1419 1598 1489 ἤνεγκε
1617 1417 1858 1479 τούτους.
1890 1415 2005 1470 ἀλλ’

429 1507 459 1558 6
499 1505 703 1575 Ἰησοῦς
730 1509 758 1561 6
793 1507 886 1559 106
928 1506 1140 1577 Πατρὸς
1166 1506 1276 1558 τῶν
1311 1504 1632 1576 οἰκτιρμῶν,
1656 1507 1685 1559 6
1709 1505 1803 1558 106
1836 1504 2003 1569 ὅντως

429 1594 564 1648 Θεοῦ
589 1594 737 1657 Υἱὸς,
786 1594 984 1665 ἤνεγκε
1019 1595 1199 1647 πᾶσαν
1230 1592 1326 1663 τὴν
1361 1592 1582 1664 ἀρετὴν,
1622 1593 1830 1653 πάντας
1876 1592 2003 1653 τοὺς

428 1680 647 1733 ἐκεῖθεν
667 1682 910 1751 καρποὺς
936 1681 1063 1750 ἡμῖν
1096 1681 1449 1747 κατήνεγκεν,
1478 1681 1600 1742 τοὺς
1632 1677 1830 1749 ὕμνους
1857 1678 2002 1745 λέγω

426 1769 553 1830 τοὺς
590 1769 961 1838 ἐπουρανίους.
999 1768 1067 1819 Ἃ
1110 1765 1217 1836 γὰρ
1262 1765 1328 1818 τὰ
1374 1767 1653 1836 Χερουϐὶμ
1691 1766 1802 1818 ἄνω
1829 1765 1996 1833 λέγει,

427 1854 600 1908 ταῦτα
643 1856 737 1908 καὶ
791 1854 924 1925 ἡμῖν
972 1852 1274 1924 προσέταξε
1312 1851 1516 1920 λέγειν,
1562 1852 1786 1921 Ἄγιος,
1815 1851 1999 1919 ἅγιος,

427 1942 614 2011 ἅγιος.
644 1943 909 2009 ’Πνεγκεν
929 1942 1058 2011 ἡμῖν
1081 1940 1190 1993 τῶν
1211 1940 1458 2007 ἀγγέλων
1479 1937 1576 2009 τὴν
1603 1938 1873 1990 πολιτείαν
1892 1954 1903 1966 ·
1924 1938 1998 1989 Οὐ

428 2029 719 2099 γαμοῦσιν,
747 2027 868 2082 οὐδὲ
901 2027 1227 2098 γαμίζονται
1256 2029 1304 2081 οί
1330 2026 1550 2095 ἄγγελοι
1576 2042 1589 2055 ·
1616 2025 1771 2079 τοῦτο
1796 2026 1890 2079 καὶ
1912 2026 1999 2077 ἐν·-

425 2117 597 2171 ταῦθα
620 2118 882 2187 ἐφύτευσε
902 2117 965 2169 16
985 2116 1147 2170 καλόν
1168 2132 1184 2147 ·
1206 2116 1503 2187 χρημάτων
1519 2115 1619 2167 οὐκ
1640 2113 1858 2184 ἐρῶσιν,
1879 2114 1999 2166 οὐδὲ

423 2204 532 2258 τῶν
550 2204 723 2259 ἄλλων
741 2206 937 2257 ἐκεῖνοι
957 2220 971 2234 ·
996 2204 1091 2257 καὶ
1109 2203 1267 2256 τοῦτο
1285 2204 1415 2272 ἡμῖν
1431 2202 1854 2271 ἐγκατέσπειρεν
1870 2216 1881 2227 ·
1900 2201 1999 2253 οὐκ

425 2292 859 2364 ἀποθνήσκουσιν
903 2292 1133 2344 ἐκεῖνοι·
1159 2288 1317 2342 10610
1365 2289 1459 2342 καὶ
1507 2290 1638 2359 ἡμῖν
1673 2289 1993 2360 ἐχαρίσατο·

424 2381 605 2434 ούκέτι
651 2381 759 2451 γὰρ
797 2379 1023 2437 θάνατος
1069 2380 1098 2431 ό
1137 2377 1385 2442 θάνατος,
1422 2377 1536 2431 ἀλλ’
1573 2376 1758 2440 ὕπνος.
1800 2379 1999 2431 ’Ἄκουε

423 2468 532 2541 γὰρ
548 2469 710 2522 αὐτοῦ
732 2468 979 2536 λέγοντος
996 2484 1010 2497 ·
1030 2466 1297 2534 Λάζαρος
1314 2470 1345 2520 ό
1365 2467 1544 2535 φίλος
1554 2464 1722 2535 ἡμῶν
1731 2468 1998 2535 κεκοίμη-

422 2573 537 2611 ται.
570 2551 723 2619 Εἶδες
751 2557 876 2619 τοὺς
904 2555 1151 2624 καρποὺς
1191 2555 1288 2625 τῆς
1320 2555 1432 2609 ἄνω
1471 2552 1850 2625 Ίερουσαλὴμς
1885 2555 1998 2608 Καὶ

419 2644 480 2696 16
508 2644 572 2715 δὴ
625 2643 1081 2714 θαυμαστότερον,
1124 2643 1206 2695 ὅτι
1248 2640 1402 2702 οὔπω
1441 2641 1469 2693 6
1502 2641 1735 2711 πόλεμος
1780 2640 1993 2710 ἐκρίθη.

418 2730 554 2784 ἀλλὰ
584 2732 691 2802 πρὸ
719 2732 816 2799 τῆς
840 2727 1168 2796 ἐπαγγελίας
1198 2729 1376 2783 πάντα
1402 2728 1575 2782 ταῦτα
1606 2730 1737 2799 ἡμῖν
1759 2727 1996 2798 δεδώρησ-

416 2835 527 2871 ται.
567 2819 793 2872 Ἐκεῖνοι
827 2818 926 2887 μὲν
948 2817 1054 2885 γάρ
1076 2817 1169 2870 καὶ
1190 2817 1269 2879 είς
1296 2817 1395 2887 τὴν
1424 2817 1526 2887 γῆν
1543 2817 1639 2886 τῆς
1664 2815 1993 2884 ἐπαγγελίας

415 2906 692 2968 ἐλθόντες,
745 2907 968 2959 ἐπόνουν
998 2923 1011 2936 ·
1050 2904 1249 2977 μᾶλλον
1282 2904 1338 2957 δὲ
1375 2905 1476 2957 οὐκ
1514 2904 1741 2957 ἐπόνουν
1765 2921 1779 2934 ·
1808 2904 1857 2955 εί
1885 2902 1993 2973 γὰρ

415 2992 698 3047 ἐϐούλοντο
724 2993 1004 3047 πείθεσθαι
1030 2994 1109 3065 τῷ
1132 2992 1270 3063 Θεῷ,
1298 2992 1467 3064 χωρὶς
1495 2991 1676 3045 ὅπλων
1696 2991 1791 3044 καὶ
1810 3009 1989 3061 παρα-

414 3081 621 3147 τάξεως
649 3081 828 3144 πάσας
853 3080 920 3134 ἂν
944 3075 1089 3135 εἷλον
1117 3081 1216 3144 τὰς
1236 3080 1421 3143 πόλεις
1443 3096 1457 3110 ·
1481 3078 1579 3151 τὴν
1597 3079 1727 3149 γοῦν
1759 3077 1989 3151 ⁸1εριχὼ,

414 3169 748 3240 χορευόντων
772 3169 970 3240 μᾶλλον
998 3169 1032 3239 ἢ
1055 3167 1435 3238 πολεμούντων
1459 3169 1520 3221 16
1540 3170 1725 3238 σχῆμα
1752 3166 1987 3237 ἔχοντες,

411 3255 813 3325 ἐτροπώσαντο.
844 3257 1034 3326 Ἡμεῖς
1062 3256 1120 3309 δὲ
1138 3256 1199 3308 06
1221 3254 1565 3325 πολεμοῦμεν
1584 3254 1720 3324 μετὰ
1741 3256 1800 3308 16
1819 3255 1990 3307 εἰσελ-

414 3342 528 3396 θεῖν
555 3348 635 3407 είς
648 3344 749 3415 τὴν
768 3344 873 3413 γῆν
899 3342 1252 3413 ἐπαγγελίας,
1276 3342 1574 3406 τουτέστιν,
1604 3342 1684 3405 είς
1700 3342 1793 3394 τὸν
1825 3341 1988 3412 ούρα-

411 3432 522 3495 νδν,
556 3432 666 3485 ἀλλ’
691 3433 795 3495 ἓως
822 3432 889 3484 ἂν
908 3424 1058 3501 ὦμεν
1087 3431 1143 3483 ἐν
1163 3432 1229 3500 τῇ
1255 3430 1470 3499 ἐρήμῳ,
1501 3428 1798 3493 τουτέστιν,
1829 3430 1884 3481 ἐν
1909 3428 1987 3499 τῷ

416 3523 641 3591 παρόντι
678 3519 797 3590 βίῳ.
839 3519 900 3572 '0
915 3520 1024 3589 γὰρ
1042 3518 1332 3572 εἰσελθὼν
1354 3521 1441 3583 είς
1468 3517 1582 3585 τὴν
1606 3517 1987 3571 κατάπαυσιν

413 3609 623 3670 αὐτοῦ,
657 3611 1041 3662 κατέπαυσεν
1058 3609 1176 3663 ἀπὸ
1205 3607 1326 3661 τῶν
1346 3608 1535 3677 ἔργων
1553 3609 1760 3674 αὐτοῦ,
1782 3609 1985 3677 ὥσπερ

412 3696 531 3751 ἀπὸ
573 3695 692 3748 τῶν
725 3696 890 3749 ἰδίων
922 3699 957 3750 ό
996 3696 1157 3762 Θεός.
1192 3695 1287 3762 Μὴ
1338 3695 1547 3749 τοίνυν
1591 3696 1985 3765 άποκάμωμεν

412 3785 481 3837 τὸ
519 3784 712 3837 καλὸν
749 3783 1063 3849 ποιοῦντες
1086 3798 1103 3814 ο
1134 3780 1313 3854 καιρῷ
1362 3782 1462 3853 γὰρ
1511 3782 1626 3853 ίδίῳ
1674 3782 1981 3854 θερίσομεν,

1256 429 1324 485 IN
1362 428 1580 485 EPIST.
1619 430 1711 484 AD
1749 403 1989 483 'Epmas.
2029 426 2179 481 CAP.
2221 426 2304 481 Vl.
2340 426 2570 482 HOMIL.
2613 425 2801 483 χχιιι.

3579 430 3680 482 168

2118 537 2191 608 μὴ
2222 538 2557 610 ἐκλυόμενοι.
2586 539 2749 611 Ὁρᾷς
2773 538 2891 604 πῶς
2917 541 3165 612 καθάπερ
3196 538 3437 604 ἐκείνους
3458 541 3686 610 ἤγαγεν,

2111 626 2251 678 οὕτω
2275 630 2367 681 καὶ
2385 630 2534 698 ἡμᾶς
2553 645 2568 693 ;
2610 629 2757 683 Ἐκεῖ
2786 630 2879 681 ἐπὶ
2902 627 2997 681 τοῦ
3016 629 3190 698 μάννα
3209 631 3303 681 καὶ
3325 629 3424 692 τῆς
3451 630 3684 699 ἐρήμου,

2112 708 2295 785 φησίν,
2325 718 2377 769 ’0
2392 719 2460 771 τὸ
2479 718 2657 783 πολὺ,
2681 720 2792 772 οὐκ
2815 719 3173 773 ἐπλεόνασε·
3200 719 3295 771 καὶ
3320 721 3352 772 ό
3367 718 3431 770 τὸ
3453 718 3683 786 ὀλίγον,

2110 806 2220 857 οὐκ
2248 807 2653 874 ηλιιττόνησει
2686 808 2798 861 Καὶ
2823 809 2987 877 ἡμεῖς
3012 806 3172 859 τοῦτο
3205 805 3683 877 προστετάγμεθα,

2112 892 2186 961 μὴ
2222 892 2574 964 θησαυρίζειν
2612 895 2706 947 ἐπὶ
2736 898 2835 965 τῆς
2867 895 2992 963 γῆς.

2181 981 2280 1034 Ἂν
2313 981 2371 1033 δὲ
2407 981 2844 1052 θησαυρίζωμεν,
2872 981 3075 1054 ⁴οὐκέτι
3116 980 3331 1048 σκώληξ
3360 981 3388 1032 ὁ
3428 980 3685 1052 αἰσθητὸς

2105 1066 2448 1137 λυμαίνεται,
2476 1070 2729 1141 καθάπερ
2766 1070 2857 1123 ἐπὶ¹
2879 1070 2974 1123 106
3016 1069 3214 1140 μάννα,
3246 1069 3359 1120 ἀλλ’
3387 1071 3414 1121 6
3445 1068 3522 1138 τῷ
3549 1069 3686 1140 πυρὶ

2108 1156 2548 1221 συνδιαιωνίζων.
2589 1158 2775 1211 Πάντα
2816 1153 2911 1211 οὖν
2964 1154 3454 1225 κατεργασώμεθα,
3487 1146 3575 1209 ἵνα
3608 1155 3684 1226 μὴ

2102 1243 2181 1314 τῷ
2208 1242 2446 1313 σκώληκι
2472 1244 2677 1314 τροφὴν
2706 1245 3112 1314 εύτρεπίσωμεν
3132 1260 3145 1273 ·
3190 1245 3241 1295 '0
3272 1244 3335 1296 τὸ
3369 1242 3526 1296 πολὺ
3551 1244 3682 1313 γὰρ,

2104 1332 2289 1401 φησιν,
2315 1334 2425 1385 οὐκ
2458 1331 2815 1385 ἐπλεόνασε.
2850 1332 2957 1383 Καὶ
2979 1331 3136 1383 τοῦτο
3165 1328 3273 1401 γάρ
3314 1332 3408 1383 καὶ
3442 1331 3525 1398 ἐφ’
3550 1332 3683 1400 ἡμῖν

2102 1419 2306 1486 γίνεται
2357 1421 2441 1488 ἐφ’
2487 1419 2725 1489 ἑκάστης
2760 1435 2773 1449 ·
2799 1419 2998 1481 πάντες
3039 1416 3147 1488 γάρ
3192 1416 3255 1470 τὸ
3312 1408 3445 1471 αὐτὸ
3484 1418 3683 1487 μέτρον

2103 1506 2419 1577 πληροῦμεν
2448 1508 2546 1576 τῆς
2580 1506 2816 1579 γαστρός
2845 1524 2860 1538 ·
2891 1506 2953 1559 τὸ
2985 1505 3043 1559 δὲ
3082 1504 3358 1576 περιττὸν,
3392 1503 3680 1576 προσθήκη

2101 1595 2396 1664 φροντίδων
2430 1596 2673 1666 ἀνοήτων
2704 1594 2871 1647 ἐστίν.
2917 1594 3096 1665 Ὅπερ
3149 1592 3258 1665 γὰρ
3300 1590 3493 1661 ἔμελλε
3543 1593 3683 1662 μετὰ

2101 1680 2272 1735 ταῦτα
2319 1683 2690 1753 παραδιδόναι,
2742 1682 2937 1751 λέγων,
2982 1680 3252 1749 Ἆρκετόν
3296 1679 3371 1748 τῇ
3411 1679 3603 1748 ἡμέρᾳ
3641 1681 3680 1748 ἠ

2107 1770 2283 1822 κακία
2322 1770 2535 1838 αὐτῆς,
2571 1770 2729 1824 τοῦτο
2756 1770 2961 1824 ἄνωθεν
2981 1769 3083 1839 ήδη
3108 1767 3414 1825 ἐπαίδευσε.
3436 1768 3531 1820 καὶ
3558 1767 3682 1819 ούδέ

2104 1858 2274 1923 οὕτως
2300 1860 2572 1927 ἐδέξαντο.
2609 1859 2747 1913 Ἀλλ’
2778 1861 2940 1929 ἡμεῖς
2984 1858 3059 1928 μὴ
3099 1857 3364 1926 ἄπληστοι
3393 1850 3563 1924 ὦμεν,
3603 1855 3679 1925 μὴ

2102 1947 2437 2016 ἀγνώμονες,
2475 1947 2549 2018 μὴ
2583 1948 2758 2010 οἰκίας
2810 1946 3063 2016 ζητῶμεν
3098 1943 3359 2014 λαμπράς
3384 1960 3398 1974 ·
3420 1941 3680 2011 όδεύομεν

2101 2034 2230 2104 γάρ,
2275 2035 2374 2087 οὐκ
2404 2033 2683 2105 οἰκοῦμεν.
2729 2034 2891 2087 Ὥστε
2921 2032 2973 2085 εἴ
3003 2050 3087 2094 τις
3120 2028 3259 2085 οἶδεν
3302 2032 3384 2084 ὅτι
3425 2033 3454 2084 6
3487 2028 3679 2100 παρὼν

2102 2122 2214 2193 βίος
2236 2124 2353 2186 ὁδός
2372 2122 2454 2186 τίς
2492 2124 2607 2175 ἐστι
2637 2123 2734 2175 καὶ
2760 2120 3042 2193 στρατεία,
3074 2120 3169 2172 καὶ
3204 2120 3279 2182 ώς
3305 2117 3372 2171 ἂν
3411 2118 3554 2170 εἴποι
3594 2133 3680 2180 τις

2099 2213 2158 2265 16
2178 2213 2466 2282 λεγόμενον
2487 2213 2615 2282 παρ’
2633 2212 2817 2275 αὐτοῖς
2838 2209 3184 2279 φωσσάτον,
3207 2208 3267 2261 06
3288 2207 3516 2277 ζητήσει
3530 2207 3679 2259 οἰκο-

2097 2300 2268 2371 δομάς
2293 2299 2570 2371 λαμπράς.
2629 2300 2727 2362 Τίς
2760 2299 2888 2370 γὰρ,
2925 2297 3047 2351 εἰπέ
3082 2314 3194 2366 μοι,
3227 2296 3332 2349 κᾶν
3363 2293 3676 2364 096690156-

2098 2405 2262 2460 πορος
2282 2386 2338 2462 ᾖ,
2362 2390 2647 2459 αἱρήσεται
2670 2389 2763 2440 ἐπὶ
2779 2387 2874 2439 106
2891 2385 3185 2456 λεγομένου
3196 2383 3679 2454 φωσσάτουοίκο-

2095 2479 2279 2548 δομεῖν
2321 2479 2497 2542 οἰκίας
2544 2476 2830 2548 λαμπράς;
2879 2476 3014 2529 Ούδέ
3048 2471 3130 2538 εἷς
3157 2492 3170 2504 ·
3203 2473 3520 2541 κατάγελως
3566 2472 3677 2542 γάρ

2097 2567 2247 2640 [179]
2277 2567 2450 2630 ἔσται,
2473 2569 2695 2630 καὶτοῖς
2726 2566 2938 2637 ἐχθροῖς
2961 2564 3329 2635 οἰκοδομήσει,
3352 2563 3449 2616 καὶ
3475 2562 3675 2632 μᾶλλον

2095 2657 2289 2718 αὐτοὺς
2320 2656 2712 2709 ἐπισπάσεται·
2735 2654 2875 2707 ὥστε
2901 2653 2996 2706 ἐὰν
3020 2654 3299 2723 νήφωμεν,
3333 2650 3456 2703 οὐδὲ
3490 2651 3672 2720 ἡμεῖς.

2096 2744 2261 2796 Οὐδὲν
2281 2743 2566 2813 στρατείας
2576 2744 2669 2796 καὶ
2694 2742 2978 2811 φωσσάτου
2994 2742 3021 2793 6
3044 2738 3233 2811 παρὼν
3253 2738 3363 2809 βίος
3379 2737 3672 2809 διενήνοχε.

2092 2831 2184 2884 Διὸ
2218 2830 2543 2901 παρακαλῶ,
2590 2830 2769 2883 πάντα
2802 2830 3152 2900 πράττωμεν,
3198 2825 3341 2879 ὥστε
3384 2824 3549 2897 μηδὲν
3583 2827 3671 2878 ἐν·-

2092 2921 2266 2976 ταῦθα
2294 2920 2638 2993 θησαυρίζειν
2662 2926 2676 2950 ⁸
2704 2918 2769 2972 ἂν
2809 2918 2917 2990 γὰρ
2949 2918 3077 2988 ἔλθῃ
3107 2917 3136 2968 6
3164 2916 3431 2979 κλέπτων,
3461 2915 3674 2985 ταχέως

2092 3011 2606 3083 ἁπαναστησόμεθα.
2624 3008 2996 3079 Γρηγορεῖτε,
3020 3010 3208 3079 φησιν,
3224 3006 3313 3061 ὅτι
3334 3008 3446 3060 οὐκ
3473 3005 3673 3059 οἴδατε

2093 3100 2233 3167 ποίᾳ
2253 3099 2375 3168 ὥρᾳ
2404 3102 2436 3153 ό
2457 3100 2723 3167 κλέπτης
2743 3097 2980 3167 ἔρχεται
3000 3112 3012 3125 ·
3035 3096 3127 3149 16v
3158 3096 3385 3149 θάνατον
3407 3093 3550 3148 οὕτω
3574 3110 3673 3147 κα-

2090 3190 2221 3244 λῶν.
2266 3190 2401 3260 Πρὶν
2444 3186 2689 3258 ἢτοίνυν
2716 3183 2866 3260 ἔλθῃ,
2914 3186 3095 3239 πάντα
3126 3183 3546 3253 ἀποπέμπωμεν
3590 3182 3670 3245 εἰς

2089 3278 2187 3348 τὴν
2228 3276 2461 3347 πατρίδα
2499 3275 2599 3346 τὴν
2641 3274 2938 3345 ἡμετέραν.
2977 3265 3104 3323 Ὧδε
3142 3270 3197 3323 δὲ
3225 3269 3450 3348 εὔζωνοι
3497 3263 3667 3338 ὦμεν,

2092 3346 2179 3413 ἵνα
2204 3346 2519 3429 δυνηθῶμεν
2544 3355 2926 3427 περιγενέσθαι
2954 3354 3062 3406 τῶν
3088 3353 3298 3422 ἐχθρῶν
3319 3367 3332 3380 ·
3361 3346 3436 3404 ὧν
3457 3351 3669 3418 γένοιτο

2090 3447 2511 3516 περιγεγσνότας
2534 3446 2680 3515 ἡμᾶς
2710 3442 2850 3497 κατὰ
2891 3442 2988 3508 τὴν
3016 3442 3227 3511 ἡμέραν
3252 3439 3360 3492 τῶν
3389 3438 3668 3507 στεφάνων

2088 3535 2190 3605 τῆς
2222 3534 2498 3603 ἀφθάρτου
2520 3532 2676 3601 δόξης
2699 3530 3011 3599 ἀξιωθῆναι,
3042 3530 3226 3599 χάριτι
3247 3528 3340 3580 καὶ
3362 3525 3668 3596 φιλανθρω-

2090 3625 2191 3694 πία
2239 3623 2335 3676 106
2388 3622 2592 3692 Κυρίου
2638 3621 2796 3691 ἡμῶν
2839 3618 3012 3689 Ἰησοῦ
3054 3616 3314 3687 Χριστοῦ,
3353 3616 3470 3686 μεθ’
3498 3612 3560 3670 06
3587 3614 3666 3685 τῷ
3708 3610 3710 3613 ’

2091 3712 2266 3782 Πατρὶ
2294 3710 2408 3781 ἅμα
2439 3709 2518 3779 τῷ
2545 3707 2684 3779 ἁγίῳ
2718 3706 3015 3776 Πνεύματι,
3042 3706 3137 3759 καὶ
3163 3706 3231 3760 τά
3253 3704 3400 3774 ἑξῆς.

429 3922 3635 3954 ο-ω-Ψ-δῂ--ᾙ--κά-..ὲ-Μ--η

1836 4072 2076 4124 ΟΜΙΛΙΛ
2117 4070 2241 4122 KA'.

410 4170 597 4246 Στῆτε
635 4172 751 4233 οὖν
798 4172 1258 4251 περιζωσάμενοι
1303 4182 1419 4251 τὴν
1467 4184 1669 4254 ὀσφὺν
1705 4184 1873 4253 ὑμῶν
1909 4186 1978 4235 ἐν

479 4269 767 4337 ἀληθείᾳ,
819 4270 916 4322 καί
959 4267 1361 4338 ἐνδυσάμενοι
1414 4272 1522 4326 τὸν
1573 4272 1805 4340 θώρακα
1867 4272 1978 4338 τῆς

478 4353 891 4431 δικαιοσύνης,
931 4355 1031 4408 καί
1062 4352 1514 4427 ὑποδησάμενοι
1535 4359 1675 4424 τοὺς
1700 4358 1888 4422 πόδας
1909 4360 1979 4411 ὲν

480 4442 791 4510 ἑτοιμασίᾳ
842 4443 949 4496 τοῦ
998 4444 1367 4513 Εὑαγγελίου
1404 4443 1514 4512 τῆς
1566 4444 1826 4511 εἰρήνης,
1877 4444 1978 4497 ἐπὶ

480 4520 672 4583 εὶᾶσιν
700 4531 1109 4597 ἀναλαϐόντες
1154 4532 1261 4584 τόν
1294 4532 1510 4599 θυρεὸν
1543 4531 1654 4599 τῆς
1696 4534 1975 4596 πίστεως,

477 4609 546 4669 ἐν
568 4611 615 4683 ᾧ
650 4611 997 4685 δυνήσεσθε
1043 4617 1239 4670 πάντα
1269 4618 1341 4671 τὰ
1364 4618 1524 4685 ,βέλη
1554 4616 1660 4671 τοῦ
1702 4612 1973 4684 Πονηροῡ

480 4702 551 4756 τὰ
580 4703 975 4772 πεπυρωμένα
994 4706 1230 4768 σϐέσαι,
1255 4703 1352 4757 καὶ
1374 4704 1488 4771 τὴν
1507 4707 1975 4773 περικεφαλαίαν

476 4790 582 4844 τοῦ
611 4792 906 4858 σωτηρίου
936 4788 1221 4858 δέξασθε,
1255 4790 1352 4844 καὶ
1386 4789 1499 4860 τὴν
1532 4786 1835 4861 μάχαιραν
1866 4791 1973 4845 τοῦ

477 4878 841 4948 Ιινεύματος,
873 4874 907 4932 ὅ
939 4879 1067 4932 ἐστι
1084 4875 1252 4948 ῥῆμα
1282 4876 1452 4932 Θεοῦ.

482 4988 554 5036 α’.
584 4982 1072 5051 Περιζωσάμενοι,
1111 4984 1264 5052 φησι,
1298 4981 1413 5049 τὴν
1458 4980 1658 5049 ὀσφὺν
1700 4980 1865 5050 ὑμῶν
1904 4981 1973 5034 ἐν

404 5071 672 5137 ἀληθείᾳ.
698 5072 763 5124 Τί
780 5087 909 5124 ποτε
932 5070 1087 5124 τοῦτό
1104 5072 1249 5125 ἐστιν
1270 5088 1284 5138 ;
1305 5070 1532 5141 Εἴρηται
1552 5072 1681 5140 ἡμῖν
1709 5073 1767 5124 ἐν
1783 5073 1847 5141 τῇ
1867 5071 1974 5142 πρὸ

406 5158 607 5228 ταύτης
653 5158 907 5225 διαλέξει,
943 5159 1025 5211 ὅτι
1072 5159 1152 5212 δεῖ
1188 5158 1359 5221 οὕτως
1398 5159 1678 5222 εὐσταλεῖς
1706 5155 1862 5226 εἶναι,
1896 5162 1973 5223 ὼς

408 5246 574 5315 μηδὲν
604 5247 859 5317 ἐμπόδιον
889 5243 1029 5301 εἶναι
1056 5247 1192 5319 πρὸς
1222 5247 1284 5301 τὸ
1310 5247 1544 5318 τρέχειν.
1575 5248 1681 5300 Καὶ
1715 5247 1973 5301 ἐνδυσά-

399 5352 588 5403 μενοι,
621 5336 775 5403 φησὶ,
803 5335 909 5388 τὸν
936 5333 1173 5402 θώρακα
1203 5334 1315 5403 τῆς
1346 5336 1757 5402 δικαιοσύνης.
1787 5336 1971 5389 Καθά-

404 5439 509 5491 περ
534 5424 562 5475 ὁ
591 5420 776 5494 θώραξ
802 5421 1043 5492 ἄτρωτός
1070 5422 1235 5487 ἐστιν,
1264 5413 1407 5474 οὕτω
1436 5421 1531 5473 καὶ
1570 5421 1604 5493 ἡ
1634 5422 1965 5492 δικαιοσύνη.

403 5510 758 5580 Δικαιοσύνην
786 5508 843 5561 δὲ
897 5507 1128 5561 ἐνταῦθα
1164 5508 1255 5561 τὸν
1308 5507 1537 5561 καθόλου
1562 5507 1675 5561 καὶ
1719 5508 1972 5579 ἐνάρετόν

404 5614 536 5668 φησι
566 5596 699 5667 βίον.
741 5596 844 5649 Τὸν
879 5595 1117 5649 τοιοῦτον
1164 5596 1340 5658 οὐδεὶς
1390 5594 1642 5647 οὐδέποτε
1684 5592 1972 5666 δυνήσεται

403 5685 750 5751 καταϐαλεῖν,
773 5683 905 5737 ἀλλὰ
936 5683 1297 5755 τιτρώσκουσι
1339 5682 1438 5750 μέν
1464 5680 1668 5745 πολλοὶ,
1696 5681 1972 5753 διατέμνει

400 5768 455 5821 δὲ
494 5770 688 5834 οὐδεὶς.
725 5771 825 5823 οὐκ
876 5770 1037 5834 αὐτὸς
1077 5772 1105 5823 6
1130 5768 1395 5831 διάϐολος.
1442 5769 1531 5833 Ὠς
1566 5768 1636 5821 ἂν
1680 5768 1825 5822 εἴποι
1865 5787 1970 5835 τις,

401 5857 874 5929 ἐνστερνισάμενοι
906 5859 970 5913 τὰ
1008 5857 1191 5911 δίκαια
1226 5856 1547 5927 πράγματα.
1600 5854 1737 5928 Περὶ
1766 5856 1966 5911 τούτων

2089 4181 2255 4251 φησὶν
2278 4183 2306 4234 6
2326 4178 2581 4253 Χριστός·
2609 4182 2895 4251 Μακάριοι
2912 4183 2966 4233 οἱ
2987 4182 3306 4246 πεινῶντες
3326 4180 3423 4231 καί
3441 4177 3661 4246 διψῶν-

2080 4286 2179 4335 τες
2212 4270 2328 4337 τὴν
2361 4270 2776 4336 δικαιοσύνην,
2808 4268 2899 4321 ὅτι
2920 4268 3089 4321 αὐτοὶ
3114 4265 3652 4336 χορτασθήσονται.

2091 4356 2148 4408 '0
2174 4356 2380 4428 ταύτην
2410 4356 2889 4425 ἐνστερνισάμενος
2918 4352 3089 4416 οὕτως
3123 4353 3269 4406 ἐστὶν
3310 4352 3548 4422 ίσχυρὸς,
3580 4352 3657 4415 ὡς

2080 4443 2262 4515 θώραξ
2285 4460 2300 4474 ·
2331 4447 2359 4497 6
2387 4443 2627 4506 τοιοῦτος
2652 4438 2904 4496 οὐδέποτε
2933 4438 3337 4511 ὀργισθήσεται.
3365 4438 3474 4492 Καὶ
3502 4441 3653 4492 ὐπο-

2076 4528 2405 4599 δησάμενοι
2440 4530 2579 4595 τοὺς
2629 4528 2821 4592 πόδας
2869 4530 2936 4579 ἐν
2969 4524 3279 4595 ἑτοιμασίᾳ
3314 4525 3420 4579 τοῦ
3458 4529 3653 4596 Εὐαγ-

2078 4618 2278 4685 γελιόυ
2308 4616 2417 4683 τῆς
2441 4616 2704 4685 εἰρήνης.
2743 4614 3144 4684 Ἀσαφέστερόν
3176 4631 3293 4676 πως
3319 4612 3479 4666 τοῦτο
3500 4613 3651 4683 εἴρη-

2075 4723 2184 4760 ται.
2216 4705 2281 4757 Τί
2307 4700 2399 4758 οὖν
2442 4707 2594 4771 ἐστι;
2630 4703 2817 4768 Καλάς
2863 4705 2996 4775 ἡμῖν
3048 4703 3146 4767 τὰς
3179 4704 3448 4773 κνημῖδας
3489 4719 3648 4774 περι-

2077 4810 2268 4882 έθηκε,
2286 4810 2385 4881 τὴν
2410 4810 2503 4864 τοῦ
2530 4809 2861 4879 Εὐαγγελίου
2889 4806 3227 4877 ἐτοιμασίαν.
3252 4805 3321 4863 Ἦ
3343 4807 3502 4861 τοῦτο
3518 4808 3650 4877 γοῦν

2079 4915 2268 4969 φησιν,
2296 4890 2436 4950 ὥστε
2460 4897 2708 4968 ἑτοίμους
2739 4892 2879 4949 εἶναι
2907 4896 3042 4966 πρὸς
3072 4894 3133 4948 16
3166 4891 3519 4963 Εὐαγγέλιον,
3553 4897 3649 4948 καὶ

2074 4986 2211 5057 πρὸς
2237 4985 2398 5040 τοῦτο
2418 4988 2530 5050 τοῖς
2552 4986 2680 5040 ποσὶ
2706 4983 3032 5055 κεχρῆσθαι,
3062 4982 3159 5035 καὶ
3184 4983 3648 5053 προπαρασκευά-

2074 5075 2186 5140 ζειν
2210 5073 2374 5128 αὑτοῦ
2418 5076 2537 5129 ὁδὸν
2571 5075 2666 5128 καὶ
2703 5073 3126 5145 προετοιμάζειν
3148 5087 3162 5102 ·
3206 5068 3240 5143 ἢ
3270 5073 3319 5125 εί
3354 5072 3429 5142 μὴ
3468 5072 3645 5134 τοῦτο,

2072 5161 2187 5214 ἀλλ’
2212 5160 2354 5215 ὥστε
2403 5162 2601 5225 αὐτοὺς
2629 5161 2884 5229 ἑτοίμους
2931 5156 3069 5213 εἶναι
3111 5160 3248 5231 πρὸς
3293 5159 3392 5231 τὴν
3445 5158 3643 5223 ἔξοδον.

2083 5249 2148 5301 'H
2191 5248 2372 5301 τοίνυν
2423 5248 2716 5317 ἐτοιμασία
2766 5246 2862 5300 106
2910 5247 3243 5317 Εὑαγγελίου
3274 5247 3375 5300 οὐκ
3422 5247 3550 5300 ἄλλο
3593 5247 3647 5299 τί

2071 5337 2239 5402 ἐστιν,
2265 5335 2431 5406 ἀλλ’ἢ
2459 5334 2570 5405 βίος
2595 5335 2836 5405 ἄριστος.
2863 5335 3037 5405 Ὅπερ
3066 5335 3251 5403 ἔλεγεν
3274 5336 3301 5388 6
3329 5334 3643 5406 Προφήτης,

2077 5422 2195 5490 Τὴν
2219 5422 2568 5491 ἐτοιμασίαν
2605 5416 2715 5490 τῆς
2747 5422 2995 5490 καρδίας
3023 5421 3219 5477 αὐτῶν
3249 5421 3558 5490 προσέσχε
3578 5424 3644 5475 τὸ

2067 5505 2177 5577 οὖς
2205 5525 2343 5577 σου,
2376 5511 2642 5574 τουτέστι,
2670 5510 2730 5562 16
2758 5510 3202 5580 ἐμπαράσκευον.
3242 5507 3354 5562 Τοῦ
3384 5510 3647 5577 Εὑαγγε-

2066 5598 2227 5661 λίου,
2266 5596 2425 5668 φησὶ,
2474 5596 2587 5665 τῆς
2640 5596 2923 5663 εἰρήνης·
2968 5595 3213 5658 είκότως.
3277 5595 3495 5667 Ἐπειδὴ
3535 5597 3644 5667 γάρ

2068 5686 2312 5757 πολέμου
2336 5686 2581 5757 ἐμνήσθη
2599 5686 2691 5739 καὶ
2718 5685 2918 5755 μάχης,
2945 5684 3219 5737 δείκνυσιν
3239 5684 3320 5737 ὅτι
3340 5685 3440 5756 τὴν
3464 5686 3645 5755 μάχην

2067 5774 2204 5844 πρὸς
2245 5774 2370 5838 τοὺς
2415 5772 2679 5843 δαίμονας
2727 5770 2872 5841 ἔχειν
2906 5770 3018 5823 δεῖ·
3056 5771 3118 5823 16
3148 5771 3257 5843 γὰρ
3282 5771 3642 5842 Εὐαγγέλιον,

2069 5862 2291 5931 εἰρήνης
2331 5859 2481 5931 [I80]
2508 5860 2673 5912 ἐστίν.
2727 5859 2966 5922 Ἐκεῖνος
2996 5859 3024 5911 ὁ
3059 5858 3292 5930 πόλεμος
3317 5859 3506 5931 ἕτερον
3538 5858 3642 5913 κα-⁴
