4096 6388
413 371 433 426 Ι
444 372 514 425 69

406 490 593 542 ταλύει
626 486 862 556 πόλεμον
899 486 986 538 τὸν
1022 486 1158 555 πρὸς
1184 489 1272 538 τὸν
1319 485 1481 540 Θεόν·
1523 488 1588 540 ἂν
1629 486 1709 557 τῷ
1744 486 1973 555 διαϐόλῳ

408 574 754 645 πολεμῶμεν,
786 572 1137 643 εἰρηνεύομεν
1163 573 1240 643 τῷ
1264 574 1399 646 Θεῷ.
1439 576 1529 644 Μὴ
1560 574 1741 645 δείσῃς
1774 574 1975 639 τοίνυν,

404 662 678 733 ἀγαπητέ,
715 660 1042 728 Εὑαγγέλιόν
1072 663 1219 714 ἐστιν
1245 678 1257 689 ·
1298 663 1398 732 ήδη
1436 664 1468 732 ή
1499 663 1621 731 νίκη
1665 661 1973 731 γεγένηται.

418 752 541 804 Ἑπί
576 749 767 805 πᾶσιν
782 749 1183 814 ἀναλαϐόντες
1212 749 1315 802 τὸν
1330 751 1544 818 θυρεὸν
1562 748 1671 816 τῆς
1695 750 1972 813 πίστεως.

403 840 595 893 Πίστιν
639 835 893 898 ἐνταῦθα,
942 837 1001 887 οὐ
1032 836 1132 905 τὴν
1176 836 1379 904 γνῶσίν
1431 854 1618 907 φησιν,
1658 837 1720 888 ού
1755 835 1864 905 γὰρ
1909 834 1976 887 ἂν

402 927 571 998 αὐτὴν
625 924 858 995 ὑστέραν
904 922 1111 987 ἔταξεν,
1143 922 1279 975 ἀλλὰ
1322 925 1423 994 τὴν
1472 925 1651 992 χάριν,
1688 924 1758 977 δι’
1799 920 1867 996 ἦς
1905 922 1976 975 τά

404 1018 605 1086 σημεῖα
652 1014 880 1081 γίνεται.
943 1012 1052 1064 Καὶ
1102 1012 1329 1073 εἰκότως
1363 1012 1461 1080 τὴν
1502 1012 1686 1064 πίστιν
1718 1011 1975 1081 ὀνομάζει

401 1105 594 1176 θυρεόν
612 1122 625 1135 ·
660 1103 912 1171 καθάπερ
939 1102 1047 1172 γὰρ
1080 1102 1287 1163 ἐκεῖνος
1322 1102 1691 1170 προϐέϐληται
1719 1100 1813 1153 τοῦ
1840 1117 1976 1153 παν-

396 1193 487 1256 τὸς
511 1193 785 1260 σώματος,
802 1189 991 1255 ῶσπερ
1011 1191 1187 1257 τεῖχος
1206 1188 1304 1247 ὣν.
1330 1188 1476 1241 οὕτω
1503 1188 1568 1258 δὴ
1589 1190 1729 1258 καὶὴ
1758 1187 1938 1251 πίστις
1953 1202 1971 1218 ⁸

402 1281 575 1332 πάντα
606 1280 714 1348 γὰρ
764 1278 900 1346 αὐτῇ
954 1277 1112 1328 εἴκει.
1159 1274 1261 1327 Ἐν
1309 1269 1358 1342 ᾧ
1398 1274 1763 1339 δυνήσεσθε,
1813 1273 1971 1343 φησὶ,

395 1369 593 1421 πάντα
646 1368 719 1420 τὰ
759 1367 914 1433 βέλη
968 1366 1073 1419 τοῦ
1124 1365 1397 1431 Πονηροῦ
1456 1365 1525 1425 τὰ
1575 1364 1973 1431 πεπυρωμένα

395 1458 632 1511 σϐέσαι.
669 1455 838 1509 Ούδέν
872 1456 979 1524 γάρ
1008 1454 1234 1506 δύναται
1275 1452 1462 1504 τοῦτον
1499 1452 1589 1504 τὸν
1635 1451 1825 1522 θυρεὸν
1852 1452 1969 1504 δια-

394 1547 578 1615 κόψαι.
613 1546 813 1598 Ἀκουε
849 1543 961 1613 γάρ
989 1541 1081 1594 τοῦ
1123 1540 1359 1609 Χριστοῦ
1394 1540 1643 1605 λέγοντος
1676 1540 1813 1608 πρὸς
1844 1540 1971 1601 τοὺς

396 1634 643 1705 μαθητάς
672 1647 685 1660 ·
753 1632 893 1684 Ἐὰν
942 1630 1118 1696 ἔχητε
1145 1630 1370 1689 πίστιν,
1421 1628 1502 1691 ὡς
1534 1631 1757 1679 κόκκον
1801 1628 1971 1679 01rd-

392 1737 570 1787 πεως,
608 1719 794 1787 ἐρεῖτε
842 1715 923 1781 τῷ
964 1718 1084 1783 ὄρει
1126 1716 1331 1779 τούτῳ,
1365 1713 1662 1779 Μετάϐηθι
1691 1714 1971 1767 ἐντεῦθεν

391 1809 534 1869 ἐκεῖ,
562 1806 660 1861 καί
683 1804 1100 1875 μεταϐήσεται.
1138 1804 1262 1865 Πῶς
1292 1803 1349 1854 δὲ
1392 1802 1585 1871 ἕξομεν
1619 1801 1715 1871 τὴν
1748 1802 1967 1868 πίστιν;

396 1899 564 1950 Ὅταν
592 1896 777 1947 ἐκεῖνα
821 1890 1279 1960 κατορθώσωμεν.
1314 1889 1447 1958 Βέλη
1492 1890 1549 1942 δὲ
1582 1889 1676 1941 τοῦ
1721 1890 1967 1959 Πονηροῦ

392 1982 641 2045 καὶτοὺς
682 1979 1020 2050 πειρασμούς
1063 1995 1219 2047 φησι,
1258 1977 1351 2029 καὶ
1388 1978 1487 2037 τὰς
1531 1977 1829 2047 ἐπιθυμίας
1869 1979 1969 2041 τὰς

390 2070 648 2131 ἀτόπους.
700 2066 897 2128 Καλῶς
934 2066 988 2117 δέ
1035 2063 1397 2134 προσέθηκεν,
1440 2065 1514 2117 Τὰ
1548 2065 1964 2134 πεπυρωμένα.

388 2156 637 2210 τοιαῦται
665 2155 776 2225 γάρ
816 2155 952 2206 εἰσιν
983 2153 1038 2204 αί
1068 2150 1377 2220 ἐπιθυμίαι.
1406 2152 1468 2203 Εἰ
1496 2151 1552 2204 δὲ
1585 2152 1834 2221 δαίμοσιν
1863 2155 1965 2205 ἐπ⁴¹

389 2245 637 2315 έταξενή
669 2244 869 2305 πίστις,
906 2239 1085 2310 πολλῷ
1117 2241 1318 2309 μᾶλλον
1359 2242 1590 2303 καὶτοῖς
1632 2240 1829 2294 πάθεσι
1866 2242 1967 2312 τῆς

388 2334 584 2403 ψυχῆς.
628 2330 737 2385 Καὶ
773 2331 887 2397 τὴν
930 2328 1421 2396 περικεφαλαίαν,
1456 2327 1611 2396 φησί,
1646 2328 1752 2382 τοῦ
1778 2344 1997 2395 σωτησλ

380 2422 522 2489 ρίου
552 2419 809 2482 δέξασθε
830 2434 843 2448 ·
876 2416 1143 2479 τουτέστι,
1167 2414 1268 2483 τῆς
1293 2415 1566 2483 σωτηρίας
1598 2414 1770 2483 ὑμῶν.
1803 2416 1965 2487 Περι-

387 2511 617 2580 φράττει
650 2508 759 2577 γάρ
795 2505 1011 2566 αὐτοὺς,
1052 2503 1128 2565 ὡς
1165 2505 1245 2565 εἰς
1286 2502 1521 2571 πόλεμον
1571 2502 1799 2569 ἐξάγων.
1852 2504 1962 2557 Καὶ

386 2598 502 2665 τὴν
526 2596 830 2666 μάχαιραν
859 2594 964 2647 τοῦ
995 2594 1361 2661 Πνεύματος,
1395 2591 1427 2644 ὅ
1455 2592 1586 2645 ἐστι
1610 2590 1775 2660 ρἦα
1794 2592 1961 2647 Θεοῦ.

391 2687 547 2738 Ἤτοι
576 2685 635 2735 τὸ
663 2679 891 2749 Πνεῦμά
916 2696 1101 2748 φησιν,
1128 2680 1246 2748 ἢτοι
1280 2680 1339 2730 ἐν
1372 2682 1439 2750 τῇ
1473 2681 1818 2749 πνευματικῇ
1857 2697 1962 2749 μα-

387 2773 577 2842 χαίρᾳ.
609 2770 710 2821 Διά
738 2768 845 2836 γὰρ
875 2765 1078 2834 ταύτης
1111 2766 1291 2819 πάντα
1333 2766 1614 2835 τέμνεται,
1646 2765 1732 2818 διὰ
1760 2766 1961 2837 ταύτης

387 2860 565 2912 πάντα
598 2857 879 2917 κόπτεται,
935 2853 1031 2906 κο.)⁵
1076 2852 1175 2922 τὴν
1231 2853 1472 2923 κεφαλὴν
1525 2854 1620 2905 τοῦ
1668 2853 1961 2924 δράκοντος

386 2944 767 3013 ἀποτέμνομεν
815 2941 903 2995 διὰ
943 2938 1172 3011 ταύτης.
1216 2939 1322 2993 Διὰ
1350 2939 1555 3007 πάσης
1607 2942 1960 3009 προσευχῆς

385 3032 485 3087 λαὶ
552 3030 838 3097 δεήσεως,
897 3029 1068 3098 φησι,
1120 3030 1595 3097 προσευχόμενοι
1653 3028 1725 3081 ἐν
1779 3030 1959 3083 παντὶ

385 3119 589 3190 καιρῷ,
621 3120 695 3173 ἐν
740 3118 1057 3187 πνεύματι,
1114 3116 1215 3170 καί
1265 3118 1354 3182 είς
1381 3115 1530 3170 αὐτὸ
1571 3116 1749 3170 τοῦτο
1780 3117 1960 3186 ἀγρυ-

385 3208 682 3273 πνοῦντες
711 3206 781 3260 ἐν
829 3206 997 3274 πάσῃ
1042 3204 1559 3273 προσκαρτερήσει
1609 3205 1707 3258 καί
1752 3204 1959 3272 δεήσει

382 3296 517 3364 περί
551 3294 794 3348 πάντων
819 3292 939 3346 τῶν
966 3292 1172 3360 ἁγίων,
1201 3294 1299 3345 καὶ
1334 3292 1485 3359 ὑπὲρ
1528 3291 1697 3361 ἐμοῦ,
1731 3292 1833 3345 ἵνα
1853 3310 1958 3361 μοι

383 3384 531 3453 δοθῇ
554 3384 736 3454 λόγος
759 3383 828 3436 ἐν
847 3382 1075 3446 ἀνοίξει
1093 3380 1200 3436 τοῦ
1227 3381 1526 3450 στόματός
1549 3398 1693 3451 μου,
1720 3382 1791 3435 ἐν
1810 3384 1961 3451 παρς

389 3473 591 3541 ὁησίᾳ,
620 3471 908 3542 γνωρίσαι
937 3468 1005 3522 τὸ
1044 3468 1384 3539 μυστήριον
1412 3470 1520 3523 τοῦ
1558 3471 1954 3539 Εὑιιγγελίου,

384 3561 536 3631 ὑπὲρ
558 3556 630 3617 οὗ
659 3559 967 3628 πρεσϐεύω
989 3558 1059 3611 ἐν
1093 3558 1333 3622 ἁλύσει,
1371 3558 1471 3611 ινα
1502 3558 1572 3610 ἐν
1602 3556 1765 3622 αὐτῷ
1804 3560 1956 3628 παῤ-

375 3648 779 3717 ρησιάσωμαι,
800 3646 883 3707 ὡς
906 3645 1003 3698 δεῖ
1020 3661 1095 3715 με
1118 3644 1410 3713 λαλῆσαι.
1430 3644 1698 3714 Καθάπερ
1719 3646 1780 3698 τὸ
1804 3646 1956 3717 ῥῆμα

382 3736 477 3789 τοῦ
511 3733 647 3788 Θεοῦ
673 3733 850 3788 πάντα
878 3732 1069 3802 ἰσχύει,
1100 3730 1245 3784 οὕτω
1273 3731 1369 3784 καὶ
1395 3733 1424 3783 ό
1450 3730 1513 3783 τὸ
1535 3730 1783 3801 χάρισμα
1815 3731 1956 3801 ἔχων

383 3826 445 3879 τὸ
476 3821 861 3894 πνευματικόν.
888 3820 1020 3875 Ζῶν
1058 3822 1167 3890 γὰρ
1197 3822 1230 3875 ό
1252 3821 1436 3889 λόγος
1461 3818 1566 3873 τοῦ
1594 3819 1763 3883 Θεοῦ,
1796 3820 1951 3889 φησί,

385 3913 484 3966 καὶ
502 3910 773 3979 ἐνεργὴς,
791 3909 889 3961 καί
909 3907 1235 3977 τομώτερος
1256 3907 1411 3975 ὑπὲρ
1432 3906 1641 3962 πᾶσαν
1651 3906 1955 3975 μάχαιραν

384 4000 690 4068 δίστομον.
732 3986 876 4067 Ὅρα
921 3995 977 4047 δὲ
1005 3994 1102 4065 τὴν
1132 3994 1348 4047 σύνεσιν
1385 3992 1479 4046 τοῦ
1523 3994 1795 4065 μακαρίου
1827 3994 1952 4046 τού-

384 4103 500 4140 του.
541 4083 901 4139 Καθώπλισεν
952 4081 1151 4145 αὐτοὺς
1206 4080 1346 4150 μετά
1379 4080 1562 4150 πάσης
1619 4079 1950 4149 ἀσφαλείας·

384 4174 569 4227 λοιπὸν
600 4172 717 4236 πῶς
765 4170 847 4224 δεῖ
896 4170 989 4222 τὸν
1038 4167 1273 4222 Βασιλέα
1317 4168 1525 4231 καλεῖν,
1582 4166 1722 4220 ὥστε
1764 4166 1950 4239 ὀρέξαι

386 4264 561 4332 χεῖρα,
595 4260 862 4313 διδάσκει’
888 4256 991 4310 Διὰ
1018 4254 1225 4321 πάσης
1262 4253 1632 4323 προσευχῆς,
1664 4255 1818 4324 φησι,
1852 4255 1949 4307 καὶ

382 4348 646 4415 δεήσεως
666 4345 1139 4416 προσευχόμενοι
1163 4343 1232 4395 ἐν
1253 4341 1431 4393 παντὶ
1450 4339 1654 4407 καιρῷ,
1679 4341 1748 4393 ἐν
1769 4344 1950 4395 πνεύ-

377 4454 538 4506 ματι.
576 4438 732 4491 Ἔστι
785 4435 895 4505 γὰρ
950 4433 1026 4503 μὴ
1085 4433 1143 4483 ἐν
1204 4429 1475 4499 πνεύματι
1528 4428 1947 4501 προσεύχεσθαι,

383 4527 509 4578 ὅταν
538 4541 621 4587 τις
664 4524 983 4594 βαττολογῇ.
1028 4519 1139 4574 Καὶ
1194 4521 1280 4583 εἱς
1336 4517 1504 4580 αὐτὸ,
1533 4518 1718 4587 φησὶν,
1765 4519 1948 4587 ἀγρυ-

382 4611 697 4678 πνοῦντες,
734 4610 1003 4671 τουτέστι,
1056 4608 1337 4679 νήφοντες.
1370 4604 1623 4658 Τοιοῦτον
1674 4606 1776 4675 γάρ
1809 4603 1948 4660 εἶναι

381 4699 485 4770 χρὴ
535 4699 627 4751 τὸν
680 4696 1169 4765 καθωπλισμένον,
1227 4694 1319 4747 τὸν
1380 4693 1530 4763 παρὰ
1581 4692 1673 4745 τὸν
1718 4693 1948 4747 Βασιλέα

381 4785 614 4848 ἐστῶτα,
645 4786 925 4855 ἄγρυπνον
960 4781 1057 4835 καὶ
1092 4781 1373 4851 νηφάλιον.
1420 4781 1516 4831 Ἐν
1544 4779 1712 4847 πάσῃ
1763 4796 1947 4849 προσ-

381 4871 735 4940 καρτερήσει
778 4870 877 4923 καί
907 4867 1114 4935 δεήσει
1143 4868 1277 4936 περί
1323 4867 1564 4919 πάντων
1594 4865 1715 4919 τῶν
1742 4868 1944 4935 ἁγίων,

378 4959 477 5013 καί
505 4961 658 5026 ὑπὲρ
695 4956 861 5027 ἐμοῦ,
909 4957 1011 5009 ἵνα
1059 4973 1163 5024 μοι
1203 4952 1352 5021 δοθῇ
1391 4954 1572 5023 λόγος
1614 4954 1686 5005 ἐν
1720 4954 1946 5017 ἀνοίξει

372 5046 483 5100 τοῦ
515 5046 811 5114 στόματός
853 5060 991 5112 μου.
1038 5043 1103 5095 Τί
1144 5042 1342 5111 λέγεις,
1372 5035 1416 5092 ὦ
1446 5040 1686 5111 μακάριε
1732 5040 1943 5109 Παῦλε;

376 5131 485 5186 τῶν
515 5130 771 5203 μαθητῶν
812 5128 1001 5201 χρείαν
1030 5128 1173 5199 ἔχεις
1209 5129 1365 5195 ;Καί
1403 5129 1582 5191 καλῶς
1630 5126 1805 5192 εἶπεν,
1844 5130 1946 5183 Ἔν

376 5218 602 5283 ἀνοίξει
631 5217 739 5271 τοῦ
769 5216 1065 5285 στόματός
1088 5234 1229 5285 μου.
1266 5216 1379 5268 Οὐκ
1408 5215 1515 5286 ἄρα
1538 5215 1773 5285 ἐμελέτα
1800 5216 1943 5290 ἆπερ

378 5305 583 5373 ἔλεγεν,
614 5303 752 5359 ἀλλά
788 5299 969 5366 καθὼς
986 5299 1140 5357 εἶπεν
1173 5306 1201 5356 ὁ
1224 5304 1489 5372 Χριστός’
1530 5303 1719 5357 Ὅταν
1755 5318 1944 5372 παρα-

375 5391 564 5447 δῶσιν
580 5390 755 5462 ὐμᾶς,
774 5392 860 5461 μὴ
882 5391 1286 5462 μεριμνήσητε
1311 5390 1437 5457 πῶς
1461 5390 1500 5460 ἢ
1526 5392 1581 5444 τί
1614 5392 1941 5459 λαλήσετεο

376 5481 693 5547 δοθήσεται
719 5481 832 5550 γὰρ
880 5480 1024 5549 ὑμῖν
1058 5481 1130 5534 ὲν
1174 5479 1375 5549 ἐκείνη
1404 5477 1479 5549 τῇ
1502 5478 1625 5548 ὥρᾳ
1663 5482 1721 5534 τί
1750 5481 1945 5552 λαλή-

375 5583 515 5621 σετε
540 5582 554 5596 ⁸
595 5566 738 5620 οὕτω
771 5567 949 5621 πάντα
991 5567 1172 5620 πίστει
1221 5565 1479 5638 ἔπραττε,
1521 5568 1699 5622 πάντα
1736 5568 1938 5641 χάριτι.

375 5651 525 5727 [181]
580 5654 677 5707 Ἑν
714 5656 1042 5725 παῤῥησίᾳ,
1086 5656 1240 5726 φησὶ,
1280 5658 1570 5726 γνωρίσαι
1604 5658 1669 5713 τὸ
1702 5659 1939 5727 μυστή-

370 5757 504 5806 ριον
529 5740 636 5795 τοῦ
658 5742 1047 5812 Εὐαγγελίου.
1069 5743 1354 5809 Τουτέστι,
1383 5744 1469 5797 ἶνα
1484 5745 1937 5815 ἀπολογήσωμαι,

366 5827 450 5893 ὡς
491 5826 621 5901 χρή.
658 5826 885 5884 Ἀλυσιν
922 5829 1250 5902 περίκεισαι,
1297 5832 1391 5886 καὶ
1442 5826 1641 5903 ἐτέρων
1676 5833 1929 5904 χρῄζειςς

1160 375 1215 426 S.
1254 372 1531 428 JOANNIS
1566 369 2053 427 (IHRYSOSTOMI
2095 371 2412 431 ARCHIEP.
2454 378 2995 439 CONSTANTINOP.

3546 387 3649 442 Πίδ

2082 487 2208 549 Ναὶ,
2262 490 2459 575 φησίν·
2498 494 2619 546 ἐπεὶ
2666 497 2760 549 καὶ
2825 500 3028 569 Πέτρος
3076 499 3265 555 ἅλυσιν
3319 504 3645 575 περιέκειτο,

2079 564 2370 663 ἀλλ’ὄμως
2401 579 2534 650 εὐχὴ
2561 577 2629 652 ἦν
2679 585 2905 654 ἐκτενὴς
2938 564 3096 657 *ὑπὲρ
3142 588 3305 641 αὐτοῦ
3360 564 3643 663 γίνομένηξ

2090 660 2257 730 Ὑπὲρ
2286 661 2359 718 οὗ
2386 669 2692 733 πρεσϐεύω
2721 670 2791 721 ἐν
2814 673 3051 737 ἁλύσει,
3080 675 3180 727 ἵνα
3213 676 3283 727 ἐν
3309 660 3641 747 αὐτῷπαρλ

2070 748 2472 821 ῥησιάσωμαι,
2508 756 2589 820 ὠς
2624 756 2720 809 δεῖ
2742 774 2822 826 με
2848 759 3141 829 λαλῆσαι.
3179 763 3457 826 Τουτέστι,
3506 770 3645 835 μετά

2080 838 2410 905 παρρησίας,
2467 843 2605 912 μετά
2631 844 2904 912 ἀνδρείας,
2956 848 3094 917 μετά
3138 851 3406 914 συνέσεως
3442 852 3645 921 πολλῆς

2079 922 2166 975 ἵνα
2214 924 2619 999 ἀποκρίνωμαι.
2654 931 2788 985 Ἵνα
2838 932 2906 985 δὲ
2951 933 3147 1003 είδῆτε
3194 938 3295 990 καὶ
3346 939 3517 1007 ὑμεῖς
3572 940 3646 993 τὰ

2077 1013 2204 1064 κατ’
2241 1013 2365 1082 ἐμὲ,
2399 1018 2457 1069 τί
2477 1018 2764 1085 πράσσω,
2810 1020 3008 1075 πάντα
3044 1024 3186 1092 ὑμῖν
3224 1027 3500 1094 γνωρίσει
3535 1031 3643 1082 Τυ-

2075 1101 2265 1168 χ’κὸς.
2294 1107 2327 1156 ὁ
2348 1105 2653 1175 ἀγαπητὸς
2686 1109 2970 1178 ἀδελφὸς,
3001 1112 3100 1165 καὶ
3123 1115 3339 1180 πιστὸς
3365 1115 3645 1182 διάκονος

2073 1187 2144 1239 ἐν
2176 1190 2389 1255 Κυρίῳ.

2148 1275 2212 1343 β’.
2273 1278 2473 1347 Επειδὴ
2500 1278 2715 1349 δεσμῶν
2746 1282 3015 1355 ἐμνήσθη,
3037 1285 3229 1355 ἀφίησί
3250 1303 3302 1339 τι
3324 1288 3417 1340 καί
3438 1288 3515 1358 τῷ
3536 1289 3641 1341 Τυ-

2074 1363 2212 1433 χικῷ
2242 1365 2370 1434 παρ’
2404 1366 2598 1419 ἐαυτοῦ
2632 1368 2993 1439 διαλεχθῆναι.
3044 1374 3111 1424 Ἀ
3158 1373 3257 1442 μὲν
3298 1376 3406 1444 γὰρ
3444 1371 3513 1446 ἦν
3559 1377 3643 1429 δο-

2073 1451 2299 1518 γμάτων
2323 1452 2416 1504 καὶ
2444 1455 2860 1526 παρακλήσεως,
2883 1456 3055 1511 ταῦτα
3079 1458 3167 1512 διὰ
3190 1459 3292 1529 τῆς
3314 1461 3635 1532 Ἐπιστολῆς

2074 1536 2263 1607 ἐδήλου
2292 1555 2305 1568 ·
2338 1539 2374 1592 ἀ
2397 1539 2453 1592 δὲ
2483 1542 2822 1609 ἀπαγγελίας
2850 1543 3030 1614 ψιλῆς,
3058 1545 3231 1599 ταῦτα
3262 1546 3340 1617 τῷ
3362 1548 3643 1618 κομίζοντι

2072 1624 2171 1693 τὴν
2212 1626 2532 1695 Ἐπιστολὴν
2571 1629 2862 1699 ἐπέτρεπε.
2896 1631 2986 1683 Διὸ
3029 1634 3126 1687 καὶ
3159 1635 3468 1703 ἐπήγαγενο
3503 1636 3641 1690 Ἵνα

2071 1710 2258 1780 γνῶτε
2278 1713 2351 1766 τὰ
2377 1715 2511 1781 περὶ
2535 1715 2724 1784 ήμῶν,
2751 1719 3049 1793 τουτέστιν,
3074 1719 3193 1773 ’Ὶνα
3218 1722 3444 1791 μάθητε.
3468 1722 3643 1776 Τοῦτο

2072 1800 2169 1852 καὶ
2204 1800 2370 1854 αὑτοῦ
2397 1802 2496 1872 τὴν
2522 1803 2743 1872 ἀγάπην
2777 1805 2961 1875 ἐδήλου
2989 1806 3087 1876 τὴν
3129 1808 3264 1878 πρὸς
3300 1809 3516 1871 αὐτοὺς,
3546 1812 3640 1863 καὶ

2070 1887 2168 1958 τὴν
2198 1888 2419 1942 ἐκείνων
2455 1891 2591 1962 πρὸς
2630 1890 2812 1948 αὐτόν.
2846 1895 2955 1945 Ὃν
2991 1894 3251 1963 ἔπεμψα,
3294 1897 3447 1965 φησὶ,
3486 1899 3639 1965 πρὸς

2068 1973 2228 2043 ὑμᾶς
2261 1979 2349 2042 είς
2392 1979 2537 2031 αὐτὸ
2574 1978 2773 2045 τοῦτο,
2817 1980 2920 2034 ἵνα
2959 1980 3147 2050 γνῶτε
3183 1984 3253 2037 τὰ
3282 1983 3415 2051 περί
3444 1983 3636 2052 ήμῶν,

2070 2064 2169 2117 καί
2212 2067 2610 2135 παρακαλέσῃ
2658 2071 2763 2134 τὰς
2800 2070 3048 2137 καρδίας
3080 2070 3267 2139 ὑμῶν.
3298 2074 3408 2142 Οὐχ
3450 2072 3637 2136 ἁπλῶς

2068 2149 2224 2203 τοῦτό
2263 2169 2449 2220 φησιν,
2480 2153 2615 2207 ἀλλά
2650 2154 2915 2225 πρότερον
2959 2154 3151 2217 εἰπὼν,
3203 2158 3636 2227 Ἐνδυσὰμενοι

2068 2238 2166 2289 καί
2222 2238 2717 2309 περιζωσάμενοι,
2755 2242 2892 2314 ὅπερ
2950 2243 3043 2296 τοῦ
3092 2245 3181 2297 ἀεὶ
3228 2246 3506 2315 προσιέναι
3542 2250 3637 2301 καὶ

2056 2324 2422 2388 ἀδιαλείπτως
2447 2328 2563 2379 ἐστὶ
2591 2328 2909 2399 τεκμήριον.
2933 2331 3133 2383 Ἀκουε
3166 2332 3274 2403 γάρ
3305 2332 3397 2385 τοῦ
3420 2334 3637 2404 Προφή-

2065 2427 2160 2463 του
2185 2411 2457 2481 λέγοντος’
2490 2415 2811 2481 Γενηθήτω
2837 2416 3017 2482 αὐτῷ,
3048 2418 3129 2481 ὡς
3158 2418 3391 2486 ἱμάτιον
3414 2420 3446 2472 ὃ
3475 2436 3638 2488 περι-

2067 2499 2371 2564 ϐάλλεται,
2411 2500 2511 2553 καί
2539 2502 2683 2556 ὠσεί
2721 2501 2867 2570 ﬁbra
2908 2502 2988 2569 ήν
3011 2504 3336 2571 διαπαντὸς
3358 2505 3636 2574 περιζών-

2064 2604 2259 2641 νυται.
2298 2590 2408 2641 Καὶ
2448 2590 2540 2642 τὸν
2587 2590 2721 2643 Θεὸν
2750 2591 2808 2643 δέ
2846 2593 2873 2644 ὁ
2905 2592 3195 2663 Προφήτης
3240 2594 3372 2663 φησί
3406 2595 3630 2663 θώρακα

2063 2672 2409 2745 δικαιοσύνης
2464 2675 2928 2746 περιϐεϐλῆσθαι,
2975 2678 3065 2730 διὰ
3110 2678 3302 2732 τούτου
3365 2680 3635 2734 παιδεύων

2064 2760 2230 2831 ἡμᾶς,
2262 2763 2343 2815 ὅτι
2376 2761 2485 2828 ἀεὶ,
2515 2763 2612 2815 καί⁹
2643 2763 2703 2815 οὑ
2739 2764 2875 2835 πρὸς
2910 2766 3101 2836 καιρὸν
3131 2766 3338 2836 βραχὺν
3367 2768 3447 2820 δεῖ
3463 2768 3637 2823 ταῦτα

2062 2847 2236 2916 ἔχειν·
2272 2851 2362 2903 ἀεὶ
2388 2850 2498 2921 γὰρ
2533 2849 2772 2921 πολέμου
2809 2853 2983 2921 χρεία.
3033 2855 3141 2907 Καὶ
3186 2855 3343 2918 ἄλλος
3375 2856 3629 2928 ἀλλαχοῦ.

2061 2936 2295 3001 Δίκαιος
2330 2938 2459 3007 γὰρ,
2502 2938 2687 3009 φησιν,
2733 2938 2812 3004 ὡς
2856 2938 3015 2992 λέων
3059 2940 3326 2995 πέποιθε.
3376 2942 3480 2997 Τὸν
3524 2947 3634 3014 γάρ

2061 3022 2205 3077 οὕτω
2244 3024 2718 3095 τεθωρακισμένον
2748 3029 2848 3079 οὐκ
2874 3026 2954 3079 ἔνι
2989 3027 3292 3097 φοϐηθῆναι
3320 3032 3418 3101 τὴν
3453 3032 3633 3102 παρά-

2060 3112 2235 3177 ταξιν,
2259 3112 2376 3166 ἀλλ’
2403 3114 2484 3176 εἰς
2520 3114 2716 3183 μέσους
2739 3114 2996 3168 ἅλλεσθαι
3018 3116 3147 3178 τοὺς
3178 3117 3488 3194 πολεμίους.
3520 3123 3630 3175 Καὶ

2058 3200 2088 3252 ό
2132 3199 2384 3265 Ἠσαίας,
2423 3202 2656 3269 Ὤραῖοι,
2687 3203 2873 3273 φησὶν,
2903 3206 2959 3258 οι
2980 3204 3163 3272 πόδες
3184 3205 3304 3260 τῶν
3324 3210 3630 3278 εὐαγγελι-

2059 3286 2319 3358 ζομένων
2365 3291 2635 3359 εἰρήνην.
2678 3292 2773 3355 Τίς
2798 3294 2898 3346 οὐκ
2924 3293 2989 3347 ἂν
3042 3294 3262 3366 δράμοι,
3312 3297 3394 3360 τίς
3421 3298 3521 3351 ούκ
3560 3299 3632 3352 ἂν

2056 3375 2393 3447 διακονήσειε
2419 3380 2645 3450 τοιούτῳ
2678 3382 2985 3451 πράγματι,
3028 3380 3168 3435 ὥστε
3209 3385 3434 3456 εἰρήνην
3472 3386 3630 3453 εὐαγ-

2057 3463 2368 3530 γελίζεσθαι
2398 3467 2494 3518 καὶ
2526 3466 2749 3537 εἰρήνην
2775 3466 2909 3519 Θεοῦ
2934 3468 3067 3539 πρὸς
3103 3469 3443 3539 ἀνθρώπους,
3473 3473 3628 3545 εἰρή-

2058 3567 2155 3621 νην
2186 3552 2338 3606 οὐδὲν
2387 3554 2670 3622 καμόντων
2723 3554 3047 3626 ἀνθρώπων,
3082 3556 3221 3610 ἀλλά
3258 3558 3353 3611 τοῦ
3386 3559 3521 3613 Θεοῦ
3564 3560 3628 3613 τὸ

2056 3642 2166 3693 πᾶν
2212 3642 2630 3712 ἐργασαμένου;
2686 3642 2753 3695 Τί
2807 3643 2865 3696 δέ
2911 3645 3059 3698 ἐστιν
3102 3646 3137 3716 ή
3194 3646 3479 3717 ἐτοιμασία
3529 3648 3625 3702 τοῦ

2055 3728 2412 3797 Εὐαγγελίου,
2462 3730 2785 3802 ἀκούσωμεν
2825 3732 3074 3786 Ἰωάννου
3127 3732 3393 3803 λέγοντος⁹
3433 3736 3619 3791 Ἑτοι-

2048 3813 2285 3884 μάσατε
2306 3814 2422 3883 τὴν
2444 3816 2590 3870 όδὸν
2608 3818 2852 3884 Κυρίου,
2882 3821 3118 3884 εὐθείας
3137 3820 3355 3874 ποιεῖτε
3375 3821 3482 3886 τὰς
3503 3822 3624 3888 τρί-

2055 3904 2197 3969 ϐους
2228 3902 2436 3957 αὑτοῦ.
2481 3903 2643 3957 Ἀλλά
2674 3906 2845 3957 ταῦτα
2869 3906 2968 3976 μὲν
2997 3909 3201 3969 ἐκεῖνος
3229 3907 3316 3960 διά
3336 3908 3395 3960 τὸ
3430 3907 3623 3978 βάπτι-

2057 4004 2169 4057 σμα
2193 4005 2207 4018 ·
2240 3990 2362 4043 ἐπεὶ
2387 3988 2444 4041 δὲ
2481 3989 2575 4041 καὶ
2614 3990 2781 4059 ἄλλης
2810 3993 3122 4061 ἐτοιμασίας
3158 3994 3294 4063 μετά
3322 3993 3382 4046 τὸ
3420 3995 3621 4065 βάπτι-

2057 4092 2168 4144 σμα
2194 4075 2291 4137 δεῐ,
2340 4076 2545 4147 ταύτην
2590 4077 2859 4130 δείκνυσιν
2910 4073 3085 4144 οὗτος,
3139 4081 3234 4133 καὶ
3281 4080 3461 4150 λέγει·
3518 4084 3623 4137 Ἐν

2052 4162 2362 4232 ἑτοιμασίᾳ
2393 4163 2500 4217 τοῦ
2521 4165 2890 4233 Ε’ὺαγγελίου
2920 4164 3026 4232 τῆς
3054 4169 3300 4235 εἰρήνης
3323 4184 3339 4200 ⁸
3381 4171 3617 4224 αἰνιττό-

2057 4267 2216 4317 μενος
2241 4250 2329 4301 διά
2354 4250 2564 4314 τούτου,
2605 4250 2745 4303 ὥστε
2782 4252 2947 4322 μηδὲν
2974 4252 3191 4319 ἀνάξιον
3220 4255 3479 4325 πράττειν
3498 4257 3619 4329 [τῆς

2054 4335 2321 4407 εἰρήνη;].
2372 4336 2587 4407 Ἐπειδὴ
2637 4338 2746 4408 γὰρ
2789 4338 2862 4401 ὼς
2902 4343 2970 4392 τά
3024 4341 3192 4393 πολλὰ
3220 4342 3270 4393 οἰ
3321 4343 3479 4407 πόδες
3510 4346 3618 4398 εἰσὶ

2053 4424 2146 4477 τοῦ
2180 4425 2298 4494 βίου
2332 4424 2619 4494 σύμϐολον,
2654 4426 2740 4479 διὰ
2768 4426 2925 4480 τοῦτο
2955 4429 3191 4499 συνεχῶς
3220 4432 3500 4501 παραινῶν
3528 4432 3615 4486 λέ-

2051 4532 2159 4581 γει,
2195 4514 2458 4567 Βλέπετε
2484 4513 2608 4581 πῶς
2646 4516 2897 4584 ἀκριϐῶς
2934 4518 3325 4587 περιπατεῖτε,
3359 4523 3485 4591 περὶ
3520 4521 3616 4574 τοῦ

2053 4604 2169 4672 βίου
2206 4605 2400 4672 λέγων.
2446 4603 2657 4657 Οὐκοῦν
2689 4606 2854 4673 ἀξίως
2883 4607 3293 4679 πολιτευώμεθα
3321 4609 3414 4660 τοῦ
3449 4611 3613 4678 εὐαγ-

2049 4692 2251 4759 γελίου,
2294 4693 2387 4746 καὶ
2427 4691 2539 4762 βίον
2572 4694 2667 4746 καὶ
2713 4694 2937 4765 πράξεις
2982 4697 3227 4767 καθαρὰς
3266 4696 3614 4750 ἐπιδεικνύω-

2052 4780 2190 4849 μεθα
2234 4781 2322 4834 διὰ
2364 4783 2544 4852 πάσης
2574 4782 2734 4852 ὴμῶν
2786 4783 2883 4853 τῆς
2932 4784 3098 4853 ζωῆς.
3134 4786 3336 4856 Εἰρήνη
3370 4785 3615 4854 Εὑηγγε-

2048 4870 2227 4940 λίσθη,
2267 4871 2386 4925 δότε
2439 4875 2551 4934 τοῖς
2583 4872 2935 4941 Εὐαγγελίοις
2972 4872 3179 4937 τούτοις
3212 4875 3428 4944 ἐτοιμον
3457 4874 3610 4926 ὁδόν*

2047 4960 2122 5021 ῶς
2148 4960 2241 5013 ἐάν
2269 4960 2431 5015 πάλιν
2453 4960 2638 5030 ἐχθροὶ
2670 4959 2920 5030 γένησθε,
2941 4960 3122 5013 οὐκέτι
3151 4961 3295 5013 ἐστὶν
3326 4961 3613 5031 ἐτοιμασία

2047 5046 2145 5117 τῆς
2177 5048 2417 5118 είρήνης.
2472 5046 2717 5116 ’Ἑτοιμοί
2760 5049 2904 5109 ἐστε,
2958 5046 3033 5117 μὴ
3076 5046 3441 5100 ἀναϐάλλεσθε
3474 5048 3613 5118 πρὸς

2047 5134 2288 5205 εἰρήνην.
2316 5132 2578 5205 Καθάπερ
2604 5133 2811 5204 ἕτοιμοι
2834 5134 3083 5201 ἐγένεσθε
3111 5132 3247 5205 πρὸς
3270 5132 3368 5200 τήν
3387 5133 3611 5204 εἰρήνην

2048 5220 2141 5273 καὶ
2169 5221 2267 5290 τὴν
2299 5220 2503 5281 πίστιν,
2538 5219 2681 5273 οὓτω
2718 5221 2814 5273 καὶ
2852 5222 3187 5289 ἐπιμείνατε.
3229 5217 3431 5288 θυρεός
3462 5220 3610 5272 ἐστιν

2047 5313 2079 5380 ἡ
2113 5310 2312 5372 πίστις,
2346 5308 2496 5380 [182]
2530 5310 2745 5378 πρῶτος
2766 5309 3052 5379 δεχόμενος
3083 5308 3180 5370 τὰς
3214 5306 3322 5360 τῶν
3353 5307 3609 5361 ἐναντίων

2046 5397 2371 5468 προσϐολὰς,
2425 5396 2520 5450 καὶ
2550 5398 2619 5448 τά
2655 5395 2797 5449 ὅπλα
2840 5393 3021 5465 τηρῶν
3063 5392 3301 5465 ἀτρωτα.
3359 5392 3484 5445 Ἐάν
3514 5389 3611 5447 οὖν

2043 5484 2227 5547 πίστις
2258 5482 2391 5553 ὀρθή
2476 5480 2570 5537 καὶ
2593 5482 2707 5552 βίος
2737 5481 2915 5554 ὀρθὸς,
2932 5480 3002 5533 τὰ
3031 5479 3169 5533 ὅπλα
3195 5479 3411 5549 ἄτρωτα
3434 5480 3607 5548 μένει.

2044 5571 2222 5625 Πολλά
2252 5571 2310 5623 δέ
2345 5572 2472 5641 περί
2501 5571 2737 5633 πίστεως
2761 5570 2855 5622 καὶ
2885 5566 3118 5636 ἀλλαχοῦ
3146 5566 3475 5634 διαλέγεται,
3505 5568 3609 5637 μά-

2040 5660 2199 5714 λιστα
2223 5658 2280 5712 δέ
2309 5659 2446 5729 πρὸς
2482 5657 2767 5731 Ἐϐραίους
2788 5656 3034 5727 γράφων,
3058 5653 3151 5707 καὶ
3179 5652 3307 5723 περὶ
3329 5652 3428 5723 τῆς
3458 5652 3609 5706 ἐλπί-

2039 5747 2149 5811 δος.
2187 5745 2514 5811 Πιστεύετε,
2558 5746 2715 5814 φησὶ,
2754 5747 2865 5807 τοῖς
2905 5740 3190 5812 μέλλουσιν
3233 5738 3479 5807 ἀγαθοῖς,
3510 5738 3609 5793 καί⁵

2041 5834 2195 5889 οὐδὲν
2242 5832 2448 5888 τούτων
2477 5830 2841 5902 τρωθήσεται.
2890 5828 2980 5883 Ἐν
3016 5826 3126 5901 γὰρ
3165 5826 3280 5892 τοῖς
3311 5824 3523 5895 δεινοῖς,
3549 5827 3609 5881 ἐν
