4100 6412
479 551 643 605 etism
669 546 839 613 ﬁdes;
881 543 1057 599 omnia
1086 542 1228 597 enim
1256 540 1305 595 ei
1329 541 1545 595 cedunt.
1576 537 1644 592 In
1668 553 1768 606 quo
1795 533 2053 605 poteritis,

482 641 688 712 inquit.
727 639 899 694 omnia
925 638 1023 691 tela
1049 635 1338 705 nequissimi
1362 634 1511 705 ignea
1545 632 1881 702 exstinguere.
1918 624 2060 681 Nihil

478 734 624 788 enim
649 738 828 802 potest
851 729 952 782 hoc
989 736 1196 782 scutum
1227 724 1548 781 discindere.
1576 721 1713 776 Audi
1739 720 1884 776 enim
1908 717 2061 772 Chri-

478 836 623 883 stum
651 825 923 881 dicentem
942 820 1220 891 discipulis
1244 837 1258 873 :
1290 818 1352 874 Si
1372 816 1598 871 habeatis
1625 814 1777 883 ﬁdem
1806 822 2060 880 tamquam

478 933 699 990 granum
722 916 919 985 sinapis
935 953 954 980 ,
984 912 1159 967 dicetis
1185 911 1301 965 huic
1326 908 1528 962 monti:
1555 905 1741 960 Transi
1770 903 1887 956 hinc
1914 900 2058 966 illuc,

481 1022 528 1068 et
552 1010 784 1065 transibit
815 1007 1031 1072 (Matth.
1061 1006 1150 1061 17.
1180 1004 1291 1073 19).
1320 1000 1602 1071 Quomodo
1634 1009 1811 1051 autem
1843 992 2061 1049 habebi-

479 1120 601 1161 mus
627 1103 829 1157 lidem?
856 1100 1081 1169 Quando
1111 1099 1199 1152 illa
1242 1107 1388 1152 recte
1426 1093 1770 1165 gesserimus.
1812 1088 1937 1143 Tela
1968 1103 2061 1140 au-

483 1206 588 1251 tem
617 1196 733 1262 ejus
763 1193 891 1247 dicit
933 1190 1293 1252 tentationes,
1336 1184 1699 1252 absurdasquc
1735 1190 1789 1235 et
1830 1177 2061 1233 nefarias

482 1289 817 1358 cupiditates.
843 1286 1007 1340 Recte
1029 1282 1245 1347 adjecit,
1276 1278 1434 1350 Ignea
1458 1294 1477 1331 :
1508 1278 1640 1330 tales
1664 1274 1804 1328 enim
1827 1280 1949 1326 sunt
1968 1284 2062 1322 cu-

480 1381 747 1451 piditates.
777 1378 927 1448 Quod
957 1377 999 1431 si
1031 1375 1163 1429 fides
1191 1371 1471 1443 imperavit
1498 1367 1857 1427 darmonihus,
1893 1363 2061 1418 multo

480 1474 647 1543 magis
668 1471 829 1526 animi
855 1470 1014 1524 vitiis.
1043 1467 1105 1521 Et
1132 1467 1349 1537 galeam,
1379 1464 1572 1532 inquit,
1599 1461 1777 1515 salutis
1801 1457 2059 1519 assumite,

477 1577 704 1631 vestrm,
748 1566 996 1634 inquam,
1039 1561 1247 1615 salutis.
1294 1560 1398 1612 Eos
1428 1558 1567 1611 enim
1599 1552 1967 1609 circumvallat
2009 1557 2065 1602 et

478 1657 651 1712 munit
675 1658 826 1727 quasi
856 1656 1113 1709 ducturus
1138 1651 1204 1705 ad
1238 1666 1489 1719 pugnam.
1535 1646 1599 1700 Et
1625 1644 1853 1716 gladium
1909 1641 2062 1711 spiri-

477 1757 579 1813 tus,
609 1749 746 1817 quod
770 1758 844 1801 est
868 1746 1073 1799 verbum
1106 1742 1217 1796 Dei.
1248 1740 1372 1797 Sive
1411 1738 1660 1809 spiritum
1690 1735 1836 1791 dicit.
1866 1734 1978 1785 sive
2008 1730 2059 1784 in

476 1838 655 1909 gladio
680 1836 964 1908 spirituali.
996 1836 1097 1889 Per
1130 1849 1250 1888 eum
1280 1832 1421 1885 enim
1454 1837 1702 1883 sci-antur
1726 1824 1903 1880 omnia
1924 1864 1940 1889 ,
1968 1839 2063 1893 per

478 1948 603 1987 eum
631 1931 811 1986 omnia
838 1928 1173 1994 scinduntur,
1198 1936 1253 1982 et
1277 1941 1370 1995 per
1396 1939 1517 1978 eum
1546 1931 1882 1991 amputamus
1905 1926 2065 1987 caput

476 2024 748 2079 draconis.
784 2023 870 2078 18.
903 2021 1008 2076 Per
1035 2038 1232 2076 onmem
1261 2019 1538 2072 orationem
1564 2027 1610 2070 et
1635 2014 2020 2071 obsecrationem
2045 2052 2061 2075 ,

478 2116 676 2186 inquit,
703 2123 905 2168 orantes
946 2113 1084 2166 omni
1112 2120 1334 2178 tempore
1361 2110 1414 2161 in
1440 2108 1623 2177 spiritu
1642 2147 1658 2171 ,
1687 2114 1735 2159 et
1762 2105 1817 2158 in
1844 2107 1956 2172 ipso
1984 2102 2064 2156 vi-

476 2207 722 2277 gilantes,
754 2204 805 2257 in
832 2204 970 2257 omni
993 2202 1238 2257 instantia
1267 2209 1315 2255 et
1344 2198 1687 2254 obsecratione
1711 2211 1803 2266 pro
1829 2195 2063 2249 omnibus

475 2297 696 2360 sanctis;
727 2296 814 2352 l9.
841 2306 891 2348 et
918 2311 1010 2365 pro
1035 2310 1133 2357 me,
1159 2303 1213 2346 ut
1234 2292 1383 2346 detur
1405 2291 1529 2345 milii
1548 2305 1712 2344 sermo
1732 2288 1786 2341 in
1806 2287 2066 2356 apertione

478 2390 582 2445 oris
621 2405 736 2443 cum
777 2388 1000 2457 fiducia,
1046 2396 1222 2439 notum
1264 2388 1430 2454 facere
1459 2380 1747 2452 mysterium
1783 2378 2027 2449 evangelii
2045 2419 2061 2443 ,

477 2484 567 2539 20.
599 2500 691 2554 pro
729 2497 827 2551 quo
869 2479 1119 2550 legatione
1159 2476 1346 2545 fungar
1372 2476 1425 2528 in
1454 2483 1660 2538 catena,
1692 2473 1765 2525 ita
1794 2480 1846 2525 ut
1874 2472 1927 2524 in
1953 2470 2065 2540 ipso

478 2577 693 2630 audeam
724 2584 873 2643 prout
898 2580 1093 2641 oportet
1124 2585 1202 2623 me
1231 2568 1390 2638 loqui.
1420 2566 1569 2622 Sicut
1598 2565 1687 2619 Dei
1716 2564 1938 2618 verbum
1970 2577 2066 2633 po-

481 2678 585 2723 test
609 2667 817 2730 omnia,
855 2666 924 2718 ita
952 2664 1111 2718 etiam
1148 2660 1239 2733 qui
1272 2662 1494 2729 gratiam
1523 2657 1685 2711 habet
1708 2654 2061 2725 spiritualem.

488 2759 641 2814 Vivus
668 2768 743 2813 est
771 2758 903 2811 enim
922 2797 938 2821 ,
972 2754 1175 2824 inquit,
1207 2767 1369 2806 sermo
1412 2749 1507 2803 Dei
1531 2758 1579 2802 et
1607 2748 1807 2818 efﬁcax,
1839 2756 1886 2800 et
1917 2761 2067 2814 pene-

480 2852 712 2906 trabilior
730 2849 866 2904 omni
886 2847 1058 2917 gladio
1076 2845 1287 2913 ancipiti
1316 2841 1498 2913 (Hebr.
1521 2842 1575 2895 4.
1604 2840 1689 2909 12)
1703 2882 1715 2893 .
1734 2838 1869 2895 Vide
1887 2848 2065 2893 autem

481 2946 618 3001 beati
649 2944 807 3011 huius
836 2940 1194 3012 prudentiam.
1223 2936 1464 2991 Armavit
1492 2950 1587 2990 eos
1616 2932 2024 3003 diligentissime
2048 2946 2063 2983 :

478 3037 747 3108 quomodo
771 3044 954 3106 postea
984 3039 1231 3101 oporteat
1261 3030 1459 3099 Regem
1493 3027 1764 3088 invocare,
1797 3034 1850 3078 et
1876 3038 2067 3094 rogare

480 3141 535 3184 ut
564 3144 780 3184 manum
827 3126 1096 3197 porrigat.
1131 3123 1332 3176 docet:
1381 3119 1485 3173 Per
1525 3134 1722 3171 omnem
1751 3117 2063 3181 orationem,

482 3221 685 3291 inquit,
714 3230 762 3274 et
794 3218 1186 3272 obsecrationem
1215 3221 1414 3266 orantes
1445 3211 1583 3264 omni
1605 3220 1845 3277 tempore,
1878 3209 1930 3261 in
1956 3208 2066 3277 spi-

481 3314 603 3367 ritu.
637 3312 820 3366 Potest
845 3308 986 3363 enim
1033 3306 1153 3375 quis
1189 3306 1240 3358 in
1277 3305 1467 3372 Spiritu
1501 3317 1605 3357 non
1639 3316 1823 3365 orare,
1854 3299 2067 3368 quando

482 3404 617 3458 futili
647 3404 815 3457 utitur
833 3400 1095 3455 oratione.
1116 3395 1183 3449 Et
1210 3398 1261 3449 in
1282 3396 1413 3463 ipso,
1440 3394 1630 3461 inquit,
1659 3392 1940 3462 t'igilanles,
1966 3390 2068 3445 hoc

482 3506 595 3560 est,
640 3496 820 3550 sobrie
862 3500 1101 3563 agentes.
1146 3489 1326 3543 Talem
1373 3487 1515 3541 enim
1543 3495 1759 3555 oportet
1798 3499 1917 3537 esse
1944 3498 2064 3536 eum

480 3589 680 3660 quiest
706 3597 979 3647 armatus,
1016 3583 1107 3654 qui
1137 3589 1242 3636 stat
1275 3579 1413 3650 apud
1446 3580 1679 3649 Regem,
1714 3590 1906 3644 nempe
1936 3575 2066 3644 vigi-

483 3684 680 3737 lantem
707 3691 756 3735 et
789 3678 1049 3732 sobrium.
1096 3674 1162 3728 In
1195 3673 1332 3728 omni
1358 3672 1599 3725 instantia
1639 3679 1686 3722 et
1728 3667 2068 3721 obsecratione

482 3791 575 3845 pro
605 3772 835 3827 onmibus
861 3769 1048 3824 sanctis
1074 3776 1120 3821 et
1153 3782 1243 3835 pro
1269 3780 1347 3818 me
1365 3804 1381 3829 ,
1413 3772 1466 3817 ut
1500 3763 1650 3815 detur
1669 3760 1793 3813 mihi
1821 3774 1983 3812 sermo
2012 3758 2067 3811 in

479 3866 742 3935 apertione
775 3867 876 3916 oris
906 3862 1020 3913 mei.
1057 3858 1191 3927 Quid
1236 3856 1403 3923 dicis,
1441 3870 1475 3907 ο
1504 3854 1656 3908 beate
1701 3851 1903 3906 Paule?
1932 3866 2065 3919 opus

483 3961 648 4015 babes
669 3955 984 4028 discipulis?
1006 3955 1174 4009 Recte
1203 3960 1378 4007 autem
1406 3950 1559 4009 dixit,
1590 3947 1654 4001 In
1680 3947 1940 4018 apertione
1963 3946 2066 3999 oris

481 4054 599 4109 mei.
628 4051 744 4107 Non
773 4064 900 4119 ergo
946 4046 1304 4102 meditabatur
1344 4057 1463 4111 qum
1510 4040 1740 4104 dicebat,
1790 4037 1881 4092 sed
1929 4037 2068 4091 sicut

481 4145 617 4200 dixit
641 4143 906 4204 Christus,
941 4138 1158 4205 Quando
1182 4153 1268 4190 vos
1296 4133 1617 4198 tradiderint,
1650 4148 1711 4183 ne
1730 4129 1935 4183 solliciti
1960 4129 2067 4182 sitis

482 4236 733 4309 quomodo
756 4244 843 4287 aut
870 4233 993 4306 quid
1022 4230 1296 4302 loquamini
1321 4244 1340 4283 :
1366 4227 1568 4281 dabitur
1588 4225 1721 4281 enim
1741 4225 1878 4278 vobis
1899 4224 1951 4277 in
1975 4223 2067 4276 illa

484 4332 612 4384 liora
636 4327 757 4396 quid
788 4324 1063 4394 loquamini
1101 4319 1327 4384 (Matth.
1362 4318 1450 4373 10.
1480 4315 1581 4386 19)
1609 4333 1622 4371 :
1652 4317 1720 4368 ita
1754 4314 1857 4369 lide
1879 4311 2068 4383 agebat

484 4422 695 4487 omnia,
726 4419 904 4473 omnia
934 4432 1028 4486 per
1055 4415 1296 4487 gratiam.
1332 4411 1458 4466 Cum
1485 4410 1674 4479 ﬁducia
1694 4450 1709 4474 ,
1739 4409 1941 4478 inquit,
1969 4422 2065 4459 no-

487 4525 591 4568 tum
620 4517 787 4584 facere
814 4509 1103 4580 mysterium
1133 4504 1395 4576 evangelii.
1435 4502 1549 4557 Hoc
1575 4512 1658 4556 est
1677 4541 1692 4565 ,
1726 4507 1782 4553 ut
1826 4499 2068 4567 apposite

486 4623 573 4662 me
603 4604 905 4660 delt'lltlalll.
934 4597 1307 4654 Circumdatus
1339 4611 1397 4651 es
1422 4594 1628 4649 catenis
1649 4633 1665 4659 ,
1695 4599 1751 4648 et
1780 4591 1899 4645 aliis
1926 4589 2067 4644 indi-

485 4698 617 4768 ges?
642 4697 835 4760 Etiam,
870 4693 1074 4765 inquit:
1102 4706 1225 4746 nam
1251 4689 1442 4744 Petrus
1467 4701 1677 4757 quoque
1699 4692 1816 4739 erat
1839 4685 2069 4738 circum-

486 4793 645 4846 datus
673 4797 911 4851 eatena;
938 4785 1033 4840 sed
1077 4794 1253 4839 tamen
1301 4781 1473 4836 oratio
1517 4779 1633 4833 sine
1675 4776 2070 4833 intermissione

489 4884 651 4939 ﬁebat
679 4880 813 4951 (Act.
840 4877 927 4933 12.
956 4877 1037 4950 5).
1060 4874 1167 4930 Pro
1188 4890 1286 4945 quo
1313 4872 1563 4943 legatione
1589 4873 1775 4940 [ungor
1798 4866 1853 4920 in
1870 4876 2068 4931 catena,

488 4977 561 5029 ita
584 4982 638 5028 ut
663 4973 717 5027 in
743 4971 855 5040 ipso
884 4967 1100 5022 audeam
1124 4972 1271 5037 prout
1298 4970 1495 5032 oportet
1521 4976 1601 5014 me
1628 4959 1783 5028 loqui.
1811 4958 1921 5012 Hoc
1950 4968 2033 5012 est
2051 4998 2067 5023 ,

490 5076 549 5122 ut
576 5081 698 5122 cum
726 5062 915 5119 llducia
942 5070 996 5116 et
1021 5058 1233 5115 dicendi
1254 5058 1517 5120 libertate,
1537 5069 1657 5109 cum
1686 5052 1848 5106 animi
1877 5052 2073 5105 virtute

488 5169 545 5215 et
568 5174 690 5214 cum
714 5158 877 5212 multa
907 5153 1189 5226 prudentia
1215 5149 1587 5222 respondeam.
1617 5146 1708 5201 21.
1745 5145 1812 5200 Ut
1836 5154 2004 5199 autem
2025 5152 2072 5197 et

491 5267 577 5305 vos
602 5250 772 5302 sciatis
796 5263 910 5315 qua:
937 5246 1071 5298 circa
1101 5260 1179 5295 me
1206 5251 1342 5305 sunt,
1373 5239 1496 5308 quid
1525 5254 1671 5309 agam
1694 5279 1709 5303 ,
1742 5236 1911 5289 omnia
1936 5234 2073 5288 vobis

492 5352 610 5396 nota
634 5341 781 5411 faciet
806 5337 1080 5409 Tychicus,
1103 5334 1392 5388 carissimus
1414 5331 1573 5401 frater
1592 5338 1639 5383 et
1660 5327 1827 5398 ﬁdelis
1849 5327 2075 5379 minister

490 5435 544 5487 in
577 5430 809 5485 Domino.

560 5523 618 5577 2.
663 5521 925 5589 Quoniam
966 5527 1143 5572 autem
1184 5514 1423 5569 meminit
1459 5512 1827 5574 vinculorum,
1874 5507 2078 5563 dimisit

494 5616 655 5671 etiam
686 5611 884 5679 aliquid
926 5609 1159 5682 Tychico
1204 5603 1344 5677 quod
1388 5603 1455 5659 de
1482 5619 1540 5658 se
1578 5603 1741 5657 dicat.
1784 5600 1916 5656 Nam
1958 5615 2078 5670 qua:

499 5709 835 5774 pertint-bant
859 5705 1070 5775 quidem
1098 5702 1163 5756 ad
1193 5701 1438 5769 dogmata
1460 5709 1514 5753 et
1535 5698 1599 5750 ad
1624 5697 2076 5761 exhortationem,

497 5816 560 5851 ea
592 5798 889 5854 declarabat
935 5812 1032 5866 per
1068 5793 1347 5863 epistolam
1379 5807 1393 5845 :
1425 5805 1543 5860 qua:
1579 5800 1757 5842 autem
1801 5789 1867 5842 ad
1909 5789 2075 5842 solam

500 5889 952 5944 denuntiationem
976 5929 991 5955 ,
1032 5903 1091 5941 ea
1130 5883 1462 5952 relinquebat
1494 5879 1802 5945 tabellario;
1852 5879 2075 5949 ideoque

1332 424 1399 481 IN
1438 421 1656 481 EPIST.
1698 421 1790 477 AD
1827 417 2070 477 EPllES.
2109 416 2261 474 CAP.
2306 417 2393 474 Vl.
2432 419 2663 478 HOMlL.
2706 422 2897 481 XXIV.

2169 531 2462 604 subjungit,
2499 534 2567 592 Ut
2590 536 2781 601 sciatis,
2816 537 3007 608 inquit,
3035 556 3149 610 quer
3176 540 3312 594 circa
3347 558 3439 597 nos
3466 556 3618 615 sunt,
3642 550 3748 603 hoc

2167 631 2281 689 est,
2313 637 2370 679 ut
2399 626 2637 683 discatis.
2668 629 2780 684 lloc
2814 639 2868 685 ct
2895 630 3012 700 ejus
3052 632 3103 685 in
3137 632 3282 702 ipsos
3320 639 3630 692 OSlt'tnlo-hnl
3663 641 3752 695 di-

2168 715 2471 782 lectionem,
2498 727 2553 774 ct
2577 719 2789 777 illorum
2814 723 2865 776 in
2898 723 3091 794 ipsum.
3122 725 3212 781 22.
3248 727 3409 796 Quem
3435 732 3551 786 misi
3573 734 3642 787 ad
3666 752 3752 790 vos

2167 807 2221 861 in
2250 810 2345 864 hoc
2367 811 2552 879 ipsum,
2586 824 2640 867 ut
2663 819 2975 886 cognoscatis
2996 836 3109 889 qute
3129 823 3263 876 circa
3287 841 3379 878 nos
3399 837 3538 893 sunt,
3564 840 3610 882 et
3632 847 3753 883 con-

2167 902 2355 956 soletur
2374 907 2529 958 corda
2551 917 2737 963 vestra.
2760 909 2869 965 Nec
2896 909 3000 967 hoc
3020 912 3137 968 sine
3157 928 3315 970 causa
3341 918 3489 981 dicit,
3514 922 3606 975 sed
3630 938 3752 976 cum

2169 994 2318 1063 prius
2362 998 2617 1065 dixisset,
2652 999 2834 1055 Induti
2860 1012 2907 1056 et
2935 1006 3178 1060 succincti
3196 1049 3211 1072 ,
3252 1010 3394 1079 quod
3426 1012 3639 1082 quidem
3671 1026 3754 1069 est

2170 1084 2422 1140 indicium
2444 1130 2460 1151 ,
2492 1089 2635 1158 quod
2674 1105 2889 1161 semper
2932 1096 3303 1164 progrediatur
3338 1109 3392 1154 et
3435 1103 3552 1156 sine
3584 1106 3750 1158 inter-

2169 1178 2443 1234 missione.
2493 1184 2629 1239 Audi
2673 1189 2818 1241 enim
2858 1190 3171 1258 prephetam
3214 1194 3477 1250 dicentem
3509 1213 3524 1251 :
3558 1197 3678 1252 Fiat
3707 1203 3753 1253 ei

2168 1271 2297 1324 sicut
2327 1276 2672 1330 vestimentum
2701 1297 2801 1350 quo
2829 1283 3078 1346 induitur,
3112 1295 3159 1339 et
3184 1287 3314 1341 sicut
3339 1305 3468 1343 zona
3495 1308 3595 1361 qua
3634 1310 3752 1362 per-

2170 1372 2319 1465 petua
2337 1368 2677 1465 prtecingitur
2716 1370 2887 1439 (Psal.
2922 1375 3045 1429 108.
3078 1377 3192 1446 19).
3237 1378 3504 1449 PrOpheta
3542 1398 3755 1453 quoque

2169 1452 2299 1507 dicit
2337 1456 2498 1509 Deum
2546 1459 2788 1515 indutum
2836 1477 2956 1519 esse
2986 1464 3203 1522 thorace
3240 1468 3495 1537 justiti:e,
3526 1487 3623 1541 per
3652 1452 3752 1530 hoc

2170 1560 2268 1600 nos
2297 1547 2566 1613 erudiens,
2596 1552 2736 1621 quod
2759 1568 2990 1623 semper,
3008 1559 3187 1612 nonad
3213 1560 3377 1615 breve
3400 1566 3754 1633 tempusdimc

2170 1634 2371 1692 habere
2399 1651 2678 1709 oporteat;
2723 1661 2937 1715 semper
2983 1650 3125 1702 enim
3173 1653 3313 1705 bello
3363 1666 3444 1708 est
3485 1671 3638 1723 opus.
3688 1659 3755 1713 Et

2168 1728 2304 1820 alius
2328 1730 2474 1797 alibi,
2504 1732 2686 1788 Justus
2712 1737 2841 1789 enim
2862 1779 2885 1802 ,
2907 1739 3109 1808 inquit,
3145 1744 3353 1811 conﬁdit
3382 1755 3435 1797 ut
3465 1748 3541 1800 leo
3569 1746 3751 1820 (Prov.

2167 1819 2257 1873 28.
2285 1820 2363 1890 1).
2398 1821 2529 1877 Nam
2558 1831 2648 1894 qui
2674 1836 2757 1880 est
2795 1829 2872 1883 sic
2904 1830 3061 1885 lorica
3093 1833 3305 1888 indutus
3327 1877 3340 1899 ,
3378 1837 3487 1890 ﬁeri
3519 1855 3629 1892 non
3656 1856 3753 1909 po-

2171 1920 2275 1966 test
2296 1922 2353 1967 ut
2374 1914 2683 1971 instructam
2714 1918 2898 1974 timeat
2926 1924 3115 1985 aciem,
3147 1924 3240 1979 sed
3264 1926 3312 1978 in
3338 1929 3551 1983 medius
3574 1932 3755 1988 hostes

2168 2015 2250 2060 est
2276 2006 2326 2060 ei
2357 2007 2719 2064 insiliendum.
2756 2012 2823 2067 Et
2852 2013 3050 2069 lsaias:
3089 2016 3342 2085 Speciosi,
3377 2020 3569 2091 inquit,
3602 2026 3756 2095 pedes

2168 2111 2342 2151 eorum
2373 2100 2459 2167 qui
2486 2118 2659 2170 pacem
2693 2107 2997 2160 annuntiant
3037 2106 3189 2180 (lsat'.
3221 2110 3311 2165 52.
3345 2112 3419 2184 7).
3465 2115 3595 2181 Quis
3640 2133 3750 2169 non

2168 2193 2498 2259 cucurrerit,
2531 2196 2649 2264 quis
2680 2197 2805 2252 huic
2841 2199 2918 2253 rei
2964 2216 3071 2255 non
3101 2204 3378 2270 servierit,
3406 2209 3619 2277 quando
3654 2227 3774 2281 pax.

2168 2287 2548 2354 annuntiatur;
2580 2305 2707 2360 pax,
2740 2292 2979 2363 inquam,
3005 2297 3096 2350 Dei
3117 2312 3238 2352 cum
3267 2299 3593 2369 hominibus,
3630 2323 3775 2372 pas,

2168 2390 2293 2431 cum
2325 2380 2569 2435 homines
2601 2383 2818 2439 minime
2855 2385 3256 2457 laboraverint,
3285 2391 3378 2446 sed
3415 2394 3554 2448 Deus
3584 2405 3755 2452 tomm

2166 2466 2396 2524 fecerit?
2425 2471 2561 2539 Quid
2588 2473 2659 2527 sit
2681 2486 2863 2531 autem
2886 2480 3211 2548 praeparatio
3238 2484 3539 2552 evangelii,
3567 2487 3759 2542 audiav

2170 2573 2290 2613 mus
2308 2559 2569 2617 Joannem
2602 2563 2875 2621 dicentem
2894 2608 2909 2632 ,
2947 2566 3137 2624 Parate
3169 2572 3300 2625 viam
3330 2571 3537 2628 Domini
3556 2616 3573 2636 .
3597 2584 3769 2633 rectas-

2170 2653 2322 2722 facite
2341 2656 2543 2710 semitas
2567 2657 2678 2725 ejus
2701 2658 2909 2728 (Matth.
2935 2660 2988 2715 5.
3014 2662 3095 2731 5).
3121 2661 3323 2719 Verum
3346 2664 3462 2721 hare
3483 2667 3761 2725 dumtaxat

2170 2754 2390 2814 propter
2411 2745 2671 2816 baptisma
2694 2749 2848 2805 dixit.
2870 2751 3136 2818 Quoniam
3164 2770 3294 2810 vero
3313 2756 3415 2810 alia
3438 2759 3598 2814 etiam
3623 2776 3760 2830 prte-

2170 2838 2449 2905 paratione
2476 2856 2610 2911 opus
2637 2853 2718 2896 est
2746 2853 2867 2913 post
2908 2847 3171 2916 baptisma
3191 2890 3203 2912 ,
3239 2849 3376 2905 hanc
3414 2853 3651 2908 ostendit
3678 2855 3761 2910 di-

2169 2944 2321 2996 cens,
2353 2930 2418 2987 In
2449 2936 2823 3005 prteparatione
2847 2941 3092 3009 evangelii
3117 2943 3281 3011 pacis,
3316 2944 3543 2999 innuens
3571 2946 3759 3001 videli-

2170 3031 2276 3088 cet,
2303 3033 2359 3077 ιιι
2385 3025 2519 3079 nihil
2539 3041 2759 3097 agamus
2790 3046 2921 3100 pace
2952 3032 3247 3101 indignum.
3273 3034 3409 3090 Nam
3430 3038 3678 3105 quoniam
3704 3052 3762 3094 ut

2170 3114 2458 3183 plurimum
2483 3118 2648 3186 pedes
2670 3130 2791 3173 sunt
2818 3123 2939 3176 vita:
2962 3123 3287 3191 symbolum,
3317 3138 3595 3197 propterea
3617 3144 3760 3200 saepe

2170 3206 2467 3264 admonens
2520 3211 2687 3276 dicit,
2752 3211 2926 3267 Videte
2977 3220 3232 3281 quomodo
3284 3230 3456 3275 exacte
3498 3224 3761 3278 ambuletis

2171 3300 2407 3369 (Ephes.
2440 3302 2494 3357 5.
2529 3302 2653 3374 15),
2684 3304 2752 3359 de
2782 3306 2887 3358 vita
2932 3307 3177 3376 loquens.
3224 3309 3407 3381 itaque
3448 3328 3667 3382 agamus
3706 3326 3781 3372 et.

2170 3394 2517 3447 ostendamus
2546 3410 2664 3463 quae
2692 3406 2815 3449 sunt
2845 3397 3002 3467 digna
3025 3400 3325 3469 evangelio,
3353 3418 3550 3473 nempe
3572 3406 3756 3472 vitam,

2170 3493 2223 3537 et
2252 3484 2477 3537 mundas
2504 3487 2744 3541 actiones
2782 3502 2879 3556 per
2908 3498 3070 3543 totam
3103 3492 3263 3545 vitam
3292 3504 3554 3550 nostram.
3586 3498 3757 3550 livan-

2168 3577 2311 3645 gelio
2342 3593 2438 3647 pax
2462 3581 3049 3649 estannuntiata,.date
3071 3585 3207 3637 viam
3239 3597 3475 3653 paratam
3502 3589 3582 3641 his
3604 3590 3759 3643 bonis

2172 3671 2373 3723 nuntiis
2398 3688 2411 3726 :
2448 3672 2588 3740 quod
2618 3672 2663 3725 si
2692 3688 2877 3727 rursus
2906 3673 3030 3727 facti
3059 3676 3266 3730 fueritis
3292 3678 3512 3742 inimici,
3547 3696 3651 3735 non
3676 3691 3762 3737 est

2169 3762 2399 3831 amplius
2430 3764 2574 3832 pacis
2594 3766 2934 3834 praeparatio.
2959 3766 3086 3822 Sitis
3114 3770 3307 3837 parati,
3334 3780 3385 3824 et
3413 3788 3478 3825 ne
3501 3772 3759 3829 dill'eratis

2170 3856 2428 3911 accedere
2456 3857 2521 3911 ad
2551 3873 2759 3928 pacem.
2794 3858 2946 3914 Sicut
2975 3866 3143 3930 parati
3176 3862 3352 3919 fuistis
3382 3867 3445 3919 ad
3491 3885 3672 3935 pacem
3705 3880 3761 3926 et

2171 3946 2350 4010 ﬁdem.
2398 3950 2469 4003 ita
2502 3951 2660 4004 etiam
2708 3964 3034 4019 permanete.
3073 3955 3293 4011 Scutum
3322 3967 3404 4011 est
3435 3959 3587 4025 lides,
3615 3961 3761 4030 quod

2170 4041 2402 4109 primum
2432 4041 2631 4110 excipit
2663 4042 2893 4097 insultas
2924 4044 3288 4114 inimicorum,
3321 4056 3377 4103 et
3405 4063 3554 4105 arma
3581 4062 3762 4106 servat

2172 4132 2357 4185 illtesa.
2388 4132 2442 4187 Si
2472 4148 2601 4203 ergo
2632 4133 2766 4188 ﬁdes
2810 4136 2879 4189 sit
2910 4146 3053 4191 recta
3084 4146 3138 4191 et
3167 4139 3270 4191 vita
3301 4149 3479 4204 recta,
3513 4157 3660 4195 arma
3695 4144 3760 4196 il-

2170 4224 2294 4279 laesa
2344 4236 2580 4281 manent.
2622 4226 2801 4281 Multis
2840 4238 3019 4283 autem
3063 4231 3187 4286 alibi
3235 4231 3303 4287 de
3350 4233 3455 4287 lidc
3500 4234 3758 4301 disserit,

2171 4318 2405 4372 maxime
2446 4317 2690 4372 scribens
2729 4318 2795 4372 ad
2842 4320 3101 4375 Hebraeos
3129 4320 3281 4391 (Cap.
3313 4324 3428 4392 11),
3460 4334 3515 4379 et
3542 4326 3609 4380 de
3639 4340 3755 4396 spe.

2169 4408 2405 4475 Credite,
2438 4410 2632 4478 inquit,
2664 4409 2819 4464 bonis
2850 4410 3064 4475 futuris,
3094 4421 3149 4467 et
3171 4413 3305 4467 nihil
3337 4415 3525 4469 horum
3553 4419 3761 4473 saucia-

2171 4499 2333 4554 bitur.
2365 4499 2494 4554 Nam
2524 4500 2576 4554 in
2605 4500 2845 4556 adversis
2871 4510 2926 4556 et
2951 4503 3003 4555 in
3025 4502 3295 4557 laboribus
3323 4521 3472 4575 spem
3501 4508 3762 4575 objicicns

2172 4602 2227 4647 et
2257 4592 2449 4659 iidem,
2482 4592 2569 4646 illa
2610 4594 2853 4648 servabis
2895 4595 3079 4649 illaesa.
3114 4597 3193 4651 Ad
3228 4600 3389 4652 licunt
3430 4581 3572 4655 enim
3604 4618 3761 4659 acce-

2171 4682 2388 4737 dentem
2417 4692 2631 4753 Oportet
2667 4686 2890 4740 credere
2927 4686 3069 4755 quod
3113 4686 3213 4752 sit,
3259 4699 3312 4743 et
3358 4688 3423 4746 iis
3464 4693 3551 4761 qui
3582 4693 3754 4763 ipsum

2173 4782 2421 4844 qumrunt
2459 4774 2517 4828 lit
2559 4787 2949 4831 remuneratur.
2999 4778 3158 4833 Fides
3201 4790 3285 4835 est
3331 4795 3539 4838 scutum
3572 4794 3760 4855 tegens

2176 4882 2270 4921 eos
2289 4867 2379 4936 qui
2406 4868 2523 4922 sine
2544 4868 2754 4922 curiosa
2780 4869 3165 4937 perquisitione
3183 4872 3440 4939 credunt;
3470 4877 3555 4931 sin
3578 4888 3758 4933 autem

2176 4960 2284 5014 sint
2321 4958 2649 5028 sophismata
2680 4970 2735 5013 et
2776 4962 3011 5016 rationes
3050 4972 3105 5017 et
3135 4966 3620 5034 reprehensiones,
3651 4985 3759 5026 non

2178 5059 2261 5105 est
2290 5060 2497 5106 scutum
2519 5092 2533 5115 ,
2566 5052 2659 5106 scd
2701 5068 2799 5106 nos
2828 5053 3066 5122 impedit.
3098 5054 3245 5112 Talis
3272 5058 3342 5113 sit
3370 5059 3503 5114 fides
3545 5072 3600 5115 ut
3639 5064 3763 5116 uni-

2178 5160 2391 5198 versum
2423 5155 2673 5214 contegat
2701 5157 2754 5199 et
2781 5147 3082 5203 olnnnbret.
3112 5149 3189 5205 Ne
3210 5152 3279 5205 sit
3309 5168 3436 5221 ergo
3464 5155 3639 5208 brevis
3659 5197 3675 5223 ,
3704 5167 3764 5211 nt

2181 5237 2352 5291 nudos
2378 5238 2517 5291 sinat
2546 5238 2740 5307 pedes,
2770 5253 2862 5291 aut
2891 5240 3091 5309 aliquid
3123 5241 3267 5296 aliud
3291 5284 3304 5306 ,
3334 5243 3429 5298 sed
3457 5246 3524 5298 sit
3553 5258 3761 5303 scutum

2174 5329 2371 5398 justam
2397 5329 2598 5384 habens
2623 5331 3011 5401 symmetriam.
3043 5330 3226 5403 Ignea.
3258 5333 3393 5388 Sunt
3419 5338 3559 5389 enim
3585 5340 3769 5394 multa:

2179 5419 2596 5488 disceptationes
2624 5420 2856 5474 animum
2886 5432 3133 5484 urentes,
3164 5424 3343 5477 multa:
3374 5425 3729 5481 dubitationes
3749 5471 3768 5494 ,

2182 5513 2364 5567 multa:
2406 5514 2729 5583 quaestiones
2773 5513 3217 5583 inexplicabiles;
3270 5516 3363 5570 sed
3406 5534 3589 5572 revera
3639 5522 3770 5577 fides

2182 5605 2309 5660 facit
2373 5615 2430 5660 nt
2489 5606 2668 5660 omnia
2725 5617 2958 5661 cessent.
3007 5606 3166 5659 Multa
3232 5607 3471 5664 immittit
3525 5610 3770 5670 diabolus

2184 5710 2420 5752 nostram
2440 5696 2776 5751 inﬂammatis
2794 5700 3045 5759 animam,
3061 5698 3397 5755 etaddnccns
3415 5702 3479 5756 ad
3503 5705 3771 5775 ambigui-

2186 5800 2348 5844 tatem
2373 5832 2387 5851 ,
2420 5800 2475 5841 ut
2497 5790 2709 5858 quando
2732 5789 2914 5843 dicunt
2945 5789 3142 5859 aliqui,
3171 5790 3436 5862 Numquid
3477 5805 3561 5849 cst
3590 5814 3769 5852 resur-

2188 5880 2394 5936 rectio?
2424 5878 2675 5949 numquid
2700 5891 2779 5934 ρει
2804 5879 3099 5948 judicium?
3137 5884 3391 5952 numquid
3416 5897 3497 5942 est
3528 5906 3775 5944 remune-
