4100 6412
296 316 391 377 ιη

294 431 471 486 ratio?
497 428 591 487 sed
620 428 663 483 si
695 434 901 482 scutum
929 422 1054 481 ﬁdei
1082 422 1313 489 habeas,
1340 423 1648 491 exstingues
1670 418 1869 475 diaboli

293 523 398 576 tela
422 523 474 575 in
503 520 625 575 lide.
658 517 851 573 Invasit
872 525 924 571 te
947 513 1177 570 absurda
1202 512 1488 583 cupiditas,
1523 514 1772 566 incensus
1792 518 1876 565 est

295 612 437 665 intus
474 610 610 680 ignis
640 609 896 663 malarum
923 604 1345 677 cogitationum?
1372 602 1593 672 Oppone
1620 601 1670 657 ei
1714 599 1871 655 ﬁdem

291 704 589 757 futurorum
635 700 928 761 bonorum,
971 706 1026 751 et
1066 712 1132 751 ne
1168 694 1446 763 apparebit
1475 693 1686 763 quidem
1710 732 1727 757 ,
1775 690 1872 746 sed

294 794 507 864 peribit.
544 792 728 846 Omnia
751 789 852 845 tela
872 804 893 844 :
919 804 1022 847 non
1049 787 1162 842 haec
1185 786 1398 865 quidem
1429 785 1751 854 exstinguet,
1784 782 1872 837 illa

291 902 421 941 vero
467 901 595 940 non.
643 883 781 951 Audi
826 883 1049 937 Paulum
1088 881 1401 935 dicentem:
1448 879 1694 941 Existimo
1738 878 1873 933 enim

289 977 427 1047 quod
452 994 553 1031 non
597 985 713 1041 sunt
751 973 1015 1046 condigne
1052 972 1310 1051 passiones
1348 971 1500 1040 hujus
1543 970 1780 1039 temporis
1804 969 1872 1027 ad

295 1074 518 1137 futuram
539 1068 773 1140 gloriam,
798 1081 911 1137 qua:
926 1063 1224 1120 revelabitur
1247 1065 1298 1121 in
1322 1062 1461 1124 nobis
1484 1060 1658 1131 (Rom.
1678 1060 1731 1123 8,
1755 1060 1867 1131 l8).

360 1160 680 1223 Tentationes
715 1168 762 1213 et
802 1173 1042 1212 (erumna:
1070 1154 1318 1225 quomodo
1353 1152 1762 1224 repellendae.——
1784 1151 1871 1205 Vir

289 1254 387 1308 des
413 1270 571 1324 quam
603 1254 765 1308 multa
802 1252 905 1305 tela
936 1260 1061 1312 tunc
1087 1247 1445 1305 exstinxerint
1471 1245 1644 1315 juSIi?
1675 1245 1868 1299 Annon

290 1345 537 1399 videntur
566 1345 659 1401 tibi
685 1343 785 1397 tela
808 1357 929 1397 esse
958 1342 1121 1411 ignita
1142 1381 1158 1406 ,
1191 1339 1333 1410 quod
1362 1338 1572 1392 interno
1594 1338 1714 1407 igne
1745 1350 1870 1390 ure-

291 1448 438 1491 retur
481 1435 777 1506 patriarcha
827 1435 994 1488 lilium
1030 1431 1307 1487 olferens?
1335 1430 1442 1484 Alii
1483 1444 1694 1499 quoque
1739 1428 1867 1499 justi

289 1528 463 1580 otnnia
489 1528 605 1597 ejus
628 1526 727 1581 tela
750 1526 1138 1585 cxstinxerunt.
1164 1521 1291 1578 Sive
1312 1536 1439 1591 ergo
1464 1521 1661 1575 bellum
1682 1527 1870 1590 gerant

288 1621 661 1689 cogitationes,
694 1634 810 1672 eam
834 1630 1188 1688 opponamus,
1218 1615 1331 1669 sive
1361 1613 1605 1668 libidines
1631 1611 1863 1682 etcupi-

287 1710 503 1773 ditates,
530 1724 590 1763 ea
623 1717 854 1773 utamur,
889 1708 1004 1763 sive
1047 1706 1259 1761 labores
1287 1713 1342 1759 et
1368 1718 1620 1769 utrumme
1651 1743 1666 1767 ,
1712 1702 1764 1763 in
1802 1714 1867 1755 ea

285 1802 763 1871 conqtticscamus:
795 1816 859 1867 ea
904 1800 1094 1855 merito
1122 1807 1206 1861 est
1236 1814 1355 1868 qua:
1394 1804 1678 1852 conservat
1719 1809 1864 1859 arma

286 1895 465 1947 omnia
499 1912 511 1947 :
544 1894 586 1947 si
617 1908 734 1947 eam
768 1908 875 1946 non
904 1890 1197 1951 habeamus
1219 1931 1232 1954 ,
1263 1890 1350 1947 illa
1379 1888 1485 1944 cito
1513 1887 1864 1956 perforaban-

287 1996 373 2038 tur
402 1992 457 2038 ct
487 1983 768 2038 lurdcntur.
798 1982 865 2038 In
892 1981 1143 2048 omnibus,
1178 1981 1369 2050 inquit,
1400 1989 1651 2034 sumentes
1671 1987 1867 2041 scutum

286 2077 426 2145 fidei.
457 2076 593 2154 Quid
616 2084 721 2141 est,
750 2072 815 2127 In
838 2074 1069 2133 omnibus
1092 2074 1117 2126 ?
1148 2073 1212 2131 Et
1243 2072 1294 2126 in
1323 2073 1568 2137 veritate,
1598 2072 1786 2142 inquit,
1812 2081 1868 2125 et

286 2174 339 2224 in
364 2169 569 2237 justitia
595 2210 611 2239 ,
653 2177 707 2222 et
754 2167 806 2221 in
847 2167 1237 2238 praeparatione
1264 2164 1547 2239 evangelii.
1596 2164 1707 2218 lloc
1736 2173 1815 2219 est
1850 2205 1864 2229 ,

285 2261 464 2314 omnia
499 2261 612 2319 hate
659 2275 795 2328 Opus
841 2245 927 2313 illa
974 2257 1191 2323 habent.
1225 2257 1513 2326 PrOpterea
1554 2256 1864 2324 subjunxit,

288 2355 354 2408 Et
380 2354 577 2427 galeam
605 2354 785 2410 salutis
814 2350 1072 2405 assumite.
1110 2349 1223 2403 Hoc
1253 2358 1335 2403 est
1356 2390 1370 2413 ,
1400 2348 1503 2403 Per
1531 2363 1647 2409 eam
1675 2347 1742 2402 de
1765 2362 1866 2400 ca:-

286 2458 402 2502 tero
430 2446 674 2517 poteritis
703 2459 824 2507 esse
854 2445 971 2506 tuti,
1004 2453 1059 2497 et
1098 2456 1257 2505 omne
1288 2440 1581 2510 periculum
1611 2438 1863 2509 etfugerc.

284 2540 432 2602 Sicut
463 2538 604 2603 enim
635 2538 783 2606 galea
810 2578 823 2599 ,
856 2543 1042 2601 exacte
1067 2543 1225 2603 caput
1249 2532 1482 2605 undique
1511 2540 1693 2602 tegens
1717 2571 1731 2595 ,
1760 2545 1865 2584 non

284 2633 412 2685 sinit
438 2640 493 2684 ιιι
533 2628 730 2700 aliquid
758 2643 921 2698 grave
951 2626 1210 2697 patiatur,
1242 2622 1337 2680 sed
1365 2624 1418 2677 id
1443 2630 1729 2677 conservat
1755 2639 1768 2675 :
1794 2621 1863 2675 ita

285 2724 444 2777 etiam
478 2722 609 2781 lidcs
651 2730 735 2775 est
778 2735 874 2789 pro
901 2700 1053 2773 scuto
1084 2759 1098 2781 ,
1129 2727 1186 2772 et
1227 2732 1323 2799 pro
1375 2716 1521 2786 galea
1572 2715 1779 2781 salutis.
1811 2715 1866 2770 Si

285 2817 428 2870 enim
459 2815 575 2885 ejus
603 2814 705 2868 tela
726 2811 1162 2877 exstinxerimus,
1192 2810 1299 2864 cito
1326 2809 1485 2863 etiam
1515 2808 1867 2876 suscipiemus

286 2913 521 2963 rationes
550 2922 669 2977 qure
693 2912 1048 2969 conservant,
1073 2919 1191 2971 qua:
1220 2918 1325 2957 non
1357 2902 1536 2955 sinant
1566 2910 1620 2955 ut
1646 2900 1867 2954 facultas

284 3016 404 3067 qme
434 3007 580 3054 tenet
616 2998 965 3067 principatum
1008 2993 1203 3063 aliquid
1236 2993 1502 3063 patiatur.
1548 2992 1676 3045 Nam
1709 2993 1752 3046 si
1787 2991 1867 3045 lue

285 3090 567 3145 contraria!
595 3088 831 3147 rationes
860 3084 1268 3153 exstinguantur
1300 3101 1311 3136 :
1341 3084 1448 3138 cito
1468 3097 1588 3155 quae
1617 3099 1720 3137 non
1743 3093 1867 3137 sunt

286 3181 420 3235 tales
443 3221 458 3244 ,
491 3178 584 3243 scd
614 3193 710 3233 nos
740 3184 995 3240 servant,
1029 3184 1085 3230 et
1112 3173 1348 3229 efficiunt
1378 3182 1436 3228 ut
1480 3176 1672 3233 bonam
1716 3190 1865 3243 Spem

287 3273 579 3335 habeamus
599 3313 613 3335 ,
648 3273 699 3325 in
731 3270 883 3333 nobis
912 3276 1237 3335 nascentur;
1262 3277 1312 3322 et
1340 3267 1480 3322 sicut
1504 3270 1652 3338 galea
1694 3268 1747 3325 in
1775 3284 1867 3331 ca-

284 3367 415 3436 pile,
444 3365 656 3418 inerunt
693 3363 745 3418 in
783 3361 1034 3417 facultate
1063 3376 1183 3431 quae
1211 3359 1264 3415 in
1297 3359 1453 3421 nobis
1479 3360 1684 3417 obtinet
1718 3362 1865 3430 prin-

283 3460 539 3524 cipalutn.

356 3554 409 3608 5.
444 3550 558 3615 Nec
585 3550 686 3615 hoc
718 3548 891 3604 solum
912 3589 929 3616 ,
961 3547 1055 3602 sed
1086 3548 1246 3603 etiam
1271 3545 1505 3616 gladiqu
1533 3546 1863 3613 accipiemus

286 3646 539 3715 Spiritus,
571 3654 627 3698 ut
653 3644 705 3697 in
733 3650 1011 3713 posterum
1036 3654 1142 3699 non
1170 3640 1345 3695 solum
1368 3638 1468 3693 tuti
1496 3640 1664 3693 simus
1691 3656 1721 3694 a
1750 3642 1870 3697 telis

285 3754 405 3808 qua:
435 3719 747 3801 mittuntur,
765 3733 861 3789 sed
886 3749 948 3791 ea
970 3733 1130 3789 etiam
1153 3734 1327 3804 ipsum
1360 3731 1555 3788 feriant
1573 3732 1864 3789 diabolum.

286 3830 480 3882 Anima
508 3827 650 3881 enim
677 3840 797 3895 qua:
818 3840 925 3883 non
948 3824 1233 3894 desperat,
1265 3840 1438 3895 neque
1466 3826 1571 3879 tela
1595 3825 1754 3895 ignita
1782 3841 1870 3880 ac.

286 3920 436 3988 cipit,
465 3933 589 3973 cum
628 3932 815 3991 magna
856 3915 1021 3978 animi
1068 3916 1341 3970 alacritate
1397 3914 1561 3969 stabit
1614 3915 1870 3970 adversus

286 4011 565 4067 inimicum
586 4049 602 4074 ,
636 4007 928 4078 perfringet
960 4008 1061 4060 hoc
1087 4005 1265 4076 gladio
1293 4004 1410 4075 ejus
1436 4006 1709 4067 thoracem
1731 4047 1746 4071 ,
1776 4022 1870 4074 per

286 4118 446 4173 quem
473 4099 737 4169 confregit
763 4107 818 4153 et
840 4098 956 4168 ejus
985 4098 1211 4168 cogitata
1257 4097 1462 4168 redegit
1504 4098 1555 4151 in
1591 4099 1871 4167 captivita—

288 4206 397 4249 tem
426 4193 622 4256 Paulus
644 4232 662 4259 ,
693 4190 1090 4260 draconemque
1109 4189 1423 4245 conscindet
1444 4230 1458 4253 ,
1487 4201 1541 4245 et
1566 4191 1683 4258 ejus
1712 4201 1871 4260 caput

288 4282 616 4354 amputabit.
652 4279 807 4347 Quod
852 4289 931 4333 est
964 4280 1179 4343 verbum
1212 4280 1328 4334 Dei.
1361 4284 1469 4338 Aut
1494 4280 1710 4351 jussum
1749 4281 1871 4352 ejus

288 4374 379 4429 hic
407 4374 539 4428 dicit
574 4373 825 4439 verbum,
853 4378 950 4426 aut
980 4380 1334 4442 praeceptum,
1365 4373 1510 4445 quod
1544 4373 1776 4444 apostoli
1815 4374 1871 4443 in

286 4466 504 4520 nomine
532 4464 659 4518 Jesu
688 4462 887 4518 Christi
930 4463 1123 4532 ubique
1154 4463 1412 4518 miracula
1439 4465 1661 4521 edentes
1688 4465 1869 4538 profe-

286 4556 498 4612 rebant.
528 4553 757 4609 Tantum
792 4568 891 4608 nos
920 4553 972 4608 in
1002 4553 1250 4608 omnibus
1275 4554 1621 4611 observemus
1639 4598 1656 4622 ,
1688 4565 1749 4612 ut
1775 4557 1868 4614 Dei

288 4657 556 4718 praecepta
582 4645 945 4702 custodiamus
972 4662 985 4699 :
1020 4647 1065 4701 si
1091 4645 1235 4701 enim
1266 4646 1353 4701 illa
1377 4649 1652 4713 faciamus,
1684 4664 1780 4720 per
1805 4666 1868 4717 ea

288 4740 358 4793 de
386 4737 563 4792 medio
607 4737 855 4791 tollemus
884 4744 939 4790 et
983 4735 1291 4792 occidemus
1337 4737 1511 4810 ipsum
1538 4738 1825 4795 draconem
1850 4782 1868 4809 ,

288 4838 591 4884 tortuosum
632 4837 964 4897 serpentem.
1009 4826 1106 4882 Hic
1148 4826 1276 4882 mihi
1308 4816 1429 4883 vide
1456 4828 1605 4884 Pauli
1634 4831 1868 4900 pruden-

291 4923 443 4975 tiam.
472 4919 607 4988 Quia
634 4918 779 4974 enim
812 4916 968 4982 dixit,
998 4916 1239 4973 Poteritis
1263 4918 1363 4972 tela
1386 4918 1576 4974 diaboli
1602 4922 1751 5001 ignea
1778 4939 1868 4977 ea:-

290 5015 584 5085 stinguere;
613 5028 680 5066 ne
705 5011 848 5080 ipsos
877 5010 1104 5076 inﬂaret,
1132 5011 1364 5066 ostendit
1384 5025 1478 5068 eos
1501 5014 1731 5067 maxime
1754 5030 1869 5069 om-

290 5109 437 5162 nium
465 5105 531 5161 ad
562 5105 665 5161 hoc
695 5105 805 5160 Deo
829 5118 965 5174 Opus
988 5103 1207 5159 habere.
1233 5104 1369 5171 Quid
1395 5105 1537 5160 enim
1569 5106 1742 5171 dicit?
1766 5107 1869 5163 Per

288 5216 486 5253 omnem
512 5198 789 5251 orationem
810 5205 857 5249 et
878 5193 1290 5250 obsecrationem.
1325 5197 1401 5250 Ac
1420 5196 1465 5251 si
1486 5195 1709 5263 diceret,
1743 5198 1868 5255 Haec

289 5302 464 5356 erunt,
496 5299 551 5345 et
576 5298 743 5345 totum
773 5296 920 5343 recte
944 5287 1143 5357 geretis
1172 5296 1411 5342 orantes.
1443 5287 1742 5358 Numquam
1769 5306 1865 5346 au-

286 5391 395 5436 tem
425 5382 687 5438 accedens
715 5396 813 5454 pro
840 5390 891 5436 te
917 5380 1035 5436 solo
1062 5395 1210 5451 roga,
1240 5389 1295 5435 et
1321 5381 1399 5436 sic
1430 5380 1601 5437 Deum
1643 5382 1867 5440 habebis

288 5473 594 5544 propitium.
634 5471 731 5526 Per
759 5488 979 5537 omnem,
1010 5470 1215 5541 inquit,
1247 5471 1528 5526 orationem
1552 5485 1601 5526 et
1630 5472 1866 5527 obsecra-

286 5568 468 5621 tionem
491 5576 692 5621 orantes
732 5566 784 5619 in
810 5565 944 5620 omni
972 5574 1195 5634 tempore
1233 5566 1289 5619 in
1315 5565 1497 5635 spiritu
1519 5606 1534 5630 ,
1577 5575 1623 5620 et
1668 5567 1738 5619 ad
1772 5568 1866 5621 hoc

292 5659 461 5729 ipsum
487 5657 748 5728 vigilantes
774 5656 828 5711 in
856 5658 993 5711 omni
1015 5656 1258 5710 instantia
1277 5699 1292 5724 ,
1322 5665 1368 5711 et
1396 5658 1735 5713 obsecratione
1770 5675 1864 5730 pro

287 5746 518 5819 omnibus
539 5748 746 5815 sanctis.
774 5745 857 5807 Ne
880 5746 1014 5806 mihi
1037 5745 1265 5831 deﬁnias
1294 5756 1533 5819 tempora
1560 5747 1664 5807 diei
1698 5767 1711 5805 :
1735 5750 1858 5809 audi

1008 310 1065 367 S.
1102 304 1377 367 JOANNIS
1411 301 1878 363 CHRYSOSTOMI
1915 299 2227 361 ARCHIEP.
2267 298 2795 357 CONSTANTINOP.

3454 306 3559 369 1η

1983 416 2125 471 enim
2150 415 2275 487 quid
2297 415 2457 478 dicat,
2481 416 2549 471 In
2571 420 2711 471 omni
2738 428 2958 487 tempore
2985 421 3201 478 accede.
3231 423 3360 480 Sine
3382 426 3553 482 inter-

1980 509 2272 573 missione,
2307 508 2476 578 inquit
2501 550 2514 571 ,
2548 519 2781 564 orantes.
2836 511 2951 566 Non
2995 513 3241 569 audivisti
3289 518 3560 587 quomoda

1981 598 2068 653 illa
2095 597 2253 652 vidua
2294 600 2563 669 superarit
2604 600 2959 655 assiduitate?
2990 618 3095 656 non
3125 604 3370 665 audivisti
3417 610 3557 662 ami-

1980 705 2102 745 cum
2128 690 2271 744 illum
2302 691 2474 745 media
2501 702 2659 746 nocte
2680 708 2773 746 sua
2803 696 3197 762 perseverantia
3225 697 3557 770 impetratis-

1979 782 2080 836 se?
2108 797 2211 835 non
2236 783 2482 837 audivisti
2509 784 2576 837 de
2605 784 3037 854 Syrophcenissa,
3067 790 3337 858 quomodo
3370 807 3553 862 perpe-

1980 880 2066 925 tua
2116 887 2211 926 sua
2266 873 2697 944 interpellatione
2751 877 3031 933 Dominum
3089 883 3441 937 evocaverit?
3490 885 3556 940 lli

1977 975 2166 1016 omnes
2198 962 2548 1033 impetrarunt
2574 982 2669 1019 sua
2698 967 3031 1023 assiduitate.
3061 968 3276 1025 Orontes
3298 1012 3315 1037 ,
3346 972 3551 1043 inquit,

1976 1050 2030 1104 in
2060 1053 2197 1118 omni
2226 1065 2450 1121 tempore
2478 1056 2531 1108 in
2559 1057 2760 1124 spiritu.
2792 1057 2906 1114 Hoc
2930 1068 3031 1125 est,
3063 1076 3182 1130 qua:
3204 1077 3271 1117 ex
3293 1063 3404 1117 Deo
3429 1073 3555 1130 sunt

1976 1157 2295 1219 quaeramus.
2328 1145 2456 1199 nihil
2487 1147 2829 1213 mundanum,
2865 1150 2998 1205 nihil
3027 1151 3172 1222 quod
3202 1153 3267 1207 ad
3306 1153 3441 1209 hanc
3467 1158 3548 1211 vi-

1979 1244 2083 1289 tam
2115 1237 2397 1305 pertineat.
2430 1238 2547 1294 Non
2576 1239 2750 1302 solum
2777 1257 2928 1312 ergo,
2959 1243 3171 1312 inquit,
3212 1260 3347 1315 opus
3382 1258 3467 1302 cst
3497 1256 3555 1313 ut
3572 1243 3621 1249 ιθ

1975 1339 2187 1415 oremus
2218 1329 2757 1415 sineiutermissione
2781 1373 2796 1397 ,
2830 1334 2924 1391 Sed
2955 1335 3117 1389 etiam
3142 1344 3200 1390 ut
3229 1338 3549 1409 vigilantes;

1976 1413 2044 1468 Et
2071 1417 2139 1469 ad
2164 1417 2256 1473 ltoc
2286 1413 2452 1486 ipsum
2480 1460 2495 1485 ,
2546 1420 2737 1491 inquit,
2789 1423 3076 1493 vigilantes.
3108 1426 3233 1482 Sive
3282 1430 3365 1482 hic
3413 1429 3554 1486 dicat

1975 1511 2427 1578 pernoctationes.
2452 1513 2565 1569 sive
2587 1515 2745 1578 etiam
2764 1516 2955 1570 anima:
2974 1518 3337 1581 sobrietatem,
3359 1532 3554 1575 utrum-

1974 1613 2077 1667 que
2102 1600 2345 1659 admitto.
2379 1601 2535 1657 Vides
2557 1603 2825 1672 quomodo
2848 1607 3093 1676 vigilaret
3119 1609 3205 1664 illa
3230 1611 3550 1677 Cltananzca,

1973 1700 2028 1745 et
2056 1691 2281 1746 Domino
2315 1709 2422 1750 non
2461 1695 2859 1764 reSpondente,
2889 1698 2982 1752 sed
3019 1700 3180 1758 etiam
3217 1702 3511 1771 repellente
3533 1744 3551 1771 ,
3618 1714 3629 1763 ἰν

1973 1794 2027 1838 et
2075 1800 2191 1839 eam
2235 1800 2422 1851 canem
2460 1787 2781 1856 appellante,
2812 1790 2901 1849 illa
2935 1790 3175 1859 diceret,
3208 1792 3396 1862 Etiam,
3445 1795 3554 1849 Do-

1972 1876 2106 1929 mine
2139 1892 2156 1930 :
2185 1893 2305 1931 nam
2344 1888 2391 1932 et
2436 1879 2609 1932 catelli
2655 1881 2921 1934 comedunt
2959 1899 3021 1935 ea:
3050 1885 3192 1943 micis
3219 1901 3332 1954 ante
3366 1888 3553 1942 cadunt

1971 1987 2035 2025 ea:
2077 1989 2249 2026 mensa
2293 1975 2611 2035 dominorum
2658 1992 2868 2037 suorum
2914 1976 3128 2047 (Matth.
3171 1979 3256 2034 15.
3291 1980 3385 2051 20)
3410 2000 3425 2036 :
3454 1999 3552 2042 nec

1971 2065 2173 2120 destitit
2200 2075 2485 2136 antequam
2518 2078 2802 2138 assequttta
2836 2069 2933 2124 fuit
2962 2073 3317 2140 petitionem?
3347 2085 3401 2131 et
3427 2092 3554 2147 quo-

1971 2157 2132 2212 modo
2161 2157 2317 2212 vidua
2349 2158 2434 2212 illa
2466 2159 2755 2226 clamavit,
2805 2173 2858 2215 et
2903 2164 3105 2222 tamdiu
3153 2170 3551 2237 perseveravit,

1971 2252 2142 2307 donec
2173 2254 2373 2322 pudore
2404 2253 2645 2319 all'eCerit
2676 2256 2969 2325 principem
2998 2298 3013 2323 ,
3041 2260 3131 2329 qui
3179 2276 3353 2331 neque
3385 2263 3550 2319 Deum

1973 2345 2234 2410 timebat,
2278 2362 2449 2417 neque
2498 2347 2770 2404 hominem
2819 2348 3148 2404 verebatur?
3179 2360 3233 2405 et
3280 2355 3552 2423 quomodo

1971 2438 2174 2494 amicus
2203 2438 2520 2507 intempesta
2549 2449 2705 2495 nocte
2729 2442 3093 2508 perseveravit
3119 2483 3134 2507 ,
3162 2442 3334 2503 donec
3365 2446 3552 2503 effece-

1970 2533 2042 2587 rit
2067 2542 2124 2587 ut
2150 2533 2433 2604 vigilaret,
2464 2548 2557 2587 sua
2586 2534 2897 2590 assiduitate
2943 2535 3159 2601 incusso
3203 2538 3278 2592 illi
3310 2540 3553 2609 pudore?

1973 2623 2087 2678 Hoc
2114 2633 2195 2679 est
2225 2625 2466 2695 vigilare.
2498 2625 2591 2680 Vis
2632 2625 2842 2687 discere
2880 2627 3110 2697 vigiliam
3138 2630 3331 2685 anima:
3357 2631 3381 2684 Ἰ
3420 2633 3553 2687 vade

1970 2716 2036 2769 ad
2065 2718 2294 2778 Annam.
2320 2728 2375 2772 et
2399 2718 2521 2772 audi
2545 2718 2705 2773 verba
2729 2717 2847 2787 ejus
2871 2737 2883 2773 :
2909 2720 3130 2788 Adonei,
3157 2720 3275 2785 Eloi
3324 2723 3554 2789 Sabaoth

1976 2807 2052 2876 (1.
2084 2807 2212 2878 Reg.
2245 2808 2295 2861 1.
2333 2808 2442 2878 Η).
2476 2809 2588 2863 lmo
2618 2824 2748 2864 vero
2774 2809 2896 2864 audi
2938 2826 3056 2880 qua:
3105 2811 3195 2868 illa
3226 2815 3388 2871 verba
3418 2831 3552 2886 prte-

1973 2908 2269 2954 cesserunt.
2298 2900 2680 2964 Surrexerunt,
2711 2902 2902 2972 inquit,
2933 2917 3121 2959 omnes
3146 2920 3178 2959 a
3208 2922 3393 2967 mensa
3421 2929 3435 2973 ;
3464 2911 3552 2965 illa

1973 3004 2100 3044 vero
2127 3005 2231 3044 non
2261 2989 2326 3044 ad
2352 3005 2598 3045 somnum
2622 3001 2707 3047 est
2734 3007 2995 3048 conversa
3021 3035 3036 3059 ,
3068 3011 3174 3049 non
3200 2996 3265 3051 ad
3291 2999 3549 3067 quietem,

1978 3080 2126 3136 Unde
2158 3081 2286 3134 mihi
2315 3082 2525 3135 videtur
2550 3082 2710 3137 etiam
2741 3083 2793 3136 in
2821 3098 3002 3139 mensa
3034 3085 3243 3142 sedisse
3267 3088 3420 3153 levis.
3453 3108 3554 3148 nec

1974 3174 2096 3228 ullis
2119 3174 2251 3229 cibis
2278 3184 2523 3244 gravata,
2552 3175 2752 3245 alioqui
2781 3192 2887 3231 non
2930 3185 3034 3232 tam
3075 3179 3273 3235 multas
3291 3181 3557 3240 emisisset

1973 3267 2258 3338 lacrymas.
2281 3266 2413 3321 Nam
2435 3267 2479 3320 si
2504 3282 2621 3330 nos,
2644 3282 2765 3323 cum
2788 3267 2972 3324 sumus
2988 3270 3178 3340 jejuni,
3202 3273 3290 3326 vix
3314 3289 3552 3343 oramus,

1975 3360 2083 3415 imo
2133 3375 2263 3417 vero
2305 3375 2372 3415 ne
2416 3360 2495 3415 sic
2538 3359 2756 3430 quidem
2806 3377 3059 3432 umquam
3100 3378 3318 3419 oramus
3346 3383 3360 3421 :
3389 3368 3556 3437 multo

1974 3452 2145 3523 magis
2175 3452 2263 3515 illa
2301 3461 2423 3522 post
2451 3468 2691 3513 mensam
2737 3469 2844 3508 non
2882 3463 3116 3521 orasset,
3162 3457 3265 3512 nisi
3301 3458 3461 3513 etiam
3500 3462 3554 3515 in

1973 3560 2158 3607 mensa
2198 3544 2385 3606 fuisset
2414 3546 2605 3600 similis
2628 3546 3021 3616 jejunantibus.
3053 3548 3161 3604 Nos
3186 3550 3329 3607 viros
3354 3553 3557 3621 pudore

1973 3636 2246 3691 sulfundat
2272 3637 2388 3691 hare
2409 3638 2641 3725 mulieri
2669 3654 2767 3693 nos
2793 3639 2990 3708 pudeat
3009 3641 3101 3710 qui
3123 3656 3218 3711 pro
3242 3658 3407 3714 regno
3427 3662 3556 3716 sup.

1975 3727 2234 3797 plicamus
2260 3738 2316 3783 et
2342 3730 2658 3796 oscitamus,
2690 3730 2833 3801 quod
2855 3745 2918 3785 ca
2946 3740 3064 3787 oret
3097 3747 3195 3802 pro
3221 3732 3329 3790 lilio
3355 3744 3411 3790 et
3436 3736 3557 3792 fun-

1974 3818 2068 3872 dat
2093 3820 2374 3889 l-tcrymas.
2406 3819 2472 3873 Et
2492 3822 2644 3885 stetit,
2675 3821 2865 3891 inquit,
2893 3839 3060 3876 coram
3084 3822 3326 3893 Domino,
3354 3836 3409 3882 et
3429 3828 3557 3898 quid

1975 3909 2147 3967 dicit?
2173 3910 2373 3971 Λειοηαὶ
2405 3909 2640 3973 Domine,
2672 3910 2793 3965 Eloi
2821 3911 3053 3967 sabaoth.
3087 3914 3142 3969 lt!
3171 3926 3251 3969 est
3280 3928 3479 3984 autem,
3509 3922 3554 3977 si

1976 4001 2368 4071 interpreteris,
2398 4002 2624 4058 Domine
2649 4003 2790 4058 Deus
2812 4003 3063 4059 virtutum
3085 4020 3179 4061 seu
3201 4011 3556 4074 exercituum,

1976 4093 2232 4164 Linguam
2282 4095 2682 4163 praecurrebam
2725 4095 3021 4168 lacrymaa;
3067 4098 3153 4154 his
3200 4102 3452 4171 sperabat
3489 4120 3551 4160 se

1977 4186 2145 4241 Deum
2168 4201 2287 4241 esse
2310 4186 2586 4241 ﬂexuram.
2608 4186 2710 4243 Ubi
2729 4199 2852 4243 sunt
2872 4190 3141 4261 lacrymm,
3164 4195 3385 4250 omnino
3398 4197 3557 4254 etiam

1977 4276 2092 4332 illic
2120 4288 2201 4332 est
2226 4277 2445 4333 afﬂictio
2470 4296 2484 4333 :
2509 4278 2597 4334 ubi
2623 4288 2802 4335 autem
2830 4291 2912 4336 est
2939 4282 3180 4348 afflictio,
3212 4285 3323 4340 illic
3345 4302 3560 4357 quoque

1977 4378 2060 4424 cst
2090 4369 2253 4423 multa
2280 4369 2618 4442 philosophia
2646 4382 2699 4427 ct
2727 4375 2973 4429 attentio.
3012 4376 3074 4431 Si
3097 4378 3331 4443 audiens,
3362 4381 3554 4451 inquit,

1978 4464 2222 4519 exaudias
2247 4466 2526 4521 arationem
2550 4467 2752 4531 ancillae
2780 4478 2898 4534 tute,
2925 4478 2973 4523 et
3003 4469 3201 4529 dederis
3228 4473 3352 4526 mihi
3370 4475 3557 4543 ﬁlium.

1977 4557 2108 4611 dabo
2136 4559 2307 4624 ipsum
2356 4556 2575 4614 Domino
2607 4568 2711 4613 toto
2755 4569 3001 4631 tempore.
3048 4561 3166 4618 Non
3192 4564 3362 4631 dixit,
3403 4567 3561 4622 Anno

1976 4664 2105 4712 uno,
2133 4659 2227 4704 aut
2254 4650 2462 4712 duobus
2487 4693 2502 4718 ,
2544 4650 2685 4705 sicut
2726 4666 2861 4719 nos;
2895 4667 2996 4711 nec
3018 4653 3197 4721 dixit,
3245 4655 3300 4712 Si
3345 4656 3559 4713 dederis

1976 4742 2109 4805 mihi
2138 4743 2307 4799 lilium
2332 4783 2348 4807 ,
2376 4742 2447 4798 do
2474 4742 2765 4813 pecunias;
2795 4743 2922 4807 sed.
2951 4743 3131 4814 Ipsum
3160 4747 3361 4802 donum
3390 4750 3557 4804 reddo

1977 4835 2265 4906 integrum,
2303 4834 2718 4904 primogenitum
2737 4876 2754 4900 ,
2783 4835 3044 4891 orationis
3070 4836 3263 4892 filium.
3294 4831 3421 4895 Htec
3449 4840 3556 4902 filia

1976 4934 2094 4989 erat
2139 4925 2391 4987 Abrahte.
2446 4925 2541 4980 llle
2583 4933 2762 4980 autem
2809 4935 3025 4997 rogatus
3057 4942 3180 4982 eum
3206 4928 3394 4994 dedit;
3442 4930 3554 4999 ipsa

1978 5032 2106 5074 vero
2125 5016 2273 5080 dedit
2291 5016 2451 5071 etiam
2472 5024 2595 5071 ante
2617 5016 2950 5086 petitionem.
2972 5016 3079 5074 Sed
3106 5019 3231 5074 hinc
3249 5020 3409 5075 etiam
3434 5022 3558 5078 vide

1978 5107 2096 5177 ejus
2119 5107 2390 5176 pietatem.
2427 5105 2537 5159 Vox
2559 5107 2692 5175 ejus,
2716 5106 2909 5175 inquit,
2932 5125 3035 5184 non
3058 5109 3395 5178 audiebatur;
3422 5113 3557 5170 labia

1977 5209 2145 5252 autem
2176 5198 2284 5268 ejus
2309 5198 2653 5251 mouebantur.
2683 5197 2775 5254 Sic
2804 5199 3011 5254 accedit
3039 5200 3107 5255 ad
3133 5201 3299 5256 Deum
3326 5202 3415 5273 qui
3444 5205 3558 5269 vult
3640 5237 3649 5245 -

1979 5293 2268 5362 impetrare
2289 5331 2303 5352 ,
2332 5305 2437 5344 non
2468 5290 2648 5345 mollis
2672 5299 2728 5345 et
2768 5290 2992 5361 ignavus
3018 5334 3035 5362 ,
3065 5308 3240 5364 neque
3287 5291 3554 5361 osbitans,

1978 5397 2080 5438 nec
2104 5379 2427 5447 dissolutus,
2462 5396 2636 5452 neque
2676 5396 2737 5437 se
2762 5380 2961 5439 fricans
2986 5424 3001 5451 ,
3030 5400 3205 5455 neque
3247 5396 3465 5457 torpens
3494 5402 3551 5443 ac

1978 5472 2277 5544 negligens.
2330 5472 2524 5526 Annon
2574 5472 2716 5526 enim
2765 5482 2976 5542 poterat
3022 5473 3152 5530 dare
3205 5476 3348 5532 Deus
3392 5479 3555 5533 etiam

1975 5565 2181 5634 absque
2201 5563 2487 5618 oratione?
2515 5578 2583 5618 an
2609 5563 2887 5619 nesciebat
2908 5565 3069 5620 etiam
3095 5574 3222 5623 ante
3243 5569 3555 5638 petitionem

1976 5654 2219 5711 mulieris
2238 5653 2602 5710 desiderium?
2630 5653 2725 5709 sed
2752 5653 2797 5709 si
2821 5654 3055 5711 dedisset
3076 5666 3201 5712 ante
3220 5659 3555 5729 petitionem.

1976 5764 2086 5808 non
2116 5747 2450 5825 apparuisset
2480 5745 2719 5806 mulieris
2748 5746 2912 5804 animi
2935 5748 3206 5820 alacritas,
3237 5766 3342 5806 non
3372 5750 3562 5807 fuisset
