4100 6412
399 433 498 490 ΠΙ

384 551 498 612 τοῖς
522 546 707 611 πόνοις
721 544 822 617 τήν
837 546 1028 604 ἐλπίδα
1051 547 1491 620 προϐαλλόμενος
1511 549 1607 605 καὶ
1633 550 1730 621 τήν
1753 550 1955 615 πίστιν,

384 637 607 708 ἀτρωτα
615 636 797 688 ἐκεῖνα
808 635 962 705 διατη
971 637 1175 706 ρήσεις.
1200 638 1382 691 ΙΙιστε
1391 635 1529 692 ῦσαι
1544 637 1642 690 δεῖ
1652 637 1758 691 τὸν
1771 650 1960 704 προσ-

383 728 714 796 ερχόμενον
740 723 823 790 τῷ
852 722 994 789 Θεῷ,
1024 725 1114 778 ὅτι
1142 726 1299 792 ἔστι,
1338 726 1441 783 καὶ
1466 726 1592 791 τοῖς
1610 725 1962 794 ἐκζητοῦσιν

381 801 573 866 αὑτὸν
581 811 1036 881 μισθαποδότης
1054 812 1305 881 γίνεται.
1347 812 1409 866 Ἢ
1427 813 1604 876 πίστις
1626 812 1815 884 θυρεός
1843 813 1959 867 ἐστι

385 900 607 954 σκέπων
639 903 765 965 τοὺς
801 902 1148 972 ἀπεριέργως
1177 900 1531 965 πιστεύοντας
1550 918 1563 932 ·
1596 901 1691 954 ἐὰν
1720 900 1778 954 δὲ
1807 900 1959 969 σοφί-

386 1006 568 1060 σματα
646 990 743 1043 καὶ
777 989 1028 1059 λογισμοὶ
1056 992 1153 1044 καὶ
1191 982 1435 1053 εύθῢναι,
1469 991 1569 1043 οὐκ
1601 989 1681 1042 ἔτι
1713 988 1834 1041 ἐστὶ
1861 987 1956 1041 θυ-

385 1076 528 1148 ρεὸς,
567 1076 704 1131 ἀλλά
738 1076 1056 1147 συμποδίξει
1083 1079 1250 1150 ἡμᾶς.
1272 1077 1508 1148 Τοιαύτη
1531 1077 1671 1131 ἐστω
1700 1076 1734 1147 ή
1756 1075 1955 1141 πίστις,

382 1161 525 1215 ὥστε
558 1163 960 1233 συγκαλύπτειν
979 1164 1075 1218 καὶ
1093 1165 1408 1230 συσκιάξειν
1430 1162 1491 1218 τὸ
1512 1166 1639 1219 πᾶν.
1665 1165 1757 1234 Μὴ
1778 1163 1958 1216 τοίνυν

382 1248 525 1304 ἔστω
573 1251 822 1322 βραχεῖα,
848 1250 989 1306 ὥστε
1021 1253 1262 1322 γυμνοὺς
1292 1252 1421 1315 τοὺς
1466 1252 1655 1316 πόδας,
1682 1252 1716 1322 ἢ
1744 1250 1871 1306 ἄλλο
1905 1268 1960 1304 τι

385 1343 552 1415 μέρος
590 1344 708 1414 ἐᾷν,
734 1343 849 1397 ἀλλ’
872 1342 1012 1396 ἔστω
1036 1342 1350 1415 σύμμετρος
1376 1343 1405 1394 ὁ
1434 1342 1645 1414 θυρεός.
1678 1345 1958 1410 Πεπυρω-

377 1430 553 1502 μένα.
592 1430 785 1484 Πολλοὶ⁵
811 1430 921 1502 γὰρ
962 1431 1306 1502 διαλογισμοὶ
1337 1432 1435 1503 τὴν
1475 1430 1655 1502 ψυχὴν
1689 1430 1953 1496 καίοντες,

382 1518 579 1572 πολλαὶ
600 1519 849 1589 ἀπορίαι,
872 1518 1065 1572 πολλαὶ
1089 1519 1415 1591 ἀμηχανίαι,
1435 1519 1570 1573 ἀλλά
1592 1519 1770 1571 πάντα
1787 1518 1957 1581 ὅντως

380 1608 416 1677 ή
448 1607 631 1670 πίστις
661 1605 953 1660 ἀναπαύει.
992 1606 1170 1660 Πολλὰ
1197 1608 1405 1676 ἐνίησιν
1433 1608 1461 1658 ό
1496 1606 1957 1674 διάϐολος,ἐμπυ-

382 1694 550 1767 ρίζων
576 1695 733 1766 ήμῶν
752 1694 851 1766 τὴν
874 1694 1076 1767 ψυχὴν,
1100 1695 1194 1748 καὶ
1220 1696 1300 1759 εἰς
1324 1694 1655 1766 ἀμφιϐολίαν
1679 1694 1848 1762 ἄγων,
1878 1692 1953 1758 ώς

379 1785 508 1838 ὅταν
519 1783 718 1853 λέγωσί
733 1801 897 1848 τινες·
915 1780 1062 1855 *Αρα
1091 1784 1389 1847 ἀνάστασις
1412 1785 1590 1850 ἕστινς
1611 1779 1721 1854 ἀρα
1740 1781 1952 1854 κρίσις;

382 1868 491 1942 ἆρα
521 1871 909 1937 ἀνταπόδοσις;
954 1871 1094 1924 Ἀλλ’
1124 1871 1219 1926 ἐὰν
1248 1872 1338 1925 τὸν
1372 1872 1563 1942 θυρεὸν
1590 1873 1690 1941 τῆς
1714 1870 1953 1933 πίστεως

380 1958 543 2031 ἔχῃς,
588 1958 804 2021 σϐέσεις
845 1960 903 2012 ἐν
938 1959 1076 2030 αὐτῇ
1109 1958 1179 2011 τά
1215 1958 1341 2030 βέλη
1376 1957 1470 2011 τοῦ
1504 1956 1772 2011 διαϐόλου.
1817 1956 1948 2009 Ἑπ-

380 2047 545 2118 ῆλθεν
565 2047 764 2111 ἄτοπός
784 2064 871 2111 τις
901 2048 960 2101 ἐν
989 2048 1072 2099 σοὶ
1102 2046 1387 2116 ἐπιθυμία,
1415 2045 1627 2117 ἀνήφθη
1658 2044 1769 2115 πῦρ
1804 2043 1954 2097 ἔνδον

381 2135 638 2207 πονηρῶν
666 2133 946 2206 λογισμῶν
971 2151 986 2201 ;
1026 2132 1310 2205 Προϐαλοῦ
1340 2134 1440 2204 τὴν
1468 2133 1651 2186 πίστιν
1678 2132 1789 2184 τῶν
1820 2130 1950 2200 μελ-

378 2222 579 2276 λόντων
610 2222 852 2291 ἀγαθῶν,
894 2221 987 2275 καὶ
1018 2221 1138 2274 ούδέ
1173 2223 1446 2289 φανεῖται,
1490 2219 1607 2274 ἀλλ’
1646 2218 1950 2274 ἀπολεῖται.

378 2311 585 2367 Πάντα
612 2314 686 2365 τὰ
723 2311 883 2380 ,βέλη
905 2327 921 2343 ’
959 2310 1021 2363 οὐ
1060 2309 1130 2363 τὰ
1159 2310 1257 2380 μὲν
1294 2311 1404 2375 ναὶ,
1433 2309 1502 2361 τά
1548 2308 1603 2361 δὲ
1633 2306 1715 2362 ού.
1754 2309 1952 2360 Ἀκουε

379 2398 475 2453 τοῦ
499 2398 717 2453 Παύλου
747 2399 999 2468 λέγοντος
1021 2411 1035 2424 ·
1061 2395 1375 2466 Λογίζομαι
1396 2397 1526 2465 γὰρ,
1566 2395 1654 2449 ὅτι
1674 2397 1784 2449 οὐκ
1813 2394 1955 2459 ἄξια

379 2489 453 2542 τὰ
471 2487 791 2557 παθήματα
805 2488 911 2543 τοῦ
927 2488 1044 2542 νῦν
1067 2487 1277 2555 καιροῦ
1297 2489 1447 2555 πρὸς
1468 2487 1583 2555 τὴν
1598 2485 1957 2557 μέλλουσαν

383 2576 576 2640 δόξαν
600 2577 1105 2646 ἀποκαλυφθῆναι
1127 2580 1212 2643 είς
1237 2576 1414 2645 ἡμᾶς.

462 2658 626 2731 Ὁρᾷς
659 2660 801 2713 πόσα
847 2660 975 2731 βέλη
1016 2660 1137 2713 τότε
1170 2659 1400 2712 ἔσϐεσαν
1442 2659 1491 2712 οί
1516 2657 1748 2723 δίκαιοι;
1787 2656 1859 2710 Ἢ
1892 2656 1953 2710 ού

377 2748 526 2801 δοκεῖ
568 2764 651 2801 σοι
679 2747 830 2818 βέλος
875 2742 1016 2801 εἷναι
1060 2747 1454 2817 πεπυρωμένον
1486 2746 1547 2799 τὸ
1576 2744 1827 2800 καίεσθαι
1863 2745 1954 2798 τὸν

380 2835 725 2907 πατριάρχην
743 2834 819 2905 τῷ
841 2834 989 2888 ἐνδον
1012 2834 1145 2906 πυρὶ
1164 2836 1254 2888 τὸν
1277 2836 1392 2888 υίὸν
1416 2834 1821 2906 προσφέροντα;
1844 2834 1957 2888 Καὶ

380 2922 529 2978 ἄλλοι
557 2924 614 2976 δέ
659 2923 857 2976 δίκαιοι
900 2923 1078 2977 πάντα
1117 2921 1280 2975 αὑτοῦ
1320 2921 1390 2974 τά
1430 2923 1559 2993 βέλη
1594 2922 1951 2976 κατέσϐεσαν.

385 3013 487 3064 Ἀν
512 3028 572 3064 τε
617 3008 709 3065 οὖν
748 3011 999 3082 λογισμοὶ
1028 3009 1545 3081 ἐπιστρατεύωνται,
1588 3009 1791 3081 ταύτην
1820 3027 1954 3079 προ-

380 3100 693 3171 ϐαλώμεθα,
720 3100 784 3154 ἄν
815 3118 873 3154 τε
908 3100 1197 3171 ἐπιθυμίαι
1225 3100 1438 3165 ἄτοποι,
1464 3098 1638 3171 ταύτῃ
1669 3099 1952 3170 χρώμεθα,

378 3188 444 3242 ἄν
474 3205 531 3241 τε
559 3187 711 3241 πόνοι
748 3190 842 3242 καὶ
875 3188 1272 3260 ταλαιπωρίαι,
1302 3188 1395 3241 ἐπὶ
1423 3186 1627 3259 ταύτην
1654 3185 1952 3241 ἀναπαυώ-

384 3276 520 3346 μεθα
544 3294 557 3307 ⁸
590 3276 807 3330 πάντων
850 3276 959 3328 τῶν
996 3276 1177 3329 ὃπλων
1219 3274 1357 3346 αῦτη
1396 3276 1513 3328 ἐστὶ
1551 3274 1950 3345 φυλακτήριον·

377 3363 444 3419 ἂν
473 3364 547 3435 μὴ
584 3362 787 3434 ταύτην
816 3361 1048 3433 ἔχωμεν,
1085 3364 1314 3417 κάκεῖνα
1348 3363 1558 3433 ταχέως
1586 3362 1953 3434 τρωθήσεται.

392 3451 517 3504 Ἐπὶ
542 3449 713 3517 πᾶσι,
734 3450 918 3521 φησὶν,
946 3450 1354 3516 ἀναλαϐόντες
1374 3450 1481 3504 τὸν
1495 3448 1711 3519 θυρεὸν
1731 3449 1843 3519 τῆς
1859 3450 1955 3503 πί-

382 3553 591 3604 στεως.
621 3539 684 3590 Τί
715 3540 885 3603 ἐστιν,
926 3538 1058 3592 Ἐπὶ
1079 3537 1229 3594 πᾶσι
1249 3554 1268 3601 ;
1288 3538 1395 3591 Καὶ
1418 3538 1477 3592 ἐν
1496 3539 1563 3607 τῇ
1587 3536 1828 3610 ἀληθείᾳ,
1860 3536 1953 3590 κα)⁴

380 3627 439 3678 ἐν
461 3628 526 3696 τῇ
545 3624 880 3697 δικαιοσύνῃ,
898 3626 992 3680 καὶ
1010 3627 1068 3680 ἐν
1086 3628 1154 3697 τῇ
1171 3624 1459 3695 ἑτοιμασίᾳ
1480 3622 1576 3678 τοῦ
1596 3621 1950 3692 Εὐαγγελίου.

380 3712 657 3779 Τουτέστι,
709 3711 913 3785 ταύτης
959 3713 1138 3766 πάντα
1178 3712 1353 3766 ταῦτα
1389 3710 1602 3783 χρῄζει.
1646 3710 1746 3764 Διά
1795 3708 1953 3763 τοῦτο

380 3802 648 3870 ἐπήγαγε*
673 3801 781 3855 Καὶ
806 3800 919 3868 τὴν
932 3800 1405 3869 περικεφαλαίαν
1418 3798 1525 3853 τοῦ
1542 3798 1838 3866 σωτηρίου
1859 3797 1955 3851 δέ-

381 3888 599 3957 ξασθε,
631 3889 929 3954 τουτέστιν,
963 3891 1021 3942 ἐν
1054 3888 1324 3959 ἀσφαλείᾳ
1352 3887 1539 3941 λοιπὸν
1577 3886 1827 3955 γενέσθαι
1864 3885 1955 3941 διὰ

380 3974 583 4044 ταύτης
630 3974 954 4046 δυνήσεσθε,
1004 3977 1097 4029 καὶ
1150 3975 1325 4029 πάντα
1369 3973 1613 4028 κίνδυνον
1671 3975 1949 4042 ἐκφυγεῖν.

382 4061 648 4132 Καθάπερ
680 4063 787 4133 γὰρ
816 4064 849 4133 ή
881 4060 1280 4132 περικεφαλαία
1301 4060 1565 4115 πάντοθεν
1590 4061 1832 4131 ἀκριϐῶς
1856 4079 1951 4115 κα-

380 4150 655 4204 λύπτουσα
685 4151 783 4223 τὴν
813 4152 1071 4221 κεφαλὴν,
1105 4152 1206 4205 ούκ
1241 4151 1431 4220 ἀφίησί
1460 4168 1513 4204 τι
1540 4150 1709 4204 δεινὸν
1738 4151 1949 4218 παθεῖν,

380 4238 516 4293 ἀλλά
546 4239 740 4303 σώζει·
771 4239 913 4293 οὓτω
936 4241 1029 4294 καὶ
1056 4240 1091 4311 ή
1125 4240 1309 4302 πίστις
1341 4238 1465 4295 ἀντὶ
1496 4238 1692 4309 θυρεοῦ
1720 4239 1950 4307 γίνεται,

382 4328 477 4380 καὶ
501 4328 624 4381 ἀντὶ
646 4327 1077 4398 περικεφαλαίας
1105 4327 1396 4400 σωτηρίου.
1429 4328 1526 4381 Ἂν
1554 4327 1835 4398 σϐέσωμεν
1856 4327 1952 4381 αύ-

378 4414 474 4469 τοῦ
514 4416 581 4469 τὰ
633 4414 782 4487 βέλη,
817 4416 1023 4487 ταχέως
1056 4417 1305 4480 καὶτοὺς
1346 4414 1617 4479 σώζοντας
1657 4414 1950 4486 λογισμοὺς

380 4501 647 4571 δεξόμεθα
662 4503 789 4565 τοὺς
812 4503 872 4556 τὸ
897 4502 1223 4574 ήγεμονικὸν
1244 4503 1399 4573 ήμῶν
1426 4501 1743 4565 ούκέῶντάς
1770 4520 1823 4555 τι
1847 4519 1953 4556 πα-

382 4588 515 4641 θεῖν.
557 4588 683 4642 Ἐἀν
704 4589 814 4661 γάρ
836 4582 981 4644 οὗτοι
1007 4588 1366 4645 σϐεννύωνται
1387 4591 1437 4641 οἱ
1461 4588 1712 4659 λογισμοὶ
1734 4590 1782 4642 οί
1799 4590 1952 4643 ἐναν-

380 4676 504 4740 τίοι,
521 4677 732 4746 ταχέως
756 4678 805 4731 οί
840 4678 915 4748 μὴ
942 4676 1195 4743 τοιοῦτοι,
1224 4675 1361 4730 ἀλλά
1390 4674 1654 4739 σώζοντες
1682 4677 1829 4746 ἡμᾶς
1857 4676 1951 4731 καὶ

380 4762 662 4828 εὐέλπιδας
696 4764 1070 4831 ποιοῦντες,ἐν
1092 4767 1225 4835 ήμῖν
1252 4763 1626 4836 τεχθήσονται,
1658 4764 1753 4817 καὶ
1782 4764 1951 4819 καθά-

378 4867 485 4922 περ
519 4852 920 4922 περικεφαλαία
966 4855 1032 4924 τῇ
1071 4852 1300 4924 κεφαλῇ,
1332 4852 1412 4922 τῷ
1441 4852 1754 4924 ἡγεμονικῷ
1792 4852 1950 4922 ἡμῶν

378 4939 737 5006 ἐγκείσονται.

453 5031 522 5092 γ’.
547 5024 700 5097 [185]
719 5028 826 5079 Καὶ
843 5027 903 5079 οὐ
920 5026 1080 5080 τοῦτο
1104 5028 1283 5097 μόνον,
1302 5026 1436 5080 ἀλλὰ
1452 5029 1544 5081 καὶ
1557 5029 1655 5100 τήν
1676 5031 1949 5102 μάχαιραν

377 5112 643 5183 δεξόμεθα
670 5114 764 5167 τοῦ
798 5114 1135 5185 Πνεύματος,
1166 5114 1307 5168 ὥστε
1341 5115 1539 5186 μηκέτι
1560 5118 1949 5186 ἀσφαλίζεσθαι

381 5202 543 5269 μόνον
561 5210 582 5233 ⁸
615 5201 684 5255 τά
714 5202 1061 5273 πεμπόμενα,
1095 5201 1231 5256 ἀλλά
1269 5204 1363 5256 καὶ
1394 5203 1555 5256 αὑτὸν
1577 5204 1829 5275 πλήττειν
1857 5208 1951 5261 τὸν

377 5287 642 5343 διάϐολον.
684 5291 845 5361 Ψυχὴ
900 5291 1007 5363 γὰρ
1063 5290 1138 5361 μὴ
1176 5290 1488 5359 ἀπογνοῦσα
1535 5293 1754 5363 ἑαυτῆς,
1817 5296 1949 5366 μηδέ

379 5376 638 5447 δεχομένη
687 5376 756 5430 τά
811 5378 1188 5450 πεπυρωμένα
1226 5378 1377 5448 βέλη,
1430 5380 1568 5447 μετά
1619 5380 1817 5449 πολλῆς
1851 5386 1951 5453 τῆς

380 5464 687 5535 προθυμίας
709 5466 967 5536 στήσεται
990 5466 1133 5520 κατά
1156 5466 1248 5520 τοῦ
1270 5466 1520 5537 Ἐχθροῦ,
1538 5468 1829 5539 ἀναῤῥήξει
1853 5471 1955 5523 αύ-

379 5552 474 5604 τοῦ
501 5551 591 5604 τὸν
621 5551 845 5624 θώρακα
887 5556 953 5623 τῇ
987 5552 1229 5625 μαχαίρᾳ
1261 5552 1454 5625 ταύτῃ,
1494 5554 1561 5607 δι’
1588 5550 1657 5626 ἦς
1687 5556 1955 5628 ἀνέρρηξε

380 5640 475 5693 καὶ
504 5641 576 5693 τὰ
606 5642 854 5712 νοήματα
897 5640 1062 5695 αὐτοῦ
1090 5640 1483 5712 ῄχμαλώτευσε
1520 5642 1730 5707 Παῦλος
1749 5660 1764 5675 ⁸
1812 5646 1952 5699 ἀπο-ο

379 5732 537 5800 τεμεῖ
569 5731 660 5783 καὶ
693 5732 1066 5802 καρατομήσει
1098 5732 1190 5785 τὸν
1213 5732 1498 5804 δράκον-η.
1527 5732 1606 5789 ’Ὠ
1627 5733 1761 5789 ἐστι
1784 5733 1953 5804 ῥῆμα

442 5873 469 5902 ⁸
492 5872 828 5935 Supplcndum
852 5876 917 5931 εἰς
939 5873 1017 5924 vel
1038 5873 1169 5936 πρὸς.

1275 433 1346 490 ΙΝ
1382 434 1603 494 EPIST.
1631 435 1724 491 AD
1760 433 2004 491 EPHES.
2045 434 2199 491 CAP.
2232 433 2322 491 Vl.
2351 435 2584 503 HOMIL.
2626 437 2817 494 XXIV.

2070 549 2237 604 Θεοῦ.
2283 550 2465 622 Ῥῆμα
2512 551 2648 605 Θεοῦ
2696 552 2816 623 ἦτοι
2862 549 2925 608 τὸ
2972 553 3299 625 πρόσταγμά
3343 572 3509 625 φησιν
3550 558 3639 613 ἐν·-

2062 636 2255 703 ταῦθα,
2295 638 2328 707 ἢ
2361 639 2421 691 τὸ
2451 639 2727 710 κέλευσμα
2750 656 2764 671 ο
2795 640 2932 712 ὅπερ
2965 641 3061 694 καὶ
3097 642 3148 694 οἱ
3179 641 3465 697 ἀπόστολοι
3498 644 3669 701 θαυο-

2064 724 2497 795 ματουργοῦντες
2526 726 2803 798 πανταχοῦ
2833 730 2892 783 ἐν
2918 727 2997 799 τῷ
3025 728 3249 799 ὀνόματι
3290 731 3466 803 Ἰησοῦ
3492 734 3659 805 Χριςκ

2062 810 2188 865 στοῦ
2218 812 2425 882 ἐλεγον.
2461 814 2638 869 Μόνον
2666 817 2761 869 καὶ
2798 816 2958 887 ἡμεῖς
2991 817 3050 869 ἐν
3080 818 3215 871 πᾶσι
3253 818 3323 871 τά
3356 820 3660 890 προστάγσι.

2062 917 2210 969 ματα
2239 901 2352 975 τοῦ.
2369 901 2503 956 Θεοῦ
2528 903 2874 974 διατηρῶμεν
2895 922 2909 935 ·
2942 904 3038 959 ἐὰν
3065 906 3173 976 γὰρ
3200 905 3443 978 ποιῶμεν
3470 907 3635 975 αὐτὰς

2058 988 2147 1043 διὰ
2173 989 2380 1044 τούτων
2424 992 2587 1047 αὑτὸν
2617 991 2913 1064 ἀνελοῦμεν
2939 995 3035 1048 καὶ
3061 994 3358 1067 κτενοῦμεν
3381 996 3473 1050 τὸν
3504 996 3638 1069 δράιρ

2058 1093 2241 1142 κοντα,
2272 1078 2367 1132 τὸν
2398 1079 2520 1148 ὄφιν
2547 1080 2638 1133 τὸν
2665 1080 2896 1137 σκολιόν.
2928 1082 3039 1135 Καὶ
3069 1083 3261 1137 σκόπει
3294 1101 3384 1155 μοι
3419 1084 3637 1141 σύνεσιν

2058 1164 2291 1220 ἐνταῦθα
2318 1166 2410 1220 τοῦ
2449 1168 2683 1222 Παύλου.
2733 1169 2951 1240 Ἐπειδὴ
2981 1170 3092 1241 γὰρ
3110 1166 3252 1239 εἶπε,
3282 1172 3635 1241 Δυνήσεσθε

2056 1252 2129 1307 τὰ
2143 1253 2302 1321 ,βέλη
2326 1253 2432 1309 τοῦ
2454 1254 2737 1312 διαϐόλου
2764 1256 2837 1310 τὰ
2863 1258 3259 1328 πεπυρωμένα
3281 1258 3518 1327 σϐέσαι,
3547 1261 3636 1316 ἵνα

2060 1338 2135 1411 μὴ
2173 1341 2371 1406 αὐτοὺς
2416 1344 2654 1414 φυσήσῃ,
2687 1342 2924 1399 δείκνυσι
2970 1346 3205 1415 μάλιστα
3250 1346 3468 1400 πάντων
3497 1348 3635 1418 πρὸς

2055 1427 2213 1482 τοῦτο
2245 1429 2339 1483 τοῦ
2375 1428 2509 1483 Θεοῦ
2536 1430 2843 1500 δεομένους.
2876 1433 2940 1485 Τί
2968 1433 3077 1503 γάρ
3104 1450 3237 1503 φησι
3262 1449 3277 1498 ;
3306 1433 3408 1487 Διὰ
3429 1434 3634 1503 πάσης

2054 1516 2405 1586 προσευχῆς
2427 1518 2526 1571 καὶ
2556 1517 2838 1585 δεήσεως.
2866 1519 3011 1572 Ὠσεὶ⁴
3040 1520 3215 1589 ἐλεγε’
3245 1519 3430 1574 Ταῦτα
3459 1521 3632 1588 ἐσται,

2055 1606 2150 1658 καὶ
2169 1604 2545 1675 κατορθώσετε
2577 1606 2637 1659 τὸ
2659 1608 2766 1659 πᾶν
2792 1608 3223 1678 προσευχόμενοι
3243 1624 3257 1638 ·
3288 1609 3556 1680 μηδέποτε
3576 1610 3634 1663 δὲ

2056 1691 2317 1760 προσιὼν,
2364 1692 2508 1763 ὑπὲρ
2543 1692 2742 1747 σαυτοῦ
2793 1694 2954 1764 μόνου
3002 1694 3179 1759 ἀξίου,
3213 1696 3310 1749 καὶ
3352 1695 3496 1750 οὕτω
3540 1698 3634 1751 τὸν

2055 1780 2187 1834 Θεὸν
2214 1781 2371 1834 ἵλεων
2396 1780 2561 1846 ἕξεις.
2590 1781 2695 1836 Διά
2712 1781 2936 1849 πάσης,
2969 1784 3125 1853 φησὶ,
3153 1783 3504 1854 προσευχῆς
3532 1787 3632 1840 καὶ

2055 1866 2318 1934 δεήσεως
2340 1869 2811 1939 προσευχόμενοι
2836 1870 2906 1923 ἐν
2925 1869 3104 1923 παντί
3128 1870 3330 1939 καιρῷ,
3365 1871 3435 1925 ἐν
3453 1874 3636 1926 πνεύο

2050 1972 2210 2024 ματι,
2248 1956 2350 2009 καί
2372 1958 2461 2023 είς
2497 1956 2645 2012 αὐτὸ
2672 1957 2849 2012 τοῦτο
2884 1958 3336 2025 ἀγρυπνοῦντες
3375 1960 3447 2013 ἐν
3473 1959 3631 2029 πάσῃ

2054 2042 2592 2112 προσκαρτερήσει,
2631 2044 2731 2099 καί
2779 2044 2986 2114 δεήσει
3030 2046 3164 2113 περὶ
3219 2046 3462 2100 πάντων
3512 2046 3635 2101 τῶν

2056 2131 2261 2201 ἁγίων.
2293 2133 2385 2202 Μή
2413 2150 2501 2202 μοι
2520 2134 2745 2206 καιροὺς
2767 2134 2916 2204 ὄριζε
2941 2134 3040 2203 τῆς
3063 2134 3276 2205 ἡμέρας
3294 2149 3307 2162 ·
3330 2135 3495 2188 ἄκουε
3522 2134 3634 2205 γὰρ

2053 2219 2107 2272 τί
2135 2236 2330 2291 φησιν’
2376 2222 2480 2275 Ἐν
2505 2222 2685 2276 παντί
2716 2219 2900 2289 καιρῷ
2932 2221 3175 2292 πρόσιθι.
3224 2222 3641 2287 Ἀδιαλείπτως,

2055 2307 2210 2378 φησὶ,
2242 2308 2696 2380 προσευχόμενοι.
2739 2309 2853 2363 Οὐκ
2884 2309 3123 2379 ἤκουσας
3154 2309 3254 2379 τῆς
3278 2310 3453 2379 χήρας
3485 2310 3637 2363 ἐκεί-ι

2054 2412 2174 2465 νης,
2208 2394 2325 2459 πῶς
2364 2398 2431 2468 τῇ
2469 2396 2794 2468 προσεδρείᾳ
2839 2396 3216 2466 περιεγένετο;
3260 2398 3361 2450 οὐκ
3392 2398 3630 2467 ἤκουσας

2053 2481 2149 2535 τοῦ
2180 2482 2335 2550 φίλου
2367 2482 2577 2537 ἐκείνου
2612 2482 2708 2537 τοῦ
2737 2483 2917 2553 μέσων
2940 2483 3149 2538 νυκτῶν
3179 2486 3241 2555 τῇ
3262 2484 3478 2555 εὐτονία
3505 2484 3633 2539 δυσ-

2054 2571 2408 2642 ωπήσαντος;
2440 2572 2541 2625 οὐκ
2581 2572 2824 2642 ἤκουσας
2859 2572 2988 2642 περὶ
3033 2572 3135 2642 τῆς
3180 2572 3628 2644 Συροφοινίσσης,

2054 2658 2173 2722 πῶς
2196 2661 2264 2730 τῇ
2299 2658 2552 2731 συνεχείᾳ
2577 2659 2678 2727 τῆς
2705 2658 2997 2723 ἐντεύξεως
3021 2659 3113 2712 τὸν
3139 2660 3417 2731 Δεσπότην
3440 2660 3632 2725 ἐξεκα-

2054 2745 2276 2809 λέσατο;
2308 2738 2467 2800 Οὗτοι
2499 2747 2698 2810 πάντες
2728 2751 2795 2817 τῇ
2821 2747 3148 2819 προσεδρείᾳ
3175 2747 3399 2819 ήνυσαν.
3436 2753 3649 2817 Προσ-“

2053 2833 2388 2902 ευχόμενοι,
2426 2834 2611 2905 φησὶν,
2638 2834 2708 2887 ἐν
2728 2833 2909 2887 παντί
2951 2833 3136 2903 καιρῷ
3187 2834 3262 2888 ἐν
3311 2836 3624 2905 πνεύματι.

2054 2920 2335 2985 Τουτέστι,
2359 2920 2441 2973 Τά
2479 2919 2623 2974 κατά
2656 2919 2788 2974 Θεὸν
2827 2919 3100 2993 ζητῶμεν,
3134 2922 3302 2993 μηδὲν
3337 2923 3626 2994 κοσμικὸν,

2056 3008 2222 3079 μηδὲν
2249 3008 2515 3078 βιωτικόν.
2549 3008 2623 3060 Ού
2661 3007 2840 3061 τοίνυν
2872 3006 2967 3061 τοῦ
3008 3007 3366 3073 ἀδιαλείπτως
3398 3010 3633 3079 προσεύ-

2054 3097 2247 3167 χεσθαι
2293 3096 2452 3168 χρεία
2500 3097 2695 3167 μόνον,
2729 3096 2866 3150 ἀλλὰ
2913 3097 3007 3150 καὶ
3046 3099 3453 3166 ἀγρυπνοῦντας
3478 3117 3492 3130 ’
3522 3100 3633 3155 Καὶ

2052 3187 2139 3251 εις
2177 3184 2323 3239 αὐτὸ
2345 3227 2360 3250 ,
2397 3185 2595 3255 φησὶν,
2629 3184 3098 3253 ἀγρυπνοῦντες.
3136 3187 3259 3240 Είτε
3304 3188 3633 3259 παννυχίδας

2054 3272 2286 3327 ἐνταῦθα
2316 3272 2486 3337 λέγει,
2515 3272 2625 3325 εἴτε
2655 3273 2753 3343 τὴν
2786 3272 2946 3341 νῆψιν
2978 3272 3080 3342 τῆς
3111 3273 3310 3345 ψυχῆς,
3346 3275 3638 3347 ἀμφότεροι

2053 3361 2298 3433 δέχομαι.
2354 3360 2516 3431 Ὀρᾷς
2560 3358 2679 3422 πῶς
2708 3358 2978 3431 ὴγρύπνει
3006 3360 3190 3432 ἐκείνη
3238 3364 3270 3432 ἡ
3322 3363 3635 3428 Χαναναία,

2052 3450 2134 3503 ὅτι
2159 3449 2253 3501 καὶ
2266 3446 2360 3500 τοῦ
2390 3446 2596 3517 Κυρίου
2629 3445 2703 3518 μὴ
2719 3447 3174 3518 ἀποκρινομένου,
3204 3448 3339 3503 ἀλλὰ
3370 3450 3466 3504 καὶ
3496 3451 3635 3505 ἀποαι

2056 3536 2335 3606 σειομένου
2358 3574 2372 3596 ,
2416 3535 2510 3588 καὶ
2552 3534 2808 3605 κυνάριον
2849 3534 3021 3604 αὐτὴν
3053 3534 3414 3600 καλέσαντος,
3445 3539 3628 3610 ἐκείνη

2052 3623 2228 3691 ἔλεγε,
2258 3622 2389 3687 Ναὶ,
2419 3624 2615 3690 Κύριε,
2643 3622 2745 3675 καὶ
2771 3621 2845 3675 τὰ
2873 3619 3129 3690 κυνάρια
3159 3622 3347 3677 ἐσθίει
3367 3624 3487 3679 άπὸ
3510 3606 3639 3681 τῶν*

2052 3711 2275 3780 ψιχίων
2296 3708 2414 3762 τῶν
2431 3708 2771 3762 πιπτόντων
2789 3708 2907 3762 ἀπὸ
2928 3706 3037 3776 τῆς
3058 3709 3354 3779 τραπέζης
3373 3710 3493 3766 τῶν
3520 3731 3627 3766 xv-

2045 3798 2198 3867 ,σίων
2242 3794 2472 3850 αὐτῶν
2519 3796 2612 3849 καὶ
2644 3797 2745 3848 οὐκ
2789 3796 3082 3865 ἀφίστατο,
3125 3797 3230 3860 ἓως
3262 3799 3491 3871 ἐπέτυχε
3530 3803 3629 3871 τῆς

2053 3884 2353 3954 αίτήσεως;
2384 3882 2502 3947 πῶς
2538 3882 2596 3935 δέ
2624 3883 2657 3955 ή
2693 3883 2839 3954 χήρα
2868 3883 3048 3954 ἐκείνη
3084 3884 3304 3956 ἐκραζε,
3338 3888 3431 3941 καὶ
3464 3888 3657 3960 μέχρι·

2050 3969 2304 4024 τοσούτου
2331 3969 2637 4039 ἐπέμεινεν,
2663 3969 2769 4035 ἕως
2795 3973 2918 4025 ὅτου
2947 3972 3038 4025 τὸν
3072 3974 3337 4043 ἄρχοντα,
3368 3976 3462 4027 τὸν
3487 3978 3625 4047 μήτε

2052 4054 2143 4108 τὸν
2183 4053 2315 4107 Θεὸν
2369 4053 2742 4122 φοϐούμενον,
2793 4056 2932 4125 μήτε
2960 4055 3254 4126 ’ἄνθρωπον
3309 4059 3627 4129 αἰδούμενον

2052 4143 2291 4215 ἠδυνήθη
2324 4143 2673 4214 δυσωπῆσαι;
2704 4143 2823 4207 πῶς
2854 4144 2911 4197 δὲ
2947 4144 2976 4197 ό
3009 4144 3163 4211 φίλος
3194 4148 3459 4216 ἐπέμενεν
3488 4148 3629 4219 ἀωρὶ

2051 4231 2159 4285 τῶν
2189 4231 2398 4285 νυκτῶν
2437 4232 2794 4303 παραμένων,
2825 4233 2929 4296 ἐως
2963 4234 3086 4287 ὅτου
3135 4235 3444 4306 ἐγερθῆναιΓ
3480 4253 3628 4305 παρ-

2059 4321 2325 4375 εσκεύασε
2345 4360 2360 4387 ,
2383 4322 2709 4391 δυσωπήσεις
2734 4322 2942 4376 ἐκεῖνον
2975 4325 3046 4393 τῇ
3070 4324 3425 4397 προσεδρείᾳς
3459 4318 3653 4383 Τοῦτό-

2052 4411 2202 4464 ἐστιν
2242 4411 2561 4481 ἀγρυπνεῖν.
2613 4409 2798 4463 Βούλει
2843 4410 3037 4481 μαθεῖν
3063 4412 3374 4483 ἀγρυπνίαν
3409 4414 3588 4486 ψυχῆς
3607 4434 3639 4485 ς,

2051 4498 2207 4553 ἄπιθι
2233 4500 2369 4570 πρὸς
2389 4500 2487 4570 τὴν
2516 4500 2736 4564 Ἄνναν,
2768 4500 2997 4554 ἄκουσον
3019 4501 3199 4556 αὐτῶν
3225 4503 3333 4557 τῶν
3358 4506 3636 4576 ῥημάτων.

2051 4582 2220 4652 αὐτῆς
2243 4599 2255 4614 ’
2299 4582 2568 4647 Ἀδωναῒ,
2619 4583 2786 4637 Ἐλωῒ
2803 4584 3065 4640 Σαϐαὼθ.
3091 4586 3304 4641 Μᾶλλον
3336 4588 3392 4641 δὲ
3418 4589 3489 4643 τά
3519 4590 3631 4663 πρὸ

2049 4665 2158 4719 τῶν
2199 4666 2458 4737 ῥημάτων
2494 4668 2746 4721 ἄκουσον.
2805 4669 3169 4739 Ἀνέστησαν,
3213 4675 3367 4743 φησι,
3419 4675 3625 4742 πάντες

2050 4752 2161 4807 ἀπὸ
2188 4753 2286 4821 τῆς
2310 4752 2611 4824 τραπέζης,
2644 4756 2739 4807 καὶ
2768 4754 2951 4827 ἐκείνη
2980 4757 3181 4822 εὐθέως
3212 4758 3361 4833 [184]
3395 4762 3455 4814 οὐ
3486 4764 3628 4834 πρὸς

2052 4841 2218 4895 ῦπνον
2242 4841 2517 4911 ἐτρέπετο,
2547 4841 2607 4895 ού
2636 4842 2775 4913 πρὸς
2804 4843 3132 4900 ἀνάπαυσιν.
3160 4847 3323 4902 Ὅθεν
3360 4867 3451 4919 μοι
3476 4850 3629 4905 δοκεῖ

2052 4925 2145 4978 καὶ
2189 4926 2280 4977 ἐπὶ⁸
2324 4925 2421 4995 τῆς
2459 4926 2737 4997 τραπέζης
2770 4927 3078 5000 καθημένη,
3113 4930 3291 5002 κούφη
3337 4951 3422 4996 τις
3460 4932 3623 5000 εἶναι,

2050 5011 2143 5064 καὶ
2179 5011 2254 5082 μὴ
2284 5012 2617 5082 βεϐαρῆσθαι
2653 5014 2840 5077 σιτίοις
2863 5017 3006 5069 τισίν
3026 5034 3039 5049 ·
3070 5019 3132 5071 ού
3161 5018 3270 5092 γὰρ
3298 5020 3366 5073 ἂν
3385 5018 3626 5075 τοσαῦτα

2049 5094 2199 5163 ἠφίει
2228 5093 2459 5165 δάκρυα.
2490 5095 2555 5148 Ei
2589 5096 2699 5167 γὰρ
2744 5099 2905 5168 ἡμεῖς
2939 5101 3158 5172 νήστεις
3194 5102 3350 5166 ὄντες
3380 5105 3473 5157 καὶ
3502 5104 3625 5157 ἀσι-

2048 5201 2152 5249 τοι,
2184 5184 2336 5254 μόλις
2370 5184 2543 5249 οὕτως
2587 5187 2879 5258 εὐχόμεθα,
2923 5192 3123 5259 μᾶλλον
3158 5192 3214 5246 δὲ
3240 5193 3495 5246 οὐδέποτε
3529 5194 3625 5247 οῦ-

2050 5284 2158 5329 τως
2185 5266 2479 5337 εὐχόμεθα,
2502 5268 2683 5340 πολλῷ
2719 5271 2919 5340 μᾶλλον
2949 5274 3130 5344 ἐκείνη
3165 5275 3305 5344 μετά
3341 5274 3623 5347 τράπεζαν
3705 5280 3713 5285 ’

2050 5353 2150 5406 οὐκ
2172 5352 2238 5406 ἂν
2268 5353 2440 5420 οὕτως
2466 5354 2699 5425 ηὔξατο,
2728 5359 2779 5410 εί
2818 5359 2893 5431 μὴ
2923 5362 3016 5414 καὶ
3050 5365 3107 5414 ἐν
3130 5364 3197 5434 τῇ
3233 5363 3482 5435 τραπέζῃ
3511 5366 3626 5428 τοῖς
3674 5392 3677 5395 ν

2052 5441 2260 5504 ἀσίτοις
2290 5441 2475 5513 ἐῴκει.
2506 5444 2895 5516 Δίσχυνθῶμεν
2923 5450 2972 5501 οί
3011 5448 3201 5520 ἄνδρες
3236 5449 3335 5519 τήν
3367 5453 3621 5518 γυναῖκα,

2052 5528 2428 5600 αἰσχυνθῶμεν
2481 5533 2531 5585 οἱ
2582 5533 2723 5604 ὑπὲρ
2790 5533 3068 5602 βασιλείας
3130 5536 3465 5601 ἱκετεύοντες
3526 5540 3624 5595 καὶ

2053 5614 2401 5687 χασμώμενοι
2421 5618 2521 5689 τὴν
2541 5619 2680 5691 ὑπὲρ
2704 5621 2915 5675 παιδίου
2939 5622 3202 5694 δεομένην
3233 5624 3329 5677 καὶ
3354 5624 3625 5696 δακρύου-

2055 5719 2174 5757 σαν.
2206 5704 2314 5759 Kal
2347 5705 2626 5773 κατέστη,
2657 5708 2841 5777 φησὶν,
2876 5707 3134 5762 ἐνώπιον
3167 5712 3411 5778 Κυρίου,
3447 5714 3546 5767 καὶ
3573 5712 3629 5769 τι
3679 5750 3685 5758 ε

2054 5806 2254 5857 φησιν;
2311 5791 2558 5850 Ἀδωνατ
2589 5795 2765 5863 Κύριε
2787 5835 2801 5857 ,
2843 5797 3012 5849 Ἐλωῒ
3056 5798 3317 5853 Σαϐαὼθ.
3362 5800 3531 5854 Τοῦτο
3569 5801 3631 5857 δὲ

2058 5874 2491 5951 ἐρμηνευόμενόν
2538 5878 2685 5942 ἐστι,
2724 5878 2896 5951 Κύριε
2935 5881 2962 5933 ό
3008 5879 3141 5944 Θεὸς
3174 5880 3282 5937 τῶν
3320 5882 3637 5956 δυνάμεων..
3678 5902 3686 5929 -‘
