4096 6388
423 419 560 477 617's

440 539 751 610 Προέτρεχε
794 531 896 601 τῆς
935 527 1182 599 γλώττης
1236 526 1307 581 τά
1354 527 1567 597 δάκρυα
1590 545 1606 560 ο
1643 522 1856 586 τούτοις
1905 523 2025 575 ἐπι-

429 628 719 697 -κάμπτειν
745 621 837 677 τὸν
879 619 1013 674 Θεὸν
1046 616 1295 690 ήλπιζεν.
1330 615 1501 669 Ἔνθα
1526 613 1763 685 δάκρυα,
1805 614 2027 697 πάντως

438 695 563 769 εκεῖ
592 711 689 767 καὶ
720 708 898 779 θλίψις
920 723 936 739 ·
980 704 1109 759 ἔνθα
1151 702 1351 771 θλίψις,
1388 700 1484 756 καὶ
1526 698 1815 770 φιλοσοφία
1853 695 2026 768 πολλὴ

438 804 539 859 καὶ
561 798 826 874 προσοχή.
872 796 1015 850 Ἐὰν
1043 793 1281 849 ἀκούων
1311 789 1675 856 εἰσπούσῃ,
1721 786 1877 858 φησὶ,
1916 783 2027 853 τῆς

440 884 793 959 ,προσευχῆς
825 882 937 951 τῆς
980 882 1210 947 δούλης
1243 893 1382 941 σου,
1420 878 1520 931 καὶ
1567 874 1689 943 δῷς
1717 890 1826 945 μοι
1858 873 2022 935 υίόν,

440 978 616 1032 δώσω
638 974 831 1032 αὐτὸν
856 970 1037 1025 δοτὸν
1061 966 1142 1034 τῷ
1169 966 1365 1034 Κυρίῳ
1398 964 1596 1019 πάντα
1632 964 1741 1016 τὸν
1775 961 2021 1031 χρόνον.

440 1067 559 1121 Οὐκ
579 1060 753 1128 εἴπεν,
775 1059 1023 1117 ἐνιαυτὸν
1040 1057 1203 1130 μόνον
1226 1056 1391 1127 ῆδύο,
1407 1053 1660 1124 καθάπερ
1679 1052 1844 1122 ἡμεῖς
1861 1064 1877 1080 ·
1900 1047 2025 1100 οὐδὲ

412 1174 415 1181 ·
452 1149 631 1218 εἶπεν,
660 1149 794 1207 Ἐἀν
811 1147 917 1220 δῷς
950 1163 1041 1219 μοι
1071 1143 1306 1209 παιδίον,
1335 1141 1531 1211 δίδωμι
1562 1139 1821 1212 χρήματα
1844 1149 1858 1164 ·
1884 1133 2023 1199 ἀλλ’,

461 1239 795 1312 Ὀλόκληρον
820 1236 955 1292 αὐτὸ
988 1235 1050 1290 τὸ
1072 1233 1245 1306 δῶρον
1266 1230 1601 1300 ἀντιδίδωμι,
1619 1228 1713 1281 τὸν
1746 1224 2022 1312 πρωτόωέ

442 1348 560 1396 κον,
606 1309 716 1383 τὸν
756 1328 858 1397 τῆς
908 1322 1077 1393 εὐχῆς
1122 1320 1260 1377 υίόν.
1316 1317 1464 1391 Αὕτη
1513 1315 1763 1387 θυγάτηρ
1812 1310 1883 1387 ἦν
1926 1309 2023 1365 τοῦ

454 1418 724 1489 Ἁϐραάμ.
762 1414 998 1475 Ἐκεῖνος
1022 1408 1289 1481 αἰτηθεὶς,
1315 1406 1535 1460 ἔδωκεν·
1554 1401 1694 1475 αὕτη
1723 1403 1781 1456 δέ
1805 1400 1902 1456 καὶ
1917 1398 2025 1471 πρὸ

439 1506 543 1577 τῆς
558 1487 838 1572 αἰτήσεως
860 1498 1094 1553 δίδωσιν.
1136 1494 1279 1551 Ἀλλ’
1305 1495 1407 1564 ὅρα
1441 1493 1536 1547 καὶ
1571 1489 1822 1545 ἐντεῦθεν
1850 1487 2024 1556 αὐτῆς

439 1576 540 1667 τήν
565 1592 873 1647 εὐλάϐειαν.
897 1586 1071 1656 Φωνὴ
1094 1582 1509 1654 αὐτῆς.φησὶν,
1528 1580 1925 1649 οῠκὴκούετο,
1950 1576 2026 1631 τὰ

440 1664 510 1737 δέ
529 1683 704 1753 χείλη
720 1676 914 1745 αὐτῆς
931 1673 1206 1730 ἐκινεῖτο.
1232 1670 1420 1734 Οὕτως
1438 1672 1467 1723 ὁ
1488 1668 1809 1741 βουλόμενος
1827 1664 2024 1720 ἀνύσαι

442 1750 807 1841 προσέρχεται
828 1764 907 1835 τῷ
931 1763 1074 1834 Θεῷ,
1104 1761 1165 1815 οὐ
1188 1757 1624 1833 μαλακιζόμενος
1646 1754 1769 1810 ούδέ
1797 1750 2025 1825 χασμώ-

444 1840 607 1932 μενος
627 1857 749 1911 οὐδὲ
781 1851 1138 1924 ἐκλελυμένος
1165 1849 1287 1904 οὑδέ
1308 1846 1586 1919 κνώμενος
1611 1845 1732 1899 οὐδὲ
1759 1840 2021 1913 ἀκηδιῶν.

439 1931 536 2020 Μὴ
567 1946 677 2018 γάρ
704 1945 808 1998 οὐκ
830 1942 1067 2014 ἠδύνατο
1090 1943 1118 1994 ὁ
1137 1938 1271 2002 Θεὸς
1294 1937 1391 1991 καί⁵
1422 1952 1591 2008 χωρίς
1619 1933 1783 2004 εὐχῆς
1809 1931 2021 1995 δοῦναις

443 2018 534 2109 μὴ-
560 2034 674 2105 γὰρ
699 2032 800 2086 οὐκ
829 2030 947 2103 ᾔδει
991 2028 1087 2083 καὶ
1121 2025 1231 2099 πρὸ
1268 2026 1368 2096 τῆς
1400 2026 1667 2095 αἰτήσεως
1698 2021 1798 2092 τήν
1838 2018 2029 2072 ἐπιθυ-

444 2108 576 2195 μίαν
594 2123 695 2193 τῆς
719 2116 1010 2189 γυναικός;
1045 2112 1160 2168 ἀλλ’
1182 2114 1233 2166 εἰ
1263 2111 1432 2166 ῑδωκε
1465 2110 1574 2182 πρὸ
1604 2109 1706 2179 τῆς
1734 2108 2024 2177 αἰτήσεως,

440 2193 544 2265 οὐκ
570 2208 639 2264 ἂν
664 2207 838 2278 ἐφάνη
855 2205 954 2272 τῆς
979 2200 1239 2271 γυναικὸς
1262 2201 1297 2270 ή
1321 2197 1625 2271 προθυμία,
1655 2194 1757 2248 οὐκ
1781 2193 1848 2248 ἂν
1868 2193 2028 2262 γέγο-

440 2315 534 2354 νεν
560 2300 597 2370 ή
628 2297 795 2370 ἀρετὴ
826 2293 997 2364 αὐτῆς
1037 2291 1174 2362 δήλη
1195 2328 1211 2354 ,
1238 2288 1340 2342 οὐκ
1372 2287 1438 2341 ἀν
1467 2282 1723 2339 τοσοῦτον
1755 2283 2028 2351 ἐκτήσατο

444 2368 845 2461 μισθόνζὮστε
874 2382 908 2452 ή
940 2378 1200 2448 ἀναϐολὴ,
1232 2376 1355 2447 οὐχὶ
1381 2374 1578 2444 φθόνου
1596 2372 1745 2427 ἐστὶν
1777 2369 1900 2424 οὐδὲ
1929 2368 2030 2440 βα-

443 2473 672 2537 σκανίας
691 2512 708 2539 ,
740 2468 879 2526 ἀλλά
909 2465 1263 2539 κηδεμονίας.

513 2614 579 2669 δ’.
613 2613 781 2667 Ὅταν
812 2603 906 2664 οὖν
927 2606 1171 2678 ἀκούσῃς
1197 2603 1299 2675 τῆς
1316 2601 1539 2675 Γραφῆς
1572 2597 1838 2670 λεγούσης
1857 2641 1873 2666 ,
1899 2598 2030 2653 Ὀτι

440 2702 765 2771 ἀπέκλεισε
793 2697 864 2751 τὰ
881 2694 1013 2765 περὶ
1034 2693 1149 2762 τὴν
1160 2690 1395 2761 μήτραν
1416 2686 1626 2759 αὐτῆς,
1652 2687 1752 2743 καί
1775 2687 1867 2741 ὄτι
1881 2703 2030 2756 παρ-

440 2787 681 2861 ὡργιζεν
727 2784 924 2852 αὐτὴν
967 2783 1006 2851 ἠ
1051 2778 1366 2845 amcam;
1393 2774 1606 2846 αὐτῆς,
1663 2775 1915 2848 ἐννόησον
1946 2775 2029 2828 ὅτι

441 2868 544 2946 τὴν
574 2873 895 2946 φιλοσοφίαν
925 2869 1096 2936 δεῖξαι
1131 2865 1377 2937 βούλεται
1409 2865 1507 2935 τῆς
1528 2864 1806 2933 γυναικός.
1830 2862 2031 2917 Σκόπει

441 2964 585 3033 γάρ·
620 2957 747 3031 Εἶχε
779 2958 870 3010 τὸν
904 2955 1071 3027 ἀνδρα
1112 2950 1540 3022 δεδουλωμένον·
1573 2950 1727 3019 ἐλεγε
1759 2950 1868 3021 γάρ
1892 2951 2030 3020 πρὸς

441 3050 615 3122 αὐτήν
636 3066 650 3080 ·
678 3049 799 3101 Οὐκ
831 3044 1051 3115 ἀγαθός
1076 3057 1175 3096 σοι
1196 3038 1311 3109 ἐγὼ
1331 3038 1485 3108 ὑπὲρ
1504 3037 1653 3092 δέκα
1682 3035 1897 3101 τέκνα;
1921 3036 2031 3091 Καί

443 3132 805 3206 παρώργιζεν
850 3131 1082 3198 αὐτὴν,
1118 3128 1315 3200 φησὶν,
1364 3125 1405 3196 ή
1442 3124 1767 3192 ἀντίζηλος
1793 3122 1987 3193 αὐτῆς
2013 3140 2028 3157 ·

441 3224 743 3284 τουτέστιν,
777 3216 1077 3282 ὠνείδιζεν,
1113 3214 1377 3284 ἐφήλλετο
1403 3227 1417 3242 ο
1452 3212 1549 3265 καὶ
1577 3210 1833 3264 οὐδέποτε
1862 3210 2032 3282 αὐτὴν

443 3312 715 3383 ἠμύνατο,
744 3307 866 3362 οὐδὲ
893 3304 1202 3376 κατηύξατο
1232 3303 1426 3373 αὐτῆς,
1450 3299 1571 3353 οὐδὲ
1591 3295 1747 3383 εἶπεν
1767 3316 1780 3330 ·
1812 3298 2030 3370 Ἐπειδὴ

442 3382 693 3461 ὀνειδίζει
714 3412 805 3466 μοι
825 3395 860 3465 ἡ
884 3391 1192 3464 ἀντίζηλος,
1221 3387 1512 3459 ἐκδίκησόν
1543 3404 1631 3459 με.
1655 3382 1818 3459 Εἷχεν
1844 3388 2031 3458 ἐκείνη

445 3487 659 3550 παιδία,
687 3484 803 3540 ἀλλ’
834 3480 987 3555 εἶχεν
1014 3481 1157 3550 αὕτη
1187 3480 1285 3553 τὴν
1313 3478 1537 3551 ἀγάπην
1572 3479 1671 3549 τὴν
1714 3477 1811 3531 τοῦ
1839 3477 2032 3548 ἀνδρὸς

441 3576 790 3647 ἀντίρροπον.
841 3570 1032 3641 Τούτῳ
1073 3569 1206 3640 γοῦν
1239 3569 1409 3636 αὐτὴν
1456 3567 1553 3620 καὶ
1599 3566 2031 3637 παρεμυθήσατο

442 3669 651 3737 λέγων·
682 3667 807 3719 Οὐκ
851 3663 1078 3733 ἀγαθός
1123 3676 1225 3715 σοι
1265 3659 1382 3730 ἐγὼ
1423 3657 1578 3727 ὑπὲρ
1617 3657 1768 3711 δέκα
1812 3656 2031 3722 τέκνα;

457 3756 621 3811 Ἀλλά
655 3754 818 3809 πάλιν
867 3752 1068 3823 ίδωμεν
1095 3749 1198 3821 τῆς
1243 3748 1501 3818 γυναικὸς
1544 3746 1644 3818 τὴν
1689 3740 2029 3816 φιλοσοφίαν.

442 3844 556 3902 Καί
584 3842 907 3912 ἐλογίσατο
925 3836 1141 3905 αὐτὴν,
1163 3837 1350 3907 φησὶν,
1390 3835 1541 3890 Ἠλεί
1558 3837 1648 3901 είς
1658 3836 2028 3904 μεθύουσαν.

459 3932 596 3986 Ἀλλ’
618 3932 722 4001 δρα
740 3929 838 3983 καὶ
862 3927 999 3999 πρὸς
1027 3925 1193 3980 αὐτὸν
1215 3925 1269 3978 τί
1294 3941 1427 3996 φησι
1446 3939 1460 3951 ·
1493 3923 1589 3991 Μὴ
1613 3924 1733 3988 δῷς
1753 3922 1869 3991 τὴν
1895 3924 2033 3977 δού-

443 4025 558 4089 λην
608 4036 727 4074 σου
767 4020 856 4082 εὶς
901 4012 1198 4084 θυγατέρα
1243 4012 1472 4081 λύμης,
1505 4010 1596 4065 ὅτι
1638 4012 1709 4064 ἐκ
1760 4012 2033 4080 πλήθους

444 4105 816 4175 ἀδολεσχίας
828 4121 949 4174 μου
970 4099 1265 4169 ἐκτέτηκα
1282 4098 1395 4165 ἕως
1414 4098 1521 4153 τοῦ
1546 4098 1683 4152 νῦν.
1709 4096 1880 4152 Τοῦτο
1901 4099 2033 4169 ἀληο

447 4196 556 4261 θῶς
593 4193 823 4266 καρδίας
856 4187 1348 4261 συντετριμμένης,
1387 4184 1539 4259 [185]
1570 4186 1698 4239 ὅταν
1741 4186 1879 4256 πρὸς
1906 4188 2032 4250 τοὺς

447 4286 773 4359 ὑϐρίζοντας
807 4281 882 4354 μὴ
907 4280 1350 4352 χαλεπαίνωμεν,
1387 4277 1517 4330 ὅταν
1557 4275 1632 4345 μὴ
1666 4274 2031 4346 δυσχεραίνω-

451 4392 573 4446 μεν,
607 4374 738 4428 ὅταν
767 4364 1192 4438 ἀπολογώμεθα.
1234 4364 1402 4420 Οὐδὲν
1445 4360 1589 4416 οὕτω
1622 4365 1769 4415 ποιεῖ
1804 4362 2033 4434 καρδίαν

448 4461 759 4533 φιλόσοφον,
798 4457 875 4520 ὡς
917 4455 1095 4525 θλῖψις
1116 4469 1131 4483 ·
1164 4452 1318 4507 οὐδὲν
1350 4449 1495 4504 οὕτω
1541 4452 1773 4521 πρᾶγμα
1804 4450 1925 4520 ἡδὺ,
1956 4449 2031 4513 ὡς

448 4549 644 4613 πένθος
670 4547 733 4601 τὸ
758 4545 900 4600 κατά
937 4542 1091 4598 Θεόν.
1129 4540 1225 4594 Ἐκ
1258 4538 1555 4608 πλήθους,
1592 4538 1780 4607 φησὶν,
1821 4537 2034 4592 ἀδολε-

449 4638 634 4707 σχίας
666 4652 785 4705 μου
824 4633 1117 4699 ἐκτέτηκα
1141 4628 1254 4694 ἕως
1278 4627 1385 4683 τοῦ
1420 4627 1556 4680 νῦν.
1601 4626 1818 4697 Ταύτην
1855 4625 2034 4697 μιμὼ-

454 4725 595 4794 μεθα
625 4722 884 4783 ἅπαντες.
926 4716 1182 4773 Ἀκούετε
1214 4716 1338 4769 ὅσαι
1378 4716 1611 4784 στεῖραι,
1643 4713 1870 4767 ἀκούετε
1909 4714 2032 4768 ὅσαι

450 4810 660 4867 παίδων
688 4809 872 4880 ἐρᾶτε,
893 4805 1121 4860 ἀκούετε
1154 4803 1248 4857 καὶ
1275 4801 1467 4873 ἀνδρες
1497 4800 1590 4854 καὶ
1616 4802 1870 4869 γυναῖκες
1889 4816 1903 4831 ·
1935 4799 2033 4853 καὶ

450 4900 563 4971 γάρ
602 4897 697 4951 καὶ
732 4894 927 4966 ἄνδρες
960 4888 1350 4949 συνεϐάλλοντο
1381 4886 1662 4948 πολλάκις.
1694 4888 1893 4940 ’Δκουε
1924 4887 2033 4958 γάρ

448 4988 549 5060 τῆς
576 4982 797 5057 Γραφῆς
821 4978 1083 5049 λεγούσης
1106 4995 1121 5010 ·
1155 4976 1264 5032 Καὶ
1293 4974 1483 5029 ἐδεῖτο
1517 4974 1722 5060 Ἰσαὰκ
1757 4974 2035 5028 Ῥεϐέκκα

448 5075 563 5146 τῆς
591 5069 873 5145 γυναικὸς
901 5067 1089 5122 αὑτοῦ
1108 5106 1125 5131 ,
1165 5065 1256 5119 ὅτι
1284 5064 1494 5134 στεῖρα
1523 5059 1625 5133 ἦν.
1659 5063 1889 5131 Μεγάλα
1925 5062 2034 5135 γὰρ

448 5164 673 5220 δύναται
706 5157 915 5230 ήεύχή.
958 5155 1061 5209 Ἐν
1090 5153 1281 5222 πάσῃ,
1313 5154 1472 5222 φησί,
1514 5151 2035 5220 προσκαρτερήσει

448 5251 552 5305 καί
590 5247 800 5317 δεήσει
850 5242 985 5312 περὶ
1033 5241 1277 5297 πάντων
1324 5241 1444 5295 τῶν
1476 5241 1694 5309 ἁγίων,
1747 5239 1844 5293 καί
1882 5239 2035 5307 ὑπὲρ

449 5341 630 5409 ἐμοῦ,
655 5336 848 5392 ἐαυτὸν
884 5334 1111 5404 ἔσχατον
1145 5330 1338 5393 τιθείς.
1379 5330 1446 5384 Τί
1490 5333 1685 5393 ποιεῖς,
1715 5325 1762 5383 ὦ
1795 5330 2035 5400 μακάριε

451 5425 654 5486 Παῦλε,
690 5421 878 5477 ἐαυτὸν
906 5418 1134 5490 ἔσχατον
1167 5418 1367 5484 τιθείς;
1401 5417 1530 5476 Ναὶ.
1563 5420 1747 5488 φησὶν,
1781 5419 1917 5471 Ἵνα
1932 5433 2034 5486 μοι

450 5510 599 5578 δοθῇ
628 5511 811 5579 λόγος
830 5508 902 5562 ἐν
928 5505 1158 5570 ἀνοίξει
1180 5504 1288 5558 τοῦ
1316 5505 1613 5573 στόματός
1630 5523 1770 5572 μου,
1798 5506 1870 5558 ἐν
1891 5506 2035 5573 παρ-

450 5596 636 5663 ρησίᾳ
677 5595 963 5665 γνωρίσαι
1012 5591 1081 5646 τὸ
1104 5590 1446 5662 μυστήριον
1473 5590 1581 5644 τοῦ
1624 5592 2031 5661 Εὐαγγιελίου,

448 5683 606 5751 ὑπὲρ
667 5679 740 5739 οὗ
783 5684 1092 5749 πρεσϐεύω
1127 5682 1198 5736 ἐν
1230 5681 1471 5735 ἁλύσει.
1525 5680 1636 5734 Ποῦ
1676 5680 2030 5752 πρεσϐεύεις;

455 5772 599 5841 Πρδς
628 5769 971 5839 ἀνθρώπους,
999 5771 1154 5840 φησί.
1180 5768 1355 5823 Βαϐαῖ
1384 5770 1483 5840 τῆς
1509 5768 1917 5840 φιλανθρωπίας
1940 5769 2030 5822 τοῦ

454 5858 621 5917 Θεοῦι
653 5857 917 5929 ,Ἔπεμψε
947 5857 1345 5931 πρεσϐεύοντας
1374 5858 1438 5911 ἐκ
1476 5859 1585 5913 τῶν
1612 5859 1856 5932 οὐρανῶν
1890 5860 2029 5930 ὑπὲρ

1179 411 1241 466 S.
1278 407 1564 466 JOANNIS
1596 400 2097 463 CHRYSOSTOMI
2131 401 2452 461 ABCHIEP.
2495 403 3049 460 CONSTANTINOP.

2131 522 2336 586 αὐτοῦ,
2367 522 2510 594 ὑπὲρ
2553 523 2802 593 εἰρήνης,
2850 521 2945 575 καὶ
2988 517 3246 582 λαϐόντες
3280 516 3476 587 ἔδησαν
3517 518 3714 583 αὐτοὺς

2130 611 2181 664 οἱ
2215 609 2515 681 ἄνθρωποι,
2555 610 2653 664 καὶ
2680 610 2802 664 οὐδὲ
2838 611 2930 665 τὸν
2963 608 3142 664 κοινὸν
3175 607 3337 677 νόμον
3370 606 3711 678 ᾐδέσθησαν,

2129 698 2214 751 ὅτι
2258 698 2288 750 ὁ
2334 696 2653 769 πρεσϐεύων
2684 698 2941 752 οὐδέποτε
2990 698 3193 766 πάσχει
3230 712 3283 748 τι
3323 695 3513 748 κακόν.
3571 694 3713 748 Ἀλλ’

2130 785 2282 856 ὅμως
2311 785 2422 855 ἐγὼ
2453 785 2746 858 πρεσϐεύω
2772 788 2831 839 ἐν
2865 785 3071 840 ἁλύσει.
3112 784 3179 836 Ἥ
3222 781 3410 844 ἀλυσις
3440 782 3714 836 ἐπίκειται

2128 872 2229 942 τὴν
2247 874 2561 945 παρρησίαν
2580 873 3029 945 ἐπιστομίζουσα,
3056 870 3219 940 ἀλλ’ἢ
3251 869 3385 940 εὐχὴ
3409 870 3443 940 ή
3467 869 3634 940 ὑμετέ
3645 886 3713 940 ρα

2131 959 2338 1028 ἀνοίγει
2372 976 2473 1029 μου
2507 958 2567 1013 τὸ
2605 959 2797 1030 στόμα,
2824 961 2911 1013 ἵνα
2942 960 3001 1012 ἐν
3028 957 3175 1028 αὐτῷ
3204 958 3710 1028 παρρησιάσωμαι,

2124 1047 2207 1110 ὡς
2254 1047 2335 1100 δεῖ
2368 1064 2435 1118 με
2463 1047 2729 1119 λαλῆσαι·
2757 1048 3066 1109 τουτέστιν,
3099 1047 3217 1099 Ἵνα
3257 1045 3437 1100 πάντα
3462 1042 3497 1098 ἃ
3540 1044 3714 1114 ἐπέμ-

2130 1135 2273 1206 φθην
2303 1137 2507 1202 εἰπεῖν,
2539 1136 2698 1190 εῐπω.
2733 1135 2868 1191 Ἵνα
2908 1134 2978 1188 δὲ
3025 1130 3220 1201 εἰδῆτε
3282 1133 3380 1186 καί
3437 1130 3604 1201 ὑμεῖς
3642 1131 3713 1185 τὰ

2119 1224 2260 1278 κατ’
2282 1223 2408 1293 ἐμὲ,
2436 1224 2495 1278 τί
2523 1224 2802 1293 πράσσω.
2826 1222 3023 1277 πάντα
3055 1221 3198 1291 ὑμῖν
3234 1220 3513 1293 γνωρίσει
3542 1222 3713 1290 Τυχι-

2124 1314 2239 1379 πκὸς
2290 1315 2323 1366 ό
2363 1311 2673 1383 ἀγαπητὸς
2721 1311 2984 1381 ἀδελφὸς
3030 1310 3127 1365 καί
3180 1308 3396 1374 πιστὸς
3437 1306 3712 1373 διάκονος

2127 1400 2201 1453 ἐν
2228 1401 2445 1467 Κυρίῳ.
2489 1400 2552 1455 El
2592 1399 2784 1463 πιστὸς
2803 1439 2818 1461 .
2857 1399 3010 1453 οὐδὲν
3044 1398 3340 1469 ψεύσεται,
3371 1396 3508 1449 ἀλλά
3536 1397 3714 1450 πάντα

2129 1487 2442 1558 ἀληθεύσει.
2485 1488 2595 1541 Ὃν
2638 1487 2883 1556 ἔπεμψα
2920 1488 3072 1555 πρὸς
3112 1484 3269 1554 ὑμᾶς
3310 1484 3456 1537 αὐτὸ
3502 1483 3711 1549 τοῦτο,

2127 1578 2232 1631 ἵνα
2279 1576 2467 1646 γνῶτε
2502 1576 2579 1631 τὰ
2617 1577 2752 1645 περὶ
2802 1575 3002 1647 ἡμῶν,
3036 1576 3136 1629 καὶ
3166 1573 3563 1643 παρακαλέσῃ
3607 1571 3715 1637 τὰς

2130 1664 2382 1733 καρδίας
2408 1664 2597 1734 ὑμῶν.
2622 1665 2821 1731 Βαϐαὶ,
2851 1664 2991 1735 πόση
3018 1664 3052 1735 ἡ
3081 1664 3304 1733 ἀγάπηί
3340 1663 3458 1715 Ἵνα
3491 1660 3566 1732 μὴ
3596 1660 3712 1731 ἐξῇ,

2130 1754 2294 1824 φησί,
2331 1756 2446 1817 τοῖς
2483 1751 2827 1824 βουλομένοις
2868 1753 3053 1805 πτοεῖν
3088 1751 3235 1822 ὑμᾶς
3259 1768 3274 1782 ·
3306 1750 3453 1813 εἰκὸς
3481 1750 3589 1819 γάρ
3623 1748 3692 1801 αύ

2140 1842 2260 1906 ..οὓς
2307 1842 2366 1895 ἐν
2405 1841 2597 1904 δεινοῖς
2641 1836 2781 1894 εῖναι
2806 1857 2821 1870 ·
2864 1839 2924 1893 τὸ
2972 1838 3111 1910 γάρ,
3157 1837 3570 1905 Παρακαλέσει
3606 1835 3713 1903 τὰς

2133 1929 2378 1998 καρδίας
2408 1926 2596 2008 ὑμῶν,
2614 1927 2774 1981 τοῦτο
2801 1926 3117 1981 αἰνίττεται.
3152 1926 3271 1981 Ἵνα
3298 1924 3372 1996 μὴ
3392 1926 3527 1995 ἀφῇ,
3556 1923 3711 1995 φησὶ,

2136 2020 2485 2072 καταπεσεῖν.
2511 2016 2737 2085 Εἰρήνη
2761 2016 2883 2082 τοῖς
2906 2014 3192 2084 ἀδελφοῖς
3213 2014 3310 2068 καὶ
3339 2012 3539 2082 ἀγάπη
3565 2011 3717 2081 μετὰ

2133 2105 2396 2171 πίστεως
2442 2105 2563 2160 ἀπὸ
2616 2104 2764 2159 Θεοῦ
2819 2102 3051 2171 Πατρὸς
3089 2103 3186 2155 καί
3232 2102 3452 2169 Κυρίου
3511 2097 3716 2165 Ἰησοῦ

2132 2194 2417 2262 Χριστοῦ.
2476 2191 2802 2263 Ἐπεύχεται
2856 2192 3040 2254 αὐτοῖς
3087 2190 3311 2262 εἰρήνην
3360 2190 3456 2242 καὶ
3498 2188 3717 2256 ἀγάπην

2137 2282 2277 2353 μετά
2302 2283 2565 2345 πίστεως.
2600 2280 2798 2342 Καλῶς
2833 2274 2956 2332 εἷπε
2974 2293 2988 2309 ·
3021 2277 3268 2349 βούλεται
3297 2278 3405 2347 γὰρ
3432 2277 3505 2347 μὴ
3528 2275 3717 2340 ἀπλῶς

2133 2369 2278 2441 ἔχειν
2315 2368 2407 2424 τδν
2447 2369 2548 2441 τῆς
2578 2368 2799 2439 ἀγάπης
2842 2366 3022 2435 λόγον,
3059 2365 3153 2419 καί
3184 2366 3301 2421 τοῖς
3344 2363 3717 2435 ἐτεροπίστοις

2134 2458 2365 2522 ἑαυτοὺς
2382 2456 2767 2527 άναμιγνύναι.
2800 2456 2870 2507 Ἢ
2894 2451 3124 2523 τοῦτο,ἢ
3150 2452 3327 2505 ἐκεῖνό
3357 2468 3544 2521 φησιν,
3575 2449 3716 2502 ὥστε

2134 2546 2231 2600 καὶ
2260 2545 2442 2599 πίστιν
2473 2544 2672 2606 αὐτοὺς
2702 2542 2866 2614 ἔχειν,
2899 2540 3040 2594 ὥστε
3075 2539 3298 2611 θαρρεῖν
3327 2539 3422 2591 καὶ
3451 2540 3579 2608 περὶ⁵
3604 2536 3714 2590 τῶν

2138 2633 2460 2706 μελλόντων.
2503 2633 2569 2685 Ἥ
2600 2632 2793 2703 εἰρήνη
2822 2629 2960 2699 πρὸς
2987 2627 3077 2682 τὸν
3109 2627 3261 2693 Θεὸν,
3302 2626 3399 2679 καὶ
3436 2627 3468 2697 ή
3501 2625 3712 2695 ἀγάπη.

2147 2720 2275 2775 Ἐἀν
2319 2721 2430 2792 γάρ
2457 2720 2648 2793 εἰρήνη
2698 2714 2754 2791 ᾖ,
2801 2716 2898 2771 καὶ
2926 2716 3115 2786 ἀγάπη
3160 2714 3312 2767 ἐσται
3337 2731 3353 2748 ·
3390 2714 3456 2767 ἂν
3492 2713 3713 2781 ἀγάπη,

2136 2809 2230 2862 καὶ
2257 2808 2448 2880 εἰρήνη
2482 2807 2655 2860 ἔσται.
2686 2804 2847 2860 Μετὰ
2880 2805 3158 2868 πίστεως.
3201 2801 3365 2855 Ούδέν
3393 2800 3501 2870 γὰρ
3528 2798 3717 2867 ὄφελος

2135 2897 2357 2967 ἀγάπης
2377 2936 2393 2959 ,
2423 2896 2660 2957 πίστεως
2688 2892 2856 2965 χωρίς
2875 2908 2891 2923 ·
2933 2891 3131 2962 μᾶλλον
3163 2889 3217 2943 δέ
3262 2888 3374 2941 οὐδ’
3408 2888 3474 2942 ἂν
3510 2888 3716 2955 γένοιτο

2135 2985 2323 3055 ἀγάπη
2355 2984 2576 3055 ἑτέρως.
2610 2981 2719 3036 Καὶ
2751 2979 2923 3049 χάρις
2954 2980 3105 3047 μετὰ
3144 2977 3388 3033 πάντων
3417 2974 3533 3029 τῶν
3571 2976 3716 3045 ἀγα-

2136 3072 2385 3126 πώντων
2432 3070 2539 3125 τὸν
2570 3069 2790 3137 Κύριον
2834 3063 3006 3136 ἡμῶν
3066 3064 3311 3132 ἰησοῦν
3355 3062 3612 3131 Χριστὸν
3646 3061 3718 3115 ἐν

2136 3161 2460 3230 ἀφθαρσίᾳ.
2524 3156 2733 3227 Ἀμήν.
2796 3153 3063 3209 Ἐνταῦθα
3106 3153 3298 3214 διείἿε,
3341 3152 3440 3221 τὴν
3490 3150 3716 3219 εἰρήνην

2137 3252 2256 3304 κατ’
2300 3250 2437 3304 ἰδίαν
2488 3248 2633 3312 θεὶς,
2682 3246 2776 3300 καὶ
2822 3244 2921 3316 τὴν
2984 3244 3165 3314 χάριν.
3230 3242 3334 3298 Ἐν
3377 3241 3714 3307 ἀφθαρσίᾳ,

2137 3338 2332 3408 φησὶν,
2371 3336 2567 3405 Ἀμήν.
2621 3332 2686 3387 Τί
2731 3333 2901 3393 ἐστιν,
2946 3331 3043 3383 Ἐν
3089 3328 3427 3408 ἀφθαρσίας
3467 3324 3625 3379 Ἤτοι
3658 3326 3716 3377 ἐν

2137 3406 2492 3497 κοσμιότητι,
2542 3424 2575 3497 ἢ
2627 3421 2765 3492 ὑπὲρ
2818 3420 2926 3472 τῶν
2982 3416 3309 3486 ἀφθάρτων·
3369 3406 3479 3466 οἷον
3534 3411 3609 3483 μὴ
3659 3412 3717 3463 ἐν

2137 3512 2375 3584 πλούτῳ,
2417 3511 2553 3583 μηδὲ
2581 3513 2639 3563 ἐν
2678 3508 2824 3583 δόξῃ,
2856 3505 2972 3560 ἀλλ’
3005 3508 3063 3559 ἐν
3091 3503 3321 3565 ἐκείνοις
3345 3503 3459 3563 τοῖς
3501 3498 3717 3569 ἀφθάρ-

2135 3617 2269 3665 τοις.
2301 3597 2450 3671 1186]
2488 3598 2582 3663 Τὸ,
2617 3599 2707 3661 ἐν,
2737 3596 2833 3650 διά
2870 3598 3008 3648 ἐστι.
3043 3592 3142 3645 Διά
3174 3589 3502 3660 ἀφθαρσίας,
3541 3586 3713 3657 φησί·

2136 3689 2404 3754 τουτέστι,
2430 3686 2498 3742 δι’
2522 3687 2744 3759 ἀρετῆς.
2774 3685 2931 3739 Πᾶσα
2955 3681 3064 3753 γὰρ
3100 3678 3342 3750 ἁμαρτία
3382 3675 3591 3747 φθορά·
3622 3672 3716 3726 καὶ

2137 3777 2393 3849 καθάπερ
2418 3774 2518 3848 τὴν
2539 3773 2810 3846 παρθένον
2831 3767 3150 3841 φθείρεσθαι
3172 3766 3423 3834 λέγομεν,
3447 3761 3590 3816 οὕτω
3621 3760 3715 3814 καὶ⁵

2136 3864 2234 3935 τὴν
2254 3847 2455 3933 ψυχήν.
2481 3860 2582 3914 Διά
2606 3859 2765 3913 τοῦτο
2792 3857 3002 3919 Παῦλος
3029 3856 3181 3921 ἐλεγε
3206 3868 3220 3881 ·
3250 3851 3346 3920 Μή
3374 3868 3498 3916 πως
3516 3847 3716 3919 φθαρῇ

2137 3951 2210 4004 τὰ
2237 3951 2507 4020 νοήματα
2537 3946 2738 4017 ὑμῶν·
2768 3947 2864 4000 καὶ
2896 3945 3059 3998 πάλιν
3099 3940 3359 4011 ἀλλαχοῦ,
3406 3940 3501 3992 Ἐν
3525 3936 3597 4006 τῇ
3630 3936 3715 3989 διο

2137 4038 2440 4106 δασκαλίᾳ
2466 4034 2881 4105 ἀδιαφθορίαν,
2909 4029 3062 4102 φησί.

2207 4189 2267 4235 ε’.
2301 4180 2366 4233 Τί
2393 4180 2520 4248 γὰρ,
2552 4180 2674 4232 εἰπέ
2703 4194 2814 4250 μοι,
2836 4175 3011 4246 φθορά
3024 4173 3275 4244 σώματος
3295 4188 3310 4237 ;
3333 4168 3453 4239 ούχί
3470 4166 3713 4228 διάλυσις

2137 4270 2233 4325 τοῦ
2266 4268 2488 4332 παντὸς,
2520 4271 2618 4323 καὶ
2664 4267 2763 4338 τῆς
2809 4263 3113 4327 συνθέσεως
3155 4260 3369 4330 αύτῆς;
3401 4256 3572 4310 Τοῦτο
3619 4255 3712 4309 καὶ

2138 4360 2232 4411 ἐπὶ
2265 4360 2363 4429 τῆς
2403 4356 2582 4427 ψυχῆς
2638 4356 2872 4425 γίνεται,
2903 4352 3004 4421 τῆς
3042 4349 3316 4422 ἁμαρτίας
3344 4343 3709 4411 εἰσελθούσης.

2137 4447 2350 4510 Κάλλος
2410 4447 2518 4515 γάρ
2551 4444 2729 4515 ψυχῆς
2761 4439 3104 4513 σωφροσύνη,
3131 4438 3449 4504 δικαιοσύνη
3481 4452 3496 4463 ·
3532 4432 3712 4501 ὑγίεια

2136 4537 2317 4609 ψυχῆς
2345 4533 2586 4605 ἀνδρεία,
2622 4533 2905 4603 φρόνησις.
2941 4531 3010 4582 Ὅ
3038 4546 3099 4582 τε
3128 4527 3239 4598 γὰρ
3266 4525 3493 4597 αἰσχρὸς
3528 4523 3708 4576 δυσει-

2136 4626 2255 4695 δὴς,
2289 4624 2317 4676 ὅ
2338 4640 2399 4677 τε
2438 4619 2789 4689 πλεονέκτης,
2818 4618 2849 4671 δ
2875 4632 2933 4669 τε
2982 4617 3095 4678 τοῖς
3117 4613 3369 4684 πονηροῖς
3394 4610 3709 4678 πράγμασιν

2138 4694 2329 4766 ἐαυτὸν
2386 4708 2627 4770 ἐκδιδοὺς
2652 4747 2668 4773 ,
2701 4708 2731 4760 ὅ
2762 4723 2819 4759 τε
2842 4704 3035 4767 δειλὸς.
3071 4701 3329 4771 ἄνανδρος
3366 4698 3461 4752 καί
3479 4694 3710 4763 ἀσθενὴς

2140 4800 2423 4871 καχεκτεῖ.
2459 4797 2583 4849 Ὀτι
2624 4794 2682 4847 δὲ
2740 4795 2799 4846 αἱ
2831 4793 3099 4863 άμαρτίαι
3134 4788 3339 4858 φθορὰν
3359 4783 3706 4857 ἐργάζονται,

2138 4869 2393 4940 ἐντεῦθεν
2412 4882 2573 4953 δῆλον
2591 4896 2606 4911 ·
2640 4881 2737 4935 καὶ
2766 4880 2877 4949 γὰρ
2907 4878 3163 4949 αἰσχροὺς
3185 4874 3397 4928 ποιοῦσι
3430 4873 3523 4924 καὶ
3550 4869 3711 4923 ἀσθε-

2139 4977 2273 5041 νεῖς,
2303 4971 2401 5027 καὶ
2424 4970 2653 5039 κάμνειν
2680 4966 3176 5037 παρασκευάζουσι.
3194 4962 3467 5034 Φθαρῆναι
3489 4958 3596 5029 γὰρ
3611 4956 3709 5025 τὴν

2139 5061 2413 5135 παρθένον
2453 5056 2549 5110 καὶ
2585 5054 2674 5109 διὰ
2698 5055 2859 5107 τοῦτο
2888 5054 3094 5125 κυρίως
3122 5051 3373 5121 λέγομεν,
3408 5048 3506 5117 οὐχ
3524 5046 3607 5098 ὅτι
3644 5043 3709 5097 τὸ

2141 5134 2302 5223 σῶμα
2334 5147 2616 5222 φθείρεται
2649 5144 2811 5220 μόνον
2841 5183 2856 5207 ,
2884 5141 3020 5195 ἀλλὰ
3055 5140 3144 5194 διὰ
3187 5140 3285 5209 τὴν
3320 5134 3665 5208 παρανομίαν
3690 5146 3706 5164 ·

2138 5219 2328 5311 τὸγὰρ
2350 5219 2634 5308 γινόμενον
2653 5219 2800 5307 μῖξίς
2829 5233 3000 5284 ἐστιν·
3025 5230 3074 5282 εἰ
3099 5228 3156 5282 δέ
3177 5225 3334 5279 τοῦτο
3364 5224 3429 5294 ἦν
3451 5224 3484 5293 ή
3510 5219 3706 5311 φθορά,

2137 5324 2205 5399 ἦν
2237 5308 2307 5382 ἂν
2353 5327 2449 5381 καὶ
2495 5326 2673 5396 γάμος
2720 5320 2919 5392 φθορά.
2949 5319 3113 5370 Ὥστε
3140 5317 3237 5386 οὐχ
3269 5315 3303 5384 ή
3332 5313 3476 5383 μῖξις
3503 5308 3702 5379 φθορά,

2138 5416 2257 5471 ἀλλ’
2292 5418 2326 5487 ή
2381 5415 2631 5487 ἁμαρτία
2655 5430 2670 5444 ·
2709 5412 2913 5483 ᾔσχυνε
2955 5407 3066 5476 γάρ
3091 5406 3284 5475 αὑτήν.
3309 5404 3505 5456 Σκόπει
3533 5399 3590 5453 δὲ
3616 5399 3711 5451 καὶ

2139 5485 2323 5568 ἄλλως
2343 5520 2357 5534 ·
2391 5485 2566 5574 φθορά
2584 5500 2761 5562 οἰκίας
2785 5497 2841 5551 τί
2872 5495 3085 5564 γένοιτο
3108 5494 3196 5556 ἂν,
3225 5492 3257 5561 ἢ
3288 5489 3529 5550 διάλυσις
3558 5503 3572 5547 ς
3599 5485 3711 5538 Καὶ

2140 5591 2415 5663 πανταχοῦ
2450 5593 2483 5661 ή
2513 5590 2691 5660 φθορά
2716 5582 2991 5658 μεταϐολή
3017 5582 3099 5644 τίς
3127 5582 3276 5632 ἐστιν
3296 5578 3389 5629 ἐπὶ
3417 5575 3477 5629 τὸ
3506 5576 3710 5645 χεῖρον,

2145 5682 2229 5749 ἐφ’
2256 5680 2450 5751 ἑτέραν
2487 5678 2601 5741 ἕξιν
2663 5675 2757 5730 καὶ
2796 5668 3101 5740 ἀφανισμὸν
3133 5665 3226 5719 τοῦ
3266 5665 3529 5734 προτέρου
3566 5677 3711 5728 γινο-

2145 5770 2303 5839 μένη.
2354 5750 2557 5818 Ἄκουε
2604 5762 2713 5831 γὰρ
2766 5760 2863 5828 τῆς
2924 5755 3143 5825 Γραφῆς
3192 5750 3504 5839 λεγούσης·
3560 5752 3710 5839 ποτε

2143 5833 2379 5926 ἔφθειρε
2413 5850 2581 5908 πᾶσα
2627 5846 2783 5916 σὰρξ
2814 5845 2923 5913 τὴν
2961 5842 3104 5897 ὁδὸν
3130 5837 3321 5908 αὐτῆς
3354 5854 3366 5869 ·
3399 5837 3491 5891 καὶ
3522 5833 3705 5899 πάλιν,
