4100 6412
416 345 614 405 ;ιπς

420 488 427 493 -
501 454 782 511 inauifests
808 454 924 525 ejus
950 457 1117 512 virtus
1163 496 1177 521 ,
1206 470 1311 511 non
1338 464 1539 511 tantam
1569 458 1896 526 acquisiisset
1924 471 2064 510 mer-

422 600 427 603 .
498 552 708 606 cedem.
749 551 1107 619 Quamobrem
1152 552 1336 607 dilatio
1376 568 1481 608 non
1515 563 1631 609 erat
1674 554 1885 609 invidiae
1912 594 1928 622 ,
1968 552 2064 608 sed
2110 562 2111 565 ‘

496 658 645 697 cura:
673 656 737 696 ac
764 642 1130 712 providentiae.

569 734 622 789 4.
657 734 733 789 De
773 737 925 789 Anna
962 744 1123 789 matre
1155 735 1432 790 Samuelis.
1453 764 1527 778 -—-
1549 735 1772 803 Quando
1810 751 1939 807 ergo
1964 750 2064 790 au-

496 823 661 879 dieris
688 824 1016 894 Scripturam
1044 825 1308 880 dicentem
1330 864 1345 888 ,
1380 824 1527 892 Quod
1550 826 1796 880 conclusit
1822 828 1931 891 eius
1957 827 2067 880 vul-

495 929 629 975 vam,
672 923 720 967 et
754 915 889 984 quod
924 915 1088 983 ipsam
1130 916 1198 969 ad
1238 916 1372 970 iram
1399 915 1698 986 provocabat
1726 918 1835 981 eius
1854 916 2062 979 cemula,

496 1005 667 1071 rogita
699 1005 870 1073 ipsum
898 1005 1183 1062 ostendere
1211 1005 1350 1061 velle
1376 1006 1613 1061 mulieris
1642 1005 2059 1076 philosophiam.

495 1094 787 1150 (hinsidera
838 1095 982 1151 enim
1032 1115 1047 1152 :
1096 1096 1327 1152 habebat
1377 1097 1625 1151 maritum
1686 1097 2062 1152 inservientem

495 1187 595 1240 sibi
628 1187 804 1241 :dixit
843 1188 986 1243 enim
1016 1188 1083 1241 ad
1128 1202 1275 1251 eam,
1325 1186 1446 1242 Non
1488 1203 1578 1257 ego
1608 1188 1696 1242 tibi
1738 1204 1848 1242 sum
1886 1189 2065 1242 melior

495 1295 643 1347 artam
670 1280 837 1333 decem
862 1280 957 1346 ﬁlii
982 1279 1008 1333 γ
1041 1279 1104 1332 Et
1131 1281 1314 1349 ipsam,
1351 1279 1539 1349 inquit,
1572 1280 1641 1333 ad
1662 1281 1791 1333 iram
1822 1296 2064 1349 provoca-

494 1374 577 1426 bat
610 1375 720 1444 ejus
754 1374 938 1427 cumulo
967 1389 986 1438 ;
1013 1374 1115 1429 hoc
1141 1383 1242 1437 est,
1273 1374 1481 1443 probris
1520 1373 1805 1438 afﬁciebat,
1835 1375 2059 1428 insulta-

493 1466 583 1520 bat
614 1484 629 1520 :
663 1476 716 1521 et
737 1482 853 1521 eam
882 1482 1167 1537 numquam
1199 1479 1282 1522 est
1310 1466 1441 1533 ulta,
1469 1467 1732 1536 nequeilli
1759 1476 1842 1521 est
1865 1466 2061 1536 impre-

492 1566 629 1621 cata,
664 1572 834 1625 neque
859 1557 1012 1622 dixit,
1036 1557 1294 1625 Quoniam
1326 1574 1410 1612 me
1439 1558 1649 1627 probris
1669 1556 2056 1621 afﬁcitaamula,

492 1660 577 1701 me
624 1647 853 1701 vimlica.
901 1647 1138 1702 llabebat
1184 1648 1271 1701 illa
1324 1647 1461 1702 ﬁlios
1488 1663 1503 1713 ;
1535 1646 1627 1701 sed
1679 1645 1793 1701 hzec
1831 1645 2061 1701 habebat

491 1737 664 1791 mariti
706 1738 1045 1794 dilectionem
1087 1754 1151 1792 ex
1192 1752 1347 1807 aequo
1385 1740 1432 1793 ei
1482 1736 1916 1808 respondentem.
1946 1736 2059 1791 Hoc

488 1844 617 1897 ergo
637 1828 806 1899 ipsam
829 1830 1135 1885 consolatus
1156 1841 1240 1885 est
1264 1830 1469 1895 dicens,
1499 1829 1620 1884 Non
1640 1830 1729 1883 tibi
1749 1845 1861 1884 sum
1879 1828 2057 1883 melior

486 1938 635 1989 qimm
667 1922 836 1975 decem
865 1923 959 1990 ﬁlii
979 1924 1005 1977 ?
1031 1923 1134 1978 Sed
1169 1937 1351 1977 rursus
1379 1922 1654 1977 videamus
1682 1922 1920 1977 mulieris
1946 1921 2057 1992 phi-

490 2013 807 2083 losophiam.
844 2012 914 2067 Et
956 2015 1271 2082 existimavit,
1317 2015 1506 2086 inquit,
1544 2015 1660 2069 Heli
1696 2032 1806 2069 eam
1844 2015 2051 2069 ebriam.

485 2103 589 2159 Sed
634 2104 753 2161 vide
782 2105 906 2175 quid
950 2106 1061 2175 ipsa
1094 2107 1142 2161 ei
1179 2107 1339 2172 dicat,
1371 2106 1456 2161 Ne
1481 2117 1699 2177 reputes,
1742 2107 1931 2177 inquit,
1963 2123 2055 2160 an-

484 2196 657 2249 cillam
687 2207 823 2251 tuam
849 2198 1011 2266 ﬁliam
1038 2199 1355 2269 perditionis,
1383 2200 1625 2270 quoniam
1649 2215 1711 2253 ea:
1731 2198 2054 2253 multitudine

485 2288 822 2342 meditationis
851 2305 974 2344 mea:
1016 2291 1288 2359 liquefacta
1327 2306 1440 2343 sum
1470 2292 1566 2344 huc
1608 2307 1783 2357 usque.
1818 2290 1930 2346 Hoc
1971 2301 2054 2347 est

484 2393 610 2435 vere
635 2379 848 2434 contriti
870 2380 1067 2446 cordis,
1095 2381 1307 2451 quando
1332 2398 1438 2437 non
1464 2397 1648 2437 sumus
1666 2383 1840 2453 asperi
1872 2383 1924 2437 in
1955 2398 2051 2439 eos

482 2471 572 2539 qui
597 2485 694 2526 nos
721 2473 1057 2528 contumeliis
1086 2472 1347 2538 afﬁciunt,
1382 2473 1593 2543 quando
1621 2488 1725 2528 non
1753 2488 1895 2544 aegre
1922 2473 2050 2530 feri-

482 2578 623 2627 mus,
640 2563 852 2633 quando
866 2579 967 2619 nos
990 2579 1327 2621 excusamus.
1348 2566 1488 2621 Nihil
1504 2581 1655 2636 aeque
1672 2566 1796 2621 facit
1818 2566 2049 2621 animam

485 2652 817 2725 philosophia
861 2656 1135 2726 prteditam
1173 2667 1331 2727 atque
1373 2657 1591 2713 afﬂictio
1623 2674 1636 2710 :
1668 2658 1810 2713 nulla
1854 2673 1941 2713 res
1970 2666 2053 2713 est

481 2762 633 2817 mque
653 2747 908 2816 jucunda.
936 2758 1093 2819 atque
1118 2749 1291 2804 luctus
1315 2750 1405 2820 qui
1433 2748 1723 2805 secundum
1753 2749 1916 2805 Deum
1947 2757 2047 2805 est.

481 2835 566 2891 Ex
608 2840 928 2894 multitudine
971 2842 1310 2896 meditationis
1352 2858 1494 2908 mete,
1542 2843 1731 2913 inquit,
1782 2844 2052 2914 liquefacta

480 2946 591 2982 sum
624 2930 720 2983 huc
743 2947 916 2999 usque.
948 2930 1094 2985 Hanc
1123 2947 1310 2988 omnes
1350 2933 1636 2988 imitemur.
1675 2933 1869 2989 Audite
1896 2943 2051 3004 quot-

478 3033 606 3091 quot
632 3023 763 3077 estis
780 3024 1008 3087 steriles,
1031 3033 1085 3078 et
1102 3025 1279 3079 audite
1300 3040 1648 3096 quaecumque
1677 3027 1865 3082 amatis
1888 3027 2046 3093 ﬁlios,

482 3113 664 3169 audite
704 3124 757 3170 et
800 3116 901 3171 viri
939 3125 993 3171 et
1033 3118 1282 3171 mulieres
1315 3135 1329 3172 :
1363 3133 1485 3172 nam
1511 3118 1609 3172 viri
1655 3133 1867 3188 quoque
1905 3135 2050 3189 sarpe

484 3208 840 3261 contulerunt.
882 3209 1022 3262 Audi
1062 3208 1389 3278 Scripturam
1433 3209 1697 3265 dicentem
1731 3228 1745 3265 :
1785 3212 1853 3265 Et
1891 3215 2051 3267 oravit

480 3296 631 3351 lsaa:
677 3314 769 3365 pro
812 3314 970 3352 uxore
1008 3316 1102 3353 sua
1142 3300 1396 3365 Rebecca,
1440 3301 1681 3369 qttoniam
1720 3310 1825 3355 erat
1863 3304 2050 3357 sterilis

480 3391 500 3459 (
521 3390 646 3444 Cen.
674 3390 763 3446 25.
796 3390 860 3445 2|
888 3392 927 3460 ).
960 3390 1173 3461 Magnas
1213 3392 1354 3446 enim
1399 3406 1487 3447 res
1531 3401 1706 3461 potest
1743 3396 1933 3448 oratio.
1982 3393 2049 3448 In

480 3483 639 3548 omni,
682 3482 874 3553 inquit,
917 3483 1178 3545 instantia,
1225 3492 1272 3536 et
1312 3481 1649 3538 obsecratione
1686 3501 1779 3553 pro
1822 3486 2050 3540 omnibus

476 3577 683 3640 sanctis,
716 3586 764 3632 et
795 3593 886 3646 pro
915 3592 993 3630 me
1019 3593 1039 3641 ;
1084 3576 1315 3646 seipsum
1358 3590 1562 3646 ponens
1601 3576 1864 3631 ultimum.
1908 3578 2045 3645 Quid

479 3666 626 3729 facis,
656 3683 689 3721 ο
714 3667 869 3722 beate
898 3667 1076 3731 Paule,
1112 3667 1337 3736 teipsum
1362 3668 1513 3736 ponis
1534 3669 1779 3723 ultimum
1802 3669 1826 3723 ?
1847 3670 2043 3734 Etiam,

480 3757 667 3826 inquit,
702 3755 771 3813 Ut
795 3758 942 3812 detur
966 3758 1090 3811 mihi
1110 3775 1271 3812 sermo
1295 3758 1349 3811 in
1376 3759 1635 3829 apertione
1659 3761 1762 3814 oris
1790 3762 1904 3826 mei,
1932 3779 2044 3815 cum

478 3849 666 3917 ﬁducia
703 3859 875 3903 notum
907 3850 1073 3919 facere
1109 3850 1397 3921 mysterium
1423 3852 1682 3921 evangelii,
1717 3870 1808 3922 pro
1834 3870 1931 3922 quo
1966 3854 2043 3908 le-

476 3940 677 4009 galione
713 3939 899 4010 [ungor
952 3941 1006 3993 in
1040 3949 1233 3994 catena.
1279 3939 1379 3996 Ubi
1430 3940 1668 4012 fungeris
1728 3943 2042 4013 legatione?

476 4030 628 4099 Apud
654 4030 916 4096 homines,
947 4028 1134 4101 inquit.
1158 4030 1334 4100 Papae,
1360 4040 1556 4102 quanta
1583 4032 1672 4086 Dei
1701 4032 1998 4103 benignitas
2025 4036 2039 4091 !

477 4122 622 4176 misit
656 4135 689 4177 e
724 4120 868 4176 (aclis
896 4121 986 4191 qui
1018 4136 1113 4191 pro
1140 4122 1254 4192 ipso
1280 4121 1626 4193 fungerentur
1654 4123 1918 4193 legatione
1946 4140 2043 4195 pro

478 4226 606 4280 pace
633 4228 647 4264 :
683 4222 738 4267 et
766 4226 861 4267 eos
884 4221 1070 4282 captos
1094 4212 1377 4280 vinxerunt
1406 4212 1669 4279 homines,
1699 4223 1753 4271 et
1778 4231 1844 4270 ne
1870 4215 2041 4286 legem

475 4302 690 4372 quidem
722 4302 983 4373 publicam
1013 4312 1135 4358 sunt
1157 4304 1390 4369 reveriti,
1415 4303 1555 4371 quod
1585 4304 1634 4359 ei
1663 4306 1752 4375 qui
1780 4306 2044 4376 legatione

476 4395 711 4465 fungitur
735 4395 867 4450 nihil
907 4411 1156 4468 umquam
1186 4395 1275 4450 fiat
1316 4397 1462 4451 mali.
1495 4396 1600 4452 Sed
1630 4408 1803 4453 tamen
1831 4415 1931 4470 ego
1963 4412 2043 4454 te-

474 4486 687 4556 gatione
728 4487 918 4557 fungar
942 4488 993 4542 in
1031 4496 1237 4543 catena.
1269 4487 1434 4559 Urget
1457 4499 1646 4545 catena
1675 4505 1736 4545 os
1762 4492 2043 4549 obstruens

475 4576 722 4649 loquendi
758 4579 1021 4645 libertati,
1049 4579 1142 4635 sed
1179 4590 1370 4635 vestrm
1406 4596 1589 4650 preces
1626 4597 1687 4637 os
1713 4598 1887 4639 meum
1918 4599 2044 4654 ape-

476 4672 635 4735 riunt,
668 4681 729 4725 ut
755 4672 805 4724 in
835 4685 900 4723 eo
929 4670 1093 4725 libere
1121 4670 1314 4734 dicam.
1344 4680 1404 4726 ut
1428 4687 1513 4727 me
1541 4681 1754 4742 Oportet
1781 4674 1958 4744 loqui;
1990 4675 2042 4730 id

472 4773 574 4827 est,
605 4762 673 4820 Ut
695 4777 756 4818 ea
782 4762 957 4817 omnia
986 4761 1156 4817 dicam
1188 4762 1253 4817 ad
1282 4779 1401 4833 qua:
1425 4764 1646 4819 dicenda
1676 4780 1791 4819 sum
1823 4767 2037 4821 missus.

479 4854 546 4909 Ut
574 4865 742 4909 autem
768 4862 813 4907 et
841 4869 927 4908 vos
950 4854 1139 4920 sciatis,
1167 4870 1280 4925 qua:
1303 4856 1437 4909 circa
1463 4871 1545 4910 me
1566 4847 1701 4922 sani,
1725 4857 1846 4925 quid
1870 4874 2039 4927 agam,

472 4946 641 4999 omnia
680 4945 814 4999 vobis
853 4954 972 4998 nota
1011 4944 1160 5011 faciet
1187 4943 1437 5015 Tychicus
1460 4946 1748 4999 carissimus
1778 4950 1954 5017 frater,
1995 4957 2044 5001 et

474 5037 638 5103 ﬁdelis
660 5037 886 5090 minister
903 5037 957 5090 in
984 5034 1219 5090 Domino.
1246 5036 1299 5091 Si
1328 5046 1409 5091 est
1435 5037 1623 5100 fidelis,
1653 5037 1781 5091 nihil
1814 5039 2040 5092 mentie-

476 5140 580 5192 tur,
612 5127 706 5181 sed
737 5128 913 5181 omnia
943 5143 1067 5181 vera
1096 5128 1254 5181 dicet.
1292 5128 1450 5193 Quem
1489 5129 1604 5181 misi
1636 5128 1704 5181 ad
1731 5143 1817 5182 vos
1853 5129 1905 5181 in
1949 5129 2043 5182 hoc

473 5217 657 5283 ipsum,
682 5228 735 5268 ut
760 5218 1091 5287 cognoscatis,
1115 5232 1228 5288 qua:
1251 5218 1384 5270 circa
1409 5233 1500 5271 nos
1526 5227 1661 5281 sunt,
1691 5229 1736 5271 et
1757 5220 2041 5273 consoletur

472 5307 626 5360 corda
655 5317 838 5362 uestra.
875 5308 1049 5377 Papae,
1082 5316 1277 5377 quanta
1310 5309 1500 5363 caritas
1533 5310 1547 5362 !
1576 5308 1651 5363 Ne
1673 5310 1831 5365 liceat
1856 5310 2041 5365 volen-

474 5400 612 5453 tibus
654 5415 747 5453 vos
788 5410 1024 5464 terrere;
1057 5409 1139 5454 est
1173 5399 1316 5454 enim
1359 5399 1634 5455 virisimile
1659 5416 1755 5456 eos
1786 5400 1949 5457 fuisse
1986 5403 2039 5457 in

474 5492 631 5543 rebus
667 5490 903 5545 adversis
928 5499 982 5545 et
1012 5491 1251 5545 molesds
1284 5507 1296 5541 :
1326 5488 1452 5544 illud
1479 5492 1622 5545 enim
1642 5533 1657 5557 ,
1688 5491 2042 5547 Consolabitur

472 5583 628 5635 corda
659 5592 850 5643 vestra.
892 5581 993 5636 hoc
1036 5582 1353 5636 subiudicat.
1392 5582 1468 5637 Ne
1497 5582 1669 5646 sinat,
1704 5584 1904 5653 inquit,
1945 5600 2041 5639 vos

471 5675 649 5738 dejici.
674 5673 764 5729 23.
800 5674 913 5728 Pas:
936 5675 1177 5744 fratribus
1197 5684 1243 5728 et
1267 5675 1455 5729 caritas
1480 5691 1591 5728 cum
1618 5676 1719 5751 ﬁde
1744 5693 1775 5729 a
1806 5675 1912 5730 Deo
1940 5676 2042 5729 Pa-

474 5774 545 5818 tre
568 5777 615 5819 et
645 5764 858 5820 Domino
884 5764 1005 5821 Jesu
1033 5766 1248 5822 Christo.
1282 5765 1439 5837 Optat
1464 5766 1542 5821 eis
1571 5782 1788 5837 pacem,
1817 5776 1871 5823 ct
1899 5769 2007 5823 cari

1349 344 1415 401 IN
1452 344 1664 402 EPIST.
1706 345 1795 400 AD
1834 340 2075 401 EPHES.
2114 345 2268 400 CAP.
2311 346 2397 403 Vl.
2438 347 2666 405 HOMIL.
2706 314 2922 409 XXIV.-

3643 352 3743 411 174

2175 464 2334 511 tatem
2366 474 2486 513 cum
2517 460 2638 516 ﬁde.
2671 462 2836 517 llecte
2870 463 3042 526 dixit;
3075 465 3185 519 vult
3215 467 3354 521 enim
3383 483 3477 522 eos
3506 485 3609 523 non
3650 481 3731 524 tit-

2170 560 2399 617 cumque
2426 549 2622 605 habere
2652 553 2909 607 rationem
2942 555 3194 621 caritatis,
3226 572 3327 612 nec
3355 572 3413 612 se
3443 559 3741 618 admiscere

2170 652 2289 691 cum
2330 639 2397 694 iis
2437 642 2528 711 qui
2566 656 2689 696 sunt
2725 643 2952 699 diversm
2996 645 3138 700 ﬁdei.
3186 648 3292 702 Ant
3333 648 3455 714 hoc,
3488 660 3579 704 aut
3609 651 3736 707 illud

2169 729 2316 795 dicit,
2339 742 2393 785 ut
2416 744 2469 788 et
2490 733 2590 802 ipsi
2618 735 2772 789 ﬁdem
2796 737 3042 803 habeant,
3065 750 3116 794 et
3140 738 3210 796 de
3234 740 3424 795 futuris
3444 742 3734 801 conﬁdant.

2169 818 2275 874 Pax
2307 836 2431 891 erga
2461 823 2624 879 Deum
2652 834 2705 879 et
2724 828 2933 881 caritas.
2964 827 3094 883 Nam
3122 828 3170 885 si
3197 830 3267 885 sit
3294 846 3414 900 pax,
3443 832 3549 887 erit
3576 833 3735 888 etiam

2166 912 2362 967 caritas
2391 929 2405 963 :
2433 915 2476 967 si
2519 915 2747 984 caritas,
2784 919 2886 973 erit
2919 919 3079 973 etiam
3125 936 3246 990 pax.
3293 920 3417 976 Cum
3446 925 3564 993 ﬁde.
3594 924 3736 980 Nihil

2167 1002 2311 1057 enim
2344 1004 2557 1072 prodest
2585 1008 2778 1062 caritas
2804 1010 3004 1079 absque
3032 1010 3170 1071 fide:
3198 1010 3305 1065 imo
3335 1028 3464 1068 vero
3492 1029 3558 1070 ne
3582 1015 3737 1071 aliter

2165 1093 2379 1162 quidem
2409 1093 2569 1150 fuerit
2594 1099 2805 1152 caritas.
2834 1100 2923 1153 24.
2962 1097 3032 1152 Et
3056 1101 3220 1170 gratia
3250 1118 3359 1155 cum
3396 1104 3623 1158 omnibus
3650 1106 3735 1173 qui

2166 1181 2387 1253 diligunt
2417 1183 2690 1240 Dominum
2717 1198 2944 1242 nostrum
2978 1189 3154 1245 Jesum
3190 1190 3444 1246 Christum
3480 1195 3533 1248 in
3569 1195 3735 1250 incor—

2163 1278 2415 1345 ruptione.
2454 1279 2631 1333 Amen.
2678 1279 2775 1335 llic
2812 1280 3009 1348 divisit,
3043 1298 3282 1338 seorsum
3314 1286 3482 1355 posita
3526 1303 3653 1356 pace
3679 1297 3734 1344 et

2161 1367 2348 1436 gratia.
2399 1368 2465 1423 In
2499 1370 2893 1440 incorruptione,
2937 1374 3127 1441 inquit,
3158 1375 3337 1429 Amen.
3369 1376 3507 1443 Quid
3534 1388 3635 1443 est,
3663 1377 3732 1433 In

2160 1461 2539 1532 incorruptione
2558 1465 2585 1518 .7
2611 1466 2719 1519 Aut
2749 1466 2801 1520 in
2831 1468 3108 1523 honestate
3131 1477 3185 1523 et
3221 1468 3585 1525 moderatione
3605 1512 3619 1535 ,
3641 1483 3732 1526 aut

2161 1566 2259 1620 pro
2290 1553 2351 1607 iis
2381 1555 2431 1607 in
2470 1569 2605 1623 quos
2643 1571 2748 1610 non
2788 1556 2932 1612 cadit
2959 1560 3271 1628 corruptio;
3309 1576 3500 1630 nempe
3530 1578 3635 1615 non
3676 1563 3727 1615 in

2158 1642 2381 1708 divitiis,
2412 1660 2517 1699 non
2557 1647 2607 1700 in
2646 1648 2837 1717 gloria,
2875 1649 2966 1704 sed
2998 1651 3048 1704 in
3079 1650 3185 1705 illis
3212 1651 3263 1705 iii
3297 1667 3416 1721 quae
3451 1667 3555 1706 non
3585 1653 3729 1707 cadit

2157 1736 2449 1804 corruptio.
2482 1736 2631 1799 illud,
2654 1738 2728 1802 in,
2760 1738 2900 1794 idem
2927 1741 3191 1811 estquod,
3225 1760 3332 1810 per.
3363 1744 3463 1799 Per
3485 1744 3727 1799 incorru-

2156 1825 2425 1893 ptionem,
2460 1826 2669 1897 inquit;
2712 1828 2813 1884 hoc
2837 1840 2938 1893 est,
2968 1846 3062 1900 per
3087 1834 3353 1888 virtutem.
3386 1834 3553 1888 Omne
3582 1836 3725 1891 enim

2158 1917 2342 1970 vitium
2370 1926 2455 1973 est
2480 1922 2770 1989 corruptio,
2798 1931 2851 1975 et
2884 1923 3021 1977 sicut
3059 1924 3317 1993 virginem
3343 1928 3607 1997 corrumpi
3635 1927 3723 1981 di-

2155 2010 2347 2076 cimus,
2389 2011 2459 2065 ita
2486 2012 2644 2065 etiam
2673 2011 2926 2067 animam.
2957 2014 3242 2083 Propterea
3268 2016 3478 2071 diccbat
3507 2017 3723 2083 Paulus,

2157 2098 2241 2153 Ne
2262 2111 2650 2171 corrumpantur
2672 2119 2850 2158 sensus
2877 2106 3026 2158 vestri
3053 2105 3258 2176 (2.Cor.
3284 2107 3372 2161 ll.
3393 2106 3448 2178 5)
3474 2124 3489 2172 ;
3517 2118 3572 2161 et
3602 2125 3723 2162 rur-

2155 2205 2273 2245 sum
2318 2191 2463 2257 alibi,
2510 2191 2579 2246 In
2615 2193 2843 2248 doctrina
2877 2196 3303 2267 incorruptionem
3340 2196 3513 2269 (Tim.
3540 2197 3595 2252 2.
3630 2198 3722 2270 7),

2154 2282 2347 2353 inquit.

2224 2375 2276 2430 5.
2319 2375 2455 2443 Quid
2496 2384 2579 2431 est
2605 2375 2779 2443 enim,
2811 2377 2897 2433 dic
2935 2377 3062 2432 mihi
3088 2419 3105 2445 ,
3134 2376 3407 2448 corruptio
3435 2379 3723 2448 corporis?

2148 2482 2330 2521 annon
2357 2467 2639 2523 dissolutio
2664 2469 2859 2535 totius,
2891 2477 2945 2523 et
2966 2468 3082 2538 ejus
3118 2470 3521 2537 compositionis
3548 2471 3572 2523 ?
3609 2471 3721 2526 Hoc

2150 2560 2311 2614 etiam
2344 2558 2402 2612 ﬁt
2425 2559 2476 2612 in
2498 2557 2694 2622 anima,
2726 2559 2778 2613 iu
2808 2574 2924 2613 eam
2950 2559 3187 2629 ingresso
3216 2571 3451 2629 peccato.
3482 2560 3723 2617 Pulchri-

2152 2649 2282 2704 tudo
2320 2651 2463 2705 enim
2493 2650 2685 2704 animae
2722 2660 2803 2706 est
2831 2652 3200 2721 temperantia,
3244 2651 3488 2721 justitia;
3520 2653 3719 2707 sanitas

2151 2749 2343 2797 anima:
2385 2753 2467 2798 est
2498 2741 2782 2809 fortitudo,
2820 2742 3116 2812 prudentia.
3158 2742 3289 2797 Nam
3319 2743 3410 2812 qui
3444 2753 3525 2797 est
3551 2743 3718 2813 turpis

2153 2844 2208 2888 et
2234 2834 2569 2898 inhonestus,
2599 2842 2681 2888 est
2703 2832 2982 2899 deformis,
3010 2843 3065 2887 et
3090 2834 3176 2904 qtti
3200 2843 3282 2887 est
3306 2849 3514 2898 avarus,
3544 2843 3600 2887 et
3626 2833 3719 2903 qui

2151 2941 2211 2981 se
2237 2926 2383 2981 dedit
2411 2927 2570 2981 rebus
2605 2926 2795 2993 malis,
2838 2935 2892 2980 et
2918 2927 3006 2996 qui
3047 2939 3127 2981 est
3155 2925 3387 2990 timidus,
3421 2926 3639 2996 ignavus
3666 2936 3721 2981 et

2151 3018 2465 3081 imbecillus,
2518 3025 2600 3072 est
2646 3017 2798 3072 mala:
2848 3015 3187 3071 habitudinis.
3239 3016 3390 3085 Quod
3429 3032 3555 3071 vero
3594 3032 3717 3086 pec-

2150 3118 2266 3165 cata
2291 3119 2580 3178 Operentur
2605 3108 3161 3178 corruptionem,hinc
3175 3109 3343 3177 palam
3373 3116 3491 3163 est:
3522 3108 3720 3162 faciunt

2152 3201 2296 3256 enim
2324 3209 2507 3269 turpes
2545 3209 2600 3254 et
2625 3200 2939 3265 imbecillos,
2970 3209 3026 3255 et
3050 3199 3285 3254 efﬁciunt
3313 3211 3368 3254 ut
3396 3200 3639 3255 laborent
3666 3209 3719 3254 et

2149 3290 2522 3360 defatigentur.
2552 3288 2866 3359 Corruptatu
2906 3290 3048 3345 enim
3085 3305 3205 3344 esse
3232 3290 3521 3359 virginem,
3554 3290 3715 3344 etiam

2150 3382 2273 3437 ideo
2310 3383 2520 3451 proprie
2549 3380 2792 3446 dicimus,
2828 3396 2934 3435 non
2963 3380 3105 3450 quod
3132 3392 3499 3451 corrumpatur
3523 3397 3719 3450 corpus

2149 3472 2340 3536 solum,
2368 3472 2460 3525 sed
2500 3482 2716 3540 propter
2753 3471 3082 3541 iniquitatem
3110 3489 3123 3525 :
3152 3487 3272 3525 nam
3302 3471 3353 3527 id
3378 3472 3517 3542 quod
3548 3472 3607 3526 ﬁt
3633 3482 3717 3527 est

2148 3563 2359 3626 coitus;
2388 3563 2432 3616 si
2474 3562 2576 3617 hoc
2614 3570 2792 3617 autem
2836 3571 2979 3617 esset
3021 3562 3326 3631 corruptio,
3362 3572 3504 3618 esset
3552 3564 3711 3618 etiam

2148 3653 2543 3707 matrimonium
2579 3652 2869 3722 corruptio.
2902 3652 3019 3707 Non
3059 3653 3249 3718 coitus,
3293 3654 3385 3708 sed
3433 3664 3708 3723 peccatum

2148 3754 2231 3799 est
2266 3745 2572 3813 corruptio:
2606 3746 2777 3815 ipsum
2804 3745 2945 3800 enim
2988 3744 3251 3801 dedecore
3287 3745 3480 3801 affecit.
3511 3747 3711 3802 Domus

2147 3848 2323 3892 autem
2363 3838 2488 3908 quid
2532 3836 2691 3893 fuerit
2739 3838 3042 3907 corruptio,
3086 3853 3244 3908 quam
3284 3839 3610 3893 dissolutio?
3651 3839 3718 3895 Et

2146 3932 2343 4001 ubique
2388 3931 2661 4001 corruptio
2703 3940 2788 3986 est
2825 3931 3067 4002 quaedam
3115 3932 3169 3986 in
3206 3931 3438 3987 deterius
3469 3932 3712 3999 mutatio,

2145 4041 2264 4096 qua:
2296 4024 2350 4078 ﬁt
2377 4026 2429 4079 in
2453 4024 2613 4079 alium
2638 4024 2894 4091 habitum,
2922 4034 2977 4080 et
2997 4023 3064 4079 ad
3087 4024 3407 4081 deletionem
3434 4024 3550 4093 ejus
3572 4026 3714 4095 quod

2145 4127 2262 4173 erat
2288 4117 2454 4188 prius.
2480 4117 2617 4172 Audi
2643 4117 2785 4172 enim
2812 4117 3138 4186 Scripturam
3166 4118 3450 4186 dicentem,
3477 4121 3715 4192 Corrupit

2146 4210 2308 4262 omnis
2335 4225 2453 4262 caro
2488 4210 2621 4262 viam
2661 4224 2803 4263 suam
2850 4206 3012 4278 (Gen.
3039 4208 3093 4263 6.
3123 4209 3226 4280 12)
3251 4227 3266 4274 ;
3308 4220 3363 4266 et
3390 4228 3575 4267 rursus
3596 4254 3611 4277 ,
3644 4212 3713 4268 In

2146 4304 2467 4367 corruptione
2494 4300 2801 4354 intolerabili
2827 4317 2846 4365 ;
2870 4310 2925 4354 et
2960 4314 3163 4364 rursus,
3208 4300 3452 4357 Homines
3489 4304 3715 4375 corrupti
3752 4319 3763 4328 '

2145 4406 2308 4444 mente
2329 4396 2404 4462 (2.
2435 4389 2566 4443 Tim.
2594 4391 2648 4445 3.
2675 4390 2751 4461 8).
2778 4390 3133 4458 Corruptibile
3149 4402 3434 4462 estcorpus
3450 4404 3712 4458 nostrum.

2145 4485 2240 4540 sed
2269 4486 2445 4538 anima
2475 4483 2910 4553 incorruptibilis.
2947 4482 3024 4538 Ne
3051 4484 3227 4553 itaque
3263 4484 3430 4553 ipsam
3472 4501 3712 4542 corrum-

2144 4592 2373 4646 pamus:
2412 4576 2511 4630 hoc
2546 4575 2672 4630 fecit
2714 4576 2858 4645 prius
2896 4587 3206 4645 peccatum;
3251 4579 3391 4648 quod
3436 4579 3493 4634 ﬁt
3532 4590 3709 4636 autem

2146 4678 2265 4737 post
2291 4667 2559 4720 lavacrum
2578 4708 2593 4731 ,
2622 4674 2797 4737 potest
2821 4667 2977 4721 etiam
3003 4668 3234 4722 animam
3264 4682 3629 4739 corrumpere,
3659 4679 3715 4725 et

2144 4756 2358 4813 efﬁcere
2379 4767 2435 4810 ut
2460 4756 2610 4812 facile
2634 4759 2748 4826 capi
2778 4760 2948 4825 possit
2976 4774 3004 4810 a
3037 4774 3224 4814 verme
3248 4760 3530 4816 immortali
3561 4779 3575 4813 τ
3603 4778 3711 4817 non

2143 4848 2286 4904 enim
2305 4847 2586 4916 attigisset,
2612 4847 2712 4901 nisi
2726 4848 3122 4916 corruptibilem
3146 4849 3436 4906 invenisset
3453 4852 3706 4910 animam.

2142 4938 2495 4993 Adamantem
2534 4953 2637 4991 non
2668 4936 2877 5008 attingit
2902 4939 3119 5003 vermis,
3143 4950 3198 4995 et
3228 4941 3271 4995 si
3300 4942 3551 5011 attigerit,
3581 4942 3710 4997 nihil

2144 5031 2323 5086 efﬁcit.
2346 5030 2422 5085 Ne
2450 5045 2763 5099 corrumpas
2785 5029 3017 5085 animam
3048 5048 3061 5083 :
3086 5047 3206 5085 nam
3238 5032 3377 5103 quod
3406 5034 3711 5103 corrumpi-

2145 5133 2251 5188 tur,
2278 5124 2488 5193 plenum
2514 5132 2596 5177 est
2617 5122 2823 5177 faetore.
2858 5121 2995 5176 Audi
3023 5123 3163 5177 enim
3192 5123 3498 5192 prophetam
3527 5124 3710 5179 dicen-

2144 5225 2272 5279 tem,
2300 5213 2617 5268 Putruerunt
2642 5222 2688 5266 et
2712 5222 2964 5281 corrupta:
2983 5224 3098 5266 sunt
3124 5214 3381 5267 cicatrices
3398 5231 3519 5268 mete
3533 5233 3563 5268 a
3582 5217 3713 5284 facis

2141 5306 2442 5376 insipientia:
2470 5320 2593 5359 meat
2621 5304 2638 5377 (
2664 5304 2805 5359 Psal.
2837 5305 2922 5361 57.
2952 5304 2984 5359 6
3010 5305 3050 5374 ).
3089 5305 3204 5374 Ipsa
3233 5316 3410 5360 autem
3439 5313 3711 5379 corruptio

2143 5398 2326 5452 induet
2361 5398 2850 5466 incorruptionem;
2884 5396 2999 5451 lucc
3034 5410 3164 5451 vero
3207 5413 3311 5452 non
3354 5397 3534 5452 itidem
3577 5416 3591 5452 :
3621 5400 3709 5455 uhi

2142 5499 2225 5544 est
2250 5490 2390 5544 enim
2418 5489 2765 5557 incorruptio,
2799 5504 2901 5544 non
2927 5498 3011 5544 est
3033 5491 3327 5560 corruptio.
3350 5490 3707 5558 Quamobrem

2141 5584 2413 5649 corrUptio
2436 5591 2519 5636 est
2546 5581 2981 5649 incorruptibilis,
3024 5580 3183 5636 ﬁnem
3223 5596 3330 5637 non
3377 5583 3595 5649 habens,
3626 5592 3712 5640 est

2142 5688 2289 5728 mors
2311 5672 2622 5726 immortalis
2644 5688 2657 5731 ;
2681 5672 2819 5740 quod
2841 5671 3052 5739 quidem
3075 5673 3308 5727 futurum
3331 5674 3503 5728 ciatsi
3520 5689 3713 5743 corpus

2144 5768 2425 5823 mansisset
2451 5765 2769 5821 immortale.
2786 5764 3165 5835 Quamobrem,
3187 5766 3233 5822 si
3250 5765 3376 5823 illuc
3394 5766 3713 5823 exivcrimus
