4100 6412
423 354 525 416 "5

422 470 680 525 habentes
732 467 1131 538 corruptionem
1156 509 1173 535 ,
1230 466 1549 524 habebimus
1594 463 2000 533 corruptionem

420 563 904 635 incorruptibilem,
932 565 1093 619 linem
1121 578 1228 618 non
1260 563 1564 618 habentem.
1594 562 1687 619 Uri
1712 562 1853 617 enim
1889 569 1943 615 et
1969 574 2003 615 ιι

422 673 600 713 verme
626 669 883 728 perpetuo
917 655 1182 723 consumi,
1211 667 1294 712 est
1313 657 1609 726 corruptio,
1634 656 1684 710 in
1711 669 1870 726 quam
1892 668 2002 708 non

419 750 561 802 cadit
592 749 922 820 incorruptio
954 766 966 802 :
990 747 1133 819 quod
1162 757 1279 803 erat
1304 758 1359 803 et
1386 748 1438 802 in
1464 747 1619 802 beato
1638 746 1738 801 Job
1768 747 1784 815 (
1815 744 1914 799 Job
1943 744 2001 799 7.

420 840 474 895 5.
508 840 560 894 in
588 838 794 910 firmo)
829 840 1317 909 :corrumpebatur
1344 838 1511 903 enim,
1540 846 1594 892 et
1630 852 1734 891 non
1768 835 1998 906 peribat,

417 944 473 989 et
500 934 613 988 hzec
641 950 735 999 per
757 934 979 987 multum
1003 933 1259 1002 temporis
1283 949 1297 996 ;
1327 931 1419 986 sed
1448 946 1663 999 semper
1688 945 2001 1000 corrumpe-

420 1025 507 1079 bat
549 1032 705 1080 teme
752 1023 973 1092 glebas,
1024 1024 1227 1078 saniem
1264 1022 1513 1077 eradeus.
1544 1022 1673 1077 Tale
1715 1022 1838 1091 quid
1873 1030 1998 1075 tunc

418 1117 651 1184 patietur
680 1116 878 1174 anima.
910 1131 1027 1170 eam
1059 1114 1580 1170 circumsistentibus
1617 1122 1671 1169 et
1694 1112 1999 1167 arrodenti-

418 1210 517 1263 bus
542 1209 835 1275 vermibus,
869 1225 974 1263 non
1006 1208 1139 1262 duos
1166 1222 1356 1274 annos,
1386 1222 1483 1261 nec
1516 1216 1642 1270 tres,
1668 1222 1765 1261 nec
1790 1205 1995 1269 decem,

414 1317 519 1357 nec
550 1311 786 1365 centum,
822 1315 920 1355 nec
958 1300 1138 1356 decies
1169 1298 1334 1362 mille,
1366 1297 1459 1351 sed
1499 1298 1588 1366 qui
1621 1313 1905 1365 numquam
1935 1296 1998 1348 li-

417 1394 631 1448 nientur
663 1410 677 1447 :
716 1390 908 1446 Vermis
948 1392 1123 1455 enim,
1171 1390 1375 1460 inquit,
1409 1405 1579 1442 eorum
1622 1404 1723 1441 non
1762 1388 2000 1440 morietur

417 1486 609 1557 (.llarc.
631 1484 685 1540 9.
705 1485 819 1553 45).
837 1485 1141 1539 Timeamus
1161 1497 1310 1552 ergo,
1335 1496 1484 1552 rogo,
1510 1482 1788 1535 timeamus
1814 1479 1996 1545 verba,

417 1594 482 1631 ne
523 1577 574 1631 iu
616 1592 703 1631 res
757 1575 901 1645 ipsas
942 1574 1258 1629 incidamus.
1295 1572 1529 1627 Avaritia
1578 1581 1662 1626 est
1702 1569 1993 1639 corruptio,

413 1670 683 1735 corruptio
729 1666 967 1720 omnium
1004 1665 1336 1736 gravissima,
1383 1663 1641 1718 inducens
1672 1662 1737 1716 ad
1770 1662 1998 1716 idolola-

416 1759 570 1810 triam
598 1775 613 1811 :
636 1756 898 1827 fugiamus
919 1755 1343 1825 corruptionem,
1363 1755 1620 1824 eligamus
1643 1754 2000 1823 incorruptio-

415 1864 559 1905 nem.
593 1848 747 1902 Hunc
774 1847 988 1917 quidem
1017 1857 1107 1900 aut
1139 1847 1287 1900 illum
1315 1861 1410 1915 per
1430 1846 1707 1900 avaritiam
1739 1845 1996 1901 fraudasti

414 1948 468 1992 et
499 1939 645 2007 plura
676 1936 1006 2009 acquisivisti
1035 1937 1209 2005 ?Qu:e
1242 1953 1335 2006 per
1356 1937 1632 1990 avaritiam
1663 1946 1786 1991 sunt
1810 1938 1997 2007 acqui-

413 2031 513 2084 sita
542 2040 982 2101 corrumpuntur,
1014 2037 1195 2083 manet
1221 2038 1397 2083 autem
1439 2029 1680 2093 avaritia,
1725 2030 1997 2099 corruptio

412 2137 571 2177 causa
610 2121 1024 2191 incorruptionis
1057 2139 1069 2173 :
1114 2122 1306 2175 transit
1349 2120 1566 2191 quidem
1608 2121 1855 2191 voluptas
1891 2138 1994 2193 qua

413 2212 639 2279 frueris,
688 2223 866 2267 manet
907 2224 1086 2268 autem
1137 2220 1410 2282 peccatum
1452 2212 1503 2266 in
1544 2213 1683 2283 quod
1717 2228 1822 2268 non
1853 2214 1998 2270 cadit

412 2305 705 2373 corruptio.
736 2304 910 2360 Grave
933 2315 1016 2359 est
1038 2305 1235 2358 malum
1265 2320 1369 2359 non
1403 2304 1453 2358 in
1478 2307 1727 2375 prmsenti
1750 2308 1857 2362 vita
1879 2323 1995 2361 om—

412 2397 498 2450 nia
533 2410 731 2450 exuere
760 2413 774 2449 :
808 2412 995 2464 magna
1022 2406 1104 2451 est
1129 2395 1407 2451 calamitas
1438 2396 1562 2451 hinc
1604 2398 1866 2455 excedere
1896 2400 1995 2454 ha-

413 2490 599 2545 hentes
638 2506 825 2559 magna
870 2500 1208 2559 peccatorum
1255 2506 1420 2546 onera
1451 2508 1464 2545 :
1498 2507 1621 2546 nam
1652 2491 1717 2545 In
1749 2494 1950 2564 inferno
1975 2536 1991 2560 ,

413 2581 602 2648 inquit,
641 2582 754 2650 quis
790 2581 1109 2650 conﬁtebitur
1135 2583 1222 2635 tibi
1244 2582 1415 2654 (Psal.
1440 2583 1492 2637 6.
1520 2583 1575 2654 6)
1598 2584 1622 2638 ἲ
1652 2584 1761 2639 Illic
1789 2594 1873 2639 est
1905 2586 1996 2653 ju-

413 2673 635 2737 dicium,
670 2674 992 2741 poenitentia:
1030 2674 1136 2741 jam
1184 2688 1289 2727 non
1331 2685 1415 2728 est
1465 2682 1693 2744 tempus.
1728 2675 1993 2742 Quantum

411 2763 571 2817 ﬂebat
601 2765 749 2819 dives
774 2766 796 2805 ν
823 2776 876 2818 et
907 2764 1035 2817 nihil
1068 2763 1262 2823 eliccit.
1328 2766 1495 2833 Quam
1542 2767 1710 2821 multa
1741 2768 1993 2824 dixerunt

1151 345 1212 403 S.
1249 345 1534 404 JOANNIS
1568 346 2053 405 CllRYSOSTOMl
2088 344 2408 405 ARCIIIEP.
2450 345 2995 404 CONSTANTINOP.

3582 350 3691 411 Π.

2106 461 2194 532 qui
2221 461 2489 518 Christum
2515 478 2623 521 non
2648 465 2922 522 aluerunt!
2971 467 3065 524 sed
3116 477 3291 524 tamen
3320 469 3536 527 abducti
3562 480 3688 530 sunt

2108 553 2158 607 in
2190 554 2362 624 ignem
2390 564 2670 610 :eternum.
2699 557 2869 625 Quam
2895 560 3060 614 multa
3094 558 3348 616 dixerunt
3372 562 3461 633 qui
3487 562 3689 634 iniqui-

2107 654 2266 700 tatem
2306 645 2565 708 fecerunt,
2595 646 2832 716 Domine,
2869 667 2970 704 non
2994 650 3047 705 in
3074 652 3277 707 nomine
3303 664 3391 707 tuo
3411 655 3689 724 propheta-

2104 738 2283 804 vimus,
2298 750 2343 792 et
2363 740 2414 793 in
2427 740 2626 795 nomine
2641 749 2728 795 tuo
2743 741 2993 797 dcemonia
3007 743 3244 813 eiecimus
3263 744 3475 818 (Matth.
3493 747 3548 803 7.
3563 746 3690 817 22)?

2104 839 2160 886 et
2193 839 2367 887 tamen
2403 847 2509 887 non
2536 843 2654 889 sunt
2681 835 2900 904 cogniti.
2941 835 3130 891 Omnia
3160 836 3275 891 haec
3301 838 3515 908 quidem
3560 850 3689 894 tunc

2107 922 2260 991 liunt,
2288 924 2384 979 sed
2412 926 2542 980 nihil
2560 925 2751 995 juvant
2778 926 2879 981 nisi
2906 943 3047 983 nunc
3069 926 3205 983 facta
3231 928 3445 984 fuerint.
3473 929 3691 985 Timea-

2104 1031 2223 1071 mus
2250 1032 2380 1087 ergo
2418 1034 2484 1074 ne
2510 1019 2648 1075 forte
2678 1030 2804 1074 tunc
2830 1020 3096 1087 dicamus,
3136 1019 3375 1089 Domine,
3408 1025 3612 1095 quando
3639 1033 3688 1078 te

2103 1106 2318 1161 vidimus
2343 1109 2671 1173 esurientem,
2708 1120 2755 1165 et
2794 1127 2895 1165 non
2936 1112 3158 1168 aluimus
3206 1112 3383 1181 (Ibid.
3416 1115 3507 1170 25.
3540 1117 3606 1171 57
3630 1117 3688 1185 )ι

2101 1196 2252 1254 Nunc
2293 1200 2465 1269 ipsum
2506 1202 2822 1267 nutriamus,
2864 1216 2971 1258 non
3020 1218 3148 1271 uno,
3192 1212 3288 1259 aut
3326 1205 3553 1269 duobus.
3592 1216 3686 1262 aut

2105 1291 2272 1345 tribus
2300 1292 2486 1349 diebus
2516 1311 2531 1347 :
2561 1293 2909 1366 Eleemosyna:
2944 1297 3116 1359 enim,
3151 1296 3355 1367 inquit,
3388 1307 3435 1351 et
3470 1299 3596 1366 ﬁdes
3638 1310 3691 1355 te

2102 1400 2203 1438 non
2223 1385 2454 1440 deserant
2480 1385 2658 1459 (Prov.
2683 1389 2735 1443 ὅ.
2756 1390 2832 1458 ‘5).
2855 1387 2969 1443 Non
2991 1388 3144 1455 dixit,
3169 1390 3273 1445 Fac
3295 1392 3483 1457 semel,
3511 1407 3687 1461 neque

2103 1476 2185 1531 bis
2220 1495 2233 1532 :
2265 1493 2384 1532 nam
2432 1478 2664 1549 virgines
2706 1480 2972 1536 habebant
3015 1483 3213 1547 oleum,
3258 1484 3351 1538 sed
3383 1501 3487 1539 non
3529 1486 3683 1539 sufﬁ—

2101 1569 2267 1623 ciens.
2302 1571 2657 1636 Quamobrem
2688 1573 2846 1628 nobis
2875 1574 3046 1629 multo
3071 1591 3205 1645 opus
3232 1586 3314 1632 est
3342 1577 3483 1642 oleo,
3509 1588 3562 1633 et
3589 1595 3686 1634 uos

2104 1669 2370 1733 tamquam
2419 1663 2725 1734 frugiferam
2776 1666 2952 1722 oleam
3003 1680 3214 1738 oportet
3257 1685 3378 1726 esse
3427 1673 3477 1726 in
3523 1672 3685 1729 dumo

2104 1752 2221 1808 Dei.
2251 1753 2558 1824 Cogitemus
2586 1753 2715 1827 ergo
2762 1773 2922 1828 quam
2964 1760 3159 1814 multas
3190 1772 3530 1832 peccatorum
3566 1780 3686 1819 sar-

2102 1843 2252 1898 cinas
2283 1845 2443 1900 habet
2488 1849 2856 1920 unusquisque
2888 1862 3153 1920 nostrum,
3196 1853 3558 1928 faciamusque
3588 1856 3686 1913 beo

2103 1936 2377 2006 niguitatis
2405 1952 2458 1993 et
2486 1939 2787 1996 clementia:
2816 1957 3002 2011 opera,
3034 1961 3151 2015 qua:
3179 1946 3259 2002 eis
3290 1948 3341 2003 in
3379 1950 3683 2020 aequilibrio

2102 2031 2481 2098 respondeant,
2513 2032 2621 2088 imo
2648 2048 2779 2089 vero
2803 2034 2964 2091 etiam
2993 2036 3147 2108 longe
3179 2039 3349 2108 plura,
3376 2050 3430 2095 ut
3460 2059 3565 2096 non
3591 2057 3684 2096 So-

2103 2121 2210 2176 lum
2254 2124 2659 2196 exstinguantur
2701 2140 2954 2198 peccata,
3000 2130 3097 2185 sed
3127 2132 3286 2187 etiam
3317 2133 3385 2188 ad
3421 2133 3683 2203 justitiam

2102 2217 2258 2270 nobis
2284 2227 2598 2287 reputentur
2625 2236 2788 2290 opera
2809 2221 3051 2291 justitize.
3078 2222 3210 2279 Nam
3242 2224 3286 2278 si
3320 2241 3424 2280 non
3446 2225 3556 2282 sint
3576 2238 3686 2285 tam

2102 2310 2264 2362 multa
2299 2309 2435 2365 bona
2457 2351 2472 2375 ,
2507 2320 2564 2365 ut
2594 2320 2649 2367 et
2687 2312 2911 2369 crimina
2940 2331 3219 2381 exuamus,
3268 2330 3321 2373 et
3359 2335 3426 2374 ex
3468 2320 3535 2375 iis
3564 2338 3685 2391 qua:

2100 2414 2225 2459 Sunt
2251 2406 2431 2460 relicta
2460 2407 2616 2463 nobis
2636 2407 2965 2478 imputentur
2987 2412 3054 2467 ad
3076 2411 3361 2482 justitiam,
3404 2430 3560 2469 nemo
3587 2431 3685 2469 nos

2100 2496 2300 2552 eximet
2329 2514 2356 2551 a
2395 2500 2659 2570 supplicio
2691 2517 2706 2555 :
2739 2503 2880 2573 quod
2921 2505 3075 2559 nobis
3105 2507 3354 2561 omnibus
3378 2507 3533 2561 detur
3552 2508 3685 2562 ell‘u-

2101 2606 2245 2659 gere,
2270 2593 2436 2661 gratia
2464 2603 2518 2647 et
2540 2594 2866 2665 benignitate
2892 2597 3101 2653 Domini
3125 2600 3293 2655 nostri
3313 2600 3439 2656 Jesu
3460 2602 3683 2670 Clu-inti,

2101 2685 2183 2737 cui
2213 2699 2332 2738 cum
2366 2686 2522 2743 Patre
2549 2698 2602 2742 et
2632 2686 2833 2759 Spiritu
2865 2700 3072 2755 sancto.
3100 2702 3204 2749 etc.
