  <div class='ocr_page' id='page_1' title='image "/cluster/home/n/w/nwhite01/storage/ocr_20150623/62/nnc1.0046979654/182.png"; bbox 0 0 4100 6412; ppageno 0'>
   <div class='ocr_carea' id='block_1_1' title="bbox 336 369 444 428">
    <p class='ocr_par' dir='ltr' id='par_1_1' title="bbox 336 369 444 428">
     <span class='ocr_line' id='line_1_1' title="bbox 336 369 444 428; baseline -0.019 0"><span class='ocrx_word' id='word_1_1' title='bbox 336 369 444 428; x_wconf 69' lang='lat'><strong>175</strong></span> 
     </span>
    </p>
   </div>
   <div class='ocr_carea' id='block_1_2' title="bbox 340 485 1902 557">
    <p class='ocr_par' dir='ltr' id='par_1_2' title="bbox 340 485 1902 557">
     <span class='ocr_line' id='line_1_2' title="bbox 340 485 1902 557; baseline -0.011 -11"><span class='ocrx_word' id='word_1_2' title='bbox 340 489 453 545; x_wconf 81' lang='grc' dir='ltr'><strong>Ἐν</strong></span> <span class='ocrx_word' id='word_1_3' title='bbox 510 485 856 557; x_wconf 64' lang='grc' dir='ltr'><strong>καταφθορᾷ</strong></span> <span class='ocrx_word' id='word_1_4' title='bbox 910 486 1348 557; x_wconf 74' lang='grc' dir='ltr'><strong>ἀνυπομονήτῳ</strong></span> <span class='ocrx_word' id='word_1_5' title='bbox 1373 505 1389 520; x_wconf 79' lang='grc'><em>’</em></span> <span class='ocrx_word' id='word_1_6' title='bbox 1429 489 1524 543; x_wconf 70' lang='grc' dir='ltr'><strong>καὶ</strong></span> <span class='ocrx_word' id='word_1_7' title='bbox 1558 488 1742 553; x_wconf 85' lang='grc' dir='ltr'><strong>πάλιν,</strong></span> <span class='ocrx_word' id='word_1_8' title='bbox 1771 489 1902 542; x_wconf 75' lang='grc' dir='ltr'><strong>Ἂν-</strong></span> 
     </span>
    </p>
   </div>
   <div class='ocr_carea' id='block_1_3' title="bbox 336 575 1905 648">
    <p class='ocr_par' dir='ltr' id='par_1_3' title="bbox 336 575 1905 648">
     <span class='ocr_line' id='line_1_3' title="bbox 336 575 1905 648; baseline -0.004 -15"><span class='ocrx_word' id='word_1_9' title='bbox 336 583 556 647; x_wconf 79' lang='grc' dir='ltr'><strong>θρωποι</strong></span> <span class='ocrx_word' id='word_1_10' title='bbox 614 575 1081 644; x_wconf 69' lang='grc' dir='ltr'><strong>κατεφθαρμένοι</strong></span> <span class='ocrx_word' id='word_1_11' title='bbox 1117 575 1223 629; x_wconf 83' lang='grc' dir='ltr'><strong>τὸν</strong></span> <span class='ocrx_word' id='word_1_12' title='bbox 1284 576 1457 632; x_wconf 80' lang='grc' dir='ltr'><em>νοῦν.</em></span> <span class='ocrx_word' id='word_1_13' title='bbox 1486 576 1725 648; x_wconf 82' lang='grc' dir='ltr'><strong>Φθαρτόν</strong></span> <span class='ocrx_word' id='word_1_14' title='bbox 1774 578 1905 646; x_wconf 82' lang='grc' dir='ltr'><strong>ἡμῖν</strong></span> 
     </span>
    </p>
   </div>
   <div class='ocr_carea' id='block_1_4' title="bbox 333 663 1905 737">
    <p class='ocr_par' dir='ltr' id='par_1_4' title="bbox 333 663 1905 737">
     <span class='ocr_line' id='line_1_4' title="bbox 333 663 1905 737; baseline -0.001 -17"><span class='ocrx_word' id='word_1_15' title='bbox 333 667 398 729; x_wconf 73' lang='grc' dir='ltr'><strong>τὸ</strong></span> <span class='ocrx_word' id='word_1_16' title='bbox 421 664 584 735; x_wconf 83' lang='grc' dir='ltr'><strong>σῶμά</strong></span> <span class='ocrx_word' id='word_1_17' title='bbox 617 666 787 727; x_wconf 79' lang='grc' dir='ltr'><strong>ἐστιν,</strong></span> <span class='ocrx_word' id='word_1_18' title='bbox 833 663 947 717; x_wconf 83' lang='grc' dir='ltr'><strong>ἀλλ’</strong></span> <span class='ocrx_word' id='word_1_19' title='bbox 979 663 1253 735; x_wconf 82' lang='grc' dir='ltr'><strong>ἄφθαρτος</strong></span> <span class='ocrx_word' id='word_1_20' title='bbox 1289 666 1323 737; x_wconf 80' lang='grc' dir='ltr'><strong>ἡ</strong></span> <span class='ocrx_word' id='word_1_21' title='bbox 1380 666 1551 737; x_wconf 81' lang='grc' dir='ltr'><strong>ψυχή.</strong></span> <span class='ocrx_word' id='word_1_22' title='bbox 1593 666 1686 737; x_wconf 84' lang='grc' dir='ltr'><strong>Μὴ</strong></span> <span class='ocrx_word' id='word_1_23' title='bbox 1721 665 1787 737; x_wconf 84' lang='grc' dir='ltr'><strong>δὴ</strong></span> <span class='ocrx_word' id='word_1_24' title='bbox 1812 663 1905 719; x_wconf 78' lang='grc' dir='ltr'><strong>οὖν</strong></span> 
     </span>
    </p>
   </div>
   <div class='ocr_carea' id='block_1_5' title="bbox 334 750 1908 825">
    <p class='ocr_par' dir='ltr' id='par_1_5' title="bbox 334 750 1908 825">
     <span class='ocr_line' id='line_1_5' title="bbox 334 750 1908 825; baseline -0.003 -16"><span class='ocrx_word' id='word_1_25' title='bbox 334 756 432 809; x_wconf 79' lang='grc' dir='ltr'><strong>καὶ</strong></span> <span class='ocrx_word' id='word_1_26' title='bbox 496 752 665 821; x_wconf 81' lang='grc' dir='ltr'><strong>αὐτὴν</strong></span> <span class='ocrx_word' id='word_1_27' title='bbox 742 750 1053 822; x_wconf 84' lang='grc' dir='ltr'><strong>φθείρωμεν</strong></span> <span class='ocrx_word' id='word_1_28' title='bbox 1084 765 1101 781; x_wconf 82' lang='lat'><strong><em>°</em></strong></span> <span class='ocrx_word' id='word_1_29' title='bbox 1163 752 1323 806; x_wconf 90' lang='grc' dir='ltr'><strong>τοῦτο</strong></span> <span class='ocrx_word' id='word_1_30' title='bbox 1387 754 1420 824; x_wconf 85' lang='grc' dir='ltr'>ή</span> <span class='ocrx_word' id='word_1_31' title='bbox 1479 753 1723 825; x_wconf 78' lang='grc' dir='ltr'><strong>ἁμαρτία</strong></span> <span class='ocrx_word' id='word_1_32' title='bbox 1794 753 1908 825; x_wconf 77' lang='grc' dir='ltr'><strong>εἱρ-</strong></span> 
     </span>
    </p>
   </div>
   <div class='ocr_carea' id='block_1_6' title="bbox 334 840 1907 912">
    <p class='ocr_par' dir='ltr' id='par_1_6' title="bbox 334 840 1907 912">
     <span class='ocr_line' id='line_1_6' title="bbox 334 840 1907 912; baseline 0 -17"><span class='ocrx_word' id='word_1_33' title='bbox 334 842 545 911; x_wconf 79' lang='grc' dir='ltr'><strong>γάσατο</strong></span> <span class='ocrx_word' id='word_1_34' title='bbox 611 842 645 911; x_wconf 81' lang='grc' dir='ltr'>ἡ</span> <span class='ocrx_word' id='word_1_35' title='bbox 695 841 938 912; x_wconf 86' lang='grc' dir='ltr'><strong>προτέρα</strong></span> <span class='ocrx_word' id='word_1_36' title='bbox 968 855 987 869; x_wconf 74' lang='grc'>⁸</span> <span class='ocrx_word' id='word_1_37' title='bbox 1039 841 1075 911; x_wconf 88' lang='grc' dir='ltr'>ἡ</span> <span class='ocrx_word' id='word_1_38' title='bbox 1115 840 1172 895; x_wconf 82' lang='grc' dir='ltr'><strong>δὲ</strong></span> <span class='ocrx_word' id='word_1_39' title='bbox 1231 842 1370 912; x_wconf 87' lang='grc' dir='ltr'><strong>μετά</strong></span> <span class='ocrx_word' id='word_1_40' title='bbox 1420 842 1482 894; x_wconf 85' lang='grc' dir='ltr'><strong>τὸ</strong></span> <span class='ocrx_word' id='word_1_41' title='bbox 1536 841 1759 912; x_wconf 84' lang='grc' dir='ltr'><strong>λουτρὸν</strong></span> <span class='ocrx_word' id='word_1_42' title='bbox 1810 842 1907 895; x_wconf 78' lang='grc' dir='ltr'><strong>καὶ</strong></span> 
     </span>
    </p>
   </div>
   <div class='ocr_carea' id='block_1_7' title="bbox 333 927 1909 1000">
    <p class='ocr_par' dir='ltr' id='par_1_7' title="bbox 333 927 1909 1000">
     <span class='ocr_line' id='line_1_7' title="bbox 333 927 1909 1000; baseline -0.001 -17"><span class='ocrx_word' id='word_1_43' title='bbox 333 930 435 999; x_wconf 83' lang='grc' dir='ltr'><strong>τὴν</strong></span> <span class='ocrx_word' id='word_1_44' title='bbox 490 927 667 999; x_wconf 76' lang='grc' dir='ltr'><strong>ψυχὴν</strong></span> <span class='ocrx_word' id='word_1_45' title='bbox 714 928 933 997; x_wconf 81' lang='grc' dir='ltr'><strong>φθεῖραι</strong></span> <span class='ocrx_word' id='word_1_46' title='bbox 991 928 1233 992; x_wconf 87' lang='grc' dir='ltr'><strong>δύναται,</strong></span> <span class='ocrx_word' id='word_1_47' title='bbox 1284 928 1378 982; x_wconf 80' lang='grc' dir='ltr'><strong>καὶ</strong></span> <span class='ocrx_word' id='word_1_48' title='bbox 1425 929 1693 983; x_wconf 81' lang='grc' dir='ltr'><strong>εὐάλωτον</strong></span> <span class='ocrx_word' id='word_1_49' title='bbox 1751 930 1909 1000; x_wconf 79' lang='grc' dir='ltr'><strong>ποιῆ-</strong></span> 
     </span>
    </p>
   </div>
   <div class='ocr_carea' id='block_1_8' title="bbox 338 1014 1909 1087">
    <p class='ocr_par' dir='ltr' id='par_1_8' title="bbox 338 1014 1909 1087">
     <span class='ocr_line' id='line_1_8' title="bbox 338 1014 1909 1087; baseline 0 -16"><span class='ocrx_word' id='word_1_50' title='bbox 338 1034 431 1081; x_wconf 78' lang='grc' dir='ltr'><strong>σαι</strong></span> <span class='ocrx_word' id='word_1_51' title='bbox 477 1017 557 1087; x_wconf 84' lang='grc' dir='ltr'><strong>τῷ</strong></span> <span class='ocrx_word' id='word_1_52' title='bbox 593 1014 834 1085; x_wconf 87' lang='grc' dir='ltr'><strong>σκώληκι</strong></span> <span class='ocrx_word' id='word_1_53' title='bbox 871 1016 950 1087; x_wconf 86' lang='grc' dir='ltr'><strong>τῷ</strong></span> <span class='ocrx_word' id='word_1_54' title='bbox 978 1015 1232 1086; x_wconf 80' lang='grc' dir='ltr'>ἀθανάτῳ</span> <span class='ocrx_word' id='word_1_55' title='bbox 1255 1033 1271 1048; x_wconf 81' lang='grc' dir='ltr'><strong>ο</strong></span> <span class='ocrx_word' id='word_1_56' title='bbox 1311 1017 1372 1069; x_wconf 76' lang='grc' dir='ltr'><strong>οὐ</strong></span> <span class='ocrx_word' id='word_1_57' title='bbox 1405 1015 1514 1087; x_wconf 81' lang='grc' dir='ltr'><strong>γὰρ</strong></span> <span class='ocrx_word' id='word_1_58' title='bbox 1544 1016 1609 1071; x_wconf 81' lang='grc' dir='ltr'><strong>ἂν</strong></span> <span class='ocrx_word' id='word_1_59' title='bbox 1636 1016 1831 1087; x_wconf 74' lang='grc' dir='ltr'><strong>ἥψατο,</strong></span> <span class='ocrx_word' id='word_1_60' title='bbox 1859 1019 1909 1071; x_wconf 88' lang='grc' dir='ltr'><strong>εί</strong></span> 
     </span>
    </p>
   </div>
   <div class='ocr_carea' id='block_1_9' title="bbox 342 1097 1910 1177">
    <p class='ocr_par' dir='ltr' id='par_1_9' title="bbox 342 1097 1910 1177">
     <span class='ocr_line' id='line_1_9' title="bbox 342 1097 1910 1177; baseline 0 -20"><span class='ocrx_word' id='word_1_61' title='bbox 342 1106 416 1176; x_wconf 85' lang='grc' dir='ltr'><strong>μὴ</strong></span> <span class='ocrx_word' id='word_1_62' title='bbox 471 1104 719 1176; x_wconf 81' lang='grc' dir='ltr'><strong>φθαρτὴν</strong></span> <span class='ocrx_word' id='word_1_63' title='bbox 769 1097 895 1173; x_wconf 77' lang='grc' dir='ltr'><strong>εὗρε</strong></span> <span class='ocrx_word' id='word_1_64' title='bbox 941 1104 1142 1175; x_wconf 84' lang='grc' dir='ltr'><strong>ψυχήν.</strong></span> <span class='ocrx_word' id='word_1_65' title='bbox 1183 1104 1514 1174; x_wconf 82' lang='grc' dir='ltr'><strong>Ἀδάμαντος</strong></span> <span class='ocrx_word' id='word_1_66' title='bbox 1566 1104 1782 1175; x_wconf 81' lang='grc' dir='ltr'><strong>σκώληξ</strong></span> <span class='ocrx_word' id='word_1_67' title='bbox 1811 1105 1910 1177; x_wconf 82' lang='grc' dir='ltr'><strong>οὐχ</strong></span> 
     </span>
    </p>
   </div>
   <div class='ocr_carea' id='block_1_10' title="bbox 338 1189 1911 1265">
    <p class='ocr_par' dir='ltr' id='par_1_10' title="bbox 338 1189 1911 1265">
     <span class='ocr_line' id='line_1_10' title="bbox 338 1189 1911 1265; baseline 0.002 -22"><span class='ocrx_word' id='word_1_68' title='bbox 338 1189 571 1245; x_wconf 71' lang='grc' dir='ltr'><strong>ἅπτεται</strong></span> <span class='ocrx_word' id='word_1_69' title='bbox 602 1204 620 1219; x_wconf 73' lang='grc'><strong>⁸</strong></span> <span class='ocrx_word' id='word_1_70' title='bbox 675 1190 781 1245; x_wconf 87' lang='grc' dir='ltr'><strong>κᾶν</strong></span> <span class='ocrx_word' id='word_1_71' title='bbox 825 1190 1028 1261; x_wconf 68' lang='grc' dir='ltr'><strong>ἅψηται</strong></span> <span class='ocrx_word' id='word_1_72' title='bbox 1050 1231 1066 1256; x_wconf 93' lang='grc'><strong>,</strong></span> <span class='ocrx_word' id='word_1_73' title='bbox 1118 1190 1269 1245; x_wconf 81' lang='grc' dir='ltr'><strong>οὐδὲν</strong></span> <span class='ocrx_word' id='word_1_74' title='bbox 1323 1193 1636 1262; x_wconf 83' lang='grc' dir='ltr'><strong>εἰργάσατο.</strong></span> <span class='ocrx_word' id='word_1_75' title='bbox 1703 1193 1795 1264; x_wconf 86' lang='grc' dir='ltr'><strong>Μὴ</strong></span> <span class='ocrx_word' id='word_1_76' title='bbox 1845 1192 1911 1265; x_wconf 82' lang='grc' dir='ltr'><strong>δὴ</strong></span> 
     </span>
    </p>
   </div>
   <div class='ocr_carea' id='block_1_11' title="bbox 342 1278 1912 1351">
    <p class='ocr_par' dir='ltr' id='par_1_11' title="bbox 342 1278 1912 1351">
     <span class='ocr_line' id='line_1_11' title="bbox 342 1278 1912 1351; baseline 0.004 -22"><span class='ocrx_word' id='word_1_77' title='bbox 342 1278 569 1351; x_wconf 84' lang='grc' dir='ltr'><strong>φθείρῃς</strong></span> <span class='ocrx_word' id='word_1_78' title='bbox 604 1278 703 1349; x_wconf 80' lang='grc' dir='ltr'><strong>τὴν</strong></span> <span class='ocrx_word' id='word_1_79' title='bbox 753 1278 933 1350; x_wconf 79' lang='grc' dir='ltr'><strong>ψυχήν</strong></span> <span class='ocrx_word' id='word_1_80' title='bbox 960 1296 974 1311; x_wconf 77' lang='grc' dir='ltr'><strong><em>ο</em></strong></span> <span class='ocrx_word' id='word_1_81' title='bbox 1014 1278 1076 1332; x_wconf 85' lang='grc' dir='ltr'><strong>τὸ</strong></span> <span class='ocrx_word' id='word_1_82' title='bbox 1111 1280 1217 1351; x_wconf 86' lang='grc' dir='ltr'><strong>γὰρ</strong></span> <span class='ocrx_word' id='word_1_83' title='bbox 1252 1278 1608 1350; x_wconf 82' lang='grc' dir='ltr'><strong>φθειρόμενον</strong></span> <span class='ocrx_word' id='word_1_84' title='bbox 1648 1280 1912 1345; x_wconf 76' lang='grc' dir='ltr'><strong>δυσωδίας</strong></span> 
     </span>
    </p>
   </div>
   <div class='ocr_carea' id='block_1_12' title="bbox 306 1358 1907 1439">
    <p class='ocr_par' dir='ltr' id='par_1_12' title="bbox 306 1358 1907 1439">
     <span class='ocr_line' id='line_1_12' title="bbox 306 1358 1907 1439; baseline 0.002 -21"><span class='ocrx_word' id='word_1_85' title='bbox 306 1358 309 1359; x_wconf 16' lang='grc' dir='ltr'><em>ν</em></span> <span class='ocrx_word' id='word_1_86' title='bbox 347 1367 467 1418; x_wconf 74' lang='grc' dir='ltr'><strong>ἐστὶ</strong></span> <span class='ocrx_word' id='word_1_87' title='bbox 522 1366 737 1436; x_wconf 88' lang='grc' dir='ltr'><strong>μεστόν.</strong></span> <span class='ocrx_word' id='word_1_88' title='bbox 766 1368 966 1420; x_wconf 73' lang='grc' dir='ltr'><strong>Ἄκουε</strong></span> <span class='ocrx_word' id='word_1_89' title='bbox 1018 1366 1128 1437; x_wconf 79' lang='grc' dir='ltr'><strong>γάρ</strong></span> <span class='ocrx_word' id='word_1_90' title='bbox 1162 1367 1255 1420; x_wconf 90' lang='grc' dir='ltr'><strong>τοῦ</strong></span> <span class='ocrx_word' id='word_1_91' title='bbox 1289 1368 1575 1439; x_wconf 82' lang='grc' dir='ltr'><strong>Προφήτου</strong></span> <span class='ocrx_word' id='word_1_92' title='bbox 1609 1367 1863 1435; x_wconf 87' lang='grc' dir='ltr'><strong>λέγοντος</strong></span> <span class='ocrx_word' id='word_1_93' title='bbox 1893 1385 1907 1398; x_wconf 80' lang='lat'>&#39;</span> 
     </span>
    </p>
   </div>
   <div class='ocr_carea' id='block_1_13' title="bbox 342 1452 1913 1525">
    <p class='ocr_par' dir='ltr' id='par_1_13' title="bbox 342 1452 1913 1525">
     <span class='ocr_line' id='line_1_13' title="bbox 342 1452 1913 1525; baseline 0.003 -20"><span class='ocrx_word' id='word_1_94' title='bbox 342 1452 736 1522; x_wconf 61' lang='grc' dir='ltr'><strong>Πωσώζεσαν</strong></span> <span class='ocrx_word' id='word_1_95' title='bbox 767 1452 865 1506; x_wconf 78' lang='grc' dir='ltr'><strong>καί</strong></span> <span class='ocrx_word' id='word_1_96' title='bbox 901 1452 1229 1523; x_wconf 74' lang='grc' dir='ltr'><strong>ἐσάπησαν</strong></span> <span class='ocrx_word' id='word_1_97' title='bbox 1255 1456 1311 1508; x_wconf 83' lang='grc' dir='ltr'><em>οὶ</em></span> <span class='ocrx_word' id='word_1_98' title='bbox 1328 1453 1621 1522; x_wconf 69' lang='grc' dir='ltr'><strong>μώλωπες</strong></span> <span class='ocrx_word' id='word_1_99' title='bbox 1645 1473 1765 1525; x_wconf 83' lang='grc' dir='ltr'><strong>μου</strong></span> <span class='ocrx_word' id='word_1_100' title='bbox 1792 1456 1913 1510; x_wconf 83' lang='grc' dir='ltr'><strong>ἀπὸ</strong></span> 
     </span>
    </p>
   </div>
   <div class='ocr_carea' id='block_1_14' title="bbox 314 1539 1913 1615">
    <p class='ocr_par' dir='ltr' id='par_1_14' title="bbox 314 1539 1913 1615">
     <span class='ocr_line' id='line_1_14' title="bbox 314 1539 1913 1615; baseline -0.002 -16"><span class='ocrx_word' id='word_1_101' title='bbox 314 1540 668 1609; x_wconf 43' lang='grc' dir='ltr'><strong>ηπροσώπου</strong></span> <span class='ocrx_word' id='word_1_102' title='bbox 732 1539 846 1608; x_wconf 83' lang='grc' dir='ltr'><strong>τῆς</strong></span> <span class='ocrx_word' id='word_1_103' title='bbox 898 1542 1252 1609; x_wconf 71' lang='grc' dir='ltr'><strong>ἀφροσύνης</strong></span> <span class='ocrx_word' id='word_1_104' title='bbox 1290 1560 1431 1609; x_wconf 87' lang='grc' dir='ltr'><strong>μου.</strong></span> <span class='ocrx_word' id='word_1_105' title='bbox 1486 1543 1625 1596; x_wconf 87' lang='grc' dir='ltr'><strong>Ἀλλ’</strong></span> <span class='ocrx_word' id='word_1_106' title='bbox 1685 1543 1823 1615; x_wconf 78' lang='grc' dir='ltr'><strong>αὕτη</strong></span> <span class='ocrx_word' id='word_1_107' title='bbox 1878 1546 1913 1614; x_wconf 85' lang='grc' dir='ltr'><strong>ή</strong></span> 
     </span>
    </p>
   </div>
   <div class='ocr_carea' id='block_1_15' title="bbox 345 1630 1915 1702">
    <p class='ocr_par' dir='ltr' id='par_1_15' title="bbox 345 1630 1915 1702">
     <span class='ocr_line' id='line_1_15' title="bbox 345 1630 1915 1702; baseline 0.003 -20"><span class='ocrx_word' id='word_1_108' title='bbox 345 1631 520 1701; x_wconf 80' lang='grc' dir='ltr'><strong>φθορά</strong></span> <span class='ocrx_word' id='word_1_109' title='bbox 561 1631 840 1684; x_wconf 77' lang='grc' dir='ltr'><strong>ἐνδύσεται</strong></span> <span class='ocrx_word' id='word_1_110' title='bbox 891 1630 1199 1701; x_wconf 83' lang='grc' dir='ltr'><strong>ἀφθαρσίαν</strong></span> <span class='ocrx_word' id='word_1_111' title='bbox 1220 1672 1233 1691; x_wconf 86' lang='grc'><strong>,</strong></span> <span class='ocrx_word' id='word_1_112' title='bbox 1259 1632 1440 1702; x_wconf 81' lang='grc' dir='ltr'><strong>ἐκείνη</strong></span> <span class='ocrx_word' id='word_1_113' title='bbox 1467 1631 1523 1684; x_wconf 81' lang='grc' dir='ltr'><strong>δὲ</strong></span> <span class='ocrx_word' id='word_1_114' title='bbox 1548 1633 1751 1686; x_wconf 87' lang='grc' dir='ltr'><strong>οὐκέτι·</strong></span> <span class='ocrx_word' id='word_1_115' title='bbox 1785 1633 1915 1687; x_wconf 74' lang='grc' dir='ltr'><strong>ἔνθα</strong></span> 
     </span>
    </p>
   </div>
   <div class='ocr_carea' id='block_1_16' title="bbox 347 1717 1911 1792">
    <p class='ocr_par' dir='ltr' id='par_1_16' title="bbox 347 1717 1911 1792">
     <span class='ocr_line' id='line_1_16' title="bbox 347 1717 1911 1792; baseline 0.003 -21"><span class='ocrx_word' id='word_1_116' title='bbox 347 1718 454 1789; x_wconf 77' lang='grc' dir='ltr'><strong>γὰρ</strong></span> <span class='ocrx_word' id='word_1_117' title='bbox 482 1717 779 1787; x_wconf 88' lang='grc' dir='ltr'><strong>ἀφθαρσία,</strong></span> <span class='ocrx_word' id='word_1_118' title='bbox 812 1717 987 1788; x_wconf 85' lang='grc' dir='ltr'><strong>φθορά</strong></span> <span class='ocrx_word' id='word_1_119' title='bbox 1035 1719 1136 1772; x_wconf 82' lang='grc' dir='ltr'><strong>οὐκ</strong></span> <span class='ocrx_word' id='word_1_120' title='bbox 1188 1718 1358 1774; x_wconf 77' lang='grc' dir='ltr'><strong>ἔστιν.</strong></span> <span class='ocrx_word' id='word_1_121' title='bbox 1386 1720 1549 1773; x_wconf 83' lang='grc' dir='ltr'><strong>Ὥστε</strong></span> <span class='ocrx_word' id='word_1_122' title='bbox 1596 1720 1774 1792; x_wconf 88' lang='grc' dir='ltr'><strong>φθορά</strong></span> <span class='ocrx_word' id='word_1_123' title='bbox 1803 1722 1911 1792; x_wconf 80' lang='grc' dir='ltr'><strong>ἀφ-</strong></span> 
     </span>
    </p>
   </div>
   <div class='ocr_carea' id='block_1_17' title="bbox 346 1805 1912 1877">
    <p class='ocr_par' dir='ltr' id='par_1_17' title="bbox 346 1805 1912 1877">
     <span class='ocr_line' id='line_1_17' title="bbox 346 1805 1912 1877; baseline 0.004 -20"><span class='ocrx_word' id='word_1_124' title='bbox 346 1805 546 1874; x_wconf 82' lang='grc' dir='ltr'><strong>θαρτός</strong></span> <span class='ocrx_word' id='word_1_125' title='bbox 598 1806 736 1871; x_wconf 76' lang='grc' dir='ltr'><strong>ἐστι,</strong></span> <span class='ocrx_word' id='word_1_126' title='bbox 785 1806 939 1869; x_wconf 77' lang='grc' dir='ltr'><strong>τέλος</strong></span> <span class='ocrx_word' id='word_1_127' title='bbox 976 1806 1075 1860; x_wconf 82' lang='grc' dir='ltr'><strong>οὐκ</strong></span> <span class='ocrx_word' id='word_1_128' title='bbox 1106 1807 1322 1877; x_wconf 78' lang='grc' dir='ltr'><strong>ἔχουσα,</strong></span> <span class='ocrx_word' id='word_1_129' title='bbox 1357 1806 1586 1871; x_wconf 89' lang='grc' dir='ltr'><strong>θάνατος</strong></span> <span class='ocrx_word' id='word_1_130' title='bbox 1625 1809 1912 1875; x_wconf 87' lang='grc' dir='ltr'><strong>ἀθάνατος.</strong></span> 
     </span>
    </p>
   </div>
   <div class='ocr_carea' id='block_1_18' title="bbox 348 1894 1911 1967">
    <p class='ocr_par' dir='ltr' id='par_1_18' title="bbox 348 1894 1911 1967">
     <span class='ocr_line' id='line_1_18' title="bbox 348 1894 1911 1967; baseline 0.004 -21"><span class='ocrx_word' id='word_1_131' title='bbox 348 1896 525 1965; x_wconf 86' lang='grc' dir='ltr'><strong>Ὅπερ</strong></span> <span class='ocrx_word' id='word_1_132' title='bbox 546 1894 736 1965; x_wconf 77' lang='grc' dir='ltr'><strong>ἔμελλε</strong></span> <span class='ocrx_word' id='word_1_133' title='bbox 763 1894 1030 1965; x_wconf 83' lang='grc' dir='ltr'><strong>γίνεσθαι,</strong></span> <span class='ocrx_word' id='word_1_134' title='bbox 1055 1897 1103 1949; x_wconf 92' lang='grc' dir='ltr'><strong>εί</strong></span> <span class='ocrx_word' id='word_1_135' title='bbox 1120 1897 1181 1949; x_wconf 81' lang='grc' dir='ltr'><strong>τὸ</strong></span> <span class='ocrx_word' id='word_1_136' title='bbox 1206 1896 1366 1967; x_wconf 84' lang='grc' dir='ltr'><strong>σῶμα</strong></span> <span class='ocrx_word' id='word_1_137' title='bbox 1382 1898 1598 1967; x_wconf 78' lang='grc' dir='ltr'><strong>ἔμεινεν</strong></span> <span class='ocrx_word' id='word_1_138' title='bbox 1620 1898 1911 1953; x_wconf 85' lang='grc' dir='ltr'><strong>ἀθάνατον.</strong></span> 
     </span>
    </p>
   </div>
   <div class='ocr_carea' id='block_1_19' title="bbox 345 1981 1915 2058">
    <p class='ocr_par' dir='ltr' id='par_1_19' title="bbox 345 1981 1915 2058">
     <span class='ocr_line' id='line_1_19' title="bbox 345 1981 1915 2058; baseline 0.004 -24"><span class='ocrx_word' id='word_1_139' title='bbox 345 1982 533 2046; x_wconf 76' lang='grc' dir='ltr'><strong>Οὕτως</strong></span> <span class='ocrx_word' id='word_1_140' title='bbox 590 1981 655 2036; x_wconf 82' lang='grc' dir='ltr'><strong>ἂν</strong></span> <span class='ocrx_word' id='word_1_141' title='bbox 694 1982 898 2053; x_wconf 77' lang='grc' dir='ltr'><strong>φθορὰν</strong></span> <span class='ocrx_word' id='word_1_142' title='bbox 921 1983 1134 2054; x_wconf 78' lang='grc' dir='ltr'><strong>ἔχοντες</strong></span> <span class='ocrx_word' id='word_1_143' title='bbox 1163 1984 1487 2056; x_wconf 73' lang='grc' dir='ltr'><strong>ἀπέλθωμεν</strong></span> <span class='ocrx_word' id='word_1_144' title='bbox 1525 1987 1664 2052; x_wconf 75' lang='grc' dir='ltr'><strong>ἐκεῖ,</strong></span> <span class='ocrx_word' id='word_1_145' title='bbox 1696 1986 1915 2058; x_wconf 77' lang='grc' dir='ltr'><strong>ἀφθαρ-</strong></span> 
     </span>
    </p>
   </div>
   <div class='ocr_carea' id='block_1_20' title="bbox 344 2070 1915 2147">
    <p class='ocr_par' dir='ltr' id='par_1_20' title="bbox 344 2070 1915 2147">
     <span class='ocr_line' id='line_1_20' title="bbox 344 2070 1915 2147; baseline 0.004 -24"><span class='ocrx_word' id='word_1_146' title='bbox 344 2088 436 2123; x_wconf 92' lang='grc' dir='ltr'><strong>τον</strong></span> <span class='ocrx_word' id='word_1_147' title='bbox 490 2072 585 2125; x_wconf 79' lang='grc' dir='ltr'><strong>καὶ</strong></span> <span class='ocrx_word' id='word_1_148' title='bbox 628 2070 981 2147; x_wconf 82' lang='grc' dir='ltr'><strong>ἀτελεύτητον</strong></span> <span class='ocrx_word' id='word_1_149' title='bbox 1029 2071 1222 2142; x_wconf 77' lang='grc' dir='ltr'><strong>ἕξομεν</strong></span> <span class='ocrx_word' id='word_1_150' title='bbox 1272 2073 1371 2142; x_wconf 84' lang='grc' dir='ltr'><strong>τὴν</strong></span> <span class='ocrx_word' id='word_1_151' title='bbox 1413 2073 1641 2147; x_wconf 85' lang='grc' dir='ltr'><strong>φθοράν.</strong></span> <span class='ocrx_word' id='word_1_152' title='bbox 1674 2074 1750 2128; x_wconf 84' lang='grc' dir='ltr'><strong>Τὸ</strong></span> <span class='ocrx_word' id='word_1_153' title='bbox 1808 2074 1915 2147; x_wconf 85' lang='grc' dir='ltr'><strong>γὰρ</strong></span> 
     </span>
    </p>
   </div>
   <div class='ocr_carea' id='block_1_21' title="bbox 347 2145 1920 2232">
    <p class='ocr_par' dir='ltr' id='par_1_21' title="bbox 347 2145 1920 2232">
     <span class='ocr_line' id='line_1_21' title="bbox 347 2145 1920 2232; baseline 0.001 -17"><span class='ocrx_word' id='word_1_154' title='bbox 347 2158 599 2215; x_wconf 83' lang='grc' dir='ltr'><strong>καίεσθαι</strong></span> <span class='ocrx_word' id='word_1_155' title='bbox 622 2159 717 2212; x_wconf 75' lang='grc' dir='ltr'><strong>καὶ</strong></span> <span class='ocrx_word' id='word_1_156' title='bbox 750 2145 991 2229; x_wconf 84' lang='grc' dir='ltr'><strong>σκώληκι</strong></span> <span class='ocrx_word' id='word_1_157' title='bbox 1021 2159 1307 2223; x_wconf 85' lang='grc' dir='ltr'><strong>διαπαντὸς</strong></span> <span class='ocrx_word' id='word_1_158' title='bbox 1333 2145 1697 2226; x_wconf 71' lang='grc' dir='ltr'><strong>δαπανᾶσθαι,</strong></span> <span class='ocrx_word' id='word_1_159' title='bbox 1740 2145 1920 2232; x_wconf 84' lang='grc' dir='ltr'><strong>φθορά</strong></span> 
     </span>
    </p>
   </div>
   <div class='ocr_carea' id='block_1_22' title="bbox 348 2242 1916 2321">
    <p class='ocr_par' dir='ltr' id='par_1_22' title="bbox 348 2242 1916 2321">
     <span class='ocr_line' id='line_1_22' title="bbox 348 2242 1916 2321; baseline 0.003 -23"><span class='ocrx_word' id='word_1_160' title='bbox 348 2248 497 2299; x_wconf 76' lang='grc' dir='ltr'><strong>ἐστιν</strong></span> <span class='ocrx_word' id='word_1_161' title='bbox 520 2246 796 2316; x_wconf 79' lang='grc' dir='ltr'><strong>ἄφθαρτος</strong></span> <span class='ocrx_word' id='word_1_162' title='bbox 826 2260 843 2275; x_wconf 82' lang='grc'>⁶</span> <span class='ocrx_word' id='word_1_163' title='bbox 871 2242 983 2300; x_wconf 76' lang='grc' dir='ltr'><strong>οἷον</strong></span> <span class='ocrx_word' id='word_1_164' title='bbox 1011 2242 1079 2318; x_wconf 79' lang='grc' dir='ltr'><strong>ἦν</strong></span> <span class='ocrx_word' id='word_1_165' title='bbox 1110 2247 1207 2301; x_wconf 77' lang='grc' dir='ltr'><strong>καὶ</strong></span> <span class='ocrx_word' id='word_1_166' title='bbox 1231 2248 1325 2301; x_wconf 69' lang='grc' dir='ltr'><strong>ἐπὶ</strong></span> <span class='ocrx_word' id='word_1_167' title='bbox 1344 2248 1438 2303; x_wconf 85' lang='grc' dir='ltr'><strong>τοῦ</strong></span> <span class='ocrx_word' id='word_1_168' title='bbox 1464 2250 1737 2321; x_wconf 81' lang='grc' dir='ltr'><strong>μακαρίου</strong></span> <span class='ocrx_word' id='word_1_169' title='bbox 1770 2250 1916 2304; x_wconf 77' lang='grc' dir='ltr'><strong>Ἰώϐο</strong></span> 
     </span>
    </p>
   </div>
   <div class='ocr_carea' id='block_1_23' title="bbox 348 2334 1919 2410">
    <p class='ocr_par' dir='ltr' id='par_1_23' title="bbox 348 2334 1919 2410">
     <span class='ocr_line' id='line_1_23' title="bbox 348 2334 1919 2410; baseline 0.004 -23"><span class='ocrx_word' id='word_1_170' title='bbox 348 2334 654 2405; x_wconf 81' lang='grc' dir='ltr'><strong>ἐφθείρετο,</strong></span> <span class='ocrx_word' id='word_1_171' title='bbox 689 2335 785 2387; x_wconf 77' lang='grc' dir='ltr'><strong>καὶ</strong></span> <span class='ocrx_word' id='word_1_172' title='bbox 836 2334 938 2387; x_wconf 78' lang='grc' dir='ltr'><strong>οὐκ</strong></span> <span class='ocrx_word' id='word_1_173' title='bbox 1000 2334 1307 2401; x_wconf 82' lang='grc' dir='ltr'><strong>ἀπώλλυτο,</strong></span> <span class='ocrx_word' id='word_1_174' title='bbox 1359 2339 1454 2392; x_wconf 65' lang='grc' dir='ltr'><strong>καλ⁹</strong></span> <span class='ocrx_word' id='word_1_175' title='bbox 1510 2337 1684 2391; x_wconf 89' lang='grc' dir='ltr'><strong>ταῦτα</strong></span> <span class='ocrx_word' id='word_1_176' title='bbox 1726 2340 1919 2410; x_wconf 80' lang='grc' dir='ltr'><strong>χρόνου</strong></span> 
     </span>
    </p>
   </div>
   <div class='ocr_carea' id='block_1_24' title="bbox 350 2421 1922 2496">
    <p class='ocr_par' dir='ltr' id='par_1_24' title="bbox 350 2421 1922 2496">
     <span class='ocr_line' id='line_1_24' title="bbox 350 2421 1922 2496; baseline 0.003 -20"><span class='ocrx_word' id='word_1_177' title='bbox 350 2421 549 2487; x_wconf 81' lang='grc' dir='ltr'><strong>πολλοῦ</strong></span> <span class='ocrx_word' id='word_1_178' title='bbox 610 2421 1015 2492; x_wconf 73' lang='grc' dir='ltr'><strong>προϐεὸηκότος</strong></span> <span class='ocrx_word' id='word_1_179' title='bbox 1042 2440 1059 2456; x_wconf 78' lang='grc' dir='ltr'><strong><em>ο</em></strong></span> <span class='ocrx_word' id='word_1_180' title='bbox 1107 2422 1225 2477; x_wconf 88' lang='grc' dir='ltr'><strong>ἀλλ’</strong></span> <span class='ocrx_word' id='word_1_181' title='bbox 1266 2423 1354 2477; x_wconf 80' lang='grc' dir='ltr'><strong>ἀεὶ</strong></span> <span class='ocrx_word' id='word_1_182' title='bbox 1403 2423 1566 2495; x_wconf 81' lang='grc' dir='ltr'><strong>έτηκε</strong></span> <span class='ocrx_word' id='word_1_183' title='bbox 1599 2438 1626 2467; x_wconf 76' lang='grc' dir='ltr'><strong>ιι</strong></span> <span class='ocrx_word' id='word_1_184' title='bbox 1667 2425 1922 2496; x_wconf 83' lang='grc' dir='ltr'><strong>βώλακας</strong></span> 
     </span>
    </p>
   </div>
   <div class='ocr_carea' id='block_1_25' title="bbox 349 2509 1924 2586">
    <p class='ocr_par' dir='ltr' id='par_1_25' title="bbox 349 2509 1924 2586">
     <span class='ocr_line' id='line_1_25' title="bbox 349 2509 1924 2586; baseline 0.005 -24"><span class='ocrx_word' id='word_1_185' title='bbox 349 2512 454 2581; x_wconf 83' lang='grc' dir='ltr'><strong>γῆς</strong></span> <span class='ocrx_word' id='word_1_186' title='bbox 494 2509 602 2564; x_wconf 83' lang='grc' dir='ltr'><strong>ἀπὺ</strong></span> <span class='ocrx_word' id='word_1_187' title='bbox 658 2510 853 2582; x_wconf 77' lang='grc' dir='ltr'><strong>ἰχῶρος</strong></span> <span class='ocrx_word' id='word_1_188' title='bbox 886 2510 1041 2579; x_wconf 81' lang='grc' dir='ltr'><strong>ξέων.</strong></span> <span class='ocrx_word' id='word_1_189' title='bbox 1064 2512 1317 2566; x_wconf 79' lang='grc' dir='ltr'><strong>Τοιοῦτόν</strong></span> <span class='ocrx_word' id='word_1_190' title='bbox 1342 2530 1395 2567; x_wconf 90' lang='grc' dir='ltr'><strong>τι</strong></span> <span class='ocrx_word' id='word_1_191' title='bbox 1424 2515 1457 2585; x_wconf 86' lang='grc' dir='ltr'><strong>ἡ</strong></span> <span class='ocrx_word' id='word_1_192' title='bbox 1503 2514 1649 2586; x_wconf 81' lang='grc' dir='ltr'><strong>ψυχὴ</strong></span> <span class='ocrx_word' id='word_1_193' title='bbox 1678 2517 1924 2570; x_wconf 87' lang='grc' dir='ltr'><strong>πείσεται</strong></span> 
     </span>
    </p>
   </div>
   <div class='ocr_carea' id='block_1_26' title="bbox 348 2597 1925 2674">
    <p class='ocr_par' dir='ltr' id='par_1_26' title="bbox 348 2597 1925 2674">
     <span class='ocr_line' id='line_1_26' title="bbox 348 2597 1925 2674; baseline 0.006 -24"><span class='ocrx_word' id='word_1_194' title='bbox 348 2599 497 2663; x_wconf 85' lang='grc' dir='ltr'><strong>τότε,</strong></span> <span class='ocrx_word' id='word_1_195' title='bbox 523 2597 633 2651; x_wconf 91' lang='grc' dir='ltr'><strong>τῶν</strong></span> <span class='ocrx_word' id='word_1_196' title='bbox 667 2598 965 2669; x_wconf 79' lang='grc' dir='ltr'><strong>σκωλήκων</strong></span> <span class='ocrx_word' id='word_1_197' title='bbox 986 2598 1123 2671; x_wconf 75' lang='grc' dir='ltr'><strong>αὐτῇ</strong></span> <span class='ocrx_word' id='word_1_198' title='bbox 1154 2599 1536 2670; x_wconf 81' lang='grc' dir='ltr'><strong>περιεστώτων</strong></span> <span class='ocrx_word' id='word_1_199' title='bbox 1569 2603 1664 2656; x_wconf 74' lang='grc' dir='ltr'><strong>καὶ</strong></span> <span class='ocrx_word' id='word_1_200' title='bbox 1691 2602 1925 2674; x_wconf 87' lang='grc' dir='ltr'><strong>διατρω-</strong></span> 
     </span>
    </p>
   </div>
   <div class='ocr_carea' id='block_1_27' title="bbox 351 2686 1922 2765">
    <p class='ocr_par' dir='ltr' id='par_1_27' title="bbox 351 2686 1922 2765">
     <span class='ocr_line' id='line_1_27' title="bbox 351 2686 1922 2765; baseline 0.004 -24"><span class='ocrx_word' id='word_1_201' title='bbox 351 2687 557 2756; x_wconf 84' lang='grc' dir='ltr'><strong>γόντων</strong></span> <span class='ocrx_word' id='word_1_202' title='bbox 584 2729 599 2754; x_wconf 85' lang='grc'><strong>,</strong></span> <span class='ocrx_word' id='word_1_203' title='bbox 638 2687 739 2741; x_wconf 76' lang='grc' dir='ltr'><strong>οὐκ</strong></span> <span class='ocrx_word' id='word_1_204' title='bbox 770 2686 923 2761; x_wconf 77' lang='grc'><strong>[187]</strong></span> <span class='ocrx_word' id='word_1_205' title='bbox 943 2689 1036 2742; x_wconf 75' lang='grc' dir='ltr'><strong>ἐπὶ</strong></span> <span class='ocrx_word' id='word_1_206' title='bbox 1067 2688 1160 2743; x_wconf 86' lang='grc' dir='ltr'><strong>δύο</strong></span> <span class='ocrx_word' id='word_1_207' title='bbox 1208 2690 1385 2745; x_wconf 74' lang='grc' dir='ltr'><strong>ἔτεσιν</strong></span> <span class='ocrx_word' id='word_1_208' title='bbox 1407 2731 1424 2756; x_wconf 93' lang='grc'><strong>,</strong></span> <span class='ocrx_word' id='word_1_209' title='bbox 1458 2693 1579 2746; x_wconf 80' lang='grc' dir='ltr'><strong>οὐδὲ</strong></span> <span class='ocrx_word' id='word_1_210' title='bbox 1607 2694 1702 2747; x_wconf 76' lang='grc' dir='ltr'><strong>ἐπὶ</strong></span> <span class='ocrx_word' id='word_1_211' title='bbox 1725 2697 1922 2765; x_wconf 76' lang='grc' dir='ltr'><strong>τρισὶν,</strong></span> 
     </span>
    </p>
   </div>
   <div class='ocr_carea' id='block_1_28' title="bbox 351 2775 1923 2853">
    <p class='ocr_par' dir='ltr' id='par_1_28' title="bbox 351 2775 1923 2853">
     <span class='ocr_line' id='line_1_28' title="bbox 351 2775 1923 2853; baseline 0.004 -24"><span class='ocrx_word' id='word_1_212' title='bbox 351 2775 475 2829; x_wconf 83' lang='grc' dir='ltr'><strong>οὐδὲ</strong></span> <span class='ocrx_word' id='word_1_213' title='bbox 526 2776 621 2829; x_wconf 77' lang='grc' dir='ltr'><strong>ἐπὶ</strong></span> <span class='ocrx_word' id='word_1_214' title='bbox 671 2775 826 2842; x_wconf 86' lang='grc' dir='ltr'><strong>δέκα,</strong></span> <span class='ocrx_word' id='word_1_215' title='bbox 853 2776 975 2830; x_wconf 85' lang='grc' dir='ltr'><strong>οὐδὲ</strong></span> <span class='ocrx_word' id='word_1_216' title='bbox 1032 2776 1129 2830; x_wconf 73' lang='grc' dir='ltr'><strong>ἐπὶ</strong></span> <span class='ocrx_word' id='word_1_217' title='bbox 1165 2778 1383 2845; x_wconf 77' lang='grc' dir='ltr'><strong>ἑκατὸν,</strong></span> <span class='ocrx_word' id='word_1_218' title='bbox 1414 2780 1538 2834; x_wconf 78' lang='grc' dir='ltr'><strong>οὐδὲ</strong></span> <span class='ocrx_word' id='word_1_219' title='bbox 1570 2781 1664 2834; x_wconf 75' lang='grc' dir='ltr'><strong>ἐπὶ</strong></span> <span class='ocrx_word' id='word_1_220' title='bbox 1688 2781 1923 2853; x_wconf 89' lang='grc' dir='ltr'><strong>μυρίοις,</strong></span> 
     </span>
    </p>
   </div>
   <div class='ocr_carea' id='block_1_29' title="bbox 354 2862 1927 2936">
    <p class='ocr_par' dir='ltr' id='par_1_29' title="bbox 354 2862 1927 2936">
     <span class='ocr_line' id='line_1_29' title="bbox 354 2862 1927 2936; baseline 0.006 -21"><span class='ocrx_word' id='word_1_221' title='bbox 354 2862 471 2916; x_wconf 84' lang='grc' dir='ltr'><strong>ἀλλ’</strong></span> <span class='ocrx_word' id='word_1_222' title='bbox 512 2862 606 2916; x_wconf 78' lang='grc' dir='ltr'><strong>ἐπὶ</strong></span> <span class='ocrx_word' id='word_1_223' title='bbox 648 2863 1025 2935; x_wconf 81' lang='grc' dir='ltr'><strong>ἀτελευτήτοις</strong></span> <span class='ocrx_word' id='word_1_224' title='bbox 1055 2880 1071 2894; x_wconf 92' lang='grc'><strong>·</strong></span> <span class='ocrx_word' id='word_1_225' title='bbox 1110 2866 1170 2918; x_wconf 89' lang='lat'><strong>&#39;0</strong></span> <span class='ocrx_word' id='word_1_226' title='bbox 1197 2865 1308 2935; x_wconf 77' lang='grc' dir='ltr'><strong>γὰρ</strong></span> <span class='ocrx_word' id='word_1_227' title='bbox 1339 2866 1592 2936; x_wconf 82' lang='grc' dir='ltr'><strong>σκώληξ</strong></span> <span class='ocrx_word' id='word_1_228' title='bbox 1627 2868 1828 2923; x_wconf 80' lang='grc' dir='ltr'><strong>αὐτῶν</strong></span> <span class='ocrx_word' id='word_1_229' title='bbox 1853 2871 1927 2924; x_wconf 85' lang='grc' dir='ltr'><strong>οὐ</strong></span> 
     </span>
    </p>
   </div>
   <div class='ocr_carea' id='block_1_30' title="bbox 355 2949 1925 3026">
    <p class='ocr_par' dir='ltr' id='par_1_30' title="bbox 355 2949 1925 3026">
     <span class='ocr_line' id='line_1_30' title="bbox 355 2949 1925 3026; baseline 0.004 -23"><span class='ocrx_word' id='word_1_230' title='bbox 355 2949 726 3019; x_wconf 81' lang='grc' dir='ltr'><strong>τελευτήσει,</strong></span> <span class='ocrx_word' id='word_1_231' title='bbox 775 2950 929 3021; x_wconf 88' lang='grc' dir='ltr'><strong>φησί.</strong></span> <span class='ocrx_word' id='word_1_232' title='bbox 982 2950 1313 3023; x_wconf 74' lang='grc' dir='ltr'><strong>Φοϐηθῶμεν</strong></span> <span class='ocrx_word' id='word_1_233' title='bbox 1347 2953 1529 3008; x_wconf 83' lang='grc' dir='ltr'><strong>τοίνυν</strong></span> <span class='ocrx_word' id='word_1_234' title='bbox 1550 2994 1564 3019; x_wconf 95' lang='grc'><strong>,</strong></span> <span class='ocrx_word' id='word_1_235' title='bbox 1597 2954 1925 3026; x_wconf 86' lang='grc' dir='ltr'><strong>παρακαλῶ,</strong></span> 
     </span>
    </p>
   </div>
   <div class='ocr_carea' id='block_1_31' title="bbox 354 3036 1924 3114">
    <p class='ocr_par' dir='ltr' id='par_1_31' title="bbox 354 3036 1924 3114">
     <span class='ocr_line' id='line_1_31' title="bbox 354 3036 1924 3114; baseline 0.006 -25"><span class='ocrx_word' id='word_1_236' title='bbox 354 3036 618 3106; x_wconf 83' lang='grc' dir='ltr'><strong>δείσωμεν</strong></span> <span class='ocrx_word' id='word_1_237' title='bbox 632 3037 699 3090; x_wconf 80' lang='grc' dir='ltr'><strong>τά</strong></span> <span class='ocrx_word' id='word_1_238' title='bbox 726 3036 964 3107; x_wconf 80' lang='grc' dir='ltr'><strong>ῥήματα,</strong></span> <span class='ocrx_word' id='word_1_239' title='bbox 986 3037 1073 3091; x_wconf 82' lang='grc' dir='ltr'><strong>ῐνα</strong></span> <span class='ocrx_word' id='word_1_240' title='bbox 1099 3038 1177 3111; x_wconf 83' lang='grc' dir='ltr'><strong>μὴ</strong></span> <span class='ocrx_word' id='word_1_241' title='bbox 1193 3040 1581 3112; x_wconf 82' lang='grc' dir='ltr'><strong>περιπέσωμεν</strong></span> <span class='ocrx_word' id='word_1_242' title='bbox 1599 3045 1712 3107; x_wconf 90' lang='grc' dir='ltr'><strong>τοῖς</strong></span> <span class='ocrx_word' id='word_1_243' title='bbox 1736 3044 1924 3114; x_wconf 83' lang='grc' dir='ltr'><strong>πράγ-</strong></span> 
     </span>
    </p>
   </div>
   <div class='ocr_carea' id='block_1_32' title="bbox 359 3122 1929 3203">
    <p class='ocr_par' dir='ltr' id='par_1_32' title="bbox 359 3122 1929 3203">
     <span class='ocr_line' id='line_1_32' title="bbox 359 3122 1929 3203; baseline 0.005 -26"><span class='ocrx_word' id='word_1_244' title='bbox 359 3139 515 3194; x_wconf 88' lang='grc' dir='ltr'><strong>μασι.</strong></span> <span class='ocrx_word' id='word_1_245' title='bbox 546 3123 725 3195; x_wconf 80' lang='grc' dir='ltr'><strong>Φθορά</strong></span> <span class='ocrx_word' id='word_1_246' title='bbox 751 3126 785 3196; x_wconf 78' lang='grc' dir='ltr'>ἡ</span> <span class='ocrx_word' id='word_1_247' title='bbox 818 3122 1099 3190; x_wconf 82' lang='grc' dir='ltr'><strong>πλεονεξία</strong></span> <span class='ocrx_word' id='word_1_248' title='bbox 1154 3127 1292 3194; x_wconf 70' lang='grc' dir='ltr'><strong>ἐστὶ,</strong></span> <span class='ocrx_word' id='word_1_249' title='bbox 1332 3128 1507 3201; x_wconf 84' lang='grc' dir='ltr'><strong>φθορά</strong></span> <span class='ocrx_word' id='word_1_250' title='bbox 1528 3130 1724 3184; x_wconf 84' lang='grc' dir='ltr'><strong>πασῶν</strong></span> <span class='ocrx_word' id='word_1_251' title='bbox 1768 3132 1929 3203; x_wconf 87' lang='grc' dir='ltr'><strong>χαλε-</strong></span> 
     </span>
    </p>
   </div>
   <div class='ocr_carea' id='block_1_33' title="bbox 359 3211 1928 3293">
    <p class='ocr_par' dir='ltr' id='par_1_33' title="bbox 359 3211 1928 3293">
     <span class='ocr_line' id='line_1_33' title="bbox 359 3211 1928 3293; baseline 0.004 -26"><span class='ocrx_word' id='word_1_252' title='bbox 359 3212 600 3283; x_wconf 82' lang='grc' dir='ltr'><strong>πωτέρα,</strong></span> <span class='ocrx_word' id='word_1_253' title='bbox 630 3214 711 3277; x_wconf 89' lang='grc' dir='ltr'><strong>είς</strong></span> <span class='ocrx_word' id='word_1_254' title='bbox 772 3211 1212 3286; x_wconf 83' lang='grc' dir='ltr'><strong>είδωλολατρείαν</strong></span> <span class='ocrx_word' id='word_1_255' title='bbox 1263 3216 1492 3285; x_wconf 78' lang='grc' dir='ltr'><strong>ἄγουσα.</strong></span> <span class='ocrx_word' id='word_1_256' title='bbox 1520 3218 1788 3290; x_wconf 82' lang='grc' dir='ltr'><strong>Φύγωμεν</strong></span> <span class='ocrx_word' id='word_1_257' title='bbox 1828 3219 1928 3293; x_wconf 80' lang='grc' dir='ltr'><strong>τὴν</strong></span> 
     </span>
    </p>
   </div>
   <div class='ocr_carea' id='block_1_34' title="bbox 422 3378 1927 3447">
    <p class='ocr_par' dir='ltr' id='par_1_34' title="bbox 422 3378 1927 3447">
     <span class='ocr_line' id='line_1_34' title="bbox 422 3378 1927 3447; baseline 0.007 -19"><span class='ocrx_word' id='word_1_258' title='bbox 422 3380 449 3408; x_wconf 78' lang='grc'><strong><em>³</em></strong></span> <span class='ocrx_word' id='word_1_259' title='bbox 463 3380 513 3429; x_wconf 81' lang='lat' dir='ltr'><strong>In</strong></span> <span class='ocrx_word' id='word_1_260' title='bbox 535 3378 683 3431; x_wconf 70' lang='lat' dir='ltr'><strong>editis</strong></span> <span class='ocrx_word' id='word_1_261' title='bbox 702 3385 831 3433; x_wconf 83' lang='lat' dir='ltr'><strong>male</strong></span> <span class='ocrx_word' id='word_1_262' title='bbox 850 3383 1110 3447; x_wconf 69' lang='lat' dir='ltr'><strong>legebatur</strong></span> <span class='ocrx_word' id='word_1_263' title='bbox 1129 3386 1302 3447; x_wconf 72' lang='grc' dir='ltr'><strong>ἔστηκε</strong></span> <span class='ocrx_word' id='word_1_264' title='bbox 1320 3400 1408 3447; x_wconf 85' lang='lat' dir='ltr'><strong>pro</strong></span> <span class='ocrx_word' id='word_1_265' title='bbox 1432 3387 1569 3445; x_wconf 83' lang='grc' dir='ltr'><strong>ἔτηκε</strong></span> <span class='ocrx_word' id='word_1_266' title='bbox 1594 3407 1607 3438; x_wconf 85' lang='lat'><strong>:</strong></span> <span class='ocrx_word' id='word_1_267' title='bbox 1633 3388 1771 3438; x_wconf 85' lang='lat' dir='ltr'><strong>locus</strong></span> <span class='ocrx_word' id='word_1_268' title='bbox 1793 3390 1927 3439; x_wconf 83' lang='lat' dir='ltr'><strong>enim</strong></span> 
     </span>
    </p>
   </div>
   <div class='ocr_carea' id='block_1_35' title="bbox 359 3442 1922 3512">
    <p class='ocr_par' dir='ltr' id='par_1_35' title="bbox 359 3442 1922 3512">
     <span class='ocr_line' id='line_1_35' title="bbox 359 3442 1922 3512; baseline 0.007 -24"><span class='ocrx_word' id='word_1_269' title='bbox 359 3442 650 3504; x_wconf 76' lang='lat' dir='ltr'><strong>desumptus</strong></span> <span class='ocrx_word' id='word_1_270' title='bbox 676 3452 753 3512; x_wconf 63' lang='grc' dir='ltr'><strong>εει</strong></span> <span class='ocrx_word' id='word_1_271' title='bbox 774 3460 837 3512; x_wconf 70' lang='grc' dir='ltr'><strong>εκ</strong></span> <span class='ocrx_word' id='word_1_272' title='bbox 862 3442 988 3512; x_wconf 58' lang='grc' dir='ltr'><strong>Ιὶὶᾷτο</strong></span> <span class='ocrx_word' id='word_1_273' title='bbox 1006 3446 1099 3512; x_wconf 69' lang='grc' dir='ltr'><strong>ιρι)</strong></span> <span class='ocrx_word' id='word_1_274' title='bbox 1133 3442 1367 3498; x_wconf 66' lang='lat' dir='ltr'><strong>editionis</strong></span> <span class='ocrx_word' id='word_1_275' title='bbox 1400 3442 1591 3508; x_wconf 55' lang='lat' dir='ltr'><strong>raw&#39;o&#39;,</strong></span> <span class='ocrx_word' id='word_1_276' title='bbox 1617 3450 1698 3499; x_wconf 87' lang='lat' dir='ltr'><strong>ubi</strong></span> <span class='ocrx_word' id='word_1_277' title='bbox 1736 3451 1922 3512; x_wconf 78' lang='lat' dir='ltr'><strong>legitur</strong></span> 
     </span>
    </p>
   </div>
   <div class='ocr_carea' id='block_1_36' title="bbox 362 3505 1929 3621">
    <p class='ocr_par' dir='ltr' id='par_1_36' title="bbox 362 3505 1929 3621">
     <span class='ocr_line' id='line_1_36' title="bbox 362 3505 1929 3621; baseline 0.008 -70"><span class='ocrx_word' id='word_1_278' title='bbox 362 3516 471 3572; x_wconf 76' lang='grc' dir='ltr'><strong>ωρ.</strong></span> <span class='ocrx_word' id='word_1_279' title='bbox 492 3511 573 3563; x_wconf 75' lang='lat' dir='ltr'><strong>Vu,</strong></span> <span class='ocrx_word' id='word_1_280' title='bbox 607 3520 649 3553; x_wconf 80' lang='grc' dir='ltr'><strong>ν.</strong></span> <span class='ocrx_word' id='word_1_281' title='bbox 674 3505 721 3565; x_wconf 82' lang='grc'><strong>5,</strong></span> <span class='ocrx_word' id='word_1_282' title='bbox 744 3509 876 3585; x_wconf 63' lang='grc' dir='ltr'><strong>τήκω</strong></span> <span class='ocrx_word' id='word_1_283' title='bbox 908 3509 1220 3621; x_wconf 47' lang='grc' dir='ltr'><strong>δὶέὶῴλακας</strong></span> <span class='ocrx_word' id='word_1_284' title='bbox 1253 3516 1339 3571; x_wconf 86' lang='grc' dir='ltr'><strong>γῆς</strong></span> <span class='ocrx_word' id='word_1_285' title='bbox 1381 3512 1477 3560; x_wconf 85' lang='grc' dir='ltr'><strong>ἀπὸ</strong></span> <span class='ocrx_word' id='word_1_286' title='bbox 1501 3505 1674 3576; x_wconf 78' lang='grc' dir='ltr'><strong>ἰχῶρος</strong></span> <span class='ocrx_word' id='word_1_287' title='bbox 1692 3505 1830 3574; x_wconf 59' lang='grc' dir='ltr'><strong>ξύων,</strong></span> <span class='ocrx_word' id='word_1_288' title='bbox 1873 3511 1929 3563; x_wconf 85' lang='lat' dir='ltr'><strong>in</strong></span> 
     </span>
     <span class='ocr_line' id='line_1_37' title="bbox 362 3570 1355 3621; baseline 0.009 -9"><span class='ocrx_word' id='word_1_289' title='bbox 362 3572 505 3615; x_wconf 76' lang='grc' dir='ltr'><strong>ωιιο</strong></span> <span class='ocrx_word' id='word_1_290' title='bbox 529 3572 698 3619; x_wconf 73' lang='lat' dir='ltr'><strong>nostro</strong></span> <span class='ocrx_word' id='word_1_291' title='bbox 722 3570 855 3621; x_wconf 81' lang='grc' dir='ltr'><strong>ξεων.</strong></span> <span class='ocrx_word' id='word_1_292' title='bbox 879 3583 944 3621; x_wconf 85' lang='lat' dir='ltr'><strong>au</strong></span> <span class='ocrx_word' id='word_1_293' title='bbox 1028 3570 1240 3621; x_wconf 81' lang='lat' dir='ltr'><strong>1dmsum</strong></span> <span class='ocrx_word' id='word_1_294' title='bbox 1260 3578 1355 3621; x_wconf 77' lang='lat' dir='ltr'><strong>est.</strong></span> 
     </span>
    </p>
   </div>
   <div class='ocr_carea' id='block_1_37' title="bbox 362 3570 1355 3637">
    <p class='ocr_par' dir='ltr' id='par_1_37' title="bbox 362 3570 1355 3637">
     <span class='ocr_line' id='line_1_38' title="bbox 362 3570 1355 3637; baseline 0.01 -25"><span class='ocrx_word' id='word_1_295' title='bbox 362 3570 505 3615; x_wconf 76' lang='grc' dir='ltr'><strong>ωηο</strong></span> <span class='ocrx_word' id='word_1_296' title='bbox 529 3572 698 3619; x_wconf 73' lang='lat' dir='ltr'><strong>nostro</strong></span> <span class='ocrx_word' id='word_1_297' title='bbox 722 3570 855 3632; x_wconf 82' lang='grc' dir='ltr'><strong>ξέων,</strong></span> <span class='ocrx_word' id='word_1_298' title='bbox 879 3570 1010 3637; x_wconf 86' lang='lat' dir='ltr'><strong>quod</strong></span> <span class='ocrx_word' id='word_1_299' title='bbox 1028 3570 1240 3634; x_wconf 84' lang='lat' dir='ltr'><strong>idipsum</strong></span> <span class='ocrx_word' id='word_1_300' title='bbox 1260 3570 1355 3622; x_wconf 73' lang='lat' dir='ltr'><strong>cst.</strong></span> 
     </span>
    </p>
   </div>
   <div class='ocr_carea' id='block_1_38' title="bbox 1194 374 2723 443">
    <p class='ocr_par' dir='ltr' id='par_1_38' title="bbox 1194 374 2723 443">
     <span class='ocr_line' id='line_1_39' title="bbox 1194 374 2723 443; baseline 0.005 -7"><span class='ocrx_word' id='word_1_301' title='bbox 1194 380 1261 436; x_wconf 84' lang='lat' dir='ltr'><strong>IN</strong></span> <span class='ocrx_word' id='word_1_302' title='bbox 1291 378 1503 437; x_wconf 79' lang='lat' dir='ltr'><strong>EPIST.</strong></span> <span class='ocrx_word' id='word_1_303' title='bbox 1543 375 1634 432; x_wconf 82' lang='lat' dir='ltr'><strong>AD</strong></span> <span class='ocrx_word' id='word_1_304' title='bbox 1666 374 1908 433; x_wconf 82' lang='lat' dir='ltr'><strong>EPIIES.</strong></span> <span class='ocrx_word' id='word_1_305' title='bbox 1947 374 2099 431; x_wconf 79' lang='lat' dir='ltr'><strong>CAP.</strong></span> <span class='ocrx_word' id='word_1_306' title='bbox 2136 376 2225 434; x_wconf 71' lang='lat' dir='ltr'><strong>Vl.</strong></span> <span class='ocrx_word' id='word_1_307' title='bbox 2263 376 2497 438; x_wconf 76' lang='lat' dir='ltr'><strong>HOMIL.</strong></span> <span class='ocrx_word' id='word_1_308' title='bbox 2536 378 2723 443; x_wconf 79' lang='lat' dir='ltr'><strong>XXIV.</strong></span> 
     </span>
    </p>
   </div>
   <div class='ocr_carea' id='block_1_39' title="bbox 3468 372 3575 434">
    <p class='ocr_par' dir='ltr' id='par_1_39' title="bbox 3468 372 3575 434">
     <span class='ocr_line' id='line_1_40' title="bbox 3468 372 3575 434; baseline 0.056 -7"><span class='ocrx_word' id='word_1_309' title='bbox 3468 372 3575 434; x_wconf 73' lang='grc'><strong>176</strong></span> 
     </span>
    </p>
   </div>
   <div class='ocr_carea' id='block_1_40' title="bbox 2002 484 3576 562">
    <p class='ocr_par' dir='ltr' id='par_1_40' title="bbox 2002 484 3576 562">
     <span class='ocr_line' id='line_1_41' title="bbox 2002 484 3576 562; baseline 0 -20"><span class='ocrx_word' id='word_1_310' title='bbox 2002 489 2227 561; x_wconf 72' lang='grc' dir='ltr'><strong>φθορὰν,</strong></span> <span class='ocrx_word' id='word_1_311' title='bbox 2282 490 2533 561; x_wconf 75' lang='grc' dir='ltr'><strong>ἑλώμεθα</strong></span> <span class='ocrx_word' id='word_1_312' title='bbox 2581 490 2682 562; x_wconf 82' lang='grc' dir='ltr'><strong>τὴν</strong></span> <span class='ocrx_word' id='word_1_313' title='bbox 2735 486 3067 560; x_wconf 84' lang='grc' dir='ltr'><strong>ἀφθαρσίαν.</strong></span> <span class='ocrx_word' id='word_1_314' title='bbox 3104 484 3576 558; x_wconf 80' lang='grc' dir='ltr'><strong>Ἐπλεονέκτησας</strong></span> 
     </span>
    </p>
   </div>
   <div class='ocr_carea' id='block_1_41' title="bbox 2000 574 3578 648">
    <p class='ocr_par' dir='ltr' id='par_1_41' title="bbox 2000 574 3578 648">
     <span class='ocr_line' id='line_1_42' title="bbox 2000 574 3578 648; baseline -0.001 -20"><span class='ocrx_word' id='word_1_315' title='bbox 2000 576 2094 629; x_wconf 84' lang='grc' dir='ltr'><strong>τὸν</strong></span> <span class='ocrx_word' id='word_1_316' title='bbox 2150 575 2332 643; x_wconf 84' lang='grc' dir='ltr'><strong>δεῖνα;</strong></span> <span class='ocrx_word' id='word_1_317' title='bbox 2364 577 2446 631; x_wconf 87' lang='grc' dir='ltr'><strong>Τά</strong></span> <span class='ocrx_word' id='word_1_318' title='bbox 2494 578 2597 648; x_wconf 82' lang='grc' dir='ltr'><strong>μὲν</strong></span> <span class='ocrx_word' id='word_1_319' title='bbox 2645 575 3113 646; x_wconf 84' lang='grc' dir='ltr'><strong>πλεονεκτηθέντα</strong></span> <span class='ocrx_word' id='word_1_320' title='bbox 3135 574 3440 646; x_wconf 86' lang='grc' dir='ltr'><strong>φθείρεται,</strong></span> <span class='ocrx_word' id='word_1_321' title='bbox 3463 577 3497 647; x_wconf 76' lang='grc' dir='ltr'>ἡ</span> <span class='ocrx_word' id='word_1_322' title='bbox 3520 575 3578 628; x_wconf 66' lang='grc' dir='ltr'><strong>δὲ</strong></span> 
     </span>
    </p>
   </div>
   <div class='ocr_carea' id='block_1_42' title="bbox 2004 662 3579 735">
    <p class='ocr_par' dir='ltr' id='par_1_42' title="bbox 2004 662 3579 735">
     <span class='ocr_line' id='line_1_43' title="bbox 2004 662 3579 735; baseline 0 -20"><span class='ocrx_word' id='word_1_323' title='bbox 2004 663 2289 729; x_wconf 79' lang='grc' dir='ltr'><strong>πλεονεξία</strong></span> <span class='ocrx_word' id='word_1_324' title='bbox 2321 664 2494 735; x_wconf 88' lang='grc' dir='ltr'><strong>μένει,</strong></span> <span class='ocrx_word' id='word_1_325' title='bbox 2520 664 2696 735; x_wconf 84' lang='grc' dir='ltr'><strong>φθορὰ</strong></span> <span class='ocrx_word' id='word_1_326' title='bbox 2717 662 3027 734; x_wconf 81' lang='grc' dir='ltr'><strong>ἀφθαρσίας</strong></span> <span class='ocrx_word' id='word_1_327' title='bbox 3070 662 3328 726; x_wconf 81' lang='grc' dir='ltr'><strong>ὑπόθεσις</strong></span> <span class='ocrx_word' id='word_1_328' title='bbox 3357 663 3579 732; x_wconf 83' lang='grc' dir='ltr'><strong>γινομέ-</strong></span> 
     </span>
    </p>
   </div>
   <div class='ocr_carea' id='block_1_43' title="bbox 2003 751 3579 825">
    <p class='ocr_par' dir='ltr' id='par_1_43' title="bbox 2003 751 3579 825">
     <span class='ocr_line' id='line_1_44' title="bbox 2003 751 3579 825; baseline 0.001 -22"><span class='ocrx_word' id='word_1_329' title='bbox 2003 768 2105 823; x_wconf 77' lang='grc' dir='ltr'><strong>νηο</strong></span> <span class='ocrx_word' id='word_1_330' title='bbox 2140 755 2173 821; x_wconf 82' lang='grc' dir='ltr'>ἠ</span> <span class='ocrx_word' id='word_1_331' title='bbox 2226 752 2326 823; x_wconf 83' lang='grc' dir='ltr'><strong>μὲν</strong></span> <span class='ocrx_word' id='word_1_332' title='bbox 2368 755 2668 818; x_wconf 80' lang='grc' dir='ltr'><strong>ἀπόλαυσις</strong></span> <span class='ocrx_word' id='word_1_333' title='bbox 2713 754 3077 825; x_wconf 82' lang='grc' dir='ltr'><strong>παρέρχεται,</strong></span> <span class='ocrx_word' id='word_1_334' title='bbox 3112 751 3387 824; x_wconf 79' lang='grc' dir='ltr'><strong>ἄφθαρτος</strong></span> <span class='ocrx_word' id='word_1_335' title='bbox 3444 752 3579 825; x_wconf 42' lang='lat' dir='ltr'><strong>ﬁt!)</strong></span> 
     </span>
    </p>
   </div>
   <div class='ocr_carea' id='block_1_44' title="bbox 2005 838 3580 911">
    <p class='ocr_par' dir='ltr' id='par_1_44' title="bbox 2005 838 3580 911">
     <span class='ocr_line' id='line_1_45' title="bbox 2005 838 3580 911; baseline -0.001 -17"><span class='ocrx_word' id='word_1_336' title='bbox 2005 841 2248 911; x_wconf 76' lang='grc' dir='ltr'><strong>ἁμαρτία</strong></span> <span class='ocrx_word' id='word_1_337' title='bbox 2285 841 2457 911; x_wconf 88' lang='grc' dir='ltr'><strong>μένει.</strong></span> <span class='ocrx_word' id='word_1_338' title='bbox 2498 841 2681 895; x_wconf 86' lang='grc' dir='ltr'><strong>Δεινὸν</strong></span> <span class='ocrx_word' id='word_1_339' title='bbox 2726 842 2895 895; x_wconf 86' lang='grc' dir='ltr'><strong>κακὸν</strong></span> <span class='ocrx_word' id='word_1_340' title='bbox 2924 840 2999 911; x_wconf 84' lang='grc' dir='ltr'><strong>μὴ</strong></span> <span class='ocrx_word' id='word_1_341' title='bbox 3041 841 3099 893; x_wconf 75' lang='grc' dir='ltr'><strong>ὲν</strong></span> <span class='ocrx_word' id='word_1_342' title='bbox 3127 838 3204 911; x_wconf 84' lang='grc' dir='ltr'><strong>τῷ</strong></span> <span class='ocrx_word' id='word_1_343' title='bbox 3230 839 3458 909; x_wconf 84' lang='grc' dir='ltr'><strong>παρόντι</strong></span> <span class='ocrx_word' id='word_1_344' title='bbox 3480 838 3580 910; x_wconf 81' lang='grc' dir='ltr'><strong>βίῳ</strong></span> 
     </span>
    </p>
   </div>
   <div class='ocr_carea' id='block_1_45' title="bbox 2006 922 3583 997">
    <p class='ocr_par' dir='ltr' id='par_1_45' title="bbox 2006 922 3583 997">
     <span class='ocr_line' id='line_1_46' title="bbox 2006 922 3583 997; baseline -0.001 -20"><span class='ocrx_word' id='word_1_345' title='bbox 2006 924 2222 977; x_wconf 74' lang='grc' dir='ltr'><strong>ἅπαντα</strong></span> <span class='ocrx_word' id='word_1_346' title='bbox 2239 925 2609 980; x_wconf 80' lang='grc' dir='ltr'><strong>ἀποδύσασθαι</strong></span> <span class='ocrx_word' id='word_1_347' title='bbox 2625 942 2639 954; x_wconf 70' lang='grc'><strong>⁸</strong></span> <span class='ocrx_word' id='word_1_348' title='bbox 2669 926 2881 997; x_wconf 82' lang='grc' dir='ltr'><strong>μεγάλη</strong></span> <span class='ocrx_word' id='word_1_349' title='bbox 2904 922 3159 994; x_wconf 88' lang='grc' dir='ltr'><strong>συμφορά</strong></span> <span class='ocrx_word' id='word_1_350' title='bbox 3180 922 3377 994; x_wconf 88' lang='grc' dir='ltr'><strong>φορτία</strong></span> <span class='ocrx_word' id='word_1_351' title='bbox 3398 923 3583 993; x_wconf 83' lang='grc' dir='ltr'><strong>ἀμαρ-</strong></span> 
     </span>
    </p>
   </div>
   <div class='ocr_carea' id='block_1_46' title="bbox 2007 1009 3586 1084">
    <p class='ocr_par' dir='ltr' id='par_1_46' title="bbox 2007 1009 3586 1084">
     <span class='ocr_line' id='line_1_47' title="bbox 2007 1009 3586 1084; baseline 0 -21"><span class='ocrx_word' id='word_1_352' title='bbox 2007 1012 2269 1082; x_wconf 83' lang='grc' dir='ltr'><strong>τημάτων</strong></span> <span class='ocrx_word' id='word_1_353' title='bbox 2332 1013 2554 1084; x_wconf 80' lang='grc' dir='ltr'><strong>ἔχοντας</strong></span> <span class='ocrx_word' id='word_1_354' title='bbox 2619 1013 2871 1067; x_wconf 88' lang='grc' dir='ltr'><strong>ἀπελθεῖν</strong></span> <span class='ocrx_word' id='word_1_355' title='bbox 2950 1013 3086 1065; x_wconf 74' lang='grc' dir='ltr'><strong>ἐκεῖ.</strong></span> <span class='ocrx_word' id='word_1_356' title='bbox 3140 1012 3245 1064; x_wconf 84' lang='grc' dir='ltr'><strong>Ἐν</strong></span> <span class='ocrx_word' id='word_1_357' title='bbox 3312 1011 3437 1080; x_wconf 74' lang='grc' dir='ltr'><strong>γὰρ</strong></span> <span class='ocrx_word' id='word_1_358' title='bbox 3504 1009 3586 1073; x_wconf 81' lang='grc' dir='ltr'><strong>τῷ</strong></span> 
     </span>
    </p>
   </div>
   <div class='ocr_carea' id='block_1_47' title="bbox 2009 1096 3587 1172">
    <p class='ocr_par' dir='ltr' id='par_1_47' title="bbox 2009 1096 3587 1172">
     <span class='ocr_line' id='line_1_48' title="bbox 2009 1096 3587 1172; baseline -0.003 -18"><span class='ocrx_word' id='word_1_359' title='bbox 2009 1099 2123 1167; x_wconf 82' lang='grc' dir='ltr'><strong>ᾅδῃ</strong></span> <span class='ocrx_word' id='word_1_360' title='bbox 2156 1142 2171 1165; x_wconf 87' lang='grc'><strong>,</strong></span> <span class='ocrx_word' id='word_1_361' title='bbox 2207 1100 2362 1170; x_wconf 76' lang='grc' dir='ltr'><strong>φησὶ,</strong></span> <span class='ocrx_word' id='word_1_362' title='bbox 2405 1102 2498 1167; x_wconf 81' lang='grc' dir='ltr'><strong>τις</strong></span> <span class='ocrx_word' id='word_1_363' title='bbox 2530 1099 3047 1170; x_wconf 72' lang='grc' dir='ltr'><strong>ἐξομολογήσεται</strong></span> <span class='ocrx_word' id='word_1_364' title='bbox 3083 1113 3183 1151; x_wconf 87' lang='grc' dir='ltr'><strong>σοι</strong></span> <span class='ocrx_word' id='word_1_365' title='bbox 3215 1113 3235 1162; x_wconf 85' lang='grc'><em>;</em></span> <span class='ocrx_word' id='word_1_366' title='bbox 3287 1096 3587 1172; x_wconf 77' lang='grc' dir='ltr'><strong>Κριτήριον</strong></span> 
     </span>
    </p>
   </div>
   <div class='ocr_carea' id='block_1_48' title="bbox 2011 1186 3586 1259">
    <p class='ocr_par' dir='ltr' id='par_1_48' title="bbox 2011 1186 3586 1259">
     <span class='ocr_line' id='line_1_49' title="bbox 2011 1186 3586 1259; baseline 0 -20"><span class='ocrx_word' id='word_1_367' title='bbox 2011 1189 2162 1259; x_wconf 79' lang='grc' dir='ltr'><strong>ἐστιν</strong></span> <span class='ocrx_word' id='word_1_368' title='bbox 2200 1190 2335 1252; x_wconf 78' lang='grc' dir='ltr'><strong>ἐκεῖ,</strong></span> <span class='ocrx_word' id='word_1_369' title='bbox 2373 1189 2662 1259; x_wconf 84' lang='grc' dir='ltr'><strong>μετανοίας</strong></span> <span class='ocrx_word' id='word_1_370' title='bbox 2708 1189 2893 1241; x_wconf 79' lang='grc' dir='ltr'><strong>λοιπὸν</strong></span> <span class='ocrx_word' id='word_1_371' title='bbox 2930 1187 3115 1242; x_wconf 80' lang='grc' dir='ltr'><strong>οὐκέτι</strong></span> <span class='ocrx_word' id='word_1_372' title='bbox 3163 1186 3377 1256; x_wconf 82' lang='grc' dir='ltr'><strong>καιρός.</strong></span> <span class='ocrx_word' id='word_1_373' title='bbox 3430 1186 3586 1239; x_wconf 86' lang='grc' dir='ltr'><strong>Πόσα</strong></span> 
     </span>
    </p>
   </div>
   <div class='ocr_carea' id='block_1_49' title="bbox 2009 1272 3585 1345">
    <p class='ocr_par' dir='ltr' id='par_1_49' title="bbox 2009 1272 3585 1345">
     <span class='ocr_line' id='line_1_50' title="bbox 2009 1272 3585 1345; baseline 0.001 -20"><span class='ocrx_word' id='word_1_374' title='bbox 2009 1273 2330 1345; x_wconf 83' lang='grc' dir='ltr'><strong>ἀπωδύρατο</strong></span> <span class='ocrx_word' id='word_1_375' title='bbox 2364 1276 2392 1328; x_wconf 87' lang='grc' dir='ltr'>ὁ</span> <span class='ocrx_word' id='word_1_376' title='bbox 2414 1273 2668 1338; x_wconf 82' lang='grc' dir='ltr'><strong>πλούσιος</strong></span> <span class='ocrx_word' id='word_1_377' title='bbox 2706 1274 2827 1327; x_wconf 87' lang='grc' dir='ltr'><strong>τότε</strong></span> <span class='ocrx_word' id='word_1_378' title='bbox 2856 1274 2870 1327; x_wconf 80' lang='grc' dir='ltr'><strong>ί</strong></span> <span class='ocrx_word' id='word_1_379' title='bbox 2913 1273 3192 1343; x_wconf 83' lang='grc' dir='ltr'><strong>ἀλλ’ὅμως</strong></span> <span class='ocrx_word' id='word_1_380' title='bbox 3225 1272 3377 1326; x_wconf 80' lang='grc' dir='ltr'><strong>οὐδὲν</strong></span> <span class='ocrx_word' id='word_1_381' title='bbox 3400 1273 3585 1343; x_wconf 75' lang='grc' dir='ltr'><strong>ἧνυσε.</strong></span> 
     </span>
    </p>
   </div>
   <div class='ocr_carea' id='block_1_50' title="bbox 2011 1357 3590 1434">
    <p class='ocr_par' dir='ltr' id='par_1_50' title="bbox 2011 1357 3590 1434">
     <span class='ocr_line' id='line_1_51' title="bbox 2011 1357 3590 1434; baseline 0 -22"><span class='ocrx_word' id='word_1_382' title='bbox 2011 1361 2159 1413; x_wconf 80' lang='grc' dir='ltr'><strong>Πόσα</strong></span> <span class='ocrx_word' id='word_1_383' title='bbox 2180 1357 2334 1415; x_wconf 82' lang='grc' dir='ltr'><strong>εἷπον</strong></span> <span class='ocrx_word' id='word_1_384' title='bbox 2358 1364 2406 1415; x_wconf 82' lang='grc' dir='ltr'><strong>οἱ</strong></span> <span class='ocrx_word' id='word_1_385' title='bbox 2435 1363 2510 1434; x_wconf 79' lang='grc' dir='ltr'><strong>μὴ</strong></span> <span class='ocrx_word' id='word_1_386' title='bbox 2542 1362 2843 1433; x_wconf 80' lang='grc' dir='ltr'><strong>θρέψαντες</strong></span> <span class='ocrx_word' id='word_1_387' title='bbox 2867 1362 2958 1417; x_wconf 83' lang='grc' dir='ltr'><strong>τὸν</strong></span> <span class='ocrx_word' id='word_1_388' title='bbox 2978 1361 3216 1430; x_wconf 86' lang='grc' dir='ltr'><strong>Χριστόν</strong></span> <span class='ocrx_word' id='word_1_389' title='bbox 3241 1362 3256 1415; x_wconf 82' lang='grc' dir='ltr'><strong>ί</strong></span> <span class='ocrx_word' id='word_1_390' title='bbox 3292 1360 3407 1414; x_wconf 81' lang='grc' dir='ltr'><strong>ἀλλ’</strong></span> <span class='ocrx_word' id='word_1_391' title='bbox 3438 1361 3590 1431; x_wconf 86' lang='grc' dir='ltr'><strong>ὅμως</strong></span> 
     </span>
    </p>
   </div>
   <div class='ocr_carea' id='block_1_51' title="bbox 2016 1446 3590 1519">
    <p class='ocr_par' dir='ltr' id='par_1_51' title="bbox 2016 1446 3590 1519">
     <span class='ocr_line' id='line_1_52' title="bbox 2016 1446 3590 1519; baseline 0.001 -21"><span class='ocrx_word' id='word_1_392' title='bbox 2016 1446 2346 1518; x_wconf 83' lang='grc' dir='ltr'><strong>ἀπήχθησαν</strong></span> <span class='ocrx_word' id='word_1_393' title='bbox 2380 1451 2461 1509; x_wconf 83' lang='grc' dir='ltr'><strong>εἰς</strong></span> <span class='ocrx_word' id='word_1_394' title='bbox 2490 1449 2552 1502; x_wconf 82' lang='grc' dir='ltr'><strong>τὸ</strong></span> <span class='ocrx_word' id='word_1_395' title='bbox 2593 1448 2705 1519; x_wconf 86' lang='grc' dir='ltr'><strong>πῦρ</strong></span> <span class='ocrx_word' id='word_1_396' title='bbox 2734 1450 2795 1503; x_wconf 81' lang='grc' dir='ltr'><strong>τὸ</strong></span> <span class='ocrx_word' id='word_1_397' title='bbox 2821 1448 3059 1503; x_wconf 75' lang='grc' dir='ltr'><strong>αἰώνιον.</strong></span> <span class='ocrx_word' id='word_1_398' title='bbox 3088 1449 3237 1501; x_wconf 80' lang='grc' dir='ltr'><strong>Πόσα</strong></span> <span class='ocrx_word' id='word_1_399' title='bbox 3264 1450 3314 1501; x_wconf 84' lang='grc' dir='ltr'><strong>οἱ</strong></span> <span class='ocrx_word' id='word_1_400' title='bbox 3344 1446 3443 1519; x_wconf 82' lang='grc' dir='ltr'><strong>τὴν</strong></span> <span class='ocrx_word' id='word_1_401' title='bbox 3464 1448 3590 1501; x_wconf 79' lang='grc' dir='ltr'><strong>ἀνο-</strong></span> 
     </span>
    </p>
   </div>
   <div class='ocr_carea' id='block_1_52' title="bbox 2018 1530 3593 1608">
    <p class='ocr_par' dir='ltr' id='par_1_52' title="bbox 2018 1530 3593 1608">
     <span class='ocr_line' id='line_1_53' title="bbox 2018 1530 3593 1608; baseline -0.003 -20"><span class='ocrx_word' id='word_1_402' title='bbox 2018 1535 2149 1603; x_wconf 89' lang='grc' dir='ltr'><strong>μίαν</strong></span> <span class='ocrx_word' id='word_1_403' title='bbox 2198 1537 2568 1608; x_wconf 81' lang='grc' dir='ltr'><strong>ἐργασάμενοι</strong></span> <span class='ocrx_word' id='word_1_404' title='bbox 2615 1537 2737 1589; x_wconf 88' lang='grc' dir='ltr'><strong>τότε</strong></span> <span class='ocrx_word' id='word_1_405' title='bbox 2780 1533 2954 1599; x_wconf 75' lang='grc' dir='ltr'><strong>εἷπον,</strong></span> <span class='ocrx_word' id='word_1_406' title='bbox 3004 1536 3201 1602; x_wconf 82' lang='grc' dir='ltr'><strong>Κύριε,</strong></span> <span class='ocrx_word' id='word_1_407' title='bbox 3239 1537 3352 1588; x_wconf 84' lang='grc' dir='ltr'><strong>οὐκ</strong></span> <span class='ocrx_word' id='word_1_408' title='bbox 3407 1533 3478 1586; x_wconf 76' lang='grc' dir='ltr'><strong>ἐν</strong></span> <span class='ocrx_word' id='word_1_409' title='bbox 3510 1530 3593 1597; x_wconf 86' lang='grc' dir='ltr'><strong>τῷ</strong></span> 
     </span>
    </p>
   </div>
   <div class='ocr_carea' id='block_1_53' title="bbox 2016 1619 3594 1692">
    <p class='ocr_par' dir='ltr' id='par_1_53' title="bbox 2016 1619 3594 1692">
     <span class='ocr_line' id='line_1_54' title="bbox 2016 1619 3594 1692; baseline -0.001 -17"><span class='ocrx_word' id='word_1_410' title='bbox 2016 1623 2264 1691; x_wconf 81' lang='grc' dir='ltr'><strong>ὀνόματί</strong></span> <span class='ocrx_word' id='word_1_411' title='bbox 2282 1638 2400 1677; x_wconf 89' lang='grc' dir='ltr'><strong>σου</strong></span> <span class='ocrx_word' id='word_1_412' title='bbox 2434 1624 2985 1692; x_wconf 72' lang='grc' dir='ltr'><strong>προεφητεύσαμεν,</strong></span> <span class='ocrx_word' id='word_1_413' title='bbox 3021 1622 3120 1677; x_wconf 81' lang='grc' dir='ltr'><strong>καὶ</strong></span> <span class='ocrx_word' id='word_1_414' title='bbox 3145 1623 3215 1675; x_wconf 76' lang='grc' dir='ltr'><strong>ἐν</strong></span> <span class='ocrx_word' id='word_1_415' title='bbox 3242 1620 3322 1685; x_wconf 85' lang='grc' dir='ltr'><strong>τῷ</strong></span> <span class='ocrx_word' id='word_1_416' title='bbox 3349 1619 3594 1689; x_wconf 75' lang='grc' dir='ltr'><strong>ὀνόματι</strong></span> 
     </span>
    </p>
   </div>
   <div class='ocr_carea' id='block_1_54' title="bbox 2014 1711 3595 1783">
    <p class='ocr_par' dir='ltr' id='par_1_54' title="bbox 2014 1711 3595 1783">
     <span class='ocr_line' id='line_1_55' title="bbox 2014 1711 3595 1783; baseline -0.003 -16"><span class='ocrx_word' id='word_1_417' title='bbox 2014 1730 2131 1767; x_wconf 91' lang='grc' dir='ltr'><strong>σου</strong></span> <span class='ocrx_word' id='word_1_418' title='bbox 2177 1712 2457 1783; x_wconf 84' lang='grc' dir='ltr'><strong>δαιμόνια</strong></span> <span class='ocrx_word' id='word_1_419' title='bbox 2496 1711 2910 1783; x_wconf 72' lang='grc' dir='ltr'><strong>ἐξεϐάλομεννέ</strong></span> <span class='ocrx_word' id='word_1_420' title='bbox 2948 1712 3064 1765; x_wconf 79' lang='grc' dir='ltr'><strong>ἀλλ’</strong></span> <span class='ocrx_word' id='word_1_421' title='bbox 3094 1712 3243 1783; x_wconf 81' lang='grc' dir='ltr'><strong>ὅμως</strong></span> <span class='ocrx_word' id='word_1_422' title='bbox 3281 1711 3383 1765; x_wconf 80' lang='grc' dir='ltr'><strong>οὐκ</strong></span> <span class='ocrx_word' id='word_1_423' title='bbox 3421 1712 3595 1779; x_wconf 77' lang='grc' dir='ltr'><strong>ἐγνω-</strong></span> 
     </span>
    </p>
   </div>
   <div class='ocr_carea' id='block_1_55' title="bbox 2014 1799 3596 1874">
    <p class='ocr_par' dir='ltr' id='par_1_55' title="bbox 2014 1799 3596 1874">
     <span class='ocr_line' id='line_1_56' title="bbox 2014 1799 3596 1874; baseline -0.002 -19"><span class='ocrx_word' id='word_1_424' title='bbox 2014 1801 2296 1874; x_wconf 87' lang='grc' dir='ltr'><strong>ρίσθησαν.</strong></span> <span class='ocrx_word' id='word_1_425' title='bbox 2356 1804 2543 1857; x_wconf 88' lang='grc' dir='ltr'><strong>Πάντα</strong></span> <span class='ocrx_word' id='word_1_426' title='bbox 2595 1804 2715 1857; x_wconf 88' lang='grc' dir='ltr'><strong>τότε</strong></span> <span class='ocrx_word' id='word_1_427' title='bbox 2780 1803 2879 1873; x_wconf 85' lang='grc' dir='ltr'><strong>μὲν</strong></span> <span class='ocrx_word' id='word_1_428' title='bbox 2921 1802 3130 1873; x_wconf 83' lang='grc' dir='ltr'><strong>γίνεται</strong></span> <span class='ocrx_word' id='word_1_429' title='bbox 3191 1799 3365 1855; x_wconf 87' lang='grc' dir='ltr'><strong>ταῦτα</strong></span> <span class='ocrx_word' id='word_1_430' title='bbox 3402 1817 3414 1828; x_wconf 91' lang='grc'><strong>·</strong></span> <span class='ocrx_word' id='word_1_431' title='bbox 3444 1800 3596 1853; x_wconf 59' lang='grc' dir='ltr'><strong>οὐδε*</strong></span> 
     </span>
    </p>
   </div>
   <div class='ocr_carea' id='block_1_56' title="bbox 2016 1888 3597 1962">
    <p class='ocr_par' dir='ltr' id='par_1_56' title="bbox 2016 1888 3597 1962">
     <span class='ocr_line' id='line_1_57' title="bbox 2016 1888 3597 1962; baseline 0 -21"><span class='ocrx_word' id='word_1_432' title='bbox 2016 1891 2113 1961; x_wconf 84' lang='grc' dir='ltr'><strong>μία</strong></span> <span class='ocrx_word' id='word_1_433' title='bbox 2171 1890 2228 1945; x_wconf 77' lang='grc' dir='ltr'><strong>δὲ</strong></span> <span class='ocrx_word' id='word_1_434' title='bbox 2289 1891 2495 1962; x_wconf 78' lang='grc' dir='ltr'><strong>δνησις,</strong></span> <span class='ocrx_word' id='word_1_435' title='bbox 2530 1892 2625 1946; x_wconf 80' lang='grc' dir='ltr'><strong>ἐὰν</strong></span> <span class='ocrx_word' id='word_1_436' title='bbox 2684 1890 2758 1962; x_wconf 81' lang='grc' dir='ltr'><strong>μὴ</strong></span> <span class='ocrx_word' id='word_1_437' title='bbox 2809 1889 2916 1945; x_wconf 87' lang='grc' dir='ltr'><strong>⁴νῦν</strong></span> <span class='ocrx_word' id='word_1_438' title='bbox 2966 1890 3210 1961; x_wconf 78' lang='grc' dir='ltr'><strong>γένηται.</strong></span> <span class='ocrx_word' id='word_1_439' title='bbox 3267 1888 3597 1959; x_wconf 79' lang='grc' dir='ltr'><strong>Φοϐηθῶμεν</strong></span> 
     </span>
    </p>
   </div>
   <div class='ocr_carea' id='block_1_57' title="bbox 2018 1974 3597 2050">
    <p class='ocr_par' dir='ltr' id='par_1_57' title="bbox 2018 1974 3597 2050">
     <span class='ocr_line' id='line_1_58' title="bbox 2018 1974 3597 2050; baseline -0.001 -20"><span class='ocrx_word' id='word_1_440' title='bbox 2018 1974 2138 2045; x_wconf 81' lang='grc' dir='ltr'><strong>οὖν,</strong></span> <span class='ocrx_word' id='word_1_441' title='bbox 2183 1979 2259 2050; x_wconf 86' lang='grc' dir='ltr'><strong>μή</strong></span> <span class='ocrx_word' id='word_1_442' title='bbox 2291 1996 2423 2033; x_wconf 86' lang='grc' dir='ltr'><strong>ποτε</strong></span> <span class='ocrx_word' id='word_1_443' title='bbox 2454 1980 2699 2049; x_wconf 80' lang='grc' dir='ltr'><strong>εἴπωμεν</strong></span> <span class='ocrx_word' id='word_1_444' title='bbox 2727 1978 2851 2032; x_wconf 88' lang='grc' dir='ltr'><strong>τότε</strong></span> <span class='ocrx_word' id='word_1_445' title='bbox 2880 1994 2896 2010; x_wconf 78' lang='grc' dir='ltr'><strong>ο</strong></span> <span class='ocrx_word' id='word_1_446' title='bbox 2947 1979 3149 2046; x_wconf 82' lang='grc' dir='ltr'><strong>Κύριε,</strong></span> <span class='ocrx_word' id='word_1_447' title='bbox 3173 1978 3318 2031; x_wconf 75' lang='grc' dir='ltr'><strong>πότε</strong></span> <span class='ocrx_word' id='word_1_448' title='bbox 3341 1992 3416 2030; x_wconf 85' lang='grc' dir='ltr'><strong>σε</strong></span> <span class='ocrx_word' id='word_1_449' title='bbox 3438 1974 3597 2029; x_wconf 75' lang='grc' dir='ltr'><strong>είδο-</strong></span> 
     </span>
    </p>
   </div>
   <div class='ocr_carea' id='block_1_58' title="bbox 2013 2066 3596 2140">
    <p class='ocr_par' dir='ltr' id='par_1_58' title="bbox 2013 2066 3596 2140">
     <span class='ocr_line' id='line_1_59' title="bbox 2013 2066 3596 2140; baseline -0.001 -17"><span class='ocrx_word' id='word_1_450' title='bbox 2013 2086 2128 2140; x_wconf 79' lang='grc' dir='ltr'><strong>μεν</strong></span> <span class='ocrx_word' id='word_1_451' title='bbox 2175 2067 2495 2134; x_wconf 81' lang='grc' dir='ltr'><strong>πεινῶντα,</strong></span> <span class='ocrx_word' id='word_1_452' title='bbox 2525 2069 2625 2123; x_wconf 79' lang='grc' dir='ltr'><strong>καί</strong></span> <span class='ocrx_word' id='word_1_453' title='bbox 2675 2071 2787 2123; x_wconf 84' lang='grc' dir='ltr'><strong>οὐκ</strong></span> <span class='ocrx_word' id='word_1_454' title='bbox 2843 2066 3219 2138; x_wconf 76' lang='grc' dir='ltr'><strong>ἐθρέψαμεν;</strong></span> <span class='ocrx_word' id='word_1_455' title='bbox 3276 2066 3387 2121; x_wconf 86' lang='grc' dir='ltr'><strong>Νῦν</strong></span> <span class='ocrx_word' id='word_1_456' title='bbox 3430 2066 3596 2121; x_wconf 81' lang='grc' dir='ltr'><strong>αὑτὸν</strong></span> 
     </span>
    </p>
   </div>
   <div class='ocr_carea' id='block_1_59' title="bbox 2018 2153 3596 2228">
    <p class='ocr_par' dir='ltr' id='par_1_59' title="bbox 2018 2153 3596 2228">
     <span class='ocr_line' id='line_1_60' title="bbox 2018 2153 3596 2228; baseline -0.003 -17"><span class='ocrx_word' id='word_1_457' title='bbox 2018 2158 2330 2228; x_wconf 81' lang='grc' dir='ltr'><strong>θρέψωμεν,</strong></span> <span class='ocrx_word' id='word_1_458' title='bbox 2370 2156 2445 2228; x_wconf 83' lang='grc' dir='ltr'><strong>μὴ</strong></span> <span class='ocrx_word' id='word_1_459' title='bbox 2505 2158 2633 2227; x_wconf 85' lang='grc' dir='ltr'><strong>μίαν</strong></span> <span class='ocrx_word' id='word_1_460' title='bbox 2683 2157 2921 2227; x_wconf 81' lang='grc' dir='ltr'><strong>ἡμέραν,</strong></span> <span class='ocrx_word' id='word_1_461' title='bbox 2956 2157 3091 2227; x_wconf 84' lang='grc' dir='ltr'><strong>μηδὲ</strong></span> <span class='ocrx_word' id='word_1_462' title='bbox 3128 2154 3406 2224; x_wconf 91' lang='grc' dir='ltr'><strong>δευτέραν,</strong></span> <span class='ocrx_word' id='word_1_463' title='bbox 3461 2153 3596 2224; x_wconf 83' lang='grc' dir='ltr'><strong>μηδὲ</strong></span> 
     </span>
    </p>
   </div>
   <div class='ocr_carea' id='block_1_60' title="bbox 2016 2240 3595 2316">
    <p class='ocr_par' dir='ltr' id='par_1_60' title="bbox 2016 2240 3595 2316">
     <span class='ocr_line' id='line_1_61' title="bbox 2016 2240 3595 2316; baseline -0.002 -19"><span class='ocrx_word' id='word_1_464' title='bbox 2016 2246 2212 2316; x_wconf 84' lang='grc' dir='ltr'><strong>τρίτην</strong></span> <span class='ocrx_word' id='word_1_465' title='bbox 2243 2260 2261 2277; x_wconf 77' lang='grc' dir='ltr'><strong>ο</strong></span> <span class='ocrx_word' id='word_1_466' title='bbox 2306 2244 2736 2313; x_wconf 73' lang='grc' dir='ltr'><strong>Ἐλεημοσύναι</strong></span> <span class='ocrx_word' id='word_1_467' title='bbox 2764 2244 2906 2315; x_wconf 84' lang='grc' dir='ltr'><strong>γὰρ,</strong></span> <span class='ocrx_word' id='word_1_468' title='bbox 2934 2241 3090 2311; x_wconf 78' lang='grc' dir='ltr'><strong>φησὶ,</strong></span> <span class='ocrx_word' id='word_1_469' title='bbox 3121 2242 3220 2295; x_wconf 77' lang='grc' dir='ltr'><strong>καὶ</strong></span> <span class='ocrx_word' id='word_1_470' title='bbox 3248 2242 3484 2304; x_wconf 79' lang='grc' dir='ltr'><strong>πίστεις</strong></span> <span class='ocrx_word' id='word_1_471' title='bbox 3508 2240 3595 2309; x_wconf 82' lang='grc' dir='ltr'><strong>μὴ</strong></span> 
     </span>
    </p>
   </div>
   <div class='ocr_carea' id='block_1_61' title="bbox 2019 2326 3591 2399">
    <p class='ocr_par' dir='ltr' id='par_1_61' title="bbox 2019 2326 3591 2399">
     <span class='ocr_line' id='line_1_62' title="bbox 2019 2326 3591 2399; baseline -0.003 -14"><span class='ocrx_word' id='word_1_472' title='bbox 2019 2329 2432 2386; x_wconf 78' lang='grc' dir='ltr'><strong>ὲκλιπέτωσάν</strong></span> <span class='ocrx_word' id='word_1_473' title='bbox 2459 2348 2553 2385; x_wconf 89' lang='grc' dir='ltr'><strong>σε.</strong></span> <span class='ocrx_word' id='word_1_474' title='bbox 2584 2332 2697 2384; x_wconf 78' lang='grc' dir='ltr'><strong>Οὐκ</strong></span> <span class='ocrx_word' id='word_1_475' title='bbox 2731 2326 2882 2384; x_wconf 83' lang='grc' dir='ltr'><strong>εἶπεν</strong></span> <span class='ocrx_word' id='word_1_476' title='bbox 2905 2370 2921 2396; x_wconf 93' lang='grc'><strong>,</strong></span> <span class='ocrx_word' id='word_1_477' title='bbox 2950 2329 3135 2394; x_wconf 76' lang='grc' dir='ltr'><strong>’Δπαξ</strong></span> <span class='ocrx_word' id='word_1_478' title='bbox 3178 2330 3402 2399; x_wconf 89' lang='grc' dir='ltr'><strong>ποίησον</strong></span> <span class='ocrx_word' id='word_1_479' title='bbox 3427 2367 3442 2391; x_wconf 90' lang='grc'><strong>,</strong></span> <span class='ocrx_word' id='word_1_480' title='bbox 3469 2328 3591 2381; x_wconf 78' lang='grc' dir='ltr'><strong>οὐδὲ</strong></span> 
     </span>
    </p>
   </div>
   <div class='ocr_carea' id='block_1_62' title="bbox 2022 2414 3597 2493">
    <p class='ocr_par' dir='ltr' id='par_1_62' title="bbox 2022 2414 3597 2493">
     <span class='ocr_line' id='line_1_63' title="bbox 2022 2414 3597 2493; baseline -0.002 -20"><span class='ocrx_word' id='word_1_481' title='bbox 2022 2420 2276 2493; x_wconf 80' lang='grc' dir='ltr'><strong>δεύτερον</strong></span> <span class='ocrx_word' id='word_1_482' title='bbox 2312 2437 2328 2452; x_wconf 90' lang='grc'>·</span> <span class='ocrx_word' id='word_1_483' title='bbox 2363 2420 2487 2475; x_wconf 73' lang='grc' dir='ltr'><strong>ἐπεὶ</strong></span> <span class='ocrx_word' id='word_1_484' title='bbox 2520 2423 2575 2475; x_wconf 90' lang='grc' dir='ltr'><strong>αἱ</strong></span> <span class='ocrx_word' id='word_1_485' title='bbox 2611 2420 2870 2492; x_wconf 86' lang='grc' dir='ltr'><strong>παρθένοι</strong></span> <span class='ocrx_word' id='word_1_486' title='bbox 2924 2419 3104 2473; x_wconf 75' lang='grc' dir='ltr'><strong>ἔλαιον</strong></span> <span class='ocrx_word' id='word_1_487' title='bbox 3153 2414 3331 2488; x_wconf 79' lang='grc' dir='ltr'><strong>εἶχον,</strong></span> <span class='ocrx_word' id='word_1_488' title='bbox 3382 2416 3497 2470; x_wconf 85' lang='grc' dir='ltr'><strong>ἀλλ’</strong></span> <span class='ocrx_word' id='word_1_489' title='bbox 3535 2417 3597 2472; x_wconf 78' lang='grc' dir='ltr'><strong>οὐ</strong></span> 
     </span>
    </p>
   </div>
   <div class='ocr_carea' id='block_1_63' title="bbox 2021 2504 3601 2581">
    <p class='ocr_par' dir='ltr' id='par_1_63' title="bbox 2021 2504 3601 2581">
     <span class='ocr_line' id='line_1_64' title="bbox 2021 2504 3601 2581; baseline -0.003 -19"><span class='ocrx_word' id='word_1_490' title='bbox 2021 2509 2264 2581; x_wconf 86' lang='grc' dir='ltr'><strong>διαρκές.</strong></span> <span class='ocrx_word' id='word_1_491' title='bbox 2306 2508 2471 2561; x_wconf 82' lang='grc' dir='ltr'><strong>Ὥστε</strong></span> <span class='ocrx_word' id='word_1_492' title='bbox 2507 2507 2702 2562; x_wconf 89' lang='grc' dir='ltr'><strong>πολλοῦ</strong></span> <span class='ocrx_word' id='word_1_493' title='bbox 2751 2509 2884 2579; x_wconf 82' lang='grc' dir='ltr'><strong>ἡμῖν</strong></span> <span class='ocrx_word' id='word_1_494' title='bbox 2919 2508 3002 2562; x_wconf 87' lang='grc' dir='ltr'><strong>δεῖ</strong></span> <span class='ocrx_word' id='word_1_495' title='bbox 3043 2505 3137 2560; x_wconf 88' lang='grc' dir='ltr'><strong>τοῦ</strong></span> <span class='ocrx_word' id='word_1_496' title='bbox 3169 2505 3374 2571; x_wconf 78' lang='grc' dir='ltr'><strong>ἐλαίου,</strong></span> <span class='ocrx_word' id='word_1_497' title='bbox 3402 2504 3498 2559; x_wconf 78' lang='grc' dir='ltr'><strong>καὶ</strong></span> <span class='ocrx_word' id='word_1_498' title='bbox 3522 2504 3601 2566; x_wconf 83' lang='grc' dir='ltr'><strong>ὡς</strong></span> 
     </span>
    </p>
   </div>
   <div class='ocr_carea' id='block_1_64' title="bbox 2024 2589 3600 2667">
    <p class='ocr_par' dir='ltr' id='par_1_64' title="bbox 2024 2589 3600 2667">
     <span class='ocr_line' id='line_1_65' title="bbox 2024 2589 3600 2667; baseline -0.004 -17"><span class='ocrx_word' id='word_1_499' title='bbox 2024 2597 2212 2650; x_wconf 75' lang='grc' dir='ltr'><strong>ἐλαίαν</strong></span> <span class='ocrx_word' id='word_1_500' title='bbox 2262 2597 2412 2667; x_wconf 80' lang='grc' dir='ltr'><strong>ἡμᾶς</strong></span> <span class='ocrx_word' id='word_1_501' title='bbox 2457 2591 2594 2649; x_wconf 77' lang='grc' dir='ltr'><strong>εἶναι</strong></span> <span class='ocrx_word' id='word_1_502' title='bbox 2639 2594 2994 2666; x_wconf 83' lang='grc' dir='ltr'><strong>κατάκαρπον</strong></span> <span class='ocrx_word' id='word_1_503' title='bbox 3030 2594 3110 2647; x_wconf 80' lang='grc' dir='ltr'><strong>δεῖ</strong></span> <span class='ocrx_word' id='word_1_504' title='bbox 3136 2594 3196 2646; x_wconf 80' lang='grc' dir='ltr'><strong>ὲν</strong></span> <span class='ocrx_word' id='word_1_505' title='bbox 3231 2592 3312 2663; x_wconf 82' lang='grc' dir='ltr'><strong>τῷ</strong></span> <span class='ocrx_word' id='word_1_506' title='bbox 3339 2592 3474 2663; x_wconf 71' lang='grc' dir='ltr'><strong>οἴκῳ</strong></span> <span class='ocrx_word' id='word_1_507' title='bbox 3505 2589 3600 2644; x_wconf 86' lang='grc' dir='ltr'><strong>τοῦ</strong></span> 
     </span>
    </p>
   </div>
   <div class='ocr_carea' id='block_1_65' title="bbox 2024 2679 3603 2756">
    <p class='ocr_par' dir='ltr' id='par_1_65' title="bbox 2024 2679 3603 2756">
     <span class='ocr_line' id='line_1_66' title="bbox 2024 2679 3603 2756; baseline -0.004 -18"><span class='ocrx_word' id='word_1_508' title='bbox 2024 2684 2184 2739; x_wconf 85' lang='grc' dir='ltr'><strong>Θεοῦ.</strong></span> <span class='ocrx_word' id='word_1_509' title='bbox 2232 2685 2605 2756; x_wconf 78' lang='grc' dir='ltr'><strong>Ἐννοήσωμεν</strong></span> <span class='ocrx_word' id='word_1_510' title='bbox 2632 2679 2726 2737; x_wconf 76' lang='grc' dir='ltr'><strong>οὖν</strong></span> <span class='ocrx_word' id='word_1_511' title='bbox 2752 2684 2852 2737; x_wconf 82' lang='grc' dir='ltr'><strong>ὅσα</strong></span> <span class='ocrx_word' id='word_1_512' title='bbox 2883 2686 2916 2754; x_wconf 82' lang='grc' dir='ltr'>ἡ</span> <span class='ocrx_word' id='word_1_513' title='bbox 2926 2682 3043 2753; x_wconf 89' lang='grc' dir='ltr'><strong>μῶν</strong></span> <span class='ocrx_word' id='word_1_514' title='bbox 3064 2681 3293 2745; x_wconf 72' lang='grc' dir='ltr'><strong>ἕκαστος</strong></span> <span class='ocrx_word' id='word_1_515' title='bbox 3322 2679 3437 2751; x_wconf 78' lang='grc' dir='ltr'><strong>ἔχει</strong></span> <span class='ocrx_word' id='word_1_516' title='bbox 3469 2696 3603 2755; x_wconf 86' lang='grc' dir='ltr'><strong>φορ-</strong></span> 
     </span>
    </p>
   </div>
   <div class='ocr_carea' id='block_1_66' title="bbox 2025 2770 3603 2845">
    <p class='ocr_par' dir='ltr' id='par_1_66' title="bbox 2025 2770 3603 2845">
     <span class='ocr_line' id='line_1_67' title="bbox 2025 2770 3603 2845; baseline -0.004 -17"><span class='ocrx_word' id='word_1_517' title='bbox 2025 2775 2118 2828; x_wconf 86' lang='grc' dir='ltr'><strong>τία</strong></span> <span class='ocrx_word' id='word_1_518' title='bbox 2157 2774 2592 2845; x_wconf 84' lang='grc' dir='ltr'><strong>ἁμαρτημάτων,</strong></span> <span class='ocrx_word' id='word_1_519' title='bbox 2621 2772 2716 2826; x_wconf 79' lang='grc' dir='ltr'><strong>καὶ</strong></span> <span class='ocrx_word' id='word_1_520' title='bbox 2747 2772 3109 2844; x_wconf 79' lang='grc' dir='ltr'><strong>ἀντιρρόπους</strong></span> <span class='ocrx_word' id='word_1_521' title='bbox 3156 2770 3473 2842; x_wconf 87' lang='grc' dir='ltr'><strong>ποιήσωμεν</strong></span> <span class='ocrx_word' id='word_1_522' title='bbox 3501 2770 3603 2839; x_wconf 71' lang='grc' dir='ltr'><strong>τὰς</strong></span> 
     </span>
    </p>
   </div>
   <div class='ocr_carea' id='block_1_67' title="bbox 2028 2857 3603 2932">
    <p class='ocr_par' dir='ltr' id='par_1_67' title="bbox 2028 2857 3603 2932">
     <span class='ocr_line' id='line_1_68' title="bbox 2028 2857 3603 2932; baseline -0.003 -18"><span class='ocrx_word' id='word_1_523' title='bbox 2028 2859 2464 2932; x_wconf 86' lang='grc' dir='ltr'><strong>φιλανθρωπίας,</strong></span> <span class='ocrx_word' id='word_1_524' title='bbox 2500 2860 2699 2931; x_wconf 83' lang='grc' dir='ltr'><strong>μᾶλλον</strong></span> <span class='ocrx_word' id='word_1_525' title='bbox 2727 2860 2784 2914; x_wconf 84' lang='grc' dir='ltr'><strong>δὲ</strong></span> <span class='ocrx_word' id='word_1_526' title='bbox 2816 2860 2911 2913; x_wconf 78' lang='grc' dir='ltr'><strong>καὶ</strong></span> <span class='ocrx_word' id='word_1_527' title='bbox 2950 2857 3133 2929; x_wconf 87' lang='grc' dir='ltr'><strong>πολλῷ</strong></span> <span class='ocrx_word' id='word_1_528' title='bbox 3159 2857 3395 2921; x_wconf 88' lang='grc' dir='ltr'><strong>πλείους,</strong></span> <span class='ocrx_word' id='word_1_529' title='bbox 3422 2858 3507 2911; x_wconf 78' lang='grc' dir='ltr'><strong>ἵνα</strong></span> <span class='ocrx_word' id='word_1_530' title='bbox 3526 2857 3603 2929; x_wconf 79' lang='grc' dir='ltr'><strong>μὴ</strong></span> 
     </span>
    </p>
   </div>
   <div class='ocr_carea' id='block_1_68' title="bbox 2035 2944 3604 3019">
    <p class='ocr_par' dir='ltr' id='par_1_68' title="bbox 2035 2944 3604 3019">
     <span class='ocr_line' id='line_1_69' title="bbox 2035 2944 3604 3019; baseline -0.004 -18"><span class='ocrx_word' id='word_1_531' title='bbox 2035 2949 2195 3019; x_wconf 84' lang='grc' dir='ltr'><strong>μόνον</strong></span> <span class='ocrx_word' id='word_1_532' title='bbox 2221 2947 2522 3001; x_wconf 78' lang='grc' dir='ltr'><strong>σϐεσθῶσιν</strong></span> <span class='ocrx_word' id='word_1_533' title='bbox 2541 2949 2597 3001; x_wconf 80' lang='grc' dir='ltr'><strong>αἱ</strong></span> <span class='ocrx_word' id='word_1_534' title='bbox 2624 2947 2915 3019; x_wconf 86' lang='grc' dir='ltr'><strong>ἁμαρτίαι,</strong></span> <span class='ocrx_word' id='word_1_535' title='bbox 2946 2944 3059 2999; x_wconf 88' lang='grc' dir='ltr'><strong>ἀλλ’</strong></span> <span class='ocrx_word' id='word_1_536' title='bbox 3079 2944 3165 2999; x_wconf 79' lang='grc' dir='ltr'><strong>ἵνα</strong></span> <span class='ocrx_word' id='word_1_537' title='bbox 3183 2944 3281 2999; x_wconf 73' lang='grc' dir='ltr'><strong>καὶ</strong></span> <span class='ocrx_word' id='word_1_538' title='bbox 3300 2946 3381 3008; x_wconf 80' lang='grc' dir='ltr'><strong>είς</strong></span> <span class='ocrx_word' id='word_1_539' title='bbox 3400 2944 3604 2997; x_wconf 77' lang='grc' dir='ltr'><strong>δικαιο-</strong></span> 
     </span>
    </p>
   </div>
   <div class='ocr_carea' id='block_1_69' title="bbox 2032 3032 3603 3108">
    <p class='ocr_par' dir='ltr' id='par_1_69' title="bbox 2032 3032 3603 3108">
     <span class='ocr_line' id='line_1_70' title="bbox 2032 3032 3603 3108; baseline -0.003 -17"><span class='ocrx_word' id='word_1_540' title='bbox 2032 3036 2199 3108; x_wconf 85' lang='grc' dir='ltr'><strong>σύνην</strong></span> <span class='ocrx_word' id='word_1_541' title='bbox 2242 3037 2375 3107; x_wconf 80' lang='grc' dir='ltr'><strong>ἡμῖν</strong></span> <span class='ocrx_word' id='word_1_542' title='bbox 2420 3036 2743 3106; x_wconf 85' lang='grc' dir='ltr'><strong>λογισθῶσιν</strong></span> <span class='ocrx_word' id='word_1_543' title='bbox 2789 3037 2846 3090; x_wconf 91' lang='grc' dir='ltr'><strong>αἰ</strong></span> <span class='ocrx_word' id='word_1_544' title='bbox 2874 3034 3231 3090; x_wconf 85' lang='grc' dir='ltr'><strong>δικαιοσύναι.</strong></span> <span class='ocrx_word' id='word_1_545' title='bbox 3262 3034 3359 3087; x_wconf 78' lang='grc' dir='ltr'><strong>Ἂν</strong></span> <span class='ocrx_word' id='word_1_546' title='bbox 3382 3033 3492 3105; x_wconf 81' lang='grc' dir='ltr'><strong>γὰρ</strong></span> <span class='ocrx_word' id='word_1_547' title='bbox 3527 3032 3603 3104; x_wconf 81' lang='grc' dir='ltr'><strong>μὴ</strong></span> 
     </span>
    </p>
   </div>
   <div class='ocr_carea' id='block_1_70' title="bbox 2026 3119 3606 3194">
    <p class='ocr_par' dir='ltr' id='par_1_70' title="bbox 2026 3119 3606 3194">
     <span class='ocr_line' id='line_1_71' title="bbox 2026 3119 3606 3194; baseline -0.003 -17"><span class='ocrx_word' id='word_1_548' title='bbox 2026 3122 2268 3177; x_wconf 86' lang='grc' dir='ltr'><strong>τοσαῦτα</strong></span> <span class='ocrx_word' id='word_1_549' title='bbox 2394 3123 2464 3177; x_wconf 80' lang='grc' dir='ltr'><strong>τὰ</strong></span> <span class='ocrx_word' id='word_1_550' title='bbox 2500 3123 2701 3193; x_wconf 80' lang='grc' dir='ltr'><strong>ἀγαθὰ,</strong></span> <span class='ocrx_word' id='word_1_551' title='bbox 2727 3123 2803 3188; x_wconf 83' lang='grc' dir='ltr'><strong>ὡς</strong></span> <span class='ocrx_word' id='word_1_552' title='bbox 2831 3123 2925 3178; x_wconf 75' lang='grc' dir='ltr'><strong>καὶ</strong></span> <span class='ocrx_word' id='word_1_553' title='bbox 2963 3122 3033 3177; x_wconf 80' lang='grc' dir='ltr'><strong>τὰ</strong></span> <span class='ocrx_word' id='word_1_554' title='bbox 3067 3123 3387 3193; x_wconf 75' lang='grc' dir='ltr'><strong>ἐγκλήματα</strong></span> <span class='ocrx_word' id='word_1_555' title='bbox 3406 3120 3606 3175; x_wconf 87' lang='grc' dir='ltr'><strong>ἀποδύ-</strong></span> 
     </span>
    </p>
   </div>
   <div class='ocr_carea' id='block_1_71' title="bbox 2032 3209 3605 3281">
    <p class='ocr_par' dir='ltr' id='par_1_71' title="bbox 2032 3209 3605 3281">
     <span class='ocr_line' id='line_1_72' title="bbox 2032 3209 3605 3281; baseline -0.001 -18"><span class='ocrx_word' id='word_1_556' title='bbox 2032 3210 2249 3276; x_wconf 88' lang='grc' dir='ltr'><strong>σασθαι,</strong></span> <span class='ocrx_word' id='word_1_557' title='bbox 2280 3210 2375 3264; x_wconf 75' lang='grc' dir='ltr'><strong>καὶ</strong></span> <span class='ocrx_word' id='word_1_558' title='bbox 2420 3211 2485 3264; x_wconf 83' lang='grc' dir='ltr'><strong>ὲκ</strong></span> <span class='ocrx_word' id='word_1_559' title='bbox 2542 3211 2650 3264; x_wconf 88' lang='grc' dir='ltr'><strong>τῶν</strong></span> <span class='ocrx_word' id='word_1_560' title='bbox 2697 3210 3116 3281; x_wconf 83' lang='grc' dir='ltr'><strong>ὑποληφθέντων</strong></span> <span class='ocrx_word' id='word_1_561' title='bbox 3145 3212 3226 3275; x_wconf 90' lang='grc' dir='ltr'><strong>εἱς</strong></span> <span class='ocrx_word' id='word_1_562' title='bbox 3257 3209 3605 3279; x_wconf 82' lang='grc' dir='ltr'><strong>δικαιοσύνην</strong></span> 
     </span>
    </p>
   </div>
   <div class='ocr_carea' id='block_1_72' title="bbox 2030 3295 3605 3371">
    <p class='ocr_par' dir='ltr' id='par_1_72' title="bbox 2030 3295 3605 3371">
     <span class='ocr_line' id='line_1_73' title="bbox 2030 3295 3605 3371; baseline -0.001 -19"><span class='ocrx_word' id='word_1_563' title='bbox 2030 3300 2163 3370; x_wconf 66' lang='grc' dir='ltr'><strong>⁴ἡμῖν</strong></span> <span class='ocrx_word' id='word_1_564' title='bbox 2200 3298 2541 3369; x_wconf 79' lang='grc' dir='ltr'><strong>λογισθῆναι,</strong></span> <span class='ocrx_word' id='word_1_565' title='bbox 2564 3298 2740 3363; x_wconf 73' lang='grc' dir='ltr'><strong>οὐδεὶς</strong></span> <span class='ocrx_word' id='word_1_566' title='bbox 2760 3300 2908 3371; x_wconf 78' lang='grc' dir='ltr'><strong>ἡμᾶς</strong></span> <span class='ocrx_word' id='word_1_567' title='bbox 2940 3298 3286 3369; x_wconf 78' lang='grc' dir='ltr'><strong>ἐξαιρήσεται</strong></span> <span class='ocrx_word' id='word_1_568' title='bbox 3315 3297 3415 3369; x_wconf 84' lang='grc' dir='ltr'><strong>τῆς</strong></span> <span class='ocrx_word' id='word_1_569' title='bbox 3443 3295 3605 3351; x_wconf 81' lang='grc' dir='ltr'><strong>κολά-</strong></span> 
     </span>
    </p>
   </div>
   <div class='ocr_carea' id='block_1_73' title="bbox 2032 3380 3602 3457">
    <p class='ocr_par' dir='ltr' id='par_1_73' title="bbox 2032 3380 3602 3457">
     <span class='ocr_line' id='line_1_74' title="bbox 2032 3380 3602 3457; baseline -0.002 -18"><span class='ocrx_word' id='word_1_570' title='bbox 2032 3403 2171 3450; x_wconf 88' lang='grc' dir='ltr'><strong>σεως</strong></span> <span class='ocrx_word' id='word_1_571' title='bbox 2203 3401 2218 3416; x_wconf 87' lang='grc'><strong>·</strong></span> <span class='ocrx_word' id='word_1_572' title='bbox 2243 3380 2313 3457; x_wconf 74' lang='grc' dir='ltr'><strong>ἧς</strong></span> <span class='ocrx_word' id='word_1_573' title='bbox 2330 3385 2541 3455; x_wconf 84' lang='grc' dir='ltr'><strong>γένοιτο</strong></span> <span class='ocrx_word' id='word_1_574' title='bbox 2576 3386 2788 3450; x_wconf 89' lang='grc' dir='ltr'><strong>πάντας</strong></span> <span class='ocrx_word' id='word_1_575' title='bbox 2817 3387 2964 3457; x_wconf 80' lang='grc' dir='ltr'><strong>ἡμᾶς</strong></span> <span class='ocrx_word' id='word_1_576' title='bbox 2984 3384 3386 3457; x_wconf 84' lang='grc' dir='ltr'><strong>ἀπαλλαγῆναι,</strong></span> <span class='ocrx_word' id='word_1_577' title='bbox 3417 3384 3602 3455; x_wconf 87' lang='grc' dir='ltr'><strong>χάριτι</strong></span> 
     </span>
    </p>
   </div>
   <div class='ocr_carea' id='block_1_74' title="bbox 2029 3468 3606 3545">
    <p class='ocr_par' dir='ltr' id='par_1_74' title="bbox 2029 3468 3606 3545">
     <span class='ocr_line' id='line_1_75' title="bbox 2029 3468 3606 3545; baseline -0.003 -16"><span class='ocrx_word' id='word_1_578' title='bbox 2029 3472 2125 3529; x_wconf 64' lang='grc' dir='ltr'><strong>καὶ</strong></span> <span class='ocrx_word' id='word_1_579' title='bbox 2137 3472 2512 3545; x_wconf 74' lang='grc' dir='ltr'><strong>φιλανθρωπίᾳ</strong></span> <span class='ocrx_word' id='word_1_580' title='bbox 2526 3472 2615 3527; x_wconf 87' lang='grc' dir='ltr'><strong>τοῦ</strong></span> <span class='ocrx_word' id='word_1_581' title='bbox 2632 3474 2835 3545; x_wconf 83' lang='grc' dir='ltr'><strong>Κυρίου</strong></span> <span class='ocrx_word' id='word_1_582' title='bbox 2850 3474 3006 3545; x_wconf 81' lang='grc' dir='ltr'><strong>ἡμῶν</strong></span> <span class='ocrx_word' id='word_1_583' title='bbox 3020 3472 3194 3544; x_wconf 88' lang='grc' dir='ltr'><strong>Ἰησοῦ</strong></span> <span class='ocrx_word' id='word_1_584' title='bbox 3206 3471 3465 3544; x_wconf 82' lang='grc' dir='ltr'><strong>Χριστοῦ,</strong></span> <span class='ocrx_word' id='word_1_585' title='bbox 3484 3468 3606 3542; x_wconf 82' lang='grc' dir='ltr'><strong>μεθ’</strong></span> 
     </span>
    </p>
   </div>
   <div class='ocr_carea' id='block_1_75' title="bbox 2029 3558 3534 3634">
    <p class='ocr_par' dir='ltr' id='par_1_75' title="bbox 2029 3558 3534 3634">
     <span class='ocr_line' id='line_1_76' title="bbox 2029 3558 3534 3634; baseline -0.003 -16"><span class='ocrx_word' id='word_1_586' title='bbox 2029 3558 2090 3621; x_wconf 75' lang='grc' dir='ltr'><strong>οὗ</strong></span> <span class='ocrx_word' id='word_1_587' title='bbox 2111 3562 2188 3633; x_wconf 81' lang='grc' dir='ltr'><strong>τῷ</strong></span> <span class='ocrx_word' id='word_1_588' title='bbox 2211 3562 2386 3634; x_wconf 78' lang='grc' dir='ltr'><strong>Πατρὶ</strong></span> <span class='ocrx_word' id='word_1_589' title='bbox 2407 3561 2523 3634; x_wconf 77' lang='grc' dir='ltr'><strong>ἃμα</strong></span> <span class='ocrx_word' id='word_1_590' title='bbox 2546 3562 2624 3634; x_wconf 82' lang='grc' dir='ltr'><strong>τῷ</strong></span> <span class='ocrx_word' id='word_1_591' title='bbox 2649 3561 2788 3634; x_wconf 81' lang='grc' dir='ltr'><strong>ἁγίῳ</strong></span> <span class='ocrx_word' id='word_1_592' title='bbox 2818 3562 3095 3633; x_wconf 83' lang='grc' dir='ltr'><strong>Πνεύματι</strong></span> <span class='ocrx_word' id='word_1_593' title='bbox 3120 3602 3136 3631; x_wconf 89' lang='grc'><strong>,</strong></span> <span class='ocrx_word' id='word_1_594' title='bbox 3163 3560 3259 3617; x_wconf 59' lang='grc' dir='ltr'><strong>καίΙ</strong></span> <span class='ocrx_word' id='word_1_595' title='bbox 3288 3560 3357 3615; x_wconf 87' lang='grc' dir='ltr'><strong>τὰ</strong></span> <span class='ocrx_word' id='word_1_596' title='bbox 3385 3560 3534 3630; x_wconf 74' lang='grc' dir='ltr'><strong>ἑξῆς.</strong></span> 
     </span>
    </p>
   </div>
  </div>
