4100 6412
491 320 603 377 173

485 436 609 490 dem
656 434 1021 503 defensionis,
1070 451 1133 492 ac
1187 438 1515 495 liberationis
1558 449 1801 512 tempore
1844 439 2067 496 minime

484 527 721 583 adfuisse
749 527 1086 584 Timotheum
1120 540 1329 584 constat
1357 548 1370 584 :
1400 531 1571 602 inquit
1598 531 1772 598 enim,
1805 531 1871 586 In
1901 533 2066 602 prima

484 637 594 674 mea
620 621 908 689 defensione
934 637 1080 676 nemo
1108 623 1232 676 mihi
1262 623 1445 694 adfuit.
1474 622 1638 695 quue
1666 624 1900 680 ostendit
1928 623 2063 678 scri-

485 712 615 766 bens
649 713 726 766 sic
752 728 765 764 :
795 728 902 766 non
940 713 1082 767 enim
1114 713 1188 767 illi
1220 729 1317 783 per
1346 714 1527 769 literas
1553 714 1888 780 nuntiasset,
1920 715 2062 786 quod

483 812 666 856 notum
695 803 790 872 ipsi
819 818 939 858 esse
962 804 1140 859 sciret.
1166 804 1282 872 Quo
1304 813 1480 861 autem
1508 815 1749 876 tempore
1774 808 1911 862 hanc
1930 808 2065 863 seria

484 894 639 949 bebat
660 895 962 965 epistolam,
986 895 1300 951 Timotheus
1326 912 1429 952 una
1450 911 1629 953 secum
1652 898 1839 953 aderat
1862 915 1877 954 :
1903 898 2062 968 idque

483 988 661 1043 verbis
707 988 823 1043 istis
868 987 1103 1043 ostendit
1129 1006 1144 1044 :
1173 989 1338 1057 Spero
1376 998 1545 1043 autem
1586 990 1641 1044 in
1680 990 1894 1044 Domino
1932 991 2060 1045 Jesu

484 1072 798 1133 Timotheum
832 1096 910 1132 me
947 1081 1046 1133 cito
1087 1080 1279 1134 mittere
1315 1080 1383 1133 ad
1421 1096 1543 1146 vos;
1572 1090 1627 1135 et
1656 1096 1875 1145 rursus,
1909 1081 2061 1135 Hunc

480 1172 637 1240 igitur
658 1188 804 1240 spero
835 1188 912 1224 me
939 1172 1038 1224 cito
1065 1172 1260 1225 mittere
1283 1173 1350 1224 ad
1378 1188 1480 1235 vos,
1510 1186 1628 1227 mox
1652 1183 1702 1227 ut
1728 1173 1917 1237 videro,
1946 1188 2060 1242 qua:

479 1263 613 1315 circa
656 1280 733 1316 me
760 1273 872 1315 sunt
899 1263 917 1333 (
953 1262 1180 1333 Philipp.
1209 1262 1264 1317 2.
1299 1263 1384 1319 19.
1417 1263 1488 1318 εδ
1510 1263 1556 1333 ).
1587 1265 1629 1319 Ε
1658 1265 1882 1320 vinculis
1911 1268 2056 1324 enim

477 1352 729 1407 dimissus
758 1362 873 1419 est;
909 1363 1069 1422 atque
1099 1354 1150 1407 in
1181 1368 1265 1419 ea,
1300 1365 1576 1425 postquam
1606 1354 1674 1409 ad
1704 1355 1850 1425 ipsos
1874 1357 2055 1412 venis-

477 1453 597 1509 set,
631 1456 817 1498 rursus
859 1445 1154 1514 conjectus.
1201 1445 1353 1513 Quod
1397 1448 1538 1501 enim
1581 1447 1787 1517 inquit,
1823 1447 1931 1504 Sed
1963 1449 2056 1503 etsi

473 1535 709 1589 immolor
748 1554 905 1607 supra
942 1538 1250 1605 sacriﬁcium
1272 1579 1288 1606 ,
1321 1548 1367 1591 et
1404 1538 1691 1608 obsequium
1726 1541 1848 1609 ﬁdei
1878 1551 2055 1596 vestra:

472 1626 492 1698 (
525 1625 655 1680 Ibid.
680 1640 727 1680 v.
764 1629 828 1682 17
858 1628 906 1698 );
937 1644 1041 1683 non
1092 1629 1160 1682 ita
1202 1629 1360 1694 dicit,
1389 1631 1540 1699 quasi
1572 1646 1712 1685 nunc
1738 1630 1926 1697 ﬁeret;
1953 1632 2051 1689 sed

470 1720 731 1785 Quoniam
773 1721 817 1775 si
856 1722 905 1775 id
942 1722 1190 1787 eveniat,
1231 1731 1286 1777 et
1322 1723 1767 1794 quandocumque
1801 1727 2046 1795 eveniat,

469 1810 697 1878 gaudeo,
724 1810 914 1882 inquit,
937 1813 1182 1867 revelans
1204 1813 1322 1867 illos
1345 1826 1596 1882 mwrore,
1615 1822 1772 1884 quem
1794 1832 1859 1870 ex
1882 1817 2049 1886 ipsius

469 1903 696 1957 vinculis
719 1918 1078 1973 conceperant
1106 1922 1120 1959 :
1149 1920 1288 1960 nunc
1312 1908 1453 1960 enim
1483 1922 1587 1961 non
1620 1916 1846 1963 mortem
1872 1910 2048 1965 obitu-

467 2010 583 2049 rum
620 1995 781 2050 fuisse
802 2038 816 2060 ,
849 2012 915 2051 ex
958 1995 1065 2050 illis
1094 1997 1271 2053 verbis
1312 2000 1649 2069 perspicuum
1681 2013 1801 2056 est:
1830 2001 2044 2073 Conﬁdo

466 2096 632 2139 autent
661 2086 713 2140 in
739 2086 979 2154 Domino,
1010 2088 1250 2157 quoniam
1274 2098 1321 2143 et
1348 2090 1455 2158 ipse
1478 2092 1674 2145 veniam
1699 2093 1768 2146 ad
1790 2111 1877 2149 vos
1904 2094 2000 2149 cito
2021 2114 2043 2162 ,-

462 2189 515 2229 et
547 2192 730 2231 rursus
750 2220 765 2243 ,
807 2177 869 2231 Et
905 2179 999 2233 hoc
1026 2176 1285 2246 conlidens
1308 2182 1412 2234 scio
1438 2183 1558 2251 quia
1582 2184 1790 2238 manebo
1812 2227 1827 2249 ,
1856 2195 1904 2239 et
1929 2203 2047 2247 per-

462 2270 670 2324 manebo
696 2271 924 2326 omnibus
950 2273 1086 2325 vobis
1110 2272 1365 2344 (Philipp.
1393 2274 1449 2327 2.
1475 2274 1564 2329 24.
1595 2286 1641 2329 et
1668 2279 1715 2331 1.
1742 2277 1855 2348 ‘25).
1885 2278 2043 2333 Mise-

458 2373 578 2416 rant
619 2374 795 2417 autem
822 2363 886 2417 ad
916 2379 1038 2418 eum
1069 2365 1436 2435 Philippenses
1466 2368 1885 2438 Epaphroditum
1906 2413 1920 2437 ,
1948 2374 2038 2443 qui

458 2455 712 2521 pecunias
751 2454 816 2506 ad
862 2454 1032 2522 ipsum
1077 2454 1327 2522 afferret,
1372 2468 1425 2511 et
1464 2474 1569 2528 quo
1609 2458 1728 2514 loco
1757 2476 1842 2515 res
1874 2463 2039 2532 ipsius

455 2555 635 2600 essent
676 2557 1023 2615 cognosceret
1066 2564 1079 2600 :
1127 2563 1247 2601 nam
1308 2559 1646 2617 peramanter
1688 2554 1865 2608 allecti
1909 2571 2033 2626 erga

456 2638 600 2692 illum
632 2650 801 2693 erant.
841 2640 991 2707 Quod
1022 2640 1164 2695 enim
1192 2641 1259 2695 ab
1286 2642 1389 2696 illis
1418 2645 1611 2698 missus
1641 2646 2034 2716 Epaphroditus

455 2728 648 2793 fuerit,
675 2730 794 2784 andi
827 2732 996 2799 ipsum
1025 2732 1286 2787 dicentem
1315 2753 1327 2788 :
1359 2734 1531 2789 Habeo
1562 2747 1728 2791 autem
1754 2742 1955 2806 onmia,
1989 2753 2037 2798 et

452 2820 654 2873 abundo
677 2860 691 2881 ,
731 2822 953 2889 repletus
992 2839 1102 2876 sum
1127 2862 1143 2888 ,
1187 2826 1404 2892 acceptis
1444 2825 1504 2879 ab
1543 2827 1894 2899 Epaphrodito
1921 2850 2035 2904 qua:

452 2904 658 2962 misistis
682 2907 953 2983 (Philipp.
984 2914 1037 2967 4.
1071 2910 1194 2984 18).
1228 2914 1308 2969 Ob
1339 2916 1472 2971 hanc
1502 2919 1660 2988 igitur
1684 2936 1897 2977 causam
1929 2926 2032 2979 mi-

451 3014 652 3068 serant,
684 3014 739 3056 ut
767 3013 821 3058 et
845 3006 993 3059 illum
1023 3008 1449 3075 consolarentur,
1475 3022 1531 3066 et
1557 3028 1644 3067 res
1672 3014 1811 3070 illius
1836 3030 2031 3087 cogno-

449 3102 682 3148 scerent.
710 3094 841 3149 Nam
869 3097 1009 3165 quod
1037 3107 1091 3152 et
1115 3098 1216 3153 hoc
1238 3102 1501 3171 cognituri
1531 3105 1811 3174 miserint,
1830 3108 1880 3163 in
1915 3114 2032 3181 ipso

449 3184 627 3238 statim
659 3185 900 3255 epistolae
930 3187 1083 3243 initio
1109 3190 1361 3259 ostendit,
1390 3192 1458 3248 de
1482 3209 1580 3250 suo
1605 3205 1745 3251 statu
1767 3200 2026 3266 scribens,

447 3294 509 3328 ac
548 3277 733 3332 dicens
764 3297 777 3333 :
817 3279 961 3333 Scire
1001 3290 1168 3335 autem
1196 3299 1282 3338 vos
1317 3286 1431 3339 volo
1454 3327 1469 3352 ,
1496 3288 1615 3356 quia
1648 3308 1759 3358 qua:
1784 3293 1921 3347 circa
1952 3312 2030 3350 me

446 3380 588 3433 sunt,
627 3371 785 3441 magis
809 3371 877 3425 ad
900 3377 1178 3444 profectum
1207 3386 1447 3431 venerunt
1472 3381 1716 3451 evangelii
1741 3384 1758 3455 (
1786 3382 2024 3456 Philipp.

447 3463 500 3516 1.
530 3461 597 3515 12
619 3463 662 3531 );
690 3471 747 3517 et
787 3478 973 3519 rursus
996 3506 1012 3533 ,
1056 3464 1223 3536 Spera
1254 3479 1421 3522 autent
1460 3469 1774 3527 Timotheum
1812 3492 1893 3530 me
1927 3479 2028 3532 cito

444 3554 640 3607 mittere
668 3554 735 3607 ad
764 3571 871 3619 vos,
899 3566 956 3609 ut
984 3566 1032 3611 et
1058 3574 1149 3629 ego
1180 3557 1309 3613 bono
1335 3562 1505 3616 animo
1533 3564 1648 3628 sim,
1674 3568 1888 3638 cognitis
1912 3586 2027 3637 qua:

443 3646 577 3697 circa
602 3660 687 3698 vos
717 3655 831 3700 sunt
855 3648 872 3716 (
896 3645 1129 3717 Philipp.
1159 3648 1214 3702 2.
1246 3650 1376 3719 19).
1415 3652 1481 3707 Ut
1506 3664 1553 3708 et
1578 3672 1669 3725 ego
1691 3698 1706 3721 ,
1746 3660 2029 3728 perspicue

445 3736 545 3790 hoc
569 3735 832 3806 signiﬁcat
856 3754 870 3791 :
895 3747 956 3792 ut
981 3740 1429 3808 quemadmodum
1457 3760 1573 3812 vos,
1602 3763 1708 3815 quo
1734 3750 1882 3804 vobis
1909 3754 2024 3806 ani-

443 3844 591 3882 mum
616 3829 922 3897 expleretis,
952 3833 1175 3887 misistis
1201 3835 1267 3889 ad
1299 3851 1415 3890 mea
1440 3842 1809 3909 cognoscenda
1836 3863 1847 3896 :
1877 3845 1942 3899 ita
1968 3856 2024 3902 et

442 3934 542 3987 ego
566 3960 580 3983 ,
617 3918 681 3973 Ut
709 3921 837 3973 bona
866 3920 1035 3976 animo
1061 3924 1157 3977 sim
1181 3965 1196 3989 ,
1224 3927 1436 3996 cognitis
1464 3945 1578 3996 qum
1605 3932 1739 3985 circa
1767 3950 1853 3987 vos
1882 3948 2018 3992 sunt.

442 4010 704 4076 Quoniam
743 4012 899 4081 igitur
922 4026 1042 4067 cum
1078 4014 1237 4085 longo
1257 4017 1366 4084 jam
1398 4019 1676 4075 intervallo
1702 4041 1807 4078 non
1841 4028 2016 4082 misis-

444 4113 583 4165 Scnt,
613 4103 706 4157 sed
740 4113 863 4159 tunc
893 4105 1148 4160 miserant
1173 4109 1246 4177 (id
1275 4111 1416 4164 enim
1447 4112 1644 4168 indicat
1673 4116 1772 4171 illis
1801 4120 1975 4173 verbis
2001 4163 2016 4188 ,

439 4176 694 4257 Quoniam
729 4195 931 4249 tandem
969 4197 1244 4267 aliquando
1280 4202 1578 4269 reﬂoruistis
1617 4223 1709 4272 pro
1733 4225 1810 4261 me
1836 4213 2021 4265 sentire

441 4285 699 4357 [Philipp.
728 4288 781 4342 4.
812 4287 923 4360 12])
947 4306 962 4354 ;
990 4291 1383 4362 audiebantque
1408 4304 1535 4351 tunc
1566 4299 1733 4366 ipsum
1762 4301 1811 4354 in
1836 4304 2018 4358 vincu-

440 4380 505 4432 lis
542 4394 662 4434 esse
691 4378 847 4451 (nam
874 4382 919 4435 si
948 4381 1015 4436 de
1044 4382 1392 4452 Epaphroditi
1424 4390 1556 4442 mala
1589 4392 1889 4449 valetudine
1918 4413 2015 4451 au-

438 4469 667 4530 dierant,
687 4470 916 4525 hominis
932 4487 1036 4526 non
1059 4473 1213 4528 valde
1229 4476 1381 4541 clari,
1398 4479 1569 4547 qualis
1589 4481 1802 4550 quidem
1825 4485 2016 4543 Paulus

438 4569 555 4614 erat
578 4602 591 4623 ,
633 4563 797 4617 multo
826 4565 993 4634 magis
1021 4564 1088 4620 de
1114 4565 1348 4634 Paulo);
1376 4579 1429 4623 et
1458 4583 1868 4631 consentaneum
1901 4593 2017 4636 erat

441 4653 585 4721 ipsos
609 4655 908 4721 perturbari
928 4672 942 4721 ;
962 4655 1163 4713 idcirco
1181 4659 1231 4714 in
1255 4661 1492 4729 cpistola;
1511 4668 1772 4732 prommio
1796 4671 2013 4727 multam

443 4743 645 4798 inducit
684 4748 1103 4803 consolationem
1146 4766 1242 4818 pro
1271 4750 1399 4821 ipsis
1424 4753 1534 4808 suis
1563 4757 1805 4823 vinculis,
1836 4770 2017 4817 osten-

437 4835 569 4888 dens
597 4844 800 4891 tantum
830 4837 1020 4894 abesse
1045 4881 1060 4905 ,
1088 4848 1147 4894 ut
1179 4842 1300 4897 inde
1326 4845 1619 4912 perturbari
1649 4860 1927 4917 oporteat,
1961 4864 2017 4909 ut

436 4926 774 4995 gaudendum
807 4928 978 4996 potius
1008 4931 1095 4984 sit.
1130 4931 1331 4988 Deinde
1358 4937 1637 4991 consilium
1668 4940 1771 4994 illis
1799 4943 1927 5009 dat,
1960 4954 2018 4999 ut

437 5020 598 5073 etiam
624 5019 963 5074 concordiam
990 5030 1152 5090 atque
1178 5022 1527 5082 humilitatem
1552 5031 1751 5099 colant,
1782 5032 1885 5089 hoc
1910 5035 2017 5091 illis

437 5110 762 5163 tutissimum
787 5125 908 5165 esse
931 5113 1231 5180 prmsidinm
1256 5114 1478 5183 docens,
1501 5128 1660 5190 atque
1687 5122 1785 5177 hac
1811 5124 2015 5181 ratione

437 5201 593 5254 facile
633 5200 753 5256 illos
788 5202 1017 5258 inimicis
1052 5205 1162 5259 suis
1200 5208 1505 5275 superiores
1541 5211 1652 5266 ﬁeri
1694 5228 1870 5281 posse.
1897 5216 2012 5272 Non

440 5294 580 5346 enim
603 5292 907 5351 doctoribus
928 5297 1120 5352 vestris
1146 5299 1426 5354 molestum
1449 5311 1531 5357 est
1553 5304 1603 5357 in
1629 5304 1849 5361 vinculis
1870 5324 2010 5376 esse,

437 5382 530 5434 sed
556 5383 841 5453 discipulos
864 5386 1002 5439 inter
1019 5400 1077 5441 se
1099 5388 1317 5443 minime
1337 5392 1630 5447 concordes
1651 5395 1851 5452 videre.
1878 5398 2011 5455 lllud

436 5474 580 5529 enim
610 5476 688 5528 vel
716 5477 778 5529 ad
806 5477 1204 5546 provehendum
1228 5484 1559 5553 evangelium
1584 5486 1740 5551 facit;
1769 5487 1869 5544 hoc
1889 5507 2014 5547 vero

434 5567 503 5620 ad
528 5564 951 5623 disturbandum.

511 5656 565 5708 2.
594 5657 857 5723 Quomodo
886 5660 1081 5716 Paulus
1096 5663 1149 5716 in
1175 5665 1389 5733 epistola
1404 5682 1496 5720 sua
1524 5668 1777 5735 procedat.
1805 5670 2036 5739 Ιηιίιίρ-Δ

435 5748 669 5816 pensinm
699 5749 892 5804 tondes.
924 5782 995 5795 —
1024 5755 1155 5809 Ctun
1190 5756 1347 5827 igitur
1395 5757 1512 5813 illos
1551 5759 1615 5815 ad
1662 5764 2004 5820 concordiam

1154 320 1211 380 S.
1250 319 1526 381 JOANNIS
1560 318 2041 381 CHRYSOSTOMI-
2073 320 2386 380 ARCHIEP.
2428 324 2956 388 CONSTANTINOP.

3648 339 3752 398 180

2173 448 2318 494 esset
2367 441 2715 509 cohortatus,
2766 445 3105 501 concordiam
3156 463 3283 502 vero
3332 449 3396 503 ab
3448 451 3750 510 humilitate

2167 526 2431 596 proﬁcisci
2473 531 2778 599 docuisset,
2834 545 2993 605 atque
3041 538 3302 593 adversus
3350 540 3606 610 Judaros,
3656 545 3746 613 qui

2165 618 2630 678 Christianismum
2682 629 3110 694 praetendentes,
3140 631 3386 687 omnibus
3434 634 3606 689 modis
3650 637 3748 690 do-

2160 715 2328 783 gmati
2355 714 2681 783 ofﬁciebant,
2702 719 2940 773 invectus
2966 732 3304 788 e‘sset,canes
3332 739 3423 778 eos
3452 740 3648 783 vocans
3679 743 3747 784 ac

2165 806 2335 862 malos
2370 810 2679 879 operarios,
2730 821 2889 881 atque
2940 813 3006 868 ab
3050 813 3154 869 illis
3201 816 3574 872 abstinendum
3619 834 3743 878 esse

2163 896 2447 963 suasisset,
2475 907 2531 954 et
2558 900 2746 969 quibus
2791 903 2950 958 rebus
3003 904 3321 960 studendum
3366 921 3510 963 esset
3555 910 3745 967 admo-

2162 985 2396 1053 nuisset,
2442 990 2714 1059 multaqne
2757 991 3103 1048 disseruisset
3164 995 3231 1050 de
3282 997 3442 1054 rebus
3467 999 3531 1053 ad
3561 1016 3740 1058 mores

2164 1076 2586 1144 pertinentibus,
2635 1096 2837 1152 eosque
2888 1087 3279 1154 composuisset
3323 1103 3386 1142 ac
3441 1102 3739 1148 recreasset

2160 1168 2339 1223 verbis
2368 1170 2471 1224 illis
2496 1213 2510 1237 ,
2544 1170 2794 1227 Dominus
2822 1192 2978 1245 prope
3003 1186 3078 1230 est
3111 1176 3371 1248 (Philipp.
3396 1180 3448 1234 ι.
3479 1182 3534 1250 5)
3570 1200 3582 1235 :
3618 1194 3729 1239 tuin

2160 1275 2287 1313 vero
2312 1276 2372 1314 ea
2395 1302 2409 1326 ,
2442 1278 2560 1331 qua:
2593 1265 2763 1334 ipsum
2794 1266 3040 1333 decebat,
3073 1268 3351 1337 prudentia
3377 1276 3734 1330 rerumetiam

2157 1351 2222 1405 ad
2248 1366 2306 1407 se
2331 1353 2613 1408 missarum
2659 1359 2987 1413 mentionem
3017 1358 3169 1426 facit,
3202 1373 3360 1433 atque
3384 1365 3452 1418 ita
3486 1382 3735 1436 magnam

2156 1442 2311 1497 atl‘ert
2354 1447 2795 1503 consolationem.
2844 1447 3025 1506 Facile
3070 1461 3248 1509 autem
3300 1456 3732 1515 animadvertere

2156 1535 2283 1588 licet
2307 1534 2528 1590 Paulum
2557 1538 2608 1591 in
2640 1540 2925 1595 scribendo
2948 1541 3046 1597 hos
3073 1545 3407 1615 p0tissimum
3441 1548 3731 1608 honoriﬁce

2156 1635 2400 1693 tractare,
2431 1645 2529 1684 nec
2551 1631 2821 1701 quidpiam
2849 1649 3069 1705 usquam
3099 1636 3431 1709 interjicere,
3455 1644 3597 1712 quod
3632 1645 3730 1699 ob—

2146 1720 2398 1791 jurgandi
2443 1722 2547 1776 vim
2592 1722 2809 1778 habeat.
2860 1724 2974 1781 Hoc
3026 1742 3155 1783 vero
3204 1745 3452 1801 magnum
3508 1734 3722 1791 illorum

2151 1811 2361 1866 virtutis
2407 1826 2778 1883 argumentum
2831 1827 2948 1885 est,
3003 1815 3202 1876 nullam
3256 1822 3471 1881 dedisse
3522 1827 3728 1885 doctori

2148 1902 2487 1959 occasionem
2515 1904 2851 1977 obiurgandi,
2882 1911 3167 1983 omniaque
3191 1913 3257 1968 ad
3286 1930 3379 1971 eos
3408 1934 3510 1971 non
3544 1932 3727 1991 repre-

2148 1995 2452 2063 hensionis,
2487 1998 2580 2053 sed
2609 2002 2873 2056 suasionis
2897 2003 3057 2058 modo
3080 2020 3201 2062 esse
3228 2008 3448 2080 scripta.
3484 2010 3677 2067 Verum
3705 2056 3721 2080 ,

2146 2096 2207 2142 ut
2232 2098 2374 2143 nunc
2396 2090 2559 2143 etiam
2591 2102 2823 2161 repetam
2850 2094 2992 2165 quod
3020 2097 3170 2152 initio
3186 2097 3449 2167 dicebam,
3478 2121 3724 2175 magnam

2145 2178 2259 2236 haec
2271 2182 2455 2237 civitas
2472 2185 2538 2237 ad
2560 2183 2716 2239 ﬁdem
2735 2186 3038 2243 ostenderat
3056 2194 3725 2268 propensionem,quandu.

2142 2272 2356 2340 quidem
2379 2283 2561 2328 custos
2592 2277 2706 2344 ipse
2718 2279 2947 2334 carceris
2971 2280 3146 2351 (quam
3167 2299 3292 2339 vero
3318 2286 3574 2355 ejusmodi
3601 2308 3722 2345 tnu-

2142 2365 2286 2418 neris
2303 2364 2691 2421 administratio
2720 2385 2906 2439 magna
2937 2386 3057 2426 cmn
3082 2374 3421 2444 improbitate
3440 2380 3724 2450 conjuncta

2139 2470 2260 2511 esse
2280 2457 2470 2522 soleat,
2501 2474 2604 2513 non
2620 2460 2896 2531 ignoratis)
2915 2478 3019 2519 uno
3035 2468 3210 2521 Statim
3226 2469 3379 2538 signo
3390 2481 3443 2526 et
3467 2476 3717 2539 accurrit,

2139 2557 2195 2602 et
2240 2548 2531 2617 baptizatus
2572 2560 2656 2605 est
2697 2568 2817 2607 cum
2863 2563 2970 2609 tota
3000 2555 3196 2613 familia
3238 2577 3353 2615 sua.
3385 2565 3462 2619 Ac
3506 2566 3720 2635 signum

2138 2639 2384 2708 quidem,
2418 2640 2558 2709 quod
2590 2640 2786 2697 factum
2816 2655 2917 2707 est,
2951 2646 3064 2715 ipse
3104 2648 3250 2705 solus
3279 2652 3451 2718 vidit,
3484 2653 3712 2711 fructum

2136 2745 2265 2783 vero
2310 2729 2376 2783 ad
2406 2731 2613 2785 lucrum
2660 2749 2765 2787 non
2824 2737 2969 2790 solus
3014 2742 3288 2810 percepit,
3318 2744 3412 2798 sed
3459 2762 3561 2801 una
3591 2761 3713 2801 cum

2136 2820 2363 2875 muliere
2409 2833 2570 2891 atque
2612 2825 2863 2881 universa
2912 2828 3093 2883 domo.
3117 2831 3223 2887 Sed
3266 2843 3323 2889 et
3366 2837 3719 2907 magistratus

2135 2908 2302 2983 ipsos,
2341 2916 2427 2983 qui
2479 2916 2698 2972 Paulum
2742 2920 3060 2977 verberibus
3106 2924 3435 2997 affecerunt,
3486 2932 3712 2989 tumultu

2134 3007 2310 3076 potius
2339 3017 2393 3062 et
2418 3007 2618 3079 impetu
2647 3011 2875 3080 quodam
2899 3055 2913 3079 ,
2946 3032 3103 3086 quam
3146 3019 3486 3088 improbitate
3533 3026 3581 3078 id
3632 3026 3712 3079 le-

2132 3098 2274 3153 cisse
2303 3113 2367 3153 ex
2393 3113 2459 3154 eo
2489 3101 2819 3171 intelligitur,
2851 3106 2990 3176 quod
3014 3108 3122 3161 cito
3150 3108 3296 3165 illum
3325 3111 3517 3166 dimitti
3543 3113 3712 3181 jusse-

2132 3199 2295 3254 runt,
2338 3202 2498 3261 atque
2546 3194 2595 3247 in
2644 3204 2788 3250 metu
2821 3209 3004 3266 postea
3051 3201 3283 3255 fuerunt.
3315 3201 3704 3261 Testimonium

2130 3291 2309 3337 autem
2340 3283 2447 3339 illis
2474 3284 2564 3339 dat
2612 3302 2717 3341 non
2750 3289 2922 3342 solum
2956 3289 3077 3344 ﬁdei
3122 3300 3175 3346 et
3216 3294 3571 3362 periculorum
3612 3314 3727 3350 "0-,

2130 3372 2276 3430 mine
2299 3413 2317 3439 ,
2342 3374 2435 3427 sed
2466 3376 2629 3429 etiam
2660 3377 3059 3443 beneﬁcentia),
3110 3382 3198 3435 ubi
3240 3382 3441 3453 inquit,
3485 3385 3634 3453 Quod
3660 3393 3713 3442 ct

2128 3464 2183 3517 in
2211 3465 2462 3535 principio
2488 3468 2754 3537 evangelii,
2785 3478 2831 3522 et
2860 3471 3011 3523 semel
3034 3481 3080 3523 et
3107 3472 3180 3527 bis
3210 3473 3260 3527 in
3290 3490 3436 3529 usum
3463 3478 3584 3529 mihi
3607 3479 3706 3530 rui-

2126 3554 2262 3609 sistis
2283 3596 2298 3621 ,
2328 3557 2527 3610 nemine
2553 3558 2657 3612 alio
2701 3559 2756 3611 id
2803 3572 3074 3629 pra'sttmte
3101 3578 3118 3616 .'
3149 3579 3270 3617 nam
3294 3605 3310 3630 ,
3346 3564 3511 3619 Nulla
3539 3570 3661 3620 mihi
3683 3602 3699 3633 ,

2128 3646 2335 3716 inquit,
2368 3648 2602 3702 Ecclesia
2650 3653 3033 3707 communicavit
3073 3655 3125 3707 in
3172 3658 3369 3710 ratione
3394 3660 3501 3711 dati
3529 3669 3575 3713 et
3618 3677 3704 3713 ac-

2124 3742 2255 3808 cepti
2299 3740 2474 3810 (Ibid.
2501 3758 2549 3795 v.
2581 3744 2669 3798 15.
2697 3744 2806 3814 16).
2870 3745 3021 3812 Quod
3088 3749 3133 3801 si
3198 3748 3486 3818 aliquando
3540 3752 3703 3808 inter-

2126 3833 2390 3898 miserint,
2423 3836 2765 3890 occasionem
2799 3839 2997 3906 potius,
3027 3852 3183 3909 quam
3214 3842 3543 3898 voluntatem
3573 3845 3702 3915 ipsis

2125 3926 2358 3981 defuisse
2390 3927 2505 3981 istis
2549 3929 2726 3983 verbis
2753 3930 2988 3985 ostendit
3014 3950 3028 3985 :
3061 3932 3175 3987 Non
3201 3935 3342 4003 quod
3371 3952 3475 3991 non
3515 3937 3580 3992 de
3610 3953 3700 3995 tuo

2125 4017 2267 4072 bene
2289 4018 2582 4084 sentiretis,
2609 4020 2815 4089 inquit,
2847 4021 2940 4075 sed
2973 4020 3219 4092 occupati
3257 4027 3440 4080 eratis.
3475 4027 3529 4082 ld
3563 4043 3695 4083 vero

2124 4124 2375 4178 maguum
2418 4125 2543 4180 erga
2589 4111 2731 4179 ipsos
2771 4113 2971 4166 amoris
3017 4114 3287 4169 stimulum
3345 4134 3451 4185 ιιι-ευ
3478 4134 3534 4172 se
3574 4121 3694 4174 fcrt.

2121 4201 2272 4268 Quod
2306 4201 2451 4256 enim
2498 4203 2847 4257 vehementer
2894 4221 2987 4259 eos
3031 4206 3311 4274 dilexerit,
3362 4208 3487 4267 hinc
3535 4214 3694 4268 etiam

2125 4291 2462 4346 manifestum
2493 4310 2509 4348 :
2544 4293 2809 4348 Neminem
2835 4297 2966 4349 enim
2990 4298 3166 4362 habeo,
3199 4299 3387 4369 inquit,
3421 4312 3522 4354 tant
3562 4320 3695 4356 una-

2123 4387 2307 4438 niment
2329 4427 2343 4450 ,
2375 4386 2461 4456 qui
2487 4387 2684 4439 sincera
2710 4386 2977 4454 affectione
3019 4407 3110 4459 pro
3155 4392 3288 4446 vobis
3319 4394 3565 4447 sollicitus
3590 4396 3695 4458 sit;

2123 4489 2173 4532 el
2210 4494 2416 4543 rursus,
2450 4478 2532 4532 Ea:
2558 4495 2615 4532 eo
2645 4478 2781 4549 quod
2808 4480 3015 4533 habeam
3044 4499 3127 4537 vos
3151 4484 3201 4536 in
3233 4485 3384 4538 carde
3404 4486 3456 4538 in
3488 4488 3697 4541 vinculis

2120 4573 2242 4624 meis
2263 4569 2420 4639 (Ibid.
2449 4570 2507 4624 2.
2531 4569 2619 4625 20.
2652 4583 2696 4626 et
2726 4573 2766 4626 Ι.
2796 4572 2875 4641 7).

2193 4664 2246 4717 ὃ.
2272 4655 2418 4716 Bona
2446 4681 2600 4733 opera
2622 4666 3064 4721 commendantur.
3091 4692 3160 4707 --
3186 4667 3313 4725 llaec
3342 4670 3500 4740 igitur
3515 4680 3569 4726 ct
3598 4688 3700 4728 nos

2122 4756 2499 4825 intelligentes,
2525 4772 2587 4811 ac
2607 4767 2682 4810 tot
2712 4757 2971 4812 habentes
2998 4758 3236 4814 caritatis
3257 4761 3511 4817 formulas
3536 4772 3697 4833 atque

2121 4847 2469 4917 exemplaria,
2502 4850 2833 4916 praebeamus
2862 4865 2960 4905 nos
2986 4850 3130 4920 ipsos
3159 4851 3350 4921 dignos
3392 4852 3695 4923 huiusmodi

2121 4938 2404 5007 exemplis,
2425 4939 2654 5009 prompti
2683 4954 2745 4994 ac
2774 4941 2940 5009 parati
2969 4955 3067 5009 pro
3090 4942 3305 4996 (Ihristo
3337 4940 3693 5012 pati.Etcuim

2123 5031 2225 5087 hoc
2254 5040 2496 5102 tempore
2524 5047 2631 5087 non
2661 5042 2781 5100 est,
2813 5034 2901 5105 qui
2933 5034 3265 5091 Christianos
3313 5034 3603 5093 insectetur
3642 5049 3694 5095 et

2121 5131 2297 5177 vexet.
2329 5123 2495 5193 Ergo,
2529 5124 2615 5179 ubi
2644 5124 2775 5180 nihil
2801 5126 2975 5193 aliud,
3003 5127 3194 5183 saltem
3226 5130 3499 5187 efﬁcacem
3525 5140 3581 5187 et
3606 5148 3694 5186 ve-

2121 5214 2427 5271 hementem
2467 5217 2678 5271 illorum
2726 5217 3129 5276 beneﬁcentiam
3168 5222 3472 5289 imitemur,
3520 5240 3697 5295 neque

2121 5307 2210 5361 ubi
2237 5307 2404 5363 semel
2434 5317 2593 5379 atque
2622 5308 2813 5366 iterum
2840 5310 3168 5378 dederimus,
3198 5316 3343 5369 omni
3368 5315 3545 5372 ofﬁcio
3576 5333 3697 5387 per-

2123 5400 2333 5454 functos
2385 5415 2483 5456 nos
2512 5401 2836 5458 arbitremur
2868 5423 2881 5459 :
2910 5407 3106 5461 etenim
3144 5422 3241 5477 per
3288 5424 3500 5465 onmem
3531 5411 3693 5465 vitam

2122 5492 2173 5546 id
2222 5491 2518 5546 faciendum
2561 5502 2643 5548 est
2673 5513 2684 5549 :
2716 5512 2821 5550 non
2870 5497 3012 5551 enim
3061 5499 3262 5564 semel,
3292 5500 3386 5555 sed
3435 5511 3694 5571 perpetuo

2121 5584 2335 5653 placere
2364 5594 2596 5653 oportet.
2626 5585 2757 5641 Nam
2782 5588 2869 5658 qui
2899 5590 3107 5656 currit,
3135 5592 3182 5646 si
3210 5591 3397 5650 decem
3423 5594 3696 5650 circuitio—

2120 5676 2296 5739 nibus,
2324 5691 2456 5745 quas
2476 5675 2644 5732 Graeci
2677 5689 2867 5734 vocant
2890 5685 3126 5750 διαύλους,
3146 5685 3257 5753 jam
3282 5683 3456 5749 factis,
3489 5697 3697 5757 postre-

2123 5781 2263 5821 mam
2285 5768 2511 5836 omittat,
2539 5777 2710 5826 totum
2739 5771 3007 5842 perdidit:
3033 5774 3103 5831 ita
3132 5784 3185 5831 et
3208 5790 3306 5832 nos
3329 5778 3373 5834 si
3392 5777 3460 5835 ab
3483 5778 3699 5851 incepto
