4100 6412
383 283 489 343 179

378 400 475 457 τοῦ
492 400 755 473 Τιμόθεος
772 397 841 476 ἦν
864 419 880 436 ο
912 406 1005 460 καὶ
1024 406 1175 479 δηλοῖ
1193 410 1251 479 ἐξ
1278 406 1353 466 ὧν
1376 432 1541 489 φησιν
1559 435 1574 450 ο
1616 421 1863 482 Ἐλπίζω
1879 422 1947 477 δὲ

377 490 450 545 ἐν
486 490 680 558 Κιφίῳ
721 491 922 560 Ἰησοῦ
958 498 1237 566 Τιμόθεον
1262 503 1489 572 ταχέως
1512 506 1741 577 πέμψαι
1771 511 1915 581 ὑμῖν
1934 530 1948 546 ·

378 580 473 633 καὶ
530 580 724 643 πάλιν,
782 583 1160 664 Τοῦτονίμὲν
1199 589 1416 652 ἐλπίζω
1452 596 1674 664 εὐθέως
1721 580 1953 668 πέμψαι

376 668 539 736 ὑμῖν,
568 668 713 723 ὅταν
731 671 922 725 ἀπίδω
942 674 1015 729 τὰ
1042 678 1175 745 περὶ
1206 679 1332 749 ἐμὲ,
1369 682 1439 746 ἐξ
1467 685 1679 754 αὐτῆς.
1726 689 1949 763 Ἀφείθη

376 755 486 826 γὰρ
509 756 618 810 ἀπὸ
641 757 752 811 τῶν
784 759 1021 831 δεσμῶν,
1058 765 1154 819 καὶ
1188 768 1349 821 πάλιν
1372 771 1525 842 ἐδέθη
1563 774 1700 841 μετά
1724 775 1785 827 τὸ
1802 755 1951 845 πρὸς

377 848 576 912 αὐτοὺς
596 850 788 905 ἐλθεῖν.
812 854 877 907 Ὃ
904 853 960 907 δὲ
984 855 1130 923 λέγει
1153 869 1203 923 ι,
1228 860 1346 914 Ὅτι
1371 863 1470 916 καὶ
1499 864 1832 936 σπένδομαι
1850 869 1952 923 ἐπὶ

374 938 451 1007 τῇ
489 942 692 1008 θυσίᾳ,
746 943 843 996 καὶ
898 948 1238 1017 λειτουργίᾳ
1294 950 1402 1020 τῆς
1448 954 1707 1023 πίστεως
1749 957 1948 1026 ὑμῶν·

379 1028 479 1097 οὐχ
526 1028 601 1091 ὼς
655 1028 755 1100 ήδη
802 1031 993 1087 τούτου
1030 1039 1320 1108 γενομένου
1342 1057 1357 1072 ο
1391 1042 1529 1107 ἀλλ’,
1556 1045 1638 1099 ὄτι
1680 1047 1791 1100 Καὶ⁵
1821 1049 1950 1102 ὅταν

375 1118 533 1170 τοῦτο
557 1121 761 1191 συμϐῇ,
790 1123 982 1194 χαίρω,
1008 1130 1162 1197 φησὶ.
1187 1129 1471 1186 διανιστῶν
1498 1136 1696 1199 αὐτοὺς
1724 1138 1832 1190 ἀπὸ
1851 1139 1951 1209 τῆς

374 1206 614 1278 ἀθυμίας
644 1211 741 1280 τῆς
783 1214 875 1265 ἐπὶ
920 1219 1029 1279 τοῖς
1068 1218 1283 1289 δεσμοῖς
1308 1238 1323 1253 ο
1362 1224 1443 1277 ὅτι
1488 1226 1599 1297 γὰρ
1628 1228 1728 1281 οὐκ
1754 1206 1948 1299 ἔμελλε

374 1298 497 1350 τότε
525 1301 931 1371 ἀποθανεῖσθαι,
961 1308 1121 1371 δῆλον
1159 1310 1218 1376 ἐξ
1256 1308 1330 1367 ὧν
1360 1332 1547 1386 φησιν,
1572 1319 1653 1373 ὃτι
1699 1298 1948 1383 Ἐλπίζω

374 1389 445 1441 δὲ
480 1390 550 1443 ἐν
596 1395 807 1462 Κυρίῳ,
855 1397 947 1451 ὅτι
984 1400 1082 1453 καὶ
1127 1405 1309 1471 αὐτὸς
1347 1408 1572 1476 ταχέως
1618 1411 1946 1483 ἐλεύσομαι

374 1481 528 1547 πρὸς
556 1484 712 1552 ὑμᾶς
731 1504 744 1517 ·
782 1488 873 1541 καὶ
898 1490 1079 1552 πάλιν,
1116 1495 1226 1548 Καὶ
1254 1496 1433 1551 τοῦτο
1460 1503 1759 1569 πεποιθὼς
1789 1481 1943 1571 οἶδα,

340 1566 466 1625 ’ὅτι
498 1573 678 1641 μένω,
719 1580 815 1631 καί
860 1584 1304 1654 συμπαραμενῶ
1344 1589 1535 1645 πᾶσιν
1563 1592 1724 1662 ὑμῖν.
1760 1591 1944 1649 Ἦσαν

371 1660 431 1715 δέ
451 1662 763 1733 πέμψαντες
783 1669 920 1739 πρὸς
944 1671 1107 1726 αὐτὸν
1126 1676 1175 1727 οί
1190 1676 1535 1751 Φιλιππήσιοι
1555 1660 1645 1735 τὸν
1675 1683 1944 1755 Ἐπαφρό-

373 1750 538 1817 διτον,
557 1756 813 1827 χρήματα
835 1761 1124 1818 ἁποίσοντα
1141 1767 1309 1839 αὐτῷ,
1324 1771 1419 1825 καὶ
1442 1773 1719 1844 εἰσόμενον
1737 1777 1805 1831 τὰ
1821 1779 1941 1831 κατ’

371 1840 555 1895 αὐτόν’
568 1843 827 1901 διέκειντο
845 1850 950 1922 γὰρ
974 1854 1176 1925 σφόδρα
1198 1858 1323 1929 περὶ
1338 1860 1498 1914 αὐτὸν
1518 1840 1873 1935 ἀγαπητικῶς
1888 1866 1939 1921 δ.

374 1932 498 1985 Ὅτι
536 1935 644 2006 γὰρ
672 1937 944 2010 ἔπεμψαν,
976 1944 1139 1999 ἄκουε
1169 1949 1335 2003 αὐτοῦ
1381 1952 1659 2021 λέγοντος·
1694 1932 1942 2028 -Ἂπέχω

369 2023 599 2090 πάντα,
633 2029 733 2082 καὶ
760 2037 1126 2102 περισσεύω,
1160 2043 1570 2113 πεπλήρωμαι,
1612 2023 1942 2117 δεξάμενος

370 2115 531 2181 παρὰ
554 2116 985 2188 Ἐπαφροδίτου
1006 2126 1076 2179 τὰ
1096 2132 1231 2198 παρ’
1252 2130 1442 2199 ὑμῶν.
1477 2135 1565 2189 Ἐν
1600 2137 1784 2209 ταυτῷ
1809 2115 1940 2208 γοῦν

368 2203 622 2276 ἔπεμψαν
664 2213 760 2265 καὶ
808 2219 1305 2289 παρακαλέσοντες,
1337 2226 1432 2279 καὶ
1475 2203 1767 2299 είσὸμενοιξ
1813 2203 1939 2285 ἐνΟτι

367 2298 478 2394 γάρ
507 2302 601 2354 καὶ
622 2302 874 2375 ἔπεμψαν
900 2309 1171 2380 εἰσόμενοι
1193 2315 1263 2369 τὰ
1293 2319 1415 2371 κατ’
1454 2298 1636 2385 αὐτὸν,
1664 2322 1816 2394 δηλοῖ
1845 2323 1940 2376 εὐ-

368 2387 504 2482 θέως
533 2392 589 2482 ἐν
615 2396 678 2464 τῇ
704 2396 844 2467 ἀρχῇ
874 2399 971 2469 τῆς
995 2400 1317 2476 Ἐπιστολῆς
1345 2409 1465 2461 κατ’
1486 2409 1648 2463 αὐτὸν
1681 2387 1932 2482 γράφων,

366 2480 462 2531 καὶ
490 2480 662 2549 λέγων
693 2501 707 2514 ·
738 2488 1070 2545 Γινώσκειν
1100 2494 1169 2547 δὲ
1202 2497 1358 2565 ὑμᾶς
1389 2480 1834 2571 βούλομαι,νότι
1865 2505 1939 2560 τὰ

365 2573 495 2625 κατ’
531 2575 637 2643 ἐμὲ
685 2578 926 2647 μᾶλλον
958 2587 1047 2651 είς
1080 2590 1400 2660 προκοπὴν
1432 2593 1540 2647 τοῦ
1566 2596 1935 2666 Εὑαγγελίου

362 2661 627 2758 ἐλήλυθε
669 2684 687 2702 ο
732 2672 826 2724 καὶ
864 2674 1043 2740 πάλιν,
1096 2680 1344 2741 Ἐλπίζω
1388 2685 1667 2753 Τιμόθεον
1700 2661 1937 2758 ταχέως

362 2753 592 2851 πέμψαι
638 2761 800 2829 ὑμῖν,
854 2765 954 2819 ἵνα
995 2769 1156 2836 κάγὼ
1193 2774 1442 2843 εὐψυχῶ
1479 2777 1665 2845 γνοὺς
1692 2753 1935 2851 τάνίτερί

360 2844 547 2911 ὑμῶν.
578 2850 672 2915 Τὸ,
705 2853 836 2907 Ἵνα
866 2857 1045 2926 κάγὼ,
1076 2860 1361 2932 δηλοῦντός
1386 2844 1551 2932 ἐστιν,
1594 2844 1675 2923 ὅτι
1722 2844 1934 2943 Ὠσπερ

366 2937 523 3010 ὑμεῖς
551 2940 690 3014 ὑπὲρ
720 2945 919 3017 πολλῆς
948 2950 1318 3025 πληροφορίας
1348 2958 1629 3030 ἐπέμψατε
1659 2937 1932 3034 εἰσόμενοι

359 3028 429 3081 τά
456 3032 577 3085 κατ’
598 3035 715 3105 ἐμὲ,
736 3037 877 3091 οὕτω
899 3042 992 3093 καὶ
1009 3040 1156 3115 [191]
1181 3046 1311 3115 ἐγὼ,
1334 3028 1464 3104 Ἵνα
1475 3028 1723 3121 εὐψυχῶ
1746 3028 1932 3124 γνοὺς

358 3120 432 3175 τὰ
456 3126 591 3192 περὶ
622 3127 809 3197 ὑμῶν.
849 3132 1003 3186 Ἐπεὶ
1026 3130 1119 3188 οὖν
1146 3138 1240 3191 καὶ
1268 3142 1435 3195 πολὺν
1458 3120 1821 3217 χρόνονῆσαν
1851 3120 1928 3219 μη

359 3214 693 3285 πέμψαντες,
728 3220 864 3276 ἀλλὰ
886 3223 1008 3277 τότε
1044 3226 1221 3297 (τοῦτο
1254 3232 1360 3302 γὰρ
1393 3214 1545 3305 δηλοῖ
1583 3237 1671 3290 διὰ
1704 3214 1804 3291 τοῦ
1845 3214 1927 3293 ἐιέ

357 3310 479 3362 πεῖν
499 3324 515 3338 ο
550 3311 700 3380 Ἤδη
740 3315 885 3368 ποτὲ
920 3317 1244 3376 ἀνεθάλετε
1293 3324 1360 3378 τὸ
1415 3326 1569 3394 ὑπὲρ
1608 3328 1753 3398 ἐμοῦ
1784 3348 1927 3399 sapo-

355 3398 505 3471 νεῖν)
524 3418 539 3433 ο
565 3404 656 3456 καὶ
688 3407 808 3459 τότε
839 3408 1035 3477 ἢκουον
1060 3411 1218 3466 αὐτὸν
1243 3416 1301 3469 ἐν
1322 3416 1539 3486 δεσμοῖς
1560 3415 1698 3473 εἶναι
1724 3398 1795 3491 (εί
1816 3424 1923 3494 γὰρ

355 3493 486 3563 περὶ
523 3494 911 3567 Ἐπαφροδίτου
945 3502 1203 3572 ήκουσαν,
1234 3507 1315 3559 ὅτι
1346 3507 1644 3579 ἠσθένησεν
1666 3550 1681 3574 ,
1707 3512 1806 3565 οὐκ
1836 3493 1926 3565 δν-

352 3600 446 3648 τος
484 3588 688 3658 σφόδρα
735 3593 1031 3665 ἐπισήμου,
1078 3596 1154 3661 ὡς
1198 3598 1430 3666 Παῦλος,
1483 3602 1666 3673 πολλῷ
1724 3604 1923 3675 μᾶλλον

353 3679 481 3749 περὶ
503 3681 739 3754 Παύλου)
763 3701 781 3718 ο
807 3686 900 3739 καὶ
920 3688 1065 3749 εἰκὸς
1087 3684 1155 3761 ἦν
1177 3690 1375 3756 αὐτοὺς
1411 3692 1754 3765 θορυϐεῖσθαι
1789 3713 1804 3729 ο
1832 3698 1922 3752 διὰ

351 3770 508 3824 τοῦτο
526 3772 585 3824 ἐν
605 3776 718 3839 τοῖς
744 3778 1048 3849 προοιμίοις
1064 3781 1164 3852 τῆς
1178 3782 1498 3853 Ἐπιστολῆς
1524 3785 1723 3858 πολλὴν
1752 3805 1921 3858 προσ-

352 3860 473 3928 άγει
514 3865 852 3935 παράκλησιν
891 3868 1031 3940 ὑπὲρ
1060 3870 1169 3924 τῶν
1206 3872 1442 3944 δεσμῶν,
1480 3876 1694 3941 δεικνὺς
1730 3879 1812 3933 ὅτι
1856 3881 1918 3933 οὐ

352 3954 514 4022 μόνον
560 3957 621 4009 οὐ
654 3958 759 4030 χρὴ
802 3959 1167 4032 θορυϐεῖσθαι,
1213 3965 1348 4019 ἀλλὰ
1388 3968 1480 4020 καὶ
1522 3969 1752 4041 χαίρειν.
1788 3967 1919 4026 Εἶτα

349 4046 442 4098 καὶ
469 4048 597 4119 περὶ
618 4049 868 4119 ὁμονοίας
889 4055 1247 4125 συμϐουλεύει
1271 4060 1365 4113 καὶ
1393 4062 1914 4132 ταπεινοφροσύνης,

346 4136 550 4209 ταύτην
580 4134 719 4195 εἶναι
757 4143 1058 4213 ἀσφάλειαν
1103 4148 1286 4212 αὐτοῖς
1322 4149 1587 4204 διδάσκων
1627 4152 1912 4225 μεγίστην,

346 4229 440 4281 καὶ
463 4229 606 4284 οὕτω
627 4233 737 4285 τῶν
774 4235 989 4305 ἐχθρῶν
1024 4238 1219 4303 αὐτοὺς
1246 4241 1479 4304 εὐκόλως
1505 4242 1767 4296 δύνασθαι
1804 4262 1906 4298 πε·-

346 4322 675 4389 ριγενέσθαι.
704 4326 779 4378 Οὐ
808 4328 918 4398 γὰρ
943 4329 1004 4381 τὸ
1046 4329 1360 4401 δεσμεῖσθαι
1406 4332 1648 4405 λυπηρὸν
1691 4340 1801 4401 τοῖς
1840 4338 1918 4390 δι-

343 4412 628 4481 δασκάλοις
656 4418 829 4488 ὑμῶν,
859 4420 996 4475 ἀλλὰ
1018 4421 1079 4476 τὸ
1114 4423 1189 4493 μὴ
1217 4426 1462 4494 ὁμονοεῖν
1490 4427 1616 4490 τούς
1640 4428 1910 4498 μαθητάς.

343 4506 514 4561 Τοῦτο
536 4509 634 4579 μὲν
664 4510 773 4580 γάρ
800 4513 894 4565 καὶ
933 4512 1173 4567 ἐπίδοσιν
1202 4514 1280 4585 τῷ
1320 4515 1642 4589 Εὐαγγελίῳ
1671 4518 1909 4586 δίδωσιν,

340 4598 517 4652 ἐκεῖνο
554 4600 610 4653 δὲ
631 4601 855 4673 διασπᾷ.

411 4689 478 4760 β’.
512 4692 851 4765 Παραινέσας
885 4697 1063 4750 τοίνυν
1095 4700 1276 4765 αὐτοῖς
1306 4702 1568 4774 ὁμονοεῖν,
1603 4707 1699 4759 καὶ
1731 4706 1911 4773 δείξας

338 4780 421 4834 ὅτι
438 4783 548 4836 ἀπὸ
565 4788 1056 4859 ταπεινοφροσύνης
1072 4792 1104 4862 ἡ
1125 4792 1344 4862 ὁμόνοια
1360 4793 1589 4861 γίνεται,
1606 4798 1700 4850 καὶ
1714 4797 1913 4853 διατει-

340 4872 569 4943 νάμενος
597 4874 734 4946 πρὸς
761 4877 889 4940 τοὺς
917 4881 1193 4951 πανταχοῦ
1217 4882 1293 4952 τῷ
1317 4883 1549 4955 δόγματι
1577 4885 1910 4960 λυμαινομέ-

337 4979 463 5027 νους
499 4965 784 5031 Ἰουδαίους
811 4973 1161 5042 προσχήματι
1182 4976 1226 5027 Χ
1236 4978 1633 5049 ριστιανισμοῦ,
1658 4979 1826 5045 κύνας
1848 4998 1908 5035 τε

338 5057 534 5121 αὐτοὺς
568 5059 799 5125 καλέσας
822 5064 917 5115 καὶ
944 5066 1147 5128 κακοὺς
1170 5067 1425 5137 ἐργάτας,
1452 5072 1545 5123 καὶ
1574 5073 1908 5141 παραινέσας

337 5147 628 5219 ἐπέχεσθαι
663 5152 863 5217 αὐτῶν,
887 5157 980 5208 καὶ
1004 5157 1199 5222 πείσας
1226 5159 1335 5213 τίσι
1359 5159 1441 5213 δεῖ
1472 5162 1779 5233 προσέχειν,
1811 5167 1906 5219 καὶ

336 5242 465 5313 περὶ
483 5242 691 5314 ἠθικῶν
723 5245 890 5299 πολλὰ
919 5247 1238 5320 διαλεχθεὶς,
1268 5252 1362 5304 καὶ
1390 5252 1660 5325 ρυθμίσας
1688 5254 1903 5323 αὐτοὺς,

396 5520 424 5586 f
453 5516 637 5586 _Cpis'~in
684 5526 736 5586 εἰ
754 5535 905 5582 marg.
931 5521 1098 5576 Savil..
1125 5525 1165 5586 εξ
1185 5524 1235 5572 δὲ
1252 5524 1373 5586 λέγει
1398 5538 1491 5573 non
1515 5527 1661 5576 male.

401 5577 430 5619 δ
452 5582 763 5651 ιῴ-ῐιιιοοᾱςιτ
791 5589 844 5651 e_t
860 5577 1025 5644 "marg.
1056 5582 1229 5651 §avi|_..
1272 5577 1457 5651 σῲὀρροι
1477 5591 1581 5651 περὶ
1626 5590 1767 5638 αὐτὸν
1788 5590 1906 5651 ἁγα-

401 5607 430 5619 -
453 5607 585 5631 ιυιίυ
614 5607 763 5630 ωυυλ
791 5607 844 5629 cl.
877 5607 1025 5644 mars.
1056 5607 1229 5639 manu”
1272 5607 1453 5649 σφοορα
1477 5607 1581 5651 περι
1626 5607 1767 5638 ουτον
1880 5618 1904 5629 -

334 5645 561 5715 muti);
587 5643 638 5710 μ)
808 5644 1113 5715 ἀγαπητικῶς
1158 5647 1319 5698 deest.
1361 5648 1460 5700 Sed
1498 5653 1565 5701 ita
1591 5607 1904 5715 18861⁵31,Ἡέ-

334 5706 502 5766 bilius,
516 5706 599 5769 qui
624 5707 773 5755 vertit
793 5712 1110 5769 peramanler.

1416 303 1482 359 IN
1522 305 1743 366 EPIST.
1759 305 1849 361 AD
1874 305 2162 363 PHILIPP.
2200 314 2583 375 ΡΒᾹΞΓΑΤΙΟ.

3519 330 3626 387 180

2062 428 2156 480 καὶ
2176 429 2620 503 ἀνακτησάμενος
2643 433 2729 488 διὰ
2758 433 2852 489 τοῦ
2879 437 3079 506 εἰπεῖν,
3108 437 3166 492 '0
3181 439 3397 509 Κύριος
3416 441 3594 516 ἐγγὺς
3612 485 3629 510 ,

1996 586 1999 589 ἰ
2060 518 2331 590 μέμνηται
2361 524 2496 592 μετά
2525 525 2622 595 τῆς
2654 528 3041 601 προσηκούσης
3060 530 3208 602 αὐτῷ
3237 533 3507 599 συνέσεως
3529 539 3627 591 καὶ

2054 610 2164 664 τῶν
2196 613 2572 683 πεμφθέντων,
2615 619 2710 670 καὶ
2736 618 2881 674 οὕτω
2914 622 3114 695 πολλὴν
3151 624 3253 696 τὴν
3281 627 3629 698 παράκλησιν

2059 704 2344 772 προσάγει.
2372 706 2625 760 Φαίνεται
2656 710 2712 762 δὲ
2745 712 2883 781 μετὰ
2926 714 3129 786 πολλῆς
3169 716 3353 779 αὐτοῖς
3394 719 3630 788 μάλιστα

2057 793 2280 863 γράφων
2312 796 2499 867 τιμῆς,
2547 801 2639 852 καὶ
2692 802 2842 855 οὐδὲν
2872 806 3192 876 προτίθησιν
3236 810 3630 880 ἐπιπληκτικὺν

2056 883 2314 953 οὐδαμοῦ,
2352 887 2489 959 ὅπερ
2511 885 2578 960 ἦν
2606 893 2902 963 τεκμήριον
2936 897 3033 966 τῆς
3080 900 3278 970 ἀρετῆς
3320 902 3520 963 αὐτῶν,
3566 903 3631 955 τὸ
3686 910 3695 919 ’

2058 972 2328 1042 μηδεμίαν
2348 975 2531 1030 δοῦναι
2556 979 2635 1049 τῷ
2656 980 2959 1053 διδασκάλῳ
2986 986 3156 1057 λαϐὴν
3174 1028 3189 1052 ,
3227 990 3364 1061 μηδέ
3390 993 3448 1045 ὲν
3472 990 3627 1057 τάξει

2054 1064 2444 1136 ἐπιτιμήσεως,
2474 1070 2586 1123 ἀλλ’
2616 1073 2673 1124 ἐν
2697 1074 2845 1137 τάξει
2878 1078 3250 1147 παραινέσεως
3284 1084 3458 1137 πάντα
3491 1086 3627 1154 πρὸς

2052 1151 2245 1215 αὐτοὺς
2274 1156 2682 1213 ἐπεσταλκέναι.
2723 1162 2898 1235 Ὅπερ
2937 1166 2993 1218 δὲ
3025 1166 3162 1238 ἔφην
3202 1172 3297 1224 καὶ
3338 1173 3394 1238 ἐξ
3426 1151 3621 1245 ἀρχῆς,

2048 1244 2207 1298 τοῦτο
2228 1249 2320 1301 καὶ
2345 1248 2438 1304 νῦν
2466 1252 2599 1322 ἐρῶ,
2640 1253 2723 1307 ὅτι
2748 1257 2782 1326 ἡ
2812 1257 2961 1321 πόλις
3010 1260 3144 1331 αὕτη
3191 1262 3388 1335 πολλὴν
3417 1266 3625 1317 ἐπεδεί-

2052 1334 2177 1401 ξατο
2199 1340 2278 1402 είς
2296 1340 2392 1411 τὴν
2416 1343 2595 1398 πίστιν
2624 1348 3051 1421 ἐπιτηδειότητα,
3082 1353 3210 1422 είγε
3236 1356 3263 1407 ὁ
3282 1334 3625 1426 δεσμοφύλαξ

2052 1428 2188 1497 (ἴστε
2221 1430 2298 1494 δὲ’
2341 1434 2423 1486 ὅτι
2462 1436 2641 1508 πάσης
2678 1439 2738 1492 τὸ
2776 1443 3009 1511 πρᾶγμα
3047 1446 3243 1509 κακίας
3273 1449 3487 1517 μεστὸν.)
3528 1450 3621 1503 εὐ-

2050 1518 2185 1584 θέως
2215 1523 2323 1576 ὑπὸ
2352 1526 2471 1590 ἑνὸς
2505 1532 2730 1599 σημείου
2756 1533 2850 1584 καὶ
2880 1535 3248 1607 προσέδραμε,
3272 1539 3365 1592 καὶ
3393 1540 3623 1595 ἐϐαπτί-
3696 1598 3703 1611 ,

2048 1607 2146 1677 σθη
2183 1612 2321 1681 μετά
2351 1614 2444 1667 τοῦ
2482 1617 2630 1702 οἴκοι)
2672 1620 2838 1673 αὐτοῦ
2887 1626 3106 1688 παντός.
3137 1627 3211 1681 Τὸ
3248 1628 3347 1698 μὲν
3378 1630 3487 1702 γὰρ
3526 1649 3622 1701 γε·

2043 1702 2200 1769 γονὸς
2227 1709 2450 1775 σημεῖον
2487 1690 2610 1763 εἶδε⁸
2633 1713 2790 1781 μόνος
2822 1716 2983 1780 αὐτός
3002 1731 3017 1744 ⁸
3044 1718 3103 1771 τὸ
3132 1718 3189 1772 δέ
3221 1690 3409 1792 κέρδος
3437 1690 3499 1777 οὐ
3523 1690 3620 1795 μό-

2045 1809 2135 1855 νος
2177 1796 2555 1866 ἐκαρπώσατο,
2602 1802 2738 1857 am
2784 1809 2877 1860 καὶ
2918 1808 3056 1878 μετά
3093 1811 3192 1881 τῆς
3231 1814 3489 1881 γυναικὸς
3522 1818 3618 1871 καὶ

2042 1885 2138 1939 τοῦ
2161 1889 2311 1943 οῐκου
2342 1894 2563 1958 παντός.
2604 1897 2762 1952 Ἀλλὰ
2801 1902 2897 1955 καὶ
2932 1903 3084 1957 αὐτοὶ
3128 1907 3179 1958 οί
3226 1911 3522 1979 στρατηγοὶ
3564 1911 3617 1964 οῖ

2048 1980 2406 2049 μαστίξαντες
2462 1987 2626 2041 αὐτὸν
2668 1991 3015 2059 εὑρίσκονται
3076 1996 3186 2050 ἀπὸ
3258 2002 3615 2073 συναρπαγῆς

2046 2071 2266 2141 μᾶλλον,
2294 2076 2386 2128 καὶ⁵
2417 2078 2480 2131 οὐ
2518 2082 2781 2153 πονηρίαν
2822 2085 2980 2140 τοῦτο
3019 2091 3397 2161 πεποιηκότες,
3438 2092 3517 2162 τῷ
3548 2071 3611 2146 τε

2040 2161 2241 2226 εὐθέως
2269 2165 2481 2236 πέμψαι
2512 2172 2607 2224 καὶ
2626 2175 2843 2241 ἀφεῖναι
2873 2176 3056 2241 αὐτὸν,
3083 2180 3177 2230 καὶ
3197 2178 3277 2249 τῷ
3304 2161 3608 2251 φοϐηθῆναι

2040 2251 2284 2325 ὕστερον.
2332 2258 2619 2333 Μαρτυρεῖ
2658 2264 2714 2316 δέ
2752 2266 2933 2331 αὐτοῖς
2976 2270 3076 2322 οὐκ
3110 2271 3167 2323 ἐν
3214 2270 3393 2325 πίστει
3424 2274 3606 2343 μόνον,

2039 2343 2156 2396 οὐδὲ
2189 2345 2247 2399 ἐν
2274 2348 2561 2415 κινδύνοις,
2589 2353 2723 2406 ἀλλὰ
2749 2356 2841 2407 καὶ
2867 2357 2925 2409 ἐν
2953 2358 3188 2430 εὐποιία,
3220 2359 3288 2411 δι’
3313 2353 3387 2413 ὧν
3417 2378 3605 2432 φησιν,

2038 2435 2120 2489 δτι
2157 2438 2269 2492 Καὶ
2317 2440 2387 2493 ἐν
2430 2443 2587 2512 ἀρχῇ
2615 2445 2720 2499 τοῦ
2757 2449 3110 2517 εὐαγγελίου
3150 2452 3247 2504 καὶ
3292 2451 3454 2516 ἅπαξ
3503 2452 3605 2505 καὶ

2038 2527 2134 2593 δὶς
2160 2532 2247 2597 είς
2268 2530 2382 2599 τὴν
2407 2536 2617 2602 χρείαν
2638 2555 2755 2605 μου
2781 2537 3105 2608 ἐπέμψατε,
3135 2542 3382 2608 οὐδενὸς
3402 2542 3609 2611 ἐτέρου

2036 2618 2214 2675 τοῦτο
2246 2627 2659 2692 πεποιηκότος.
2694 2629 2951 2699 Οὐδεμία
2966 2631 3073 2703 γάρ
3096 2630 3246 2703 [ΝΞ]
3262 2650 3384 2700 μοι,
3415 2634 3605 2704 φησὶν,

2048 2709 2376 2780 Ἐκκλησία
2412 2715 2821 2786 ἐκοινώνησεν
2866 2725 2957 2787 είς
2992 2726 3181 2793 λόγον
3217 2724 3442 2789 δόσεως
3501 2726 3601 2779 καὶ

2033 2800 2298 2869 λήψεως
2336 2804 2435 2876 τὴν
2483 2805 2719 2878 ἔλλειψιν
2753 2811 2811 2864 δέ
2853 2813 3113 2884 ἀκαιρίας
3139 2812 3277 2868 εἶναι
3310 2816 3529 2886 μᾶλλον,
3561 2815 3597 2887 ἢ

2034 2894 2403 2965 προαιρέσεως
2435 2897 2671 2952 δείκνυσι
2700 2900 2893 2970 λέγων·
2925 2904 3038 2973 Οὐχ
3062 2906 3146 2958 ὅτι
3175 2906 3277 2959 οὐκ
3301 2908 3601 2978 ἐφρονεῖτε,

2033 2986 2217 3054 φησὶν,
2267 2987 2406 3059 ὑπὲρ
2456 2989 2611 3059 ἐμοῦ,
2661 2991 2974 3064 ἠκαιρεῖσθε
3022 2995 3099 3050 δέ.
3149 2996 3320 3049 Τοῦτο
3366 2996 3423 3050 δὲ
3466 2996 3603 3050 πολὺ

2030 3075 2167 3145 πρὸς
2198 3075 2391 3140 αὐτους
2412 3077 2628 3148 φίλτρον
2649 3079 2795 3150 ἔχειν
2822 3084 3097 3153 ἐμφαίνει.
3132 3086 3255 3140 Ὀτι
3289 3087 3397 3157 γὰρ
3426 3088 3601 3157 ἐφίλει

2031 3165 2236 3236 σφόδρα
2274 3167 2488 3231 αὐτοὺς,
2534 3170 2690 3241 δῆλον
2727 3189 2742 3203 ·
2790 3174 3018 3228 Οὐδένα
3063 3175 3171 3246 γὰρ
3218 3178 3355 3245 ἔχω,
3412 3178 3597 3249 φησὶν,

2029 3258 2350 3326 ἰσόψυχον,
2380 3258 2549 3326 ὅστις
2577 3264 2843 3331 γνησίως
2876 3267 2947 3320 τὰ
2974 3268 3107 3335 περὶ
3136 3268 3301 3337 ὑμῶν
3314 3268 3598 3339 μεριμνή-

2025 3363 2158 3401 σει·
2218 3351 2313 3402 καὶ
2358 3352 2554 3417 πάλιν,
2602 3357 2705 3410 Διά
2740 3356 2807 3410 τὸ
2839 3357 3004 3425 ἔχειν
3036 3375 3114 3428 με
3158 3361 3229 3413 ἐν
3256 3360 3330 3430 τῇ
3377 3362 3596 3431 καρδίᾳ

2023 3439 2198 3508 ὑμᾶς,
2238 3441 2309 3494 ἓν
2341 3460 2402 3496 τε
2431 3445 2554 3511 τοῖς
2581 3446 2829 3515 δεσμοῖς
2852 3467 2995 3517 μου.

2093 3538 2163 3600 γ’.
2185 3533 2368 3587 Ταῦτα
2382 3531 2473 3588 οὖν
2489 3537 2686 3601 εἰδότες
2707 3540 2801 3592 καὶ
2817 3541 2997 3610 ἡμεῖς,
3015 3540 3110 3593 x11
3128 3540 3415 3605 τοσούτους
3440 3542 3591 3613 ἔχον-

2021 3639 2113 3686 τες
2148 3623 2351 3688 τύπους
2383 3626 2623 3697 ἀγάπης,
2655 3630 2881 3693 ἑαυτοὺς
2918 3630 3246 3701 παρέχωμεν
3277 3631 3459 3697 ἀξίους
3480 3634 3592 3687 τῶν

2021 3716 2277 3769 τοιούτων
2309 3719 2738 3789 ὑποδειγμάτων,
2778 3724 2905 3793 περὶ
2934 3725 2993 3778 τὸ
3021 3725 3252 3796 πάσχειν
3279 3728 3414 3798 ὑπὲρ
3449 3728 3585 3798 Χρι-

2024 3805 2150 3858 στοῦ
2188 3806 2395 3879 ἕτοιμοι
2420 3811 2713 3881 γινόμενοι.
2751 3813 2913 3867 Ἀλλὰ
2957 3815 3051 3868 νῦν
3082 3816 3182 3869 οὐκ
3225 3816 3370 3870 ἐστιν
3403 3819 3431 3870 ὁ
3459 3818 3586 3871 διω-

2019 3896 2179 3966 γμός.
2215 3899 2423 3952 Οὐκοῦν
2460 3900 2564 3953 κᾶν
2614 3903 2781 3973 μηδὲν
2827 3904 3032 3976 ἕτερον,
3081 3906 3375 3977 μιμώμεθα
3408 3908 3588 3962 αὐτῶν

2017 3988 2117 4056 τὴν
2137 3989 2381 4044 εὐποιίαν
2411 3991 2509 4062 τὴν
2550 3992 2686 4063 μετά
2723 3994 3101 4065 σφοδρότητος,
3137 3999 3291 4068 μηδὲ,
3319 3999 3412 4052 ἐὰν
3441 4000 3590 4065 ἆπαξ

2017 4076 2197 4148 δῶμεν
2217 4082 2310 4134 καὶ
2332 4080 2601 4154 δεύτερον,
2631 4085 2692 4137 τὸ
2716 4087 2824 4139 πᾶν
2850 4087 3110 4158 ἡγώμεθα
3135 4088 3555 4162 πεπληρωκέναι
3571 4108 3584 4122 ⁸

2017 4169 2106 4224 διὰ
2143 4173 2341 4234 παντὸς
2368 4173 2475 4245 γὰρ
2516 4175 2611 4228 τοῦ
2638 4176 2753 4246 βίου
2784 4178 2942 4233 τοῦτο
2970 4181 3074 4251 χρὴ
3113 4185 3284 4235 ποιεῖν
3308 4199 3322 4212 ο
3367 4184 3428 4236 οὐ
3478 4185 3589 4255 γὰρ

2017 4260 2164 4330 ἅπαξ
2187 4264 2500 4334 εὐαρεστεῖν
2525 4267 2626 4328 δεῖ,
2658 4269 2792 4322 ἀλλὰ
2819 4270 3101 4341 διηνεκῶς.
3132 4275 3240 4326 Καὶ
3273 4273 3381 4344 γάρ
3414 4277 3442 4327 ὁ
3464 4275 3586 4346 τρέ-

2016 4369 2147 4422 χων,
2175 4354 2271 4407 ἐὰν
2292 4355 2421 4409 δέκα
2445 4357 2690 4422 διαύλους
2714 4370 2736 4398 ο
2778 4361 3018 4431 δραμὼν,
3053 4364 3144 4417 τὸν
3187 4364 3412 4437 ὕστερον
3447 4368 3581 4439 ἀφῇ,

2014 4442 2074 4495 τὸ
2104 4445 2212 4496 πᾶν
2235 4444 2484 4499 ἀπώλεσε
2501 4462 2514 4476 ’
2540 4450 2635 4501 καὶ
2660 4451 2838 4519 ἡμεῖς,
2870 4454 2965 4505 ἐὰν
2992 4453 3289 4523 ἀρξάμενοι
3310 4456 3420 4509 τῶν
3441 4460 3582 4526 ἀγα-

2014 4532 2124 4587 θῶν
2168 4535 2366 4607 ἔργων,
2413 4536 2637 4609 ὕστερον
2674 4541 3010 4610 ἐκλυθῶμεν,
3066 4545 3127 4597 τὸ
3160 4547 3266 4599 πᾶν
3298 4548 3583 4603 ἀπωλέσα-

2016 4642 2135 4695 μεν,
2176 4627 2237 4679 τὸ
2286 4629 2394 4681 πᾶν
2429 4630 2829 4703 διεφθείραμεν.
2885 4635 3082 4688 Ἀκουε
3127 4640 3226 4707 τῆς
3270 4641 3584 4709 έπωφελοῦς

2012 4717 2385 4788 παραινέσεως
2425 4720 2691 4792 λεγούσης
2724 4740 2738 4752 ’
2798 4724 3258 4795 Ἐλεημοσύναι,
3294 4733 3446 4799 φησι,
3482 4732 3581 4785 καὶ

2011 4807 2248 4873 πίστεις
2287 4808 2373 4877 μὴ
2422 4809 2867 4867 ἐκλειπέτωσάν
2912 4828 3006 4869 σε.
3039 4817 3151 4869 Οὐκ
3181 4813 3352 4883 εἶπεν,
3397 4819 3579 4885 Ἀπαξ

2011 4899 2256 4970 ποίησον,
2291 4901 2411 4954 οὐδὲ
2459 4902 2723 4974 δεύτερον,
2762 4906 2881 4959 οὐδὲ
2926 4906 3129 4981 τρίτον,
3167 4911 3289 4964 οὐδὲ
3330 4912 3575 4978 δέκατον,

2008 4993 2125 5048 οὐδὲ
2148 4995 2438 5048 ἑκατοστὸν
2454 4995 2504 5061 δ,
2529 4997 2663 5051 ἀλλὰ
2685 4999 2993 5064 διαπαντὸς.
3011 5001 3109 5068 Μὴ
3132 5002 3579 5058 ἐκλειπέτωσάν

2007 5103 2100 5147 σε.
2132 5086 2284 5157 φησί.
2323 5086 2432 5140 Καὶ
2476 5089 2576 5141 οὐκ
2623 5084 2764 5155 εἶπε,
2801 5091 2890 5162 Μὴ
2938 5092 3099 5156 αὐτὸς
3147 5094 3570 5167 ὲγκαταλείπῃς,

2006 5177 2163 5242 ἀλλὰ,
2214 5174 2401 5233 Αὖταί
2451 5193 2525 5232 σε
2557 5180 2641 5248 μὴ
2682 5181 3183 5249 ἐγκαταλείπωσι·
3231 5185 3442 5248 δεικνὺς
3492 5186 3572 5238 ὅτι

2004 5268 2166 5338 ἡμεῖς
2189 5268 2368 5322 αὐτῶν
2392 5269 2643 5340 δεόμεθα,
2666 5271 2763 5343 οὐχ
2786 5264 2945 5326 αὗται
2978 5272 3152 5344 ήμῶν,
3182 5275 3276 5327 καὶ
3303 5275 3571 5329 διδάσκων

2067 5470 2089 5532 ῗ
2113 5469 2313 5532 Cpislin.
2339 5474 2391 5518 et
2412 5483 2564 5530 marg.
2598 5470 2758 5532 Savlli
2774 5471 2888 5519 δέκα
2923 5472 3155 5532 διαύλους,
3182 5475 3328 5532 atque
3354 5477 3418 5519 Ita
3450 5473 3571 5530 Iegil
3650 5494 3655 5500 ’

2004 5528 2244 5594 Nobilius.
2272 5537 2354 5594 ειμι
2375 5532 2421 5594 in
2450 5528 2859 5594 intﬁrprctalioue
2898 5530 3068 5580 Latina
3097 5528 3260 5581 voceui
3290 5533 3414 5582 hanc
3438 5528 3573 5582 (ιπε-

2004 5589 2897 5670 εείξιιέιιβὲτιίίεεὲἀίιιίδέέαξρλίκογε-
3004 5654 3065 5670 η.
3099 5655 3134 5670 .,
3244 5654 3257 5670 .
3339 5654 3353 5670 .
3452 5655 3465 5670 .

2064 5649 2091 5690 ά
2113 5651 2388 5720 (‘.0is|jn._et
2408 5668 2559 5720 marg.
2580 5658 2729 5706 Savil.
2757 5649 2973 5713 ποίησον.
3001 5654 3071 5705 οὐ
3094 5655 3191 5715 δὶς,
3209 5654 3263 5704 οὐ
3284 5654 3399 5720 τρὶς,
3418 5655 3474 5704 οὐ
3495 5655 3573 5705 δό-

2014 5730 2176 5775 κατον,
2208 5714 2297 5777 οὐχ
2311 5715 2495 5768 ἑκατόν.
