4096 6388
401 316 497 370 181

396 433 479 486 ὅτι
517 431 694 486 πάντα
728 432 992 504 πράττειν
1017 433 1329 506 ὀφείλομεν,
1364 436 1505 490 ὥστε
1537 436 1707 500 αὐτὰς
1729 434 1981 506 κατέχειν

397 526 530 596 παρ’
573 526 806 589 ἑαυτοῖς.
844 528 1115 596 Ἔφαψαι
1152 529 1222 581 δὲ
1254 530 1464 595 αὑτὰς,
1510 529 1699 599 φησὶν,
1746 527 1847 581 ἐπὶ
1891 525 1984 592 σῷ

397 615 698 685 τραχήλῳ.
737 619 948 689 Ὥσπερ
985 620 1092 688 γὰρ
1125 620 1195 672 τά
1236 620 1345 672 τῶν
1379 621 1630 691 εὐπόρων
1666 618 1855 673 παιδία
1887 616 1983 670 κόο

406 723 545 777 σμον
571 707 685 777 ἔχει
719 709 954 779 χρυσοῦν
985 711 1113 782 περὶ
1149 711 1242 763 τὸν
1282 711 1573 781 τράχηλον,
1602 710 1696 763 καὶ
1728 709 1984 762 οὐδέποτε

398 798 562 851 αὐτὸν
587 800 922 864 ἀποτίθεται,
962 802 1038 866 ὡς
1059 805 1157 873 τῆς
1182 802 1460 869 ευγενείας
1482 802 1681 873 δεῖγμα
1708 800 1943 871 φέροντα
1968 817 1982 831 ·

396 885 541 940 οὕτω
561 890 654 942 καὶ
680 891 781 960 τὴν
811 890 1182 961 ἐλεημοσύνην
1207 895 1295 945 ἀεὶ
1327 893 1410 947 δεῖ
1450 894 1660 955 ἑαυτοῖς
1695 890 1980 961 περιτιθέο

398 996 509 1045 ναι,
543 981 860 1045 δεικνύντας
891 984 974 1036 ὅτι
1024 983 1120 1038 τοῦ
1159 984 1508 1056 οἰκτίρμονός
1555 986 1724 1054 ἐσμεν
1770 982 1983 1048 παῖδες,

397 1070 493 1125 τοῦ
508 1071 601 1125 τὸν
628 1073 780 1143 ἥλιον
811 1075 1195 1138 ἀνατέλλοντος
1252 1077 1347 1129 ἐπὶ
1396 1076 1668 1147 πονηροὺς
1702 1075 1796 1128 καὶ
1845 1075 1983 1141 ἀγαο

401 1162 550 1228 θοὺς.
597 1165 737 1219 Ἀλλ’
766 1167 829 1220 οὺ
870 1167 1220 1222 πιστεύουσιν
1260 1169 1309 1221 οί
1353 1168 1611 1231 ama-ton;
1651 1165 1861 1220 Οὐκοῦν
1896 1165 1988 1219 διά

400 1256 607 1311 τούτων
642 1259 1047 1326 πιστεύσουσιν,
1075 1260 1170 1313 ἐὰν
1193 1263 1354 1332 ἡμεῖς
1385 1258 1751 1331 ἐργαζώμεθα
1785 1257 1982 1311 ταῦτα.

415 1349 542 1403 Ἐάν
567 1350 677 1421 γὰρ
722 1350 923 1416 ἴδωσιν,
962 1354 1046 1406 ὅτι
1081 1355 1291 1416 πάντας
1323 1353 1606 1424 ἐλεοῦμεν,
1642 1353 1737 1405 καὶ
1782 1353 1990 1403 ἐκεῖνον

404 1445 825 1516 ἐπιγραφόμεθα
869 1445 1209 1510 διδάσκαλον,
1264 1445 1502 1498 εἴσονται
1552 1445 1633 1497 ὄτι
1685 1443 1846 1496 αὐτὸν
1896 1460 1989 1511 μι-

360 1596 365 1611 I
407 1535 668 1607 μούμενοι
714 1536 870 1589 τοῦτο
912 1536 1247 1606 πράττομεν,
1296 1536 1406 1589 Καὶ
1445 1534 1603 1589 τοῦτο
1650 1535 1748 1604 οὐχ
1805 1532 1991 1594 ἁπλῶς

404 1629 580 1682 ποιεῖν
596 1627 696 1692 δεῖ,
716 1628 850 1683 άλλά
875 1629 1013 1698 μετά
1037 1630 1313 1699 προσοχῆς
1336 1628 1430 1682 καὶ
1450 1629 1774 1698 ἀσφαλείας.
1808 1627 1989 1697 Ἑλεη-

409 1719 615 1791 μοσύνη
664 1721 801 1792 γὰρ,
849 1724 1011 1793 φησὶ,
1064 1722 1157 1776 καὶ
1202 1723 1385 1785 πίστις
1422 1721 1564 1774 ἔστω
1616 1739 1698 1775 σοι
1757 1721 1989 1791 ἀληθής.

406 1812 602 1875 Καλῶς
632 1807 805 1880 εἶπεν,
834 1813 1041 1885 ἀληθής
1064 1830 1079 1845 ·
1110 1815 1171 1867 ού
1209 1816 1319 1884 γάρ
1350 1815 1409 1880 ἐξ
1433 1815 1687 1886 ἁρπαγῆς
1721 1812 1992 1883 βούλεται,

405 1904 524 1957 οὐδὲ
559 1905 670 1958 ἀπὸ
704 1906 945 1974 κλοπῆς’
998 1905 1157 1960 τοῦτο
1189 1907 1301 1979 γὰρ
1348 1908 1449 1960 ούκ
1493 1907 1607 1960 ἐστι
1641 1906 1843 1971 πίστις,
1892 1905 1994 1959 οῦκ

406 1992 555 2047 ἐστιν
592 1996 797 2068 ἀληθὴς
840 1998 1202 2069 ἐλεημοσύνη.
1251 1998 1363 2053 Καὶ
1399 1999 1509 2069 γὰρ
1555 1998 1646 2051 τὸν
1692 1998 1995 2053 κλέπτοντα

405 2085 698 2154 Ιθεύδεσθαι
729 2090 963 2160 ἀνάγκη,
991 2091 1084 2144 καὶ
1114 2092 1393 2162 ἐπιορκεῖν
1425 2092 1506 2144 δεῖ
1534 2107 1548 2120 ’
1587 2091 1651 2143 σὺ
1682 2091 1739 2144 δὲ
1787 2091 1862 2162 μὴ
1901 2090 1997 2143 οῦ-

405 2194 535 2241 τως,
576 2179 711 2233 ἀλλὰ
745 2183 883 2251 μετά
924 2181 1025 2252 τῆς
1056 2182 1428 2255 ἐλεημοσύνης
1466 2183 1649 2236 πίστιν
1678 2182 1789 2254 ἐχε,
1838 2182 1994 2252 φησί.

409 2268 772 2340 Περιθώμεθα
800 2271 989 2326 τοῦτον
1019 2272 1171 2347 [195]
1198 2274 1290 2329 τὸν
1321 2276 1525 2346 κόσμον
1550 2291 1563 2304 ·
1606 2275 1880 2346 μανιάκην
1904 2276 1993 2346 ἐρ-

407 2362 711 2433 γασώμεθά
732 2367 797 2434 τῇ
822 2365 969 2437 ψυχῇ
1004 2366 1261 2436 χρυσοῦν,
1297 2366 1395 2437 τὴν
1425 2366 1798 2437 ἐλεημοσύνην
1828 2367 1993 2434 λέγω,

407 2454 514 2519 ἓως
544 2455 608 2508 ἂν
636 2457 823 2511 ἐνθάδε
845 2452 1017 2528 ὦμεν.
1054 2460 1179 2513 Ἐὰν
1212 2461 1321 2531 7&9
1347 2461 1593 2533 παρέλοῃ
1623 2463 1654 2530 ἡ
1689 2461 1878 2530 ἡλικία
1898 2460 1998 2513 αῦ-

406 2562 499 2617 τη,
527 2548 709 2602 οὐκέτι
735 2551 871 2621 αὐτῇ
895 2551 1232 2621 χρησόμεθα.
1269 2553 1428 2617 Πῶςης
1462 2555 1577 2605 Οὐκ
1597 2552 1734 2605 εἰσὶν
1762 2537 1882 2605 ἐκεῖ
1908 2551 2000 2606 πέ-

408 2654 589 2707 νητες,
625 2640 727 2691 οὐκ
748 2638 896 2692 ἐστιν
922 2640 1040 2692 ἐκεῖ
1067 2641 1347 2711 χρήματα,
1388 2643 1487 2694 οὐκ
1518 2640 1667 2695 ἐστιν
1693 2643 1810 2694 ἐκεῖ
1849 2659 1999 2695 πτω-

409 2727 533 2797 χεία
554 2745 568 2759 ο
594 2728 700 2792 ἓως
728 2729 895 2800 ἐσμὲν
926 2730 1133 2793 παῖδες,
1172 2732 1246 2802 μὴ
1275 2731 1743 2802 ἀποστερήσωμεν
1773 2733 1999 2797 ἑαυτοὺς

408 2817 504 2872 τοῦ
537 2819 743 2890 κόσμου
774 2820 987 2875 τούτου.
1028 2821 1301 2893 Καθάπερ
1346 2822 1455 2894 γὰρ
1490 2825 1584 2876 ἐπὶ
1621 2824 1732 2879 τῶν
1770 2826 1996 2891 παίδων,

411 2913 507 2965 ἐάν
537 2912 728 2983 ἄνδρες
773 2914 1063 2981 γένωνται,
1117 2918 1484 2986 περιαιρεῖται
1539 2915 1732 2983 ταῦτα,
1782 2919 1876 2971 καὶ
1911 2920 1999 2987 ἐφ’

409 3002 597 3073 ἕτερον
626 3005 848 3073 ἄγονται
885 3005 1091 3076 κόσμον
1109 3022 1124 3037 ⁸
1165 3007 1307 3061 οὕτω
1337 3010 1429 3062 καὶ
1463 3008 1548 3079 ἐφ’
1577 3010 1737 3081 ἡμῶν
1767 3027 1781 3040 ·
1815 3010 2002 3064 ούκέτι

409 3097 446 3167 ἡ
471 3095 560 3150 διὰ
587 3099 888 3168 χρημάτων
932 3098 1270 3171 ἐλεημοσύνη
1317 3102 1436 3154 ἐκεῖ
1462 3101 1638 3169 ἐσται,
1675 3104 1792 3157 ἀλλ’
1836 3104 2003 3176 ἐτέρα

411 3203 497 3250 τις
521 3188 657 3242 πολὺ
689 3188 911 3259 μείζων.
945 3189 1110 3243 Ὥστε
1134 3192 1340 3263 ταύτης
1381 3195 1609 3259 ἐαυτοὺς
1640 3197 1715 3267 μὴ
1765 3198 2000 3250 ἀποστε-

412 3282 690 3353 ρήσωμεν,
742 3283 1063 3354 ποιήσωμεν
1112 3284 1286 3358 καλὴν
1328 3287 1617 3356 φαίνεσθαι
1658 3289 1759 3355 τὴν
1799 3289 1998 3361 ψυχήν.

411 3372 572 3442 Μέγα
593 3373 931 3447 ἐλεημοσύνη
962 3374 1127 3428 καλὸν
1152 3378 1246 3430 καὶ
1266 3378 1467 3449 τίμιον,
1496 3380 1666 3451 δῶρόν
1692 3382 1808 3434 ἐστι
1832 3384 1999 3452 μέγα,

414 3465 615 3536 μᾶλλον
642 3467 697 3519 δὲ
729 3467 873 3537 μέγα
900 3466 1175 3539 ἀγαθότης
1214 3484 1229 3500 ο
1265 3470 1362 3524 ἐὰν
1408 3470 1672 3542 μάθωμεν
1701 3474 2002 3545 χρημάτων

413 3561 796 3628 καταφρονεῖν,
836 3558 931 3613 καὶ
968 3559 1132 3632 ἐτερα
1165 3560 1545 3634 μαθησόμεθα.
1584 3565 1727 3635 Ὅρα
1764 3568 1871 3636 γὰρ
1914 3566 2003 3619 ἐν·

412 3648 605 3702 τεῦθεν
633 3651 773 3704 πόσα
795 3651 1039 3706 τίκτεται
1073 3655 1256 3723 ἀγαθά
1288 3671 1301 3685 ⁶
1338 3658 1367 3709 6
1389 3656 1568 3721 διδοὺς
1600 3657 2000 3730 ἐλεημοσύνην,

412 3738 490 3802 ὡς
515 3742 621 3810 χρὴ
652 3741 875 3806 διδόναι,
909 3743 1173 3813 μανθάνει
1220 3746 1331 3799 τῶν
1376 3748 1678 3817 χρημάτων
1721 3766 2003 3820 καταφρο-

415 3834 556 3883 νεῖν·
586 3833 615 3883 6
642 3832 828 3901 μαθὼν
859 3835 1161 3906 χρημάτων
1189 3841 1570 3907 καταφρονεῖν,
1605 3841 1707 3910 τὴν
1737 3839 1895 3910 ῥίζαν
1916 3839 2005 3905 ἐξ-

417 3921 581 3992 έκοψε
613 3924 722 3977 τῶν
751 3924 960 3980 κακῶν.
1002 3927 1168 3981 Ὥστε
1214 3928 1314 3981 οὐκ
1351 3926 1411 3982 εὖ
1444 3933 1591 3983 ποιεῖ
1626 3932 1849 4001 μᾶλλον,
1877 3932 1911 4002 ἢ
1942 3928 2002 3987 εὖ

417 4018 638 4087 πάσχει,
674 4018 734 4070 οὐ
771 4004 849 4089 τῷ
876 4019 1099 4091 ὀφειλὴν
1124 4020 1217 4074 καὶ
1244 4020 1478 4093 ἀμοιϐὴν
1507 4022 1719 4076 κεῖσθαι
1748 4024 1908 4093 μόνον
1935 4026 2003 4095 τῇ

418 4107 777 4181 ἐλεημοσύνη,
808 4109 946 4162 ἀλλά
976 4111 1069 4163 καὶ
1100 4109 1178 4182 τῷ
1203 4112 1299 4182 τὴν
1333 4111 1511 4183 ψυχὴν
1538 4114 1828 4182 φιλόσοφον
1859 4115 2005 4183 γίνε-

421 4198 564 4263 σθαι,
596 4201 693 4254 καὶ
726 4201 937 4273 ὑψηλὴν
967 4202 1062 4255 καὶ
1094 4202 1377 4263 πλουσίαν,
1422 4206 1479 4259 ’0
1503 4205 1683 4280 διδοὺς
1709 4206 2003 4276 ἐλεημοσύ-

418 4308 517 4362 νην
548 4293 859 4349 παιδεύεται
882 4294 956 4367 μὴ
978 4295 1276 4368 θαυμάζειν
1296 4300 1400 4371 χρή
1410 4316 1577 4369 ματα,
1608 4298 1742 4370 μηδὲ
1761 4302 1962 4371 χρυσόν

1648 4531 2005 4542 .—-————

1077 318 1138 373 S.
1176 317 1470 375 JOANNIS
1501 312 1997 375 CHRYSOSTOMI
2036 313 2354 372 ARCHIEP.
2395 312 2967 390 CONSTANTINOP,

3556 278 3664 373 «δε

2084 431 2244 487 τοῦτο
2273 433 2329 486 δὲ
2357 432 2666 496 παιδευθεὶς
2692 432 2791 504 τὴν
2818 432 3076 497 διάνοιαν,
3116 430 3289 503 ἀρχὴν
3322 429 3482 484 ἔλαϐε
3514 432 3669 502 μεγί-

2088 542 2221 596 στην
2244 524 2448 578 ἀνιέναι
2476 524 2611 595 πρὸς
2634 523 2725 577 τὸν
2757 524 3005 594 οὐρανὸν,
3037 523 3131 577 καὶ
3164 524 3344 593 μάχης
3377 524 3470 576 καὶ
3494 521 3671 595 ἔριδος

2086 612 2182 663 καὶ
2213 610 2409 679 φθόνου
2439 612 2535 664 καὶ
2575 612 2814 682 ἀθυμίας
2848 612 3050 683 μυρίας
3080 610 3303 681 ἐξέκοψε
3338 611 3667 682 προφάσεις.

2090 705 2233 756 Ἴστε
2258 703 2389 775 7&9,
2422 706 2535 757 ῖστε
2565 706 2658 759 καὶ
2688 706 2867 776 ὑμεῖς,
2908 706 2989 759 ὅτι
3014 706 3193 760 πάντα
3220 706 3291 759 τὰ
3320 707 3467 761 κακά
3494 708 3583 763 διὰ
3602 708 3675 763 τὰ

2086 797 2367 867 χρήματα,
2398 797 2491 850 καὶ
2526 799 2708 869 μυρίοι
2739 798 2966 869 πόλεμοι
2996 797 3084 852 διὰ
3110 798 3177 851 τά
3207 800 3490 872 χρήματα.
3528 800 3590 856 Ὀ
3611 800 3672 856 δέ

2087 888 2292 941 τούτων
2334 890 2519 959 μαθὼν
2556 891 2939 961 καταφρονεῖν,
2983 890 3041 942 ἐν
3084 890 3296 962 γαλήνῃ
3333 891 3674 964 κατέστησεν

2088 982 2300 1041 ἑαυτὸν,
2330 982 2512 1035 οὐκέτι
2545 982 2745 1053 ζημίαν
2765 983 2990 1036 δέδοικε.
3017 982 3189 1036 Τοῦτο
3215 984 3323 1054 γὰρ
3352 983 3673 1037 ἐπαίδευσεν

2090 1075 2253 1128 αὺτὸν
2283 1076 2316 1147 ἠ
2344 1075 2679 1147 ἐλεημοσύνη
2703 1091 2715 1104 ·
2753 1076 2938 1130 ούκέτι
2971 1075 3232 1147 ἐπιθυμεῖ
3261 1075 3371 1128 τῶν
3403 1076 3497 1128 τοῦ
3532 1075 3673 1143 πλη-

2093 1165 2208 1219 σίον
2228 1181 2244 1197 °
2270 1165 2387 1228 πῶς
2408 1165 2534 1238 γὰρ,
2562 1168 2591 1219 6
2614 1165 2685 1219 τὰ
2708 1165 2874 1219 αὑτοῦ
2904 1164 3314 1235 ἀποκτώμενος,
3346 1166 3438 1218 καὶ
3460 1164 3673 1232 διδούςς

2090 1257 2271 1311 οὐκέτι
2301 1258 2585 1329 βασκαίνει
2616 1257 2694 1327 τῷ
2724 1257 3045 1311 πλουτοῦντι
3080 1273 3095 1288 ο
3126 1256 3243 1320 πῶς
3272 1256 3402 1328 7&9,
3433 1259 3461 1309 6
3491 1256 3677 1327 βουλό-

2095 1368 2258 1422 μενος
2293 1349 2548 1421 γενέσθαι
2595 1352 2802 1420 πένηςς
2844 1349 3191 1419 διακαθαίρει
3228 1348 3392 1403 αὐτοῦ
3427 1349 3487 1401 τὸ
3520 1348 3677 1418 ὄμμα

2091 1444 2193 1513 τῆς
2212 1443 2410 1513 ψυχῆς.
2446 1443 2552 1495 Καὶ
2577 1441 2748 1495 ταῦτα
2788 1443 2885 1510 μὲν
2910 1441 3145 1494 ἐνταῦθα
3179 1457 3190 1469 ·
3214 1440 3285 1493 τὰ
3307 1440 3363 1493 δὲ
3399 1442 3516 1493 ἐκεῖ
3554 1439 3677 1493 οὑδέ

2094 1535 2240 1589 ἐστιν
2284 1538 2479 1598 εἰπεῖν,
2539 1536 2680 1589 ὅσων
2726 1535 3064 1599 ἐπιτεύξεται
3107 1532 3349 1601 ἀγαθῶν.
3401 1533 3474 1587 Ού
3527 1532 3680 1600 μενεῖ

2096 1629 2201 1696 ἐξω
2225 1628 2362 1699 μετά
2388 1628 2496 1682 τῶν
2526 1627 2725 1699 μωρῶν
2756 1628 3060 1700 παρθένων,
3086 1627 3221 1680 ἀλλά
3252 1625 3390 1697 μετά
3417 1624 3524 1678 τῶν
3547 1640 3681 1695 φροο

2100 1721 2273 1792 νίμων
2310 1721 2693 1786 εἰσελεύσεται,
2745 1722 2884 1792 μετά
2924 1720 3018 1775 τοῦ
3050 1721 3304 1791 νυμφίου,
3332 1719 3431 1782 τὰς
3461 1717 3682 1788 λαμπά-

2099 1814 2196 1878 δας
2230 1816 2369 1884 ἐχων
2400 1814 2688 1886 λαμπράς’
2713 1815 2806 1869 καὶ
2833 1814 2942 1868 τῶν
2968 1816 3026 1867 ἐν
3047 1813 3312 1885 παρθενίᾳ
3330 1813 3679 1881 ταλαιπωρη-

2102 1906 2317 1973 θεισῶν,
2347 1908 2375 1961 6
2406 1908 2542 1979 μηδέ
2565 1908 2900 1980 γευσάμενος
2937 1908 3045 1961 τῶν
3085 1909 3264 1961 πόνων
3293 1906 3537 1971 ἐκείνων,
3572 1900 3683 1958 ἀπὸ

2099 1995 2305 2067 ταύτης
2342 1996 2494 2051 ἐσται
2526 1997 2771 2068 βελτίων.
2816 1997 3064 2069 Τοσαύτη
3107 1999 3140 2069 ἡ
3173 1997 3275 2067 τῆς
3308 1994 3683 2067 ἐλεημοσύνης

2106 2088 2258 2158 ἰσχύς
2289 2105 2305 2120 ο
2359 2088 2496 2157 μετά
2544 2089 2749 2159 πολλῆς
2789 2091 2999 2158 εἰσάγει
3058 2090 3157 2159 τῆς
3202 2087 3515 2159 παρρησίας
3554 2085 3684 2149 τοὺς

2102 2181 2273 2249 αὐτῆς
2298 2181 2619 2251 τροφίμους.
2664 2181 2918 2252 Γνωρίμη
2951 2181 3059 2251 γάρ
3106 2182 3220 2233 ἐστι
3249 2182 3360 2240 τοῖς
3390 2178 3445 2229 ἐν
3482 2175 3561 2247 τῷ
3590 2176 3685 2229 ού-

2108 2273 2253 2343 ρανῷ
2288 2272 2581 2344 πυλωροίς,
2614 2275 2725 2336 τοῖς
2759 2273 2859 2336 τάς
2889 2272 3059 2344 θύρας
3104 2270 3393 2340 κατέχουσι
3424 2267 3517 2321 τοῦ
3546 2284 3685 2337 νυμ·

2104 2365 2281 2436 φῶνος
2309 2383 2323 2399 ο
2366 2367 2428 2420 οὐ
2462 2366 2622 2436 μόνον
2650 2366 2710 2420 δὲ
2743 2366 3017 2438 γνωρίμη,
3049 2364 3185 2418 ἀλλὰ
3213 2365 3307 2417 καὶ
3353 2363 3629 2431 αἰδέσιμος
3665 2374 3683 2391 ⁸

2106 2460 2201 2512 καὶ
2221 2458 2313 2523 οὓς
2348 2460 2413 2513 ἂν
2448 2457 2653 2529 ἐπιγνῷ
2683 2458 3049 2529 τετιμηκότας
3081 2456 3273 2527 αὐτὴν.
3305 2454 3443 2525 μετὰ
3475 2451 3680 2521 πολλῆς

2106 2550 2309 2614 εἰσάξει
2360 2553 2459 2619 τῆς
2500 2550 2838 2622 παρρησίας,
2895 2550 2990 2602 καὶ
3028 2549 3200 2610 οὐδεὶς
3251 2547 3488 2618 ἀντερεῖ,
3547 2543 3686 2598 ἀλλὰ

2106 2643 2311 2706 πάντες
2352 2642 2753 2714 ὑποχωροῦσιν.
2790 2643 2852 2694 Εἰ
2886 2642 2993 2713 γὰρ
3034 2642 3125 2693 τὸν
3163 2639 3297 2693 Θεὸν
3327 2640 3407 2701 εἰς
3455 2637 3553 2707 τὴν
3581 2636 3686 2705 γῆν

2107 2737 2391 2806 κατήγαγε
2440 2737 2535 2788 καὶ
2577 2734 2794 2787 ἐπεισεν
2842 2733 3128 2805 ἄνθρωπον
3178 2730 3451 2799 γενέσθαι,
3503 2726 3688 2797 πολλῷ

2110 2826 2310 2899 μᾶλλον
2339 2826 2625 2898 ἄνθρωπον
2663 2827 2742 2890 εἰς
2771 2825 2862 2879 τὸν
2885 2824 3111 2894 οὐρανὸν
3137 2824 3434 2891 ἀναγαγεῖν
3460 2820 3683 2890 δυνήσε-

2104 2937 2217 2975 ται.
2244 2920 2473 2991 Μεγάλη
2494 2919 2603 2989 γὰρ
2632 2919 2801 2990 αὐτῆς
2833 2916 2984 2990 [194]
3031 2917 3065 2988 ἡ
3122 2915 3294 2987 ἰσχύς.
3344 2915 3407 2967 Εἰ
3445 2908 3538 2965 οῦν
3579 2909 3691 2965 ἀπὸ

2103 3013 2286 3077 ἐλέους
2314 3014 2409 3067 καὶ
2439 3010 2852 3083 φιλανθρωπίας
2898 3010 2927 3063 ό
2970 3008 3102 3071 Θεὸς
3131 3006 3416 3079 ἄνθρωπος
3445 3005 3684 3073 ἐγένετο,

2103 3106 2198 3161 καὶ
2226 3106 2444 3160 ἔπεισεν
2493 3104 2659 3159 αὐτὸν
2707 3103 2893 3158 δοῦλον
2929 3101 3204 3171 γενέσθαι,
3256 3098 3438 3168 πολλῷ
3482 3096 3684 3167 μᾶλλον

2101 3200 2227 3262 τοὺς
2256 3198 2477 3262 δούλους
2507 3199 2588 3263 εἰς
2618 3196 2717 3269 τὴν
2750 3196 2928 3251 οἰκίαν
2955 3196 3158 3261 εἰσάξει
3185 3193 3279 3265 τὴν
3311 3192 3500 3246 αὑτοῦ.
3542 3187 3683 3243 Ταύ-

2102 3309 2202 3361 την
2227 3292 2625 3362 ἀγαπήσωμεν,
2648 3289 2857 3358 ταύτην
2885 3288 3223 3357 στέρξωμεν,
3274 3284 3348 3354 μὴ
3382 3283 3510 3355 μίαν
3537 3280 3646 3353 ημέ
3663 3311 3682 3322 -

2108 3399 2206 3453 ραν
2233 3382 2366 3455 μηδέ
2386 3382 2669 3453 δευτέραν,
2697 3380 2834 3433 ἀλλὰ
2864 3378 2953 3434 διὰ
2983 3378 3185 3441 παντὸς
3213 3374 3307 3430 τοῦ
3338 3375 3550 3446 χρόνου,
3599 3374 3689 3427 ἵνα

2104 3477 2251 3547 ἡμᾶς
2279 3473 2487 3545 ἐπιγνῷ
2517 3490 2532 3505 ⁸
2565 3474 2633 3528 ἂν
2664 3473 2805 3546 αὐτὴ
2845 3474 2993 3545 ἡμᾶς
3038 3470 3263 3541 ἐπιγνῷ,
3298 3471 3393 3523 καὶ
3422 3471 3449 3522 6
3479 3467 3687 3538 Κύριος

2105 3567 2470 3638 ἐπιγνώσεται
2494 3584 2508 3597 ·
2542 3565 2608 3621 ἂν
2629 3567 2766 3638 αὐτὴ
2797 3566 3067 3637 άγνοήσῃ,
3095 3564 3187 3617 καὶ
3208 3565 3235 3616 6
3261 3561 3463 3630 Κύριος
3486 3560 3686 3628 ἀγνοήο

2112 3676 2218 3724 σει,
2243 3660 2338 3713 καῖ
2362 3659 2509 3729 ἐρεῖ·
2534 3656 2649 3711 Οὐκ
2674 3652 2791 3710 οἰδα
2822 3656 2987 3727 ὑμᾶς.
3019 3655 3181 3709 Ἀλλά
3212 3654 3285 3723 μὴ
3313 3650 3523 3720 γένοιτο
3551 3647 3688 3701 ταύ-

2103 3766 2203 3820 της
2251 3748 2484 3803 ὰκοῦσαι
2521 3748 2674 3819 ἡμᾶς
2715 3750 2814 3817 τῆς
2846 3746 3052 3817 φωνῆς,
3100 3744 3237 3797 ἀλλά
3272 3743 3371 3811 τῆς
3410 3739 3687 3811 μακαρίας

2105 3840 2319 3910 ἐκείνης
2347 3855 2360 3870 ⁸
2401 3840 2602 3906 Δεῦτε,
2644 3840 2700 3893 οἱ
2728 3837 3120 3905 εὐλογημένοι
3155 3834 3260 3888 τοῦ
3300 3832 3525 3898 Πατρός
3541 3848 3685 3899 μου,

2106 3931 2604 4000 κληρονομήσατε
2655 3928 2773 3997 τὴν
2811 3925 3261 3999 ἡτοιμασμένην
3316 3922 3461 3993 ὑμῖν
3502 3922 3691 3987 ﬂama

2105 4023 2280 4077 λείαν
2309 4023 2429 4079 ἀπὸ
2458 4022 2800 4090 καταϐολῆς
2834 4022 3065 4091 κόσμου
3098 4038 3113 4052 ο
3143 4014 3209 4090 ἧς
3241 4017 3452 4087 γένοιτο
3481 4015 3692 4079 πάντας

2107 4116 2255 4186 ἡμᾶς
2286 4117 2583 4186 ἐπιτυχεῖν,
2613 4116 2798 4187 χάριτι
2822 4115 2916 4170 καὶ
2946 4112 3347 4185 φιλανθρωπία,
3380 4113 3438 4163 ἐν
3467 4106 3690 4187 Χριστῷ

2120 4207 2296 4278 Ἰησοῦ
2333 4207 2410 4279 τῷ
2441 4209 2629 4281 Κυρίῳ
2677 4209 2854 4281 ἡμῶν,
2897 4208 3017 4281 μεθ’
3060 4202 3121 4262 οῦ
3150 4206 3227 4277 τῷ
3273 4204 3472 4276 Πατρὶ,
3496 4202 3590 4257 καὶ
3619 4202 3690 4255 τὰ

2108 4301 2254 4373 ἑξῆς.

1902 4764 2155 4820 ΟΜΙΛῙΑ
2193 4766 2274 4820 A'.

428 4917 672 4989 Παῦλος
718 4918 817 4989 καί
864 4918 1173 4987 Τιμόθεος,
1224 4918 1431 4976 δοῦλοι
1478 4922 1683 4989 Ἰησοῦ
1732 4921 2014 4989 Χριστοῦ,

505 4986 656 5062 πᾶσι
697 4987 825 5062 τοῖς
862 4986 1053 5058 ἁγίοις
1084 4992 1156 5043 ἐν
1186 4992 1421 5059 Χριστῷ
1457 4986 1651 5062 Ἰησοῦ
1683 4986 1808 5059 τοῖξι
1834 4987 2017 5047 οὖσιν

499 5062 575 5130 ἐν.
607 5060 928 5130 Φιλίπποις
952 5098 967 5123 ,
1009 5065 1491 5130 συνεπισκόποις
1520 5060 1633 5115 παὶ
1687 5062 2013 5127 διακόνοις,

500 5128 673 5203 χάρις
696 5127 839 5203 ὑμῖν
876 5130 975 5203 καὶ
1003 5130 1213 5203 εἰρήνη
1254 5133 1375 5186 ἀπὸ
1403 5127 1552 5188 Θέοῦ
1582 5133 1814 5203 Πατρός
1847 5130 2016 5203 ἡμῶν

497 5200 597 5253 καί
627 5200 849 5268 Κυρίου
888 5200 1083 5269 Ἰησοῦ
1109 5202 1389 5269 Χριστοῦ.

500 5380 570 5428 α’.
624 5372 890 5427 Ἐνταῦθα
929 5373 1023 5428 ἅτε
1055 5374 1193 5446 πρὸς
1236 5377 1532 5447 ὁμοτίμους
1568 5377 1917 5441 ἐπιστέλλων,
1952 5378 2013 5431 ού

428 5464 641 5535 τίθησιν
657 5465 819 5517 αὑτοῦ
848 5466 907 5519 τὸ
924 5466 1022 5537 τῆς
1044 5466 1389 5531 διδασκαλίας
1410 5469 1646 5540 ἀξίωμα.
1681 5470 1796 5524 ἀλλ’
1829 5471 2016 5542 ἕτερον

432 5558 529 5608 καὶ
560 5556 692 5608 αὐτὸ
727 5557 889 5626 μέγα.
910 5559 1069 5612 Ποῖον
1101 5559 1167 5631 δὴ
1197 5560 1381 5627 τοῦτο;
1411 5562 1607 5616 Δοῦλον
1636 5562 1832 5615 ἑαυτόν
1855 5578 2012 5631 φησι,

434 5648 529 5699 καὶ
559 5647 659 5698 οὐκ
685 5648 1001 5706 ἀπόστολον.
1027 5652 1189 5721 Μέγα
1209 5656 1317 5725 γὰρ
1348 5655 1517 5718 ὅντως
1547 5657 1641 5708 καὶ
1665 5656 1824 5709 τοῦτο
1846 5653 2013 5722 ἀξίω-

438 5754 537 5807 μα,
567 5737 663 5789 καὶ
689 5740 749 5791 τὸ
775 5741 1066 5809 κεφάλαιον
1096 5745 1203 5798 τῶν
1233 5746 1476 5815 ἀγαθῶν,
1503 5746 1690 5802 δοῦλον
1718 5744 1859 5801 εἶναι
1880 5747 2015 5817 Χρι-

2114 4921 2264 4987 στοῦ,
2288 4921 2384 4975 καὶ
2421 4922 2497 4993 μὴ
2521 4919 2707 4983 ἁπλῶς
2729 4915 3005 4988 λέγεσθαι.
3023 4913 3082 4967 '0
3101 4911 3194 4967 τοῦ
3216 4905 3456 4982 Χριστοῦ
3482 4905 3690 4973 δοῦλος,

2111 5007 2269 5078 οὗτος
2298 5014 2468 5077 ὅντως
2498 5010 2781 5082 ἐλεύθερός
2798 5010 2998 5080 ἐστιτῇ
3012 5004 3257 5077 ἁμαρτίᾳ
3274 5014 3322 5068 ο,
3347 5000 3444 5055 καὶ
3468 5002 3693 5073 γνήσιος

2112 5107 2189 5161 ὣν
2227 5105 2434 5173 δοῦλος,
2456 5104 2667 5168 οὐδενὸς
2698 5101 2861 5158 ἄλλου
2906 5096 3261 5163 καταδέξεται
3305 5093 3489 5158 δοῦλος
3536 5091 3691 5161 γενέ-

2115 5199 2269 5253 σθαι·
2302 5198 2429 5252 ἐπεῖ
2460 5198 2570 5252 οὐδ’
2593 5197 2659 5251 ἂν
2689 5194 2833 5249 οὕτω
2854 5192 3064 5263 γένοιτο
3091 5188 3186 5243 τοῦ
3215 5185 3453 5258 Χριστοῦ
3485 5183 3691 5248 δοῦλος,

2114 5293 2229 5347 ἀλλ’
2258 5291 2318 5357 ἐξ
2343 5290 2623 5362 ἡμισείας.
2655 5287 2767 5342 Καὶ
2803 5282 3095 5355 Ῥωμαίοις
3125 5280 3223 5351 μὲν
3253 5276 3416 5332 πάλιν
3436 5275 3691 5331 ἐπιστέλ-

2114 5384 2220 5438 λων
2262 5384 2413 5453 λέγει
2435 5401 2450 5415 ·
2484 5381 2725 5445 Παῦλος
2764 5378 2987 5442 δοῦλος
3026 5370 3229 5441 Ἰησοῦ
3257 5368 3548 5440 Χριστοῦο
3583 5368 3693 5421 Ko-

2115 5480 2338 5553 ρινθίοις
2363 5478 2420 5532 δὲ
2456 5478 2551 5531 καὶ
2583 5474 2835 5546 Τιμοθέῳ
2861 5468 3211 5532 ἐπιστέλλων,
3239 5463 3536 5518 ἀπόστολον
3567 5462 3694 5515 ἐαυ-

2113 5572 2206 5628 τὸν
2250 5570 2423 5626 καλεῖ,
2461 5569 2619 5633 Τίνος
2662 5562 2757 5621 οῦν
2807 5564 2995 5617 ἕνεκεν
3042 5557 3199 5613 τοῦτο
3251 5557 3429 5624 ποιεῖς
3466 5553 3580 5626 Οὐχ
3609 5552 3693 5608 ὅτι

2178 5777 2201 5805 ⁸
2234 5771 2540 5836 Legendum,
2564 5783 2614 5820 ιιι
2640 5768 2799 5828 fallor,
2820 5771 2904 5823 τῆς
2925 5759 3171 5825 ἁμαρτίας.
3192 5756 3329 5809 Em.
