4100 6412
310 328 402 383 131

311 448 571 496 honorum
594 447 814 506 operum
838 446 999 487 cursu
1024 428 1378 483 defecerimus
1397 466 1413 491 ,
1444 434 1609 478 totum
1650 421 1881 491 perdidi-

307 548 449 596 mus,
478 538 645 584 totum
676 526 1030 595 corrupinms.
1071 521 1208 574 Audi
1257 517 1537 588 perutilem
1564 513 1885 568 admonitio-

308 638 431 678 nem
465 620 571 675 illis
596 618 992 688 pronuntiat-im
1020 612 1196 665 verbis
1229 626 1241 662 :
1272 607 1640 676 Eleemosynw,
1670 604 1837 673 inquit
1861 644 1874 663 ,

306 728 358 768 et
385 716 509 784 ﬁdes
537 727 585 765 te
604 728 707 763 non
739 709 971 761 deserant
1001 704 1183 775 (Prov.
1209 703 1263 757 5.
1283 701 1360 770 3).
1384 701 1499 754 Non
1528 700 1679 762 dixit,
1710 696 1889 749 Semel

308 806 470 861 facito
489 846 505 871 ,
529 813 621 858 aut
652 803 732 857 bis
750 843 767 866 ,
791 810 882 854 aut
907 809 989 852 ter
1010 839 1024 863 ,
1052 807 1143 849 aut
1163 795 1342 851 decies
1362 836 1377 859 ,
1406 802 1499 845 aut
1527 791 1728 846 centies
1750 832 1762 847 .
1794 787 1889 841 Sed

308 907 569 973 perpetuo
595 914 609 948 :
642 894 712 949 Te
739 908 841 947 non
889 893 1156 951 deserant,
1187 886 1375 956 inquit.
1405 880 1683 938 Nec'vero
1708 880 1845 933 dixit
1870 918 1887 942 ,

309 994 456 1063 lpsas
478 1007 545 1045 ne
571 988 790 1044 deseras
813 1028 828 1051 ,
858 984 950 1039 sed
976 1024 990 1047 ,
1022 981 1161 1050 Ipsa:
1186 989 1233 1034 te
1259 996 1358 1032 non
1402 978 1675 1036 deserant;
1700 982 1889 1025 osten-

307 1086 440 1139 dens
454 1098 551 1138 nos
581 1097 723 1142 esse,
743 1080 828 1144 qui
850 1080 1084 1146 ipsarum
1106 1087 1377 1143 egeamus,
1393 1084 1500 1123 non
1521 1070 1661 1137 ipsas
1685 1065 1886 1128 nostri;

307 1180 616 1246 ducensque
647 1173 781 1228 nihil
812 1172 967 1225 nobis
1014 1184 1118 1222 non
1150 1164 1447 1220 faciendum
1481 1177 1600 1217 esse
1630 1204 1644 1225 ,
1678 1170 1736 1212 ut
1771 1159 1890 1212 illas

306 1269 444 1333 apud
482 1283 577 1320 nos
639 1265 983 1319 retineamus.
1015 1260 1284 1314 Circumda
1319 1273 1436 1319 eas,
1463 1254 1670 1323 inquit,
1697 1251 1890 1320 gutturi

309 1376 392 1417 tuo
424 1360 610 1427 (Ibid).
636 1354 1097 1424 Quemadmodum
1145 1353 1285 1405 enim
1331 1349 1553 1404 divitttm
1604 1346 1695 1398 lilii
1722 1344 1889 1397 decus

307 1472 525 1512 aureum
552 1454 690 1507 circa
720 1451 915 1505 collum
943 1454 1176 1517 gestant,
1209 1442 1443 1511 illudque
1470 1452 1760 1506 numquam
1792 1435 1889 1488 de-

309 1556 512 1619 ponunt
552 1587 568 1611 ,
620 1543 773 1614 quasi
824 1540 1115 1595 nobilitatis
1160 1538 1365 1605 insigne
1405 1531 1884 1587 circumferentes:

308 1641 379 1695 ita
409 1650 462 1693 et
488 1638 883 1705 eleemosynatn
902 1632 1054 1685 nobis
1081 1630 1211 1697 ipsis
1232 1625 1625 1680 circumdemus
1654 1626 1885 1686 oportet,

307 1733 642 1785 declarantes
682 1742 782 1781 nos
840 1739 959 1779 esse
1004 1718 1367 1775 misericordis
1416 1718 1563 1771 illius
1599 1714 1767 1777 ﬁlios,
1795 1714 1884 1783 qui

308 1824 475 1877 solem
525 1820 723 1877 exoriri
767 1818 897 1872 facit
931 1831 1094 1884 super
1144 1814 1311 1867 malos
1359 1822 1415 1867 et
1456 1811 1645 1864 bonos.
1685 1812 1753 1862 At
1782 1822 1886 1860 non

307 1917 534 1971 credunt
560 1912 840 1969 inﬁdeles?
867 1909 1117 1979 Quinimo
1160 1923 1253 1976 per
1280 1906 1393 1959 hmc
1430 1904 1689 1967 credent,
1716 1902 1759 1954 si
1793 1916 1890 1953 nos

309 2010 424 2063 hmc
454 2006 883 2077 prmstitcrimus.
907 2003 1038 2057 Nam
1069 2004 1112 2055 si
1134 2000 1362 2053 viderint
1389 2012 1489 2051 nos
1518 1997 1755 2049 munium
1785 1995 1887 2046 mi-

309 2101 499 2165 sereri,
520 2099 773 2167 illumque
801 2103 1189 2166 repraesentare
1218 2100 1599 2161 przeceptorem
1625 2087 1722 2151 ;ad
1749 2088 1890 2139 illius

306 2192 659 2245 imitationem
683 2188 783 2241 hoc
809 2203 837 2240 a
863 2186 1016 2240 nobis
1046 2184 1161 2238 ﬁeri
1192 2183 1520 2251 intelligent.
1543 2180 1726 2249 Neque
1758 2195 1889 2232 Vero

309 2292 597 2351 utcumque
627 2280 820 2334 iecisse
843 2279 973 2331 satis
1013 2286 1116 2339 est,
1145 2275 1239 2329 sed
1267 2274 1445 2329 cautio
1474 2272 1718 2342 quaedam
1751 2288 1884 2338 pra:-

309 2387 453 2428 terea
471 2388 535 2428 ac
550 2372 943 2426 munimentum
969 2368 1277 2439 requiritur.
1301 2366 1677 2435 Eleemosyna,
1698 2366 1886 2435 inquit,

306 2478 363 2520 et
384 2466 516 2519 ﬁdes
540 2464 610 2519 sit
631 2463 722 2518 tibi
744 2478 891 2517 vera.
921 2462 1087 2516 Recte
1104 2460 1257 2521 dixit,
1283 2460 1437 2522 Vera,
1462 2474 1569 2513 non
1593 2475 1659 2513 ex
1678 2460 1887 2527 rapina,

308 2573 413 2614 non
426 2575 492 2615 ex
518 2555 655 2613 l'urto
676 2554 805 2612 :hoc
826 2556 968 2612 enim
987 2568 1093 2607 non
1107 2563 1187 2607 est
1210 2552 1363 2617 ﬁdes,
1384 2567 1487 2604 non
1503 2560 1583 2605 est
1599 2567 1721 2606 vera
1744 2552 1891 2607 elee-

307 2666 551 2723 mosyna.
581 2649 712 2704 Nam
740 2650 830 2719 qui
876 2648 1115 2706 furatur.
1153 2661 1277 2699 eum
1306 2645 1519 2701 mentiri
1564 2660 1627 2699 ac
1652 2646 1892 2715 pejerare

310 2760 535 2801 necesse
562 2756 683 2809 est;
718 2754 772 2797 tu
796 2757 925 2797 vero
955 2756 1061 2795 non
1095 2741 1189 2805 ita,
1222 2740 1319 2794 sed
1364 2754 1467 2794 una
1503 2754 1624 2793 cum
1654 2738 1889 2793 eleemo-

307 2851 440 2908 syna
495 2835 655 2890 [idem
708 2849 924 2904 quoque
978 2833 1207 2897 habeto,
1262 2831 1453 2901 inquit.
1483 2829 1891 2885 Circumdemus

308 2928 462 2983 nobis
488 2928 645 2980 ismm
674 2936 923 2981 ornatum
948 2940 964 2989 ;
990 2934 1236 2994 torquem
1269 2922 1410 2976 hunc
1448 2938 1670 2977 aureum
1698 2923 1893 2975 anim-.e

308 3029 582 3088 aptemus,
615 3016 1013 3086 eleemosynam
1063 3016 1223 3081 dico,
1251 3014 1506 3085 quamdiu
1556 3015 1761 3069 scilicet
1807 3013 1895 3068 hic

310 3110 589 3166 fuerimus.
617 3108 748 3163 Nam
778 3124 902 3163 cum
933 3116 1064 3163 mtas
1102 3107 1219 3163 hch
1258 3108 1615 3178 praeterierit,
1648 3122 1754 3162 non
1778 3124 1894 3162 am-

311 3206 451 3273 plius
478 3204 565 3257 illa
600 3212 830 3257 utemur.
862 3202 997 3270 Quid
1030 3202 1143 3256 ita?
1172 3200 1289 3257 Non
1317 3213 1442 3256 sunt
1472 3202 1541 3256 ibi
1593 3219 1889 3273 pauperes,

310 3313 415 3351 nou
438 3307 563 3351 sunt
588 3297 657 3351 ibi
686 3297 947 3365 pecuniae,
976 3310 1081 3350 non
1107 3304 1192 3351 est
1221 3296 1290 3349 ibi
1312 3296 1631 3350 mendicitas
1660 3315 1671 3349 :
1700 3313 1891 3367 quam-

309 3391 398 3444 diu
422 3404 609 3444 sumus
638 3390 807 3459 pueri,
838 3398 1029 3443 ornatu
1060 3388 1165 3444 hoc
1193 3405 1291 3443 nos
1314 3390 1458 3459 ipsos
1487 3406 1553 3444 ne
1575 3391 1890 3459 spoliemns.

309 3482 463 3549 Quod
496 3482 642 3535 enim
681 3482 731 3533 in
760 3482 941 3549 pueris
963 3482 1166 3545 evenit,
1199 3492 1255 3535 ut
1282 3496 1404 3536 cum
1430 3481 1497 3535 ad
1525 3483 1734 3537 virilem
1766 3494 1893 3537 ata-

312 3583 420 3627 tem
468 3573 847 3641 pervcuerint,
878 3574 979 3628 ista
1022 3572 1332 3642 deponant,
1366 3582 1526 3643 atque
1580 3575 1743 3628 alium
1792 3575 1891 3628 sibi

310 3676 586 3718 assumant
628 3674 877 3718 ornatum
910 3683 923 3719 :
956 3663 1096 3717 idem
1144 3678 1358 3735 quoque
1388 3664 1439 3718 in
1473 3664 1648 3718 nobis.
1680 3664 1892 3719 Etenim

313 3758 418 3812 illic
445 3773 553 3812 non
584 3758 685 3811 erit
709 3757 1050 3828 eleemosyna
1080 3759 1179 3812 ista
1206 3798 1222 3824 ,
1254 3772 1374 3827 quae
1402 3758 1642 3826 pecuniis
1671 3756 1728 3811 ﬁt
1753 3800 1768 3823 ,
1798 3758 1892 3813 sed

314 3849 415 3903 alia
441 3849 683 3919 quaedam
712 3849 869 3917 longe
900 3851 1094 3918 major.
1124 3848 1203 3903 Ne
1246 3849 1408 3918 igitur
1430 3848 1637 3903 interea
1668 3848 1766 3903 hac
1796 3864 1894 3903 nos

312 3941 581 4011 privenms
608 3958 620 3993 :
651 3956 872 4013 operam
898 3941 1087 3995 demus
1107 3982 1122 4004 ,
1149 3950 1207 3994 ut
1256 3939 1530 4010 pulchram
1561 3956 1621 3995 se
1662 3949 1718 3995 et
1767 3956 1893 4012 spe-

311 4032 557 4087 ctandam
578 4033 813 4102 prmbeat
836 4032 1037 4088 anima.
1061 4031 1309 4103 Magnum
1329 4032 1673 4105 eleemosyna
1693 4034 1893 4089 bonum

309 4135 471 4197 atque
497 4125 816 4180 honoratum
863 4136 985 4193 est,
1032 4142 1283 4197 magnum
1329 4126 1529 4181 donum
1556 4169 1572 4193 ,
1619 4128 1726 4182 imo
1764 4143 1893 4183 vero

313 4233 503 4289 magna
530 4228 613 4273 est
638 4220 848 4273 bonitas
883 4236 896 4273 :
929 4219 975 4273 si
1004 4218 1351 4274 didicerimus
1395 4221 1653 4290 pecunias
1707 4233 1893 4277 conte-

314 4325 517 4376 mnere,
537 4309 696 4365 etiam
725 4310 825 4363 alia
852 4309 1140 4366 discemus.
1164 4311 1297 4366 Vide
1317 4312 1464 4365 enim
1488 4324 1619 4381 quot
1652 4313 1774 4368 hinc
1800 4330 1892 4384 pa-

312 4403 518 4458 riantur
541 4402 681 4457 bona
714 4421 727 4457 :
752 4402 841 4472 qui
869 4402 963 4457 dat
990 4403 1388 4475 eleemosynam
1414 4406 1687 4474 quomodo
1717 4407 1894 4462 danda

312 4506 429 4560 est,
484 4494 530 4549 is
574 4494 733 4549 discit
772 4494 1025 4563 pecunias
1075 4505 1466 4550 contemnere:
1499 4498 1591 4566 qui
1642 4500 1897 4567 pecunias

315 4584 660 4642 contemnere
708 4586 936 4654 didicit,
984 4588 1029 4642 is
1078 4588 1341 4643 malorum
1390 4590 1627 4645 radicem
1672 4593 1889 4647 excidit.

317 4680 673 4747 Quamobrem
700 4694 807 4734 non
826 4688 935 4733 tam
959 4678 1085 4734 facit
1108 4678 1450 4745 beneﬁcium,
1479 4697 1640 4752 quam
1666 4686 1897 4753 accipit;

1227 309 1292 365 IN
1331 307 1545 365 EPIST.
1590 307 1678 360 AD
1716 302 2004 359 PlllLli’P.
2047 304 2196 359 CAP.
2242 307 2282 361 l.
2327 304 2555 364 HOMiL.
2598 308 2641 364 Ι.

3477 310 3582 366 182

1991 430 2095 471 non
2128 421 2330 477 idcirco
2363 424 2561 490 solum,
2587 424 2727 494 quod
2757 425 3115 499 eleemosynre
3158 428 3445 482 constituta
3488 441 3573 482 est

1998 530 2204 569 merces
2239 530 2302 570 ac
2350 517 2630 571 retributio
2650 559 2665 581 ,
2691 533 2873 572 verum
2904 520 3066 574 etiam
3109 520 3251 589 quod
3282 522 3458 574 anima
3514 524 3572 573 lit

1997 609 2366 679 philos0phica
2403 612 2721 682 excelsaque
2748 628 2811 667 ac
2835 613 3010 667 dives.
3040 614 3141 681 Qui
3175 614 3581 685 eleemosynam

1996 700 2106 763 dat,
2137 702 2202 755 ad
2223 701 2361 756 hanc
2390 702 2731 772 disciplinam
2762 705 3024 769 eruditur,
3052 716 3107 758 ut
3138 707 3395 772 pecunias
3418 717 3579 775 atquo

1994 803 2185 845 aurum
2214 794 2433 848 minime
2481 794 2816 850 admiretur:
2849 797 2939 866 qui
2982 812 3109 851 vero
3158 797 3259 852 hac
3300 797 3580 866 disciplina

1997 883 2227 938 instituit
2272 886 2531 951 animum,
2565 901 2648 941 me
2693 889 2781 943 ille
2812 889 3131 958 praeclarum
3156 890 3486 945 ascendendi
3522 892 3573 945 in

1981 964 2185 1028 ‘cmlum
2224 978 2544 1048 principium
2575 979 2735 1043 fecit;
2765 991 3161 1052 sexcentasque
3192 998 3383 1053 pugnae
3404 1024 3419 1049 ,
3450 999 3581 1036 eou-

1996 1067 2283 1132 tentionis,
2316 1069 2563 1137 invidire,
2612 1074 2864 1126 maeroris
2904 1075 3218 1127 occasiones
3265 1076 3579 1143 amputavit.

1995 1156 2174 1212 Nostis
2195 1159 2334 1213 enim
2354 1159 2613 1229 profecto,
2648 1163 2816 1215 nostis
2842 1171 2899 1218 et
2926 1177 3042 1225 vos,
3074 1178 3139 1217 ex
3167 1164 3409 1232 pecuniis
3439 1166 3579 1219 mala

1994 1252 2194 1315 omnia,
2225 1267 2289 1305 ex
2319 1252 2559 1319 pecuniis
2606 1264 2857 1308 sexcenta
2897 1255 3032 1309 bella
3064 1257 3239 1311 solere
3286 1257 3570 1310 exsistere.

1994 1342 2352 1408 Quamobrem
2398 1343 2489 1411 qui
2517 1344 2633 1397 illas
2659 1355 3003 1399 contemnere
3028 1346 3250 1411 didicit,
3283 1348 3576 1416 tranquillo

1997 1435 2047 1486 in
2081 1445 2234 1503 portu
2268 1435 2500 1502 seipsum
2537 1435 2766 1499 locavit,
2801 1452 2901 1491 nec
2926 1438 3179 1492 damnum
3211 1439 3435 1508 posthac
3466 1456 3581 1493 me-

1995 1526 2114 1578 tuit.
2156 1526 2237 1580 Ad
2281 1525 2417 1580 hanc
2461 1527 2601 1580 enim
2651 1528 2991 1597 disciplinam
3040 1530 3187 1583 illum
3236 1532 3578 1601 eleemosyna

1995 1616 2226 1670 erudivit
2273 1636 2285 1670 :
2336 1634 2439 1671 non
2494 1620 2698 1687 appetit
2745 1622 2971 1687 posthac
3018 1622 3237 1685 aliena;
3300 1626 3575 1691 quonmdo

1995 1709 2160 1773 enim,
2189 1724 2311 1763 cum
2356 1726 2449 1764 sua
2475 1713 2635 1765 etiam
2677 1714 2959 1781 profundat
2985 1729 3047 1767 ac
3072 1715 3274 1768 donet?
3302 1716 3443 1768 nulla
3466 1716 3579 1785 jam

1993 1816 2117 1869 erga
2144 1800 2364 1854 divitem
2405 1802 2597 1855 invidia
2628 1806 2861 1873 tangitur
2886 1822 2900 1868 ;
2930 1805 3203 1873 quomodo
3261 1806 3426 1870 enim,
3451 1823 3575 1861 cum

1998 1909 2196 1962 pauper
2225 1895 2337 1947 lieri
2381 1896 2546 1949 velit?
2575 1897 2854 1966 ipsumque
2882 1900 3075 1953 anima:
3099 1899 3315 1953 oculum
3343 1904 3410 1955 ab
3432 1903 3578 1954 onmi

1998 1985 2115 2039 labe
2146 2001 2336 2055 purum
2362 1987 2555 2041 reddit.
2576 1990 2752 2057 Atque
2775 1989 2890 2043 haec
2916 1991 3133 2058 quidem
3184 1992 3271 2045 hic
3303 2011 3315 2045 :
3350 2010 3576 2061 quorum

1998 2094 2127 2132 vero
2159 2080 2227 2132 ibi
2252 2081 2513 2134 bonorum
2540 2096 2764 2151 compos
2793 2083 3002 2137 futurus
3032 2085 3122 2151 sit,
3155 2086 3297 2138 nulla
3330 2103 3581 2155 umquam

1997 2172 2368 2257 oratio.queat
2390 2189 2680 2241 exponere.
2711 2174 2826 2228 Non
2868 2192 2970 2230 una
3000 2192 3121 2231 cum
3154 2177 3333 2231 stultis
3361 2178 3584 2248 virgini-

1998 2264 2097 2316 bus
2137 2263 2270 2318 l‘oris
2315 2265 2589 2330 manebit,
2636 2265 2731 2320 sed
2774 2282 2878 2320 una
2909 2283 3032 2321 cum
3058 2269 3445 2339 prudentibus,
3479 2286 3583 2323 una

1997 2373 2118 2411 cum
2160 2372 2361 2426 Sponso
2388 2360 2647 2423 introibit,
2676 2361 2986 2429 splendidas
3030 2361 3235 2417 habens
3284 2364 3579 2433 lampades.

1998 2452 2073 2504 lta
2102 2451 2172 2505 ob
2199 2451 2338 2505 hanc
2366 2452 2533 2515 ipsam
2562 2454 2959 2525 eleemosynam
2993 2456 3076 2518 iis,
3110 2472 3229 2525 qua:
3261 2458 3313 2510 in
3359 2459 3581 2527 virgini-

1997 2554 2106 2600 tate
2151 2545 2414 2600 servanda
2465 2545 2622 2601 valde
2662 2547 3006 2613 laborarunt,
3056 2549 3213 2618 longe
3268 2552 3579 2619 prazstabit,

1996 2656 2191 2710 expers
2220 2642 2331 2710 ipse
2363 2641 2607 2695 laborum
2638 2641 2852 2695 illorum
2885 2661 2897 2695 :
2925 2653 3071 2696 tanta
3108 2654 3192 2697 est
3218 2645 3583 2716 eleemosynte

1996 2734 2168 2787 virtus
2195 2750 2209 2797 ;
2249 2732 2494 2786 alumnos
2521 2746 2648 2786 suos
2675 2748 2867 2801 magna
2910 2748 3032 2787 cum
3063 2734 3310 2789 libertate
3341 2735 3584 2789 introdu—

1997 2826 2090 2880 cit.
2114 2824 2249 2879 Nota
2278 2826 2421 2878 enim
2446 2834 2532 2879 est
2564 2824 2679 2878 caeli
2708 2824 3028 2893 janitoribus
3049 2868 3062 2892 ,
3092 2827 3180 2896 qui
3211 2828 3395 2896 sponsi
3442 2825 3584 2882 fores

1997 2920 2338 2985 custodiunt;
2384 2935 2483 2975 nec
2508 2935 2640 2974 vero
2664 2929 2788 2975 nota
2824 2921 3032 2986 solum,
3064 2922 3160 2975 sed
3191 2923 3350 2976 etiam
3396 2923 3578 2989 hujus-

1998 3016 2185 3079 modi,
2217 3024 2277 3069 ut
2321 3030 2439 3069 eam
2486 3027 2880 3071 revereanlur:
2914 3032 3152 3087 eosque,
3202 3032 3233 3069 a
3286 3017 3482 3087 quibus
3525 3032 3584 3071 se

1996 3108 2195 3163 cultam
2238 3108 2483 3173 noverit,
2522 3123 2715 3178 magna
2739 3106 3493 3173 cumlihertateintroducet;
3521 3124 3585 3163 ac

1999 3214 2157 3254 nemo
2185 3199 2519 3254 contradicet
2539 3240 2553 3261 ,
2584 3200 2678 3253 sed
2709 3216 2899 3255 omnes
2927 3200 3141 3255 cedent.
3169 3199 3306 3254 Nam
3338 3202 3383 3255 si
3416 3201 3583 3255 Deum

1998 3290 2051 3344 in
2083 3300 2279 3345 terram
2327 3289 2584 3356 adduxit,
2629 3290 2789 3359 idque
2837 3291 2937 3361 ipsi
2972 3293 3277 3360 persuasit,
3330 3300 3388 3344 ut
3422 3291 3585 3345 homo

2000 3386 2150 3438 lieret
2175 3400 2189 3437 :
2231 3384 2402 3437 multo
2424 3384 2590 3451 magis
2613 3383 2883 3438 hominem
2909 3388 2960 3438 in
3003 3385 3194 3438 caelum
3223 3383 3585 3440 intromittere

2001 3477 2197 3547 poterit
2224 3494 2240 3528 ι
2265 3492 2456 3546 magna
2487 3477 2628 3530 enim
2656 3486 2738 3530 est
2773 3477 2941 3545 ipsius
2970 3477 3227 3546 potentia.
3257 3477 3397 3547 Ergo
3426 3480 3471 3531 si
3516 3494 3584 3532 ex

1999 3568 2369 3623 misericordia
2422 3581 2585 3638 atque
2642 3567 2921 3621 hominum
2973 3582 3160 3621 amore
3226 3568 3366 3622 Deus
3424 3567 3586 3625 homo

1999 3664 2168 3719 factus
2197 3672 2299 3727 est,
2334 3662 2379 3717 si
2419 3678 2508 3726 eo,
2550 3663 2803 3731 inquam,
2850 3661 3110 3715 adductus
3160 3671 3243 3716 est
3296 3670 3355 3716 ut
3394 3675 3586 3716 servus

2001 3756 2179 3820 tieret;
2201 3757 2365 3810 multo
2382 3756 2549 3826 magis
2565 3769 2753 3810 servos
2777 3756 2828 3808 in
2846 3754 3063 3809 domum
3091 3754 3393 3810 introducet
3409 3770 3585 3809 suam.

2001 3850 2150 3904 Hanc
2164 3865 2435 3916 amemus,
2454 3848 2595 3904 hanc
2620 3848 2886 3915 colamus,
2916 3863 3023 3902 non
3045 3863 3155 3902 uno
3174 3857 3265 3902 aut
3288 3849 3459 3903 altero
3477 3848 3586 3915 die,

1999 3944 2093 3998 sed
2124 3958 2217 4011 per
2236 3957 2396 3997 omne
2426 3952 2656 4011 tempus,
2677 3952 2735 3995 ut
2759 3942 2870 4010 ipsa
2899 3956 2999 3995 nos
3022 3941 3159 3995 bene
3182 3950 3339 3995 notos
3368 3939 3585 3995 habeat.

1998 4035 2132 4090 Nam
2159 4033 2207 4088 si
2235 4049 2297 4088 ea
2322 4048 2422 4088 nos
2450 4035 2683 4098 noverit,
2713 4042 2768 4088 et
2796 4033 3054 4087 Dominus
3078 4044 3262 4087 noscet
3286 4049 3300 4097 ;
3325 4032 3407 4085 sin
3435 4033 3590 4102 igno-

2002 4134 2105 4193 ret,
2146 4126 2403 4179 Dominus
2426 4127 2587 4180 etiam
2617 4125 2885 4196 ignorabit
2910 4167 2924 4190 ,
2951 4140 3015 4180 ac
3043 4125 3186 4179 dicet
3210 4165 3227 4190 ,
3250 4122 3445 4178 Nescio
3471 4138 3587 4177 vos.

2003 4218 2200 4273 Verum
2230 4218 2390 4282 absit,
2424 4228 2481 4272 ut
2512 4218 2765 4272 hancnos
2795 4224 2979 4272 vocem
3005 4217 3307 4279 audiamus,
3335 4214 3430 4270 sed
3457 4216 3589 4269 hea-

2002 4322 2110 4366 tam
2143 4312 2286 4365 illam
2310 4329 2324 4365 :
2366 4310 2559 4375 Venite,
2589 4309 2836 4364 benedicti
2863 4308 3037 4363 Patris
3063 4309 3180 4373 mei,
3215 4307 3467 4376 possidete
3496 4322 3592 4374 pa-

2001 4412 2172 4455 ratum
2208 4403 2346 4456 vobis
2388 4418 2602 4472 regnum
2654 4418 2686 4454 a
2733 4401 3091 4454 constitutione
3139 4399 3315 4452 mundi
3358 4396 3589 4469 (Matth.

2001 4497 2096 4551 25.
2129 4497 2222 4564 54)
2254 4514 2268 4549 :
2300 4494 2441 4564 quod
2472 4494 2673 4547 utinam
2711 4506 2811 4546 nos
2833 4506 3019 4546 omnes
3061 4504 3457 4558 consequamur
3496 4505 3596 4557 per

2004 4590 2234 4661 gratiam
2290 4597 2348 4642 et
2384 4587 2772 4655 benignitatem
2795 4624 2814 4651 ,
2862 4584 2916 4638 in
2956 4580 3173 4637 Christo
3206 4581 3333 4636 Jesu
3367 4580 3595 4635 Domino

2005 4692 2215 4748 nostro,
2252 4696 2374 4735 cum
2404 4693 2511 4750 quo
2538 4678 2704 4745 Patri,
2729 4687 2837 4733 etc.

1786 4895 2127 4958 HOMILIA
2172 4896 2215 4955 l.

316 5034 446 5089 Car.
477 5036 529 5089 l.
558 5050 612 5089 v.
645 5035 697 5089 1.
730 5033 927 5088 Paulus
954 5043 999 5087 et
1028 5032 1339 5097 Timotheus,
1367 5036 1503 5090 servi»
1533 5035 1655 5090 Iesu
1686 5036 1898 5104 Christi,

389 5128 621 5181 omnibus
646 5128 834 5181 sanctis
860 5126 913 5180 in
948 5125 1148 5180 Christo
1173 5125 1317 5191 Jesu,
1345 5128 1431 5193 qui
1467 5139 1583 5181 sunt
1617 5127 1898 5200 Philippis,

391 5218 700 5288 coepiscopis
726 5226 771 5270 et
807 5218 1057 5283 diaconis,
1086 5216 1138 5269 9..
1173 5219 1338 5287 gratia
1366 5217 1502 5272 vobis
1532 5229 1578 5272 et
1604 5236 1707 5289 pax
1736 5238 1766 5273 a
1799 5221 1904 5276 Deo

395 5311 552 5365 Patre
578 5319 751 5364 nostro
776 5318 822 5363 et
850 5308 1073 5362 Domino
1100 5306 1137 5360 Ι
1140 5325 1229 5361 esu
1252 5307 1473 5363 Christo.

395 5404 447 5458 l.
482 5401 581 5457 Hic
614 5401 765 5468 quasi
799 5400 867 5455 ad
908 5400 1100 5468 aequali
1130 5400 1334 5461 honore
1362 5401 1612 5469 praeditos
1641 5403 1902 5469 scribens,

326 5510 431 5550 non
460 5497 611 5565 ponit
630 5508 783 5549 suum
802 5494 1093 5561 magisterii
1110 5508 1326 5557 nomen,
1349 5493 1442 5547 sed
1470 5494 1613 5549 aliud
1629 5496 1904 5564 quiddam,

325 5588 559 5659 illudque
582 5602 852 5657 magnum.
875 5586 1042 5653 Quale
1067 5600 1197 5641 vero
1218 5584 1396 5639 istud?
1418 5586 1642 5640 Servum
1670 5590 1905 5656 seipsum

327 5685 587 5750 nominat,
628 5699 734 5737 non
775 5682 1095 5751 apostolum.
1140 5681 1273 5735 Nam
1313 5691 1367 5736 et
1403 5681 1518 5737 haec
1560 5699 1681 5738 vere
1716 5699 1904 5754 magna

328 5776 553 5839 dignitas
596 5783 675 5831 est
743 5786 805 5827 ac
842 5773 1099 5827 bonorum
1140 5782 1319 5839 caput,
1367 5788 1579 5830 servum
1618 5790 1736 5832 esse
1775 5775 1905 5832 Jesu

693 5867 959 5929 ΡΔτιιοι.
1007 5868 1121 5930 Gtt.
1164 5868 1358 5932 LXll.

2007 5036 2227 5102 Christi,
2273 5047 2327 5091 et
2368 5051 2473 5089 non
2516 5045 2717 5089 tantum
2758 5035 2883 5089 dici.
2920 5034 3019 5103 Qui
3049 5034 3248 5090 Christi
3278 5048 3468 5088 servus
3492 5042 3593 5095 est,

2009 5130 2097 5184 hic
2125 5145 2154 5183 a
2187 5137 2405 5197 peccato
2432 5129 2569 5185 liber
2596 5137 2713 5193 est;
2752 5137 2809 5182 et
2846 5129 2947 5182 hoc
2973 5129 3109 5197 ipso,
3138 5128 3280 5198 quod
3310 5140 3595 5197 germanus

2011 5237 2074 5274 ac
2100 5220 2365 5290 legitimus
2394 5235 2583 5274 servus
2607 5227 2710 5285 est,
2748 5234 3033 5289 numquam
3060 5220 3375 5282 conunittet,
3417 5227 3474 5271 ut
3500 5233 3596 5271 cu-

2005 5313 2259 5383 jusquam
2286 5312 2504 5367 alterius
2529 5326 2717 5367 servus
2742 5312 2835 5366 ﬁat
2863 5330 2877 5366 :
2906 5311 3103 5381 alioqui
3134 5326 3241 5365 non
3268 5321 3412 5365 esset
3440 5309 3598 5364 Chri-
3668 5312 3672 5316 ‘

2013 5406 2081 5461 sti
2105 5419 2315 5471 servus,
2345 5405 2445 5460 nisi
2473 5420 2541 5459 ex
2563 5404 2783 5459 dimidia
2806 5414 2975 5473 parte.
3000 5406 3078 5459 Ac
3095 5419 3225 5459 sane
3245 5403 3311 5458 ad
3334 5404 3604 5458 Romanos

2013 5496 2278 5564 scribens,
2302 5511 2489 5551 rursus
2519 5496 2589 5550 ita
2618 5496 2808 5566 lnquit,
2841 5494 3041 5549 Paulus
3066 5512 3239 5551 servus
3261 5494 3387 5550 Iesu
3411 5493 3602 5549 Christi

2016 5590 2196 5659 (Rom.
2229 5592 2283 5645 l.
2322 5589 2411 5657 1);
2440 5589 2506 5644 ad
2532 5588 2841 5644 Corinthios
2867 5604 2999 5644 vero
3024 5598 3078 5645 et
3103 5588 3444 5644 Timotheum
3470 5590 3604 5644 scri-

2015 5685 2152 5740 hens
2178 5684 2480 5753 apostolum
2508 5682 2743 5753 seipsum
2783 5682 3044 5736 nominat.
3082 5680 3219 5749 Quid
3248 5682 3358 5737 ita?
3386 5681 3502 5737 Non
3533 5682 3604 5737 ob

2017 5791 2134 5833 eam
2160 5784 2304 5831 certe
2330 5788 2563 5843 causam,
2595 5774 2737 5846 quod
2778 5774 2864 5831 iSti
2902 5774 3154 5832 meliores
3196 5785 3379 5832 essent
3422 5776 3604 5833 Tiiuo~
