4100 6412
527 202 626 258 183

523 314 677 386 theo;
710 321 868 389 absit,
899 325 990 379 sed
1010 328 1224 396 potius;
1260 326 1402 396 quod
1431 342 1542 398 prae.
1575 326 1845 391 omnibus,
1874 326 1941 381 ad
1966 340 2100 396 quos

520 410 727 477 scribit,
761 413 891 469 istos
929 415 1155 472 honoret
1180 427 1234 473 et
1273 418 1448 473 foveat
1480 438 1494 473 :
1524 434 1648 472 nam
1674 426 1729 472 et
1757 433 1963 487 magme
1991 418 2101 471 vir-

524 504 648 556 tutis
689 505 1051 562 testimonium
1083 512 1207 580 ipsis
1246 511 1356 565 dat.
1388 511 1656 565 Prmterea
1696 525 1846 577 vero,
1883 525 2005 565 cum
2037 509 2104 565 ad

522 592 641 648 illos
679 596 935 652 scribenti
976 601 1140 654 multa
1185 612 1367 656 essent
1406 602 1779 657 constituenda
1822 611 1877 657 et
1917 602 2102 672 dispo-

524 684 718 752 nenda,
748 687 868 743 ideo
888 692 1114 759 apostoli
1139 692 1449 762 dignitatem
1474 710 1581 762 pra:
1602 710 1661 748 se
1692 694 1829 748 tulit.
1858 693 1955 749 Hic
1976 709 2105 749 vero

522 776 655 831 nihil
699 778 828 849 ipsis
868 783 1085 836 mandat
1111 793 1305 853 pra-ter
1331 799 1415 847 ea.
1448 801 1567 853 qua:
1607 786 1768 840 etiam
1795 800 1892 855 per
1917 800 1976 839 se
2005 785 2105 855 ipsi

522 870 792 925 videbant.
823 872 1028 929 Sanctis
1053 875 1104 928 in
1135 875 1332 929 Christo
1356 874 1502 943 Jesu,
1549 876 1638 945 qui
1675 886 1792 930 sunt
1825 876 2103 946 Philippis.

521 962 782 1030 Quoniam
815 967 1104 1022 verisimile
1141 978 1259 1024 erat
1294 969 1507 1024 Judmos
1546 971 1705 1024 etiam
1747 969 1954 1038 seipsos
1978 983 2104 1023 san-

523 1066 639 1109 ctos
668 1058 947 1113 nominare
974 1075 1040 1114 ex
1080 1060 1259 1129 priore
1300 1061 1391 1114 illo
1419 1060 1655 1125 oraculo,
1694 1061 1785 1115 ubi
1827 1060 1954 1114 dicti
1983 1068 2109 1113 sunt

524 1148 751 1216 populus
778 1159 997 1204 sanctus
1027 1160 1081 1204 et
1111 1152 1395 1219 peculiaris
1421 1150 1596 1219 (Deut.
1630 1153 1683 1205 7.
1726 1151 1779 1207 6.
1808 1161 1855 1204 et
1892 1151 1978 1205 i4.
2008 1148 2103 1221 2);

525 1247 808 1307 propterea
836 1240 1004 1305 addit,
1038 1240 1245 1295 Sanctis
1271 1243 1323 1295 in
1351 1241 1553 1297 Christo
1576 1240 1723 1296 Jesu.
1745 1241 1809 1295 lli
1837 1240 1981 1296 enim
2008 1239 2108 1295 soli

524 1329 717 1392 sancti,
746 1330 823 1384 illi
856 1346 983 1385 vero
1010 1331 1218 1402 reliquo
1243 1332 1350 1401 jam
1380 1342 1619 1402 tempore
1651 1331 1875 1401 profani.

598 1420 828 1475 Nomina
858 1422 1120 1493 EpiscOpi,
1146 1423 1437 1495 Presbyteri
1464 1434 1513 1478 et
1541 1423 1760 1477 Diaconi
1786 1423 1931 1476 initio
1966 1438 2107 1475 com-

530 1516 724 1567 munia.
742 1544 813 1554 —
833 1515 1155 1586 CoepiscOpis
1175 1525 1219 1570 et
1244 1518 1493 1570 diaconis.
1521 1517 1659 1584 Quid
1689 1516 1824 1570 hoc?
1849 1531 1916 1569 an
1954 1516 2110 1569 unius

525 1606 754 1663 civitatis
786 1608 939 1662 multi
966 1618 1121 1663 erant
1149 1610 1383 1679 episc0pi
1404 1612 1426 1663 ?
1449 1610 1817 1679 Nequaquam,
1844 1608 1939 1663 sed
1965 1624 2110 1677 pres-

527 1697 746 1768 byteros
797 1698 901 1753 isto
941 1700 1157 1755 nomine
1195 1701 1499 1770 appellavit.
1531 1700 1681 1754 Tunc
1717 1700 1858 1755 enim
1896 1700 2110 1753 nomina

528 1789 701 1844 adlmc
741 1798 894 1843 erant
922 1791 1246 1857 communia,
1290 1800 1447 1862 atque
1483 1791 1597 1860 ipse
1638 1793 1800 1846 etiam
1830 1791 2112 1860 episcopus

527 1880 818 1935 vocabatur
848 1880 1124 1936 diaconus.
1153 1880 1358 1936 Idcirco
1396 1882 1462 1936 ad
1492 1881 1832 1936 Timotheum
1872 1880 2113 1935 scribens

528 1971 720 2041 inquit,
762 1971 1085 2041 Diaconiam,
1135 1972 1187 2028 id
1228 1982 1332 2041 est,
1378 1974 1715 2028 ministerium
1754 1983 1895 2027 tuum
1935 1970 2111 2041 imple,

529 2078 649 2117 cum
679 2073 855 2120 tamen
884 2066 974 2121 ille
1002 2067 1283 2136 episcopus
1304 2075 1466 2121 esset.
1491 2065 1642 2134 Quod
1668 2074 1876 2121 constat
1900 2081 1966 2119 ex
1994 2079 2115 2119 ver-

529 2157 613 2213 bis
642 2158 745 2211 illis
770 2157 836 2213 ad
863 2160 1109 2214 eumdem
1134 2160 1344 2229 scriptis
1369 2179 1383 2215 :
1408 2159 1591 2213 Manus
1615 2160 1714 2213 cito
1735 2159 1922 2213 nemini
1946 2159 2114 2226 impo-

531 2249 726 2315 sueris;
743 2256 797 2303 et
814 2265 1019 2313 rursus,
1043 2250 1171 2316 Quae
1185 2250 1305 2303 data
1321 2259 1390 2305 est
1419 2250 1507 2303 tibi
1522 2267 1635 2304 cum
1662 2251 1981 2319 impositione
2001 2266 2112 2301 nta-

532 2358 688 2394 nuum
718 2342 1010 2412 presbyterii
1035 2343 1110 2414 (1.
1140 2342 1272 2397 Tim.
1303 2344 1355 2399 5.
1375 2342 1466 2396 22.
1492 2354 1537 2397 et
1562 2344 1617 2397 4.
1650 2342 1736 2411 i4)
1771 2361 1784 2396 :
1815 2342 2115 2412 presbyteri

533 2446 666 2485 vero
693 2433 1001 2502 episcopum
1032 2449 1136 2488 non
1160 2434 1520 2489 ordinassent.
1548 2434 1617 2488 Et
1636 2448 1821 2488 rursus
1847 2433 1913 2487 ad
1936 2433 2115 2487 'l‘itum

532 2524 772 2576 scribens
803 2523 972 2593 inquit
1001 2540 1014 2577 :
1048 2523 1223 2592 Hujus
1256 2525 1331 2577 rei
1356 2527 1523 2596 gratia
1559 2525 1743 2594 reliqui
1778 2535 1825 2579 te
1862 2526 1915 2578 in
1945 2525 2113 2590 Creta,

532 2624 587 2665 ut
628 2614 902 2668 constituas
943 2632 1031 2684 per
1069 2617 1292 2670 civitates
1333 2617 1644 2687 presbyteros
1688 2632 1705 2669 .'
1752 2617 1882 2671 sicut
1929 2626 1976 2670 et
2024 2632 2115 2688 ego

534 2705 761 2773 disposui
795 2706 903 2771 tibi,
942 2707 985 2760 si
1019 2708 1130 2777 quis
1156 2707 1264 2761 sine
1293 2708 1503 2761 crimine
1530 2719 1624 2775 est,
1663 2710 1815 2762 unius
1843 2710 2017 2763 uxoris
2042 2710 2117 2761 vir

539 2799 665 2867 (Tit.
698 2802 748 2855 1.
779 2802 831 2856 5.
865 2801 919 2871 6)
955 2820 969 2856 :
998 2817 1118 2871 quas
1147 2802 1362 2872 quidem
1390 2804 1457 2858 de
1482 2803 1734 2872 episcopo
1763 2803 1909 2858 dicit.
1940 2807 2115 2873 Atque

535 2891 650 2945 haac
673 2907 793 2946 cum
832 2891 1074 2956 dixisset,
1104 2894 1285 2948 statim
1315 2894 1515 2948 addidit
1552 2913 1566 2946 :
1599 2894 1811 2964 Oportet
1839 2897 1970 2949 enim
1998 2897 2111 2967 epi-

533 2999 742 3051 scopum
768 2984 875 3036 sine
902 2985 1111 3037 crimine
1144 3001 1249 3039 esse
1275 2986 1403 3039 sicut
1436 2986 1532 3039 Dei
1560 2986 1984 3057 dispensatorem,
2017 3005 2116 3042 non

525 3073 820 3141 superbum.
845 3075 1151 3144 Antiquitas
1175 3076 1349 3145 igitur,
1374 3078 1823 3147 quemadmodum
1850 3079 2113 3143 dicebam,

536 3164 635 3232 ipsi
661 3166 818 3218 etiam
865 3166 1161 3237 presbyteri
1192 3168 1523 3222 vocabantur
1548 3170 1784 3239 episcopi
1825 3180 1879 3225 et
1907 3171 2115 3225 diaconi

534 3256 729 3311 Christi
777 3269 832 3312 et
873 3260 1107 3327 episcopi
1152 3261 1451 3332 presbyteri
1486 3280 1500 3316 :
1534 3263 1784 3332 quocirca
1831 3264 1916 3319 vel
1959 3264 2117 3320 hodie

534 3348 685 3400 multi
717 3350 949 3418 episcopi
992 3349 1059 3402 ita
1101 3351 1358 3412 scribunt,
1386 3352 1856 3424 Compresbytero,
1891 3365 1945 3409 et
1971 3356 2117 3410 Con-

532 3442 780 3496 tliacono.
813 3442 1146 3498 Procedente
1179 3460 1306 3498 vero
1348 3453 1584 3515 tempore
1622 3449 1895 3516 proprium
1926 3449 2118 3518 cuique

534 3533 873 3587 distributum
902 3544 985 3589 est
1016 3551 1232 3603 nomen,
1262 3545 1317 3590 ut
1347 3537 1433 3591 hic
1459 3538 1672 3607 quidem
1696 3540 1999 3608 episcopus,
2030 3540 2117 3593 ille

524 3641 663 3681 vero
690 3628 969 3697 presbyter
992 3630 1310 3697 appelletur.
1337 3630 1680 3699 Coepiscom‘s,
1716 3632 1902 3701 inquit,
1933 3642 1979 3684 et
2002 3632 2117 3685 dia-

536 3720 698 3781 conis,
727 3721 893 3788 gratia
914 3720 1051 3773 vobis
1074 3730 1119 3773 et
1144 3737 1248 3789 pax
1273 3737 1303 3773 a
1326 3720 1432 3774 Deo
1453 3720 1611 3775 Patre
1630 3733 1802 3776 nostra
1832 3733 1879 3776 et
1901 3723 2119 3776 Domino

532 3806 658 3861 Iesu
681 3807 900 3862 Christo.
944 3810 1055 3864 Hoc
1090 3811 1208 3864 loco
1239 3826 1344 3865 non
1372 3811 1468 3866 abs
1508 3827 1567 3867 re
1604 3822 1805 3882 quaeret
1830 3813 2115 3883 quispiam,

534 3903 660 3971 quid
689 3918 864 3957 causa:
899 3904 988 3969 sit,
1030 3904 1377 3973 quamobrem
1416 3920 1537 3960 cum
1583 3922 1843 3976 nusquam
1887 3906 2011 3959 alibi
2051 3905 2118 3959 ad

525 3992 755 4048 'Clerum
787 3995 1004 4061 scribat,
1038 4010 1142 4049 non
1172 3996 1239 4049 ad
1266 4012 1387 4049 eum
1417 3998 1505 4065 qui
1533 3996 1739 4063 Romae,
1770 4013 1873 4053 non
1902 3998 1989 4068 qui
2010 3998 2118 4053 Co-

534 4088 721 4150 rinthi,
750 4102 854 4142 n0n
886 4089 975 4157 qui
1000 4089 1214 4156 Ephesi,
1240 4088 1332 4143 sed
1356 4090 1648 4158 generatim
1671 4090 1829 4155 dicat,
1858 4090 2120 4146 Omnibus

536 4182 737 4234 sanctis
766 4181 848 4235 vel
880 4181 1145 4246 ﬁdelibus,
1173 4180 1404 4245 dilectis,
1436 4182 1521 4236 hic
1552 4181 1617 4235 ad
1647 4182 1858 4237 Clerum
1881 4184 2120 4237 scribat?

526 4272 818 4336 Nimirum,
848 4272 1100 4341 quoniam
1128 4272 1308 4326 clerici
1335 4272 1435 4342 ipsi
1467 4270 1695 4333 fuerant.
1728 4272 1818 4342 qui
1848 4272 2030 4327 literas
2052 4272 2121 4327 ad

536 4379 656 4416 eum
700 4363 963 4417 dederant
1002 4371 1057 4417 et
1095 4362 1325 4416 fructum
1372 4362 1737 4431 protulerant,
1790 4362 1998 4431 ipsique
2050 4361 2120 4417 ad

450 4436 489 4485 ’πῖ
535 4468 656 4507 eum
682 4456 936 4508 miserant
959 4453 1401 4523 Epaphroditum.
1424 4454 1477 4507 5.
1504 4451 1707 4507 Gratias
1732 4469 1829 4524 ago
1852 4452 1960 4507 Deo
1985 4468 2117 4515 meo,

534 4547 721 4616 inquit,
757 4548 809 4599 in
835 4549 971 4599 omni
997 4547 1239 4599 memoria
1264 4547 1414 4600 vestri
1443 4562 1658 4615 semper.
1702 4546 1845 4601 Alibi
1875 4547 1947 4600 ita
1985 4546 2121 4600 scri-

534 4642 640 4708 psit
670 4659 683 4696 :
720 4641 930 4695 Obedite
951 4642 1236 4709 prtepositis
1265 4641 1441 4693 vestris
1466 4649 1513 4693 et
1539 4639 1796 4709 subjacete
1817 4654 1836 4702 ,'
1864 4640 1965 4708 ipsi
1989 4640 2120 4692 enim

538 4731 837 4802 pervigilant
852 4732 993 4799 quasi
1004 4731 1249 4783 rationem
1268 4746 1359 4799 pro
1375 4730 1641 4783 animabus
1660 4731 1832 4784 vestris
1846 4729 2115 4796 reddituri,

535 4834 588 4875 ut
605 4840 717 4875 cum
734 4823 920 4892 gaudio
934 4822 1027 4876 hoc
1045 4824 1254 4893 faciant,
1275 4831 1321 4875 et
1338 4838 1436 4875 non
1453 4832 1702 4891 gementes
1716 4823 1732 4890 (
1744 4820 1933 4877 Heer
1944 4822 2029 4875 5.1
2040 4822 2116 4891 7).

537 4914 592 4970 Si
619 4915 778 4982 igitur
797 4929 1012 4983 gemere
1032 4928 1098 4967 ex
1119 4914 1245 4967 vitio
1260 4913 1645 4982 discipulorum
1664 4921 1767 4977 est,
1793 4928 1913 4967 cum
1924 4912 2119 4983 gaudio

536 5007 588 5060 id
619 5005 817 5071 facere,
850 5020 915 5058 ex
948 5004 1185 5073 profectu
1214 5004 1334 5057 erit.
1369 5003 1479 5056 Hoc
1509 5002 1668 5072 igitur
1693 5003 1971 5072 est,.quod
1998 5004 2072 5058 ait
2102 5022 2116 5059 :

534 5097 1007 5165 Quotiescumque,
1061 5095 1261 5164 inquit,
1314 5094 1475 5148 vestri
1525 5095 1837 5148 memoriam
1892 5105 2116 5163 repeto,

538 5190 702 5244 Deum
731 5187 987 5257 gloriﬁco.
1037 5185 1091 5239 ld
1142 5200 1270 5239 vero
1315 5184 1460 5247 facit,
1504 5184 1645 5253 quod
1684 5186 1972 5239 multorum
2012 5184 2120 5240 illis

540 5282 801 5336 bonorum
824 5279 1070 5333 conscius
1095 5280 1259 5332 esset.
1294 5277 1359 5331 Et
1396 5277 1657 5346 gloriﬁco,
1700 5277 1885 5346 inquit,
1915 5286 1969 5331 et
2002 5293 2120 5347 pre-

534 5389 647 5426 cor.
678 5372 790 5425 Non
817 5372 980 5433 enim,
1015 5368 1262 5437 quoniam
1293 5366 1505 5421 virtutis
1540 5368 1680 5419 “viam
1714 5368 1936 5437 ingressi
1965 5368 2116 5432 estis,

537 5467 693 5519 finem
725 5463 969 5533 precandi
1017 5478 1110 5529 pro
1138 5461 1286 5513 vobis
1319 5461 1471 5519 iacio,
1507 5459 1598 5513 scd
1632 5470 1814 5528 persto
1858 5459 2032 5514 adhuc
2062 5461 2113 5513 in

536 5560 794 5607 ovatiuuo.
830 5554 1051 5618 Grvrtuis,
1082 5552 1269 5619 inquit,
1317 5569 1412 5621 ago
1463 5550 1569 5604 Deo
1609 5551 1661 5603 in
1700 5552 1837 5603 omni
1876 5554 2115 5604 memoria

536 5651 679 5702 ωεινὶ
718 5650 770 5703 4.
814 5662 1027 5711 semper,
1068 5647 1122 5699 in
1164 5645 1301 5699 onmi
1339 5644 1565 5699 oratione
1609 5658 1718 5697 mea
1760 5659 1851 5713 pro
1882 5643 2111 5697 omnibus

1290 210 1347 266 S.
1385 208 1664 267 JOANNIS
1698 208 2167 267 CHRYSOSTOMI
2206 208 2520 265 ARCHIEP.
2559 210 3090 269 CONSTANTINOP.

3684 221 3781 277 181

2210 326 2347 379 vobis
2366 342 2478 378 cmn
2502 327 2688 396 gaudio
2708 329 2859 382 etiam
2876 330 3275 397 deprecationem
3293 331 3504 402 faciens.
3535 332 3748 400 Semper
3768 352 3787 389 :

2208 434 2314 475 non
2357 420 2552 483 solum,
2583 420 2794 490 quando
2834 436 3042 491 precor.
3099 421 3265 477 Recte
3312 434 3488 479 autem
3536 426 3778 493 addidit,

2207 509 2334 566 Cum
2378 513 2585 581 gaudio.
2628 512 2725 566 Est
2765 516 2908 568 enim
2948 523 3003 568 et
3029 529 3153 568 cum
3190 529 3423 571 maerore
3467 516 3518 570 id
3568 516 3787 580 facere;

2208 603 2652 672 quemadmodum
2681 604 2808 658 alibi
2834 604 2983 669 dicit,
3019 603 3154 658 Nam
3180 622 3243 659 ea:
3277 608 3435 660 multa
3466 608 3798 661 tribulatione

2209 702 2255 745 et
2292 694 2525 762 angustia
2558 694 2725 747 cordis
2763 694 2943 762 scripsi
2979 694 3118 747 vobis
3155 711 3245 764 per
3290 696 3478 750 multas
3514 695 3784 769 lacrymas.

2210 783 2380 854 Super
2419 786 2867 839 communicatione
2902 795 3085 850 vestra,
3119 786 3308 857 inquit,
3338 788 3391 840 in
3420 790 3733 859 evangelium
3754 805 3790 842 a

2211 875 2376 939 prima
2404 875 2488 929 die
2516 891 2668 946 usque
2692 892 2824 929 nunc
2852 876 2928 947 (2.
2960 876 3080 933 Cor.
3109 878 3163 930 2.
3193 879 3270 947 4).

2281 967 2335 1020 2.
2376 966 2621 1037 Magnum
2653 968 2902 1037 quiddam
2934 978 3036 1035 est,
3063 970 3130 1023 de
3156 986 3262 1040 quo
3290 971 3394 1025 illis
3423 973 3788 1028 testimonium

2210 1058 2312 1113 hoc
2342 1058 2460 1112 loco
2488 1058 2598 1123 dat,
2644 1068 2699 1113 et
2738 1059 2888 1113 valde
2931 1075 3201 1130 magnum,
3247 1062 3496 1131 quodque
3528 1066 3788 1133 apostolis

2210 1160 2266 1204 et
2302 1150 2638 1220 evangelistis
2686 1149 2801 1203 dari
2832 1150 3067 1204 solitum.
3103 1150 3218 1205 Non
3256 1154 3505 1220 quoniam
3545 1169 3671 1221 una,
3701 1155 3787 1209 in-

2210 1241 2344 1310 quit,
2377 1242 2564 1295 civitas
2595 1242 2746 1294 vobis
2775 1243 3144 1295 commendata
3175 1257 3237 1296 ac
3266 1242 3468 1297 credita
3496 1254 3599 1311 est,
3642 1246 3788 1301 illam

2212 1334 2378 1389 solam
2400 1334 2637 1398 curatis;
2666 1332 2761 1387 sed
2800 1334 2930 1387 nihil
2966 1334 3233 1400 omittitis,
3267 1343 3326 1388 ut
3363 1335 3606 1390 laborum
3635 1353 3789 1393 meo-

2212 1440 2328 1478 rum
2358 1425 2642 1493 participes
2683 1426 2821 1489 sitis,
2866 1424 3060 1492 ubique
3105 1434 3417 1494 prmsentcs,
3446 1438 3787 1499 vestramque

2212 1530 2428 1584 Operam
2458 1530 2521 1569 ac
2546 1515 2875 1584 diligentiam
2919 1531 3020 1569 una
3060 1532 3268 1571 mecum
3315 1518 3365 1570 in
3410 1519 3790 1587 praedicatione

2213 1608 2538 1662 collocantcs
2566 1625 2580 1661 :
2611 1624 2715 1662 non
2743 1609 2929 1669 semel,
2956 1609 3103 1663 bisve
3128 1618 3218 1662 aut
3246 1618 3345 1674 ter,
3374 1610 3467 1664 sed
3493 1626 3704 1680 semper
3722 1627 3789 1666 ex

2214 1713 2279 1752 eo
2324 1708 2584 1767 tempore,
2630 1713 2735 1767 quo
2778 1698 3100 1763 credidistis,
3150 1714 3317 1768 usque
3358 1700 3425 1753 ad
3466 1701 3608 1756 hunc
3646 1701 3788 1755 diem

2215 1788 2576 1857 apostolorum
2609 1789 2763 1857 plane
2793 1789 3027 1842 studium
3054 1799 3213 1859 atque
3239 1791 3566 1845 alacritatem
3592 1806 3791 1862 reprte-

2216 1880 2487 1933 sentastis.
2521 1879 2651 1934 Vide
2680 1895 2773 1933 eos
2802 1880 3037 1949 quidem,
3061 1882 3151 1950 qui
3179 1882 3363 1937 Romae
3389 1893 3558 1949 erant,
3600 1886 3668 1939 ab
3697 1886 3790 1940 illo

2216 1984 2335 2024 sese
2363 1968 2658 2035 avertisse;
2691 1970 2812 2025 audi
2842 1972 2985 2024 enim
3014 1972 3161 2026 illum
3188 1974 3451 2028 dicentem
3484 1994 3496 2005 ·
3524 1976 3641 2031 Scis
3670 1978 3787 2041 hoc,

2215 2061 2351 2131 quod
2379 2061 2540 2115 aversi
2566 2072 2683 2115 sunt
2702 2079 2733 2114 a
2762 2078 2840 2115 me
2865 2079 3053 2123 omnes,
3085 2065 3173 2133 qui
3201 2067 3252 2117 in
3278 2066 3400 2118 Asia
3428 2076 3578 2133 sunt;
3608 2076 3661 2122 et
3681 2085 3791 2122 rur-

2216 2167 2328 2218 sus,
2357 2151 2551 2205 Demas
2568 2168 2646 2206 me
2666 2154 2902 2218 reliquit;
2932 2164 3004 2217 et,
3036 2154 3100 2207 In
3136 2157 3299 2223 prima
3334 2174 3445 2210 mea
3482 2158 3788 2229 defensione,

2218 2243 2407 2315 inquit,
2431 2263 2580 2302 nemo
2606 2246 2728 2299 mihi
2754 2247 2919 2315 adfuit
2948 2248 3021 2319 (2.
3055 2247 3184 2301 Tim.
3212 2250 3262 2302 1.
3294 2250 3380 2304 15.
3420 2260 3465 2303 et
3490 2252 3542 2305 4.
3578 2252 3633 2308 9.
3659 2251 3789 2323 16);

2219 2335 2316 2389 hos
2342 2347 2519 2390 autem
2550 2337 2709 2391 etiam
2739 2352 2860 2392 cum
2885 2339 3123 2404 aberant,
3156 2340 3295 2393 illius
3320 2340 3419 2396 sibi
3460 2341 3791 2398 incommoda

2216 2430 2517 2483 communia
2560 2430 2820 2486 duxisse:
2852 2433 3046 2501 quippe
3087 2448 3209 2486 cum
3239 2444 3293 2488 et
3334 2445 3509 2489 certos
3549 2434 3793 2492 homines

2218 2519 2283 2572 ad
2326 2520 2473 2573 illum
2522 2521 2817 2589 mitterent,
2849 2532 2902 2577 et
2937 2538 3033 2591 pro
3076 2524 3278 2579 viribus
3320 2542 3437 2596 qua:
3480 2542 3614 2597 opus
3641 2538 3795 2583 erant

2218 2614 2702 2681 subministrarent,
2734 2617 3056 2687 omninoque
3095 2619 3227 2672 nihil
3264 2620 3589 2675 omitterent.
3622 2623 3794 2691 Atque

2220 2704 2322 2760 hoc
2363 2706 2555 2772 facitis,
2602 2708 2793 2778 inquit,
2823 2724 2929 2763 non
2966 2710 3138 2763 solum
3182 2725 3340 2776 nunc,
3374 2712 3468 2765 sed
3510 2722 3789 2781 perpetuo,

2218 2799 2364 2852 omni
2392 2801 2599 2855 ratione
2643 2801 2939 2856 subsidium
2975 2802 3279 2857 atl‘erentes.
3319 2804 3461 2874 Ergo
3498 2805 3793 2861 subsidium

2219 2890 2378 2955 ferre,
2414 2892 2514 2946 hoc
2539 2902 2622 2948 est
2645 2895 3056 2949 communicatio
3098 2894 3148 2947 in
3188 2896 3544 2965 evangelium.
3586 2896 3794 2951 Etenim

2219 2984 2430 3052 quando
2471 2984 2561 3038 ille
2602 2985 2814 3055 quidem
2853 2986 3122 3055 praedicat,
3165 2993 3219 3039 tu
3251 3002 3379 3040 vero
3416 2988 3794 3056 przedicantem

2221 3074 2367 3129 foves
2394 3085 2449 3129 et
2477 3075 2728 3145 adiuvas;
2769 3076 2909 3130 illius
2938 3092 3149 3130 coronae
3178 3092 3489 3133 communes
3516 3079 3605 3134 tibi
3638 3079 3790 3135 fiunt.

2218 3168 2351 3223 Nam
2368 3169 2497 3223 etin
2526 3172 2766 3225 externis
2790 3170 3167 3225 certaminibus
3188 3185 3293 3224 non
3317 3170 3381 3224 ad
3412 3171 3557 3225 illum
3591 3182 3796 3227 tantum

2219 3262 2308 3329 qui
2336 3268 2506 3314 certat
2531 3274 2727 3313 corona
2759 3261 3008 3330 pertinet,
3041 3260 3133 3315 sed
3152 3262 3313 3315 etiam
3332 3262 3395 3316 ad
3428 3262 3793 3332 pmdotribam,

2220 3361 2273 3405 et
2305 3352 2370 3405 ad
2413 3351 2736 3415 ministrum,
2788 3351 3117 3421 omninoque
3161 3352 3228 3406 ad
3274 3367 3462 3407 omnes
3502 3354 3643 3420 illos,
3674 3356 3794 3424 qui-

2221 3459 2449 3513 cumque
2478 3444 2731 3497 athletam
2763 3444 3126 3498 instituernnt.
3158 3444 3364 3499 Etenim
3388 3447 3477 3514 qui
3503 3446 3649 3500 illum
3669 3460 3798 3499 con-

2223 3538 2455 3602 lirmant,
2485 3552 2546 3590 ac
2578 3546 2839 3598 recreant,
2868 3551 2961 3589 eos
2998 3536 3234 3590 victoria:
3270 3551 3480 3606 quoque
3515 3539 3797 3606 participes

2222 3629 2335 3682 licri
2365 3643 2571 3697 aequum
2600 3637 2698 3681 est.
2733 3626 2914 3680 Itidem
2941 3642 3070 3680 vero
3105 3628 3156 3679 in
3195 3626 3346 3681 bellis
3386 3642 3492 3681 non
3522 3628 3667 3681 solus
3706 3629 3797 3684 ille

2222 3724 2311 3791 qui
2340 3721 2657 3790 praeclarum
2702 3718 2910 3773 facinus
2937 3718 3121 3784 edidit,
3163 3719 3257 3773 sed
3298 3734 3485 3774 omnes
3518 3722 3678 3774 etiam
3705 3723 3797 3790 qui

2222 3814 2270 3867 ei
2300 3814 2481 3867 utilem
2517 3828 2733 3882 operam
2764 3810 3049 3876 dederunt,
3095 3827 3201 3866 non
3239 3812 3429 3881 injuria
3458 3813 3523 3866 ad
3555 3822 3795 3883 "'0me-

2222 3921 2341 3959 rum
2371 3904 2664 3975 gloriaeque
2694 3915 2899 3973 partem
2929 3913 3188 3959 vocantur
3217 3922 3231 3959 :
3261 3905 3481 3974 perinde
3508 3921 3571 3960 ac
3597 3907 3641 3961 si
3669 3906 3794 3961 dili-

2221 4012 2353 4065 gens
2388 3996 2477 4049 illa
2516 4011 2701 4065 opera,
2732 4004 2786 4049 et
2812 3995 3163 4049 ministerium
3194 4010 3317 4065 pars
3345 3995 3586 4065 quazdam
3616 4011 3679 4051 ac
3706 4011 3798 4050 so-

2223 4089 2388 4143 cietas
2413 4089 2719 4143 certaminis
2747 4086 2927 4141 fuerit.
2958 4088 3115 4158 Atqui
3144 4089 3345 4143 sanctis
3371 4088 3650 4154 inservire,
3690 4105 3797 4143 non

2226 4194 2442 4247 parvum
2470 4178 2720 4248 quiddam
2750 4188 2853 4244 est,
2882 4178 2975 4233 sed
3007 4179 3228 4233 multant
3250 4170 3468 4235 omnino
3495 4180 3637 4235 valet
3663 4199 3677 4235 :
3700 4197 3799 4234 no-

2225 4271 2307 4326 bis
2347 4273 2487 4325 enim
2530 4285 2844 4324 communes
2884 4270 3008 4324 facit
3042 4272 3305 4340 repositas
3349 4272 3453 4325 illis
3496 4271 3793 4327 mercedes.

2224 4362 2468 4431 Exempli
2498 4376 2678 4425 causa,
2711 4361 2944 4430 profudit
2981 4361 3241 4431 quispiam
3277 4376 3518 4431 magnam
3558 4363 3798 4431 pecuniae

2224 4454 2331 4508 vim
2355 4461 2570 4523 propter
2597 4453 2785 4513 Deum.
2814 4453 3024 4507 assidue
3049 4452 3286 4507 adhaeret
3309 4454 3436 4519 Deo,
3460 4454 3667 4507 eximite
3692 4454 3798 4506 vir-

2226 4546 2354 4599 tutis
2381 4542 2571 4598 ofﬁciis
2606 4544 2860 4613 fungitur,
2891 4557 3135 4614 magnam
3164 4543 3425 4598 adhibens
3449 4543 3794 4613 diligentiam,

2226 4650 2294 4689 ne
2330 4634 2417 4688 vel
2446 4635 2497 4688 in
2526 4634 2703 4688 verbis
2728 4644 2821 4687 aut
2855 4633 3263 4701 cogitationibus
3302 4633 3454 4702 ipsis,
3494 4633 3665 4688 ullave
3694 4633 3795 4687 alia

2226 4742 2285 4781 re
2314 4727 2523 4781 labatur
2552 4743 2563 4777 :
2592 4727 2643 4780 in
2672 4736 2757 4779 tua
2787 4740 2945 4778 manu
2967 4733 3065 4787 est,
3094 4726 3336 4794 quamvis
3363 4724 3689 4779 tantumdem
3710 4724 3795 4779 di-

2225 4820 2459 4890 ligentim
2489 4834 2592 4872 non
2620 4817 2947 4879 adhibueris,
2977 4818 3240 4885 repositas
3266 4818 3339 4871 illi
3369 4833 3464 4888 pro
3495 4827 3573 4873 tot
3598 4818 3791 4871 labori-

2226 4910 2330 4965 bus
2363 4908 2637 4963 mercedes
2667 4923 2978 4961 communes
3022 4908 3114 4961 tibi
3155 4907 3351 4961 l'acere.
3389 4908 3704 4977 Quomodo?
3739 4910 3797 4964 Si

2228 5002 2375 5056 illum
2407 5016 2563 5055 cures
2595 4998 2882 5068 foveasque
2910 5008 2963 5053 et
2988 5013 3236 5052 sermone
3265 5007 3319 5053 et
3348 5001 3552 5067 reipsa;
3584 5000 3627 5053 si
3665 5015 3795 5054 con-

2225 5092 2417 5147 soleris
2443 5106 2563 5145 cum
2590 5088 2934 5158 suppeditans
2958 5092 3281 5153 necessaria,
3313 5096 3424 5142 tum
3446 5089 3497 5141 in
3527 5089 3671 5143 omni
3695 5090 3795 5142 mi-

2228 5185 2449 5239 nisterio
2493 5183 2789 5237 inserviens
2823 5198 2836 5234 :
2871 5190 2925 5234 tu
2966 5181 3108 5234 enim
3149 5183 3194 5234 is
3231 5181 3373 5244 eris,
3414 5181 3505 5250 qui
3551 5197 3795 5251 asperam

2226 5276 2368 5329 illam
2395 5277 2533 5328 viam
2564 5273 2853 5327 faciliorem
2889 5273 2986 5338 ipsi
3014 5270 3196 5326 iacies.
3225 5272 3604 5340 Quamobrem,
3631 5274 3675 5327 si
3701 5276 3797 5327 ad-

2224 5366 2492 5422 miramini
2520 5365 2639 5418 illos
2666 5366 2754 5434 qui
2776 5365 2825 5417 in
2845 5378 3028 5419 eremo
3051 5366 3251 5426 vivunt,
3272 5364 3362 5433 qui
3390 5365 3514 5418 vita:
3540 5366 3795 5420 rationem

2224 5456 2380 5527 plane
2410 5455 2704 5525 angelicam
2736 5462 3105 5523 susceperunt,
3136 5454 3224 5522 qui
3257 5455 3309 5508 in
3342 5454 3594 5510 Ecclesiis
3614 5458 3795 5512 eadem

2224 5562 2379 5620 atque
2414 5550 2486 5602 illi
2532 5549 2740 5602 virtutis
2781 5548 2981 5601 obeunt
3026 5563 3244 5600 munera
3291 5566 3303 5601 :
3355 5549 3397 5603 si
3436 5549 3795 5610 admiramiui,

2228 5644 2465 5712 inquam,
2504 5655 2565 5695 ac
2592 5639 2783 5695 doletis
2822 5649 2924 5693 tam
2966 5639 3124 5711 longo
3155 5654 3249 5695 vos
3280 5639 3561 5699 intervallo
3599 5641 3668 5697 ab
3698 5641 3798 5697 illis
