4100 6412
366 276 469 333 135

362 389 630 461 Τιμοθέου
656 388 812 443 αὐτοὶ
842 389 1124 460 κρείττους
1144 405 1156 418 ·
1190 390 1371 460 ἄπαγε
1393 408 1406 422 ·
1435 392 1570 445 ἀλλά
1620 394 1820 462 μᾶλλον
1856 395 1936 447 ὅτι

365 482 566 545 αὐτοὺς
620 482 756 552 τιμᾷ
802 481 897 533 καὶ
953 480 1244 552 θεραπεύει
1297 484 1534 553 μάλιστα
1587 488 1824 550 πάντων,
1857 482 1939 551 οἷς

361 573 650 629 ἐπέστελλε
670 590 684 605 ·
722 573 817 627 καὶ
838 572 947 641 γὰρ
973 574 1068 627 καὶ
1101 574 1305 645 πολλὴν
1332 577 1518 640 αὐτοῖς
1561 577 1765 648 ἀρετὴν
1795 596 1938 649 μαρ-

358 664 751 736 τυρεῖ.“Ἀλλως
780 664 859 730 δὲ,
885 667 1001 719 ἐκεῖ
1029 665 1128 735 μὲν
1156 664 1278 720 οὖν·
1306 666 1499 737 ἔμελλε
1531 669 1703 723 πολλά
1728 670 1944 724 διατάτ-

358 760 567 825 τεσθαι,
593 758 682 812 διὰ
710 757 871 812 τοῦτο
904 759 1136 813 ἀνέλαϐε
1162 761 1223 813 τὸ
1250 760 1345 813 τοῦ
1377 761 1677 815 ἀποστόλου
1704 760 1938 832 ἀξίωμα·

360 849 595 904 ἐνταῦθα
622 850 680 903 δὲ
706 850 983 903 ἐπιτάττει
1019 849 1119 919 μὲν
1142 850 1327 913 αὐτοῖς
1352 851 1525 915 οὐδὲν,
1560 852 1697 922 πλὴν
1728 853 1827 905 ὅσα
1850 853 1943 905 καὶ

358 946 451 1016 ἀφ’
482 944 693 1000 ἑαυτῶν
726 944 1035 1015 συνεώρων.
1065 944 1197 1010 Τοῖς
1220 944 1416 1013 ἁγίοις
1453 945 1526 998 ἐν
1560 945 1794 1013 Χριστῷ
1829 948 1944 1011 ’1η-

358 1038 476 1093 σοῦ
503 1038 631 1103 τοῖς
668 1034 852 1092 οὖσιν
876 1037 946 1089 ἑν
967 1036 1308 1103 Φιλίπποις.
1328 1037 1547 1105 Ἐπειδὴ
1578 1037 1724 1100 εἰκὸς
1752 1032 1819 1107 ἦν
1845 1037 1940 1091 καὶ

336 1130 659 1193 ίίουδαίους
707 1128 896 1196 ἁγίους
946 1128 1173 1189 ἑαυτοὺς
1211 1127 1396 1181 καλεῖν
1426 1128 1535 1181 ἀπὸ
1581 1127 1674 1180 τοῦ
1723 1125 1941 1197 πρώτου

332 1208 636 1292 ’χρησμῶν
667 1220 832 1289 ἡνίκα
855 1218 1105 1286 ἐλέγοντο
1132 1218 1263 1280 λαὸς
1297 1218 1472 1286 ἅγιος,
1502 1217 1835 1288 περιούσιος,
1855 1218 1942 1271 διὰ

357 1312 516 1366 τοῦτο
565 1311 874 1383 προσέθηκε
901 1353 914 1377 ,
945 1310 1075 1377 Τοῖς
1098 1310 1291 1379 ἁγίοις
1330 1310 1400 1363 ἐν
1440 1308 1675 1378 Χριστῷ
1713 1309 1938 1377 Ἰησοῦ.

359 1394 518 1457 Οὗτοι
551 1403 660 1474 γὰρ
688 1400 838 1473 μόνοι
876 1400 1042 1472 ἆγιοι,
1079 1402 1278 1456 ἐκεῖνοι
1304 1401 1363 1455 δὲ
1391 1400 1579 1455 λοιπὸν
1614 1400 1852 1472 βέϐηλοι.

426 1577 912 1643 Συνεπισκόποις
953 1574 1051 1630 καί
1086 1575 1409 1643 διακόνοις.
1446 1576 1513 1629 Τί
1565 1574 1763 1641 τοῦτο;
1816 1576 1944 1645 μιᾶς

357 1668 566 1732 πόλεως
588 1668 775 1723 πολλοὶ
794 1668 1083 1721 ἐπίσκοποι
1104 1666 1258 1740 [195]
1280 1664 1451 1739 ἦσανς
1483 1668 1752 1739 Οὐδαμῶς
1770 1684 1783 1698 ·
1807 1668 1944 1721 ἀλλά

356 1760 485 1823 τοὺς
533 1758 940 1831 πρεσϐυτέρους
986 1758 1161 1823 οὕτως
1207 1758 1456 1814 ἐκάλεσε.
1490 1759 1533 1811 Τ
1536 1759 1623 1811 ότε
1655 1759 1766 1830 γάρ
1802 1759 1940 1821 τέως

359 1849 679 1906 ἐκοινώνουν
725 1852 839 1915 τοῖς
887 1851 1136 1923 ὀνόμασι,
1164 1853 1260 1906 καὶ
1299 1851 1545 1914 διάκονος
1578 1852 1608 1905 ό
1644 1851 1943 1915 ἐπίσκοπος

358 1944 595 2011 ἐλέγετο.
623 1945 721 1998 Διά
747 1944 907 1997 τοῦτο
933 1946 1161 2014 γράφων
1193 1945 1287 1998 καὶ
1314 1943 1565 2014 Τιμοθέῳ
1596 1942 1750 2012 ἔλεγε
1773 1959 1788 1974 ·
1824 1942 1943 2011 Τὴν

358 2033 673 2090 διακονίαν
732 2050 849 2088 σου
899 2036 1404 2103 πληροφόρησον·
1460 2033 1747 2103 ἐπισκόπῳ
1802 2032 1938 2088 ὄντι.

360 2125 482 2179 Ὅτι
526 2126 634 2197 γὰρ
679 2126 977 2189 ἐπίσκοπος
1014 2121 1105 2196 ἦν,
1137 2126 1272 2197 φησὶ
1320 2124 1459 2196 πρὸς
1503 2125 1687 2189 αὐτὸν,
1718 2125 1930 2194 Χεῖρας

356 2218 583 2288 ταχέως
608 2217 826 2287 μηδενί
855 2218 1137 2274 ἐπιτίθει·
1172 2218 1269 2271 καὶ
1302 2217 1463 2272 πάλιν
1485 2234 1498 2247 ·
1540 2219 1610 2270 "0
1632 2216 1812 2286 ἐδόθη
1842 2233 1943 2271 σοι

351 2310 502 2379 μετὰ
537 2309 861 2377 ἐπιθέσεως
910 2309 1029 2363 τῶν
1077 2308 1293 2379 χειρῶν
1337 2308 1445 2363 τοῦ
1472 2308 1935 2377 πρεσϐυτερίου·

356 2402 454 2454 οὐκ
483 2400 549 2455 ἂν
578 2402 636 2454 δέ
663 2400 1022 2473 πρεσϐύτεροι
1048 2400 1346 2453 ἐπίσκοπον
1370 2401 1807 2471 ἐχειροτόνησαν.
1830 2399 1941 2451 Καὶ

356 2493 519 2547 πάλιν
550 2492 686 2563 πρὸς
716 2492 874 2546 Τίτον
905 2492 1135 2563 γράφων
1163 2492 1297 2561 φησί
1322 2507 1336 2520 ·
1359 2491 1581 2545 Τούτου
1603 2488 1781 2560 χάριν
1802 2505 1941 2542 κατ-

354 2584 569 2637 ἐλιπόν
589 2599 664 2637 σε
689 2584 759 2637 ἐν
783 2582 1007 2652 Κρήτῃ,
1028 2584 1132 2637 ἵνα
1160 2582 1555 2649 καταστήσῃς
1583 2582 1733 2635 κατὰ
1758 2583 1942 2635 πόλιν

354 2675 829 2745 πρεσϐυτέρους,
868 2675 950 2740 ώς
993 2674 1106 2742 ἐγώ
1147 2689 1247 2728 σοι
1292 2671 1690 2741 διεταξάμην·
1743 2672 1802 2725 εί
1850 2690 1941 2737 τις

355 2768 748 2838 ἀνέγκλητος,
777 2766 915 2837 μιᾶς
944 2767 1224 2836 γυναικὸς
1246 2766 1432 2835 ἀνήρ·
1470 2765 1507 2819 δι
1542 2767 1675 2836 περὶ
1703 2764 1797 2817 τοῦ
1822 2765 1941 2817 ἐπι-

357 2865 557 2919 σκόπου
586 2864 740 2936 φησί.
764 2865 876 2917 Καὶ
896 2861 1066 2917 εἰπὼν
1090 2861 1284 2927 ταῦτα,
1311 2861 1516 2925 εὐθέως
1536 2862 1790 2933 ἐπήγαγε
1806 2878 1821 2893 ·
1843 2859 1947 2913 Δεῖ

354 2956 465 3026 γὰρ
506 2957 617 3011 τὸν
652 2957 994 3011 ἐπίσκοπον
1034 2955 1413 3024 ἀνέγκλητον
1453 2954 1628 3017 εἶναι,
1656 2953 1737 3018 ὠς
1786 2951 1939 3008 Θεοῦ

354 3050 691 3119 οικονόμον,
741 3046 827 3118 μὴ
877 3044 1132 3115 αὐθάδη.
1158 3048 1337 3117 Ὅπερ
1391 3041 1486 3099 οῦν
1536 3044 1695 3115 ἔφην,
1738 3045 1832 3098 καὶ
1888 3044 1939 3096 οἱ

354 3140 715 3213 πρεσϐύτεροι
764 3139 826 3193 τὸ
875 3139 1104 3193 παλαιὸν
1161 3136 1452 3193 ἐκαλοῦντο
1504 3139 1793 3192 ἐπίσκοποι
1844 3136 1939 3190 καὶ

354 3234 592 3288 διάκονοι
621 3232 716 3287 τοῦ
750 3231 1012 3304 Χριστοῦ,
1037 3232 1132 3286 καὶ
1153 3234 1201 3285 οἱ
1231 3232 1519 3285 ἐπίσκοποι
1550 3228 1935 3302 πρεσϐύτεροι·

355 3324 477 3379 ὅθεν
509 3326 604 3379 καὶ
629 3325 724 3378 νῦν
752 3324 936 3378 πολλοὶ
978 3322 1452 3395 συμπρεσϐυτέρῳ
1480 3323 1771 3376 ἐπίσκοποι
1804 3321 1939 3393 γράο

355 3434 536 3485 φουσι,
573 3418 668 3469 καὶ
698 3414 1047 3484 συνδιακόνῳ.
1076 3414 1276 3467 Λοιπὸν
1304 3414 1361 3467 δὲ
1396 3414 1457 3466 τὸ
1490 3412 1689 3477 ἰδιάζον
1716 3412 1934 3480 ἑκάστῳ

355 3508 758 3579 ἀπονενέμηται
788 3508 977 3575 ὄνομα,
1008 3508 1036 3559 ὁ
1062 3506 1383 3569 ἐπίσκοπος,
1415 3506 1511 3558 καὶ
1561 3507 1589 3557 ό
1642 3504 1939 3574 πρεσϐύτε-

359 3619 470 3673 ρος.
516 3600 1015 3665 Συνεπισκόποις,
1060 3599 1215 3669 φησὶ,
1264 3597 1362 3651 καί
1403 3596 1723 3661 διακόνοις,
1769 3593 1940 3664 χάρις

355 3694 498 3763 ὑμῖν
528 3692 624 3747 καί
647 3691 856 3760 εἰρήνη
885 3692 1004 3745 ἀπὸ
1041 3689 1191 3744 Θεοῦ
1225 3690 1454 3757 Πατρός
1487 3685 1657 3755 ἡμῶν
1686 3686 1783 3739 καὶ
1822 3690 1939 3739 Κυ-

348 3790 486 3855 ρίου
519 3785 725 3853 Ἰησοῦ
773 3783 1054 3851 Χριστοῦ.
1086 3780 1352 3835 Ἐνταῦθα
1405 3779 1693 3849 ζητήσειεν
1742 3778 1808 3829 ἄν
1858 3794 1943 3839 τις

358 3879 598 3942 εἰκότως·
631 3877 697 3929 Τί
724 3877 921 3946 δήποτε
950 3871 1187 3943 οὐδαμοῦ
1216 3871 1295 3942 τῷ
1319 3871 1505 3941 κλήρῳ
1528 3870 1753 3941 γράφων
1782 3869 1943 3922 ἀλλα-

356 3968 477 4040 χοῦ,
509 3969 609 4022 οὐκ
635 3970 692 4021 ἐν
723 3965 931 4036 Ῥώμῃ,
958 3965 1057 4017 οὐκ
1092 3966 1149 4016 ἐν
1188 3960 1461 4031 Κορίνθῳ,
1483 3960 1583 4013 οὐκ
1613 3962 1671 4013 ἐν
1706 3960 1937 4030 Ἐφέσῳ,

358 4060 491 4114 ἀλλά
524 4061 677 4129 κοινῇ
723 4058 855 4111 πᾶσι
887 4058 996 4119 τοῖς
1037 4055 1234 4123 ἁγίοις,
1270 4052 1305 4123 ἥ
1336 4054 1449 4115 τοῖς
1495 4054 1730 4116 πιστοῖς,
1761 4050 1796 4122 ἢ
1829 4053 1942 4114 τοῖς

357 4152 753 4224 ἠγαπημένοις,
778 4148 1011 4203 ἐνταῦθα
1038 4147 1117 4218 τῷ
1140 4146 1331 4217 κλήρῳ
1359 4145 1561 4216 γράφει
1584 4160 1597 4208 ;
1631 4145 1754 4198 Ὅτι
1785 4144 1941 4198 αὐτοὶ

357 4243 455 4297 καὶ
479 4238 831 4300 ἀπέστειλαν,
854 4238 950 4291 καὶ
976 4235 1459 4307 ἐκαρποφόρησαν,
1478 4234 1574 4286 καὶ
1592 4233 1747 4286 αὐτοὶ
1770 4232 1942 4302 έπεμ-

356 4335 463 4404 ψαν
498 4332 633 4404 πρὸς
664 4330 827 4385 αὐτὸν
867 4330 957 4382 τὸν
998 4326 1406 4396 Ἐπαφρόδιτον.
1457 4324 1814 4393 Εὐχαριστῶ
1860 4325 1941 4389 τῷ

360 4425 481 4490 Θεῷ
508 4440 648 4494 μου,
685 4423 870 4492 φησὶν,
894 4419 995 4473 ἐπὶ
1036 4418 1204 4486 πάσῃ
1259 4415 1334 4484 τῇ
1368 4415 1546 4485 μνείᾳ
1592 4415 1758 4485 ὑμῶν
1789 4415 1941 4468 πάν-

358 4532 509 4570 τοτε.
547 4509 712 4567 Εἶπεν
742 4509 975 4580 ἀλλαχοῦ
1004 4509 1231 4579 γράφων
1249 4523 1263 4537 ⁸
1300 4507 1586 4562 Πείθεσθε
1613 4506 1741 4572 τοῖς
1772 4508 1943 4575 ἡγου-

352 4606 561 4675 μένοις
588 4602 753 4671 ὐμῶν
775 4602 873 4655 καὶ
900 4602 1198 4661 ὑπείκετε,
1223 4599 1312 4651 ὅτι
1330 4597 1944 4667 ιιὺτοὶρῃουπνοῦσιν

359 4699 511 4768 ὑπὲρ
544 4696 665 4751 τῶν
706 4696 922 4765 ¹ψυχῶν
954 4692 1142 4763 ὑμῶν,
1174 4692 1253 4756 ὡς
1285 4691 1472 4760 λόγον
1500 4690 1939 4755 ἀποδώσοντες,

359 4794 460 4847 ἵνα
482 4789 634 4863 μετὰ
667 4788 857 4859 χαρᾶς
890 4787 1066 4841 τοῦτο
1104 4784 1342 4846 ποιῶσι,
1368 4784 1465 4839 καὶ
1496 4783 1583 4853 μὴ
1624 4782 1943 4843 στενάζον-

360 4902 479 4953 τες.
512 4886 575 4938 El
605 4882 785 4936 τοίνυν
831 4881 893 4935 τὸ
938 4881 1237 4943 στενάζειν,
1275 4879 1475 4942 κακίας
1517 4877 1626 4930 τῶν
1656 4876 1939 4947 μαθητῶν,

361 4978 421 5030 τὸ
474 4974 613 5047 μετά
660 4974 835 5045 χαρᾶς
883 4972 1039 5026 τοῦτο
1090 4975 1285 5033 ποιεῖν,
1312 4969 1618 5041 προκοπῆς.
1646 4968 1818 5020 Τοῦτο
1849 4963 1943 5020 οὖν

362 5073 528 5132 ἐστιν,
548 5069 576 5122 ὃ
596 5068 775 5136 λέγει·
813 5066 1036 5127 Ὁσάκις
1065 5064 1219 5134 ὑμῶν
1244 5062 1597 5132 ἀναμνησθῶ,
1617 5060 1826 5125 δοξάζω
1851 5059 1943 5112 τὸν

362 5161 515 5215 Θεόν.
544 5159 714 5213 Τοῦτο
738 5159 793 5212 δὲ
827 5159 970 5210 ποιεῖ
999 5158 1064 5209 ἐκ
1105 5155 1200 5207 τοῦ
1233 5154 1401 5207 πολλά
1430 5154 1613 5216 αὐτοῖς
1644 5152 1941 5205 συνειδέναι

362 5252 561 5320 ἀγαθά.
579 5253 687 5305 Καὶ
711 5249 937 5314 δοξάζω,
966 5249 1119 5318 φησὶ,
1143 5248 1237 5300 καὶ
1261 5246 1474 5316 δέομαι.
1492 5246 1567 5298 Οὐ
1602 5248 1732 5315 μὴν,
1756 5244 1941 5314 ἐπειδὴ

363 5342 724 5396 ἐπιδεδώκατε
756 5344 835 5402 εἰς
861 5340 1084 5411 ἀρετὴν,
1121 5337 1388 5407 παύομαι,
1417 5338 1531 5389 ἀλλ’
1562 5337 1805 5407 ἐπιμένω
1826 5336 1941 5389 δεό-

338 5417 523 5505 ’μενος
565 5436 706 5505 ὑπὲρ
757 5434 930 5504 ὑμῶν.
974 5430 1343 5501 Εὐχαριστῶ,
1382 5432 1535 5501 φησὶ,
1569 5430 1648 5496 τῷ
1687 5429 1807 5495 Θεῷ
1842 5428 1943 5483 ἐπὶ

428 5659 453 5687 ⁸
475 5654 674 5709 Coislin.
701 5656 798 5704 ἐκεῖ
821 5656 1126 5717 μένων,.ιιιιιε
1161 5650 1311 5702 ιριτιίο
1341 5664 1432 5699 non
1462 5651 1752 5714 spernenda.
1800 5651 1942 5702 Alius

366 5724 419 5769 et
444 5732 596 5781 marg.
634 5719 806 5777 Savil.,
826 5716 931 5765 ἐκεῖ
958 5718 1038 5778 μὲν
1072 5716 1175 5778 γάρ.

1287 274 1354 330 ΙΝ
1387 275 1608 331 EPIST.
1639 275 1731 329 Al)
1771 275 2061 329 PHILIPP.
2104 276 2255 331 CAP.
2288 277 2330 331 1.
2373 275 2609 332 HOMIL.
2644 278 2687 331 l.

3534 278 3639 335 184

2056 392 2226 460 πάσῃ
2254 390 2328 461 τῇ
2354 392 2537 461 μνείᾳ
2574 390 2760 461 ὑμῶν.
2802 390 3088 458 Πάντοτε,
3114 393 3185 445 ὲν
3226 392 3393 460 πάσῃ
3433 392 3637 461 δεήσει

2047 501 2164 553 μου
2188 484 2345 554 ὑπὲρ
2378 483 2624 538 πάντων
2668 483 2837 552 ὑμῶν
2872 484 3024 553 μετὰ
3064 482 3255 553 χαρᾶς
3281 484 3397 552 τὴν
3423 483 3639 553 δέησιν

2050 574 2427 644 ποιούμενος.
2486 573 2788 635 Πάντοτε,
2829 574 2929 644 οὐχ
2973 574 3102 628 ὅταν
3148 572 3403 644 εῦχωμαι
3454 575 3634 645 μόνον.

2054 664 2250 727 Καλῶς
2274 664 2332 717 δὲ
2357 663 2663 736 προσέθηκε
2688 664 2771 728 τὸ,
2810 665 2971 720 Μετὰ
2996 664 3187 734 χαρᾶς
3212 683 3227 698 ·
3257 665 3373 719 ἔστι
3401 665 3512 739 γάρ
3542 671 3638 722 καὶ

2056 756 2195 826 μετὰ
2230 755 2407 826 λύπης
2439 755 2598 809 τοῦτο
2628 756 2875 826 ποιῆσαι,
2912 756 2987 821 ώς
3026 758 3155 809 ὃταν
3196 757 3333 829 λέγῃ
3361 756 3599 829 ἀλλαχοῦ
3624 778 3637 790 ·

2062 847 2159 900 Ἐκ
2191 846 2304 916 τὰρ
2346 844 2589 913 πολλῆς
2636 847 2901 915 θλίψεως
2931 847 3030 900 καὶ
3071 847 3349 916 συνοχῆς
3389 849 3643 918 καρδίας
3684 900 3687 903 .

2048 934 2285 1004 ἔγραψα
2306 935 2448 1003 ὑμῖν
2470 935 2570 990 διὰ
2598 937 2849 992 πολλῶν
2867 938 3163 1006 δακρύων.
3181 940 3306 993 Ἐπί
3330 939 3408 1010 τῇ
3433 959 3642 995 κοινω-

2046 1028 2149 1095 νίᾳ
2168 1026 2354 1095 ὑμῶν,
2374 1028 2559 1096 φησὶν,
2575 1030 2665 1094 είς
2688 1028 3057 1098 Εὑαγγέλιον
3085 1030 3201 1084 ἀπὸ
3228 1032 3466 1100 πρώτης
3490 1032 3635 1103 ἡμέ-

2042 1137 2156 1188 ρας
2180 1120 2357 1189 μέχρι
2386 1120 2494 1174 τοῦ
2518 1120 2655 1175 νῦν.

2122 1314 2186 1384 β’.
2206 1312 2353 1385 [196]
2370 1315 2531 1382 Μέγα
2552 1316 2734 1377 αὐτοῖς
2751 1315 2981 1369 ἐνταῦθα
3002 1320 3289 1388 μαρτυρεῖ,
3308 1319 3404 1387 οὐχ
3421 1319 3632 1386 ἁπλῶς,
3698 1318 3726 1371 ’ἶ

2048 1406 2185 1460 ἀλλά
2218 1408 2312 1460 καὶ
2338 1408 2543 1477 σφόδρα
2570 1406 2731 1477 μέγα,
2762 1408 2857 1460 καὶ
2887 1408 3023 1477 ὅπερ
3047 1408 3112 1461 ἄν
3138 1426 3221 1472 τις
3246 1410 3630 1483 ἐμαρτύρησεν

2046 1498 2364 1562 ἀποστόλοις
2398 1500 2493 1552 καὶ
2525 1498 2961 1567 εὐαγγελισταῖς.
2982 1501 3096 1554 Οὐκ
3130 1500 3317 1572 ἐπειδὴ
3345 1501 3452 1573 γὰρ
3475 1503 3635 1556 πόλιν

2046 1588 2447 1661 ἐνεχειρίσθητε
2488 1589 2637 1660 μίαν,
2665 1591 2849 1661 φησιν,
2870 1592 3086 1662 ἐκείνης
3106 1592 3417 1662 φροντίζετε
3443 1594 3632 1664 μόνης,

2045 1680 2183 1734 ἀλλὰ
2210 1681 2392 1736 πάντα
2440 1682 2735 1753 πράττετε,
2770 1683 2915 1737 ὥστε
2952 1684 3207 1755 μερισταὶ¹
3236 1686 3495 1754 γενέσθαι
3523 1686 3636 1739 τῶν

2045 1772 2194 1840 ὲμῶν
2230 1772 2426 1835 πόνων,
2449 1775 2728 1845 πανταχοῦ
2756 1773 3023 1845 παρόντες
3047 1774 3141 1829 καὶ
3163 1776 3632 1848 συμπράττοντες,

2046 1865 2141 1918 καὶ
2187 1865 2679 1934 συγκοινωνοῦντές
2726 1884 2826 1936 μου
2877 1866 2955 1936 τῷ
2999 1866 3349 1937 κηρύγματι·
3391 1870 3490 1940 ούχ
3534 1869 3636 1924 ἕνα

2044 1955 2254 2026 χρόνον,
2290 1956 2410 2010 οὐδὲ
2444 1957 2717 2029 δεύτερον,
2746 1958 2867 2011 οὐδὲ
2902 1959 3107 2031 τρίτον,
3137 1959 3271 2013 ἀλλά
3314 1960 3545 2014 πάντοτε
3575 1961 3635 2025 ἐξ

2043 2043 2103 2102 οὗ
2136 2048 2491 2102 ἐπιστεύσατε
2519 2048 2683 2121 μέχρι
2714 2051 2807 2104 τοῦ
2830 2050 2945 2115 νῦν,
2971 2052 3284 2106 ἀποστόλων
3304 2053 3634 2124 ἀνειλήφατε

2046 2139 2527 2209 προθυμίαν.⁶’ορα
2552 2140 2667 2202 πῶς
2694 2142 2742 2193 οί
2770 2142 2868 2210 μὲν
2896 2145 2953 2194 ὲν
2988 2144 3176 2214 Ῥώμῃ
3201 2142 3351 2207 ὄντες
3370 2145 3636 2216 ἀπεστρέ-

2045 2247 2207 2296 φοντο
2252 2232 2451 2283 αὐτόν·
2502 2232 2665 2286 ἄκουε
2719 2235 2830 2302 γὰρ
2885 2233 3051 2286 αὑτοῦ
3105 2233 3395 2302 λέγοντος·
3455 2233 3634 2303 Οἶδας

2046 2323 2245 2385 τοῦτο,
2287 2323 2377 2376 ὅτι
2424 2324 2907 2394 ἀπεστράφησάν
2948 2343 3025 2392 με
3074 2325 3299 2393 πάντες
3342 2330 3397 2381 οἱ
3442 2329 3513 2381 ὲν
3555 2327 3634 2397 τνῖ

2060 2415 2235 2483 Ἀσίᾳ
2256 2432 2270 2445 ·
2305 2416 2398 2468 καὶ
2426 2415 2624 2481 πάλιν,
2654 2416 2854 2485 Δημᾶς
2884 2434 2962 2485 με
2988 2417 3374 2485 ἐγκατέλιπε·
3408 2419 3519 2482 καὶ,
3538 2420 3637 2471 Ἐν

2045 2505 2123 2575 τῇ
2151 2506 2352 2576 πρώτῃ
2390 2526 2511 2577 μου
2552 2509 2871 2579 ἀπολογίᾳ,
2904 2510 3087 2579 φησιν,
3113 2510 3313 2576 οὐδείς
3343 2530 3445 2579 μοι
3481 2527 3636 2579 συμο

2044 2598 2431 2668 παρεγένετο·
2472 2594 2616 2653 οῦτοι
2647 2599 2704 2653 δὲ
2739 2602 2834 2655 καὶ
2867 2602 3098 2664 ἀπόντες
3140 2602 3462 2656 ἐκοινώνουν
3485 2602 3636 2672 αὐτῷ

2043 2691 2154 2743 τῶν
2183 2689 2432 2760 θλίψεων,
2466 2691 2778 2762 πέμποντές
2816 2708 2877 2745 τε
2916 2692 3116 2764 ἄνδρας
3144 2693 3281 2764 πρὸς
3329 2694 3513 2759 αὑτὸν,
3544 2698 3637 2749 καὶ

2046 2782 2189 2835 κατὰ
2220 2781 2449 2852 δύναμιν
2481 2781 2935 2854 ὑπηρετούμενοι,
2965 2784 3059 2837 καὶ
3100 2784 3254 2839 οὐδὲν
3281 2785 3417 2848 ὅλως
3445 2786 3631 2856 ἐλλιμ-

2046 2872 2330 2936 πάνοντες.
2370 2874 2478 2925 Καὶ
2510 2874 2670 2927 τοῦτο
2699 2877 2925 2938 ποιεῖτε,
2957 2877 3020 2928 ού
3070 2875 3164 2929 νῦν
3213 2877 3394 2947 μόνον,
3440 2879 3631 2949 φησιν.

2046 2961 2162 3014 ἀλλ’
2187 2961 2297 3027 ἀεὶ,
2322 2962 2489 3016 παντὶ
2530 2962 2716 3032 τρόπῳ
2752 2964 3550 3038 συναντιλαμϐανόμενοι.”Λρα
3574 2969 3637 3020 τὸ

2045 3049 2640 3121 συναντιλαμϐάνεσθαι
2666 3051 2922 3104 κοινωνία
2950 3051 3068 3104 ἐστὶ
3092 3054 3173 3116 εἰς
3199 3053 3260 3105 τὸ
3283 3053 3630 3121 Εὑαγγέλιον.

2045 3140 2213 3195 Ὅταν
2262 3140 2371 3209 γὰρ
2419 3142 2628 3204 ἐκεῖνος
2678 3140 2777 3210 μὲν
2831 3142 3099 3214 κηρύττῃ,
3131 3144 3195 3198 σὺ
3224 3143 3281 3197 δὲ
3322 3143 3637 3215 θεραπεύῃς

2044 3233 2136 3286 τὸν
2163 3234 2523 3304 κηρύττοντα,
2554 3236 2831 3296 κοινωνεῖς
2856 3234 3007 3304 αὐτῷ
3029 3235 3137 3288 τῶν
3167 3235 3466 3304 στεφάνων.
3485 3236 3637 3289 Ἐπεὶ

2045 3324 2140 3376 καὶ
2160 3325 2218 3376 ἐν
2239 3326 2352 3387 τοῖς
2374 3322 2574 3389 ἔξωθεν
2602 3322 2811 3386 ἀγῶσιν
2831 3323 2893 3375 ού
2919 3324 3014 3376 τοῦ
3042 3324 3443 3394 ἀγωνιζομένου
3473 3326 3635 3396 μόνου

2044 3413 2195 3467 ἐστὶν
2224 3414 2252 3466 ό
2279 3412 2565 3480 στέφανος,
2600 3414 2737 3468 ἀλλά
2767 3414 2860 3473 καὶ
2892 3412 2987 3466 τοῦ
3019 3415 3389 3483 παιδοτρίϐου.
3418 3417 3513 3470 καὶ
3541 3416 3636 3469 τοῦ

2045 3504 2466 3576 θεραπεύοντος,
2485 3506 2578 3557 καὶ
2609 3505 2827 3559 πάντων
2853 3504 3043 3565 ἀπλῶς
3075 3506 3182 3557 τῶν
3206 3507 3520 3560 ἀσκούντων
3541 3509 3635 3560 τὸν

2046 3597 2303 3667 ἀθλητήν.
2347 3597 2410 3649 Οἱ
2441 3596 2550 3666 γὰρ
2584 3596 2882 3668 ρωννύντες
2916 3598 3077 3650 αὐτὸν
3110 3598 3203 3650 καὶ
3232 3599 3633 3669 ἀνακτώμενοι,

2045 3684 2193 3742 οὗτοι
2238 3689 2334 3741 καὶ
2371 3687 2472 3757 τῆς
2517 3688 2675 3758 νίκης
2724 3688 2949 3752 εἰκότως
2977 3688 3044 3742 ἂν
3073 3690 3314 3759 γένοιντο
3353 3695 3629 3763 μερισταί.

2048 3779 2156 3831 Καὶ
2188 3780 2245 3830 ἐν
2278 3779 2388 3840 τοῖς
2420 3778 2679 3848 πολέμοις
2710 3779 2768 3831 δέ
2800 3779 2898 3849 οὐχ
2926 3782 2954 3833 ό
2986 3782 3243 3851 ἀριστεὺς
3291 3784 3471 3852 μόνος,
3503 3785 3637 3838 ἀλλά

2047 3868 2142 3919 καὶ
2184 3866 2386 3927 πάντες
2413 3868 2465 3919 οἱ
2497 3866 2892 3938 θεραπεύοντες
2926 3868 3088 3922 αὐτὸν
3117 3870 3342 3933 εἰκότως
3368 3870 3435 3925 ἂν
3466 3889 3633 3942 μετα-

2049 3961 2288 4012 ποιοῖντο
2314 3957 2422 4011 τῶν
2451 3959 2749 4030 τροπαίων,
2774 3960 2870 4013 καὶ
2901 3962 3002 4032 τῆς
3030 3961 3188 4030 δόξης
3220 3963 3520 4033 μετέχοιεν,
3540 3964 3635 4017 ἀτε

2049 4051 2478 4117 κοινωνήσαντες
2509 4051 2660 4123 αὐτῷ
2680 4051 2775 4106 τοῦ
2796 4054 3007 4122 ἀγῶνος
3027 4058 3094 4127 τῇ
3117 4054 3404 4127 θεραπείᾳ.
3430 4057 3504 4109 Οὐ
3526 4060 3637 4126 γὰρ

2053 4144 2247 4215 μικρὸν
2274 4146 2498 4199 δύναται
2522 4145 2582 4198 τὸ
2602 4144 2931 4216 θεραπεύειν
2960 4148 3167 4216 ἁγίους,
3190 4149 3324 4202 ἀλλά
3350 4151 3443 4202 καὶ
3469 4150 3635 4219 μέγα·

2050 4237 2337 4299 κοινωνοὺς
2368 4236 2477 4308 γὰρ
2509 4236 2657 4305 ἡμᾶς
2688 4238 2835 4288 ποιεῖ
2858 4237 2967 4289 τῶν
2990 4238 3222 4301 ἐκείνοις
3252 4240 3636 4309 ἀποκειμένων

2052 4325 2278 4392 μισθῶν.
2317 4321 2473 4391 Οἷον,
2509 4326 2703 4399 ἕρριψέ
2758 4344 2842 4389 τις
2894 4329 3060 4383 πολλά
3107 4331 3364 4402 χρήματα
3413 4331 3501 4385 διά
3546 4333 3636 4385 τὸν

2048 4416 2203 4478 Θεὸν,
2236 4418 2529 4483 διαπαντὸς
2581 4420 2869 4475 ἀνάκειται
2918 4422 2999 4491 τῷ
3048 4421 3188 4492 Θεῷ,
3222 4422 3427 4494 ἀρετὴν
3476 4425 3638 4477 ἀσκεῖ

2051 4510 2317 4579 μεγάλην,
2350 4510 2446 4562 καὶ
2501 4510 2662 4581 μέχρι
2719 4512 3007 4581 ῥημάτων,
3042 4515 3137 4566 καὶ
3168 4514 3364 4585 μέχρις
3393 4517 3635 4578 ἐννοιῶν,

2049 4600 2143 4652 καὶ
2177 4600 2341 4670 μέχρι
2389 4602 2605 4653 πάντων
2655 4602 2854 4668 πολλὴν
2884 4604 3173 4672 ἀκρίϐειαν
3200 4606 3518 4674 φυλάττων·
3555 4609 3638 4661 ἕν-

2049 4708 2164 4744 εστι
2184 4692 2279 4743 καὶ
2301 4691 2383 4743 σοὶ
2399 4692 2494 4745 καὶ
2517 4692 2590 4763 μὴ
2607 4692 2877 4764 τοσαύτην
2903 4696 3194 4765 ἀκρίϐειαν
3217 4697 3635 4770 ἐπιδειξαμένῳ,

2048 4783 2156 4835 τῶν
2182 4783 2275 4835 ἐπὶ
2302 4784 2509 4845 τούτοις
2545 4785 2927 4854 ἀποκειμένων
2957 4787 3105 4858 αὐτῷ
3137 4789 3345 4858 μισθῶν
3379 4793 3640 4854 κοινωνῆ-

2053 4893 2163 4928 σαι.
2195 4875 2349 4940 Πῶς;
2381 4877 2478 4928 Ἂν
2501 4876 2847 4948 θεραπεύσῃς
2870 4880 3032 4932 αὐτὸν
3057 4882 3151 4934 καὶ
3177 4882 3320 4951 λόγῳ
3345 4885 3439 4937 καὶ
3469 4884 3636 4956 ἔργῳ,

2052 4970 2118 5023 ἂν
2152 4969 2540 5041 παρακαλέσῃς
2572 4972 2664 5024 καὶ
2692 4971 2783 5024 διὰ
2824 4972 2918 5025 τοῦ
2946 4976 3201 5044 χορηγεῖν
3237 4975 3306 5028 τὰ
3340 4977 3635 5044 ἀναγκαῖα,

2052 5061 2148 5113 καὶ
2192 5061 2280 5112 διά
2329 5058 2423 5112 τοῦ
2469 5060 2833 5115 διακονεῖσθαι
2886 5064 3066 5116 πᾶσαν
3112 5063 3408 5119 διακονίαν.
3436 5067 3494 5117 Ὀ
3529 5067 3640 5136 γὰρ

2052 5151 2314 5204 εὐκολωτέ
2324 5168 2422 5222 ραν
2444 5152 2614 5205 ποιῶν
2638 5153 2737 5221 τὴν
2756 5155 3014 5223 τραχεῖαν
3034 5154 3154 5209 ὁδὸν
3178 5155 3393 5226 ἐκείνῳ,
3419 5158 3481 5209 σὺ
3507 5157 3630 5228 ἔσῃ.

2052 5245 2214 5296 Ὥστε
2254 5246 2303 5295 εί
2353 5242 2661 5313 θαυμάζετε
2692 5246 2818 5307 τοὺς
2848 5247 2908 5298 ἐν
2933 5248 3054 5310 ταῖς
3102 5247 3349 5318 ἐρήμοις,
3378 5248 3504 5312 τοὺς
3546 5250 3639 5301 τὸν

2050 5335 2340 5403 ἀγγελικὸν
2376 5335 2751 5405 ἀνῃρημένους
2801 5337 2933 5407 βίον,
2980 5338 3105 5402 τοὺς
3154 5338 3214 5391 ὲν
3245 5342 3364 5401 ταῖς
3399 5339 3633 5408 Ἐκκλη-

2053 5427 2195 5490 σίαις
2239 5428 2308 5480 τά
2338 5426 2479 5479 αὐτὰ
2527 5427 2757 5491 ἐκείνοις
2784 5429 3183 5500 κατορθοῦντας
3203 5446 3216 5459 ⁸
3250 5431 3298 5483 εί
3326 5431 3636 5503 θαυμάζετε

2049 5521 2146 5573 καὶ
2163 5518 2493 5586 ἀλγεῖτε,ὃτι
2517 5519 2720 5588 σφόδρα
2745 5519 2924 5573 αὐτῶν
2945 5522 3410 5591 ἀπολιμπάνεοθε,
3430 5524 3639 5578 ἔνεστιν

2050 5614 2180 5683 ὑμῖν
2220 5611 2421 5681 ἑτέρως
2451 5612 2631 5673 αὐτοῖς
2663 5606 2813 5681 [197]
2844 5613 3187 5683 κοινωνῆσαι,
3224 5613 3303 5684 τῷ
3346 5616 3635 5681 διακονεῖν,

2052 5702 2129 5774 τῷ
2158 5702 2496 5775 θεραπεύειν.
2522 5702 2628 5756 Καὶ
2655 5703 2761 5775 γὰρ
2794 5704 2885 5757 καὶ
2925 5704 3084 5758 τοῦτο
3106 5706 3204 5777 τῆς
3234 5707 3324 5762 τοῦ
3359 5710 3489 5763 θεοῦ
3520 5708 3638 5779 φιλ-
