4100 6412
495 281 601 334 185

492 401 807 471 ανθρωπίας
837 397 974 457 ἐστὶ,
1003 396 1062 448 τὸ
1090 395 1216 456 τοὺς
1249 393 1652 464 ῥᾳθυμοτέρως
1683 393 1776 444 καὶ
1819 391 1908 444 τὸν
1953 390 2061 442 ἀπ-

489 492 796 563 εσκληκότα
821 489 933 559 βίον
956 487 1050 541 καὶ⁵
1067 487 1272 557 τραχὺν
1293 487 1386 537 καὶ⁹
1411 484 1609 554 ἀκριϐῆ
1643 483 1714 557 μὴ
1737 481 2066 550 δυναμένους

490 583 870 650 ἀναδέξασθαι,
908 583 1000 634 καὶ
1027 580 1249 642 τούτους
1289 578 1356 630 δι’
1384 578 1579 648 ἐτέρας
1616 576 1739 629 ὁδοῦ
1783 575 1948 629 πάλιν
1985 575 2067 638 είς

491 678 588 747 τὴν
619 675 786 745 αὑτὴν
837 672 1045 735 τούτοις
1077 671 1230 736 τάξιν
1275 669 1446 734 ἄγειν.
1501 669 1610 721 Καὶ
1646 667 1803 720 τοῦτό
1840 683 2004 737 φησιν
2039 668 2067 719 6

492 766 706 828 Παῦλος
750 764 1056 819 κοινωνίαν.
1090 759 1450 814 Κοινωνοῦσιν
1477 763 1630 830 ἡμῖν,
1663 760 1848 829 φησὶν,
1874 760 1931 810 ἐν
1953 760 2066 820 τοῖς

475 833 797 925 ³οαρκικοῖς,
834 853 1194 921 κοινωνοῦμεν
1227 852 1408 912 αὐτοῖς
1438 851 1494 902 ἐν
1520 853 1630 912 τοῖς
1656 850 2063 917 πνευματικοῖς.

487 949 559 1000 Ὲί
584 947 693 1017 γάρ
715 950 742 1001 6
769 947 900 1010 Θεὸς
929 947 1048 998 ἀντὶ
1078 943 1285 1014 μικρῶν
1315 943 1408 996 καὶ
1439 941 1754 1013 μηδαμινῶν
1793 940 2067 1010 βασιλείαν

497 1039 801 1110 χαρίζεται,
836 1039 931 1091 καὶ
958 1040 1004 1090 οί
1038 1036 1213 1089 δοῦλοι
1256 1034 1420 1088 αὑτοῦ
1450 1035 1572 1088 ἀντὶ
1618 1032 1830 1103 μικρῶν
1856 1033 1950 1084 καὶ
1982 1032 2067 1084 αί-

500 1131 712 1200 σθητῶν
735 1130 1075 1198 πνευματικὰ
1095 1126 1434 1198 μεταδιδοῦσι
1454 1142 1466 1153 ·
1497 1124 1694 1194 μᾶλλον
1709 1123 1766 1175 δέ
1783 1122 2070 1175 καὶταῦτα

501 1222 726 1272 κάκεῖνα
756 1220 913 1282 αὑτός
939 1222 1084 1272 ἐστιν
1111 1221 1138 1271 6
1163 1219 1334 1278 διδοὺς
1363 1216 1450 1268 διά
1484 1215 1708 1268 τούτων.
1741 1214 1812 1264 Ub
1843 1211 2067 1264 δύνασαι

500 1310 812 1380 νηστεῦσαι,
847 1310 965 1362 οὑδὲ
1012 1309 1338 1380 μοιωθῆναι,
1374 1307 1497 1359 οὐδὲ
1541 1304 1900 1375 χαμευνῆσαι,
1947 1301 2069 1354 οὐδὲ

500 1395 857 1465 παννυχίσαι;
884 1396 1099 1449 Ἐνεστί
1132 1413 1213 1447 σοι
1238 1394 1442 1446 τούτων
1477 1393 1730 1445 ἁπάντων
1759 1390 1946 1460 μισθὸν
1977 1389 2068 1442 λα-

502 1485 636 1547 ϐεῖν,
664 1487 729 1543 ἂν
757 1486 956 1557 ἑτέρως
993 1486 1053 1538 τὸ
1089 1487 1321 1554 πρᾶγμα
1354 1482 1698 1553 μεθοδεύσῃς,
1735 1481 1826 1533 τὸν
1860 1482 1916 1532 ἐν
1949 1478 2070 1532 τού-

500 1592 614 1638 τοις
643 1576 917 1644 κάμνοντα
936 1573 1252 1644 θεραπεύων
1280 1572 1372 1623 καὶ
1399 1569 1693 1623 ἀναπαύων
1717 1570 1809 1621 καὶ
1835 1568 2069 1634 ἀλείφων

504 1664 760 1731 συνεχῶς,
797 1664 891 1716 καὶ
938 1663 1028 1716 τὸν
1073 1662 1180 1715 ἀπὸ
1231 1659 1434 1713 τούτων
1490 1657 1856 1726 ἐπικουφίζων
1888 1657 2066 1708 πόνον.

502 1755 673 1817 Αύτὲς
719 1754 916 1821 ἕστηκε
955 1752 1276 1821 μαχόμενος,
1301 1751 1463 1812 αὑτὸς
1489 1751 1584 1803 καὶ
1611 1747 1899 1818 τραύματα
1928 1747 2070 1815 λαμ-

503 1846 678 1898 ϐάνων
697 1861 708 1872 ·
741 1846 806 1896 σὺ
832 1845 1098 1916 θεράπευε
1123 1844 1228 1896 ἀπὸ
1248 1842 1340 1895 τοῦ
1363 1843 1570 1910 ἀγῶνος
1591 1841 1899 1900 ἐπανιόντα,
1918 1840 2070 1908 δέχου

503 1936 723 1996 ὑπτίαις
756 1937 964 2004 χερσὶν,
1001 1935 1244 2002 ἀπόψυχε
1281 1933 1372 1984 τὸν
1404 1932 1602 2003 ἱδρῶτα
1631 1930 1947 1994 ἀναπαύων,
1971 1947 2074 1981 πα-

507 2025 748 2096 ρακάλει,
772 2024 1116 2095 παραμυθοῦ,
1136 2023 1352 2077 ἀνακτῶ
1369 2023 1466 2092 τὴν
1488 2024 1854 2092 πεπονηκυῖαν
1871 2020 2068 2091 ψυχήν.

503 2117 600 2168 "Av
632 2115 767 2184 μετὰ
781 2117 1046 2184 τοσαύτης
1063 2115 1368 2184 προθυμίας
1384 2113 1718 2182 διακονῶμεν
1743 2115 1854 2175 τοῖς
1875 2113 2070 2180 ἁγίοις,

505 2206 758 2278 μερισταὶ
799 2207 905 2258 τῶν
955 2206 1160 2275 μισθῶν
1200 2204 1380 2258 αὐτῶν
1423 2205 1679 2274 ἐσόμεθα.
1712 2204 1882 2256 Τοῦτο
1916 2204 2009 2256 καὶ
2045 2204 2073 2255 6

501 2299 736 2370 Χριστός
768 2315 899 2366 φησι
919 2313 931 2326 °
973 2297 1271 2362 Ποιήσατε
1299 2297 1440 2366 ὑμῖν
1487 2299 1706 2365 φίλους
1741 2297 1809 2350 ἐκ
1839 2297 1943 2352 τοῦ
1964 2313 2076 2366 μα-

495 2387 664 2456 μωνᾶ
706 2387 815 2456 τῆς
858 2387 1130 2454 ἀδικίας,
1161 2389 1262 2441 ἵνα
1305 2387 1591 2452 δέξωνται
1639 2386 1796 2456 ὑμᾶς
1841 2389 1929 2452 είς
1967 2386 2074 2451 τὰς

499 2481 774 2544 αἰωνίους
812 2478 1012 2532 αὐτῶν
1047 2478 1298 2546 σκηνάς.
1315 2479 1478 2549 Ὁρᾷς
1508 2478 1625 2542 πῶς
1653 2471 1800 2531 οὗτοι
1830 2478 2074 2531 κοινωνοὶ

500 2568 812 2636 γεγόνασιν;
862 2568 1003 2620 Ἀπὸ
1038 2569 1275 2636 πρώτης
1307 2569 1555 2638 ἡμέρας,
1582 2570 1736 2638 φησι,
1760 2569 1936 2638 μέχρι
1967 2569 2073 2622 τοῦ

498 2661 636 2714 νῦν.
666 2659 766 2713 Διά
814 2661 969 2713 τοῦτο
1019 2661 1235 2731 χαίρω,
1285 2662 1467 2731 φησίν.
1509 2660 1632 2713 Ἐπὶ
1676 2661 1750 2729 τῇ
1799 2661 2073 2727 κοινωνίᾳ

498 2751 686 2820 ὑμῶν.
719 2753 826 2805 Καὶ
859 2752 1032 2822 χαίρω
1059 2754 1157 2821 οὐχ
1187 2753 1328 2823 ὑπὲρ
1357 2754 1461 2805 τῶν
1491 2753 1866 2824 παρελθόντων
1891 2753 2070 2822 μόνον,

499 2845 636 2897 ἀλλὰ
663 2846 757 2898 καὶ
781 2846 918 2915 ὑπὲρ
948 2844 1054 2896 τῶν
1089 2844 1388 2914 μελλόντων
1409 2861 1420 2872 ·
1452 2845 1561 2897 ἀπὸ
1586 2844 1694 2914 γὰρ
1722 2845 1830 2896 τῶν
1867 2844 2070 2914 παρελ-

502 2934 700 2988 θόντων
739 2937 965 2988 κάκεῖνα
998 2934 1346 3003 στοχάζομαι.
1377 2934 1675 2999 Πεποιθὼς
1703 2933 1848 2987 αὐτὸ
1876 2933 2070 2997 τοῦτο,

503 3029 683 3097 φησὶν,
718 3027 806 3079 ὅτι
837 3031 868 3079 ὀ
896 3027 1300 3095 ἐναρξάμενος
1339 3027 1407 3078 ἐν
1437 3027 1578 3095 ὑμῖν
1616 3027 1792 3095 ἔργον
1828 3025 2072 3095 ἀγαθὸν,

499 3117 831 3172 ἐπιτελέσει
871 3119 1043 3187 ἄχρις
1070 3117 1294 3186 ἡμέρας
1328 3119 1521 3186 Ἰησοῦ
1543 3119 1817 3186 Χριστοῦ.

572 3301 643 3362 γ’.
662 3297 802 3366 ’Ὀρα
818 3295 931 3358 πῶς
945 3295 1139 3358 αὐτοὺς
1155 3295 1246 3348 καὶ
1261 3295 1568 3366 μετριάζειν
1584 3296 1841 3350 διδάσκει.
1860 3299 2074 3369 Ἐπειδὴ

501 3388 610 3458 ’γὰρ
643 3388 786 3457 μέγα
814 3387 994 3448 αὑτοῖς
1019 3384 1369 3470 ἐμαρτύρησε
1396 3387 1648 3457 πρᾶγμα,
1680 3387 1769 3441 ἴνα
1804 3387 1876 3457 μή
1906 3405 1956 3440 τι
1983 3389 2076 3441 ἀν-

503 3481 772 3551 θρώπινον
803 3477 1066 3539 πάθωσιν,
1099 3477 1302 3540 εὐθέως
1348 3477 1590 3530 παιδεύει
1619 3479 1815 3542 αὐτοὺς
1858 3480 1950 3532 ἐπὶ
1983 3481 2074 3534 τὸν

502 3571 735 3641 Χριστὸν
763 3571 858 3624 καὶ
884 3569 954 3621 τά
979 3569 1337 3638 παρελθόντα,
1375 3570 1469 3622 καὶ
1496 3569 1576 3622 τά.
1601 3570 1861 3639 μέλλοντα
1890 3572 2076 3624 ἀνατι-

487 3660 652 3715 σθέναι
671 3675 684 3689 '
720 3661 866 3724 πῶς;
896 3660 970 3713 Οὐ
1000 3663 1108 3731 γάρ
1137 3656 1277 3724 εἷπε,
1307 3659 1604 3724 Πεποιθὼς,
1627 3661 1708 3714 ὅτι
1739 3661 1814 3725 ὡς
1845 3661 2074 3733 ἐνήρξα-

492 3753 618 3816 .σθε,
650 3753 742 3806 καὶ
767 3752 1032 3815 τελέσετε,
1061 3751 1194 3804 ἀλλὰ
1220 3751 1306 3818 τί;
1345 3751 1396 3803 '0
1423 3751 1826 3821 ἐναρξάμενος
1844 3755 1913 3806 ἐν
1933 3754 2074 3824 ὑμῖν

502 3849 681 3919 ἔργον
705 3847 929 3917 ἀγαθὸν
956 3848 1287 3900 ἑπιτελέσει
1302 3862 1316 3876 ·
1340 3845 1462 3898 οὔτε
1486 3847 1860 3918 ἀπεστέρησεν
1880 3849 2074 3911 αὐτοὺς

495 3941 597 3994 τοῦ
628 3937 1046 4008 κατορθώματος
1067 3955 1079 3968 ·
1113 3933 1233 3990 εἷπε
1253 3937 1382 4008 γὰρ,
1399 3939 1480 3991 ὅτι
1505 3938 1586 4008 Τῇ
1607 3941 1886 4006 κοινωνίᾳ
1907 3939 2076 4008 ὑμῶν

491 4032 708 4101 χαίρω,
744 4029 1004 4098 δηλονότι,
1041 4029 1116 4092 ὡς
1145 4029 1320 4081 αὐτῶν
1347 4029 1752 4100 κατορθούντων
1773 4047 1787 4063 ο
1835 4030 1958 4084 οὔτε
1996 4029 2075 4086 εἷ-

506 4139 608 4175 πεν
635 4121 814 4182 αὐτῶν
851 4115 990 4172 εἶναι
1034 4120 1102 4173 τὰ
1148 4118 1546 4190 κατορθώματα
1575 4121 1754 4190 μόνον,
1782 4122 1917 4176 ἀλλά
1946 4141 2078 4194 προ-

503 4213 818 4285 ηγουμένως
854 4211 946 4264 τοῦ
978 4210 1144 4263 Θεοῦο
1179 4212 1378 4279 Θαρρῶ
1404 4213 1532 4282 γὰρ,
1565 4214 1749 4282 φησὶν,
1786 4215 1876 4268 ὅτι
1907 4219 1940 4270 ό
1972 4216 2072 4270 ἐν·

487 4305 834 4374 ,ῳξὰμενος
853 4304 923 4357 ἐν
947 4304 1090 4373 ὑμῖν
1108 4303 1282 4371 ἔργον
1300 4305 1524 4372 ἀγαθὸν
1553 4305 1885 4361 ἐπιτελέσει
1905 4309 2076 4378 ἄχρις

503 4398 728 4466 ἡμέρας
761 4395 956 4463 Ἰησοῦ
991 4394 1278 4462 Χριστοῦ·
1307 4395 1602 4462 τουτέστιν,
1627 4401 1654 4452 6
1681 4399 1831 4463 Θεός.
1851 4401 1926 4453 Οὐ
1947 4400 2076 4470 περὶ

497 4489 658 4557 ,ὑμῶν
707 4489 786 4552 δὲ,
819 4488 973 4558 φησὶ,
1007 4489 1185 4558 μόνον,
1212 4489 1348 4543 ἀλλά
1389 4490 1482 4543 καὶ⁹
1525 4491 1651 4559 περὶ
1682 4491 1790 4545 τῶν
1833 4491 1894 4556 ἐξ
1923 4491 2076 4563 ὑμῶν

503 4579 645 4633 οὕτω
671 4578 969 4647 διάκειμαι.
1002 4579 1110 4631 Καὶ
1137 4577 1295 4630 τοῦτο
1330 4577 1440 4649 γὰρ
1469 4580 1530 4632 οὑ
1562 4580 1755 4650 μικρὸν
1780 4581 2073 4652 ἐγκώμιον,

503 4671 564 4723 τὸ
587 4669 678 4722 τὸν
707 4668 838 4721 Θεὸν
868 4668 926 4720 ἐν
956 4685 1061 4722 τινι
1091 4670 1349 4739 ἐνεργεῖν.
1383 4670 1443 4721 Et
1473 4671 1584 4741 γὰρ
1615 4670 1689 4742 μὴ
1719 4674 2076 4746 προσωπολή-

505 4780 646 4832 πτης
688 4763 855 4824 ἐστὶν,
886 4761 1073 4832 ῶσπερ
1113 4757 1205 4816 οὖν
1246 4763 1368 4816 οὐδέ
1415 4764 1582 4827 ἐστιν,
1614 4764 1750 4817 ἀλλά
1791 4765 1927 4835 πρὸς
1975 4768 2076 4836 τὴν

503 4856 760 4927 πρόθεσιν
811 4854 954 4925 ὁρῶν
980 4891 996 4917 ,
1049 4855 1444 4922 συνεφάπτεται
1491 4855 1600 4908 τῶν
1640 4857 2076 4926 κατορθωμάτων

504 4949 656 5017 ἡμῖν,
681 4946 837 5016 δῆλον
867 4944 1018 5016 [198]
1055 4947 1134 4999 ὅτι
1159 4946 1252 4998 τοῦ
1279 4946 1686 5000 ἐπισπάσασθαι
1722 4949 1882 5004 αὐτὸν
1914 4952 2076 5020 ἡμεῖς

505 5039 691 5093 αἴτιοι.
711 5039 874 5091 ’Ὠστε
917 5038 1040 5091 οὐδὲ
1087 5037 1260 5100 οὕτως
1307 5038 1681 5108 ἀπεστέρησεν
1725 5039 1920 5103 αὐτοὺς
1965 5040 2075 5093 τῶν

506 5130 823 5200 ἐγκωμίωνο
853 5130 976 5181 ἐπεὶ
1005 5130 1054 5181 εἰ
1084 5127 1270 5191 ἁπλῶς
1295 5130 1533 5199 ἐνήργει,
1563 5128 1714 5182 οὐδὲν
1746 5130 1811 5183 ἂν
1836 5131 2075 5184 ἐκώλυσε

506 5223 600 5276 καὶ
627 5221 892 5292 ’Έλληνας
931 5222 1023 5274 καὶ
1064 5219 1269 5282 πάντας
1296 5220 1614 5290 ἀνθρώπους
1643 5222 2000 5291 ἐνεργεῖσθαι,
2025 5225 2075 5275 εἰ

504 5315 580 5376 ὼς
605 5313 736 5379 ξύλα
757 5317 903 5384 ἡμᾶς
931 5313 1099 5367 ἐκίνει
1123 5312 1218 5365 καὶ
1246 5311 1443 5375 λίθους,
1467 5313 1561 5365 καὶ
1589 5311 1663 5382 μὴ
1683 5313 1749 5365 τὰ
1771 5315 1898 5384 παρ’
1919 5314 2076 5384 ήμῶν

506 5407 710 5475 ἐζήτει.
736 5408 896 5459 Ὥστε
946 5404 1023 5474 τῷ
1072 5407 1265 5467 εἰπεῖν,
1301 5404 1364 5457 '0
1407 5405 1551 5470 Θεὸς
1599 5405 1949 5472 ἐπιτελέσει,
1983 5410 2077 5462 καὶ

506 5497 664 5551 τοῦτο
694 5491 854 5552 πάλιν
881 5497 1059 5553 αὐτῶν
1085 5497 1358 5567 ἐγκώμιον
1387 5496 1616 5565 γίνεται,
1637 5497 1746 5550 τῶν
1775 5501 2080 5554 ἐπισπασα-

511 5593 688 5662 μένων
735 5593 829 5646 τοῦ
857 5592 994 5646 Θεοῦ
1039 5593 1141 5662 τὴν
1179 5591 1341 5662 χάριν
1388 5591 1756 5662 συμπράττειν
1788 5593 1972 5656 αὐτοῖς
2019 5596 2076 5646 ἐν

507 5681 586 5753 τῷ
614 5683 916 5755 ὑπερϐῆναι
945 5684 1044 5756 τὴν
1070 5682 1415 5755 ἀνθρωπίνην
1443 5681 1624 5750 φύσιν.
1655 5682 1764 5737 Καὶ
1793 5683 1990 5755 ἑτέρως
2019 5685 2075 5738 δὲ

1151 277 1213 328 S.
1248 271 1527 328 JOANNIS
1563 271 2048 327 CHRYSOSTOMI
2084 269 2402 325 ARCIIIEP.
2438 271 2979 329 CONSTANTINOP.

3635 275 3742 331 186

2172 390 2465 460 ἐγκώμιον,
2496 392 2576 443 ὅτι
2610 389 2832 444 τοιαῦτα
2869 391 2939 443 τά
2964 388 3363 460 κατορθώματα
3392 387 3546 458 ὑμῶν
3573 389 3744 452 ἐστιν,

2172 479 2310 531 ὥστε
2342 480 2416 550 μὴ
2451 474 2590 531 εἶναι
2612 477 2946 549 ἀνθρώπινα,
2965 477 3099 531 ἀλλά
3124 477 3225 547 τῆς
3249 477 3344 531 τοῦ
3373 476 3510 530 Θεοῦ
3537 477 3746 532 δεῖσθαι

2176 571 2366 642 ῥοπῆς.
2421 571 2485 624 Εἰ
2518 569 2575 622 δὲ
2612 571 2641 622 6
2667 569 2798 632 Θεὸς
2843 569 3162 634 ἐπιτελέσει,
3207 567 3327 622 οὐδὲ
3376 567 3542 630 πολὺς
3589 567 3744 620 ἔσται

2176 661 2440 732 κάματος,
2473 659 2606 713 ἀλλὰ
2636 661 2717 713 δεῖ
2747 661 2990 731 θαρρεῖν,
3017 660 3093 722 ὡς
3134 657 3390 729 εὐμαρῶς
3427 658 3603 712 πάντα
3632 658 3746 710 δια-

2172 753 2423 813 νυόντων,
2457 752 2551 806 ἀτε
2579 753 2668 804 ὑπ’
2691 752 2899 805 ἐκείνου
2937 750 3334 822 βοηθουμένων.
3379 749 3583 816 Καθὼς
3609 750 3744 802 ἐστι

2171 846 2404 899 δίκαιον
2427 845 2531 914 ἐμὲ
2581 844 2755 898 τοῦτο
2794 845 3038 912 φρονεῖν
3070 843 3220 912 ὑπὲρ
3249 841 3529 911 ἁπάντων
3554 841 3738 910 ὑμῶν,

2171 935 2268 990 διὰ
2299 936 2364 989 τὸ
2390 936 2552 1005 ἔχειν
2575 952 2650 1005 με
2668 935 2737 988 ἐν
2763 934 2837 1003 τῇ
2869 934 3083 1002 καρδίᾳ
3110 933 3283 1003 ὑμᾶς,
3311 934 3382 987 ἐν
3407 950 3472 986 τε
3496 933 3618 998 τοῖς
3647 933 3744 986 δε-

2173 1026 2348 1092 σμοῖς
2372 1044 2506 1094 μου,
2540 1026 2638 1079 καὶ
2670 1027 2739 1079 ἐν
2764 1025 2837 1094 τῇ
2867 1026 3158 1094 ἀπολογίᾳ
3189 1043 3328 1093 μου,
3363 1023 3460 1078 καὶ
3497 1023 3744 1088 βεϐαιώ-

2172 1134 2269 1170 σει
2302 1116 2408 1170 τοῦ
2430 1117 2823 1186 Εὺαγγελίου,
2853 1102 3302 1184 σινγκοινωνούς
3341 1132 3456 1184 μου
3488 1113 3597 1181 τῆς
3633 1112 3743 1182 χὰ-

2167 1227 2328 1280 ριτος
2367 1209 2595 1274 πάντας
2640 1209 2796 1278 ὑμᾶς
2838 1209 3038 1273 ὄντας.
3085 1207 3260 1260 Πολὺν
3291 1206 3426 1268 τέως
3474 1206 3744 1258 δείκνυσιν

2174 1301 2406 1354 ἐνταῦθα
2446 1300 2612 1354 αὑτοῦ
2655 1301 2746 1352 τὸν
2789 1299 2974 1362 πόθον,
3007 1299 3062 1351 εί
3101 1315 3164 1366 γε
3213 1300 3270 1351 ἐν
3314 1297 3508 1368 καρδίᾳ
3546 1297 3755 1359 αὐτοὺς,

2175 1388 2306 1462 εἶχε,
2338 1393 2429 1445 καὶ
2462 1393 2519 1443 ἐν
2561 1391 2710 1462 αύτῷ
2740 1391 2816 1462 τῷ
2845 1390 3202 1462 δεσμωτηρίῳ
3234 1389 3513 1458 δεδεμένος
3548 1387 3753 1440 (halm--

2175 1485 2383 1554 πησίων
2414 1484 2706 1554 ἐμέμνητο.
2728 1483 2802 1535 Ού
2830 1482 3022 1552 μικρὸν
3053 1483 3107 1534 δὲ
3134 1481 3243 1534 τῶν
3265 1479 3470 1549 ἀνδρῶν
3494 1479 3554 1531 τὸ
3578 1476 3745 1546 ἐγκώ·

2179 1592 2317 1644 μιον,
2347 1572 2409 1625 τὸ
2444 1572 2749 1642 μεμνῆσθαι
2795 1572 2898 1624 ὑπὸ
2941 1570 3034 1623 τοῦ
3076 1570 3230 1638 ἁγίου
3279 1568 3501 1622 τούτουο
3556 1567 3741 1638 ἐπειδὴ

2180 1665 2312 1736 μηδέ
2359 1667 2476 1717 ἐστι
2529 1663 2848 1735 προλήψεως
2897 1664 2929 1732 ἡ
2978 1661 3068 1714 τοῦ
3115 1661 3270 1728 ἁγίου
3310 1660 3500 1713 τούτου
3529 1659 3740 1728 ἀγάπη,

2177 1756 2310 1810 ἀλλά
2337 1756 2570 1825 κρίσεως
2601 1755 2696 1808 καὶ
2741 1754 3015 1822 λογισμῶν
3039 1752 3405 1822 ὀρθῶν.Ὦστε
3434 1751 3495 1803 τὸ
3522 1750 3742 1818 ἀγαπᾶ-

2180 1848 2300 1900 σθαι
2351 1847 2501 1917 παρὰ
2545 1846 2757 1899 Παύλου
2800 1845 2942 1898 οῦτω
2996 1844 3256 1914 σφοδρῶς,
3282 1843 3580 1912 τεκμήριόν
3627 1843 3744 1896 ἐστι

2175 1941 2296 1992 τινὰ
2323 1935 2460 1991 εἶναι
2490 1937 2661 2006 μέγαν
2686 1938 2783 1989 καὶ
2810 1935 3138 2004 θαυμαστόν.
3177 1935 3284 1988 Καὶ
3323 1935 3392 1987 ἐν
3427 1933 3500 2001 τῇ
3525 1934 3745 1987 ἀπολο-

2177 2031 2295 2096 γίᾳ,
2330 2028 2482 2098 φησὶ,
2509 2026 2606 2080 καὶ
2635 2024 2949 2091 βεϐαιώσει
2979 2025 3086 2078 τοῦ
3116 2025 3504 2094 Εὐαγγελίου.
3544 2024 3653 2076 Καὶ
3690 2019 3744 2074 τί

2179 2122 2506 2191 θαυμαστὸν,
2539 2121 2586 2171 εἰ
2612 2119 2669 2169 ἐν
2699 2116 2774 2186 τῷ
2799 2117 3156 2188 δεσμωτηρίῳ
3182 2112 3324 2185 εἶχεν
3355 2114 3584 2179 αὑτούς;
3609 2111 3746 2166 Οὐδὲ

2176 2214 2285 2282 γάρ
2328 2211 2447 2262 κατ’
2473 2210 2677 2261 ἐκεῖνον
2722 2208 2812 2260 τὸν
2851 2206 3057 2277 καιρὸν,
3094 2207 3254 2275 φησὶ,
3289 2206 3408 2259 καθ’
3436 2205 3494 2258 ὃν
3542 2204 3752 2275 εἰσῄειν.

2177 2306 2256 2365 είς
2301 2303 2361 2355 τὸ
2396 2303 2742 2371 δικαστήριον
2770 2301 3262 2370 ἀπολογησόμενος,
3293 2299 3586 2362 ἐξεπέσατέ
3641 2315 3744 2366 μου

2177 2395 2274 2464 τῆς
2318 2395 2554 2464 μνήμης.
2589 2393 2743 2446 Οῦτω
2787 2394 2895 2463 γάρ
2947 2395 3062 2445 ἐστι
3104 2391 3423 2461 τυραννικὸν
3471 2391 3500 2442 6
3548 2390 3687 2461 ἔρως
3715 2389 3746 2441 ὁ

2179 2485 2565 2554 πνευματικὸς,
2594 2483 2669 2547 ὼς
2700 2485 2888 2554 μηδενὶ¹
2914 2485 3264 2554 παραχωρεῖν
3296 2482 3490 2552 καιρῷ,
3515 2481 3628 2534 ἀλλ’
3657 2481 3746 2533 ἀεὶ

2177 2574 2275 2643 τῆς
2306 2574 2479 2643 ψυχῆς
2507 2573 2724 2643 ἔχεσθαι
2754 2573 2846 2626 τοῦ
2874 2573 3174 2640 φιλοῦντος,
3207 2573 3302 2624 καὶ
3341 2572 3611 2642 μηδεμίαν
3632 2570 3746 2623 θλί-

2176 2665 2268 2734 ψιν
2315 2663 2346 2734 ἦ
2398 2664 2587 2734 ὀδύνην
2637 2667 2936 2734 συγχωρεῖν
2985 2663 3364 2733 περιγενέσθαι
3408 2663 3508 2730 τῆς
3539 2660 3742 2730 ψυχῆς.

2179 2756 2442 2827 Καθάπερ
2495 2757 2604 2826 γὰρ
2649 2756 2742 2809 ἐπὶ
2783 2756 2880 2826 τῆς
2936 2755 3167 2824 καμίνου
3215 2755 3313 2824 τῆς
3358 2753 3742 2817 Βαϐυλωνίας,

2179 2846 2442 2916 τοσαύτης
2489 2847 2783 2917 αἰρομένης
2837 2846 3050 2914 φλογὸς,
3083 2846 3271 2916 δρόσος
3305 2841 3372 2916 ἦν
3404 2846 3517 2908 τοῖς
3570 2860 3746 2913 μακα-

2184 2933 2316 3004 ρίοις
2339 2934 2566 2998 ἐκείνοις
2598 2935 2784 2988 παισίν
2808 2952 2821 2965 ο
2849 2934 2993 2988 οὕτω
3017 2935 3110 2987 καὶ
3137 2933 3286 3002 φιλία
3306 2932 3397 2985 τοῦ
3427 2931 3748 3000 ἀγαπῶντος

2180 3027 2273 3079 καὶ
2305 3027 2627 3097 ἀρέσκοντος
2655 3027 2773 3097 Θεῷ
2801 3027 2899 3096 τὴν
2931 3028 3107 3096 ψυχὴν
3137 3024 3542 3090 καταλαϐοῦσα,
3566 3025 3746 3077 πᾶσαν

2179 3118 2528 3170 ἀποτινάσσει
2572 3117 2779 3185 φλόγα,
2831 3120 2925 3171 καὶ
2971 3117 3158 3188 δρόσον
3210 3119 3354 3169 ποιεῖ
3404 3115 3749 3185 θαυμαστήν.

2181 3209 2288 3262 Καὶ
2333 3208 2648 3272 βεϐαιώσει
2692 3210 2798 3264 τοῦ
2849 3212 3239 3279 Εὑαγγελίου,
3291 3209 3474 3276 φησίν.
3496 3208 3638 3278 Ἀρα
3677 3205 3749 3260 τὰ

2179 3300 2351 3370 δεσμά
2381 3301 2671 3370 βεϐαίωσις
2700 3301 2792 3354 τοῦ
2824 3302 3156 3370 Εὑαγγελίου
3186 3297 3274 3372 ἦν,
3307 3301 3416 3370 ἄρα
3457 3297 3744 3367 ἀπολογία.

2180 3391 2290 3442 Καὶ
2321 3391 2460 3444 πάνυ
2493 3392 2690 3458 ὑγιῶς·
2720 3392 2801 3444 ὅτι
2837 3395 2884 3445 εί
2916 3393 3015 3462 μὲν
3058 3392 3411 3461 παρῃτήσατο
3449 3390 3519 3443 τά
3547 3387 3745 3458 δεσμὰ,

2179 3479 2356 3545 ἔδοξεν
2405 3481 2471 3536 ἂν
2518 3477 2658 3535 εἶναι
2705 3483 2985 3538 ἀπατεών·
3020 3483 3114 3537 νῦν
3143 3483 3198 3535 δὲ
3230 3483 3406 3536 πάντα
3440 3480 3740 3550 ὑπομένων,

2179 3573 2273 3624 καὶ
2296 3572 2469 3642 δεσμὰ
2496 3573 2590 3626 καὶ
2619 3573 2816 3642 θλῖψιν,
2845 3573 2994 3643 δηλοῖ
3013 3573 3089 3636 ὡς
3113 3575 3214 3626 οὑκ
3235 3572 3584 3643 ἀνθρωπίνης
3602 3571 3747 3634 τινος

2179 3663 2357 3726 αίτίας
2389 3664 2575 3717 ἕνεκεν
2617 3664 2788 3718 ταῦτα
2818 3665 3038 3736 πάσχει,
3067 3665 3202 3718 ἀλλὰ.
3247 3665 3338 3718 διὰ
3372 3663 3465 3717 τὸν
3495 3663 3627 3716 Θεὸν
3655 3662 3747 3715 τὸν

2180 3755 2615 3809 ἀνταποδιδόντα.
2647 3755 2834 3819 Οὐδεὶς
2867 3756 2971 3828 γὰρ
3013 3757 3079 3810 ἂν
3116 3756 3211 3809 καὶ
3245 3755 3533 3808 ἀποθανεῖν
3573 3753 3749 3806 είλετο

2181 3848 2274 3901 καὶ
2301 3847 2585 3911 τοσούτους
2623 3847 2898 3911 κινδύνους
2940 3847 3318 3912 ἀναδέξασθαι,
3349 3845 3521 3909 οὐδεὶς
3560 3843 3625 3898 ἂν
3654 3843 3748 3896 καὶ

2183 3939 2390 4010 βασιλεῖ
2417 3940 2644 4011 τοιούτῳ
2668 3940 2989 4006 κατεδέξατο
3011 3939 3408 4011 προσκροῦσαι,
3427 3937 3505 4009 τῷ
3531 3938 3746 4006 Νέρωνι

2179 4033 2344 4101 λέγω,
2362 4033 2411 4084 εί
2435 4033 2510 4103 μὴ
2539 4033 2674 4103 πρὸς
2698 4032 2881 4104 ἕτερον
2908 4032 3054 4103 ἐώρα
3071 4031 3294 4101 βασιλέα
3311 4031 3488 4100 πολλῷ
3507 4030 3748 4101 μείζονα.

2185 4126 2324 4196 Ἀρα
2373 4123 2662 4194 βεϐαίωσις
2705 4123 2797 4176 τοῦ
2848 4122 3182 4191 Εὑαγγελίου
3221 4119 3290 4192 ἦν
3317 4125 3384 4175 τὰ
3410 4121 3754 4190 δεσμά.”ορα

2182 4217 2298 4280 πῶς
2323 4219 2388 4270 ἐκ
2414 4215 2733 4287 περιουσίας
2760 4217 2840 4277 εἰς
2862 4215 2923 4268 τὸ
2953 4215 3196 4268 ἐναντίον
3225 4214 3440 4267 ἅπαντα
3478 4211 3624 4284 [199]
3655 4229 3754 4264 πε-

2188 4306 2566 4378 ριέτρεψεν.“’0
2591 4307 2700 4376 γάρ
2730 4305 2974 4376 ἐνόμιζον
3002 4303 3139 4358 εἶναι
3167 4305 3450 4358 ἀσθένειαν
3486 4305 3581 4358 καὶ
3615 4320 3752 4356 κατ-

2179 4398 2431 4468 ηγορίαν,
2453 4397 2611 4451 τοῦτο
2639 4397 2929 4469 βεϐαίωσίν
2963 4414 3129 4467 φησι·
3160 4397 3256 4451 καί¹
3284 4399 3332 4449 εἰ
3365 4396 3439 4468 μὴ
3469 4394 3628 4448 τοῦτο
3654 4395 3748 4462 γέ·

2183 4507 2356 4559 γονεν,
2386 4492 2444 4542 ἐν
2468 4489 2720 4560 ἀσθενείᾳ
2755 4485 2842 4559 ἦν.
2873 4485 3004 4542 Εἶτα
3036 4489 3306 4542 δείκνυσιν
3338 4489 3422 4542 ὅτι
3450 4489 3509 4541 οὑ
3553 4487 3756 4557 προλή-

2180 4581 2326 4651 ψεως
2348 4583 2380 4651 ἡ
2403 4582 2613 4657 ἀγάπη,
2644 4581 2780 4636 ἀλλά
2827 4582 3080 4652 κρίσεως.
3120 4580 3218 4633 Διά
3257 4581 3337 4646 τί;
3373 4579 3534 4649 Ἕχω
3573 4577 3752 4648 ὑμᾶς,

2182 4671 2366 4741 φησὶν,
2397 4671 2466 4724 ἐν
2495 4668 2622 4737 τοῖς
2667 4670 2915 4740 δεσμοῖς
2957 4688 3098 4738 μου,
3130 4670 3229 4723 καὶ
3264 4671 3334 4724 ἐν
3354 4669 3429 4740 τῇ
3457 4670 3756 4739 ἀπολογίᾳ

2180 4764 2278 4817 διὰ
2323 4765 2390 4816 τὸ
2423 4762 2867 4833 συγκοινωνοὺς
2911 4758 3063 4814 εἶναι
3109 4761 3219 4830 τῆς
3248 4763 3508 4832 χάριτος.
3537 4763 3601 4814 Τί
3635 4764 3753 4815 ἐστι

2180 4855 2335 4908 τοῦτο
2355 4872 2371 4920 ;
2397 4857 2429 4924 ἡ
2447 4857 2606 4924 χάρις
2623 4855 2716 4908 τοῦ
2734 4854 3060 4907 Ἀποστόλου
3077 4854 3234 4908 τοῦτο
3249 4851 3317 4926 ἦν
3336 4855 3396 4908 τὸ
3411 4855 3465 4908 δε
3474 4854 3749 4925 σμεῖσθαι,

2178 4948 2240 5001 τὸ
2267 4947 2606 5011 ἐλαύνεσθαι,
2631 4948 2692 5000 τὸ
2721 4946 2888 5017 μυρία
2916 4947 3142 5016 πάσχειν
3177 4946 3357 5013 δεινάς
3387 4945 3528 5000 Ναί·
3569 4945 3759 5014 Ἀρκεῖ

2180 5040 2289 5111 γάρ
2331 5055 2452 5104 σοι,
2485 5041 2668 5110 φησὶν,
2692 5040 2730 5107 ἡ
2761 5039 2932 5106 χάρις
2956 5057 3103 5109 μουο
3137 5041 3176 5108 ἡ
3220 5040 3328 5108 γὰρ
3356 5039 3609 5108 δύναμίς
3628 5056 3759 5108 μου

2179 5133 2249 5186 ἐν
2292 5133 2575 5200 ἀσθενείᾳ
2624 5133 2972 5186 τελειοῦται.
3005 5132 3099 5185 Διὸ
3154 5130 3400 5192 εὐδοκῶ,
3451 5133 3637 5200 φησὶν,
3681 5131 3753 5183 ἐν

2180 5223 2536 5288 ἀσθενείαις,
2565 5223 2634 5274 ἐν
2660 5221 2922 5288 ὕϐρεσιν.
2963 5220 3114 5273 Ἐπεὶ
3163 5217 3255 5275 οὖν
3291 5220 3433 5291 ὁρῶν
3477 5221 3621 5291 ὑμᾶς
3664 5219 3754 5274 διὰ

2180 5316 2288 5368 τῶν
2315 5315 2490 5387 ἔργων
2521 5316 2619 5385 τὴν
2646 5314 2843 5385 ἀρετὴν
2869 5315 3367 5384 ἐπιδεικνυμένους,
3399 5313 3496 5367 καὶ
3527 5315 3625 5384 τῆς
3653 5314 3756 5383 χά-

2185 5423 2326 5472 ριτος
2355 5405 2555 5473 ταύτης
2583 5404 2742 5466 ὄντας
2773 5403 3083 5467 κοινωνοὺς,
3115 5405 3212 5457 καὶ
3252 5403 3389 5473 μετὰ
3421 5402 3752 5474 προθυμίας,

2181 5500 2401 5563 εἰκότως
2437 5499 2610 5552 ταῦτα
2632 5495 2974 5567 στοχάζομαι.
2999 5497 3056 5550 '0
3077 5496 3189 5566 γὰρ
3215 5500 3409 5568 πεῖραν
3426 5499 3454 5550 ὑ
3464 5498 3578 5567 μῶν
3602 5496 3754 5568 εἰλη-

2183 5590 2316 5660 φὼς,
2342 5592 2434 5644 καὶ
2484 5591 2716 5661 μάλιστα
2766 5590 2983 5644 πάντων
3012 5589 3157 5660 ὑμᾶς
3190 5589 3372 5654 εἰδὼς,
3403 5590 3498 5644 καὶ
3517 5590 3587 5644 τά
3617 5590 3755 5660 ὑμέ-

2184 5701 2312 5754 τερα
2341 5681 2760 5756 κατορθώματα,
2795 5683 2877 5738 ὅτι
2914 5683 3009 5737 καὶ
3047 5680 3302 5740 τοσοῦτον
3331 5682 3487 5756 ἡμῶν
3512 5682 3758 5754 ἀφεστη-
