4100 6412
394 414 496 470 185

388 541 579 595 abesse
609 557 623 594 :
652 538 775 593 licet
812 536 964 591 vobis
1011 535 1112 589 alia
1158 534 1387 604 quadam
1440 534 1649 587 ratione
1694 545 1815 586 cum
1860 527 1963 583 illis

387 632 532 685 coire
557 629 889 691 societatem,
929 627 981 681 id
1020 636 1105 681 est
1136 625 1494 687 inserviendo,
1526 623 1761 679 curando
1786 635 1849 675 ac
1876 620 1965 673 fo-

385 719 583 776 vendo.
621 718 753 774 Nam
789 728 841 773 et
883 718 983 772 hoc
1022 718 1118 771 Dei
1154 716 1499 785 benignitatis
1528 723 1635 780 est,
1673 727 1767 767 eos
1801 711 1962 765 etiam

384 812 475 881 qui
505 810 920 880 negligentiores
958 816 1101 868 sunt,
1133 822 1234 861 nec
1271 808 1458 860 duram
1490 804 1658 867 illam,
1692 815 1959 871 asperam,

383 906 705 976 exquisitam
738 905 945 958 vivendi
977 904 1235 956 rationem
1262 900 1537 968 suscipere
1565 905 1810 967 possunt,
1838 910 1959 948 rur-

384 1013 480 1053 sus
518 1012 611 1067 per
643 998 799 1050 aliam
841 997 981 1049 viam
1021 994 1087 1048 ad
1117 993 1362 1047 eumdem
1391 1001 1549 1060 atque
1587 989 1705 1043 illus
1740 985 1959 1057 gradum

384 1090 702 1160 provehere.
730 1091 903 1157 Atque
931 1089 1031 1141 hoc
1057 1085 1187 1140 illud
1216 1093 1314 1149 est,
1338 1083 1478 1153 quod
1504 1081 1699 1136 Paulus
1722 1093 1962 1133 commu-

382 1184 602 1237 nionem
647 1190 801 1234 vocat
831 1197 843 1231 :
873 1179 1281 1233 Communicant
1312 1174 1491 1239 nobis,
1533 1172 1723 1241 inquit,
1763 1177 1818 1224 et
1857 1168 1961 1221 im-

382 1278 619 1345 partiunt
646 1273 910 1335 carnalia;
946 1284 999 1326 et
1027 1286 1123 1325 nos
1155 1270 1259 1325 illis
1297 1266 1756 1323 eommunicamus
1796 1261 1957 1331 spiri-

381 1367 541 1419 tualia
574 1365 749 1436 (Rom.
786 1364 873 1417 15.
902 1363 1015 1433 27).
1058 1361 1187 1415 Nam
1219 1356 1667 1428 quemadmodum
1697 1355 1835 1409 Deus
1859 1366 1958 1422 pro

377 1456 586 1525 exiguis
627 1470 689 1509 ac
735 1454 935 1508 nullius
964 1451 1216 1522 ponderis
1245 1451 1404 1503 rebus
1440 1461 1661 1517 regnum
1693 1444 1911 1512 largitur
1940 1458 1956 1497 :

378 1549 449 1601 ita
480 1556 536 1603 et
564 1546 704 1600 illius
731 1546 868 1600 servi
901 1560 997 1614 pro
1026 1542 1232 1613 exiguis
1258 1556 1322 1595 ac
1349 1538 1639 1595 sensilibus
1662 1533 1954 1605 spiritualia

377 1638 726 1707 itnpartiunt;
755 1638 864 1691 imo
894 1651 1020 1690 vero
1049 1636 1162 1703 ipse
1189 1642 1294 1697 est,
1320 1632 1408 1702 qui
1441 1646 1535 1699 per
1564 1630 1662 1682 hos
1686 1636 1740 1682 et
1766 1626 1881 1680 haec
1903 1634 1958 1678 et

377 1729 464 1783 illa
492 1730 599 1783 dat.
627 1727 742 1781 Non
768 1736 922 1797 potes
942 1725 1205 1796 jejunium
1232 1721 1417 1777 ferre?
1448 1737 1553 1775 non
1576 1716 1955 1773 solitudinem?

378 1836 484 1875 non
506 1821 650 1874 humi
673 1820 907 1875 cubare?
932 1836 1039 1874 non
1061 1820 1294 1889 integras
1320 1826 1505 1871 noctes
1527 1813 1783 1885 vigilare?
1809 1811 1956 1865 Licet

372 1914 472 1967 tibi
516 1914 703 1966 harum
748 1914 984 1967 omnium
1027 1926 1208 1965 rerum
1252 1906 1557 1964 mercedem
1603 1905 1868 1973 accipere,
1908 1902 1952 1955 si

374 2006 479 2059 alia
506 2004 735 2074 quadam
770 2004 977 2057 ratione
1012 2018 1132 2057 rem
1177 2012 1319 2055 tuam
1360 1997 1595 2070 gesseris
1626 2014 1641 2051 :
1675 2010 1866 2063 nempe
1907 1994 1952 2047 si

372 2111 521 2161 cum,
544 2097 631 2165 qui
651 2096 780 2149 istos
800 2095 1010 2149 labores
1030 2093 1190 2161 capit,
1212 2104 1388 2154 cures,
1408 2102 1645 2153 recrees,
1668 2085 1953 2153 foveasque

374 2187 605 2250 assidue,
635 2195 689 2240 et
716 2185 953 2239 laborem
981 2186 1069 2254 qui
1096 2185 1150 2238 in
1178 2183 1285 2237 illis
1314 2180 1696 2236 certaminibus
1726 2176 1952 2229 sustine-

375 2287 459 2332 tur
487 2278 659 2333 levem
687 2277 903 2332 reddas.
936 2276 1029 2331 llle
1067 2276 1281 2345 quidem
1322 2282 1429 2327 stat
1469 2284 1712 2341 pugnans
1741 2282 1803 2321 ac
1830 2266 1950 2320 vul-

372 2386 499 2424 nera
538 2371 852 2438 excipiens;
906 2378 959 2421 tu
1012 2383 1140 2421 vero
1192 2383 1222 2419 a
1270 2363 1564 2419 certamine
1614 2360 1948 2423 redeuntem,

370 2476 519 2526 cura,
546 2461 717 2515 obviis
745 2461 990 2514 manibus
1018 2455 1531 2537 suscipeusudorem
1560 2453 1825 2520 absterge,
1859 2464 1950 2504 re-

370 2568 514 2618 crea,
541 2555 736 2619 solare,
768 2553 960 2606 lassam
993 2552 1224 2604 animam
1256 2550 1376 2602 fove
1402 2561 1465 2601 ac
1492 2546 1673 2600 refice.
1704 2541 1951 2597 Profecto

369 2648 413 2700 si
442 2656 585 2701 tanta
607 2663 727 2701 cum
749 2646 1021 2701 alacritate
1042 2645 1242 2699 sanctis
1264 2643 1637 2704 inserviamus,
1663 2636 1949 2709 participes

368 2739 676 2793 mercedum
704 2755 824 2809 quae
852 2740 974 2793 illos
996 2745 1216 2791 manent
1238 2737 1462 2791 erimus.
1489 2734 1598 2787 lloc
1627 2741 1681 2787 et
1704 2730 1950 2785 Christus

368 2832 561 2895 docet,
593 2832 772 2886 Facite
797 2832 934 2885 vobis
961 2832 1148 2884 amicos
1177 2829 1239 2883 de
1283 2843 1521 2881 mamona
1565 2824 1862 2894 iniquitatis,
1894 2830 1948 2875 ut

366 2926 614 2994 recipiunt
640 2942 725 2978 vos
750 2926 801 2978 in
821 2937 1011 2979 aeterna
1028 2921 1353 2977 tabernacula
1382 2920 1533 2991 (Luc.
1566 2918 1653 2973 16.
1681 2918 1765 2983 9).
1790 2916 1948 2970 Vides

366 3015 636 3082 quomodo
664 3016 753 3069 isti
784 3016 1069 3085 participes
1112 3014 1234 3069 facti
1279 3012 1512 3067 fuerint?
1552 3012 1595 3063 Α
1640 3010 1804 3079 prima
1840 3008 1945 3072 die,

366 3109 554 3175 inquit,
596 3124 753 3176 usque
796 3124 953 3161 nunc.
993 3106 1075 3162 0b
1123 3106 1225 3160 hoc
1254 3106 1451 3173 ipsum,
1485 3104 1675 3172 inquit,
1716 3100 1943 3170 gaudeo.

366 3200 537 3270 Super
564 3200 1016 3253 communicatione
1041 3207 1224 3252 vestra.
1262 3195 1482 3250 Gaudeo
1518 3204 1696 3247 autem
1730 3207 1841 3245 non
1878 3191 1946 3245 de

364 3292 649 3361 praeteritis
694 3300 921 3357 tantum,
977 3291 1071 3345 sed
1112 3290 1276 3345 etiam
1318 3289 1386 3343 de
1423 3288 1613 3341 futuris
1660 3302 1675 3339 :
1717 3300 1837 3338 nam
1877 3299 1944 3337 ex

363 3386 649 3456 pneteritis
674 3384 741 3439 de
772 3385 887 3438 istis
915 3398 1127 3453 quoque
1156 3382 1518 3451 conjecturam
1546 3378 1701 3432 facio.
1726 3378 1780 3431 6.
1813 3377 1946 3429 Con-

364 3478 524 3546 ﬁdens
554 3478 649 3530 hoc
673 3477 860 3546 ipsum,
888 3476 1080 3545 inquit,
1106 3475 1224 3543 quia
1251 3473 1339 3542 qui
1362 3474 1514 3539 cazpit
1556 3471 1609 3522 in
1651 3468 1788 3522 vobis
1817 3483 1944 3537 opus

363 3570 565 3630 bonum,
595 3568 818 3637 perﬁciet
846 3584 1003 3635 usque
1030 3569 1085 3619 in
1111 3567 1247 3619 diem
1273 3563 1397 3617 Iesu
1425 3562 1630 3617 Christi.

434 3662 485 3716 ὅ.
524 3655 592 3710 In
622 3660 766 3713 bonis
795 3659 1028 3725 operibus
1065 3657 1208 3710 Deus
1232 3657 1359 3725 agit,
1398 3665 1443 3708 et
1470 3670 1561 3707 nos
1586 3670 1699 3706 cum
1732 3651 1944 3704 Deo.—

363 3751 497 3805 Vide
533 3750 801 3819 quomodo
830 3750 952 3803 illos
994 3747 1308 3801 modestiam
1348 3746 1507 3799 etiam
1552 3745 1688 3797 tueri
1727 3742 1939 3795 doceat.

362 3840 571 3896 Etenim
603 3842 852 3909 quoniam
876 3855 1123 3907 magnum
1145 3836 1397 3907 quiddam
1420 3845 1555 3897 erat,
1584 3833 1723 3903 quod
1747 3834 1813 3888 de
1839 3833 1942 3887 illis

363 3941 586 3985 testatus
628 3930 829 3993 fuerat;
872 3946 939 3983 ne
969 3928 1186 3983 humani
1221 3928 1347 3992 quid
1378 3927 1666 3996 patiantur,
1701 3925 1943 3992 protinus

362 4022 509 4091 ipsos
534 4023 783 4085 instituit,
819 4029 875 4074 ut
902 4030 956 4075 et
992 4021 1258 4088 praeterita
1299 4028 1353 4073 et
1379 4018 1555 4072 futura
1591 4018 1690 4085 ipsi
1728 4016 1941 4071 Christo

360 4124 574 4184 accepta
630 4114 882 4167 referant.
929 4112 1243 4179 Quomodo?
1294 4110 1408 4164 Non
1456 4109 1617 4173 dixit,
1676 4108 1937 4173 Confido,

358 4205 809 4275 qnemadmodmn
838 4205 1097 4271 coepistis,
1144 4205 1214 4255 ita
1257 4204 1417 4257 etiam
1463 4202 1812 4271 perfecturos,
1843 4200 1938 4254 sed

358 4297 523 4367 quid?
544 4298 641 4362 Qui
671 4297 818 4364 coepit
847 4296 898 4347 in
924 4296 1058 4347 vobis
1083 4311 1211 4362 opus
1237 4294 1443 4359 bonum,
1477 4293 1702 4363 perﬁciet
1724 4307 1743 4345 :
1766 4306 1940 4360 neque

358 4392 591 4458 ipsorum
625 4389 675 4440 in
717 4398 865 4441 recte
894 4386 1034 4440 facto
1078 4388 1282 4455 aliquas
1316 4386 1483 4439 fuisse
1520 4394 1704 4454 partes
1734 4392 1892 4453 negat
1920 4401 1935 4443 :

289 4499 295 4513 υ
357 4481 493 4534 dixit
521 4479 686 4542 enim,
714 4477 923 4531 Gaudeo
961 4493 1113 4545 super
1139 4476 1595 4529 communicatione
1620 4485 1823 4537 vestra;
1850 4474 1937 4527 ni-

360 4573 555 4625 mirum
586 4580 855 4639 tamquam
897 4570 994 4639 ipsi
1026 4579 1174 4623 recte
1201 4583 1261 4622 se
1294 4568 1586 4638 gessissent
1614 4586 1627 4622 :
1657 4581 1831 4635 neque
1860 4576 1939 4619 ta-

357 4680 478 4717 men
507 4663 637 4733 ipsis
663 4664 938 4717 dumtaxat
966 4673 1109 4718 recte
1154 4664 1284 4717 facta
1317 4662 1575 4730 assignat,
1614 4660 1709 4715 sed
1742 4662 1938 4729 princi-

358 4754 550 4822 paliter
577 4755 686 4808 Deo
716 4771 727 4806 :
758 4753 970 4820 Conﬁdo
999 4754 1165 4817 enim,
1196 4753 1385 4822 inquit,
1428 4753 1549 4823 quia
1582 4752 1667 4820 qui
1704 4751 1854 4820 cozpit
1883 4752 1935 4804 in

355 4844 490 4898 vobis
516 4862 642 4912 apus
662 4847 868 4907 bonum,
895 4847 1117 4914 perﬁciet
1147 4862 1303 4915 usque
1327 4846 1379 4896 in
1406 4845 1539 4903 diem
1562 4844 1591 4895 J
1601 4861 1688 4897 esu
1712 4843 1934 4905 Christi;

354 4936 537 4997 idest,
564 4937 722 4990 Deus.
768 4937 878 4990 Nec
917 4952 1044 4991 vero
1072 4938 1243 4990 solum
1293 4937 1361 4990 de
1399 4936 1573 5001 vobis,
1614 4935 1805 5002 inquit,
1840 4933 1935 4988 sed

354 5028 514 5079 etiam
540 5026 607 5081 de
634 5026 719 5091 iis,
748 5028 839 5097 qui
868 5043 931 5081 ex
963 5026 1116 5080 vobis
1145 5027 1405 5090 orientur,
1450 5026 1556 5081 hoc
1589 5039 1768 5095 spero.
1799 5023 1932 5077 Nam

353 5128 409 5171 ct
435 5117 550 5171 hwc
589 5132 696 5171 non
730 5119 921 5187 exigua
963 5118 1077 5172 laus
1105 5128 1208 5182 est,
1253 5132 1444 5187 nempe
1474 5118 1643 5173 Deum
1673 5116 1725 5170 in
1756 5116 1935 5185 aliquo

352 5210 584 5277 operari.
630 5211 841 5265 Etenim
878 5212 923 5264 si
967 5211 1057 5265 ille
1098 5225 1445 5280 personarum
1485 5220 1795 5280 acceptator
1825 5224 1933 5265 non

352 5309 453 5362 est,
500 5300 946 5369 quemadmodum
992 5310 1139 5356 etrte
1164 5317 1271 5355 non
1303 5313 1404 5366 est,
1434 5303 1527 5357 sed
1564 5303 1631 5357 ad
1671 5301 1933 5371 cujusque

352 5390 680 5458 propositum
711 5401 959 5460 spectans
988 5392 1142 5446 nobis
1171 5393 1222 5446 in
1248 5392 1462 5448 virtutis
1500 5393 1692 5448 officiis
1729 5393 1935 5447 obeun-

349 5480 429 5533 dis
457 5481 746 5550 opitulatur
774 5499 787 5535 :
811 5484 943 5537 satis
968 5492 1178 5538 constat
1206 5500 1303 5537 nos
1335 5484 1481 5553 ipsos
1508 5501 1648 5551 esse,
1690 5486 1779 5555 qui
1824 5502 1920 5540 oc-

349 5573 621 5626 casionem
669 5573 857 5629 demus
904 5591 1000 5629 cur
1037 5576 1125 5629 ille
1164 5576 1318 5629 nobis
1372 5577 1704 5632 concilietur.
1754 5577 1930 5644 Quare

351 5660 449 5714 hac
474 5664 635 5716 etiam
664 5664 873 5717 ratione
914 5665 1037 5719 illos
1075 5665 1283 5719 laudem
1316 5681 1434 5720 esse
1465 5666 1784 5735 promeritos
1821 5667 1925 5720 mi-

350 5755 491 5807 nime
514 5756 763 5824 negavit:
797 5757 991 5826 alioqui
1032 5757 1075 5811 si
1103 5759 1345 5814 absolute
1382 5767 1583 5828 ageret,
1630 5759 1759 5812 nihil
1796 5775 1927 5815 sane

351 5842 719 5915 impedimenti
748 5857 880 5911 erat,
906 5850 1188 5918 quominus
1215 5859 1268 5906 et
1297 5850 1467 5906 Gra'ci
1495 5859 1548 5905 et
1580 5865 1766 5907 omnes
1804 5866 1921 5909 om-

1308 412 1371 466 IN
1410 411 1618 467 EPIST.
1664 412 1755 465 AD
1795 408 2079 465 PHILIPP.
2118 407 2271 464 C‘AP.
2313 407 2355 465 Ι.
2396 411 2627 468 HOMIL.
2671 413 2710 469 Ι.

3548 423 3653 479 186

2074 527 2199 581 nino
2220 526 2461 585 homines
2477 542 2715 601 agerent;
2740 532 2805 597 si,
2826 532 3061 603 inquam,
3073 552 3172 591 nos
3182 537 3399 606 perinde
3411 554 3471 593 ac
3485 536 3648 607 ligna,

2069 630 2123 673 et
2148 621 2351 690 lapides
2388 633 2648 689 moveret,
2686 640 2859 694 neque
2903 636 3081 695 partes
3115 628 3275 680 etiam
3308 638 3517 682 nostras
3555 630 3652 685 de-

2066 711 2348 767 sideraret.
2368 714 2755 783 Quamobrem,
2793 731 2936 782 cum,
2978 717 3171 787 inquit,
3216 717 3354 771 Deus
3396 720 3639 788 perﬁciet,

2066 815 2119 858 et
2147 806 2247 860 hoc
2276 823 2460 861 rursus
2483 810 2547 862 ad
2580 809 2787 864 illorum
2817 809 3029 864 laudem
3056 812 3304 879 pertinet,
3334 813 3529 882 quippe
3556 814 3649 883 qui

2070 896 2159 950 Dei
2185 899 2408 966 gratiam
2440 901 2511 953 ita
2539 901 2639 955 sibi
2668 902 3027 966 conciliarint,
3066 912 3123 956 ut
3165 903 3293 971 ipsis
3323 919 3646 972 cooperare-

2068 998 2152 1041 tur
2176 990 2242 1043 ad
2271 1002 2475 1045 natura;
2513 991 2757 1047 humanm
2795 994 3158 1048 conditionem
3193 996 3647 1064 exsuperandam.

2064 1079 2240 1147 Atque
2266 1081 2367 1133 alia
2397 1082 2557 1136 etiam
2586 1084 2794 1139 ratione
2829 1085 3006 1140 hacin
3046 1102 3104 1139 re
3143 1086 3257 1140 laus
3294 1087 3453 1153 inest,
3491 1090 3651 1143 nimi-

2065 1188 2201 1235 rum,
2240 1173 2379 1241 quod
2416 1176 2534 1229 talia
2576 1177 2685 1230 sint
2726 1187 2901 1231 vestra
2940 1187 3087 1233 recte
3134 1178 3294 1245 facta,
3339 1189 3397 1234 ut
3423 1182 3647 1238 minime

2062 1265 2291 1319 lnnnana
2324 1267 2448 1329 sint,
2494 1269 2588 1322 sed
2614 1269 2796 1323 divino
2820 1280 2938 1325 actu
2970 1271 3039 1324 sit
3063 1286 3220 1339 opus.
3247 1273 3403 1339 Quoi
3431 1274 3475 1328 si
3506 1275 3646 1331 Deus

2062 1356 2324 1426 perficiet,
2350 1374 2458 1412 non
2486 1361 2750 1415 maximus
2770 1362 3059 1431 capiendus
3079 1364 3181 1417 erit
3202 1363 3372 1429 labor,
3399 1365 3493 1419 sed
3515 1380 3647 1421 con-

2061 1449 2227 1504 fidere
2266 1460 2497 1519 oportet,
2543 1451 2694 1506 facile
2730 1469 2760 1505 a
2800 1454 2955 1509 nobis
2992 1456 3171 1509 omnia
3209 1456 3503 1525 prmstitunt
3552 1458 3643 1525 iri,

2060 1542 2254 1610 quippe
2274 1543 2361 1611 qui
2389 1543 2456 1596 ab
2484 1544 2574 1597 illo
2603 1544 2936 1612 adjuvemur.
2968 1547 3019 1599 7.
3053 1546 3199 1600 Sicut
3235 1557 3307 1600 est
3328 1548 3530 1618 justum
3560 1566 3641 1604 me

2060 1632 2155 1685 hoc
2181 1636 2365 1688 sentire
2393 1652 2484 1704 pro
2512 1636 2743 1691 omnibus
2785 1639 2943 1698 vobis,
2978 1656 3035 1692 eo
3058 1640 3194 1709 quod
3223 1641 3433 1695 habeam
3466 1658 3553 1696 vos
3586 1646 3643 1698 in

2058 1725 2228 1789 corde,
2255 1735 2303 1779 et
2324 1726 2539 1780 vinculis
2570 1728 2711 1790 meis,
2744 1738 2791 1781 et
2816 1730 2868 1781 in
2896 1728 3186 1800 defensione
3210 1749 3342 1798 mea,
3378 1744 3426 1787 et
3455 1735 3644 1803 conﬁr-

2060 1819 2277 1870 matione
2305 1819 2570 1888 evangelii,
2601 1820 2735 1889 quod
2760 1837 2933 1875 omnes
2964 1837 3050 1875 vos
3080 1838 3181 1875 una
3206 1840 3398 1876 mecum
3427 1826 3643 1892 partici-

2059 1925 2146 1975 pes
2175 1910 2291 1963 estis
2333 1912 2531 1979 gratiae.
2564 1911 2805 1981 Magnam
2846 1914 3049 1969 interea
3089 1914 3343 1969 desiderii
3385 1917 3493 1971 vim
3538 1918 3643 1973 hoc

2058 2000 2176 2055 loco
2203 2002 2456 2067 ostendit,
2482 2005 2744 2073 siquidem
2777 2005 2897 2059 illos
2927 2007 2979 2059 in
3009 2006 3172 2062 corde
3200 2006 3448 2074 habebat,
3476 2020 3640 2078 atque

2057 2094 2110 2147 in
2137 2093 2368 2163 ipsomet
2390 2111 2608 2151 carcere
2634 2097 2842 2151 vinctus
2862 2098 3290 2167 Philippensium
3323 2101 3643 2156 recordaba-

2059 2197 2163 2240 tur.
2210 2187 2324 2242 Non
2369 2188 2602 2259 vulgaris
2644 2189 2883 2244 virorum
2930 2190 3069 2255 laus,
3122 2205 3243 2245 esse
3284 2192 3337 2245 in
3380 2193 3639 2247 memoria

2056 2280 2222 2333 sancti
2255 2279 2409 2348 hujus
2439 2298 2452 2333 :
2483 2296 2588 2335 non
2633 2282 2775 2335 enim
2818 2281 2960 2335 illius
2989 2281 3204 2336 dilectio
3238 2298 3302 2337 ex
3335 2284 3642 2340 inconside-

2054 2380 2171 2425 rato
2190 2371 2418 2440 quodam
2445 2372 2605 2426 animi
2629 2381 2799 2438 motu,
2824 2372 2918 2426 sed
2940 2372 3144 2442 judicio
3163 2389 3226 2427 ac
3245 2374 3384 2430 bene
3404 2377 3635 2445 cogitata

2054 2461 2261 2515 ratione
2281 2463 2589 2517 exsistebat.
2614 2462 2976 2530 Quamobrem
3002 2463 3146 2533 diligi
3168 2465 3398 2534 aliquem
3420 2482 3450 2520 a
3474 2467 3638 2523 Paulo

2054 2552 2189 2606 adeo
2216 2552 2578 2617 vehementer,
2610 2556 2739 2608 satis
2767 2557 3065 2625 argumenti
3095 2565 3199 2622 est,
3238 2572 3488 2627 magnum
3515 2574 3637 2616 esse

2053 2647 2202 2701 illum
2244 2659 2405 2718 atque
2446 2648 2841 2705 admirabilem.
2892 2647 2961 2702 Et
2999 2650 3052 2702 in
3101 2650 3408 2719 defensione,
3442 2652 3633 2721 inquit,

2052 2748 2100 2793 et
2125 2740 2502 2807 conﬁrmatione
2526 2739 2791 2809 evangelii.
2826 2739 2891 2793 Et
2921 2739 3047 2807 quid
3087 2741 3301 2803 mirum,
3341 2741 3384 2794 si
3434 2741 3487 2795 in
3517 2757 3637 2797 car-

2052 2846 2176 2887 cere
2207 2832 2329 2886 illos
2373 2832 2424 2886 in
2468 2832 2633 2887 corde
2679 2833 2941 2887 haberet?
2987 2834 3119 2887 Nam
3159 2850 3333 2904 neque
3373 2836 3463 2889 illo
3503 2845 3636 2891 tem-

2052 2938 2204 2991 pore,
2250 2924 2439 2993 inquit,
2484 2940 2590 2994 quo
2642 2924 2707 2977 ad
2755 2925 2989 2977 tribunal
3029 2924 3348 2979 accedebam
3395 2926 3636 2981 dicturus

2050 3030 2285 3077 causam,
2317 3032 2384 3069 ex
2422 3020 2600 3070 animo
2640 3032 2759 3070 meo
2801 3016 3101 3071 effluxislis.
3140 3018 3306 3071 Tanta
3338 3020 3481 3073 enim
3515 3021 3633 3073 vio-

2051 3107 2213 3161 lentia
2242 3116 2326 3161 est
2352 3108 2552 3185 amoris
2589 3108 2905 3176 spiritualis,
2938 3117 2996 3160 ut
3027 3108 3154 3161 nulli
3184 3108 3340 3162 cedat
3377 3110 3465 3163 ille
3497 3118 3634 3164 tem-

2049 3199 2186 3267 pori,
2237 3198 2331 3253 sed
2372 3198 2601 3252 amantis
2641 3198 2875 3251 animam
2916 3210 3177 3267 perpetuo
3221 3200 3630 3265 complectatur,

2050 3288 2300 3357 nullaque
2335 3290 2636 3343 calamitate
2679 3299 2773 3343 aut
2819 3289 3005 3343 dolore
3037 3291 3175 3343 vinci
3219 3293 3380 3344 sinat.
3417 3292 3628 3347 Etenim

2047 3378 2501 3447 quemadmodum
2541 3378 2594 3431 in
2631 3379 2846 3433 fornace
2882 3379 3228 3449 Babylonica,
3269 3395 3390 3434 cum
3427 3391 3630 3435 tantum

2046 3480 2191 3526 esset
2229 3471 2515 3525 excitatum
2557 3470 2885 3534 incendium,
2937 3487 3027 3526 ros
3086 3483 3262 3527 tamen
3305 3483 3422 3527 erat
3460 3474 3633 3529 beatis

2049 3563 2152 3615 illis
2180 3563 2359 3632 pueris
2392 3580 2404 3615 :
2436 3562 2505 3615 ita
2551 3563 2712 3616 etiam
2754 3563 3010 3625 amicitia,
3055 3563 3145 3615 ubi
3190 3565 3357 3617 semel
3397 3566 3630 3620 amantis

2050 3656 2266 3724 Deoque
2307 3655 2515 3724 accepti
2571 3656 2805 3709 hominis
2852 3655 3223 3724 apprehendit,
3276 3671 3491 3711 omnem
3534 3673 3631 3713 ex-

2046 3748 2267 3818 stinguit
2318 3748 2605 3812 ﬂammam,
2658 3763 2943 3816 roremque
2988 3748 3356 3803 admirabilem
3403 3750 3627 3819 spargit.

2046 3838 2116 3892 Et
2141 3838 2523 3905 conﬁrmatione
2543 3838 2809 3909 evangelii,
2843 3839 3033 3907 inquit.
3071 3839 3208 3908 Ergo
3241 3839 3446 3894 vincula
3472 3851 3632 3895 erant

2044 3928 2381 3983 confirmatio
2426 3927 2715 3996 evangelii,
2759 3942 2887 3997 ergo
2924 3936 3077 3981 erant
3109 3928 3383 3993 defensio;
3420 3944 3484 3983 ac
3505 3929 3627 3999 jure

2046 4020 2280 4088 quidem.
2312 4019 2443 4072 Nam
2472 4019 2516 4072 si
2546 4019 2755 4073 vincula
2778 4019 3151 4085 dctrectasset,
3182 4021 3489 4089 impostoris
3510 4036 3627 4075 om-

2046 4112 2171 4165 nino
2207 4111 2437 4179 Speciem
2485 4111 2801 4178 prmbuissct
2843 4126 2856 4163 :
2910 4126 3051 4164 nunc
3093 4126 3221 4164 vero
3264 4111 3443 4164 omnia
3484 4111 3625 4166 tole-

2044 4218 2202 4267 rans,
2241 4212 2297 4258 et
2332 4204 2544 4257 vincula
2578 4213 2632 4257 ct
2670 4204 3050 4269 calamitatem,
3095 4205 3250 4272 plane
3292 4204 3629 4260 demonstrat

2044 4308 2150 4347 non
2190 4308 2250 4347 se
2290 4292 2579 4346 humanam
2606 4292 2838 4361 aliquam
2870 4293 2939 4345 ob
2968 4308 3182 4347 causam
3216 4292 3330 4346 lucc
3359 4294 3489 4362 pati,
3527 4295 3623 4349 sed

2042 4394 2263 4453 propter
2299 4384 2491 4449 Deum,
2537 4384 2627 4452 qui
2671 4383 2976 4437 mercedem
3022 4383 3251 4437 reddere
3294 4384 3483 4438 solitus
3523 4398 3623 4440 est.

2041 4476 2211 4531 Nemo
2236 4477 2379 4530 enim
2423 4474 2604 4539 fuerit,
2646 4477 2735 4545 qui
2767 4484 2822 4529 et
2862 4475 2997 4528 mori
3028 4486 3083 4528 et
3110 4484 3187 4527 tot
3214 4474 3363 4529 adire
3388 4477 3625 4545 pericula

2041 4576 2275 4632 statuat;
2306 4582 2467 4622 nemo
2495 4568 2583 4635 qui
2614 4568 2743 4619 tanti
2786 4566 3153 4635 Imperatoris,
3183 4567 3449 4621 Neronem
3482 4568 3621 4634 dico,

2041 4657 2394 4713 oﬂensionem
2425 4658 2636 4723 subeat,
2660 4658 2763 4711 nisi
2785 4658 2945 4711 alium
2974 4658 3140 4711 multo
3166 4659 3424 4729 majorem
3459 4660 3627 4729 Impe-

2041 4759 2271 4805 ratorem
2303 4750 2617 4804 intueretur.
2660 4750 2831 4803 Erant
2860 4750 3018 4818 igitur
3043 4752 3256 4805 vincula
3285 4754 3623 4809 confirmatio

2039 4842 2322 4912 evangelii.
2352 4842 2485 4897 Vide
2511 4841 2804 4911 quomodo,
2834 4850 2891 4895 ut
2919 4842 3129 4910 plenius
3158 4854 3317 4914 atque
3340 4845 3624 4903 abundan-

2040 4933 2146 4987 tius
2171 4932 2312 5002 quod
2333 4933 2449 4988 vult
2474 4932 2736 4995 obtineat,
2761 4933 2938 4985 omnia
2969 4932 3021 4986 in
3049 4934 3375 4989 contrariam
3413 4947 3619 5005 partem

2039 5024 2382 5079 converterit.
2414 5023 2564 5089 Quod
2605 5024 2747 5078 enim
2786 5023 3112 5078 inﬁrmitatis
3141 5035 3195 5078 et
3231 5027 3473 5081 criminis
3504 5029 3622 5083 loco

2040 5116 2318 5187 putabant,
2362 5116 2413 5171 id
2450 5114 2910 5170 conﬁrmationem
2953 5125 3152 5171 vocat:
3188 5126 3243 5172 ut
3270 5120 3371 5173 nisi
3402 5119 3452 5173 id
3491 5136 3615 5176 eve-

2040 5211 2229 5275 nisset,
2262 5209 2569 5262 infirmitate
2598 5208 2935 5262 laboraturus
2977 5207 3159 5262 fuerit.
3202 5210 3405 5265 Deinde
3430 5220 3616 5265 osten-

2039 5303 2118 5357 dit
2145 5302 2485 5356 dilectionem
2515 5317 2618 5353 non
2649 5310 2872 5365 temere,
2922 5300 3016 5354 sed
3053 5301 3253 5368 judicio
3293 5312 3617 5370 susceptam.
3668 5284 3675 5295 ‘

2038 5393 2233 5449 Unde?
2264 5391 2440 5445 Habeo
2483 5408 2590 5454 vos,
2625 5392 2816 5461 inquit,
2860 5392 2912 5445 in
2951 5393 3165 5446 vinculis
3196 5394 3337 5453 meis.
3367 5403 3413 5446 et
3442 5395 3495 5447 in
3524 5396 3616 5449 de-

2038 5485 2285 5555 fensione,
2324 5500 2380 5537 eo
2411 5483 2547 5553 quod
2584 5501 2686 5536 una
2723 5500 2915 5537 mecum
2961 5484 3232 5554 participes
3264 5485 3382 5537 estis
3414 5488 3613 5555 gratiae.

2036 5577 2176 5644 Quid
2209 5577 2310 5629 hoc
2336 5576 2461 5629 est?
2492 5575 2593 5629 hoc
2621 5577 2865 5644 ipsunmc
2882 5577 3251 5644 cratApostoli
3278 5579 3467 5645 gratia,
3496 5581 3611 5634 vin-

2035 5670 2154 5735 ciri,
2182 5669 2393 5737 jactari,
2440 5678 2723 5722 sexcentas
2756 5668 2895 5722 ferre
2936 5668 3293 5723 acerbitates?
3331 5669 3557 5727 Maxime
3590 5690 3605 5726 :

2036 5775 2182 5821 nam.
2216 5759 2410 5830 Suﬁicit
2456 5760 2566 5823 tibi,
2599 5759 2787 5829 inquit,
2814 5760 2977 5829 gratia
3004 5775 3148 5824 mea;
3175 5761 3331 5815 virtus
3351 5764 3480 5815 enim
3500 5782 3611 5819 mea

2036 5853 2092 5908 in
2134 5852 2425 5923 inﬁrmitate
2465 5851 2742 5924 perﬁcitur.
2788 5849 3007 5924 Propter
3057 5854 3192 5925 quod
3240 5855 3416 5926 placeo
3465 5859 3613 5928 mihi,
