4100 6412
367 826 375 837 ς

370 839 384 895 l

419 413 523 470 187

421 528 615 599 inquit,
662 526 713 580 in
753 519 1150 595 inﬁrmitatibus,
1182 522 1234 574 in
1277 518 1591 575 contumeliis
1632 516 1706 586 (Ξ.
1747 513 1867 571 Cor.
1910 514 1999 569 ﬁ.

421 619 476 675 9.
509 617 621 690 10).
653 613 878 684 Quando
903 612 1065 682 igitur
1093 610 1249 665 video
1276 624 1374 664 vos
1413 608 1566 662 factis
1593 605 1723 676 ipsis
1751 606 2002 660 virtutem

420 709 729 774 ostendere,
760 715 921 776 atque
950 703 1108 774 hujus
1133 701 1320 773 gratiae
1345 714 1465 756 esse
1496 697 1803 770 participes,
1844 697 2004 767 idque

421 801 691 862 alacriter,
723 811 824 853 nec
853 797 1120 852 immerito
1162 792 1261 849 has
1301 793 1640 862 conjecturas
1678 790 1837 845 facio.
1870 788 2004 845 Nam

421 893 512 962 qui
548 906 644 945 vos
680 888 869 944 fuerim
896 895 1170 958 expertus,
1199 901 1262 941 ac
1291 900 1403 955 pra:
1428 884 1679 939 omnibus
1705 897 1801 937 vos
1829 891 1885 938 et
1907 899 2003 937 ve-

421 994 533 1039 stra
560 985 834 1039 benefacta
861 982 1056 1047 norim,
1088 981 1177 1051 qui
1204 979 1287 1033 vel
1315 987 1462 1032 tanto
1491 992 1519 1030 a
1543 977 1697 1033 nobis
1720 976 2005 1032 intervallo

422 1078 673 1145 sejuncti,
705 1089 919 1130 onmem
949 1072 1348 1129 contentionem
1376 1068 1641 1125 adhibetis
1671 1083 1739 1123 ne
1770 1068 1821 1123 in
1856 1068 2003 1123 cala—

421 1169 697 1225 mitatibus
752 1183 784 1223 a
838 1166 992 1221 nobis
1044 1163 1396 1235 sejungamiui
1430 1206 1444 1229 ,
1496 1162 1594 1216 sed
1644 1160 2004 1232 periculorum

422 1278 543 1331 qua:
574 1275 671 1331 pro
697 1258 973 1329 evangelio
998 1255 1275 1312 subeunda
1316 1265 1441 1309 sunt
1468 1254 1759 1322 participes
1783 1251 1919 1315 sitis,
1949 1260 2006 1307 et

420 1354 610 1425 procul
654 1352 808 1421 positi
854 1349 987 1404 nihil
1030 1348 1206 1402 minus
1250 1360 1336 1401 me
1373 1347 1489 1415 ipso
1524 1344 1788 1410 habeatis,
1817 1343 1906 1414 qui
1948 1344 2003 1397 in

421 1445 717 1502 certamina
748 1444 860 1513 ipsa
887 1439 1175 1507 descendi;
1223 1454 1433 1509 aequum
1467 1437 1625 1509 plane
1658 1445 1761 1503 est,
1802 1444 1859 1490 ut
1890 1434 2004 1491 haec

421 1537 718 1604 relinquam
763 1542 971 1588 testata.
1009 1530 1119 1587 Cur
1147 1539 1324 1585 autem
1364 1545 1470 1583 non
1513 1528 1669 1593 dixit,
1688 1527 2000 1597 Participes,

421 1628 544 1691 sed,
597 1626 715 1681 Una
756 1642 952 1679 mecum
992 1623 1303 1693 participes?
1353 1622 1419 1675 Et
1453 1635 1553 1691 ego
1599 1622 1743 1689 ipse,
1794 1620 2000 1689 inquit,

420 1721 575 1775 alteri
608 1720 878 1787 impertio,
926 1725 984 1771 ut
1018 1732 1121 1770 una
1166 1714 1287 1769 (iam
1329 1714 1599 1784 particeps
1626 1712 1888 1781 evangelii
1925 1712 2002 1782 (1.

420 1813 540 1869 Cor.
587 1813 641 1868 9.
682 1811 799 1879 23),
834 1810 885 1864 id
916 1818 1000 1864 est
1025 1808 1308 1870 bonorum,
1341 1820 1458 1875 quas
1483 1819 1580 1874 pro
1607 1803 1885 1873 evangelio
1905 1817 2005 1858 nos

422 1916 659 1959 manent.
690 1905 767 1957 Ac
789 1903 980 1956 mirum
1012 1899 1255 1970 profecto
1285 1906 1388 1960 est,
1411 1909 1601 1951 omnes
1630 1894 1749 1949 illos
1776 1895 1849 1949 ita
1875 1894 2004 1950 alle-

420 2005 537 2050 ctos
561 1995 740 2048 animo
763 1993 944 2056 fuisse,
973 2000 1032 2045 ut
1058 2006 1087 2044 a
1114 1990 1279 2045 Paulo
1311 1987 1487 2043 vocari
1521 1996 1741 2057 possent
1766 1986 1846 2041 sui
1881 2001 2006 2056 par-

422 2087 611 2156 ticipes
644 2103 658 2138 :
692 2085 761 2139 ita
790 2085 931 2138 enim
965 2084 1153 2152 inquit,
1187 2081 1336 2149 Quod
1368 2095 1540 2134 omnes
1568 2094 1655 2132 vos
1680 2094 1783 2132 una
1810 2094 2004 2132 mecum

421 2179 693 2249 participes
724 2178 843 2231 estis
876 2176 1074 2248 gratite.
1122 2174 1250 2229 lltec
1286 2174 1446 2243 igitur
1488 2172 1634 2226 initia
1666 2170 1825 2226 fidem
1872 2170 2004 2225 mihi

421 2271 640 2335 faciunt,
665 2285 759 2324 vos
786 2284 955 2339 usque
983 2268 1047 2321 ad
1072 2266 1231 2322 finem
1256 2267 1387 2321 tales
1413 2265 1550 2321 fore.
1582 2264 1684 2319 Vix
1718 2264 1860 2319 enim
1883 2264 2005 2319 ﬁeri

422 2374 617 2434 potest,
648 2374 700 2418 ut
730 2363 1049 2435 principium
1084 2362 1219 2417 adeo
1245 2358 1583 2432 splendidum
1610 2358 1999 2428 exstinguatur,

418 2468 580 2526 atque
620 2466 925 2517 evanescat,
969 2457 1063 2511 sed
1105 2470 1323 2526 magnos
1357 2467 1571 2524 quoque
1612 2467 1675 2507 ac
1715 2452 2003 2522 prmclaros

420 2551 594 2603 exitus
625 2558 863 2618 praestat.

491 2642 545 2695 4.
574 2641 835 2707 Quoniam
874 2641 1032 2710 igitur
1071 2641 1177 2695 alia
1216 2638 1443 2709 quadam
1482 2639 1688 2693 ratione
1723 2638 1849 2693 licet
1882 2650 2003 2692 esse

422 2731 733 2801 participem
754 2732 941 2801 gratias
960 2741 1014 2785 et
1034 2727 1394 2800 periculorum
1420 2739 1475 2785 et
1498 2729 1882 2792 calamitatum,
1905 2726 2004 2781 ob-

418 2837 573 2876 sccro
616 2837 718 2891 ego
761 2836 858 2875 vos
878 2862 891 2886 ,
921 2822 1089 2875 simus
1123 2835 1223 2875 nos
1258 2834 1472 2891 quoque
1498 2820 1805 2889 participes.
1830 2818 2001 2884 Quam

420 2913 567 2967 ιιιιιιιί
594 2928 659 2967 ex
685 2914 749 2967 iis
771 2913 861 2982 qui
891 2911 976 2967 hic
1000 2921 1127 2966 sunt
1146 2911 1384 2967 vellent?
1410 2910 1649 2981 quinimo
1671 2924 1860 2966 omnes
1883 2909 2001 2964 vel-

418 3003 540 3057 letis
575 3003 859 3071 participes
882 3017 1004 3057 esse
1030 3002 1179 3057 Pauli
1211 3004 1261 3055 in
1290 3002 1539 3071 repositis
1565 3001 1671 3055 illis
1701 3001 1874 3055 bonis.
1906 3001 2004 3055 At-

416 3094 506 3163 qui
537 3093 677 3157 licet,
705 3092 751 3147 si
782 3092 965 3159 vultis,
995 3091 1151 3147 facile
1198 3092 1338 3146 istud
1366 3092 1602 3161 assequi,
1629 3093 1674 3146 si
1697 3092 1761 3146 iis
1783 3092 1872 3161 qui
1895 3093 1998 3147 mi-

416 3184 698 3239 nisterium
746 3184 888 3240 illius
931 3193 1357 3254 reprzesentant,
1388 3185 1453 3238 iis
1500 3185 1589 3254 qui
1640 3199 1738 3254 pro
1784 3183 1999 3241 Christo

416 3281 556 3334 male
598 3280 954 3349 accipiuntur,
987 3278 1163 3334 velitis
1203 3277 1501 3334 subsidium
1541 3277 1791 3332 alacriter
1832 3276 1993 3343 ferre,

415 3372 685 3443 Opitulari,
706 3387 920 3426 manum
945 3370 1234 3441 porrigere.
1252 3368 1413 3425 Vides
1436 3369 1722 3439 periclitari
1744 3368 1999 3424 fratrem?

413 3466 628 3535 porrige
672 3481 911 3520 manum.
956 3464 1117 3519 Vides
1161 3475 1557 3534 praeceptorem
1578 3463 1764 3533 proelio
1793 3462 2001 3532 appeti-

413 3558 561 3613 tum?
585 3558 798 3613 assiste.
826 3558 894 3612 At
916 3558 1059 3611 enim
1084 3555 1238 3619 dicis,
1256 3570 1413 3611 nemo
1439 3564 1522 3610 est
1546 3555 1636 3625 qui
1664 3554 1829 3608 Paulo
1850 3567 2000 3608 com-

412 3650 591 3719 parari
616 3660 797 3720 queat.
831 3649 912 3703 En
936 3649 1113 3703 subito
1132 3648 1295 3702 animi
1324 3647 1502 3711 elatio,
1533 3646 1710 3702 subito
1730 3645 1994 3715 judicant.

412 3742 698 3797 Neminem
722 3756 890 3810 prope
915 3740 983 3795 ad
1010 3740 1235 3795 Paulum
1257 3738 1538 3803 accedere,
1557 3753 1658 3808 ego
1686 3752 1900 3807 quoque
1921 3736 1998 3791 fa-

412 3842 531 3887 teor
548 3840 958 3897 :verumtamen,
984 3831 1083 3896 Qui
1099 3830 1295 3899 recipit,
1315 3830 1505 3900 inquit,
1523 3828 1820 3899 prophetam
1835 3829 1888 3881 in
1904 3844 1999 3882 no-

414 3925 550 3979 mine
565 3925 846 3995 propltetae,
863 3925 1141 3979 mercedem
1157 3940 1248 3995 pro
1254 3922 1416 3992 pheta:
1430 3922 1637 3991 accipiet
1654 3921 1673 3993 (
1695 3920 1884 3976 Matth.
1905 3921 1995 3977 10.

412 4016 539 4085 41).
583 4015 720 4070 Num
753 4015 1120 4085 Pbilippenses
1146 4014 1215 4066 ob
1242 4028 1359 4068 eam
1391 4028 1605 4067 causam
1653 4012 2000 4067 admirabiles

414 4116 589 4173 crant,
615 4105 755 4176 quod
774 4105 994 4160 Paulum
1013 4103 1371 4174 adjuvabant?
1382 4102 1520 4169 Non,
1539 4103 1776 4173 inquam.
1790 4102 1861 4158 ob
1877 4117 1996 4157 eam

413 4212 651 4259 causam.
677 4196 771 4253 sed
797 4197 1049 4268 quoniam
1072 4194 1542 4251 communicabant
1561 4194 1631 4256 ei,
1654 4194 1745 4265 qui
1765 4209 2000 4263 evange-

417 4291 473 4345 lii
496 4289 926 4359 praedicationem
949 4296 1277 4358 susceperat.
1304 4287 1593 4357 Propterea
1616 4288 1809 4343 Paulus
1831 4287 2002 4342 hono-

415 4400 529 4441 rem
552 4385 977 4455 promerebatur,
995 4382 1253 4453 quoniam
1275 4380 1392 4435 haec
1415 4381 1712 4450 patiebatur
1734 4395 1830 4451 pro
1848 4380 2005 4437 Chri-

416 4488 523 4533 sto.
554 4476 741 4544 Qualis
768 4475 981 4539 Paulus,
1010 4489 1168 4529 nemo
1196 4481 1297 4528 est.
1327 4471 1467 4541 Quid
1492 4470 1635 4538 dico,
1666 4470 1840 4542 qualis
1865 4469 2003 4525 Pau-

417 4572 544 4627 lus?
568 4585 724 4625 nemo
749 4578 830 4624 est
849 4569 937 4638 qui
961 4567 1030 4623 ad
1051 4569 1262 4623 beatum
1286 4567 1435 4621 illum
1455 4564 1541 4620 vel
1565 4579 1733 4635 prope
1750 4563 2000 4619 accedat:

417 4661 732 4733 praedicatio
773 4669 951 4714 autem
993 4658 1181 4714 eadem
1209 4665 1311 4723 est,
1340 4672 1459 4726 qua:
1484 4657 1576 4710 illo
1600 4665 1840 4725 tempore
1864 4664 2002 4710 erat.

423 4755 533 4807 Nec
554 4762 780 4816 tantum,
799 4753 926 4805 dum
951 4752 1004 4805 in
1028 4749 1256 4804 vinculis
1277 4756 1414 4815 erat,
1439 4748 1490 4803 ei
1511 4746 2001 4812 communicabant,

421 4847 516 4901 sed
545 4846 708 4901 etiam
740 4860 767 4897 a
798 4846 1057 4915 principio
1086 4862 1099 4897 :
1132 4844 1255 4898 audi
1277 4843 1420 4897 enim
1445 4843 1611 4912 ipsius
1635 4842 1822 4908 verba,
1849 4840 2006 4896 Scitis

340 4976 355 5009 ς
418 4949 589 4993 autem
612 4950 658 4994 et
680 4955 764 4993 vos
784 4981 800 5005 ,
828 4936 1206 5007 Philippenses,
1236 4935 1378 5005 quod
1396 4935 1450 4987 in
1477 4934 1731 5003 principio
1758 4934 2007 5004 evangelii

332 5036 341 5085 ἶ
421 5036 569 5093 nulla
596 5034 721 5088 mihi
748 5032 976 5087 Ecclesia
999 5030 1384 5085 communicavit
1409 5029 1465 5081 in
1492 5029 1690 5082 ratione
1713 5027 1821 5081 dati
1850 5037 1896 5082 et
1920 5044 2008 5081 ac-

416 5132 571 5203 cepti,
590 5129 688 5183 nisi
704 5144 790 5182 vos
806 5124 1168 5197 soli(Phitipp.
1183 5124 1238 5178 4.
1255 5122 1368 5189 15).
1381 5122 1460 5177 Ac
1474 5136 1604 5177 sane
1618 5120 1831 5177 omissis
1845 5121 2008 5176 etiam

1164 407 1221 461 S.
1258 402 1534 459 JOANNIS
1571 397 2041 458 CHRYSOSTOMI
2070 398 2385 457 ARClllEP.
2426 401 2955 463 CONSTANTINOP.

3592 410 3695 467 188

2112 516 2357 586 qutedam
2393 516 2591 574 incidat
2623 521 2879 589 suspicio,
2911 520 3160 576 nimirum
3183 522 3319 577 hanc
3345 522 3472 577 mihi
3495 526 3693 579 oratio—

2111 622 2234 662 nem
2252 624 2357 663 non
2376 611 2561 678 vestri,
2583 611 2676 666 sed
2701 612 2910 667 illorum
2933 628 3094 668 causa
3113 628 3234 669 esse
3251 626 3576 686 susceptam.
3603 617 3694 671 Ve-

2112 717 2229 755 rum
2251 703 2443 759 scitote
2463 704 2575 760 haec
2596 721 2626 759 a
2649 721 2735 759 me
2756 722 2862 760 non
2884 707 3118 773 illorum,
3137 708 3229 762 sed
3250 719 3423 764 vestra
3454 710 3690 779 ipsorum

2110 806 2269 845 causa
2295 792 2421 858 dici,
2453 793 2631 865 idque,
2666 795 2714 850 si
2742 805 2974 851 mentem
3000 797 3283 853 advertere
3330 800 3530 867 velitis,
3563 803 3692 871 ipsae

2111 885 2261 939 vobis
2287 886 2522 942 rationes
2549 889 2961 957 persuadebunt.
2987 890 3100 945 Non
3125 900 3328 961 mquate
3350 903 3438 948 est
3458 894 3689 959 lucrum,

2109 976 2249 1044 quod
2289 992 2384 1032 vos
2422 981 2705 1047 reportatis
2746 990 2906 1046 atque
2951 982 3023 1036 illi
3056 999 3069 1036 :
3103 999 3223 1037 nam
3264 999 3360 1039 vos
3394 984 3607 1055 quidem
3645 988 3689 1042 si

2109 1067 2385 1135 dederitis,
2408 1084 2470 1123 ea
2497 1070 2711 1138 dabitis,
2743 1087 2863 1142 quae
2886 1074 3045 1143 paulo
3073 1083 3211 1143 post,
3241 1075 3418 1129 velitis
3438 1116 3451 1139 ,
3485 1077 3686 1145 nolitis,

2109 1158 2229 1212 aliis
2252 1160 2569 1230 resignaturi
2594 1170 2648 1216 et
2672 1164 2980 1218 coneessuri
3011 1165 3175 1228 estis;
3207 1175 3262 1219 at
3282 1181 3400 1235 qua:
3425 1168 3686 1236 accipitis,

2111 1263 2399 1319 permagna
2429 1260 2588 1316 sunt,
2618 1252 2803 1323 longe,
2838 1253 3053 1323 inquam
3074 1295 3090 1320 ,
3117 1256 3340 1324 majora.
3370 1256 3560 1311 Annon
3590 1257 3691 1313 hoc

2109 1340 2289 1394 animo
2314 1342 2462 1407 estis,
2492 1344 2735 1413 accipere
2761 1360 2855 1399 vos
2875 1386 2890 1413 ,
2917 1361 3038 1401 cum
3070 1345 3246 1401 datis?
3273 1346 3385 1415 Ego
3410 1364 3558 1410 vero.
3587 1350 3691 1406 nisi

2110 1431 2214 1487 hoc
2255 1436 2435 1489 animo
2477 1436 2641 1502 estis,
2692 1452 2760 1492 ne
2801 1438 2941 1494 detis
2988 1439 3200 1509 quidem
3249 1441 3451 1496 velim:
3487 1452 3687 1497 tantum

2109 1526 2283 1590 abest,
2307 1542 2407 1598 pro
2430 1528 2534 1584 illis
2560 1545 2862 1587 sermonem
2885 1531 3098 1588 faciam.
3122 1533 3233 1588 Nisi
3258 1535 3374 1605 quis
3405 1545 3563 1591 antea
3589 1535 3689 1592 sibi

2108 1620 2470 1690 persuaserit,
2503 1621 2749 1691 accipere
2789 1638 2850 1678 se
2892 1624 3059 1694 magis
3101 1640 3258 1694 quam
3307 1626 3473 1692 dare,
3504 1628 3691 1696 ingens

2112 1711 2317 1765 lucrum
2349 1710 2544 1777 facere,
2579 1712 2839 1770 beneficio
2868 1717 3037 1786 magis
3069 1716 3211 1772 affici
3249 1733 3407 1787 quam
3436 1718 3687 1785 afficere;

2111 1801 2203 1858 ille
2228 1818 2360 1858 vero
2388 1819 2456 1859 ne
2483 1805 2575 1860 det
2601 1823 2615 1859 :
2645 1807 2690 1861 si
2719 1807 2788 1861 ita
2819 1817 2989 1876 putat,
3014 1807 3141 1863 dare
3171 1824 3231 1865 se
3260 1809 3577 1866 beneﬁcium
3596 1827 3691 1866 ac-

2109 1895 2347 1965 cipienti,
2377 1912 2447 1952 ne
2474 1898 2586 1953 det.
2629 1898 2744 1955 Non
2771 1900 2913 1955 enim
2945 1900 2997 1955 id
3030 1900 3160 1956 mihi
3193 1918 3335 1958 nunc
3366 1919 3697 1974 magnopere

2110 1999 2254 2042 cura:
2278 1996 2381 2054 est,
2404 1997 2462 2042 ut
2482 1989 2696 2045 alantur
2714 1991 2886 2046 sancti
2911 2009 2925 2045 :
2950 2007 3071 2046 nam
3096 1993 3199 2048 nisi
3226 2002 3281 2048 tu
3302 1994 3535 2059 dederis,
3554 1995 3692 2051 alius

2109 2076 2275 2133 dabit.
2298 2077 2655 2145 Quamobrem
2681 2083 2822 2150 quod
2844 2083 2989 2151 volo,
3009 2084 3107 2139 hoc
3129 2093 3213 2139 est
3234 2102 3249 2139 :
3272 2094 3329 2140 ut
3350 2100 3445 2141 vos
3462 2088 3692 2155 peccatis

2109 2170 2302 2225 vestris
2332 2170 2503 2226 lenem
2529 2174 2815 2244 quamdam
2842 2175 3158 2231 medicinam
3181 2176 3420 2232 faciatis:
3442 2179 3532 2249 qui
3560 2194 3691 2235 vero

2111 2261 2247 2319 hanc
2264 2263 2316 2318 in
2332 2264 2509 2321 dando
2529 2269 2786 2322 rationem
2810 2283 2914 2323 non
2938 2278 3104 2337 tenet,
3127 2270 3445 2326 medicinam
3470 2286 3575 2327 non
3596 2272 3689 2326 ha-

2108 2354 2273 2411 bebit.
2304 2356 2419 2413 Non
2449 2360 2591 2414 enim
2623 2360 2771 2423 dare,
2804 2362 2896 2417 sed
2926 2363 3155 2418 alacrem
3183 2362 3335 2427 dare,
3363 2363 3456 2419 sed
3485 2363 3687 2429 laetum,

2108 2448 2201 2503 sed
2220 2450 2418 2520 gratias
2436 2449 2720 2507 habentem
2738 2452 3038 2529 apcipicnti,
3058 2454 3160 2508 hoc
3174 2462 3275 2517 est,
3294 2453 3688 2526 eleemosynam

2110 2541 2288 2596 facere
2320 2559 2333 2595 :
2365 2542 2440 2597 ait
2464 2544 2629 2606 enim,
2662 2542 2783 2597 Non
2812 2561 2876 2598 ea:
2902 2544 3121 2609 tristitia,
3150 2555 3237 2597 aut
3266 2561 3328 2598 ea:
3352 2546 3644 2600 necessitate
3671 2561 3690 2600 :

2108 2633 2323 2687 hilarem
2346 2633 2479 2686 enim
2499 2632 2727 2687 datorem
2748 2635 2912 2705 diligit
2933 2632 3072 2689 Deus
3093 2632 3184 2707 (2.
3218 2634 3335 2689 Cor.
3365 2634 3419 2690 9.
3453 2637 3545 2707 7).
3570 2638 3685 2694 Non

2107 2726 2200 2782 det
2227 2726 2403 2798 igitur,
2429 2727 2518 2797 qui
2546 2726 2649 2782 hoc
2674 2727 2836 2782 modo
2860 2742 2966 2782 non
2995 2727 3083 2782 dat
3114 2745 3127 2781 :
3154 2729 3362 2797 jactura
3383 2730 3523 2785 enim
3547 2731 3687 2788 istud

2106 2829 2208 2883 est,
2239 2834 2345 2873 non
2372 2819 2737 2892 eleemosyna.
2767 2820 2943 2887 Quare
2968 2822 3010 2875 si
3042 2821 3191 2876 vobis
3222 2821 3323 2876 hoc
3348 2825 3686 2895 exploratum

2108 2920 2211 2978 est,
2239 2925 2339 2967 vos
2363 2926 2485 2967 esse
2508 2913 2599 2981 qui
2624 2921 2888 2981 quaistum
2915 2911 3110 2975 facitis,
3140 2928 3246 2967 non
3274 2914 3417 2983 illos,
3444 2917 3689 2987 explora—

2108 3012 2217 3057 tum
2240 3018 2454 3074 quoque
2480 3002 2609 3059 illud
2635 3005 2724 3069 sit,
2748 3006 2921 3075 majus
2942 3007 3102 3059 etiam
3133 3006 3335 3061 lucrum
3357 3008 3510 3064 vobis
3534 3024 3687 3066 acce-

2106 3096 2257 3153 dere.
2286 3096 2422 3151 Nam
2461 3096 2568 3151 illis
2606 3096 2824 3168 quidem
2864 3112 3059 3167 corpus
3100 3099 3294 3162 alitur;
3328 3100 3480 3156 vobis
3505 3111 3685 3159 autem

2105 3187 2432 3257 splendescit
2460 3188 2635 3243 anima
2664 3205 2678 3241 :
2708 3188 2846 3253 illis,
2872 3203 2992 3243 cum
3025 3190 3328 3259 accipiunt,
3363 3190 3565 3247 nullum
3596 3208 3685 3247 re-

2107 3282 2336 3336 mittitur
2357 3289 2631 3351 peccatum
2649 3298 2664 3346 ;
2685 3281 2837 3336 vobis
2859 3297 2986 3335 vero
3008 3281 3188 3335 multa:
3213 3282 3535 3339 offensiones
3559 3284 3687 3339 abo-

2106 3374 2305 3429 lentur.
2335 3373 2804 3429 Communicemus
2853 3374 3011 3443 igitur
3053 3374 3182 3443 ipsis
3225 3374 3278 3428 in
3318 3375 3594 3430 laboribus
3622 3389 3686 3431 ac

2104 3465 2520 3532 certaminibus,
2550 3475 2609 3520 ut
2638 3466 2689 3520 in
2721 3466 2928 3536 magnis
2956 3481 3168 3535 quoque
3194 3467 3296 3521 illis
3328 3469 3561 3537 prmmiis
3589 3469 3687 3522 ali-

2104 3556 2319 3626 quando
2345 3556 2820 3612 communicemus.
2848 3555 2963 3612 Non
2988 3556 3275 3612 defuerunt
3294 3558 3380 3628 qui
3405 3574 3558 3629 reges
3584 3558 3685 3613 sibi

2104 3649 2444 3718 adoptarent,
2475 3659 2638 3719 atque
2680 3650 2731 3703 in
2770 3665 2835 3704 eo
2877 3650 3047 3720 magis
3086 3665 3146 3705 se
3186 3648 3336 3717 dare,
3364 3666 3521 3720 quam
3548 3651 3687 3706 acci-

2105 3756 2233 3811 pere
2264 3750 2529 3810 putarent.
2570 3739 2652 3795 Tu
2679 3740 2954 3795 Christum
2980 3739 3072 3794 tibi
3099 3740 3312 3810 adepta,
3348 3750 3571 3811 tuasque
3599 3756 3687 3796 res

2106 3834 2160 3888 in
2197 3842 2311 3888 tuto
2339 3831 2650 3888 collocabis.
2681 3831 2773 3887 Vis
2802 3841 2857 3888 et
2886 3830 3051 3885 Paulo
3089 3830 3524 3886 communicare?
3559 3831 3685 3901 quid

2104 3930 2228 3986 dico
2256 3929 2440 3994 Paulo,
2475 3928 2561 3983 ubi
2587 3926 2831 3982 Christus
2861 3925 2975 3994 ipse
2999 3933 3102 3989 est,
3130 3924 3221 3994 qui
3242 3923 3474 3993 accipit?

2177 4021 2231 4077 6.
2275 4019 2623 4090 Eleemosyntv
2661 4016 2907 4088 facienda:
2929 4016 3081 4069 ratio.
3102 4013 3255 4069 —Ut
3282 4023 3460 4068 autem
3490 4014 3688 4069 intelli-

2106 4111 2263 4182 gatis,
2294 4125 2379 4165 me
2406 4124 2511 4163 non
2533 4107 2759 4161 aliorum
2784 4103 3100 4160 recreationi
3122 4101 3447 4169 studentem,
3470 4102 3564 4157 sed
3595 4118 3692 4158 ve-

2106 4212 2216 4257 stra
2241 4216 2401 4255 causa
2424 4198 2541 4254 haec
2562 4196 2741 4252 omnia
2762 4204 2817 4250 et
2847 4196 3028 4250 dicere
3053 4202 3108 4249 et
3134 4193 3309 4247 facere
3333 4210 3347 4245 :
3371 4193 3417 4248 si
3456 4194 3574 4264 quis
3604 4201 3691 4247 est

2107 4307 2173 4348 ex
2199 4291 2462 4361 prmfectis
2479 4287 2751 4350 Ecclesiae,
2770 4287 2859 4357 qui
2880 4285 3039 4339 vitam
3060 4298 3169 4339 non
3192 4284 3403 4353 inopem
3429 4293 3550 4355 agat
3573 4284 3690 4339 nul-

2110 4385 2265 4456 laque
2294 4399 2353 4438 re
2382 4390 2556 4453 egeat,
2590 4379 2799 4435 etiamsi
2830 4387 3049 4433 sanctus
3091 4377 3193 4442 sit,
3227 4386 3407 4431 tamen
3462 4376 3588 4431 nolo
3637 4377 3687 4432 ei

2109 4478 2237 4543 des;
2282 4476 2377 4533 sed
2405 4476 2528 4530 huic
2552 4487 2807 4545 prmpone
2834 4471 2981 4525 illum
3008 4470 3096 4540 qui
3128 4479 3285 4542 eget,
3312 4470 3556 4540 quamvis
3582 4483 3688 4524 non

2111 4569 2247 4624 adeo
2292 4568 2685 4623 admirabilem.
2739 4564 2877 4631 Quid
2919 4564 3024 4617 ita?
3075 4563 3339 4630 Quoniam
3371 4563 3487 4631 ipse
3526 4562 3689 4618 etiam

2111 4662 2355 4717 Christus
2382 4660 2481 4713 hoc
2506 4659 2576 4712 ita
2601 4656 2732 4721 vult,
2764 4656 2924 4724 idque
2954 4655 3057 4708 illis
3091 4654 3269 4709 verbis
3290 4653 3491 4708 indicat
3518 4669 3530 4705 :
3564 4652 3692 4708 Cum

2113 4753 2239 4823 facis
2260 4766 2452 4805 ctenam
2480 4759 2566 4802 aut
2594 4746 2887 4817 prandium,
2920 4745 3023 4798 noli
3052 4760 3231 4798 vocare
3248 4745 3438 4797 amicos
3467 4753 3579 4797 tuos
3599 4758 3689 4795 ne-

2114 4860 2211 4913 que
2228 4851 2488 4913 cognatos,
2526 4841 2616 4893 sed
2655 4838 2860 4898 debiles.
2893 4836 3102 4889 claudos
3127 4845 3174 4889 et
3216 4851 3373 4890 caecos
3400 4833 3563 4905 (Luc.
3598 4834 3685 4886 N.

2122 4934 2208 4988 12.
2244 4931 2332 5001 15)
2360 4948 2373 4983 :
2398 4944 2492 4985 eos
2523 4928 2770 4982 nimirum
2791 4969 2806 4993 ,
2838 4926 2930 4996 qui
2961 4926 3052 4979 tibi
3080 4942 3178 4997 par
3211 4926 3326 4996 pari
3353 4923 3554 4980 referre
3583 4937 3687 4976 non

2117 5033 2358 5096 possunt.
2388 5021 2503 5076 Non
2544 5022 2686 5076 enim
2715 5028 2916 5075 temere
2959 5028 3085 5073 sunt
3124 5017 3346 5087 quilibet
3394 5013 3645 5069 invitandi
3671 5026 3716 5096 ,ε

2118 5074 2357 5096 ¹’“”’”’““
2389 5074 2403 5076 '
2555 5074 2587 5076 ν
2748 5074 2753 5075 ⁷
2898 5074 2905 5075 ί
3142 5074 3155 5087 .
3674 5074 3685 5078 -

2118 5118 2212 5173 sed
2242 5116 2564 5181 esurientes,
2595 5112 2691 5168 sed
2735 5113 2997 5174 sitientes,
3026 5110 3120 5165 sed
3160 5108 3308 5172 nudi,
3332 5105 3426 5162 sed
3456 5074 3723 5175 peregriJ,

2117 5210 2194 5273 ni,
2226 5208 2303 5280 (a)
2328 5206 2452 5281 [sed
2485 5206 2519 5260 ii
2552 5206 2643 5276 qui
2686 5220 2750 5261 ex
2794 5204 2992 5259 divitiis
3030 5202 3094 5257 ad
3122 5201 3348 5271 inopiam
3396 5206 3520 5252 sunt
3572 5192 3736 5291 red-2

2117 5298 2269 5372 acti.]
2286 5300 2399 5355 Non
2417 5299 2559 5355 enim
2577 5298 2816 5352 absolute
2830 5296 2982 5361 dixit,
2998 5293 3215 5349 Aluistis
3232 5306 3339 5355 me,
3358 5290 3450 5345 sed
3469 5289 3694 5354 addidit,

2120 5371 2455 5448 Esurientem
2486 5406 2499 5443 :
2538 5389 2873 5451 Esurientem,
2912 5384 3100 5455 inquit,
3132 5398 3211 5436 me
3245 5381 3461 5445 vidistis,
3509 5391 3556 5434 et
3606 5382 3697 5433 de-

2117 5486 2264 5539 distis
2280 5485 2403 5537 mihi
2426 5482 2731 5535 manducare
2759 5478 2970 5549 (Matth.
2997 5476 3089 5531 9.5.
3121 5474 3231 5543 35).
3261 5471 3415 5540 Quod
3440 5473 3484 5527 si
3514 5488 3701 5543 quem-
3737 5466 3741 5471 ’

2119 5577 2200 5631 vis
2237 5575 2567 5631 esurientem
2613 5570 2818 5627 nutrire
2846 5582 2982 5640 opus
3010 5574 3125 5631 est;
3170 5564 3346 5619 multo
3380 5566 3551 5634 magis
3578 5578 3698 5618 cum

421 5223 701 5294 periculis,
723 5221 917 5277 multas
935 5217 1099 5272 habet
1117 5216 1390 5271 molestias
1412 5221 1708 5284 prmeeptor
1733 5232 1746 5267 :
1773 5213 2005 5283 vigilias,

418 5315 635 5375 dicendi
662 5329 725 5369 ac
750 5310 975 5367 docendi
1002 5308 1261 5373 laborem,
1289 5306 1763 5377 reprehensiones,
1789 5320 2008 5361 accusa-

422 5409 600 5462 tiones
618 5447 636 5474 ,
665 5404 931 5474 querelas,
948 5398 1384 5458 obtrectationes.
1403 5396 1674 5451 invidiam.
1692 5396 1851 5451 Levia
1868 5395 2005 5463 haec,

422 5500 511 5553 die
528 5498 678 5561 mihi,
698 5496 963 5552 sexcentis
978 5509 1037 5549 se
1054 5491 1248 5564 linguis
1264 5505 1554 5561 exponere,
1571 5504 1692 5544 cum
1712 5488 1896 5544 liceret
1911 5503 2008 5543 sua

427 5591 583 5645 unius
605 5588 929 5659 procurare?
952 5586 1064 5642 Heu
1083 5585 1209 5656 quid
1230 5583 1359 5638 mihi
1376 5583 1541 5638 animi
1561 5583 1678 5638 est?
1700 5581 1906 5636 duabus
1925 5596 2009 5636 re-

424 5685 528 5738 bus
548 5682 887 5747 interclusus,
911 5678 1123 5745 haesito,
1143 5687 1304 5747 atque
1321 5675 1523 5730 haereo.
1544 5673 1677 5729 Nam
1699 5687 1819 5729 cum
1840 5685 1936 5727 vos
1955 5682 2010 5727 et

428 5775 717 5828 admonere
742 5780 798 5827 et
822 5769 1092 5827 cohortari
1122 5768 1300 5839 cupio,
1334 5776 1394 5821 ut
1419 5774 1635 5822 sanctos
1663 5764 1758 5820 Dei
1784 5762 2008 5818 foveatis

2182 5794 2255 5855 (α)
2280 5794 2471 5843 L‘ncinis
2490 5790 2650 5841 clausa
2678 5789 2886 5855 deerant
2900 5783 2977 5855 in
2991 5780 3128 5855 Edita
3140 5779 3263 5855 5ng
3274 5790 3344 5855 ex
3363 5773 3540 5828 Codice
3564 5770 3700 5824 Cola-

428 5865 684 5937 omnique
720 5878 823 5935 ope
859 5864 1091 5936 juvetis;
1121 5872 1232 5919 tum
1272 5876 1401 5919 vero
1438 5868 1619 5916 metuo
1660 5872 1729 5914 ne
1776 5856 1862 5913 cui
1905 5855 2009 5911 alia

2120 5842 2298 5910 balano
2320 5842 2547 5907 reStituta
2565 5857 2682 5904 sunt
2708 5858 2760 5902 et
2780 5861 2809 5900 a
2831 5844 3017 5900 Nobilio
3038 5844 3168 5897 lecta
3187 5842 3351 5893 fuere.
