4130 6386
362 371 463 432 187

359 490 514 551 κότες
546 487 796 558 βιάζεσθε
841 489 915 560 μὴ
946 491 1337 562 ἀπολειφθῆναι
1369 497 1524 564 ήμῶν
1558 499 1614 552 ἐν
1647 501 1766 562 ταῖς
1805 499 1917 552 θλί-

379 597 535 642 ιεσιν,
573 580 708 634 ἀλλὰ
751 582 860 636 τῶν
903 583 1044 655 ὑπὲρ
1086 585 1180 637 τοῦ
1232 586 1565 656 Εὐαγγελίου
1604 590 1926 661 πειρασμῶν

377 673 700 743 ιοινωνῆσαι.
735 675 830 728 καὶ
873 675 1036 746 μηδὲν
1075 675 1292 730 ἔλαττον
1335 679 1472 748 ἐμοῦ
1517 680 1663 751 ἔχειν
1702 682 1797 734 τοῦ
1846 684 1927 747 είς

378 762 482 825 τοὺς
507 763 723 830 ἀγῶνας
754 765 1141 835 ἐμϐεϐηκότας,
1173 767 1326 820 αὐτοὶ
1367 770 1414 821 οί
1446 770 1726 842 πόρρωθεν
1752 771 1924 836 ὄντες,

373 852 567 912 ίίκαιός
612 852 728 924 είμι
756 852 928 906 ταῦτα
978 856 1296 924 μαρτυρεῖν.
1331 856 1427 908 Διὰ
1466 857 1518 908 τί
1561 857 1618 909 δὲ
1643 859 1744 911 οὐκ
1783 854 1926 922 εἷπε,

373 941 688 1006 ἱοινωνούς,
721 940 889 1007 ἀλλὰ,
920 945 1399 1012 Συγκοινωνούςς
1439 947 1550 1000 Καὶ
1586 947 1750 1012 αὐτὸς
1795 949 1927 1018 ἐγὼ,

377 1030 546 1099 ρησὶν,
573 1030 743 1100 ἐτέρῳ
763 1031 1023 1096 κοινωνῶ,
1056 1033 1143 1086 ἵνα
1166 1034 1409 1104 γένωμαι
1451 1036 1811 1104 συγκοινωνὸς
1834 1036 1928 1091 τοῦ

382 1120 730 1188 Ξύαγγελίουο
757 1122 1054 1188 τουτέστιν,
1086 1123 1173 1177 ῖνα
1214 1126 1529 1196 κοινωνήσω
1554 1126 1662 1179 τῶν
1706 1131 1932 1182 ἀποκει-

385 1209 546 1264 ιένων
575 1212 796 1281 ἀγαθῶν
823 1214 900 1285 τῷ
927 1214 1262 1286 Εὐαγγελίῳ.
1291 1217 1402 1271 Καὶ
1419 1218 1482 1271 τὸ
1509 1217 1573 1288 δὴ
1593 1218 1929 1288 θαυμαστὸν,

379 1304 428 1356 εδ
449 1304 654 1368 πάντας
672 1305 870 1369 αὐτοὺς
892 1305 1035 1360 οὕτω
1055 1306 1358 1363 διακεῖσθαι
1381 1308 1523 1362 ὥστε
1542 1308 1933 1377 ωγκοινωνούς

367 1394 580 1448 Παύλου
613 1395 858 1450 ἀκούειν·
889 1399 1336 1464 Συτκοινωνούς
1363 1417 1482 1468 μου
1503 1401 1572 1468 γὰ
1582 1419 1631 1472 ρ,
1655 1402 1807 1473 φησὶ,
1827 1399 1935 1469 τῆς

366 1487 605 1556 χάριτος
648 1488 880 1554 πάντας
915 1488 1072 1558 ὑμᾶς
1104 1490 1300 1556 ὄντας.
1320 1492 1452 1544 Ἀπὸ
1487 1493 1596 1546 τῶν
1639 1494 1935 1566 προοιμίων

366 1576 546 1630 τοίνυν
600 1577 805 1634 τούτων
857 1579 1110 1643 πέποιθα,
1137 1583 1220 1636 ὅτι
1262 1583 1493 1637 τοιοῦτοι
1532 1584 1722 1638 ἔσεσθε
1772 1585 1935 1656 μέχρι

366 1665 574 1731 τέλους.
605 1667 678 1721 Οὐ
704 1669 813 1737 γὰρ
849 1668 927 1723 ενι
964 1669 1107 1724 οῦτω
1143 1671 1403 1742 λαμπρὰν
1431 1674 1608 1745 ἀρχὴν
1645 1673 1937 1745 σϐεσθῆναι

369 1759 465 1810 καὶ
495 1757 676 1825 λῆξαι,
703 1759 843 1812 ἀλλὰ
871 1761 1082 1831 μεγάλα
1102 1763 1343 1818 δείκνυσι
1363 1768 1433 1819 τὰ
1452 1765 1604 1837 τέλη.

438 1871 502 1924 δ’.
551 1871 700 1924 Ἐπεὶ
723 1868 818 1925 οῦν
850 1870 964 1926 ἔστι
990 1875 1313 1946 κοινωνῆσαι
1343 1879 1435 1930 καὶ
1463 1878 1673 1948 ἑτέρως,
1697 1880 1938 1951 χάριτος,

371 1963 467 2015 καὶ
517 1965 838 2036 πειρασμῶν
888 1967 983 2021 καὶ
1031 1967 1295 2037 θλίψεων,
1343 1971 1707 2040 κοινωνῶμεν,
1763 1988 1942 2043 παρα·

371 2053 544 2118 καλῶ,
567 2056 663 2109 καὶ
690 2058 874 2127 ἡμεῖς.
906 2058 1070 2111 Πόσοι
1106 2059 1216 2113 τῶν
1243 2059 1475 2114 ἐνταῦθα
1503 2060 1771 2126 ἑστώτων,
1805 2063 1940 2132 μᾶλ-

369 2142 460 2197 λον
485 2145 541 2198 δὲ
572 2145 792 2212 πάντες,
823 2147 1107 2203 ἐϐούλεσθε
1142 2152 1470 2221 κοινωνῆσαι
1499 2151 1577 2222 τῷ
1607 2151 1803 2224 Παύλῳ
1833 2153 1941 2207 τῶν

370 2237 750 2307 ἀποκειμένων
780 2238 1032 2308 άγαθῶνί
1058 2242 1329 2306 Ἐνεστιν,
1355 2244 1404 2295 εί
1434 2241 1684 2313 βούλεσθε
1710 2247 1821 2308 τοῖς
1842 2244 1943 2317 τὴν

371 2326 643 2381 διακονίαν
671 2329 1116 2402 ἁναδεδεγμένοις
1140 2334 1240 2404 τὴν
1272 2334 1504 2400 ἐκείνου,
1537 2339 1649 2399 τοῖς
1675 2336 1941 2407 πάσχουσί

370 2437 425 2473 τι
455 2420 627 2475 δεινὸν
675 2423 765 2477 διὰ
803 2423 897 2477 τὸν
946 2425 1178 2494 Χριστὸν
1221 2427 1602 2497 συμμαχῆσαι,
1649 2427 1938 2497 βοηθῆσαι.

371 2508 525 2576 Εἶδες
549 2515 609 2565 ἐν
641 2514 931 2586 πειρασμῷ
957 2517 1047 2569 τὸν
1076 2517 1336 2586 ὰδελφὸν;
1372 2517 1558 2588 δρεξον
1583 2521 1762 2590 χεῖρα.
1787 2515 1940 2583 Εἶδες

369 2604 461 2657 τὸν
501 2604 821 2660 διδάσκαλον
891 2607 1336 2678 ἀγωνιζόμενονς
1392 2610 1724 2681 παράστηθι.
1799 2611 1940 2663 Ἀλλ’

369 2693 724 2758 οὐδεὶς.κατὰ
758 2695 968 2748 Παῦλόν
1008 2699 1146 2763 ἐστι,
1188 2697 1374 2767 φησίν.
1424 2698 1639 2761 Εὐθέως
1671 2699 1901 2753 ἀπόνοια
1923 2739 1940 2763 ,

372 2785 575 2850 εὐθέως
605 2788 904 2858 κρίνουσιν.
947 2788 1138 2852 Οὐδεὶς
1180 2788 1322 2843 κατὰ
1357 2790 1570 2844 Παῦλόν
1599 2792 1738 2854 ἐστι,
1787 2790 1944 2859 κάγὼ

371 2877 617 2948 ὁμολογῶ
639 2894 652 2907 ·
682 2878 800 2932 ἀλλ’
851 2878 914 2931 '0
946 2878 1294 2948 δεχόμενος,
1332 2881 1486 2948 φησὶ,
1518 2879 1826 2950 προφήτην
1854 2881 1945 2944 είς

368 2969 559 3039 ὄνομα
585 2968 919 3038 προφήτου,
954 2969 1181 3040 μισθὸν
1207 2969 1520 3039 προφήτου
1542 2971 1823 3039 λήψεται.
1849 2971 1942 3042 Μὴ

373 3060 483 3130 γὰρ
512 3061 712 3113 ἐκεῖνοι
753 3058 842 3113 διὰ
872 3059 1035 3112 τοῦτο
1075 3059 1466 3130 ἐθαυμάζοντο,
1518 3060 1706 3132 ἐπειδὴ
1748 3059 1946 3132 Παύλῳ

375 3149 777 3221 συνέπραττον;
817 3149 890 3202 υύ
935 3149 1024 3202 διὰ
1065 3148 1246 3214 τοῦτο,
1296 3148 1411 3204 ἀλλ’
1441 3148 1628 3222 ἐπειδὴ
1678 3150 1944 3215 ἀναδεξα-

375 3241 524 3312 μένῳ
574 3241 638 3294 τὺ
693 3242 979 3316 κήρυγμα.
1037 3241 1249 3305 Παῦλος
1303 3241 1392 3295 διὰ
1425 3241 1585 3295 τοῦτο
1634 3242 1812 3313 τίμιος
1853 3237 1944 3313 ἦν,

374 3333 566 3403 ἐπειδὴ
600 3333 775 3387 ταῦτα
797 3334 1007 3405 ἔπασχε
1040 3334 1131 3388 διὰ
1162 3334 1255 3387 τὸν
1297 3333 1444 3405 (900)
1481 3333 1737 3406 Χριστόν.
1786 3335 1944 3388 Κατὰ

376 3425 589 3478 Παῦλον
639 3426 738 3496 μὲν
789 3426 968 3490 οὐδείς
1014 3428 1151 3480 ἐστι.
1193 3426 1259 3478 Τί
1309 3426 1456 3496 λέγω
1501 3426 1645 3480 κατὰ
1698 3425 1943 3490 Παῦλονς

373 3516 538 3570 Ἀλλά
565 3516 688 3570 οὐδὲ
707 3516 849 3570 κατὰ
876 3515 1072 3588 μικρὸν
1093 3517 1260 3586 ἐγγὺς
1279 3517 1373 3570 τοῦ
1407 3516 1673 3587 μακαρίου
1690 3516 1897 3569 ἐκείνου
1919 3530 1934 3544 ⁶

375 3611 438 3663 τὸ
467 3609 524 3662 δὲ
560 3611 826 3680 κήρυγμα
863 3610 926 3662 τὸ
967 3609 1098 3663 αὐτό
1130 3611 1298 3677 ἐστιν,
1337 3609 1472 3678 ὅπερ
1513 3607 1609 3661 καὶ
1652 3607 1795 3662 τότε.
1834 3607 1948 3661 Οὐκ

378 3703 435 3753 ἐν
464 3701 682 3770 δεσμοῖς
706 3701 764 3754 δὲ
800 3701 915 3754 δντι
948 3702 1107 3771 μόνον
1144 3701 1461 3754 ἐκοινώνουν
1490 3698 1660 3769 αὐτῷ,
1691 3696 1827 3752 ἀλλὰ
1855 3697 1950 3750 καὶ

380 3794 438 3860 ἐξ
479 3793 654 3864 ἀρχῆς
677 3809 690 3822 ⁸
726 3795 892 3848 ἄκουε
943 3793 1052 3864 γὰρ
1099 3792 1264 3846 αὐτοῦ
1309 3791 1557 3860 λέγοντος
1580 3807 1596 3823 ο
1634 3789 1845 3843 Οίδατε
1882 3787 1950 3841 δὲ

379 3887 477 3939 καὶ
504 3885 694 3954 ὑμεῖς,
715 3882 1128 3949 Φιλιππήσιοι,
1157 3882 1245 3935 ὅτι
1274 3883 1346 3935 ἐν
1369 3878 1526 3950 ἀρχῇ
1555 3877 1663 3932 τοῦ
1687 3880 1950 3947 Εὐαγτγε-

374 3980 518 4032 λίου
566 3975 813 4045 οὐδεμία
864 3992 968 4045 μοι
1025 3973 1361 4042 Ἐκκλησία
1422 3968 1825 4039 ἐκοινώνησεν
1865 3971 1952 4035 είς

379 4068 567 4134 λόγον
610 4064 837 4128 δόσεως
874 4063 971 4116 καί
1001 4063 1280 4130 λήψεως,
1319 4062 1372 4114 εί
1419 4060 1506 4130 μὴ
1543 4059 1714 4129 ὑμεῖς
1749 4060 1948 4130 μόνοι.

383 4158 494 4209 Καὶ
526 4154 692 4227 χωρὶς
743 4151 1063 4225 πειρασμῶν
1099 4152 1156 4204 δὲ
1205 4153 1318 4222 ἔχει
1352 4151 1518 4204 πολὺν
1554 4149 1586 4202 6
1634 4145 1952 4210 διδάσκαλος

383 4246 564 4309 πόνον,
588 4243 918 4314 ἀγρυπνίαν,
961 4242 1128 4295 κόπον
1166 4241 1257 4294 τὸν
1291 4243 1348 4293 ἐν
1391 4240 1554 4310 λόγῳ,
1581 4237 1950 4300 διδασκαλίαν,

386 4336 644 4408 μέμψεις,
696 4333 1070 4406 κατηγορίας,
1120 4332 1320 4394 αἰτίας,
1377 4329 1696 4402 βασκανίας.
1763 4327 1954 4400 Μικρά

306 4472 319 4498 ,
385 4429 582 4495 ταῦτα,
612 4427 672 4481 τὸ
705 4427 917 4498 μυρίων
948 4423 1238 4495 ἀνέχεσθαι
1273 4423 1577 4492 στομάτων,
1601 4421 1720 4488 ἐξὸν
1749 4420 1818 4473 τὰ
1854 4420 1956 4473 αὐ-

309 4505 319 4518 .
385 4520 480 4573 τοῦ
526 4520 826 4592 μεριμνᾷν;
861 4518 1042 4588 Οίμοι,
1073 4516 1126 4568 τί
1168 4513 1358 4580 πάθω;
1386 4515 1444 4566 ἐν
1483 4512 1630 4583 μέσῳ
1677 4511 1822 4564 δυοῖν
1866 4512 1957 4563 ἐν-

387 4611 731 4681 απείλημμαι
761 4607 1104 4681 πραγμάτων
1145 4603 1366 4676 ἀπορῶν
1385 4619 1398 4632 ’
1427 4603 1686 4673 βούλομαι
1724 4603 1821 4672 μὲν
1847 4602 1957 4673 γὰρ

389 4703 483 4758 καὶ
532 4701 834 4774 προτρέψαι
891 4699 1058 4770 ὑμᾶς,
1105 4699 1201 4750 καὶ
1248 4694 1628 4765 παρακαλέσαι
1667 4693 1804 4765 πρὸς
1857 4693 1958 4762 τὴν

392 4792 706 4865 συμμαχίαν
734 4791 828 4844 καὶ
864 4789 964 4860 τὴν
1011 4787 1293 4856 ἀντίληψιν
1319 4785 1426 4838 τῶν
1451 4784 1622 4852 ἁγίων
1646 4782 1741 4836 τοῦ
1779 4781 1913 4835 Θεοῦ
1939 4797 1952 4811 ·

391 4888 600 4941 δέδοικα
625 4884 682 4937 δὲ
711 4882 788 4954 μὴ
820 4881 1007 4952 ἕτερόν
1034 4897 1119 4943 τις
1159 4878 1498 4949 ὑποπτεύσῃ,
1542 4877 1626 4929 ὅτι
1667 4875 1766 4946 οὐχ
1805 4874 1960 4944 ὑμῶν

391 4979 598 5041 ἐνεκεν,
631 4973 745 5028 ἀλλ’
779 4973 1001 5025 ἐκείνων
1029 4969 1204 5024 ταῦτα
1253 4967 1415 5036 λέγω.
1451 4967 1594 5018 Ἰστε
1627 4964 1703 5028 δὲ,
1748 4965 1829 5017 ὄτι
1861 4964 1961 5017 οὐκ

392 5067 616 5121 ἐκείνων
643 5064 830 5116 ἕνεκεν
865 5060 1039 5114 ταῦτα
1077 5059 1242 5128 λέγω,
1291 5057 1404 5110 ἀλλ’
1436 5055 1591 5126 ὑμῶν
1621 5054 1819 5108 αὐτῶν.
1851 5055 1960 5107 Καὶ

393 5161 442 5211 εί
474 5155 728 5228 βούλεσθε
767 5153 1079 5224 προσέχειν,
1122 5151 1189 5203 δι’
1231 5149 1408 5202 αὐτῶν
1437 5147 1546 5200 τῶν
1594 5145 1768 5214 λόγων
1816 5145 1961 5214 ὑμᾶς

397 5251 601 5305 πείθω’
637 5251 738 5303 οὐκ
775 5247 920 5300 ἔστιν
974 5247 1088 5299 ἶσον
1131 5244 1259 5314 ὑμῖν
1306 5240 1368 5294 τὸ
1407 5240 1620 5311 κέρδος,
1667 5237 1959 5300 κάκείνοις.

407 5344 597 5412 Ὑμεῖς
631 5341 730 5411 μὲν
779 5345 888 5410 γάρ
926 5337 1022 5390 ἐὰν
1067 5335 1226 5395 δῶτε,
1275 5331 1445 5386 ταῦτα
1496 5329 1718 5393 δώσετε,
1756 5321 1831 5381 ὧν
1867 5328 1965 5381 καὶ

399 5435 593 5507 μικρὸν
616 5432 841 5501 ὕστερον
865 5431 958 5483 καὶ
975 5428 1192 5489 ἑκόντες
1218 5425 1313 5478 καὶ
1327 5424 1550 5484 ἄκοντες
1565 5419 1962 5495 ἁποστήσεσθε,

398 5529 494 5582 καὶ
520 5523 951 5595 παραχωρήσετε
981 5519 1187 5589 ἑτέροις
1210 5532 1225 5549 ”
1249 5515 1286 5569 ὃ.
1327 5514 1384 5567 δὲ
1420 5511 1736 5583 λαμϐάνεις,
1785 5509 1965 5579 πολλῷ

402 5617 614 5690 μεγάλα
650 5617 768 5668 ἐστὶ
801 5612 896 5667 καὶ
946 5611 1187 5682 μείζονα.
1240 5607 1311 5660 Ἦ
1351 5605 1449 5675 οὐχ
1499 5601 1640 5657 οὕτω
1668 5601 1962 5667 διάκεισθε,

398 5711 483 5765 δτι
524 5708 760 5769 διδόντες
807 5703 1072 5776 λήψεσθε;
1128 5703 1191 5755 Εἰ
1237 5699 1344 5770 γὰρ
1397 5697 1472 5768 μὴ
1501 5694 1643 5749 οὓτω
1668 5694 1962 5760 διάκεισθε,

401 5801 521 5857 οὐδὲ
541 5800 728 5855 δοῦναι
755 5799 897 5870 ὑμᾶς
923 5797 1184 5868 βούλομαι
1206 5811 1218 5825 ·
1253 5790 1425 5854 οὓτως
1451 5788 1512 5842 οὐ
1537 5788 1627 5842 τὸν
1657 5788 1806 5860 ὑπὲρ.
1823 5787 1965 5841 ἐκεί.-

1361 379 1425 433 IN
1466 381 1678 438 EPIST.
1715 381 1806 437 AD
1843 381 2128 440 PHILIPP.
2173 387 2326 444 CAP.
2363 390 2406 443 Ι.
2451 388 2681 444 HOMIL.
2726 390 2768 444 I.

3487 391 3604 448 188⁷

2029 520 2136 555 νιυν
2165 503 2424 575 ποιοῦμαι
2445 505 2602 572 λόγον
2656 506 2717 558 El
2741 506 2814 576 μή
2841 523 2922 569 τις
2945 505 3086 560 οὕτω
3116 506 3380 577 πρότερον
3402 504 3614 560 ἐαυτὸν

2025 595 2305 667 διέθηκεν,
2340 596 2416 659 ὡς
2462 596 2754 666 λαμϐάνων
2795 597 3058 668 μᾶλλονῆ
3097 597 3295 660 διδοὺς,
3343 596 3418 658 ὡς
3463 612 3592 666 κερ-

2027 687 2222 741 δαίνων
2249 689 2441 760 μυρία,
2471 689 2546 751 ὡς
2585 690 3042 760 εὐεργετούμενος
3078 688 3111 759 ἦ
3154 687 3478 758 εὐεργετῶν,
3521 687 3594 757 μὴ

2027 779 2241 833 διδότω’
2282 782 2332 833 εί
2377 780 2452 844 ὼς
2511 781 2669 851 χάριν
2719 781 2971 852 παρέχων
3007 780 3084 852 τῷ
3136 779 3488 851 λαμϐάνοντι,
3521 779 3597 849 μὴ

2028 867 2236 922 διδότω.
2269 869 2343 923 Οὐ
2376 871 2483 940 γὰρ
2519 870 2680 924 τοῦτό
2712 887 2802 940 μοι
2847 871 3308 942 περισπούδαστον
3346 869 3598 922 τοσοῦτον

2029 960 2301 1030 τραφῆναι
2341 959 2468 1023 τοὺς
2495 960 2682 1028 ἁγίους
2707 977 2720 991 ·
2759 960 2862 1014 κᾶν
2899 962 3008 1032 γάρ
3043 961 3107 1015 σύ
3151 960 3225 1032 μὴ
3254 961 3383 1031 δῷς,
3413 960 3600 1030 ἔτερος

2031 1049 2213 1106 δώσει.
2245 1051 2411 1105 Ὥστε
2444 1052 2472 1105 ὃ
2503 1052 2783 1125 βούλομαι,
2802 1053 2958 1107 τοῦτό
2980 1056 3144 1118 ἐστιν,
3169 1054 3310 1124 ὑμᾶς
3339 1051 3444 1106 τῶν
3469 1051 3494 1103 ί·
3508 1069 3598 1122 με-

2031 1141 2206 1214 τέρων
2248 1143 2658 1214 ἁμαρτημάτων
2716 1145 3067 1216 παραμυθίαν
3118 1145 3298 1216 ἔχειν’
3350 1145 3380 1197 6
3417 1143 3475 1197 δὲ
3526 1144 3599 1213 μὴ

2032 1233 2173 1287 οὕτω
2199 1234 2396 1299 διδοὺς,
2435 1237 2534 1307 οὐχ
2563 1237 2675 1302 ἐξει
2723 1237 3100 1308 παραμυθίαν.
3139 1238 3212 1290 Οὐ
3252 1235 3362 1307 γὰρ
3389 1235 3451 1288 τὺ
3479 1234 3598 1288 δοῦ-

2033 1342 2141 1391 ναι,
2173 1326 2332 1380 τοῦτό
2367 1329 2512 1381 ἐστιν
2538 1328 2913 1400 ἐλεημοσύνην
2949 1327 3310 1398 ἐργάσασθαι,
3359 1326 3496 1380 ἀλλὰ
3535 1325 3607 1378 τὸ·

2038 1414 2176 1483 μετὰ
2220 1415 2547 1486 προθυμίας,
2585 1418 2646 1470 τὸ
2683 1417 2972 1488 χαίροντα,
3006 1417 3064 1470 τὸ
3107 1418 3266 1488 χάριν
3309 1416 3485 1469 εἰδότα
3525 1415 3602 1483 τῷ

2035 1502 2366 1571 λαμϐάνοντι
2393 1522 2407 1534 ·
2467 1505 2566 1574 Μὴ
2621 1506 2692 1559 ἐκ
2741 1507 2942 1573 λύπης
2973 1506 3116 1578 γάρ,
3153 1506 3305 1576 φησὶ,
3349 1505 3502 1574 μηδὲ
3533 1505 3601 1568 ἐξ

2035 1594 2336 1664 ἀνάγκης-ο
2369 1599 2580 1664 ἱλαρόν
2625 1599 2735 1668 γὰρ
2790 1597 2978 1666 δότην
3019 1598 3220 1669 ἀγαπᾷ
3251 1602 3285 1653 d
3333 1601 3496 1665 Θεός.
3538 1601 3621 1652 Εἱ-

2040 1687 2114 1758 μή
2146 1704 2229 1750 τις
2263 1686 2443 1742 τοίνυν
2486 1689 2626 1742 οῦτω
2659 1689 2862 1755 δίδωσι,
2916 1691 2990 1762 μὴ
3023 1691 3215 1744 διδότω
3239 1708 3254 1721 ·
3294 1689 3470 1761 ζημία
3493 1691 3604 1762 γὰρ

2037 1779 2194 1832 τοῦτό
2237 1780 2406 1846 ἐστιν,
2458 1781 2559 1834 οὐκ
2608 1782 2970 1853 ἐλεημοσύνη.
3025 1784 3089 1836 Εἰ
3118 1783 3294 1849 τοίνυν
3348 1781 3483 1844 ἴστε,
3521 1784 3605 1835 ὅτι

2041 1869 2198 1939 ὑμεῖς
2228 1871 2558 1942 κερδανεῖτε,
2599 1871 2699 1925 οὐκ
2736 1874 2954 1940 ἐκεῖνοι,
2988 1871 3123 1938 ἴστε,
3154 1873 3234 1925 ὅτι
3263 1873 3446 1942 μεῖζον
3476 1872 3606 1942 ὑμῖν

2039 1961 2099 2014 τὺ
2131 1961 2324 2032 κέρδος
2362 1964 2591 2031 γίνεται.
2639 1965 2898 2029 Ἐκείνοις
2930 1965 3027 2035 μέν
3055 1966 3164 2034 γὰρ
3201 1965 3261 2017 τὸ
3293 1964 3454 2034 σῶμα
3483 1965 3610 2035 τρέ-

2042 2067 2223 2118 φεται,
2263 2052 2390 2121 ὑμῖν
2421 2052 2479 2105 δὲ
2533 2054 2566 2124 ἡ
2613 2052 2760 2124 ψυχὴ
2817 2055 3093 2124 εὐδοκιμεῖ
3120 2070 3133 2084 ’
3186 2054 3411 2116 ἐκείνοις
3455 2051 3606 2106 οὐδὲν

2040 2137 2260 2206 ἀφίεται
2294 2139 2401 2192 τῶν
2441 2140 2878 2210 ἁμαρτημάτων,
2926 2141 3055 2194 ὅταν
3084 2138 3340 2206 λάϐωσιν,
3391 2140 3519 2208 ὑμῖν
3547 2138 3616 2192 δὲ-

2039 2229 2108 2283 τὰ
2134 2229 2306 2282 πολλὰ
2327 2229 2434 2282 τῶν
2473 2232 2945 2301 προσκρουμάτων
2989 2230 3371 2301 ὑποτέμνεται.
3398 2231 3607 2283 Koma-

2041 2319 2220 2390 νῶμεν
2244 2320 2426 2373 τοίνυν
2450 2322 2631 2385 αὐτοῖς
2651 2321 2759 2374 τῶν
2784 2321 2982 2386 ἄθλων,
3006 2322 3093 2375 ἵνα
3126 2323 3219 2376 καί
3241 2321 3349 2374 τῶν
3383 2319 3608 2384 ἐκείνοις

2041 2411 2456 2481 κοινωνήσωμεν
2508 2411 2760 2482 μεγάλων
2817 2411 3088 2466 ἐπάθλων.
3140 2411 3403 2474 Βασιλέας
3431 2423 3467 2453 ιι.
3501 2413 3605 2463 υἱοφ

2042 2502 2323 2565 ποιοῦντές
2362 2519 2527 2569 τινες,
2571 2505 2668 2573 οὐχ
2707 2503 2966 2574 ἡγοῦνται
2997 2503 3193 2557 διδόναι
3214 2501 3363 2574 [201]
3386 2503 3606 2574 μᾶλλον,

2041 2593 2074 2664 ἢ
2114 2593 2428 2664 λαμϐάνειν.
2459 2595 2778 2665 Υἱοποίησαι
2805 2597 2868 2648 σὺ
2904 2593 2994 2648 τὸν
3038 2595 3304 2664 Χριστὸν,
3350 2595 3443 2647 καὶ
3463 2593 3607 2658 ἕξεις

2041 2685 2241 2755 πολλὴν
2258 2686 2577 2753 ἀσφάλειαν.
2608 2687 2796 2739 Βούλει
2816 2686 2910 2738 καὶ
2946 2685 3141 2756 Παύλῳ
3175 2687 3497 2756 κοινωνῆσαι
3521 2686 3607 2752 ςτί

2041 2775 2186 2845 λέγω
2215 2777 2432 2847 Παύλῳ,
2464 2778 2598 2830 ὅπου
2629 2794 2692 2846 γε
2717 2777 2950 2848 Χριστός
2978 2779 3126 2830 ἐστιν
3153 2777 3181 2828 6
3209 2775 3540 2846 λαμϐάνωνς

2114 2962 2174 3011 ε’.
2212 2957 2332 3011 Ἵνα
2358 2956 2415 3010 δέ
2443 2956 2621 3026 εἰδῆτε
2643 2957 2724 3009 ὅτι
2746 2956 2774 3008 ὐ
2783 2955 2898 3025 μῶν
2929 2955 3114 3008 ἕνεκεν
3140 2954 3316 3008 πάντα
3339 2953 3431 3006 καὶ
3466 2953 3612 3022 λέγω

2043 3048 2139 3103 καὶ
2168 3047 2330 3112 ποιῶ,
2360 3048 2422 3100 οὐ
2449 3051 2549 3119 τῆς
2574 3048 2774 3117 ἐτέρων
2804 3046 3163 3108 ἀναπαύσεως
3203 3045 3495 3116 κηδόμενος
3519 3061 3533 3074 ·
3563 3041 3619 3096 ετ

2042 3140 2126 3201 τίς
2151 3140 2268 3192 ἐστι
2290 3139 2398 3192 τῶν
2420 3138 2778 3208 προεστώτων
2801 3136 3132 3207 Ἐκκλησίας
3153 3137 3210 3190 ἐν
3227 3135 3457 3206 ἀφθονίᾳ
3480 3135 3614 3201 ζῶν,

2045 3231 2138 3284 καὶ
2179 3231 2404 3301 μηδενὸς
2444 3231 2717 3300 δεόμενος,
2771 3229 2872 3284 κᾶν
2913 3231 3069 3297 ἅγιος
3099 3225 3156 3299 ᾖ,
3202 3228 3276 3298 μὴ
3327 3227 3452 3296 δῷς,
3482 3226 3621 3280 ἀλλὰ

2046 3319 2388 3388 προτίμησον
2414 3317 2623 3370 ἐκείνου
2647 3317 2738 3369 τὸν
2767 3318 2825 3369 ἐν
2845 3316 3000 3385 ἀδείᾳ
3026 3314 3174 3377 ὄντα,
3209 3313 3310 3367 κᾶν
3342 3315 3416 3384 μὴ
3447 3312 3618 3373 οὓτως

2043 3406 2078 3483 ᾖ
2112 3409 2440 3480 θαυμαστός.
2481 3408 2548 3460 Τί
2575 3408 2806 3478 δήποτε;
2843 3407 2968 3459 Ὀτι
3005 3407 3101 3459 καί⁵
3135 3409 3164 3458 ὁ
3199 3405 3433 3474 Χριστὸς
3475 3403 3619 3457 οῦτοι

2053 3499 2319 3570 βούλεται,
2357 3499 2433 3562 ὡς
2481 3500 2608 3552 ὃταν
2651 3498 2805 3570 λέγῃ·
2870 3498 3010 3552 Ἐὰν
3046 3495 3225 3563 ποιῇς
3274 3494 3544 3558 δεῖπνον,
3578 3495 3617 3561 ἢ

2045 3589 2314 3658 ἄριστον,
2338 3587 2424 3657 μὴ
2447 3587 2717 3654 καλέσῃς
2745 3585 2886 3652 τοὺς
2914 3586 3131 3654 φίλους
3152 3572 3290 3646 σου,
3309 3581 3464 3652 μηδὲ
3478 3582 3620 3648 τοὺς

2047 3681 2385 3749 συγγενεῖς,
2419 3677 2582 3733 ἀλλὰ
2612 3677 2758 3742 τοὺς
2783 3675 3155 3742 ἀναπήρους,
3193 3675 3336 3740 τοὺς
3361 3671 3616 3742 χωλοὺς,

2048 3773 2191 3845 τοὺς
2202 3771 2487 3841 τυφλοὺς,
2506 3770 2648 3835 τοὺς
2669 3774 2755 3838 μὴ
2782 3767 3161 3837 δυναμένους
3178 3764 3622 3820 ἀνταποδοῦναί

2050 3879 2170 3918 σοι.
2195 3863 2268 3915 Οὐ
2294 3862 2401 3931 γὰρ
2420 3860 2606 3922 ἁπλῶς
2634 3860 2714 3912 δεῖ
2728 3859 2824 3921 τὰς
2839 3855 3097 3919 τοιαύτας
3128 3853 3404 3922 δεξιώσεις
3421 3854 3618 3915 ποιεῖν,

2052 3954 2186 4010 ἀλλὰ
2215 3956 2330 4017 τοῖς
2363 3952 2639 4017 πεινῶσιν,
2664 3949 2802 4005 άλλά
2813 3953 2926 4013 τοῖς
2951 3947 3196 4018 διψῶσιν,
3221 3947 3356 4000 ἀλλὰ
3381 3948 3494 4008 τοῖς
3535 3962 3624 4012 γυ·

2055 4044 2432 4117 μνητεύουσιν,
2458 4042 2595 4095 ἀλλὰ
2631 4043 2743 4103 τοῖς
2777 4040 2972 4108 ξένοις,
3001 4037 3138 4091 ἀλλὰ
3179 4039 3289 4098 τοῖς
3320 4034 3426 4088 ἀπὸ
3457 4033 3622 4087 πλού-

2053 4155 2146 4191 του
2193 4134 2591 4206 πτωχεύσασιν.
2623 4132 2698 4186 Οὐ
2738 4131 2846 4199 γὰρ
2886 4125 3038 4183 εἶπεν
3082 4128 3288 4192 ἁπλῶς,
3319 4126 3621 4198 Ἐτρςάφην,

2055 4225 2191 4290 ἁλλ’,
2208 4223 2475 4276 Ἐπείνων
2489 4239 2502 4252 ο
2523 4219 2826 4274 Πεινῶντά
2837 4235 2913 4287 με
2935 4219 3065 4289 γὰρ,
3087 4217 3272 4286 φησὶν,
3289 4214 3499 4276 εἴδετε,
3526 4211 3623 4266 καὶ

2053 4313 2361 4383 ἐθρέψατε.
2379 4311 2610 4365 Διπλοῦν
2633 4311 2692 4363 τὺ
2719 4309 2991 4379 δικαίωμα
3008 4325 3022 4338 ·
3049 4309 3097 4360 εί
3120 4306 3175 4358 δὲ
3191 4306 3281 4360 τδν
3306 4305 3490 4367 ἁπλῶς
3507 4322 3627 4360 πει-

2055 4406 2232 4461 νῶντα
2259 4407 2340 4458 δεῖ
2363 4404 2604 4475 τρέφειν,
2636 4401 2817 4471 πολλῷ
2858 4399 3078 4471 μᾶλλον,
3125 4399 3254 4452 ὅταν
3284 4399 3377 4450 καὶ
3420 4397 3570 4465 ἅγιος
3597 4401 3626 4451 ὁ

2058 4500 2259 4554 πεινῶν
2379 4499 2477 4550 Ἂν
2508 4497 2688 4549 τοίνυν
2716 4495 2870 4561 ἅγιος
2901 4492 3000 4563 μὲν
3025 4490 3084 4570 ᾖ,
3120 4491 3194 4561 μὴ
3222 4488 3407 4558 δέηται
3430 4488 3508 4551 δὲ,
3550 4491 3626 4558 μὴ

2055 4591 2193 4662 δῷς⁹
2233 4591 2295 4642 οὐ
2347 4587 2456 4657 γὰρ
2509 4587 2699 4662 κέρδος
2751 4583 2937 4636 τοῦτο·
2996 4581 3136 4634 οὐδὲ-κ
3164 4581 3274 4652 γὰρ
3313 4579 3634 4643 ἐπέταξενό

2056 4680 2314 4752 Χριστὸς,
2348 4678 2546 4747 μᾶλλον
2579 4677 2643 4728 δὲ
2673 4675 2796 4727 ούδέ
2837 4673 2992 4741 ἅγιος
3026 4673 3231 4733 ἐκεῖνος
3256 4673 3284 4723 6
3317 4672 3376 4722 ἐν
3396 4669 3628 4738 ἀφθονία

2058 4771 2156 4838 ὢν,
2197 4771 2292 4824 καὶ
2332 4768 2646 4839 λαμϐάνων.
2687 4766 2882 4835 Ἢρᾷς,
2930 4765 3010 4817 ὅτι
3045 4762 3145 4814 οὐκ
3182 4760 3629 4832 αἰσχροκερδείας

2058 4863 2248 4916 ἐνεκεν
2282 4863 2416 4932 ἡμῖν
2457 4858 2631 4912 ταῦτα
2671 4855 2943 4916 λέλεκται,
2972 4851 3108 4906 ἀλλὰ
3133 4851 3227 4904 τοῦ
3264 4852 3393 4921 ὑμῖν
3422 4850 3631 4902 λυσιτε-

2059 4954 2308 5016 λοῦντοςς
2338 4950 2568 5023 Θρέψον..
2599 4949 2693 5001 τὸν
2729 4946 3020 5010 πεινῶντα,
3055 4945 3145 4996 ἵνα
3197 4943 3272 5013 μὴ
3321 4941 3527 5014 θρέψῃς
3569 4941 3634 4992 τὸ

2060 5048 2160 5117 τῆς
2187 5044 2410 5113 γεέννης
2446 5041 2590 5112 πῦρθ
2618 5042 2822 5102 ἐκεῖνος
2858 5036 3055 5093 ἐσθίων
3086 5035 3195 5090 ἀπὸ
3223 5035 3334 5086 τῶν
3373 5033 3502 5093 σῶν,
3537 5035 3632 5082 καὶ

2063 5137 2290 5206 λείψανα
2320 5133 2559 5200 ἁγιάζει.
2601 5132 2883 5202 Ἐννόησον
2916 5128 3034 5192 πῶς
3071 5126 3270 5198 ἔτρεφε
3302 5124 3394 5176 τὸν
3445 5122 3633 5174 Ἠλίαν

2063 5232 2098 5299 ἡ
2130 5230 2274 5299 χήρα
2297 5243 2310 5257 ⁸
2354 5227 2454 5278 οὐκ
2485 5224 2679 5294 ἔθρεψε
2714 5222 2937 5294 μᾶλλον,
2984 5221 3018 5290 ἢ
3047 5218 3288 5288 ἐτράφη·
3337 5215 3434 5268 οὐκ
3464 5212 3634 5267 ἔδωκε

2067 5319 2284 5391 μᾶλλον,
2315 5317 2348 5386 ἢ
2381 5316 2560 5368 ἔλαϐε.
2605 5315 2776 5368 Τοῦτο
2807 5313 2903 5367 καὶ
2937 5311 3030 5365 νῦν
3069 5311 3283 5378 γίνεται
3323 5305 3418 5362 καὶ
3455 5300 3635 5369 πολλῴ

2070 5411 2275 5482 μεῖζον.
2336 5409 2413 5460 Οὐ
2473 5408 2583 5476 γὰρ
2639 5405 2797 5476 ὑδρία
2849 5402 3104 5473 ἀλεύρου,
3154 5397 3274 5451 οὐδὲ
3337 5393 3633 5465 καμψάκης

2128 5685 2153 5714 a
2180 5669 2275 5720 Hic
2315 5670 2374 5716 δι’
2401 5726 2406 5727 γ
2429 5666 2780 5727 ὁμοιοτέλευτον
2823 5659 3041 5727 quamq]
3058 5652 3385 5727 00160101395
3407 5665 3559 5727 υσυαλ
3577 5663 3636 5698 ex

2068 5713 2370 5784 (ζιιίςῖἶίιῖειῖι)
2389 5713 2503 5776 (ζόὲι.
2525 5723 2753 5773 reslilula
2779 5713 2911 5772 suilt.
2930 5716 3176 5769 Videlicet.
3202 5713 3343 5774 Edd.,
3367 5715 3462 5761 τῶν
3484 5713 3640 5761 ἄθλων

2071 5799 2166 5844 τῶν
2199 5792 2431 5856 μεγάλων.
2454 5787 2700 5841 Βασιλέας.
