4100 6412
390 392 494 450 189

389 507 455 561 ad
487 503 592 558 cibi
615 501 992 557 necessitatem
1023 500 1121 554 viri
1148 501 1402 554 sanctitas
1425 500 1731 555 accesserit.
1755 499 1963 569 Duplici

387 603 532 652 enim
562 594 779 650 nomine
823 592 1058 646 officium
1100 591 1301 661 jusmm
1329 600 1412 645 est
1438 631 1455 657 ,
1486 590 1629 661 quod
1658 600 1713 645 et
1751 590 1803 644 in
1841 605 1965 644 san—

388 696 555 751 ctum,
588 693 644 738 et
672 684 723 737 in
770 684 1095 737 esurientem
1123 681 1421 736 confertur.
1451 682 1591 751 Ergo
1622 681 1664 735 si
1691 682 1811 749 quis
1836 696 1963 735 san-

388 789 505 832 ctus
531 775 744 846 quidem
775 775 951 839 fuerit,
985 773 1078 827 sed
1102 787 1206 827 non
1234 782 1405 842 egeat,
1434 773 1563 826 nihil
1595 773 1644 828 ei
1671 774 1795 827 dato
1817 785 1833 826 :
1856 788 1962 825 non

387 869 530 925 enim
567 868 669 921 hoc
714 868 919 920 lucrum
947 874 1062 923 est.
1115 881 1221 919 non
1274 863 1376 917 hoc
1404 863 1647 918 Christus
1676 865 1961 932 prmcepit;

386 960 631 1029 quinimo
660 974 725 1014 ne
744 964 961 1011 sanctus
988 955 1202 1026 quidem
1227 955 1315 1009 ille
1333 954 1509 1018 fuerit,
1542 955 1770 1024 quicum
1797 954 1966 1009 abun-

384 1052 496 1117 det,
531 1050 724 1118 accipit
754 1059 953 1103 tamen.
994 1043 1154 1101 Vides
1181 1063 1287 1100 non
1319 1048 1489 1115 turpis
1512 1046 1641 1100 lucri
1669 1060 1827 1100 causa
1851 1045 1965 1099 hzec

386 1159 415 1197 a
450 1161 534 1197 me
564 1158 684 1198 esse
710 1141 871 1205 dicta,
919 1140 1012 1193 sed
1069 1147 1264 1193 vestrae
1306 1138 1568 1192 utilitatis.
1602 1138 1966 1192 Aletesurien-

390 1245 493 1290 tem
520 1276 537 1302 ,
569 1244 626 1288 ut
651 1249 718 1289 ne
754 1233 864 1287 alas
885 1231 1141 1303 gehennae.
1169 1231 1342 1302 ignem
1386 1245 1400 1283 :
1435 1230 1525 1285 ille
1554 1230 1620 1284 de
1662 1230 1766 1284 tuis
1806 1228 1965 1284 rebus

388 1327 709 1389 eomedens,
740 1340 859 1378 eam
890 1324 1048 1376 etiam
1091 1331 1296 1392 partem
1345 1337 1463 1389 quae
1504 1320 1594 1374 tibi
1632 1321 1962 1391 relinquitur,

389 1414 1204 1488 sanctificat.Cogita.quomodo
1234 1413 1394 1467 vidua
1436 1414 1637 1468 lleliam
1664 1413 1874 1477 aluerit,
1903 1428 1967 1467 ac

389 1526 496 1566 non
516 1509 685 1578 magis
734 1507 929 1561 aluerit
956 1520 1115 1575 quam
1145 1505 1250 1558 alta
1279 1504 1379 1567 sit;
1403 1519 1509 1557 non
1539 1506 1707 1573 magis
1732 1503 1963 1569 dederit,

386 1617 546 1671 quam
579 1600 867 1669 acceperit.
901 1597 957 1651 ld
984 1611 1123 1652 mmc
1150 1595 1310 1650 etiam
1336 1596 1414 1659 fit,
1444 1603 1499 1649 et
1524 1596 1690 1648 multo
1714 1596 1961 1664 amplius.

386 1694 502 1748 Non
524 1694 669 1747 enim
695 1690 881 1761 hydria
914 1689 1122 1754 farinae,
1150 1696 1243 1741 aut
1272 1686 1516 1758 iccythus
1537 1686 1664 1753 olei,
1695 1687 1790 1741 sed
1815 1686 1967 1756 quid?

387 1785 698 1853 centuplum
718 1824 732 1847 ,
763 1793 818 1837 et
842 1782 946 1835 vita
977 1790 1178 1835 mterna
1206 1779 1510 1849 hujusmodi
1552 1778 1745 1833 officiis
1773 1793 1967 1848 propo-

388 1878 490 1932 sita
523 1891 731 1932 merces
775 1884 875 1931 est.
918 1873 1281 1929 Misericordia
1312 1874 1435 1937 Dei,
1467 1873 1778 1927 alimentum
1809 1872 1967 1943 spiri-

390 1972 534 2025 tuale
566 1970 681 2035 fias,
730 1968 1053 2024 fermentum
1083 1966 1360 2021 mundum.
1394 1965 1559 2019 Vidua
1591 1971 1708 2018 erat
1739 1964 1847 2029 illa,
1875 1981 1967 2017 ur-

388 2064 546 2133 gebat
596 2062 785 2127 fames,
823 2071 877 2115 et
908 2059 1039 2114 nihil
1070 2059 1260 2113 horum
1306 2057 1685 2127 impedimento
1731 2057 1805 2110 illi
1839 2056 1964 2123 fuit;

390 2154 621 2208 habebat
650 2153 816 2217 filios,
844 2167 1016 2221 neque
1058 2150 1183 2203 hinc
1227 2150 1385 2204 etiam
1437 2164 1496 2203 se
1530 2148 1788 2203 retardari
1819 2148 1963 2205 sivit.

391 2245 645 2314 IEquavit
674 2245 820 2297 illam
844 2284 859 2307 ,
888 2259 1006 2312 qua:
1032 2243 1179 2296 misit
1205 2242 1312 2296 duo
1341 2243 1544 2295 minuta
1571 2242 1621 2296 iu
1648 2242 1969 2313 gazophyla-

389 2337 553 2391 cium.
603 2334 721 2389 Non
750 2349 932 2388 secum
964 2334 1076 2403 ipsa
1107 2333 1241 2387 dixit
1272 2350 1284 2386 :
1323 2333 1450 2401 Qum
1494 2334 1620 2387 mihi
1671 2334 1869 2388 utilitas
1897 2334 1969 2390 ob

393 2430 497 2485 hoc
526 2426 884 2498 exspeCtanda
912 2426 1030 2482 est!
1076 2427 1188 2496 ipse
1214 2436 1336 2495 eget
1368 2442 1380 2477 ε
1409 2428 1451 2479 si
1484 2425 1609 2496 quid
1654 2427 1845 2482 virium
1873 2426 1969 2481 ba-

391 2523 579 2587 beret,
636 2538 742 2575 non
794 2520 1071 2574 incidisset
1120 2518 1172 2572 in
1226 2518 1465 2572 famem:
1498 2517 1788 2588 depulisset
1830 2517 1969 2573 hanc

392 2617 713 2679 siccitatem,
738 2628 844 2667 non
876 2612 1062 2666 iisdem
1094 2619 1423 2680 premeretur
1445 2610 1598 2663 malis
1630 2629 1643 2664 :
1678 2609 1898 2665 forsitan
1917 2620 1970 2666 et

391 2708 578 2777 ipsein
611 2706 700 2758 Dei
723 2704 1070 2758 offensionem
1095 2703 1339 2757 incurrit.
1383 2702 1522 2756 Nihil
1546 2702 1737 2756 horum
1764 2704 1965 2774 cogita-

391 2802 487 2853 vit.
523 2798 682 2852 Vides
726 2806 980 2867 quantum
1024 2796 1147 2850 boni
1178 2797 1247 2849 sit
1289 2794 1967 2865 adhiberesimplicitatcm

392 2893 444 2947 in
474 2889 875 2951 bencfaciendo,
909 2904 1007 2943 nec
1030 2888 1187 2941 nimis
1215 2889 1425 2941 curiose
1456 2886 1507 2940 in
1529 2901 1649 2941 eum
1672 2886 1963 2956 inquirere,

396 3020 444 3034 ἣ

1280 387 1344 443 ΙΝ
1382 386 1597 443 EPIST.
1636 386 1731 442 AD
1767 385 2050 443 PHILIPP.
2092 385 2247 441 CAP.
2289 384 2330 441 l.
2372 384 2599 442 IIOMIL.
2630 385 2693 439 ll.

3547 384 3649 440 190

2068 499 2161 569 qui
2208 499 2526 555 beneficium
2557 502 2627 555 sit
2687 502 3042 570 accepturus?
3082 500 3137 556 Si
3169 502 3344 555 omnia
3396 502 3650 560 voluisset

2072 593 2233 646 nimia
2264 593 2491 662 quadam
2520 593 2793 662 diligentia
2814 594 3141 663 expendere,
3174 595 3337 648 multa
3364 595 3501 650 illius
3530 599 3643 651 ani-

2071 698 2215 737 mum
2244 683 2461 738 diverse
2491 681 2816 749 traxissent,
2849 700 2948 739 nec
2973 684 3131 739 [idem
3169 684 3463 740 habuisset.
3495 686 3567 740 Ita
3598 696 3650 743 et

2069 774 2339 830 Abraham
2362 777 2405 829 si
2432 778 2644 832 curiose
2668 792 2828 846 agere
2846 776 3124 838 voluisset,
3144 777 3363 847 angelos
3392 793 3497 833 non
3527 794 3648 832 sus«

2070 868 2323 936 cepisset.
2341 868 2481 921 Fieri
2511 869 2652 922 enim
2683 869 2899 923 minime
2920 879 3113 938 potest,
3129 869 3266 934 fieri,
3286 869 3522 939 inquam,
3543 887 3651 925 non

2071 966 2265 1025 potest,
2300 967 2355 1011 ut
2385 959 2473 1028 qui
2517 969 2622 1013 tam
2656 970 2867 1014 tenuem
2898 960 3125 1028 singulis
3165 960 3462 1030 quibusque
3490 960 3654 1015 rebus

2070 1050 2439 1104 examinandis
2466 1050 2792 1121 diligentiam
2836 1050 3073 1116 adhibet,
3098 1059 3284 1104 sancto
3310 1050 3516 1106 homini
3553 1052 3652 1105 ali-

2069 1140 2285 1210 quando
2310 1143 2541 1213 benigne
2575 1143 2769 1210 faciat,
2802 1143 2897 1199 sed
2938 1144 3174 1197 omnium
3203 1146 3435 1200 maxime
3466 1145 3651 1200 incidit

2071 1232 2125 1286 in
2176 1233 2524 1303 impostores.
2574 1234 2643 1289 Et
2671 1234 2941 1305 quomodo
2966 1234 3132 1300 istud,
3166 1250 3268 1305 ego
3315 1236 3509 1290 dicam.
3558 1237 3651 1292 Vir

2070 1326 2191 1393 pius
2216 1339 2323 1378 non
2351 1324 2453 1378 hoc
2474 1324 2725 1391 affectat,
2759 1334 2816 1379 ut
2844 1327 2963 1397 pius
3001 1325 3264 1391 videatur,
3296 1342 3468 1396 neque
3512 1326 3654 1382 hanc

2070 1415 2171 1470 sibi
2200 1431 2481 1485 personam
2505 1418 2619 1471 vult
2640 1419 2936 1487 imponere,
2964 1419 3172 1473 etiamsi
3190 1419 3426 1473 futurum
3450 1419 3649 1481 videat.

2072 1517 2130 1562 ut
2154 1507 2448 1577 deSpicatui
2480 1508 2739 1563 habeatur
2768 1528 2781 1565 :
2807 1511 3067 1579 impostor
3086 1519 3263 1567 autem
3285 1552 3300 1576 ,
3328 1511 3530 1580 quippe
3559 1512 3653 1580 qui

2070 1613 2184 1653 rem
2205 1598 2340 1653 hanc
2368 1600 2498 1653 artis
2524 1600 2642 1654 loco
2668 1598 2865 1666 habet,
2898 1601 3108 1655 eximiae
3135 1601 3409 1670 cujusdam
3434 1601 3651 1670 pietatis

2072 1692 2306 1761 speciem
2328 1691 2550 1746 artificio
2579 1692 2644 1746 ad
2667 1693 3172 1762 deprehendendum
3198 1693 3515 1749 difficillimo
3544 1710 3653 1765 pra:

2072 1795 2131 1836 se
2158 1782 2279 1836 fert.
2310 1781 2667 1847 Quamobrem
2695 1783 2777 1848 fit,
2810 1793 2866 1837 ut
2894 1784 2984 1837 ille
3008 1785 3245 1853 quidem,
3274 1786 3541 1854 quietiam
3581 1787 3647 1841 iis

2071 1874 2159 1941 qui
2195 1888 2300 1927 non
2333 1874 2579 1929 videntur
2607 1876 2715 1944 pii,
2750 1874 2978 1944 benigne
3003 1876 3148 1942 facit,
3177 1877 3229 1929 in
3252 1878 3370 1945 pios
3406 1877 3606 1932 incidat
3634 1897 3649 1930 :

2071 1967 2161 2035 qui
2186 1974 2366 2021 autem
2393 1982 2487 2021 eos
2537 1968 2682 2022 solos
2711 1969 2903 2033 quarrit
2928 1968 3017 2038 qui
3048 1969 3117 2039 pii
3148 1971 3543 2036 existimantur,
3569 1974 3649 2026 in-

2070 2058 2211 2112 cidat
2237 2072 2474 2128 persaepe
2524 2058 2575 2113 in
2625 2058 2837 2129 impios.
2873 2059 3112 2115 Obsecro
3150 2061 3332 2131 igitur,
3384 2064 3562 2115 omnia
3595 2064 3651 2117 in

2072 2150 2411 2221 simplicitate
2440 2151 2713 2205 faciamus.
2745 2150 2873 2204 Esto
2901 2151 3065 2216 enim,
3092 2152 3179 2221 qui
3208 2151 3275 2205 ad
3296 2166 3393 2205 nos
3421 2154 3649 2221 accedit,

2073 2243 2142 2297 sit
2163 2244 2455 2309 impostor;
2481 2257 2584 2295 non
2618 2252 2790 2295 tamen
2815 2242 2996 2311 jussus
3024 2258 3083 2296 es
3114 2242 3228 2297 hrec
3254 2244 3465 2298 curiose
3494 2259 3651 2298 scru-

2074 2332 2172 2387 tari
2204 2347 2217 2385 :
2250 2330 2402 2386 Omni
2431 2332 2571 2385 enim
2593 2373 2607 2395 ,
2639 2331 2830 2401 inquit,
2860 2348 2892 2384 a
2922 2342 2969 2384 te
2990 2334 3173 2401 petenti
3202 2334 3363 2387 tribue
3396 2333 3562 2405 (Luc.
3593 2335 3653 2391 6.

2073 2423 2163 2495 30)
2188 2440 2202 2489 ;
2234 2433 2308 2489 et,
2340 2424 2441 2489 Qui
2469 2426 2737 2477 trahuntur
2759 2423 2826 2476 ad
2854 2425 3131 2491 interitum,
3166 2425 3381 2480 liberare
3406 2444 3468 2481 ne
3492 2444 3654 2485 cesses

2078 2515 2257 2586 (Prov.
2291 2515 2380 2569 24.
2414 2514 2501 2587 il)
2536 2516 2814 2586 :quamvis
2844 2516 2995 2569 multi
3018 2531 3203 2570 eorum
3232 2518 3323 2587 qui
3348 2528 3610 2573 necantur
3632 2561 3648 2585 ,

2076 2608 2127 2661 in
2159 2607 2469 2663 criminibus
2511 2606 2831 2676 deprehensi
2864 2622 2925 2662 ea
2953 2623 3106 2676 poena
3154 2609 3390 2663 mulctati
3423 2610 3653 2676 fuerint;

2074 2700 2193 2767 sed,
2228 2699 2310 2754 Ne
2339 2717 2518 2766 cesses,
2549 2701 2740 2770 inquit.
2772 2699 2847 2755 Ita
2874 2699 3077 2755 similes
3104 2700 3235 2767 Deo,
3264 2702 3335 2756 ita
3364 2702 3655 2758 admirabi-

2075 2794 2152 2847 les
2177 2795 2395 2856 erimus,
2426 2802 2481 2847 et
2509 2793 2828 2847 immortalia
2851 2794 2987 2848 bona
3016 2808 3408 2865 consequemur
3431 2812 3444 2850 :
3464 2796 3657 2868 quibus

2076 2887 2279 2940 utinam
2301 2886 2444 2956 digni
2475 2884 2791 2954 efficiamur,
2814 2896 2917 2941 etc.

3274 3021 3649 3037 0—“

1803 3091 2150 3154 HOMILIA
2190 3094 2273 3157 II.
2354 3058 2357 3061 ’

393 3248 520 3304 CAP.
554 3246 605 3299 1.
627 3260 681 3296 v.
713 3242 766 3297 8.
799 3239 958 3294 Testis
984 3247 1055 3292 est
1081 3237 1206 3289 mihi
1232 3235 1385 3302 Deus,
1414 3235 1666 3307 quomodo
1692 3251 1777 3288 vos
1802 3251 1973 3289 omnes

467 3336 667 3403 cupiam
699 3335 751 3385 in
780 3330 1053 3383 visceribus
1076 3326 1203 3381 Jesu
1231 3325 1436 3379 Christi.
1464 3325 1518 3380 9.
1550 3323 1618 3377 Et
1647 3326 1741 3378 hoc
1766 3341 1877 3389 oro,
1919 3333 1976 3378 ut

468 3426 651 3480 caritas
675 3434 838 3476 vestra
859 3421 1027 3473 adhuc
1053 3418 1213 3488 magis
1230 3432 1288 3469 ac
1310 3417 1469 3486 magis
1495 3415 1714 3468 abundet
1734 3416 1786 3468 in
1815 3415 1976 3467 scien-

470 3520 540 3572 tia
586 3528 633 3570 et
674 3516 811 3567 omni
839 3530 986 3566 sensu
1012 3528 1032 3564 :
1062 3511 1146 3564 10.
1179 3518 1235 3562 ut
1265 3508 1481 3577 probetis
1513 3508 1730 3575 potiora,
1780 3516 1832 3558 ut
1867 3506 1975 3558 silis

470 3608 653 3661 sinceri
678 3617 723 3658 et
743 3606 850 3656 sine
874 3600 1067 3668 offensa
1096 3601 1147 3651 in
1170 3600 1300 3650 diem
1325 3597 1532 3658 Christi,
1560 3598 1643 3649 ll.
1664 3596 1839 3665 repleti
1863 3599 1976 3663 fru-

472 3701 630 3753 ctibus
648 3698 864 3768 justitta:
882 3710 970 3762 per
997 3692 1176 3745 Iesum
1194 3688 1447 3744 Christum
1474 3690 1526 3740 in
1550 3689 1763 3759 gloriam
1788 3696 1833 3740 et
1860 3686 1975 3740 lau-

473 3794 586 3845 dem
616 3790 726 3841 Dei.

474 3888 524 3939 1.
567 3882 682 3936 Νοιι
736 3879 935 3932 idcirco
974 3875 1112 3945 quod
1149 3873 1246 3928 sibi
1286 3872 1414 3925 ﬁdes
1444 3886 1549 3923 non
1581 3869 1865 3934 habeatur,
1896 3879 1977 3950 te-

403 3989 536 4029 stem
563 3976 687 4028 citat
720 3972 905 4033 Deum,
932 3968 1026 4021 sed
1055 3983 1121 4020 ex
1151 3966 1310 4018 animi
1339 3963 1530 4016 affectu
1560 3962 1609 4015 id
1643 3962 1787 4023 facit,
1816 3970 1979 4029 utque

406 4069 508 4124 illis
540 4069 637 4118 hoc
668 4064 736 4116 sit
766 4060 1250 4132 persuasissimum.
1283 4057 1413 4111 Nam
1444 4057 1691 4126 quoniam
1732 4055 1975 4118 dixerat,

405 4176 499 4214 eos
530 4159 628 4212 sibi
658 4154 1083 4210 cmnmunieasse
1112 4167 1125 4202 :
1161 4168 1227 4204 ne
1255 4151 1325 4203 ob
1358 4150 1491 4202 hanc
1523 4162 1759 4211 causam,
1811 4146 1862 4200 id
1898 4154 1982 4200 est

404 4251 473 4305 ob
500 4265 561 4303 ea
590 4262 711 4317 qum
740 4246 1041 4303 mittebant,
1075 4250 1321 4311 putarent
1336 4256 1396 4295 se
1429 4241 1495 4293 ah
1524 4240 1639 4308 ipso
1662 4237 1977 4301 desiderari,

404 4342 624 4397 minime
648 4354 773 4392 vero
796 4336 935 4406 quod
964 4335 1062 4404 ipsi
1085 4350 1178 4403 per
1204 4350 1261 4387 se
1284 4342 1609 4397 amarentur,
1643 4331 1840 4384 idcirco
1856 4329 1982 4382 sub-

400 4434 618 4504 jnnxit,
671 4429 737 4484 In
779 4428 1045 4482 visceribus
1094 4426 1302 4479 Christi.
1354 4423 1491 4491 Quid
1551 4423 1652 4476 hoc
1698 4422 1798 4475 sibi
1831 4420 1981 4474 vult?

404 4526 550 4580 idem
598 4539 661 4577 ac
707 4524 751 4575 si
782 4521 1038 4581 dixisset,
1066 4517 1356 4571 secundum
1384 4514 1654 4568 Christum
1686 4532 1698 4567 :
1729 4514 1979 4582 quoniam

409 4615 595 4669 fideles
624 4612 753 4667 estis
774 4653 787 4676 ,
816 4610 1067 4680 quoniam
1108 4608 1298 4660 amatis
1327 4606 1619 4667 Christum,
1651 4612 1868 4672 propter
1894 4602 1981 4655 di-

406 4706 693 4761 lectionem
722 4718 839 4772 qme
866 4698 1160 4755 sebundum
1189 4695 1461 4751 Christum
1486 4704 1587 4749 est.
1613 4694 1797 4761 Neque
1826 4692 1977 4755 dixit,

407 4800 777 4860 Dilectionem,
808 4794 923 4858 sed,
950 4792 1090 4862 quod
1109 4789 1381 4845 ardentius
1399 4796 1500 4852 est,
1526 4785 1737 4839 Viscera
1760 4784 1979 4837 Christi:

407 4890 631 4960 perinde
657 4897 815 4955 atque
837 4886 909 4937 ita
931 4884 1155 4947 diceret,
1184 4882 1386 4934 viscera
1412 4878 1529 4946 ejus
1548 4919 1561 4940 ,
1586 4878 1675 4945 qui
1707 4876 1868 4929 veluti
1892 4889 1986 4942 pa-

409 4993 491 5037 ter
518 4988 699 5033 vester
723 4976 946 5030 eﬂ'ectus
972 4982 1058 5028 est
1082 4988 1175 5041 per
1202 4987 1321 5026 eam
1340 4970 1733 5040 cognationem,
1766 4981 1883 5036 quae
1900 4974 1987 5019 est

408 5070 702 5126 secundum
729 5067 1017 5121 Christum.
1046 5063 1171 5117 Haec
1191 5062 1332 5116 enim
1359 5070 1461 5126 est,
1485 5074 1604 5128 qua:
1624 5058 1777 5111 nobis
1799 5057 1890 5111 dat
1909 5057 1987 5109 vi—

407 5176 596 5224 seera,
642 5159 847 5212 viscera
894 5154 1124 5210 calentia
1174 5162 1229 5207 et
1258 5151 1577 5205 inflammata
1613 5152 1795 5204 :veris
1841 5148 1985 5200 enim

410 5256 581 5309 servis
602 5254 713 5307 suis
736 5253 941 5305 \iscera
969 5248 1212 5318 largitur.
1242 5246 1297 5299 lu
1328 5246 1451 5309 illis,
1477 5243 1665 5313 inquit,
1691 5240 1988 5295 visceribus

410 5362 533 5404 amo
559 5361 656 5400 vos
682 5362 695 5399 :
728 5360 790 5398 ac
814 5345 858 5397 si
888 5342 1048 5403 dicat,
1067 5338 1362 5394 visceribus
1382 5352 1488 5391 non
1518 5335 1867 5399 naturalibus,
1890 5332 1986 5387 sed

414 5442 478 5494 iis
508 5456 627 5509 qua:
645 5438 954 5492 ardentiora
986 5444 1136 5496 sunt,
1169 5433 1442 5496 nimirum,
1465 5446 1583 5499 qua:
1608 5428 1810 5483 Christi
1840 5436 1984 5480 sunt.

414 5530 703 5595 Quomodo,
732 5528 922 5597 inquit,
946 5542 1031 5578 vos
1057 5540 1225 5577 omnes
1251 5523 1472 5592 cupiam.
1494 5521 1694 5575 Omnes
1716 5516 1986 5583 desidero,

415 5622 667 5693 quoniam
696 5630 750 5675 et
780 5633 966 5673 omnes
996 5616 1129 5670 tales
1154 5614 1308 5669 estis.
1346 5612 1558 5667 Modum
1584 5626 1713 5681 ergo
1739 5608 1989 5667 desiderii

416 5728 521 5768 non
553 5726 769 5783 possum
796 5707 1051 5777 consequi
1076 5706 1318 5761 oratione
1346 5720 1360 5757 :
1393 5718 1499 5757 non
1522 5704 1665 5757 enim
1692 5704 1869 5760 verbis
1891 5720 1989 5761 ex-

417 5804 573 5873 primi
603 5811 777 5872 potest
804 5817 819 5855 :
852 5804 1080 5867 ideoque
1122 5796 1232 5854 Deo
1262 5794 1690 5867 cognoscendum
1744 5798 1990 5870 relinquo

2080 3239 2379 3306 penetranti
2409 3238 2593 3294 corda.
2620 3238 2771 3306 Quod
2808 3240 2851 3294 si
2886 3237 2990 3294 illis
3019 3249 3406 3307 assentaretur,
3437 3242 3660 3297 minime

2079 3326 2245 3380 Deum
2275 3328 2495 3382 citasset
2539 3338 2727 3383 testem
2764 3346 2777 3381 :
2812 3345 2918 3381 non
2949 3329 3091 3383 enim
3141 3330 3195 3385 id
3228 3340 3395 3385 tutum
3435 3342 3537 3387 est.
3589 3331 3660 3386 Et

2072 3415 2201 3478 hoc,
2251 3418 2441 3486 inquit,
2486 3434 2596 3483 oro,
2648 3428 2702 3492 ut
2746 3419 2933 3471 caritas
2963 3432 3126 3472 vestra
3160 3422 3326 3491 magis
3349 3463 3364 3488 ,
3393 3437 3453 3474 ac
3497 3423 3659 3492 magis

2073 3507 2312 3561 abundet.
2368 3508 2568 3569 Recte;
2623 3489 2921 3564 in'satiabile
2963 3511 3105 3564 enim
3153 3489 3477 3567 estibonum
3533 3489 3656 3568 hoc.

2077 3598 2212 3652 Vide
2268 3600 2557 3669 quomodo,
2590 3616 2712 3656 cum
2757 3602 2892 3657 adeo
2946 3613 3241 3671 amaretur,
3274 3603 3450 3658 adhuc
3492 3608 3661 3675 magis

2074 3691 2238 3743 amari
2268 3690 2535 3757 cupiebat.
2558 3692 2654 3758 Qui
2675 3693 2816 3746 enim
2846 3692 2947 3747 hoc
2963 3694 3124 3747 modo
3158 3704 3322 3758 amat,
3357 3711 3478 3750 eum
3501 3712 3661 3766 quem

2075 3789 2221 3833 amat
2237 3780 2303 3832 ita
2326 3781 2425 3834 sibi
2449 3781 2775 3850 respondere
2792 3783 2922 3845 vult,
2943 3794 2999 3835 ut
3019 3784 3069 3837 in
3098 3784 3245 3838 nullo
3270 3786 3468 3839 amoris
3492 3786 3661 3856 gradu

2078 3873 2378 3926 consistere
2405 3873 2636 3941 patiatur
2664 3890 2677 3924 :
2707 3874 2887 3926 nullus
2917 3875 3061 3927 enim
3089 3883 3173 3927 est
3200 3874 3359 3945 hujus
3384 3876 3508 3930 boni
3549 3892 3665 3930 mo-

2078 3963 2199 4018 dus.
2234 3963 2434 4018 Idcirco
2467 3965 2661 4018 Paulus
2695 3965 2744 4018 id
2773 3981 2987 4035 semper
3012 3967 3194 4022 deberi
3223 3969 3337 4021 vult
3384 3986 3397 4021 :
3432 3968 3662 4033 Nemini,

2079 4055 2286 4124 inquit,
2339 4057 2611 4124 quidquam
2655 4058 2874 4112 debeatis
2922 4060 3021 4111 nisi
3073 4069 3126 4113 ut
3180 4062 3392 4114 invicem
3437 4062 3665 4133 diligatis

2079 4147 2257 4216 (Rom.
2294 4147 2385 4226 15ἶ
2410 4148 2487 4215 8).
2524 4147 2710 4201 Modus
2750 4158 2802 4203 et
2840 4164 3086 4202 mensura
3128 4152 3365 4205 caritatis
3402 4162 3504 4217 est,
3532 4169 3663 4208 nus-

2080 4255 2238 4307 quam
2288 4241 2625 4295 consistere:
2660 4240 2727 4295 Ut
2774 4243 2962 4295 caritas
3003 4253 3202 4309 vestra,
3254 4242 3440 4313 inquit,
3500 4246 3666 4298 adhuc

2080 4332 2245 4399 magis
2297 4348 2358 4384 ac
2386 4333 2548 4403 magis
2574 4332 2814 4385 abundet.
2846 4333 3076 4388 Attende
3116 4335 3402 4388 verborum
3430 4335 3664 4405 disposi-

2080 4423 2281 4476 tionem
2314 4438 2327 4474 :
2365 4421 2432 4476 Ut
2460 4423 2629 4475 adhuc
2654 4424 2836 4492 magis,
2861 4422 3052 4492 inquit,
3086 4440 3145 4476 ac
3171 4425 3333 4494 magis
3367 4426 3587 4479 abundet
3612 4428 3667 4482 in

2080 4514 2287 4568 scientia
2316 4523 2361 4567 et
2382 4515 2518 4567 omni
2542 4531 2712 4567 sensu.
2767 4513 2882 4567 Non
2917 4514 3164 4568 universe
3202 4518 3447 4584 quamvis
3474 4519 3669 4571 carita-

2081 4615 2190 4658 tem
2216 4605 2527 4669 admiratur,
2556 4604 2649 4658 sed
2676 4620 2792 4659 eam
2821 4621 2939 4673 quae
2965 4621 3031 4659 ex
3049 4607 3271 4659 scientia
3287 4608 3663 4676 proficiscitur;

2084 4695 2138 4749 id
2168 4704 2271 4759 est,
2301 4706 2358 4749 ut
2387 4711 2492 4749 non
2521 4710 2649 4764 erga
2675 4711 2865 4750 omnes
2905 4696 3147 4751 eamdem
3182 4699 3460 4753 caritatem
3512 4701 3667 4753 adhi-

2084 4785 2256 4841 beatis
2282 4804 2295 4839 :
2322 4785 2375 4839 id
2406 4785 2550 4839 enim
2573 4786 2792 4840 minime
2816 4788 3054 4841 caritatis
3077 4796 3179 4854 est,
3212 4789 3304 4843 sed
3329 4789 3659 4846 insulsitatis.

2080 4878 2223 4944 Quid
2252 4887 2370 4943 est,
2397 4877 2465 4931 1n
2514 4879 2766 4932 scientia?
2794 4878 3047 4934 Adhibito
3070 4880 3296 4948 judicio,
3325 4885 3552 4951 cogitata
3580 4899 3665 4938 ra-

2084 4972 2251 5037 tione,
2279 4970 2489 5025 delectu
2512 4971 2739 5040 quodam
2762 4985 2825 5026 ac
2851 4985 3032 5025 sensu.
3056 4970 3171 5025 Non
3192 4974 3336 5027 enim
3358 4973 3552 5028 desunt
3572 4975 3665 5043 qui

2084 5060 2387 5115 inconsulto
2410 5074 2475 5113 ac
2500 5067 2703 5115 temere
2729 5069 2910 5114 ament
2933 5078 2947 5114 :
2976 5076 3041 5115 ex
3066 5076 3175 5131 quo
3195 5063 3356 5116 etiam
3385 5064 3460 5128 fit,
3484 5072 3539 5116 ut
3568 5063 3668 5117 hu-

2085 5151 2318 5222 jusmodi
2348 5151 2595 5205 amicitiae
2619 5167 2807 5221 parum
2836 5153 3045 5207 roboris
3063 5152 3315 5208 habeant.
3343 5152 3411 5206 In
3433 5155 3664 5222 scientia,

2086 5241 2279 5310 inquit,
2309 5250 2353 5294 et
2374 5241 2510 5294 omni
2536 5258 2714 5309 sensu,
2739 5252 2794 5295 ut
2816 5244 3032 5313 probetis
3060 5245 3259 5312 potiora
3287 5260 3305 5297 :
3328 5244 3378 5298 id
3404 5253 3513 5312 est,
3544 5261 3665 5313 qua:

2088 5336 2235 5389 utilia
2261 5344 2406 5390 sunt.
2434 5334 2550 5389 Non
2572 5351 2715 5403 mea,
2741 5336 2932 5406 inquit,
2959 5338 3055 5392 sed
3078 5347 3255 5392 vestra
3279 5339 3516 5407 ipsorum
3540 5354 3669 5393 cauo

2088 5441 2147 5481 sa
2180 5425 2296 5480 hinc
2322 5426 2443 5479 dico
2471 5443 2485 5479 :
2514 5427 2809 5495 periculum
2843 5427 2987 5482 enim
3013 5437 3095 5483 est
3123 5445 3193 5483 ne
3214 5429 3333 5497 quis
3361 5430 3429 5484 ab
3458 5429 3672 5485 haereti-

2089 5534 2275 5574 corum
2296 5533 2479 5573 amore
2503 5529 2895 5589 corrumpatur.
2925 5520 3039 5576 Hoc
3060 5522 3203 5575 enim
3229 5530 3397 5575 totum
3425 5523 3667 5579 subindi~

2088 5618 2198 5676 cat,
2228 5609 2353 5664 dum
2382 5608 2453 5663 ita
2494 5608 2751 5678 loquitur.
2818 5610 2946 5664 Vide
2997 5620 3173 5665 autem
3204 5611 3474 5680 quomodo
3528 5613 3667 5668 istud

2090 5702 2295 5773 injicit:
2324 5701 2439 5757 Non
2469 5716 2609 5767 mea,
2638 5702 2829 5771 inquit,
2863 5717 3022 5756 causa
3050 5702 3237 5757 isthmc
3261 5703 3401 5767 dico.
3431 5706 3525 5760 sed
3545 5747 3561 5772 ,
3595 5705 3664 5759 Ut

2091 5799 2199 5853 sitis
2244 5797 2444 5856 sinceri,
2475 5798 2523 5853 id
2552 5804 2652 5862 est,
2674 5810 2742 5851 ne
2768 5796 3003 5861 spurium
3055 5798 3266 5868 aliquod
3297 5798 3485 5869 dogma
3530 5815 3667 5868 pne—
