4100 6412
425 392 513 447 l‘Jl

427 522 575 563 textu
588 508 826 562 raritatis
845 508 1157 562 admittatis.
1171 506 1410 573 Quaeres,
1424 502 1694 575 quomodo
1717 500 1874 573 igitur
1894 492 2024 552 alibi

424 601 578 666 dixit,
605 600 666 655 Si
688 602 797 669 ﬁeri
823 608 1003 670 potest,
1027 615 1139 653 cum
1159 598 1388 652 omnibus
1414 596 1697 651 hominibus
1720 608 1892 663 pacem
1913 592 2007 644 ha—

427 690 533 744 bete
562 692 738 761 (Rom.
770 691 857 744 ii.
885 690 1018 759 18)?
1043 689 1160 743 Non
1185 704 1314 743 sane
1344 687 1445 741 hoc
1469 686 1692 750 docens,
1738 685 1809 739 ita
1851 682 2007 737 vobis

428 782 716 835 amandum
744 796 885 846 esse,
927 790 985 834 ut
1009 796 1075 835 ex
1109 780 1339 833 amicitia
1368 778 1621 832 damnum
1676 775 1961 845 reportetis
1989 790 2004 828 :

431 888 555 926 nam
584 872 645 927 Si
674 872 849 925 oculus
883 880 999 926 tuus
1021 870 1194 924 dexter
1214 869 1528 924 scandalizat
1559 878 1627 933 te,
1675 867 1864 937 inquit,
1892 881 2009 919 erue

426 979 564 1028 eum,
596 972 642 1015 et
665 963 855 1032 projice
879 960 967 1015 abs
990 971 1036 1015 te
1060 959 1271 1031 (Matth.
1300 961 1354 1015 5.
1379 960 1472 1029 29)
1498 976 1511 1011 :
1538 958 1631 1013 sed
1659 957 1789 1011 illud
1812 956 2012 1010 facien-

425 1054 551 1108 dutn
577 1069 697 1109 esse
723 1094 739 1120 ,
777 1052 843 1109 Ut
874 1054 1018 1121 sitis,
1051 1053 1191 1122 quod
1220 1051 1436 1122 quidem
1463 1050 1531 1105 ad
1561 1051 1726 1105 Deum
1756 1048 2004 1120 pertinet,

426 1148 607 1201 sinceri
626 1187 642 1211 ,
675 1146 817 1216 quod
846 1161 975 1201 vero
1004 1145 1073 1200 ad
1102 1145 1345 1200 homines
1366 1186 1381 1209 ,
1421 1144 1530 1198 sine
1558 1142 1755 1210 oﬂ'ensa
1776 1157 1795 1196 :
1826 1141 2009 1196 multis

426 1242 569 1295 enim
597 1256 741 1310 stepe
763 1240 1012 1294 amicitia:
1038 1247 1252 1294 nocent.
1286 1237 1418 1293 Nam
1440 1238 1539 1291 etsi
1562 1236 1655 1291 tibi
1683 1235 1811 1289 nihil
1829 1242 2007 1300 nocet,

428 1334 622 1405 inquit,
652 1342 885 1387 attamen
908 1334 1044 1387 alius
1062 1334 1264 1387 interea
1282 1330 1589 1386 offenditur.
1611 1327 1676 1382 In
1702 1328 1833 1381 diem
1858 1326 2009 1381 Chri-

425 1428 525 1487 sti:
556 1425 608 1480 id
631 1434 733 1492 est,
765 1435 824 1479 ut
855 1436 979 1480 tunc
1009 1424 1352 1493 reperiamini
1382 1423 1497 1491 puri
1526 1464 1541 1485 ,
1573 1422 1769 1492 quippe
1799 1421 1889 1489 qui
1917 1434 2013 1473 ne-

427 1517 559 1572 mini
590 1518 847 1572 scandalo
877 1516 1128 1583 fueritis;
1176 1517 1355 1587 repleti
1396 1514 1639 1585 fructibus
1672 1512 1892 1583 justitia:
1922 1527 2013 1580 per

427 1608 608 1664 Iesum
638 1610 913 1675 Christum,
936 1609 990 1662 in
1010 1608 1224 1679 gloriam
1245 1617 1289 1660 et
1315 1607 1519 1660 laudem
1548 1605 1675 1671 Dei;
1701 1606 1751 1659 id
1774 1613 1877 1670 est,
1907 1617 2012 1657 una

429 1719 551 1758 cum
586 1702 925 1772 dogmatibus
954 1702 1116 1755 vitam
1153 1714 1365 1770 quoque
1383 1711 1582 1753 rectam
1604 1697 1880 1752 habentes.
1902 1694 2013 1750 Nec

429 1794 932 1865 quomodocumque
953 1802 1155 1849 rectam
1184 1807 1304 1851 esse
1325 1792 1456 1845 satis
1471 1798 1576 1855 est,
1607 1789 1699 1844 sed
1718 1788 2012 1844 confertam

433 1889 694 1944 fructibus
740 1887 1003 1957 justitiam
1036 1895 1119 1941 est
1162 1886 1306 1941 enim
1350 1883 1594 1954 quaedam
1640 1882 1863 1951 iustitia,
1893 1895 2016 1952 quas

432 1996 541 2037 non
569 1980 860 2035 secundum
888 1978 1158 2033 Christum
1201 1985 1303 2038 est,
1328 1983 1387 2028 ut
1423 1975 1530 2028 vita
1557 1974 1668 2037 illa,
1699 1987 1820 2042 qua:
1850 1971 2020 2026 virtu-

436 2084 543 2130 tem
570 2071 951 2145 quoquomodo
978 2070 1136 2133 colit;
1165 2069 1259 2123 sed
1298 2068 1399 2123 Per
1425 2067 1601 2122 letum
1629 2067 1902 2129 Christum,
1929 2065 2016 2119 in-

434 2167 568 2239 quit,
593 2168 647 2221 in
671 2166 888 2238 gloriam
916 2174 963 2217 et
984 2162 1186 2217 laudem
1210 2161 1324 2215 Dei.
1357 2160 1521 2215 Vides
1548 2177 1634 2215 me
1660 2174 1766 2214 non
1791 2158 2017 2229 gloriam

435 2274 609 2315 meam
633 2272 845 2320 curare,
875 2255 970 2311 sed
998 2254 1223 2323 gloriam
1249 2253 1375 2309 Dei?
1404 2252 1560 2323 Saepe
1575 2260 1753 2307 autem
1786 2252 2020 2305 eleemo—

435 2366 623 2423 synam
664 2349 883 2419 iustitiae
914 2346 1129 2401 nomine
1156 2345 1405 2416 appellat.
1452 2344 1550 2411 Ne,
1580 2343 1773 2413 inquit,
1820 2342 2021 2397 ofﬁciat

435 2446 589 2500 vobis
614 2444 832 2508 caritas,
862 2442 1148 2511 quominus
1178 2442 1515 2509 cognoscatis
1539 2452 1659 2507 qua:
1689 2436 1746 2490 in
1774 2451 1888 2490 rem
1928 2450 2023 2491 ve-

437 2548 602 2592 stram
634 2544 792 2599 sunt;
822 2549 921 2589 nec
946 2534 1197 2604 quoniam
1227 2533 1369 2586 hunc
1397 2531 1478 2585 vel
1516 2531 1666 2584 illum
1696 2543 1866 2595 amas,
1900 2543 2021 2598 pro-

440 2642 621 2702 plerca
669 2629 975 2685 collabaris.
1018 2627 1191 2697 Cupio
1234 2624 1450 2699 quidem
1496 2633 1731 2682 vestram
1779 2636 2024 2681 crescere

439 2725 742 2788 caritatem,
771 2724 865 2779 sed
898 2739 1004 2777 non
1050 2722 1203 2788 adeo,
1253 2731 1313 2776 ut
1352 2722 1477 2777 inde
1522 2722 1775 2776 damnum
1807 2723 2020 2787 feratis;

442 2832 543 2873 nec
570 2820 757 2887 quavis
786 2824 1051 2885 praecepta
1082 2814 1250 2868 semel
1275 2813 1530 2884 opinione
1554 2826 1651 2866 vos
1696 2813 1902 2867 moveri
1934 2827 2025 2866 ve-

442 2911 558 2975 lim,
582 2908 676 2963 sed
704 2922 825 2962 cum
852 2905 1265 2976 perpenderitis,
1287 2915 1466 2959 utrum
1486 2920 1605 2974 qua:
1630 2904 1857 2959 dicimus
1879 2912 2026 2958 recte

444 3015 504 3055 se
536 2998 786 3053 habeant.
810 2996 993 3067 Neque
1021 2996 1174 3061 dixit,
1197 2997 1401 3054 Utmea
1432 2995 1776 3064 prmponatis.
1807 2993 1923 3059 sed,
1957 2991 2026 3048 Ut

448 3090 686 3161 probetis.
718 3088 903 3159 Neque
932 3088 1221 3159 perspicue
1256 3086 1411 3155 dixit,
1440 3087 1518 3143 Ne
1542 3102 1663 3141 cum
1696 3087 1797 3141 isto
1822 3086 1908 3140 vel
1935 3086 2027 3140 illo

445 3183 779 3238 familiariter
806 3180 1125 3246 versemini;
1151 3180 1270 3247 sed,
1314 3179 1486 3235 Velim
1527 3179 1722 3234 caritas
1764 3178 1917 3233 vobis
1961 3177 2028 3232 ad

446 3278 732 3333 utilitatem
758 3275 1031 3346 proﬁciat;
1062 3275 1280 3329 minime
1303 3288 1429 3328 vero
1450 3272 1669 3342 perinde
1687 3272 1861 3327 affecti
1888 3272 2027 3338 sitis,

450 3382 515 3424 ac
538 3368 583 3424 si
609 3384 769 3424 sensu
786 3368 1032 3422 careatis.
1058 3366 1164 3421 Res
1178 3366 1318 3421 enim
1341 3366 1579 3420 stultitia:
1597 3365 1903 3435 plenissima
1923 3374 2027 3430 est,

446 3462 707 3532 justitiam
762 3460 974 3529 operari
1017 3460 1175 3513 aliam
1220 3459 1290 3512 ob
1318 3473 1531 3513 causam
1556 3499 1571 3523 ,
1621 3474 1778 3528 quam
1812 3464 2031 3527 propter

447 3557 720 3612 Christum
766 3565 817 3609 et
846 3570 943 3625 per
971 3554 1169 3624 ipsum.
1202 3553 1341 3608 Ecce
1386 3569 1573 3608 rursus
1600 3553 1740 3607 illam
1782 3552 2031 3621 loquendi

451 3649 757 3712 formulam,
782 3646 883 3702 Per
913 3645 1109 3716 ipsum.
1140 3644 1274 3699 Num
1295 3644 1453 3713 igitur
1480 3659 1606 3699 usus
1627 3653 1710 3697 est
1740 3644 1867 3708 Deo,
1897 3652 2033 3697 tam-

452 3756 611 3811 quam
642 3739 857 3802 famulo,
888 3738 981 3807 qui
1010 3737 1317 3791 inferiorem
1348 3737 1399 3790 in
1430 3735 1701 3807 operando
1733 3735 1903 3789 locum
1951 3745 2031 3790 te-

454 3828 655 3887 nebat?
682 3831 856 3885 Absit.
882 3830 1058 3898 lnquit
1098 3831 1281 3899 igitur,
1329 3827 1445 3883 Non
1489 3838 1544 3881 ut
1573 3843 1672 3897 ego
1700 3826 1908 3892 lauder,
1962 3828 2032 3881 ita

452 3924 703 3993 loquutus
723 3938 863 3989 sum,
892 3922 988 3979 sed
1013 3930 1070 3976 ut
1098 3921 1426 3992 gloriﬁcetur
1454 3920 1615 3975 Deus.
1646 3920 1733 3975 i2.
1775 3920 1922 3975 Scire
1943 3935 2037 3972 au-

456 4026 556 4070 tem
581 4031 667 4071 vos
688 4016 823 4083 volo,
853 4018 1059 4087 fratres,
1089 4016 1209 4086 quia
1235 4030 1350 4086 quae
1390 4016 1527 4083 circa
1568 4032 1648 4070 me
1689 4025 1843 4081 sunt,
1872 4016 2036 4086 magis

458 4111 528 4165 ad
554 4113 835 4181 profectum
864 4118 1103 4164 venerunt
1129 4109 1392 4181 evangelii,
1425 4109 1514 4163 15.
1537 4108 1608 4161 ita
1629 4117 1685 4161 ut
1706 4108 1905 4161 vincula
1925 4124 2037 4162 mea

459 4203 732 4273 manifesta
752 4201 930 4269 fierent
955 4200 1011 4255 in
1031 4198 1230 4255 Christo
1250 4200 1304 4253 in
1330 4200 1468 4253 omni
1493 4200 1757 4269 prdatorio,
1786 4207 1833 4253 et
1860 4199 1914 4253 in
1938 4213 2038 4253 ca:-

454 4296 573 4351 tcris
600 4295 854 4351 omnibus.

527 4388 585 4443 2.
609 4387 912 4445 Verisimile
936 4394 1054 4443 erat
1089 4385 1230 4452 illos,
1259 4399 1381 4441 cum
1416 4400 1541 4439 eum
1576 4383 1629 4438 in
1660 4383 1885 4439 vinculis
1915 4397 2038 4439 esse

455 4481 769 4546 audissent,
802 4479 1021 4543 dolere,
1053 4487 1345 4550 putareque
1373 4478 1699 4531 obstructam
1738 4490 1860 4531 esse
1898 4477 2038 4529 viam

460 4573 848 4643 prmdicationi.
873 4570 1009 4639 Quid
1034 4570 1195 4640 igitur
1217 4569 1381 4626 facit?
1402 4569 1592 4624 Statim
1613 4568 1753 4623 hanc
1777 4568 2039 4640 suspicio-

461 4682 588 4722 nem
620 4667 790 4729 tollit,
824 4674 986 4733 atque
1018 4664 1092 4718 ita
1134 4662 1308 4733 inquit
1338 4678 1352 4715 :
1389 4660 1472 4715 Ea
1496 4676 1610 4730 qua:
1636 4661 1772 4715 circa
1799 4677 1878 4714 me
1922 4669 2041 4715 sunt

463 4760 626 4829 magis
653 4759 721 4811 ad
757 4759 1039 4827 profectum
1067 4764 1306 4811 venerunt
1334 4756 1599 4826 evangelii.
1645 4754 1741 4809 Est
1779 4766 1956 4809 autem
1986 4763 2041 4808 et

462 4851 569 4907 hoc
592 4851 841 4916 amantis,
863 4864 989 4904 suas
1012 4849 1116 4902 illis
1153 4863 1243 4903 res
1275 4848 1608 4917 patefacere,
1639 4856 1823 4917 utpote
1847 4846 2040 4917 quibus

460 4961 605 4999 cura:
635 4945 763 4998 sint.
796 4942 935 5009 Quid
977 4943 1097 4997 ais?
1127 4943 1178 4994 in
1205 4942 1431 4997 vinculis
1467 4956 1526 4996 es
1549 4982 1565 5008 ,
1608 4940 1892 5010 impeditus
1929 4954 1989 4994 es
2020 4956 2036 4992 :

456 5053 629 5108 ecquo
658 5036 817 5107 igitur
844 5034 1007 5091 modo
1040 5035 1373 5103 evangelium
1412 5032 1583 5103 ipsum
1611 5047 1928 5103 progressus
1958 5032 2039 5087 fa-

457 5129 570 5187 cit?
600 5129 668 5185 Ut
687 5127 888 5183 vincula
904 5143 1036 5195 mea,
1066 5127 1256 5197 inquit,
1273 5126 1546 5197 manifesta
1567 5126 1763 5195 fierent,
1784 5139 1898 5193 quae
1920 5135 2040 5178 sunt

451 5225 509 5278 in
537 5222 760 5288 Christo,
792 5222 847 5275 in
874 5222 1013 5275 omni
1039 5222 1298 5292 prdatorio.
1326 5220 1384 5275 ld
1414 5235 1524 5276 non
1550 5219 1713 5273 modo
1732 5219 1851 5273 aliis
1877 5218 2039 5275 silen-

454 5318 588 5371 tium
606 5332 711 5371 non
736 5314 1009 5385 imposuit,
1032 5329 1207 5384 neque
1220 5315 1468 5370 timorem
1494 5314 1737 5377 incussit,
1761 5312 1855 5368 sed
1876 5313 2037 5367 etiam

458 5408 562 5464 hoc
602 5409 717 5479 ipso
743 5407 1053 5463 ﬁdentiores
1088 5417 1213 5461 sunt
1239 5406 1387 5462 facti.
1427 5406 1584 5473 Quod
1624 5406 1669 5461 si
1699 5405 1798 5471 illi,
1848 5406 1937 5475 qui
1984 5406 2039 5461 in

456 5500 650 5557 mediis
694 5500 949 5570 periculis
986 5508 1287 5562 versantur,
1321 5515 1427 5553 non
1477 5499 1651 5553 solum
1682 5498 1815 5554 nihil
1857 5499 2038 5554 damni

458 5594 731 5660 tulerunt,
760 5593 855 5647 sed
896 5592 1059 5648 etiam
1089 5592 1209 5662 plus
1237 5591 1403 5646 animi
1440 5608 1505 5647 ac
1544 5593 1774 5647 fidentia:
1795 5608 2037 5664 sumpse-

454 5695 625 5741 runt:
658 5686 827 5741 multo
869 5687 1037 5755 magis
1080 5700 1179 5740 vos
1219 5685 1394 5740 ﬁdatis
1428 5694 1657 5755 oportet.
1698 5685 1830 5741 Nam
1865 5687 1911 5742 si
1949 5687 2039 5743 ille

456 5777 695 5847 quidem,
723 5779 814 5848 qui
850 5779 1058 5833 vinctus
1082 5788 1188 5845 est,
1221 5778 1274 5833 id
1302 5778 1531 5834 miseria:
1574 5778 1693 5835 loco
1718 5778 1927 5837 tulisset
1974 5796 2038 5836 ac

459 5870 731 5939 tacuisset,
756 5879 1172 5929 consentaneum
1194 5880 1307 5931 erat
1330 5870 1451 5929 illos
1471 5871 1658 5934 eodem
1676 5872 1834 5933 modo
1855 5873 1994 5933 allici
2017 5893 2030 5932 :

1092 390 1148 446 S.
1185 387 1463 446 JOANNIS
1497 380 1964 443 CHRYSOSTOHI
1999 378 2317 440 ARCHIEP.
2354 385 2884 450 CONSTANTINOP.

3607 407 3701 465 19.!

2132 514 2273 553 nunc
2298 516 2423 556 vero
2448 517 2568 559 cum
2594 505 2638 561 is
2671 510 2758 578 qui
2786 519 2869 565 est
2894 510 2946 565 in
2979 515 3203 572 vinculis
3223 557 3239 582 ,
3286 518 3507 579 liberius
3559 530 3615 578 et
3640 522 3703 579 fl-

2115 589 2331 647 dentius
2356 594 2494 666 agit,
2539 597 2693 665 longe
2719 603 2886 671 magis
2914 605 3152 661 animum
3200 608 3305 665 illis
3330 612 3509 681 addit,
3547 629 3706 683 quam

2113 683 2160 738 si
2183 683 2395 742 vinctus
2425 705 2530 743 non
2554 703 2717 748 esset.
2770 694 2877 750 Sed
2913 700 3187 767 quomodo
3212 702 3422 759 vincula
3464 706 3533 761 ad
3578 720 3707 774 pro-

2111 792 2352 846 gressum
2376 784 2638 851 evangelii
2681 784 2932 841 fuerunt?
2970 789 3083 844 Hoc
3102 833 3119 858 ,
3148 792 3354 863 inquit,
3383 794 3711 866 gubernavit

2112 867 2277 931 Deus,
2311 878 2367 923 ut
2418 886 2485 925 ne
2516 873 2744 930 laterent
2782 893 2901 933 mea
2928 879 3160 949 vincula,
3189 899 3310 952 qua:
3361 885 3414 940 in
3441 887 3694 957 Christo,

2111 974 2231 1027 qua:
2259 974 2356 1029 per
2393 959 2703 1031 Christum,
2750 966 2818 1021 1n
2862 971 3002 1023 omni
3047 975 3304 1041 pratorio.
3351 976 3501 1033 Tunc
3553 980 3699 1037 enim

2115 1050 2217 1105 hoc
2261 1054 2478 1108 nomine
2521 1058 2696 1127 regias
2736 1062 3097 1130 appellabant.
3130 1065 3314 1138 Neque
3360 1085 3490 1127 vero
3524 1074 3700 1131 solum

2114 1142 2318 1214 inquit,
2347 1144 2415 1200 In
2446 1151 2685 1216 praetorio
2704 1193 2720 1217 ,
2751 1153 2846 1207 sed
2876 1155 3061 1222 etiam,
3094 1157 3152 1212 In
3180 1160 3433 1217 universa
3462 1165 3697 1223 civitate.

2116 1235 2203 1290 M.
2239 1235 2304 1290 Et
2327 1237 2497 1307 plures
2525 1256 2552 1293 e
2583 1240 2826 1309 fratribus
2846 1245 2901 1299 in
2928 1245 3152 1303 Domino
3172 1254 3479 1321 confidentes
3504 1260 3557 1311 in
3585 1261 3697 1313 viu-

2113 1327 2243 1380 culis
2287 1330 2408 1383 meis
2432 1370 2447 1397 ,
2501 1330 2841 1390 abundantius
2882 1339 3126 1393 auderent
3149 1342 3258 1397 sine
3296 1345 3474 1401 timore
3500 1353 3702 1404 uerbum

2115 1421 2270 1489 loqui.
2341 1422 2432 1477 His
2480 1425 2657 1480 verbis
2710 1428 2948 1483 ostendit
3002 1440 3057 1487 et
3101 1444 3257 1489 antea
3306 1436 3535 1495 fidenter
3580 1442 3702 1498 illos

2114 1516 2288 1586 egisse
2328 1532 2394 1573 ac
2434 1518 2600 1574 libere
2628 1520 2981 1590 disseruisse,
3014 1526 3109 1582 sed
3140 1544 3283 1583 nunc
3309 1532 3479 1586 multo
3510 1537 3698 1604 magis.

2115 1608 2296 1679 Ergo,
2338 1609 2382 1663 si
2431 1610 2521 1665 alii
2548 1621 2771 1683 prepter
2800 1630 2919 1670 mea
2966 1616 3179 1672 vincula
3227 1619 3455 1679 fidenter
3502 1634 3698 1694 agunt,

2116 1699 2285 1753 multo
2311 1701 2479 1770 magis
2506 1716 2644 1772 ego;
2674 1702 2719 1757 si
2750 1705 2869 1760 aliis
2900 1705 3134 1761 ﬁdentia:
3159 1723 3320 1764 causa
3358 1726 3499 1776 sum,
3531 1714 3702 1770 multo

2117 1790 2288 1860 magis
2320 1790 2447 1844 mihi
2473 1792 2593 1861 ipsi.
2624 1792 2692 1847 Et
2714 1794 2884 1864 plures
2905 1814 2933 1850 e
2956 1797 3198 1867 fratribus
3224 1800 3278 1854 in
3300 1799 3539 1857 Domino.
3560 1804 3704 1872 Quo-

2118 1882 2259 1937 niam
2289 1899 2537 1955 magnum
2580 1885 2727 1941 dictu
2756 1898 2892 1953 erat,
2941 1905 3057 1945 mea
3087 1892 3191 1946 illis
3220 1894 3427 1948 vincula
3465 1898 3701 1953 animum

2118 1974 2419 2041 addidisse;
2442 1987 2724 2047 propterea
2753 1995 3023 2050 occupans
3051 1982 3207 2052 dixit,
3239 1983 3307 2039 In
3333 1985 3577 2042 Domino.
3613 1990 3703 2045 Vi-

2120 2068 2216 2125 des
2242 2070 2563 2126 necessitate
2609 2074 2772 2126 etiam
2818 2073 2916 2143 ipsi
2946 2075 3192 2143 imposita
3236 2080 3517 2148 magniﬁce
3544 2080 3612 2136 de
3644 2097 3704 2137 se

2121 2159 2414 2230 loquendi,
2442 2176 2601 2232 quam
2649 2171 2825 2218 tamen
2872 2166 3150 2221 modestia:
3179 2184 3286 2223 non
3316 2170 3704 2227 obliviscatur?

2122 2252 2478 2307 Abundantius
2506 2255 2771 2321 auderent,
2806 2256 2995 2327 inquit,
3040 2260 3150 2314 sine
3173 2262 3350 2317 timore
3391 2248 3593 2317 uerbum
3623 2264 3702 2319 lo-

2121 2345 2226 2414 qui.
2255 2344 2388 2398 Dum
2416 2345 2606 2415 inquit,
2636 2347 3007 2416 Abundantius,
3031 2352 3160 2404 satis
3189 2351 3405 2415 indicat,
3428 2354 3548 2408 illos
3563 2357 3705 2423 jam-

2124 2433 2329 2503 pridem
2358 2436 2606 2504 cmpisse.
2640 2438 2729 2493 15.
2763 2438 2979 2504 Quidam
3002 2441 3203 2509 quidem
3230 2424 3704 2514 propter'intn'diam

2125 2534 2174 2579 et
2201 2526 2586 2592 contentionem,
2615 2529 2824 2598 quidam
2866 2546 2979 2585 vero
3010 2541 3057 2584 et
3085 2543 3291 2603 prapter
3316 2535 3498 2589 bonam
3524 2537 3704 2592 volun-

2127 2625 2280 2670 tatem
2341 2617 2593 2672 Christum
2642 2621 2939 2688 proedicant.
3005 2622 3196 2693 Opera:
3252 2626 3479 2695 pretium
3548 2628 3707 2686 fuerit

2131 2720 2477 2777 cognoscere,
2508 2708 2634 2778 quid
2666 2711 2769 2765 hoc
2810 2713 2899 2766 sit.
2929 2711 3061 2767 Cum
3106 2714 3157 2769 in
3185 2716 3414 2771 vinculis
3439 2718 3709 2775 detinere-

2127 2811 2215 2857 tur
2237 2799 2456 2872 Panlus,
2482 2802 2633 2856 multi
2668 2817 2734 2858 ex
2761 2804 3065 2861 inﬁdelibus
3093 2810 3373 2879 cupientes
3413 2826 3538 2867 acre
3589 2814 3707 2869 bel-

2130 2894 2240 2949 lum
2296 2896 2365 2952 ab
2417 2898 2747 2966 lmperatore
2800 2896 3055 2955 adversus
3102 2899 3254 2955 illum
3282 2902 3551 2970 excitare,
3608 2906 3708 2974 ipsi

2128 3000 2340 3057 quoque
2368 2986 2639 3044 Christum
2692 2990 3097 3063 praedicabant,
3148 3001 3206 3046 ut
3241 2992 3581 3063 Imperatoris
3630 2998 3709 3053 ira

2128 3080 2498 3136 vehementior
2534 3082 2726 3149 ﬁeret,
2766 3084 3105 3143 disseminari
3149 3087 3487 3160 evangelium
3532 3090 3708 3144 anim-

2131 3171 2480 3240 adverteritis,
2511 3183 2567 3230 et
2609 3177 2662 3231 in
2698 3176 2852 3232 Pauli
2896 3190 3083 3249 caput,
3116 3180 3369 3251 quidquid
3397 3183 3485 3237 ille
3514 3183 3711 3238 furoris

2131 3265 2488 3333 concepisset,
2514 3267 2803 3323 recideret.
2827 3269 3009 3340 Itaque
3030 3271 3150 3326 duae
3171 3274 3361 3343 agendi
3384 3278 3618 3331 rationes
3638 3291 3710 3331 ex

2132 3355 2360 3409 vinculis
2388 3356 2560 3423 Pauli,
2597 3367 2866 3429 tamquam
2906 3376 2972 3416 ex
3002 3376 3164 3417 causa
3193 3365 3516 3420 exstiterunt
3546 3385 3559 3421 :
3591 3368 3712 3423 aliis

2133 3448 2277 3502 enim
2322 3448 2411 3502 illa
2442 3450 2669 3504 multum
2715 3452 2879 3506 animi
2927 3452 3283 3523 addiderunt;
3314 3457 3447 3512 alios
3479 3474 3610 3513 vero
3659 3459 3714 3515 in

2134 3553 2283 3607 spem
2309 3540 2560 3609 perniciei
2581 3556 2716 3595 mea:
2736 3541 3051 3598 adducenda
3067 3545 3131 3599 ad
3152 3546 3543 3614 prmdieandum
3562 3546 3717 3604 Chri-

2135 3643 2276 3689 stum
2306 3634 2615 3689 invitarunt.
2646 3635 2867 3701 Quidam
2893 3638 3095 3707 quidem
3115 3650 3321 3709 propter
3355 3641 3633 3707 invidiam;
3663 3643 3715 3697 id

2135 3735 2254 3793 est,
2283 3742 2417 3781 mea:
2450 3727 2748 3782 invidentes
2772 3728 2959 3797 gloria:
2988 3737 3042 3784 et
3066 3731 3337 3800 praeclaris
3362 3732 3549 3800 initiis,
3597 3748 3715 3788 me—

2136 3836 2242 3891 que
2263 3820 2529 3891 perditum
2550 3822 2846 3890 cupientes,
2870 3838 3187 3892 mecumque
3225 3834 3539 3894 pugnantes,
3568 3825 3720 3895 adju-

2137 3922 2266 3968 vant
2306 3929 2371 3969 ac
2398 3914 2699 3984 provehunt
2727 3916 2966 3970 actiones
3009 3930 3192 3978 meas;
3224 3917 3310 3971 vel
3355 3917 3455 3986 ipsi
3505 3933 3720 3988 quoque

2139 4007 2359 4063 honoris
2385 4008 2675 4078 cupiditate
2700 4008 2867 4074 ducti,
2893 4022 2956 4063 ac
2999 4016 3246 4078 putantes
3286 4010 3402 4064 fore
3438 4018 3495 4063 ut
3521 4010 3717 4080 aliquid

2138 4104 2207 4158 de
2231 4118 2349 4158 mea
2379 4102 2545 4171 gloria
2573 4101 2884 4171 decerpant.
2931 4101 3149 4168 Quidam
3175 4119 3292 4156 vero
3320 4112 3369 4157 et
3402 4113 3607 4175 propter
3632 4104 3722 4157 bo-

2140 4212 2257 4249 nam
2286 4195 2629 4260 voluntatem;
2658 4193 2710 4248 id
2737 4201 2839 4259 est,
2863 4194 2980 4249 sine
3004 4194 3365 4259 simulatione,
3406 4195 3722 4266 penitusque

2140 4302 2208 4341 ex
2238 4287 2439 4339 animo.
2483 4284 2572 4339 i6.
2629 4283 2853 4352 Quidam
2884 4284 3087 4354 quidem
3124 4301 3187 4339 ea:
3225 4287 3542 4340 contentione
3576 4285 3724 4341 Chri-

2140 4390 2273 4433 stum
2297 4379 2597 4432 annuntiant
2625 4394 2725 4431 non
2753 4379 2985 4442 sincere;
3011 4377 3063 4432 id
3090 4384 3206 4444 est,
3254 4392 3361 4433 non
3386 4394 3517 4447 pure
3554 4389 3721 4449 atque

2142 4472 2384 4542 integre,
2431 4484 2537 4523 non
2564 4480 2787 4539 propter
2827 4484 2943 4524 rem
2973 4469 3165 4538 ipsam,
3215 4469 3313 4524 sed
3352 4471 3493 4524 cur?
3522 4468 3719 4525 Existi-

2141 4572 2333 4617 mantes
2362 4578 2648 4633 pressuram
2668 4561 2913 4615 suscitare
2934 4561 3147 4615 vinculis
3172 4561 3315 4615 meis.
3341 4560 3723 4617 Existimanles

2144 4656 2285 4710 enim
2328 4654 2400 4708 ita
2420 4652 2552 4708 mihi
2584 4653 2759 4723 majus
2784 4653 3078 4723 periculum
3122 4654 3327 4721 creari,
3348 4652 3589 4709 dolorem
3622 4654 3698 4709 do.

2145 4747 2259 4802 lore
2287 4746 2582 4801 cumulant.
2608 4744 2654 4800 Ο
2682 4744 3085 4800 crudelitatem!
3127 4758 3161 4798 o
3185 4744 3509 4800 diabolicum
3554 4745 3737 4823 impe.

2145 4841 2285 4895 tum!
2317 4840 2551 4894 vinetum
2576 4839 2888 4905 cernebant,
2924 4838 3333 4910 eonjeetumque
3350 4839 3402 4894 in
3426 4854 3712 4910 carcerem,

2145 4943 2200 4989 et
2225 4933 2399 4989 adhuc
2438 4934 2748 4989 invidebant
2776 4950 2790 4988 :
2821 4947 3020 5003 augere
3041 4933 3207 5002 ipsius
3233 4932 3599 5000 calamitates,
3629 4913 3744 4990 ve-L

2145 5026 2572 5096 hementiorique
2606 5028 2699 5081 ira:
2725 5025 3019 5081 obnoxium
3060 5025 3288 5081 reddere
3316 5026 3618 5095 cupiebant.
3645 5027 3724 5081 Ac

2144 5128 2289 5175 recte
2310 5119 2467 5184 dixit,
2496 5118 2880 5182 Existimantes;
2908 5131 3016 5172 non
3046 5117 3191 5173 enim
3215 5117 3266 5172 id
3294 5116 3401 5172 illis
3420 5133 3487 5172 ex
3508 5118 3749 5189 sentem;

2144 5211 2217 5266 tia
2237 5210 2514 5266 successit.
2531 5208 2662 5264 Nam
2682 5209 2756 5264 illi
2775 5208 2989 5280 quidem
3008 5207 3109 5262 hac
3130 5223 3191 5263 re
3210 5207 3466 5277 putabant
3482 5207 3723 5263 dolorem
3742 5193 3789 5271 Σ

2145 5301 2277 5356 mihi
2304 5302 2535 5368 afferre;
2562 5316 2664 5372 ego
2686 5316 2818 5357 vero
2848 5299 3108 5371 evangelii
3157 5314 3439 5370 progressu
3482 5299 3721 5354 laetabar.

2144 5396 2221 5452 Ita
2248 5395 2517 5451 interdum
2547 5404 2654 5462 est,
2679 5409 2804 5449 cum
2831 5408 2967 5464 opus
2990 5392 3187 5447 bonum
3216 5405 3321 5445 non
3348 5405 3413 5445 ex
3438 5389 3578 5444 bono
3600 5404 3725 5459 pro-

2137 5488 2319 5557 posito
2348 5486 2445 5551 ﬁt;
2478 5500 2577 5540 nec
2604 5484 2764 5539 modo
2792 5484 2936 5538 nulla
2967 5483 3043 5537 illi
3072 5497 3280 5537 merces
3308 5491 3389 5536 est
3420 5480 3722 5549 preposita,

2143 5582 2239 5639 sed
2279 5581 2600 5652 supplicium
2630 5586 2828 5634 manet.
2858 5576 2994 5631 Nam
3023 5575 3273 5646 quoniam
3305 5574 3424 5629 ideo
3453 5571 3723 5628 Christum

2143 5676 2524 5751 prazdicabaut,
2568 5672 2712 5744 quod
2739 5670 2936 5728 Christi
2978 5668 3382 5739 praedicatorem
3421 5667 3474 5721 in
3519 5665 3723 5733 majora

2143 5772 2378 5845 pericula
2395 5771 2698 5841 conjectum
2719 5766 2951 5831 vellent;
2974 5780 3080 5819 non
3104 5762 3266 5824 modo
3285 5761 3483 5819 nullam
3510 5759 3727 5830 capient

2144 5866 2479 5935 mercedem,
2520 5861 2613 5921 sed
2656 5859 2815 5919 etiam
2859 5855 3122 5930 supplicio
3152 5863 3309 5914 erunt
3352 5852 3607 5921 obnoxii,
3660 5859 3726 5901 ac
