4100 6412
370 420 463 476 191

367 538 618 608 φέροντα.
660 533 775 589 Οὐκ
801 531 936 605 ἐμοῦ
964 533 1150 587 ἕνεκεν
1187 534 1360 589 ταῦτα
1394 535 1557 605 λέγω,
1602 536 1790 608 φησὶν,
1824 536 1938 590 ἀλλ’

369 633 522 702 ὑμῶν
552 631 736 685 αὑτῶν
755 648 770 662 ⁸
834 632 953 696 δέος
984 633 1095 705 γὰρ
1129 635 1202 705 μή
1237 651 1322 697 τις
1357 633 1688 705 παραφθαρῇ
1716 633 1821 687 ὑπὸ
1844 633 1945 703 τῆς

365 730 474 783 τῶν
518 728 812 799 αἱρετικῶν
854 729 1096 799 ἀγάπης.
1145 729 1315 783 Τοῦτο
1361 730 1471 798 γὰρ
1500 729 1621 783 ὅλον
1654 729 1946 783 αἰνίττεται

364 823 441 895 τῷ
471 822 645 886 οὑτως
668 822 865 876 εἰπεῖν.
892 822 999 875 Καὶ
1036 821 1139 894 ὅρα
1178 821 1295 886 πῶς
1318 823 1449 877 αὑτὸ
1478 822 1693 894 τίθησιν
1717 839 1731 853 ⁸
1763 821 1838 875 Οὑ
1873 820 1943 874 δι’

364 920 484 987 ἐμὲ,
522 919 677 991 φησὶ,
726 917 903 973 ταῦτα
953 917 1119 987 λέγω,
1152 920 1266 973 ἀλλ’
1307 921 1408 976 ἵνα
1444 916 1550 989 ἦτε
1580 918 1751 989 ὑμεῖς
1798 919 1946 972 εἱλι-

366 1017 619 1085 κρινεῖςο
656 1017 960 1081 τουτέστιν,
988 1016 1110 1071 Ἵνα
1142 1016 1319 1088 μηδὲν
1346 1019 1498 1072 νόθον
1530 1017 1703 1086 δόγμα
1729 1014 1807 1086 τῷ
1848 1014 1948 1084 τῆς

366 1114 587 1183 ἀγάπης
625 1114 974 1185 προσχήματι
1000 1113 1399 1187 παραδέχησθε.
1430 1114 1556 1177 Πῶς
1582 1111 1675 1167 οῦν
1708 1109 1943 1181 ἀλλαχοῦ

369 1227 554 1281 φησιν,
593 1213 661 1265 El
685 1209 971 1276 δυνατὸν,
1000 1210 1150 1280 μετὰ
1173 1211 1418 1265 πάντων
1444 1210 1773 1279 ἀνθρώπων
1798 1210 1948 1273 εἰρη-

368 1309 611 1371 νεύετε;
634 1308 1008 1376 Εἱρηνεύετε,
1039 1304 1213 1372 εἶπεν,
1237 1310 1296 1362 οὑ
1316 1308 1474 1362 τοῦτο
1499 1308 1699 1380 δηλῶν,
1725 1308 1806 1359 ὅτι
1831 1305 1944 1373 Οὐχ

369 1404 544 1467 οὕτως
595 1404 869 1477 ἀγαπᾶτε,
900 1401 1040 1457 ὥστε
1081 1405 1185 1458 ὑπὸ
1222 1405 1324 1475 τῆς
1369 1404 1554 1474 φιλίας
1590 1399 1946 1475 βλάπτεσθαιο

370 1503 442 1557 El
467 1503 580 1571 τὰρ
615 1503 649 1555 ό
677 1501 987 1571 ὀφθαλμός
1009 1518 1127 1556 σου
1155 1500 1187 1555 ὁ
1221 1501 1420 1566 δέξιὸς
1446 1498 1828 1559 σκανδαλίζει
1853 1514 1947 1565 σε,

371 1596 559 1669 φησὶν,
592 1597 863 1665 ἔκκοψον
892 1597 1100 1660 αὐτόν,
1146 1597 1247 1651 καὶ
1287 1596 1446 1662 βάλε
1474 1596 1595 1651 ἀπὸ
1627 1594 1745 1649 σοῦ
1764 1610 1777 1624 ’
1807 1593 1946 1659 ἀλλ’,

373 1696 501 1751 Ἵνα
536 1690 642 1765 ἦτε
691 1694 1057 1763 εἰλικρινεῖς,
1101 1694 1162 1748 τδ
1198 1694 1340 1751 κατὰ
1376 1694 1507 1749 Θεὸν
1557 1691 1825 1764 δηλονότι,
1856 1691 1951 1744 καὶ

370 1794 775 1860 ἀπρόσκοποι,
804 1790 866 1844 τὸ
890 1788 1031 1844 κατά
1050 1787 1390 1859 ἀνθρώπους.
1416 1789 1652 1852 Πολλοὺς
1686 1788 1796 1859 γὰρ
1824 1787 1952 1839 πολ-

372 1889 532 1951 λάκις
566 1888 623 1940 αἱ
675 1886 850 1955 φιλίαι
905 1885 1254 1957 βλάπτουσιν.
1318 1886 1382 1940 El
1417 1885 1526 1958 γὰρ
1550 1886 1646 1941 καὶ
1695 1887 1756 1938 σὲ
1798 1883 1952 1938 οὐδὲν

374 1984 625 2057 βλάπτει,
660 1983 847 2053 φησὶν,
884 1982 1000 2036 ἀλλ’
1032 1982 1222 2054 ἐτερος
1272 1983 1632 2056 προσκόπτει.
1674 1983 1782 2049 Εις
1810 1980 1954 2050 ἠμέ-

366 2097 489 2149 [ar
514 2077 805 2148 Χριστοῦ·
835 2077 1132 2145 τουτέστιν,
1170 2078 1289 2132 Ἵνα
1323 2078 1447 2132 τότε
1480 2078 1740 2149 εὑρεθῆτε
1776 2077 1950 2131 καθα-

379 2178 498 2249 ροὶ,
543 2176 746 2248 μηδένα
785 2175 1235 2240 σκανδαλίσαντες
1257 2192 1271 2205 ·
1303 2173 1770 2245 Πεπληρωμένοι
1815 2188 1955 2239 καρ-

376 2274 508 2329 πῶν
554 2273 947 2341 δικαιοσύνης
991 2273 1111 2327 τῶν
1156 2273 1253 2330 διὰ
1280 2273 1486 2343 Ἰησοῦ
1532 2271 1814 2342 Χριστοῦ,
1865 2273 1951 2336 είς

376 2381 566 2446 δόξαν
601 2380 699 2435 καὶ
728 2381 981 2435 ἔπαινον
1012 2378 1196 2435 Θεοῦ·
1240 2381 1487 2434 τουτέστι
1527 2378 1667 2451 μετὰ
1696 2378 1804 2432 τῶν
1834 2379 1956 2446 δογ-

382 2481 568 2550 μάτων
603 2479 698 2531 καὶ
747 2477 859 2547 βίον
893 2476 1053 2549 ὀρθὸν
1082 2477 1318 2548 ἔχοντες.
1342 2478 1416 2532 Οὑ
1448 2476 1557 2549 γὰρ
1587 2476 1773 2540 ἁπλῶς
1795 2476 1955 2547 ὀρθὸν

377 2573 519 2630 εἶναι
557 2576 685 2647 χρὴ,
734 2574 868 2628 ἀλλά
900 2573 1296 2645 πεπληρῶσθαι
1325 2574 1555 2645 καρπῶν
1585 2571 1951 2643 δικαιοσύνης.

382 2674 536 2726 Ἐστι
572 2670 681 2741 γὰρ
723 2668 1061 2739 δικαιοσύνη,
1096 2668 1211 2722 ἀλλ’
1241 2668 1303 2721 οὑ
1352 2668 1493 2723 κατά
1534 2667 1793 2740 Χριστὸν,
1845 2660 1956 2719 οἷον

380 2768 491 2840 βίος
530 2767 715 2830 ἁπλῶς
751 2766 1041 2838 ἐνάρετος·
1088 2764 1249 2822 ἀλλὰ.
1289 2762 1412 2819 Τῶν
1448 2764 1548 2819 διὰ
1588 2764 1788 2833 Ἰησοῦ
1820 2765 1958 2832 Χρι-

377 2864 550 2929 στοῦ,
581 2863 766 2934 φησὶν,
796 2866 885 2927 εὶς
924 2860 1114 2925 δόξαν
1143 2859 1243 2914 καὶ
1294 2858 1546 2916 ἔπαινον
1578 2858 1747 2913 Θεοῦ.
1794 2856 1959 2927 Ὁρᾷς

377 2963 460 3016 ὅτι
491 2960 555 3013 οὑ
581 2960 679 3031 τὴν
707 2957 947 3030 ἐμαυτοῦ
991 2957 1149 3021 δόξαν
1194 2956 1360 3023 λέγω,
1394 2954 1530 3009 ἀλλά
1558 2956 1657 3027 τὴν
1700 2954 1794 3008 τοῦ
1821 2952 1956 3008 Θεοῦ

379 3054 727 3123 δικαιοσύνην
752 3072 766 3119 ;
807 3053 1083 3124 Πολλαχοῦ
1103 3053 1161 3106 δέ
1190 3052 1535 3124 δικαιοσύνην
1558 3054 1653 3106 καὶ
1679 3053 1777 3122 τὴν
1803 3051 1958 3122 ἐλεη-

384 3152 621 3223 μοσύνην
666 3152 835 3220 λέγει.
870 3152 963 3221 Μὴ
1010 3149 1455 3221 παραϐλαπτέτω
1494 3150 1660 3220 ὑμᾶς,
1705 3149 1889 3217 φησὶν,
1923 3147 1958 3217 ἡ

381 3253 572 3322 ἀγάπη
608 3251 745 3322 πρὸς
772 3250 835 3302 τὸ
860 3249 1059 3303 ειδέναι
1087 3251 1158 3301 τὰ
1181 3248 1550 3320 συμφέροντα,
1583 3246 1740 3318 μηδὲ,
1770 3244 1958 3315 ἐπειδὴ

380 3349 473 3401 τὸν
504 3349 653 3401 δεῖνα
700 3345 898 3415 φιλεῖς,
950 3345 1269 3416 καταπέσης
1322 3342 1492 3415 [204].
1535 3342 1806 3413 Βούλομαι
1857 3342 1960 3412 μὲν

382 3444 712 3509 αὐξάνεσθαι
745 3442 844 3513 τὴν
879 3439 1102 3510 ἀγάπην
1135 3439 1314 3510 ὑμῶν,
1344 3439 1443 3509 οὑχ
1467 3437 1610 3492 οὕτω
1651 3438 1853 3509 μέντοι,
1884 3436 1960 3499 ὡς

384 3542 479 3594 καὶ
515 3537 848 3611 βλάπτεσθαι
869 3552 884 3566 ο
917 3535 1012 3589 καὶ
1040 3537 1138 3605 οὑχ
1166 3534 1353 3599 ἁπλῶς
1386 3534 1648 3605 βούλομαι
1670 3530 1959 3603 προλήψει,

383 3637 521 3695 ἀλλά
564 3636 989 3706 δοκιμάσαντας,
1039 3635 1089 3685 εἰ
1136 3634 1297 3702 ἡμεῖς
1348 3631 1529 3693 καλῶς
1573 3630 1823 3699 λέγομεν.
1854 3629 1963 3682 Καὶ

383 3738 485 3790 οὑκ
510 3730 681 3798 εἶπεν,
706 3733 822 3787 Ἵνα
844 3731 913 3784 τὰ
938 3729 1181 3800 ἡμέτερα
1205 3729 1456 3799 αἱρῆσθε,
1486 3726 1624 3793 ἀλλ’,
1647 3727 1773 3781 Ἵνα
1798 3725 1961 3779 δοκι-

380 3832 619 3905 μάζητε.
658 3832 767 3885 Καὶ
795 3831 897 3883 οὑκ
929 3825 1050 3883 εἷπε
1093 3825 1372 3898 φανερῶς,
1407 3825 1500 3895 Μὴ
1543 3823 1622 3894 τῷ
1651 3823 1784 3877 δεῖνι
1824 3824 1963 3893 πλη-

388 3929 603 3993 σιάζετε
623 3944 636 3958 ·
670 3926 827 3992 ἀλλὰ,
852 3925 995 3998 Πρὸς
1022 3925 1085 3978 τὸ
1111 3923 1388 3995 συμφέρον
1422 3920 1683 3992 βούλομαι
1705 3922 1834 3991 ὑμῖν
1864 3920 1963 3991 τὴν

387 4027 609 4097 ἀγάπην
655 4022 926 4093 γίνεσθαι,
971 4022 1071 4093 οὐχ
1122 4022 1210 4075 ἴνα
1256 4018 1597 4089 ἀναισθήτως
1644 4016 1959 4087 διακέησθε.

401 4123 654 4191 ’Δνὸητον
684 4132 712 4162 ι
740 4119 870 4191 γάρ,
897 4121 947 4173 εἰ
997 4120 1072 4190 μὴ
1104 4117 1191 4172 διὰ
1222 4116 1457 4189 Χριστὸν
1485 4115 1586 4186 τὴν
1615 4112 1966 4182 δικαιοσύνην

389 4220 708 4294 ἐργάζεσθε,
736 4220 831 4273 καὶ
862 4218 929 4271 δι’
961 4216 1148 4271 αὑτοῦ.
1184 4216 1315 4270 Ἰδοὺ
1343 4216 1421 4279 τὸ,
1456 4216 1533 4268 Δι’
1563 4212 1750 4278 αὑτοῦ,
1779 4212 1960 4266 πάλιν.

387 4315 536 4390 *Αρα
563 4312 655 4371 οὖν
682 4314 943 4386 ὑπουργῷ
976 4314 1243 4385 κέχρηται
1286 4312 1365 4383 τῷ
1394 4312 1550 4382 Θεῷ;
1579 4312 1797 4378 Ἀπαγε
1816 4326 1830 4339 ·
1865 4310 1964 4379 οὐχ

390 4416 479 4470 ἴνα
516 4414 648 4482 ἐγὼ,
683 4412 873 4484 φησὶν,
921 4409 1216 4474 ἐπαινεθῶ,
1263 4408 1437 4470 οὑτως
1465 4403 1640 4471 εἷπον,
1670 4405 1785 4459 ἀλλ’
1818 4404 1908 4457 ἵνα
1936 4404 1966 4456 ὁ

390 4516 523 4579 Θεὸς
584 4512 900 4582 δοξάζηται.
953 4507 1287 4563 Γινώσκειν
1324 4505 1392 4559 δὲ
1446 4503 1601 4574 ὑμᾶς
1642 4503 1963 4570 βούλομαι,

390 4610 665 4681 ἀδελφοὶ,
699 4608 788 4662 ὅτι
820 4607 893 4661 τὰ
933 4604 1060 4660 κατ’
1110 4603 1217 4674 ἐμὲ
1263 4601 1506 4672 μᾶλλον
1531 4602 1620 4667 εὶς
1647 4597 1967 4668 προκοπὴν

391 4710 498 4764 τοῦ
534 4704 899 4776 Εὐαγτελίου
944 4701 1265 4770 ἐλήλυθεν.
1295 4699 1479 4753 ’Ὠστε
1517 4696 1661 4762 τοὺς
1707 4693 1969 4763 δεσμούς

387 4825 506 4879 μου
546 4802 845 4874 φανεροὺς
894 4800 964 4853 ὲν
1018 4796 1252 4867 Χριστῷ
1290 4794 1568 4865 γενέσθαι
1617 4792 1687 4845 ἐν
1730 4791 1852 4858 ὅλῳ
1889 4790 1970 4856 τῷ

391 4903 740 4975 πραιτωρίῳ,
767 4896 867 4953 καὶ
891 4896 1018 4963 τοῖς
1044 4894 1278 4960 λοιποῖς
1314 4893 1526 4948 πᾶσιν.

469 5088 535 5157 β’.
574 5084 735 5148 Εἰκὸς
752 5077 820 5154 ἦν
841 5079 1179 5143 ἀκούσαντας
1194 5080 1275 5133 ὅτι
1301 5078 1529 5142 δέδεται,
1545 5077 1751 5146 ἀλγεῖν,
1776 5077 1871 5131 καὶ
1887 5095 1973 5130 νο-

399 5185 577 5257 μίζειν
622 5180 989 5251 ἐγκόπτεσθαι
1030 5178 1092 5232 τὸ
1124 5180 1405 5250 κήρυγμα.
1437 5177 1501 5230 Τί
1530 5173 1624 5230 οὖν
1659 5178 1834 5241 ποιεῖ;
1870 5176 1973 5228 Εὑ-

396 5283 533 5345 θὲως
583 5281 787 5350 ταύτην
834 5280 1051 5349 ἀναιρεῖ
1094 5274 1192 5344 τὴν
1242 5275 1499 5344 ὑποψίαν,
1542 5272 1636 5325 καί
1679 5287 1846 5342 φησι*
1890 5268 1975 5325 Τὰ

400 5379 530 5432 κατ’
562 5375 668 5446 ἐμὲ
695 5374 937 5446 μᾶλλον
967 5374 1055 5439 εὶς
1102 5369 1419 5440 προκοπὴν
1464 5369 1571 5424 τοῦ
1599 5365 1972 5437 Εὐαγγελίου

399 5472 682 5541 ἐλήλυθε.
717 5471 826 5524 Καὶ
849 5468 1008 5523 τοῦτο
1030 5469 1089 5522 δέ
1114 5466 1414 5538 φιλοῦντος,
1449 5466 1511 5519 τὸ
1538 5465 1605 5519 τὰ
1635 5463 1756 5518 καθ’
1785 5463 1972 5517 ἐαυτὸν

399 5568 594 5640 δηλοῦν
645 5570 847 5632 αὑτοῖς,
887 5566 984 5621 ἀτε
1028 5565 1352 5637 μεριμνῶσι.
1385 5565 1450 5617 Τί
1492 5564 1710 5633 λέγεις;
1742 5562 1970 5626 δέδεσαι,

296 5691 307 5704 ·
401 5665 773 5736 ἐνεποδίσθης,
832 5665 927 5717 καὶ
979 5663 1096 5726 πῶς
1145 5662 1208 5717 τὸ
1260 5659 1589 5731 Εὑαγγέλιον
1628 5658 1969 5727 ἐπιδίδωσιν;

470 5886 494 5915 ι
523 5874 689 5924 Mallet
706 5873 927 5929 ἀνόνητον
948 5868 1179 5920 Βυηευδ.

1295 417 1361 472 IN
1403 416 1618 475 EPIST.
1664 417 1751 472 AD
1783 418 2067 475 PIIILIPP.
2107 417 2258 478 CAP.
2299 418 2341 473 l.
2406 418 2637 475 IIOMIL.
2677 418 2739 475 Π.

3521 423 3620 479 I92

2052 537 2234 591 Ὥστε
2261 537 2402 604 τοὺς
2437 537 2701 608 δεσμούς
2740 554 2882 606 μου,
2914 536 3068 607 φησὶ,
3122 538 3419 607 φανεροὺς
3450 540 3618 611 γενέ-

2046 638 2188 690 σθαι
2214 634 2356 701 τοὺς
2378 635 2449 688 ἐν
2475 632 2706 704 Χριστῷ
2733 634 2803 687 ἐν
2826 633 2946 701 ὅλῳ
2973 632 3054 699 τῷ
3078 636 3424 703 πραιτωρίῳ,
3451 636 3623 689 Τοῦτο

2049 733 2112 787 οὑ
2175 734 2339 805 μόνον
2380 735 2481 787 οὑκ
2520 732 2844 804 ἐπεστόμισε
2873 735 3001 797 τοὺς
3042 733 3235 797 ἀλλους
3266 734 3387 787 οὐδὲ
3416 734 3648 805 δειλοὺςε

2050 802 2326 903 ἐποίησεν,
2353 832 2467 887 ἀλλ’
2497 832 2629 887 αὑτὸ
2655 802 2813 885 τοῦτο
2840 832 2935 884 καὶ
2962 831 3159 902 μᾶλλον
3187 802 3649 904 παρεθάρρυνεν.⁸

2050 930 2114 982 EE
2144 929 2325 984 τοίνυν
2354 931 2405 984 οἱ
2425 930 2653 1000 πλησίον
2681 929 2832 992 ὄντες
2858 928 2967 984 τῶν
2989 927 3248 982 κινδύνων
3281 928 3441 999 μόνον
3470 928 3625 983 οὐδὲν

2050 1026 2381 1098 ἐθλάϐησαν,
2421 1026 2558 1081 ἀλλά
2604 1028 2699 1080 καὶ
2736 1025 2900 1079 πλέον
2944 1025 3143 1097 θάρσος
3190 1024 3399 1092 ἔλαϐον,
3446 1026 3628 1097 πολλῷ

2054 1122 2258 1194 μᾶλλον
2278 1124 2424 1193 ὑμᾶς
2451 1121 2674 1194 θαρρεῖν
2699 1122 2829 1194 χρή.
2857 1121 2921 1175 Εἰ
2954 1122 3051 1192 μὲν
3085 1121 3193 1193 γὰρ
3220 1121 3396 1185 δεθεὶς
3427 1122 3629 1187 ἀθλίως

2051 1218 2271 1288 ἦνεγκε,
2306 1216 2403 1271 καὶ
2436 1217 2714 1287 ἐσίγησεν,
2736 1216 2887 1281 εἰκὸς
2918 1212 2985 1288 ἦν
3009 1218 3106 1271 καὶ
3136 1217 3377 1281 ἐκείνους
3408 1218 3470 1271 τὸ
3497 1219 3630 1272 αὑτὸ

2050 1313 2263 1368 παθεῖν’
2300 1315 2348 1367 εί
2380 1314 2437 1367 δέ
2484 1313 2659 1378 δεθεὶς
2703 1314 2869 1368 πλέον
2907 1314 3369 1386 ἐπαρρησιάζετο,
3426 1315 3628 1387 μᾶλλον

2050 1411 2235 1474 αὑτοῖς
2265 1410 2467 1482 θάρσος
2513 1409 2733 1473 ἔδωκεν,
2775 1409 2810 1480 ἢ
2856 1410 2906 1462 εί
2954 1409 3031 1481 μὴ
3077 1410 3256 1481 ἐδέθη.
3288 1410 3413 1474 Πῶς
3454 1411 3510 1465 δέ
3550 1413 3631 1475 είς

2051 1504 2334 1576 προκοπὴν
2368 1504 2462 1558 τοῦ
2498 1503 2832 1573 Εὑαγγελίου
2853 1504 3043 1574 γέγονε
3066 1505 3136 1558 τά
3168 1505 3375 1577 δεσμά;
3412 1506 3470 1559 '0
3498 1505 3633 1568 Θεὸς

2050 1600 2210 1654 τοῦτο
2235 1600 2574 1672 ᾠκονόμησε,
2603 1599 2787 1670 φησὶν,
2813 1598 2955 1654 ὥστε
2985 1600 3060 1672 μὴ
3102 1599 3285 1654 λαθεῖν
3313 1602 3440 1665 τοὺς
3464 1602 3633 1672 ἐμοὺς

2052 1698 2304 1768 δεσμοὺς,
2329 1699 2454 1761 τοὺς
2478 1699 2537 1752 ἐν
2561 1694 2803 1768 Χριστῷ,
2835 1696 2962 1761 τοὺς
2984 1697 3072 1750 διά
3094 1696 3350 1767 Χριστόν,
3387 1698 3482 1751 Ἐν
3512 1696 3637 1764 ὅλῳ

2052 1793 2132 1860 τῷ
2168 1793 2513 1863 πραιτωρίῳ.
2546 1792 2697 1857 Τέως
2729 1791 2839 1865 γὰρ
2877 1790 3050 1857 οὑτως
3097 1793 3323 1848 ἐκάλουν
3373 1793 3443 1847 τά
3482 1792 3636 1864 βασί-

2053 1889 2191 1943 λεια.
2227 1888 2362 1943 Οὑδέ
2405 1888 2476 1941 ἐν
2501 1885 2582 1953 τῷ
2608 1888 2938 1957 πραιτωρίῳ
2969 1890 3153 1961 μόνον,
3187 1889 3325 1946 ἀλλά
3360 1890 3456 1943 καὶ⁸
3480 1892 3539 1945 ἐν
3562 1891 3635 1962 τῇ

2055 1989 2231 2053 πόλει,
2261 1988 2416 2057 φησὶ,
2450 1989 2620 2061 πάσῃ.
2656 1987 2769 2042 Καὶ
2799 1988 2943 2055 τοὺς
2976 1990 3265 2055 πλείονας
3301 1989 3421 2043 τῶν
3454 1989 3635 2045 ἁδελ-

2054 2085 2184 2156 φῶν
2239 2086 2308 2139 ἐν
2375 2087 2568 2153 Κιιρίῳ
2629 2087 2988 2154 πεποιθότας
3040 2086 3166 2154 τοῖς
3217 2087 3462 2158 δεσμοῖς
3515 2104 3636 2157 μου

2055 2183 2496 2253 περισσοτέρως
2524 2181 2755 2252 τολμᾷν
2789 2184 3026 2253 ἀφόϐως
3055 2184 3162 2239 τὸν
3191 2186 3379 2255 λόγον
3399 2183 3633 2239 λαλεῖν.

2055 2285 2305 2335 Δείκνυσι
2354 2281 2535 2343 τοῦτο,
2592 2282 2676 2333 ὅτι
2739 2282 2835 2334 καὶ
2890 2282 3157 2352 πρότερον
3200 2281 3489 2354 ἐθάρρουν,
3540 2279 3637 2334 καὶ

2059 2379 2196 2450 μετὰ
2234 2376 2548 2449 παρρησίας
2595 2374 2917 2444 διελέγοντο,
2964 2376 3060 2431 νῦν
3092 2377 3151 2430 δέ
3211 2377 3394 2448 πολλῷ
3449 2372 3632 2431 πλέον.

2058 2479 2121 2531 Εἰ
2152 2475 2299 2529 ἄλλοι
2332 2474 2533 2539 τοίνυν,
2573 2475 2728 2545 φησι,
2755 2473 2846 2527 διὰ
2870 2476 3000 2538 τοὺς
3037 2475 3206 2546 ἐμοὺς
3237 2474 3471 2546 δεσμοὺς
3501 2475 3635 2547 θαρ-

2060 2573 2234 2646 ροῦσι,
2258 2571 2439 2642 πολλῷ
2477 2570 2678 2641 μᾶλλον
2702 2569 2844 2639 ἐγώ·
2875 2572 2926 2623 εἰ
2958 2571 3138 2636 ἄλλοις
3168 2572 3287 2642 εἰμὶ
3314 2571 3487 2635 αἴτιος
3505 2571 3638 2642 θάρ-

2060 2689 2207 2735 σους,
2243 2669 2423 2739 πολλῷ
2451 2668 2651 2739 μᾶλλον
2687 2668 2931 2739 ἐμαυτῷ.
2991 2668 3101 2722 Καὶ
3153 2649 3319 2734 τοὺς
3349 2669 3639 2735 πλείονας

2057 2767 2177 2822 τῶν
2205 2763 2488 2834 ἀδελφῶν
2524 2764 2593 2817 ἐν
2642 2764 2857 2833 Κυρίῳ.
2903 2763 3124 2836 Ἐπειδὴ
3159 2766 3304 2835 μέγα
3343 2760 3413 2836 ἦν
3457 2763 3520 2818 τὸ
3558 2768 3642 2819 εὶ-

2060 2866 2203 2928 πεῖν,
2236 2863 2318 2915 ὅτι
2345 2862 2408 2915 Οἱ
2435 2860 2559 2931 ἐμοὶ
2588 2860 2778 2931 δεσμοὶ
2794 2861 2995 2933 θάρσος
3017 2862 3204 2926 αὑτοῖς
3234 2864 3517 2933 παρεῖχον,
3550 2863 3641 2918 διά

2059 2962 2218 3016 τοῦτο
2258 2957 2545 3028 προλαϐὼν
2586 2952 2759 3010 εἶπεν·
2802 2958 2901 3009 Ἐν
2930 2958 3147 3027 Κυρίῳ.
3191 2957 3355 3030 ὐρᾷς
3389 2959 3508 3022 πῶς
3546 2958 3643 3013 καὶ

2060 3058 2311 3125 ἀνάγκην
2339 3056 2478 3127 ἔχων
2504 3055 2597 3110 τοῦ
2625 3055 3045 3127 μεγαληγορεῖν,
3066 3054 3161 3109 τοῦ
3200 3055 3517 3127 μετριάζειν
3542 3054 3644 3107 οὑκ

2059 3153 2388 3224 ἀφίσταται;
2441 3152 2889 3221 Περισσοτέρως
2949 3151 3201 3222 τολμᾷν,
3252 3151 3401 3224 [205]
3456 3152 3641 3221 φησὶν,

2061 3251 2301 3322 ἀφόϐως
2338 3250 2446 3304 τὸν
2498 3252 2687 3319 λόγον
2738 3248 2974 3305 λαλεῖν.
3027 3250 3122 3315 Τὸ,
3174 3248 3641 3318 Περισσοτέρως,

2062 3345 2370 3409 δεικνύντος
2404 3346 2574 3410 ἐστὶν,
2622 3347 2704 3399 ὅτι
2760 3344 2860 3416 ἠδη
2897 3344 3150 3416 ἤρξαντο.
3199 3343 3364 3411 Τινὲς
3390 3344 3507 3413 μὲν
3543 3343 3644 3398 καί

2062 3444 2161 3498 διὰ
2191 3446 2423 3514 φθόνον
2456 3442 2556 3497 καὶ
2607 3443 2756 3510 ἔριν,
2788 3444 2950 3508 τινὲς
2994 3442 3064 3494 δὲ
3118 3440 3215 3495 καὶ
3256 3441 3330 3494 δι’
3360 3440 3648 3494 εὐδοκίαν

2062 3538 2171 3593 τὸν
2201 3539 2463 3607 Χριστὸν
2494 3539 2900 3605 κηρύσσουσι.
2931 3535 2997 3589 Τί
3017 3535 3082 3606 δὴ
3110 3535 3269 3589 τοῦτό
3298 3537 3466 3601 ἐστιν,
3496 3535 3647 3600 ἄξιον

2066 3637 2281 3709 μαθεῖν.
2332 3636 2551 3706 Ἐπειδὴ
2610 3633 2915 3705 κατεσχέθη
2949 3635 2977 3687 ό
3022 3631 3254 3697 Παῦλος,
3285 3633 3377 3685 τὸν
3408 3631 3647 3702 πόλεμον

2063 3734 2276 3803 ἐγεῖραι
2309 3731 2623 3802 βουλόμενοι
2660 3729 2888 3801 σφοδρὸν
2920 3728 3011 3782 τὸν
3044 3728 3198 3801 παρὰ
3226 3728 3322 3783 τοῦ
3378 3728 3647 3799 βασιλέως

2064 3828 2252 3881 πολλοὶ
2282 3827 2391 3881 τῶν
2429 3826 2695 3894 ἀπίστων,
2727 3828 2821 3880 καὶ
2849 3826 3004 3879 αὑτοὶ
3022 3826 3115 3879 τὸν
3145 3826 3382 3897 Χριστὸν
3414 3827 3648 3896 ἐκήρυτ-

2066 3942 2158 3978 τον
2177 3940 2192 3955 °
2225 3924 2368 3978 ὥστε
2410 3921 2637 3995 μείζονα
2684 3922 2938 3992 γενέσθαι
2969 3923 3049 3994 τῷ
3078 3922 3291 3993 βασιλεῖ
3323 3921 3423 3994 τὴν
3452 3923 3645 3995 ὀργὴν,

2064 4021 2163 4077 ἆτε
2208 4021 2302 4075 τοῦ
2348 4020 2707 4092 κηρύγματος
2747 4019 3221 4091 διασπειρομένου,
3280 4021 3376 4075 καὶ
3430 4022 3510 4084 εἰς
3549 4020 3650 4092 τὴν

2064 4116 2162 4171 τοῦ
2196 4116 2412 4171 Παύλου
2451 4116 2695 4189 κεφαλὴν
2731 4115 2795 4169 10
2828 4117 2938 4170 πᾶν
2982 4116 3157 4170 ἐλθεῖν
3184 4115 3280 4169 τοῦ
3313 4116 3509 4186 θυμοῦ.
3542 4117 3651 4170 Δύο

2065 4215 2244 4268 τοίνυν
2279 4212 2612 4285 προφάσεων
2638 4214 2927 4282 γεγόνασιν
2969 4214 3018 4267 οἱ
3048 4214 3242 4285 δεσμοὶ
3292 4213 3479 4268 αἴτιοι.
3524 4214 3652 4277 Τοῖς

2072 4312 2171 4383 μὲν
2203 4311 2312 4383 γὰρ
2346 4310 2544 4382 θάρσος
2577 4313 2841 4381 παρεῖχον
2875 4312 3036 4377 πολὺ,
3069 4312 3197 4375 τοὺς
3234 4310 3293 4365 δέ
3341 4310 3423 4374 είς
3462 4310 3652 4364 ἐλπίδα

2066 4409 2294 4477 ἄγοντες
2321 4406 2425 4477 τῆς
2471 4406 2614 4477 ἐμῆς
2659 4407 2958 4473 ἀπωλείας,
2993 4406 3414 4478 παρεσκεύασαν
3445 4406 3651 4479 κηρύτ-

2066 4521 2182 4559 τειν
2211 4504 2303 4557 τὸν
2328 4502 2584 4575 Χριστόν.
2621 4503 2787 4571 Τίνες
2810 4505 2929 4573 μὲν
2956 4503 3055 4557 διὰ
3084 4504 3343 4574 φθόνονο
3381 4504 3649 4573 τουτέστι,

2069 4599 2393 4671 φθονοῦντες
2432 4602 2500 4671 τῇ
2553 4598 2681 4673 δόξῃ
2732 4602 2800 4672 τῇ
2852 4600 2959 4672 ἐμῇ
2991 4599 3085 4653 καὶ
3122 4602 3189 4671 τῇ
3239 4599 3513 4664 ἐνστάσει,
3556 4602 3689 4673 καὶ,

2072 4696 2385 4769 βουλόμενοί
2416 4713 2483 4767 με
2508 4695 2807 4750 ἀπολέσθαι
2829 4697 2924 4771 καὶ
2940 4696 3211 4767 ἐρίζοντές
3239 4713 3352 4767 μοι,
3375 4697 3654 4768 συμπράτ-
3684 4683 3691 4691 ’

2070 4810 2254 4847 τουσιν
2284 4791 2437 4864 ἐμοί·
2476 4791 2510 4863 ἢ
2543 4790 2685 4846 ὥστε
2723 4794 2819 4847 καὶ
2851 4792 3005 4847 αὑτοὶ⁸
3030 4793 3316 4865 τιμᾶσθαι,
3349 4794 3444 4847 καὶ
3468 4794 3653 4866 οἰόμε-

2071 4908 2152 4945 νοι
2183 4889 2484 4960 παρασπᾷν
2511 4906 2565 4943 τι
2592 4890 2692 4961 τῆς
2718 4890 2877 4961 δόξης
2921 4890 3023 4961 τῆς
3049 4890 3210 4963 ἐμῆς.
3265 4891 3431 4957 Τινὲς
3459 4890 3528 4945 δὲ
3554 4890 3652 4946 καὶ

2071 4986 2145 5041 δι’
2175 4985 2477 5040 εὐδοκίαν
2506 4985 2774 5053 τουτέστι,
2802 4986 2971 5057 χωρὶς
2989 4987 3349 5058 ὑποκρίσεως,
3377 4987 3486 5040 ἀπὸ
3513 5005 3648 5058 προ-

2073 5084 2272 5157 θυμίας
2300 5083 2539 5155 ἁπάσης.
2595 5087 2660 5138 Οἱ
2700 5085 2820 5154 μὲν
2844 5086 2916 5150 ἐξ
2943 5085 3197 5154 ἐριθείας
3238 5088 3344 5140 τὸν
3391 5084 3655 5155 Χριστὸν

2073 5183 2595 5255 καταγγέλλουσιν
2620 5185 2732 5253 οὐχ
2760 5183 2955 5254 ἁγνῶς
2976 5203 2990 5216 ·
3028 5185 3324 5247 τουτέστιν,
3373 5184 3475 5238 οὑκ
3520 5184 3653 5237 εἰλι-

2075 5282 2299 5353 κρινῶς,
2326 5281 2448 5334 οὑδέ
2480 5280 2546 5334 δι’
2572 5281 2705 5335 αὑτὸ
2731 5282 2791 5336 τὸ
2826 5285 3083 5356 πρᾶγμα,
3116 5284 3253 5338 ἀλλά
3289 5282 3377 5338 διὰ
3396 5281 3486 5349 τί;
3523 5284 3653 5338 Old-

2070 5396 2244 5450 μενοι
2293 5377 2505 5446 θλῖΨιν
2552 5376 2857 5447 ἐπιφέρειν
2886 5380 3013 5448 τοῖς
3040 5380 3284 5461 δεσμοῖς
3308 5398 3446 5450 μου.
3476 5381 3649 5452 Νομί-

2078 5472 2263 5539 ζοντες
2297 5472 2407 5544 γὰρ
2436 5470 2579 5525 οὓτω
2621 5490 2691 5543 με
2714 5474 2795 5538 είς
2822 5476 3047 5545 μείζονα
3075 5477 3433 5548 ἐμπεσεῖσθαι
3471 5477 3655 5532 κίνδυ-

2075 5588 2187 5635 νον,
2212 5568 2390 5639 θλίψιν
2423 5570 2725 5638 ἐπάγουσιν
2753 5572 2848 5625 ἐπὶ
2876 5572 3073 5643 θλίψει.
3113 5573 3177 5625 Ὢ
3205 5575 3303 5645 τῆς
3334 5574 3650 5646 ὠμότητοςί

2078 5667 2123 5720 ὣ
2166 5666 2267 5736 τῆς
2300 5664 2616 5739 διαδολικῆς
2644 5668 2958 5740 ἐνεργείαςῑ
3011 5668 3296 5740 δεδεμένον
3342 5671 3530 5744 ἐώρων
3560 5672 3657 5727 καὶ

2078 5764 2102 5816 ἐ
2112 5763 2317 5833 μὸεὸλη
2327 5763 2485 5834 μένον
2503 5766 2581 5828 εἰς
2601 5764 2994 5838 δεσμωτήριον,
3023 5769 3114 5821 καὶ
3136 5768 3215 5823 ἔτι
3241 5769 3496 5839 ἐφθόνουν
3511 5786 3526 5800 ·
3559 5772 3657 5825 αῦ‹

2087 5857 2197 5923 ξειν
2238 5859 2387 5931 αὑτῴ
2416 5858 2483 5915 τά
2516 5861 2622 5916 τῶν
2664 5862 2958 5932 συμφορῶν
3004 5862 3213 5934 ἤθελον,
3262 5868 3354 5921 καὶ
3407 5868 3651 5939 μείζονος
