4100 6412
453 361 564 416 195

445 471 617 542 ὀργῆς
646 471 946 526 ὑπεύθυνον
975 472 1259 544 καθιστᾷν.
1285 473 1399 527 Kal
1432 473 1612 536 καλῶς
1635 471 1756 530 εἶπε
1781 476 1861 540 τὸ,
1891 474 2018 528 Οἰό-

446 580 615 632 μενοι
641 581 654 596 ·
685 564 746 616 οὐ
790 563 901 636 γὰρ
943 565 1119 628 οὕτως
1151 565 1446 632 ἐξέϐαινεν,
1488 567 1713 621 Ἐκεῖνοι
1765 567 1864 637 μὲν
1911 567 2021 636 γὰρ

447 654 697 724 ἐνόμιζόν
730 673 798 724 με
830 655 1004 728 τούτῳ
1053 657 1265 719 λυπεῖν,
1315 658 1426 726 ἐγὼ
1469 657 1527 710 δὲ
1580 657 1797 729 ἔχαιρον
1830 660 1910 712 ὅτι
1963 663 2023 713 τὸ

447 748 713 816 κήρυγμα
736 745 1001 798 ἐπεδίδου.
1025 745 1212 810 Οὕτως
1244 746 1342 808 ένι,
1376 747 1535 817 ἔργον
1571 749 1794 818 ποιῆσαι
1822 748 2023 816 ἀγαθὸν

447 836 546 887 οὐκ
571 835 679 888 ἀπὸ
708 836 1083 907 προαιρέσεως
1105 836 1318 907 ἀγαθῆς
1336 852 1350 864 ”
1381 837 1475 890 καὶ
1497 839 1557 890 οὐ
1583 839 1744 907 μόνον
1770 839 1830 891 οὐ
1849 841 2023 892 κεῖται

451 926 641 994 μισθὸς
676 926 815 996 ὑπὲρ
844 927 1057 992 τούτου,
1099 928 1235 982 ἀλλὰ
1263 928 1359 982 καὶ
1379 929 1621 993 κόλασις.
1662 929 1880 999 Ἐπειδὴ
1912 929 2023 1000 γὰρ

447 1015 665 1084 ,μείζοσι
686 1017 952 1080 κινδύνοις
975 1019 1292 1087 περιϐαλεῖν
1317 1020 1411 1073 τὸν
1434 1020 1528 1073 τοῦ
1544 1020 1780 1091 Χριστοῦ
1806 1021 2024 1091 κήρυκα

449 1107 790 1179 βουλόμενοι,
822 1109 914 1164 τὸν
942 1109 1181 1180 Χριστὸν
1205 1111 1529 1182 ἐκήρυττον,
1554 1114 1613 1165 οὐ
1646 1113 1804 1182 μόνον
1831 1114 1893 1165 οὐ
1927 1111 2025 1183 λήο

447 1199 642 1267 ψονται
676 1199 890 1269 μισθὸν,
929 1199 1066 1253 ἀλλά
1101 1201 1197 1254 καὶ
1243 1202 1515 1272 τιμωρίας
1548 1203 1758 1256 ἔσονται
1791 1203 2026 1256 ὑπεύθυ-

448 1306 530 1342 νοι
553 1289 648 1343 καὶ
673 1289 970 1354 κολάσεωςζ
994 1293 1061 1345 Οἱ
1092 1292 1161 1345 δὲ
1182 1292 1250 1357 ἐξ
1278 1292 1534 1363 ἀγάπης,
1567 1294 1792 1360 εἰδότες
1819 1295 1908 1348 ὅτι
1939 1297 2026 1361 εἰς

447 1381 790 1444 ἀπολογίαν
819 1382 926 1436 τοῦ
955 1384 1330 1452 Εὐαγτελίου
1366 1383 1577 1453 κεῖμαι.
1605 1384 1668 1437 Τί
1697 1387 1864 1451 ἐστιν,
1896 1387 2026 1440 Ὅτι

445 1474 538 1538 είς
563 1473 901 1544 ἀπολογίαν
932 1475 1040 1528 τοῦ
1087 1476 1460 1544 Εὺογνελίου
1486 1478 1712 1546 κεῖμαι;
1745 1476 2022 1542 Τουτέστι,

447 1563 547 1626 τὰς
573 1563 802 1628 εὐθύνας
853 1582 944 1636 μοι
989 1566 1386 1636 ὑποτέμνοντες
1433 1566 1532 1632 τὰς
1583 1568 1720 1640 πρὸς
1755 1569 1846 1622 τὸν
1870 1569 2024 1636 Θεὸν,

449 1653 546 1706 καὶ
577 1655 1204 1727 συναντιλαμϐανόμενοί
1237 1676 1289 1711 τι
1325 1661 1404 1722 είς
1433 1659 1749 1728 ἀπολογίαν.
1770 1664 1834 1715 Ὃ
1856 1661 2024 1730 λέγει,

448 1745 609 1800 τοῦτό
643 1749 760 1801 ἐστι
783 1765 798 1780 ·
828 1749 1183 1822 Προσετάγην
1211 1752 1445 1823 κηρῦξαι
1463 1772 1476 1786 ο
1511 1753 1690 1824 μέλλω
1713 1753 1911 1808 διδόναι
1940 1757 2030 1809 εύ-

450 1837 635 1902 θύνας,
665 1840 761 1892 καὶ
804 1841 1192 1910 ἀπολογεῖσθαι
1225 1845 1366 1915 ὑπὲρ
1395 1844 1488 1896 τοῦ
1536 1845 1720 1915 ἔργου,
1763 1840 1827 1900 οὗ
1860 1864 2029 1918 προσ-

448 1930 682 2000 ετάγην·
733 1930 878 1984 ὥστε
909 1929 1002 1987 οὖν
1029 1951 1118 2004 μοι
1144 1934 1240 2006 τὴν
1269 1935 1572 2003 ἀπολογίαν
1599 1937 1850 2005 γενέσθαι
1873 1938 2029 1992 εὐκο-

447 2019 562 2083 λον,
609 2022 1200 2093 συναντιλαμϐάνονταί
1261 2037 1370 2097 μοι.
1425 2027 1548 2080 Ἐὰν
1587 2028 1695 2100 γὰρ
1742 2030 2011 2100 εὐρεθῶσι

451 2112 637 2165 πολλοὶ
662 2115 710 2166 οί
738 2116 1141 2186 κατηχηθέντες
1175 2119 1585 2183 πιστεύσαντες,
1614 2120 1835 2185 εὔκολός
1863 2140 1955 2192 μοι
1994 2125 2028 2193 ή

453 2203 722 2272 ἀπολογία
759 2205 932 2259 ἔσται.
976 2206 1035 2259 Τί
1076 2206 1187 2276 γάρ
1207 2223 1225 2272 ;
1256 2207 1423 2274 πλὴν
1460 2209 1638 2262 παντὶ
1667 2212 1879 2279 τρόπῳ,
1909 2212 2030 2266 εἶτε

451 2294 771 2363 προφάσει,
801 2297 922 2350 εἴτε
950 2299 1203 2366 ἀληθείᾳ
1249 2299 1502 2367 Χριστὸς
1539 2302 2026 2370 καταγγέλλεται.

455 2386 599 2456 Ὅρα
646 2387 707 2440 τὸ
755 2388 1045 2457 φιλόσοφον
1102 2389 1196 2443 τοῦ
1239 2390 1455 2460 ἀνδρόςο
1511 2392 1570 2445 οὐ
1617 2394 1823 2464 σφόδρα
1849 2395 2030 2448 αὐτῶν

454 2481 856 2552 κατηγόρησεν,
880 2481 995 2535 ἀλλ’
1021 2477 1143 2536 εἷπε
1174 2482 1234 2535 τὸ
1263 2484 1564 2553 γινόμενον.
1587 2487 1653 2538 Τί
1681 2486 1808 2558 γὰρ,
1844 2489 2027 2557 φησὶν,

452 2572 577 2640 ἐμοὶ
619 2571 884 2643 διαφέρει,
919 2574 984 2628 ἄν
1013 2591 1074 2626 τε
1127 2573 1319 2639 οὕτως,
1351 2576 1416 2630 ἄν
1463 2594 1520 2629 τε
1574 2578 1828 2644 ὲκείνως;
1890 2581 2030 2653 πλὴν

454 2664 620 2717 παντὶ
675 2665 880 2732 τρόπῳ,
925 2666 1043 2717 εἴτε
1097 2668 1388 2737 προφάσει,
1436 2666 1587 2739 [2061
1648 2670 1756 2721 εἴτε
1801 2670 2031 2744 ἀληθείᾳ

454 2753 690 2824 Χριστὸς
735 2755 1184 2823 καταγγέλλεται.
1227 2757 1340 2810 Οὐκ
1369 2753 1509 2823 εἷπε,
1543 2761 2032 2830 Καταγγελλέσθω,

455 2844 782 2914 νομοθετῶν,
809 2845 949 2898 ἀλλὰ
994 2847 1214 2913 πρῶτον
1264 2850 1362 2919 μὲν
1399 2849 1460 2902 τὸ
1505 2850 1801 2919 συμϐαῖνον
1847 2855 2034 2926 ἀπήγ-

455 2935 628 3004 γειλε,
675 2935 929 3009 δεύτερον
971 2939 1055 3002 δὲ,
1085 2939 1134 2991 εί
1174 2940 1268 2992 καὶ
1311 2940 1616 3010 νομοθετῶν
1664 2942 1872 3012 ἔλεγεν,
1913 2946 2036 3000 οὐδὲ

455 3024 603 3078 οὓτω
629 3026 728 3090 τὰς
751 3027 994 3098 αἱρέσεις
1017 3029 1263 3099 εἰσῆγεν.

528 3277 601 3339 γ’.
646 3271 1020 3342 Ἐξετάσωμεν
1033 3274 1162 3345 γὰρ,
1180 3273 1228 3326 εί
1240 3274 1404 3340 δοκεῖ,
1419 3277 1479 3330 τὸ
1497 3281 1745 3352 πρᾶγμα,
1763 3284 1857 3336 καὶ
1873 3283 2039 3356 εὑρή-

459 3380 624 3434 σομεν
648 3404 664 3431 ,
705 3365 808 3429 ὅτι,
846 3365 894 3416 εί
929 3365 1024 3417 καὶ
1059 3365 1229 3430 οὓτως
1281 3368 1550 3440 ἐπέτρεπε
1594 3373 1906 3443 κηρύττειν,
1958 3375 2036 3441 ὡς

457 3457 676 3520 ἐκεῖνοι,
725 3457 848 3510 οὐδέ
898 3455 1070 3521 οὓτως
1115 3459 1365 3530 είσήγετο
1411 3461 1642 3531 αἵρεσις.
1700 3463 1855 3532 Πῶς;
1914 3466 2035 3519 Ὀτι

458 3549 654 3600 ἐκεῖνοι
682 3547 848 3615 ὑγιῶς
879 3548 977 3618 μὲν
1011 3549 1328 3620 ἐκήρυττον,
1358 3553 1386 3604 6
1419 3553 1621 3618 σκοπὸς
1653 3553 1711 3608 δὲ
1741 3557 1833 3608 καὶ
1861 3557 1895 3627 ἡ
1921 3556 2036 3611 διά-

457 3655 596 3700 νοια,
630 3639 745 3708 μεθ’
775 3635 842 3711 ἦς
868 3639 1086 3692 ἐποίουν
1119 3639 1281 3706 οὕτω,
1318 3641 1628 3714 διέφθαρτο,
1667 3645 1728 3698 οὐ
1768 3647 1829 3699 τὸ
1862 3649 2035 3719 κήρυ-

459 3746 576 3798 γμα
598 3729 915 3800 ἐνήλλακτο.
951 3733 1060 3784 Kal
1085 3732 1282 3801 πολλὴν
1311 3729 1456 3804 είχον
1487 3736 1733 3807 ἀνάγκην
1765 3736 1908 3791 οὕτω
1935 3756 2030 3810 κη.

463 3819 696 3888 ρύττειν.
745 3819 842 3871 Διά
886 3819 973 3885 τί;
1011 3822 1131 3874 Ὅτι
1162 3824 1209 3874 εἰ
1244 3823 1444 3894 ἑτέρως
1485 3824 1789 3896 ἐκήρυξαν,
1823 3828 1920 3898 οὐχ
1959 3828 2036 3893 ὡς

461 3911 693 3974 Παῦλος,
733 3914 782 3964 εἰ
811 3912 1012 3982 ἑτέρως
1045 3914 1311 3978 ἐδίδαξαν,
1346 3917 1442 3986 οὐχ
1481 3917 1555 3980 ῶς
1582 3919 1810 3983 ἐκεῖνος,
1840 3922 1943 3974 οὐκ
1969 3920 2036 3974 ἂν

460 4003 558 4072 τὴν
582 4003 676 4056 τοῦ
726 4003 990 4073 βασιλέως
1015 4005 1185 4075 ὀργὴν
1215 4006 1482 4076 ηὔξησανο
1515 4005 1608 4061 νῦν
1637 4010 1695 4062 δὲ
1724 4010 1804 4081 τῷ
1833 4011 1893 4064 1:6
1931 4014 2036 4082 κή-

465 4110 650 4163 ρυγμα
681 4094 844 4148 αὐτοῦ
873 4093 1060 4159 αὔξειν
1097 4098 1192 4150 καὶ
1218 4097 1413 4167 ὁμοίως
1439 4099 1732 4164 διδάσκειν,
1769 4104 1860 4155 καὶ
1890 4103 2037 4166 ἴσους

460 4185 609 4255 αὐτῷ
637 4185 882 4254 μαθητὰς
908 4190 1100 4249 ποιεῖν,
1139 4189 1364 4258 ἴσχυσαν
1397 4191 1779 4261 ἐκπολεμῶσαι
1816 4193 1908 4247 τὸν
1943 4194 2038 4264 βα-

464 4273 637 4340 σιλέα,
670 4274 765 4328 ἅτε
795 4277 989 4330 πολλοῦ
1027 4277 1121 4330 τοῦ
1158 4278 1395 4348 πλήθους
1427 4280 1537 4332 τῶν
1567 4281 1825 4352 μαθητῶν
1853 4301 2040 4352 φαινοο

463 4366 650 4434 μένου.
683 4367 841 4421 Ἀλλά
857 4385 938 4430 τις
964 4369 1158 4438 μιαρὸς
1179 4371 1272 4422 καὶ
1291 4370 1636 4441 ἀναίσθητος,
1654 4375 2040 4446 ἐπιλαϐόμενος

461 4456 555 4507 τοῦ
585 4457 784 4527 χωρίου
810 4458 1021 4522 τούτου,
1049 4460 1201 4529 φησί·
1225 4461 1334 4514 Kal
1360 4462 1465 4530 μὴν
1494 4463 1553 4515 τὸ
1577 4465 1818 4519 ἐναντίον
1851 4468 2043 4537 είργά·

464 4563 625 4600 σαντο
668 4548 753 4612 ἂν,
794 4550 920 4613 τοὺς
962 4551 1061 4622 ’ήδη
1095 4553 1529 4618 πεπιστευκότας
1572 4557 1878 4628 ἀπήλασαν,
1923 4559 2041 4630 οὐχὶ

462 4639 588 4700 τοὺς
617 4643 842 4704 πιστοὺς
861 4643 1138 4695 ἐπιδοῦναι
1169 4643 1430 4714 ἐποίησαν
1453 4644 1539 4709 ἂν,
1567 4647 1619 4699 εῖ
1647 4664 1711 4715 γε
1733 4649 1920 4702 δακεῖν
1941 4653 2041 4704 αὐ-

462 4729 554 4780 τὸν
588 4730 888 4785 ἐϐούλοντο.
927 4734 995 4786 Τί
1033 4730 1126 4788 οὖν
1159 4736 1428 4805 ἐρδῦμενς
1466 4739 1584 4790 ’Ὁτι
1617 4740 1750 4810 πρὸς
1783 4740 1842 4793 ἓν
1886 4742 2043 4796 τοῦτο

463 4819 650 4889 ἐώρων
694 4821 910 4887 ἐκεῖνοι,
959 4824 1019 4876 1:6
1072 4827 1337 4884 κινδύνοις
1378 4829 1543 4884 αὐτὸν
1575 4832 1892 4901 περιϐαλεῖν
1927 4839 2043 4897 τοῖς

464 4909 720 4980 παροῦσι,
756 4911 816 4965 τὸ
851 4913 924 4983 μή
960 4914 1178 4983 ἀφεῖναι
1215 4917 1522 4988 διαφυγεῖν·
1563 4923 1658 4975 καὶ
1696 4924 1870 4994 τούτῳ
1905 4927 2044 4996 μᾶλ-

464 5001 556 5054 λον
590 5000 758 5072 ᾢοντο
781 5003 941 5056 αὐτὸν
969 5003 1181 5075 λυπεῖν,
1221 5011 1402 5064 καὶτὸ
1437 5013 1696 5084 κήρυγμα
1733 5016 2038 5085 σϐεννύναι,

466 5093 504 5162 ἢ
535 5095 777 5158 ἐκείνως.
817 5095 1048 5168 Ἑτέρως
1068 5100 1168 5168 μὲν
1189 5101 1296 5173 γὰρ
1325 5102 1392 5156 ἂν
1411 5105 1507 5157 καὶ
1528 5104 1757 5160 ἔσϐεσαν
1773 5108 1865 5162 τοῦ
1890 5109 2044 5180 βασι-

466 5184 604 5249 λέως
632 5185 732 5258 τὴν
769 5186 957 5257 ὀργήν,
989 5192 1083 5242 καὶ
1117 5191 1337 5262 ἀφῆκαν
1368 5194 1434 5248 ἂν
1466 5194 1723 5263 ἐξελθεῖν,
1755 5201 1850 5253 καὶ
1879 5203 2042 5256 πάλιν

469 5276 724 5348 κηρῦξαυ
763 5277 906 5332 οὕτω
947 5278 1004 5332 δὲ
1043 5281 1113 5334 δι’
1143 5284 1304 5338 αὐτὸν
1335 5287 1397 5338 τὸ
1433 5289 1542 5341 πᾶν
1575 5290 1714 5343 ἑλεῖν
1756 5292 2040 5362 ἐνόμιζον,

469 5369 751 5432 ἀνελόντες
779 5370 960 5424 αὐτόν.
989 5372 1098 5444 Kal
1128 5374 1288 5428 τοῦτο
1311 5378 1412 5429 οὐκ
1440 5373 1511 5449 ἦν
1541 5381 1649 5433 τῶν
1681 5381 1891 5436 πολλῶν
1923 5403 2046 5439 συν-

471 5460 622 5525 ιδεῖν,
639 5461 777 5514 ἀλλά
797 5462 1010 5534 πικρῶν
1025 5480 1183 5517 τινων
1204 5466 1299 5519 καὶ
1318 5469 1523 5538 σφόδρα
1547 5471 1856 5544 μοχθηρῶν.
1883 5473 2040 5544 Εἶτα,

469 5550 581 5604 Καὶ
609 5551 682 5604 ἐν
709 5553 915 5620 τούτῳ,
945 5555 1102 5624 φησὶ,
1135 5558 1337 5625 χαίρω,
1359 5560 1521 5614 ἀλλὰ
1547 5563 1649 5615 καί
1683 5566 2039 5636 χαρήσομαι.

470 5641 537 5694 Τί
571 5643 738 5710 ἐστιν,
782 5645 968 5699 Ἀλλὰ
996 5649 1371 5718 χαρήσομαι;
1415 5650 1532 5706 Κᾶν
1570 5654 1847 5710 ἐπιπλεῖον
1877 5660 2041 5730 γένη-

471 5748 583 5798 ται,
622 5736 803 5804 φησίν.
847 5737 1001 5808 Ἐμοὶ
1048 5739 1157 5810 γὰρ
1207 5743 1616 5815 συμπράττουσι
1660 5749 1751 5800 καὶ
1797 5749 2037 5817 ἄκοντες,

1147 358 1206 415 S.
1245 358 1530 415 .IOANNIS
1565 358 2057 417 CHRYSOSTOMI
2095 357 2414 416 ARCHIEP.
2457 360 3006 419 CONSTANTINOP.

3593 367 3694 425 194

2125 474 2220 527 καὶ
2241 474 2350 527 τῶν
2370 475 2551 539 αὐτοῖς
2576 478 2963 548 πεπονημένων
2987 479 3180 532 ἐκεῖνοι
3206 478 3303 548 μὲν
3323 478 3561 543 κόλασιν,
3585 479 3697 549 ἐγὼ

2121 565 2179 620 δὲ
2208 568 2235 619 6
2272 566 2435 636 μηδὲν
2475 568 2944 640 συμϐαλλόμενος,
2985 571 3181 640 -μιτθὺν
3226 571 3489 642 λήψομαι.
3548 568 3699 644 τΛρα

2131 654 2250 708 ἔστι
2280 674 2330 709 τι
2376 655 2467 709 τοῦ
2501 657 2746 712 διαϐόλου
2780 662 3136 733 μιαρώτερον,
3166 662 3257 714 τοῦ
3292 663 3554 733 κήρυγμα
3579 664 3700 717 ἐπι-

2122 747 2412 814 νοήσαντος
2441 748 2797 812 ἀναδέξασθαι
2818 741 3038 805 κόλασιν
3065 755 3176 815 τοῖς
3199 751 3546 823 πειθομένοις
3567 772 3698 824 προ-

2125 836 2308 903 ξενοῦν
2332 857 2346 906 ;
2379 841 2543 912 Ὁρᾷς
2569 841 2754 907 πόσοις
2777 848 2968 908 κακοῖς
2988 846 3112 909 τοὺς
3135 845 3326 898 ἑαυτοῦ
3350 847 3658 918 περιπείρει
3681 864 3696 914 ;

2123 931 2342 984 κόλασιν
2371 933 2462 986 καὶ
2493 934 2759 1004 τιμωρίαν
2790 937 2971 997 αὐτοῖς
2999 938 3064 990 ἐκ
3095 937 3190 990 τοῦ
3224 938 3574 1010 κηρύγματος
3601 940 3696 992 καὶ

2123 1020 2232 1074 τῶν
2261 1023 2438 1075 πόνων
2462 1024 2668 1076 ἐπινοεῖ
2691 1026 2913 1080 τούτων.
2942 1028 3051 1080 Καὶ
3075 1031 3224 1091 ποῖος
3243 1028 3308 1082 ἂν
3327 1029 3485 1093 ἀλλος
3511 1030 3700 1100 ἐχθρὸς

2125 1115 2222 1166 καὶ
2252 1116 2509 1186 πολέμιος
2541 1117 2640 1186 τῆς
2670 1120 2896 1174 ἐκείνων
2935 1122 3206 1192 σωτηρίας
3230 1123 3291 1174 1:6
3327 1125 3435 1176 πᾶν
3463 1122 3606 1176 οὕτω
3629 1124 3702 1176 δι·
3743 1201 3746 1204 _

2129 1205 2346 1275 έθηκεν;
2365 1208 2526 1279 Ὁρᾷς
2540 1210 2621 1262 ὅτι
2639 1211 2667 1262 6
2686 1211 2784 1280 τὴν
2803 1212 3060 1282 ἀλήθειαν
3077 1215 3202 1266 πολε
3211 1213 3324 1283 μῶν
3339 1215 3488 1268 οὐδὲν
3506 1215 3698 1285 ἰσχύει,

2139 1295 2253 1349 ἀλλ’
2277 1297 2466 1348 ἑαυτὸν
2496 1298 2719 1369 πλήττει
2749 1301 2949 1371 μᾶλλον
2970 1343 2985 1367 ,
3020 1303 3094 1366 ὡς
3122 1305 3149 1356 6
3187 1303 3322 1374 πρὸς
3365 1306 3568 1376 κέντρα
3604 1305 3701 1359 λα-

2126 1386 2362 1452 κτίζων;
2398 1383 2541 1441 Οἶδα
2560 1391 2692 1458 γὰρ,
2723 1392 2907 1460 φησὶν,
2949 1391 3039 1446 ὅτι
3063 1391 3242 1446 τοῦτό
3268 1411 3370 1463 μοι
3398 1395 3699 1464 ἀποϐήσε-

2125 1495 2220 1532 ται
2257 1481 2341 1545 είς
2367 1482 2670 1547 σωτηρίαν
2697 1481 2796 1536 διὰ
2817 1483 2926 1551 τῆς
2947 1483 3115 1552 ὑμῶν
3140 1485 3424 1552 δεήσεως,
3455 1486 3552 1540 καὶ
3577 1487 3702 1540 ἑπι-

2126 1571 2410 1639 χορηγίας
2437 1571 2546 1626 τοῦ
2593 1574 2941 1642 Πνεύματος
2990 1577 3184 1643 Ἰησοῦ
3223 1579 3499 1646 Χριστοῦ.
3537 1579 3702 1632 Οὐδὲν

2125 1661 2220 1715 τοῦ
2266 1661 2510 1715 διαϐόλου
2563 1663 2903 1738 μιαρώτερον
2929 1684 2942 1697 ·
3001 1668 3143 1722 οὕτω
3199 1668 3472 1740 πανταχοῦ
3521 1671 3704 1734 πόνοις

2129 1750 2403 1818 ἀνονήτοις
2437 1753 2560 1814 τοὺς
2599 1753 2792 1807 ἑαυτοῦ
2821 1757 3137 1824 περιϐάλλει
3160 1798 3177 1821 ,
3233 1761 3328 1812 καὶ
3355 1760 3575 1832 διασπᾷ·
3608 1764 3704 1815 καὶ

2128 1839 2190 1890 οὐ
2216 1841 2374 1909 μόνον
2406 1841 2512 1893 τῶν
2544 1841 2695 1914 [207]
2721 1845 2970 1900 ἐπάθλων
2998 1848 3097 1900 οὐκ
3119 1850 3310 1919 ἀφίησι
3337 1854 3538 1922 τυχεῖν,
3567 1852 3706 1905 ἀλλά

2129 1931 2223 1983 καὶ
2253 1932 2526 1998 κολάσεως
2567 1935 2904 2001 ὑπευθύνους
2931 1943 3102 1992 ποιεῖν
3125 1935 3284 1996 οἶδεν,
3318 1945 3392 1995 Οὐ
3411 1943 3520 2014 γὰρ
3545 1944 3704 2013 μόνον

2131 2021 2409 2091 κήρυγμα,
2447 2023 2583 2077 ἀλλά
2614 2027 2706 2079 καὶ¹
2734 2029 2988 2097 νηστείαν
3011 2030 3266 2102 τοιαύτην
3295 2033 3389 2085 καὶ
3409 2034 3704 2104 παρθενίαν

2132 2113 2313 2176 αὐτοῖς
2347 2115 2659 2185 νομοθετεῖ,
2693 2118 2728 2190 ἢ
2760 2120 2822 2172 οὐ
2859 2123 3024 2192 μόνον
3070 2123 3278 2193 μισθῶν
3321 2126 3702 2197 ἀποστερήσει,

2131 2203 2264 2257 ἀλλὰ
2301 2207 2390 2258 καὶ
2422 2207 2564 2277 μέγα
2606 2212 2776 2265 κακὸν
2817 2212 3008 2278 ἐπάξει
3054 2217 3166 2279 τοῖς
3213 2217 3382 2285 αὐτὴν
3414 2217 3656 2288 μετιοῦσι
3684 2235 3700 2250 ο

2132 2298 2259 2368 περὶ
2291 2293 2364 2352 ὧν
2393 2318 2524 2370 φησι
2555 2305 2650 2356 καὶ
2672 2303 2904 2375 ἀλλαχοῦ
2927 2321 2940 2334 ·
2965 2310 3548 2378 Κεκαυτηριασμένοι
3587 2312 3704 2379 τὴν

2134 2389 2292 2442 ίδίαν
2339 2391 2720 2462 συνείδησιν.
2777 2396 2868 2449 Διὸ
2913 2399 3237 2471 παρακαλῶ.
3294 2400 3433 2473 ὑπὲρ
3490 2402 3705 2456 πάντων

2132 2479 2538 2552 εὐχαριστῶμεν
2585 2485 2664 2556 τῷ
2711 2485 2849 2557 Θεῷ,
2894 2489 2976 2542 ὃτι
3007 2491 3139 2559 ἡμῖν
3187 2493 3278 2545 καὶ
3334 2496 3462 2559 τοὺς
3511 2496 3708 2559 πόνους

2132 2573 2454 2642 ἐπεκούφισε
2476 2616 2491 2640 ,
2522 2577 2614 2628 καὶ
2659 2579 2782 2642 τοὺς
2821 2581 3044 2650 μισθοὺς
3093 2582 3345 2654 ηὔξησεν.
3380 2579 3482 2640 ’Ὧν
3522 2587 3629 2658 γὰρ
3655 2589 3706 2640 ot

2133 2666 2262 2734 παρ’
2290 2666 2421 2734 ἡμῖν
2452 2667 2756 2736 γαμοῦντες
2790 2671 3083 2742 σωφρόνως
3111 2675 3443 2730 ἀπολαύουσι
3474 2678 3706 2746 μισθῶν,

2132 2754 2233 2807 οὐκ
2265 2756 2629 2811 ἀπολαύουσιν
2659 2762 2706 2812 οί
2733 2762 3156 2833 παρθενεύοντες
3183 2767 3312 2838 παρ’
3345 2768 3546 2831 αὐτοῖς,
3572 2770 3710 2824 ἀλλά

2132 2849 2200 2914 τῇ
2229 2845 2338 2899 τῶν
2366 2851 2735 2919 πορνευόντων
2764 2854 2814 2904 οἱ
2859 2855 3278 2926 παρθενεύοντες
3305 2859 3455 2929 παρά
3484 2863 3594 2923 τοῖς
3626 2863 3711 2914 αἰ-

2138 2942 2368 3006 ρετικοῖς
2398 2940 2829 3013 δίκῃ“γεγόνασιν
2850 2946 3158 3002 ὑπεύθυνοι.
3186 2950 3356 3002 Πόθεν
3379 2968 3395 3014 ;
3439 2951 3536 3005 Ἐκ
3565 2954 3656 3006 τοῦ
3681 2967 3708 2995 ι

2139 3029 2214 3099 μή
2247 3031 2392 3102 ὀρθῷ
2426 3036 2616 3106 σκοπῷ
2648 3054 2700 3089 τι
2737 3041 2930 3104 ποιεῖν,
2964 3039 3077 3092 ἀλλ’
3104 3043 3197 3095 ἐπὶ
3226 3043 3443 3116 διαϐολῇ
3475 3046 3586 3100 τῶν
3613 3045 3710 3100 τοῦ

2135 3120 2271 3173 Θεοῦ
2306 3125 2621 3194 κτισμάτων
2649 3128 2741 3180 καὶ
2771 3131 3082 3201 ἀπορρήτου
3135 3136 3325 3202 σοφίας
3377 3136 3564 3191 αὐτοῦ.
3618 3139 3711 3210 Μὴ

2135 3210 2199 3281 δὴ
2229 3213 2583 3285 ῥαθυμῶμενο
2616 3218 2818 3273 ἔδωκεν
2843 3223 2972 3292 ἡμῖν
2999 3225 3026 3275 ὁ
3045 3224 3177 3288 Θεὸς
3203 3228 3549 3299 συμμέτρους
3566 3231 3711 3298 ἀγῶ-

2135 3320 2250 3367 νας,
2282 3307 2472 3361 οὐδένα
2505 3309 2667 3363 πόνον
2695 3311 2941 3382 ἔχοντας.
2985 3315 3143 3369 Ἀλλά
3177 3316 3250 3388 μὴ
3279 3321 3712 3390 καταφρονῶμεν

2135 3394 2224 3449 διὰ
2253 3396 2426 3452 τοῦτο.
2450 3399 2513 3451 Εἰ
2543 3400 2655 3470 γὰρ
2679 3404 2727 3454 οἱ
2749 3405 3014 3474 αίρετικοὶ
3058 3409 3460 3463 κατατείνουσιν
3487 3413 3713 3476 ἑαυτοὺς

2137 3485 2319 3548 πόνοις
2348 3488 2646 3560 ἀνονήτοις,
2676 3491 2760 3553 τίς
2790 3493 2920 3562 ἡμῖν
2950 3495 3102 3547 ἕσται
3123 3495 3388 3563 ἀπολογία
3417 3500 3554 3569 μηδέ
3581 3501 3708 3563 τοὺς

2146 3577 2456 3642 ἐλάττονας,
2497 3583 2589 3634 καὶ
2620 3582 2839 3636 πλείονα
2883 3585 3070 3654 μισθὸν
3107 3587 3328 3657 ἔχοντας
3369 3590 3713 3661 βουλομένοις

2141 3668 2386 3736 ἐνεγκεῖν
2411 3687 2425 3734 ;
2449 3671 2513 3722 Τί
2538 3674 2644 3740 γὰρ
2672 3677 2945 3744 φορτικὸν,
2965 3676 3016 3728 τί
3035 3677 3090 3729 δὲ
3105 3677 3337 3747 ἐπαχθὲς
3360 3679 3467 3733 τῶν
3488 3682 3714 3750 ἐπιταγ-

2152 3761 2338 3828 μάτων
2366 3760 2460 3813 τοῦ
2495 3763 2765 3833 Χριστοῦ;
2826 3766 2900 3818 Οὐ
2941 3766 3162 3820 δύνασαι
3205 3770 3591 3840 παρθενεύειν;
3622 3771 3712 3836 ἕξ-

2142 3851 2258 3903 εστί
2277 3869 2356 3904 σοι
2377 3856 2597 3922 γαμεῖν.
2617 3857 2688 3908 Οὐ
2712 3856 2937 3911 δύνασαι
2964 3860 3176 3912 πάντων
3199 3861 3391 3914 ἑαυτὸν
3413 3864 3716 3935 ἀποστερῆ-

2141 3959 2230 3994 σαι
2259 3943 2365 3995 τῶν
2398 3944 2538 4011 σῶν;
2576 3945 2753 4010 ἔξεστί
2793 3965 2874 4001 σοι
2907 3950 3014 4002 ἀπὸ
3058 3951 3167 4004 τῶν
3213 3952 3383 4006 ὄντων
3417 3959 3672 4025 χορηγεῖν
3695 3972 3708 3986 ·

2145 4031 2215 4084 τὸ
2269 4032 2434 4101 ὑμῶν
2490 4037 2903 4107 περίσσευμα,
2959 4042 3158 4108 φησὶν,
3219 4046 3308 4110 εἰς
3355 4044 3421 4098 τὸ
3467 4047 3718 4099 ἐκείνων

2139 4123 2462 4193 ὑστέρημα.
2503 4125 2686 4179 Ταῦτα
2724 4130 2830 4200 γὰρ
2859 4126 2996 4184 εἶναι
3028 4131 3174 4186 δοκεῖ
3203 4136 3458 4206 φορτικά,
3491 4139 3709 4208 χρημά-
3795 4176 3804 4184 -

2139 4229 2248 4266 των
2289 4213 2432 4283 λέγω
2480 4225 2860 4290 καταφρονεῖν,
2909 4223 3004 4275 καὶ
3051 4225 3347 4296 ἐπιθυμίας
3392 4232 3715 4302 σωματικῆς

2142 4309 2541 4376 περιγενέσθαι·
2590 4311 2659 4365 τὰ
2689 4313 2745 4364 δὲ
2776 4313 2911 4366 ἄλλα
2950 4316 3205 4387 οὐδεμιᾶς
3244 4319 3413 4372 δεῖται
3447 4322 3717 4393 δαπάνης,

2142 4399 2395 4470 οὐδεμιᾶς
2427 4401 2562 4471 βίας.
2599 4405 2737 4459 Ποία
2765 4405 2890 4478 γὰρ,
2925 4408 3046 4461 εἰπέ
3074 4426 3186 4478 μοι,
3217 4399 3312 4481 βία
3336 4412 3394 4465 1:6
3426 4415 3501 4484 μὴ
3531 4416 3716 4480 κακῶς

2145 4494 2339 4557 εἰπεῖν,
2384 4495 2518 4565 μηδὲ
2564 4497 2868 4552 διαϐάλλειν
2901 4497 3120 4566 ἀπλῶς;
3169 4503 3297 4557 ποία
3328 4504 3385 4556 δὲ
3431 4505 3519 4574 βία
3548 4507 3608 4558 τὸ
3639 4507 3716 4577 μὴ

2147 4581 2457 4668 βασκαίνειν
2487 4589 2595 4650 τοῖς
2625 4588 2826 4659 ἐτέρων
2855 4591 3078 4658 ἀγαθοῖς
3104 4609 3118 4657 ;
3169 4593 3202 4662 ἢ
3247 4593 3377 4646 ποία
3421 4597 3510 4664 βία
3539 4598 3598 4650 τὸ
3639 4599 3714 4668 μὴ

2143 4672 2267 4745 δόξῃ
2302 4663 2501 4729 ἁλῶναι
2525 4693 2539 4741 ;
2569 4679 2642 4732 Τὸ
2671 4679 3049 4749 βασανίζεσθαι
3076 4683 3172 4736 καὶ
3192 4684 3396 4754 φέρειν,
3424 4663 3716 4760 καρτερίας

2145 4765 2287 4818 ἐστί’
2316 4769 2631 4839 καρτερίας,
2673 4773 2768 4825 καὶ
2817 4774 3129 4844 φιλοσοφίαν
3158 4777 3367 4830 ἀσκεῖνο
3399 4780 3716 4850 καρτερίας,

2144 4857 2206 4910 τὸ
2259 4862 2448 4912 πενίαν
2505 4861 2835 4932 διενεγκεῖν⁸
2896 4867 3220 4939 καρτερίας,
3261 4869 3324 4922 τὸ
3373 4869 3515 4940 λιμῷ
3549 4888 3716 4942 προσ-

2148 4949 2408 5004 παλαῖσαι
2437 4953 2531 5006 καὶ
2558 4954 2718 5024 δίψει.
2756 4957 2923 5012 Ὅταν
2951 4959 3008 5011 δὲ
3058 4961 3224 5030 μηδὲν
3261 4961 3462 5015 τούτων
3499 4957 3568 5035 ᾗ,
3602 4962 3716 5016 ἀλλ’

2145 5041 2354 5106 ἔξεστιν
2373 5044 2709 5099 ἀπολαύοντα
2725 5048 2832 5101 τῶν
2843 5048 3029 5114 ὄντων,
3041 5052 3116 5116 ὡς
3127 5053 3435 5124 Χριστιανῷ
3447 5057 3716 5126 προσῆκε,

2148 5133 2223 5204 μὴ
2258 5135 2469 5203 φθονεῖν
2505 5140 2616 5200 τοῖς
2645 5139 2868 5209 ἐτέρων,
2894 5143 3023 5195 ποία
3054 5143 3181 5213 βία;
3207 5147 3516 5216 Οὐδαμόθεν
3559 5147 3717 5201 ἀλλο-ι

2147 5224 2235 5278 θεν
2253 5227 2280 5278 ὁ
2296 5225 2508 5294 φθόνος,
2527 5229 2643 5282 ἀλλ’
2672 5231 2736 5283 ἐκ
2750 5231 2846 5284 τοῦ
2871 5234 3299 5306 προστετηκέναι
3320 5241 3431 5302 τοῖς
3457 5239 3714 5310 παροῦσι,

2150 5318 2348 5388 μᾶλλον
2380 5321 2436 5374 δὲ
2484 5325 2659 5377 πάντα
2688 5327 2756 5379 τὰ
2788 5328 2951 5382 κακά.
2995 5330 3058 5382 Εἰ
3103 5330 3211 5401 γὰρ
3261 5333 3425 5402 μηδὲν
3471 5335 3718 5404 ἐνόμιζες

2147 5406 2286 5463 εἶναι
2321 5411 2390 5465 τὰ
2409 5417 2686 5485 χρήματα,
2719 5420 2812 5472 καὶ
2836 5421 2942 5492 τὴν
2964 5421 3122 5486 δόξαν
3149 5421 3243 5477 τοῦ
3268 5441 3472 5497 κοσμου
3505 5430 3715 5497 τούτου,

2147 5501 2247 5555 οὐκ
2285 5501 2352 5556 ἂν
2379 5507 2490 5568 τοῖς
2519 5505 2733 5577 ἔχουσιν
2761 5511 3092 5583 ἐϐάσκηνας.

2213 5775 2238 5803 ⁸
2266 5773 2417 5823 Πόθεν
2431 5788 2445 5836 ;
2472 5770 2541 5824 sic
2561 5787 2678 5825 mss.
2705 5774 2836 5827 Editi
2861 5790 2993 5840 vero,
3015 5778 3067 5827 τὸ
3089 5779 3138 5827 δὲ
3160 5785 3248 5828 πᾶν
3267 5781 3319 5829 ἐκ
3337 5779 3438 5831 τοῦ.
