4100 6412
324 306 424 359 495

318 436 504 493 pinnas
529 418 753 472 dabunt.
782 416 869 469 l7.
904 414 1123 480 Quidam
1169 428 1285 466 vero
1310 426 1373 464 ea:
1409 410 1619 463 caritate
1638 450 1652 473 ,
1684 410 1893 463 scientes

319 516 557 586 quoniam
598 514 652 563 in
688 508 1035 580 defensionem
1059 504 1302 573 evangelii
1343 502 1533 572 positus
1577 517 1706 554 sum.
1758 499 1895 568 Quid

321 613 425 661 est.
457 602 523 655 In
545 600 887 669 defensionem
915 596 1159 666 evangelii
1189 594 1378 665 positus
1401 593 1558 646 sum?
1586 592 1641 646 Id
1668 599 1766 654 est,
1795 591 1897 644 hoc

324 701 668 765 pne-stantes,
699 700 755 743 ut
785 705 851 744 ne
879 688 1008 743 mihi
1054 687 1107 740 in
1151 685 1447 741 rationibus
1474 685 1584 738 Deo
1611 682 1897 737 reddendis

322 785 473 839 \alde
504 780 854 838 laborandum
882 778 984 842 sit,
1038 788 1091 833 et
1118 776 1368 848 quiddam
1414 775 1544 829 mihi
1571 773 1792 829 subsidii
1828 773 1895 827 ad

316 876 685 936 defensionem
712 871 1020 926 all‘erentes.
1050 870 1163 924 Hoc
1190 878 1291 933 est,
1334 868 1525 923 Jussus
1552 883 1669 921 sum
1699 865 1893 935 praedi-

312 990 326 1019 ι
352 982 476 1032 Ire;
505 966 746 1020 rationes
772 962 901 1015 mihi
924 960 1209 1015 reddendre
1235 970 1378 1022 sunt,
1406 973 1469 1013 ac
1489 957 1726 1012 defensio
1750 971 1899 1011 eom-

314 1055 555 1123 paranda
586 1069 682 1124 pro
728 1053 978 1124 imposito
1021 1051 1151 1104 mihi
1194 1050 1409 1104 ofﬁcio:
1456 1050 1630 1119 igitur,
1675 1056 1733 1101 ut
1777 1062 1899 1101 mea

321 1146 561 1202 defensio
590 1146 659 1199 sit
687 1143 910 1207 facilior,
943 1142 1253 1211 adjumento
1296 1140 1428 1194 mihi
1473 1153 1617 1195 sunt.
1660 1140 1892 1205 Etenim,

322 1244 366 1293 si
397 1238 547 1291 multi
575 1238 772 1290 inventi
810 1234 1005 1289 iuerint
1032 1233 1466 1303 quicatechesim
1496 1233 1799 1302 acceperint
1843 1241 1898 1287 et

323 1328 666 1393 crediderint,
694 1326 859 1380 facilis
888 1325 1016 1379 mihi
1039 1326 1281 1379 defensio
1303 1327 1425 1380 erit.
1450 1324 1536 1380 18.
1566 1325 1700 1392 Quid
1726 1326 1855 1378 enim
1873 1327 1905 1379 .’

324 1423 444 1476 dum
464 1420 600 1472 omni
627 1419 777 1471 modo
798 1419 901 1472 sive
931 1434 1018 1488 per
1044 1419 1378 1481 occasionem,
1409 1418 1511 1470 sive
1527 1434 1616 1488 per
1640 1420 1898 1471 veritatem

324 1508 552 1563 Christus
580 1510 931 1561 annuntiatur.
964 1508 1093 1561 Vide
1121 1509 1216 1561 viri
1247 1507 1633 1576 philosophiam
1665 1525 1678 1561 :
1709 1523 1812 1562 non
1845 1509 1897 1561 in

330 1600 444 1654 illos
467 1600 812 1655 vehementer
834 1601 1078 1653 invectus
1104 1609 1209 1665 est,
1232 1601 1322 1653 sed
1354 1600 1546 1653 factum
1577 1601 1749 1671 ipsum
1776 1615 1899 1654 nar-

330 1692 481 1746 ravit.
507 1691 645 1759 Quid
672 1691 813 1746 enim
841 1706 978 1754 mea,
1004 1691 1194 1760 inquit,
1227 1690 1473 1757 interest,
1501 1700 1676 1744 utrum
1708 1691 1807 1745 hoc
1830 1706 1900 1746 an

331 1784 423 1839 illo
445 1784 643 1838 modo?
680 1784 725 1837 si
756 1783 1104 1837 nihilominus
1126 1783 1239 1836 sive
1266 1784 1578 1844 occasione,
1606 1781 1718 1836 sive
1760 1784 1901 1836 veri-

329 1884 436 1931 tate
458 1876 702 1932 Christus
728 1878 929 1930 interea
953 1876 1333 1930 annuntiatur?
1360 1874 1473 1928 Non
1496 1874 1648 1942 dixit,
1680 1878 1901 1928 Annuu-

330 1968 506 2030 tiatur,
549 1967 699 2036 quasi
745 1967 923 2036 legem
961 1964 1179 2029 ferens,
1223 1964 1319 2018 sed
1369 1966 1599 2033 primum
1653 1975 1898 2020 eventum

330 2064 499 2128 ipsum
527 2059 765 2113 narravit
791 2075 805 2121 ;
837 2057 1053 2123 deinde,
1083 2057 1241 2110 etiam
1286 2056 1331 2109 si
1375 2056 1546 2125 legem
1576 2055 1754 2111 ferens
1799 2055 1903 2111 hoc

329 2150 592 2216 dixisset,
649 2164 757 2203 non
788 2157 1070 2219 propterea
1120 2147 1411 2201 hmresibus
1447 2146 1648 2200 aditum
1695 2144 1901 2216 patefe-

329 2242 505 2295 cisset.

396 2333 450 2387 5.
485 2331 615 2387 Rem
645 2331 787 2386 enim
820 2331 1014 2399 ipsam,
1040 2329 1084 2383 si
1114 2329 1262 2395 libet,
1291 2328 1657 2398 expendamus
1680 2370 1696 2394 ,
1738 2338 1795 2384 et
1820 2329 1903 2382 in-

329 2426 624 2496 telligemus
651 2424 910 2493 proiecto,
932 2424 1093 2477 etiam
1129 2425 1173 2476 si
1209 2422 1275 2476 ad
1310 2438 1432 2477 eum
1462 2422 1679 2476 modum
1710 2422 1904 2492 praedi-

329 2535 449 2574 care
472 2518 740 2588 jussisset,
781 2516 1230 2586 quemadmodum
1262 2516 1338 2569 illi
1371 2515 1764 2585 prmdicabant:
1795 2530 1903 2569 non

328 2622 505 2665 tamen
549 2610 650 2664 hac
694 2609 902 2663 ratione
947 2607 1139 2661 haaresi
1186 2608 1362 2661 locum
1407 2608 1543 2661 dari.
1591 2606 1903 2673 Quomodo?

328 2702 586 2770 Quoniam
618 2700 694 2755 illi
720 2714 906 2755 sanam
929 2699 1145 2769 quidem
1192 2698 1488 2752 doctrinam
1518 2696 1901 2767 prmdicabant,

329 2795 663 2864 propositum
689 2808 819 2847 vero
845 2807 909 2847 ac
928 2806 1102 2857 mens,
1130 2806 1232 2860 qua
1261 2790 1312 2844 id
1334 2788 1621 2852 faciebant,
1653 2800 1904 2859 corrupta

328 2897 462 2951 erat,
486 2902 594 2940 non
616 2894 794 2939 tamen
821 2892 879 2938 ut
900 2883 1140 2937 doctrina
1176 2881 1459 2952 prazdicata
1491 2882 1785 2935 variaretur
1806 2881 1902 2951 (a).

331 2977 436 3033 Sed
467 2988 526 3033 ut
549 2976 742 3032 eodem
771 2975 931 3030 modo
958 2974 1333 3045 praedicarent,
1362 2988 1552 3043 magna
1583 2972 1688 3027 illis
1733 2973 1907 3041 impo-

328 3072 429 3126 sita
458 3071 750 3126 necessitas
773 3078 909 3125 erat.
954 3068 1331 3138 Quapropter?
1358 3068 1642 3135 Quoniam,
1677 3066 1725 3122 si
1752 3066 1908 3119 aliter

329 3165 711 3233 przedicassent
738 3177 801 3217 ac
834 3162 1064 3227 Paulus;
1107 3162 1152 3216 si
1195 3162 1352 3217 aliter
1397 3162 1707 3217 docuissent
1748 3169 1907 3231 atque

331 3257 437 3333 ille,
470 3257 708 3325 profecto
739 3254 1083 3325 Imperatoris
1112 3255 1244 3308 iram
1274 3269 1382 3309 non
1420 3255 1735 3309 auxissent:
1765 3268 1908 3307 nunc

330 3362 458 3403 vero
488 3348 590 3401 hoc
631 3348 767 3415 ipso,
799 3345 942 3416 quod
973 3345 1117 3400 illius
1144 3345 1578 3415 praedicationem
1617 3346 1909 3400 dilatabant

332 3449 491 3507 atque
540 3438 732 3494 eadem
774 3437 1077 3507 docebant,
1128 3449 1183 3493 et
1228 3438 1430 3494 similes
1473 3439 1574 3493 sibi
1619 3449 1779 3510 atque
1817 3440 1909 3495 ille

331 3529 620 3599 discipulos
644 3530 1044 3599 comparabant,
1073 3530 1453 3599 Imperatorem
1482 3531 1695 3585 irritare
1718 3541 1908 3601 potue-

332 3632 474 3690 rant,
503 3632 647 3677 tanta
694 3622 1075 3692 discipulorum
1129 3623 1466 3678 multitudine
1513 3623 1810 3694 prodeunte
1853 3625 1908 3679 in

332 3723 696 3784 conspectum.
744 3713 852 3770 Sed
894 3714 1233 3783 importunus
1280 3714 1537 3785 quispiam
1582 3726 1635 3770 et
1684 3716 1908 3772 stolidus

334 3804 478 3860 hunc
507 3806 683 3859 locum
721 3805 1122 3875 reprehendens
1142 3847 1157 3871 ,
1205 3806 1277 3861 ita
1303 3807 1445 3861 dicet
1477 3824 1491 3861 :
1522 3806 1632 3861 lmo
1673 3823 1802 3863 vero
1832 3809 1909 3863 illi

335 3897 667 3952 contrariam.
683 3898 944 3952 rationem
973 3900 1184 3967 sequuti
1214 3907 1396 3953 essent
1416 3939 1430 3962 ,
1459 3900 1503 3951 si
1547 3898 1769 3953 Paulum
1818 3900 1911 3954 lte-

336 3990 464 4045 dere
493 3991 794 4045 voluissent
819 4008 831 4043 :
862 4004 967 4044 non
989 3992 1130 4045 enim
1157 3990 1395 4045 fidelium
1428 4007 1703 4046 numerum
1734 3993 1910 4048 auxis-

335 4089 476 4147 sent,
505 4081 599 4136 sed
629 4096 723 4137 eos
750 4082 926 4151 potius
956 4082 1045 4152 qui
1058 4080 1167 4153 jam
1192 4081 1558 4149 crediderunt,
1587 4083 1908 4153 abegissent.

335 4170 471 4238 Quid
490 4172 648 4242 igitur
668 4172 1146 4241 respondebimus?
1168 4173 1278 4227 Hoc
1293 4189 1455 4227 unum
1478 4173 1596 4228 illos
1617 4185 1907 4244 spectasse,

336 4270 397 4317 ut
420 4263 641 4319 Paulum
670 4266 1020 4331 pmsentibus
1041 4265 1291 4334 periculis
1318 4266 1819 4336 circumcingerent,
1846 4279 1911 4323 ut

339 4370 410 4412 ne
438 4356 587 4411 illum
608 4356 804 4410 dimitti
832 4357 1091 4421 sinerent;
1122 4368 1279 4428 atque
1301 4358 1400 4413 hac
1425 4360 1633 4413 ratione
1655 4362 1914 4430 putabant

339 4443 596 4514 majorem
626 4460 685 4501 se
716 4446 791 4500 illi
816 4446 1057 4501 dolorem
1083 4448 1360 4511 allaturos,
1391 4459 1550 4517 atque
1576 4451 1911 4520 evangelium

337 4535 694 4591 exstincturus
715 4578 730 4602 ,
763 4552 925 4606 quam
961 4539 1004 4591 si
1040 4538 1159 4592 illos
1201 4539 1524 4608 abegissent.
1568 4540 1741 4597 Aliter
1769 4541 1914 4596 enim

340 4626 585 4683 faciendo
613 4635 668 4683 et
707 4627 1049 4699 imperatoris
1072 4630 1202 4684 iram
1239 4630 1518 4686 sedassent
1542 4672 1559 4698 ,
1589 4642 1643 4687 et
1688 4633 1914 4689 Paulum

340 4717 489 4773 exire
507 4732 570 4773 ac
587 4733 773 4774 rursus
791 4720 1080 4788 prtedicare
1108 4721 1402 4786 sivissent;
1437 4723 1538 4777 hoc
1558 4733 1737 4779 autem
1754 4725 1915 4780 modo

341 4816 507 4863 totam
526 4823 589 4864 se
602 4824 718 4865 rem
736 4819 977 4866 evertere
992 4812 1514 4879 existimabant,cum
1533 4815 1705 4884 ipsum
1723 4815 1789 4871 de
1803 4831 1919 4872 me-

342 4898 432 4954 dio
456 4901 819 4956 sustulissent.
845 4901 1025 4971 Neque
1052 4918 1180 4957 vero
1211 4905 1362 4958 multi
1394 4905 1499 4960 huc
1540 4908 1913 4976 penetrabant,

340 4989 435 5044 sed
461 4991 630 5047 amari
650 4992 863 5061 quidam
893 4993 1139 5048 homines
1159 5005 1214 5049 et
1242 4996 1487 5066 improbi.
1513 4997 1737 5065 Deinde,
1771 4999 1838 5053 Et
1862 5000 1917 5053 in

345 5080 459 5148 hoc,
478 5082 667 5153 inquit,
695 5084 910 5153 gaudeo,
934 5085 1025 5139 sed
1051 5094 1099 5139 et
1118 5087 1363 5156 gaudebo.
1392 5089 1529 5157 Quid
1558 5091 1659 5145 hoc
1679 5102 1779 5157 est,
1810 5091 1918 5146 Sed

343 5181 389 5225 et
416 5173 641 5243 gaudebo
659 5174 685 5227 .9
710 5174 884 5229 Etiam
907 5175 974 5238 si,
990 5176 1181 5247 inquit,
1203 5182 1370 5249 magis
1385 5197 1448 5235 ac
1468 5183 1637 5251 magis
1658 5182 1710 5236 id
1734 5193 1911 5253 agant.

344 5262 474 5318 Nam
503 5265 590 5320 vel
630 5265 785 5321 inviti
820 5268 1058 5324 actiones
1084 5284 1232 5325 meas
1273 5272 1546 5342 adjuvant,
1596 5286 1651 5330 et
1675 5275 1916 5332 laborum

409 5461 482 5533 to)
505 5461 989 5533 Sic'extloislinniano
1018 5473 1071 5517 et
1102 5479 1166 5517 ex
1205 5466 1389 5533 Nobilio
1431 5471 1749 5520 restituimus.
1793 5472 1914 5533 Quae

345 5531 509 5570 autem
552 5524 649 5589 hic,
670 5526 795 5589 dicit
808 5526 1201 5589 Chrysostomus,
1224 5532 1418 5579 omnino
1440 5542 1703 5584 consonant
1725 5524 1833 5583 cum
1856 5537 1917 5585 iis

346 5586 759 5666 tl‘i‘iPWL‘l'FEFI
780 5586 1063 5666 sese
1086 5586 1216 5666 hens
1238 5591 1467 5666 Episwe
1487 5594 1547 5666 εια
1573 5593 1918 5666 νμίιίρρριιεεε

348 5642 523 5715 uictui],
546 5647 661 5715 sive
671 5662 757 5712 per
771 5649 1084 5715 occasionem,
1105 5642 1307 5715 sivegpei'
1329 5654 1576 5703 veritatem
1596 5642 1917 5712 cluisiu‘svt‘tn;

346 5705 602 5763 muttiant.
629 5705 748 5771 Qua:
773 5706 981 5764 habetur
995 5705 1127 5764 Tom.
1150 5705 1239 5776 llI',
1263 5715 1358 5768 col.
1380 5717 1609 5767 511-512.

1233 296 1299 352 IN
1338 295 1550 351 EPIST.
1590 294 1682 349 AD
1720 291 2006 349 PHILIPP.
2044 290 2196 347 CAP.
2238 293 2279 347 1.
2303 273 2550 349 ἸΙΟΜΙῐλ.
2591 292 2657 349 ll.

3482 304 3587 360 194

2006 422 2141 477 quos
2168 407 2220 461 in
2264 407 2362 462 hac
2388 424 2447 463 re
2472 408 2805 478 impendunt,
2834 410 2934 479 ipsi
2960 410 3174 481 quidem
3204 426 3435 481 pinnam,
3480 428 3585 484 ego

2002 514 2129 553 vero
2158 500 2247 568 qui
2274 514 2340 554 eo
2383 500 2514 554 nihil
2559 501 2802 565 confero,
2846 503 3147 557 mercedem
3183 504 3370 558 feram.
3413 504 3584 560 Estne

2001 589 2293 658 quidquam
2320 589 2536 644 diabolo
2563 591 2844 645 scelestius
2873 590 2975 645 hoc
2996 600 3208 661 agente,
3237 604 3294 647 ut
3320 599 3591 663 evangelii

2002 682 2272 749 susceptio
2300 681 2386 746 iis,
2438 682 2634 750 quibus
2660 682 2936 751 suscipere
2962 685 3326 752 persuaserit,
3379 688 3583 755 suppii-

2003 771 2145 824 cium
2195 772 2486 826 conciliet?
2514 772 2677 827 Vides
2724 775 2939 843 quantis
2983 776 3138 829 malis
3182 776 3414 846 undique
3456 792 3585 833 suos

2001 860 2305 931 perfodiat?
2348 877 2564 932 poenam
2614 864 2732 919 istis
2778 874 2835 920 et
2876 866 3193 935 supplicium
3239 884 3305 922 ex
3349 868 3580 938 ipsamet

2003 951 2383 1022 praedicatione
2410 963 2464 1007 et
2486 954 2762 1009 laboribus
2789 956 2842 1009 in
2874 971 2935 1010 ea
2976 958 3239 1027 susceptis
3268 958 3579 1016 fabricatur.

2003 1042 2200 1113 Ecquis
2227 1044 2363 1097 alius
2392 1044 2642 1100 inimicus
2668 1056 2827 1115 atque
2856 1048 3046 1113 hostis,
3074 1049 3331 1119 quidquid
3362 1050 3428 1104 ad
3456 1051 3584 1104 illo-

2002 1151 2123 1190 rum
2143 1136 2371 1191 salutem
2400 1137 2617 1203 laceret,
2643 1140 2721 1193 sic
2745 1140 3134 1210 disposuisset?
3164 1141 3419 1212 lnlelligis
3446 1144 3581 1198 nihil

2002 1242 2124 1281 eum
2155 1242 2333 1297 posse,
2362 1230 2452 1299 qui
2481 1229 2743 1285 adversus
2769 1232 3048 1286 veritatem
3078 1234 3273 1288 bellum
3306 1235 3461 1304 gerit,
3483 1238 3581 1291 sed

2003 1323 2181 1390 potius
2191 1323 2425 1392 seipsum
2442 1324 2743 1389 vulnerare,
2758 1325 3209 1394 quemadmodum
3225 1328 3313 1396 qui
3327 1328 3581 1383 adversus

2004 1415 2272 1468 Stimulnm
2300 1416 2585 1471 calcitrat?
2613 1417 2703 1472 i9.
2738 1418 2859 1471 Scio
2886 1420 3039 1483 enim,
3072 1420 3281 1487 inquit,
3330 1420 3453 1488 quia
3487 1420 3583 1474 hoc

2004 1510 2129 1561 milii
2158 1489 2413 1577 proveniet
2456 1510 2524 1561 ad
2570 1510 2783 1564 salutem
2830 1527 2918 1580 per
2947 1521 3161 1564 vestram
3215 1512 3493 1564 orationem
3533 1522 3582 1566 et

2002 1600 2519 1654 subministrationem
2547 1601 2777 1671 Spiritus
2821 1601 2947 1655 Jcsu
2974 1602 3179 1656 Christi.
3208 1602 3346 1656 Nihil
3370 1604 3581 1657 diabolo

2006 1692 2286 1746 scelestius
2329 1711 2342 1748 :
2387 1694 2454 1747 ita
2504 1695 2698 1763 ubique
2740 1693 3081 1748 inl'ructuosis
3134 1695 3404 1749 laboribus
3454 1709 3581 1750 suos

2001 1782 2180 1837 obruit
2211 1798 2273 1838 ac
2298 1784 2521 1839 dilaniat
2552 1803 2564 1838 :
2598 1800 2697 1840 nec
2724 1786 2899 1839 solum
2929 1788 3266 1855 praemiorum
3307 1796 3580 1856 compotes

2002 1889 2124 1929 esse
2148 1875 2365 1931 minime
2394 1878 2539 1942 sinit,
2568 1877 2658 1931 sed
2676 1880 2835 1932 etiam
2860 1880 3118 1948 supplicio
3150 1881 3295 1933 novit
3322 1880 3583 1935 obnoxios

2004 1963 2200 2021 facere.
2230 1966 2347 2020 Non
2395 1967 2538 2021 enim
2567 1969 2737 2021 solum
2780 1970 3208 2038 praedicationem
3232 2012 3247 2035 ,
3295 1971 3387 2024 sed
3418 1975 3579 2026 etiam

2005 2056 2266 2127 ejusmodi
2292 2060 2490 2127 jejunia
2533 2074 2596 2114 ac
2626 2061 2978 2129 virginitatem
3013 2062 3143 2130 ipsis
3172 2062 3416 2133 injungit,
3461 2079 3582 2133 quae

2006 2164 2112 2203 non
2139 2150 2297 2204 modo
2336 2152 2566 2218 praemiis
2590 2155 2660 2206 sit
2705 2152 2825 2207 illos
2852 2155 3114 2223 privatura
3140 2197 3155 2219 ,
3186 2172 3368 2209 verum
3419 2159 3580 2211 etiam

2004 2255 2252 2309 magnam
2279 2243 2637 2296 calamitatem
2676 2244 2756 2308 iis,
2791 2246 2879 2312 qui
2910 2246 3075 2313 ipsam
3104 2247 3332 2316 amplexi
3364 2247 3581 2311 fuerint,

2006 2329 2302 2386 invectura.
2332 2332 2407 2386 De
2427 2332 2620 2401 quibus
2644 2343 2698 2388 et
2717 2335 2839 2388 alibi
2873 2336 3043 2405 inquit
3080 2354 3093 2389 :
3124 2336 3462 2392 Cauteriatam
3491 2341 3586 2392 lia-

2006 2420 2173 2475 bentes
2197 2439 2342 2475 suam
2367 2424 2719 2477 conscientiam
2750 2424 2824 2495 (l.
2857 2424 2993 2484 Tim.
3023 2428 3076 2480 4.
3104 2427 3183 2497 2).
3221 2427 3579 2494 Quamobrem

2008 2513 2213 2579 hortor,
2246 2529 2345 2584 pro
2388 2516 2636 2569 omnibus
2666 2517 2860 2586 gratias
2894 2532 3114 2587 agamus
3143 2519 3272 2585 Deo,
3305 2520 3391 2589 qui
3433 2521 3587 2573 nobis

2007 2612 2062 2658 et
2084 2604 2294 2660 labores
2321 2605 2466 2661 leves
2504 2605 2650 2672 fecit,
2692 2619 2746 2662 et
2774 2608 3050 2663 mercedes
3079 2611 3245 2663 auxit.
3276 2610 3419 2677 Quas
3441 2613 3583 2666 enim

2007 2697 2287 2752 mercedes
2312 2699 2452 2767 apud
2488 2714 2586 2752 nos
2616 2700 2648 2752 ii
2678 2710 3098 2770 consequuntur,
3130 2702 3218 2771 qui
3250 2712 3398 2758 caste
3426 2716 3587 2758 utun-

2009 2797 2097 2842 tnr
2124 2790 2486 2856 matrimonio,
2531 2806 2624 2845 eas
2648 2791 2786 2860 apud
2833 2792 2964 2847 istos
2990 2809 3058 2847 ne
3103 2794 3179 2847 illi
3219 2794 3456 2864 quidem,
3495 2799 3587 2866 qui

2007 2882 2361 2952 virginitatem
2392 2892 2625 2947 servant,
2659 2886 2867 2953 assequi
2896 2894 3148 2954 possunt;
3193 2887 3283 2941 sed
3315 2888 3403 2957 qni
3448 2892 3588 2958 apud

2011 2973 2293 3029 haereticos
2324 2975 2679 3045 virginitatem
2708 2976 2910 3039 colunt,
2943 2978 3185 3033 eamdem
3212 2995 3275 3034 ac
3301 2980 3589 3036 fornicato-

2010 3078 2103 3118 res
2130 3078 2339 3132 pmnam
2369 3065 2622 3119 subeunt.
2656 3064 2841 3120 Unde?
2868 3066 3021 3133 Quod
3053 3068 3180 3121 nihil
3207 3070 3347 3124 bono
3366 3074 3591 3127 consilio

2008 3168 2072 3208 ac
2097 3156 2370 3223 prOposilo
2416 3155 2610 3210 faciant
2633 3196 2650 3222 ,
2699 3155 2793 3210 sed
2822 3166 2880 3211 ut
2917 3167 3194 3213 creaturas
3225 3161 3319 3216 Dei
3355 3163 3587 3217 immen-

2009 3261 2231 3317 samque
2258 3247 2400 3301 illius
2427 3248 2740 3318 sapientiam
2771 3250 3139 3306 criminentur.
3172 3253 3333 3323 Igitur
3371 3270 3436 3308 ne
3480 3265 3592 3310 tor-

2010 3352 2230 3406 peamus
2248 3337 2568 3409 negligentia
2600 3357 2613 3392 :
2646 3339 2919 3393 moderata
2951 3343 3106 3395 nobis
3129 3343 3419 3397 certamina
3449 3346 3592 3401 Deus

2011 3430 2277 3499 injunxit,
2309 3432 2506 3486 nullius
2536 3430 2648 3486 fere
2679 3432 2877 3486 laboris
2912 3435 3086 3503 plena.
3120 3436 3228 3489 Nec
3258 3447 3430 3491 tamen
3462 3453 3591 3507 pro-

2011 3533 2194 3593 pterea
2220 3524 2597 3593 despiciemus.
2632 3523 2777 3578 Nam
2796 3529 2841 3579 si
2868 3525 3106 3582 hazretici
3135 3529 3406 3583 inutilibus
3436 3531 3592 3585 labo-

2012 3614 2163 3669 ribus
2188 3616 2395 3684 seipsos
2422 3616 2619 3671 misere
2642 3616 2941 3683 afﬂictam;
2990 3633 3110 3687 quae
3136 3619 3288 3674 nobis
3316 3624 3591 3676 excusatio

2011 3707 2216 3777 reliqua
2238 3708 2359 3771 erit,
2392 3708 2437 3761 si
2466 3723 2639 3776 neque
2670 3716 2818 3763 tanto
2844 3709 3080 3763 minores
3101 3750 3116 3775 ,
3148 3711 3444 3782 quibusque
3470 3730 3591 3768 ma-

2012 3799 2152 3854 xima
2166 3807 2251 3855 est
2263 3801 2530 3869 proposita
2550 3815 2779 3866 merces,
2799 3802 2979 3857 subire
2998 3804 3356 3860 voluerimus?
3372 3809 3589 3878 Ecqnod

2017 3890 2157 3943 enim
2186 3890 2382 3944 Christi
2419 3901 2802 3959 praceptorum
2829 3894 3028 3962 grave?
3057 3897 3260 3964 ecquod
3292 3898 3447 3953 valde
3474 3916 3594 3953 mo-

2022 3982 2215 4036 lestum
2246 3982 2364 4035 est?
2387 3981 2502 4036 Non
2522 3992 2674 4051 potes
2695 3984 2744 4037 in
2772 3984 3070 4053 virginitate
3096 3986 3327 4056 degere?
3349 3990 3471 4044 licet
3500 3991 3595 4048 tibi

2015 4075 2357 4128 matrimonio
2381 4074 2554 4145 jungi.
2599 4075 2717 4130 Non
2743 4086 2894 4145 p0tes
2927 4078 3031 4132 tuis
3073 4090 3124 4133 te
3152 4081 3312 4135 rebus
3344 4084 3595 4137 erunibus

2015 4166 2261 4235 privare?
2292 4166 2415 4222 licet
2439 4168 2545 4224 tibi.
2578 4184 2643 4223 ex
2688 4168 2841 4224 bonis
2868 4171 2973 4225 tuis
2997 4173 3151 4226 alteri
3197 4175 3534 4243 suppeditare
3574 4193 3593 4233 :

2025 4254 2239 4322 Vestra,
2270 4258 2461 4327 inquit,
2511 4258 2823 4312 abundantia
2844 4260 3051 4315 illorum
3092 4263 3318 4333 inopiam
3362 4267 3598 4335 suppleat

2020 4347 2101 4418 (ἓ,
2129 4348 2247 4402 Cor.
2266 4350 2321 4404 8.
2350 4349 2461 4420 l4).
2492 4349 2624 4404 Nam
2657 4351 2755 4405 ista
2792 4352 3010 4420 quidem
3036 4354 3188 4409 valde
3212 4356 3395 4425 gravia
3422 4357 3594 4412 videri

2018 4440 2261 4510 possint,
2308 4440 2565 4510 pecunias
2608 4456 2704 4509 pro
2752 4442 2919 4496 nihilo
2970 4443 3201 4509 habere,
3249 4456 3305 4500 et
3338 4461 3598 4516 corporea

2016 4532 2308 4599 cupiditate
2358 4532 2692 4602 superiorem
2740 4548 2895 4599 esse;
2942 4535 3043 4589 alia
3072 4552 3202 4591 vero
3246 4547 3302 4592 ut
3350 4551 3594 4608 prmstes,

2018 4622 2166 4676 nullo
2184 4630 2418 4691 sumptu,
2441 4622 2583 4677 nulla
2605 4622 2857 4679 violentia
2873 4640 3008 4695 opus
3023 4636 3123 4681 est.
3145 4627 3310 4693 Quam
3338 4631 3479 4684 enim
3503 4632 3596 4687 tibi

2017 4711 2135 4765 vim
2167 4710 2360 4766 efferas
2384 4722 2613 4782 oportet,
2642 4724 2700 4767 ut
2725 4729 2794 4769 ne
2842 4716 3132 4771 maledicas
3160 4734 3261 4773 nec
3291 4720 3600 4777 crimineris

2022 4802 2269 4856 temere?
2299 4816 2367 4855 ne
2394 4811 2714 4859 cacterorum
2746 4803 2904 4860 bonis
2924 4805 3201 4862 invideas?
3223 4824 3289 4863 ne
3310 4810 3601 4868 ambitione

2020 4894 2287 4964 capiaris?
2314 4894 2620 4950 Tormentis
2645 4897 2858 4966 subjici,
2888 4914 2988 4954 nec
3006 4900 3072 4955 de
3097 4902 3261 4971 gradu
3285 4904 3440 4973 dejici
3456 4946 3473 4972 ,
3506 4922 3601 4977 pa-

2020 4986 2222 5040 tientia;
2250 4994 2362 5051 est;
2391 4987 2451 5041 in
2474 4989 2858 5045 exercitatione
2906 4990 3273 5061 philosophica
3316 5009 3375 5050 se
3423 5000 3601 5052 conti-

2021 5091 2173 5141 nere,
2202 5078 2468 5146 patientia:
2497 5088 2612 5144 est;
2637 5089 3003 5149 paupertatem
3030 5082 3191 5150 ferre,
3219 5100 3340 5140 cum
3367 5086 3507 5143 fame
3535 5104 3599 5146 ae

2021 5167 2110 5221 siti
2138 5167 2349 5235 luctari,
2383 5169 2650 5237 patientiae
2695 5178 2798 5225 est.
2828 5173 2899 5225 At
2946 5172 3032 5227 ubi
3060 5174 3195 5228 nihil
3247 5175 3433 5230 horum
3462 5193 3601 5247 prte-

2022 5266 2167 5313 stare
2209 5259 2452 5329 cogeris,
2500 5259 2595 5315 sed
2647 5259 2773 5316 licet
2817 5262 2912 5317 tibi
2954 5262 3111 5319 bonis
3153 5265 3293 5332 tuis,
3341 5279 3602 5337 quatenus

2021 5348 2387 5404 Christianum
2415 5350 2592 5417 decet,
2622 5350 2914 5420 fruentem,
2943 5354 3137 5411 alienis
3178 5372 3283 5412 non
3314 5358 3550 5416 invidere
3582 5380 3598 5417 :

2023 5454 2185 5511 quam
2226 5440 2482 5495 adhibeas
2528 5441 2835 5497 violentiam
2885 5447 3137 5514 oportet?
3188 5446 3345 5503 Certe
3408 5451 3600 5507 invidia

2025 5530 2239 5584 aliunde
2260 5544 2366 5584 non
2394 5531 2638 5599 exsistit,
2667 5547 2825 5602 quam
2852 5536 2992 5605 quod
3015 5551 3083 5591 ex
3120 5538 3481 5605 przrsentibus
3514 5551 3601 5594 re-

2023 5620 2124 5676 bus
2155 5620 2479 5689 pendemus;
2508 5624 2616 5678 imo
2636 5638 2765 5679 vero
2792 5639 2964 5695 neque
3010 5626 3223 5683 aliunde
3267 5635 3443 5686 omnia
3485 5651 3603 5688 ma-

2029 5714 2099 5770 la.
2136 5713 2267 5771 Nam
2294 5716 2340 5773 si
2396 5717 2674 5786 pecuniam
2715 5727 2771 5776 et
2810 5719 3033 5789 gloriam
3076 5721 3260 5779 mundi
3311 5723 3465 5795 hujus
3505 5743 3606 5798 pro
