4108 6410
499 283 605 341 195

498 397 668 452 nihilo
697 403 855 466 putes
877 436 892 460 ,
942 395 1249 464 neutiquam
1294 395 1357 449 iis
1382 395 1576 465 quibus
1616 403 1907 465 suppetunt
1939 393 2078 448 invi-

500 488 674 543 dehis.

569 580 623 633 4.
646 577 749 634 Sed
779 578 1029 648 quoniam
1061 579 1177 633 istis
1205 577 1402 645 inhias,
1433 580 1531 632 ista
1562 577 1844 632 admiraris
1866 592 1929 632 ac
1958 586 2079 631 stu-

500 684 595 739 pes
621 687 636 727 :
668 670 870 725 idcirco
911 670 1125 726 invidiae
1148 712 1164 738 ,
1199 671 1398 726 idcirco
1428 670 1600 725 inanis
1627 671 1812 740 gloriae
1843 671 2077 726 stimulis

498 762 717 833 agitaris
751 779 764 816 :
796 748 859 817 ac
888 763 1119 833 denique
1147 764 1325 819 omnia
1358 763 1482 817 hinc
1513 763 1927 833 proficiscuntur
1958 805 1974 830 ,
2005 779 2078 818 ex

498 853 853 908 admiratione
879 894 895 920 ,
929 854 1143 925 inquam
1178 894 1194 918 ,
1239 856 1361 909 vitte
1391 856 1672 923 praesentis
1700 870 1986 926 rerumque
2013 854 2081 909 ad

501 944 645 998 illam
680 946 1087 1015 pertinentium.
1116 946 1327 1001 lnvides
1356 948 1449 1011 illi,
1483 964 1640 1018 quem
1672 949 1821 1004 vides
1850 948 2081 1004 ditesce-

503 1050 559 1092 tc
579 1037 603 1090 ?
632 1038 699 1091 At
725 1038 815 1091 ille
837 1037 1200 1093 misericordia
1224 1039 1399 1107 potius
1415 1055 1477 1093 ac
1500 1040 1749 1113 lacrymis
1769 1041 1959 1110 dignus
1975 1048 2079 1096 est.

501 1126 607 1183 Sed
637 1129 894 1184 continuo
924 1145 1044 1182 cum
1072 1129 1183 1183 risu
1205 1130 1382 1199 inquis
1409 1148 1421 1183 :
1449 1129 1559 1200 Ego
1584 1131 1834 1203 lacrymis
1853 1131 2078 1200 dignus,

504 1237 611 1276 non
657 1221 747 1276 ille
788 1220 1048 1290 profecto.
1095 1221 1370 1293 Lacrymis
1394 1221 1586 1292 dignus
1614 1231 1669 1277 et
1706 1231 1785 1287 tu,
1813 1237 1918 1277 non
1960 1222 2081 1277 ideo

500 1316 641 1386 quod
673 1330 875 1387 pauper
903 1330 983 1380 es,
1009 1314 1103 1370 sed
1131 1315 1382 1386 quoniam
1413 1324 1464 1370 te
1491 1316 1661 1387 ipsum
1692 1317 1946 1371 miserum
1973 1315 2076 1370 du-

501 1409 602 1465 cis.
660 1405 768 1462 Eos
805 1408 950 1464 enim
979 1407 1211 1478 ,quihus
1252 1406 1383 1461 nihil
1414 1407 1541 1461 mali
1568 1406 1724 1463 adest
1751 1447 1767 1473 ,
1810 1421 1875 1461 ac
1903 1414 2080 1462 tamen

500 1513 645 1568 aegro
672 1498 852 1551 animo
872 1505 998 1552 sunt
1028 1536 1043 1560 ,
1074 1497 1325 1568 lacrymis
1352 1497 1726 1567 prosequimur
1752 1537 1768 1564 ,
1800 1513 1908 1552 non
1938 1496 2079 1566 quod

500 1592 642 1646 male
669 1590 918 1653 habeant,
951 1589 1045 1645 sed
1067 1590 1233 1660 quod,
1260 1605 1381 1644 cum
1405 1590 1623 1645 minime
1650 1590 1789 1644 male
1814 1588 2078 1657 habeant,

500 1684 698 1740 habere
721 1698 780 1738 se
808 1692 1019 1753 putant.
1063 1682 1551 1745 Etenim.dicmihi
1576 1723 1592 1748 ,
1633 1684 1679 1737 si
1725 1683 1845 1753 quis
1868 1698 1897 1736 a
1932 1682 2081 1738 febre

499 1776 634 1831 liber
676 1784 901 1831 maereat
938 1775 1230 1845 valensque
1270 1774 1555 1829 decumbat
1596 1785 1757 1845 atque
1795 1774 1847 1828 in
1880 1774 2080 1829 lectulo

495 1867 921 1930 circumferatur,
954 1882 1133 1921 nonne
1159 1868 1260 1921 iste
1288 1867 1540 1937 lacrymis
1568 1866 1783 1937 dignior
1808 1883 1966 1937 quam
2002 1867 2080 1923 fe-

497 1958 579 2012 bri
608 1959 931 2024 laborantes,
964 1974 1070 2013 non
1099 1958 1241 2029 quod
1266 1957 1402 2013 febri
1433 1959 1639 2014 laboret
1666 2001 1679 2022 ,
1712 1960 1806 2015 sed
1834 1960 1976 2030 quod
2002 1962 2083 2015 ni-

499 2049 569 2103 hil
612 2050 735 2104 mali
788 2049 1030 2116 habens,
1060 2048 1258 2107 habere
1301 2063 1360 2104 se
1391 2050 1584 2119 putet?
1613 2049 1692 2105 Tu
1741 2066 1954 2119 quoque
2004 2050 2080 2104 la-

496 2142 696 2212 crymis
745 2139 959 2211 dignus,
1007 2140 1130 2210 quia
1180 2149 1231 2195 te
1278 2140 1451 2209 ipsum
1500 2139 1857 2195 miserabilem
1885 2142 2076 2206 ducis;

497 2234 719 2293 minime
768 2249 900 2289 vero
952 2241 1172 2303 pr0pter
1223 2240 1631 2301 paupertatem;
1679 2247 1801 2285 nam
1850 2248 2079 2303 pauper-

496 2336 578 2382 tas
623 2328 733 2396 ipsa
776 2326 857 2381 vel
898 2325 1266 2380 beatissimum
1305 2334 1357 2378 te
1394 2324 1610 2379 faceret.
1640 2323 1775 2390 Quid
1817 2333 1899 2378 est
1937 2324 2078 2392 quod

497 2418 734 2474 invideas
757 2417 950 2473 diviti?
968 2416 1112 2488 quod
1139 2417 1374 2486 seipsum
1400 2415 1642 2486 pluribus
1662 2416 1809 2470 curis
1827 2415 2079 2484 subjecit?

496 2511 637 2580 quod
664 2510 953 2566 difﬁciliori
999 2510 1293 2566 servituti?
1336 2509 1478 2579 quod
1522 2508 1791 2563 sexcentis
1816 2510 2025 2563 catenis
2057 2547 2076 2575 ,

495 2605 658 2659 veluti
707 2605 858 2659 canis
898 2604 1160 2675 quispiam
1193 2643 1208 2669 ,
1237 2604 1350 2657 suis
1400 2601 1637 2671 pecuniis
1683 2601 1916 2671 illigatus
1952 2599 2080 2656 est‘

494 2696 729 2751 Advenit
755 2712 951 2766 vesper
970 2737 985 2762 ,
1015 2696 1274 2751 successit
1311 2710 1417 2750 nox
1446 2736 1462 2761 ,
1506 2693 1629 2748 huic
1657 2709 1785 2749 vero
1811 2694 1986 2751 solatii
2015 2709 2079 2750 ac

496 2790 751 2859 requietis
781 2799 987 2859 tempus
1019 2789 1077 2844 fit
1119 2788 1375 2845 tumultus
1405 2830 1419 2852 ,
1455 2789 1683 2845 tristitia:
1717 2831 1732 2855 ,
1778 2790 2028 2845 maeroris
2059 2832 2074 2857 ,

499 2880 874 2935 sollicitudinis
906 2891 1137 2949 tempus.
1166 2881 1436 2951 lncrepuit
1457 2880 1625 2951 quid?
1654 2881 1910 2936 continuo
1954 2898 2081 2952 pro-

495 2973 620 3041 ripit
643 2987 722 3027 se.
748 2975 788 3025 A
819 2972 1116 3028 latronibus
1135 2971 1394 3041 spoliatus
1415 2980 1496 3025 est
1516 2971 1778 3040 quispiam
1802 2971 1825 3023 τ
1847 2973 1937 3042 qui
1963 2972 2076 3026 nul-

495 3062 603 3117 lmn
645 3062 898 3117 damnum
948 3062 1109 3118 habet
1152 3063 1354 3131 majore
1398 3070 1679 3132 torquetur
1714 3062 2082 3118 sollicitudine

494 3168 653 3223 quam
674 3153 765 3209 ille
786 3154 873 3224 qui
902 3168 1091 3223 passus
1112 3163 1217 3209 est.
1240 3152 1375 3208 Nam
1402 3152 1493 3207 ille
1519 3153 1734 3223 quidem
1761 3155 1929 3211 semel
1960 3170 2081 3226 per-

494 3247 669 3312 didit,
715 3262 778 3301 ac
807 3246 996 3302 dolore
1021 3256 1244 3317 accepto
1274 3262 1457 3301 curam
1487 3246 1739 3316 deposuit
1766 3263 1781 3313 ;
1830 3248 1917 3304 hic
1946 3263 2079 3303 vero

498 3352 761 3411 perpetuo
784 3356 967 3396 secum
997 3340 1138 3395 illam
1164 3340 1319 3410 gerit.
1351 3340 1584 3396 Advenit
1606 3356 1732 3407 nox,
1756 3350 1942 3411 portus
1966 3357 2079 3396 ma-

495 3433 667 3487 lorum
700 3442 1029 3500 nostrorum,
1060 3441 1366 3486 nostrarum
1395 3432 1764 3487 calamitatum
1785 3432 2035 3487 solatium
2058 3474 2073 3499 ,

491 3526 769 3581 vulnerum
800 3525 1295 3590 medicamentum;
1336 3540 1459 3579 nam
1500 3535 1553 3581 et
1596 3526 1670 3580 illi
1713 3525 1803 3596 qui
1849 3526 1900 3579 in
1932 3526 2075 3581 luctu

490 3619 671 3689 aliquo
698 3627 825 3673 sunt
853 3659 867 3682 ,
905 3619 1092 3674 amicis
1117 3619 1335 3691 quidem
1361 3626 1418 3674 et
1442 3620 1685 3689 cognatis
1713 3629 1769 3675 et
1798 3616 2075 3675 familiari-

490 3707 593 3765 hus
617 3751 632 3775 ,
660 3724 723 3765 ac
748 3726 891 3780 saepe
917 3711 1079 3765 etiam
1110 3711 1353 3781 patribus
1379 3712 1800 3767 consolationem
1839 3712 2075 3767 afferen-

492 3800 656 3867 tibus,
684 3815 791 3855 non
824 3800 1285 3871 obtemperarunt,
1319 3817 1491 3871 neque
1511 3817 1714 3858 morem
1741 3813 2025 3874 gesserunt
2056 3843 2073 3870 ,

490 3891 585 3947 sed
612 3893 772 3946 etiam
804 3891 899 3947 illo
926 3892 1043 3962 ipso
1066 3907 1317 3948 sermone
1340 3893 1407 3947 ad
1432 3893 1764 3949 iracundiam
1796 3905 1919 3949 sunt
1945 3911 2073 3965 pro-

488 3987 661 4042 vocati
687 4005 700 4041 :
726 3987 904 4041 nullus
926 3988 1068 4042 enim
1087 3997 1248 4042 :estus
1268 3997 1371 4054 est,
1386 3989 1473 4058 qui
1496 3998 1553 4042 ut
1568 3983 1833 4044 acerbitas
1848 3989 2070 4056 doloris,

487 4081 695 4135 animas
722 4089 933 4135 nostras
961 4081 1203 4145 cruciet,
1232 4094 1424 4135 somno
1452 4090 1629 4136 autem
1658 4082 1897 4152 requiem
1927 4083 2072 4138 indi-

486 4181 643 4227 cente
668 4214 684 4238 ,
714 4187 781 4226 ne
807 4171 997 4226 oculos
1026 4171 1246 4242 quidem
1274 4181 1461 4226 contra
1492 4174 1739 4228 attollere
1762 4174 2068 4233 valuerunt.

485 4260 945 4327 Quemadmodum
986 4261 1146 4332 igitur
1180 4276 1375 4331 corpus
1403 4262 1557 4317 valde
1600 4273 1835 4318 aestuans
1874 4274 1929 4319 et
1970 4266 2074 4321 sub

484 4353 899 4410 ferventioribus
917 4354 1076 4408 radiis
1095 4353 1366 4417 fatiscens,
1382 4354 1675 4409 diversorio
1690 4355 1839 4425 quasi
1856 4356 2066 4412 cuidam

486 4447 667 4502 multis
696 4447 895 4517 irriguo
918 4446 1174 4512 fontibus,
1207 4455 1263 4500 et
1286 4462 1350 4500 ex
1381 4446 1481 4500 levi
1501 4462 1631 4501 aura
1657 4448 1907 4502 solatium
1938 4448 2072 4505 alie-

486 4538 623 4593 renti
669 4538 1049 4593 commendare
1097 4538 1379 4594 solemus:
1410 4539 1481 4591 ita
1530 4554 1636 4593 nox
1675 4553 1865 4594 somno
1906 4542 2070 4597 tradit

485 4631 719 4683 animam
768 4640 1047 4696 nostram;
1075 4631 1157 4684 vel
1190 4631 1366 4699 potius
1411 4645 1583 4701 neque
1620 4645 1748 4695 nox,
1780 4646 1955 4702 neque
1980 4648 2070 4688 so-

486 4736 644 4775 mnus
685 4720 786 4775 hoc
816 4730 1033 4791 praestat
1062 4762 1079 4788 ,
1109 4722 1204 4777 sed
1251 4722 1430 4778 omnia
1461 4721 1577 4777 haec
1618 4738 1647 4777 a
1696 4724 1805 4778 Deo
1832 4724 2066 4793 profecta

485 4822 658 4880 sunt,
702 4814 792 4883 qui
842 4814 1092 4869 miseram
1154 4814 1375 4869 humani
1426 4814 1640 4885 generis
1701 4816 2065 4873 conditionem

484 4906 647 4960 novit.

553 4995 857 5050 Diuitiarum
897 5013 1071 5051 onera.
1100 5027 1173 5038 —
1202 4997 1397 5052 Verum
1428 5014 1532 5052 non
1561 5000 1729 5054 nostri
1758 4999 2064 5055 misericor-

479 5090 569 5145 dia
602 5090 901 5159 tangimur;
936 5088 1031 5144 sed
1061 5089 1315 5157 perinde,
1346 5104 1407 5143 ac
1432 5090 1589 5145 nobis
1616 5091 1714 5160 ipsi
1746 5090 1945 5146 inimici
1985 5092 2064 5147 si-

488 5196 609 5237 mus
639 5221 655 5249 ,
688 5180 1020 5252 tyrannidem
1052 5180 1281 5233 naturali
1314 5182 1636 5236 necessitate
1664 5191 1719 5236 et
1742 5182 1935 5238 solatio
1974 5198 2067 5238 su-

480 5273 747 5344 periorem
777 5270 929 5326 nobis
953 5270 1396 5339 comparavimus,
1427 5272 1653 5342 vigilias,
1679 5274 1914 5344 inquam,
1944 5291 2064 5346 quae

481 5381 548 5420 ex
575 5363 1074 5418 divitiisexsistunt.
1093 5360 1399 5416 Diuitiarum
1427 5364 1591 5431 enim,
1613 5365 1800 5435 inquit.
1818 5383 1941 5421 cura
1970 5384 2065 5421 au-

481 5460 581 5529 fert
622 5474 854 5511 somnum
897 5454 918 5529 (
945 5456 1106 5510 Eccli.
1139 5457 1229 5511 51.
1261 5458 1282 5510 l
1314 5454 1356 5527 ).
1402 5457 1479 5511 Ac
1506 5457 1625 5511 vide
1649 5469 1844 5526 quanta
1871 5460 1942 5515 sit
1969 5461 2062 5516 Dei

477 5550 836 5620 providentia.
866 5549 1126 5605 Solatimn
1152 5558 1207 5603 et
1232 5548 1469 5619 requiem
1494 5549 1631 5603 hanc
1654 5566 1757 5604 nou
1788 5554 2063 5622 pmposito

478 5643 812 5713 consilioque
841 5641 1132 5707 commisit,
1161 5641 1336 5695 somni
1365 5656 1519 5694 usum
1546 5658 1649 5696 non
1670 5642 1942 5698 electionis
1959 5660 2060 5700 no-

477 5749 602 5791 stra:
633 5750 753 5793 esse
784 5733 990 5802 voluit;
1020 5732 1113 5791 sed
1154 5732 1413 5789 naturalis
1458 5734 1788 5791 necessitatis
1830 5735 2056 5795 vinculis

1236 280 1293 335 S.
1335 280 1609 338 JOANNIS
1645 276 2118 337 CHRYSOSTOMI
2155 277 2472 335 ABCHIEP.
2512 278 3042 338 CONSTANTINOP.

3677 277 3772 334 Ιῢὺ

2192 388 2497 454 adstrinxit,
2534 400 2591 445 ut
2613 392 2697 446 vel
2724 392 2875 447 inviti
2906 394 3225 452 beneﬁcium
3250 397 3577 469 accipiamus
3607 420 3621 456 :
3651 409 3770 457 dot-

2192 483 2327 538 mire
2369 484 2511 538 enim
2559 495 2765 539 natura:
2804 496 2904 541 est.
2936 487 3043 543 Nos
3080 500 3261 545 autem
3305 494 3458 559 quasi
3492 510 3593 550 nos
3632 494 3775 565 ipsos

2188 575 2345 631 valde
2371 575 2661 642 oderimus,
2680 578 2833 647 quasi
2856 594 2961 634 non
2989 596 3106 647 nos,
3131 582 3226 637 sed
3249 583 3457 640 alienos
3485 586 3628 641 bello
3653 604 3772 657 per-

2190 682 2481 736 sequamur
2504 683 2568 723 ac
2595 684 2854 726 vexemus
2877 712 2893 735 ,
2924 671 3025 727 hac
3055 672 3167 742 ipsa
3192 676 3426 729 naturali
3453 678 3774 734 necessitate

2190 756 2447 826 majorem
2480 757 2636 813 nobis
2664 760 3004 830 tyrannidem
3027 761 3400 833 imposuimus,
3434 764 3578 820 illam
3607 767 3767 820 nimi-

2188 863 2306 903 rum
2337 864 2456 918 qute
2478 865 2547 905 ex
2562 852 2818 923 pecuniis
2840 860 2942 907 est.
2970 852 3095 908 Dies
3120 854 3341 909 illuxit?
3367 864 3528 925 atque
3555 855 3642 912 hic
3672 857 3771 912 sibi

2188 941 2378 996 metuit
2403 956 2433 996 a
2460 942 2827 1013 sycophantis.
2858 943 2973 1000 Nox
3003 946 3305 1001 successit?
3332 948 3484 1003 timet
3511 948 3766 1003 latrones.

2188 1031 2436 1090 Imminet
2477 1036 2668 1090 mors?
2712 1050 2819 1091 non
2849 1045 3058 1092 tantum
3100 1052 3167 1093 ex
3198 1039 3313 1108 ipsa
3351 1048 3526 1094 morte
3564 1040 3768 1096 doloris

2186 1128 2328 1198 capit
2354 1169 2370 1195 ,
2413 1144 2572 1199 quam
2599 1129 2742 1200 quod
2774 1144 2869 1185 sua
2902 1132 2957 1185 in
2983 1130 3213 1186 aliorum
3242 1147 3435 1187 manus
3459 1132 3766 1189 devenient.

2186 1219 2473 1276 Puerulum
2503 1221 2717 1277 habet?
2750 1230 2876 1279 tunc
2913 1237 3043 1278 vero
3082 1230 3231 1279 tanto
3262 1224 3434 1294 major
3457 1224 3721 1294 cupiditas
3751 1262 3768 1290 ,

2185 1317 2316 1365 tunc
2341 1326 2401 1367 se
2431 1327 2720 1382 pauperem
2743 1323 2914 1383 putat.
2938 1313 3053 1368 Non
3078 1313 3239 1369 habet
3257 1314 3281 1367 ?
3297 1315 3613 1385 aegritudine
3638 1331 3765 1371 con-

2187 1402 2388 1458 ﬁcitur.
2433 1404 2586 1460 Hunc
2614 1405 2777 1477 igitur
2801 1407 3018 1462 beatum
3043 1406 3254 1477 judicas
3279 1447 3294 1473 ,
3325 1407 3394 1462 ad
3423 1413 3582 1479 quem
3621 1410 3767 1464 nullo

2185 1508 2251 1549 ex
2278 1494 2398 1551 loco
2421 1495 2640 1552 aliluere
2667 1506 2845 1566 potest
2862 1498 3141 1568 voluptas?
3160 1497 3284 1554 huic
3307 1497 3553 1554 ﬂuctibus
3567 1498 3767 1569 jactato

2185 1586 2393 1642 invides
2415 1628 2431 1651 ,
2468 1602 2591 1643 cum
2622 1599 2674 1643 tu
2706 1590 2759 1644 in
2789 1590 3079 1661 tranquillo
3108 1601 3290 1660 portu,
3313 1602 3646 1662 paupertate,
3679 1593 3764 1647 iu-

2183 1693 2343 1749 quam
2366 1720 2382 1745 ,
2426 1681 2780 1750 conquiescas
2800 1682 2825 1733 ‘t
2853 1681 2992 1736 Vere
3018 1690 3073 1737 et
3101 1681 3219 1738 haec
3245 1682 3530 1737 infirmitas
3553 1692 3638 1739 est
3663 1699 3762 1739 na-

2184 1781 2318 1825 tum
2348 1770 2614 1838 humanm,
2646 1772 2781 1827 bona
2808 1789 3068 1844 generose
3099 1789 3204 1829 non
3235 1774 3397 1842 ferre,
3415 1776 3510 1832 sed
3533 1791 3595 1831 ea
3620 1778 3765 1833 unde

2183 1862 2339 1916 nobis
2359 1862 2495 1918 bene
2517 1871 2599 1917 est
2616 1864 2960 1919 contumeliis
2985 1865 3278 1921 incessere.
3307 1868 3481 1937 Atque
3502 1866 3617 1922 hare
3646 1870 3764 1939 qui-

2181 1951 2303 2007 dem
2353 1953 2409 2007 in
2453 1953 2554 2008 hoc
2583 1955 2781 2008 mundo
2812 1972 2825 2008 :
2858 1971 3046 2011 verum
3084 1971 3207 2011 cum
3253 1958 3382 2013 illuc
3422 1958 3708 2015 ahierimus
3744 2004 3761 2027 ,

2182 2046 2306 2100 acidi
2325 2046 2451 2115 quid
2472 2045 2614 2101 dicat
2629 2047 2778 2102 dives
2801 2047 2890 2102 ille
2907 2049 3377 2106 innumerabilium
3393 2052 3654 2109 bonorum
3674 2055 3764 2110 do-

2183 2139 2381 2206 minus,
2399 2149 2457 2192 ut
2476 2138 2688 2209 quidem
2712 2150 2766 2194 tu
2789 2141 2920 2196 dicis
2943 2158 2958 2195 :
2986 2158 3158 2213 neque
3172 2145 3315 2198 enim
3337 2160 3437 2215 ego
3459 2147 3594 2202 bona
3616 2147 3764 2203 dixe-

2180 2235 2305 2299 rim,
2319 2233 2411 2289 sed
2428 2233 2800 2289 indill‘erentia.
2821 2235 2916 2289 llic
2934 2237 3093 2307 igitur
3114 2237 3581 2294 innumerabilium
3601 2240 3763 2295 bono.

2181 2341 2300 2379 rum
2320 2326 2590 2392 dominus,
2609 2326 2730 2380 audi
2760 2328 2883 2394 quid
2906 2327 3068 2396 dicat,
3092 2338 3145 2384 et
3165 2329 3317 2399 cujus
3342 2332 3420 2387 rei
3444 2332 3763 2388 necessitate

2183 2414 2408 2470 laboret.
2435 2414 2608 2479 Pater,
2628 2417 2819 2487 inquit,
2842 2417 3119 2486 Abraham,
3144 2421 3282 2475 mitte
3311 2421 3582 2489 Lazarum,
3601 2434 3657 2478 ut
3682 2426 3763 2477 iu-

2182 2509 2341 2579 tingat
2360 2517 2639 2564 extremum
2654 2510 2800 2581 digiti
2812 2513 2890 2564 sui
2908 2512 2961 2565 in
2981 2528 3183 2581 aquam,
3202 2524 3247 2567 et
3260 2516 3519 2586 refrigeret
3536 2516 3761 2587 linguam

2180 2616 2375 2667 meam,
2408 2603 2650 2670 quoniam
2674 2604 2874 2657 crucior
2902 2605 2955 2658 in
2981 2605 3077 2659 hac
3107 2606 3316 2676 ﬂamma
3341 2605 3493 2677 (Luc.
3528 2608 3614 2664 16.
3642 2610 3758 2679 24).

2180 2690 2313 2746 Nam
2343 2694 2442 2747 etsi
2474 2693 2629 2749 dives
2656 2694 2756 2749 iste
2788 2695 2921 2750 nihil
2952 2712 3138 2751 eorum
3168 2699 3428 2755 malorum
3462 2741 3478 2767 ,
3523 2718 3641 2773 quze
3667 2718 3757 2758 su-

2180 2800 2276 2856 pra
2317 2789 2806 2843 commemorabam
2838 2831 2852 2855 ,
2900 2806 3183 2861 perpessus
3228 2803 3384 2859 erat;
3417 2795 3516 2851 etsi
3546 2812 3760 2852 omnem

2182 2877 2342 2932 vitam
2369 2879 2733 2936 sollicitudine
2759 2890 2814 2936 et
2842 2896 2969 2936 cura
3000 2883 3133 2938 liber
3155 2884 3513 2953 placidissime
3541 2899 3758 2959 egerat:

2176 2986 2520 3042 quamquam,
2552 2973 2678 3043 quid
2701 2974 2843 3040 dico,
2872 2990 3085 3032 omnem
3113 2978 3274 3033 vitam
3300 2981 3523 3051 egerat?
3544 2982 3759 3039 unicum

2180 3063 2310 3119 illud
2339 3074 2705 3134 momentum;
2736 3078 3065 3125 momentum
3109 3071 3254 3127 enim
3292 3082 3375 3128 est
3415 3074 3656 3143 unicum,
3682 3077 3763 3131 in.

2180 3157 2295 3225 quit
2324 3195 2340 3219 ,
2382 3157 2557 3211 omnis
2588 3166 2771 3213 nostra
2800 3159 2906 3213 vita
2933 3201 2949 3227 ,
2980 3158 3026 3214 si
3055 3175 3177 3217 cum
3206 3162 3299 3217 illo
3327 3164 3536 3220 infinito
3561 3169 3760 3222 saeculo

2180 3247 2489 3302 conferatur
2519 3251 2653 3304 :etsi
2692 3250 2853 3320 igitur
2877 3251 3056 3307 omnia
3095 3253 3173 3308 illi
3206 3268 3272 3310 ex
3305 3258 3567 3311 sententia
3592 3256 3760 3314 ﬂuxe-

2180 3348 2301 3392 raut
2333 3379 2348 3403 ,
2389 3354 2567 3395 nonne
2597 3356 2665 3395 ex
2692 3340 2774 3396 his
2802 3342 2933 3409 ipsis
2962 3344 3143 3399 verbis
3177 3384 3193 3411 ,
3237 3345 3321 3400 vel
3351 3348 3528 3415 potius
3565 3364 3635 3404 ex
3674 3351 3759 3406 his

2179 3431 2310 3501 ipsis
2348 3433 2507 3488 rebus
2542 3434 2863 3489 miserabilis
2892 3436 3012 3490 est?
3039 3439 3229 3492 Annon
3258 3438 3383 3493 vino
3411 3448 3499 3494 tua
3523 3442 3757 3513 undique

2180 3537 2364 3577 mensa
2413 3523 2783 3579 redundahat?
2828 3541 2969 3581 nuiic
3016 3542 3146 3582 vero
3190 3544 3259 3584 ne
3296 3538 3498 3600 guttam
3540 3534 3754 3603 quidem

2177 3630 2332 3685 aqua:
2359 3616 2411 3669 in
2442 3625 2703 3686 potestate
2732 3617 2934 3682 habes,
2966 3633 3087 3674 cum
3116 3622 3346 3678 maxime
3386 3639 3529 3693 eges.
3565 3628 3754 3682 Annon

2181 3720 2468 3775 pauperem
2502 3707 2650 3761 illum
2695 3709 2965 3765 ulceribus
2993 3709 3348 3768 deformatum
3383 3714 3757 3786 despiciebas?

2178 3811 2319 3853 nunc
2334 3814 2460 3853 vero
2482 3803 2739 3870 postulas.
2763 3811 2821 3857 ut
2841 3802 3012 3872 ipsum
3036 3806 3207 3874 possis
3232 3808 3491 3877 aspicere,
3516 3825 3578 3864 ac
3600 3826 3759 3865 nemo

2177 3891 2457 3959 permittit.
2483 3891 2565 3947 Ad
2592 3893 2735 3949 fores
2776 3903 2892 3949 tuas
2925 3895 3172 3964 jacebat;
3202 3914 3340 3953 nunc
3379 3916 3509 3956 vero
3552 3903 3601 3956 in
3634 3905 3756 3958 sinu

2176 3982 2408 4039 Abrahae
2456 3995 2539 4040 est
2570 4003 2583 4039 :
2612 3995 2666 4040 tu
2711 3987 2811 4041 sub
2850 3988 3043 4059 amplis
3088 3990 3428 4061 laquearibus
3472 3994 3753 4062 cubabas;

2176 4088 2319 4129 nunc
2341 4089 2472 4130 vero
2499 4076 2550 4130 in
2578 4076 2700 4147 igne
2727 4077 3010 4147 gehennm.

2246 4166 2300 4221 5.
2328 4167 2563 4222 Audiant
2590 4168 2702 4223 lucc
2730 4169 2943 4236 divites,
2960 4172 3043 4227 vel
3075 4174 3253 4243 potius
3283 4191 3388 4231 non
3416 4177 3629 4246 divites,
3658 4181 3755 4235 sed

2174 4256 2451 4313 inhumani
2481 4277 2495 4313 :
2530 4276 2633 4315 non
2673 4262 2817 4316 enim
2856 4262 3056 4320 idcirco
3086 4266 3175 4321 ille
3203 4269 3525 4337 puniebatur
3552 4312 3567 4332 ,
3615 4289 3755 4341 quo-

2174 4350 2318 4404 niam
2343 4350 2493 4405 dives
2517 4362 2653 4415 erat,
2677 4353 2769 4407 sed
2794 4356 3044 4424 quoniam
3068 4357 3318 4414 misertus
3344 4375 3447 4414 non
3476 4371 3576 4416 est.
3608 4362 3757 4418 Licet

2172 4445 2313 4499 enim
2341 4443 2512 4510 diviti,
2533 4443 2824 4500 dummodo
2851 4446 3219 4503 misericordia
3250 4464 3309 4505 se
3329 4451 3452 4507 duci
3473 4454 3632 4519 sinat,
3662 4471 3758 4508 cu-

2168 4535 2339 4605 jusvis
2366 4534 2492 4590 boni
2522 4550 2643 4591 esse
2681 4548 3005 4607 compotem.
3049 4540 3126 4593 Ac
3172 4554 3302 4595 sane
3332 4541 3453 4597 ideo
3483 4545 3753 4600 neminem

2172 4626 2276 4682 iste
2302 4627 2463 4682 alium
2495 4628 2645 4693 vidit,
2673 4643 2831 4698 quam
2857 4629 3005 4683 illum
3030 4640 3296 4699 egentem,
3325 4642 3383 4685 ut
3410 4633 3537 4689 hinc
3563 4634 3615 4689 in
3642 4653 3756 4690 me-

2171 4720 2397 4774 moriam
2424 4719 2635 4776 rediens
2661 4720 2919 4775 factorum
2947 4737 3164 4776 suorum
3188 4722 3513 4795 intelligeret
3528 4727 3672 4797 juste
3693 4744 3755 4782 se

2172 4810 2477 4881 hujusmodi
2506 4816 2677 4882 pomis
2702 4811 2863 4867 afﬁci.
2893 4813 2975 4867 An
3008 4812 3235 4869 fortasse
3261 4814 3484 4872 deerant
3510 4822 3754 4875 sexcenti

2170 4903 2261 4957 alii
2292 4917 2551 4973 pauperes
2582 4904 2752 4973 justi?
2778 4903 2882 4959 Sed
2908 4904 2999 4974 qui
3029 4904 3096 4959 ad
3123 4904 3264 4961 fores
3295 4906 3462 4976 ipsius
3489 4910 3705 4977 jacebat
3735 4953 3751 4973 ,

2170 4995 2218 5049 is
2239 4995 2345 5050 illis
2373 5010 2432 5049 se
2452 4994 2798 5065 Spectandum
2821 4996 3046 5066 prtebet,
3082 5011 3182 5051 una
3207 4997 3458 5052 erudiens
3488 4998 3660 5068 ipsum
3689 5016 3755 5056 ac

2170 5102 2301 5154 nos,
2333 5098 2588 5158 quantum
2619 5089 2743 5142 boni
2769 5089 2839 5143 sit
2866 5089 3105 5158 pecuniis
3143 5105 3249 5144 non
3279 5090 3573 5148 conlidere.
3607 5092 3752 5150 Nihil

2171 5180 2244 5234 illi
2272 5189 2556 5250 paupertas
2585 5180 2755 5234 obfuit
2775 5179 2838 5233 ad
2865 5196 3089 5251 regnum
3115 5182 3586 5252 consequendum;
3617 5185 3753 5242 nihil

2170 5272 2294 5327 huic
2314 5272 2514 5327 divitiae
2536 5270 2855 5340 profuerunt
2873 5272 2939 5325 ad
2958 5272 3226 5327 vitandam
3244 5274 3567 5343 gehennam.
3600 5276 3751 5342 Quo-

2168 5380 2339 5436 usque
2368 5380 2630 5435 pauperes
2655 5364 2678 5417 ?
2704 5380 2983 5434 quousque
3014 5365 3241 5419 mendici
3268 5367 3291 5420 ?
3320 5366 3433 5420 Non
3465 5376 3547 5421 est
3577 5410 3591 5432 ,
3639 5384 3749 5422 non

2168 5470 2251 5518 est
2278 5475 2478 5531 pauper
2508 5458 2595 5513 ille
2624 5458 2716 5528 qui
2745 5459 2874 5512 nihil
2909 5457 3086 5520 habet,
3120 5459 3215 5512 sed
3242 5459 3331 5529 qui
3362 5460 3528 5513 multa
3553 5461 3697 5529 Cupit
3732 5479 3748 5514 :

2167 5570 2274 5610 non
2296 5564 2378 5607 est
2404 5552 2552 5607 dives
2580 5553 2667 5622 qui
2694 5551 2854 5605 multa
2877 5550 3137 5621 possidet,
3171 5551 3264 5605 sed
3293 5552 3383 5621 qui
3408 5551 3607 5606 nullius
3629 5566 3755 5622 eget

2166 5646 2268 5701 rei.
2300 5643 2438 5713 Quid
2470 5645 2611 5699 enim
2644 5642 2863 5711 prodest
2893 5642 3202 5697 universum
3233 5642 3447 5711 quidem
3482 5652 3747 5697 terrarum

2168 5737 2352 5793 orbem
2380 5734 2677 5808 possidere,
2710 5734 2875 5789 nihilo
2907 5748 3033 5789 vero
3062 5733 3351 5804 jucundius
3373 5734 3436 5790 iis
3457 5734 3635 5791 vivere
3656 5736 3751 5805 qui
