4130 6386
405 285 510 340 195

470 396 532 448 6'.
580 394 719 449 Ἀλλ’
743 395 929 466 ἐπειδὴ
949 396 1185 467 κέχηνας
1207 437 1223 459 ,
1259 398 1353 451 καὶ
1382 398 1679 468 θαυμάζεις
1711 397 1850 451 αὑτά
1873 398 1969 450 καὶ

403 485 687 555 ἐπτόησαι,
706 484 793 537 διὰ
814 485 970 537 τοῦτό
1000 504 1081 539 σοι
1101 487 1197 539 καὶ
1217 488 1286 539 τά
1303 487 1400 557 τῆς
1424 488 1719 556 βασκανίας
1738 487 1966 557 ἐνοχλεῖ,

401 576 487 629 διὰ
513 575 672 630 τοῦτο
706 577 800 630 καὶ
822 579 888 630 τὰ
916 579 1015 647 τῆς
1037 578 1360 643 κενοδοξίαςο
1393 581 1488 633 καὶ
1517 581 1692 634 πάντα
1722 581 1829 634 ἀπὸ
1850 580 1973 633 τού-

399 681 495 717 του
510 664 740 732 γίνεται,
758 667 865 719 ἀπὸ
887 666 981 718 τοῦ
1014 667 1313 738 θαυμάζειν
1335 669 1403 723 τά
1427 669 1521 723 τοῦ
1546 670 1809 740 παρόντος
1830 670 1967 740 βίου.

404 758 744 821 Βασκαίνεις,
769 761 852 811 δτι
883 762 917 811 6
938 759 1088 813 δεῖνα
1119 760 1367 825 πλουτεῖς
1404 762 1513 815 Καὶ
1547 762 1651 832 μὴν
1675 762 1855 827 ἐλέους
1876 763 1971 815 καὶ

403 848 650 919 δακρύων
681 850 829 915 ἄξιος
852 851 882 902 6
909 850 1164 915 τοιοῦτος.
1208 852 1346 906 Ἀλλ’
1376 853 1521 924 ἐρεῖς
1542 852 1743 916 εὐθέως
1763 854 1966 922 γελῶν·

405 938 549 1007 Ἐγὼ
576 940 824 1008 δακρύων
847 938 1014 1005 ἄξιος,
1045 942 1145 994 οὑκ
1173 944 1396 1005 ἐκεῖνος.
1419 943 1679 1013 Δακρύων
1700 944 1846 1011 ἄξιος
1875 945 1969 997 καὶ

404 1030 489 1091 σὺ,
522 1031 620 1101 οὑχ
648 1033 730 1084 δτι
752 1032 910 1103 πένῃ,
944 1032 1081 1086 ἀλλά
1110 1033 1195 1086 διά
1228 1034 1290 1086 16
1322 1034 1545 1087 σεαυτὸν
1572 1034 1805 1089 ἐλεεινὸν
1827 1030 1967 1089 εἶναι

399 1123 654 1192 νομίζειν.
705 1124 854 1195 1208]
887 1126 1025 1189 Τοὺς
1052 1126 1163 1197 γάρ
1205 1125 1358 1178 οὑδέν
1402 1125 1625 1196 ἔχοντας
1664 1127 1830 1180 κακὸν
1873 1127 1968 1180 καὶ

396 1214 794 1283 δυσφοροῦντας
823 1216 1149 1286 δακρύομεν,
1178 1218 1275 1288 οὑχ
1304 1219 1387 1271 ὅτι
1419 1220 1591 1272 κακόν
1621 1235 1675 1273 τι
1710 1218 1924 1292 ἔχουσιν
1948 1258 1965 1285 ,

397 1305 512 1359 ἀλλ’
544 1308 624 1360 ὃτι
656 1306 731 1377 μὴ
760 1307 993 1378 ἔχοντες,
1018 1308 1163 1379 ἔχειν
1184 1308 1515 1377 νομίζουσιν.
1548 1312 1683 1365 Είπὲ
1712 1312 1820 1383 γάρ
1852 1329 1961 1383 μοι,

397 1400 449 1452 εί
473 1416 557 1461 τις
589 1399 823 1470 πυρετοῦ
866 1399 1305 1471 ἀπηλλαγμένος,
1341 1402 1492 1455 ἀλύει
1543 1404 1636 1456 καὶ
1673 1403 1964 1473 περιστρέ-

397 1506 576 1558 φεται,
608 1490 863 1558 ὑγιαίνων
904 1492 996 1543 ἐπὶ
1039 1495 1138 1561 τῆς
1168 1492 1356 1563 κλίνης
1397 1494 1667 1563 κείμενος,
1710 1491 1821 1565 ἆρα
1857 1495 1964 1549 τῶν

396 1581 770 1650 πυρεττόντων
807 1582 1006 1652 μᾶλλον
1033 1583 1154 1652 οὑχὶ
1182 1582 1433 1653 δακρύων
1470 1585 1619 1648 ἄξιος
1646 1588 1674 1638 6
1703 1585 1961 1651 τοιοῦτος,

397 1671 496 1723 οὑκ
518 1670 705 1741 ἐπειδὴ
730 1672 1008 1743 πυρέττει,
1037 1674 1155 1726 οὑδὲ
1181 1674 1289 1744 γὰρ
1321 1676 1596 1747 πυρέττει,
1626 1677 1744 1731 ἀλλ’
1775 1678 1963 1750 ἐπειδὴ

398 1762 565 1832 μηδὲν
585 1763 721 1833 ἔχων
746 1763 937 1830 δεινὸν,
957 1764 1100 1836 ἔχειν
1128 1784 1180 1820 τι
1214 1766 1424 1836 νομίζει
1444 1785 1459 1834 ;
1483 1770 1592 1822 Καὶ
1621 1770 1685 1822 σὺ
1710 1770 1963 1839 δακρύων

394 1854 541 1917 ἄξιος
571 1856 658 1908 διὰ
685 1856 863 1919 τοῦτο,
893 1858 975 1910 ὃτι
998 1859 1193 1911 σαυτὸν
1224 1861 1453 1914 ἐλεεινὸν
1488 1861 1752 1931 νομίζεις,
1783 1864 1843 1915 ού
1875 1862 1963 1916 διά

391 1945 491 2015 τὴν
524 1947 733 1999 πενίαν·
769 1951 867 2018 τῆς
896 1948 1005 2019 γὰρ
1045 1950 1234 2013 πενίας
1270 1951 1456 2004 ἕνεκεν
1479 1953 1571 2005 καὶ
1599 1954 1961 2024 μακαριστός.

393 2038 458 2090 Τί
480 2037 693 2106 φθονεῖς
716 2038 794 2108 τῷ
818 2039 1093 2108 πλουσίῳ;
1125 2042 1207 2093 ὅτι
1247 2043 1546 2110 φροντίδων
1575 2044 1765 2097 ἑαυτὸν
1792 2045 1966 2098 ὑπεύέ

394 2126 550 2180 θυνον
581 2128 878 2198 κατέστησε
908 2130 1191 2195 πλειόνων,
1222 2133 1303 2186 ὅτι
1327 2134 1543 2206 δουλείᾳ
1569 2136 1960 2209 χαλεπωτέρα;

392 2218 473 2271 δτι
510 2220 731 2290 μυρίαις
766 2220 1005 2287 ἁλύσεσι,
1054 2222 1305 2294 καθάπερ
1334 2241 1419 2287 τις
1452 2225 1619 2291 κύων,
1655 2228 1769 2290 τοῖς
1796 2228 1962 2281 αὑτοῦ

392 2310 596 2364 δέδεται
631 2315 908 2383 χρὴμασι;
942 2315 1253 2369 Κατέλαϐεν
1283 2317 1511 2387 ἑσπέρα,
1547 2317 1816 2371 κατέλαϐε
1846 2318 1961 2386 νὺξ,

393 2405 490 2456 καὶ
511 2403 601 2457 16v
616 2404 713 2474 τῆς
739 2406 1093 2471 ἀναπαύσεως
1111 2409 1301 2479 καιρὸν
1326 2402 1481 2473 οὗτος
1513 2409 1741 2481 θορύϐου
1771 2412 1964 2482 καιρὸν

393 2497 488 2549 καὶ
519 2496 711 2565 ἀηδίας
762 2498 855 2551 καὶ
898 2498 1074 2571 λύπης
1120 2500 1232 2570 ἔχει
1279 2501 1374 2555 καὶ
1426 2502 1720 2573 μερίμνης.
1774 2504 1963 2572 Ψόφος

394 2588 645 2656 ἐγένετος
693 2589 893 2653 εὐθέως
944 2591 1301 2663 ἀνεπήδησεν.
1367 2592 1424 2646 '0
1474 2592 1621 2645 δεῖνα
1687 2593 1961 2663 ἐσυλήθη;

399 2676 597 2746 μᾶλλον
647 2679 855 2732 ἐκείνου
911 2681 1180 2751 φροντίζει
1231 2681 1325 2734 τοῦ
1367 2682 1771 2747 ἀπολωλεκότος
1813 2684 1842 2736 6
1887 2684 1963 2755 μὴ

394 2769 771 2835 ἀπολωλεκώς.
829 2772 1059 2836 Ἐκεῖνος
1102 2773 1200 2842 μὲν
1242 2774 1350 2845 γὰρ
1392 2774 1537 2838 ἅπαξ
1568 2774 1839 2839 ἀπώλεσε,
1870 2777 1963 2829 καὶ

393 2860 652 2931 λυπηθεὶς
682 2862 915 2919 ἀπέθετο
941 2864 1039 2935 τὴν
1072 2866 1348 2934 φροντίδα·
1380 2860 1533 2930 οὗτος
1564 2867 1622 2919 δὲ
1656 2867 1823 2938 αὑτὴν
1848 2868 1963 2938 ἔχει

391 2952 672 3022 διηνεκῶς.
706 2955 986 3008 Κατέλαϐε
1016 2957 1133 3021 νὺξ,
1163 2959 1191 3011 6
1222 2955 1388 3027 λιμὴν
1412 2956 1524 3010 τῶν
1552 2957 1834 3029 ἡμετέρων
1865 2975 1964 3012 κα-

392 3043 525 3108 κῶν,
577 3044 638 3097 16
675 3045 1020 3116 παραμύθιον
1066 3047 1175 3100 τῶν
1206 3048 1490 3119 ἡμετέρων
1538 3049 1864 3120 συμφορῶν,
1904 3050 1964 3103 16

393 3135 684 3206 φάρμακον
712 3137 819 3189 τῶν
864 3139 1218 3209 τραυμάτων.
1254 3140 1365 3192 Kal
1400 3139 1510 3210 γὰρ
1543 3142 1592 3193 οί
1637 3142 1964 3212 περιωδυνίᾳ

391 3228 500 3281 τινὶ¹
522 3230 875 3299 κατεχόμενοι
899 3232 1012 3294 τοῖς
1051 3231 1227 3301 φίλοις
1268 3231 1367 3302 μὲν
1414 3232 1507 3285 καὶ
1539 3233 1826 3301 συγγενέσι
1870 3236 1965 3288 καὶ

392 3321 636 3384 οἰκείοις,
673 3322 932 3385 πολλάκις
955 3322 1013 3375 δὲ
1041 3323 1137 3375 καὶ
1166 3323 1402 3393 πατράσι
1452 3323 1964 3394 παραμυθουμένοις

393 3413 492 3465 οὑκ
519 3409 667 3477 εἶξαν
702 3414 823 3467 οὑδὲ
858 3413 1242 3485 ὑπεχώρησαν,
1278 3413 1413 3467 ἀλλά
1441 3415 1537 3468 καὶ
1570 3414 1706 3485 πρὸς
1752 3415 1820 3467 τὰ
1857 3417 1959 3487 ρἡ

398 3521 543 3573 ματα
568 3506 707 3559 αὑτά
725 3507 1130 3576 ἠγανάκτησαν⁸
1160 3506 1361 3569 παντὸς
1389 3505 1497 3577 γὰρ
1530 3505 1809 3575 καύματος
1836 3508 1965 3577 μᾶλ-

394 3594 484 3647 λον
512 3597 571 3648 τὸ
590 3597 781 3666 πικρὸν
803 3598 903 3666 τῆς
922 3596 1113 3667 ὀδύνης
1134 3596 1231 3660 τὰς
1265 3597 1536 3667 ἡμετέρας
1557 3596 1727 3649 θλίϐει
1755 3597 1930 3667 ψυχάς
1948 3616 1962 3629 ο

393 3686 472 3758 τῷ
519 3687 573 3740 δὲ
630 3688 781 3758 ῦπνῳ
836 3688 1110 3742 κελεύοντι
1160 3687 1429 3741 παύεσθαι
1478 3688 1599 3741 οὑδὲ
1648 3688 1964 3758 ἀντιϐλέψαι

397 3776 639 3847 ἴσχυσαν.
671 3778 938 3850 Καθάπερ
963 3774 1056 3833 οὗν
1084 3778 1244 3849 σῶμα
1276 3779 1498 3842 διακαὲς
1532 3780 1625 3832 καὶ
1659 3779 1967 3852 θερμοτέρα

395 3867 808 3936 προσπαλαῖσαν
853 3870 1029 3922 ἀκτῖνι
1082 3869 1575 3942 κατατρυχόμενον,
1634 3869 1820 3941 ὥσπερ
1857 3872 1966 3924 τινὶ

396 3958 719 4029 καταγωγίῳ
749 3958 946 4021 πολλὰς
992 3958 1167 4028 ἔχοντι
1217 3959 1399 4029 πηγάς
1437 3961 1532 4012 καὶ
1576 3959 1672 4030 τὴν
1716 3961 1825 4014 ἀπὸ
1868 3961 1966 4030 τῆς

390 4048 593 4125 λεπτῆς
626 4054 797 4124 αὑρας
844 4053 1227 4125 παραμυθίαν
1261 4053 1432 4115 οὑτως
1460 4056 1494 4124 ἡ
1544 4054 1641 4119 νὺξ
1688 4054 1766 4124 τῷ
1816 4053 1966 4126 ὕπνῳ

396 4146 767 4219 παραδίδωσιν
795 4146 953 4217 ἡμῶν
978 4146 1077 4217 τὴν
1103 4147 1304 4216 ψυχὴν·
1337 4145 1536 4215 μᾶλλον
1573 4144 1628 4197 δὲ
1656 4146 1754 4215 οὑχ
1784 4147 1816 4215 ἡ
1847 4146 1960 4211 νὺξ,

396 4236 518 4291 οὑδὲ
551 4239 579 4290 6
625 4235 792 4299 ῦπνος
837 4234 993 4288 τοῦτο
1051 4234 1363 4305 ἐργάζεται,
1412 4233 1527 4286 ἀλλ’
1560 4233 1588 4285 6
1623 4233 1773 4299 Θεὸς,
1812 4232 1965 4297 εἰδὼς

394 4327 458 4381 16
484 4327 829 4398 ταλαίπωρον
847 4326 1005 4379 τοῦτο
1035 4327 1210 4395 γένος,
1230 4325 1446 4379 ἅπαντα
1461 4326 1630 4379 ταῦτα
1653 4328 1963 4395 είργάσατο.

480 4418 619 4472 Ἀλλ’
637 4421 795 4490 ἡμεῖς
824 4419 923 4471 οὑκ
952 4417 1208 4487 ἐλεοῦμεν
1231 4418 1473 4481 ἑαυτοὺς,
1508 4415 1622 4469 ἀλλ’
1670 4419 1968 4489 ἐπενοήσα-

400 4529 522 4584 μεν,
563 4512 813 4582 καθάπερ
861 4511 1046 4583 ἐχθροὶ
1098 4510 1251 4573 ὄντες
1307 4509 1537 4573 ἑαυτῶν,
1593 4510 1693 4580 τῆς
1734 4512 1968 4582 φυσικῆς

396 4605 642 4676 ἀνάγκης
687 4606 782 4658 καὶ
828 4601 1186 4664 ἀναπαύσεως
1240 4601 1460 4672 μείζονα
1510 4603 1816 4672 τυραννίδα,
1870 4604 1967 4675 τὴν

397 4699 506 4753 ἀπὸ
532 4698 625 4752 τοῦ
661 4698 887 4751 πλούτου
936 4695 1260 4766 ἀγρυπνίαν.
1311 4693 1577 4763 Μέριμνα
1624 4694 1765 4765 γὰρ,
1798 4697 1963 4766 φησὶ,

398 4790 687 4850 πλούτου,
720 4786 943 4855 ἀφιστᾲ
985 4786 1200 4839 ὕπνον.
1236 4787 1343 4838 Καὶ
1384 4786 1485 4856 ὅρα
1528 4785 1667 4856 πόση
1699 4786 1791 4839 τοῦ
1831 4789 1965 4842 Θεοῦ

398 4883 434 4952 ἡ
456 4880 744 4951 κηδεμονία
762 4895 775 4908 ο
797 4879 911 4931 Οὐκ
938 4876 1203 4947 ἐπέτρεψε
1230 4880 1296 4947 τῇ
1325 4877 1580 4949 προθέσει
1607 4877 1703 4947 τὴν
1732 4878 1968 4932 ἀνάπαυ-

400 4990 505 5038 σιν,
539 4972 659 5025 οὑδὲ
690 4969 1005 5041 προαιρέσει
1029 4968 1136 5022 τινὶ
1160 4968 1255 5039 τὴν
1281 4969 1467 5039 χρείαν
1488 4968 1582 5022 τοῦ
1615 4968 1804 5034 ὕπνου,
1831 4970 1967 5024 ἀλλά

398 5068 655 5136 φυσικαῖς
686 5064 855 5136 αὑτὴν
882 5062 1149 5130 ἀνάγκαις
1171 5061 1485 5131 κατέδησεν,
1511 5061 1598 5115 ἵνα
1625 5062 1718 5115 κα)⁸
1741 5062 1964 5128 ἄκοντες

396 5155 831 5229 εὐεργετώμεθα·
862 5154 923 5208 τὸ
938 5152 1047 5224 γὰρ
1070 5151 1371 5215 καθεύδειν,
1389 5152 1487 5222 τῆς
1508 5151 1740 5220 φύσεως.
1776 5153 1966 5222 Ἡμεῖς

396 5250 457 5304 δὲ
490 5250 569 5312 ὡς
602 5247 806 5317 σφόδρα
834 5246 1057 5308 ἑαυτοὺς
1090 5243 1396 5315 μισοῦντες,
1451 5244 1526 5306 ὡς
1560 5244 1779 5315 ἐτέρους
1808 5246 1965 5299 πολε-

403 5339 631 5412 μοῦντες
659 5338 754 5390 καὶ
781 5335 1073 5400 θλίϐοντες,
1103 5333 1203 5403 τῆς
1234 5333 1463 5402 φυσικῆς
1494 5333 1697 5404 ταύτης
1722 5334 1967 5407 ἀνάγκης

404 5429 625 5504 μείζονα
648 5430 747 5500 τὴν
780 5426 888 5481 ἀπὸ
923 5426 1032 5480 τῶν
1059 5424 1353 5496 χρημάτων
1381 5424 1752 5494 ἐπενοήσαμεν
1779 5443 1967 5497 τυραν-

399 5522 542 5576 νίδα.
589 5522 800 5593 Ἡμέρα
842 5518 1061 5588 γέγονε;
1107 5516 1203 5569 καὶ
1235 5513 1468 5567 δέδοικεν
1505 5514 1533 5565 6
1577 5514 1815 5578 τοιοῦτος
1841 5517 1966 5580 τοὺς

402 5612 763 5683 συκοφάντας.
797 5610 861 5663 Ἦ
885 5606 978 5672 νὺξ
1002 5602 1301 5671 κατέλαϐε;
1328 5602 1520 5673 τρέμει
1547 5602 1765 5672 λῃστάς,
1795 5602 1966 5657 Θάνα.

401 5723 491 5771 τος
519 5704 753 5776 ἐπέστης
792 5700 885 5757 τοῦ
920 5698 1147 5756 θανάτου
1185 5694 1382 5768 μᾶλλον
1408 5692 1678 5766 δάκνεται,
1715 5692 1963 5767 [20916τι

1282 280 1349 335 ΙΝ
1388 280 1607 338 EPIST.
1646 280 1737 335 AD
1774 277 2060 336 PHILIPP.
2102 278 2252 336 CAP.
2296 280 2337 335 Ι.
2380 278 2616 337 HOMIL.
2657 280 2724 335 Π.

3548 281 3655 337 ΠΜ

2082 398 2285 468 ἐτέρων
2313 399 2496 452 ἐκεῖνα
2539 398 2767 467 γίνεται.
2806 396 3022 450 Παιδίον
3053 397 3206 467 ἔσχες
3240 396 3437 451 πλείων
3465 399 3498 469 ἡ
3530 403 3652 451 ἐπι-

2078 488 2265 559 θυμία’
2298 491 2390 542 καὶ
2418 490 2537 543 τότε
2560 490 2707 542 δοκεῖ
2730 489 2898 560 πένης
2922 484 3081 541 εἶναι.
3112 489 3224 542 Οὑκ
3255 489 3377 559 ἔσχε
3395 531 3410 555 ,
3445 489 3648 559 μᾶλλον

2075 580 2346 634 όδυνᾶται.
2412 580 2611 633 Τοῦτον
2674 577 2767 633 οὖν
2826 578 3152 650 μακαρίζεις
3206 581 3296 631 τὸν
3347 580 3645 649 οὐδαμόθεν

2078 671 2310 741 ἡσθῆναι
2362 672 2692 742 δυνάμενονς
2730 672 2904 742 τούτῳ
2943 672 3157 739 φθονεῖς
3207 671 3285 740 τῷ
3328 672 3655 737 κλυδωνιζο-

2078 764 2224 834 μένῳ
2243 802 2257 825 ,
2288 766 2345 816 ἐν
2390 764 2568 834 λιμένι
2596 764 2815 833 γαληνῷ
2848 765 2911 832 τῇ
2946 762 3105 830 πενίᾳ
3133 761 3408 833 ἐστηκώς;
3448 765 3657 826 Ὄντως

2076 853 2167 905 καὶ
2202 852 2360 904 τοῦτο
2391 853 2678 922 ἐλάττωμα
2706 854 2806 923 τῆς
2834 851 3183 920 ἀνθρωπίνης
3216 851 3449 919 φύσεως,
3481 852 3542 904 16
3580 853 3657 922 μὴ

2082 943 2269 1013 φέρειν
2298 945 2365 998 τὰ
2398 942 2579 1012 ἀγαθά
2612 945 2897 1012 γενναίως,
2956 943 3072 996 ἀλλ’
3118 945 3198 1006 είς
3227 945 3324 1005 τὰς
3352 942 3656 1013 εὐπραγίας

2073 1035 2398 1106 ἐξυϐρίζειν.
2440 1037 2551 1090 Καὶ
2584 1036 2758 1090 ταῦτα
2792 1036 2890 1107 μὲν
2928 1036 3182 1090 ἐνταῦθα’
3217 1037 3346 1089 ὅταν
3390 1036 3448 1088 δὲ
3483 1037 3654 1090 ἀπέλ-

2072 1125 2253 1195 θωμεν
2285 1128 2422 1192 ἐκεῖ,
2457 1128 2690 1182 ἄκουσον
2720 1128 2772 1180 τί
2809 1145 2973 1197 φησιν
3010 1131 3038 1181 6
3070 1128 3343 1191 πλούσιος,
3376 1130 3405 1181 6
3438 1128 3652 1198 μυρίων

2069 1215 2289 1283 ἀγαθῶν
2333 1215 2542 1287 κύριος,
2573 1216 2761 1287 ῶσπερ
2788 1218 2852 1270 σὺ
2891 1216 3069 1285 λέγεις
3090 1235 3105 1250 ο
3135 1218 3197 1270 οὑ
3233 1217 3342 1285 γάρ
3371 1217 3437 1271 ἂν
3476 1217 3653 1285 ἔγωγε

2068 1307 2238 1360 ταῦτα
2268 1307 2477 1377 εἴποιμι
2533 1308 2734 1375 ἀγαθά,
2768 1308 2882 1361 ἀλλ’
2932 1308 3217 1379 ἀδιάφορα.
3270 1304 3435 1372 Οὗτος
3473 1309 3654 1362 τοίνυν

2067 1399 2095 1450 6
2126 1399 2335 1468 μυρίων
2361 1398 2579 1466 ἀγαθῶν
2612 1399 2818 1470 κύριος,
2843 1399 3074 1453 ἄκουσον
3111 1401 3162 1453 τί
3196 1416 3348 1469 φησι,
3382 1400 3477 1452 καὶ
3503 1401 3652 1463 τίνος

2067 1490 2125 1541 ἐν
2158 1490 2318 1560 χρείᾳ
2342 1491 2667 1560 καθέστηκε·
2706 1492 2916 1559 Πάτερ,
2958 1493 3145 1561 φησὶν,
3197 1492 3464 1561 Ἀϐραὰμ,
3503 1492 3653 1562 πέμ-

2066 1581 2190 1646 ψον
2211 1578 2496 1646 Λάζαρον,
2524 1581 2622 1634 ἵνα
2643 1579 2802 1648 ἄκρῳ
2824 1582 2899 1645 τῷ
2922 1580 3198 1648 δακτύλῳ
3221 1582 3506 1649 ὲπιστάζη
3527 1600 3651 1651 μου

2065 1672 2181 1738 τὴν
2207 1670 2505 1739 γλῶτταν,
2537 1672 2627 1725 ὅτι
2674 1673 3197 1742 ἀποτηγανίζομαι.
3245 1672 3307 1725 Εἰ
3340 1674 3444 1743 γὰρ
3484 1674 3651 1743 μηδὲν

2065 1751 2139 1813 ὧν
2172 1757 2323 1813 εἷπον
2349 1761 2581 1832 ἔπασχεν
2612 1764 2640 1815 6
2672 1763 2925 1827 πλούσιος
2954 1765 3181 1828 ἐκεῖνος,
3208 1766 3256 1817 εί
3283 1766 3391 1835 γὰρ
3414 1766 3470 1816 ἐν
3495 1765 3650 1835 ἀδείᾳ

2066 1853 2161 1905 καὶ
2190 1854 2466 1922 φροντίδος
2517 1854 2686 1924 χωρὶς
2736 1855 2827 1908 τὸν
2880 1856 3092 1909 ἅπαντα
3141 1855 3255 1924 βίον
3293 1856 3560 1926 διὴγαγε’
3592 1855 3647 1909 τί

2065 1943 2207 2011 λέγω
2235 1944 2324 1996 τὸν
2347 1944 2560 1998 ἅπαντα
2594 1947 2707 2016 βίον
2730 1964 2744 2012 ;
2765 1946 2862 2017 τὴν
2888 1946 3014 2017 μίαν
3046 1947 3218 2018 ῥοπὴν
3248 1948 3481 2017 ἐκείνην·
3507 1948 3648 2018 ῥοπὴ

2065 2035 2174 2105 γάρ
2200 2036 2347 2088 ἐστιν
2371 2050 2383 2063 ·
2419 2036 2493 2099 ὡς
2527 2037 2623 2104 μία
2655 2037 2763 2107 γὰρ
2819 2038 2980 2107 ῥοπὴ,
3025 2040 3209 2108 φησὶν,
3268 2040 3295 2090 6
3336 2040 3444 2101 πᾶς
3487 2039 3646 2107 ἡμῶν

2066 2123 2198 2178 αἰὼν
2231 2124 2367 2195 πρὸς
2395 2124 2486 2176 τὸν
2515 2125 2688 2178 αίῶνα
2738 2126 2829 2178 τὸν
2875 2126 3100 2195 ἄπειρον
3122 2146 3133 2157 ·
3184 2129 3232 2180 εξ
3260 2129 3439 2180 τοίνυν
3471 2129 3647 2181 πάντα

2065 2216 2214 2285 αὑτῴ
2245 2217 2381 2268 κατά
2410 2215 2634 2287 γνώμην
2666 2219 3131 2287 προεκεχωρήκει,
3163 2214 3273 2288 ἆρα
3297 2219 3396 2271 οὑκ
3415 2218 3647 2282 ἐλεεινός

2065 2306 2181 2358 ἐστι
2213 2305 2417 2357 τούτων
2464 2304 2572 2358 τῶν
2621 2307 2898 2376 ῥημάτων,
2936 2306 3136 2375 μᾶλλον
3184 2308 3239 2359 δὲ
3285 2307 3490 2361 τούτων
3536 2310 3646 2361 τῶν

2066 2396 2442 2466 πραγμάτων;
2468 2397 2601 2467 Οὑχὶ
2624 2398 2751 2467 οϊνῳ
2774 2397 3161 2467 περιεκλύζετό
3186 2414 3279 2449 σου
3306 2400 3339 2467 ἡ
3364 2398 3643 2469 τράπεζαε

2066 2492 2158 2546 νῦν
2191 2492 2248 2545 δὲ
2275 2491 2396 2544 οὐδὲ
2433 2491 2691 2560 σταγόνος
2726 2491 2915 2554 ’ύδατος
2939 2488 2990 2544 εἷ
3016 2492 3228 2561 κύριος,
3261 2494 3356 2544 καὶ
3381 2494 3555 2546 ταῦτα
3585 2494 3647 2544 ἐν

2065 2584 2224 2655 χρεία
2244 2583 2413 2655 πολλῇ
2440 2581 2819 2652 καθεστηκώς.
2844 2584 2956 2653 Οὑχ
2978 2583 3296 2654 ἡλκωμένον
3326 2584 3645 2655 ὑπερεώρας

2063 2676 2155 2729 τὸν
2188 2676 2426 2744 πένητα;
2450 2674 2545 2728 νῦν
2572 2674 2629 2727 δὲ
2656 2674 2827 2739 ἀξιοῖς
2856 2675 3018 2729 αὑτὸν
3051 2677 3199 2738 ἰδεῖν,
3237 2677 3330 2730 καὶ
3362 2678 3535 2739 οὐδεὶς
3559 2679 3642 2730 δί-

2063 2766 2217 2819 δωσι.
2271 2764 2431 2835 Παρά
2482 2765 2574 2817 τὸν
2607 2764 2830 2818 πυλῶνα
2859 2762 2927 2836 ἦν
2963 2765 3054 2819 τὸν
3090 2766 3201 2831 σὸν,
3242 2768 3336 2820 νῦν
3361 2768 3416 2820 δὲ
3445 2769 3503 2819 ἐν
3534 2771 3648 2829 τοῖς

2066 2855 2285 2917 κόλποις
2306 2854 2401 2907 τοῦ
2441 2855 2712 2925 Ἀϐραάμ·
2735 2855 2841 2909 ὑπὸ
2869 2855 2966 2919 τὰς
2994 2857 3235 2926 μεγάλας
3263 2856 3327 2911 σὺ
3360 2858 3649 2914 κατέκεισο

2063 2948 2284 3019 ὀροφὰς,
2315 2946 2410 2999 νῦν
2442 2946 2499 3000 δὲ
2536 2949 2595 3000 ἐν
2622 2946 2700 3018 τῷ
2733 2948 2867 3019 πυρὶ
2896 2948 2996 3018 τῆς
3026 2948 3270 3019 γεέννης.

2135 3045 2196 3093 ε’.
2244 3037 2617 3092 Ἀκουέτωσαν
2645 3039 2818 3094 ταῦτα
2843 3041 2890 3093 οί
2908 3040 3168 3094 πλούσιοι·
3197 3042 3396 3112 μᾶλλον
3413 3043 3469 3097 δὲ
3485 3044 3581 3114 οὑχ
3597 3044 3646 3098 οἱ

2063 3127 2327 3192 πλούσιοι,
2362 3126 2475 3181 ἀλλ’
2514 3129 2561 3181 οἱ
2593 3130 2983 3199 ἀνελεήμονες·
3015 3132 3075 3184 o6
3107 3133 3234 3203 γὰρ,
3263 3134 3449 3205 ἐπειδὴ
3480 3134 3648 3188 πλού-

2065 3237 2177 3283 σιος
2203 3215 2291 3291 ἦν,
2327 3218 2638 3283 ἐκολάζετο,
2672 3220 2787 3273 ἀλλ’
2815 3220 3003 3292 ἐπειδὴ
3028 3223 3129 3275 οὑκ
3152 3222 3403 3293 ἠλέησεν.
3430 3226 3648 3280 Ἐνεστι

2064 3312 2171 3381 γὰρ
2206 3310 2539 3363 πλουτοῦντα
2569 3311 2663 3364 καὶ
2692 3310 2942 3365 ἐλεοῦντα
2965 3316 3150 3383 τυχεῖν
3182 3316 3384 3378 παντὸς
3408 3316 3640 3384 ἀγαθοῦ.

2066 3403 2174 3454 Καὶ
2201 3402 2288 3455 διὰ
2319 3401 2477 3454 τοῦτο
2505 3402 2696 3455 ούδένα
2724 3402 2882 3457 ἄλλον
2910 3405 3015 3474 ὁρᾷ
3037 3445 3050 3465 ,
3097 3403 3213 3457 ἀλλ’
3259 3405 3291 3475 ἢ
3323 3408 3530 3460 ἐκεῖνον
3554 3409 3648 3461 τὸν

2063 3491 2313 3561 δεόμενον
2354 3492 2541 3556 αὑτοῦ,
2592 3492 2679 3545 ἵνα
2733 3492 2902 3565 μάθῃ,
2930 3494 3011 3547 ὄτι
3043 3493 3269 3557 δικαίως
3300 3494 3473 3549 ταῦτα
3501 3497 3644 3550 ἐπα-

2066 3601 2212 3654 σχεν,
2246 3584 2324 3647 εἰς
2356 3584 2659 3655 ὑπόμνησιν
2686 3583 2857 3638 ἐλθὼν
2884 3580 2958 3638 ὧν
2984 3584 3241 3656 ἔπραττε.
3286 3587 3377 3658 Μὴ
3407 3589 3514 3661 γὰρ
3547 3590 3648 3643 οὑκ

2064 3670 2202 3746 ἦσαν
2232 3675 2413 3744 μυρίοι
2442 3674 2670 3745 πένητες
2690 3674 2917 3741 δίκαιοι;
2963 3675 3104 3728 Ἀλλ’
3122 3677 3152 3727 6
3182 3677 3320 3747 πρὸς
3338 3678 3416 3748 τῷ
3442 3680 3651 3735 πυλῶνι

2066 3765 2228 3819 αὑτοῦ
2253 3765 2521 3835 κείμενος,
2556 3757 2710 3829 0610;
2755 3764 2904 3834 αὑτῷ
2936 3765 3208 3833 φαίνεται,
3245 3767 3515 3821 παιδεύων
3547 3770 3650 3822 αύ-

2067 3852 2159 3907 τὸν
2189 3853 2282 3905 καὶ
2315 3853 2485 3923 ἡμᾶς,
2525 3852 2649 3904 ὅσον
2679 3852 2825 3904 ἐστὶν
2860 3850 3065 3919 ἀγαθὸν
3100 3853 3175 3924 μὴ
3202 3853 3522 3909 πεποιθέναι
3552 3857 3646 3908 ἐπὶ

2068 3942 2363 4010 χρήμασιν.
2393 3940 2559 3993 Οὐδὲν
2589 3941 2796 3994 ἐκεῖνον
2845 3939 3079 4011 ἔϐλαψεν
3132 3942 3166 4013 ἡ
3202 3943 3363 3996 πενία
3402 3944 3538 4015 1196;
3586 3947 3648 3997 16

2071 4027 2345 4096 βασιλείας
2374 4029 2575 4096 τυχεῖνο
2612 4028 2764 4081 οὐδὲν
2794 4028 2984 4082 τοῦτον
3030 4028 3313 4099 ὠφέλησεν
3352 4033 3380 4085 ὁ
3416 4032 3649 4094 πλοῦτος

2069 4117 2203 4186 πρὸς
2227 4116 2288 4167 16
2316 4115 2542 4183 γέενναν
2571 4117 2848 4184 ἐκφυγεῖν.
2879 4117 3058 4188 Μέχρι
3092 4118 3223 4170 πότε
3247 4118 3514 4188 πένητες;
3548 4118 3648 4190 μέζ-

2069 4222 2160 4277 χρι
2184 4205 2311 4257 πότε
2343 4204 2581 4275 πτωχοί;
2614 4207 2727 4258 Οὑκ
2760 4204 2928 4270 ἐστιν,
2958 4207 3059 4260 οὑκ
3087 4206 3202 4260 ἐστι
3232 4208 3399 4278 πένης
3422 4211 3450 4262 6
3481 4211 3649 4279 μηδὲν

2069 4292 2227 4361 ἔχων,
2262 4290 2377 4343 ἀλλ’
2400 4294 2428 4345 6
2456 4290 2667 4345 πολλῶν
2696 4291 2998 4363 ἐπιθυμῶνο
3039 4294 3138 4346 οὑκ
3175 4294 3290 4347 ἔστι
3336 4295 3592 4359 πλούσιος
3618 4300 3648 4351 6

2069 4377 2238 4431 πολλὰ
2265 4378 2622 4449 κεκτημένος,
2649 4378 2764 4431 ἀλλ’
2799 4378 2827 4430 6
2867 4379 3095 4451 μηδενὸς
3127 4380 3395 4449 δεόμενος,
3436 4383 3500 4435 Τί
3539 4386 3646 4452 γὰρ

2067 4467 2257 4536 ὄφελος
2284 4468 2464 4521 πᾶσαν
2492 4468 2588 4537 μὲν
2615 4468 2912 4538 κεκτῆσθαι
2952 4468 3050 4539 τὴν
3089 4469 3440 4541 οἰκουμένην,
3462 4472 3559 4525 τοῦ
3587 4475 3646 4527 δέ

2072 4554 2237 4625 μηδὲν
2262 4552 2475 4623 ἔχοντος
2506 4554 2704 4624 μᾶλλον
2730 4555 2789 4608 ἐν
2822 4546 3030 4627 ἀθυμίᾳ
3056 4555 3302 4624 διάγεινς
3336 4560 3402 4610 Δί
3446 4577 3646 4630 προαι..

2071 4640 2250 4712 ρέσεις
2282 4641 2377 4693 καὶ
2395 4641 2523 4703 τοὺς
2546 4640 2905 4705 πλουτοῦντας
2936 4644 3032 4696 καὶ
3056 4644 3185 4708 τοὺς
3205 4646 3533 4715 πενομένους
3556 4650 3652 4720 ἐρ-

2069 4727 2352 4796 γάζονται,
2382 4727 2481 4797 οὑχ
2505 4728 2538 4797 ἡ
2567 4726 2677 4781 τῶν
2705 4729 3004 4799 χρημάτων
3031 4732 3319 4801 περιουσία
3349 4734 3469 4786 οὑδὲ
3498 4737 3530 4804 ἡ
3563 4736 3651 4787 έν-

2068 4815 2206 4869 δεια.
2242 4813 2391 4887 [210]
2426 4814 2613 4869 Βούλει
2666 4816 2920 4884 γενέσθαι
2953 4818 3208 4881 πλούσιος
3259 4821 3324 4873 σὺ
3374 4823 3403 4874 6
3435 4822 3646 4894 πένης;

2072 4903 2288 4968 Ἔξεστί
2328 4919 2407 4955 σοι
2438 4901 2764 4974 βουλομένῳ,
2801 4905 2895 4958 καὶ
2922 4906 2950 4957 6
2979 4904 3204 4958 κωλύων
3252 4907 3447 4971 οὐδείς’
3479 4927 3647 4963 κατα-

2069 4991 2337 5062 φρόνησον
2366 4990 2476 5042 τῶν
2513 4990 2609 5043 τοῦ
2644 4991 2849 5062 κόσμου
2890 4993 3211 5063 χρημάτωνο
3253 4994 3473 5063 νόμισον
3504 4995 3645 5050 εἷναι

2072 5078 2255 5150 μηδὲν,
2285 5077 2473 5149 ῶσπερ
2512 5072 2605 5131 οὗν
2635 5078 2757 5131 οὑδέ
2786 5080 2963 5145 ὲστιν;
2993 5079 3189 5133 ἔκϐαλε
3226 5080 3324 5151 τὴν
3351 5081 3647 5152 ἐπιθυμίαν

2067 5169 2162 5223 τοῦ
2185 5168 2431 5232 πλούτου,
2459 5169 2554 5222 καὶ
2576 5168 2933 5238 ἐπλούτησας.
2961 5165 3128 5234 Οὗτός
3147 5172 3295 5224 ἐστιν
3319 5174 3347 5225 6
3372 5172 3641 5237 πλουτῶν,

2067 5259 2096 5310 6
2124 5258 2198 5327 μὴ
2233 5256 2401 5310 θέλων
2446 5258 2713 5309 πλουτεῖνο
2759 5258 2787 5308 6
2830 5255 2905 5327 μὴ
2949 5256 3117 5311 θέλων
3163 5258 3441 5321 πένεσθαι,
3488 5255 3641 5324 οὗτός

2068 5346 2214 5398 ἐστιν
2239 5344 2267 5395 ὁ
2299 5343 2612 5414 πενόμενος.
2657 5343 2920 5414 Καθάπερ
2970 5347 3176 5408 ἐκεῖνος
3204 5345 3375 5399 νοσῶν
3403 5348 3431 5398 6
3458 5348 3551 5400 καὶ
3585 5349 3646 5399 ἐν

2069 5432 2228 5501 ὑγεία
2250 5430 2456 5493 ἀλύων,
2478 5432 2579 5483 οὑκ
2605 5431 2807 5492 ἐκεῖνος
2823 5431 2851 5481 6
2868 5431 3047 5501 πάσης
3070 5432 3255 5499 ὑγείας
3279 5431 3647 5505 εὐκολώτερον

2067 5516 2165 5585 τὴν
2188 5518 2340 5571 νόσον
2370 5517 2573 5589 φέρων,
2602 5515 2744 5569 οὑτω
2766 5516 2859 5569 καὶ
2886 5516 3121 5570 ἐνταῦθα
3144 5516 3311 5586 πένης
3340 5517 3488 5570 ἐστὶν
3506 5519 3535 5571 6
3565 5520 3644 5590 μὴ

2069 5606 2361 5678 δυνάμενος
2389 5608 2576 5663 πενίαν
2600 5608 2864 5676 ἐνεγκεῖν,
2888 5606 3002 5661 ἀλλ’
3031 5609 3090 5660 ἐν
3118 5606 3333 5679 πλούτῳ
3358 5607 3467 5661 τῶν
3484 5626 3644 5662 πενοκ

2076 5699 2252 5769 μένων
2298 5700 2495 5769 μᾶλλον
2532 5700 2835 5773 ἡγούμενος
2865 5695 3002 5757 εἶναι
3037 5701 3223 5774 πένης,
3255 5703 3358 5758 οὑκ
3383 5705 3589 5767 ἐκεῖνος
3615 5706 3647 5759 6
