4130 6386
453 289 558 348 197

449 407 561 461 τῶν
581 401 952 459 πλουτούντων
974 396 1175 471 μᾶλλον
1200 397 1301 468 τὴν
1328 396 1519 463 πενίαν
1540 393 1902 465 εὐκολώτερον
1926 389 2027 459 φέ»

454 513 595 572 ρων·
626 486 781 558 οὗτος
816 492 927 563 γάρ
971 494 1088 545 ἐστι
1144 489 1342 561 μᾶλλον
1373 491 1401 541 6
1434 485 1849 556 πλουσιιὶιτερος.
1894 480 2031 536 Εἰπὲ

451 592 561 662 γάρ
594 606 706 660 μοι,
737 586 835 658 τὴν
864 585 1056 639 πενίαν
1083 583 1171 636 διὰ
1189 582 1240 635 τί
1268 582 1540 645 δέδοικας;
1571 577 1660 631 διά
1682 577 1734 629 τί
1765 573 1989 645 τρέμεις
2014 590 2028 637 ;

450 684 571 753 οὐχὶ
602 681 691 734 διά
725 678 912 748 λιμόν;
944 676 1064 744 οὐχὶ
1109 674 1198 726 διὰ
1237 672 1420 741 δῖψος;
1462 670 1583 739 οὐχὶ
1623 668 1712 721 διὰ
1758 666 1959 735 ψῦχος;
1996 662 2030 733 ἦ

449 775 511 829 οὐ
538 774 626 827 διὰ
666 772 874 834 ταῦτα;
924 767 1064 820 Ἀλλ’
1111 767 1210 819 οὐκ
1252 765 1429 825 ἔστιν,
1473 762 1573 815 οὐκ
1607 760 1752 813 ἐστιν
1781 758 1956 819 οὐδεὶς
2005 758 2034 809 ὁ

448 866 655 921 τούτων
680 864 965 934 ἀπορήσας
991 860 1136 912 ποτέ.
1157 856 1522 925 Ἑμϐλέψατε
1541 855 1651 923 γὰρ
1671 855 1757 918 είς
1781 850 2034 920 ἀρχαίας

448 959 684 1029 γενεὰς,
711 956 808 1009 καὶ
842 954 996 1006 ἴδετε
1020 968 1034 981 '
1083 951 1174 1014 τίς
1205 950 1531 1002 ἐπίστευσε
1562 946 1644 1011 τῷ
1674 944 1886 1011 Κυρίῳ,
1932 942 2033 994 καὶ

449 1046 877 1119 ἐγκατελείφθη
903 1061 921 1107 ;
943 1042 981 1110 ἢ
1014 1042 1105 1106 τίς
1121 1040 1386 1107 ἤλπισεν
1407 1038 1499 1091 ἐπ’
1527 1036 1733 1097 αὑτὸν,
1758 1033 1860 1087 καὶ
1889 1049 2031 1086 κατ-

450 1142 729 1209 ῃσχύνθη
756 1155 774 1200 ;
810 1137 902 1189 καὶ
937 1135 1118 1197 πάλιν,
1160 1130 1529 1199 Ἐμϐλέψατε
1564 1131 1651 1193 είς
1700 1126 1772 1180 τὰ
1800 1125 2037 1179 πετεινὰ

451 1231 559 1285 τοῦ
588 1228 868 1297 οὐρανοῦ,
908 1226 997 1279 ὅτι
1034 1227 1106 1277 οὐ
1136 1223 1500 1289 σπείρουσιν
1531 1219 1676 1273 οὐδὲ
1704 1217 2038 1285 θερίζουσιν

450 1322 594 1378 οὐδὲ
610 1321 987 1389 συνάγουσιν
1001 1319 1089 1382 είς
1112 1315 1444 1380 ἀποθήκας,
1479 1314 1578 1366 καὶ
1600 1314 1633 1366 ὁ
1652 1312 1854 1379 Πατὴρ
1875 1310 2041 1379 ὑμῶν

452 1420 487 1471 ό
518 1416 794 1483 οὐράνιος
836 1412 1033 1480 τρέφει
1064 1409 1237 1463 αὑτά.
1284 1407 1488 1460 Οὐδένα
1527 1406 1593 1460 ἂν
1638 1405 1751 1476 ἔχοι
1794 1423 1879 1467 τις
1907 1407 2037 1473 ἡμῖν

450 1506 622 1571 δεῖξαί
660 1522 780 1558 τινα
814 1503 1025 1572 ταχέως
1070 1500 1160 1552 διὰ
1189 1498 1348 1568 λιμὸν
1371 1499 1465 1551 καὶ
1501 1497 1672 1567 ψῦχος
1698 1495 2033 1549 ἀπολωλότα.

450 1598 609 1660 Τίνος
638 1592 730 1649 οὖν
764 1596 949 1647 ἕνεκεν
977 1593 1198 1662 τρέμεις
1232 1590 1331 1660 τὴν
1370 1589 1597 1654 πενίαν;
1629 1590 1741 1640 Οὐκ
1781 1588 1925 1657 ἔχεις
1963 1590 2038 1639 εἰ-

451 1692 595 1742 πεῖν.
642 1690 702 1740 Εἰ
746 1688 855 1756 γὰρ
907 1686 1160 1753 εύπορεῖς
1200 1682 1311 1735 τῶν
1354 1680 1686 1749 ἀναγκαίων,
1733 1681 1785 1731 τί
1836 1680 2033 1748 δήποτε

452 1779 677 1848 τρέμεις
715 1777 917 1845 αὑτήνς
968 1776 1050 1827 ὅτι
1108 1772 1312 1842 πλῆθος
1360 1772 1460 1824 ούκ
1506 1770 1621 1823 ἔστι
1654 1788 1735 1823 σοι
1772 1769 2030 1833 οἰκετῶν;

454 1870 627 1923 Τοῦτο
659 1868 935 1922 δεσποτῶν
967 1868 1115 1917 ἐστιν
1153 1863 1552 1931 ἀπαλλαγῆναι,
1577 1860 1736 1914 τοῦτο
1768 1860 2034 1930 μακαριό-

453 1980 555 2032 της
602 1961 874 2030 διηνεκὴς,
916 1959 1074 2011 τοῦτο
1121 1956 1401 2025 φροντίδος
1440 1953 1740 2023 ἐλευθερία.
1786 1952 1924 2004 Ἀλλ’
1955 1953 2036 2003 ὅτι

455 2054 551 2105 καὶ
582 2051 771 2119 σκεύη,
797 2050 891 2102 καὶ
916 2049 1114 2109 κλῖναι,
1137 2049 1229 2099 καὶ
1259 2044 1464 2097 ἔπιπλα
1485 2044 1585 2095 οὐκ
1610 2041 1758 2094 ἐστιν
1783 2041 1841 2104 ἐξ
1866 2042 2037 2111 ἀργυ-

460 2144 576 2215 ρίου
606 2142 1090 2211 κατεσκευασμένα
1117 2158 1198 2192 σοι
1217 2158 1230 2204 ;
1252 2139 1317 2190 Τί
1335 2138 1442 2209 γάρ
1474 2154 1569 2189 σου
1589 2135 1748 2188 πλέον
1766 2133 1877 2204 ἔχει
1897 2132 2038 2185 κατὰ

456 2235 553 2306 τὴν
582 2234 879 2287 ἀπόλαυσιν
913 2234 940 2284 6
972 2231 1146 2283 ταῦτα
1176 2228 1549 2298 κεκτημένος;
1594 2225 1782 2278 Οὐδέν·
1818 2224 1888 2276 τά
1929 2223 2037 2293 γάρ

456 2327 554 2395 τῆς
578 2326 827 2395 χρήσεως
858 2324 966 2387 ἴσα,
988 2323 1051 2376 ἄν
1074 2339 1131 2374 τε
1162 2320 1269 2374 ἀπὸ
1291 2319 1515 2389 ταύτης,
1534 2318 1599 2372 ἄν
1625 2334 1684 2369 τε
1706 2317 1801 2370 ἀπ’
1824 2314 2039 2385 ἐκείνης

457 2418 556 2486 τῆς
594 2416 726 2485 ῦλης
858 2414 1000 2467 Ἀλλ’
1034 2414 1112 2466 ὅτι
1149 2412 1378 2481 φοϐερὸς
1419 2411 1518 2463 οὐκ
1552 2404 1601 2462 εἷ
1629 2410 1740 2471 τοῖς
1790 2406 2035 2469 πολλοῖ;;

458 2508 607 2579 Μηδὲ
643 2507 823 2576 γένοιό
852 2523 983 2561 ποτε
1011 2523 1026 2537 ’
1081 2505 1210 2557 ποία
1238 2505 1348 2573 γὰρ
1390 2502 1550 2573 ἡδονὴ
1578 2500 1805 2572 τρέμειν
1833 2499 1926 2551 καὶ
1954 2497 2039 2573 δε-

458 2599 693 2653 δοικέναι
718 2600 776 2650 σέ
807 2613 987 2661 τινας;
1041 2595 1156 2648 ἀλλ’
1194 2597 1278 2672 ῥτι
1323 2595 1541 2665 ἐτέρους
1588 2592 1759 2662 φοϐῇ;
1796 2589 1910 2643 ἀλλ’
1940 2591 2041 2642 οὐκ

459 2689 576 2741 ἔστι
627 2687 993 2758 φοϐηθῆναιιι.
1031 2686 1237 2748 Θέλεις
1288 2684 1396 2753 γάρ
1443 2683 1529 2752 μὴ
1588 2681 1896 2751 φοϐεῖσθαι
1924 2680 2041 2747 τὴν

458 2780 792 2843 ἐξουσίαν;
821 2778 887 2831 τὸ
908 2776 1135 2847 ἀγαθὸν
1170 2776 1348 2838 ποίει,
1378 2774 1473 2827 καὶ
1503 2773 1659 2838 ἕξεις
1685 2772 1939 2828 ἔπαινον
1970 2771 2041 2833 ἐξ

459 2870 670 2940 αὐτῆς.
732 2870 872 2923 Ἀλλ’
902 2871 984 2922 ὅτι
1016 2866 1477 2937 εὐκαταφρόνητοί
1522 2867 1723 2935 ἐσμεν,
1755 2863 1910 2933 φησὶ,
1946 2863 2041 2916 καὶ

526 3064 555 3095 ⁸
578 3061 865 3125 Legendum
887 3059 1101 3121 videtur,
1121 3062 1224 3108 ἀλλ’
1243 3060 1370 3108 ἔστιν
1395 3059 1450 3107 ού
1475 3058 1580 3121 pos.

1204 279 1263 335 S.
1300 276 1584 334 JOANNIS
1618 266 2102 332 CHRYSOSTOMI
2140 264 2458 321 ARCHlEP.
2494 260 3043 319 CONS'I'ANTINOP.

3616 266 3721 323 198

2132 384 2266 455 πρὸς
2295 385 2358 437 τὸ
2384 384 2577 436 παθεῖν
2606 383 2820 451 ἕτοιμοι
2868 383 3055 444 κακῶς
3074 398 3089 446 ς
3122 379 3373 435 Μάλιστα
3416 382 3518 452 μὲν
3562 386 3658 453 οὐχ
3690 388 3723 455 ἦ

2132 477 2294 530 πενία
2317 476 2476 530 τοῦτο
2498 478 2659 536 ποιεῖ,
2692 475 2805 528 ἀλλ’
2834 476 2867 543 ὴ
2896 474 3083 526 κακία.
3121 475 3276 526 Ἐπεὶ
3311 473 3525 526 πολλῶν
3555 485 3721 546 πενή-

2139 586 2253 622 των
2280 569 2650 639 ἀπραγμόνως
2678 568 2770 620 τὸν
2803 568 2983 620 πάντα
3017 567 3128 636 βίον
3168 566 3484 633 διαγόντων,
3526 566 3725 638 ἄρχον-

2132 676 2254 724 τες,
2303 658 2659 719 πλουτοῦντες
2700 658 2795 710 καὶ
2834 658 3092 709 δυνάσται
3148 656 3365 708 πάντων
3398 656 3725 727 κακούργων

2135 752 2231 804 καὶ
2255 750 2467 820 λῃστῶν
2501 751 2596 801 καὶ
2625 747 3001 817 τυμϐωρύχων
3031 747 3357 815 ἀθλιώτερον
3389 746 3727 817 ἀπήλλαξαν.

2138 842 2315 911 Ὅπερ
2352 840 2459 911 γὰρ
2481 839 2574 891 ἐπὶ
2596 839 2689 892 σοῦ
2714 842 2746 908 ἡ
2774 838 2959 903 πενία,
2986 837 3143 889 τοῦτο
3162 837 3246 890 ἐπ’
3266 836 3474 889 ἐκείνου
3506 840 3534 890 6
3561 837 3728 889 πλοῦ-

2134 950 2225 994 τος
2254 932 2387 1002 ἔχει.
2414 933 2626 1001 Ὥσπερ
2672 931 2780 1000 γάρ
2812 947 2873 982 σε
2908 930 2997 983 διὰ
3039 930 3099 981 16
3137 929 3595 999 καταφρονεῖσθαι
3643 931 3729 981 ἐν-

2135 1024 2307 1077 ταῦθα
2355 1022 2571 1075 ποιοῦσι
2624 1023 2810 1085 κακῶς
2856 1023 2905 1074 οἱ
2953 1021 3159 1074 κακοῦν
3192 1020 3518 1091 βουλόμενοι’
3558 1021 3729 1083 οὕτως

2138 1118 2345 1168 ἐκεῖνον
2377 1115 2465 1167 διὰ
2513 1114 2574 1167 τὸ
2606 1114 2820 1183 φθονεῖν
2870 1114 2964 1167 καὶ
3012 1114 3323 1183 βασκαίνειν
3346 1130 3359 1142 ⁶
3394 1114 3485 1167 καὶ
3526 1115 3729 1185 μᾶλλον

2138 1203 2303 1270 οὗτοι,
2342 1207 2373 1277 ἢ
2405 1210 2619 1260 ἐκεῖνοι·
2657 1207 2859 1276 μᾶλλον
2903 1206 3042 1276 αῦτη
3083 1208 3116 1275 ἡ
3152 1208 3367 1277 ἀνάγκη
3404 1208 3730 1280 ἰσχυροτέρα

2140 1294 2237 1347 τοῦ
2268 1295 2454 1357 κακῶς
2482 1297 2677 1347 ποιεῖν.
2719 1296 2777 1347 'O
2830 1295 2928 1363 μὲν
2974 1294 3081 1364 γὰρ
3118 1294 3329 1361 φθονῶν
3356 1335 3370 1359 ,
3407 1296 3550 1365 ίσχύῖ
3579 1297 3730 1369 πάσῃ

2140 1386 2235 1437 καὶ
2267 1385 2495 1452 δυνάμει
2526 1384 2704 1437 πάντα
2734 1384 2963 1453 πράττει
2989 1422 3003 1442 ,
3044 1387 3072 1436 6
3112 1384 3167 1436 δὲ
3200 1386 3560 1457 καταφρονῶν
3593 1388 3727 1439 πολ-

2140 1472 2297 1535 λάκις
2336 1474 2428 1524 καὶ
2459 1473 2656 1541 ἠλέησε
2709 1472 2799 1523 τὸν
2845 1472 3357 1541 καταφρονούμενον
3382 1491 3397 1505 ⁸
3436 1476 3529 1526 καὶ
3564 1474 3723 1527 τοῦτο

2142 1561 2275 1614 αὐτὸ
2297 1560 2516 1629 γέγονεν
2533 1560 2679 1629 αύτῴ
2702 1561 2871 1612 αἴτιον
2894 1560 3237 1629 ἀπαλλαγῆς,
3258 1560 3409 1632 [211]
3438 1564 3498 1614 16
3526 1563 3731 1633 πένητα

2144 1646 2307 1709 εἶναι,
2340 1650 2401 1701 16
2432 1648 2506 1719 μὴ
2529 1649 2787 1701 δύνασθαι
2816 1649 2960 1717 ἔχειν
2999 1648 3171 1718 ἰσχύν·
3215 1651 3441 1716 Μεγάλα
3492 1670 3549 1703 τε
3598 1670 3729 1705 κατο

2141 1739 2425 1808 ορθώσεις,
2458 1738 2707 1805 λέγοντες
2728 1738 2863 1809 πρὸς
2897 1739 3080 1801 αὐτὸν,
3109 1739 3203 1790 ἐὰν
3221 1739 3311 1791 τὸν
3336 1741 3482 1793 δεῖνα
3513 1742 3728 1813 ἀνέλῃς,

2142 1825 2236 1876 ἐάν
2273 1825 2601 1894 ἀποκτείνῃς
2655 1825 2751 1876 ἕνα
2808 1825 3039 1895 πένητα·
3080 1826 3260 1877 πόσων
3308 1827 3407 1879 οὐκ
3449 1827 3729 1899 ἀπολαύσῃ

2142 1910 2353 1981 μισθῶν
2379 1929 2393 1977 ;
2428 1913 2519 1964 καὶ
2547 1910 2722 1973 οὕτως
2754 1912 2933 1964 αὐτῶν
2964 1913 3055 1964 τὸν
3088 1913 3256 1981 θυμὸν
3291 1913 3568 1983 χαλῶμεν.
3606 1916 3732 1967 Ἐπὶ

2139 2001 2197 2053 δὲ
2236 2002 2344 2054 τῶν
2374 2002 2750 2054 πλουτούντων
2774 2004 2803 2053 6
2835 2003 3029 2069 φθόνος
3060 2004 3394 2073 ἐφέστηκεν.
3441 2007 3502 2057 ού
3532 2006 3731 2074 πρότε-

2144 2107 2233 2159 ρον
2264 2089 2464 2159 λήγων,
2496 2090 2599 2151 ἕως
2624 2089 2688 2141 ἂν
2720 2090 2855 2160 ὅπερ
2890 2090 3133 2159 βούλεται
3162 2092 3486 2163 ἐργάσηται,
3515 2094 3609 2145 καὶ
3639 2094 3731 2146 τὸν

2145 2178 2220 2229 ίὸν
2272 2178 2437 2250 ἐκχέῃ
2484 2179 2573 2229 τὸν
2610 2177 2797 2230 αὑτοῦ.
2845 2179 2977 2248 Ὀρᾷ
3010 2180 3091 2232 ὅτι
3132 2181 3230 2249 οὐχ
3258 2181 3289 2250 ἠ
3322 2180 3502 2243 πενία,
3540 2183 3661 2234 οὐδὲ
3701 2183 3730 2233 6

2142 2264 2375 2328 πλοῦτος
2404 2265 2625 2333 ἀγαθόν,
2660 2266 2774 2318 ἀλλ’
2806 2268 2838 2336 ἡ
2862 2268 3109 2337 ἡμετέρα
3139 2270 3455 2339 προαίρεσις
3480 2287 3493 2333 ;
3521 2272 3731 2325 Οὐκοῦν

2140 2353 2343 2423 ταύτην
2375 2354 2747 2423 ῥυθμίζωμεν,
2783 2356 2987 2424 ταύτην
3034 2357 3376 2425 παιδεύωμεν
3402 2358 3729 2427 φιλοσοφεῖν.

2146 2442 2243 2492 ’Ἂν
2272 2439 2410 2510 α’ύτη
2459 2440 2638 2501 καλῶς
2765 2443 3102 2511 διακειμένη,
3139 2442 3263 2496 οῦτε
3315 2444 3544 2509 πλοῦτος
3584 2448 3731 2516 ἡμᾶς

2142 2528 2393 2581 ἐκϐαλεῖν
2411 2528 2507 2597 τῆς
2542 2528 2816 2597 βασιλείας
2839 2530 3149 2598 δυνήσεται,
3174 2528 3299 2582 οὔτε
3332 2531 3489 2583 πενία
3516 2533 3731 2601 ποιήσει

2141 2613 2365 2667 ἔλαττον
2420 2615 2602 2685 ἔχειν⁸
2663 2616 2798 2668 ἀλλὰ.
2849 2618 3039 2685 πράως
3098 2616 3196 2686 τὴν
3245 2617 3432 2670 πενίαν
3470 2618 3727 2689 οἴσομεν,

2141 2702 2262 2754 οὐδὲ
2324 2703 2407 2765 είς
2463 2702 2561 2772 τὴν
2616 2704 2723 2755 τῶν
2788 2703 3091 2772 μελλόντων
3150 2705 3369 2772 ἀγαθῶν
3432 2706 3731 2760 ἀπόλαυσιν

2142 2788 2689 2858 παραϐλαπτόμενοι,
2721 2790 2840 2842 οὐδὲ
2882 2790 3114 2843 ἐνταῦθα
3141 2806 3154 2821 ⁸
3209 2790 3348 2844 ἀλλά
3395 2795 3490 2845 καὶ
3526 2793 3731 2847 τούτων

2143 2877 2552 2947 ἀπολαύσομεν,
2616 2881 2709 2930 καὶ
2756 2878 2866 2931 τῶν
2919 2880 2976 2931 ἐν
3024 2879 3271 2945 οὐρανοῖς
3328 2880 3731 2951 ἐπιτευξόμεθα

2144 2963 2366 3030 ἀγαθῶν
2393 2978 2407 2992 ⁸
2453 2956 2527 3019 ὧν
2556 2967 2766 3032 γένοιτο
2794 2968 3001 3029 πάντας
3035 2967 3183 3037 ἡμᾶς
3210 2968 3507 3039 ἐπιτυχεῖν,
3540 2972 3633 3021 καί
3663 2969 3733 3023 τά

2148 3048 2305 3121 ἑξῆς.

1965 3521 2209 3577 ΟΜῙΛΙΑ
2246 3522 2317 3579 Γ’.

475 3692 583 3745 Καὶ
628 3694 698 3745 ἐν
739 3694 926 3756 τούτῳ
965 3693 1167 3761 χαίρω,
1193 3691 1353 3746 ἀλλὰ
1381 3692 1478 3745 καί
1521 3691 1879 3761 χαρήσομαι.
1913 3686 2057 3745 Οἶδα

542 3784 655 3852 γὰρ
697 3784 785 3836 ὅτι
828 3785 1007 3836 τοῦτό
1047 3802 1148 3852 μοι
1195 3784 1565 3852 ἀποϐήσεται
1610 3787 1698 3850 είς
1748 3784 2057 3851 σωτηρίαν

543 3872 642 3926 διὰ
686 3873 797 3943 τῆς
834 3874 1000 3942 ὑμῶν
1044 3874 1326 3939 δεήσεως,
1374 3875 1470 3927 καὶ
1525 3875 1911 3943 ἐπιχορηγίας
1949 3873 2056 3926 τοῦ

550 3965 894 4033 Πνεύματος
951 3964 1145 4030 Ἰησοῦ
1187 3963 1490 4030 Χριστοῦ,
1548 3965 1699 4017 κατὰ
1754 3965 1871 4032 τὴν
1910 3965 2058 4018 ἀπο-

547 4055 915 4123 καραδοκίαν
974 4053 1077 4106 καὶ
1113 4054 1330 4106 ἐλπίδα
1379 4072 1535 4124 μου,
1588 4055 1677 4108 ὅτι
1734 4057 1803 4110 ἐν
1855 4055 2056 4110 οὐδενί

546 4145 1065 4215 αἰσχυνθήσομαι,
1107 4144 1246 4199 ἀλλ’
1284 4146 1354 4197 ἐν
1402 4146 1570 4215 πάσῃ
1612 4149 1948 4216 παρρησίᾳ,
1978 4148 2059 4213 ὡς

548 4239 822 4302 πάντοτε,
862 4238 961 4290 καί
1001 4236 1120 4290 νῦν
1155 4237 1675 4305 μεγαλυνθήσεται
1708 4239 1960 4307 Χριστὸς
1989 4240 2060 4292 ἐν

548 4330 629 4396 τῷ
649 4328 878 4398 σώματί
906 4346 1041 4395 μου,
1064 4328 1183 4381 εἴτε
1209 4328 1307 4381 διὰ
1330 4326 1496 4395 ζωῆς,
1514 4330 1633 4382 εἴτε
1652 4329 1749 4383 διὰ
1772 4330 2055 4384 θανάτου.

548 4428 615 4475 α’.
647 4421 757 4491 Τὴν
783 4420 1022 4491 μεγάλην
1049 4420 1142 4473 καὶ
1172 4419 1458 4489 φιλόσοφον
1484 4419 1659 4491 ψυχὴν
1686 4421 1834 4473 οὐδὲν
1866 4422 1974 4474 τῶν
1999 4423 2057 4473 ἐν

478 4510 557 4580 τῷ
576 4508 802 4580 παρόντι
830 4507 929 4578 βίῳ
954 4507 1212 4577 λυπηρῶν
1238 4506 1459 4560 δύναται
1484 4507 1687 4575 δακεῖν,
1721 4509 1822 4563 οὐκ
1844 4509 2054 4580 ἔχθραι,

479 4601 541 4655 ού
575 4599 929 4670 κατηγορίαι,
984 4599 1045 4651 ού
1094 4597 1371 4663 διαϐολαὶ,
1414 4597 1474 4650 ού
1515 4598 1782 4663 κίνδυνοι,
1814 4599 1914 4653 οὐκ
1940 4601 2059 4653 ἐπι-

482 4696 689 4750 ϐουλαί.
716 4696 927 4765 ’Ὠσπερ
956 4695 1061 4765 γὰρ
1090 4695 1167 4756 είς
1202 4694 1444 4766 μεγάλην
1472 4694 1595 4747 τινὰ
1622 4696 1933 4769 ἀκρώρειαν
1961 4715 2059 4751 κα-

482 4785 818 4856 ταφυγοῦσα,
838 4785 1074 4853 ἄληπτος
1098 4786 1262 4837 πᾶσίν
1284 4788 1400 4838 ἐστι
1421 4788 1534 4849 τοῖς
1554 4786 1797 4842 κάτωθεν
1818 4788 2058 4842 ἀνιοῦσιν

484 4878 590 4930 ἀπὸ
615 4880 711 4946 τῆς
738 4877 860 4946 γῆς.
893 4875 1141 4946 Τοιαύτη
1159 4872 1225 4945 ἦν
1256 4877 1290 4947 ἡ
1322 4875 1416 4928 τοῦ
1440 4876 1652 4930 Παύλου
1676 4879 1843 4949 ψυχὴ,
1876 4880 2059 4951 πάσης

480 4969 789 5040 ἀκρωρείας
807 4967 1131 5038 ὑψηλότερον
1154 4968 1317 5021 τόπον
1330 4966 1421 5021 τὸν
1436 4968 1537 5037 τῆς
1554 4968 1868 5037 φιλοσοφίας
1892 4987 2060 5023 κατα-

481 5060 720 5113 λαϐοῦσα
761 5058 859 5128 τῆς
907 5061 1281 5128 πνευματικῆς
1305 5096 1321 5121 ,
1355 5059 1456 5127 τῆς
1488 5060 1657 5121 ὅντως
1709 5060 2054 5128 φιλοσοφίας.

482 5152 565 5205 Τά
598 5151 704 5221 γὰρ
730 5149 839 5202 τῶν
865 5148 1081 5213 ἔξωθεν,
1127 5150 1350 5219 ῥήματα
1386 5150 1543 5219 μόνον
1574 5150 1690 5202 ἐστὶ
1731 5151 1823 5202 καὶ
1852 5150 2058 5203 παίδων

483 5249 793 5321 ἀθύρματα.
846 5245 984 5298 Ἀλλ’
1018 5244 1079 5296 ού
1124 5246 1252 5317 περὶ
1294 5245 1498 5298 τούτων
1532 5245 1690 5312 λόγος
1738 5244 1853 5310 νῦν,
1900 5246 1968 5298 τὰ
1999 5244 2059 5297 δὲ

485 5341 703 5394 Παύλου
748 5336 1097 5408 φθεγγόμεθα
1143 5335 1300 5399 τέως.
1344 5337 1403 5388 'U
1440 5334 1708 5407 μακάριος
1735 5336 1941 5399 ἐκεῖνος
1966 5336 2059 5387 καὶ

484 5432 576 5485 τὸν
625 5431 847 5503 βασιλέα
894 5428 1032 5499 έχων
1085 5426 1424 5496 πολεμοῦντα
1469 5427 1650 5495 αὐτῷ,
1703 5428 1841 5497 πρὸς
1886 5427 2059 5495 τούτῳ

487 5518 601 5593 εἶχε
659 5524 751 5575 καὶ
788 5521 1005 5590 ἑτέρους
1050 5518 1276 5591 ἐχθροὺς
1311 5518 1583 5590 διαφόρως
1624 5519 1786 5572 αὐτὸν
1833 5518 2062 5572 λυποῦν*

490 5630 622 5677 τας,
674 5614 765 5665 καὶ
824 5611 961 5683 μετὰ
1004 5612 1205 5682 πικρᾶς
1256 5610 1508 5680 διαϐολῆς
1549 5626 1561 5639 ’
1607 5612 1703 5663 καὶ
1760 5613 1811 5662 τί
1861 5626 2061 5680 φησιν;

491 5700 567 5756 Ού
600 5701 757 5771 μόνον
786 5702 885 5755 οὐκ
932 5700 1080 5770 ἀλγῶ
1124 5703 1332 5765 τούτοις
1375 5701 1494 5755 οὐδὲ
1547 5701 1888 5771 καταπίπτω,
1930 5700 2066 5755 ἀλλὰ

2158 3691 2253 3744 καὶ
2294 3693 2469 3764 χαίρω
2517 3694 2611 3747 καὶ
2647 3694 2962 3764 χαρήσομαι
2985 3709 3001 3725 ’
3028 3694 3087 3747 ού
3135 3694 3275 3765 πρὸς
3311 3695 3520 3766 καιρδν,
3551 3698 3733 3767 φησὶν,

2156 3782 2272 3835 ἀλλ’
2296 3786 2382 3837 ἀεὶ
2406 3785 2545 3856 ὑπὲρ
2562 3784 2763 3837 τούτων
2789 3787 3122 3855 χαρήσομαι.
3151 3782 3293 3838 Οἶδα
3320 3786 3430 3854 γὰρ
3453 3786 3543 3839 ὅτι
3561 3788 3740 3841 τοῦτό

2154 3891 2255 3943 μοι
2277 3876 2645 3942 ἀποϐήσεται
2684 3880 2771 3941 εἰς
2803 3878 3107 3943 σωτηρίαν
3130 3876 3228 3945 τὴν
3261 3877 3576 3946 μέλλουσαν.
3613 3879 3737 3942 Πῶς

2159 3967 2267 4035 γὰρ
2288 3966 2385 4017 οὐκ
2408 3966 2763 4036 ἀποϐήσεται,
2792 3968 2919 4019 ὅταν
2951 3967 3043 4018 καὶ
3076 3966 3288 4036 ὴὲχθρα
3322 3985 3423 4033 μου
3456 3968 3516 4020 τὸ
3542 3969 3740 4038 κήρυγ-

2162 4071 2239 4122 μα
2262 4053 2443 4125 ὠφελῇ
2468 4058 2560 4107 καὶ
2588 4058 2616 4108 6
2641 4056 2777 4125 προς
2805 4056 2903 4125 ἐμὲ
2928 4056 3120 4123 ζῆλος;
3156 4058 3258 4108 Διὰ
3286 4055 3393 4123 τῆς
3414 4056 3583 4125 ὑμῶν
3605 4058 3739 4123 δεή-

2159 4160 2347 4210 σεως,
2396 4146 2558 4213 φησὶ,
2626 4146 2723 4197 καὶ
2788 4146 3177 4214 ἐπιχορηγίας
3230 4146 3337 4199 τοῦ
3393 4149 3738 4215 Πνεύμοτος

2173 4235 2375 4303 Ἰησοῦ
2411 4235 2672 4303 Χριστοῦ
2732 4236 2883 4289 κατὰ
2936 4239 3052 4303 τὴν
3095 4237 3581 4305 ἀποκαραδοκίαν
3641 4241 3736 4292 καὶ

2159 4327 2378 4380 ἐλπίδα
2405 4344 2545 4395 μου.
2580 4328 2720 4396 Ὅρα
2752 4327 2851 4396 τὴν
2888 4328 3389 4397 ταπεινοφροσύνην
3425 4330 3521 4381 τοῦ
3564 4348 3741 4400 μακα-

2165 4416 2280 4486 ρίου
2315 4417 2503 4471 τούτου
2536 4436 2547 4448 ·
2583 4420 2641 4469 ἐν
2672 4418 2819 4490 [212]
2852 4422 2963 4482 τοῖς
2986 4420 3167 4485 ἄθλοις
3206 4417 3274 4489 ἦν
3319 4421 3737 4491 ἀγωνιζόμενος,

2164 4509 2333 4580 μυρία
2370 4509 2743 4580 κατωρθώκει,
2790 4511 2926 4581 πρὸς
2961 4512 3109 4580 αύτῷ
3144 4512 3223 4581 τῷ
3266 4513 3512 4583 στεφάνῳ
3558 4513 3740 4565 λοιπὸν

2162 4599 2340 4653 ἔκειτο
2364 4615 2378 4630 ·
2408 4599 2619 4662 Παῦλος
2648 4601 2756 4670 γάρ
2788 4596 2857 4670 ἦν
2889 4616 2903 4629 °
2935 4600 2987 4653 τί
3011 4601 3118 4672 γὰρ
3157 4603 3222 4656 ἄν
3254 4618 3337 4665 τις
3368 4603 3511 4655 είποι
3539 4603 3737 4668 πλέονς

2161 4692 2257 4744 καὶ
2291 4692 2669 4762 Φιλιππησίοις
2698 4693 2919 4764 γράφει,
2948 4693 3028 4745 ὅτι
3058 4693 3158 4746 Διά
3180 4694 3278 4763 τῆς
3311 4692 3464 4762 ὑμῶν
3506 4694 3741 4764 δεήσεως

2160 4784 2397 4853 δύναμαι
2423 4786 2683 4855 σωθῆναι,
2707 4789 2735 4837 6
2772 4784 2880 4837 ἀπὸ
2906 4785 3115 4855 μυρίων
3157 4784 3598 4855 κατορθωμάτων
3650 4799 3741 4837 κι-

2164 4872 2445 4945 κτημένος
2482 4878 2581 4946 τὴν
2614 4877 2910 4948 σωτηρίαν.
2962 4878 3071 4929 Καὶ
3108 4876 3493 4945 ἐπιχορηγίας
3516 4917 3530 4939 ,
3584 4876 3739 4947 φησὶ,

2162 4967 2269 5021 τοῦ
2305 4969 2650 5037 Πνεύματος
2690 4968 2893 5035 Ἰησοῦ
2932 4969 3213 5036 Χριστοῦ.
3262 4970 3326 5020 Τί
3366 4972 3533 5033 ἐστιν,
3583 4971 3745 5022 Ἐπι-

2162 5061 2479 5129 χορηγίας;
2514 5059 2612 5113 Ἂν
2639 5059 2725 5111 διὰ
2761 5060 2867 5112 τῶν
2896 5060 3176 5130 ὑμετέρων
3205 5060 3399 5129 εύχῶν,
3428 5059 3581 5129 φησὶ,
3612 5077 3742 5113 κατ-

2165 5150 2383 5215 αξιωθῶ
2420 5151 2519 5219 τῆς
2546 5153 2785 5220 χάριτος.
2821 5152 2894 5203 Τὸ
2922 5153 3030 5221 γὰρ
3054 5192 3069 5217 ,
3118 5153 3549 5220 Ἑπιχορηγίας,
3585 5152 3742 5205 τοῦτό

2164 5245 2331 5302 ἐστιν,
2356 5242 2421 5295 ἂν
2437 5242 2831 5313 ἐπιχορηγηθῇ,
2857 5242 2923 5296 ἂν
2945 5244 3103 5296 πλέον
3126 5244 3344 5315 ἐπιδοθῇ
3374 5262 3464 5314 μοι
3488 5244 3738 5314 πνεῦμαο

2161 5336 2264 5400 Εἰς
2300 5334 2933 5400 σωτηρίαν,τουτέστι,
2985 5335 3082 5406 τὴν
3128 5335 3468 5407 ἀπαλλαγὴν,
3515 5341 3608 5390 καὶ
3651 5337 3742 5389 τὸν

2168 5425 2415 5494 παρόντα
2473 5424 2869 5494 διαφεύξομαι,
2920 5426 2995 5488 ὡς
3047 5426 3139 5478 τὸν
3200 5427 3415 5495 πρῶτον
3476 5428 3739 5481 κίνδυνον.

2169 5516 2306 5585 Περὶ
2334 5516 2525 5567 τούτου
2573 5514 2681 5585 γάρ
2721 5532 2884 5585 φησιν
2908 5531 2922 5545 ⁸
2970 5518 3063 5569 Ἐν
3097 5516 3173 5583 τῇ
3206 5516 3404 5587 πρώτῃ
3436 5536 3554 5587 μου
3589 5520 3743 5574 ἀποο

2171 5605 2345 5674 λογίᾳ
2371 5603 2569 5669 οὐδείς
2588 5622 2688 5673 μοι
2713 5607 3222 5676 συμπαρεγένετοσ
3242 5608 3327 5677 μὴ
3361 5609 3562 5674 αὐτοῖς
3582 5613 3744 5677 λογι-

2175 5702 2348 5771 σθειή
2372 5718 2384 5731 ·
2417 5701 2555 5755 ἀλλ’
2588 5704 2620 5755 ό
2658 5700 2870 5769 Κύριός
2918 5720 3019 5773 μοι
3059 5702 3347 5772 παρέστη,
3390 5703 3487 5757 καὶ
3542 5702 3744 5757 ἐνεδυ-
