4130 6386
404 352 508 412 197

403 472 534 527 nihil
554 470 756 526 habent
778 471 803 524 ?
829 468 1134 525 Electiones
1161 469 1288 539 ipsze
1309 478 1363 524 et
1390 470 1522 538 vitae
1540 469 1778 523 instituta
1802 477 1926 521 sunt
1958 508 1975 531 ,

404 580 523 634 qua:
566 561 759 617 divites
802 571 857 618 et
900 577 1166 633 pauperes
1209 560 1454 627 faciunt,
1488 576 1594 615 non
1635 560 1976 630 pecuniarum

406 653 730 707 abundantia
762 662 854 707 aut
881 654 1079 724 inopia.
1106 652 1200 709 Vis
1228 662 1319 718 tu,
1353 668 1386 707 ο
1416 667 1617 722 pauper
1641 693 1655 715 ,
1684 649 1984 706 ditescere?

407 748 463 800 Si
494 747 626 800 velis
647 786 661 809 ,
712 746 837 800 licet
876 746 968 799 tibi
1004 763 1016 798 :
1047 760 1205 799 nemo
1228 754 1347 809 est,
1377 746 1466 815 qui
1495 744 1772 816 prohibeat
1804 761 1817 795 ε
1848 760 1971 798 con-

407 848 585 893 temne
604 838 788 892 mundi
819 837 1088 907 pecunias,
1124 851 1220 907 pro
1252 837 1419 891 nihilo
1441 838 1559 891 illas
1589 837 1727 891 habe
1754 878 1769 902 ,
1803 843 1863 889 ut
1891 851 1983 889 re-

411 945 536 984 vera
571 930 701 984 nihil
732 942 856 985 sunt
888 973 903 996 ,
950 931 1119 1001 abjice
1163 930 1464 985 divitiarum
1504 931 1844 1001 cupiditatem
1872 970 1887 994 ,
1930 937 1985 984 et

410 1019 582 1075 factus
604 1036 665 1076 es
687 1022 855 1076 dives.
885 1022 988 1089 Qui
1015 1022 1170 1077 ditari
1204 1039 1311 1076 non
1337 1023 1473 1089 vult,
1506 1022 1591 1077 hic
1618 1023 1810 1089 estqui
1842 1022 1977 1077 dita-

413 1120 500 1163 tur
531 1129 544 1165 :
575 1112 664 1181 qui
695 1113 911 1167 minime
954 1114 1066 1167 vult
1111 1114 1163 1167 in
1209 1124 1578 1183 paupertatem
1626 1113 1861 1168 incidere
1891 1156 1903 1175 ,
1937 1114 1983 1167 is

412 1200 614 1255 incidit.
647 1202 776 1257 Nam
806 1212 862 1259 ut
892 1204 936 1256 is
967 1220 1091 1259 vere
1119 1214 1360 1275 mgrotat,
1388 1205 1477 1274 qui
1499 1206 1657 1260 etiam
1684 1206 1734 1259 in
1758 1206 1986 1261 sanitate

414 1292 629 1362 languet
655 1308 818 1363 seque
848 1295 1096 1356 afﬂictat,
1139 1312 1243 1349 non
1292 1297 1382 1351 ille
1421 1297 1508 1367 qui
1538 1297 1781 1351 morbum
1817 1299 1982 1352 nihilo

411 1384 682 1441 dillicilius
717 1387 820 1440 fert
856 1403 1013 1457 quam
1058 1388 1317 1457 integram
1349 1390 1638 1444 sanitatem
1673 1407 1686 1444 :
1721 1391 1787 1443 ita
1822 1392 1981 1443 etiam

414 1491 615 1545 pauper
642 1486 725 1531 est
754 1480 841 1547 qui
872 1489 1242 1549 paupertatem
1271 1482 1412 1535 ferre
1444 1496 1549 1535 non
1582 1493 1753 1552 potest
1782 1526 1794 1544 ,
1827 1495 1986 1553 atque

411 1568 648 1638 undique
675 1568 1016 1624 affluentibus
1039 1572 1241 1626 divitiis
1270 1587 1329 1627 se
1359 1588 1469 1642 prae
1501 1576 1751 1629 omnibus
1782 1590 1984 1645 paupe-

415 1672 526 1711 rem
560 1668 737 1726 putat:
760 1676 863 1712 non
895 1662 979 1715 ille
1006 1662 1095 1729 qui
1122 1672 1487 1731 paupertatem
1516 1665 1761 1720 facillime
1786 1667 1984 1736 ferens,

323 1820 335 1835 ο
415 1748 636 1802 hilarius
661 1750 788 1802 vivit
812 1766 970 1818 quam
999 1751 1189 1807 divites
1211 1772 1222 1805 :
1241 1753 1327 1807 hic
1351 1755 1491 1808 enim
1518 1755 1675 1826 longe
1700 1756 1861 1812 ditior
1883 1766 1983 1813 est.

417 1841 509 1894 Dic
535 1843 673 1895 enim
712 1843 862 1907 mihi,
894 1860 991 1898 cur
1023 1857 1384 1915 paupertatem
1419 1849 1612 1903 times?
1646 1864 1741 1904 cur
1764 1853 1987 1906 tremis?

415 1948 591 1985 nonne
618 1944 830 2002 propter
859 1935 1014 1989 famis
1042 1938 1373 2006 periculum?
1395 1956 1569 1995 nonne
1600 1954 1815 2011 propter
1846 1945 1988 2012 peri-

414 2024 588 2076 culum
636 2026 752 2079 sitis
795 2036 849 2079 et
897 2027 1146 2097 frigoris?
1178 2044 1354 2085 nonne
1396 2031 1466 2085 ob
1510 2032 1642 2087 alias
1686 2034 1986 2103 huiusmodi

411 2114 641 2169 causas?
674 2118 739 2169 At
767 2133 946 2181 nemo,
980 2122 1154 2183 nemo,
1192 2121 1426 2192 inquam,
1456 2133 1557 2190 est,
1582 2127 1670 2195 qui
1704 2126 1754 2179 in
1788 2136 1985 2180 tantam

415 2208 646 2277 inopiam
677 2209 926 2265 redactus
962 2212 1051 2265 sit.
1100 2213 1350 2283 Respicite
1388 2217 1529 2269 enim
1561 2218 1613 2270 in
1642 2218 1872 2286 antiquas
1900 2235 1987 2289 ge-

414 2307 696 2363 nerationes
726 2348 739 2370 ,
781 2318 828 2360 et
849 2309 1010 2361 videte
1043 2324 1061 2362 :
1085 2310 1199 2379 quis
1223 2310 1434 2363 credidit
1461 2310 1568 2365 Deo
1597 2352 1612 2377 ,
1650 2322 1696 2365 et
1725 2312 1989 2367 derelictus

412 2409 484 2452 est
510 2401 534 2451 Υ
558 2399 638 2453 vel
662 2401 773 2466 quis
802 2402 1016 2467 speravit
1046 2403 1099 2455 in
1129 2403 1258 2472 ipso,
1284 2412 1330 2456 et
1361 2404 1602 2472 confusus
1622 2414 1692 2459 est
1719 2404 1902 2473 (Eccli.
1932 2406 1985 2459 2.

415 2490 504 2556 il)
526 2491 548 2542 ?
578 2501 627 2543 et
649 2504 859 2553 rursus,
880 2492 1128 2561 Respicite
1148 2493 1373 2547 volatilia
1394 2495 1522 2559 cali,
1551 2512 1663 2565 qua:
1687 2513 1786 2549 non
1815 2506 1988 2551 serunt

412 2594 569 2648 neque
599 2590 787 2632 metunt
818 2598 976 2646 neque.
1009 2595 1315 2656 congregant
1338 2587 1391 2639 in
1421 2588 1620 2654 horrea,
1647 2597 1692 2640 et
1723 2587 1879 2641 Pater
1902 2605 1988 2642 ve-

410 2680 512 2725 strr
536 2671 744 2725 celestis
772 2675 931 2741 pascit
967 2674 1059 2727 illa
1106 2677 1123 2745 (
1151 2676 1337 2747 Matth.
1372 2676 1425 2732 6.
1456 2677 1526 2731 26
1638 2678 1807 2733 Nemo
1834 2680 1990 2735 nobis

411 2764 715 2829 quempiam
749 2765 1063 2831 protulerit,
1104 2768 1192 2836 qui
1222 2770 1332 2823 cito
1364 2771 1503 2825 fante
1542 2781 1632 2825 aut
1665 2772 1861 2841 frigore
1893 2790 1987 2843 pe-

409 2856 599 2909 rierit:
632 2873 729 2911 cur
779 2873 908 2929 ergo
960 2872 1324 2930 paupertatem
1378 2864 1611 2920 timeas?
1643 2866 1782 2922 Nihil
1824 2869 1989 2925 habes

409 2947 550 3016 quod
583 2951 931 3019 respondeas.
962 2951 1096 3006 Nam
1125 2954 1168 3006 si
1200 2957 1499 3010 necessaria
1528 2957 1617 3011 tibi
1652 2970 1939 3029 suppetunt
1967 3000 1984 3026 ,

410 3054 508 3091 cur
533 3040 765 3110 denique
799 3034 947 3096 illam
977 3043 1178 3100 times?
1207 3046 1349 3115 quod
1379 3063 1481 3102 non
1513 3050 1604 3102 tibi
1638 3052 1789 3106 adest
1821 3052 1988 3107 famu-

410 3129 583 3185 lorum
624 3134 905 3189 multitudo
929 3134 953 3189 ?
981 3136 1038 3192 ld
1079 3153 1209 3192 vero
1252 3139 1382 3194 nihil
1425 3141 1565 3196 aliud
1597 3154 1681 3198 est
1709 3185 1724 3209 ,
1757 3162 1912 3214 quam
1955 3162 1986 3202 a

408 3220 643 3278 dominis
672 3240 793 3281 esse
820 3227 1043 3281 liberum
1074 3271 1087 3293 ,
1117 3241 1274 3300 quam
1306 3243 1559 3302 perpetua
1590 3236 1828 3304 quaedam
1860 3239 1989 3295 bea-

417 3313 586 3367 titudo
615 3356 629 3378 ,
660 3332 816 3384 quam
848 3334 1096 3374 curarunt
1126 3323 1361 3377 vacuitas
1385 3334 1439 3379 et
1463 3326 1701 3382 libertas.
1734 3331 1814 3382 An
1847 3332 1987 3400 quod

408 3419 534 3459 vasa
555 3446 570 3471 ,
596 3407 763 3462 lectos
785 3450 801 3474 ,
837 3412 1223 3479 supellectilem
1255 3429 1358 3468 non
1383 3415 1547 3471 habes
1574 3434 1638 3473 ex
1665 3430 1885 3489 argento
1910 3422 1989 3474 fa-

410 3496 700 3553 brefacta?
740 3502 804 3555 Et
854 3503 979 3571 quid
1030 3504 1147 3571 plus
1196 3506 1356 3561 habet
1402 3523 1559 3576 quam
1606 3519 1660 3563 tu
1692 3552 1707 3574 ,
1740 3512 1880 3580 quod
1921 3512 1987 3567 ad

410 3587 690 3645 fruendum
714 3594 963 3661 pertinet,
995 3595 1038 3649 is
1064 3600 1147 3649 cui
1176 3598 1274 3651 ista
1306 3608 1591 3666 suppetunt
1615 3600 1638 3652 ?
1662 3598 1835 3657 Nihil:
1863 3618 1991 3660 usus

414 3687 556 3739 enim
586 3686 725 3741 idem
750 3697 855 3752 est,
889 3690 1006 3742 sive
1030 3704 1095 3743 ex
1121 3690 1220 3746 hac
1249 3693 1363 3747 sive
1391 3708 1456 3747 ex
1487 3694 1573 3747 illa
1602 3698 1824 3751 materia
1854 3714 1988 3754 con-

1286 350 1353 408 IN
1390 345 1606 408 EPIST.
1646 348 1737 404 AD
1775 345 2039 404 PHILIPP
2100 346 2253 402 CAP.
2296 346 2335 402 i.
2378 348 2608 405 IlOMiL.
2650 348 2739 405 Ill.

2078 472 2255 519 stent.
2285 464 2369 520 An
2396 466 2539 536 quod
2568 466 2747 522 multis
2778 482 2885 522 non
2918 483 2976 523 es
3015 472 3205 525 terrori
3231 470 3255 524 *ἒ
3295 470 3487 535 Absit,
3520 482 3578 527 ut
3606 476 3658 529 id

3558 352 3660 409 I98

2093 559 2186 614 tibi
2213 575 2463 630 umquam
2493 565 2706 617 eveniat
2733 580 2745 615 :
2773 577 2891 632 qua:
2939 563 3081 618 enim
3116 563 3358 636 voluptas
3382 607 3398 630 ,
3426 580 3544 621 esse
3573 583 3665 637 qut

2092 661 2146 708 te
2184 662 2424 708 metuant
2456 669 2519 708 ac
2560 654 2888 709 formident?
2916 656 2993 709 An
3026 655 3167 725 quod
3194 656 3330 710 alios
3359 657 3614 714 formidas
3646 661 3687 723 η

2091 746 2160 800 At
2187 745 2308 799 licet
2334 762 2440 799 non
2469 745 2777 801 formidare.
2830 746 2917 801 Vis
2944 748 3087 801 enim
3119 764 3219 801 non
3243 750 3417 803 timere
3442 760 3669 818 potesta-

2093 847 2189 891 tem
2221 839 2246 892 ?
2271 838 2455 892 bonum
2484 842 2586 910 fac,
2620 850 2669 893 et
2700 839 2902 893 habebis
2931 841 3136 895 laudem
3156 859 3219 896 ex
3243 842 3336 896 illa
3366 842 3541 911 (Rom.
3570 845 3662 900 ii".

2091 930 2168 1000 5).
2192 932 2260 985 At
2285 930 2427 985 enim
2456 932 2591 985 dicis
2616 973 2629 996 ,
2658 931 2834 986 Facile
2859 934 3253 987 contemnimur
3280 976 3295 999 ,
3331 934 3484 990 facile
3511 936 3672 990 malis

2092 1021 2356 1077 affi‘cimnr
2381 1024 2404 1076 ?
2432 1023 2683 1089 Quinimo
2714 1025 2764 1077 id
2793 1025 3128 1093 potissimum
3161 1025 3284 1080 facit
3311 1027 3623 1096 improbitas
3652 1070 3668 1095 ,

2092 1130 2197 1169 non
2255 1128 2559 1184 paupertas.
2616 1118 2824 1172 Etenim
2880 1134 3002 1173 cum
3057 1119 3206 1172 multi
3274 1136 3533 1190 pauperes
3586 1122 3668 1176 vi-

2094 1216 2199 1262 tam
2245 1219 2401 1276 agant
2442 1209 2557 1263 sine
2604 1211 2887 1274 molestia;
2927 1227 3031 1263 non
3077 1210 3361 1265 defuerunt
3398 1214 3667 1282 principes

2093 1300 2423 1356 abundantes
2446 1301 2666 1366 divitiis,
2698 1317 2760 1355 ac
2782 1301 3041 1371 dynasttc,
3070 1304 3157 1372 qui
3186 1303 3371 1371 quovis
3396 1299 3631 1357 facin'oro
3656 1334 3663 1341 -

2094 1408 2187 1457 so,
2223 1392 2429 1447 latrone
2458 1402 2511 1447 et
2538 1394 2907 1462 sepulcrorum
2956 1394 3213 1447 efl'nssore
3244 1393 3479 1447 deterius
3524 1395 3664 1448 mul-

2094 1484 2188 1537 tati
2221 1484 2606 1539 discesserunt.
2641 1485 2792 1551 Quod
2819 1485 2966 1539 enim
3001 1486 3053 1537 in
3086 1496 3136 1539 te
3165 1496 3451 1554 paupertas
3476 1528 3490 1552 ,
3541 1486 3590 1539 id
3617 1486 3666 1538 in

2094 1575 2181 1629 illo
2206 1576 2405 1631 divitim
2443 1577 2660 1631 faciunt.
2693 1576 2823 1631 Nam
2864 1578 2954 1648 qui
2998 1578 3312 1632 malefacere
3356 1578 3542 1631 volunt
3566 1618 3580 1642 ,
3613 1586 3670 1632 ut

2094 1667 2186 1719 tibi
2220 1683 2281 1719 ex
2312 1677 2642 1736 contemptu.
2669 1670 2739 1722 ita
2768 1668 2918 1722 diviti
2946 1684 3010 1722 ex
3043 1668 3237 1723 invidia
3266 1679 3318 1723 et
3352 1670 3518 1722 livore
3551 1685 3667 1722 ma-

2093 1758 2383 1822 lefaciant;
2414 1769 2572 1828 atque
2597 1761 2762 1831 magis
2787 1761 2946 1814 invidi
2976 1775 3135 1830 quam
3161 1761 3387 1815 malefici
3410 1779 3422 1815 :
3444 1761 3496 1814 hi
3526 1763 3668 1815 enim

2092 1853 2349 1908 validiore
2382 1853 2584 1923 impetu
2614 1854 2677 1907 ad
2711 1854 3152 1909 malefaciendum
3177 1854 3544 1923 impelluntur.
3569 1854 3667 1910 Et-

2095 1947 2236 2001 enim
2268 1947 2356 2016 qui
2385 1946 2605 2011 invidet,
2633 1959 2847 2001 omnem
2873 1946 3035 2000 animi
3063 1947 3171 2001 vim
3202 1956 3257 2001 et
3289 1946 3592 2002 facultatem
3618 1949 3669 2000 in

2095 2032 2301 2108 agendo
2328 2038 2543 2092 adhibet
2577 2056 2590 2090 :
2624 2047 2679 2092 at
2705 2038 2795 2108 qui
2822 2040 3136 2104 contemnit,
3164 2054 3308 2108 saepe
3341 2039 3502 2094 etiam
3529 2040 3670 2093 illius

2093 2146 2254 2200 quem
2281 2130 2577 2184 contenmit
2606 2129 2933 2196 miseretur;
2966 2138 3127 2199 atque
3168 2129 3271 2184 hoc
3302 2130 3474 2200 ipsum
3507 2146 3665 2184 causa

2094 2222 2167 2275 illi
2201 2222 2386 2276 salutis
2416 2222 2532 2284 fuit,
2564 2236 2871 2290 pauperem,
2898 2221 3441 2289 inquam,esse,nihil
3473 2221 3672 2277 habere

2094 2315 2311 2369 virium.
2344 2315 2415 2368 Ita
2443 2314 2584 2369 enim
2616 2314 2872 2367 adversus
2898 2329 3016 2366 eum
3042 2312 3132 2383 qui
3155 2314 3377 2382 pauperi
3400 2314 3665 2375 imminet,

2093 2407 2274 2462 dicere
2303 2406 2444 2460 soliti
2467 2420 2685 2460 sumus:
2709 2404 2953 2474 Magnum
2985 2419 3111 2458 vero
3136 2402 3385 2474 quiddam
3408 2403 3669 2469 effeceris,

2093 2502 2138 2553 si
2166 2498 2307 2553 hunc
2335 2498 2615 2552 sustuleris
2642 2538 2656 2561 ,
2690 2498 2733 2551 si
2765 2510 3054 2566 pauperem
3082 2510 3247 2548 unum
3282 2493 3618 2549 interfeceris
3650 2512 3663 2547 :

2094 2584 2171 2646 eu'
2192 2598 2391 2660 quanta
2428 2601 2483 2645 et
2526 2605 2681 2657 quam
2713 2588 2889 2657 ampla
2917 2587 3261 2657 consequeris
3289 2587 3509 2656 prmmia
3542 2604 3555 2640 :
3584 2594 3661 2639 at-

2094 2698 2199 2752 que
2221 2683 2303 2737 his
2331 2682 2508 2737 verbis
2540 2679 2772 2734 furorem
2803 2680 2941 2734 illius
2964 2678 3294 2732 cohibemus.
3318 2679 3385 2731 At
3414 2676 3673 2732 adversus

2094 2772 2501 2829 divitesiuvidia
2526 2772 2599 2825 ita
2621 2770 2867 2840 insurgit,
2898 2781 2957 2825 ut
2977 2785 3083 2823 non
3110 2779 3233 2822 ante
3258 2768 3486 2834 desinat,
3514 2783 3671 2838 quam

2094 2863 2236 2935 quod
2278 2864 2393 2919 vult
2432 2863 2710 2929 effecerit,
2744 2875 3007 2928 suumque
3052 2874 3313 2914 venenum
3343 2859 3668 2914 evomuerit.

2095 2955 2260 3011 Vides
2291 2970 2396 3009 non
2441 2955 2494 3008 in
2522 2961 2837 3025 paupertate
2868 2961 2957 3005 aut
2984 2951 3184 3004 divitiis
3214 2952 3368 3004 sitam
3399 2964 3519 3005 esse
3550 2950 3675 3004 boni

2094 3060 2341 3104 naturam
2376 3089 2390 3113 ,
2423 3046 2517 3101 sed
2560 3046 2612 3100 in
2646 3055 2834 3100 nostro
2862 3043 3130 3099 arbitrio?
3160 3042 3310 3097 Hanc
3342 3043 3501 3113 igitur
3528 3058 3677 3097 com-

2093 3155 2378 3211 ponamus,
2400 3138 2793 3206 doceamusque
2816 3134 3201 3206 phi1050phari.
3230 3133 3285 3188 Si
3316 3132 3431 3188 haec
3456 3135 3591 3189 bene
3616 3147 3677 3187 se

2096 3232 2363 3297 habuerit,
2392 3245 2564 3301 neque
2589 3229 2792 3285 divitiae
2820 3243 2919 3282 nos
2939 3227 3225 3283 excludere
3255 3243 3284 3281 a
3324 3242 3489 3297 regno
3520 3235 3675 3296 pote-

2094 3337 2258 3388 runt,
2297 3338 2396 3378 nec
2442 3322 2731 3393 quidquam
2776 3320 2928 3375 nobis
2962 3318 3164 3373 adimet
3205 3329 3529 3389 paupertas;
3577 3318 3674 3372 sed

2095 3433 2249 3487 mque
2277 3418 2442 3487 ipsam
2466 3415 2699 3470 feremus
2730 3414 2929 3478 animo,
2961 3412 3161 3465 nullum
3194 3424 3257 3465 ex
3286 3426 3347 3463 ea
3379 3410 3674 3463 detrimen-

2096 3520 2206 3564 tum
2237 3519 2329 3563 aut
2356 3509 2420 3562 ad
2452 3506 2630 3561 futura
2660 3505 2797 3558 bona
2829 3502 3226 3572 consequenda.
3247 3510 3335 3555 aut
3357 3501 3407 3553 in
3438 3500 3538 3553 hac
3566 3500 3670 3551 vita

2098 3611 2474 3671 reportantes;
2507 3599 2601 3655 sed
2631 3606 2686 3654 et
2731 3597 2816 3651 his
2869 3595 3110 3650 fruemur
3150 3603 3202 3647 et
3234 3590 3538 3647 emlestibus
3566 3590 3671 3645 illis

2094 3697 2361 3768 potiemur
2389 3686 2573 3747 bonis:
2599 3690 2792 3760 quibus
2818 3688 3016 3741 utinam
3049 3686 3195 3757 digni
3220 3685 3534 3748 efficiamur,
3564 3693 3673 3740 etc.

406 3819 3068 3843 W

1806 3900 2144 3968 HOMILIA
2187 3904 2300 3966 ΙΙΙ.

409 4041 540 4096 ΕΠ».
584 4046 636 4097 1.
678 4057 729 4094 v.
772 4041 859 4096 18.
903 4041 968 4096 Et
988 4042 1039 4095 in
1074 4042 1167 4095 hoc
1197 4042 1414 4111 gaudeo,
1442 4042 1531 4097 sed
1554 4053 1600 4097 et
1628 4045 1875 4111 gaudebo.
1898 4045 1986 4100 l9.

489 4133 606 4186 Scio
651 4133 784 4187 enim
824 4133 942 4196 quia
976 4133 1069 4187 hoc
1106 4132 1228 4185 mihi
1273 4135 1525 4204 proveniet
1570 4135 1636 4186 ad
1663 4134 1878 4188 salutem
1905 4151 1994 4200 per

486 4235 698 4276 uestram
717 4223 1011 4288 orationem,
1035 4234 1080 4277 et
1100 4224 1609 4278 subministrationem
1631 4223 1857 4295 Spiritus
1868 4225 1901 4278 J
1907 4242 1994 4279 esu

487 4313 692 4375 Christi,
714 4313 805 4369 20.
833 4315 1108 4368 secundum
1133 4316 1549 4385 exspectationem
1573 4324 1620 4368 et
1645 4331 1784 4384 spem
1810 4333 1992 4379 meam,

488 4407 604 4475 quia
650 4407 703 4459 in
750 4406 890 4460 nullo
935 4406 1248 4474 confundor,
1297 4406 1386 4459 sed
1411 4407 1464 4461 in
1494 4407 1630 4461 omni
1652 4408 1840 4475 ﬁducia
1866 4409 1994 4461 sicut

489 4512 705 4573 semper,
740 4506 785 4550 et
825 4513 961 4550 nunc
990 4496 1398 4566 magniﬁcabitur
1428 4495 1659 4553 Christus
1696 4498 1750 4551 in
1787 4513 1998 4568 corpore

489 4604 621 4653 meo,
650 4590 751 4642 sive
783 4605 870 4658 per
890 4590 1064 4651 vitam,
1092 4588 1195 4643 sive
1219 4606 1308 4657 per
1336 4597 1564 4643 mortem.

493 4681 545 4733 1.
585 4679 823 4749 Magnam
852 4688 905 4734 et
936 4680 1356 4747 philosophicam
1385 4680 1617 4734 animam
1645 4680 1810 4742 nihil,
1855 4680 1996 4750 quod
2022 4704 2025 4707 ·

420 4774 473 4828 in
504 4773 603 4828 hac
627 4773 735 4827 vita
763 4774 987 4829 moleSIe
1015 4772 1242 4839 accidat,
1271 4772 1465 4828 laedere
1495 4781 1670 4842 potest
1699 4792 1711 4828 :
1744 4788 1851 4828 non
1895 4774 1995 4827 iui-

423 4867 658 4931 micitite,
688 4881 791 4919 nou
818 4864 1209 4928 accusationes,
1240 4880 1347 4919 non
1376 4864 1676 4929 calumnim,
1716 4880 1821 4919 non
1850 4865 1995 4934 peri-

420 4960 561 5021 rula,
594 4974 697 5011 non
728 4956 953 5011 insidiae.
982 4956 1112 5011 Nam
1145 4955 1364 5025 perinde
1386 4965 1544 5025 atque
1574 4956 1616 5009 si
1646 4956 1699 5009 in
1726 4956 1994 5011 excelsum

421 5049 685 5116 qumidam
708 5048 902 5101 montis
926 5062 1179 5102 cacumen
1207 5062 1264 5100 se
1295 5049 1574 5117 receperit,
1600 5046 1732 5100 nihil
1758 5045 1824 5100 ad
1853 5045 1996 5100 illam

424 5156 488 5193 ex
522 5141 587 5193 iis
615 5155 733 5209 qua:
768 5139 835 5192 de
865 5138 1119 5193 inferiore
1146 5138 1263 5192 loco
1287 5138 1354 5193 de
1391 5149 1529 5193 terra
1557 5138 1844 5205 jaciuntur,
1875 5152 1997 5205 per-

423 5231 604 5287 venire
627 5238 821 5300 potest.
845 5230 987 5285 Talis
1009 5241 1123 5286 erat
1150 5230 1296 5285 Pauli
1327 5230 1500 5284 anima
1536 5246 1547 5282 :
1574 5229 1762 5299 quovis
1791 5227 1999 5297 fastigio

424 5323 666 5377 altiorem
698 5322 871 5375 locum
904 5320 1278 5389 prehenderat,
1311 5321 1481 5373 locum
1509 5320 1856 5389 philosophia:
1887 5319 1998 5384 Spi-

424 5416 649 5478 ritualis,
688 5432 827 5470 vene
855 5415 1224 5484 philosophiae.
1253 5412 1386 5467 Nam
1415 5428 1477 5467 ea
1504 5414 1555 5466 in
1586 5413 1782 5482 quibus
1802 5411 1999 5465 ethnici

427 5521 739 5571 versantur,
772 5508 935 5561 verba
962 5516 1168 5561 tantum
1211 5514 1336 5561 sunt
1385 5514 1440 5559 et
1483 5520 1770 5574 puerorum
1826 5505 1996 5558 lusus.

426 5597 621 5653 Verum
645 5600 710 5654 de
744 5600 825 5653 his
849 5615 990 5654 nunc
1016 5615 1193 5654 sermo
1221 5614 1325 5651 non
1353 5607 1433 5651 est
1458 5614 1472 5661 ;
1514 5597 1607 5651 sed
1638 5597 1704 5650 de
1735 5597 1884 5651 Pauli
1910 5608 1998 5649 re-

429 5691 525 5744 bus
549 5690 708 5745 verba
738 5689 981 5746 facimus.
1032 5691 1222 5743 Beatus
1262 5689 1351 5743 ille
1393 5700 1446 5742 et
1478 5688 1856 5758 Imperatorem
1901 5686 2000 5740 sibi

428 5780 797 5836 adversantem
845 5780 1103 5837 habebat.
1150 5790 1203 5834 et
1246 5779 1383 5832 alios
1437 5787 1696 5848 pt'mterea
1728 5777 1995 5845 inimicos,

765 5865 1031 5925 ΡΔτιιοι.
1078 5864 1192 5923 (in.
1248 5864 1430 5926 LXII.

2100 4045 2189 4114 qui
2241 4042 2401 4096 variis
2450 4048 2507 4094 et
2554 4037 2912 4093 acerbissimae
2961 4035 3243 4092 calumnias
3287 4034 3457 4105 plenis
3504 4033 3679 4089 modis

2101 4138 2274 4207 ipsum
2302 4134 2564 4189 vexabant
2594 4147 2608 4184 :
2635 4130 2838 4200 etquid
2875 4130 2992 4183 ait?
3030 4127 3146 4183 Non
3196 4128 3356 4182 modo
3395 4136 3678 4197 propterea

2103 4244 2209 4283 non
2237 4227 2393 4282 doleo
2422 4239 2596 4294 neque
2622 4224 2801 4277 animo
2826 4221 3052 4275 concide
3075 4262 3091 4283 ,
3136 4220 3229 4274 sed
3259 4220 3417 4274 etiam
3446 4218 3678 4289 gaudeo.

2101 4328 2155 4375 et
2180 4318 2423 4391 gaudebo
2464 4331 2608 4369 :non
2635 4314 2700 4371 ad
2733 4324 2961 4383 tempus,
2988 4312 3181 4381 inquit,
3220 4310 3314 4365 sed
3362 4325 3576 4378 semper
3611 4310 3679 4365 de

2102 4410 2186 4464 his
2228 4408 2492 4481 gaudebo.
2527 4406 2648 4461 Scio
2689 4402 2824 4457 enim
2866 4403 2987 4471 quia
3026 4403 3121 4455 hoc
3161 4401 3284 4454 mihi
3313 4401 3565 4469 proveniet
3606 4400 3674 4453 ad

2102 4502 2315 4555 salutent
2345 4499 2597 4553 futuram.
2644 4497 2710 4551 Et
2738 4493 3007 4565 quomodo
3037 4506 3140 4547 non
3175 4494 3481 4560 proveniat.
3509 4507 3681 4561 quan-

2103 4590 2174 4646 do
2217 4600 2273 4644 et
2313 4588 2600 4642 inimicitia:
2642 4596 2698 4640 et
2736 4586 2884 4639 zelus
2928 4582 3210 4636 adversum
3268 4597 3353 4636 me
3402 4592 3683 4651 susceptus

2107 4682 2537 4752 prmdicationem
2562 4678 2786 4749 juvant?
2814 4677 2913 4729 Per
2936 4666 3150 4729 vestram
3168 4676 3462 4740 orationem,
3489 4677 3679 4747 inquit,

2105 4785 2152 4829 et
2196 4772 2707 4829 subministrationem
2752 4769 2975 4836 Spiritus
3015 4766 3140 4821 Jesu
3181 4767 3365 4822 Christi
3402 4771 3678 4825 secundum

2106 4864 2525 4935 exspectationem
2549 4872 2593 4915 et
2618 4878 2757 4930 spem
2788 4876 2966 4914 meam.
3003 4858 3137 4913 Vide
3157 4859 3298 4913 beati
3325 4859 3478 4929 hujus
3510 4861 3684 4914 humi-

2107 4956 2310 5010 litatem
2354 4974 2368 5008 :
2409 4954 2459 5007 in
2507 4952 2891 5009 certationibus
2937 4949 3230 5011 laborabat,
3279 4951 3682 5006 innumerabilia

2110 5056 2261 5101 erant
2302 5047 2468 5115 ipsius
2503 5044 2813 5107 benefacta,
2861 5042 3187 5112 jamjamque
3213 5056 3465 5097 coronam
3517 5044 3682 5113 ipsam

2110 5140 2358 5202 tenebat;
2393 5137 2583 5191 Paulus
2614 5136 2753 5190 enim
2782 5144 2897 5189 erat
2922 5153 2934 5188 :
2970 5150 3089 5187 nam
3118 5134 3243 5202 quid
3273 5136 3446 5202 majus
3467 5135 3566 5188 dici
3589 5150 3687 5203 p0-

2112 5240 2211 5283 test
2237 5231 2259 5283 ?
2285 5244 2346 5283 ac
2386 5240 2559 5282 tamen
2584 5226 3015 5295 Philippensibus
3040 5224 3106 5278 ad
3136 5224 3277 5279 hunc
3304 5223 3520 5278 modum
3543 5227 3681 5279 scri-

2109 5320 2223 5384 bit,
2256 5320 2358 5375 Per
2388 5329 2616 5373 vestram
2643 5318 2938 5371 orationem
2968 5331 3182 5384 possum
3223 5316 3448 5369 salutem
3493 5330 3688 5370 conse—

2112 5411 2202 5479 qui
2255 5410 2412 5474 :ille,
2460 5411 2691 5477 inquam,
2739 5408 2822 5462 cui
2866 5414 3123 5462 sexcenta
3157 5405 3430 5460 benefacta
3464 5407 3690 5461 salutem

2110 5502 2510 5571 comparabant.
2548 5500 2611 5553 Et
2648 5499 3182 5560 subministrationem,
3235 5496 3425 5566 inquit,
3470 5497 3696 5566 Spiritus

2115 5593 2238 5647 Jesu
2278 5593 2485 5648 Christi.
2515 5592 2571 5646 ld
2618 5606 2699 5646 cst
2720 5635 2734 5657 ,
2765 5592 2809 5645 si
2860 5606 2954 5660 per
2983 5599 3185 5644 vestras
3229 5602 3416 5658 preces
3448 5589 3696 5659 dignatus

2112 5684 2260 5739 fuero
2295 5685 2480 5754 gratia.
2516 5684 2624 5738 Vox
2656 5684 2796 5737 enim
2827 5683 2947 5742 ista,
2979 5681 3529 5746 Subministrationem,
3582 5680 3692 5735 hoc

2113 5775 2406 5848 signiﬁcat,
2444 5775 2501 5831 Si
2541 5773 2995 5839 subministretur,
3035 5772 3082 5827 si
3116 5770 3410 5910 mihiiglus
3455 5769 3693 5842 Spiritus
