4108 6410
380 359 480 415 199

371 471 613 543 νὰμωσέ
645 488 741 541 με.
781 471 951 525 Τοῦτο
983 472 1112 541 γοῦν
1152 472 1245 526 καὶ
1294 474 1386 526 νῦν
1434 473 1536 543 ἤδη
1592 472 1941 543 προφητεύει,

371 573 475 627 Διὰ
515 573 627 641 τῆς
671 572 840 642 ὑμῶν
888 572 1183 639 δεήσεως,
1251 572 1345 625 καί
1404 573 1787 642 ἐπιχορηγίας
1841 572 1949 625 τοῦ

369 674 715 743 Πνεύματος
751 673 953 741 Ἰησοῦ
973 674 1249 742 Χριστοῦ,
1279 674 1472 744 λέγων,
1499 676 1646 728 κατὰ
1674 673 1788 742 τὴν
1806 675 1950 728 ἀπο-

370 775 739 843 καραδοκίαν
777 777 876 830 καὶ
914 777 1133 830 ἐλπίδα
1176 795 1315 845 μου.
1375 777 1531 830 Οῦτω
1581 776 1710 848 γὰρ,
1759 778 1945 846 φησὶν,

369 874 593 939 ἐλπίζω.
621 875 736 929 Ἵνα
756 876 863 947 γὰρ
890 876 1220 946 πάλινήμεῖς
1242 878 1313 946 μὴ
1336 877 1397 929 τὸ
1420 877 1540 929 ὅλον
1575 880 1693 941 ταῖς
1728 878 1949 931 ἐκείνων

371 975 755 1046 ἐπιτρέπωμεν
801 976 1008 1045 εὐχαῖς,
1059 976 1210 1028 αὐτοὶ
1246 976 1411 1045 μηδὲν
1438 975 1804 1045 εἰσφέροντες,
1846 977 1945 1047 ὅρα

370 1078 490 1140 πῶς
547 1079 727 1147 τίθησι
781 1077 842 1130 τὸ
904 1077 1105 1144 αὑτοῦ,
1166 1077 1263 1146 τὴν
1308 1077 1536 1143 ἐλπίδα,
1574 1076 1673 1148 τὴν
1730 1078 1947 1131 πάντων

372 1178 551 1233 αἰτίαν
602 1178 708 1232 τῶν
764 1177 1013 1247 ἀγαθῶν,
1072 1178 1321 1248 καθάπερ
1364 1180 1392 1230 ὁ
1442 1179 1724 1249 προφήτης
1772 1180 1903 1249 φησί
1931 1196 1943 1207 ·

372 1280 634 1345 Γένοιτο,
662 1279 861 1347 Κύριε,
894 1278 959 1332 τὸ
991 1280 1163 1344 ἔλεός
1195 1294 1311 1333 σου
1335 1278 1427 1349 ἐφ’
1465 1279 1643 1348 ἡμᾶς,
1683 1280 1947 1348 καθάπερ

368 1381 717 1449 ἠλπίσαμεν
757 1378 854 1432 ἐπὶ
899 1379 1034 1432 σοι’
1077 1378 1327 1449 καθάπερ
1358 1377 1451 1431 καὶ
1484 1377 1710 1449 ἑτέρωθί
1761 1396 1944 1449 φησιν,

383 1478 751 1548 Ἔμϐλέψατε
789 1478 877 1543 εἰς
908 1477 1161 1545 ἀρχαίας
1207 1476 1448 1545 γενεὰς,
1496 1475 1596 1529 καὶ
1642 1475 1795 1530 ἴδετε
1819 1493 1832 1506 ·
1857 1478 1948 1543 τίς

370 1579 633 1648 ἤλπισεν
672 1578 770 1631 ἐπὶ
808 1578 1046 1646 Κύριον,
1074 1575 1172 1630 καί
1200 1576 1629 1643 κατῃσχύνθη;
1666 1576 1760 1629 καὶ
1787 1577 1945 1630 πάλιν

370 1683 399 1733 ὁ
447 1680 715 1752 μακάριος
754 1671 910 1742 οὗτός
956 1694 1155 1748 φησιν,
1200 1678 1263 1733 Ἠ
1305 1676 1375 1729 δὲ
1418 1676 1595 1744 ἐλπὶς
1638 1679 1712 1731 οὐ
1753 1695 1948 1732 καται-

369 1784 603 1852 σχύνει.
636 1779 798 1836 Κατὰ
831 1778 946 1847 τὴν
979 1776 1487 1846 ἀποκαραδοκίαν,
1526 1776 1681 1846 φησὶ,
1726 1776 1825 1830 καὶ
1851 1778 1948 1831 ἐλ-

372 1882 515 1936 πίδα
531 1899 671 1952 μου,
702 1880 789 1934 ὅτι
823 1879 890 1932 ἐν
927 1877 1131 1932 οὐδενί
1166 1874 1670 1947 αἰσχυνθήσομαι.
1727 1872 1876 1948 Αὕτη
1911 1881 1944 1948 ἡ

373 1982 466 2037 τοῦ
493 1983 706 2037 Παύλου
737 1981 913 2046 ἐλπὶς,
944 1979 1007 2032 τὸ
1034 1978 1294 2045 ἐλπίζειν,
1333 1978 1416 2031 ὅτι
1447 1977 1696 2048 Οὐδαμοῦ
1726 1980 1948 2049 αἰσχυν-

376 2084 627 2154 θήσομαι.
668 2081 828 2151 Ὁρᾷς
871 2080 994 2132 ὅσον
1030 2078 1175 2130 ἐστὶν
1220 2075 1464 2139 ἐλπίζειν
1503 2077 1595 2129 ἐπὶ
1643 2077 1735 2132 τὸν
1781 2078 1943 2143 Θεόν;

375 2182 491 2235 Κᾶν
512 2180 687 2236 ὁτιοῦν
714 2182 959 2251 γένηται,
978 2180 1162 2250 φησὶν,
1191 2179 1290 2232 οὐκ
1307 2179 1761 2250 αἰσχυνθήσομαιο
1785 2198 1943 2234 τουτ-

374 2283 548 2347 έστιν,
600 2283 661 2335 ού
688 2281 1030 2354 περιέσονται
1081 2271 1248 2331 οὗτοι.
1289 2278 1441 2333 Ἀλλ’
1476 2278 1545 2331 ἐν
1585 2279 1753 2349 πάσῃ
1797 2284 1944 2351 παρ-

368 2387 577 2456 ρησίᾳ,
612 2382 806 2447 καθὼς
843 2380 1118 2447 πάντοτε,
1161 2378 1261 2432 καὶ
1287 2378 1404 2432 νῦν
1426 2382 1945 2450 μεγαλυνθήσεται

375 2485 620 2556 Χριστὸς
651 2482 813 2548 ἐντῷ
832 2480 1060 2551 σώματί
1082 2498 1224 2550 μου.
1267 2480 1617 2551 Προσεδόκων
1646 2484 1841 2535 ἐκεῖνοι
1860 2485 1946 2539 διὰ

373 2588 472 2657 τῆς
520 2584 745 2654 παγίδος
789 2581 994 2653 ταύτης
1036 2581 1198 2652 δῆθεν
1243 2580 1384 2635 ἑλεῖν
1422 2582 1521 2653 μὲν
1576 2583 1666 2636 τὸν
1713 2585 1941 2651 Παῦλον,

376 2686 695 2741 σϐέννυσθαι
727 2685 783 2738 δὲ
809 2684 869 2737 τὺ
919 2684 1201 2754 κήρυγμα,
1234 2684 1309 2747 ὡς
1344 2684 1437 2737 τοῦ
1462 2684 1612 2737 δόλου
1642 2686 1734 2738 τοῦ
1769 2687 1945 2742 αὐτῶν

377 2785 668 2858 ἰσχύοντος.
700 2782 868 2836 Τοῦτο
900 2776 993 2835 οὖν
1022 2798 1207 2852 φησιν,
1240 2782 1321 2835 ὅτι
1350 2782 1464 2835 Οὐκ
1493 2782 1645 2837 ἔσται
1672 2784 1846 2849 τοῦτο,
1882 2787 1942 2839 οὐ

373 2879 468 2936 νῦν
508 2878 917 2949 ἀποθανοῦμαιο
962 2877 1110 2931 Ἀλλ’
1146 2877 1226 2944 ὡς
1254 2879 1529 2944 πάντοτε,
1560 2882 1657 2936 κιιί
1691 2883 1807 2937 νῦν
1837 2902 1943 2953 με-

372 2980 817 3050 γαλυνθήσεται
849 2978 1104 3048 Χριστὸς
1130 2980 1200 3033 ἐν
1226 2979 1306 3045 τῷ
1342 2980 1572 3051 σώματί
1600 3002 1742 3053 μου.
1783 2985 1940 3053 Πῶς;

373 3085 635 3148 Πολλάκις
658 3084 738 3146 εἰς
761 3082 1036 3146 κινδύνους
1057 3083 1330 3147 ἐνέπεσον,
1360 3085 1417 3137 ἐν
1462 3080 1544 3149 οἷς
1578 3087 1776 3151 πάντες
1799 3092 1945 3161 ἡμᾶς

373 3185 775 3258 ἀπηγόρευσαν,
822 3182 1020 3253 μᾶλλον
1069 3182 1127 3235 δὲ
1178 3185 1272 3238 καὶ
1316 3185 1475 3254 ἡμεῖς
1524 3187 1751 3251 ἑαυτούς
1797 3205 1811 3220 ·
1848 3190 1945 3243 Ἐν

370 3287 605 3354 ἑαυτοῖς
633 3286 742 3358 γὰρ
757 3286 824 3340 τὸ
854 3286 1152 3355 ἀπόκριμα
1173 3286 1277 3340 τοῦ
1297 3287 1555 3342 θανάτου
1575 3288 1939 3359 ἐσχήκαμεν·

370 3392 484 3448 ἀλλ’
512 3394 578 3445 ἐκ
608 3389 823 3443 πάντων
853 3390 999 3459 ἡμᾶς
1022 3388 1291 3461 ἐρρύσατο
1317 3391 1344 3442 ό
1391 3389 1617 3461 Κύριος.
1667 3390 1824 3445 Οὕτω
1849 3394 1944 3447 καὶ

371 3490 477 3545 νῦν
495 3489 962 3563 μεγαλυνθήσεται
1002 3490 1061 3543 ἐν
1092 3487 1170 3558 τῷ
1212 3488 1424 3559 σώματί
1480 3507 1602 3559 μου.
1629 3491 1745 3545 ’Ἱνα
1769 3493 1826 3546 δὲ
1867 3494 1940 3564 μή

370 3605 453 3653 τις
490 3589 687 3661 νομίσῃ
718 3587 813 3640 καὶ
840 3586 991 3659 εἴπῃ,
1025 3589 1120 3640 Ἂν
1152 3587 1215 3639 σὺ
1249 3588 1548 3660 ἀποθάνῃς,
1579 3590 1639 3642 οὐ
1674 3592 1941 3661 μεγαλυν-

368 3694 629 3765 θήσεταις
656 3691 781 3756 Ναὶ,
819 3691 982 3761 φησὶν
1001 3731 1016 3755 ,
1046 3689 1161 3744 οἰδα
1188 3708 1200 3720 ·
1236 3691 1350 3744 ἀλλ’
1380 3692 1441 3745 ού
1470 3692 1557 3745 διὰ
1582 3693 1740 3747 τοῦτο
1771 3695 1943 3760 οὕτως

369 3790 523 3849 εἶπον
546 3835 562 3860 ,
607 3794 690 3847 ὅτι
725 3795 760 3863 ἡ
805 3792 918 3863 ζωὴ
950 3792 1087 3862 μόνη
1122 3792 1418 3862 μεγαλυνεῖ
1459 3795 1643 3861 αὐτὸν,
1684 3796 1820 3850 ἀλλὰ
1850 3799 1942 3851 καὶ

371 3900 404 3951 ό
436 3895 709 3961 θάνατος.
741 3893 890 3956 Τέως
930 3892 1022 3957 δὲ,
1068 3892 1170 3945 Διὰ
1202 3892 1378 3961 ζωῆς,
1427 3894 1591 3965 φησίν
1612 3911 1625 3925 ο
1652 3896 1751 3949 οὐκ
1790 3898 1943 3951 ἀναι-

370 3995 523 4068 ροῦσί
556 4012 645 4066 με,
678 3993 812 4047 ἀλλά
835 3994 928 4046 καὶ
953 3987 1159 4047 είεῖλόν
1186 3990 1274 4064 με,
1306 3994 1399 4047 καὶ
1429 3994 1568 4048 οὕτω
1600 3996 1940 4069 μεγαλυνθή-

371 4112 521 4149 σεται
550 4097 580 4148 ό
609 4094 863 4165 Χριστός.
893 4092 1051 4159 Πῶς;
1090 4093 1191 4146 Διά
1230 4094 1328 4163 μὲν
1355 4093 1522 4165 ζωῆς,
1552 4097 1634 4149 ὃτι
1667 4096 1899 4164 ἐξείλετο
1925 4115 1940 4130 °

367 4195 456 4249 διὰ
488 4194 717 4249 θανάτου
758 4194 836 4260 δὲ,
870 4196 953 4248 ὅτι
989 4194 1109 4247 οὐδὲ
1143 4193 1368 4258 θάνατος
1391 4194 1579 4248 ἔπεισέ
1617 4213 1684 4266 με
1708 4198 1941 4268 ἀρνήσα-

372 4296 493 4350 σθαι
526 4296 709 4350 αὐτόν.
734 4296 858 4349 Ὅτι
887 4312 975 4365 μοι
990 4294 1259 4366 τοσαύτην
1288 4296 1596 4367 προθυμίαν
1620 4298 1936 4369 ἐχαρίσατο,

366 4403 463 4458 διαὶ
488 4401 719 4457 θανάτου
752 4400 1007 4471 ἐποίησεν
1045 4400 1388 4471 ἰσχυρότερον
1425 4418 1439 4433 ο
1468 4402 1587 4455 ἐκεῖ
1610 4402 1732 4473 μὲν,
1761 4405 1840 4473 ὅτι
1874 4422 1941 4473 με

371 4500 645 4575 ἀπήλλαξε
672 4499 950 4554 κινδύνωψ
984 4499 1215 4552 ἐνταῦθα
1237 4500 1313 4566 δὲ,
1343 4501 1424 4554 ὅτι
1453 4518 1518 4571 με
1544 4502 1643 4555 οὐκ
1677 4502 1823 4556 εἴασε
1850 4523 1942 4574 φο-

372 4604 600 4676 ϐηθῆναι
624 4601 719 4655 τοῦ
750 4601 979 4655 θανάτου
1008 4599 1106 4671 τὴν
1133 4600 1441 4670 τυραννίδα.
1477 4599 1633 4653 Οὕτω
1676 4604 1941 4672 μεγαλυν-

370 4706 597 4777 θήσεται
627 4703 715 4757 διά
743 4702 887 4774 ζωῆς
913 4703 1008 4756 καὶ
1039 4701 1292 4756 θανάτου.

440 4805 592 4879 [2151
623 4805 693 4876 β’.
724 4803 907 4858 Ταῦτα
926 4804 982 4857 δὲ
1003 4804 1170 4873 λέγει,
1191 4805 1288 4875 οὐχ
1317 4805 1392 4868 ὡς
1418 4804 1625 4875 μέλλων
1649 4806 1940 4859 ἀποθανεῖ-

371 4906 517 4971 σθαι,
551 4904 666 4959 ἀλλ’
702 4907 831 4959 ὅταν
861 4902 1131 4976 ἀποθάνῃ,
1164 4905 1250 4957 ἵνα
1282 4904 1447 4974 μηδὲν
1472 4904 1809 4976 ἀνθρώπινον
1843 4907 1944 4959 πά-

369 5008 552 5062 θωσιν.
570 5007 695 5060 Ὅτι
711 5006 819 5076 γάρ
830 5006 927 5075 οὐχ
942 5003 1016 5068 ὡς
1030 5005 1236 5076 μέλλων
1247 5005 1655 5071 ἀποθανεῖσθαι,
1666 5006 1693 5057 ὂ
1712 5006 1941 5076 μάλιστα

368 5108 565 5171 αὐτοὺς
590 5105 801 5173 ἐλύπει,
830 5104 1004 5158 ταῦτα
1026 5104 1228 5174 ἔλεγεν,
1263 5106 1362 5176 ὅρα
1381 5105 1497 5169 πῶς
1522 5105 1653 5159 αὐτὸ
1681 5122 1939 5178 παραμυ-

368 5209 561 5275 θεῖται,
591 5209 869 5279 μονονουχὶ
913 5207 1118 5275 λέγων’
1155 5205 1340 5261 Ταῦτα
1361 5207 1417 5260 δὲ
1441 5207 1602 5276 λέγω,
1632 5209 1815 5277 φησὶν,
1843 5210 1941 5279 οὐχ

365 5308 442 5372 ὡς
466 5307 924 5379 ἀποθανούμενος.
950 5306 1049 5360 Διά
1079 5306 1236 5360 τοῦτο
1269 5308 1514 5377 ἐπήγαγε
1543 5308 1748 5379 προϊών
1784 5325 1799 5339 ·
1831 5313 1939 5365 Καὶ

365 5408 541 5465 τοῦτο
562 5408 855 5473 πεποιθὼς
898 5404 1029 5460 οῖδα
1050 5406 1136 5459 ὅτι
1157 5404 1338 5475 μενῶ,
1370 5407 1466 5461 καὶ
1496 5410 1941 5480 συμπαραμενῶ

367 5506 556 5565 πᾶσιν
576 5508 737 5579 ὑμῖν.
756 5509 829 5561 Τὸ
840 5508 917 5573 δὲ,
936 5509 1031 5561 Ἑν
1046 5507 1245 5569 οὐδενί
1264 5509 1765 5580 αἰσχυνθήσομαι,
1783 5511 1940 5566 τοῦτό

366 5614 537 5681 ἐστιν,
556 5612 630 5667 Οὐ
657 5612 811 5683 φέρει
853 5628 943 5681 μοι
965 5609 1224 5681 αἰσχύνην
1253 5608 1314 5662 τὸ
1337 5610 1649 5678 ἀποθανεῖν,
1674 5614 1813 5669 ἀλλά
1846 5615 1939 5668 καὶ

370 5708 513 5780 μέγα
527 5710 736 5782 κέρδος.
776 5714 873 5766 Διά
903 5713 982 5781 τί;
1025 5714 1097 5766 Οὺ
1122 5714 1229 5785 γάρ
1249 5712 1513 5776 ἀθάνατός
1532 5714 1668 5783 εἰμι,
1686 5713 1820 5767 ἀλλά
1848 5714 1939 5767 καὶ

366 5812 739 5887 λαμπρότερος
769 5814 979 5885 ἔσομαι,
1010 5815 1041 5884 ἢ
1073 5818 1119 5868 εἰ
1148 5816 1241 5869 καὶ
1262 5815 1523 5879 ἀθάνατος
1546 5816 1718 5885 ήμην·
1741 5814 1799 5866 ού
1827 5814 1935 5886 γάρ

1254 359 1317 409 m
1362 356 1580 412 EPIS'].
1617 358 1707 409 AD
1747 360 2031 411 PhILIPP.
2069 358 2221 413 LAP.
2288 360 2327 417 Ι.
2368 362 2598 419 HOMIL;
2641 366 2728 421 Ill.

3514 370 3618 425 900

2054 477 2199 529 ἐστιν
2238 477 2349 531 ἴσον
2383 480 2646 535 ἀθάνατον
2684 482 2813 535 ὄντα
2851 484 3207 552 καταφρονεῖν
3243 481 3491 550 θανάτου,
3526 488 3621 538 καὶ

2050 577 2261 649 θνητόν.
2284 581 2444 635 Ὥστε
2472 582 2591 635 οὖδέ
2616 582 2772 635 τοῦτο
2791 581 3039 653 αἰσχύνη,
3070 582 3129 634 τὸ
3154 581 3249 635 νῦν
3293 584 3583 639 ἀποθανεῖν
3603 604 3616 616 ·

2049 679 2188 749 πλὴν
2210 681 2308 733 οὐκ
2339 681 2733 752 ἀποθανοῦμαι.
2764 682 2860 733 Ἐν
2880 680 3081 734 οὐδενὶ
3112 680 3618 751 αἰσχυνθήσομαι,

2047 778 2169 832 οὔτε
2204 780 2259 832 ἐν
2280 779 2357 850 τῷ
2389 782 2507 851 ζῇν,
2544 780 2663 833 οὔτε
2689 782 2746 833 ἐν
2768 780 2845 853 τῷ
2866 781 3151 834 ἀποθανεῖν
3172 821 3187 846 ,
3221 780 3384 852 φησίν
3408 798 3423 812 ο
3452 782 3625 852 ἀμφό-

2048 896 2177 949 τερα
2200 881 2308 951 γὰρ
2334 881 2590 948 γενναίως
2616 881 2844 947 ὑποίσω,
2877 880 2985 933 εἴτε
3017 881 3136 953 ζῇν,
3170 881 3282 933 εἴτε
3308 880 3620 935 ἀποθανεῖν.

2048 978 2241 1043 Καλῶς
2267 980 2455 1033 ’τοῦτο
2506 981 2837 1051 Χριστιανῆς
2884 980 3080 1051 ψυχῆς.
3133 980 3285 1033 Ἀλλ’
3323 980 3393 1033 ἐν
3427 978 3618 1048 πάσῃ,

2048 1078 2201 1146 φησί,
2250 1079 2571 1146 παρρησίᾳ.
2636 1080 2832 1151 Ὁρᾷς,
2880 1082 2998 1144 πῶς
3037 1081 3136 1133 οὐκ
3172 1078 3623 1151 αἰσχύνομαι;Εἰ

2051 1179 2150 1250 μὲν
2188 1181 2294 1249 γὰρ
2330 1181 2357 1230 ὁ
2403 1181 2497 1233 τοῦ
2541 1182 2771 1235 θανάτου
2817 1182 2979 1249 φόϐος
3010 1181 3338 1253 περιέκοπτέ
3390 1198 3491 1251 μου
3524 1180 3625 1251 τὴν

2048 1281 2395 1350 παρρησίαν,
2450 1280 2712 1351 αἰσχύνης
2774 1279 2923 1344 ἄξιον
2986 1280 3046 1331 τὸ
3100 1279 3501 1332 ἀποθανεῖνοεί
3565 1278 3623 1330 δὲ

2046 1378 2198 1432 οὐδὲν
2238 1372 2390 1443 οὗτος
2420 1378 2662 1433 ἐπελθὼν
2716 1380 3001 1450 ἐφόϐησεν,
3026 1380 3138 1432 ὀὐκ
3170 1377 3398 1449 αἰσχύνη
3433 1375 3620 1430 τοῦτο’

2047 1478 2160 1532 ἀλλ’
2179 1478 2288 1531 εἴτε
2305 1478 2404 1544 ζῶ,
2425 1478 2511 1531 διά
2532 1476 2625 1532 τοῦ
2643 1478 2741 1550 ζῇν
2765 1478 2864 1531 οὐκ
2883 1477 3313 1550 αἰσχυνθήσομαι
3333 1493 3346 1509 ο
3368 1474 3623 1545 κηρύττω

2048 1582 2154 1651 γὰρ
2185 1580 2259 1651 ξτὸ
2294 1582 2587 1652 κήρυγμαο
2618 1581 2725 1635 εἴτε
2764 1580 3043 1645 ἀποθάνω,
3083 1578 3171 1633 διὰ
3199 1578 3293 1631 τοῦ
3335 1578 3623 1632 ἀποθανεῖν

2047 1685 2147 1737 οὐκ
2176 1684 2605 1755 αἰσχυνθήσομαι
2637 1701 2649 1713 ·
2681 1684 2740 1736 οὐ
2781 1682 3000 1753 κατεῖχέ
3052 1698 3119 1751 με
3150 1678 3259 1749 γὰρ
3292 1678 3454 1748 φόϐος
3477 1693 3490 1706 ⁶
3520 1678 3621 1746 τὴν

2048 1785 2154 1855 γὰρ
2188 1785 2355 1855 αὐτὴν
2382 1785 2696 1857 παρρησίαν
2718 1785 3117 1854 ἐπιδείκνυμαι.
3148 1784 3241 1853 Μὴ
3264 1781 3397 1852 γὰρ,
3434 1780 3624 1852 ἐπειδὴ

2047 1886 2221 1956 δεσμά
2236 1881 2408 1950 εἷπον,
2424 1885 2685 1956 αἰσχύνην
2707 1885 2765 1937 τὸ
2782 1885 3015 1956 πρᾶγμα
3032 1883 3312 1953 νομίσητε.
3338 1880 3625 1933 Τοσούτων

2047 1986 2267 2056 ἀγαθῶν
2314 1986 2483 2040 αίτιόν
2526 2004 2616 2057 μοι
2657 1987 2902 2054 γέγονεν,
2941 1986 3026 2038 ὃτι
3073 1984 3169 2037 καὶ
3205 1983 3414 2053 ἐτέροις
3456 1981 3625 2036 ἔδωκε

2048 2086 2291 2157 θαρρεῖν.
2347 2085 2420 2138 Οὐ
2469 2084 2579 2155 γὰρ
2616 2083 2675 2136 τὸ
2706 2082 2925 2152 δεθῆναι
2968 2081 3055 2134 διὰ
3090 2079 3346 2151 Χριστὸν,
3384 2076 3522 2131 ἀλλά
3563 2078 3631 2128 τὸ

2050 2184 2353 2256 φοϐηθέντα
2373 2184 2443 2238 τὰ
2473 2182 2671 2254 δεσμὰ,
2705 2179 2997 2251 προδοῦναί
3019 2197 3071 2231 τι
3104 2180 3211 2232 τῶν
3240 2176 3331 2230 τοῦ
3360 2173 3623 2246 Χριστοῦ,

2048 2283 2205 2338 τοῦτο
2236 2284 2616 2356 αἰσχύνη·ὼς,
2667 2282 2734 2336 ἂν
2772 2281 2930 2334 τοῦτο
2970 2280 3044 2350 μὴ
3082 2278 3138 2351 ᾗ,
3189 2277 3284 2331 καὶ
3310 2275 3626 2347 παρρησίας

2048 2385 2285 2458 πρόξενα
2329 2385 2399 2438 τὰ
2445 2384 2638 2455 δεσμά.
2696 2383 2788 2453 Μὴ
2838 2381 3028 2449 ἐπειδὴ
3065 2379 3323 2439 πολλάκις
3364 2376 3624 2444 διέφυγον

2047 2486 2327 2549 κινδύνους
2354 2484 2471 2555 (καὶ
2496 2484 2602 2555 ἔχω
2639 2486 2732 2536 ἐπὶ
2753 2482 2962 2545 τούτοις
2989 2479 3293 2550 καυχᾶσθαι
3330 2478 3469 2547 πρὸς
3496 2477 3625 2537 τοὺς

2046 2588 2354 2658 ἀπίστους),
2397 2586 2462 2641 ἂν
2498 2587 2572 2657 μὴ
2607 2584 2785 2656 συμϐῇ
2828 2602 2878 2637 τι
2922 2581 3193 2648 τοιοῦτον,
3231 2580 3331 2649 ἥδη
3374 2577 3624 2647 νομίζετε

2046 2693 2433 2764 αἰσχύνεσθαι·
2469 2693 2563 2743 καὶ
2604 2690 2712 2761 γὰρ
2747 2688 2841 2743 καὶ
2885 2688 3042 2741 τοῦτο
3077 2687 3176 2755 ούχ
3216 2680 3381 2757 ἧττον
3409 2682 3622 2736 ἐκείνου

2044 2792 2258 2845 δίδωσιν
2281 2790 2407 2861 ὑμῖν
2429 2790 2523 2861 τὴν
2542 2787 2869 2858 παρρησίαν.
2892 2787 3033 2857 Ὅρα
3054 2784 3168 2847 πῶς
3192 2784 3283 2836 ἐπὶ
3305 2783 3399 2837 τοῦ
3422 2782 3625 2836 οἰκείου

2045 2890 2336 2962 προσώπου
2384 2890 2516 2944 αύτὸ
2558 2889 2788 2960 προάγει
2814 2904 2827 2916 ο
2856 2888 2994 2957 ὅπερ
3035 2885 3304 2955 πολλαχοῦ
3344 2886 3488 2937 ποιεῖ
3532 2885 3626 2937 καὶ

2046 2989 2299 3060 ἀλλαχοῦ,
2322 2987 2572 3058 καθάπερ
2589 2988 2679 3039 ἐπὶ
2706 2985 3012 3057 Ῥωμαίων,
3027 2987 3109 3039 Οὐ
3131 2986 3241 3054 γὰρ
3262 2986 3628 3054 ἐπαισχύνο-

2040 3107 2146 3160 μαι
2178 3090 2244 3143 τό
2276 3088 2672 3159 Εὑαγγέλιον,
2705 3087 2872 3159 φησί’
2901 3085 3151 3155 καθάπερ
3170 3087 3261 3138 ἐπὶ
3284 3084 3587 3153 Κορινθίων
3607 3104 3621 3117 σ

2050 3191 2236 3247 Ταῦτα
2254 3191 2322 3244 δὲ
2331 3188 2823 3260 μετεσχημάτισα
2837 3189 2924 3253 εἰς
2939 3186 3200 3256 ἐμαυτὸν
3217 3185 3317 3240 καί
3341 3186 3389 3238 Ἀ
3398 3184 3637 3251 πολλῶ.-

2044 3293 2181 3348 Εῑτε
2213 3292 2310 3347 διὰ
2345 3290 2495 3360 ζωῆς
2537 3290 2657 3343 εἴτε
2684 3288 2780 3343 διὰ
2818 3287 3101 3345 θανάτου.
3160 3288 3273 3357 Ούχ
3309 3286 3384 3349 ὡς
3416 3286 3626 3355 ἀγνοῶν

2042 3394 2201 3448 τοῦτό
2248 3408 2410 3464 φησιν
2431 3411 2444 3425 ·
2470 3388 2578 3444 οἶδε
2610 3392 2707 3462 μὲν
2730 3390 2857 3459 γάρ,
2882 3390 2963 3443 ὅτι
2990 3390 3088 3442 οὐκ
3110 3386 3462 3442 ἀποθανεῖται
3481 3389 3622 3452 τότε,

2043 3495 2178 3550 ἀλλά
2234 3493 2372 3560 μετὰ
2418 3493 2625 3546 ταῦτα·
2653 3490 2792 3561 πλὴν
2854 3489 3034 3543 αὐτῶν
3107 3488 3627 3559 προπαρασκευάζει

2042 3597 2139 3667 τήν
2169 3595 2345 3666 ψυχὴν
2380 3594 2508 3665 ἤδη·
2556 3591 2711 3661 Ἐμοί
2744 3590 2875 3661 γὰρ,
2913 3591 3067 3660 φησὶ,
3098 3589 3165 3641 τὸ
3197 3588 3306 3656 ζῇν
3344 3588 3624 3654 Χριστὸς,

2043 3697 2140 3752 καὶ
2156 3698 2221 3751 τὸ
2244 3694 2570 3751 ἀποθανεῖν
2589 3692 2821 3760 κέρδος.
2849 3692 2957 3745 Καὶ
2975 3690 3083 3761 γὰρ
3107 3688 3413 3753 ἀποθανὼν,
3435 3690 3621 3758 φησὶν,

2043 3802 2103 3853 οὐ
2143 3798 2493 3870 τεθνήξομαι,
2541 3797 2641 3866 τὴν
2682 3794 2827 3865 ζωὴν
2851 3793 2989 3864 ἔχων
3016 3792 3073 3845 ὲν
3102 3790 3344 3862 ἐμαυτῷ.
3379 3793 3511 3845 Τότε
3559 3810 3626 3860 με

2042 3901 2251 3956 ἀνεῖλον
2309 3898 2395 3961 ἂν,
2437 3899 2485 3950 εἰ
2534 3897 2759 3965 ἴσχυσαν
2814 3894 2901 3947 διὰ
2936 3891 3032 3946 τοῦ
3082 3893 3246 3962 φόϐου
3287 3894 3388 3963 τὴν
3440 3894 3624 3946 πίστιν

2044 4002 2291 4056 ἐκϐαλεῖν
2316 4000 2414 4069 τῆς
2445 3980 2584 4069 ἐμῆς
2612 3997 2789 4067 ψυχῆς
2812 4014 2823 4024 ·
2857 3996 2960 4058 ἓως
2990 3995 3035 4047 δ’
3062 3995 3125 4047 ἂν
3168 3996 3400 4064 Χριστὸς
3505 3997 3624 4067 μετ’

2043 4106 2200 4177 ἐμοῦ,
2239 4106 2339 4160 κᾶν
2367 4105 2591 4167 θάνατος
2626 4101 2847 4173 ἐπέλθῃ,
2877 4100 2974 4164 ζῶ.
3006 4102 3114 4153 Καὶ
3144 4102 3201 4153 ἐν
3230 4104 3294 4171 τῇ
3326 4100 3472 4172 [2H]
3509 4102 3622 4172 ζωῇ

2044 4208 2101 4263 δὲ
2133 4208 2303 4277 ταύτῃ
2337 4208 2395 4259 οὐ
2421 4205 2579 4259 τοῦτό
2610 4205 2724 4257 ἐστί
2766 4221 2865 4273 μου
2890 4203 2949 4255 τὸ
2986 4201 3105 4273 ζῇν,
3152 4202 3283 4254 ἀλλὰ
3313 4203 3339 4254 ό
3368 4203 3621 4272 Χριστός.

2045 4309 2107 4362 Εἰ
2136 4308 2311 4362 τοίνυν
2340 4307 2460 4359 ούδέ
2494 4308 2550 4359 ὲν
2593 4308 2657 4376 τῇ
2686 4304 2798 4375 ζωῇ
2836 4303 3009 4372 ταύτῃ
3040 4300 3204 4354 τοῦτό
3231 4303 3377 4354 ἐστιν
3406 4319 3416 4330 ·
3458 4305 3526 4353 Ὅ
3558 4303 3627 4355 δὲ

2042 4408 2161 4462 νῦν
2190 4406 2261 4469 ζῶ
2279 4408 2349 4461 ἐν
2371 4406 2571 4474 σαρκὶ,
2606 4405 2674 4457 ἐν
2704 4405 2901 4455 πίστει
2925 4400 2996 4460 ζῶ
3021 4418 3034 4431 ·
3070 4400 3226 4453 τοῦτο
3256 4402 3415 4453 κάκεῖ
3445 4401 3587 4469 λέγω
3608 4419 3620 4432 ·

2045 4507 2135 4561 Ζῶ
2158 4507 2225 4560 δὲ
2254 4505 2451 4560 οὐκέτι
2472 4503 2604 4573 ἐγὼ,
2630 4502 2699 4571 ζῇ
2728 4499 2793 4554 δὲ
2819 4503 2889 4554 ἑν
2909 4499 3037 4568 ἐμοὶ
3064 4502 3338 4567 Χριστός.
3370 4500 3624 4553 Τοιοῦτον

2044 4608 2149 4679 χρὴ
2182 4605 2321 4661 εἶναι
2354 4606 2443 4657 τὸν
2477 4602 2819 4674 Χριστιανόν.
2877 4602 2949 4651 υύ
2991 4600 3089 4664 ζῶ,
3131 4600 3285 4669 φησὶ,
3320 4600 3417 4669 τὴν
3440 4603 3624 4673 κοινὴν

2047 4708 2211 4777 ζωήν.
2237 4706 2361 4768 Πῶς
2383 4701 2474 4756 οὖν
2504 4705 2623 4773 ζῇς,
2651 4697 2695 4755 ὦ
2718 4700 2952 4771 μακάριε
2972 4700 3150 4753 Παῦλε
3174 4716 3187 4764 ;
3214 4701 3335 4770 οὐχὶ
3355 4701 3447 4754 τὸν
3472 4702 3625 4771 ἥλιον

2045 4808 2203 4876 όρᾷςς
2240 4806 2360 4873 οὐχί
2394 4804 2483 4856 τὸν
2518 4802 2694 4856 κοινὸν
2726 4802 2863 4871 ἀέρα
2908 4803 3199 4863 ἀναπνεῖς;
3236 4802 3355 4871 οὐχὶ
3398 4801 3624 4864 ταύταις

2045 4908 2163 4968 ταῖς
2204 4905 2459 4958 ἁπάντων
2483 4903 2655 4973 τρέφῃ
2702 4904 2957 4971 τροφαῖς;
2996 4901 3118 4969 οὐχὶ
3148 4902 3244 4970 τὴν
3274 4903 3380 4969 γῆν
3405 4906 3617 4966 πατεῖς,

2045 5005 2231 5074 ὥσπερ
2262 5004 2455 5072 ήμεῖς;
2487 5002 2604 5071 οὐχὶ
2635 5002 2802 5053 ὕπνου
2830 5000 2951 5070 δέῃ;
2984 4999 3104 5067 οὐχὶ
3127 5000 3466 5070 ἐνδυμάτωνς
3497 5002 3619 5070 οὐχὶ

2046 5103 2441 5173 ὑποδημάτων;
2479 5102 2543 5154 Τί
2590 5101 2793 5168 λέγεις,
2850 5103 2930 5155 Οὺ
2974 5099 3069 5166 ζῶ;
3124 5100 3247 5163 Πῶς
3302 5102 3360 5153 οὐ
3398 5102 3530 5170 ζῇς;
3570 5103 3621 5153 τί

2050 5206 2446 5277 μεγαλαυχεῖς;
2497 5203 2608 5255 Οὐκ
2631 5201 2746 5253 ἔστι
2784 5201 3159 5272 μεγαληγορία
3195 5202 3385 5255 ταῦτα.
3424 5204 3485 5254 Εἰ
3523 5203 3623 5272 μὲν

2044 5310 2151 5380 γὰρ
2184 5308 2257 5378 μὴ
2277 5306 2343 5359 τὰ
2366 5304 2663 5374 πράγματα
2678 5302 2997 5374 ἐμαρτύρει,
3022 5303 3245 5365 εἰκότως
3268 5302 3332 5355 ἄν
3366 5319 3448 5363 τις
3480 5302 3621 5355 εἴποι

2048 5406 2449 5481 μεγαληγορίαν
2497 5399 2670 5455 εἶναι’
2702 5405 2749 5455 εἰ
2789 5403 2845 5455 δέ
2885 5402 2952 5454 τά
2993 5402 3293 5473 πράγματα
3329 5405 3621 5471 μαρτυρεῖ,

2043 5511 2176 5565 ποία
2223 5508 2633 5580 μεγαληγορία;
2672 5504 2792 5567 Πῶς
2834 5499 2927 5557 οὖν
2965 5504 3025 5556 ού
3067 5502 3155 5573 ζῇ,
3199 5502 3494 5573 μάθωμεν·
3523 5502 3621 5556 καὶ
3704 5548 3707 5553 ⁴

2042 5614 2149 5685 γὰρ
2180 5612 2411 5683 ἀλλαχοῦ
2446 5628 2629 5681 φησιν,
2677 5610 2815 5677 Ἐγὼ
2849 5606 2927 5673 τῷ
2960 5608 3165 5674 κόσμῳ
3223 5606 3619 5676 ἐσταύρωμαι,
3688 5608 3691 5611 λ

2044 5716 2137 5769 καὶ
2172 5715 2299 5785 ἐμοὶ
2326 5717 2358 5767 ὁ
2387 5714 2631 5782 κόσμος.
2669 5706 2920 5774 Πῶς⁹οὗν
2948 5728 3132 5781 φησιν,
3152 5704 3361 5764 Οὐκέτι
3391 5710 3492 5778 ζ’ῶ,
3524 5713 3619 5766 καὶ

2046 5817 2162 5879 πῶς
2196 5816 2373 5882 πάλιν,
2424 5814 2576 5883 Ἐμοὶ
2610 5814 2673 5867 τὸ
2706 5811 2809 5880 ζῇν
2835 5810 3105 5879 Χριστὸς,
3145 5810 3435 5864 ἀκούσατε-
