4108 6410
466 334 566 390 201

534 450 610 504 T6
631 448 732 520 τῆς
748 444 897 515 ζωῆς
917 442 1084 513 ὄνομα
1106 438 1312 508 πολυσὴ
1321 435 1520 506 μαντόν
1540 435 1707 494 ἐστιν,
1730 429 2027 500 ἀγαπητοὶ,

464 543 729 605 τουτέστι,
757 535 925 590 πολλὰ
947 532 1219 605 σημαίνει,
1245 528 1433 597 ῶσπερ
1452 526 1545 579 καὶ
1574 525 1633 578 τὸ
1655 522 1748 576 τοῦ
1782 521 2030 574 θανάτου.

470 634 627 686 Ἔστι
660 628 772 699 ζωὴ
808 624 947 696 αῦτη
982 625 1016 694 ἡ
1045 619 1140 674 τοῦ
1172 618 1443 688 σώματος,
1476 615 1570 668 καὶ
1599 614 1713 665 ἔστι
1737 610 1849 680 ζωὴ
1874 613 1908 680 ἡ
1938 608 2037 677 τῆς

467 722 742 794 ἁμαρτίας
769 736 785 751 ·
817 714 997 779 καθώς
1024 729 1187 784 φησιν
1221 709 1382 771 αὐτὸς
1413 702 1676 775 ἀλλαχοῦ·
1707 704 1778 757 El
1814 701 1883 754 δὲ
1924 699 2038 753 ἀπ-

470 788 762 880 εθάνομεν
790 806 864 875 τῇ
902 803 1175 874 ἁμαρτίᾳ,
1207 800 1333 866 πῶς
1352 800 1439 853 ἔτι
1467 795 1724 865 ζήσομεν
1754 792 1824 847 ἑν
1844 788 1998 858 αὐτῇ
2023 804 2042 852 ;

475 907 618 976 Ἀρι
661 903 776 954 ἔστι
814 900 913 970 ζῇν
958 897 1057 968 τὴν
1085 896 1182 965 τῆς
1219 890 1495 963 ἁμαρτίας
1536 887 1713 958 ζωήν·
1746 884 2043 957 προσέχετε

469 973 733 1065 ἀκριϐῶς,
780 987 1105 1060 παρακαλῶ,
1149 986 1236 1039 ἵνα
1278 983 1368 1054 μὴ’
1390 980 1514 1050 είκῆ
1542 973 2042 1048 κοπτὼμεθαοέστι

473 1083 600 1155 ζωὴ,
613 1083 647 1153 ἡ
669 1081 833 1142 ἀΐδιος
850 1077 944 1132 καὶ
968 1076 1252 1138 ἀθάνατος,
1274 1071 1411 1143 μετά
1427 1070 1483 1124 δέ
1499 1067 1702 1138 ταύτης
1721 1068 1754 1138 ἡ
1773 1065 2044 1138 οὐράνιοςο

487 1154 682 1241 Ἦμίῶν
732 1171 874 1240 γὰρ,
932 1167 1106 1238 φησὶ,
1161 1166 1229 1218 τὸ
1284 1163 1614 1230 πολίτευμα
1662 1158 1730 1212 ἐν
1773 1154 2050 1224 οὐρανοῖς

476 1264 747 1332 ὑπάρχει.
779 1261 935 1313 Ἔστι
973 1257 1086 1328 ζωὴ
1117 1254 1273 1328 ἢτοῦ
1319 1254 1590 1325 σώματος,
1631 1252 1714 1321 ,ἦν
1753 1267 1919 1321 φησι,
1966 1247 2047 1300 Δι’

478 1354 661 1409 αὑτοῦ
690 1350 905 1421 ζῶμεν,
939 1350 1036 1403 καί
1079 1347 1418 1415 κινούμεθα,
1457 1343 1555 1398 καὶ
1592 1341 1799 1412 ἐσμέν.
1841 1341 1915 1395 O6
1950 1338 2049 1411 τὴν

480 1445 713 1517 φυσικὴν
759 1440 851 1497 οὖν
889 1458 1023 1513 φησι
1067 1442 1142 1511 μὴ
1186 1440 1283 1511 ζῇν
1325 1437 1493 1507 ζωὴν,
1540 1435 1676 1490 ἀλλὰ
1714 1433 1916 1505 ταύτην
1952 1425 2049 1504 τὴν

478 1536 586 1589 τῶν
646 1531 1096 1605 ἁμαρτημάτων,
1126 1530 1193 1601 ἣν
1239 1528 1476 1590 ἅπαντες
1523 1525 1797 1595 ἄνθρωποι
1845 1523 2008 1589 ζῶσιν
2035 1537 2050 1552 ·

482 1625 728 1688 εἰκότως.
787 1623 844 1676 'O
879 1620 987 1693 γὰρ
1030 1620 1104 1692 μὴ
1136 1617 1416 1690 ἐπιθυμῶν
1449 1618 1547 1688 τῆς
1576 1614 1856 1687 παρούσης
1887 1612 2053 1683 ζωῆς,

484 1719 600 1782 πῶς
629 1717 832 1788 ταύτην
866 1715 960 1786 ζῇς
992 1716 1020 1767 6
1042 1712 1177 1782 πρὸς
1202 1711 1392 1781 ἑτέραν
1424 1707 1690 1771 σπεύδων,
1720 1703 1836 1769 πῶς
1852 1702 2058 1774 ταύτην

483 1808 552 1882 ζῇ
569 1825 585 1876 ;
601 1807 882 1863 ὁνθανάτου
899 1802 1272 1874 καταφρονῶν,
1294 1802 1411 1865 πῶς
1433 1800 1636 1869 ταύτην
1653 1798 1749 1869 ζῇς
1776 1799 1804 1851 6
1836 1794 2060 1867 μηδενὸς

484 1900 595 1953 τῶν
626 1896 857 1953 ἐνταῦθα
883 1893 1183 1965 ἐπιθυμῶν,
1212 1892 1327 1956 πῶς
1348 1892 1551 1961 ταύτην
1585 1890 1683 1961 (ﬁ;
1707 1889 1916 1957 Ὥσπερ
1953 1885 2062 1956 γὰρ

486 1993 515 2044 6
538 1991 596 2058 ἐξ
610 1991 916 2060 ἀδάμαντος
940 1987 1316 2055 συγκείμενος,
1344 1983 1443 2037 κᾶν
1472 1982 1730 2054 μυριάκις
1757 1979 2061 2050 πλήττοιτο,

487 2087 590 2139 οὐκ
620 2082 687 2137 ἂν
713 2078 1071 2151 ἐπιστραφείη
1098 2077 1263 2130 ποτέ·
1300 2074 1471 2138 οὕτως
1498 2072 1618 2126 οὐδὲ
1645 2075 1673 2127 6
1712 2070 1943 2132 Παῦλος·
1974 2066 2066 2121 Ζῶ

488 2176 579 2242 δὲ,
602 2173 765 2246 φησὶν
785 2213 800 2237 ,
831 2170 1032 2225 οὐκέτι
1056 2169 1170 2239 ἐγὼ
1189 2209 1203 2232 ,
1228 2166 1525 2229 τουτέστιν,
1552 2166 1580 2218 6
1602 2163 1829 2224 παλαιὸς
1858 2161 2068 2233 ἄνθρω-

490 2284 592 2332 πος
618 2284 633 2299 ·
668 2266 761 2319 καὶ
790 2263 953 2317 πάλιν
984 2260 1242 2331 ἀλλαχοῦ,
1291 2259 1668 2325 Ταλαίπωρος
1700 2253 1815 2324 ἐγὼ
1845 2253 2068 2321 ἅνθρω-

492 2370 607 2421 πος
630 2369 647 2387 ·
673 2353 766 2419 τίς
799 2368 870 2420 με
896 2351 1146 2418 ῥύσεται
1165 2349 1233 2402 ἐκ
1257 2346 1365 2402 τοῦ
1386 2345 1658 2415 σώματος
1684 2343 1791 2398 τοῦ
1814 2340 2071 2398 θανάτου
2138 2384 2147 2391 .

492 2447 709 2501 τούτου
730 2460 749 2509 ;
774 2442 962 2506 Οὕτως
983 2445 1010 2496 6
1052 2442 1215 2512 μηδὲν
1242 2440 1332 2493 διὰ
1356 2437 1563 2509 τροφὴν
1602 2434 1795 2501 ποιῶν,
1834 2436 1863 2489 6
1906 2433 2074 2506 μηδὲν

492 2537 560 2590 δι’
594 2535 819 2604 ἔνδυμα,
848 2532 877 2584 6
904 2531 1069 2602 μηδὲν
1107 2530 1196 2583 διά
1222 2547 1273 2583 τι
1296 2526 1406 2579 τῶν
1441 2526 1747 2593 παρόντων,
1781 2525 1897 2586 πῶς
1923 2519 2075 2586 οὗτος

496 2628 596 2699 (ﬁ;
644 2616 814 2687 Οὗτος
848 2622 970 2676 οὐδὲ
1013 2620 1112 2692 τὴν
1164 2618 1397 2690 φυσικὴν
1445 2617 1590 2689 ζωὴν
1629 2616 1696 2689 ζῇ
1730 2633 1743 2646 ·
1774 2618 1802 2670 6
1848 2615 2077 2687 μηδενὸς

498 2714 801 2788 φροντίζων
817 2710 927 2766 τῶν
956 2709 1245 2781 βιωτικῶν,
1273 2708 1335 2762 06
1358 2708 1446 2778 ζῇ.
1464 2707 1653 2778 Ἡμεῖς
1679 2705 1860 2777 ζῶμεν
1889 2702 2079 2757 τοῦτον

496 2811 588 2863 τὸν
614 2808 750 2879 βίον,
787 2807 837 2859 οί
866 2804 1044 2858 πάντα
1073 2803 1214 2873 ὑπὲρ
1238 2800 1431 2855 τούτου
1467 2800 1800 2870 πράττοντες
1826 2813 1839 2827 ⁸
1867 2798 2080 2859 ἐκεῖνος

497 2900 557 2954 δὲ
584 2900 685 2953 οὐκ
715 2897 811 2967 ἐζη
847 2915 862 2926 ·
896 2895 1046 2948 οὐδὲν
1075 2894 1184 2965 γὰρ
1202 2890 1657 2963 ἐπραγματεύετο
1682 2887 1790 2942 τῶν
1820 2886 2077 2941 ἐνταῦθα.

500 2991 627 3055 Πῶς
642 2986 735 3045 οῦν
749 2989 878 3059 ἒζη;
902 2986 1060 3042 Οῦτω
1078 2986 1173 3040 καὶ
1194 2986 1351 3055 ἡμεῖς
1369 2982 1460 3037 ἐπί
1480 2999 1640 3036 τινων
1659 2979 1908 3050 λέγομεν·
1927 2980 2084 3049 Ἐμοὶ

500 3087 530 3139 6
544 3084 689 3137 δεῖνα
710 3083 769 3135 06
788 3082 1071 3150 πάρεστιν,
1085 3079 1211 3131 ὅταν
1233 3075 1397 3148 μηδὲν
1420 3074 1635 3146 πράττῃ
1652 3072 1761 3126 τῶν
1778 3070 2085 3142 ἀνηκόντων

502 3177 580 3239 είς
599 3174 726 3245 ἐμέ·
745 3173 908 3245 ἐμοὶὸ
922 3171 1067 3223 δεῖνα
1081 3170 1141 3222 o6
1157 3167 1246 3238 ζῇ,
1261 3166 1420 3220 πάλιν
1435 3164 1785 3235 δμοίως.”οτι
1798 3162 1905 3234 γὰρ
1915 3162 1974 3215 o6
1989 3161 2087 3231 τὴν

505 3264 743 3337 φυσικὴν
757 3264 1099 3334 παραιτεῖται
1115 3260 1360 3329 ζωὴν,φη
1368 3257 1451 3310 σὶν
1466 3255 1716 3326 ἀλλαχοῦ·
1730 3257 1790 3307 Ὅ
1803 3253 1870 3307 δὲ
1885 3253 2002 3308 νῦν
2016 3252 2088 3314 ζῶ

505 3361 575 3411 ἐν
590 3355 788 3424 σαρκί,
800 3355 869 3408 ἐν
883 3354 1082 3406 πίστει
1095 3350 1165 3417 ζῷ
1176 3349 1250 3419 τῇ
1262 3348 1368 3405 τοῦ
1392 3348 1526 3403 Υίοῦ
1543 3346 1648 3401 τοῦ
1664 3343 1812 3401 Θεοῦ
1822 3344 1929 3399 τοῦ
1944 3345 2087 3415 ἀγα-

509 3447 818 3515 πήσαντός
848 3441 999 3516 [215]
1028 3459 1126 3512 με,
1165 3442 1264 3496 καὶ
1291 3440 1664 3509 παραδόντος
1688 3436 1905 3493 ἑαυτὸν
1937 3436 2090 3503 ὑπὲρ

507 3538 676 3609 ἐμοῦ.
701 3536 983 3600 Τουτέστι,
1007 3535 1214 3606 Καινήν
1233 3550 1356 3588 τινα
1379 3532 1524 3602 ζωὴν
1540 3531 1638 3599 ζῶ,
1661 3530 2086 3602 ἐξηλλαγμένην.

583 3681 651 3745 γ’.
670 3673 857 3728 Ταῦτα
869 3674 932 3744 δὴ
957 3674 1135 3727 πάντα
1162 3671 1296 3743 πρὸς
1321 3668 1675 3741 παραμυθίαν
1691 3667 1795 3722 τῶν
1816 3668 2089 3738 Φιλίππη-

517 3770 648 3822 σίων
672 3766 841 3834 λέγει.
878 3766 969 3835 Μὴ
1007 3764 1288 3834 νομίσητε,
1321 3762 1507 3833 φησὶν,
1535 3763 1617 3816 ὅτι
1647 3764 1746 3832 τῆς
1773 3760 1920 3830 ζωῆς
1958 3761 2093 3814 ἀπο-

519 3858 817 3930 στεροῦμαι
850 3855 1053 3926 ταύτης
1072 3871 1086 3887 ·
1116 3854 1239 3906 ἐπεὶ
1272 3854 1407 3925 μηδέ
1430 3851 1561 3917 ζῶν,
1589 3851 1795 3923 ταύτην
1829 3851 1968 3916 ἔζων
1993 3850 2092 3922 τὴν

518 3950 689 4020 ζωὴν,
715 3948 831 4002 ἀλλ’
853 3946 1088 4017 ἐκείνην,
1116 3948 1182 4015 ἣν
1206 3948 1234 3998 6
1264 3945 1496 4017 Χριστὸς
1527 3944 1797 3998 ἐϐούλετο.
1828 3944 1964 3998 Εἰπὲ
1985 3944 2094 4013 γάρ

523 4059 651 4113 μοι,
677 4043 705 4095 6
735 4041 1033 4113 χρημάτων
1056 4038 1436 4109 καταφρονῶν,
1464 4039 1492 4091 6
1514 4038 1743 4108 τρυφῆς,
1772 4037 1800 4091 6
1820 4036 1978 4108 λιμοῦ
2002 4038 2096 4092 καὶ

521 4132 716 4203 δίψης,
752 4134 780 4184 6
826 4129 1108 4195 κινδύνων,
1145 4131 1175 4182 6
1216 4129 1424 4198 ὑγείας,
1465 4130 1494 4182 6
1538 4129 1840 4201 σωτηρίας,
1890 4129 2094 4200 ταύτην

523 4223 590 4292 Cf]
625 4221 723 4292 τὴν
754 4220 900 4291 ζωήν
920 4236 935 4285 ;
959 4221 987 4272 ὁ
1016 4220 1180 4290 μηδὲν
1210 4218 1444 4273 ἐνταῦθα
1469 4218 1627 4289 ἔχων,
1664 4221 1693 4272 6
1721 4218 1979 4283 πολλάκις
1997 4220 2097 4273 αύμ-

523 4316 623 4386 τὴν
654 4315 805 4387 ῥῖψαι
841 4312 1180 4384 βουλόμενος,
1210 4311 1453 4382 ἀνάγκης
1485 4310 1671 4382 οὔσης,
1710 4310 1805 4365 καὶ
1845 4312 1920 4381 μὴ
1947 4313 2096 4364 ἀντι-

528 4409 807 4478 ποιηθεὶς,
845 4405 1050 4475 ταύτην
1094 4405 1159 4475 ζῇ
1194 4405 1291 4471 τὴν
1322 4402 1500 4473 ζωήν;
1547 4402 1829 4473 Οὐδαμῶς.
1875 4403 1963 4467 Ὠς
2003 4401 2097 4455 ἐπὶ

528 4500 925 4570 ὑποδείγματος
964 4497 1019 4549 δὲ
1054 4497 1182 4566 ὑμῖν
1228 4495 1333 4567 χρὴ
1373 4493 1533 4547 τοῦτο
1575 4494 1799 4564 ποιῆσαι
1831 4494 2095 4564 φανερόν·

529 4589 662 4657 οἷον,
697 4591 837 4644 ἔστω
868 4607 947 4652 τις
987 4592 1044 4641 ἐν
1085 4586 1301 4657 πλούτῳ
1330 4585 1529 4656 πολλῷ,
1559 4585 1653 4638 καὶ
1684 4585 1899 4649 οἰκέτας
1932 4585 2103 4655 ἐχέτω

531 4686 627 4737 καὶ
643 4682 886 4754 χρυσίον,
917 4682 1010 4733 καὶ
1037 4679 1225 4751 μηδενὶ
1250 4679 1451 4732 τούτων
1472 4678 1758 4749 κεχρήσθω
1783 4693 1797 4706 ·
1821 4673 1932 4748 ἆρα
1951 4671 2101 4741 οὗτος

535 4774 755 4827 πλουτεῖ
784 4771 874 4824 τὸν
919 4769 1146 4822 πλοῦτον
1186 4771 1428 4834 ἐκεῖνον;
1471 4766 1753 4839 Οὐδαμῶς.
1797 4768 2007 4837 Ὅράτω
2047 4765 2104 4819 δὲ

536 4868 630 4920 καὶ
657 4863 1108 4925 διασπαθῶντας·
1137 4860 1206 4914 τὰ
1242 4862 1555 4931 ὑπάρχοντα
1574 4860 1699 4923 τοὺς
1730 4858 1945 4922 παῖδας,
1982 4859 2105 4927 είκῆ

539 4957 934 5033 ῥεμϐομένους,
957 4956 1051 5009 καὶ
1072 4955 1295 5026 μηδενὸς
1321 4952 1501 5007 αὐτῶν
1525 4952 1854 5023 φροντιζέτω
1875 4968 1889 4982 ·
1912 4953 1960 5004 εί
1984 4951 2108 5021 βού-

538 5054 620 5107 λει
651 5052 727 5117 δέ,
758 5051 852 5103 καὶ
900 5048 1233 5120 τυπτόμενος
1279 5047 1354 5117 μὴ
1392 5044 1658 5115 ἀλγείτω·
1707 5040 1818 5116 ἆρα
1866 5044 2108 5114 φήσομεν

541 5146 707 5201 αὐτὸν
736 5139 875 5197 εἶναι
907 5144 964 5195 ἐν
1009 5140 1258 5211 πλούτῳ;
1293 5139 1555 5210 Οὐδαμῶς
1579 5155 1592 5170 ·
1632 5138 1808 5193 καίτοι
1836 5155 1903 5206 γε
1943 5138 2108 5191 αὐτοῦ

543 5241 713 5292 ἐστιν.
746 5235 903 5290 Οῦτω
930 5236 1021 5288 καὶ
1052 5232 1264 5297 Παῦλος
1285 5273 1299 5295 ,
1343 5231 1524 5302 Ἐμοί,
1557 5231 1713 5300 φησὶ,
1748 5231 1814 5285 τὸ
1844 5230 1950 5300 ζῇν
1983 5233 2113 5299 Χρι-

544 5332 710 5397 στός.
742 5332 804 5383 Εί
836 5328 1013 5399 βούλει
1040 5329 1137 5399 τὴν
1160 5328 1305 5395 ζωὴν
1333 5325 1579 5391 ἐξετάσαι
1604 5325 1701 5396 τὴν
1726 5324 1885 5395 ἐμὴν,
1912 5324 2115 5387 ἐκεῖνός

547 5426 684 5477 ἐστι.
716 5421 827 5476 Καὶ
854 5421 920 5474 τὸ
948 5417 1272 5473 ἀποθανεῖν
1300 5415 1527 5484 κέρδος.
1556 5413 1655 5467 Διὰ
1682 5413 1764 5481 τί;
1796 5414 1916 5465 Ὅτι
1951 5413 2115 5482 σαφέ-

612 5659 637 5686 ο
664 5646 814 5695 Savil.
834 5646 985 5694 habet
1004 5645 1084 5693 καὶ
1103 5644 1502 5703 διασπαθίζοντας,
1523 5641 1574 5692 in
1595 5640 1814 5705 margine
1836 5648 2001 5693 autem
2022 5646 2121 5693 δια-

554 5708 887 5771 σχορπίζοντας
902 5745 914 5766 ,
938 5709 1014 5755 ἀλ.
1036 5708 1407 5760 διασπαθῶντας.

1211 317 1270 371 S.
1305 309 1593 369 JOANNIS
1630 298 2117 365 CIIRYSOSTOMI
2159 293 2481 362 ARCIIIEP.
2527 288 3080 352 CONSTANTINOP.

3583 278 3698 342 2οὶ

2137 437 2325 492 στερον
2366 417 2515 488 αὐτῷ
2563 415 2857 484 συνέσομαι
2893 411 3125 482 μᾶλλον·
3159 408 3300 464 ὥστε
3350 404 3549 477 μᾶλλόν
3582 405 3699 457 ἐστι

2135 513 2297 583 ζῆσαι
2327 511 2387 564 16
2430 508 2736 562 ἀποθανεῖν.
2779 504 2946 557 Οὐδὲν
2987 500 3157 555 δεινὸν
3184 496 3508 570 ἐργάσονταί
3541 513 3608 565 με
3650 495 3704 549 οί

2133 598 2556 661 ἀποκτενοῦντές
2590 614 2678 668 με,
2710 597 2776 667 τῇ
2813 594 2925 665 ζωῇ
2988 589 3451 662 παραπέμποντες
3478 589 3544 657 τῇ
3573 586 3702 655 ἐμῇ,

2138 695 2233 747 καὶ
2267 691 2468 761 ταύτης
2494 689 2594 758 τῆς
2636 687 2698 740 οὐ
2732 684 3114 758 προσηκούσης
3153 679 3601 741 ἀπαλλάττοντες.
3640 676 3706 729 Τί

2136 780 2266 848 οῦν;
2296 781 2531 837 ἐνταῦθα
2560 779 2657 844 ὢν,
2692 778 2793 831 οὐκ
2824 773 2891 848 ἧς
2920 774 3016 829 τοῦ
3049 772 3307 845 Χριστοῦ.
3344 772 3453 827 Καὶ
3482 770 3705 841 σφόδρα.

2136 878 2205 931 El
2228 875 2295 930 δὲ
2329 874 2397 928 τὸ
2435 872 2540 944 ζῇν
2568 872 2637 927 ἐν
2662 871 2864 939 σαρκὶ,
2906 867 3084 922 τοῦτό
3108 884 3211 936 μοι
3249 865 3476 933 καρπὸς
3509 862 3707 931 ἔργου,

2141 969 2239 1023 καὶ
2267 968 2323 1022 τί
2346 966 2665 1037 αἱρήσομαι
2689 966 2760 1018 οὐ
2782 959 3058 1033 γνωρίζω.
3089 960 3206 1013 Ἵνα
3234 958 3306 1030 μή
3330 974 3415 1020 τις
3447 957 3610 1009 εἴποι·
3642 955 3709 1009 Εἰ

2141 1060 2320 1113 τοίνυν
2358 1060 2534 1111 ἐκεῖνο
2574 1055 2723 1125 ζωὴ,
2755 1054 2900 1116 τίνος
2932 1052 3119 1105 ἕνεκεν
3158 1051 3186 1103 6
3213 1046 3448 1117 Χριστὸς
3475 1047 3622 1099 εἴασέ
3653 1063 3711 1097 σε

2143 1149 2412 1215 ἐνταῦθα;
2447 1147 2676 1216 Καρπὺς
2700 1145 2898 1214 ἔργου,
2922 1142 3107 1213 φησὶν,
3133 1140 3321 1193 ἐστίν.
3350 1138 3510 1191 Ὥστε
3539 1137 3713 1189 ἔνεστι

2146 1240 2240 1294 καὶ
2271 1240 2339 1308 τῇ
2375 1235 2625 1308 παρούσῃ
2645 1235 2755 1306 ζωῇ
2787 1235 2864 1297 είς
2890 1232 3008 1287 δέον
3040 1229 3364 1303 χρήσασθαι,
3401 1227 3475 1300 μὴ
3507 1227 3714 1292 ζῶντας

2148 1331 2350 1400 αὐτὴν,
2393 1330 2469 1393 ὡς
2502 1329 2551 1382 οἱ
2593 1325 2797 1381 πολλοί.
2838 1322 3007 1379 Τοῦτό
3047 1339 3234 1393 φησιν,
3267 1321 3352 1374 ἵνα
3383 1320 3457 1390 μὴ
3493 1318 3717 1389 νομίσῃς

2151 1420 2541 1491 διαϐεϐλῆσθαι
2579 1420 2680 1490 τὴν
2726 1417 2892 1487 ζωὴν,
2930 1415 3062 1488 μηδὲ
3090 1414 3283 1485 εἴπῃς·
3315 1413 3377 1466 El
3420 1412 3527 1481 γὰρ
3570 1411 3718 1463 οὐδὲν

2150 1510 2627 1587 χρησιμεύοΜμεν
2649 1508 2904 1573 ἐνταῦθα,
2917 1507 3060 1570 τίνος
3078 1504 3263 1559 ἕνεκεν
3276 1504 3375 1558 οὐκ
3391 1502 3615 1573 ἀναιροῦ
3623 1519 3721 1572 μεν

2153 1606 2399 1670 ἑαυτοὺς,
2419 1603 2540 1657 οὺδέ
2556 1600 2987 1670 άποκτείνομεν;
3010 1594 3312 1667 Μηδαμῶς,
3334 1595 3498 1665 φησίν
3515 1611 3528 1625 ·
3547 1593 3721 1646 ἔνεστι

2154 1695 2249 1749 καὶ
2272 1692 2505 1748 ἐνταῦθα
2526 1692 2654 1744 ὄντα
2680 1688 3000 1759 κερδαίνειν,
3028 1686 3123 1739 ἐὰν
3144 1686 3221 1756 μὴ
3249 1683 3430 1754 ζῶμεν
3459 1682 3557 1753 τὴν
3582 1680 3723 1750 ζωὴν

2154 1786 2377 1857 ταύτην,
2403 1783 2516 1838 ἀλλ’
2553 1781 2764 1851 ἑτέραν.
2797 1779 2935 1832 Ἀλλ’
2969 1779 3097 1840 ἴσως
3125 1777 3239 1848 ἐρεῖ
3261 1791 3361 1837 τις·
3389 1773 3558 1826 Τοῦτο
3586 1789 3722 1841 καρο

2160 1876 2261 1929 πόν
2296 1890 2379 1927 σοι
2405 1873 2593 1944 φέρει;
2627 1870 2755 1935 Ναὶ,
2782 1867 2935 1939 φησί.
2958 1865 3067 1920 Ποῦ
3096 1864 3191 1919 νῦν
3214 1866 3262 1918 οἱ
3288 1863 3585 1935 αἱρετικοί;
3615 1861 3727 1915 ἰδοῦ

2157 1966 2253 2021 νῦν
2274 1966 2352 2029 16,
2375 1965 2501 2034 Ζῇν
2519 1965 2590 2018 ἐν
2610 1961 2813 2031 σαρκὶ,
2833 1959 2993 2013 τοῦτό
3019 1976 3150 2030 φησι
3174 1957 3386 2029 καρπὸν
3412 1956 3576 2026 ἔργου
3595 1970 3608 1983 ·
3634 1954 3727 2007 καὶ

2160 2058 2268 2129 γὰρ
2296 2055 2480 2129 ἔργου.
2530 2054 2656 2119 Πῶς
2700 2051 2908 2122 καρπὸς
2956 2050 3148 2121 ἕργου;
3185 2051 3255 2102 '0
3289 2047 3358 2102 δὲ
3393 2047 3511 2101 νῦν
3551 2044 3624 2107 ζῶ
3659 2044 3730 2098 ἐν

2160 2147 2362 2217 σαρκί,
2394 2146 2464 2201 ἐν
2485 2146 2685 2200 πίστει
2720 2142 2812 2204 ζῶ.
2845 2142 2943 2196 Διά
2975 2140 3133 2194 τοῦτο
3159 2138 3368 2212 καρπὸς
3400 2137 3580 2210 ἔργου.
3615 2135 3726 2191 Καὶ

2163 2242 2220 2295 τί
2238 2237 2580 2309 αἱρήσομαι,
2603 2237 2674 2290 οὐ
2691 2232 2960 2306 γνωρίζω.

2240 2424 2434 2490 Βαϐαῖ,
2471 2423 2611 2493 πόση
2643 2419 2712 2496 ἦν
2736 2424 2770 2494 ἠ
2801 2420 3120 2491 φιλοσοφίαι
3154 2419 3277 2483 Πῶς
3298 2417 3390 2472 καὶ
3422 2417 3520 2487 τὴν
3549 2414 3731 2469 ἐπιθυ-

2174 2518 2301 2589 μίαν
2330 2515 2551 2581 ἐξέϐαλε
2591 2516 2691 2585 τῆς
2738 2513 3018 2585 παρούσης
3055 2511 3230 2581 ζωῆς,
3276 2508 3368 2562 καὶ
3400 2510 3459 2562 06
3493 2507 3737 2561 διέϐαλεν

2173 2608 2370 2678 αὐτήνῑ
2407 2606 2497 2677 Τῷ
2527 2607 2625 2678 μὲν
2653 2606 2760 2678 γὰρ
2798 2608 2992 2670 εἰπεῖν,
3024 2606 3104 2658 ὅτι
3142 2604 3211 2657 Τὸ
3240 2601 3565 2657 ἀποθανεῖν
3600 2599 3734 2667 κέρ-

2173 2699 2298 2767 δος,
2331 2699 2503 2769 τούτῳ
2524 2698 2623 2769 τὴν
2655 2697 2950 2768 ἐπιθυμίαν
2974 2695 3193 2762 ἐξέϐαλε
3216 2709 3231 2723 ⁶
3260 2692 3335 2764 τῷ
3356 2692 3411 2745 δὲ
3438 2694 3633 2766 εἰπεῖν,
3655 2691 3736 2743 ὅτι

2180 2792 2251 2846 T6
2284 2791 2389 2861 ζῇν
2412 2791 2481 2845 ἐν
2508 2788 2709 2860 σαρκὶ,
2745 2786 2972 2857 καρπὸς
3004 2786 3205 2857 ἔργου,
3239 2784 3410 2853 τούτῳ
3446 2783 3609 2848 ἔδειξε
3644 2780 3741 2834 καὶ

2174 2883 2273 2953 τὴν
2306 2882 2583 2952 παροῦσαν
2622 2879 2924 2949 ἀναγκαίαν
2957 2877 3120 2949 ζωήν.
3157 2876 3312 2942 Πῶς;
3357 2874 3481 2929 Ἐάν
3512 2875 3591 2937 εἰς
3623 2872 3742 2925 δίον

2177 2975 2315 3045 αὐτῇ
2345 2972 2622 3043 χρώμεθα,
2653 2971 2746 3025 ἐὰν
2772 2968 3213 3041 καρποφορῶμεν
3237 2984 3251 2998 ·
3278 2967 3351 3035 ὼς
3379 2966 3470 3019 ἐὰν
3498 2967 3743 3035 ἄκαρπος

2176 3060 2233 3137 ᾖ,
2269 3064 2368 3117 οὐκ
2406 3063 2550 3116 ἐστιν
2581 3062 2661 3115 ἐτι
2701 3062 2829 3132 ζωή.
2872 3060 2982 3114 Καὶ
3020 3058 3129 3129 γὰρ
3157 3056 3263 3111 τῶν
3303 3056 3531 3123 δένδρων
3566 3053 3631 3106 τὰ
3669 3052 3743 3121 μὴ

2183 3155 2332 3229 [2ὶ6]
2360 3156 2592 3227 φέροντα
2625 3152 2857 3224 καρπὸν,
2888 3151 3088 3222 ὁμοίως
3121 3150 3228 3203 τῶν
3264 3147 3443 3218 ξηρῶν
3478 3148 3744 3215 ἀποστρε-

2183 3247 2419 3319 φόμεθα,
2468 3248 2563 3300 καὶ
2605 3245 2740 3317 πυρὶ
2772 3244 3155 3313 παραδίδομεν.
3198 3241 3272 3293 T6
3311 3239 3418 3310 γάρ
3448 3238 3545 3308 ζῇν
3582 3237 3744 3289 πάλιν

2182 3339 2290 3393 τῶν
2337 3340 2518 3409 μέσων
2548 3338 2664 3391 ἐστὶ
2703 3337 2797 3391 καὶ
2822 3334 3128 3405 ἀδιαφόρων
3154 3349 3166 3362 ·
3202 3333 3263 3384 τὸ
3285 3331 3340 3383 δὲ
3371 3329 3549 3391 καλῶς
3585 3328 3617 3397 ἦ
3650 3344 3747 3379 κα.

2184 3429 2317 3493 κῶς,
2344 3431 2400 3483 ἐν
2427 3430 2557 3499 ἡμῖν
2585 3430 2750 3482 ἐστιν.
2777 3428 2940 3480 Ὥστε
2967 3426 3027 3477 οὐ
3057 3423 3299 3494 μισῶμεν
3323 3422 3383 3475 16
3409 3421 3507 3491 ζῇν
3526 3435 3539 3447 ·
3574 3418 3745 3471 ἔνεστι

2183 3518 2292 3589 γὰρ
2316 3520 2412 3589 ζῇν
2436 3517 2530 3571 καὶ
2547 3517 2727 3581 καλῶς
2746 3534 2759 3547 ·
2779 3516 2855 3579 ὡς
2880 3514 2975 3567 ἐὰν
2998 3512 3182 3575 κακῶς
3212 3510 3356 3581 αὐτῷ
3385 3506 3746 3580 χρησαίμεθα,

2183 3609 2304 3662 ούδέ
2334 3608 2475 3661 οὕτω
2514 3606 2870 3676 διαϐαλοῦμεν
2898 3605 3046 3659 αύτό.
3092 3604 3187 3657 Διά
3220 3603 3307 3668 τί;
3342 3602 3462 3655 ’Ὁτι
3492 3601 3589 3653 οὐκ
3622 3597 3751 3653 αὐτὸ

2185 3700 2353 3753 αἴτιον
2384 3698 2626 3766 γέγονεν,
2664 3697 2780 3751 ἀλλ’
2811 3698 2844 3768 ἡ
2878 3695 3197 3767 προαίρεσις
3228 3693 3336 3745 τῶν
3364 3690 3563 3753 ·κακῶς
3606 3704 3750 3759 χρω·

2191 3787 2367 3858 μένων
2402 3784 2569 3856 αὐτῷ.
2624 3784 2681 3840 Ὀ
2718 3785 2814 3855 μέν
2840 3785 2949 3853 γὰρ
2990 3784 3121 3846 Θεός
3155 3800 3214 3835 σε
3249 3780 3468 3853 ἐποίησε
3503 3780 3619 3850 ζῇν,
3666 3780 3753 3832 ἵνα

2187 3880 2337 3949 αὐτῷ
2364 3880 2492 3950 ζῇς·
2523 3879 2588 3932 σὺ
2626 3877 2682 3931 δὲ
2707 3876 2811 3931 ὑπὸ
2841 3877 2941 3945 τῆς
2964 3875 3162 3937 κακίας
3189 3876 3254 3944 τῇ
3279 3872 3524 3943 ἁμαρτίᾳ
3560 3870 3751 3941 ζήσας,

2190 3971 2488 4024 ὑπεύθυνον
2541 3970 2736 4023 σαυτὸν
2781 3968 2960 4037 πάσης
2998 3967 3175 4030 αἰτίας
3214 3968 3405 4029 ποιεῖς.
3451 3962 3515 4016 Τί
3556 3962 3752 4029 λέγεις,

2190 4065 2309 4118 είπέ
2341 4081 2454 4133 μοι,
2500 4056 2546 4115 ὧ
2583 4061 2798 4128 Παῦλε;
2831 4060 2892 4113 06
2930 4059 3217 4128 γνωρίζεις
3252 4058 3303 4109 τί
3339 4057 3579 4127 αίρήση;
3635 4054 3755 4106 Ἐν-

2189 4156 2361 4209 ταῦθα
2399 4155 2537 4224 μέγα
2565 4152 2882 4221 ἀπεκάλυψε
2912 4151 3229 4221 μυστήριον,
3255 4149 3335 4201 ὅτι
3360 4148 3545 4217 κύριος
3564 4142 3633 4216 ἦν
3661 4143 3756 4197 τοῦ

2192 4245 2450 4300 ἀπελθεῖν
2472 4262 2485 4274 ·
2514 4244 2641 4297 ὅταν
2667 4242 2777 4311 γὰρ
2807 4242 3019 4312 αἵρεσις
3051 4239 3106 4314 ᾖ,
3147 4238 3325 4310 κύριοί
3354 4239 3542 4307 ἐσμεν.
3578 4237 3639 4290 Τί
3680 4235 3761 4290 αἱ·

2188 4333 2472 4403 ρήσομαι,
2506 4333 2691 4402 φησιν,
2715 4333 2787 4385 οὺ
2814 4327 3086 4400 γνωρίζω.
3127 4329 3214 4383 Ἐν
3236 4329 3317 4380 σοὶ
3341 4323 3432 4380 οὖν
3462 4328 3605 4392 ἐστι;
3630 4324 3757 4390 Ναὶ,

2196 4428 2359 4497 φησὶν
2382 4466 2397 4491 ,
2431 4427 2479 4477 εἰ
2520 4423 2808 4494 βουλοίμην
2839 4422 3062 4491 αίτῆσαι
3099 4420 3188 4472 τὸν
3226 4419 3357 4473 Θεὸν
3388 4418 3566 4489 χάριν.
3610 4420 3762 4471 Συν-

2195 4517 2402 4587 ἐχομαι
2420 4515 2527 4584 γὰρ
2555 4514 2622 4567 ἐκ
2645 4513 2762 4567 τῶν
2783 4512 2913 4580 δύο,
2942 4513 3058 4580 τὴν
3083 4512 3399 4581 ἐπιθυμίαν
3419 4513 3593 4579 ἔχων.
3621 4510 3764 4578 Ὅρα

2196 4610 2293 4680 τὴν
2329 4609 2710 4677 φιλοστοργίαν
2748 4606 2841 4659 τοῦ
2888 4605 3158 4677 μακαρίου
3200 4604 3388 4657 τούτου
3411 4622 3427 4635 ·
3473 4603 3567 4657 καὶ
3592 4603 3763 4673 ταύτῃ

2198 4699 2391 4760 αὐτοὺς
2421 4696 2843 4765 παραμυθεῖται,
2878 4695 3005 4748 ὅταν
3040 4695 3240 4761 ἴδωσιν,
3278 4697 3359 4749 ὅτι
3391 4693 3551 4757 αὐτὸς
3580 4690 3766 4763 κύριός

2202 4794 2317 4843 ἐστι
2343 4790 2440 4860 τῆς
2463 4788 2744 4859 αἱρέσεως,
2768 4788 2849 4840 ὅτι
2878 4787 2978 4840 οὐκ
3000 4786 3313 4859 ἀνθρωπίνῃ
3346 4785 3575 4856 πονηρία
3611 4784 3767 4837 τοῦτο

2200 4885 2429 4954 γίνεται,
2462 4881 2598 4935 άλλά
2618 4880 2752 4934 Θεοῦ
2779 4880 3077 4952 οἰκονομίᾳ.
3110 4880 3175 4931 Τί
3202 4879 3377 4933 τοίνυν
3404 4879 3638 4945 άλγείτε,
3667 4894 3770 4944 φη-

2205 4977 2308 5042 σὶν,
2340 4976 2432 5028 ἐπὶ
2450 4974 2530 5045 τῷ
2560 4974 2806 5043 θανάτῳ;
2835 4971 3014 5042 πολλῷ
3035 4972 3280 5044 κρεῖττον
3310 4967 3376 5042 ἦν
3412 4971 3577 5025 πάλαι
3601 4970 3768 5022 ἀπελ-

2204 5067 2335 5121 θεῖν.
2391 5066 2466 5119 Τὸ
2516 5066 2819 5120 ἀναλῦσαι
2852 5066 2981 5135 γὰρ,
3038 5066 3190 5135 φησὶ,
3239 5065 3336 5118 καί
3388 5064 3510 5117 σὺν
3541 5061 3771 5130 Χριστῷ

2205 5152 2379 5219 εἶναι,
2404 5154 2610 5219 πολ.λῷ
2638 5153 2880 5223 μᾶλλον
2908 5153 3223 5222 κρεῖσσον·
3271 5153 3338 5206 τὸ
3377 5153 3444 5205 δὲ
3480 5150 3772 5220 ἐπιμεῖναι

2208 5246 2283 5315 τῇ
2319 5245 2496 5314 σαρκὶ
2525 5246 2991 5316 ἀναγκαιότερον
3019 5245 3093 5298 δι’
3128 5242 3300 5313 ὑμᾶς.
3336 5242 3521 5297 Ταῦτα
3559 5259 3774 5313 προπα-

2215 5336 2618 5409 ρασκευαστικὰ
2665 5338 2764 5405 τῆς
2801 5336 3097 5407 μελλούσης
3144 5335 3310 5389 αὐτοῦ
3347 5334 3634 5403 τελευτῆς,
3689 5334 3776 5384 ἵνα

2214 5427 2451 5497 φέρωσιν
2498 5428 2667 5497 αὐτὴν
2715 5429 3003 5494 γενναίως·
3044 5427 3217 5480 ταῦτα
3265 5426 3579 5496 φιλοσοφίας
3629 5424 3775 5477 διξα-

2215 5517 2397 5569 κτικά.
2444 5516 2640 5582 Καλὸν,
2688 5518 2841 5587 φησὶ,
2886 5519 2947 5570 τὸ
2975 5517 3257 5582 ἀναλῦσαι,
3294 5516 3388 5570 καὶ
3415 5516 3512 5568 σὺν
3561 5511 3782 5583 Χριστῷ

2216 5605 2354 5662 εἶναι
2376 5625 2389 5640 ·
2430 5609 2524 5661 καὶ
2558 5609 2666 5681 γὰρ
2703 5613 2731 5662 6
2760 5610 2984 5672 θάνατος
3017 5610 3122 5662 τῶν
3156 5610 3462 5679 ἀδιαφόρων
3497 5606 3663 5660 ἐστίν.
3704 5602 3783 5655 06

2221 5701 2329 5771 γάρ
2369 5700 2537 5756 κακὸν
2581 5702 2609 5754 6
2651 5702 2895 5768 θάνατος,
2943 5702 3076 5754 ἀλλὰ
3129 5700 3297 5755 κακὸν
3341 5701 3400 5754 τὸ
3450 5695 3784 5753 ἀποθανόντα
