4108 6410
314 837 328 885 ὅ

357 397 451 454 201

360 530 478 567 cum
509 529 595 568 res
627 514 753 582 ipsa:
782 513 1144 567 testimonium
1168 514 1331 579 dent,
1374 530 1530 583 quam
1562 512 1934 569 ostentationis

360 606 592 675 speciem
633 606 942 660 habebunt?
988 608 1260 661 Discamus
1310 608 1467 677 igitur
1513 606 1781 676 quomodo
1830 620 1936 659 non

361 698 500 751 vivat
529 714 544 751 :
579 712 699 751 nam
728 707 782 751 ct
806 698 932 751 alibi
955 698 1121 764 dicit,
1158 697 1269 769 Ego
1297 698 1572 767 cruciﬁxus
1592 714 1702 750 sum
1728 696 1937 761 mundo,

362 799 406 840 et
442 787 563 841 mihi
600 790 817 842 mundus
859 788 1005 857 (Gal.
1030 790 1083 843 6.
1114 791 1226 857 ll).
1276 788 1555 856 Quomodo
1597 790 1758 858 igitur
1786 789 1938 852 dicit,

363 876 485 933 Non
520 880 634 949 jam
654 895 747 949 ego
793 880 923 945 vivo,
978 889 1034 935 et
1068 881 1339 949 quomodo
1382 894 1586 941 rursus,
1617 878 1748 933 Mihi
1781 880 1943 933 vivere

361 969 613 1035 Christus,
646 973 892 1024 audiatis.

448 1061 575 1116 Viue
592 1080 775 1134 genera
799 1063 1051 1134 quaedam.
1074 1092 1146 1103 —
1164 1063 1295 1116 Vita:
1324 1078 1517 1118 nomen
1542 1062 1814 1132 multiplex
1841 1071 1944 1126 ρει,

364 1155 545 1210 dilecti
577 1174 589 1206 :
623 1157 791 1219 idest,
809 1157 973 1209 multa
1002 1156 1297 1224 significat,
1330 1165 1389 1210 ut
1434 1142 1623 1209 mortis
1662 1156 1822 1209 etiam
1853 1170 1949 1208 no-

368 1262 515 1301 men.
565 1247 660 1300 Est
686 1248 789 1299 vita
819 1247 934 1301 lnec
956 1248 1227 1316 corporis;
1260 1257 1341 1300 est
1377 1247 1539 1301 etiam
1570 1246 1677 1301 vita
1702 1245 1947 1315 qmcdaui

372 1338 600 1407 peccati,
653 1339 1103 1407 quemadmodum
1150 1339 1347 1393 Paulus
1386 1339 1510 1393 alibi
1541 1338 1687 1403 dlt‘ll,
1722 1338 1781 1393 Si
1818 1342 1951 1392 enim

373 1432 559 1485 mortui
592 1449 768 1486 sumus
809 1442 1044 1501 peccato,
1090 1432 1339 1501 quomodo
1364 1432 1530 1485 adhuc
1548 1432 1764 1486 vivemus
1787 1432 1840 1485 in
1860 1430 1953 1486 illo

374 1521 547 1592 (Rom.
578 1521 632 1577 6.
661 1522 768 1591 9.)?
798 1524 889 1576 Est
914 1523 1070 1592 igitur
1089 1525 1271 1577 vivere
1309 1524 1512 1593 peccati
1546 1522 1706 1577 vitam
1742 1540 1757 1579 :
1784 1530 1956 1577 atten-

375 1614 505 1679 dite,
548 1616 795 1680 obsecro,
829 1613 1132 1685 diligenter,
1164 1631 1231 1670 ne
1261 1614 1453 1670 frustra
1486 1617 1791 1671 laboremus
1822 1633 1835 1670 :
1866 1625 1951 1671 est

376 1706 484 1758 vita
510 1715 707 1758 mterna
741 1717 795 1758 et
825 1705 1160 1766 immortalis,
1198 1720 1316 1775 qua:
1359 1706 1519 1760 etiam
1564 1706 1796 1761 caelestis
1820 1715 1902 1760 est
1936 1723 1950 1760 :

378 1797 572 1852 Nostra
596 1798 763 1859 enim,
794 1797 983 1867 inquit,
1013 1798 1325 1851 conversatio
1346 1799 1400 1852 in
1434 1799 1572 1853 aclis
1596 1809 1670 1853 est
1696 1796 1955 1868 (Philipp.

378 1899 434 1955 3.
460 1897 847 1968 20).Estetiam
872 1898 975 1950 vita
1001 1897 1262 1967 corporis,
1283 1895 1350 1950 de
1379 1912 1481 1966 qua
1506 1896 1654 1960 dicit,
1677 1894 1779 1949 Per
1796 1895 1962 1964 ipsum

379 1994 616 2059 vivimus,
640 2001 686 2045 et
718 2007 992 2056 movemur,
1021 2002 1067 2044 et
1101 2007 1271 2044 sumus
1301 1990 1433 2060 (Act.
1458 1990 1546 2043 17.
1579 1988 1694 2057 28).
1725 1987 1839 2043 Non
1868 1986 1963 2057 igi-

382 2095 469 2140 tur
497 2092 656 2153 negat
696 2082 991 2137 naturalem
1026 2096 1086 2137 se
1110 2082 1272 2134 vitam
1306 2080 1507 2144 vivere,
1554 2079 1648 2135 sed
1679 2094 1797 2134 eam
1840 2092 1959 2148 quae

385 2185 728 2243 peccatorum
772 2182 873 2235 est,
927 2188 1087 2243 quam
1131 2172 1318 2225 vivunt
1362 2185 1549 2226 omnes
1592 2170 1857 2225 homines.
1900 2168 1968 2224 Et

384 2268 579 2321 merito
610 2265 823 2336 quidem
865 2275 1041 2333 negat.
1080 2264 1208 2319 Nam
1240 2264 1330 2335 qui
1358 2265 1637 2334 prmsentis
1662 2264 1785 2318 vita:
1808 2262 1967 2332 cupi-

385 2358 486 2412 dus
519 2372 625 2410 non
656 2366 758 2421 est,
788 2356 1059 2426 quomodo
1089 2356 1226 2411 hanc
1259 2356 1428 2410 vivit?
1473 2355 1564 2426 qui
1630 2355 1695 2409 ad
1741 2354 1969 2409 alteram

387 2450 623 2514 festinat,
654 2448 923 2519 quomodo
949 2448 1089 2504 hanc
1111 2449 1237 2502 vivit
1255 2448 1278 2502 ?
1293 2449 1382 2518 qui
1410 2456 1638 2503 mortem
1656 2446 1969 2510 contemnit,

388 2549 657 2611 quomodo
682 2540 818 2595 hanc
846 2541 1008 2595 vivit?
1052 2541 1141 2610 qui
1172 2540 1303 2594 nihil
1328 2539 1484 2594 exiis
1511 2554 1631 2609 quas
1672 2539 1725 2593 in
1761 2538 1964 2594 mundo

395 2642 520 2687 sunt
557 2633 907 2702 concupiscit,
953 2633 1223 2703 quomodo
1252 2631 1388 2686 hanc
1414 2632 1582 2687 vivit?
1622 2630 1756 2686 Nam
1780 2646 1973 2702 quem-

395 2727 681 2782 admodum
708 2728 798 2796 qui
821 2742 887 2782 cx
916 2728 1199 2781 adamante
1222 2733 1453 2788 constat.
1480 2741 1550 2779 ne
1573 2725 1619 2779 si
1646 2724 1841 2779 millies
1860 2724 1979 2800 qui-

394 2820 516 2874 dem
540 2821 890 2889 percutiatur,
911 2819 1198 2889 quidquam
1226 2816 1651 2872 commovebitur
1680 2834 1694 2871 :
1725 2818 1795 2871 ita
1817 2817 1977 2871 etiam

395 2911 590 2970 Paulus
621 2930 635 2965 :
663 2910 784 2966 Vivo
813 2922 1003 2977 autem,
1030 2912 1219 2981 inquit,
1249 2925 1349 2963 non
1365 2910 1481 2979 jam
1509 2925 1621 2980 ego,
1656 2908 1709 2962 id
1734 2917 1840 2974 est,
1870 2922 1977 2961 non

393 3003 505 3073 jam
535 3013 687 3057 vetus
715 3002 876 3056 homo
908 3018 922 3055 :
954 3010 1012 3057 et
1037 3016 1223 3056 rursus
1248 3000 1413 3064 alibi,
1460 2998 1621 3053 Miser
1660 3015 1752 3070 ego
1794 2996 1982 3051 homo!

398 3096 509 3165 quis
526 3111 604 3150 me
629 3093 857 3148 liberabit
882 3109 947 3147 ea:
963 3109 1179 3163 corpore
1198 3093 1375 3147 mortis
1404 3092 1560 3162 hujus
1585 3090 1761 3162 (Rom.
1789 3091 1840 3145 7.
1862 3088 1985 3161 24)?

401 3187 477 3243 Ita
501 3187 590 3257 qui
622 3185 755 3240 nihil
779 3184 1040 3249 alimenti,
1068 3184 1201 3239 nihil
1234 3183 1459 3238 vestium
1480 3224 1496 3249 ,
1546 3182 1680 3238 nihil
1707 3181 1872 3237 ullius
1900 3179 1981 3235 rei

402 3279 682 3350 praesentis
724 3291 888 3332 causa
928 3275 1085 3353 facit,
1108 3275 1379 3346 quomodo
1424 3274 1510 3329 hic
1539 3273 1712 3329 vivit?
1739 3272 1835 3327 Hic
1865 3285 1989 3342 pro-

404 3370 544 3426 fecto
585 3385 652 3425 ne
692 3368 989 3424 naturalem
1033 3368 1251 3439 quidem
1290 3369 1452 3422 vitam
1502 3368 1683 3422 vivere
1730 3365 1989 3421 dicendus

406 3471 491 3519 est
521 3480 534 3517 :
561 3463 651 3533 qui
680 3461 811 3517 nihil
839 3475 1027 3517 eorum
1054 3477 1175 3532 qua:
1203 3460 1272 3515 ad
1300 3462 1463 3515 vitam
1494 3460 1697 3515 faciunt
1723 3469 1907 3524 curat,
1944 3458 1991 3513 is

405 3570 505 3611 nec
530 3554 681 3609 vivit.
710 3551 819 3608 Nos
846 3551 986 3607 hanc
1014 3552 1179 3607 vitam
1204 3551 1435 3605 vivimus
1455 3591 1470 3615 ,
1506 3550 1596 3620 qui
1625 3564 1721 3619 pro
1752 3548 1851 3603 hac
1875 3564 1993 3603 om-

407 3648 493 3703 nia
520 3646 785 3710 facimus;
814 3645 904 3700 ille
943 3659 1071 3700 vero
1115 3659 1221 3698 non
1276 3642 1509 3708 vivebat,
1538 3656 1711 3710 neque
1743 3641 1795 3694 in
1833 3641 1993 3695 rebus

408 3740 531 3793 ullis
573 3736 918 3792 inferioribus
968 3735 1303 3791 versabatur.
1349 3734 1629 3802 Quomodo
1662 3733 1822 3804 igitur
1849 3733 1991 3788 vive-

408 3829 543 3885 bat?
571 3828 646 3884 ιω
665 3829 827 3885 etiam
861 3826 932 3882 de
957 3826 1278 3898 quibusdam
1307 3825 1559 3891 dicimus,
1588 3825 1683 3880 llle
1715 3824 1845 3879 mihi
1887 3840 1993 3879 non

410 3924 601 3987 adest;
644 3922 733 3977 ubi
779 3920 913 3976 nihil
956 3928 1119 3991 agat,
1168 3919 1312 3990 quod
1350 3920 1415 3974 ad
1467 3936 1552 3975 me
1595 3919 1995 3989 pertineat:ita

410 4017 570 4073 etiam
592 4029 797 4081 rursus,
832 4014 928 4070 llle
953 4014 1083 4069 mihi
1115 4028 1222 4068 non
1253 4013 1403 4067 vivit.
1429 4011 1581 4081 Quod
1611 4014 1752 4067 enim
1783 4020 1998 4066 natura-

413 4112 517 4162 lem
547 4108 687 4162 hanc
716 4108 879 4162 vitam
908 4121 1017 4162 non
1048 4106 1279 4177 rejiciat,
1316 4105 1443 4160 alibi
1484 4105 1567 4160 his
1610 4105 1785 4160 verbis
1811 4116 1997 4159 osten-

412 4200 493 4254 dit
520 4216 533 4253 :
571 4199 719 4267 Quod
745 4204 911 4253 autem
938 4215 1072 4252 nunc
1098 4199 1207 4252 vivo
1234 4199 1288 4251 in
1312 4213 1484 4262 carne,
1529 4198 1583 4251 in
1609 4197 1712 4266 ﬁde
1738 4198 1846 4252 vivo
1873 4196 2000 4250 Filii

416 4291 543 4357 Dei,
589 4291 677 4361 qui
718 4290 895 4345 dilexit
924 4307 1002 4344 me
1021 4329 1037 4356 ,
1064 4300 1112 4345 et
1140 4289 1350 4344 tradidit
1373 4291 1594 4360 seipsum
1623 4307 1715 4361 pro
1740 4306 1819 4345 me
1854 4290 1997 4361 (Gul.

414 4383 452 4443 2
492 4381 612 4452 20).
648 4381 702 4436 ld
728 4390 844 4449 est,
876 4396 1071 4436 novam
1098 4381 1383 4453 quamdam
1415 4384 1576 4437 vitam
1603 4384 1722 4437 vivo
1748 4392 1907 4453 atque
1932 4383 2001 4439 ab

419 4477 609 4531 usitata
634 4475 922 4530 diversam.

487 4569 541 4624 5.
570 4567 704 4623 Haec
730 4583 859 4623 sane
901 4568 1079 4622 omnia
1108 4567 1176 4622 ad
1210 4568 1630 4639 Philippeusium
1675 4570 2002 4625 consolatio-

420 4676 542 4714 nem
560 4659 709 4714 dicit.
737 4658 815 4715 Ne
836 4659 1053 4729 putetis,
1085 4660 1274 4729 inquit,
1295 4661 1409 4717 fore
1430 4662 1608 4716 uthac
1631 4662 1737 4716 vita
1760 4662 1959 4732 spolier
1982 4678 1999 4719 :

423 4750 857 4821 quandoquidem
873 4766 940 4805 ne
961 4750 1144 4805 vivens
1157 4750 1373 4820 quidem
1400 4752 1538 4807 hanc
1553 4753 1795 4807 vivebam
1816 4752 2000 4820 vitam,

420 4842 517 4899 sed
545 4844 712 4909 illam,
737 4859 896 4913 quam
912 4844 1125 4899 volebat
1150 4844 1418 4900 Christus.
1450 4846 1547 4901 Dic
1571 4847 1713 4901 enim
1735 4847 1887 4911 mihi,
1910 4846 2005 4917 qui

423 4936 676 5007 pecunias
705 4937 1025 5002 contemnit,
1056 4938 1146 5007 qui
1173 4938 1374 5006 cibum,
1404 4938 1493 5009 qui
1521 4938 1722 4994 famem
1748 4948 1803 4994 et
1827 4940 1998 5007 sitim,

422 5028 511 5096 qui
542 5027 799 5097 pericula,
829 5030 921 5097 qui
951 5028 1258 5095 sanitatem,
1290 5031 1379 5098 qui
1426 5030 1654 5086 salutem
1680 5045 1695 5095 ;
1724 5031 1841 5086 isne
1866 5030 2007 5086 hanc

424 5119 587 5174 vitam
619 5120 791 5175 vivit?
817 5122 910 5191 qui
938 5121 1071 5175 nihil
1100 5122 1154 5175 in
1187 5123 1346 5177 terris
1375 5123 1560 5189 habet,
1583 5124 1674 5193 qui
1704 5139 1849 5194 saepe
1876 5140 2003 5195 pro-

427 5210 652 5267 tundere
692 5212 862 5281 ipsam
887 5212 1076 5283 cupit,
1106 5213 1150 5267 si
1178 5228 1313 5283 opus
1337 5215 1445 5283 sit,
1478 5231 1650 5285 neque
1676 5216 2004 5283 reluctatur;

424 5304 541 5357 isne
572 5302 712 5358 banc
755 5305 886 5359 vivit
913 5304 1117 5361 vitam?
1144 5303 1484 5376 Neutiquam.
1525 5306 1634 5363 Sed
1677 5307 1818 5363 istud
1853 5308 2009 5365 vobis

424 5394 578 5464 quasi
614 5396 860 5464 exemplo
887 5395 1118 5465 quodam
1173 5397 1512 5469 perspicuum
1567 5397 1866 5455 faciendum
1901 5410 2006 5455 est.

428 5484 559 5540 Esto
596 5487 861 5557 quispiam
906 5486 1108 5544 divitiis
1146 5488 1351 5555 multis,
1394 5489 1626 5558 t‘amulis,
1662 5506 1793 5546 auro
1837 5492 2009 5547 abun-

427 5574 565 5631 dans
589 5593 605 5641 ;
638 5578 782 5633 nulla
811 5591 989 5635 autem
1021 5580 1208 5636 barum
1235 5597 1415 5637 rerum
1444 5592 1622 5637 utatur
1651 5602 1663 5637 :
1698 5600 1824 5639 num
1858 5584 1903 5639 is
1932 5585 2011 5639 dio

428 5667 573 5723 vitiis
602 5669 721 5726 istis
760 5670 912 5727 dives
935 5673 1078 5729 erit?
1108 5673 1345 5729 Minime.
1392 5674 1499 5730 Sed
1538 5675 1716 5731 videat
1755 5685 2009 5746 praeterea

431 5757 569 5813 bona
598 5775 630 5815 a
657 5761 784 5819 liliis
810 5762 1061 5835 dissipari
1087 5773 1293 5822 temere
1316 5765 1884 5835 circumcursantibus,
1912 5785 2013 5825 nec

430 5850 719 5924 quidquam
761 5865 951 5925 curet;
996 5854 1134 5914 adde
1170 5857 1402 5915 etiamsi
1431 5858 1510 5915 vis
1535 5898 1550 5926 ,
1580 5872 1865 5930 percussus
1904 5874 2012 5917 non

1273 400 1339 455 IN
1378 399 1594 456 EPIST.
1640 399 1729 452 AD
1768 395 2048 452 PlllLlPP.
2091 397 2246 451 CAP.
2288 396 2326 449 l.
2371 395 2603 452 IlOMlL.
2646 397 2730 454 Ill.

3513 396 3619 453 903

2044 510 2221 567 doleat
2241 529 2253 564 :
2277 526 2341 565 an
2363 510 2504 567 hunc
2524 512 2764 566 dicemus
2782 510 2833 564 in
2862 509 3060 565 divitiis
3074 510 3234 565 esse?
3256 509 3623 582 Nequaquam,

2048 604 2255 657 tametsi
2287 604 2455 673 ipsius
2480 612 2604 657 sunt
2624 602 2841 657 divitia}.
2864 600 2947 658 Ad
2974 602 3115 656 hunc
3141 602 3301 657 etiam
3328 603 3543 657 modum
3566 620 3628 660 se

2046 692 2275 748 habebat
2296 695 2511 749 Paulus:
2534 694 2685 761 Mihi,
2705 694 2896 764 inquit,
2918 694 3081 748 vivere
3098 693 3352 749 Christus.
3370 694 3425 750 Si
3447 710 3626 751 meam

2048 784 2181 839 velis
2208 785 2476 855 vestigare
2502 785 2696 848 vitam,
2727 785 2818 839 ille
2862 784 2993 839 mihi
3019 792 3120 839 est.
3152 781 3222 838 Et
3250 785 3379 838 mori
3408 784 3629 840 lucrum.

2047 878 2199 933 Cur?
2225 878 2489 948 Quoniam
2529 870 2703 949 major
2728 877 2860 933 mihi
2883 862 3031 933 illius
3056 879 3243 933 notitia
3274 878 3401 942 erit,
3427 886 3483 934 et
3510 893 3631 933 eum

2051 972 2166 1041 ipso
2184 971 2642 1039 versabor.Quare
2658 972 2760 1028 hoc
2775 972 2905 1027 nihil
2920 971 3062 1027 aliud
3075 960 3330 1042 estquam
3348 962 3635 1027 morierido

2050 1064 2117 1119 ad
2144 1066 2303 1119 vitam
2337 1066 2649 1135 pervenire?
2670 1066 2812 1122 Nihil
2837 1066 2966 1121 mihi
2990 1065 3178 1121 durius
3208 1064 3402 1121 facient
3423 1065 3520 1136 qui
3552 1066 3634 1120 in-

2056 1155 2382 1225 terfecerint,
2408 1157 2473 1211 ad
2501 1172 2672 1213 meam
2702 1172 2789 1213 me
2825 1159 3131 1213 emittentes
3159 1157 3340 1223 vitam,
3371 1166 3425 1211 et
3449 1156 3518 1211 ab
3537 1155 3638 1211 hac

2054 1263 2172 1318 qum
2190 1247 2317 1303 mihi
2341 1257 2459 1320 apta
2482 1266 2588 1305 non
2608 1260 2692 1305 est
2706 1249 3015 1305 liherantes.
3035 1250 3169 1318 Quid
3192 1250 3351 1321 igitur
3369 1249 3533 1305 ?dum
3553 1249 3639 1304 hie

2055 1355 2134 1406 es,
2157 1340 2355 1396 Christi
2382 1357 2489 1396 non
2515 1343 2661 1397 eris?
2678 1342 2746 1398 Et
2772 1343 2927 1399 valde
2951 1343 3190 1414 quidem.
3210 1342 3301 1397 22.
3324 1344 3475 1409 Quod
3502 1343 3546 1397 si
3566 1344 3642 1397 si-

2057 1449 2169 1488 vere
2189 1435 2241 1487 in
2262 1451 2433 1499 carne,
2457 1436 2551 1489 hoc
2573 1437 2697 1490 mihi
2723 1438 2917 1508 fructus
2940 1437 3105 1505 operis
3121 1447 3213 1501 est,
3242 1448 3290 1492 et
3313 1437 3436 1508 quid
3456 1438 3641 1509 eligam

2060 1528 2257 1597 ignoro.
2286 1526 2363 1583 Ne
2382 1530 2500 1598 quis
2521 1528 2695 1583 dicat:
2718 1528 2775 1584 Si
2802 1530 2961 1599 igitur
2977 1530 3107 1584 illud
3138 1532 3369 1617 estvita,
3388 1530 3645 1587 curChri-

2061 1629 2177 1672 stus
2204 1618 2291 1673 hic
2318 1628 2369 1674 te
2398 1634 2617 1676 manere
2644 1621 2814 1675 sinit?
2845 1619 3090 1685 Fructus,
3121 1621 3292 1692 inquit
3313 1663 3327 1686 ,
3356 1623 3522 1692 operis
3547 1631 3640 1677 est.

2062 1710 2419 1777 Quamobrem
2443 1711 2567 1766 licet
2586 1712 2837 1781 praesenti
2855 1714 3016 1767 etiam
3042 1712 3150 1767 vita
3166 1729 3253 1778 eo,
3278 1728 3385 1784 quo
3406 1722 3643 1786 oportet,

2064 1802 2225 1857 modo
2264 1803 2339 1858 uti
2362 1843 2378 1869 ,
2410 1803 2456 1858 si
2484 1804 2652 1874 ipsam
2681 1804 2899 1859 minime
2931 1803 3173 1859 vivamus
3201 1820 3266 1860 eo
3306 1805 3466 1859 modo
3489 1846 3507 1872 ,
3536 1820 3646 1875 quo

2066 1894 2256 1965 vulgus
2277 1894 2427 1949 vivit.
2450 1895 2562 1952 Hoc
2586 1895 2706 1951 ideo
2723 1896 2869 1961 dicit,
2890 1912 2959 1951 ne
2986 1905 3139 1966 putes
3165 1896 3330 1951 vitam
3352 1897 3521 1967 ipsam
3541 1896 3647 1952 cri-

2068 1987 2197 2041 mini
2227 1986 2376 2052 dari;
2399 2002 2572 2058 neque
2600 1988 2768 2054 dicas,
2785 1989 2841 2045 Si
2869 1988 3029 2059 igitur
3050 1988 3137 2044 hic
3157 1988 3300 2043 nulla
3326 1989 3480 2045 nobis
3503 2004 3654 2045 com-

2071 2089 2286 2147 paratur
2313 2079 2536 2147 utilitas,
2554 2080 2680 2150 quid
2698 2090 2781 2136 est
2803 2096 2899 2136 cur
2915 2096 3013 2137 nos
3032 2097 3137 2136 non
3153 2096 3185 2137 e
3204 2081 3384 2138 medio
3402 2082 3651 2138 tollamus

2070 2180 2127 2225 et
2153 2169 2459 2225 occidanius
2479 2172 2502 2225 ?
2521 2171 2862 2243 Neutiquam,
2882 2173 3054 2244 inquit
3078 2192 3092 2229 :
3119 2174 3246 2229 licet
3264 2188 3330 2229 ex
3358 2172 3461 2229 hac
3488 2174 3649 2229 etiam

2074 2261 2349 2316 mansione
2379 2263 2585 2317 lucrum
2608 2273 2905 2332 reportare,
2936 2265 2983 2320 si
3014 2266 3152 2319 hanc
3174 2265 3340 2319 vitam
3371 2279 3476 2319 non
3503 2264 3653 2319 viva-

2072 2368 2218 2420 mus,
2248 2353 2340 2408 sed
2370 2353 2616 2409 alteram.
2649 2354 2754 2411 Sed
2776 2356 3039 2426 quispiam
3069 2354 3299 2411 fortasse
3320 2356 3613 2424 intersoget
3639 2371 3657 2411 :

2076 2444 2263 2501 llocne
2295 2446 2387 2501 tibi
2429 2446 2654 2502 fructum
2686 2447 2889 2503 all‘ert?
2918 2448 3077 2505 Certe
3098 2488 3113 2515 ,
3154 2450 3347 2519 inquit.
3389 2448 3489 2506 Ubi
3520 2463 3661 2505 nunc

2078 2534 2313 2592 haeretici
2336 2539 2359 2590 ‘l
2390 2537 2517 2593 Vide
2544 2554 2684 2594 nunc
2711 2580 2728 2606 ,
2768 2537 2943 2594 Vivere
2965 2540 3019 2593 in
3042 2556 3197 2595 carne
3220 2579 3236 2605 ,
3270 2540 3375 2595 hoc
3395 2539 3525 2596 dicit
3552 2540 3663 2595 fru-

2079 2633 2222 2681 ctum
2240 2627 2451 2696 operis:
2480 2628 2660 2699 aperis
2679 2629 2821 2684 enim
2850 2639 2955 2685 est.
2987 2628 3269 2697 Quomodo
3297 2630 3502 2687 fructus
3530 2644 3665 2699 ope-

2081 2718 2193 2773 ris?
2217 2718 2363 2784 Quod
2383 2729 2550 2773 autem
2570 2737 2705 2775 nunc
2729 2722 2837 2776 vivo
2866 2722 2921 2776 in
2953 2738 3104 2776 carne
3127 2764 3142 2787 ,
3165 2725 3217 2777 in
3245 2723 3347 2791 ﬁde
3372 2723 3501 2778 vivo.
3530 2722 3667 2778 llinc

2092 2809 2296 2864 fructus
2322 2812 2521 2881 operis.
2547 2811 2613 2866 Et
2636 2813 2758 2883 quid
2777 2814 2960 2884 eligam
2984 2815 3183 2886 ignaro.

2161 2903 2315 2959 Pauli
2344 2905 2691 2977 philosOphia.
2736 2936 2809 2947 -—
2835 2907 2994 2977 Papae
3024 2908 3037 2961 !
3082 2915 3279 2979 quanta
3307 2916 3392 2964 est
3423 2907 3669 2979 philoso-

2088 2994 2245 3065 phia!
2293 2995 2571 3063 Quomodo
2602 2998 2879 3067 praesentis
2908 3001 3032 3056 vita:
3057 2999 3403 3071 cupiditatem
3447 2999 3668 3070 abiece-

2088 3096 2207 3153 rat,
2236 3104 2336 3144 nec
2367 3098 2541 3145 tamen
2571 3091 2714 3145 illam
2738 3091 3161 3147 criminabatur?
3185 3108 3305 3147 nam
3333 3092 3417 3147 his
3454 3092 3672 3163 quidem

2050 3166 2291 3247 'verbis,
2338 3182 2473 3237 Mori
2529 3182 2746 3250 lucrum,
2796 3183 3143 3253 cupiditatem
3192 3183 3513 3254 abjiciebat;
3565 3184 3674 3240 illis

2091 3287 2240 3339 vero,
2280 3272 2452 3327 Vivere
2481 3274 2533 3327 in
2558 3291 2710 3329 carne
2734 3276 2929 3345 [metus
2949 3278 3139 3345 aperis,
3168 3275 3404 3332 ostendit
3430 3290 3673 3345 praesen-

2093 3374 2201 3422 tem
2231 3382 2444 3437 quoque
2470 3368 2631 3422 vitam
2678 3383 2799 3425 esse
2837 3369 3215 3425 necessarium.
3267 3369 3590 3437 Quomodo?
3617 3370 3676 3428 Si

2094 3460 2208 3529 ipsa
2239 3470 2296 3513 ut
2325 3468 2538 3529 oportet
2562 3470 2797 3525 utamur,
2827 3462 2872 3516 si
2900 3461 3132 3517 fructum
3164 3461 3399 3520 feramus
3428 3480 3441 3515 :
3474 3463 3673 3519 etenim

2095 3554 2139 3605 si
2164 3551 2493 3607 infructuosa
2523 3552 2633 3618 sit,
2668 3568 2841 3622 neque
2870 3554 2979 3608 vita
3029 3553 3261 3623 amplius
3298 3562 3401 3609 est.
3443 3552 3579 3609 Nam
3623 3563 3680 3611 et

2096 3643 2318 3699 arbores
2346 3659 2464 3714 qua:
2490 3643 2723 3699 fructum
2756 3662 2861 3700 non
2893 3645 3094 3713 ferunt,
3121 3646 3344 3715 perinde
3372 3657 3535 3718 atque
3562 3648 3675 3702 ari-

2096 3733 2193 3790 das
2218 3749 2532 3790 aversamur
2556 3746 2611 3791 et
2640 3736 2692 3791 in
2724 3736 2899 3807 ignem
2928 3738 3267 3808 conjicimus.
3292 3739 3503 3795 Rursus
3531 3741 3679 3796 enim

2102 3828 2203 3880 vita
2234 3838 2316 3882 est
2342 3843 2407 3883 ex
2440 3844 2625 3884 earum
2673 3844 2854 3885 rerum
2883 3846 3109 3887 numero
3128 3873 3146 3900 ,
3186 3848 3309 3903 qua:
3337 3832 3529 3888 medias
3557 3842 3684 3889 sunt

2100 3929 2155 3974 et
2177 3919 2539 3977 indifferentes
2564 3939 2579 3987 ;
2609 3922 2747 3978 bene
2771 3931 2949 3979 autem
2979 3924 3060 3980 vel
3092 3926 3230 3981 male
3255 3928 3437 3982 vivere
3464 3968 3478 3993 ,
3502 3927 3555 3982 in
3579 3942 3681 3981 no-

2101 4009 2184 4065 bis
2221 4020 2305 4065 est
2349 4012 2534 4066 situm.
2580 4012 2747 4083 Igitur
2790 4030 2857 4070 ne
2884 4015 3162 4086 diSpliceat
3207 4017 3314 4073 vita
3362 4035 3526 4073 :nam
3556 4019 3684 4075 licet

2102 4101 2262 4156 etiam
2311 4101 2538 4159 honeste
2586 4105 2766 4160 vivere
2816 4122 2831 4159 :
2877 4107 2923 4161 si
2969 4107 3110 4163 male
3158 4109 3262 4163 vita
3294 4119 3538 4176 utamur,
3573 4128 3682 4167 non

2102 4194 2263 4247 etiam
2301 4203 2581 4264 prepterea
2629 4196 2797 4266 ipsam
2841 4211 3096 4253 accusare
3123 4198 3436 4255 debeamus.
3465 4201 3685 4267 Quare?

2104 4284 2365 4352 Quoniam
2394 4303 2499 4341 non
2533 4288 2647 4357 ipsa
2673 4302 2834 4343 mulsa
2869 4289 2987 4356 fuit,
3014 4290 3109 4345 sed
3138 4290 3331 4347 electio
3357 4307 3567 4359 eorum,
3595 4295 3689 4364 qui

2106 4375 2245 4432 male
2278 4376 2392 4446 ipsa
2429 4387 2554 4433 sunt
2584 4379 2684 4433 usi.
2713 4379 2847 4434 Nam
2876 4380 3016 4436 Deus
3042 4382 3256 4451 quidem
3285 4382 3405 4438 ideo
3430 4392 3481 4439 te
3510 4384 3691 4446 vivere

2106 4470 2393 4534 concessit,
2428 4478 2486 4523 ut
2514 4470 2617 4540 ipsi
2647 4470 2790 4526 vivas
2824 4488 2838 4526 :
2869 4481 2923 4527 tu
2953 4487 3081 4528 vero
3110 4484 3326 4543 propter
3342 4474 3688 4532 vitiositatem

2109 4572 2332 4629 peccato
2354 4561 2559 4626 vivens,
2590 4576 2805 4617 omnem
2824 4561 2877 4617 iu
2909 4572 2958 4619 te
2989 4564 3196 4621 haerere
3220 4565 3433 4636 culpant
3450 4568 3687 4624 voluisti.

2108 4652 2243 4720 Quid
2261 4654 2360 4719 ais,
2380 4669 2583 4723 qumso,
2606 4655 2806 4710 Paule?
2825 4657 3036 4727 ignoras
3059 4658 3186 4728 quid
3213 4660 3413 4731 eligas?
3439 4661 3550 4718 lloc
3574 4663 3692 4719 loco

2109 4760 2358 4814 magnum
2386 4745 2984 4818 patefecitmysterium,
3014 4765 3205 4821 nempe
3226 4750 3419 4807 factam
3441 4753 3544 4810 sibi
3572 4770 3693 4811 esse

2111 4844 2428 4904 potestatem
2475 4837 2767 4893 decedendi
2801 4854 2815 4892 :
2858 4840 3071 4909 quando
3101 4841 3243 4896 enim
3276 4843 3431 4899 nobis
3460 4845 3693 4915 eligendi

2110 4927 2262 4997 copia
2279 4926 2455 4994 datur,
2474 4916 2792 4998 potestatem
2811 4929 3089 4987 habemus.
3106 4932 3244 5002 Quid
3265 4936 3473 5005 eligam,
3497 4936 3689 5007 inquit,

2110 5018 2310 5087 ignoro.
2335 5018 2478 5091 Ergo
2504 5020 2559 5074 in
2587 5030 2639 5077 te
2663 5021 2825 5077 situm
2851 5021 2977 5077 est?
3005 5022 3187 5091 Certe,
3212 5024 3417 5096 inquit,
3450 5026 3496 5081 si
3525 5041 3557 5081 a
3586 5028 3697 5084 Deo

2114 5109 2252 5166 hanc
2280 5112 2551 5182 postulare
2588 5113 2814 5184 gratiam
2856 5115 3097 5171 voluero.
3125 5115 3217 5171 25.
3246 5116 3489 5173 Coarctor
3512 5120 3647 5173 enim

2115 5203 2331 5271 duobus,
2354 5205 2655 5262 desiderium
2676 5207 2884 5263 habens.
2907 5209 3140 5265 Attende
3169 5211 3311 5267 beati
3336 5210 3501 5281 hujus
3523 5220 3701 5281 pater-

2115 5312 2243 5351 num
2269 5296 2517 5353 allectum
2548 5316 2561 5352 :
2592 5298 2693 5355 hac
2720 5299 2880 5355 etiam
2909 5302 3119 5357 ratione
3159 5302 3305 5373 ipsos
3346 5302 3658 5359 consolatur
3680 5345 3698 5373 ,

2116 5389 2204 5445 ubi
2233 5390 2595 5448 intellexerint
2639 5392 2692 5449 id
2721 5394 2774 5449 in
2823 5395 2994 5465 ipsius
3033 5397 3312 5451 voluntate
3357 5398 3518 5452 situm
3550 5413 3695 5468 esse,

2117 5499 2292 5553 neque
2321 5486 2390 5541 ab
2410 5484 2688 5541 hominum
2713 5487 3077 5558 improbitate,
3104 5491 3197 5545 sed
3226 5506 3258 5544 a
3284 5490 3379 5545 Dei
3412 5492 3700 5561 providens

2120 5579 2188 5631 tia
2215 5580 2499 5649 proﬁcisci.
2525 5581 2633 5637 Cur
2658 5597 2806 5653 ergo,
2832 5582 3027 5654 inquit,
3051 5597 3198 5638 mors
3226 5582 3380 5639 vobis
3402 5599 3693 5642 maerorem

2118 5670 2313 5727 affert?
2367 5673 2537 5728 multo
2575 5675 2744 5730 satius
2782 5685 2900 5731 erat
2954 5676 3275 5746 jampridem
3324 5675 3625 5739 decessisse
3681 5692 3702 5733 ι

2118 5762 2340 5820 Dissolvi
2370 5767 2531 5833 enim,
2566 5768 2752 5838 inquit,
2769 5777 2815 5821 et
2832 5785 2937 5822 esse
2959 5784 3075 5821 cum
3104 5767 3302 5823 Christo
3330 5768 3488 5824 multo
3504 5769 3705 5836 melius;

2122 5856 2213 5914 9.4.
2242 5874 2444 5915 inanere
2489 5870 2654 5915 autem
2675 5862 2725 5916 in
2750 5878 2902 5917 carne
2928 5864 3088 5933 magis
3130 5865 3464 5919 necessarium
3504 5872 3712 5936 propter
