  <div class='ocr_page' id='page_1' title='image "/cluster/home/n/w/nwhite01/storage/ocr_20150623/62/nnc1.0046979654/209.png"; bbox 0 0 4108 6410; ppageno 0'>
   <div class='ocr_carea' id='block_1_1' title="bbox 422 349 529 405">
    <p class='ocr_par' dir='ltr' id='par_1_1' title="bbox 422 349 529 405">
     <span class='ocr_line' id='line_1_1' title="bbox 422 349 529 405; baseline 0.019 -2"><span class='ocrx_word' id='word_1_1' title='bbox 422 349 529 405; x_wconf 80' lang='lat'><strong>205</strong></span> 
     </span>
    </p>
   </div>
   <div class='ocr_carea' id='block_1_2' title="bbox 426 458 2002 529">
    <p class='ocr_par' dir='ltr' id='par_1_2' title="bbox 426 458 2002 529">
     <span class='ocr_line' id='line_1_2' title="bbox 426 458 2002 529; baseline -0.001 -14"><span class='ocrx_word' id='word_1_2' title='bbox 426 479 532 515; x_wconf 79' lang='lat' dir='ltr'><strong>vos.</strong></span> <span class='ocrx_word' id='word_1_3' title='bbox 570 459 690 514; x_wconf 85' lang='lat' dir='ltr'><strong>llaec</strong></span> <span class='ocrx_word' id='word_1_4' title='bbox 719 458 1088 529; x_wconf 78' lang='lat' dir='ltr'><strong>praeparabant</strong></span> <span class='ocrx_word' id='word_1_5' title='bbox 1108 458 1173 513; x_wconf 90' lang='lat' dir='ltr'><strong>ad</strong></span> <span class='ocrx_word' id='word_1_6' title='bbox 1206 458 1435 513; x_wconf 89' lang='lat' dir='ltr'><strong>futuram</strong></span> <span class='ocrx_word' id='word_1_7' title='bbox 1460 460 1625 529; x_wconf 82' lang='lat' dir='ltr'><strong>ipsius</strong></span> <span class='ocrx_word' id='word_1_8' title='bbox 1651 468 1875 513; x_wconf 85' lang='lat' dir='ltr'><strong>mortem</strong></span> <span class='ocrx_word' id='word_1_9' title='bbox 1907 474 2002 527; x_wconf 83' lang='lat' dir='ltr'><strong>ge-</strong></span> 
     </span>
    </p>
   </div>
   <div class='ocr_carea' id='block_1_3' title="bbox 427 552 2011 622">
    <p class='ocr_par' dir='ltr' id='par_1_3' title="bbox 427 552 2011 622">
     <span class='ocr_line' id='line_1_3' title="bbox 427 552 2011 622; baseline -0.003 -13"><span class='ocrx_word' id='word_1_10' title='bbox 427 569 619 610; x_wconf 89' lang='lat' dir='ltr'><strong>nerose</strong></span> <span class='ocrx_word' id='word_1_11' title='bbox 663 553 934 608; x_wconf 89' lang='lat' dir='ltr'><strong>ferendam</strong></span> <span class='ocrx_word' id='word_1_12' title='bbox 971 572 983 606; x_wconf 93' lang='lat'><strong>:</strong></span> <span class='ocrx_word' id='word_1_13' title='bbox 1017 554 1131 607; x_wconf 62' lang='lat' dir='ltr'><strong>haec</strong></span> <span class='ocrx_word' id='word_1_14' title='bbox 1164 552 1562 622; x_wconf 85' lang='lat' dir='ltr'><strong>philosophiam</strong></span> <span class='ocrx_word' id='word_1_15' title='bbox 1594 553 1878 607; x_wconf 85' lang='lat' dir='ltr'><strong>docebant.</strong></span> <span class='ocrx_word' id='word_1_16' title='bbox 1909 552 2011 605; x_wconf 90' lang='lat' dir='ltr'><strong>Bo-</strong></span> 
     </span>
    </p>
   </div>
   <div class='ocr_carea' id='block_1_4' title="bbox 427 643 2008 715">
    <p class='ocr_par' dir='ltr' id='par_1_4' title="bbox 427 643 2008 715">
     <span class='ocr_line' id='line_1_4' title="bbox 427 643 2008 715; baseline -0.003 -15"><span class='ocrx_word' id='word_1_17' title='bbox 427 662 573 711; x_wconf 90' lang='lat' dir='ltr'><strong>num,</strong></span> <span class='ocrx_word' id='word_1_18' title='bbox 606 646 795 715; x_wconf 86' lang='lat' dir='ltr'><strong>inquit,</strong></span> <span class='ocrx_word' id='word_1_19' title='bbox 827 657 910 699; x_wconf 90' lang='lat' dir='ltr'><strong>est</strong></span> <span class='ocrx_word' id='word_1_20' title='bbox 938 644 1178 708; x_wconf 87' lang='lat' dir='ltr'><strong>dissolvi.</strong></span> <span class='ocrx_word' id='word_1_21' title='bbox 1212 653 1269 699; x_wconf 90' lang='lat' dir='ltr'><strong>et</strong></span> <span class='ocrx_word' id='word_1_22' title='bbox 1293 658 1412 698; x_wconf 91' lang='lat' dir='ltr'><strong>esse</strong></span> <span class='ocrx_word' id='word_1_23' title='bbox 1438 658 1560 697; x_wconf 91' lang='lat' dir='ltr'><strong>cum</strong></span> <span class='ocrx_word' id='word_1_24' title='bbox 1590 643 1806 697; x_wconf 90' lang='lat' dir='ltr'><strong>Christo</strong></span> <span class='ocrx_word' id='word_1_25' title='bbox 1841 661 1854 696; x_wconf 92' lang='lat'>:</span> <span class='ocrx_word' id='word_1_26' title='bbox 1889 657 2008 697; x_wconf 91' lang='lat' dir='ltr'><strong>nam</strong></span> 
     </span>
    </p>
   </div>
   <div class='ocr_carea' id='block_1_5' title="bbox 424 735 2000 807">
    <p class='ocr_par' dir='ltr' id='par_1_5' title="bbox 424 735 2000 807">
     <span class='ocr_line' id='line_1_5' title="bbox 424 735 2000 807; baseline -0.003 -16"><span class='ocrx_word' id='word_1_27' title='bbox 424 752 481 791; x_wconf 92' lang='lat' dir='ltr'><strong>et</strong></span> <span class='ocrx_word' id='word_1_28' title='bbox 530 739 641 807; x_wconf 91' lang='lat' dir='ltr'><strong>ipsa</strong></span> <span class='ocrx_word' id='word_1_29' title='bbox 678 753 823 791; x_wconf 91' lang='lat' dir='ltr'><strong>mors</strong></span> <span class='ocrx_word' id='word_1_30' title='bbox 868 738 921 792; x_wconf 92' lang='lat' dir='ltr'><strong>in</strong></span> <span class='ocrx_word' id='word_1_31' title='bbox 967 750 1191 791; x_wconf 87' lang='lat' dir='ltr'><strong>numero</strong></span> <span class='ocrx_word' id='word_1_32' title='bbox 1233 750 1411 791; x_wconf 81' lang='lat' dir='ltr'><strong>rerum</strong></span> <span class='ocrx_word' id='word_1_33' title='bbox 1451 735 1867 791; x_wconf 77' lang='lat' dir='ltr'><strong>indiﬁerentium</strong></span> <span class='ocrx_word' id='word_1_34' title='bbox 1901 745 2000 790; x_wconf 91' lang='lat' dir='ltr'><strong>est.</strong></span> 
     </span>
    </p>
   </div>
   <div class='ocr_carea' id='block_1_6' title="bbox 426 829 2007 899">
    <p class='ocr_par' dir='ltr' id='par_1_6' title="bbox 426 829 2007 899">
     <span class='ocr_line' id='line_1_6' title="bbox 426 829 2007 899; baseline 0 -17"><span class='ocrx_word' id='word_1_35' title='bbox 426 829 538 889; x_wconf 86' lang='lat' dir='ltr'><strong>Non</strong></span> <span class='ocrx_word' id='word_1_36' title='bbox 566 829 707 884; x_wconf 89' lang='lat' dir='ltr'><strong>enim</strong></span> <span class='ocrx_word' id='word_1_37' title='bbox 740 844 886 883; x_wconf 91' lang='lat' dir='ltr'><strong>mors</strong></span> <span class='ocrx_word' id='word_1_38' title='bbox 910 830 1108 883; x_wconf 86' lang='lat' dir='ltr'><strong>malum</strong></span> <span class='ocrx_word' id='word_1_39' title='bbox 1142 838 1243 892; x_wconf 88' lang='lat' dir='ltr'><strong>est,</strong></span> <span class='ocrx_word' id='word_1_40' title='bbox 1269 829 1365 883; x_wconf 88' lang='lat' dir='ltr'><strong>sed</strong></span> <span class='ocrx_word' id='word_1_41' title='bbox 1396 837 1514 899; x_wconf 83' lang='lat' dir='ltr'><strong>post</strong></span> <span class='ocrx_word' id='word_1_42' title='bbox 1557 838 1783 883; x_wconf 91' lang='lat' dir='ltr'><strong>mortem</strong></span> <span class='ocrx_word' id='word_1_43' title='bbox 1818 843 2007 898; x_wconf 80' lang='lat' dir='ltr'><strong>poenas</strong></span> 
     </span>
    </p>
   </div>
   <div class='ocr_carea' id='block_1_7' title="bbox 424 908 2003 992">
    <p class='ocr_par' dir='ltr' id='par_1_7' title="bbox 424 908 2003 992">
     <span class='ocr_line' id='line_1_7' title="bbox 424 908 2003 992; baseline -0.001 -19"><span class='ocrx_word' id='word_1_44' title='bbox 424 925 572 990; x_wconf 82' lang='lat' dir='ltr'><strong>dare,</strong></span> <span class='ocrx_word' id='word_1_45' title='bbox 602 922 706 976; x_wconf 92' lang='lat' dir='ltr'><strong>hoc</strong></span> <span class='ocrx_word' id='word_1_46' title='bbox 733 908 930 977; x_wconf 77' lang='lat' dir='ltr'><strong>malum</strong></span> <span class='ocrx_word' id='word_1_47' title='bbox 960 933 1043 977; x_wconf 92' lang='lat' dir='ltr'><strong>est</strong></span> <span class='ocrx_word' id='word_1_48' title='bbox 1068 964 1082 987; x_wconf 92' lang='lat'><strong>,</strong></span> <span class='ocrx_word' id='word_1_49' title='bbox 1115 937 1285 992; x_wconf 89' lang='lat' dir='ltr'><strong>neque</strong></span> <span class='ocrx_word' id='word_1_50' title='bbox 1313 923 1471 976; x_wconf 90' lang='lat' dir='ltr'><strong>etiam</strong></span> <span class='ocrx_word' id='word_1_51' title='bbox 1504 922 1701 976; x_wconf 90' lang='lat' dir='ltr'><strong>bonum</strong></span> <span class='ocrx_word' id='word_1_52' title='bbox 1729 932 1810 976; x_wconf 89' lang='lat' dir='ltr'><strong>est</strong></span> <span class='ocrx_word' id='word_1_53' title='bbox 1840 938 2003 986; x_wconf 80' lang='lat' dir='ltr'><strong>mors,</strong></span> 
     </span>
    </p>
   </div>
   <div class='ocr_carea' id='block_1_8' title="bbox 422 1014 2007 1086">
    <p class='ocr_par' dir='ltr' id='par_1_8' title="bbox 422 1014 2007 1086">
     <span class='ocr_line' id='line_1_8' title="bbox 422 1014 2007 1086; baseline 0 -19"><span class='ocrx_word' id='word_1_54' title='bbox 422 1016 517 1069; x_wconf 71' lang='lat' dir='ltr'><strong>sed</strong></span> <span class='ocrx_word' id='word_1_55' title='bbox 561 1024 840 1086; x_wconf 76' lang='lat' dir='ltr'><strong>postquam</strong></span> <span class='ocrx_word' id='word_1_56' title='bbox 874 1016 1172 1071; x_wconf 82' lang='lat' dir='ltr'><strong>decesseris</strong></span> <span class='ocrx_word' id='word_1_57' title='bbox 1198 1058 1213 1082; x_wconf 93' lang='lat'><strong>,</strong></span> <span class='ocrx_word' id='word_1_58' title='bbox 1246 1031 1365 1069; x_wconf 89' lang='lat' dir='ltr'><strong>cum</strong></span> <span class='ocrx_word' id='word_1_59' title='bbox 1398 1015 1610 1069; x_wconf 80' lang='lat' dir='ltr'><strong>Christo</strong></span> <span class='ocrx_word' id='word_1_60' title='bbox 1639 1030 1758 1069; x_wconf 90' lang='lat' dir='ltr'><strong>esse</strong></span> <span class='ocrx_word' id='word_1_61' title='bbox 1784 1057 1797 1081; x_wconf 94' lang='lat'><strong>,</strong></span> <span class='ocrx_word' id='word_1_62' title='bbox 1828 1014 1879 1069; x_wconf 91' lang='lat' dir='ltr'><strong>id</strong></span> <span class='ocrx_word' id='word_1_63' title='bbox 1907 1015 2007 1067; x_wconf 81' lang='lat' dir='ltr'><strong>ho-</strong></span> 
     </span>
    </p>
   </div>
   <div class='ocr_carea' id='block_1_9' title="bbox 426 1106 2003 1176">
    <p class='ocr_par' dir='ltr' id='par_1_9' title="bbox 426 1106 2003 1176">
     <span class='ocr_line' id='line_1_9' title="bbox 426 1106 2003 1176; baseline 0 -18"><span class='ocrx_word' id='word_1_64' title='bbox 426 1122 550 1159; x_wconf 92' lang='lat' dir='ltr'><strong>num</strong></span> <span class='ocrx_word' id='word_1_65' title='bbox 582 1114 665 1161; x_wconf 89' lang='lat' dir='ltr'><strong>est</strong></span> <span class='ocrx_word' id='word_1_66' title='bbox 712 1123 724 1158; x_wconf 90' lang='lat'>:</span> <span class='ocrx_word' id='word_1_67' title='bbox 764 1122 881 1176; x_wconf 74' lang='lat' dir='ltr'><strong>qua:</strong></span> <span class='ocrx_word' id='word_1_68' title='bbox 930 1117 1050 1175; x_wconf 90' lang='lat' dir='ltr'><strong>post</strong></span> <span class='ocrx_word' id='word_1_69' title='bbox 1094 1115 1361 1170; x_wconf 89' lang='lat' dir='ltr'><strong>mortem,</strong></span> <span class='ocrx_word' id='word_1_70' title='bbox 1391 1122 1453 1160; x_wconf 91' lang='lat' dir='ltr'><strong>ea</strong></span> <span class='ocrx_word' id='word_1_71' title='bbox 1485 1106 1699 1160; x_wconf 90' lang='lat' dir='ltr'><strong>demum</strong></span> <span class='ocrx_word' id='word_1_72' title='bbox 1751 1116 1877 1159; x_wconf 89' lang='lat' dir='ltr'><strong>sunt</strong></span> <span class='ocrx_word' id='word_1_73' title='bbox 1921 1106 2003 1158; x_wconf 89' lang='lat' dir='ltr'><strong>vel</strong></span> 
     </span>
    </p>
   </div>
   <div class='ocr_carea' id='block_1_10' title="bbox 422 1199 2002 1268">
    <p class='ocr_par' dir='ltr' id='par_1_10' title="bbox 422 1199 2002 1268">
     <span class='ocr_line' id='line_1_10' title="bbox 422 1199 2002 1268; baseline 0 -16"><span class='ocrx_word' id='word_1_74' title='bbox 422 1199 559 1252; x_wconf 81' lang='lat' dir='ltr'><strong>bona</strong></span> <span class='ocrx_word' id='word_1_75' title='bbox 589 1199 673 1253; x_wconf 87' lang='lat' dir='ltr'><strong>vel</strong></span> <span class='ocrx_word' id='word_1_76' title='bbox 696 1199 853 1252; x_wconf 82' lang='lat' dir='ltr'><strong>mala.</strong></span> <span class='ocrx_word' id='word_1_77' title='bbox 888 1199 1052 1268; x_wconf 92' lang='lat' dir='ltr'><strong>lgitur</strong></span> <span class='ocrx_word' id='word_1_78' title='bbox 1079 1214 1182 1252; x_wconf 92' lang='lat' dir='ltr'><strong>non</strong></span> <span class='ocrx_word' id='word_1_79' title='bbox 1206 1199 1502 1268; x_wconf 80' lang='lat' dir='ltr'><strong>generatim</strong></span> <span class='ocrx_word' id='word_1_80' title='bbox 1531 1216 1623 1254; x_wconf 88' lang='lat' dir='ltr'><strong>eos</strong></span> <span class='ocrx_word' id='word_1_81' title='bbox 1646 1199 1735 1268; x_wconf 89' lang='lat' dir='ltr'><strong>qui</strong></span> <span class='ocrx_word' id='word_1_82' title='bbox 1765 1200 2002 1253; x_wconf 89' lang='lat' dir='ltr'><strong>moriun-</strong></span> 
     </span>
    </p>
   </div>
   <div class='ocr_carea' id='block_1_11' title="bbox 423 1292 2003 1366">
    <p class='ocr_par' dir='ltr' id='par_1_11' title="bbox 423 1292 2003 1366">
     <span class='ocr_line' id='line_1_11' title="bbox 423 1292 2003 1366; baseline 0.003 -21"><span class='ocrx_word' id='word_1_83' title='bbox 423 1302 529 1358; x_wconf 88' lang='lat' dir='ltr'><strong>tur,</strong></span> <span class='ocrx_word' id='word_1_84' title='bbox 565 1292 838 1363; x_wconf 83' lang='lat' dir='ltr'><strong>lugeamus</strong></span> <span class='ocrx_word' id='word_1_85' title='bbox 868 1334 883 1358; x_wconf 90' lang='lat'><strong>,</strong></span> <span class='ocrx_word' id='word_1_86' title='bbox 913 1309 1084 1363; x_wconf 89' lang='lat' dir='ltr'><strong>neque</strong></span> <span class='ocrx_word' id='word_1_87' title='bbox 1112 1294 1179 1348; x_wconf 93' lang='lat' dir='ltr'><strong>de</strong></span> <span class='ocrx_word' id='word_1_88' title='bbox 1205 1295 1502 1349; x_wconf 83' lang='lat' dir='ltr'><strong>viventibus</strong></span> <span class='ocrx_word' id='word_1_89' title='bbox 1540 1296 1833 1366; x_wconf 80' lang='lat' dir='ltr'><strong>generatim</strong></span> <span class='ocrx_word' id='word_1_90' title='bbox 1876 1310 2003 1365; x_wconf 85' lang='lat' dir='ltr'><strong>gau-</strong></span> 
     </span>
    </p>
   </div>
   <div class='ocr_carea' id='block_1_12' title="bbox 419 1387 1998 1459">
    <p class='ocr_par' dir='ltr' id='par_1_12' title="bbox 419 1387 1998 1459">
     <span class='ocr_line' id='line_1_12' title="bbox 419 1387 1998 1459; baseline 0.002 -20"><span class='ocrx_word' id='word_1_91' title='bbox 419 1387 678 1453; x_wconf 88' lang='lat' dir='ltr'><strong>deamus;</strong></span> <span class='ocrx_word' id='word_1_92' title='bbox 708 1387 801 1442; x_wconf 90' lang='lat' dir='ltr'><strong>sed</strong></span> <span class='ocrx_word' id='word_1_93' title='bbox 825 1388 996 1456; x_wconf 91' lang='lat' dir='ltr'><strong>quid?</strong></span> <span class='ocrx_word' id='word_1_94' title='bbox 1023 1388 1323 1458; x_wconf 79' lang='lat' dir='ltr'><strong>Lugeamus</strong></span> <span class='ocrx_word' id='word_1_95' title='bbox 1354 1399 1661 1459; x_wconf 91' lang='lat' dir='ltr'><strong>peccatores</strong></span> <span class='ocrx_word' id='word_1_96' title='bbox 1690 1404 1793 1443; x_wconf 93' lang='lat' dir='ltr'><strong>non</strong></span> <span class='ocrx_word' id='word_1_97' title='bbox 1822 1389 1998 1444; x_wconf 90' lang='lat' dir='ltr'><strong>solum</strong></span> 
     </span>
    </p>
   </div>
   <div class='ocr_carea' id='block_1_13' title="bbox 421 1480 1991 1554">
    <p class='ocr_par' dir='ltr' id='par_1_13' title="bbox 421 1480 1991 1554">
     <span class='ocr_line' id='line_1_13' title="bbox 421 1480 1991 1554; baseline 0.004 -24"><span class='ocrx_word' id='word_1_98' title='bbox 421 1480 731 1547; x_wconf 87' lang='lat' dir='ltr'><strong>morientes,</strong></span> <span class='ocrx_word' id='word_1_99' title='bbox 758 1480 852 1536; x_wconf 89' lang='lat' dir='ltr'><strong>sed</strong></span> <span class='ocrx_word' id='word_1_100' title='bbox 875 1482 1035 1536; x_wconf 87' lang='lat' dir='ltr'><strong>etiam</strong></span> <span class='ocrx_word' id='word_1_101' title='bbox 1060 1483 1297 1536; x_wconf 87' lang='lat' dir='ltr'><strong>viventes</strong></span> <span class='ocrx_word' id='word_1_102' title='bbox 1330 1501 1343 1537; x_wconf 90' lang='lat'><strong>:</strong></span> <span class='ocrx_word' id='word_1_103' title='bbox 1377 1482 1443 1537; x_wconf 93' lang='lat' dir='ltr'><strong>de</strong></span> <span class='ocrx_word' id='word_1_104' title='bbox 1466 1483 1623 1552; x_wconf 89' lang='lat' dir='ltr'><strong>justis</strong></span> <span class='ocrx_word' id='word_1_105' title='bbox 1643 1483 1991 1554; x_wconf 79' lang='lat' dir='ltr'><strong>gaudeamus,</strong></span> 
     </span>
    </p>
   </div>
   <div class='ocr_carea' id='block_1_14' title="bbox 423 1573 2003 1646">
    <p class='ocr_par' dir='ltr' id='par_1_14' title="bbox 423 1573 2003 1646">
     <span class='ocr_line' id='line_1_14' title="bbox 423 1573 2003 1646; baseline 0.002 -20"><span class='ocrx_word' id='word_1_106' title='bbox 423 1588 532 1628; x_wconf 93' lang='lat' dir='ltr'><strong>non</strong></span> <span class='ocrx_word' id='word_1_107' title='bbox 561 1574 730 1627; x_wconf 88' lang='lat' dir='ltr'><strong>solum</strong></span> <span class='ocrx_word' id='word_1_108' title='bbox 762 1573 886 1627; x_wconf 91' lang='lat' dir='ltr'><strong>dum</strong></span> <span class='ocrx_word' id='word_1_109' title='bbox 921 1575 1126 1639; x_wconf 91' lang='lat' dir='ltr'><strong>vivunt,</strong></span> <span class='ocrx_word' id='word_1_110' title='bbox 1158 1590 1340 1629; x_wconf 89' lang='lat' dir='ltr'><strong>verum</strong></span> <span class='ocrx_word' id='word_1_111' title='bbox 1370 1576 1528 1630; x_wconf 88' lang='lat' dir='ltr'><strong>etiam</strong></span> <span class='ocrx_word' id='word_1_112' title='bbox 1551 1585 1827 1646; x_wconf 87' lang='lat' dir='ltr'><strong>postquam</strong></span> <span class='ocrx_word' id='word_1_113' title='bbox 1862 1591 2003 1631; x_wconf 89' lang='lat' dir='ltr'><strong>mor-</strong></span> 
     </span>
    </p>
   </div>
   <div class='ocr_carea' id='block_1_15' title="bbox 423 1664 2001 1736">
    <p class='ocr_par' dir='ltr' id='par_1_15' title="bbox 423 1664 2001 1736">
     <span class='ocr_line' id='line_1_15' title="bbox 423 1664 2001 1736; baseline 0.002 -18"><span class='ocrx_word' id='word_1_114' title='bbox 423 1665 497 1718; x_wconf 89' lang='lat' dir='ltr'><strong>tui</strong></span> <span class='ocrx_word' id='word_1_115' title='bbox 531 1664 747 1719; x_wconf 84' lang='lat' dir='ltr'><strong>fuerint.</strong></span> <span class='ocrx_word' id='word_1_116' title='bbox 781 1665 911 1719; x_wconf 88' lang='lat' dir='ltr'><strong>Nam</strong></span> <span class='ocrx_word' id='word_1_117' title='bbox 939 1667 1012 1721; x_wconf 91' lang='lat' dir='ltr'><strong>illi</strong></span> <span class='ocrx_word' id='word_1_118' title='bbox 1032 1666 1243 1736; x_wconf 87' lang='lat' dir='ltr'><strong>quidem</strong></span> <span class='ocrx_word' id='word_1_119' title='bbox 1274 1669 1432 1721; x_wconf 90' lang='lat' dir='ltr'><strong>etiam</strong></span> <span class='ocrx_word' id='word_1_120' title='bbox 1465 1668 1593 1722; x_wconf 92' lang='lat' dir='ltr'><strong>dum</strong></span> <span class='ocrx_word' id='word_1_121' title='bbox 1625 1669 1829 1735; x_wconf 91' lang='lat' dir='ltr'><strong>vivunt,</strong></span> <span class='ocrx_word' id='word_1_122' title='bbox 1858 1684 2001 1722; x_wconf 84' lang='lat' dir='ltr'><strong>mor-</strong></span> 
     </span>
    </p>
   </div>
   <div class='ocr_carea' id='block_1_16' title="bbox 423 1756 2001 1825">
    <p class='ocr_par' dir='ltr' id='par_1_16' title="bbox 423 1756 2001 1825">
     <span class='ocr_line' id='line_1_16' title="bbox 423 1756 2001 1825; baseline 0.003 -16"><span class='ocrx_word' id='word_1_123' title='bbox 423 1756 501 1810; x_wconf 87' lang='lat' dir='ltr'><strong>tui</strong></span> <span class='ocrx_word' id='word_1_124' title='bbox 531 1766 655 1811; x_wconf 91' lang='lat' dir='ltr'><strong>sunt</strong></span> <span class='ocrx_word' id='word_1_125' title='bbox 683 1775 695 1810; x_wconf 93' lang='lat'><strong>:</strong></span> <span class='ocrx_word' id='word_1_126' title='bbox 724 1756 779 1810; x_wconf 88' lang='lat' dir='ltr'><strong>hi</strong></span> <span class='ocrx_word' id='word_1_127' title='bbox 810 1773 936 1812; x_wconf 89' lang='lat' dir='ltr'><strong>vero</strong></span> <span class='ocrx_word' id='word_1_128' title='bbox 972 1760 1131 1812; x_wconf 86' lang='lat' dir='ltr'><strong>etiam</strong></span> <span class='ocrx_word' id='word_1_129' title='bbox 1164 1774 1287 1813; x_wconf 87' lang='lat' dir='ltr'><strong>cum</strong></span> <span class='ocrx_word' id='word_1_130' title='bbox 1317 1761 1513 1815; x_wconf 88' lang='lat' dir='ltr'><strong>mortui</strong></span> <span class='ocrx_word' id='word_1_131' title='bbox 1540 1761 1768 1825; x_wconf 82' lang='lat' dir='ltr'><strong>fuerint,</strong></span> <span class='ocrx_word' id='word_1_132' title='bbox 1794 1762 2001 1816; x_wconf 91' lang='lat' dir='ltr'><strong>vivunt.</strong></span> 
     </span>
    </p>
   </div>
   <div class='ocr_carea' id='block_1_17' title="bbox 421 1847 2002 1917">
    <p class='ocr_par' dir='ltr' id='par_1_17' title="bbox 421 1847 2002 1917">
     <span class='ocr_line' id='line_1_17' title="bbox 421 1847 2002 1917; baseline 0.002 -14"><span class='ocrx_word' id='word_1_133' title='bbox 421 1848 502 1903; x_wconf 90' lang='lat' dir='ltr'><strong>llli</strong></span> <span class='ocrx_word' id='word_1_134' title='bbox 534 1847 697 1903; x_wconf 93' lang='lat' dir='ltr'><strong>etiam</strong></span> <span class='ocrx_word' id='word_1_135' title='bbox 739 1848 865 1904; x_wconf 90' lang='lat' dir='ltr'><strong>dum</strong></span> <span class='ocrx_word' id='word_1_136' title='bbox 895 1850 981 1904; x_wconf 91' lang='lat' dir='ltr'><strong>hic</strong></span> <span class='ocrx_word' id='word_1_137' title='bbox 1010 1860 1134 1904; x_wconf 92' lang='lat' dir='ltr'><strong>sunt</strong></span> <span class='ocrx_word' id='word_1_138' title='bbox 1160 1893 1175 1917; x_wconf 93' lang='lat'><strong>,</strong></span> <span class='ocrx_word' id='word_1_139' title='bbox 1208 1852 1445 1906; x_wconf 92' lang='lat' dir='ltr'><strong>omnium</strong></span> <span class='ocrx_word' id='word_1_140' title='bbox 1473 1852 1668 1907; x_wconf 87' lang='lat' dir='ltr'><strong>elicere</strong></span> <span class='ocrx_word' id='word_1_141' title='bbox 1700 1853 2002 1907; x_wconf 90' lang='lat' dir='ltr'><strong>misericor-</strong></span> 
     </span>
    </p>
   </div>
   <div class='ocr_carea' id='block_1_18' title="bbox 421 1938 1998 2009">
    <p class='ocr_par' dir='ltr' id='par_1_18' title="bbox 421 1938 1998 2009">
     <span class='ocr_line' id='line_1_18' title="bbox 421 1938 1998 2009; baseline 0.004 -19"><span class='ocrx_word' id='word_1_142' title='bbox 421 1939 563 1993; x_wconf 86' lang='lat' dir='ltr'><strong>diam</strong></span> <span class='ocrx_word' id='word_1_143' title='bbox 588 1938 805 2004; x_wconf 88' lang='lat' dir='ltr'><strong>dehent,</strong></span> <span class='ocrx_word' id='word_1_144' title='bbox 835 1941 1085 2009; x_wconf 91' lang='lat' dir='ltr'><strong>quoniam</strong></span> <span class='ocrx_word' id='word_1_145' title='bbox 1130 1941 1299 1996; x_wconf 89' lang='lat' dir='ltr'><strong>Deum</strong></span> <span class='ocrx_word' id='word_1_146' title='bbox 1331 1940 1617 1997; x_wconf 80' lang='lat' dir='ltr'><strong>offendunt</strong></span> <span class='ocrx_word' id='word_1_147' title='bbox 1652 1965 1663 1997; x_wconf 92' lang='lat'>:</span> <span class='ocrx_word' id='word_1_148' title='bbox 1697 1941 1751 1997; x_wconf 91' lang='lat' dir='ltr'><strong>hi</strong></span> <span class='ocrx_word' id='word_1_149' title='bbox 1773 1958 1906 1998; x_wconf 89' lang='lat' dir='ltr'><strong>vero</strong></span> <span class='ocrx_word' id='word_1_150' title='bbox 1933 1944 1998 1997; x_wconf 92' lang='lat' dir='ltr'><strong>il-</strong></span> 
     </span>
    </p>
   </div>
   <div class='ocr_carea' id='block_1_19' title="bbox 417 2030 1998 2105">
    <p class='ocr_par' dir='ltr' id='par_1_19' title="bbox 417 2030 1998 2105">
     <span class='ocr_line' id='line_1_19' title="bbox 417 2030 1998 2105; baseline 0.003 -21"><span class='ocrx_word' id='word_1_151' title='bbox 417 2030 505 2085; x_wconf 90' lang='lat' dir='ltr'><strong>luc</strong></span> <span class='ocrx_word' id='word_1_152' title='bbox 554 2031 713 2085; x_wconf 89' lang='lat' dir='ltr'><strong>etiam</strong></span> <span class='ocrx_word' id='word_1_153' title='bbox 770 2032 1009 2087; x_wconf 86' lang='lat' dir='ltr'><strong>translati</strong></span> <span class='ocrx_word' id='word_1_154' title='bbox 1057 2034 1197 2088; x_wconf 87' lang='lat' dir='ltr'><strong>beati</strong></span> <span class='ocrx_word' id='word_1_155' title='bbox 1247 2043 1398 2099; x_wconf 90' lang='lat' dir='ltr'><strong>sunt,</strong></span> <span class='ocrx_word' id='word_1_156' title='bbox 1430 2034 1676 2105; x_wconf 90' lang='lat' dir='ltr'><strong>quoniam</strong></span> <span class='ocrx_word' id='word_1_157' title='bbox 1730 2036 1797 2090; x_wconf 88' lang='lat' dir='ltr'><strong>ad</strong></span> <span class='ocrx_word' id='word_1_158' title='bbox 1845 2034 1998 2091; x_wconf 89' lang='lat' dir='ltr'><strong>Chri-</strong></span> 
     </span>
    </p>
   </div>
   <div class='ocr_carea' id='block_1_20' title="bbox 419 2126 2000 2198">
    <p class='ocr_par' dir='ltr' id='par_1_20' title="bbox 419 2126 2000 2198">
     <span class='ocr_line' id='line_1_20' title="bbox 419 2126 2000 2198; baseline 0.004 -22"><span class='ocrx_word' id='word_1_159' title='bbox 419 2131 562 2178; x_wconf 86' lang='lat' dir='ltr'><strong>stum</strong></span> <span class='ocrx_word' id='word_1_160' title='bbox 585 2131 708 2178; x_wconf 92' lang='lat' dir='ltr'><strong>sunt</strong></span> <span class='ocrx_word' id='word_1_161' title='bbox 732 2126 972 2194; x_wconf 87' lang='lat' dir='ltr'><strong>profecti.</strong></span> <span class='ocrx_word' id='word_1_162' title='bbox 996 2126 1327 2194; x_wconf 88' lang='lat' dir='ltr'><strong>Peccatores,</strong></span> <span class='ocrx_word' id='word_1_163' title='bbox 1356 2128 1534 2183; x_wconf 88' lang='lat' dir='ltr'><strong>ubiubi</strong></span> <span class='ocrx_word' id='word_1_164' title='bbox 1565 2138 1720 2196; x_wconf 91' lang='lat' dir='ltr'><strong>sunt,</strong></span> <span class='ocrx_word' id='word_1_165' title='bbox 1750 2130 1931 2198; x_wconf 89' lang='lat' dir='ltr'><strong>procul</strong></span> <span class='ocrx_word' id='word_1_166' title='bbox 1970 2144 2000 2183; x_wconf 89' lang='lat' dir='ltr'><strong>a</strong></span> 
     </span>
    </p>
   </div>
   <div class='ocr_carea' id='block_1_21' title="bbox 424 2216 1999 2292">
    <p class='ocr_par' dir='ltr' id='par_1_21' title="bbox 424 2216 1999 2292">
     <span class='ocr_line' id='line_1_21' title="bbox 424 2216 1999 2292; baseline 0.004 -24"><span class='ocrx_word' id='word_1_167' title='bbox 424 2216 567 2286; x_wconf 79' lang='lat' dir='ltr'><strong>Rege</strong></span> <span class='ocrx_word' id='word_1_168' title='bbox 612 2226 775 2283; x_wconf 87' lang='lat' dir='ltr'><strong>sunt;</strong></span> <span class='ocrx_word' id='word_1_169' title='bbox 812 2227 1094 2288; x_wconf 88' lang='lat' dir='ltr'><strong>propterea</strong></span> <span class='ocrx_word' id='word_1_170' title='bbox 1138 2219 1389 2291; x_wconf 86' lang='lat' dir='ltr'><strong>lacrymis</strong></span> <span class='ocrx_word' id='word_1_171' title='bbox 1419 2221 1607 2292; x_wconf 82' lang='lat' dir='ltr'><strong>digni:</strong></span> <span class='ocrx_word' id='word_1_172' title='bbox 1651 2221 1782 2290; x_wconf 87' lang='lat' dir='ltr'><strong>justi</strong></span> <span class='ocrx_word' id='word_1_173' title='bbox 1823 2233 1999 2276; x_wconf 86' lang='lat' dir='ltr'><strong>autem</strong></span> 
     </span>
    </p>
   </div>
   <div class='ocr_carea' id='block_1_22' title="bbox 417 2307 1998 2383">
    <p class='ocr_par' dir='ltr' id='par_1_22' title="bbox 417 2307 1998 2383">
     <span class='ocr_line' id='line_1_22' title="bbox 417 2307 1998 2383; baseline 0.004 -23"><span class='ocrx_word' id='word_1_174' title='bbox 417 2308 536 2362; x_wconf 88' lang='lat' dir='ltr'><strong>sive</strong></span> <span class='ocrx_word' id='word_1_175' title='bbox 562 2307 672 2373; x_wconf 77' lang='lat' dir='ltr'><strong>hic,</strong></span> <span class='ocrx_word' id='word_1_176' title='bbox 702 2310 814 2364; x_wconf 84' lang='lat' dir='ltr'><strong>sive</strong></span> <span class='ocrx_word' id='word_1_177' title='bbox 843 2310 934 2375; x_wconf 86' lang='lat' dir='ltr'><strong>ibi,</strong></span> <span class='ocrx_word' id='word_1_178' title='bbox 984 2326 1104 2365; x_wconf 90' lang='lat' dir='ltr'><strong>cum</strong></span> <span class='ocrx_word' id='word_1_179' title='bbox 1130 2310 1275 2382; x_wconf 77' lang='lat' dir='ltr'><strong>Rege</strong></span> <span class='ocrx_word' id='word_1_180' title='bbox 1299 2321 1451 2378; x_wconf 89' lang='lat' dir='ltr'><strong>sunt;</strong></span> <span class='ocrx_word' id='word_1_181' title='bbox 1477 2323 1636 2382; x_wconf 83' lang='lat' dir='ltr'><strong>atque</strong></span> <span class='ocrx_word' id='word_1_182' title='bbox 1661 2313 1734 2367; x_wconf 91' lang='lat' dir='ltr'><strong>ibi</strong></span> <span class='ocrx_word' id='word_1_183' title='bbox 1784 2312 1998 2383; x_wconf 88' lang='lat' dir='ltr'><strong>quidem</strong></span> 
     </span>
    </p>
   </div>
   <div class='ocr_carea' id='block_1_23' title="bbox 424 2402 2001 2475">
    <p class='ocr_par' dir='ltr' id='par_1_23' title="bbox 424 2402 2001 2475">
     <span class='ocr_line' id='line_1_23' title="bbox 424 2402 2001 2475; baseline 0.003 -21"><span class='ocrx_word' id='word_1_184' title='bbox 424 2402 595 2456; x_wconf 86' lang='lat' dir='ltr'><strong>multo</strong></span> <span class='ocrx_word' id='word_1_185' title='bbox 622 2403 791 2471; x_wconf 87' lang='lat' dir='ltr'><strong>magis</strong></span> <span class='ocrx_word' id='word_1_186' title='bbox 820 2418 883 2456; x_wconf 90' lang='lat' dir='ltr'><strong>ac</strong></span> <span class='ocrx_word' id='word_1_187' title='bbox 914 2405 1129 2473; x_wconf 89' lang='lat' dir='ltr'><strong>propius</strong></span> <span class='ocrx_word' id='word_1_188' title='bbox 1149 2446 1164 2470; x_wconf 96' lang='lat'><strong>,</strong></span> <span class='ocrx_word' id='word_1_189' title='bbox 1201 2421 1303 2459; x_wconf 91' lang='lat' dir='ltr'><strong>non</strong></span> <span class='ocrx_word' id='word_1_190' title='bbox 1335 2420 1431 2475; x_wconf 88' lang='lat' dir='ltr'><strong>per</strong></span> <span class='ocrx_word' id='word_1_191' title='bbox 1457 2407 1713 2475; x_wconf 90' lang='lat' dir='ltr'><strong>speciem,</strong></span> <span class='ocrx_word' id='word_1_192' title='bbox 1745 2421 1850 2459; x_wconf 90' lang='lat' dir='ltr'><strong>non</strong></span> <span class='ocrx_word' id='word_1_193' title='bbox 1908 2420 2001 2475; x_wconf 91' lang='lat' dir='ltr'><strong>per</strong></span> 
     </span>
    </p>
   </div>
   <div class='ocr_carea' id='block_1_24' title="bbox 422 2497 1994 2573">
    <p class='ocr_par' dir='ltr' id='par_1_24' title="bbox 422 2497 1994 2573">
     <span class='ocr_line' id='line_1_24' title="bbox 422 2497 1994 2573; baseline 0.001 -23"><span class='ocrx_word' id='word_1_194' title='bbox 422 2497 582 2552; x_wconf 84' lang='lat' dir='ltr'><strong>fidem</strong></span> <span class='ocrx_word' id='word_1_195' title='bbox 602 2539 617 2563; x_wconf 93' lang='lat'><strong>,</strong></span> <span class='ocrx_word' id='word_1_196' title='bbox 648 2498 742 2553; x_wconf 89' lang='lat' dir='ltr'><strong>sed</strong></span> <span class='ocrx_word' id='word_1_197' title='bbox 766 2497 941 2564; x_wconf 81' lang='lat' dir='ltr'><strong>Facie,</strong></span> <span class='ocrx_word' id='word_1_198' title='bbox 971 2499 1163 2570; x_wconf 80' lang='lat' dir='ltr'><strong>inquit,</strong></span> <span class='ocrx_word' id='word_1_199' title='bbox 1197 2500 1264 2552; x_wconf 88' lang='lat' dir='ltr'><strong>ad</strong></span> <span class='ocrx_word' id='word_1_200' title='bbox 1303 2502 1484 2570; x_wconf 82' lang='lat' dir='ltr'><strong>faciem</strong></span> <span class='ocrx_word' id='word_1_201' title='bbox 1513 2498 1589 2573; x_wconf 91' lang='grc'><strong>(1.</strong></span> <span class='ocrx_word' id='word_1_202' title='bbox 1622 2500 1740 2554; x_wconf 82' lang='lat' dir='ltr'><strong>Cor.</strong></span> <span class='ocrx_word' id='word_1_203' title='bbox 1768 2500 1855 2555; x_wconf 76' lang='grc'><strong>15.</strong></span> <span class='ocrx_word' id='word_1_204' title='bbox 1881 2499 1994 2570; x_wconf 72' lang='lat'><strong>19.).</strong></span> 
     </span>
    </p>
   </div>
   <div class='ocr_carea' id='block_1_25' title="bbox 485 2589 1996 2663">
    <p class='ocr_par' dir='ltr' id='par_1_25' title="bbox 485 2589 1996 2663">
     <span class='ocr_line' id='line_1_25' title="bbox 485 2589 1996 2663; baseline 0 -19"><span class='ocrx_word' id='word_1_205' title='bbox 485 2591 540 2644; x_wconf 71' lang='grc'><strong>4.</strong></span> <span class='ocrx_word' id='word_1_206' title='bbox 579 2589 682 2655; x_wconf 84' lang='lat' dir='ltr'><strong>Qui</strong></span> <span class='ocrx_word' id='word_1_207' title='bbox 727 2592 914 2644; x_wconf 83' lang='lat' dir='ltr'><strong>mortui</strong></span> <span class='ocrx_word' id='word_1_208' title='bbox 951 2592 1050 2645; x_wconf 82' lang='lat' dir='ltr'><strong>sint</strong></span> <span class='ocrx_word' id='word_1_209' title='bbox 1106 2591 1330 2663; x_wconf 83' lang='lat' dir='ltr'><strong>lugendi.</strong></span> <span class='ocrx_word' id='word_1_210' title='bbox 1385 2590 1753 2662; x_wconf 76' lang='lat' dir='ltr'><strong>Exsequiarum</strong></span> <span class='ocrx_word' id='word_1_211' title='bbox 1794 2591 1996 2645; x_wconf 86' lang='lat' dir='ltr'><strong>modus.</strong></span> 
     </span>
    </p>
   </div>
   <div class='ocr_carea' id='block_1_26' title="bbox 417 2679 1998 2753">
    <p class='ocr_par' dir='ltr' id='par_1_26' title="bbox 417 2679 1998 2753">
     <span class='ocr_line' id='line_1_26' title="bbox 417 2679 1998 2753; baseline 0.004 -20"><span class='ocrx_word' id='word_1_212' title='bbox 417 2679 740 2735; x_wconf 72' lang='lat' dir='ltr'><strong>Morinorum</strong></span> <span class='ocrx_word' id='word_1_213' title='bbox 767 2683 1011 2736; x_wconf 87' lang='lat' dir='ltr'><strong>memoria</strong></span> <span class='ocrx_word' id='word_1_214' title='bbox 1037 2683 1091 2735; x_wconf 86' lang='lat' dir='ltr'><strong>in</strong></span> <span class='ocrx_word' id='word_1_215' title='bbox 1108 2683 1377 2753; x_wconf 79' lang='lat' dir='ltr'><strong>mysteriis.</strong></span> <span class='ocrx_word' id='word_1_216' title='bbox 1406 2712 1477 2722; x_wconf 89' lang='lat'><strong>—</strong></span> <span class='ocrx_word' id='word_1_217' title='bbox 1495 2682 1610 2737; x_wconf 86' lang='lat' dir='ltr'><strong>Non</strong></span> <span class='ocrx_word' id='word_1_218' title='bbox 1635 2682 1791 2753; x_wconf 87' lang='lat' dir='ltr'><strong>igitur</strong></span> <span class='ocrx_word' id='word_1_219' title='bbox 1811 2698 1998 2739; x_wconf 90' lang='lat' dir='ltr'><strong>omnes</strong></span> 
     </span>
    </p>
   </div>
   <div class='ocr_carea' id='block_1_27' title="bbox 415 2774 1991 2845">
    <p class='ocr_par' dir='ltr' id='par_1_27' title="bbox 415 2774 1991 2845">
     <span class='ocr_line' id='line_1_27' title="bbox 415 2774 1991 2845; baseline 0 -17"><span class='ocrx_word' id='word_1_220' title='bbox 415 2776 687 2842; x_wconf 91' lang='lat' dir='ltr'><strong>ploremus</strong></span> <span class='ocrx_word' id='word_1_221' title='bbox 708 2784 969 2838; x_wconf 91' lang='lat' dir='ltr'><strong>mortuos,</strong></span> <span class='ocrx_word' id='word_1_222' title='bbox 991 2774 1086 2829; x_wconf 87' lang='lat' dir='ltr'><strong>sed</strong></span> <span class='ocrx_word' id='word_1_223' title='bbox 1106 2790 1196 2829; x_wconf 93' lang='lat' dir='ltr'><strong>eos</strong></span> <span class='ocrx_word' id='word_1_224' title='bbox 1223 2775 1313 2845; x_wconf 90' lang='lat' dir='ltr'><strong>qui</strong></span> <span class='ocrx_word' id='word_1_225' title='bbox 1334 2776 1384 2829; x_wconf 94' lang='lat' dir='ltr'><strong>in</strong></span> <span class='ocrx_word' id='word_1_226' title='bbox 1412 2776 1677 2845; x_wconf 89' lang='lat' dir='ltr'><strong>peccatis;</strong></span> <span class='ocrx_word' id='word_1_227' title='bbox 1702 2774 1757 2829; x_wconf 89' lang='lat' dir='ltr'><strong>hi</strong></span> <span class='ocrx_word' id='word_1_228' title='bbox 1794 2775 1991 2829; x_wconf 90' lang='lat' dir='ltr'><strong>lamen-</strong></span> 
     </span>
    </p>
   </div>
   <div class='ocr_carea' id='block_1_28' title="bbox 418 2866 1998 2939">
    <p class='ocr_par' dir='ltr' id='par_1_28' title="bbox 418 2866 1998 2939">
     <span class='ocr_line' id='line_1_28' title="bbox 418 2866 1998 2939; baseline 0.004 -21"><span class='ocrx_word' id='word_1_229' title='bbox 418 2868 485 2920; x_wconf 91' lang='lat' dir='ltr'><strong>tis</strong></span> <span class='ocrx_word' id='word_1_230' title='bbox 511 2866 697 2937; x_wconf 89' lang='lat' dir='ltr'><strong>digni,</strong></span> <span class='ocrx_word' id='word_1_231' title='bbox 730 2867 782 2920; x_wconf 92' lang='lat' dir='ltr'><strong>hi</strong></span> <span class='ocrx_word' id='word_1_232' title='bbox 819 2868 1017 2937; x_wconf 87' lang='lat' dir='ltr'><strong>ejulatu</strong></span> <span class='ocrx_word' id='word_1_233' title='bbox 1048 2908 1063 2933; x_wconf 93' lang='lat'><strong>,</strong></span> <span class='ocrx_word' id='word_1_234' title='bbox 1116 2868 1169 2922; x_wconf 90' lang='lat' dir='ltr'><strong>hi</strong></span> <span class='ocrx_word' id='word_1_235' title='bbox 1197 2868 1473 2939; x_wconf 85' lang='lat' dir='ltr'><strong>lacrymis.</strong></span> <span class='ocrx_word' id='word_1_236' title='bbox 1523 2869 1653 2935; x_wconf 69' lang='lat' dir='ltr'><strong>Qua:</strong></span> <span class='ocrx_word' id='word_1_237' title='bbox 1699 2870 1840 2923; x_wconf 91' lang='lat' dir='ltr'><strong>enim</strong></span> <span class='ocrx_word' id='word_1_238' title='bbox 1869 2912 1884 2935; x_wconf 95' lang='lat'><strong>,</strong></span> <span class='ocrx_word' id='word_1_239' title='bbox 1912 2870 1998 2924; x_wconf 91' lang='lat' dir='ltr'><strong>dic</strong></span> 
     </span>
    </p>
   </div>
   <div class='ocr_carea' id='block_1_29' title="bbox 416 2957 1995 3029">
    <p class='ocr_par' dir='ltr' id='par_1_29' title="bbox 416 2957 1995 3029">
     <span class='ocr_line' id='line_1_29' title="bbox 416 2957 1995 3029; baseline 0.002 -17"><span class='ocrx_word' id='word_1_240' title='bbox 416 2957 544 3012; x_wconf 89' lang='lat' dir='ltr'><strong>mihi</strong></span> <span class='ocrx_word' id='word_1_241' title='bbox 569 2999 585 3023; x_wconf 90' lang='lat'><strong>,</strong></span> <span class='ocrx_word' id='word_1_242' title='bbox 613 2972 737 3028; x_wconf 90' lang='lat' dir='ltr'><strong>spes</strong></span> <span class='ocrx_word' id='word_1_243' title='bbox 780 2968 865 3013; x_wconf 90' lang='lat' dir='ltr'><strong>est</strong></span> <span class='ocrx_word' id='word_1_244' title='bbox 908 2973 1013 3013; x_wconf 87' lang='lat' dir='ltr'><strong>una</strong></span> <span class='ocrx_word' id='word_1_245' title='bbox 1038 2973 1159 3013; x_wconf 91' lang='lat' dir='ltr'><strong>cum</strong></span> <span class='ocrx_word' id='word_1_246' title='bbox 1190 2960 1422 3029; x_wconf 88' lang='lat' dir='ltr'><strong>peccatis</strong></span> <span class='ocrx_word' id='word_1_247' title='bbox 1469 2976 1534 3015; x_wconf 90' lang='lat' dir='ltr'><strong>eo</strong></span> <span class='ocrx_word' id='word_1_248' title='bbox 1566 2960 1864 3026; x_wconf 76' lang='lat' dir='ltr'><strong>discedere,</strong></span> <span class='ocrx_word' id='word_1_249' title='bbox 1909 2962 1995 3015; x_wconf 73' lang='lat' dir='ltr'><strong>ulti</strong></span> 
     </span>
    </p>
   </div>
   <div class='ocr_carea' id='block_1_30' title="bbox 415 3054 2005 3124">
    <p class='ocr_par' dir='ltr' id='par_1_30' title="bbox 415 3054 2005 3124">
     <span class='ocr_line' id='line_1_30' title="bbox 415 3054 2005 3124; baseline 0.001 -16"><span class='ocrx_word' id='word_1_250' title='bbox 415 3061 631 3121; x_wconf 84' lang='lat' dir='ltr'><strong>peccata</strong></span> <span class='ocrx_word' id='word_1_251' title='bbox 679 3068 877 3109; x_wconf 80' lang='lat' dir='ltr'><strong>exuere</strong></span> <span class='ocrx_word' id='word_1_252' title='bbox 924 3069 1029 3109; x_wconf 91' lang='lat' dir='ltr'><strong>non</strong></span> <span class='ocrx_word' id='word_1_253' title='bbox 1081 3054 1460 3110; x_wconf 90' lang='lat' dir='ltr'><strong>licet?Donec</strong></span> <span class='ocrx_word' id='word_1_254' title='bbox 1508 3057 1651 3110; x_wconf 91' lang='lat' dir='ltr'><strong>enim</strong></span> <span class='ocrx_word' id='word_1_255' title='bbox 1700 3056 1785 3111; x_wconf 91' lang='lat' dir='ltr'><strong>hic</strong></span> <span class='ocrx_word' id='word_1_256' title='bbox 1812 3066 2005 3124; x_wconf 80' lang='lat' dir='ltr'><strong>erant,</strong></span> 
     </span>
    </p>
   </div>
   <div class='ocr_carea' id='block_1_31' title="bbox 414 3145 1994 3217">
    <p class='ocr_par' dir='ltr' id='par_1_31' title="bbox 414 3145 1994 3217">
     <span class='ocr_line' id='line_1_31' title="bbox 414 3145 1994 3217; baseline 0.003 -18"><span class='ocrx_word' id='word_1_257' title='bbox 414 3161 605 3216; x_wconf 89' lang='lat' dir='ltr'><strong>magna</strong></span> <span class='ocrx_word' id='word_1_258' title='bbox 632 3145 854 3201; x_wconf 79' lang='lat' dir='ltr'><strong>forsitan</strong></span> <span class='ocrx_word' id='word_1_259' title='bbox 882 3156 999 3203; x_wconf 91' lang='lat' dir='ltr'><strong>erat</strong></span> <span class='ocrx_word' id='word_1_260' title='bbox 1025 3162 1171 3217; x_wconf 91' lang='lat' dir='ltr'><strong>spes,</strong></span> <span class='ocrx_word' id='word_1_261' title='bbox 1199 3148 1315 3204; x_wconf 74' lang='lat' dir='ltr'><strong>fore</strong></span> <span class='ocrx_word' id='word_1_262' title='bbox 1342 3157 1404 3203; x_wconf 87' lang='lat' dir='ltr'><strong>ut</strong></span> <span class='ocrx_word' id='word_1_263' title='bbox 1434 3159 1906 3217; x_wconf 87' lang='lat' dir='ltr'><strong>converterentur,</strong></span> <span class='ocrx_word' id='word_1_264' title='bbox 1935 3160 1994 3204; x_wconf 93' lang='lat' dir='ltr'><strong>ut</strong></span> 
     </span>
    </p>
   </div>
   <div class='ocr_carea' id='block_1_32' title="bbox 413 3238 1995 3304">
    <p class='ocr_par' dir='ltr' id='par_1_32' title="bbox 413 3238 1995 3304">
     <span class='ocr_line' id='line_1_32' title="bbox 413 3238 1995 3304; baseline 0.002 -12"><span class='ocrx_word' id='word_1_265' title='bbox 413 3238 665 3293; x_wconf 88' lang='lat' dir='ltr'><strong>meliores</strong></span> <span class='ocrx_word' id='word_1_266' title='bbox 709 3238 1002 3295; x_wconf 88' lang='lat' dir='ltr'><strong>evaderent</strong></span> <span class='ocrx_word' id='word_1_267' title='bbox 1033 3258 1047 3294; x_wconf 88' lang='lat'><strong>:</strong></span> <span class='ocrx_word' id='word_1_268' title='bbox 1076 3249 1131 3294; x_wconf 89' lang='lat' dir='ltr'><strong>at</strong></span> <span class='ocrx_word' id='word_1_269' title='bbox 1155 3242 1199 3295; x_wconf 93' lang='lat' dir='ltr'><strong>si</strong></span> <span class='ocrx_word' id='word_1_270' title='bbox 1227 3242 1280 3296; x_wconf 93' lang='lat' dir='ltr'><strong>in</strong></span> <span class='ocrx_word' id='word_1_271' title='bbox 1314 3240 1580 3296; x_wconf 90' lang='lat' dir='ltr'><strong>infernum</strong></span> <span class='ocrx_word' id='word_1_272' title='bbox 1610 3241 1875 3304; x_wconf 89' lang='lat' dir='ltr'><strong>abierint,</strong></span> <span class='ocrx_word' id='word_1_273' title='bbox 1907 3241 1995 3297; x_wconf 91' lang='lat' dir='ltr'><strong>ubi</strong></span> 
     </span>
    </p>
   </div>
   <div class='ocr_carea' id='block_1_33' title="bbox 414 3329 1996 3403">
    <p class='ocr_par' dir='ltr' id='par_1_33' title="bbox 414 3329 1996 3403">
     <span class='ocr_line' id='line_1_33' title="bbox 414 3329 1996 3403; baseline 0.003 -21"><span class='ocrx_word' id='word_1_274' title='bbox 414 3329 549 3383; x_wconf 91' lang='lat' dir='ltr'><strong>nihil</strong></span> <span class='ocrx_word' id='word_1_275' title='bbox 592 3329 726 3384; x_wconf 91' lang='lat' dir='ltr'><strong>lucri</strong></span> <span class='ocrx_word' id='word_1_276' title='bbox 755 3345 822 3385; x_wconf 82' lang='lat' dir='ltr'><strong>ex</strong></span> <span class='ocrx_word' id='word_1_277' title='bbox 850 3332 1166 3400; x_wconf 74' lang='lat' dir='ltr'><strong>ptenitentia</strong></span> <span class='ocrx_word' id='word_1_278' title='bbox 1194 3333 1455 3402; x_wconf 88' lang='lat' dir='ltr'><strong>reportari</strong></span> <span class='ocrx_word' id='word_1_279' title='bbox 1502 3342 1710 3403; x_wconf 88' lang='lat' dir='ltr'><strong>potest;</strong></span> <span class='ocrx_word' id='word_1_280' title='bbox 1754 3348 1894 3397; x_wconf 88' lang='lat' dir='ltr'><strong>nam,</strong></span> <span class='ocrx_word' id='word_1_281' title='bbox 1929 3332 1996 3387; x_wconf 88' lang='lat' dir='ltr'><strong>In</strong></span> 
     </span>
    </p>
   </div>
   <div class='ocr_carea' id='block_1_34' title="bbox 412 3414 1995 3494">
    <p class='ocr_par' dir='ltr' id='par_1_34' title="bbox 412 3414 1995 3494">
     <span class='ocr_line' id='line_1_34' title="bbox 412 3414 1995 3494; baseline 0.003 -21"><span class='ocrx_word' id='word_1_282' title='bbox 412 3421 649 3491; x_wconf 77' lang='lat' dir='ltr'><strong>inferno,</strong></span> <span class='ocrx_word' id='word_1_283' title='bbox 685 3421 893 3491; x_wconf 91' lang='lat' dir='ltr'><strong>inquit,</strong></span> <span class='ocrx_word' id='word_1_284' title='bbox 922 3423 1034 3492; x_wconf 84' lang='lat' dir='ltr'><strong>quis</strong></span> <span class='ocrx_word' id='word_1_285' title='bbox 1077 3422 1396 3492; x_wconf 77' lang='lat' dir='ltr'><strong>conﬁtebitur</strong></span> <span class='ocrx_word' id='word_1_286' title='bbox 1442 3424 1529 3478; x_wconf 86' lang='lat' dir='ltr'><strong>tibi</strong></span> <span class='ocrx_word' id='word_1_287' title='bbox 1558 3424 1578 3494; x_wconf 90' lang='lat'>(</span> <span class='ocrx_word' id='word_1_288' title='bbox 1609 3424 1755 3478; x_wconf 85' lang='lat' dir='ltr'><strong>Psal.</strong></span> <span class='ocrx_word' id='word_1_289' title='bbox 1788 3414 1841 3479; x_wconf 83' lang='lat'><strong>6.</strong></span> <span class='ocrx_word' id='word_1_290' title='bbox 1879 3424 1995 3494; x_wconf 85' lang='lat'><strong>6)?</strong></span> 
     </span>
    </p>
   </div>
   <div class='ocr_carea' id='block_1_35' title="bbox 412 3510 1988 3585">
    <p class='ocr_par' dir='ltr' id='par_1_35' title="bbox 412 3510 1988 3585">
     <span class='ocr_line' id='line_1_35' title="bbox 412 3510 1988 3585; baseline 0.003 -21"><span class='ocrx_word' id='word_1_291' title='bbox 412 3510 682 3580; x_wconf 89' lang='lat' dir='ltr'><strong>quomodo</strong></span> <span class='ocrx_word' id='word_1_292' title='bbox 730 3526 836 3566; x_wconf 93' lang='lat' dir='ltr'><strong>non</strong></span> <span class='ocrx_word' id='word_1_293' title='bbox 884 3513 1132 3569; x_wconf 89' lang='lat' dir='ltr'><strong>lamentis</strong></span> <span class='ocrx_word' id='word_1_294' title='bbox 1177 3514 1363 3584; x_wconf 88' lang='lat' dir='ltr'><strong>digni?</strong></span> <span class='ocrx_word' id='word_1_295' title='bbox 1392 3514 1691 3585; x_wconf 89' lang='lat' dir='ltr'><strong>Lugeamus</strong></span> <span class='ocrx_word' id='word_1_296' title='bbox 1722 3531 1853 3583; x_wconf 90' lang='lat' dir='ltr'><strong>eos,</strong></span> <span class='ocrx_word' id='word_1_297' title='bbox 1897 3516 1988 3584; x_wconf 92' lang='lat' dir='ltr'><strong>qui</strong></span> 
     </span>
    </p>
   </div>
   <div class='ocr_carea' id='block_1_36' title="bbox 413 3603 1990 3678">
    <p class='ocr_par' dir='ltr' id='par_1_36' title="bbox 413 3603 1990 3678">
     <span class='ocr_line' id='line_1_36' title="bbox 413 3603 1990 3678; baseline 0.003 -21"><span class='ocrx_word' id='word_1_298' title='bbox 413 3603 516 3659; x_wconf 91' lang='lat' dir='ltr'><strong>hoc</strong></span> <span class='ocrx_word' id='word_1_299' title='bbox 539 3604 699 3661; x_wconf 90' lang='lat' dir='ltr'><strong>modo</strong></span> <span class='ocrx_word' id='word_1_300' title='bbox 727 3605 1016 3675; x_wconf 88' lang='lat' dir='ltr'><strong>decedunt,</strong></span> <span class='ocrx_word' id='word_1_301' title='bbox 1040 3622 1147 3662; x_wconf 93' lang='lat' dir='ltr'><strong>non</strong></span> <span class='ocrx_word' id='word_1_302' title='bbox 1177 3607 1233 3662; x_wconf 89' lang='lat' dir='ltr'><strong>id</strong></span> <span class='ocrx_word' id='word_1_303' title='bbox 1262 3607 1531 3678; x_wconf 88' lang='lat' dir='ltr'><strong>impedio;</strong></span> <span class='ocrx_word' id='word_1_304' title='bbox 1562 3608 1855 3677; x_wconf 83' lang='lat' dir='ltr'><strong>lugeamus,</strong></span> <span class='ocrx_word' id='word_1_305' title='bbox 1894 3607 1990 3663; x_wconf 90' lang='lat' dir='ltr'><strong>sed</strong></span> 
     </span>
    </p>
   </div>
   <div class='ocr_carea' id='block_1_37' title="bbox 410 3698 1991 3769">
    <p class='ocr_par' dir='ltr' id='par_1_37' title="bbox 410 3698 1991 3769">
     <span class='ocr_line' id='line_1_37' title="bbox 410 3698 1991 3769; baseline 0.003 -20"><span class='ocrx_word' id='word_1_306' title='bbox 410 3711 520 3750; x_wconf 88' lang='lat' dir='ltr'><strong>non</strong></span> <span class='ocrx_word' id='word_1_307' title='bbox 575 3706 770 3766; x_wconf 79' lang='lat' dir='ltr'><strong>pra:ter</strong></span> <span class='ocrx_word' id='word_1_308' title='bbox 808 3698 1084 3767; x_wconf 89' lang='lat' dir='ltr'><strong>decorum,</strong></span> <span class='ocrx_word' id='word_1_309' title='bbox 1133 3713 1241 3754; x_wconf 92' lang='lat' dir='ltr'><strong>non</strong></span> <span class='ocrx_word' id='word_1_310' title='bbox 1278 3700 1539 3754; x_wconf 89' lang='lat' dir='ltr'><strong>vellentes</strong></span> <span class='ocrx_word' id='word_1_311' title='bbox 1585 3700 1838 3769; x_wconf 89' lang='lat' dir='ltr'><strong>capillos,</strong></span> <span class='ocrx_word' id='word_1_312' title='bbox 1885 3714 1991 3754; x_wconf 92' lang='lat' dir='ltr'><strong>non</strong></span> 
     </span>
    </p>
   </div>
   <div class='ocr_carea' id='block_1_38' title="bbox 409 3788 1988 3864">
    <p class='ocr_par' dir='ltr' id='par_1_38' title="bbox 409 3788 1988 3864">
     <span class='ocr_line' id='line_1_38' title="bbox 409 3788 1988 3864; baseline 0.003 -20"><span class='ocrx_word' id='word_1_313' title='bbox 409 3788 628 3844; x_wconf 84' lang='lat' dir='ltr'><strong>brachia</strong></span> <span class='ocrx_word' id='word_1_314' title='bbox 653 3789 937 3856; x_wconf 86' lang='lat' dir='ltr'><strong>nudantes,</strong></span> <span class='ocrx_word' id='word_1_315' title='bbox 960 3805 1065 3845; x_wconf 91' lang='lat' dir='ltr'><strong>non</strong></span> <span class='ocrx_word' id='word_1_316' title='bbox 1099 3791 1399 3850; x_wconf 88' lang='lat' dir='ltr'><strong>lacerantes</strong></span> <span class='ocrx_word' id='word_1_317' title='bbox 1431 3792 1645 3859; x_wconf 88' lang='lat' dir='ltr'><strong>faciem,</strong></span> <span class='ocrx_word' id='word_1_318' title='bbox 1679 3809 1782 3847; x_wconf 93' lang='lat' dir='ltr'><strong>non</strong></span> <span class='ocrx_word' id='word_1_319' title='bbox 1814 3794 1988 3864; x_wconf 89' lang='lat' dir='ltr'><strong>pullas</strong></span> 
     </span>
    </p>
   </div>
   <div class='ocr_carea' id='block_1_39' title="bbox 411 3880 1990 3955">
    <p class='ocr_par' dir='ltr' id='par_1_39' title="bbox 411 3880 1990 3955">
     <span class='ocr_line' id='line_1_39' title="bbox 411 3880 1990 3955; baseline 0.006 -25"><span class='ocrx_word' id='word_1_320' title='bbox 411 3891 589 3935; x_wconf 83' lang='lat' dir='ltr'><strong>vestes</strong></span> <span class='ocrx_word' id='word_1_321' title='bbox 638 3880 957 3947; x_wconf 87' lang='lat' dir='ltr'><strong>induentes;</strong></span> <span class='ocrx_word' id='word_1_322' title='bbox 1004 3882 1097 3938; x_wconf 87' lang='lat' dir='ltr'><strong>sed</strong></span> <span class='ocrx_word' id='word_1_323' title='bbox 1145 3884 1317 3938; x_wconf 91' lang='lat' dir='ltr'><strong>solum</strong></span> <span class='ocrx_word' id='word_1_324' title='bbox 1377 3885 1427 3938; x_wconf 90' lang='lat' dir='ltr'><strong>in</strong></span> <span class='ocrx_word' id='word_1_325' title='bbox 1486 3886 1664 3938; x_wconf 89' lang='lat' dir='ltr'><strong>anima</strong></span> <span class='ocrx_word' id='word_1_326' title='bbox 1727 3886 1990 3955; x_wconf 88' lang='lat' dir='ltr'><strong>lacrymas</strong></span> 
     </span>
    </p>
   </div>
   <div class='ocr_carea' id='block_1_40' title="bbox 407 3973 1989 4040">
    <p class='ocr_par' dir='ltr' id='par_1_40' title="bbox 407 3973 1989 4040">
     <span class='ocr_line' id='line_1_40' title="bbox 407 3973 1989 4040; baseline 0.006 -16"><span class='ocrx_word' id='word_1_327' title='bbox 407 3985 618 4025; x_wconf 86' lang='lat' dir='ltr'><strong>amaras</strong></span> <span class='ocrx_word' id='word_1_328' title='bbox 669 3973 848 4040; x_wconf 83' lang='lat' dir='ltr'><strong>quiete</strong></span> <span class='ocrx_word' id='word_1_329' title='bbox 894 3973 1196 4029; x_wconf 90' lang='lat' dir='ltr'><strong>fundamus.</strong></span> <span class='ocrx_word' id='word_1_330' title='bbox 1250 3975 1464 4031; x_wconf 92' lang='lat' dir='ltr'><strong>Etenim</strong></span> <span class='ocrx_word' id='word_1_331' title='bbox 1522 3978 1639 4032; x_wconf 90' lang='lat' dir='ltr'><strong>sine</strong></span> <span class='ocrx_word' id='word_1_332' title='bbox 1692 3979 1789 4032; x_wconf 90' lang='lat' dir='ltr'><strong>hac</strong></span> <span class='ocrx_word' id='word_1_333' title='bbox 1828 3980 1989 4033; x_wconf 90' lang='lat' dir='ltr'><strong>etiam</strong></span> 
     </span>
    </p>
   </div>
   <div class='ocr_carea' id='block_1_41' title="bbox 408 4064 1977 4135">
    <p class='ocr_par' dir='ltr' id='par_1_41' title="bbox 408 4064 1977 4135">
     <span class='ocr_line' id='line_1_41' title="bbox 408 4064 1977 4135; baseline 0.003 -16"><span class='ocrx_word' id='word_1_334' title='bbox 408 4079 601 4135; x_wconf 84' lang='lat' dir='ltr'><strong>pompa</strong></span> <span class='ocrx_word' id='word_1_335' title='bbox 620 4064 745 4119; x_wconf 92' lang='lat' dir='ltr'><strong>licet</strong></span> <span class='ocrx_word' id='word_1_336' title='bbox 773 4080 953 4120; x_wconf 88' lang='lat' dir='ltr'><strong>amare</strong></span> <span class='ocrx_word' id='word_1_337' title='bbox 981 4066 1130 4134; x_wconf 89' lang='lat' dir='ltr'><strong>ﬁere,</strong></span> <span class='ocrx_word' id='word_1_338' title='bbox 1155 4076 1209 4123; x_wconf 91' lang='lat' dir='ltr'><strong>et</strong></span> <span class='ocrx_word' id='word_1_339' title='bbox 1240 4083 1344 4123; x_wconf 90' lang='lat' dir='ltr'><strong>non</strong></span> <span class='ocrx_word' id='word_1_340' title='bbox 1378 4077 1582 4123; x_wconf 90' lang='lat' dir='ltr'><strong>tantum</strong></span> <span class='ocrx_word' id='word_1_341' title='bbox 1608 4070 1812 4126; x_wconf 91' lang='lat' dir='ltr'><strong>ludere.</strong></span> <span class='ocrx_word' id='word_1_342' title='bbox 1845 4069 1977 4124; x_wconf 86' lang='lat' dir='ltr'><strong>Nam</strong></span> 
     </span>
    </p>
   </div>
   <div class='ocr_carea' id='block_1_42' title="bbox 407 4163 1989 4234">
    <p class='ocr_par' dir='ltr' id='par_1_42' title="bbox 407 4163 1989 4234">
     <span class='ocr_line' id='line_1_42' title="bbox 407 4163 1989 4234; baseline 0.003 -19"><span class='ocrx_word' id='word_1_343' title='bbox 407 4177 527 4231; x_wconf 70' lang='lat' dir='ltr'><strong>qua:</strong></span> <span class='ocrx_word' id='word_1_344' title='bbox 556 4178 585 4217; x_wconf 90' lang='lat' dir='ltr'><strong>a</strong></span> <span class='ocrx_word' id='word_1_345' title='bbox 619 4163 889 4217; x_wconf 88' lang='lat' dir='ltr'><strong>nonnullis</strong></span> <span class='ocrx_word' id='word_1_346' title='bbox 919 4163 1052 4217; x_wconf 89' lang='lat' dir='ltr'><strong>fiunt</strong></span> <span class='ocrx_word' id='word_1_347' title='bbox 1082 4207 1096 4231; x_wconf 90' lang='lat'><strong>,</strong></span> <span class='ocrx_word' id='word_1_348' title='bbox 1130 4178 1156 4215; x_wconf 90' lang='lat' dir='ltr'><strong>a</strong></span> <span class='ocrx_word' id='word_1_349' title='bbox 1187 4180 1472 4234; x_wconf 89' lang='lat' dir='ltr'><strong>puerorum</strong></span> <span class='ocrx_word' id='word_1_350' title='bbox 1497 4165 1699 4221; x_wconf 89' lang='lat' dir='ltr'><strong>lusibus</strong></span> <span class='ocrx_word' id='word_1_351' title='bbox 1729 4165 1858 4221; x_wconf 92' lang='lat' dir='ltr'><strong>nihil</strong></span> <span class='ocrx_word' id='word_1_352' title='bbox 1888 4165 1989 4220; x_wconf 90' lang='lat' dir='ltr'><strong>dif-</strong></span> 
     </span>
    </p>
   </div>
   <div class='ocr_carea' id='block_1_43' title="bbox 408 4253 1985 4329">
    <p class='ocr_par' dir='ltr' id='par_1_43' title="bbox 408 4253 1985 4329">
     <span class='ocr_line' id='line_1_43' title="bbox 408 4253 1985 4329; baseline 0.004 -21"><span class='ocrx_word' id='word_1_353' title='bbox 408 4253 610 4309; x_wconf 79' lang='lat' dir='ltr'><strong>ferunt.</strong></span> <span class='ocrx_word' id='word_1_354' title='bbox 640 4255 719 4309; x_wconf 90' lang='lat' dir='ltr'><strong>illi</strong></span> <span class='ocrx_word' id='word_1_355' title='bbox 746 4257 890 4310; x_wconf 88' lang='lat' dir='ltr'><strong>enim</strong></span> <span class='ocrx_word' id='word_1_356' title='bbox 919 4255 1073 4310; x_wconf 83' lang='lat' dir='ltr'><strong>fletus</strong></span> <span class='ocrx_word' id='word_1_357' title='bbox 1100 4257 1341 4312; x_wconf 90' lang='lat' dir='ltr'><strong>forenses</strong></span> <span class='ocrx_word' id='word_1_358' title='bbox 1368 4273 1475 4312; x_wconf 91' lang='lat' dir='ltr'><strong>non</strong></span> <span class='ocrx_word' id='word_1_359' title='bbox 1502 4274 1567 4313; x_wconf 82' lang='lat' dir='ltr'><strong>ex</strong></span> <span class='ocrx_word' id='word_1_360' title='bbox 1594 4258 1802 4327; x_wconf 90' lang='lat' dir='ltr'><strong>dolore,</strong></span> <span class='ocrx_word' id='word_1_361' title='bbox 1827 4274 1985 4329; x_wconf 90' lang='lat' dir='ltr'><strong>quem</strong></span> 
     </span>
    </p>
   </div>
   <div class='ocr_carea' id='block_1_44' title="bbox 406 4346 1983 4420">
    <p class='ocr_par' dir='ltr' id='par_1_44' title="bbox 406 4346 1983 4420">
     <span class='ocr_line' id='line_1_44' title="bbox 406 4346 1983 4420; baseline 0.004 -21"><span class='ocrx_word' id='word_1_362' title='bbox 406 4346 623 4416; x_wconf 84' lang='lat' dir='ltr'><strong>quidam</strong></span> <span class='ocrx_word' id='word_1_363' title='bbox 650 4356 856 4402; x_wconf 77' lang='lat' dir='ltr'><strong>natura:</strong></span> <span class='ocrx_word' id='word_1_364' title='bbox 901 4364 1197 4406; x_wconf 89' lang='lat' dir='ltr'><strong>consensus</strong></span> <span class='ocrx_word' id='word_1_365' title='bbox 1241 4350 1516 4417; x_wconf 88' lang='lat' dir='ltr'><strong>attulerit,</strong></span> <span class='ocrx_word' id='word_1_366' title='bbox 1549 4350 1983 4420; x_wconf 88' lang='lat' dir='ltr'><strong>proﬁciscuntur,</strong></span> 
     </span>
    </p>
   </div>
   <div class='ocr_carea' id='block_1_45' title="bbox 406 4440 1983 4514">
    <p class='ocr_par' dir='ltr' id='par_1_45' title="bbox 406 4440 1983 4514">
     <span class='ocr_line' id='line_1_45' title="bbox 406 4440 1983 4514; baseline 0.003 -21"><span class='ocrx_word' id='word_1_367' title='bbox 406 4440 502 4494; x_wconf 89' lang='lat' dir='ltr'><strong>sed</strong></span> <span class='ocrx_word' id='word_1_368' title='bbox 522 4455 598 4499; x_wconf 71' lang='grc' dir='ltr'><strong>,ει</strong></span> <span class='ocrx_word' id='word_1_369' title='bbox 623 4441 982 4496; x_wconf 90' lang='lat' dir='ltr'><strong>ostentatione</strong></span> <span class='ocrx_word' id='word_1_370' title='bbox 1007 4450 1061 4495; x_wconf 88' lang='lat' dir='ltr'><strong>et</strong></span> <span class='ocrx_word' id='word_1_371' title='bbox 1086 4442 1375 4496; x_wconf 85' lang='lat' dir='ltr'><strong>ambitione</strong></span> <span class='ocrx_word' id='word_1_372' title='bbox 1402 4450 1456 4497; x_wconf 91' lang='lat' dir='ltr'><strong>et</strong></span> <span class='ocrx_word' id='word_1_373' title='bbox 1484 4458 1636 4498; x_wconf 70' lang='lat' dir='ltr'><strong>vana:</strong></span> <span class='ocrx_word' id='word_1_374' title='bbox 1662 4444 1848 4514; x_wconf 66' lang='lat' dir='ltr'><strong>gloriae</strong></span> <span class='ocrx_word' id='word_1_375' title='bbox 1870 4453 1983 4499; x_wconf 87' lang='lat' dir='ltr'><strong>stu-</strong></span> 
     </span>
    </p>
   </div>
   <div class='ocr_carea' id='block_1_46' title="bbox 402 4528 1976 4605">
    <p class='ocr_par' dir='ltr' id='par_1_46' title="bbox 402 4528 1976 4605">
     <span class='ocr_line' id='line_1_46' title="bbox 402 4528 1976 4605; baseline 0.006 -23"><span class='ocrx_word' id='word_1_376' title='bbox 402 4528 493 4583; x_wconf 89' lang='lat' dir='ltr'><strong>dio</strong></span> <span class='ocrx_word' id='word_1_377' title='bbox 525 4546 541 4583; x_wconf 90' lang='lat'>:</span> <span class='ocrx_word' id='word_1_378' title='bbox 570 4530 692 4585; x_wconf 89' lang='lat' dir='ltr'><strong>ideo</strong></span> <span class='ocrx_word' id='word_1_379' title='bbox 719 4532 902 4587; x_wconf 72' lang='lat' dir='ltr'><strong>multze</strong></span> <span class='ocrx_word' id='word_1_380' title='bbox 946 4532 1288 4587; x_wconf 90' lang='lat' dir='ltr'><strong>inveniuntur</strong></span> <span class='ocrx_word' id='word_1_381' title='bbox 1330 4533 1581 4589; x_wconf 90' lang='lat' dir='ltr'><strong>mulieres</strong></span> <span class='ocrx_word' id='word_1_382' title='bbox 1609 4577 1623 4600; x_wconf 94' lang='lat'><strong>,</strong></span> <span class='ocrx_word' id='word_1_383' title='bbox 1653 4551 1771 4605; x_wconf 67' lang='lat' dir='ltr'><strong>quae</strong></span> <span class='ocrx_word' id='word_1_384' title='bbox 1816 4536 1976 4605; x_wconf 86' lang='lat' dir='ltr'><strong>hujus</strong></span> 
     </span>
    </p>
   </div>
   <div class='ocr_carea' id='block_1_47' title="bbox 404 4622 1987 4696">
    <p class='ocr_par' dir='ltr' id='par_1_47' title="bbox 404 4622 1987 4696">
     <span class='ocr_line' id='line_1_47' title="bbox 404 4622 1987 4696; baseline 0.005 -21"><span class='ocrx_word' id='word_1_385' title='bbox 404 4622 481 4676; x_wconf 88' lang='lat' dir='ltr'><strong>rei</strong></span> <span class='ocrx_word' id='word_1_386' title='bbox 524 4632 693 4678; x_wconf 91' lang='lat' dir='ltr'><strong>artem</strong></span> <span class='ocrx_word' id='word_1_387' title='bbox 741 4634 1013 4679; x_wconf 77' lang='lat' dir='ltr'><strong>exercent.</strong></span> <span class='ocrx_word' id='word_1_388' title='bbox 1046 4626 1240 4679; x_wconf 85' lang='lat' dir='ltr'><strong>Amare</strong></span> <span class='ocrx_word' id='word_1_389' title='bbox 1274 4625 1423 4692; x_wconf 89' lang='lat' dir='ltr'><strong>ﬁeas,</strong></span> <span class='ocrx_word' id='word_1_390' title='bbox 1458 4626 1600 4681; x_wconf 93' lang='lat' dir='ltr'><strong>domi</strong></span> <span class='ocrx_word' id='word_1_391' title='bbox 1650 4629 1828 4696; x_wconf 91' lang='lat' dir='ltr'><strong>plores</strong></span> <span class='ocrx_word' id='word_1_392' title='bbox 1849 4670 1862 4693; x_wconf 86' lang='lat'><strong>,</strong></span> <span class='ocrx_word' id='word_1_393' title='bbox 1896 4645 1987 4683; x_wconf 90' lang='lat' dir='ltr'><strong>ne-</strong></span> 
     </span>
    </p>
   </div>
   <div class='ocr_carea' id='block_1_48' title="bbox 402 4715 1984 4783">
    <p class='ocr_par' dir='ltr' id='par_1_48' title="bbox 402 4715 1984 4783">
     <span class='ocr_line' id='line_1_48' title="bbox 402 4715 1984 4783; baseline 0.004 -15"><span class='ocrx_word' id='word_1_394' title='bbox 402 4715 548 4770; x_wconf 82' lang='lat' dir='ltr'><strong>mine</strong></span> <span class='ocrx_word' id='word_1_395' title='bbox 588 4716 843 4782; x_wconf 89' lang='lat' dir='ltr'><strong>vidente;</strong></span> <span class='ocrx_word' id='word_1_396' title='bbox 873 4717 925 4771; x_wconf 90' lang='lat' dir='ltr'><strong>id</strong></span> <span class='ocrx_word' id='word_1_397' title='bbox 960 4718 1342 4773; x_wconf 73' lang='lat' dir='ltr'><strong>misericordiae</strong></span> <span class='ocrx_word' id='word_1_398' title='bbox 1362 4718 1529 4774; x_wconf 84' lang='lat' dir='ltr'><strong>fuerit</strong></span> <span class='ocrx_word' id='word_1_399' title='bbox 1556 4762 1570 4783; x_wconf 94' lang='lat'><strong>,</strong></span> <span class='ocrx_word' id='word_1_400' title='bbox 1615 4721 1665 4774; x_wconf 89' lang='lat' dir='ltr'><strong>id</strong></span> <span class='ocrx_word' id='word_1_401' title='bbox 1700 4720 1792 4774; x_wconf 82' lang='lat' dir='ltr'><strong>tibi</strong></span> <span class='ocrx_word' id='word_1_402' title='bbox 1823 4720 1984 4775; x_wconf 90' lang='lat' dir='ltr'><strong>etiam</strong></span> 
     </span>
    </p>
   </div>
   <div class='ocr_carea' id='block_1_49' title="bbox 403 4806 1983 4880">
    <p class='ocr_par' dir='ltr' id='par_1_49' title="bbox 403 4806 1983 4880">
     <span class='ocr_line' id='line_1_49' title="bbox 403 4806 1983 4880; baseline 0.004 -20"><span class='ocrx_word' id='word_1_403' title='bbox 403 4806 684 4876; x_wconf 80' lang='lat' dir='ltr'><strong>profuerit.</strong></span> <span class='ocrx_word' id='word_1_404' title='bbox 716 4807 846 4861; x_wconf 89' lang='lat' dir='ltr'><strong>Nam</strong></span> <span class='ocrx_word' id='word_1_405' title='bbox 878 4809 968 4877; x_wconf 92' lang='lat' dir='ltr'><strong>qui</strong></span> <span class='ocrx_word' id='word_1_406' title='bbox 999 4809 1148 4862; x_wconf 90' lang='lat' dir='ltr'><strong>illum</strong></span> <span class='ocrx_word' id='word_1_407' title='bbox 1172 4809 1274 4864; x_wconf 93' lang='lat' dir='ltr'><strong>hoc</strong></span> <span class='ocrx_word' id='word_1_408' title='bbox 1302 4810 1460 4864; x_wconf 86' lang='lat' dir='ltr'><strong>modo</strong></span> <span class='ocrx_word' id='word_1_409' title='bbox 1484 4811 1646 4880; x_wconf 88' lang='lat' dir='ltr'><strong>luget,</strong></span> <span class='ocrx_word' id='word_1_410' title='bbox 1678 4813 1847 4866; x_wconf 89' lang='lat' dir='ltr'><strong>multo</strong></span> <span class='ocrx_word' id='word_1_411' title='bbox 1869 4828 1983 4866; x_wconf 91' lang='lat' dir='ltr'><strong>ma-</strong></span> 
     </span>
    </p>
   </div>
   <div class='ocr_carea' id='block_1_50' title="bbox 400 4899 1983 4969">
    <p class='ocr_par' dir='ltr' id='par_1_50' title="bbox 400 4899 1983 4969">
     <span class='ocr_line' id='line_1_50' title="bbox 400 4899 1983 4969; baseline 0.004 -16"><span class='ocrx_word' id='word_1_412' title='bbox 400 4900 484 4968; x_wconf 86' lang='lat' dir='ltr'><strong>gis</strong></span> <span class='ocrx_word' id='word_1_413' title='bbox 505 4899 621 4969; x_wconf 91' lang='lat' dir='ltr'><strong>ipse</strong></span> <span class='ocrx_word' id='word_1_414' title='bbox 644 4900 873 4953; x_wconf 87' lang='lat' dir='ltr'><strong>studium</strong></span> <span class='ocrx_word' id='word_1_415' title='bbox 896 4899 1191 4965; x_wconf 85' lang='lat' dir='ltr'><strong>adhibebit,</strong></span> <span class='ocrx_word' id='word_1_416' title='bbox 1213 4918 1281 4955; x_wconf 92' lang='lat' dir='ltr'><strong>ne</strong></span> <span class='ocrx_word' id='word_1_417' title='bbox 1301 4901 1353 4956; x_wconf 92' lang='lat' dir='ltr'><strong>in</strong></span> <span class='ocrx_word' id='word_1_418' title='bbox 1382 4902 1567 4957; x_wconf 89' lang='lat' dir='ltr'><strong>eadem</strong></span> <span class='ocrx_word' id='word_1_419' title='bbox 1591 4903 1786 4958; x_wconf 89' lang='lat' dir='ltr'><strong>incidat</strong></span> <span class='ocrx_word' id='word_1_420' title='bbox 1812 4905 1945 4958; x_wconf 89' lang='lat' dir='ltr'><strong>mala</strong></span> <span class='ocrx_word' id='word_1_421' title='bbox 1968 4922 1983 4959; x_wconf 88' lang='lat'><strong>:</strong></span> 
     </span>
    </p>
   </div>
   <div class='ocr_carea' id='block_1_51' title="bbox 402 4992 1983 5066">
    <p class='ocr_par' dir='ltr' id='par_1_51' title="bbox 402 4992 1983 5066">
     <span class='ocr_line' id='line_1_51' title="bbox 402 4992 1983 5066; baseline 0.004 -21"><span class='ocrx_word' id='word_1_422' title='bbox 402 5005 666 5048; x_wconf 88' lang='lat' dir='ltr'><strong>terrorem</strong></span> <span class='ocrx_word' id='word_1_423' title='bbox 695 4992 787 5046; x_wconf 90' lang='lat' dir='ltr'><strong>tibi</strong></span> <span class='ocrx_word' id='word_1_424' title='bbox 811 4992 1034 5062; x_wconf 89' lang='lat' dir='ltr'><strong>posthac</strong></span> <span class='ocrx_word' id='word_1_425' title='bbox 1063 5002 1337 5061; x_wconf 86' lang='lat' dir='ltr'><strong>peceatum</strong></span> <span class='ocrx_word' id='word_1_426' title='bbox 1363 4995 1602 5050; x_wconf 90' lang='lat' dir='ltr'><strong>incutiet.</strong></span> <span class='ocrx_word' id='word_1_427' title='bbox 1634 4995 1983 5066; x_wconf 88' lang='lat' dir='ltr'><strong>Lugeinﬁde-</strong></span> 
     </span>
    </p>
   </div>
   <div class='ocr_carea' id='block_1_52' title="bbox 402 5084 1980 5159">
    <p class='ocr_par' dir='ltr' id='par_1_52' title="bbox 402 5084 1980 5159">
     <span class='ocr_line' id='line_1_52' title="bbox 402 5084 1980 5159; baseline 0.003 -19"><span class='ocrx_word' id='word_1_428' title='bbox 402 5088 499 5149; x_wconf 91' lang='lat' dir='ltr'><strong>les,</strong></span> <span class='ocrx_word' id='word_1_429' title='bbox 536 5086 655 5155; x_wconf 92' lang='lat' dir='ltr'><strong>lnge</strong></span> <span class='ocrx_word' id='word_1_430' title='bbox 685 5100 778 5139; x_wconf 92' lang='lat' dir='ltr'><strong>eos</strong></span> <span class='ocrx_word' id='word_1_431' title='bbox 820 5085 910 5155; x_wconf 93' lang='lat' dir='ltr'><strong>qui</strong></span> <span class='ocrx_word' id='word_1_432' title='bbox 939 5084 1077 5139; x_wconf 84' lang='lat' dir='ltr'><strong>nihil</strong></span> <span class='ocrx_word' id='word_1_433' title='bbox 1121 5086 1187 5139; x_wconf 89' lang='lat' dir='ltr'><strong>ab</strong></span> <span class='ocrx_word' id='word_1_434' title='bbox 1213 5085 1523 5141; x_wconf 88' lang='lat' dir='ltr'><strong>inﬁdelibus</strong></span> <span class='ocrx_word' id='word_1_435' title='bbox 1552 5086 1842 5155; x_wconf 80' lang='lat' dir='ltr'><strong>differunt,</strong></span> <span class='ocrx_word' id='word_1_436' title='bbox 1892 5092 1980 5159; x_wconf 90' lang='lat' dir='ltr'><strong>qui</strong></span> 
     </span>
    </p>
   </div>
   <div class='ocr_carea' id='block_1_53' title="bbox 400 5176 1980 5249">
    <p class='ocr_par' dir='ltr' id='par_1_53' title="bbox 400 5176 1980 5249">
     <span class='ocr_line' id='line_1_53' title="bbox 400 5176 1980 5249; baseline 0.003 -18"><span class='ocrx_word' id='word_1_437' title='bbox 400 5179 516 5233; x_wconf 83' lang='lat' dir='ltr'><strong>sine</strong></span> <span class='ocrx_word' id='word_1_438' title='bbox 560 5176 970 5243; x_wconf 86' lang='lat' dir='ltr'><strong>illuminatione,</strong></span> <span class='ocrx_word' id='word_1_439' title='bbox 1022 5178 1139 5232; x_wconf 91' lang='lat' dir='ltr'><strong>sine</strong></span> <span class='ocrx_word' id='word_1_440' title='bbox 1182 5178 1457 5249; x_wconf 88' lang='lat' dir='ltr'><strong>signaculo</strong></span> <span class='ocrx_word' id='word_1_441' title='bbox 1506 5179 1893 5235; x_wconf 85' lang='lat' dir='ltr'><strong>decesserunt:</strong></span> <span class='ocrx_word' id='word_1_442' title='bbox 1928 5182 1980 5235; x_wconf 86' lang='lat' dir='ltr'><strong>hi</strong></span> 
     </span>
    </p>
   </div>
   <div class='ocr_carea' id='block_1_54' title="bbox 401 5270 1983 5343">
    <p class='ocr_par' dir='ltr' id='par_1_54' title="bbox 401 5270 1983 5343">
     <span class='ocr_line' id='line_1_54' title="bbox 401 5270 1983 5343; baseline 0.003 -20"><span class='ocrx_word' id='word_1_443' title='bbox 401 5288 525 5327; x_wconf 84' lang='lat' dir='ltr'><strong>vere</strong></span> <span class='ocrx_word' id='word_1_444' title='bbox 549 5270 795 5325; x_wconf 88' lang='lat' dir='ltr'><strong>lamentis</strong></span> <span class='ocrx_word' id='word_1_445' title='bbox 832 5270 999 5340; x_wconf 84' lang='lat' dir='ltr'><strong>digni,</strong></span> <span class='ocrx_word' id='word_1_446' title='bbox 1031 5270 1084 5323; x_wconf 89' lang='lat' dir='ltr'><strong>hi</strong></span> <span class='ocrx_word' id='word_1_447' title='bbox 1114 5270 1365 5341; x_wconf 87' lang='lat' dir='ltr'><strong>lacrymis</strong></span> <span class='ocrx_word' id='word_1_448' title='bbox 1397 5289 1409 5325; x_wconf 91' lang='lat'><strong>:</strong></span> <span class='ocrx_word' id='word_1_449' title='bbox 1436 5282 1586 5326; x_wconf 77' lang='lat' dir='ltr'><strong>extra</strong></span> <span class='ocrx_word' id='word_1_450' title='bbox 1627 5273 1825 5343; x_wconf 87' lang='lat' dir='ltr'><strong>regiam</strong></span> <span class='ocrx_word' id='word_1_451' title='bbox 1857 5287 1983 5329; x_wconf 89' lang='lat' dir='ltr'><strong>sunt</strong></span> 
     </span>
    </p>
   </div>
   <div class='ocr_carea' id='block_1_55' title="bbox 400 5361 1981 5431">
    <p class='ocr_par' dir='ltr' id='par_1_55' title="bbox 400 5361 1981 5431">
     <span class='ocr_line' id='line_1_55' title="bbox 400 5361 1981 5431; baseline 0.003 -16"><span class='ocrx_word' id='word_1_452' title='bbox 400 5379 501 5417; x_wconf 89' lang='lat' dir='ltr'><strong>una</strong></span> <span class='ocrx_word' id='word_1_453' title='bbox 524 5377 643 5417; x_wconf 91' lang='lat' dir='ltr'><strong>cum</strong></span> <span class='ocrx_word' id='word_1_454' title='bbox 667 5361 855 5431; x_wconf 90' lang='lat' dir='ltr'><strong>iis,qui</strong></span> <span class='ocrx_word' id='word_1_455' title='bbox 876 5376 1046 5431; x_wconf 70' lang='lat' dir='ltr'><strong>poena:</strong></span> <span class='ocrx_word' id='word_1_456' title='bbox 1068 5369 1191 5415; x_wconf 88' lang='lat' dir='ltr'><strong>sunt</strong></span> <span class='ocrx_word' id='word_1_457' title='bbox 1215 5362 1453 5429; x_wconf 81' lang='lat' dir='ltr'><strong>obnoxii,</strong></span> <span class='ocrx_word' id='word_1_458' title='bbox 1479 5379 1581 5416; x_wconf 91' lang='lat' dir='ltr'><strong>una</strong></span> <span class='ocrx_word' id='word_1_459' title='bbox 1602 5380 1722 5418; x_wconf 88' lang='lat' dir='ltr'><strong>cum</strong></span> <span class='ocrx_word' id='word_1_460' title='bbox 1754 5364 1981 5419; x_wconf 88' lang='lat' dir='ltr'><strong>damna-</strong></span> 
     </span>
    </p>
   </div>
   <div class='ocr_carea' id='block_1_56' title="bbox 399 5454 1981 5526">
    <p class='ocr_par' dir='ltr' id='par_1_56' title="bbox 399 5454 1981 5526">
     <span class='ocr_line' id='line_1_56' title="bbox 399 5454 1981 5526; baseline 0.001 -18"><span class='ocrx_word' id='word_1_461' title='bbox 399 5458 488 5510; x_wconf 90' lang='lat' dir='ltr'><strong>tis.</strong></span> <span class='ocrx_word' id='word_1_462' title='bbox 514 5455 673 5509; x_wconf 83' lang='lat' dir='ltr'><strong>Amen</strong></span> <span class='ocrx_word' id='word_1_463' title='bbox 718 5455 831 5508; x_wconf 89' lang='lat' dir='ltr'><strong>dico</strong></span> <span class='ocrx_word' id='word_1_464' title='bbox 862 5454 1017 5520; x_wconf 87' lang='lat' dir='ltr'><strong>vobis,</strong></span> <span class='ocrx_word' id='word_1_465' title='bbox 1042 5454 1140 5507; x_wconf 87' lang='lat' dir='ltr'><strong>nisi</strong></span> <span class='ocrx_word' id='word_1_466' title='bbox 1165 5455 1275 5520; x_wconf 79' lang='lat' dir='ltr'><strong>quis</strong></span> <span class='ocrx_word' id='word_1_467' title='bbox 1323 5464 1471 5507; x_wconf 87' lang='lat' dir='ltr'><strong>natus</strong></span> <span class='ocrx_word' id='word_1_468' title='bbox 1502 5455 1653 5526; x_wconf 81' lang='lat' dir='ltr'><strong>fuerit</strong></span> <span class='ocrx_word' id='word_1_469' title='bbox 1674 5471 1737 5509; x_wconf 76' lang='lat' dir='ltr'><strong>ex</strong></span> <span class='ocrx_word' id='word_1_470' title='bbox 1772 5472 1903 5526; x_wconf 85' lang='lat' dir='ltr'><strong>aqua</strong></span> <span class='ocrx_word' id='word_1_471' title='bbox 1932 5466 1981 5510; x_wconf 81' lang='lat' dir='ltr'><strong>et</strong></span> 
     </span>
    </p>
   </div>
   <div class='ocr_carea' id='block_1_57' title="bbox 404 5546 1977 5617">
    <p class='ocr_par' dir='ltr' id='par_1_57' title="bbox 404 5546 1977 5617">
     <span class='ocr_line' id='line_1_57' title="bbox 404 5546 1977 5617; baseline -0.001 -16"><span class='ocrx_word' id='word_1_472' title='bbox 404 5547 626 5615; x_wconf 83' lang='lat' dir='ltr'><strong>Spiritu,</strong></span> <span class='ocrx_word' id='word_1_473' title='bbox 650 5564 751 5601; x_wconf 82' lang='lat' dir='ltr'><strong>non</strong></span> <span class='ocrx_word' id='word_1_474' title='bbox 773 5546 998 5600; x_wconf 85' lang='lat' dir='ltr'><strong>introibit</strong></span> <span class='ocrx_word' id='word_1_475' title='bbox 1022 5547 1075 5599; x_wconf 90' lang='lat' dir='ltr'><strong>in</strong></span> <span class='ocrx_word' id='word_1_476' title='bbox 1103 5562 1315 5617; x_wconf 78' lang='lat' dir='ltr'><strong>regnum</strong></span> <span class='ocrx_word' id='word_1_477' title='bbox 1346 5546 1585 5600; x_wconf 68' lang='lat' dir='ltr'><strong>caelorum</strong></span> <span class='ocrx_word' id='word_1_478' title='bbox 1608 5546 1786 5617; x_wconf 81' lang='lat' dir='ltr'><strong>(Joan.</strong></span> <span class='ocrx_word' id='word_1_479' title='bbox 1810 5549 1862 5603; x_wconf 82' lang='grc'><strong>’5.</strong></span> <span class='ocrx_word' id='word_1_480' title='bbox 1897 5549 1977 5617; x_wconf 83' lang='grc'><strong>5).</strong></span> 
     </span>
    </p>
   </div>
   <div class='ocr_carea' id='block_1_58' title="bbox 398 5638 1980 5709">
    <p class='ocr_par' dir='ltr' id='par_1_58' title="bbox 398 5638 1980 5709">
     <span class='ocr_line' id='line_1_58' title="bbox 398 5638 1980 5709; baseline 0.001 -16"><span class='ocrx_word' id='word_1_481' title='bbox 398 5639 543 5708; x_wconf 86' lang='lat' dir='ltr'><strong>Luge</strong></span> <span class='ocrx_word' id='word_1_482' title='bbox 583 5653 681 5694; x_wconf 90' lang='lat' dir='ltr'><strong>eos</strong></span> <span class='ocrx_word' id='word_1_483' title='bbox 706 5640 796 5709; x_wconf 90' lang='lat' dir='ltr'><strong>qui</strong></span> <span class='ocrx_word' id='word_1_484' title='bbox 825 5639 877 5693; x_wconf 91' lang='lat' dir='ltr'><strong>in</strong></span> <span class='ocrx_word' id='word_1_485' title='bbox 900 5638 1101 5693; x_wconf 87' lang='lat' dir='ltr'><strong>divitiis</strong></span> <span class='ocrx_word' id='word_1_486' title='bbox 1130 5648 1256 5692; x_wconf 90' lang='lat' dir='ltr'><strong>sunt</strong></span> <span class='ocrx_word' id='word_1_487' title='bbox 1293 5641 1524 5705; x_wconf 89' lang='lat' dir='ltr'><strong>mortui,</strong></span> <span class='ocrx_word' id='word_1_488' title='bbox 1549 5655 1670 5694; x_wconf 91' lang='lat' dir='ltr'><strong>cum</strong></span> <span class='ocrx_word' id='word_1_489' title='bbox 1693 5656 1755 5695; x_wconf 82' lang='lat' dir='ltr'><strong>ex</strong></span> <span class='ocrx_word' id='word_1_490' title='bbox 1781 5641 1980 5695; x_wconf 81' lang='lat' dir='ltr'><strong>divitiis</strong></span> 
     </span>
    </p>
   </div>
   <div class='ocr_carea' id='block_1_59' title="bbox 399 5731 1978 5803">
    <p class='ocr_par' dir='ltr' id='par_1_59' title="bbox 399 5731 1978 5803">
     <span class='ocr_line' id='line_1_59' title="bbox 399 5731 1978 5803; baseline 0.004 -19"><span class='ocrx_word' id='word_1_491' title='bbox 399 5732 602 5785; x_wconf 90' lang='lat' dir='ltr'><strong>nullum</strong></span> <span class='ocrx_word' id='word_1_492' title='bbox 646 5731 927 5787; x_wconf 84' lang='lat' dir='ltr'><strong>animabus</strong></span> <span class='ocrx_word' id='word_1_493' title='bbox 974 5731 1085 5787; x_wconf 92' lang='lat' dir='ltr'><strong>suis</strong></span> <span class='ocrx_word' id='word_1_494' title='bbox 1119 5731 1369 5787; x_wconf 89' lang='lat' dir='ltr'><strong>solatium</strong></span> <span class='ocrx_word' id='word_1_495' title='bbox 1397 5744 1797 5803; x_wconf 87' lang='lat' dir='ltr'><strong>comparassent</strong></span> <span class='ocrx_word' id='word_1_496' title='bbox 1840 5754 1852 5789; x_wconf 89' lang='lat'><em>:</em></span> <span class='ocrx_word' id='word_1_497' title='bbox 1887 5752 1978 5791; x_wconf 89' lang='lat' dir='ltr'><strong>eos</strong></span> 
     </span>
    </p>
   </div>
   <div class='ocr_carea' id='block_1_60' title="bbox 399 5824 1977 5899">
    <p class='ocr_par' dir='ltr' id='par_1_60' title="bbox 399 5824 1977 5899">
     <span class='ocr_line' id='line_1_60' title="bbox 399 5824 1977 5899; baseline 0.005 -21"><span class='ocrx_word' id='word_1_498' title='bbox 399 5824 591 5894; x_wconf 84' lang='lat' dir='ltr'><strong>quibus</strong></span> <span class='ocrx_word' id='word_1_499' title='bbox 634 5825 879 5881; x_wconf 84' lang='lat' dir='ltr'><strong>abluendi</strong></span> <span class='ocrx_word' id='word_1_500' title='bbox 922 5834 1138 5896; x_wconf 88' lang='lat' dir='ltr'><strong>peccata</strong></span> <span class='ocrx_word' id='word_1_501' title='bbox 1178 5842 1271 5885; x_wconf 87' lang='lat' dir='ltr'><strong>sua</strong></span> <span class='ocrx_word' id='word_1_502' title='bbox 1307 5837 1544 5898; x_wconf 79' lang='lat' dir='ltr'><strong>potestas</strong></span> <span class='ocrx_word' id='word_1_503' title='bbox 1591 5828 1727 5885; x_wconf 86' lang='lat' dir='ltr'><strong>facta</strong></span> <span class='ocrx_word' id='word_1_504' title='bbox 1758 5838 1892 5899; x_wconf 79' lang='lat' dir='ltr'><strong>erat,</strong></span> <span class='ocrx_word' id='word_1_505' title='bbox 1925 5839 1977 5886; x_wconf 88' lang='lat' dir='ltr'><strong>et</strong></span> 
     </span>
    </p>
   </div>
   <div class='ocr_carea' id='block_1_61' title="bbox 1166 342 2936 408">
    <p class='ocr_par' dir='ltr' id='par_1_61' title="bbox 1166 342 2936 408">
     <span class='ocr_line' id='line_1_61' title="bbox 1166 342 2936 408; baseline 0.003 -7"><span class='ocrx_word' id='word_1_506' title='bbox 1166 346 1222 401; x_wconf 92' lang='lat' dir='ltr'><strong>S.</strong></span> <span class='ocrx_word' id='word_1_507' title='bbox 1248 344 1524 400; x_wconf 82' lang='lat' dir='ltr'><strong>JOANNIS</strong></span> <span class='ocrx_word' id='word_1_508' title='bbox 1562 342 2022 400; x_wconf 77' lang='lat' dir='ltr'><strong>CHRYSOSTOMI</strong></span> <span class='ocrx_word' id='word_1_509' title='bbox 2060 342 2369 400; x_wconf 80' lang='lat' dir='ltr'><strong>ARClllEP.</strong></span> <span class='ocrx_word' id='word_1_510' title='bbox 2412 345 2936 408; x_wconf 74' lang='lat' dir='ltr'><strong>CONSTANTINOP.</strong></span> 
     </span>
    </p>
   </div>
   <div class='ocr_carea' id='block_1_62' title="bbox 3595 364 3696 419">
    <p class='ocr_par' dir='ltr' id='par_1_62' title="bbox 3595 364 3696 419">
     <span class='ocr_line' id='line_1_62' title="bbox 3595 364 3696 419; baseline 0.04 -3"><span class='ocrx_word' id='word_1_511' title='bbox 3595 364 3696 419; x_wconf 58' lang='lat'><strong>9.515</strong></span> 
     </span>
    </p>
   </div>
   <div class='ocr_carea' id='block_1_63' title="bbox 2116 463 3696 550">
    <p class='ocr_par' dir='ltr' id='par_1_63' title="bbox 2116 463 3696 550">
     <span class='ocr_line' id='line_1_63' title="bbox 2116 463 3696 550; baseline 0.016 -40"><span class='ocrx_word' id='word_1_512' title='bbox 2116 464 2422 515; x_wconf 88' lang='lat' dir='ltr'><strong>noluerunt.</strong></span> <span class='ocrx_word' id='word_1_513' title='bbox 2458 463 2565 518; x_wconf 93' lang='lat' dir='ltr'><strong>llos</strong></span> <span class='ocrx_word' id='word_1_514' title='bbox 2589 466 2801 535; x_wconf 80' lang='lat' dir='ltr'><strong>quidem</strong></span> <span class='ocrx_word' id='word_1_515' title='bbox 2832 483 2928 524; x_wconf 90' lang='lat' dir='ltr'><strong>nos</strong></span> <span class='ocrx_word' id='word_1_516' title='bbox 2958 484 3143 526; x_wconf 89' lang='lat' dir='ltr'><strong>omnes</strong></span> <span class='ocrx_word' id='word_1_517' title='bbox 3173 481 3225 527; x_wconf 91' lang='lat' dir='ltr'><strong>et</strong></span> <span class='ocrx_word' id='word_1_518' title='bbox 3257 474 3462 542; x_wconf 91' lang='lat' dir='ltr'><strong>publice</strong></span> <span class='ocrx_word' id='word_1_519' title='bbox 3502 488 3555 532; x_wconf 89' lang='lat' dir='ltr'><strong>et</strong></span> <span class='ocrx_word' id='word_1_520' title='bbox 3585 481 3696 550; x_wconf 86' lang='lat' dir='ltr'><strong>pri-</strong></span> 
     </span>
    </p>
   </div>
   <div class='ocr_carea' id='block_1_64' title="bbox 2116 552 3689 636">
    <p class='ocr_par' dir='ltr' id='par_1_64' title="bbox 2116 552 3689 636">
     <span class='ocr_line' id='line_1_64' title="bbox 2116 552 3689 636; baseline 0.016 -36"><span class='ocrx_word' id='word_1_521' title='bbox 2116 552 2275 603; x_wconf 85' lang='lat' dir='ltr'><strong>vatim</strong></span> <span class='ocrx_word' id='word_1_522' title='bbox 2300 552 2595 622; x_wconf 76' lang='lat' dir='ltr'><strong>lugeamus,</strong></span> <span class='ocrx_word' id='word_1_523' title='bbox 2624 557 2719 611; x_wconf 84' lang='lat' dir='ltr'><strong>sed</strong></span> <span class='ocrx_word' id='word_1_524' title='bbox 2744 558 2836 623; x_wconf 90' lang='lat' dir='ltr'><strong>ita,</strong></span> <span class='ocrx_word' id='word_1_525' title='bbox 2868 569 2924 613; x_wconf 93' lang='lat' dir='ltr'><strong>ut</strong></span> <span class='ocrx_word' id='word_1_526' title='bbox 2950 577 2978 615; x_wconf 92' lang='lat' dir='ltr'><strong>a</strong></span> <span class='ocrx_word' id='word_1_527' title='bbox 3003 562 3197 617; x_wconf 89' lang='lat' dir='ltr'><strong>decoro</strong></span> <span class='ocrx_word' id='word_1_528' title='bbox 3220 580 3287 619; x_wconf 86' lang='lat' dir='ltr'><strong>ne</strong></span> <span class='ocrx_word' id='word_1_529' title='bbox 3310 567 3610 636; x_wconf 81' lang='lat' dir='ltr'><strong>recedatur,</strong></span> <span class='ocrx_word' id='word_1_530' title='bbox 3630 583 3689 624; x_wconf 82' lang='lat' dir='ltr'><strong>ut</strong></span> 
     </span>
    </p>
   </div>
   <div class='ocr_carea' id='block_1_65' title="bbox 2113 641 3695 731">
    <p class='ocr_par' dir='ltr' id='par_1_65' title="bbox 2113 641 3695 731">
     <span class='ocr_line' id='line_1_65' title="bbox 2113 641 3695 731; baseline 0.016 -39"><span class='ocrx_word' id='word_1_531' title='bbox 2113 641 2427 709; x_wconf 80' lang='lat' dir='ltr'><strong>gravitatem</strong></span> <span class='ocrx_word' id='word_1_532' title='bbox 2460 654 2737 713; x_wconf 86' lang='lat' dir='ltr'><strong>tueamur,</strong></span> <span class='ocrx_word' id='word_1_533' title='bbox 2772 659 2918 706; x_wconf 91' lang='lat' dir='ltr'><strong>utne</strong></span> <span class='ocrx_word' id='word_1_534' title='bbox 2948 668 3047 707; x_wconf 91' lang='lat' dir='ltr'><strong>nos</strong></span> <span class='ocrx_word' id='word_1_535' title='bbox 3078 653 3222 724; x_wconf 87' lang='lat' dir='ltr'><strong>ipsos</strong></span> <span class='ocrx_word' id='word_1_536' title='bbox 3250 656 3482 714; x_wconf 80' lang='lat' dir='ltr'><strong>ludibrio</strong></span> <span class='ocrx_word' id='word_1_537' title='bbox 3524 675 3695 731; x_wconf 81' lang='lat' dir='ltr'><strong>expo-</strong></span> 
     </span>
    </p>
   </div>
   <div class='ocr_carea' id='block_1_66' title="bbox 2112 735 3695 821">
    <p class='ocr_par' dir='ltr' id='par_1_66' title="bbox 2112 735 3695 821">
     <span class='ocr_line' id='line_1_66' title="bbox 2112 735 3695 821; baseline 0.015 -35"><span class='ocrx_word' id='word_1_538' title='bbox 2112 748 2321 789; x_wconf 88' lang='lat' dir='ltr'><strong>namus.</strong></span> <span class='ocrx_word' id='word_1_539' title='bbox 2356 736 2463 791; x_wconf 89' lang='lat' dir='ltr'><strong>llos</strong></span> <span class='ocrx_word' id='word_1_540' title='bbox 2492 738 2767 808; x_wconf 87' lang='lat' dir='ltr'><strong>lugeamus</strong></span> <span class='ocrx_word' id='word_1_541' title='bbox 2799 759 2904 797; x_wconf 93' lang='lat' dir='ltr'><strong>non</strong></span> <span class='ocrx_word' id='word_1_542' title='bbox 2932 760 3093 799; x_wconf 92' lang='lat' dir='ltr'><strong>unum</strong></span> <span class='ocrx_word' id='word_1_543' title='bbox 3123 757 3215 802; x_wconf 90' lang='lat' dir='ltr'><strong>aut</strong></span> <span class='ocrx_word' id='word_1_544' title='bbox 3248 735 3482 806; x_wconf 59' lang='lat' dir='ltr'><strong>alterum</strong></span> <span class='ocrx_word' id='word_1_545' title='bbox 3508 753 3649 809; x_wconf 91' lang='lat' dir='ltr'><strong>diem</strong></span> <span class='ocrx_word' id='word_1_546' title='bbox 3680 798 3695 821; x_wconf 92' lang='lat'><strong>,</strong></span> 
     </span>
    </p>
   </div>
   <div class='ocr_carea' id='block_1_67' title="bbox 2110 825 3684 912">
    <p class='ocr_par' dir='ltr' id='par_1_67' title="bbox 2110 825 3684 912">
     <span class='ocr_line' id='line_1_67' title="bbox 2110 825 3684 912; baseline 0.015 -35"><span class='ocrx_word' id='word_1_547' title='bbox 2110 825 2203 878; x_wconf 90' lang='lat' dir='ltr'><strong>sed</strong></span> <span class='ocrx_word' id='word_1_548' title='bbox 2229 842 2323 895; x_wconf 92' lang='lat' dir='ltr'><strong>per</strong></span> <span class='ocrx_word' id='word_1_549' title='bbox 2350 842 2509 883; x_wconf 88' lang='lat' dir='ltr'><strong>omne</strong></span> <span class='ocrx_word' id='word_1_550' title='bbox 2530 831 2651 885; x_wconf 78' lang='lat' dir='ltr'><strong>vitze</strong></span> <span class='ocrx_word' id='word_1_551' title='bbox 2678 842 2877 890; x_wconf 80' lang='lat' dir='ltr'><strong>nostrae</strong></span> <span class='ocrx_word' id='word_1_552' title='bbox 2910 844 3137 906; x_wconf 89' lang='lat' dir='ltr'><strong>tempus.</strong></span> <span class='ocrx_word' id='word_1_553' title='bbox 3166 839 3442 912; x_wconf 71' lang='lat' dir='ltr'><strong>Lacrymze</strong></span> <span class='ocrx_word' id='word_1_554' title='bbox 3468 843 3551 899; x_wconf 70' lang='lat' dir='ltr'><strong>hae</strong></span> <span class='ocrx_word' id='word_1_555' title='bbox 3575 860 3684 901; x_wconf 85' lang='lat' dir='ltr'><strong>non</strong></span> 
     </span>
    </p>
   </div>
   <div class='ocr_carea' id='block_1_68' title="bbox 2110 922 3691 1003">
    <p class='ocr_par' dir='ltr' id='par_1_68' title="bbox 2110 922 3691 1003">
     <span class='ocr_line' id='line_1_68' title="bbox 2110 922 3691 1003; baseline 0.015 -34"><span class='ocrx_word' id='word_1_556' title='bbox 2110 927 2234 971; x_wconf 90' lang='lat' dir='ltr'><strong>sunt</strong></span> <span class='ocrx_word' id='word_1_557' title='bbox 2263 922 2490 974; x_wconf 90' lang='lat' dir='ltr'><strong>amentis</strong></span> <span class='ocrx_word' id='word_1_558' title='bbox 2514 925 2948 991; x_wconf 90' lang='lat' dir='ltr'><strong>perturbationis,</strong></span> <span class='ocrx_word' id='word_1_559' title='bbox 2979 938 3035 983; x_wconf 92' lang='lat' dir='ltr'><strong>at</strong></span> <span class='ocrx_word' id='word_1_560' title='bbox 3054 931 3165 985; x_wconf 92' lang='lat' dir='ltr'><strong>veri</strong></span> <span class='ocrx_word' id='word_1_561' title='bbox 3192 947 3254 986; x_wconf 90' lang='lat' dir='ltr'><strong>ac</strong></span> <span class='ocrx_word' id='word_1_562' title='bbox 3279 937 3516 1003; x_wconf 86' lang='lat' dir='ltr'><strong>germani</strong></span> <span class='ocrx_word' id='word_1_563' title='bbox 3539 953 3691 993; x_wconf 79' lang='lat' dir='ltr'><strong>amo-</strong></span> 
     </span>
    </p>
   </div>
   <div class='ocr_carea' id='block_1_69' title="bbox 2110 1008 3691 1097">
    <p class='ocr_par' dir='ltr' id='par_1_69' title="bbox 2110 1008 3691 1097">
     <span class='ocr_line' id='line_1_69' title="bbox 2110 1008 3691 1097; baseline 0.015 -36"><span class='ocrx_word' id='word_1_564' title='bbox 2110 1008 2183 1062; x_wconf 88' lang='lat' dir='ltr'><strong>ris</strong></span> <span class='ocrx_word' id='word_1_565' title='bbox 2210 1027 2223 1074; x_wconf 86' lang='lat'><strong>;</strong></span> <span class='ocrx_word' id='word_1_566' title='bbox 2268 1010 2372 1066; x_wconf 71' lang='lat' dir='ltr'><strong>illa:</strong></span> <span class='ocrx_word' id='word_1_567' title='bbox 2404 1028 2531 1066; x_wconf 93' lang='lat' dir='ltr'><strong>vero</strong></span> <span class='ocrx_word' id='word_1_568' title='bbox 2569 1018 2801 1071; x_wconf 91' lang='lat' dir='ltr'><strong>amentis</strong></span> <span class='ocrx_word' id='word_1_569' title='bbox 2829 1019 2986 1087; x_wconf 87' lang='lat' dir='ltr'><strong>plane</strong></span> <span class='ocrx_word' id='word_1_570' title='bbox 3017 1022 3314 1079; x_wconf 86' lang='lat' dir='ltr'><strong>afl&#39;ectionis</strong></span> <span class='ocrx_word' id='word_1_571' title='bbox 3347 1043 3360 1079; x_wconf 94' lang='lat'><strong>:</strong></span> <span class='ocrx_word' id='word_1_572' title='bbox 3409 1039 3691 1097; x_wconf 89' lang='lat' dir='ltr'><strong>propterea</strong></span> 
     </span>
    </p>
   </div>
   <div class='ocr_carea' id='block_1_70' title="bbox 2107 1102 3690 1191">
    <p class='ocr_par' dir='ltr' id='par_1_70' title="bbox 2107 1102 3690 1191">
     <span class='ocr_line' id='line_1_70' title="bbox 2107 1102 3690 1191; baseline 0.013 -35"><span class='ocrx_word' id='word_1_573' title='bbox 2107 1102 2265 1156; x_wconf 92' lang='lat' dir='ltr'><strong>etiam</strong></span> <span class='ocrx_word' id='word_1_574' title='bbox 2295 1104 2401 1159; x_wconf 91' lang='lat' dir='ltr'><strong>cito</strong></span> <span class='ocrx_word' id='word_1_575' title='bbox 2422 1118 2692 1163; x_wconf 89' lang='lat' dir='ltr'><strong>arescunt.</strong></span> <span class='ocrx_word' id='word_1_576' title='bbox 2725 1109 2854 1176; x_wconf 72' lang='lat' dir='ltr'><strong>ane</strong></span> <span class='ocrx_word' id='word_1_577' title='bbox 2876 1114 3017 1167; x_wconf 91' lang='lat' dir='ltr'><strong>enim</strong></span> <span class='ocrx_word' id='word_1_578' title='bbox 3042 1130 3105 1169; x_wconf 78' lang='lat' dir='ltr'><strong>ex</strong></span> <span class='ocrx_word' id='word_1_579' title='bbox 3140 1117 3231 1172; x_wconf 92' lang='lat' dir='ltr'><strong>Dei</strong></span> <span class='ocrx_word' id='word_1_580' title='bbox 3264 1120 3452 1174; x_wconf 90' lang='lat' dir='ltr'><strong>timore</strong></span> <span class='ocrx_word' id='word_1_581' title='bbox 3477 1123 3690 1191; x_wconf 82' lang='lat' dir='ltr'><strong>proﬁci-</strong></span> 
     </span>
    </p>
   </div>
   <div class='ocr_carea' id='block_1_71' title="bbox 2106 1203 3688 1286">
    <p class='ocr_par' dir='ltr' id='par_1_71' title="bbox 2106 1203 3688 1286">
     <span class='ocr_line' id='line_1_71' title="bbox 2106 1203 3688 1286; baseline 0.015 -36"><span class='ocrx_word' id='word_1_582' title='bbox 2106 1206 2347 1264; x_wconf 91' lang='lat' dir='ltr'><strong>scuntur,</strong></span> <span class='ocrx_word' id='word_1_583' title='bbox 2379 1214 2591 1270; x_wconf 89' lang='lat' dir='ltr'><strong>semper</strong></span> <span class='ocrx_word' id='word_1_584' title='bbox 2620 1203 2833 1259; x_wconf 88' lang='lat' dir='ltr'><strong>durant.</strong></span> <span class='ocrx_word' id='word_1_585' title='bbox 2869 1207 2977 1261; x_wconf 82' lang='lat' dir='ltr'><strong>llos</strong></span> <span class='ocrx_word' id='word_1_586' title='bbox 3007 1207 3172 1275; x_wconf 88' lang='lat' dir='ltr'><strong>igitur</strong></span> <span class='ocrx_word' id='word_1_587' title='bbox 3194 1214 3465 1281; x_wconf 85' lang='lat' dir='ltr'><strong>lugeamus</strong></span> <span class='ocrx_word' id='word_1_588' title='bbox 3485 1257 3500 1281; x_wconf 96' lang='lat'><strong>,</strong></span> <span class='ocrx_word' id='word_1_589' title='bbox 3533 1232 3688 1286; x_wconf 89' lang='lat' dir='ltr'><strong>opem</strong></span> 
     </span>
    </p>
   </div>
   <div class='ocr_carea' id='block_1_72' title="bbox 2106 1294 3687 1380">
    <p class='ocr_par' dir='ltr' id='par_1_72' title="bbox 2106 1294 3687 1380">
     <span class='ocr_line' id='line_1_72' title="bbox 2106 1294 3687 1380; baseline 0.012 -36"><span class='ocrx_word' id='word_1_590' title='bbox 2106 1307 2204 1358; x_wconf 90' lang='lat' dir='ltr'><strong>pro</strong></span> <span class='ocrx_word' id='word_1_591' title='bbox 2235 1294 2432 1348; x_wconf 90' lang='lat' dir='ltr'><strong>viribus</strong></span> <span class='ocrx_word' id='word_1_592' title='bbox 2463 1295 2717 1363; x_wconf 86' lang='lat' dir='ltr'><strong>feramus,</strong></span> <span class='ocrx_word' id='word_1_593' title='bbox 2749 1298 2966 1369; x_wconf 90' lang='lat' dir='ltr'><strong>aliquod</strong></span> <span class='ocrx_word' id='word_1_594' title='bbox 2992 1301 3160 1370; x_wconf 88' lang='lat' dir='ltr'><strong>ipsius</strong></span> <span class='ocrx_word' id='word_1_595' title='bbox 3182 1305 3441 1361; x_wconf 79' lang='lat' dir='ltr'><strong>auxilium</strong></span> <span class='ocrx_word' id='word_1_596' title='bbox 3469 1324 3687 1380; x_wconf 89' lang='lat' dir='ltr'><strong>compa-</strong></span> 
     </span>
    </p>
   </div>
   <div class='ocr_carea' id='block_1_73' title="bbox 2107 1387 3690 1464">
    <p class='ocr_par' dir='ltr' id='par_1_73' title="bbox 2107 1387 3690 1464">
     <span class='ocr_line' id='line_1_73' title="bbox 2107 1387 3690 1464; baseline 0.013 -27"><span class='ocrx_word' id='word_1_597' title='bbox 2107 1399 2307 1449; x_wconf 89' lang='lat' dir='ltr'><strong>remus,</strong></span> <span class='ocrx_word' id='word_1_598' title='bbox 2335 1387 2585 1456; x_wconf 81' lang='lat' dir='ltr'><strong>exiguum</strong></span> <span class='ocrx_word' id='word_1_599' title='bbox 2618 1389 2748 1444; x_wconf 91' lang='lat' dir='ltr'><strong>illud</strong></span> <span class='ocrx_word' id='word_1_600' title='bbox 2775 1392 3013 1460; x_wconf 91' lang='lat' dir='ltr'><strong>quidem,</strong></span> <span class='ocrx_word' id='word_1_601' title='bbox 3043 1394 3135 1448; x_wconf 90' lang='lat' dir='ltr'><strong>sed</strong></span> <span class='ocrx_word' id='word_1_602' title='bbox 3167 1397 3307 1464; x_wconf 91' lang='lat' dir='ltr'><strong>quod</strong></span> <span class='ocrx_word' id='word_1_603' title='bbox 3340 1408 3515 1454; x_wconf 89' lang='lat' dir='ltr'><strong>tamen</strong></span> <span class='ocrx_word' id='word_1_604' title='bbox 3540 1403 3690 1456; x_wconf 81' lang='lat' dir='ltr'><strong>auxi-</strong></span> 
     </span>
    </p>
   </div>
   <div class='ocr_carea' id='block_1_74' title="bbox 2106 1470 3688 1564">
    <p class='ocr_par' dir='ltr' id='par_1_74' title="bbox 2106 1470 3688 1564">
     <span class='ocr_line' id='line_1_74' title="bbox 2106 1470 3688 1564; baseline 0.013 -37"><span class='ocrx_word' id='word_1_605' title='bbox 2106 1474 2222 1528; x_wconf 91' lang='lat' dir='ltr'><strong>liari</strong></span> <span class='ocrx_word' id='word_1_606' title='bbox 2282 1487 2464 1546; x_wconf 86' lang='lat' dir='ltr'><strong>queat.</strong></span> <span class='ocrx_word' id='word_1_607' title='bbox 2517 1480 2836 1549; x_wconf 88' lang='lat' dir='ltr'><strong>Quomodo,</strong></span> <span class='ocrx_word' id='word_1_608' title='bbox 2871 1498 3043 1553; x_wconf 90' lang='lat' dir='ltr'><strong>quave</strong></span> <span class='ocrx_word' id='word_1_609' title='bbox 3094 1488 3347 1542; x_wconf 87' lang='lat' dir='ltr'><strong>ratione?</strong></span> <span class='ocrx_word' id='word_1_610' title='bbox 3400 1470 3553 1546; x_wconf 34' lang='lat' dir='ltr'><strong>Cum.</strong></span> <span class='ocrx_word' id='word_1_611' title='bbox 3588 1495 3688 1564; x_wconf 89' lang='lat' dir='ltr'><strong>ipsi</strong></span> 
     </span>
    </p>
   </div>
   <div class='ocr_carea' id='block_1_75' title="bbox 2105 1570 3685 1649">
    <p class='ocr_par' dir='ltr' id='par_1_75' title="bbox 2105 1570 3685 1649">
     <span class='ocr_line' id='line_1_75' title="bbox 2105 1570 3685 1649; baseline 0.015 -29"><span class='ocrx_word' id='word_1_612' title='bbox 2105 1582 2289 1635; x_wconf 88' lang='lat' dir='ltr'><strong>preces</strong></span> <span class='ocrx_word' id='word_1_613' title='bbox 2325 1570 2630 1637; x_wconf 85' lang='lat' dir='ltr'><strong>fundentes,</strong></span> <span class='ocrx_word' id='word_1_614' title='bbox 2666 1584 2776 1628; x_wconf 91' lang='lat' dir='ltr'><strong>tum</strong></span> <span class='ocrx_word' id='word_1_615' title='bbox 2804 1576 2937 1630; x_wconf 90' lang='lat' dir='ltr'><strong>alios</strong></span> <span class='ocrx_word' id='word_1_616' title='bbox 2968 1589 3022 1632; x_wconf 93' lang='lat' dir='ltr'><strong>ut</strong></span> <span class='ocrx_word' id='word_1_617' title='bbox 3064 1594 3160 1648; x_wconf 90' lang='lat' dir='ltr'><strong>pro</strong></span> <span class='ocrx_word' id='word_1_618' title='bbox 3190 1581 3320 1649; x_wconf 88' lang='lat' dir='ltr'><strong>ipsis</strong></span> <span class='ocrx_word' id='word_1_619' title='bbox 3347 1581 3568 1640; x_wconf 91' lang='lat' dir='ltr'><strong>fundant</strong></span> <span class='ocrx_word' id='word_1_620' title='bbox 3588 1587 3685 1642; x_wconf 88' lang='lat' dir='ltr'><strong>ob-</strong></span> 
     </span>
    </p>
   </div>
   <div class='ocr_carea' id='block_1_76' title="bbox 2104 1666 3686 1750">
    <p class='ocr_par' dir='ltr' id='par_1_76' title="bbox 2104 1666 3686 1750">
     <span class='ocr_line' id='line_1_76' title="bbox 2104 1666 3686 1750; baseline 0.013 -36"><span class='ocrx_word' id='word_1_621' title='bbox 2104 1673 2397 1727; x_wconf 79' lang='lat' dir='ltr'><strong>secrantes,</strong></span> <span class='ocrx_word' id='word_1_622' title='bbox 2420 1679 2480 1719; x_wconf 93' lang='lat' dir='ltr'><strong>ac</strong></span> <span class='ocrx_word' id='word_1_623' title='bbox 2508 1680 2604 1734; x_wconf 89' lang='lat' dir='ltr'><strong>pro</strong></span> <span class='ocrx_word' id='word_1_624' title='bbox 2626 1666 2756 1736; x_wconf 85' lang='lat' dir='ltr'><strong>ipsis</strong></span> <span class='ocrx_word' id='word_1_625' title='bbox 2776 1669 3085 1738; x_wconf 86' lang='lat' dir='ltr'><strong>frequenter</strong></span> <span class='ocrx_word' id='word_1_626' title='bbox 3104 1671 3291 1728; x_wconf 89' lang='lat' dir='ltr'><strong>dantes</strong></span> <span class='ocrx_word' id='word_1_627' title='bbox 3318 1676 3686 1750; x_wconf 84' lang='lat' dir='ltr'><strong>eleemosynas</strong></span> 
     </span>
    </p>
   </div>
   <div class='ocr_carea' id='block_1_77' title="bbox 2104 1754 3685 1832">
    <p class='ocr_par' dir='ltr' id='par_1_77' title="bbox 2104 1754 3685 1832">
     <span class='ocr_line' id='line_1_77' title="bbox 2104 1754 3685 1832; baseline 0.013 -27"><span class='ocrx_word' id='word_1_628' title='bbox 2104 1754 2444 1821; x_wconf 86' lang='lat' dir='ltr'><strong>pauperibus.</strong></span> <span class='ocrx_word' id='word_1_629' title='bbox 2472 1755 2640 1811; x_wconf 80' lang='lat' dir='ltr'><strong>All‘ert</strong></span> <span class='ocrx_word' id='word_1_630' title='bbox 2664 1757 2777 1813; x_wconf 59' lang='lat' dir='ltr'><strong>haec</strong></span> <span class='ocrx_word' id='word_1_631' title='bbox 2798 1775 2885 1814; x_wconf 90' lang='lat' dir='ltr'><strong>res</strong></span> <span class='ocrx_word' id='word_1_632' title='bbox 2916 1761 3111 1832; x_wconf 87' lang='lat' dir='ltr'><strong>aliquid</strong></span> <span class='ocrx_word' id='word_1_633' title='bbox 3142 1765 3315 1819; x_wconf 88' lang='lat' dir='ltr'><strong>solatii</strong></span> <span class='ocrx_word' id='word_1_634' title='bbox 3347 1783 3359 1819; x_wconf 96' lang='lat'>:</span> <span class='ocrx_word' id='word_1_635' title='bbox 3394 1768 3512 1822; x_wconf 91' lang='lat' dir='ltr'><strong>audi</strong></span> <span class='ocrx_word' id='word_1_636' title='bbox 3543 1770 3685 1825; x_wconf 89' lang='lat' dir='ltr'><strong>enim</strong></span> 
     </span>
    </p>
   </div>
   <div class='ocr_carea' id='block_1_78' title="bbox 2108 1845 3686 1933">
    <p class='ocr_par' dir='ltr' id='par_1_78' title="bbox 2108 1845 3686 1933">
     <span class='ocr_line' id='line_1_78' title="bbox 2108 1845 3686 1933; baseline 0.014 -37"><span class='ocrx_word' id='word_1_637' title='bbox 2108 1845 2271 1898; x_wconf 90' lang='lat' dir='ltr'><strong>Deum</strong></span> <span class='ocrx_word' id='word_1_638' title='bbox 2316 1847 2386 1899; x_wconf 89' lang='lat' dir='ltr'><strong>ita</strong></span> <span class='ocrx_word' id='word_1_639' title='bbox 2434 1847 2699 1904; x_wconf 88' lang='lat' dir='ltr'><strong>dicentem</strong></span> <span class='ocrx_word' id='word_1_640' title='bbox 2734 1869 2746 1904; x_wconf 92' lang='lat'><strong>:</strong></span> <span class='ocrx_word' id='word_1_641' title='bbox 2783 1850 3058 1923; x_wconf 83' lang='lat' dir='ltr'><strong>Protegom</strong></span> <span class='ocrx_word' id='word_1_642' title='bbox 3090 1857 3261 1911; x_wconf 85' lang='lat' dir='ltr'><strong>urbem</strong></span> <span class='ocrx_word' id='word_1_643' title='bbox 3310 1859 3441 1913; x_wconf 85' lang='lat' dir='ltr'><strong>hanc</strong></span> <span class='ocrx_word' id='word_1_644' title='bbox 3484 1872 3686 1933; x_wconf 84' lang='lat' dir='ltr'><strong>prapter</strong></span> 
     </span>
    </p>
   </div>
   <div class='ocr_carea' id='block_1_79' title="bbox 2104 1939 3685 2025">
    <p class='ocr_par' dir='ltr' id='par_1_79' title="bbox 2104 1939 3685 2025">
     <span class='ocr_line' id='line_1_79' title="bbox 2104 1939 3685 2025; baseline 0.016 -39"><span class='ocrx_word' id='word_1_645' title='bbox 2104 1950 2202 2000; x_wconf 87' lang='lat' dir='ltr'><strong>me,</strong></span> <span class='ocrx_word' id='word_1_646' title='bbox 2237 1947 2281 1989; x_wconf 81' lang='lat' dir='ltr'><strong>et</strong></span> <span class='ocrx_word' id='word_1_647' title='bbox 2303 1949 2508 2007; x_wconf 81' lang='lat' dir='ltr'><strong>prapter</strong></span> <span class='ocrx_word' id='word_1_648' title='bbox 2533 1939 2699 1994; x_wconf 85' lang='lat' dir='ltr'><strong>David</strong></span> <span class='ocrx_word' id='word_1_649' title='bbox 2723 1958 2923 1997; x_wconf 87' lang='lat' dir='ltr'><strong>servum</strong></span> <span class='ocrx_word' id='word_1_650' title='bbox 2948 1962 3113 1999; x_wconf 88' lang='lat' dir='ltr'><strong>meum</strong></span> <span class='ocrx_word' id='word_1_651' title='bbox 3140 1948 3217 2017; x_wconf 75' lang='grc'><strong>(4.</strong></span> <span class='ocrx_word' id='word_1_652' title='bbox 3251 1949 3378 2021; x_wconf 81' lang='lat' dir='ltr'><strong>Reg.</strong></span> <span class='ocrx_word' id='word_1_653' title='bbox 3401 1951 3490 2007; x_wconf 81' lang='lat'><strong>‘20.</strong></span> <span class='ocrx_word' id='word_1_654' title='bbox 3523 1954 3598 2025; x_wconf 88' lang='lat'><strong>6).</strong></span> <span class='ocrx_word' id='word_1_655' title='bbox 3628 1957 3685 2012; x_wconf 88' lang='lat' dir='ltr'><strong>Si</strong></span> 
     </span>
    </p>
   </div>
   <div class='ocr_carea' id='block_1_80' title="bbox 2103 2026 3684 2113">
    <p class='ocr_par' dir='ltr' id='par_1_80' title="bbox 2103 2026 3684 2113">
     <span class='ocr_line' id='line_1_80' title="bbox 2103 2026 3684 2113; baseline 0.015 -34"><span class='ocrx_word' id='word_1_656' title='bbox 2103 2026 2213 2080; x_wconf 91' lang='lat' dir='ltr'><strong>sola</strong></span> <span class='ocrx_word' id='word_1_657' title='bbox 2235 2027 2364 2097; x_wconf 86' lang='lat' dir='ltr'><strong>justi</strong></span> <span class='ocrx_word' id='word_1_658' title='bbox 2392 2034 2645 2085; x_wconf 90' lang='lat' dir='ltr'><strong>memoria</strong></span> <span class='ocrx_word' id='word_1_659' title='bbox 2678 2041 2883 2088; x_wconf 92' lang='lat' dir='ltr'><strong>tantum</strong></span> <span class='ocrx_word' id='word_1_660' title='bbox 2913 2037 3097 2102; x_wconf 91' lang='lat' dir='ltr'><strong>valuit,</strong></span> <span class='ocrx_word' id='word_1_661' title='bbox 3125 2038 3214 2093; x_wconf 92' lang='lat' dir='ltr'><strong>ubi</strong></span> <span class='ocrx_word' id='word_1_662' title='bbox 3237 2055 3397 2111; x_wconf 90' lang='lat' dir='ltr'><strong>opera</strong></span> <span class='ocrx_word' id='word_1_663' title='bbox 3425 2056 3684 2113; x_wconf 64' lang='lat' dir='ltr'><strong>praaterea</strong></span> 
     </span>
    </p>
   </div>
   <div class='ocr_carea' id='block_1_81' title="bbox 2104 2122 3685 2199">
    <p class='ocr_par' dir='ltr' id='par_1_81' title="bbox 2104 2122 3685 2199">
     <span class='ocr_line' id='line_1_81' title="bbox 2104 2122 3685 2199; baseline 0.015 -30"><span class='ocrx_word' id='word_1_664' title='bbox 2104 2133 2200 2185; x_wconf 90' lang='lat' dir='ltr'><strong>pro</strong></span> <span class='ocrx_word' id='word_1_665' title='bbox 2239 2131 2449 2175; x_wconf 87' lang='lat' dir='ltr'><strong>mortuo</strong></span> <span class='ocrx_word' id='word_1_666' title='bbox 2498 2122 2662 2191; x_wconf 90' lang='lat' dir='ltr'><strong>ﬁant,</strong></span> <span class='ocrx_word' id='word_1_667' title='bbox 2722 2126 2847 2193; x_wconf 87' lang='lat' dir='ltr'><strong>quid</strong></span> <span class='ocrx_word' id='word_1_668' title='bbox 2904 2142 3011 2181; x_wconf 91' lang='lat' dir='ltr'><strong>non</strong></span> <span class='ocrx_word' id='word_1_669' title='bbox 3070 2133 3357 2199; x_wconf 90' lang='lat' dir='ltr'><strong>poterunt?</strong></span> <span class='ocrx_word' id='word_1_670' title='bbox 3394 2134 3509 2188; x_wconf 87' lang='lat' dir='ltr'><strong>Non</strong></span> <span class='ocrx_word' id='word_1_671' title='bbox 3567 2136 3685 2192; x_wconf 82' lang='lat' dir='ltr'><strong>fru-</strong></span> 
     </span>
    </p>
   </div>
   <div class='ocr_carea' id='block_1_82' title="bbox 2102 2210 3687 2291">
    <p class='ocr_par' dir='ltr' id='par_1_82' title="bbox 2102 2210 3687 2291">
     <span class='ocr_line' id='line_1_82' title="bbox 2102 2210 3687 2291; baseline 0.013 -28"><span class='ocrx_word' id='word_1_672' title='bbox 2102 2218 2211 2263; x_wconf 83' lang='lat' dir='ltr'><strong>Stra</strong></span> <span class='ocrx_word' id='word_1_673' title='bbox 2264 2210 2378 2266; x_wconf 78' lang='lat' dir='ltr'><strong>haec</strong></span> <span class='ocrx_word' id='word_1_674' title='bbox 2430 2212 2499 2266; x_wconf 89' lang='lat' dir='ltr'><strong>ab</strong></span> <span class='ocrx_word' id='word_1_675' title='bbox 2538 2216 2797 2283; x_wconf 87' lang='lat' dir='ltr'><strong>apostolis</strong></span> <span class='ocrx_word' id='word_1_676' title='bbox 2853 2227 2977 2272; x_wconf 90' lang='lat' dir='ltr'><strong>sunt</strong></span> <span class='ocrx_word' id='word_1_677' title='bbox 3032 2219 3238 2291; x_wconf 88' lang='lat' dir='ltr'><strong>legibus</strong></span> <span class='ocrx_word' id='word_1_678' title='bbox 3263 2225 3591 2282; x_wconf 87' lang='lat' dir='ltr'><strong>constituta:</strong></span> <span class='ocrx_word' id='word_1_679' title='bbox 3629 2240 3687 2284; x_wconf 92' lang='lat' dir='ltr'><strong>ut</strong></span> 
     </span>
    </p>
   </div>
   <div class='ocr_carea' id='block_1_83' title="bbox 2069 2300 3686 2389">
    <p class='ocr_par' dir='ltr' id='par_1_83' title="bbox 2069 2300 3686 2389">
     <span class='ocr_line' id='line_1_83' title="bbox 2069 2300 3686 2389; baseline 0.014 -35"><span class='ocrx_word' id='word_1_680' title='bbox 2069 2300 2154 2355; x_wconf 64' lang='lat' dir='ltr'><strong>“in</strong></span> <span class='ocrx_word' id='word_1_681' title='bbox 2186 2305 2501 2359; x_wconf 88' lang='lat' dir='ltr'><strong>venerandis</strong></span> <span class='ocrx_word' id='word_1_682' title='bbox 2524 2348 2539 2372; x_wconf 92' lang='lat'><strong>,</strong></span> <span class='ocrx_word' id='word_1_683' title='bbox 2599 2308 2813 2377; x_wconf 91' lang='lat' dir='ltr'><strong>inquam</strong></span> <span class='ocrx_word' id='word_1_684' title='bbox 2843 2351 2858 2377; x_wconf 97' lang='lat'><strong>,</strong></span> <span class='ocrx_word' id='word_1_685' title='bbox 2888 2320 3048 2382; x_wconf 87' lang='lat' dir='ltr'><strong>atque</strong></span> <span class='ocrx_word' id='word_1_686' title='bbox 3106 2313 3370 2371; x_wconf 85' lang='lat' dir='ltr'><strong>horriﬁcis</strong></span> <span class='ocrx_word' id='word_1_687' title='bbox 3414 2323 3686 2389; x_wconf 86' lang='lat' dir='ltr'><strong>mysteriis</strong></span> 
     </span>
    </p>
   </div>
   <div class='ocr_carea' id='block_1_84' title="bbox 2101 2396 3686 2470">
    <p class='ocr_par' dir='ltr' id='par_1_84' title="bbox 2101 2396 3686 2470">
     <span class='ocr_line' id='line_1_84' title="bbox 2101 2396 3686 2470; baseline 0.012 -23"><span class='ocrx_word' id='word_1_688' title='bbox 2101 2396 2358 2450; x_wconf 88' lang='lat' dir='ltr'><strong>memoria</strong></span> <span class='ocrx_word' id='word_1_689' title='bbox 2417 2411 2603 2453; x_wconf 89' lang='lat' dir='ltr'><strong>eorum</strong></span> <span class='ocrx_word' id='word_1_690' title='bbox 2653 2398 2791 2468; x_wconf 87' lang='lat' dir='ltr'><strong>fiat,</strong></span> <span class='ocrx_word' id='word_1_691' title='bbox 2827 2402 2915 2470; x_wconf 87' lang='lat' dir='ltr'><strong>qui</strong></span> <span class='ocrx_word' id='word_1_692' title='bbox 2966 2402 3315 2460; x_wconf 90' lang='lat' dir='ltr'><strong>decesserunt</strong></span> <span class='ocrx_word' id='word_1_693' title='bbox 3360 2424 3374 2459; x_wconf 92' lang='lat'><strong>:</strong></span> <span class='ocrx_word' id='word_1_694' title='bbox 3426 2424 3686 2466; x_wconf 89' lang='lat' dir='ltr'><strong>noverant</strong></span> 
     </span>
    </p>
   </div>
   <div class='ocr_carea' id='block_1_85' title="bbox 2102 2486 3685 2565">
    <p class='ocr_par' dir='ltr' id='par_1_85' title="bbox 2102 2486 3685 2565">
     <span class='ocr_line' id='line_1_85' title="bbox 2102 2486 3685 2565; baseline 0.012 -26"><span class='ocrx_word' id='word_1_695' title='bbox 2102 2486 2225 2541; x_wconf 86' lang='lat' dir='ltr'><strong>hinc</strong></span> <span class='ocrx_word' id='word_1_696' title='bbox 2272 2488 2494 2544; x_wconf 89' lang='lat' dir='ltr'><strong>multum</strong></span> <span class='ocrx_word' id='word_1_697' title='bbox 2544 2490 2612 2545; x_wconf 91' lang='lat' dir='ltr'><strong>ad</strong></span> <span class='ocrx_word' id='word_1_698' title='bbox 2656 2492 2777 2547; x_wconf 85' lang='lat' dir='ltr'><strong>illos</strong></span> <span class='ocrx_word' id='word_1_699' title='bbox 2824 2493 2955 2548; x_wconf 93' lang='lat' dir='ltr'><strong>lucri</strong></span> <span class='ocrx_word' id='word_1_700' title='bbox 3004 2497 3279 2565; x_wconf 82' lang='lat' dir='ltr'><strong>accedere,</strong></span> <span class='ocrx_word' id='word_1_701' title='bbox 3309 2500 3531 2556; x_wconf 92' lang='lat' dir='ltr'><strong>multum</strong></span> <span class='ocrx_word' id='word_1_702' title='bbox 3579 2506 3685 2558; x_wconf 59' lang='lat' dir='ltr'><strong>uti.</strong></span> 
     </span>
    </p>
   </div>
   <div class='ocr_carea' id='block_1_86' title="bbox 2100 2580 3686 2665">
    <p class='ocr_par' dir='ltr' id='par_1_86' title="bbox 2100 2580 3686 2665">
     <span class='ocr_line' id='line_1_86' title="bbox 2100 2580 3686 2665; baseline 0.011 -32"><span class='ocrx_word' id='word_1_703' title='bbox 2100 2580 2287 2635; x_wconf 83' lang='lat' dir='ltr'><strong>litatis.</strong></span> <span class='ocrx_word' id='word_1_704' title='bbox 2345 2582 2425 2637; x_wconf 89' lang='lat' dir='ltr'><strong>Eo</strong></span> <span class='ocrx_word' id='word_1_705' title='bbox 2469 2584 2611 2638; x_wconf 91' lang='lat' dir='ltr'><strong>enim</strong></span> <span class='ocrx_word' id='word_1_706' title='bbox 2674 2593 2952 2655; x_wconf 88' lang='lat' dir='ltr'><strong>tempore,</strong></span> <span class='ocrx_word' id='word_1_707' title='bbox 3007 2603 3112 2657; x_wconf 92' lang='lat' dir='ltr'><strong>quo</strong></span> <span class='ocrx_word' id='word_1_708' title='bbox 3180 2593 3460 2648; x_wconf 87' lang='lat' dir='ltr'><strong>universus</strong></span> <span class='ocrx_word' id='word_1_709' title='bbox 3513 2609 3686 2665; x_wconf 89' lang='lat' dir='ltr'><strong>popu-</strong></span> 
     </span>
    </p>
   </div>
   <div class='ocr_carea' id='block_1_87' title="bbox 2102 2670 3686 2753">
    <p class='ocr_par' dir='ltr' id='par_1_87' title="bbox 2102 2670 3686 2753">
     <span class='ocr_line' id='line_1_87' title="bbox 2102 2670 3686 2753; baseline 0.012 -29"><span class='ocrx_word' id='word_1_710' title='bbox 2102 2670 2183 2727; x_wconf 90' lang='lat' dir='ltr'><strong>lus</strong></span> <span class='ocrx_word' id='word_1_711' title='bbox 2228 2681 2334 2727; x_wconf 88' lang='lat' dir='ltr'><strong>stat</strong></span> <span class='ocrx_word' id='word_1_712' title='bbox 2375 2675 2625 2730; x_wconf 86' lang='lat' dir='ltr'><strong>manibus</strong></span> <span class='ocrx_word' id='word_1_713' title='bbox 2672 2676 2843 2745; x_wconf 89' lang='lat' dir='ltr'><strong>passis</strong></span> <span class='ocrx_word' id='word_1_714' title='bbox 2877 2692 2941 2731; x_wconf 89' lang='lat' dir='ltr'><strong>ac</strong></span> <span class='ocrx_word' id='word_1_715' title='bbox 2992 2688 3165 2734; x_wconf 77' lang='lat' dir='ltr'><strong>ccetus</strong></span> <span class='ocrx_word' id='word_1_716' title='bbox 3214 2682 3582 2753; x_wconf 88' lang='lat' dir='ltr'><strong>sacerdotalis,</strong></span> <span class='ocrx_word' id='word_1_717' title='bbox 3632 2697 3686 2742; x_wconf 89' lang='lat' dir='ltr'><strong>et</strong></span> 
     </span>
    </p>
   </div>
   <div class='ocr_carea' id='block_1_88' title="bbox 2100 2761 3681 2841">
    <p class='ocr_par' dir='ltr' id='par_1_88' title="bbox 2100 2761 3681 2841">
     <span class='ocr_line' id='line_1_88' title="bbox 2100 2761 3681 2841; baseline 0.011 -26"><span class='ocrx_word' id='word_1_718' title='bbox 2100 2761 2231 2816; x_wconf 91' lang='lat' dir='ltr'><strong>illud</strong></span> <span class='ocrx_word' id='word_1_719' title='bbox 2252 2763 2528 2820; x_wconf 83' lang='lat' dir='ltr'><strong>horrorem</strong></span> <span class='ocrx_word' id='word_1_720' title='bbox 2556 2766 2822 2822; x_wconf 91' lang='lat' dir='ltr'><strong>incutiens</strong></span> <span class='ocrx_word' id='word_1_721' title='bbox 2843 2768 3161 2823; x_wconf 89' lang='lat' dir='ltr'><strong>sacriﬁcium</strong></span> <span class='ocrx_word' id='word_1_722' title='bbox 3190 2786 3204 2834; x_wconf 92' lang='lat'><strong>;</strong></span> <span class='ocrx_word' id='word_1_723' title='bbox 3230 2774 3498 2841; x_wconf 90' lang='lat' dir='ltr'><strong>quomodo</strong></span> <span class='ocrx_word' id='word_1_724' title='bbox 3513 2775 3681 2835; x_wconf 88' lang='lat' dir='ltr'><strong>Deum</strong></span> 
     </span>
    </p>
   </div>
   <div class='ocr_carea' id='block_1_89' title="bbox 2100 2855 3677 2936">
    <p class='ocr_par' dir='ltr' id='par_1_89' title="bbox 2100 2855 3677 2936">
     <span class='ocr_line' id='line_1_89' title="bbox 2100 2855 3677 2936; baseline 0.01 -28"><span class='ocrx_word' id='word_1_725' title='bbox 2100 2869 2206 2909; x_wconf 91' lang='lat' dir='ltr'><strong>non</strong></span> <span class='ocrx_word' id='word_1_726' title='bbox 2247 2855 2572 2925; x_wconf 87' lang='lat' dir='ltr'><strong>placabimus</strong></span> <span class='ocrx_word' id='word_1_727' title='bbox 2603 2872 2700 2927; x_wconf 90' lang='lat' dir='ltr'><strong>pro</strong></span> <span class='ocrx_word' id='word_1_728' title='bbox 2727 2858 2848 2912; x_wconf 92' lang='lat' dir='ltr'><strong>istis</strong></span> <span class='ocrx_word' id='word_1_729' title='bbox 2873 2861 3134 2914; x_wconf 85' lang='lat' dir='ltr'><strong>orantes?</strong></span> <span class='ocrx_word' id='word_1_730' title='bbox 3165 2860 3343 2932; x_wconf 86' lang='lat' dir='ltr'><strong>Atque</strong></span> <span class='ocrx_word' id='word_1_731' title='bbox 3380 2864 3435 2919; x_wconf 91' lang='lat' dir='ltr'><strong>id</strong></span> <span class='ocrx_word' id='word_1_732' title='bbox 3458 2866 3677 2936; x_wconf 78' lang='lat' dir='ltr'><strong>quidem</strong></span> 
     </span>
    </p>
   </div>
   <div class='ocr_carea' id='block_1_90' title="bbox 2099 2948 3687 3020">
    <p class='ocr_par' dir='ltr' id='par_1_90' title="bbox 2099 2948 3687 3020">
     <span class='ocr_line' id='line_1_90' title="bbox 2099 2948 3687 3020; baseline 0.011 -18"><span class='ocrx_word' id='word_1_733' title='bbox 2099 2948 2167 3003; x_wconf 95' lang='lat' dir='ltr'><strong>de</strong></span> <span class='ocrx_word' id='word_1_734' title='bbox 2204 2949 2302 3017; x_wconf 87' lang='lat' dir='ltr'><strong>iis,</strong></span> <span class='ocrx_word' id='word_1_735' title='bbox 2333 2950 2425 3020; x_wconf 92' lang='lat' dir='ltr'><strong>qui</strong></span> <span class='ocrx_word' id='word_1_736' title='bbox 2476 2950 2529 3005; x_wconf 86' lang='lat' dir='ltr'><strong>in</strong></span> <span class='ocrx_word' id='word_1_737' title='bbox 2574 2950 2678 3007; x_wconf 91' lang='lat' dir='ltr'><strong>ﬁde</strong></span> <span class='ocrx_word' id='word_1_738' title='bbox 2723 2951 3110 3009; x_wconf 88' lang='lat' dir='ltr'><strong>decesserunt:</strong></span> <span class='ocrx_word' id='word_1_739' title='bbox 3147 2957 3514 3015; x_wconf 90' lang='lat' dir='ltr'><strong>catechumeni</strong></span> <span class='ocrx_word' id='word_1_740' title='bbox 3559 2978 3687 3019; x_wconf 90' lang='lat' dir='ltr'><strong>vero</strong></span> 
     </span>
    </p>
   </div>
   <div class='ocr_carea' id='block_1_91' title="bbox 2098 3040 3669 3113">
    <p class='ocr_par' dir='ltr' id='par_1_91' title="bbox 2098 3040 3669 3113">
     <span class='ocr_line' id='line_1_91' title="bbox 2098 3040 3669 3113; baseline 0.011 -21"><span class='ocrx_word' id='word_1_741' title='bbox 2098 3054 2271 3109; x_wconf 86' lang='lat' dir='ltr'><strong>neque</strong></span> <span class='ocrx_word' id='word_1_742' title='bbox 2300 3040 2398 3096; x_wconf 89' lang='lat' dir='ltr'><strong>hac</strong></span> <span class='ocrx_word' id='word_1_743' title='bbox 2422 3040 2708 3112; x_wconf 91' lang='lat' dir='ltr'><strong>dignantur</strong></span> <span class='ocrx_word' id='word_1_744' title='bbox 2730 3045 3101 3100; x_wconf 91' lang='lat' dir='ltr'><strong>consolatione</strong></span> <span class='ocrx_word' id='word_1_745' title='bbox 3120 3087 3135 3113; x_wconf 93' lang='lat'><strong>,</strong></span> <span class='ocrx_word' id='word_1_746' title='bbox 3174 3047 3267 3101; x_wconf 90' lang='lat' dir='ltr'><strong>sed</strong></span> <span class='ocrx_word' id='word_1_747' title='bbox 3298 3052 3442 3104; x_wconf 92' lang='lat' dir='ltr'><strong>omni</strong></span> <span class='ocrx_word' id='word_1_748' title='bbox 3470 3054 3669 3108; x_wconf 80' lang='lat' dir='ltr'><strong>auxilio</strong></span> 
     </span>
    </p>
   </div>
   <div class='ocr_carea' id='block_1_92' title="bbox 2099 3133 3683 3208">
    <p class='ocr_par' dir='ltr' id='par_1_92' title="bbox 2099 3133 3683 3208">
     <span class='ocr_line' id='line_1_92' title="bbox 2099 3133 3683 3208; baseline 0.011 -24"><span class='ocrx_word' id='word_1_749' title='bbox 2099 3143 2226 3186; x_wconf 89' lang='lat' dir='ltr'><strong>sunt</strong></span> <span class='ocrx_word' id='word_1_750' title='bbox 2249 3133 2511 3201; x_wconf 80' lang='lat' dir='ltr'><strong>destituti,</strong></span> <span class='ocrx_word' id='word_1_751' title='bbox 2539 3150 2645 3190; x_wconf 87' lang='lat' dir='ltr'><strong>uno</strong></span> <span class='ocrx_word' id='word_1_752' title='bbox 2667 3136 2899 3205; x_wconf 82' lang='lat' dir='ltr'><strong>quodam</strong></span> <span class='ocrx_word' id='word_1_753' title='bbox 2926 3147 3171 3208; x_wconf 82' lang='lat' dir='ltr'><strong>excepto.</strong></span> <span class='ocrx_word' id='word_1_754' title='bbox 3199 3141 3369 3208; x_wconf 86' lang='lat' dir='ltr'><strong>Quale</strong></span> <span class='ocrx_word' id='word_1_755' title='bbox 3393 3160 3521 3199; x_wconf 85' lang='lat' dir='ltr'><strong>vero</strong></span> <span class='ocrx_word' id='word_1_756' title='bbox 3549 3147 3683 3202; x_wconf 87' lang='lat' dir='ltr'><strong>hoc?</strong></span> 
     </span>
    </p>
   </div>
   <div class='ocr_carea' id='block_1_93' title="bbox 2098 3225 3681 3309">
    <p class='ocr_par' dir='ltr' id='par_1_93' title="bbox 2098 3225 3681 3309">
     <span class='ocr_line' id='line_1_93' title="bbox 2098 3225 3681 3309; baseline 0.009 -30"><span class='ocrx_word' id='word_1_757' title='bbox 2098 3225 2249 3281; x_wconf 90' lang='lat' dir='ltr'><strong>Licet</strong></span> <span class='ocrx_word' id='word_1_758' title='bbox 2279 3228 2603 3297; x_wconf 90' lang='lat' dir='ltr'><strong>pauperibus</strong></span> <span class='ocrx_word' id='word_1_759' title='bbox 2643 3244 2741 3299; x_wconf 91' lang='lat' dir='ltr'><strong>pro</strong></span> <span class='ocrx_word' id='word_1_760' title='bbox 2777 3230 2909 3300; x_wconf 90' lang='lat' dir='ltr'><strong>ipsis</strong></span> <span class='ocrx_word' id='word_1_761' title='bbox 2937 3230 3067 3288; x_wconf 90' lang='lat' dir='ltr'><strong>dare</strong></span> <span class='ocrx_word' id='word_1_762' title='bbox 3086 3273 3101 3300; x_wconf 89' lang='lat'><strong>,</strong></span> <span class='ocrx_word' id='word_1_763' title='bbox 3141 3244 3301 3304; x_wconf 89' lang='lat' dir='ltr'><strong>atque</strong></span> <span class='ocrx_word' id='word_1_764' title='bbox 3330 3235 3457 3292; x_wconf 89' lang='lat' dir='ltr'><strong>hinc</strong></span> <span class='ocrx_word' id='word_1_765' title='bbox 3478 3238 3681 3309; x_wconf 91' lang='lat' dir='ltr'><strong>aliquid</strong></span> 
     </span>
    </p>
   </div>
   <div class='ocr_carea' id='block_1_94' title="bbox 2099 3318 3680 3394">
    <p class='ocr_par' dir='ltr' id='par_1_94' title="bbox 2099 3318 3680 3394">
     <span class='ocr_line' id='line_1_94' title="bbox 2099 3318 3680 3394; baseline 0.009 -23"><span class='ocrx_word' id='word_1_766' title='bbox 2099 3319 2398 3388; x_wconf 90' lang='lat' dir='ltr'><strong>percipiunt</strong></span> <span class='ocrx_word' id='word_1_767' title='bbox 2420 3318 2845 3391; x_wconf 88' lang='lat' dir='ltr'><strong>refrigerationis</strong></span> <span class='ocrx_word' id='word_1_768' title='bbox 2874 3339 2890 3377; x_wconf 89' lang='lat'>:</span> <span class='ocrx_word' id='word_1_769' title='bbox 2918 3324 3031 3377; x_wconf 91' lang='lat' dir='ltr'><strong>vult</strong></span> <span class='ocrx_word' id='word_1_770' title='bbox 3050 3325 3194 3378; x_wconf 91' lang='lat' dir='ltr'><strong>enim</strong></span> <span class='ocrx_word' id='word_1_771' title='bbox 3233 3326 3373 3381; x_wconf 93' lang='lat' dir='ltr'><strong>Deus</strong></span> <span class='ocrx_word' id='word_1_772' title='bbox 3394 3369 3410 3394; x_wconf 88' lang='lat'><strong>,</strong></span> <span class='ocrx_word' id='word_1_773' title='bbox 3442 3340 3497 3384; x_wconf 91' lang='lat' dir='ltr'><strong>ut</strong></span> <span class='ocrx_word' id='word_1_774' title='bbox 3525 3330 3680 3387; x_wconf 88' lang='lat' dir='ltr'><strong>nobis</strong></span> 
     </span>
    </p>
   </div>
   <div class='ocr_carea' id='block_1_95' title="bbox 2098 3411 3682 3487">
    <p class='ocr_par' dir='ltr' id='par_1_95' title="bbox 2098 3411 3682 3487">
     <span class='ocr_line' id='line_1_95' title="bbox 2098 3411 3682 3487; baseline 0.009 -24"><span class='ocrx_word' id='word_1_775' title='bbox 2098 3418 2337 3464; x_wconf 87' lang='lat' dir='ltr'><strong>mutuum</strong></span> <span class='ocrx_word' id='word_1_776' title='bbox 2387 3412 2643 3466; x_wconf 76' lang='lat' dir='ltr'><strong>auxilium</strong></span> <span class='ocrx_word' id='word_1_777' title='bbox 2701 3411 3011 3470; x_wconf 81' lang='lat' dir='ltr'><strong>all‘eramus.</strong></span> <span class='ocrx_word' id='word_1_778' title='bbox 3080 3416 3285 3487; x_wconf 88' lang='lat' dir='ltr'><strong>Ecquid</strong></span> <span class='ocrx_word' id='word_1_779' title='bbox 3336 3420 3479 3475; x_wconf 91' lang='lat' dir='ltr'><strong>enim</strong></span> <span class='ocrx_word' id='word_1_780' title='bbox 3538 3423 3682 3477; x_wconf 92' lang='lat' dir='ltr'><strong>aliud</strong></span> 
     </span>
    </p>
   </div>
   <div class='ocr_carea' id='block_1_96' title="bbox 2097 3502 3684 3582">
    <p class='ocr_par' dir='ltr' id='par_1_96' title="bbox 2097 3502 3684 3582">
     <span class='ocr_line' id='line_1_96' title="bbox 2097 3502 3684 3582; baseline 0.009 -27"><span class='ocrx_word' id='word_1_781' title='bbox 2097 3515 2273 3555; x_wconf 71' lang='lat' dir='ltr'><strong>causa:</strong></span> <span class='ocrx_word' id='word_1_782' title='bbox 2300 3502 2369 3556; x_wconf 88' lang='lat' dir='ltr'><strong>sit</strong></span> <span class='ocrx_word' id='word_1_783' title='bbox 2398 3544 2414 3570; x_wconf 89' lang='lat'><strong>,</strong></span> <span class='ocrx_word' id='word_1_784' title='bbox 2445 3519 2540 3557; x_wconf 90' lang='lat' dir='ltr'><strong>cur</strong></span> <span class='ocrx_word' id='word_1_785' title='bbox 2567 3519 2662 3573; x_wconf 88' lang='lat' dir='ltr'><strong>pro</strong></span> <span class='ocrx_word' id='word_1_786' title='bbox 2686 3519 2816 3573; x_wconf 91' lang='lat' dir='ltr'><strong>pace</strong></span> <span class='ocrx_word' id='word_1_787' title='bbox 2841 3514 2896 3559; x_wconf 91' lang='lat' dir='ltr'><strong>et</strong></span> <span class='ocrx_word' id='word_1_788' title='bbox 2921 3505 3064 3561; x_wconf 92' lang='lat' dir='ltr'><strong>bono</strong></span> <span class='ocrx_word' id='word_1_789' title='bbox 3085 3509 3270 3563; x_wconf 89' lang='lat' dir='ltr'><strong>mundi</strong></span> <span class='ocrx_word' id='word_1_790' title='bbox 3299 3519 3443 3565; x_wconf 92' lang='lat' dir='ltr'><strong>statu</strong></span> <span class='ocrx_word' id='word_1_791' title='bbox 3472 3516 3684 3582; x_wconf 86' lang='lat' dir='ltr'><strong>precari</strong></span> 
     </span>
    </p>
   </div>
   <div class='ocr_carea' id='block_1_97' title="bbox 2093 3593 3678 3672">
    <p class='ocr_par' dir='ltr' id='par_1_97' title="bbox 2093 3593 3678 3672">
     <span class='ocr_line' id='line_1_97' title="bbox 2093 3593 3678 3672; baseline 0.006 -25"><span class='ocrx_word' id='word_1_792' title='bbox 2093 3593 2353 3663; x_wconf 88' lang='lat' dir='ltr'><strong>jusserit?</strong></span> <span class='ocrx_word' id='word_1_793' title='bbox 2377 3606 2472 3648; x_wconf 90' lang='lat' dir='ltr'><strong>cur</strong></span> <span class='ocrx_word' id='word_1_794' title='bbox 2494 3608 2591 3663; x_wconf 89' lang='lat' dir='ltr'><strong>pro</strong></span> <span class='ocrx_word' id='word_1_795' title='bbox 2614 3594 2862 3650; x_wconf 84' lang='lat' dir='ltr'><strong>omnibus</strong></span> <span class='ocrx_word' id='word_1_796' title='bbox 2902 3594 3254 3652; x_wconf 86' lang='lat' dir='ltr'><strong>hominibus?</strong></span> <span class='ocrx_word' id='word_1_797' title='bbox 3283 3599 3416 3654; x_wconf 86' lang='lat' dir='ltr'><strong>Nam</strong></span> <span class='ocrx_word' id='word_1_798' title='bbox 3447 3601 3535 3656; x_wconf 90' lang='lat' dir='ltr'><strong>hic</strong></span> <span class='ocrx_word' id='word_1_799' title='bbox 3557 3605 3678 3672; x_wconf 85' lang='lat' dir='ltr'><strong>qui-</strong></span> 
     </span>
    </p>
   </div>
   <div class='ocr_carea' id='block_1_98' title="bbox 2098 3685 3678 3766">
    <p class='ocr_par' dir='ltr' id='par_1_98' title="bbox 2098 3685 3678 3766">
     <span class='ocr_line' id='line_1_98' title="bbox 2098 3685 3678 3766; baseline 0.008 -25"><span class='ocrx_word' id='word_1_800' title='bbox 2098 3687 2221 3741; x_wconf 88' lang='lat' dir='ltr'><strong>dem</strong></span> <span class='ocrx_word' id='word_1_801' title='bbox 2247 3685 2388 3742; x_wconf 89' lang='lat' dir='ltr'><strong>inter</strong></span> <span class='ocrx_word' id='word_1_802' title='bbox 2413 3702 2601 3743; x_wconf 88' lang='lat' dir='ltr'><strong>omnes</strong></span> <span class='ocrx_word' id='word_1_803' title='bbox 2644 3698 2771 3744; x_wconf 91' lang='lat' dir='ltr'><strong>sunt</strong></span> <span class='ocrx_word' id='word_1_804' title='bbox 2815 3689 2975 3745; x_wconf 89' lang='lat' dir='ltr'><strong>etiam</strong></span> <span class='ocrx_word' id='word_1_805' title='bbox 3008 3692 3243 3749; x_wconf 89' lang='lat' dir='ltr'><strong>latrones</strong></span> <span class='ocrx_word' id='word_1_806' title='bbox 3263 3736 3279 3761; x_wconf 89' lang='lat'><strong>,</strong></span> <span class='ocrx_word' id='word_1_807' title='bbox 3307 3696 3678 3766; x_wconf 90' lang='lat' dir='ltr'><strong>sepulcrorum</strong></span> 
     </span>
    </p>
   </div>
   <div class='ocr_carea' id='block_1_99' title="bbox 2097 3778 3671 3852">
    <p class='ocr_par' dir='ltr' id='par_1_99' title="bbox 2097 3778 3671 3852">
     <span class='ocr_line' id='line_1_99' title="bbox 2097 3778 3671 3852; baseline 0.007 -18"><span class='ocrx_word' id='word_1_808' title='bbox 2097 3778 2401 3846; x_wconf 73' lang='lat' dir='ltr'><strong>elfossores,</strong></span> <span class='ocrx_word' id='word_1_809' title='bbox 2432 3778 2578 3836; x_wconf 88' lang='lat' dir='ltr'><strong>fures</strong></span> <span class='ocrx_word' id='word_1_810' title='bbox 2598 3821 2615 3848; x_wconf 93' lang='lat'><strong>,</strong></span> <span class='ocrx_word' id='word_1_811' title='bbox 2655 3792 2818 3852; x_wconf 90' lang='lat' dir='ltr'><strong>atque</strong></span> <span class='ocrx_word' id='word_1_812' title='bbox 2841 3783 2931 3839; x_wconf 91' lang='lat' dir='ltr'><strong>alii</strong></span> <span class='ocrx_word' id='word_1_813' title='bbox 2959 3787 3229 3841; x_wconf 80' lang='lat' dir='ltr'><strong>sexcentis</strong></span> <span class='ocrx_word' id='word_1_814' title='bbox 3256 3798 3526 3845; x_wconf 88' lang='lat' dir='ltr'><strong>scatentes</strong></span> <span class='ocrx_word' id='word_1_815' title='bbox 3554 3807 3671 3844; x_wconf 87' lang='lat' dir='ltr'><strong>ma-</strong></span> 
     </span>
    </p>
   </div>
   <div class='ocr_carea' id='block_1_100' title="bbox 2096 3875 3681 3950">
    <p class='ocr_par' dir='ltr' id='par_1_100' title="bbox 2096 3875 3681 3950">
     <span class='ocr_line' id='line_1_100' title="bbox 2096 3875 3681 3950; baseline 0.007 -20"><span class='ocrx_word' id='word_1_816' title='bbox 2096 3875 2162 3931; x_wconf 89' lang='lat' dir='ltr'><strong>lis</strong></span> <span class='ocrx_word' id='word_1_817' title='bbox 2189 3892 2203 3930; x_wconf 90' lang='lat'><strong>:</strong></span> <span class='ocrx_word' id='word_1_818' title='bbox 2234 3885 2468 3933; x_wconf 86' lang='lat' dir='ltr'><strong>attamen</strong></span> <span class='ocrx_word' id='word_1_819' title='bbox 2496 3893 2592 3948; x_wconf 90' lang='lat' dir='ltr'><strong>pro</strong></span> <span class='ocrx_word' id='word_1_820' title='bbox 2623 3878 2873 3934; x_wconf 88' lang='lat' dir='ltr'><strong>omnibus</strong></span> <span class='ocrx_word' id='word_1_821' title='bbox 2908 3895 3191 3950; x_wconf 90' lang='lat' dir='ltr'><strong>precamur</strong></span> <span class='ocrx_word' id='word_1_822' title='bbox 3222 3900 3235 3936; x_wconf 92' lang='lat'>:</span> <span class='ocrx_word' id='word_1_823' title='bbox 3267 3884 3369 3938; x_wconf 91' lang='lat' dir='ltr'><strong>erit</strong></span> <span class='ocrx_word' id='word_1_824' title='bbox 3394 3885 3536 3939; x_wconf 91' lang='lat' dir='ltr'><strong>enim</strong></span> <span class='ocrx_word' id='word_1_825' title='bbox 3567 3884 3681 3941; x_wconf 86' lang='lat' dir='ltr'><strong>for-</strong></span> 
     </span>
    </p>
   </div>
   <div class='ocr_carea' id='block_1_101' title="bbox 2095 3971 3679 4043">
    <p class='ocr_par' dir='ltr' id='par_1_101' title="bbox 2095 3971 3679 4043">
     <span class='ocr_line' id='line_1_101' title="bbox 2095 3971 3679 4043; baseline 0.008 -19"><span class='ocrx_word' id='word_1_826' title='bbox 2095 3979 2241 4025; x_wconf 90' lang='lat' dir='ltr'><strong>tasse</strong></span> <span class='ocrx_word' id='word_1_827' title='bbox 2288 3971 2532 4040; x_wconf 83' lang='lat' dir='ltr'><strong>quaedam</strong></span> <span class='ocrx_word' id='word_1_828' title='bbox 2575 3971 2815 4042; x_wconf 89' lang='lat' dir='ltr'><strong>ipsorum</strong></span> <span class='ocrx_word' id='word_1_829' title='bbox 2866 3976 3168 4030; x_wconf 88' lang='lat' dir='ltr'><strong>conversio.</strong></span> <span class='ocrx_word' id='word_1_830' title='bbox 3220 3976 3679 4043; x_wconf 87' lang='lat' dir='ltr'><strong>Quemadmodum</strong></span> 
     </span>
    </p>
   </div>
   <div class='ocr_carea' id='block_1_102' title="bbox 2095 4063 3680 4140">
    <p class='ocr_par' dir='ltr' id='par_1_102' title="bbox 2095 4063 3680 4140">
     <span class='ocr_line' id='line_1_102' title="bbox 2095 4063 3680 4140; baseline 0.007 -23"><span class='ocrx_word' id='word_1_831' title='bbox 2095 4063 2256 4133; x_wconf 89' lang='lat' dir='ltr'><strong>igitur</strong></span> <span class='ocrx_word' id='word_1_832' title='bbox 2284 4078 2382 4133; x_wconf 93' lang='lat' dir='ltr'><strong>pro</strong></span> <span class='ocrx_word' id='word_1_833' title='bbox 2404 4064 2708 4121; x_wconf 90' lang='lat' dir='ltr'><strong>viventibus</strong></span> <span class='ocrx_word' id='word_1_834' title='bbox 2738 4066 2854 4121; x_wconf 89' lang='lat' dir='ltr'><strong>istis</strong></span> <span class='ocrx_word' id='word_1_835' title='bbox 2898 4082 3182 4137; x_wconf 86' lang='lat' dir='ltr'><strong>precamur</strong></span> <span class='ocrx_word' id='word_1_836' title='bbox 3205 4110 3219 4133; x_wconf 90' lang='lat'><strong>,</strong></span> <span class='ocrx_word' id='word_1_837' title='bbox 3248 4071 3337 4140; x_wconf 89' lang='lat' dir='ltr'><strong>qui</strong></span> <span class='ocrx_word' id='word_1_838' title='bbox 3368 4071 3503 4126; x_wconf 86' lang='lat' dir='ltr'><strong>nihil</strong></span> <span class='ocrx_word' id='word_1_839' title='bbox 3527 4088 3558 4127; x_wconf 90' lang='lat' dir='ltr'><strong>a</strong></span> <span class='ocrx_word' id='word_1_840' title='bbox 3587 4088 3680 4128; x_wconf 90' lang='lat' dir='ltr'><strong>ca-</strong></span> 
     </span>
    </p>
   </div>
   <div class='ocr_carea' id='block_1_103' title="bbox 2093 4154 3677 4230">
    <p class='ocr_par' dir='ltr' id='par_1_103' title="bbox 2093 4154 3677 4230">
     <span class='ocr_line' id='line_1_103' title="bbox 2093 4154 3677 4230; baseline 0.004 -21"><span class='ocrx_word' id='word_1_841' title='bbox 2093 4154 2384 4210; x_wconf 89' lang='lat' dir='ltr'><strong>daveribus</strong></span> <span class='ocrx_word' id='word_1_842' title='bbox 2409 4155 2662 4211; x_wconf 76' lang='lat' dir='ltr'><strong>differunt</strong></span> <span class='ocrx_word' id='word_1_843' title='bbox 2690 4174 2704 4210; x_wconf 89' lang='lat'><strong>:</strong></span> <span class='ocrx_word' id='word_1_844' title='bbox 2732 4159 2804 4211; x_wconf 91' lang='lat' dir='ltr'><strong>ita</strong></span> <span class='ocrx_word' id='word_1_845' title='bbox 2845 4172 2943 4227; x_wconf 93' lang='lat' dir='ltr'><strong>pro</strong></span> <span class='ocrx_word' id='word_1_846' title='bbox 2973 4158 3079 4213; x_wconf 89' lang='lat' dir='ltr'><strong>illis</strong></span> <span class='ocrx_word' id='word_1_847' title='bbox 3105 4159 3265 4214; x_wconf 90' lang='lat' dir='ltr'><strong>etiam</strong></span> <span class='ocrx_word' id='word_1_848' title='bbox 3297 4164 3505 4230; x_wconf 88' lang='lat' dir='ltr'><strong>precari</strong></span> <span class='ocrx_word' id='word_1_849' title='bbox 3532 4163 3677 4219; x_wconf 89' lang='lat' dir='ltr'><strong>licet.</strong></span> 
     </span>
    </p>
   </div>
   <div class='ocr_carea' id='block_1_104' title="bbox 2094 4247 3677 4326">
    <p class='ocr_par' dir='ltr' id='par_1_104' title="bbox 2094 4247 3677 4326">
     <span class='ocr_line' id='line_1_104' title="bbox 2094 4247 3677 4326; baseline 0.006 -23"><span class='ocrx_word' id='word_1_850' title='bbox 2094 4247 2196 4304; x_wconf 85' lang='lat' dir='ltr'><strong>Job</strong></span> <span class='ocrx_word' id='word_1_851' title='bbox 2240 4263 2337 4318; x_wconf 85' lang='lat' dir='ltr'><strong>pro</strong></span> <span class='ocrx_word' id='word_1_852' title='bbox 2385 4248 2512 4303; x_wconf 91' lang='lat' dir='ltr'><strong>ﬁliis</strong></span> <span class='ocrx_word' id='word_1_853' title='bbox 2546 4250 2809 4305; x_wconf 88' lang='lat' dir='ltr'><strong>sacriﬁcia</strong></span> <span class='ocrx_word' id='word_1_854' title='bbox 2849 4250 3098 4318; x_wconf 89' lang='lat' dir='ltr'><strong>faciebat,</strong></span> <span class='ocrx_word' id='word_1_855' title='bbox 3128 4262 3182 4308; x_wconf 92' lang='lat' dir='ltr'><strong>ct</strong></span> <span class='ocrx_word' id='word_1_856' title='bbox 3212 4254 3358 4324; x_wconf 90' lang='lat' dir='ltr'><strong>ipsos</strong></span> <span class='ocrx_word' id='word_1_857' title='bbox 3382 4270 3411 4309; x_wconf 91' lang='lat' dir='ltr'><strong>a</strong></span> <span class='ocrx_word' id='word_1_858' title='bbox 3443 4258 3677 4326; x_wconf 89' lang='lat' dir='ltr'><strong>peccatis</strong></span> 
     </span>
    </p>
   </div>
   <div class='ocr_carea' id='block_1_105' title="bbox 2095 4340 3679 4416">
    <p class='ocr_par' dir='ltr' id='par_1_105' title="bbox 2095 4340 3679 4416">
     <span class='ocr_line' id='line_1_105' title="bbox 2095 4340 3679 4416; baseline 0.005 -21"><span class='ocrx_word' id='word_1_859' title='bbox 2095 4340 2391 4408; x_wconf 87' lang='lat' dir='ltr'><strong>liberabat;</strong></span> <span class='ocrx_word' id='word_1_860' title='bbox 2426 4340 2509 4395; x_wconf 85' lang='lat' dir='ltr'><strong>Ne</strong></span> <span class='ocrx_word' id='word_1_861' title='bbox 2533 4343 2655 4411; x_wconf 88' lang='lat' dir='ltr'><strong>quid</strong></span> <span class='ocrx_word' id='word_1_862' title='bbox 2702 4347 2848 4413; x_wconf 80' lang='lat' dir='ltr'><strong>forte,</strong></span> <span class='ocrx_word' id='word_1_863' title='bbox 2876 4345 3081 4414; x_wconf 89' lang='lat' dir='ltr'><strong>inquit,</strong></span> <span class='ocrx_word' id='word_1_864' title='bbox 3109 4348 3437 4416; x_wconf 79' lang='lat' dir='ltr'><strong>cogitaverim</strong></span> <span class='ocrx_word' id='word_1_865' title='bbox 3468 4349 3523 4402; x_wconf 86' lang='lat' dir='ltr'><strong>in</strong></span> <span class='ocrx_word' id='word_1_866' title='bbox 3565 4366 3679 4403; x_wconf 85' lang='lat' dir='ltr'><strong>cor-</strong></span> 
     </span>
    </p>
   </div>
   <div class='ocr_carea' id='block_1_106' title="bbox 2093 4434 3675 4508">
    <p class='ocr_par' dir='ltr' id='par_1_106' title="bbox 2093 4434 3675 4508">
     <span class='ocr_line' id='line_1_106' title="bbox 2093 4434 3675 4508; baseline 0.007 -21"><span class='ocrx_word' id='word_1_867' title='bbox 2093 4434 2239 4489; x_wconf 81' lang='lat' dir='ltr'><strong>dibus</strong></span> <span class='ocrx_word' id='word_1_868' title='bbox 2278 4435 2383 4489; x_wconf 83' lang='lat' dir='ltr'><strong>suis</strong></span> <span class='ocrx_word' id='word_1_869' title='bbox 2410 4436 2429 4507; x_wconf 93' lang='lat'>(</span> <span class='ocrx_word' id='word_1_870' title='bbox 2459 4434 2557 4489; x_wconf 85' lang='lat' dir='ltr'><strong>Job</strong></span> <span class='ocrx_word' id='word_1_871' title='bbox 2586 4437 2637 4490; x_wconf 84' lang='grc'><strong>1.</strong></span> <span class='ocrx_word' id='word_1_872' title='bbox 2672 4437 2767 4508; x_wconf 84' lang='grc'><strong>5).</strong></span> <span class='ocrx_word' id='word_1_873' title='bbox 2803 4438 2914 4492; x_wconf 85' lang='lat' dir='ltr'><strong>Hoc</strong></span> <span class='ocrx_word' id='word_1_874' title='bbox 2942 4438 3104 4493; x_wconf 92' lang='lat' dir='ltr'><strong>modo</strong></span> <span class='ocrx_word' id='word_1_875' title='bbox 3142 4441 3440 4497; x_wconf 89' lang='lat' dir='ltr'><strong>consulitur</strong></span> <span class='ocrx_word' id='word_1_876' title='bbox 3475 4442 3675 4499; x_wconf 88' lang='lat' dir='ltr'><strong>liberis.</strong></span> 
     </span>
    </p>
   </div>
   <div class='ocr_carea' id='block_1_107' title="bbox 2090 4525 3677 4603">
    <p class='ocr_par' dir='ltr' id='par_1_107' title="bbox 2090 4525 3677 4603">
     <span class='ocr_line' id='line_1_107' title="bbox 2090 4525 3677 4603; baseline 0.005 -23"><span class='ocrx_word' id='word_1_877' title='bbox 2090 4525 2209 4581; x_wconf 90' lang='lat' dir='ltr'><strong>Non</strong></span> <span class='ocrx_word' id='word_1_878' title='bbox 2255 4526 2502 4594; x_wconf 90' lang='lat' dir='ltr'><strong>dicebat,</strong></span> <span class='ocrx_word' id='word_1_879' title='bbox 2532 4528 2677 4599; x_wconf 91' lang='lat' dir='ltr'><strong>quod</strong></span> <span class='ocrx_word' id='word_1_880' title='bbox 2715 4529 2955 4599; x_wconf 91' lang='lat' dir='ltr'><strong>plerique</strong></span> <span class='ocrx_word' id='word_1_881' title='bbox 3004 4547 3144 4586; x_wconf 90' lang='lat' dir='ltr'><strong>nunc</strong></span> <span class='ocrx_word' id='word_1_882' title='bbox 3183 4532 3430 4588; x_wconf 88' lang='lat' dir='ltr'><strong>homines</strong></span> <span class='ocrx_word' id='word_1_883' title='bbox 3479 4537 3677 4603; x_wconf 84' lang='lat' dir='ltr'><strong>solent,</strong></span> 
     </span>
    </p>
   </div>
   <div class='ocr_carea' id='block_1_108' title="bbox 2092 4619 3679 4691">
    <p class='ocr_par' dir='ltr' id='par_1_108' title="bbox 2092 4619 3679 4691">
     <span class='ocr_line' id='line_1_108' title="bbox 2092 4619 3679 4691; baseline 0.003 -17"><span class='ocrx_word' id='word_1_884' title='bbox 2092 4619 2234 4689; x_wconf 89' lang='lat' dir='ltr'><strong>Opes</strong></span> <span class='ocrx_word' id='word_1_885' title='bbox 2262 4620 2367 4675; x_wconf 90' lang='lat' dir='ltr'><strong>illis</strong></span> <span class='ocrx_word' id='word_1_886' title='bbox 2392 4620 2690 4691; x_wconf 89' lang='lat' dir='ltr'><strong>relinquam</strong></span> <span class='ocrx_word' id='word_1_887' title='bbox 2719 4643 2732 4677; x_wconf 87' lang='lat'><strong>:</strong></span> <span class='ocrx_word' id='word_1_888' title='bbox 2758 4637 2865 4676; x_wconf 91' lang='lat' dir='ltr'><strong>non</strong></span> <span class='ocrx_word' id='word_1_889' title='bbox 2890 4622 3122 4691; x_wconf 91' lang='lat' dir='ltr'><strong>dicebat,</strong></span> <span class='ocrx_word' id='word_1_890' title='bbox 3146 4623 3379 4679; x_wconf 87' lang='lat' dir='ltr'><strong>Gloriam</strong></span> <span class='ocrx_word' id='word_1_891' title='bbox 3401 4627 3503 4682; x_wconf 88' lang='lat' dir='ltr'><strong>illis</strong></span> <span class='ocrx_word' id='word_1_892' title='bbox 3532 4641 3679 4681; x_wconf 77' lang='lat' dir='ltr'><strong>com—</strong></span> 
     </span>
    </p>
   </div>
   <div class='ocr_carea' id='block_1_109' title="bbox 2094 4713 3675 4787">
    <p class='ocr_par' dir='ltr' id='par_1_109' title="bbox 2094 4713 3675 4787">
     <span class='ocr_line' id='line_1_109' title="bbox 2094 4713 3675 4787; baseline 0.004 -21"><span class='ocrx_word' id='word_1_893' title='bbox 2094 4714 2293 4781; x_wconf 91' lang='lat' dir='ltr'><strong>parabo</strong></span> <span class='ocrx_word' id='word_1_894' title='bbox 2325 4732 2337 4766; x_wconf 92' lang='lat'>:</span> <span class='ocrx_word' id='word_1_895' title='bbox 2371 4730 2475 4768; x_wconf 92' lang='lat' dir='ltr'><strong>non</strong></span> <span class='ocrx_word' id='word_1_896' title='bbox 2517 4713 2760 4780; x_wconf 87' lang='lat' dir='ltr'><strong>dicebat,</strong></span> <span class='ocrx_word' id='word_1_897' title='bbox 2802 4714 3079 4770; x_wconf 86' lang='lat' dir='ltr'><strong>Mercabor</strong></span> <span class='ocrx_word' id='word_1_898' title='bbox 3131 4716 3488 4787; x_wconf 86' lang='lat' dir='ltr'><strong>principatum</strong></span> <span class='ocrx_word' id='word_1_899' title='bbox 3523 4736 3537 4772; x_wconf 93' lang='lat'><strong>:</strong></span> <span class='ocrx_word' id='word_1_900' title='bbox 3569 4735 3675 4773; x_wconf 90' lang='lat' dir='ltr'><strong>non</strong></span> 
     </span>
    </p>
   </div>
   <div class='ocr_carea' id='block_1_110' title="bbox 2093 4805 3676 4881">
    <p class='ocr_par' dir='ltr' id='par_1_110' title="bbox 2093 4805 3676 4881">
     <span class='ocr_line' id='line_1_110' title="bbox 2093 4805 3676 4881; baseline 0.004 -23"><span class='ocrx_word' id='word_1_901' title='bbox 2093 4805 2337 4873; x_wconf 87' lang='lat' dir='ltr'><strong>dicebat,</strong></span> <span class='ocrx_word' id='word_1_902' title='bbox 2368 4809 2539 4876; x_wconf 87' lang='lat' dir='ltr'><strong>Agros</strong></span> <span class='ocrx_word' id='word_1_903' title='bbox 2568 4822 2740 4861; x_wconf 90' lang='lat' dir='ltr'><strong>emam</strong></span> <span class='ocrx_word' id='word_1_904' title='bbox 2776 4824 2788 4861; x_wconf 94' lang='lat'>:</span> <span class='ocrx_word' id='word_1_905' title='bbox 2822 4807 2917 4862; x_wconf 87' lang='lat' dir='ltr'><strong>sed</strong></span> <span class='ocrx_word' id='word_1_906' title='bbox 2942 4807 3113 4877; x_wconf 89' lang='lat' dir='ltr'><strong>quid?</strong></span> <span class='ocrx_word' id='word_1_907' title='bbox 3153 4807 3238 4862; x_wconf 85' lang='lat' dir='ltr'><strong>Ne</strong></span> <span class='ocrx_word' id='word_1_908' title='bbox 3279 4810 3400 4879; x_wconf 88' lang='lat' dir='ltr'><strong>quid</strong></span> <span class='ocrx_word' id='word_1_909' title='bbox 3429 4811 3676 4881; x_wconf 80' lang='lat' dir='ltr'><strong>cogitave-</strong></span> 
     </span>
    </p>
   </div>
   <div class='ocr_carea' id='block_1_111' title="bbox 2091 4898 3675 4966">
    <p class='ocr_par' dir='ltr' id='par_1_111' title="bbox 2091 4898 3675 4966">
     <span class='ocr_line' id='line_1_111' title="bbox 2091 4898 3675 4966; baseline 0.004 -15"><span class='ocrx_word' id='word_1_910' title='bbox 2091 4898 2195 4952; x_wconf 84' lang='lat' dir='ltr'><strong>rint</strong></span> <span class='ocrx_word' id='word_1_911' title='bbox 2219 4899 2270 4951; x_wconf 88' lang='lat' dir='ltr'><strong>in</strong></span> <span class='ocrx_word' id='word_1_912' title='bbox 2292 4900 2526 4952; x_wconf 81' lang='lat' dir='ltr'><strong>cordibus</strong></span> <span class='ocrx_word' id='word_1_913' title='bbox 2555 4900 2676 4953; x_wconf 82' lang='lat' dir='ltr'><strong>suis.</strong></span> <span class='ocrx_word' id='word_1_914' title='bbox 2710 4899 2840 4966; x_wconf 70' lang='lat' dir='ltr'><strong>Qua:</strong></span> <span class='ocrx_word' id='word_1_915' title='bbox 2862 4901 3002 4954; x_wconf 87' lang='lat' dir='ltr'><strong>enim</strong></span> <span class='ocrx_word' id='word_1_916' title='bbox 3034 4914 3097 4955; x_wconf 81' lang='lat' dir='ltr'><strong>ex</strong></span> <span class='ocrx_word' id='word_1_917' title='bbox 3129 4900 3289 4955; x_wconf 88' lang='lat' dir='ltr'><strong>rebus</strong></span> <span class='ocrx_word' id='word_1_918' title='bbox 3318 4900 3423 4956; x_wconf 90' lang='lat' dir='ltr'><strong>illis</strong></span> <span class='ocrx_word' id='word_1_919' title='bbox 3453 4902 3675 4963; x_wconf 88' lang='lat' dir='ltr'><strong>utilitas.</strong></span> 
     </span>
    </p>
   </div>
   <div class='ocr_carea' id='block_1_112' title="bbox 2092 4990 3673 5061">
    <p class='ocr_par' dir='ltr' id='par_1_112' title="bbox 2092 4990 3673 5061">
     <span class='ocr_line' id='line_1_112' title="bbox 2092 4990 3673 5061; baseline 0.002 -18"><span class='ocrx_word' id='word_1_920' title='bbox 2092 5006 2211 5045; x_wconf 89' lang='lat' dir='ltr'><strong>cum</strong></span> <span class='ocrx_word' id='word_1_921' title='bbox 2243 4991 2327 5044; x_wconf 92' lang='lat' dir='ltr'><strong>hic</strong></span> <span class='ocrx_word' id='word_1_922' title='bbox 2357 4991 2601 5044; x_wconf 88' lang='lat' dir='ltr'><strong>restent?</strong></span> <span class='ocrx_word' id='word_1_923' title='bbox 2625 4990 2799 5044; x_wconf 88' lang='lat' dir='ltr'><strong>Nulla.</strong></span> <span class='ocrx_word' id='word_1_924' title='bbox 2845 4990 2995 5044; x_wconf 90' lang='lat' dir='ltr'><strong>Illum</strong></span> <span class='ocrx_word' id='word_1_925' title='bbox 3021 5033 3036 5058; x_wconf 91' lang='lat'><strong>,</strong></span> <span class='ocrx_word' id='word_1_926' title='bbox 3066 4991 3269 5061; x_wconf 90' lang='lat' dir='ltr'><strong>inquit,</strong></span> <span class='ocrx_word' id='word_1_927' title='bbox 3299 4992 3535 5046; x_wconf 90' lang='lat' dir='ltr'><strong>omnium</strong></span> <span class='ocrx_word' id='word_1_928' title='bbox 3568 4993 3673 5047; x_wconf 75' lang='lat' dir='ltr'><strong>lle-</strong></span> 
     </span>
    </p>
   </div>
   <div class='ocr_carea' id='block_1_113' title="bbox 2091 5080 3676 5152">
    <p class='ocr_par' dir='ltr' id='par_1_113' title="bbox 2091 5080 3676 5152">
     <span class='ocr_line' id='line_1_113' title="bbox 2091 5080 3676 5152; baseline 0.001 -16"><span class='ocrx_word' id='word_1_929' title='bbox 2091 5098 2210 5152; x_wconf 90' lang='lat' dir='ltr'><strong>gem</strong></span> <span class='ocrx_word' id='word_1_930' title='bbox 2251 5081 2540 5151; x_wconf 86' lang='lat' dir='ltr'><strong>prepitium</strong></span> <span class='ocrx_word' id='word_1_931' title='bbox 2588 5080 2716 5150; x_wconf 91' lang='lat' dir='ltr'><strong>ipsis</strong></span> <span class='ocrx_word' id='word_1_932' title='bbox 2757 5080 3011 5141; x_wconf 88' lang='lat' dir='ltr'><strong>reddam;</strong></span> <span class='ocrx_word' id='word_1_933' title='bbox 3040 5091 3094 5136; x_wconf 91' lang='lat' dir='ltr'><strong>et</strong></span> <span class='ocrx_word' id='word_1_934' title='bbox 3134 5081 3267 5135; x_wconf 90' lang='lat' dir='ltr'><strong>nihil</strong></span> <span class='ocrx_word' id='word_1_935' title='bbox 3298 5082 3426 5151; x_wconf 91' lang='lat' dir='ltr'><strong>ipsis</strong></span> <span class='ocrx_word' id='word_1_936' title='bbox 3454 5083 3676 5152; x_wconf 90' lang='lat' dir='ltr'><strong>posthac</strong></span> 
     </span>
    </p>
   </div>
   <div class='ocr_carea' id='block_1_114' title="bbox 2090 5171 3675 5245">
    <p class='ocr_par' dir='ltr' id='par_1_114' title="bbox 2090 5171 3675 5245">
     <span class='ocr_line' id='line_1_114' title="bbox 2090 5171 3675 5245; baseline -0.002 -15"><span class='ocrx_word' id='word_1_937' title='bbox 2090 5175 2283 5230; x_wconf 89' lang='lat' dir='ltr'><strong>deerit.</strong></span> <span class='ocrx_word' id='word_1_938' title='bbox 2309 5175 2486 5245; x_wconf 90' lang='lat' dir='ltr'><strong>lnquit</strong></span> <span class='ocrx_word' id='word_1_939' title='bbox 2513 5173 2678 5240; x_wconf 90' lang='lat' dir='ltr'><strong>enim,</strong></span> <span class='ocrx_word' id='word_1_940' title='bbox 2708 5171 2959 5227; x_wconf 85' lang='lat' dir='ltr'><strong>Dominus</strong></span> <span class='ocrx_word' id='word_1_941' title='bbox 2985 5173 3146 5242; x_wconf 86' lang='lat' dir='ltr'><strong>pascit</strong></span> <span class='ocrx_word' id='word_1_942' title='bbox 3172 5189 3269 5237; x_wconf 91' lang='lat' dir='ltr'><strong>me,</strong></span> <span class='ocrx_word' id='word_1_943' title='bbox 3301 5184 3347 5226; x_wconf 79' lang='lat' dir='ltr'><strong>et</strong></span> <span class='ocrx_word' id='word_1_944' title='bbox 3392 5173 3521 5227; x_wconf 84' lang='lat' dir='ltr'><strong>nihil</strong></span> <span class='ocrx_word' id='word_1_945' title='bbox 3552 5175 3675 5228; x_wconf 79' lang='lat' dir='ltr'><strong>mihi</strong></span> 
     </span>
    </p>
   </div>
   <div class='ocr_carea' id='block_1_115' title="bbox 2091 5265 3677 5337">
    <p class='ocr_par' dir='ltr' id='par_1_115' title="bbox 2091 5265 3677 5337">
     <span class='ocr_line' id='line_1_115' title="bbox 2091 5265 3677 5337; baseline 0.001 -16"><span class='ocrx_word' id='word_1_946' title='bbox 2091 5268 2247 5321; x_wconf 86' lang='lat' dir='ltr'><strong>deerit</strong></span> <span class='ocrx_word' id='word_1_947' title='bbox 2278 5265 2465 5334; x_wconf 88' lang='lat' dir='ltr'><strong>(Psal.</strong></span> <span class='ocrx_word' id='word_1_948' title='bbox 2495 5266 2585 5320; x_wconf 60' lang='grc' dir='ltr'><strong>Ἡ.</strong></span> <span class='ocrx_word' id='word_1_949' title='bbox 2618 5266 2695 5337; x_wconf 84' lang='grc'><strong>1).</strong></span> <span class='ocrx_word' id='word_1_950' title='bbox 2729 5266 2854 5321; x_wconf 67' lang='lat' dir='ltr'><strong>llazc</strong></span> <span class='ocrx_word' id='word_1_951' title='bbox 2896 5274 2979 5321; x_wconf 87' lang='lat' dir='ltr'><strong>est</strong></span> <span class='ocrx_word' id='word_1_952' title='bbox 3026 5280 3218 5335; x_wconf 87' lang='lat' dir='ltr'><strong>magna</strong></span> <span class='ocrx_word' id='word_1_953' title='bbox 3249 5265 3519 5334; x_wconf 87' lang='lat' dir='ltr'><strong>opulentia</strong></span> <span class='ocrx_word' id='word_1_954' title='bbox 3539 5308 3553 5332; x_wconf 47' lang='grc' dir='ltr'><strong>ι</strong></span> <span class='ocrx_word' id='word_1_955' title='bbox 3587 5268 3677 5323; x_wconf 87' lang='lat' dir='ltr'><strong>hic</strong></span> 
     </span>
    </p>
   </div>
   <div class='ocr_carea' id='block_1_116' title="bbox 2091 5358 3670 5427">
    <p class='ocr_par' dir='ltr' id='par_1_116' title="bbox 2091 5358 3670 5427">
     <span class='ocr_line' id='line_1_116' title="bbox 2091 5358 3670 5427; baseline 0.002 -13"><span class='ocrx_word' id='word_1_956' title='bbox 2091 5362 2374 5417; x_wconf 87' lang='lat' dir='ltr'><strong>thesaurus</strong></span> <span class='ocrx_word' id='word_1_957' title='bbox 2410 5370 2492 5416; x_wconf 89' lang='lat' dir='ltr'><strong>est</strong></span> <span class='ocrx_word' id='word_1_958' title='bbox 2525 5378 2537 5413; x_wconf 91' lang='lat'><strong>:</strong></span> <span class='ocrx_word' id='word_1_959' title='bbox 2586 5362 2631 5415; x_wconf 92' lang='lat' dir='ltr'><strong>si</strong></span> <span class='ocrx_word' id='word_1_960' title='bbox 2681 5360 2773 5415; x_wconf 88' lang='lat' dir='ltr'><strong>Dei</strong></span> <span class='ocrx_word' id='word_1_961' title='bbox 2803 5361 3050 5415; x_wconf 88' lang='lat' dir='ltr'><strong>timorem</strong></span> <span class='ocrx_word' id='word_1_962' title='bbox 3084 5358 3377 5414; x_wconf 88' lang='lat' dir='ltr'><strong>habeamus</strong></span> <span class='ocrx_word' id='word_1_963' title='bbox 3402 5401 3419 5427; x_wconf 87' lang='lat'><strong>,</strong></span> <span class='ocrx_word' id='word_1_964' title='bbox 3471 5360 3670 5417; x_wconf 64' lang='lat' dir='ltr'><strong>nullius</strong></span> 
     </span>
    </p>
   </div>
   <div class='ocr_carea' id='block_1_117' title="bbox 2090 5450 3672 5525">
    <p class='ocr_par' dir='ltr' id='par_1_117' title="bbox 2090 5450 3672 5525">
     <span class='ocr_line' id='line_1_117' title="bbox 2090 5450 3672 5525; baseline -0.001 -18"><span class='ocrx_word' id='word_1_965' title='bbox 2090 5456 2166 5508; x_wconf 92' lang='lat' dir='ltr'><strong>rei</strong></span> <span class='ocrx_word' id='word_1_966' title='bbox 2197 5454 2509 5525; x_wconf 89' lang='lat' dir='ltr'><strong>egebimus;</strong></span> <span class='ocrx_word' id='word_1_967' title='bbox 2540 5453 2623 5507; x_wconf 92' lang='lat' dir='ltr'><strong>sin</strong></span> <span class='ocrx_word' id='word_1_968' title='bbox 2649 5454 2827 5507; x_wconf 90' lang='lat' dir='ltr'><strong>minus</strong></span> <span class='ocrx_word' id='word_1_969' title='bbox 2853 5494 2868 5518; x_wconf 91' lang='lat'><strong>,</strong></span> <span class='ocrx_word' id='word_1_970' title='bbox 2903 5450 3111 5505; x_wconf 86' lang='lat' dir='ltr'><strong>tametsi</strong></span> <span class='ocrx_word' id='word_1_971' title='bbox 3153 5465 3376 5520; x_wconf 89' lang='lat' dir='ltr'><strong>regnum</strong></span> <span class='ocrx_word' id='word_1_972' title='bbox 3422 5451 3672 5506; x_wconf 87' lang='lat' dir='ltr'><strong>obtinea-</strong></span> 
     </span>
    </p>
   </div>
   <div class='ocr_carea' id='block_1_118' title="bbox 2092 5544 3671 5616">
    <p class='ocr_par' dir='ltr' id='par_1_118' title="bbox 2092 5544 3671 5616">
     <span class='ocr_line' id='line_1_118' title="bbox 2092 5544 3671 5616; baseline -0.001 -15"><span class='ocrx_word' id='word_1_973' title='bbox 2092 5563 2209 5601; x_wconf 85' lang='lat' dir='ltr'><strong>mus</strong></span> <span class='ocrx_word' id='word_1_974' title='bbox 2235 5590 2250 5616; x_wconf 96' lang='lat'><strong>,</strong></span> <span class='ocrx_word' id='word_1_975' title='bbox 2301 5548 2554 5601; x_wconf 89' lang='lat' dir='ltr'><strong>omnibus</strong></span> <span class='ocrx_word' id='word_1_976' title='bbox 2590 5547 2892 5602; x_wconf 87' lang='lat' dir='ltr'><strong>hominibus</strong></span> <span class='ocrx_word' id='word_1_977' title='bbox 2932 5544 3101 5615; x_wconf 90' lang='lat' dir='ltr'><strong>magis</strong></span> <span class='ocrx_word' id='word_1_978' title='bbox 3148 5558 3409 5614; x_wconf 90' lang='lat' dir='ltr'><strong>pauperes</strong></span> <span class='ocrx_word' id='word_1_979' title='bbox 3463 5557 3671 5601; x_wconf 88' lang='lat' dir='ltr'><strong>sumus.</strong></span> 
     </span>
    </p>
   </div>
   <div class='ocr_carea' id='block_1_119' title="bbox 2088 5637 3672 5710">
    <p class='ocr_par' dir='ltr' id='par_1_119' title="bbox 2088 5637 3672 5710">
     <span class='ocr_line' id='line_1_119' title="bbox 2088 5637 3672 5710; baseline -0.001 -15"><span class='ocrx_word' id='word_1_980' title='bbox 2088 5641 2229 5695; x_wconf 85' lang='lat' dir='ltr'><strong>Nihil</strong></span> <span class='ocrx_word' id='word_1_981' title='bbox 2261 5641 2311 5695; x_wconf 91' lang='lat' dir='ltr'><strong>ei</strong></span> <span class='ocrx_word' id='word_1_982' title='bbox 2343 5656 2441 5710; x_wconf 88' lang='lat' dir='ltr'><strong>par</strong></span> <span class='ocrx_word' id='word_1_983' title='bbox 2488 5640 2709 5694; x_wconf 91' lang='lat' dir='ltr'><strong>inveniri</strong></span> <span class='ocrx_word' id='word_1_984' title='bbox 2765 5648 2958 5709; x_wconf 87' lang='lat' dir='ltr'><strong>potest,</strong></span> <span class='ocrx_word' id='word_1_985' title='bbox 2993 5637 3081 5706; x_wconf 91' lang='lat' dir='ltr'><strong>qui</strong></span> <span class='ocrx_word' id='word_1_986' title='bbox 3115 5638 3279 5691; x_wconf 92' lang='lat' dir='ltr'><strong>Deum</strong></span> <span class='ocrx_word' id='word_1_987' title='bbox 3320 5638 3471 5693; x_wconf 90' lang='lat' dir='ltr'><strong>timet</strong></span> <span class='ocrx_word' id='word_1_988' title='bbox 3503 5653 3518 5691; x_wconf 87' lang='lat'><strong>:</strong></span> <span class='ocrx_word' id='word_1_989' title='bbox 3549 5654 3672 5694; x_wconf 86' lang='lat' dir='ltr'><strong>nam</strong></span> 
     </span>
    </p>
   </div>
   <div class='ocr_carea' id='block_1_120' title="bbox 2088 5728 3672 5803">
    <p class='ocr_par' dir='ltr' id='par_1_120' title="bbox 2088 5728 3672 5803">
     <span class='ocr_line' id='line_1_120' title="bbox 2088 5728 3672 5803; baseline -0.003 -16"><span class='ocrx_word' id='word_1_990' title='bbox 2088 5734 2283 5797; x_wconf 88' lang='lat' dir='ltr'><strong>Timor,</strong></span> <span class='ocrx_word' id='word_1_991' title='bbox 2311 5734 2499 5803; x_wconf 91' lang='lat' dir='ltr'><strong>inquit,</strong></span> <span class='ocrx_word' id='word_1_992' title='bbox 2522 5732 2751 5795; x_wconf 87' lang='lat' dir='ltr'><strong>Domini,</strong></span> <span class='ocrx_word' id='word_1_993' title='bbox 2775 5747 2924 5800; x_wconf 83' lang='lat' dir='ltr'><strong>super</strong></span> <span class='ocrx_word' id='word_1_994' title='bbox 2947 5729 3114 5782; x_wconf 88' lang='lat' dir='ltr'><strong>omnia</strong></span> <span class='ocrx_word' id='word_1_995' title='bbox 3131 5745 3181 5782; x_wconf 87' lang='lat' dir='ltr'><strong>se</strong></span> <span class='ocrx_word' id='word_1_996' title='bbox 3197 5730 3517 5798; x_wconf 84' lang='lat' dir='ltr'><strong>superposuit</strong></span> <span class='ocrx_word' id='word_1_997' title='bbox 3546 5728 3672 5800; x_wconf 78' lang='lat' dir='ltr'><strong>(Ec-</strong></span> 
     </span>
    </p>
   </div>
   <div class='ocr_carea' id='block_1_121' title="bbox 2089 5822 3673 5904">
    <p class='ocr_par' dir='ltr' id='par_1_121' title="bbox 2089 5822 3673 5904">
     <span class='ocr_line' id='line_1_121' title="bbox 2089 5822 3673 5904; baseline -0.009 -13"><span class='ocrx_word' id='word_1_998' title='bbox 2089 5838 2171 5892; x_wconf 83' lang='lat' dir='ltr'><strong>cli.</strong></span> <span class='ocrx_word' id='word_1_999' title='bbox 2203 5836 2293 5892; x_wconf 70' lang='lat'><strong>9.5.</strong></span> <span class='ocrx_word' id='word_1_1000' title='bbox 2320 5832 2426 5904; x_wconf 66' lang='grc'><strong>11).</strong></span> <span class='ocrx_word' id='word_1_1001' title='bbox 2460 5831 2608 5886; x_wconf 90' lang='lat' dir='ltr'><strong>llunc</strong></span> <span class='ocrx_word' id='word_1_1002' title='bbox 2634 5827 2786 5883; x_wconf 83' lang='lat' dir='ltr'><strong>nobis</strong></span> <span class='ocrx_word' id='word_1_1003' title='bbox 2812 5839 3207 5895; x_wconf 82' lang='lat' dir='ltr'><strong>comparemus,</strong></span> <span class='ocrx_word' id='word_1_1004' title='bbox 3241 5839 3333 5894; x_wconf 87' lang='lat' dir='ltr'><strong>pro</strong></span> <span class='ocrx_word' id='word_1_1005' title='bbox 3361 5824 3461 5881; x_wconf 86' lang='lat' dir='ltr'><strong>hoc</strong></span> <span class='ocrx_word' id='word_1_1006' title='bbox 3492 5822 3673 5880; x_wconf 85' lang='lat' dir='ltr'><strong>omnia</strong></span> 
     </span>
    </p>
   </div>
  </div>
