4108 6410
439 384 543 438 205

440 587 735 640 ἀπελθόντα
753 587 847 638 σὺν
864 585 1081 655 Χριστῷ
1101 581 1259 640 εἶναι·
1278 587 1346 640 τά
1372 588 1508 657 μετά
1534 588 1780 650 θάνατον,
1809 589 1840 659 ἢ
1860 587 1999 641 καλὰ

441 673 474 741 ἢ
505 673 666 725 κακά.
697 671 788 742 Μὴ
817 672 992 745 τοίνυν
1020 672 1112 724 ἐπὶ
1149 675 1260 738 τοῖς
1285 676 1687 746 ἀποθνήσκουσι
1718 677 1998 745 πενθῶμεν

439 763 642 827 ἁπλῶς,
687 763 821 833 μηδὲ
853 762 946 816 ἐπὶ
970 765 1083 826 τοῖς
1127 763 1261 827 ζῶσι
1305 765 1581 836 χαίρωμεν
1611 765 1826 829 ἁπλῶς·
1864 766 2000 819 ἀλλὰ

435 855 524 914 τίς
559 854 850 924 Πενθῶμεν
885 854 1011 916 τοὺς
1055 855 1412 925 ἁμαρτωλοὺς
1454 855 1526 926 μὴ
1561 856 2000 925 ἀποθνήσκοντας

441 947 618 1016 μόνον,
653 946 790 1000 ἀλλὰ
831 948 926 999 καὶ
971 946 1199 1011 ζῶντας.
1236 946 1526 1016 Χαίρωμεν
1560 948 1616 1000 δὲ
1656 948 1748 1000 ἐπὶ
1777 949 1888 1010 τοῖς
1917 947 1997 999 διο

439 1037 640 1099 καίοις,
688 1035 763 1107 μὴ
812 1035 946 1101 ζῶσι
1008 1036 1187 1107 μόνον,
1221 1036 1357 1090 ἀλλά
1399 1037 1492 1091 καὶ
1533 1037 1994 1108 τετελευτηκόσιν.

451 1126 678 1179 Ἐκεῖνοι
715 1127 813 1196 μὲν
857 1126 964 1196 γὰρ
1001 1127 1096 1178 καὶ
1137 1125 1336 1190 ζῶντες
1377 1127 1718 1195 τεθνήκασιν,
1750 1122 1893 1180 οὗτοι
1940 1127 1998 1180 δὲ

439 1218 532 1270 καὶ
561 1218 920 1281 ἀποθανόντες
963 1218 1162 1282 ζῶσιν·
1211 1220 1404 1272 ἐκεῖνοι
1451 1219 1545 1272 καὶ
1587 1218 1816 1272 ἐνταῦθα
1847 1218 1999 1282 ὄντες

438 1309 660 1364 ἐλεεινοί
695 1309 858 1362 πᾶσίν
912 1311 1082 1374 είσιν,
1138 1309 1324 1379 ἐπειδὴ
1371 1309 1490 1380 Θεῷ
1533 1309 1995 1382 προσκρούουσιν·

437 1395 580 1454 οῦτοι
614 1401 709 1452 καὶ
749 1401 866 1454 ἐκεῖ
909 1402 1280 1470 μεταστάντες
1311 1402 1591 1471 μακάριοι,
1627 1402 1708 1454 ὅτι
1738 1400 1873 1471 πρὸς
1907 1401 1997 1453 τὸν

440 1491 672 1558 Χριστὸν
731 1491 991 1560 ἀπῆλθον.
1046 1492 1109 1544 Οί
1169 1491 1509 1561 ἁμαρτωλοὶ,
1563 1493 1696 1544 ὅπου
1749 1491 1815 1544 ἀν
1859 1484 1994 1553 ὦσι,

441 1582 628 1652 πόρρω
650 1581 744 1633 τοῦ
778 1581 1041 1651 βασιλέως
1069 1583 1195 1636 εἰσί.
1228 1583 1326 1635 Διά
1355 1583 1512 1635 τοῦτο
1543 1583 1790 1654 δακρύων
1815 1583 1952 1649 ἄξιοι
1978 1600 1993 1615 ·

436 1676 489 1726 οἱ
522 1674 580 1726 δὲ
621 1673 838 1736 δίκαιοι,
881 1674 945 1726 ἄν
975 1691 1034 1726 τε
1073 1675 1323 1738 ἐνταῦθα,
1358 1675 1423 1728 ἄν
1461 1692 1518 1727 τε
1543 1676 1696 1740 ἐκεῖ,
1729 1675 1866 1745 μετά
1903 1674 1997 1728 τοῦ

440 1765 702 1834 βασιλέως
728 1765 870 1830 εἰσὶ,
913 1766 1073 1818 κάκεῖ
1106 1766 1303 1834 μᾶλλον
1339 1765 1430 1818 καί⁵
1465 1764 1775 1836 ἐγγύτερον,
1809 1765 1869 1818 οὐ
1911 1766 1998 1820 διὰ

437 1857 608 1920 εἴδους
627 1865 667 1921 ⁸,
685 1857 745 1909 οὐ
763 1857 850 1910 διά
871 1857 1122 1921 πίστεως,
1142 1857 1295 1924 ἀλλὰ,
1315 1856 1662 1926 Πρόσωπον,
1680 1859 1834 1929 φησι,
1850 1857 1999 1926 πρὸς

436 1948 776 2018 πρόσωπον.

503 2125 563 2178 δ’.
589 2125 682 2196 Μὴ
709 2125 885 2179 τοίνυν
914 2125 1099 2190 ἁπλῶς
1141 2127 1416 2198 κλαίωμεν
1439 2129 1566 2192 τοὺς
1591 2127 1959 2192 ἀποθανόντας
1978 2169 1994 2194 ,

435 2216 572 2269 ἀλλὰ
598 2217 726 2278 τοὺς
771 2216 828 2267 ἐν
862 2215 1189 2285 ἁμαρτίαις·
1225 2208 1371 2267 οὗτοι
1406 2215 1619 2284 θρήνων
1657 2214 1818 2280 ἄξιοι,
1852 2207 1998 2268 οῦτοι

434 2303 679 2357 κοπετῶν
709 2305 803 2357 καὶ
841 2303 1109 2376 δακρύων.
1165 2305 1301 2357 Ποία
1332 2303 1440 2376 γὰρ
1490 2305 1678 2368 ἐλπὶς,
1713 2304 1833 2357 εἰπέ
1873 2321 1995 2374 μοι,

438 2396 575 2466 μετὰ
610 2396 1014 2466 ἁμαρτημάτων
1053 2395 1327 2460 ἀπελθεῖν,
1356 2394 1483 2447 ἔνθα
1514 2396 1612 2448 οὐκ
1645 2395 1789 2448 ἔστιν
1821 2397 1999 2466 ἁμαρ-

433 2486 650 2554 τήματα
687 2484 1080 2551 ἀποδύσασθαι;
1123 2485 1267 2547 Ἕως
1303 2485 1399 2555 μὲν
1426 2484 1532 2556 γὰρ
1560 2477 1699 2555 ἦσαν
1741 2485 1992 2549 ἐνταῦθα,

435 2576 563 2638 ἴσως
590 2570 657 2646 ἦν
690 2574 838 2646 [217]
880 2575 1172 2645 προσδοκία
1205 2575 1392 2646 πολλὴ.
1423 2577 1504 2629 ὅτι
1545 2575 1992 2646 μεταϐαλοῦνται,

435 2669 516 2721 ὅτι
547 2667 788 2737 βελτίους
815 2667 1024 2720 ἔσονται
1049 2685 1060 2696 ·
1099 2669 1163 2721 ἂν
1193 2668 1249 2720 δὲ
1277 2667 1583 2722 ἀπέλθωσιν
1614 2671 1691 2731 είς
1721 2669 1811 2722 τὸν
1841 2669 1992 2740 ᾆδην,

436 2756 566 2811 ἔνθα
589 2757 689 2810 οὐκ
719 2757 862 2810 ἔστιν
890 2757 998 2810 ἀπὸ
1029 2757 1313 2826 μετανοίας
1348 2757 1603 2828 κερδᾶναί
1634 2776 1686 2812 τι
1727 2759 1857 2829 (Ἑν
1889 2759 1996 2831 γὰρ

433 2849 514 2914 τῷ
555 2849 692 2916 ᾄδῃ,
729 2848 882 2919 φησὶ,
914 2851 1002 2914 τίς
1034 2849 1539 2918 ἐξομολογήσεται
1570 2851 1747 2920 σοι;),
1781 2852 1896 2914 πῶς
1935 2852 1995 2904 οὐ

433 2939 645 3011 θρήνων
681 2939 849 3007 agam;
887 2940 1175 3010 Κλαίωμεν
1215 2941 1338 3004 τοὺς
1369 2940 1543 3003 οὕτως
1571 2941 1995 3012 ἀπερχομένους,

431 3031 492 3084 οὐ
523 3033 736 3095 κωλύω,
769 3032 1069 3101 κλαίωμεν,
1110 3030 1245 3084 ἀλλά
1281 3031 1354 3103 μὴ
1385 3033 1730 3102 ἀσχημόνως,
1764 3033 1838 3103 μὴ
1877 3032 1996 3104 τρί-

433 3142 533 3194 χας
577 3125 847 3188 τίλλοντες
868 3165 882 3189 ,
926 3124 1001 3196 μὴ
1033 3123 1324 3196 βραχίονας
1351 3124 1683 3195 γυμνοῦντες
1706 3165 1720 3189 ,
1763 3125 1836 3196 μὴ
1874 3125 1997 3196 ὄψιν

435 3215 873 3288 σπαράττοντες,
927 3215 1017 3286 μὴ,
1049 3215 1562 3287 μελανειμονοῦντες
1585 3258 1600 3283 ,
1652 3217 1790 3270 ἀλλὰ
1839 3217 1997 3287 μόνον

432 3308 573 3361 κατὰ
595 3306 772 3378 ψυχὴν
801 3306 988 3378 ἡρέμα,
1010 3306 1242 3378 δάκρυον
1265 3307 1515 3377 ἀφιέντες
1539 3308 1754 3377 πικρόν.
1779 3310 1996 3363 Ἔνεστι

431 3399 540 3468 γὰρ
564 3398 658 3452 καὶ
687 3398 892 3469 ταύτης
917 3398 1086 3469 χωρὶς
1111 3399 1209 3469 τῆς
1246 3399 1468 3471 πομπῆς
1501 3399 1729 3452 κλαῦσαι
1759 3400 1994 3471 πικρῶς,

433 3491 531 3546 καὶ
565 3493 638 3564 μὴ
667 3491 855 3555 παῖξαι
889 3489 1045 3561 μόνον
1068 3506 1083 3520 ·
1121 3489 1386 3558 παιγνίων
1411 3489 1521 3560 γὰρ
1547 3489 1700 3544 οὐδὲν
1724 3490 1997 3562 διενήνοχε

431 3583 500 3637 τά
532 3584 636 3637 ὑπό
683 3577 1169 3652 τινων’γινόμενα.
1224 3581 1334 3634 Καὶ
1379 3581 1487 3651 γὰρ
1535 3581 1596 3634 οὐ
1655 3583 1997 3652 συμπαθείας

435 3676 630 3728 ἐκεῖνοι
655 3675 705 3726 οἱ
733 3673 952 3727 κοπετοὶ
978 3673 1026 3725 οί
1053 3673 1140 3724 ἐπ’
1164 3672 1389 3743 ἀγορᾶς,
1417 3671 1534 3724 ἀλλ’
1564 3673 1876 3739 ἐπιδείξεως
1901 3673 1996 3727 καὶ

436 3763 742 3834 φιλοτιμίας
771 3762 866 3814 καὶ
909 3760 1211 3825 κενοδοξίας
1249 3760 1390 3813 είσί·
1436 3760 1629 3814 πολλαὶ
1676 3761 1765 3816 διὰ
1799 3764 1996 3834 τέχνην

435 3855 590 3909 τοῦτο
636 3853 930 3907 ποιοῦνται.
987 3851 1235 3906 Κλαῦσον
1287 3851 1515 3922 πικρὸν,
1574 3852 1826 3917 στέναξον
1873 3855 1993 3908 κατ’

429 3945 634 4009 οἰκίαν,
688 3943 914 4015 μηδενὸς
957 3942 1226 4014 ὁρῶντος·
1269 3942 1427 3995 τοῦτο
1473 3943 1814 4014 συμπαθείας
1845 3947 1989 4012 ἐστὶ,

427 4036 585 4089 τοῦτο
613 4036 708 4089 καὶ
745 4035 803 4088 σὲ
841 4034 1060 4104 ὠφελεῖ.
1118 4033 1177 4087 '0
1205 4033 1314 4106 γὰρ
1351 4035 1560 4090 ἐκεῖνον
1590 4036 1802 4090 πενθῶν
1828 4037 1990 4103 οὕτω,

429 4128 608 4198 πολλῷ
637 4127 835 4198 μᾶλλον
863 4126 1026 4189 αὐτὸς
1059 4125 1348 4178 σπουδάσει
1376 4125 1641 4197 μηδέποτε
1667 4131 1780 4192 τοῖς
1809 4130 1994 4194 αὐτοῖς

428 4221 783 4292 περιπεσεῖν·
837 4217 1042 4289 φοϐερά
1074 4234 1155 4269 σοι
1201 4217 1350 4271 ἔσται
1400 4221 1433 4289 ἡ
1487 4219 1732 4289 ἁμαρτία
1785 4221 1989 4277 λοιπόν.

427 4310 676 4366 Κλαῦσον
700 4309 826 4372 τούς
852 4307 1137 4371 ἀπίστους,
1181 4306 1413 4362 κλαῦσον
1435 4309 1562 4372 τοὺς
1590 4309 1742 4362 οὐδὲν
1768 4310 1990 4365 ἐκείνων

425 4402 757 4473 ἀπέχοντας,
789 4400 916 4461 τοὺς
963 4399 1131 4470 χωρὶς
1163 4399 1510 4469 φωτίσματος
1545 4401 1987 4473 ἀπερχομένους,

425 4495 548 4557 τοὺς
577 4495 746 4565 χωρὶς
800 4493 1124 4562 σφραγῖδος·
1161 4484 1306 4544 οὗτοι
1354 4491 1522 4554 ὅντως
1555 4492 1769 4562 θρήνων
1811 4492 1986 4561 ἄξιοι,

424 4577 569 4636 οῦτοι
616 4581 900 4653 ὀδυρμῶν·
941 4580 1046 4645 ἔξω
1073 4580 1180 4633 τῶν
1211 4579 1496 4650 βασιλείων
1541 4581 1651 4633 εἰσὶ
1702 4581 1840 4651 μετά
1879 4582 1989 4636 τῶν

424 4673 756 4737 καταδίκων,
805 4671 940 4742 μετά
980 4669 1087 4724 τῶν
1127 4668 1608 4739 κατεγνωσμένων.
1657 4670 1844 4739 Ἀμὴν
1879 4671 1986 4742 γὰρ

421 4765 577 4834 λέγω
606 4763 774 4832 ὑμῖν,
818 4761 927 4815 ἐὰν
963 4761 1050 4831 μή
1085 4779 1172 4827 τις
1217 4760 1479 4832 γενκηθῇ
1520 4761 1588 4825 ἐξ
1626 4761 1842 4830 ὕδατος
1887 4764 1986 4818 καὶ

424 4857 780 4925 πνεύματος,
813 4855 883 4907 οὐ
901 4853 986 4922 μὴ
1007 4853 1251 4921 εἰσέλθῃ
1271 4855 1357 4919 εἰς
1382 4853 1498 4921 τὴν
1511 4853 1841 4917 ,βασιλείαν
1870 4855 1987 4909 τῶν

422 4946 713 5016 οὐρανῶν.
745 4944 994 4998 Κλαῦσον
1019 4945 1143 5008 τοὺς
1171 4946 1229 4996 ἐν
1269 4943 1482 5015 πλούτῳ
1509 4944 1984 5014 τετελευτηκότας,

422 5039 516 5093 καὶ
571 5036 838 5108 μηδεμίαν
883 5035 992 5088 ἀπὸ
1037 5035 1132 5087 τοῦ
1185 5035 1414 5089 πλούτου
1464 5036 1817 5106 παραμυθίαν
1865 5040 1986 5102 ταῖς

423 5129 629 5183 ἑαυτῶν
663 5127 862 5197 ψυχαῖς
910 5126 1334 5194 ἐπινοήσαντας,
1365 5127 1493 5189 τοὺς
1538 5127 1803 5192 λαϐόντας
1835 5130 1986 5195 ἐξου-

426 5221 546 5275 σίαν
575 5217 978 5273 ἀπολούσασθαι
1016 5217 1196 5272 αὐτῶν
1232 5218 1302 5270 τά
1328 5219 1718 5290 ἁμαρτήματα,
1765 5220 1860 5274 καὶ
1909 5221 1985 5293 μὴ

425 5311 803 5383 βουληθέντας.
843 5310 1078 5373 Τούτους
1102 5311 1380 5382 κλαίωμεν
1425 5312 1520 5365 καὶ
1559 5313 1667 5384 ίδίᾳ
1706 5314 1982 5386 καὶκοινῇ

423 5403 642 5466 πάντες,
681 5399 817 5455 ἀλλά
863 5399 1000 5470 μετά
1027 5399 1407 5470 κοσμιότητος,
1447 5399 1583 5455 ἀλλὰ
1626 5401 1768 5470 μετὰ.
1793 5401 1984 5470 σεμνό-

487 5665 515 5695 ⁸
535 5660 664 5713 Editi
689 5662 870 5727 habent
894 5664 949 5712 οὐ
972 5662 1048 5712 διὰ
1073 5664 1276 5727 εἰσόδου.
1303 5661 1514 5727 Savilius
1537 5665 1802 5725 legendum
1822 5663 1983 5727 suspi-

422 5731 559 5788 catus
580 5731 653 5773 est
697 5726 755 5788 οὐ
775 5727 832 5773 δι’
869 5727 1116 5788 ἐσόπτρου.
1153 5726 1327 5776 Veram
1362 5726 1622 5776 lectionem
1649 5728 1830 5788 profert
1871 5726 1982 5778 C01-

423 5784 648 5839 beninus
671 5786 826 5836 codex
854 5786 908 5836 οὐ
935 5784 1198 5843 διὰέἷδους.

1245 380 1314 435 IN
1350 380 1563 436 EPIST.
1607 381 1696 434 AD
1730 383 2012 438 PIIILIPP.
2051 381 2203 438 CAP.
2246 386 2288 440 ι.
2326 383 2557 440 HOMIL.
2598 386 2682 441 ll}.

441 495 796 559 κολάζεσθαι·
842 495 959 549 οὐδὲ
999 494 1161 546 καλὸν
1202 499 1230 548 ὁ
1263 495 1510 560 θάνατος,
1551 497 1683 550 ἀλλὰ
1735 497 1896 550 καλὸν
1934 497 1994 548 τὸ
2037 521 2051 539 ι

3550 398 3669 453 (2οϋ

2099 513 2289 566 τητος,
2337 499 2472 552 ἀλλά
2521 499 2597 570 μὴ
2646 499 2783 554 ὥστε
2832 503 3352 574 παραδειγματίζειν
3407 510 3650 577 ἑαυτούς.

2097 589 2328 654 Τούτους
2355 591 2628 662 κλαίωμεν
2663 594 2736 664 μὴ
2780 595 2908 664 μίαν
2935 596 3167 667 ἡμέραν,
3211 599 3343 670 μηδὲ
3372 601 3650 674 δευτέραν,

2095 680 2228 735 ἀλλὰ
2254 681 2346 734 τὸν
2371 683 2549 737 πάντα
2575 684 2688 754 βίον
2721 685 2894 756 ήμῶν.
2941 687 3111 740 Τοῦτο
3159 691 3259 742 οὐκ
3299 689 3414 744 ἐστι
3451 695 3654 759 πάθους

2095 767 2289 836 ἀλόγου
2316 769 2376 822 :0
2397 771 2650 843 δάκρυον,
2681 775 2816 828 ἀλλὰ
2841 776 3219 848 φιλοστοργίας
3238 796 3250 808 ·
3274 782 3450 836 ἐκεῖνο
3473 783 3531 837 δὲ
3552 785 3657 838 πά-

2097 856 2220 921 θους
2253 860 2446 930 ἀλόγου
2470 878 2482 890 ·
2511 863 2600 916 διὰ
2626 864 2782 918 τοῦτο
2806 867 2900 920 καὶ
2924 869 3132 938 ταχέως
3159 870 3462 928 σϐέννυται.
3491 875 3657 928 Ὅταν

2097 947 2203 1020 γὰρ
2233 949 2322 1031 διὰ
2353 952 2444 1005 τὸν
2466 952 2558 1006 τοῦ
2588 954 2722 1008 Θεοῦ
2757 957 2920 1026 φόϐον
2941 950 3178 1029 γίνηται,
3210 961 3297 1014 ἀεὶ
3326 965 3652 1035 παραμένει.

2097 1040 2388 1112 Κλαίωμεν
2414 1038 2506 1098 οῦν
2535 1046 2775 1114 τούτους,
2805 1049 3086 1120 βοηθῶμεν
3118 1055 3299 1117 αὐτοῖς
3328 1056 3470 1108 κατὰ
3497 1057 3656 1111 δύνα-

2100 1147 2212 1200 μιν,
2236 1134 2610 1206 ἐπινοήσωμεν
2635 1139 2818 1204 αὐτοῖς
2848 1159 2968 1194 τινα
2999 1142 3267 1214 βοήθειαν,
3301 1147 3503 1217 μικρὰν
3533 1149 3654 1219 μὲν,

2098 1220 2310 1311 βοηθεῖν
2346 1224 2403 1278 δὲ
2449 1226 2597 1296 ὅμως
2637 1229 2959 1302 δυναμένην.
2994 1233 3117 1296 Πῶς
3161 1235 3254 1288 καὶ
3294 1237 3402 1291 τίνι
3433 1240 3655 1311 τρόπῳς

2093 1309 2256 1363 Αύτοί
2284 1330 2342 1366 τε
2385 1314 2695 1386 εὐχόμενοι,
2728 1320 2820 1372 καὶ
2853 1322 3071 1392 ἐτέρους
3100 1309 3543 1396 παρακαλοῦντες
3571 1309 3659 1382 εὐ-

2094 1399 2194 1468 χάς
2214 1400 2350 1471 ὐπέρ
2371 1403 2548 1458 αὐτῶν
2567 1408 2852 1475 ποιεῖσθαι,
2878 1411 3101 1481 πένησιν
3132 1414 3272 1486 ὑπὲρ
3296 1417 3472 1470 αὐτῶν
3491 1419 3658 1473 διδόνο

2093 1509 2184 1555 τες
2228 1495 2485 1564 συνεχῶς.
2525 1498 2676 1568 Ἔχει
2719 1501 2839 1555 τινὰ
2877 1506 2936 1556 τὸ
2987 1508 3220 1576 πρᾶγμα
3261 1511 3653 1581 παραμυθίαν·

2095 1581 2256 1635 ἄκουε
2283 1584 2390 1656 γὰρ
2416 1586 2509 1638 τοῦ
2536 1587 2668 1642 Θεου
2697 1590 2944 1659 λέγοντος
2968 1611 2982 1624 ·
3023 1595 3391 1664 Ὑπερασπιῶ
3419 1601 3527 1670 τῆς
3553 1607 3657 1658 πό-

2092 1677 2244 1766 ξεως
2263 1677 2482 1745 ταύτης
2497 1678 2571 1734 δι’
2587 1681 2710 1750 ἐμὲ,
2734 1683 2832 1735 καὶ
2845 1684 2942 1738 διὰ
2957 1688 3135 1741 Δαυῒδ
3157 1691 3261 1745 τὸν
3281 1693 3506 1749 δοῦλόν
3515 1715 3656 1766 μου.

2094 1765 2156 1854 Εἰ
2194 1768 2378 1839 μνήμη
2422 1770 2579 1840 μόνον
2608 1772 2816 1828 δικαίου
2854 1778 3105 1833 τοσοῦτον
3142 1782 3378 1854 ἴσχυσεν,
3411 1765 3538 1842 ὅταν
3566 1793 3659 1844 καὶ

2095 1851 2232 1924 ἔργα
2262 1857 2487 1927 γένηται
2531 1860 2669 1931 ὑπὲρ
2713 1865 2897 1932 αὐτοῦ,
2947 1868 3063 1931 πῶς
3107 1851 3229 1926 οωῖ
3259 1875 3498 1945 ἰσχύσεις
3545 1882 3658 1934 Οὐκ

2095 1945 2216 2016 είκῆ
2246 1947 2418 2002 ταῦτα
2451 1951 2809 2027 ἐνομοθετήθη
2845 1958 2947 2011 ὑπὸ
2970 1961 3078 2013 τῶν
3113 1964 3444 2031 ἀποστόλων,
3478 1972 3539 2024 τὸ
3567 1973 3659 2026 ἐπὶ

2092 2036 2200 2115 τῶν
2225 2039 2465 2108 φρικτῶν
2497 2045 2809 2115 μυστηρίων
2842 2050 3061 2120 μνήμην
3087 2053 3332 2120 γίνεσθαι
3358 2057 3463 2112 τῶν
3487 2061 3658 2114 ἀπελ-

2093 2124 2291 2222 θόντων
2315 2146 2327 2158 ·
2356 2129 2534 2187 ἴσασιν
2553 2135 2734 2200 αὐτοῖς
2751 2138 2882 2191 πολὺ
2905 2139 3092 2210 κέρδος
3125 2137 3429 2216 γινόμενον,
3458 2151 3659 2222 πολλὴν

2090 2219 2189 2289 τὴν
2219 2221 2508 2312 ῶφέλειαν.
2534 2226 2700 2280 Ὅταν
2725 2227 2833 2300 γὰρ
2861 2232 3065 2304 ἑστήκῃ
3087 2233 3212 2297 λαὸς
3233 2237 3527 2310 ὁλόκληρος
3549 2219 3658 2312 χεῖ-

2093 2325 2192 2401 ρας
2225 2311 2610 2377 ἀνατείνοντες,
2630 2316 2899 2388 πλήρωμα
2928 2321 3220 2391 ίερατικὸν,
3241 2329 3332 2379 καὶ
3354 2311 3657 2401 προκέηται

2094 2400 2126 2468 ή
2196 2403 2397 2472 φρικτὴ
2480 2404 2672 2470 θυσία,
2732 2407 2848 2471 πῶς
2903 2411 2964 2464 οὐ
3043 2412 3438 2488 δυσωπήσομεν
3517 2400 3658 2490 ὑπὲρ

2092 2492 2296 2545 τούτων
2362 2493 2511 2566 [218]
2569 2497 2661 2550 τὸν
2737 2499 2869 2554 Θεὸν
2938 2505 3443 2575 παρακαλοῦντες;
3499 2512 3658 2567 Ἀλλά

2089 2579 2248 2632 τοῦτο
2292 2581 2390 2650 μὲν
2449 2586 2578 2653 περὶ
2629 2585 2737 2640 τῶν
2793 2590 2852 2641 ὲν
2904 2590 3083 2645 πίστει
3129 2596 3506 2666 παρελθόντων
3542 2617 3556 2630 ·
3604 2603 3654 2654 οἱ

2089 2669 2146 2722 δὲ
2209 2673 2608 2744 κατηχούμενοι
2679 2678 2802 2730 οὐδὲ
2864 2681 3068 2754 ταύτης
3119 2684 3502 2751 καταξιοῦνται
3557 2693 3657 2762 τῆς

2090 2764 2462 2832 παραμυθίας,
2488 2766 2621 2821 ἀλλά
2675 2769 3073 2842 ἀπεστέρηνται
3128 2777 3309 2848 πάσης
3341 2781 3437 2850 τῆς
3468 2785 3654 2837 τοιαύ-

2088 2869 2189 2923 της
2257 2854 2527 2926 βοηθείας,
2587 2858 2726 2930 πλὴν
2775 2865 2903 2933 μιᾶς
2955 2882 3121 2930 τινος.
3190 2870 3356 2936 Ποίας
3400 2873 3463 2944 δὴ
3525 2877 3655 2932 :00-

2089 2959 2230 3013 της;
2276 2945 2494 3000 Ἔνεστι
2542 2949 2769 3021 πένησιν
2828 2955 2967 3026 ὑπὲρ
3015 2959 3195 3014 αὐτῶν
3244 2963 3476 3020 διδόναι·
3515 2973 3676 3025 ποιεῖ’

2262 3037 2446 3103 αὐτοῖς
2489 3041 2814 3132 παραψυχὴν
2849 3045 2910 3098 :0
2958 3051 3190 3120 πρᾶγμα
3217 3070 3232 3084 ·
3259 3056 3352 3108 καὶ
3375 3057 3484 3128 γάρ
3524 3063 3654 3132 παρ’

2089 3128 2336 3200 ἀλλήλων
2361 3133 2508 3202 ἡμᾶς
2533 3131 2862 3203 ὡφελεῖσθαι
2909 3137 3156 3208 βούλεται
3197 3146 3226 3197 ὁ
3267 3146 3421 3212 Θεός.
3470 3153 3568 3206 Διά
3603 3128 3656 3206 τί

2091 3219 2199 3292 γὰρ
2221 3221 2362 3293 ὑπὲρ
2397 3224 2625 3296 είρήνης
2674 3229 2769 3280 καὶ
2816 3230 3134 3298 εὐσταθείας
3161 3237 3254 3290 τοῦ
3285 3240 3490 3311 κόσμου
3533 3245 3656 3299 ἐκέ-

2090 3311 2282 3366 λευσεν
2329 3315 2588 3385 εὐχεσθαι
2620 3335 2636 3380 ;
2669 3319 2758 3372 διὰ
2797 3321 2856 3374 τίη
2893 3320 3030 3394 ὅπερ
3063 3326 3282 3382 πάντων
3305 3332 3606 3403 ἀνθρώπων
3639 3358 3653 3404 ;

2091 3405 2284 3500 ξίαίτοι
2299 3423 2363 3474 γε
2391 3408 2626 3500 ἐνταῦθα
2654 3412 2711 3464 ἐν
2745 3413 2911 3465 πᾶσίν
2932 3417 3037 3469 είσι
3067 3421 3160 3472 καὶ
3183 3421 3376 3493 λῃσταὶ
3395 3429 3490 3479 καὶ
3514 3447 3654 3500 τυμ-

2093 3494 2328 3584 βωρύχοι
2355 3497 2449 3552 καὶ
2484 3499 2736 3569 κλέπται,
2770 3504 2866 3556 καὶ
2893 3505 3102 3574 μυρίων
3135 3494 3612 3584 κακῶννγέμοντεξ
3639 3539 3651 3550 .

2091 3583 2205 3636 ἀλλ’
2240 3585 2396 3676 ,ὅμως
2445 3586 2587 3659 ὑπὲρ
2627 3590 2846 3646 πάντων
2877 3595 3148 3666 εὐχόμεθα
3174 3617 3189 3631 ·
3221 3600 3350 3665 ἴσως
3377 3583 3482 3676 γάρ
3503 3583 3653 3662 ἔσται

2089 3690 2171 3736 τις
2193 3674 2373 3728 αὐτῶν
2397 3677 2725 3750 ἐπιστροφή.
2756 3682 2964 3754 Ὥσπερ
2993 3680 3090 3739 οὖν
3117 3686 3255 3760 ὑπὲρ
3294 3690 3403 3745 τῶν
3437 3674 3654 3758 ζώντων

2090 3762 2360 3833 εὐχόμεθα
2389 3764 2500 3818 τῶν
2524 3767 2676 3821 οὐδὲν
2701 3768 3127 3830 διαλλαττόντων
3152 3778 3260 3833 τῶν
3287 3783 3498 3852 νεκρῶν
3520 3825 3536 3851 ,
3558 3786 3652 3841 οὖ-

2088 3871 2196 3952 τως
2226 3854 2402 3952 ἔνεστι
2423 3857 2518 3952 καί¹
2548 3859 2688 3952 ὑπὲρ
2707 3861 2939 3952 *ἐκείνων
2953 3865 3231 3936 εὔχεσθαι.
3262 3871 3321 3926 Ὁ
3365 3874 3482 3929 Ἰὼϐ
3515 3879 3653 3952 ὑπὲρ

2088 3945 2198 3998 τῶν
2227 3947 2432 4000 παίδων
2476 3948 2650 4002 ἐποίει
2699 3949 2909 4019 θυσίας,
2954 3955 3048 4008 καὶ
3093 3957 3431 4030 ἀπήλλαττεν
3457 3945 3653 4032 αὐτοὺς

2087 4036 2194 4090 τῶν
2217 4039 2630 4109 ἁμαρτημάτων
2653 4058 2670 4074 ·
2697 4043 2794 4110 Μή
2824 4058 2968 4099 ποτε
2997 4047 3360 4118 ἐνενόησαν,
3395 4057 3565 4126 φησὶ,
3598 4059 3655 4112 τι

2086 4128 2157 4182 ἐν
2184 4129 2260 4199 τῇ
2302 4130 2514 4200 καρδία
2543 4133 2762 4190 αὐτῶν.
2791 4135 2948 4190 Οὕτω
2974 4155 3062 4203 τις
3086 4147 3391 4213 προνοεῖται
3421 4148 3648 4205 παίδων.

2087 4221 2202 4274 Οὐκ
2266 4215 2408 4289 εἷπε,
2455 4223 2708 4296 καθάπερ
2733 4227 2783 4278 οἱ
2813 4227 2997 4282 πολλοὶ
3048 4231 3156 4285 τῶν
3179 4234 3274 4288 νῦν
3306 4237 3608 4308 ἀνθρώπων
3635 4261 3648 4274 ·

2085 4312 2414 4367 Καταλείπω
2451 4315 2633 4379 αὐτοῖς
2659 4317 2970 4390 ὑπάρχοντα
2993 4335 3009 4350 ⁶
3047 4323 3147 4377 οὐκ
3166 4320 3307 4378 εἷπε·
3351 4329 3437 4382 Δῶ
3467 4333 3650 4399 αὐτοῖς

2084 4404 2278 4467 δόξαν·
2311 4406 2411 4459 οὐκ
2461 4403 2638 4461 εἶπεν·
2682 4409 2881 4482 Ἀρχὴν
2931 4411 3255 4485 ὠνήσομαι·
3305 4419 3406 4475 οὐκ
3457 4419 3648 4480 εἶπεν·

2096 4497 2326 4568 Ἀγροὺς
2381 4499 2629 4570 πρίωμαι
2654 4515 2670 4530 ·
2706 4501 2842 4554 ἀλλὰ
2897 4503 2977 4568 τί;
3008 4506 3102 4572 Μή
3131 4525 3185 4560 τι
3221 4509 3556 4583 ἐνενόησαν
3580 4519 3650 4574 ἐν

2084 4589 2161 4659 τῇ
2209 4589 2422 4658 καρδίᾳ
2468 4591 2697 4646 αὐτῶν.
2727 4592 2793 4645 Τί
2814 4593 2922 4665 γὰρ
2959 4595 3150 4665 ὄφελος
3179 4601 3400 4659 ἐκείνων
3430 4609 3649 4666 πάντων

2085 4680 2318 4734 ἐνταῦθα
2373 4679 2686 4751 μενόντων;
2743 4684 2930 4739 Οὐδέν.
2989 4688 3091 4741 Τὸν
3144 4691 3375 4749 Βασιλέα
3432 4700 3648 4757 πάντων

2086 4774 2242 4827 ἵλεων
2271 4774 2499 4843 ποιήσω,
2532 4774 2716 4842 φησὶν,
2748 4775 2948 4841 αὐτοῖς,
2978 4780 3070 4832 καὶ
3090 4781 3240 4837 οὐδὲν
3267 4786 3450 4854 αὐτοῖς
3473 4791 3648 4848 λείπει

2084 4861 2269 4916 λοιπόν
2304 4878 2318 4892 ο
2354 4863 2570 4930 Κύριος
2604 4863 2734 4935 γάρ,
2779 4866 2930 4935 φησὶ,
2965 4873 3261 4939 ποιμαίνει
3280 4894 3392 4944 με,
3421 4882 3520 4935 καὶ
3542 4887 3645 4939 ob.-

2083 4953 2190 5008 δέν
2208 4971 2284 5023 με
2306 4955 2644 5023 ὺστερήσει.
2678 4951 2843 5020 Οὗτος
2868 4960 3095 5025 πλοῦτος
3146 4966 3339 5036 μέγας,
3361 4966 3516 5038 οὗτος
3545 4976 3644 5046 θη-

2086 5045 2286 5116 σαυρός
2321 5061 2334 5074 ⁸
2366 5045 2432 5100 ἂν
2488 5046 2577 5099 τὸν
2609 5046 2703 5100 τοῦ
2757 5049 2891 5102 Θεοῦ
2949 5052 3111 5121 φόϐον
3149 5055 3362 5129 ἔχωμεν
3383 5103 3398 5130 ,
3429 5045 3642 5134 οὐδενός

2084 5138 2215 5207 ἡμῖν
2242 5139 2322 5190 δεῖ
2348 5154 2362 5168 ·
2392 5137 2458 5193 ἂν
2489 5139 2547 5193 δὲ
2565 5141 2722 5194 τοῦτο
2757 5141 2832 5214 μὴ
2861 5142 3090 5215 ἔχωμεν,
3124 5150 3215 5202 καὶ
3235 5153 3338 5223 τὴν
3362 5157 3641 5224 βασιλείαν

2084 5227 2250 5297 αὐτὴν
2282 5228 2378 5282 ἐὰν
2407 5229 2638 5300 ἔχωμεν,
2674 5233 2892 5287 πάντων
2919 5236 3086 5306 ἐσμὲν
3107 5242 3448 5315 πενέστεροι.
3478 5249 3642 5304 Οὐδὲν

2085 5317 2205 5411 ἴσον⁸
2241 5318 2335 5371 τοῦ
2358 5320 2848 5411 ῌφοϐουμένουντὸν
2893 5325 3130 5399 Κύριον·
3180 5331 3233 5383 Ὁ
3275 5335 3460 5402 φόϐος
3511 5340 3639 5411 γὰρ,

2083 5406 2218 5498 φησὶ
2246 5445 2262 5498 ,
2291 5407 2386 5462 τοῦ
2418 5410 2623 5482 Κυρίου
2657 5410 2853 5467 πάντα
2895 5415 3244 5484 ὑπερέϐαλε.
3277 5421 3476 5476 Τουτον
3508 5406 3640 5498 κτίλ-

2084 5496 2324 5568 σώμεθα,
2361 5499 2499 5571 ὑπὲρ
2526 5501 2716 5555 τούτου
2768 5505 2944 5558 πάντα
2989 5507 3317 5581 πράττωμεν
3349 5528 3363 5541 ο
3401 5516 3502 5569 κᾶν
3545 5496 3642 5591 τήν

2081 5590 2257 5661 ψυχὴν
2290 5592 2580 5646 ἀποδόσθαι
2626 5594 2718 5666 δέῃ
2742 5635 2756 5658 ,
2792 5596 2865 5667 μὴ
2901 5599 3233 5670 φεισῶμεθα,
3267 5605 3367 5660 κᾶν
3395 5609 3455 5662 τὸ
3485 5590 3641 5682 σῶμα

2082 5685 2384 5753 κατακόψαι
2412 5701 2426 5715 ·
2465 5685 2642 5740 πάντα
2680 5687 3026 5758 πράττωμεν,
3048 5692 3133 5746 ἵνα
3160 5695 3254 5749 τοῦ
3273 5699 3435 5766 φόϐου
3453 5711 3639 5758 τούτου

2085 5774 2447 5847 ἐπιτύχωμεν.
2492 5774 2646 5832 Οὕτω
2689 5778 2792 5850 γὰρ
2832 5779 3066 5851 ἐσόμεθα
3087 5783 3302 5843 πάντων
3335 5791 3642 5864 εὐπορώτε‹
