4108 6410
456 314 561 373 205

455 441 625 496 τεροι,
659 424 752 477 καὶ
801 424 909 477 τῶν
938 422 1235 494 μελλόντων
1267 422 1660 496 ἐπιτευξόμεθα
1706 422 1925 491 ἀγαθῶν
1961 423 2019 475 ἐν

454 512 674 585 Χριστῷ
716 510 889 582 Ἰησοῦ
946 510 1023 582 τῷ
1072 512 1261 583 Κυρίῳ
1291 510 1477 582 ήμῶν,
1508 512 1627 582 μεθ’
1654 506 1714 567 οὗ
1744 511 1820 582 τῷ
1847 510 2021 580 Πατρὶ

1123 313 1179 367 5.
1213 310 1494 368 ιοΑΝΝιε
1529 311 1843 368 CIIRYSOS
1860 310 2009 368 l'OMl
2046 310 2364 366 ARCIIIEP.
2407 311 2952 368 CONSTANTINOP.

3572 319 3677 372 206

2127 420 2244 490 ἅμα
2290 420 2368 491 τῷ
2396 422 2536 492 ἁγίῳ
2566 422 2843 493 Πνεύματι
2861 424 3004 491 δόξα,
3027 425 3247 495 κράτος,
3281 426 3434 497 τιμὴ,
3465 425 3559 481 νῦν
3586 430 3680 482 καὶ

2124 508 2230 573 ἀεὶ,
2260 510 2353 562 καὶ
2384 510 2463 572 εἰς
2488 510 2615 575 τοὺς
2636 509 2836 574 αἰῶνας
2858 511 3221 568 τῶνοαίώνων.
3272 515 3469 584 Ἀμήν.

1798 927 1947 1000 [219]
1990 930 2227 984 OMIMA
2268 931 2339 978 A’.

454 1087 562 1143 Καὶ
595 1086 655 1141 τί
683 1087 1019 1155 αἰρήσομαι.
1061 1088 1133 1140 οὺ
1170 1087 1440 1156 γνωρίζω.
1473 1087 1807 1156 Συνέχομαι
1847 1086 1916 1139 δὲ
1953 1088 2022 1140 ἐκ

525 1157 643 1211 τῶν
698 1156 828 1219 δύο,
873 1157 989 1223 τὴν
1031 1158 1349 1225 ἐπιθυμίαν
1396 1157 1553 1225 ἔχων
1603 1161 1689 1222 εἰς
1754 1158 1822 1210 τὸ
1881 1158 2023 1211 ἀνα-

524 1227 710 1281 λῦσαι
739 1227 836 1278 καί
864 1227 985 1279 σὺν
1014 1223 1244 1292 Χριστῷ
1274 1223 1465 1280 εἷναιῖ
1500 1227 1708 1292 πολλῷ
1733 1228 1841 1295 γὰρ
1870 1225 2020 1295 μᾶλ-

523 1302 639 1349 λον
682 1296 989 1363 κρεῖσσον.
1044 1295 1114 1348 Τὸ
1173 1296 1240 1347 δὲ
1289 1295 1592 1364 ἐπιμένειν
1622 1299 1690 1349 ἐν
1714 1295 1788 1363 τῇ
1819 1296 2019 1362 σαρκὶ,

524 1366 984 1433 ἀναγκαιότερον
1022 1366 1095 1417 δι’
1147 1364 1321 1433 ὑμᾶς.
1377 1368 1483 1419 Kal
1518 1366 1693 1419 τοῦτο
1726 1364 2023 1430 πεποιθὼς

524 1432 686 1500 οἶδα,
710 1434 803 1505 ,ὅτι
818 1435 1001 1505 μενῶ,
1029 1434 1127 1487 καί
1164 1435 1606 1505 συμπαραμενῶ
1635 1435 1823 1490 πᾶσιν
1844 1434 1985 1504 ὑμῖν
2005 1476 2021 1500 ,

524 1508 611 1571 εἰς
658 1504 774 1571 τὴν
828 1504 995 1572 ὑμῶν
1041 1505 1357 1572 προκοπὴν
1411 1504 1510 1559 κιιί
1558 1506 1751 1574 χαρὰν
1782 1504 1893 1571 τῆς
1929 1506 2023 1557 πί-

523 1589 746 1639 στεωςο
786 1574 887 1626 ἵνα
937 1574 1001 1627 τὸ
1034 1576 1315 1643 καύχημα
1355 1575 1521 1643 ὑμῶν
1564 1576 1891 1643 περισσεύῃ
1953 1576 2023 1627 ἐν

526 1643 761 1715 Χριστῷ
795 1643 988 1715 Ἰησοῦ
1006 1643 1098 1715 -ἐν
1121 1644 1249 1714 ἐμοὶ
1272 1643 1369 1700 διὰ
1391 1644 1502 1715 τῆς
1521 1644 1667 1714 ἐμῆς
1687 1644 2022 1712 παρουσίας

524 1714 712 1769 πάλιν
738 1713 889 1781 πρὸς
910 1712 1085 1782 ὑμᾶς.

521 1879 591 1927 α’.
610 1872 776 1927 Οὐδὲν
800 1873 899 1943 τῆς
928 1872 1145 1927 Παύλου
1175 1872 1354 1943 ψυχῆς
1383 1871 1811 1944 μακαριώτερον,
1835 1872 2021 1942 ἐπειδὴ

460 1962 594 2032 μηδέ
650 1961 1040 2032 γενναιότερον.
1085 1961 1245 2014 Ἀλλὰ
1280 1961 1375 2014 νῦν
1406 1962 1467 2014 τὸ
1499 1960 1739 2013 ἐναντίον
1770 1959 2023 2030 εὔκαιρον

456 2051 630 2104 εἰπεῖν
670 2051 799 2121 περί
830 2050 1048 2103 πάντων
1068 2067 1080 2080 ·
1116 2051 1265 2103 οὐδὲν
1297 2051 1454 2121 ήμῶν
1483 2050 2023 2120 ἁσθενέστερον,οὑδέ

455 2136 952 2208 ταλαιπωρότερον.
983 2136 1081 2189 Διά
1131 2138 1286 2190 τοῦτο
1330 2138 1528 2200 πάντες
1553 2138 1897 2207 πεφρίκαμεν
1933 2138 2023 2190 τὸν

457 2223 685 2279 θάνατον
713 2265 728 2291 ,
754 2226 804 2277 οἰ
838 2225 935 2295 μὲν
989 2224 1076 2277 διὰ
1125 2225 1184 2278 τὸ
1217 2224 1323 2278 τῶν
1350 2226 1758 2295 ἁμαρτημάτων
1797 2224 2020 2294 πλῆθος,

454 2304 529 2367 ὧν
563 2311 656 2365 καὶ
690 2311 853 2373 αὐτὸς
896 2303 975 2374 εἷς
1013 2312 1165 2381 εἰμι,
1192 2314 1238 2365 οἱ
1266 2312 1422 2366 δὲδιά
1444 2310 1541 2383 τὴν
1579 2310 1897 2383 φιλοψυχίαν
1926 2312 2021 2365 καὶ

455 2398 852 2470 ταλαιπωρίαν,
884 2392 958 2452 ὧν
981 2400 1191 2470 μήποτε
1222 2399 1482 2470 γενοίμην
1510 2398 1638 2467 ἐγώ·
1670 2400 1894 2469 ψυχικοί
1910 2401 2019 2468 γὰρ

453 2490 502 2542 οἰ
539 2488 726 2543 τοῦτον
759 2488 1052 2552 δεδοικότες
1081 2490 1171 2543 τὸν
1202 2490 1383 2559 φόϐον.
1418 2489 1587 2543 Τοῦτο
1615 2488 1858 2551 τοίνυν,δ
1884 2489 2019 2542 πάν-

453 2593 546 2639 τες
589 2576 940 2647 πεφρίκαμεν
966 2616 981 2639 ,
1015 2575 1222 2638 ἐκεῖνος
1271 2574 1490 2645 ηὔχετο,
1524 2576 1616 2629 καὶ
1656 2576 1791 2647 πρὸς
1818 2579 2020 2629 ἐκεῖνον

454 2664 735 2733 ἠπείγετο,
748 2664 817 2719 Τὸ
828 2664 1149 2729 ἀναλῦσαι,
1161 2664 1355 2732 λέγων,
1370 2663 1576 2729 πολλῴ
1588 2662 1823 2734 μᾶλλον
1832 2665 2021 2733 κρεῖσο

453 2766 591 2817 σον,
624 2751 723 2805 καί
751 2752 807 2804 τί
846 2750 1188 2819 αἱρήσομαι,
1220 2753 1331 2806 οὐκ
1355 2747 1505 2806 οἴδα.
1536 2752 1601 2805 Τί
1632 2751 1808 2820 λέγεις
1834 2768 1848 2817 ;
1890 2752 2018 2823 μέλ-

453 2840 560 2893 λων
587 2836 835 2891 ἐντεῦθεν
865 2838 1000 2907 πρὸς
1024 2838 1112 2890 τὸν
1139 2838 1366 2908 οὐρανὸν
1400 2838 1775 2908 μεθίστασθαι,
1798 2841 1890 2893 καὶ
1920 2858 2016 2909 με·

452 2927 523 2979 τὰ
550 2922 785 2996 Χριστοῦ
832 2920 970 2976 εἶναι
996 2962 1011 2986 ,
1043 2924 1105 2976 ού
1142 2922 1429 2995 γνωρίζεις
1482 2923 1534 2977 τί
1575 2926 1817 2996 αἰρήσῃς
1859 2925 2020 2978 Ἀλλὰ

454 3014 645 3083 πόρρω
692 3012 793 3081 τῆς
840 3008 1057 3064 Παύλου
1101 3010 1273 3064 ταῦτα
1312 3011 1512 3081 ψυχῆς.
1557 3012 1675 3065 Τίνι
1710 3013 1818 3082 γὰρ
1849 3013 1903 3065 εί
1936 3029 2019 3076 τις

456 3093 579 3151 εἶπε
614 3096 773 3149 τοῦτο
798 3095 891 3151 καὶ
916 3093 1359 3157 διεϐεϐαιώσατο,
1389 3096 1489 3171 οὐκ
1511 3093 1577 3148 ἂν
1608 3094 1809 3159 εὐθέως
1838 3096 2020 3166 ἥρπα-

456 3201 516 3238 σε
538 3200 554 3250 ;
582 3183 712 3246 Ναὶ,
739 3182 902 3253 φησίν
927 3199 940 3213 ·
976 3182 1090 3235 ἀλλ’
1116 3182 1303 3254 ὥσπερ
1336 3182 1603 3238 οὐκέστιν
1622 3184 1778 3253 ἡμῶν
1806 3184 1867 3237 τὸ
1886 3185 2019 3239 ἀνα-

453 3271 609 3325 λῦσαι
628 3272 722 3325 καὶ
738 3273 834 3324 σὺν
849 3269 1070 3340 Χριστῷ
1090 3264 1247 3323 εἶναι·
1267 3268 1436 3333 οὕτως
1457 3270 1580 3333 οὐδὲ
1596 3270 1678 3333 τὸ,
1696 3270 1870 3339 παρὸν
1890 3271 2019 3323 τού-

454 3371 548 3412 του
567 3360 771 3426 τυχεῖν,
798 3359 972 3427 μεῖναι
996 3356 1227 3409 ἐνταῦθα
1251 3359 1285 3427 ἡ
1293 3356 1408 3425 μῶν
1423 3374 1437 3389 ο
1455 3355 1568 3410 ἀλλ’
1585 3357 1867 3427 ἀμφότερα
1878 3360 2020 3411 Παύ-

415 3507 419 3511 ,
453 3444 547 3505 λου
604 3443 698 3498 καὶ
741 3444 842 3513 τῆς
889 3442 1096 3496 ἐκείνου
1147 3443 1344 3515 ψυχῆς.
1377 3444 1441 3497 Τί
1493 3444 1672 3512 λέγεις
1702 3460 1719 3510 ;
1755 3440 1901 3508 οἶδας
1926 3446 2018 3498 καὶ

454 3532 841 3594 πέπεισαι,ὃτι
869 3530 1008 3600 μετά
1032 3531 1269 3600 Χριστοῦ
1295 3530 1509 3601 μέλλεις
1540 3528 1700 3596 εἶναι,
1730 3532 1823 3584 καὶ
1850 3532 2018 3601 ἀμφι-

453 3620 671 3684 ϐάλλεις
725 3618 924 3689 λέγων,
990 3621 1111 3673 Οὐκ
1160 3616 1295 3674 οἶδα
1344 3620 1404 3673 τί
1450 3619 1773 3688 αίρήσομαι
1798 3635 1815 3681 ;
1840 3622 1932 3673 καί¹
1954 3621 2016 3673 οὐ

451 3706 610 3760 τοῦτο
640 3706 819 3776 μόνον,
846 3706 984 3759 ἀλλά
1016 3708 1109 3759 καὶ
1138 3706 1197 3759 τὸ
1228 3706 1459 3759 ἐνταῦθα
1483 3707 1636 3777 αἱρῇ,
1657 3707 1719 3759 τὸ
1742 3708 2016 3777 ἐπιμεῖναι

452 3793 597 3861 λέγω
626 3795 691 3862 τῇ
729 3792 892 3861 σαρκί
922 3809 937 3857 ;
968 3792 1033 3844 Τί
1064 3806 1191 3842 ποτε
1221 3791 1379 3844 τοῦτό
1406 3794 1584 3857 ἐστιν;
1623 3794 1756 3863 Οὐχὶ
1784 3794 2017 3847 κατάπι-

454 3894 587 3948 κρον
612 3876 743 3946 ἔζης
772 3875 887 3945 βίον
911 3894 927 3943 ;
961 3878 1018 3931 ἐν
1045 3878 1396 3948 ἀγρυπνίαις,
1430 3882 1489 3932 ἐν
1514 3881 1815 3949 ναυαγίοις,
1854 3882 1913 3933 ἐν
1938 3882 2018 3934 λι-

456 3963 543 4037 μῷ
568 3964 661 4017 καὶ
686 3963 827 4034 δίψει
855 3964 948 4017 καί
970 3964 1289 4034 γυμνότητι,
1322 3967 1381 4017 ἐν
1410 3967 1702 4037 μερίμναις
1724 4008 1739 4032 ,
1764 3970 1822 4020 ἐν
1851 3984 2015 4038 φρον-

453 4054 596 4123 τίσις
632 4052 772 4122 μετά
800 4052 908 4105 τῶν
933 4052 1301 4107 ἀσθενούντων
1329 4055 1593 4125 ἠσθένεις,
1628 4057 1722 4108 καὶ
1754 4058 1891 4128 ὑπὲρ
1910 4058 2016 4111 τῶν

455 4140 958 4213 σκανδαλιζομένων
1018 4141 1244 4212 ἐπυροῦ.
1290 4142 1391 4195 Ἐν
1447 4143 1722 4211 ὑπομονῇ
1769 4143 1971 4211 πολλῇ
1997 4183 2013 4210 ,

452 4227 638 4299 φησὶν,
661 4227 730 4281 ἐν
745 4228 1050 4295 θλίψεσιν,
1077 4229 1146 4280 ὲν
1164 4228 1470 4298 ἀνάγκαις,
1488 4230 1557 4282 ἐν
1571 4232 2013 4301 στενοχωρίαις,

452 4316 523 4371 ἐν
544 4316 834 4385 πληγαῖς,
866 4317 936 4371 ἐν
965 4317 1264 4386 φυλακαῖς
1283 4355 1297 4381 ,
1324 4318 1393 4370 ἐν
1425 4318 1912 4385 ἀκαταστασίαις,
1947 4320 2016 4373 ἐν

450 4405 780 4472 νηστείαις,
810 4404 879 4457 ὲν
898 4404 1181 4473 ἁγνότητι
1205 4422 1219 4436 ·
1253 4406 1537 4470 πεντάκις
1564 4405 2015 4473 τεσσαράκοντα

452 4492 612 4560 παρὰ
640 4493 789 4561 μίαν
819 4492 1059 4555 ἔλαϐον,
1095 4492 1221 4559 τρὶς
1252 4492 1666 4559 ἐρραϐδίσθην,
1699 4494 1860 4557 ἅπαξ
1893 4494 2015 4549 ἐλι-

454 4578 705 4645 θάσθην,
736 4578 1112 4648 νυχθήμερον
1131 4579 1201 4631 ὲν
1223 4578 1301 4643 τῷ
1324 4578 1494 4643 βυθῷ
1522 4581 1823 4645 πεποίηκα
1845 4598 1859 4611 ·
1891 4598 2015 4634 κινα-

453 4664 656 4731 δύνοις
678 4666 975 4734 ποταμῶν,
1003 4666 1305 4731 κινδύνοις
1330 4664 1593 4732 λῃστῶν,
1620 4666 1927 4732 κινδύνοις
1946 4668 2015 4720 ἐν

453 4751 627 4815 πόλει
660 4790 676 4815 ,
750 4751 1053 4817 κινδύνοις
1106 4752 1176 4804 ἐν
1233 4752 1439 4820 ἐρημίᾳ
1465 4793 1481 4817 ,
1544 4753 1847 4819 κινδύνοις
1928 4754 1997 4808 ἐν

453 4836 917 4906 ψευδαδέλφοις.
941 4838 1095 4907 Οὐχὶ,
1114 4838 1199 4890 ὅτε
1228 4838 1287 4890 τὸ
1305 4838 1557 4891 Γαλατῶν
1574 4838 1717 4891 ἂπαν
1746 4840 1895 4904 ἐθνος
1920 4842 2012 4895 ἐπὶ

451 4923 551 4994 τὴν
597 4922 690 4977 τοῦ
754 4923 917 4993 νόμου
996 4926 1378 4994 παρατήρησιν
1443 4925 1747 4994 ἐπανῆλθεν
1775 4964 1792 4989 ,
1854 4928 2013 4991 ἐϐόας

452 5011 660 5079 λέγων,
731 5011 957 5076 οἵτινες
994 5012 1063 5063 ἐν
1116 5013 1276 5079 νόμῳ
1319 5010 1683 5077 δικαιοῦσθε,
1738 5012 1850 5082 τῆς
1905 5014 2013 5083 χά-

445 5115 613 5171 ριτος
669 5097 1016 5162 ἐξεπέσετε;
1051 5098 1190 5150 πόσα
1246 5098 1365 5150 τότε
1413 5101 1514 5151 οὐκ
1566 5099 1892 5171 ἐπένθησας,
1921 5102 2013 5155 καὶ

452 5175 533 5238 ἔτι
587 5185 783 5257 μᾶλλον
833 5184 1020 5238 τοῦτον
1078 5183 1261 5247 ποθεῖς
1318 5184 1410 5236 τὸν
1451 5185 1712 5256 ἐπίκηρον
1748 5186 1906 5255 βίον;
1949 5190 2012 5242 Εἰ

451 5274 563 5342 γὰρ
594 5272 759 5343 μηδέν
781 5288 865 5324 σοι
884 5270 1086 5324 τούτων
1115 5271 1470 5342 συμϐεϐήκει,
1494 5271 1630 5325 ἀλλά
1655 5272 1851 5335 πάντα,
1870 5274 2011 5346 ἆπερ

453 5358 833 5429 κατωρθώκεις
853 5399 871 5423 ,
905 5356 1271 5428 κατώρθωσας
1311 5358 1449 5427 μετά
1486 5359 1689 5424 ἀδείας,
1723 5360 1861 5430 μετά
1885 5379 2012 5427 τρυ-

452 5446 582 5516 φῆς,
624 5445 774 5519 [220]
814 5446 914 5498 οὐκ
962 5445 1126 5515 ἐχρῆν
1162 5444 1223 5496 τὸ
1253 5444 1443 5515 ἄδηλον
1475 5444 1569 5497 τοῦ
1606 5446 1886 5513 μέλλοντος
1929 5450 2011 5502 δε-

452 5531 666 5591 δοικότα
712 5528 849 5604 πρός
892 5549 1015 5585 τινα
1062 5530 1255 5601 λιμένα
1304 5532 1715 5598 σπεύδειν;Τίς
1748 5535 2007 5606 ἔμπορος,

453 5619 574 5685 εἰπέ
632 5638 741 5690 μοι,
802 5618 1088 5690 θησαυρῶν
1149 5619 1357 5689 μυρίων
1416 5621 1595 5691 πλήρη
1650 5619 1749 5690 τὴν
1810 5622 2009 5676 ὁλκάδα

454 5703 613 5783 ἔχων,
661 5708 831 5780 παρὸν
866 5707 944 5769 εἰς
977 5706 1169 5776 λιμένα
1219 5708 1584 5779 καταδραμεῖν
1612 5708 1706 5777 καὶ
1734 5709 2008 5765 ἀναπαύε-

2125 1084 2270 1151 σθαι,
2306 1086 2480 1141 ἕλοιτο
2508 1088 2855 1145 θαλαττεύειν
2886 1092 2966 1144 ἔτι
2994 1109 3008 1157 ;
3036 1092 3119 1155 τίς
3156 1092 3480 1161 ἀγωνιστὴς,
3512 1091 3681 1161 παρὸν

2124 1175 2555 1245 στεφανωθῆναι,
2579 1177 2750 1231 ἔλοιτο
2805 1177 3203 1247 ἀγωνίζεσθαι;
3238 1179 3321 1241 τίς
3374 1178 3679 1240 πυκτεύων,

2124 1262 2295 1332 παρὸν
2337 1262 2706 1333 ἀναδήσασθαι
2761 1264 2850 1319 τὸν
2889 1265 3171 1334 στέφανον,
3203 1265 3374 1317 ἕλοιτο
3416 1265 3577 1319 πάλιν
3602 1267 3681 1327 εἰς

2120 1352 2212 1403 τὸν
2265 1351 2450 1417 ἀγῶνα
2491 1352 2738 1415 εἰσιέναι,
2779 1353 2872 1406 καί
2921 1354 3287 1407 κατακόπτειν
3338 1352 3437 1421 τὴν
3486 1353 3679 1406 ἐαυτοῦ

2122 1437 2363 1509 κεφαλήν
2389 1456 2405 1504 ;
2444 1440 2594 1502 ποῖος
2648 1439 2951 1509 στρατηγὸς
2972 1481 2987 1503 ,
3018 1441 3136 1507 ἐξὸν
3173 1440 3553 1510 ἀπαλλαγῆναι
3586 1440 3682 1492 τοῦ

2122 1525 2359 1595 πολέμου
2392 1525 2529 1596 μετὰ
2558 1527 2798 1590 εὐδοξίας
2829 1528 2922 1580 καὶ
2972 1528 3266 1597 τροπαίων,
3298 1526 3391 1579 καὶ
3429 1524 3567 1595 μετὰ
3587 1525 3680 1577 τοῦ

2123 1613 2381 1682 βασιλέως
2430 1615 2488 1667 ἐν
2542 1617 2655 1677 τοῖς
2706 1614 2994 1684 βασιλείοις
3013 1614 3415 1678 ἀναπαύεσθαι,
3453 1613 3681 1667 καταδέ-

2121 1699 2268 1765 ξαιτο
2294 1700 2357 1753 ἂν
2376 1700 2455 1753 ἔτι
2476 1702 2567 1754 καὶ
2596 1701 2772 1771 ἰδροῦν
2801 1702 2897 1756 καὶ
2920 1700 3390 1768 παρατάττεσθαι;
3421 1700 3543 1762 Πῶς
3582 1694 3675 1753 οῦν

2119 1788 2212 1841 τὸν
2254 1788 2397 1841 οὕτω
2440 1790 2776 1860 κατάπικρον
2821 1790 2928 1854 ζῶν
2960 1789 3103 1860 βίον,
3130 1789 3207 1842 ἔτι
3238 1789 3469 1842 ἐνταῦθα
3501 1787 3681 1858 μένειν

2124 1874 2340 1944 βούλει;
2381 1876 2500 1946 ούχί
2548 1876 2611 1928 σὺ
2643 1877 2847 1945 ἔλεγες,
2890 1876 3281 1945 Φοϐοῦμαιμή
3324 1891 3448 1941 πως
3472 1874 3682 1939 ἄλλοις

2121 1963 2406 2030 κηρύξας,
2462 1964 2643 2030 αὐτὸς
2701 1965 2983 2033 ἀδόκιμος
3034 1964 3329 2033 γένωμαι;
3362 1962 3420 2015 Εἰ
3451 1962 3542 2015 καὶ
3591 1961 3681 2013 διὰ

2125 2049 2289 2119 μηδὲν
2334 2050 2541 2120 ἓτερον,
2572 2049 2662 2103 διά
2705 2050 2863 2104 τοῦτο
2894 2051 3025 2119 γοῦν
3054 2051 3221 2121 ἐχρῆν
3244 2048 3530 2119 ἐπιθυμεῖν
3577 2048 3678 2115 τῆς

2122 2136 2473 2207 ἀπαλλαγῆς’
2509 2139 2557 2190 εί
2618 2138 2827 2208 μυρίων
2873 2134 2941 2208 ἦν
2970 2137 3190 2205 ἀγαθῶν
3215 2137 3385 2207 μεστά
3435 2136 3502 2189 τὰ
3540 2154 3679 2205 παρ-

2121 2225 2270 2288 όντα,
2307 2226 2393 2278 διὰ
2419 2226 2547 2294 γοῦν
2576 2226 2668 2279 τὸν
2707 2228 2939 2298 Χριστὸν
2967 2227 3059 2281 τὸν
3089 2227 3418 2297 ποθούμενον
3448 2226 3554 2278 ἔδει
3584 2243 3681 2277 πο-

2123 2313 2233 2365 θεῖν
2265 2312 2361 2384 τὴν
2401 2313 2607 2367 τούτων
2654 2314 2993 2386 ἀπαλλαγήν.
3024 2315 3195 2369 Βαϐαῖ
3214 2315 3315 2383 τῆς
3340 2314 3432 2366 τοῦ
3467 2312 3676 2366 Παύλου

2119 2398 2334 2469 ψυχῆςί
2367 2400 2520 2453 οὐδὲν
2547 2400 2661 2453 ίσον
2693 2402 2907 2472 ἐκείνης
2939 2400 3181 2469 γέγονεν,
3218 2398 3679 2469 ούδέἕσται.Φοϐῇ

2119 2488 2179 2539 τὸ
2219 2488 2430 2557 μέλλον,
2458 2487 2671 2559 μυρίοις
2703 2489 2860 2559 ἐνέχῃ
2890 2490 3103 2553 δεινοῖς,
3136 2490 3304 2543 καὶού
3341 2488 3515 2558 βούλει
3540 2483 3678 2540 εἶναι

2119 2574 2256 2645 πρὸς
2283 2575 2375 2629 τὸν
2401 2577 2668 2647 Χριστόν;
2692 2576 2788 2643 Οὔ,
2818 2578 2986 2648 φησί’
3014 2577 3108 2630 καὶ
3134 2578 3291 2630 τοῦτο
3316 2577 3403 2662 διε
3424 2577 3514 2629 τὸν
3543 2577 3677 2645 Χρι-

2121 2663 2267 2730 στὸν,
2296 2662 2385 2717 ῖνα
2430 2662 2522 2727 οὓς
2568 2665 2909 2735 εἰργασάμην
2940 2664 3105 2717 αὐτοῦ
3126 2664 3364 2727 δούλους,
3396 2664 3679 2716 εὐνουστέ-

2120 2768 2245 2823 ρους
2267 2752 2590 2820 καταστήσω
2609 2768 2622 2782 ’
2654 2752 2740 2804 ἵνα
2768 2753 2902 2822 ὅπερ
2924 2751 3195 2820 ἐφύτευσα
3217 2751 3501 2821 γεώργιον,
3544 2767 3679 2819 καρ-

2120 2838 2425 2908 ποφορῆσαι
2458 2838 2689 2907 ποιήσω.
2731 2840 2844 2892 Οὐκ
2873 2839 3111 2909 ήκουσάς
3146 2856 3246 2909 μου
3274 2840 3395 2908 οὑχί
3419 2839 3480 2890 τὸ
3507 2841 3680 2908 ἐμαυ-

2117 2926 2212 2981 τοῦ
2270 2926 2558 2999 ζητοῦντος
2604 2928 2881 2999 συμφέρον
2907 2972 2921 2992 ,
2961 2928 3095 2982 ἀλλὰ
3139 2929 3199 2982 τὸ
3246 2929 3354 2981 τῶν
3402 2927 3676 2998 πλησίον;

2118 3014 2215 3067 οὐκ
2268 3016 2523 3085 ἡκουσας,
2574 3015 2655 3067 ὅτι
2713 3014 2959 3084 ἀνάθεμα
3015 3014 3263 3085 ηὐχόμην
3290 3013 3536 3082 γενέσθαι
3569 3013 3680 3067 ἀπὸ

2117 3101 2209 3155 τοῦ
2252 3102 2490 3172 Χριστοῦ
2542 3102 2681 3173 ὑπὲρ
2727 3103 2821 3155 τοῦ
2879 3102 3105 3165 πολλοὺς
3131 3101 3279 3171 αὐτῷ
3314 3102 3675 3174 προσελθεῖνς

2130 3189 2187 3242 '0
2210 3190 2387 3241 ἐκεῖνο
2429 3188 2699 3259 ἐλόμενος,
2748 3190 2809 3242 οὐ
2841 3188 3016 3258 πολλῷ
3070 3188 3267 3258 μᾶλλον
3315 3187 3473 3241 τοῦτο
3522 3188 3679 3256 αἱρή-

2120 3291 2321 3346 σομαι,
2375 3276 2545 3345 ἡδέως
2602 3278 2834 3347 ἐμαυτὸν
2897 3276 3110 3346 ζημιῶν
3169 3275 3257 3329 διὰ
3322 3279 3421 3345 τῆς
3483 3275 3679 3329 ἀναϐο-

2117 3364 2215 3435 λῆς
2278 3364 2374 3417 καὶ⁸
2432 3363 2816 3435 ὑπερθέσεως,
2874 3364 2960 3417 ῖνα
3026 3363 3254 3427 ἐκείνοις
3314 3362 3535 3434 γένηταί
3596 3379 3676 3425 τις

2120 3451 2363 3522 σωτηρία
2381 3465 2396 3517 ;

2193 3597 2286 3660 Τίς
2332 3593 2593 3660 λαλήσει
2641 3592 2749 3661 τὰς
2792 3594 3154 3661 δυναστείας
3183 3612 3333 3660 σου,
3369 3594 3561 3665 Κύριε,
3597 3595 3677 3647 ὅτι

2117 3684 2326 3738 Παῦλον
2357 3686 2456 3737 οὐκ
2486 3685 2704 3754 ἀφῆκας
2734 3684 2938 3747 λαθεῖν,
2962 3687 3044 3738 ὅτι
3071 3684 3273 3748 ἔδειξας
3298 3687 3361 3754 τῇ
3383 3684 3675 3753 οἰκουμένῃ

2115 3770 2351 3824 τοιοῦτον
2376 3772 2543 3842 ἀνδρα
2572 3789 2585 3835 ;
2617 3772 2851 3841 ’ᾙνεσάν
2903 3788 2962 3824 σε
3012 3771 3211 3834 πάντες
3235 3772 3455 3838 ἄγγελοι
3481 3771 3678 3839 ὁμοθυο

2120 3859 2307 3929 μαδὸν,
2348 3859 2437 3911 ὅτε
2493 3858 2561 3910 τὰ
2614 3859 2790 3925 ἄστρα
2820 3858 3081 3928 εἰργάσω,
3116 3856 3310 3910 οὐκοῦν
3350 3858 3444 3909 καὶ
3474 3858 3562 3909 ὅτε
3582 3857 3675 3909 τὸν

2116 3946 2267 4017 ἥλιον
2289 3963 2303 3976 ·
2341 3944 2457 3999 ἀλλ’
2504 3944 2601 4014 οὐχ
2630 3944 2822 4007 οὕτως,
2854 3945 2931 4007 ὡς
2966 3945 3054 3996 ὅτε
3083 3944 3171 3995 τὸν
3218 3943 3430 3999 Παῦλον
3469 3944 3674 4007 ἔδειξας

2116 4034 2248 4102 ἡμῖν
2277 4033 2371 4086 καὶ
2400 4034 2467 4102 τῇ
2496 4033 2788 4102 οἰκουμένῃ
2817 4032 2984 4103 πάσῃ.
3014 4029 3111 4082 Διά
3135 4030 3292 4083 τοῦτο
3322 4030 3673 4102 λαμπροτέρα

2114 4120 2338 4188 γέγονεν
2379 4121 2412 4189 ἡ
2460 4121 2530 4188 γῆ
2564 4117 2659 4170 τοῦ
2707 4116 2934 4187 οὐρανοῦ
2961 4157 2976 4179 ,
3006 4117 3352 4187 φαιδρότερος
3384 4113 3535 4181 οὗτος
3579 4116 3675 4169 τοῦ

2117 4204 2339 4279 ἡλιακοῦ
2396 4204 2571 4273 φωτὸς
2604 4204 2783 4273 ἀφῆκε
2823 4203 3205 4275 λαμπροτέρας
3234 4204 3331 4266 τὰς
3383 4222 3674 4275 μαρμαρυ-

2116 4294 2259 4362 γὰς,
2287 4291 2519 4362 φαιδράς
2562 4290 2659 4353 τὰς
2696 4291 2918 4352 ἀκτῖνας
2964 4289 3235 4359 ἥπλωσεν.
3280 4292 3493 4344 Ἦλίκον
3542 4293 3673 4362 ἡμῖν

2114 4376 2266 4442 οὗτος
2306 4380 2458 4433 ἔτεκε
2490 4378 2581 4431 τὸν
2624 4378 2855 4447 καρπὸν,
2893 4379 2991 4430 ούκ
3022 4380 3261 4448 ἀστάχυς
3286 4379 3530 4443 πιαίνων,
3556 4379 3674 4432 οὐδὲ

2116 4469 2265 4541 ροίας
2312 4467 2527 4538 τρέφων
2550 4507 2565 4532 ,
2593 4466 2727 4519 ἀλλά
2753 4466 2845 4519 τὸν
2872 4466 2972 4535 τῆς
3016 4467 3295 4530 εὐσεϐείας
3330 4468 3538 4538 καρπὸν
3581 4468 3675 4520 καὶ

2113 4556 2331 4617 τίκτων,
2364 4555 2456 4607 καὶ
2478 4555 2556 4617 εἰς
2586 4552 2767 4625 ἀκμὴν
2806 4552 2972 4621 ἄγων,
3006 4555 3112 4629 Δκαὶ
3144 4554 3498 4608 διαπίπτοντα
3550 4571 3674 4606 συν-

2115 4642 2252 4711 εχῶς
2275 4640 2654 4710 ἀνακτώμενος
2682 4658 2698 4707 ;
2734 4641 2969 4702 Εἰκότως
2990 4659 3002 4669 °
3029 4633 3180 4704 οὗτος
3218 4642 3315 4711 μὲν
3343 4645 3451 4711 γὰρ
3470 4643 3497 4694 ὀ
3524 4641 3673 4712 ἥλιος

2112 4732 2173 4783 τὸ
2210 4729 2357 4794 ἅπαξ
2386 4729 2649 4805 διασαπέν
2690 4730 2798 4781 τῶν
2836 4729 3149 4800 ἀκροδρύων
3182 4731 3332 4783 οὐδὲν
3359 4732 3547 4801 ὀνῆσαι
3579 4730 3671 4783 δυ-

2114 4819 2352 4887 νήσεται.
2382 4817 2592 4879 Παῦλος
2615 4816 2671 4869 δὲ
2705 4817 2828 4879 τοὺς
2860 4818 3055 4887 μυρίας
3104 4817 3329 4887 ἔχοντας
3353 4818 3668 4887 σηπεδόνας,

2113 4904 2171 4970 ἐξ
2221 4903 2633 4976 ἁμαρτημάτων
2678 4904 2994 4956 ἀνεκαλεῖτο
3017 4921 3031 4935 ο
3054 4905 3146 4955 καὶ
3195 4897 3347 4966 οὗτος
3372 4906 3469 4975 μὲν
3493 4921 3673 4974 παραι

2112 4994 2280 5061 χωρεῖ
2306 4994 2371 5061 τῇ
2418 4990 2596 5057 νυκτὶ,
2627 4991 2833 5052 ἐκεῖνος
2861 4990 2917 5043 δέ
2947 4988 3041 5042 τοῦ
3079 4991 3325 5042 διαϐόλου
3358 4990 3670 5059 περιεγένε-

2110 5096 2191 5133 το.
2225 5079 2392 5131 Οὐδὲν
2422 5073 2568 5130 εἶλεν
2615 5079 2822 5130 ἐκεῖνον
2844 5116 2858 5140 ,
2891 5078 3043 5138 οὐδὲν
3074 5080 3394 5148 ἐκράτησεν.
3437 5079 3669 5140 Ἐκεῖνος

2111 5165 2205 5233 ἀφ’
2232 5163 2399 5234 ὕψους
2428 5176 2453 5204 α
2501 5164 2815 5234 φερόμενος.
2846 5164 2996 5217 κάτω
3020 5164 3115 5226 τὰς
3148 5166 3367 5227 ἀκτῖνας
3399 5164 3623 5235 ἀφίησιν
3652 5181 3668 5195 ·

2113 5252 2273 5315 αὐτὸς
2304 5252 2362 5304 δὲ
2392 5251 2635 5304 κάτωθεν
2663 5250 2989 5314 ἀνατέλλων,
3021 5252 3141 5321 οὑχί⁸
3158 5254 3217 5304 τὸ
3246 5253 3408 5321 μέσον
3438 5250 3670 5322 οὐρανοῦ

2112 5338 2339 5408 καὶτῆς
2382 5340 2486 5408 γῆς
2535 5337 2629 5391 τοῦ
2684 5338 2861 5407 φωτὸς
2908 5339 3225 5408 ἐπλήρωσεν
3252 5379 3266 5402 ,
3307 5337 3443 5391 ἀλλά
3464 5338 3580 5409 ἅμα
3610 5339 3672 5393 τὸ

2113 5427 2288 5495 στόμα
2313 5426 2515 5495 ἀνέῳξε
2540 5468 2555 5489 ,
2586 5425 2681 5479 καὶ
2706 5425 2831 5487 τοὺς
2864 5424 3129 5493 ἀγγέλους
3171 5424 3430 5494 ἐνέπλησε
3470 5426 3671 5495 πολλῆς

2110 5516 2208 5585 τῆς
2232 5512 2444 5584 ἡδονῆς.
2490 5512 2615 5575 Πῶς
2640 5530 2656 5579 ;
2685 5513 2747 5565 Εἰ
2786 5512 2896 5583 γὰρ
2933 5512 3025 5566 ἐπὶ
3059 5514 3139 5566 ένί
3170 5512 3475 5585 ἁμαρτωλῷ
3512 5529 3669 5585 μετα.

2177 5735 2201 5762 ιι
2228 5722 2379 5773 Savil.
2402 5722 2530 5784 conj.
2552 5724 2621 5787 ἐφ’
2644 5724 2808 5785 ὕψους.
