4108 6410
378 371 482 425 :‘05
1274 367 1336 422 ΙΝ
1379 366 1591 423 EPiST.
1634 366 1725 421 AD
1762 361 2059 422 PlllLlP'P.
2101 363 2252 419 CAP.
2298 364 2334 419 ι.
2378 364 2610 421 IIOMIL.
2654 366 2741 423 iV.

380 484 669 545 faciamus;
706 481 915 537 etiamsi
948 480 1215 536 reddenda
1257 482 1429 533 anima
1458 480 1528 533 sit
1550 520 1563 541 ,
1592 478 1801 533 etiamsi
1832 492 1956 531 cor-

376 592 475 645 pus
503 574 787 631 trucidand
830 592 904 638 m,
933 591 1039 628 non
1070 574 1190 628 ideo
1218 575 1539 643 refugiamus
1565 588 1579 635 ;
1621 572 1798 626 omnia
1830 582 1957 639 quas;

374 670 565 722 decent
608 666 882 730 faciamus,
937 676 993 719 ut
1050 665 1191 719 hunc
1242 664 1484 717 timorem
1539 674 1959 731 consequamur.

375 760 489 814 Hoc
518 759 664 813 enim
704 758 864 813 modo
887 768 941 811 et
962 757 1212 811 omnibus
1241 757 1443 811 erimus
1467 754 1871 827 opulentiores,
1907 764 1963 810 et

3548 373 3652 431 206

2069 477 2241 532 futura
2282 492 2673 550 consequemur
2710 482 2873 547 bona,
2920 483 2972 536 in
3020 482 3235 538 Christo
3262 486 3387 541 lesn
3427 488 3650 543 notuino

2068 580 2276 637 nostro,
2310 588 2430 626 cum
2461 588 2568 642 quo
2600 574 2741 627 Patri
2768 574 2923 628 simul
2955 592 3075 629 eum
3099 589 3286 631 saneto
3311 581 3506 648 Spiritu
3534 588 3649 650 glo-

2068 665 2169 728 ria,
2198 666 2456 734 potentia,
2477 676 2532 720 et
2556 666 2746 735 honor,
2779 684 2922 725 nunc
2947 679 3001 724 et
3028 685 3259 741 semper,
3295 682 3347 729 et
3372 673 3425 727 in
3456 678 3650 730 sa-cula

2067 760 2409 815 saculorum.
2441 762 2635 817 Amen.

1882 915 2007 926 ..-

2030 917 2226 929 ———

374 1140 503 1196 ΟΑΡ.
535 1140 586 1193 1.
615 1139 705 1193 92.
743 1138 808 1192 Et
834 1138 957 1209 quid
984 1138 1187 1207 eligam,
1218 1139 1413 1209 ignoro.
1440 1135 1532 1190 25.
1564 1133 1813 1190 Coarctor
1857 1149 1955 1188 au-

447 1243 545 1284 tem
571 1231 791 1297 duobus,
822 1229 1125 1284 desiderium
1151 1230 1338 1283 habens
1368 1228 1577 1281 dissolvi
1603 1236 1651 1282 et
1692 1238 1798 1280 esse
1846 1242 1961 1279 cum

447 1323 692 1383 Christo;
739 1322 897 1374 multo
935 1320 1068 1373 enim
1107 1321 1268 1389 magis
1298 1320 1477 1372 melius
1500 1334 1519 1371 :
1539 1317 1629 1372 2i.
1660 1331 1962 1386 permanere

446 1432 614 1475 autem
640 1421 691 1472 in
723 1435 877 1473 carne
907 1418 1068 1489 magis
1097 1417 1434 1470 necessarium
1474 1424 1679 1481 propter
1716 1425 1825 1467 vos.
1866 1410 1958 1465 25.

446 1511 513 1565 Et
544 1513 637 1565 hoc
678 1512 939 1579 conﬁdens
977 1510 1082 1562 scio
1111 1510 1231 1578 quia
1273 1506 1481 1559 manebo
1503 1545 1518 1570 ,
1550 1514 1595 1559 et
1632 1503 1960 1557 commonebo

448 1605 676 1660 omnibus
696 1605 831 1657 vobis
852 1603 920 1656 ad
937 1605 1212 1672 profectum
1233 1612 1447 1653 vestrum
1473 1608 1517 1650 et
1535 1596 1781 1667 gaudium
1801 1596 1921 1665 ﬁdei
1938 1612 1959 1650 :

444 1697 533 1750 26.
562 1707 613 1748 ut
640 1696 879 1765 gloria'io
907 1705 1071 1748 vestra
1100 1692 1317 1746 abundet
1340 1692 1393 1743 in
1418 1688 1619 1745 Christo
1641 1684 1770 1743 Jesu
1808 1688 1861 1741 in
1881 1702 1961 1741 me

447 1805 535 1857 per
558 1804 723 1840 meum
743 1786 1010 1839 adventura
1031 1784 1213 1837 iterum
1234 1784 1300 1835 ad
1323 1798 1428 1835 vos.

448 1882 500 1936 1.
541 1879 679 1934 Nihil
706 1879 855 1933 Pauli
879 1878 1055 1932 anima
1086 1876 1291 1930 beatius
1312 1917 1327 1941 ,
1359 1874 1612 1944 quoniam
1643 1872 1770 1927 nihil
1798 1872 1958 1927 etiam

383 1971 551 2041 magis
579 1986 917 2041 generosum.
946 1968 1096 2026 Nunc
1121 1982 1248 2023 vero
1277 1976 1463 2022 contra
1490 1966 1558 2021 de
1581 1965 1828 2020 omnibus
1851 1964 1959 2020 dici

383 2073 557 2133 potest
587 2080 599 2116 :
637 2062 770 2116 nihil
801 2060 954 2115 nobis
982 2058 1262 2124 inﬁrmius,
1295 2056 1426 2113 nihil
1470 2056 1739 2112 miserius.
1787 2056 1957 2125 Prop-

380 2166 523 2211 terea
554 2169 742 2209 omnes
772 2154 1050 2209 horremus
1078 2162 1328 2216 mortem,
1363 2151 1552 2221 partim
1584 2150 1801 2221 quidem
1829 2163 1958 2219 pec—

374 2261 613 2304 calorum
663 2249 1003 2302 multitudine
1048 2247 1291 2315 gravati,
1341 2258 1566 2315 quorum
1610 2259 1710 2313 ego
1748 2257 1959 2312 quoque

378 2358 513 2395 unus
534 2356 683 2406 sum;
711 2340 903 2409 partim
931 2356 1059 2394 vero
1088 2340 1208 2392 vita:
1238 2337 1435 2407 cupidi,
1465 2347 1519 2391 et
1543 2336 1680 2391 mori
1706 2335 1959 2389 miserum

376 2432 630 2485 ducentes
660 2430 891 2501 :quibus
920 2444 1020 2499 ego
1056 2430 1257 2483 utinam
1289 2441 1578 2497 numquam
1604 2425 1955 2480 adnmnererl

375 2523 636 2577 animales
654 2522 797 2578 enim
826 2533 969 2587 sum,
997 2522 1088 2590 qui
1114 2521 1255 2575 hunc
1284 2521 1530 2575 timorem
1560 2520 1769 2573 timent.
1816 2517 1959 2586 Ergo

380 2615 502 2679 hoc,
533 2614 672 2683 quod
700 2629 890 2669 omnes
920 2614 1223 2676 horremus,
1256 2612 1345 2665 ille
1373 2612 1626 2679 Optabat,
1659 2626 1833 2680 eoque
1876 2610 1959 2664 in-

378 2706 693 2770 cutnbehat,
728 2705 799 2758 ita
829 2703 1014 2759 dicens
1044 2720 1056 2755 :
1089 2702 1310 2756 Dissolvi
1350 2704 1508 2755 multo
1541 2702 1704 2772 magis
1744 2702 1955 2765 melius,

377 2811 422 2852 et
445 2797 566 2866 quid
590 2798 795 2866 eligam,
824 2798 1024 2867 ignoro.
1051 2796 1187 2873 Quid
1218 2796 1334 2851 ais?
1364 2812 1482 2850 cum
1516 2796 1639 2849 hinc
1663 2796 1845 2849 abiens
1891 2795 1958 2849 ad

377 2892 564 2945 cadum
589 2890 663 2944 sis
689 2890 1028 2958 migraturus,
1059 2900 1112 2943 et
1136 2904 1257 2943 cuin
1289 2887 1504 2943 Christo
1534 2879 1741 2941 iuturus
1760 2929 1774 2949 ,
1806 2887 1959 2956 igno-

380 3000 465 3037 ras
486 2982 614 3051 quid
637 2982 842 3051 eligas?
863 2981 967 3035 Sed
989 2982 1143 3045 longe
1164 2984 1280 3035 haec
1305 2980 1499 3034 absunt
1524 2994 1552 3032 a
1581 2978 1733 3033 Pauli
1758 2980 1958 3033 anima.

380 3077 506 3142 Quis
537 3075 681 3129 enim
711 3073 900 3140 fuerit,
931 3075 1014 3127 cui
1046 3074 1090 3126 si
1118 3072 1232 3127 haec
1260 3087 1384 3127 vere
1412 3071 1669 3125 oneratur
1696 3070 1954 3136 conditio,

380 3184 483 3219 non
499 3167 641 3219 illam
664 3167 1053 3235 quamprimum
1069 3164 1321 3234 arripiat?
1343 3164 1521 3229 Certe,
1543 3164 1733 3234 inquit,
1757 3178 1915 3217 nemo
1938 3178 1953 3217 :

379 3273 406 3310 s
440 3258 472 3311 d
501 3257 945 3327 quemadmodum
977 3258 1193 3310 minime
1221 3267 1464 3310 nostrum
1514 3266 1596 3311 est
1636 3271 1793 3325 posse
1831 3256 1957 3309 illttd

380 3348 580 3407 dicere,
611 3347 776 3416 Cupio
799 3348 1039 3409 dissolvi,
1072 3356 1127 3401 et
1150 3362 1270 3401 esse
1289 3362 1410 3401 cum
1437 3346 1654 3401 Christo
1686 3363 1699 3401 :
1733 3347 1802 3400 ita
1834 3361 1955 3400 cum

382 3440 432 3492 id
456 3440 668 3508 assequi
699 3439 875 3503 liceat,
904 3438 1125 3493 minimc
1152 3450 1394 3493 nostrum
1442 3449 1563 3504 est,
1613 3437 1701 3493 hic
1741 3453 1959 3493 manere

381 3531 557 3594 velle;
587 3529 681 3584 sed
709 3540 989 3598 utrumque
1016 3530 1164 3584 Pauli
1192 3539 1294 3593 est,
1324 3538 1379 3583 et
1404 3528 1548 3582 illius
1576 3529 1790 3582 animae.
1820 3527 1959 3595 Quid

380 3635 482 3691 est,
503 3623 642 3692 quod
659 3623 826 3678 dicis?
854 3622 993 3677 nosti
1010 3638 1072 3677 ac
1098 3638 1196 3693 pro
1221 3634 1496 3689 comperto
1528 3620 1693 3675 habes
1721 3618 1958 3674 futurum

383 3728 434 3771 te
465 3734 583 3772 esse
610 3732 733 3772 cum
761 3716 994 3778 Christo,
1023 3727 1075 3770 et
1106 3716 1318 3770 luesitas
1345 3730 1408 3769 ac
1432 3714 1588 3780 dicis,
1622 3711 1759 3777 Quid
1775 3713 1961 3782 eligam

383 3809 790 3877 nescio?neque
822 3810 923 3861 hoc
967 3818 1211 3868 tantum,
1254 3805 1349 3860 sed
1402 3805 1563 3858 etiam
1608 3803 1697 3858 hic
1741 3819 1960 3857 manere

384 3900 534 3969 eligis
555 3900 580 3952 ?
604 3899 835 3964 Manere,
869 3899 1107 3967 inquam,
1139 3898 1189 3951 in
1211 3896 1411 3950 carne?
1439 3894 1575 3963 Quid
1626 3894 1737 3948 ita?
1784 3909 1961 3949 nonne
2004 3885 2018 3902 ’

384 3993 633 4047 acerbam
664 3992 823 4047 vitam
852 3992 1130 4046 ducebas?
1159 3990 1209 4044 in
1241 3990 1453 4060 vigiliis,
1485 3990 1535 4043 in
1562 3988 1868 4057 naufragiis,
1906 3990 1958 4043 in

384 4082 525 4138 fame
550 4094 605 4137 et
624 4083 712 4137 siti
742 4092 799 4137 et
821 4083 1081 4145 nuditate,
1113 4082 1164 4134 in
1187 4082 1329 4135 curis
1370 4091 1425 4135 et
1467 4080 1917 4134 sollicitudinibus
1942 4096 1957 4143 ;

384 4190 506 4229 cum
534 4175 631 4238 iis,
664 4174 755 4243 qui
806 4174 1250 4238 inllrmabantur,
1300 4173 1696 4237 inlirmabaris;
1746 4181 1962 4241 propter

384 4283 499 4333 eos,
522 4269 613 4339 qui
641 4270 697 4322 in
726 4268 1031 4323 scandalum
1067 4266 1384 4329 incidebant,
1410 4267 1669 4320 urebaris.
1690 4264 1756 4319 In
1778 4265 1959 4332 multa,

387 4361 596 4431 inquit,
629 4361 894 4431 patientia,
924 4361 978 4413 in
1014 4360 1440 4423 tribulationibus,
1469 4362 1521 4412 in
1558 4360 1955 4425 necessitatibus,

384 4451 437 4507 in
461 4454 727 4523 angustiis,
755 4454 806 4506 in
833 4453 1019 4522 plagis,
1048 4454 1100 4505 in
1126 4453 1429 4515 carceribus,
1454 4455 1507 4505 in
1528 4451 1856 4505 seditionibus
1877 4494 1889 4515 ,
1910 4453 1964 4505 in

376 4545 611 4613 jejuniis,
638 4545 691 4597 in
710 4548 938 4599 castitate
970 4544 1063 4613 (2.
1097 4544 1211 4597 Cor.
1240 4544 1292 4599 6.
1322 4545 1375 4598 4.
1404 4544 1438 4598 5
1462 4544 1499 4612 ).
1532 4544 1810 4614 Quinquies
1836 4562 1964 4615 qua-

386 4634 639 4703 dragenas
668 4652 769 4689 una
790 4637 955 4689 ntinus
976 4636 1168 4704 accepi,
1193 4644 1266 4688 ter
1286 4636 1436 4706 virgis
1459 4652 1620 4689 avsus
1647 4652 1758 4689 sum
1775 4677 1788 4699 ,
1812 4638 1964 4690 semel

388 4726 644 4796 lapidatus
662 4745 794 4795 sum,
819 4737 964 4782 nocte
985 4738 1031 4780 et
1057 4728 1139 4780 die
1160 4730 1212 4779 in
1233 4728 1489 4797 profundo
1510 4728 1665 4781 maris
1687 4728 1801 4797 fui;
1831 4729 1966 4798 peri-

385 4819 515 4871 culis
544 4818 832 4887 ﬂuminum,
859 4818 1094 4888 periculis
1113 4818 1387 4881 latronum,
1413 4819 1647 4887 periculis
1667 4820 1718 4872 in
1744 4820 1958 4887 civitate,

385 4910 623 4981 periculis
652 4910 706 4962 in
730 4910 1021 4971 solitudine,
1046 4910 1283 4978 periculis
1319 4911 1371 4961 in
1397 4910 1542 4978 falsis
1574 4909 1817 4979 fratribus
1866 4910 1962 4979 (2.

384 4998 507 5056 Cor.
540 5003 629 5057 11.
660 5000 753 5056 24.
781 5000 897 5069 26).
926 5000 1116 5056 Nonne
1136 5016 1257 5056 cum
1282 5008 1390 5054 tota
1416 5000 1722 5055 Galatarum
1747 5017 1877 5071 gens
1898 5001 1965 5056 ad

320 5082 327 5085 ’
386 5092 518 5164 legis
544 5094 973 5149 observationem
998 5109 1213 5149 reversa
1242 5106 1407 5159 esset,
1438 5093 1707 5148 clamabas
1732 5095 1916 5148 dicens
1946 5112 1961 5147 :

389 5186 486 5253 Qui
516 5189 567 5242 in
589 5188 697 5258 lege
711 5187 1085 5257 justiﬁcamini,
1110 5188 1141 5239 ά
1165 5187 1331 5257 gratia
1352 5187 1608 5241 excidistis
1629 5185 1770 5254 (Gal.
1881 5184 1965 5255 4)?

384 5283 554 5349 Quem
574 5292 703 5336 tunc
723 5282 922 5336 luctum
954 5295 1061 5335 non
1087 5279 1344 5334 hausisti?
1373 5290 1531 5350 atque
1559 5279 1733 5334 adhuc
1761 5278 1964 5333 ﬂuxam

385 5372 526 5428 hanc
548 5373 713 5427 vitam
745 5370 1062 5427 desideras?
1093 5369 1223 5424 Nam
1252 5370 1463 5424 tametsi
1493 5370 1625 5423 nihil
1652 5372 1839 5424 horum
1870 5369 1965 5424 tibi

382 5466 702 5532 accidisset,
734 5475 790 5520 et
816 5464 1242 5534 quibtmcumque
1265 5471 1411 5518 recte
1439 5462 1760 5533 iungebat-is,
1785 5462 1965 5533 quiete

384 5568 583 5615 etcum
612 5557 882 5628 voluptate
908 5556 1120 5610 functus
1150 5569 1297 5609 esses
1331 5571 1343 5607 :
1375 5570 1552 5608 nonne
1582 5565 1756 5610 tamen
1799 5569 1965 5623 opor-

384 5655 529 5709 tebat
559 5654 761 5708 incerta
791 5650 954 5706 futuri
979 5649 1235 5719 temporis
1261 5649 1725 5719 pertimescentem
1749 5647 1815 5702 ad
1842 5663 1967 5717 por-

387 5757 497 5800 tum
524 5747 754 5817 aliquem
781 5742 1148 5800 contendere?
1173 5742 1367 5814 Ecquis
1394 5752 1661 5799 mercator
1683 5742 1805 5798 navi
1841 5757 1965 5798 vec-

388 5848 478 5899 tus
520 5838 983 5905 innumerabilium
1034 5838 1406 5893 thesaurorum
1460 5836 1653 5907 plena,
1703 5836 1749 5892 si
1804 5836 1963 5892 liceat

1835 984 2185 1082 uomuit
2230 992 2339 1054 Iv.

2050 4728 2157 4797 'qui
2184 4726 2556 4789 concidebant,
2584 4724 2798 4779 assidue
2840 4724 3134 4779 recreans?
3163 4723 3291 4777 lure

2068 1134 2255 1190 subire
2282 1148 2496 1205 portum
2527 1153 2591 1193 ac
2632 1139 2969 1208 requiescere
2993 1180 3009 1204 ,
3053 1142 3184 1194 mari
3236 1143 3411 1197 adhuc
3454 1147 3646 1209 jactari

2067 1228 2258 1281 malit?
2283 1228 2465 1298 ecquis
2492 1230 2711 1296 athleta,
2735 1246 2853 1285 cum
2875 1232 3029 1286 liccat
3046 1247 3242 1287 eoruna
3268 1236 3444 1303 potiri,
3474 1236 3648 1290 adhuc

2064 1329 2273 1374 certare
2302 1323 2576 1390 postulet?
2606 1323 2788 1391 ecquis
2812 1324 2986 1393 pugil,
3023 1340 3144 1378 cum
3181 1341 3432 1379 coronam
3480 1330 3647 1396 possit

2066 1415 2330 1482 accipere,
2364 1415 2513 1469 malit
2540 1432 2727 1469 rursus
2768 1417 2819 1470 iu
2865 1429 3134 1472 certamen
3184 1418 3511 1474 descendere
3536 1462 3551 1487 ,
3593 1430 3647 1475 et

2064 1519 2219 1558 suum
2264 1507 2431 1576 ipsius
2488 1519 2647 1576 caput
2691 1510 3077 1563 coiit-idcudum
3125 1512 3410 1580 pra-hero?
3460 1516 3644 1579 ecquis

2065 1596 2196 1663 dux,
2219 1598 2358 1668 quia
2382 1599 2520 1653 bello
2540 1615 2659 1673 cunt
2682 1602 2849 1670 gloria
2900 1610 2954 1655 el
2976 1604 3190 1669 tropa-is
3221 1602 3431 1656 liberari
3459 1616 3634 1672 queat,

2063 1700 2120 1744 et
2146 1705 2265 1745 cmn
2297 1706 2421 1760 rege
2450 1692 2501 1745 in
2531 1695 2673 1760 regia
2703 1693 2913 1762 quietus
2941 1693 3138 1763 degere
3169 1710 3332 1762 seque
3352 1695 3641 1759 oblectare,

2064 1781 2239 1837 adhuc
2268 1792 2321 1836 et
2346 1784 2537 1837 sudare
2560 1794 2836 1853 prmoptet,
2864 1784 2990 1838 etin
3018 1784 3184 1839 aciein
3220 1786 3472 1853 prodire?
3501 1788 3645 1853 Quo-

2065 1873 2223 1930 modo
2248 1875 2408 1945 igitur
2431 1877 2567 1931 adeo
2611 1877 2859 1931 acerbam
2910 1878 3073 1930 vitam
3118 1878 3305 1932 vivens
3348 1879 3520 1933 adhuc
3565 1880 3646 1933 vis

2066 1968 2119 2022 in
2150 1970 2309 2023 terris
2335 1971 2597 2025 manere?
2626 1987 2804 2027 annon
2833 1980 2921 2026 tua
2950 1982 3076 2026 sunt
3102 1972 3201 2026 ista
3230 1974 3428 2028 verba?
3475 1973 3645 2027 Timeo

2064 2077 2127 2115 ne
2148 2064 2419 2132 forte,cum
2445 2063 2559 2117 aliis
2584 2064 2960 2132 pra'dicaverim
2980 2106 2995 2129 ,
3026 2064 3137 2133 ipse
3177 2065 3421 2134 reprobus
3459 2066 3646 2135 efficiur

2065 2152 2157 2221 (1.
2192 2151 2310 2207 Cor.
2342 2154 2395 2209 9.
2423 2153 2491 2207 27
2513 2156 2551 2222 ).
2582 2154 2638 2209 Si
2668 2155 2795 2207 nihil
2827 2155 2971 2208 aliud
2998 2167 3253 2225 prattet‘ea
3296 2171 3472 2209 causa:
3517 2156 3645 2209 luis-

2063 2253 2175 2305 set,
2208 2243 2323 2298 hmc
2349 2244 2480 2298 satis
2503 2257 2616 2300 erat
2643 2288 2656 2303 .
2686 2262 2793 2316 quo
2822 2246 3072 2301 liheratio
3098 2247 3495 2301 desideraretur
3536 2263 3549 2298 :
3598 2247 3642 2300 si

2065 2334 2543 2390 innumerabilibus
2571 2336 2723 2391 bonis
2752 2353 2987 2406 pra-sens
3032 2340 3136 2391 vita
3182 2338 3504 2391 abundasset
3529 2382 3543 2401 ,
3576 2342 3643 2392 ab

2065 2426 2167 2482 hac
2212 2436 2386 2481 tamen
2443 2428 2655 2483 liberari
2706 2429 2994 2495 optandum
3039 2440 3189 2495 erat,
3224 2430 3294 2483 ob
3336 2430 3640 2495 Christum,

2064 2534 2223 2589 quem
2250 2518 2610 2573 desiderabas.
2638 2519 2682 2574 0
2712 2520 2857 2574 Pauli
2892 2522 3157 2576 animam!
3185 2520 3315 2575 nihil
3340 2521 3413 2574 illi
3444 2538 3536 2590 par
3552 2534 3644 2575 aut

2064 2611 2183 2671 fuit,
2207 2620 2298 2664 aut
2325 2610 2557 2665 futurum
2578 2620 2678 2666 est.
2699 2612 2881 2666 Times
2901 2613 2945 2666 si
2974 2614 3026 2666 in
3048 2614 3146 2667 hac
3167 2613 3270 2665 vita
3304 2629 3640 2681 permaneas,

2062 2702 2192 2772 quid
2224 2702 2459 2756 futurum
2485 2703 2595 2763 sit;
2628 2702 2921 2758 innumeris
2944 2705 3094 2757 malis
3127 2705 3425 2773 implicatus
3461 2720 3518 2758 es
3544 2746 3558 2767 ,
3589 2714 3645 2758 et

2066 2802 2241 2847 tamen
2270 2808 2487 2847 recusas
2511 2794 2649 2859 apud
2680 2793 2952 2847 Christmn
2983 2797 3141 2847 esse?
3170 2794 3400 2858 llecoso,
3432 2795 3597 2862 inquit
3626 2835 3641 2857 ,

2066 2883 2223 2952 idque
2253 2892 2469 2953 propter
2500 2883 2771 2939 Christum
2807 2903 2820 2939 :
2855 2897 2909 2939 ut
2938 2901 3071 2954 quos
3094 2886 3167 2938 illi
3197 2886 3376 2955 paravi
3421 2899 3605 2939 servos
3626 2928 3640 2947 ,

2064 2977 2272 3031 tirinius
2297 2977 2349 3029 in
2380 2978 2520 3032 illius
2546 2959 2729 3032 amore
2752 2979 3015 3032 stabiliam
3051 2996 3064 3032 :
3094 2991 3147 3032 ut
3179 2994 3243 3033 ex
3288 2994 3450 3048 agro,
3482 2994 3642 3048 quem

2063 3069 2317 3139 plantavi,
2340 3068 2545 3135 [ructus
2563 3069 2779 3139 decerpi
2808 3086 3012 3127 curem.
3036 3071 3152 3125 Non
3182 3072 3399 3136 audisti,
3429 3088 3516 3126 me
3538 3089 3641 3127 non

2061 3176 2303 3231 quaerere
2329 3162 2469 3232 quod
2499 3162 2626 3217 mihi
2671 3163 2798 3218 utile
2845 3174 2962 3229 est,
3010 3165 3103 3218 scd
3152 3165 3292 3234 quod
3344 3164 3646 3235 proximis?

2064 3269 2170 3307 non
2193 3254 2410 3320 audisti,
2440 3255 2568 3309 mihi
2600 3256 2650 3309 in
2677 3258 2873 3325 optatis
2902 3256 3065 3310 fuisse
3115 3258 3397 3313 anathema
3449 3260 3563 3312 lieri
3612 3273 3641 3312 a

2063 3345 2298 3410 Christo,
2328 3361 2434 3417 quo
2460 3348 2608 3401 multi
2636 3348 2700 3400 ad
2731 3348 2878 3401 illum
2910 3348 3192 3401 venirent?
3218 3349 3317 3416 Qui
3341 3349 3465 3403 illud
3484 3349 3639 3417 elegi,

2066 3453 2169 3491 non
2199 3438 2367 3491 nmlto
2389 3438 2557 3508 magis
2584 3436 2685 3492 hoc
2710 3438 2924 3508 eligam,
2954 3450 3005 3493 ut
3036 3440 3288 3493 damnum
3325 3442 3437 3508 ipse
3459 3456 3523 3493 ex
3547 3439 3645 3492 hac

2065 3543 2216 3582 mora
2245 3537 2299 3583 et
2324 3528 2577 3583 dilatione
2606 3530 2794 3598 patiar,
2823 3546 2930 3600 quo
2956 3530 3060 3584 illis
3095 3531 3270 3600 aliqua
3310 3530 3376 3584 ad
3416 3530 3641 3584 salutem

2063 3621 2299 3676 accessio
2329 3620 2416 3673 ﬁat
2435 3620 2457 3674 τ

2136 3710 2294 3766 Pauli
2315 3712 2509 3765 laudes.
2535 3744 2605 3754 —
2630 3712 2755 3777 Quis
2794 3713 3023 3781 loquetur
3045 3714 3293 3784 potentias
3319 3714 3471 3783 tuas(
3498 3713 3641 3768 Psal.

2067 3804 2188 3858 105.
2218 3802 2314 3871 2),
2352 3804 2594 3867 Domine,
2626 3805 2715 3873 qui
2748 3804 2966 3858 Paulum
2998 3806 3212 3858 ntinime
3236 3805 3405 3860 latere
3430 3806 3642 3872 siveris,

2066 3898 2155 3967 qui
2182 3897 2337 3949 talem
2368 3895 2537 3949 virum
2562 3896 2675 3950 orbi
2698 3897 3038 3951 ostenderis?
3067 3897 3373 3951 Laudarunt
3391 3910 3440 3952 le
3456 3914 3646 3953 omnes

2068 3989 2238 4057 angeli
2262 4004 2367 4043 uno
2393 3988 2572 4043 animo
2596 4030 2610 4051 ,
2637 4003 2759 4041 cum
2788 3998 2929 4042 astra
2956 3988 3243 4043 fabricatus
3273 4004 3333 4043 es
3377 3999 3432 4043 ct
3473 3989 3644 4044 solem

2067 4079 2210 4149 (Job
2241 4080 2330 4135 58.
2361 4081 2464 4151 7);
2496 4080 2591 4135 sed
2646 4097 2751 4135 non
2805 4081 3025 4150 perinde
3061 4092 3217 4150 atque
3261 4097 3327 4136 eo
3369 4090 3640 4150 tempore,

2067 4190 2170 4243 quo
2198 4174 2349 4228 nobis
2376 4176 2580 4245 totique
2603 4176 2718 4229 orbi
2749 4175 2968 4230 Paulum
2990 4174 3294 4229 ostendisti.
3327 4174 3461 4228 llinc
3501 4183 3645 4229 terra

2069 4266 2203 4321 facta
2226 4277 2307 4321 est
2336 4266 2663 4336 Splendidior
2686 4267 2837 4332 C(I:l0,
2872 4267 3142 4336 pulchrior
3169 4266 3254 4319 hic
3283 4266 3412 4319 solis
3446 4265 3647 4320 lumine

2067 4359 2458 4428 Splendidiores
2487 4359 2666 4414 emisit
2695 4358 2928 4428 fulgores
2951 4397 2968 4424 ,
3017 4359 3168 4412 lattos
3212 4356 3399 4411 ell'udit
3444 4357 3645 4412 radios.

2068 4453 2333 4521 Quantum
2368 4452 2455 4507 hic
2479 4452 2633 4507 nobis
2663 4452 2868 4521 peperit
2897 4451 3145 4515 fructum,
3178 4466 3283 4504 non
3319 4451 3493 4520 spicas
3522 4439 3646 4520 pin-

2068 4544 2370 4614 guelaciens
2391 4585 2406 4609 ,
2434 4551 2525 4596 aut
2558 4542 2779 4596 arbores
2806 4541 3075 4603 nutriens,
3105 4540 3197 4593 sed
3227 4540 3397 4608 ipsum
3436 4540 3648 4610 pietatis

2069 4636 2297 4691 fructum
2324 4645 2377 4689 et
2406 4648 2692 4703 procreans
2720 4643 2775 4687 et
2800 4633 2865 4687 ad
2892 4633 3129 4703 vigorem
3157 4631 3450 4698 adducens,
3476 4642 3529 4687 et
3552 4648 3647 4687 eos

3334 4741 3348 4777 :
3388 4739 3512 4777 nam
3559 4724 3647 4779 hic

2067 4819 2281 4890 quidem
2304 4818 2405 4882 sol,
2439 4816 2581 4888 quod
2609 4817 2777 4872 semel
2810 4817 2861 4869 in
2893 4816 3145 4871 arborum
3193 4815 3454 4871 fructibus
3496 4831 3649 4871 cout-

2070 4911 2352 4981 putruerit,
2386 4910 2669 4965 restituere
2698 4924 3033 4978 nequaquam
3061 4911 3293 4977 poterit;
3327 4909 3524 4963 Paulus
3552 4925 3649 4963 au-

2067 5012 2173 5059 tem
2200 5018 2295 5058 eos
2322 5003 2502 5066 etiam,
2530 5002 2623 5073 qui
2643 5011 2893 5056 sexcenta
2922 5000 3100 5055 ulcera
3130 5001 3418 5067 habebant,
3459 5016 3489 5054 a
3524 5016 3647 5069 pec-

2066 5097 2200 5152 catis
2222 5096 2489 5152 revocavit
2522 5114 2536 5151 :
2568 5105 2725 5165 atque
2764 5094 2853 5149 hic
2895 5095 3037 5149 nocti
3086 5095 3331 5157 decedit;
3383 5093 3472 5147 ille
3518 5108 3649 5145 vero

2066 5188 2280 5244 diabolo
2310 5188 2555 5259 superior
2574 5188 2694 5243 fuit.
2723 5187 2865 5243 Nihil
2894 5187 3039 5241 illum
3066 5187 3292 5250 evertit,
3319 5185 3448 5238 nihil
3481 5199 3645 5253 supe—

2068 5282 2222 5336 ravit.
2248 5281 2345 5335 Hic
2372 5281 2440 5336 de
2463 5279 2679 5334 sublimi
2710 5279 2830 5334 loco
2854 5279 2979 5333 dum
3010 5278 3176 5333 fertur
3198 5318 3213 5340 .
3260 5276 3439 5330 radios
3482 5275 3645 5330 deor-

2067 5386 2186 5426 sum
2214 5372 2408 5427 emittit
2437 5389 2450 5425 :
2480 5371 2675 5425 Paulus
2698 5386 2827 5426 vero
2865 5370 2933 5424 de
2977 5368 3150 5424 infero
3194 5368 3312 5421 loco
3356 5366 3603 5421 exoriens
3624 5407 3641 5431 ,

2068 5480 2175 5519 non
2196 5464 2309 5518 caeli
2337 5478 2400 5517 ac
2430 5471 2587 5518 terra:
2616 5461 2895 5517 dimidium
2940 5461 3138 5515 lumine
3184 5456 3505 5525 complevit,
3549 5456 3643 5511 sed

2068 5556 2227 5612 simul
2259 5568 2417 5621 atque
2444 5570 2506 5609 os
2535 5554 2782 5624 aperuit,
2817 5554 3037 5623 angelos
3068 5552 3229 5605 etiam
3265 5550 3409 5618 ipsos
3454 5562 3645 5617 magna

2067 5650 2292 5720 replevit
2315 5650 2606 5719 voluptate.
2634 5647 2767 5703 Nam
2795 5648 2841 5703 si
2870 5661 2978 5700 uno
3023 5642 3239 5698 homine
3277 5639 3645 5711 paenitentiam

2068 5750 2258 5811 agente
2276 5740 2527 5811 gaudium
2550 5739 2757 5794 exsistit
2777 5737 2829 5793 in
2860 5735 3008 5792 cadis
3038 5733 3202 5805 (Luc.
3233 5732 3322 5787 15.
3352 5732 3421 5787 10
3445 5730 3500 5803 );
3523 5744 3647 5785 cum

2070 5833 2266 5891 Paulus
2292 5848 2320 5887 a
2352 5828 2519 5904 prima
2549 5832 2807 5888 concione
2834 5827 3033 5885 multos
3058 5833 3278 5883 venatus
3304 5824 3484 5893 fuerit,
3512 5838 3647 5897 quo-
