4108 6410
445 336 552 392 207

448 451 610 506 modo
638 449 752 504 ﬁeri
779 448 967 520 potuit,
992 455 1050 501 ut
1076 461 1299 516 superas
1338 452 1635 516 potestates
1670 442 1863 515 gaudio
1908 456 2017 496 non

448 542 730 610 impleret?

517 633 576 689 2.
599 630 800 701 Ecquid
825 630 987 685 dico?
1015 629 1145 683 satis
1164 637 1281 683 erat
1331 628 1551 682 Paulum
1593 625 1737 696 loqui
1762 641 1776 690 ;
1828 633 1882 679 et
1924 624 2028 679 hoc

450 727 567 795 ipso
598 726 713 780 caeli
745 724 1081 778 exsultabant
1109 730 1161 777 et
1201 722 1514 776 lmtabantur
1555 718 1745 789 (Psal.
1800 720 1886 773 15.
1934 718 2025 787 7).

452 818 660 873 Etenim
688 818 733 872 si
763 816 1018 871 lsraelitis
1042 830 1108 869 ex
1148 813 1382 883 Egypto
1415 812 1732 868 exeuntibus
1760 853 1776 877 ,
1820 822 2029 866 montes

452 910 790 965 exsultarunt
816 916 877 961 ut
904 892 1099 961 arietes
1132 922 1144 958 :
1180 904 1392 974 quando
1420 904 1667 957 homines
1694 917 1758 957 ex
1806 910 1947 956 terra
1976 902 2029 955 in

452 1001 642 1053 exulum
672 996 1145 1060 transferebantur,
1174 1003 1427 1065 quantum
1451 993 1627 1062 gaudii
1657 1001 1810 1063 putas
1828 991 2031 1047 fuisse?

455 1090 745 1159 Propterea
766 1089 925 1159 igitur
948 1086 1257 1143 Permanere
1272 1087 1323 1139 in
1339 1102 1489 1139 carne
1517 1085 1675 1155 magis
1695 1085 2033 1138 necessarium

457 1191 663 1253 propter
691 1198 795 1235 vos.
821 1180 888 1235 Et
926 1196 1045 1251 quae
1075 1179 1229 1233 nobis
1260 1178 1482 1247 posthac
1520 1178 1711 1232 relicta
1751 1186 1835 1231 est
1872 1190 2034 1230 excu-

456 1276 640 1329 satio?
679 1274 763 1328 Fit
806 1274 949 1329 enim
992 1287 1268 1342 persmpe,
1303 1282 1359 1326 ut
1398 1272 1657 1340 quiSpiam
1709 1285 1924 1339 parvam
1972 1283 2036 1323 ac

458 1383 745 1437 pauperem
774 1367 1044 1421 civitatem
1076 1373 1280 1429 nactus,
1308 1364 1456 1418 abire
1498 1372 1673 1417 tamen
1716 1362 1823 1415 alio
1862 1360 2032 1424 nolit,

458 1469 655 1513 cretera
699 1458 875 1512 omnia
930 1474 1040 1527 pra:
1084 1472 1179 1513 sua
1228 1458 1408 1527 quiete
1459 1464 1774 1525 postputans
1816 1471 1828 1506 :
1875 1453 2037 1507 Paulo

459 1551 761 1605 abeundum
787 1550 850 1605 ad
874 1550 1147 1605 Christum
1172 1560 1306 1609 erat.
1333 1559 1385 1604 et
1408 1564 1515 1603 non
1540 1548 1702 1601 voluit
1727 1546 1994 1601 Christum
2020 1563 2034 1609 ;

463 1640 732 1695 Christum
758 1641 930 1708 illum,
962 1656 1121 1711 quem
1150 1642 1221 1695 ita
1266 1640 1634 1703 desiderabat,
1682 1648 1739 1692 ut
1787 1654 1881 1707 pro
1923 1637 2039 1705 ipso

462 1734 764 1803 gehennam
792 1733 953 1788 etiam
984 1734 1243 1802 eligeret:
1276 1732 1369 1787 sed
1396 1731 1569 1786 adhuc
1602 1730 1770 1784 voluit
1796 1746 2035 1795 manere,

461 1840 525 1879 ac
558 1824 802 1879 laborare
830 1825 883 1879 in
923 1839 1097 1896 pugna
1144 1839 1249 1895 pro
1291 1824 1615 1879 hominibus.
1665 1824 1842 1893 Ecqua
1887 1823 2040 1877 nobis

463 1915 568 1969 erit
593 1916 910 1970 excusatio?
940 1915 1137 1971 Verum
1167 1924 1319 1970 estne
1346 1916 1593 1970 universe
1622 1924 1821 1969 tantum
1841 1915 2043 1969 mentio

464 2006 706 2061 facienda
736 2007 931 2062 Pauli?
972 2006 1205 2063 Attende
1248 2006 1375 2077 quid
1421 2007 1607 2077 egerit.
1665 2007 1807 2061 Dixit
1852 2006 2042 2061 melius

464 2112 587 2152 esse
613 2097 783 2165 abire,
815 2113 883 2154 ne
908 2098 983 2153 illi
1013 2099 1080 2153 de
1106 2098 1277 2168 ipsius
1305 2108 1476 2153 morte
1501 2098 1780 2164 dolerent;
1810 2098 2044 2153 ostendit

465 2189 652 2255 etiam,
682 2191 725 2243 si
755 2198 985 2255 maneat,
1020 2190 1216 2244 idcirco
1248 2206 1465 2246 manere
1492 2201 1548 2244 ut
1574 2190 1679 2244 illis
1706 2191 1877 2260 prosit
1902 2208 1915 2245 :
1936 2206 2043 2245 non

466 2282 608 2335 enim
636 2282 685 2335 id
708 2298 773 2335 ex
799 2283 935 2335 mala
963 2282 1323 2336 insidiantium
1346 2290 1525 2337 mente
1551 2282 1861 2338 succedere.
1884 2282 2045 2352 Igitur

470 2382 527 2426 ut
553 2373 622 2426 illi
648 2371 852 2427 facilius
873 2373 938 2427 ad
962 2372 1063 2427 hoc
1092 2373 1418 2428 credendum
1447 2373 1798 2437 adducantur,
1828 2388 2043 2429 causam

468 2466 739 2535 apposuit.
772 2465 903 2519 Nam
931 2466 976 2519 si
1004 2466 1053 2520 id
1085 2466 1446 2521 necessarium
1478 2474 1561 2520 est
1581 2508 1594 2531 ,
1625 2466 1845 2521 omnino
1871 2466 2047 2523 adhuc

471 2557 729 2620 manebo;
777 2572 875 2611 nec
923 2566 1125 2610 tantum
1166 2558 1428 2623 manebo,
1457 2558 1551 2612 sed
1579 2558 1738 2611 etiam
1770 2559 2048 2615 vobiscum

474 2650 720 2703 manebo.
757 2649 867 2704 l‘loc
889 2650 1033 2705 enim
1064 2650 1164 2704 sibi
1190 2651 1374 2705 volunt
1399 2651 1559 2705 verba
1590 2651 1702 2715 illa,
1737 2651 1799 2705 Et
1827 2669 2052 2706 comma—

472 2744 617 2805 ncbo,
650 2743 701 2797 id
730 2752 831 2808 est,
858 2743 1050 2797 videbo
1074 2757 1167 2797 vos
1194 2753 1248 2796 et
1272 2743 1545 2798 vobiscum
1576 2744 1846 2799 morabor.
1878 2746 2049 2811 Quam

473 2835 545 2887 ob
566 2848 778 2893 causam
801 2834 825 2886 ?
850 2835 929 2887 Ad
957 2837 1235 2904 profectum
1264 2844 1479 2888 vestrum
1522 2843 1569 2887 et
1612 2835 1857 2904 gaudium
1906 2836 2049 2904 ﬁdei.

478 2925 588 2981 lloc
615 2926 733 2980 loco
762 2925 907 2995 ipsos
950 2924 1186 2989 excitat,
1239 2934 1296 2977 ut
1342 2923 1444 2979 sibi
1488 2924 1784 2979 attendant.
1829 2924 1963 2980 Nam
2006 2927 2053 2981 si

478 3026 697 3085 propter
726 3031 841 3081 vos,
873 3015 1063 3084 inquit,
1089 3014 1356 3078 manebo;
1386 3014 1566 3070 videte
1615 3032 1682 3069 ne
1719 3016 2052 3071 mansionem

478 3121 650 3161 meam
678 3106 1035 3162 dedecoretis.
1064 3106 1195 3161 Cum
1220 3105 1331 3176 jam
1359 3105 1606 3160 Christus
1633 3106 1765 3161 mihi
1791 3107 2055 3163 videndus

480 3208 644 3265 esset,
672 3198 805 3267 elegi
839 3208 1056 3268 propter
1082 3207 1321 3253 vestrum
1353 3197 1648 3268 profectum
1676 3214 1913 3255 manere.
1941 3201 2056 3257 Mea

479 3292 622 3346 enim
655 3292 939 3361 praesentia
964 3300 1018 3346 et
1036 3290 1103 3345 ad
1127 3291 1282 3347 fidem
1311 3292 1462 3347 vobis
1506 3294 1671 3359 facit,
1720 3303 1775 3349 et
1814 3294 1879 3349 ad
1923 3310 2057 3365 gau-

481 3382 629 3439 dium
660 3403 674 3438 :
714 3393 993 3453 propterea
1019 3382 1153 3453 elegi
1184 3396 1421 3439 manere.
1463 3384 1599 3453 Quid
1627 3386 1828 3456 igitur?
1858 3387 2057 3459 Philip-

485 3479 801 3546 pensiumne
827 3487 1028 3532 tantum
1055 3478 1223 3548 gratia
1255 3479 1488 3533 mansit?
1513 3478 1627 3534 Non
1674 3496 1803 3536 sane
1843 3482 2061 3539 illorum

487 3578 689 3622 tantum
712 3569 881 3638 gratia
909 3570 1122 3633 mansit,
1156 3568 1251 3624 sed
1278 3568 1361 3623 his
1407 3570 1585 3624 verbis
1625 3573 1908 3641 quamdam
1957 3576 2063 3630 illis

486 3660 705 3715 adhibet
752 3660 925 3716 lenem
972 3661 1313 3715 medicinam.
1364 3661 1643 3728 Quomodo
1689 3674 1869 3719 autem
1910 3676 2065 3722 erant

488 3754 563 3825 illi
595 3752 884 3823 profecturi
915 3754 968 3807 in
1002 3753 1145 3809 ﬁde?
1174 3753 1241 3810 Ut
1280 3755 1448 3825 magis
1478 3757 1752 3827 magisque
1796 3773 1892 3813 vos
1929 3775 2065 3815 con-

491 3828 698 3900 firmem
730 3860 743 3896 :
774 3844 996 3915 perinde
1043 3859 1107 3899 ac
1156 3845 1332 3914 pullos
1380 3846 1638 3915 quosdam
1692 3850 1878 3904 matris
1938 3866 2064 3907 cura

490 3949 711 4009 egentes
736 3978 751 4001 ,
780 3936 951 3992 donec
979 3937 1108 4005 ipsis
1130 3937 1411 3993 solidiores
1438 3952 1781 3995 sucerescant
1806 3942 1924 3997 ate.
1959 3944 2070 3998 Ma-

491 4047 652 4102 gnum
675 4034 776 4086 hoc
795 4030 1032 4086 caritatis
1055 4030 1328 4099 indicium.
1352 4030 1433 4086 Ad
1452 4031 1594 4087 hunc
1614 4034 1828 4089 modum
1858 4051 1888 4090 a
1913 4039 2069 4093 nobis

492 4125 655 4182 etiam
704 4124 920 4195 quidam
968 4123 1187 4179 excitari
1235 4123 1440 4188 Solent,
1491 4134 1651 4194 atque
1704 4126 1774 4180 ita
1800 4126 2068 4185 dicimus:

494 4218 606 4272 Tua
632 4232 792 4273 causa
819 4216 1029 4282 mansi,
1060 4224 1117 4269 ut
1136 4226 1194 4270 .te
1221 4216 1417 4271 bonum
1443 4215 1743 4272 redderem.
1779 4218 1846 4272 Ut
1889 4231 2070 4290 gratu-

494 4309 617 4363 latio
645 4318 827 4373 vestra,
859 4308 1049 4378 inquit,
1083 4306 1300 4361 abundet
1324 4308 1377 4361 in
1404 4308 1602 4363 Christo
1626 4308 1753 4363 Jesu
1780 4312 1832 4365 in
1862 4328 1940 4366 me
1981 4330 2074 4383 per

496 4418 661 4455 meum
687 4401 955 4455 adventum
978 4401 1159 4454 iterum
1184 4401 1253 4453 ad
1282 4415 1385 4453 vos.
1415 4399 1576 4456 Vides
1604 4403 1702 4455 ista
1737 4418 1888 4468 voce,
1921 4404 2073 4458 Com-

496 4490 725 4557 manebo,
756 4491 856 4545 hoc
877 4489 1016 4560 quod
1045 4490 1287 4545 dicebam
1316 4491 1670 4562 significatum
1714 4497 1881 4550 esse?
1927 4496 2072 4552 Con-

496 4584 673 4640 sidera
718 4584 1090 4639 humilitatem.
1137 4585 1399 4652 Quoniam
1447 4585 1620 4652 dixit,
1662 4588 1742 4640 Ad
1792 4589 2073 4658 profectum

495 4688 747 4743 vestrum,
772 4678 1007 4733 ostendit
1036 4678 1087 4733 id
1116 4678 1217 4733 sibi
1256 4694 1467 4748 quoque
1515 4680 1795 4734 utilitatem
1844 4682 2071 4748 all‘crre;

495 4772 638 4841 quod
665 4772 825 4826 etiam
855 4772 978 4827 facit
1006 4770 1070 4825 ad
1120 4771 1394 4827 Romanos
1436 4773 1677 4828 scribens
1725 4774 1808 4827 his
1858 4775 2072 4843 verbis,

495 4862 565 4917 Id
594 4873 686 4927 est,
709 4863 860 4916 simul
880 4863 1131 4916 consolari
1172 4864 1227 4916 in
1266 4862 1402 4916 vobis
1424 4878 1443 4916 .'
1466 4872 1619 4918 antea
1648 4865 1791 4919 enim
1824 4865 2030 4920 dixerat
2054 4905 2073 4932 ,

500 4956 568 5012 Ut
589 4955 784 5025 aliquid
808 4955 1069 5008 impertiar
1096 4955 1232 5007 vobis
1262 4956 1441 5026 gratia:
1468 4956 1749 5025 spiritualis
1786 4956 1805 5027 (
1828 4957 1977 5011 Rom.
2020 4958 2072 5012 1.

496 5048 584 5103 12.
611 5048 672 5101 11
695 5048 733 5116 ).
752 5045 887 5113 Quid
910 5054 1086 5100 autem
1115 5045 1215 5099 hoc
1238 5055 1340 5111 est,
1372 5045 1441 5100 Ut
1470 5046 1707 5117 gloriatio
1728 5058 1888 5101 vestra
1908 5049 2074 5103 abun-

498 5142 621 5196 dct?
649 5140 706 5195 ld
727 5150 829 5205 est,
861 5148 920 5194 ut
942 5148 1150 5194 crescat
1174 5137 1248 5206 id,
1276 5139 1418 5209 quod
1444 5148 1561 5194 erat
1585 5154 1742 5194 causa
1769 5141 2030 5209 gloriandi
2054 5158 2069 5195 :

498 5235 601 5289 hoc
632 5242 809 5288 autem
836 5241 918 5287 est
936 5230 1271 5287 corroborari
1298 5231 1351 5285 in
1378 5230 1480 5286 lide
1507 5232 1526 5301 (
1550 5230 1662 5286 lucc
1691 5232 1832 5286 enim
1859 5243 1941 5287 est
1960 5233 2077 5303 glo-

499 5326 657 5382 riatio
688 5325 738 5378 in
769 5322 1027 5394 Christo),
1058 5332 1204 5377 recte
1228 5322 1429 5378 vivere.
1460 5322 1604 5392 Ergo
1636 5322 1884 5377 Gloriatio
1911 5334 2077 5377 vestra

497 5423 551 5477 in
579 5438 658 5475 me
684 5436 773 5491 per
800 5435 966 5474 meum
993 5426 1260 5471 adventum
1288 5417 1470 5470 iterum
1491 5415 1558 5468 ad
1577 5432 1661 5470 vos
1678 5416 1703 5470 ?
1722 5416 1970 5479 Maxime,
1997 5416 2076 5470 in-

498 5514 634 5583 quit,
671 5513 798 5579 Qua:
822 5514 953 5565 enim
978 5520 1050 5565 est
1077 5525 1192 5579 spes
1218 5518 1391 5562 nostra
1410 5516 1497 5561 aut
1524 5524 1637 5578 qua:
1659 5524 1850 5563 corona
1878 5508 2072 5578 gloria-

499 5606 691 5659 tionis?
721 5620 886 5657 nonne
915 5613 961 5656 et
999 5619 1085 5657 vos
1126 5601 1214 5674 (l.
1267 5601 1444 5657 Thess.
1490 5602 1547 5659 2.
1594 5602 1740 5673 l9)?
1794 5600 1891 5656 Vos
1932 5602 2073 5656 enim

499 5698 618 5750 estis
644 5696 877 5766 gloriatio
902 5705 1075 5749 nostra
1098 5734 1111 5759 ,
1143 5695 1563 5764 quemadmodum
1587 5705 1632 5749 et
1652 5712 1743 5749 nos
1776 5704 1939 5749 vestra
1976 5695 2070 5764 (2.

496 5787 616 5866 Cor.
650 5789 700 5842 1.
738 5786 863 5856 tl);
893 5787 944 5842 id
972 5794 1071 5854 est,
1106 5795 1161 5842 ut
1182 5784 1407 5843 habeam
1433 5802 1535 5857 quo
1560 5788 1609 5843 in
1636 5787 1783 5843 vobis
1809 5786 2068 5858 majorem

1188 331 1242 387 S.
1281 328 1557 386 JOANNIS
1594 325 2062 385 CIIRYSOSTOMI
2103 324 2419 383 ARCHIEP.
2460 329 2985 386 CONSTANI’INOP.

3607 329 3711 386 208

2130 439 2187 494 in
2215 440 2426 493 modum
2453 441 2665 511 glorier.
2700 442 3016 509 Quomodo?
3066 441 3130 496 Ut
3169 443 3405 513 gloriatio
3429 484 3444 507 ,
3496 444 3665 510 inquit
3692 484 3706 503 ,

2130 540 2294 584 vestra
2321 531 2556 586 abundet.
2596 532 2848 602 Majorem
2873 534 3012 587 enim
3046 533 3214 589 habeo
3239 533 3575 604 gloriationis
3600 550 3713 586 ma-

2134 626 2344 689 teriam,
2362 640 2481 678 cum
2500 641 2592 679 vos
2611 627 2886 695 prolicitis.
2919 625 3020 678 Per
3045 642 3207 678 meum
3231 626 3499 679 adventum
3526 624 3707 677 iterum

2133 715 2204 769 ad
2226 731 2332 770 vos.
2360 717 2460 784 Qui
2494 718 2688 787 igitur?
2714 734 2839 772 num
2864 717 2930 771 ad
2978 719 3121 787 ipsos
3159 716 3358 771 rediit?
3393 708 3516 771 'Hoc
3558 716 3709 771 vobis

2136 810 2515 881 inquirendum
2546 811 2823 881 relinquo,
2852 820 3026 864 utrum
3073 810 3311 865 redierit.
3360 810 3453 863 27.
3492 808 3711 862 Tantum

2135 904 2306 974 digne,
2328 904 2538 974 inquit,
2582 905 2840 975 evangelio
2888 903 3073 958 Christi
3118 902 3502 957 conversamini.
3552 903 3709 957 Vides

2137 995 2314 1051 omnia
2356 1010 2702 1065 qumcumque
2747 996 2912 1057 dixit,
2965 996 3069 1051 huc
3111 1005 3384 1066 spectasse
3410 1038 3424 1061 ,
3473 1004 3530 1050 ut
3567 997 3711 1066 ipsos

2137 1085 2452 1141 exhortetur
2478 1086 2544 1140 ad
2576 1088 2808 1157 majores
2832 1088 2885 1141 in
2920 1089 3115 1142 virtute
3156 1103 3467 1157 progressus
3513 1086 3714 1142 facien-

2138 1177 2275 1232 dos?
2315 1176 2537 1232 Tantum
2584 1180 2735 1250 digne
2782 1182 3039 1251 evangelio
3090 1181 3277 1235 Christi
3327 1182 3709 1235 conversamini.

2138 1270 2273 1338 Quid
2296 1281 2377 1326 est
2402 1272 2543 1341 quod
2572 1273 2761 1342 inquit,
2793 1273 3055 1327 Tantum?
3082 1274 3223 1329 Idem
3255 1274 3395 1328 valet
3436 1289 3501 1328 ac
3544 1274 3591 1328 si.
3627 1275 3711 1329 di-

2140 1372 2286 1418 ceret
2314 1380 2329 1417 :
2357 1364 2469 1419 lloc
2514 1365 2686 1419 solum
2735 1374 2855 1430 est,
2897 1366 3039 1436 quod
3089 1366 3410 1435 requiritur;
3457 1375 3713 1435 praeterea

2142 1456 2271 1510 nihil
2301 1473 2314 1509 :
2348 1457 2396 1515 si
2422 1457 2522 1512 hoc
2548 1457 2707 1526 adsit,
2741 1459 2873 1512 nihil
2898 1461 3047 1514 vobis
3093 1460 3303 1514 molesti
3345 1460 3601 1530 obtinget.
3646 1458 3716 1515 Ut

2142 1548 2243 1601 sive
2267 1563 2379 1600 cum
2409 1564 2588 1602 venero
2622 1559 2667 1601 et
2707 1550 2876 1603 videro
2919 1564 3005 1603 vos
3024 1591 3038 1614 ,
3069 1550 3171 1603 sive
3196 1551 3373 1604 absens
3412 1551 3617 1603 audiam
3654 1552 3717 1604 dc

2143 1638 2289 1692 rebus
2310 1640 2503 1693 vestris.
2521 1638 2636 1693 Non
2659 1639 2772 1694 haec
2791 1640 2939 1707 dicit,
2962 1642 3109 1710 quasi
3137 1641 3354 1695 mutarit
3372 1642 3714 1707 sententiam,

2144 1745 2315 1799 neque
2358 1729 2427 1783 ad
2476 1729 2623 1799 ipsos
2670 1731 2844 1786 redire
2886 1732 3121 1801 amplius
3160 1732 3319 1798 velit;
3363 1732 3491 1799 sed,
3540 1733 3718 1787 Etiam

2145 1822 2189 1876 si
2217 1822 2317 1876 hoc
2344 1821 2567 1887 accidat,
2596 1824 2800 1893 inquit,
2832 1824 3025 1879 absens
3048 1841 3257 1894 quoque
3284 1825 3449 1879 Ιειλιπτὶ
3477 1842 3715 1895 possum.

2147 1914 2209 1969 Si
2232 1915 2461 1980 audiero,
2488 1916 2607 1984 quia
2635 1920 2779 1969 statis
2803 1917 2855 1969 in
2881 1934 2981 1971 uno
3006 1919 3188 1986 spiritu
3212 1927 3259 1971 et
3289 1935 3390 1971 una
3415 1920 3606 1972 anima.

2219 2009 2272 2063 5.
2314 2008 2426 2062 Hoc
2450 2018 2555 2075 est,
2581 2008 2723 2079 quod
2753 2010 2982 2065 maxime
3012 2010 3198 2066 fideles
3218 2011 3513 2083 conjungit,
3540 2020 3596 2067 et
3624 2029 3719 2067 ca-

2148 2100 2356 2154 ritatem
2388 2100 2558 2169 ipsam
2595 2100 2835 2155 continet
2867 2119 2881 2155 :
2915 2101 3041 2156 hinc
3067 2102 3156 2156 illa
3189 2102 3398 2157 Domini
3425 2104 3617 2169 verba,
3654 2104 3722 2159 Ut

2146 2194 2246 2246 sint
2271 2209 2429 2246 unum
2457 2192 2637 2261 (Joan.
2664 2194 2750 2248 17.
2788 2194 2900 2264 11).
2932 2194 3064 2248 Nam
3094 2194 3345 2265 Regnum,
3376 2196 3566 2265 inquit,
3595 2197 3647 2249 in
3672 2214 3725 2250 se

2148 2285 2363 2339 divisum
2382 2326 2396 2351 ,
2426 2302 2526 2339 non
2553 2286 2732 2356 poterit
2758 2296 2893 2341 stare
2922 2286 3138 2357 (Matth.
3168 2287 3257 2342 12.
3289 2288 3404 2359 25).
3435 2289 3723 2359 Propterea

2148 2388 2203 2433 et
2230 2377 2428 2432 Paulus
2455 2377 2653 2433 multus
2682 2378 2875 2449 ubique
2901 2388 2985 2434 est
3010 2379 3062 2433 in
3093 2380 3381 2435 concordia
3410 2380 3681 2435 suadenda
3708 2399 3723 2434 :

2150 2470 2273 2526 ideo
2298 2478 2352 2525 et
2377 2470 2621 2525 Christus
2644 2470 2833 2541 inquit,
2863 2468 2929 2524 In
2953 2473 3045 2525 hoc
3065 2482 3363 2542 cognoscent
3388 2488 3578 2536 omnes,
3606 2473 3727 2542 quia

2151 2564 2391 2637 discipuli
2418 2565 2514 2617 mei
2539 2565 2678 2629 estis,
2709 2565 2753 2617 si
2782 2565 3100 2619 dilectionem
3129 2566 3406 2620 habueritis
3429 2567 3497 2619 ad
3520 2566 3727 2620 invicem

2156 2660 2333 2731 (Joan.
2363 2659 2447 2713 15.
2481 2657 2593 2728 55).
2622 2657 2700 2713 Ne
2728 2658 2911 2728 igitur,
2946 2657 3117 2728 inquit
3143 2659 3358 2721 Paulus,
3394 2659 3497 2713 mei
3523 2658 3727 2713 adven-

2156 2761 2239 2806 tus
2265 2749 2667 2820 exspectatione
2707 2750 3003 2819 pendentes
3045 2739 3251 2805 inteiea
3296 2749 3640 2814 obdormite;
3673 2759 3731 2803 ut

2155 2858 2277 2898 cum
2307 2841 2449 2911 quod
2477 2840 2874 2911 exspectabatis
2895 2882 2910 2906 ,
2942 2842 3282 2906 successerit,
3315 2856 3506 2911 meque
3530 2841 3729 2897 videri-

2158 2938 2247 2996 tis.
2278 2934 2530 3003 deinceps
2557 2933 2888 3003 diligentiam
2929 2934 3214 2989 remittatis
3240 2949 3303 2989 ac
3337 2934 3728 2990 dissolvamini.

2157 3027 2288 3083 Nam
2329 3026 2491 3081 etiam
2534 3041 2600 3079 ex
2646 3024 2829 3079 auditu
2872 3026 3116 3081 eamdem
3164 3041 3359 3095 capere
3404 3026 3731 3097 voluptatem

2161 3134 2399 3190 possum.
2422 3117 2558 3185 Quid
2583 3117 2717 3172 istuc
2738 3126 2840 3183 est,
2874 3115 2940 3171 In
2966 3134 3067 3172 uno
3086 3118 3268 3187 spiritu
3291 3118 3316 3171 Ξ)
3344 3117 3399 3172 ld
3421 3127 3521 3181 est,
3546 3118 3731 3172 eadem

2162 3213 2252 3267 illa
2293 3209 2459 3281 gratia
2514 3208 2854 3273 concordi-.13,
2901 3208 3211 3263 alacritatis.
3261 3208 3411 3265 Unus
3453 3209 3613 3263 etiam
3653 3218 3737 3263 est

2162 3303 2381 3375 spiritus
2411 3318 2425 3355 :
2456 3308 2617 3368 atque
2648 3300 2697 3353 id
2729 3316 2793 3354 ex
2820 3315 2884 3353 eo
2909 3300 3211 3355 ostenditur
3233 3340 3247 3365 ,
3275 3298 3419 3369 quod
3450 3315 3593 3369 saepe
3636 3300 3738 3354 hoe

2163 3389 2324 3446 modo
2342 3388 2540 3444 dictum
2565 3388 2635 3443 sit
2662 3405 2674 3441 :
2707 3387 2778 3440 ita
2804 3386 2949 3440 enim
2975 3394 3058 3440 est
3081 3392 3133 3440 et
3162 3382 3215 3439 in
3244 3399 3348 3438 una
3375 3395 3519 3439 stare
3539 3385 3737 3449 anima,

2163 3498 2287 3541 cum
2313 3496 2500 3538 omnes
2520 3496 2682 3535 unum
2706 3478 2951 3549 spiritum
2981 3476 3290 3533 habeamus.
3317 3476 3451 3530 Vide
3474 3490 3605 3531 voce
3626 3476 3737 3542 illa,

2166 3584 2258 3647 μ.ιᾷ
2284 3584 2410 3647 ψυχῇ
2432 3616 2447 3641 ,
2478 3573 2527 3628 id
2557 3581 2658 3636 est,
2693 3586 2794 3625 una
2825 3570 3026 3633 anima,
3057 3568 3400 3624 concordiam
3428 3584 3549 3624 esse
3571 3570 3741 3639 signi-

2168 3667 2378 3723 ﬁcatam
2411 3684 2425 3719 :
2455 3664 2575 3719 vide
2604 3665 2797 3718 multas
2818 3663 3026 3717 animas
3053 3677 3211 3717 unam
3238 3661 3361 3716 dici.
3394 3662 3466 3715 lta
3497 3677 3555 3717 se
3585 3662 3747 3717 habe-

2168 3760 2261 3817 bat
2307 3758 2598 3828 antiquitus
2629 3774 2642 3810 :
2673 3755 2945 3819 Omnium,
2980 3754 3185 3825 inquit,
3221 3742 3330 3807 erat
3356 3770 3445 3807 cor
3484 3764 3531 3808 et
3575 3756 3746 3807 anima

2170 3868 2273 3906 una
2303 3850 2441 3921 (Act.
2486 3849 2539 3903 4.
2585 3846 2698 3919 52).
2728 3846 3104 3900 Collaborantes
3142 3845 3261 3914 ﬁdei
3305 3846 3569 3915 evangelii.
3609 3844 3744 3899 Num

2172 3955 2441 4014 tamquam
2472 3942 2573 3995 lide
2596 3941 2872 3995 laborante
2902 3941 2956 3993 in
2981 3938 3297 4004 certamine,
3320 3948 3529 4003 mutuo,
3555 3937 3746 4006 inquit,

2172 4036 2605 4095 collaborantes?
2632 4049 2732 4102 qua
2763 4034 2967 4089 ratione
2991 4032 3045 4087 id
3072 4042 3216 4087 stare
3238 4032 3445 4101 possit?
3466 4031 3580 4084 Non
3604 4031 3747 4085 enim

2175 4131 2315 4183 inter
2344 4143 2402 4183 se
2432 4126 2757 4197 pugnabant;
2789 4124 2881 4178 sed
2909 4123 3049 4193 quod
3078 4124 3188 4177 vult
3218 4123 3413 4177 Paulus
3437 4164 3451 4188 ,
3491 4122 3592 4176 hoc
3621 4129 3705 4176 est
3732 4138 3747 4171 :

2175 4223 2413 4278 Mutuum
2436 4263 2450 4285 ,
2481 4219 2686 4290 inquit,
2717 4218 2869 4273 vobis
2903 4216 3158 4271 auxilium
3189 4216 3377 4271 alferte
3402 4258 3416 4282 ,
3449 4216 3574 4269 dum
3618 4215 3751 4270 ﬁdes

2174 4313 2435 4383 evangelii
2465 4313 2519 4367 in
2546 4312 2840 4367 certamine
2872 4319 3130 4365 versatur.
3162 4309 3253 4364 ‘28.
3287 4308 3351 4361 Et
3389 4310 3441 4363 in
3471 4308 3612 4362 nullo
3640 4318 3747 4362 ter-

2176 4409 2259 4462 riti
2287 4409 2350 4461 ab
2376 4406 2677 4461 adversariis
2700 4447 2714 4471 ,
2747 4404 2881 4474 quod
2906 4402 3107 4474 quidem
3145 4403 3272 4471 ipsis
3298 4412 3371 4455 est
3394 4410 3751 4473 argumentum

2178 4500 2497 4571 perditionis,
2523 4497 2659 4552 vobis
2684 4506 2851 4550 autem
2876 4496 3073 4549 salutis.
3098 4494 3310 4564 Optime
3336 4494 3491 4556 dixit,
3525 4493 3707 4548 Territi
3734 4508 3756 4548 :

2181 4592 2301 4645 talia
2325 4591 2465 4645 enim
2502 4598 2663 4651 sunt,
2697 4604 2815 4656 qua:
2841 4588 2909 4641 ab
2938 4586 3262 4641 adversariis
3295 4584 3705 4654 proficiscuntur
3735 4600 3750 4637 :

2181 4690 2383 4739 terrent
2412 4680 2800 4736 tantummodo.
2831 4679 2967 4732 Dicit
2992 4679 3168 4747 igitur,
3198 4677 3266 4731 In
3291 4677 3431 4730 nullo
3458 4674 3752 4745 :quidquid

2179 4775 2438 4840 evenerit,
2466 4773 2624 4828 etiam
2645 4772 2687 4825 si
2714 4770 2943 4839 pericula
2970 4770 3239 4838 proposita
3262 4769 3388 4834 sint,
3407 4768 3565 4821 etiam
3592 4767 3635 4819 si
3668 4768 3751 4819 inv

2181 4868 2363 4924 sidiam
2392 4867 2493 4920 hoc
2513 4864 2656 4920 enim
2684 4874 2765 4918 est
2792 4875 2935 4917 recte
2962 4863 3235 4917 stantium.
3271 4862 3349 4916 llli
3377 4862 3520 4915 enim
3554 4871 3756 4915 terrere

2180 4960 2455 5014 dumtaxat
2484 4964 2741 5022 possunt;
2793 4964 3051 5023 prmterea
3102 4952 3254 5006 nihil.
3286 4952 3421 5018 Quia
3449 4952 3591 5006 enim
3618 4951 3758 5005 veri—

2181 5049 2359 5105 simile
2376 5057 2491 5103 erat
2521 5047 2641 5101 illos
2669 5045 2822 5099 valde
2852 5045 3167 5112 perturbari,
3199 5060 3319 5097 cum
3360 5041 3753 5096 animadverte-

2180 5149 2302 5196 rent
2328 5139 2546 5193 Paulum
2576 5135 2993 5191 inmnnerabiles
3030 5135 3209 5189 subire
3236 5134 3605 5189 calamitates:
3641 5133 3756 5187 Non

2181 5234 2325 5300 dico,
2358 5232 2561 5301 inquit,
2593 5230 2669 5284 Ne
2700 5230 2983 5292 lluctuetis,
3018 5228 3111 5282 sed
3134 5270 3147 5289 ,
3175 5227 3251 5282 Ne
3281 5227 3629 5293 tcrreamini;
3665 5228 3755 5281 sed

2181 5326 2344 5381 etiam
2373 5323 2494 5378 illos
2520 5322 2675 5377 valde
2696 5320 3071 5377 contemnatis.
3099 5320 3230 5374 Nam
3260 5321 3303 5373 si
3335 5320 3436 5375 hoc
3458 5320 3617 5374 modo
3641 5321 3727 5372 ani
3746 5350 3759 5358 -

2148 5452 2153 5455 Α
2184 5417 2310 5472 mati
2337 5415 2475 5477 sitis,
2506 5414 2630 5468 hinc
2655 5413 2764 5481 jam
2793 5423 2844 5467 et
2875 5413 3113 5480 ipsorum
3152 5411 3510 5479 perditionem
3534 5452 3549 5475 ,
3578 5420 3632 5464 et
3660 5424 3757 5462 vc-

2182 5518 2345 5563 stram
2369 5507 2594 5562 salutem
2620 5505 2951 5575 perspicuam
2984 5502 3205 5557 facietis.
3234 5503 3442 5558 Etenim
3466 5517 3587 5557 cum
3610 5501 3759 5555 vide-

2182 5603 2287 5655 rint
2318 5607 2566 5655 sexcenta
2596 5613 2655 5653 se
2688 5597 2913 5651 artiﬁcia
2945 5594 3276 5649 comminisci
3302 5635 3319 5661 ,
3361 5608 3423 5649 ac
3451 5609 3518 5649 ne
3544 5602 3755 5650 terrere

2181 5692 2393 5762 quidem
2416 5706 2514 5745 vos
2541 5704 2700 5760 posse
2724 5729 2740 5755 ,
2770 5697 2913 5743 certa
2951 5688 3032 5742 sui
3062 5688 3297 5757 ipsorum
3328 5687 3574 5743 interitus
3594 5702 3754 5756 argu—

2190 5797 2365 5843 menta
2408 5782 2639 5855 eapieut.
2707 5780 2927 5851 Quando
2976 5780 3117 5838 enim
3179 5790 3457 5837 vexatores
3507 5780 3573 5836 iis
3619 5793 3757 5851 quos
