4130 6386
426 381 532 437 207

426 495 634 553 νοοῦντι
672 496 817 568 χαρὰ
857 496 1067 566 γίνεται
1101 497 1157 549 ἐν
1188 500 1299 561 τοῖς
1328 498 1598 567 οὐρανοῖς,
1634 496 1795 559 αὐτὸς
1832 496 1889 549 δὲ
1933 496 1998 548 ἐκ

427 585 653 658 πρώτης
704 584 1047 655 δημηγορίας
1090 584 1317 647 πολλοὺς
1372 585 1659 656 ἐθήρευσε,
1720 583 1837 647 πῶς
1891 584 1994 637 οὐκ

432 673 708 744 ἐμπλήσει
748 675 922 743 χαρᾶς
958 672 1056 735 τὰς
1086 673 1198 729 ἀνω
1230 672 1489 742 δυνάμεις
1522 689 1536 737 ;

496 720 1565 830 ὧἶῇἐν,λιξὲιῐῖει’ἆέγῦξάἐτᾷὦῖἇιῌκέῖ
1586 720 1805 809 Παῦλον
1827 756 1999 825 φθέγ-

421 846 638 915 γεσθαι,
669 845 765 897 καὶ
802 844 929 907 τοὺς
975 842 1237 914 οὐρανοὺς
1284 844 1376 895 ἐπὶ
1415 843 1589 915 τούτῳ
1624 846 1852 916 σκιρτᾷν
1903 846 1997 898 καὶ

427 934 837 1007 εὐφραίνεσθαι.
880 934 945 986 Εί
973 932 1102 1004 γὰρ,
1126 934 1213 986 ὅτε
1268 933 1325 997 ἐξ
1356 935 1632 1002 Αἰγύπτου
1688 935 1915 1006 ἐξῄεσαν
1948 935 1995 986 οί

440 1024 795 1095 Ἰσραηλῖται,
830 1022 1160 1092 ἐσκίρτησαν
1185 1021 1253 1074 τὰ
1283 1022 1404 1092 ὅρη,
1455 1022 1529 1085 ὡς
1555 1023 1698 1093 κριοί
1724 1040 1736 1053 ·
1764 1025 1851 1075 ὅτε
1889 1022 1997 1075 ἀπὸ

425 1112 529 1181 γῆς
562 1115 642 1175 είς
673 1111 900 1183 οὐρανὸν
949 1111 1283 1182 μετέστησαν
1332 1110 1630 1182 ἄνθρωποι,
1678 1110 1850 1181 πόσην
1896 1112 1996 1163 οἴει

421 1196 557 1252 εἶναι
587 1200 808 1270 χαράν;
855 1199 953 1252 Διά
1004 1198 1197 1264 ταῦτα,
1234 1198 1303 1252 Τὸ
1351 1197 1646 1267 ἐπιμεῖναι
1697 1196 1770 1264 τῇ
1815 1197 1994 1265 σαρκί

421 1290 888 1357 ἀναγκαιότερον
932 1288 1007 1341 δι’
1036 1288 1212 1357 ὑμᾶς.
1244 1287 1411 1341 Ποίαν
1448 1287 1642 1357 ἕξομεν
1700 1285 1995 1353 ἀπολογίαν

423 1377 609 1431 λοιπὸν
644 1379 803 1449 ἡμεῖς
842 1396 857 1444 ;
907 1376 1173 1439 Πολλάκις
1226 1376 1335 1447 γὰρ
1366 1376 1654 1446 ἄνθρωπος
1700 1374 1995 1445 κληροῦται

422 1465 577 1518 πόλιν
614 1464 817 1535 μικρὰν
850 1466 944 1517 καὶ
974 1462 1255 1533 πενιχρὰν,
1290 1463 1384 1515 καὶ⁹
1411 1463 1508 1532 ούχ
1548 1462 1785 1533 αἱρεῖται
1832 1460 1996 1513 ἀπελ-

422 1553 534 1605 θεῖν
586 1551 835 1622 ἐτέρωθι,
868 1552 968 1621 τὴν
1018 1551 1229 1604 οἰκείαν
1271 1550 1583 1622 προκρίνων
1632 1549 1943 1603 ἀνάπαυσιν
1976 1563 1991 1577 ⁸

426 1640 563 1709 πρὸς
591 1639 681 1693 τὸν
710 1638 946 1709 Χριστὸν
975 1636 1117 1709 εἶχεν
1143 1637 1396 1692 ἀπελθεῖν
1425 1640 1452 1690 ό
1491 1637 1704 1699 Παῦλος
1722 1677 1734 1699 ,
1765 1638 1861 1689 καὶ
1893 1638 1992 1689 οὐκ

422 1727 661 1797 ἠθέλησε
694 1727 784 1780 τὸν
818 1726 1049 1798 Χριστόν
1079 1741 1094 1754 ·
1123 1725 1375 1795 Χριστὸν,
1405 1725 1462 1776 ὂν
1488 1724 1660 1786 οὕτως
1686 1723 1890 1788 ἐπόθει,
1918 1723 1994 1787 ὡς

417 1813 486 1867 δι’
510 1815 681 1868 ἀὑτὸν
741 1815 837 1868 καὶ
891 1813 1116 1882 γέενναν
1170 1812 1441 1883 αἱρεῖσθαι
1474 1828 1488 1843 ο
1534 1813 1628 1865 καὶ
1681 1812 1872 1881 ἔμενεν
1914 1810 1993 1864 ἔτι

417 1902 816 1973 ἀγωνιζόμενος
871 1902 958 1955 διὰ
1012 1904 1137 1964 τοὺς
1191 1901 1530 1973 ἀνθρώπους.
1564 1902 1660 1964 Τίς
1688 1900 1838 1955 ἔσται
1862 1902 1993 1972 ἡμῖν

393 1993 679 2062 ⁸ἀπολογία
705 2010 719 2057 ;
754 1991 929 2054 Ὄλως
956 1991 1013 2043 δὲ
1046 1990 1355 2061 μεμνῆσθαι
1389 1989 1493 2060 χρὴ
1522 1989 1741 2043 Παύλου
1768 1990 1988 2055 ἀπλῶς;

418 2079 558 2149 Ὅρα
576 2080 629 2132 τί
650 2079 965 2149 εἰργάσατο·
981 2077 1241 2143 Ἔδειξεν,
1257 2078 1337 2130 ὅτι
1361 2080 1613 2147 κρεῖσσον
1634 2076 1694 2130 τὸ
1713 2077 1991 2141 ἀπελθεῖν,

416 2169 622 2221 πείθων
644 2168 842 2230 αὐτοὺς
868 2166 944 2237 μὴ
977 2167 1161 2235 ἀλγεῖν
1182 2183 1195 2196 ·
1233 2166 1450 2230 ἔδειξεν,
1488 2169 1570 2220 ὅτι
1595 2166 1701 2220 κᾶν
1726 2165 1881 2237 μένῃ,
1904 2165 1992 2219 διὰ

413 2255 572 2309 τοῦτο
620 2256 793 2326 μένει,
833 2254 902 2307 δι’
934 2255 1196 2319 ἐκείνους,
1230 2254 1308 2307 ὅτι
1338 2254 1437 2308 οὐκ
1464 2254 1570 2308 ἀπὸ
1598 2254 1697 2323 τῆς
1726 2254 1992 2325 πονηρίας

412 2344 620 2412 γίνεται
656 2342 764 2396 τῶν
797 2341 1277 2396 ἐπιϐουλευόντων.
1295 2340 1416 2394 Ἵνα
1441 2341 1619 2394 τοίνυν
1642 2340 1991 2406 ἀξιοπίστους

412 2429 607 2492 αὐτοὺς
631 2439 651 2459 ⁸
702 2429 1022 2499 ἐργάσηται,
1064 2429 1159 2481 καὶ
1186 2426 1287 2498 τὴν
1329 2428 1509 2481 αἰτίαν
1538 2427 1753 2498 ἔθηκεν.
1785 2427 1848 2480 Et
1880 2428 1991 2497 γὰρ

411 2517 707 2585 ἀναγκαῖον
756 2515 913 2567 τοῦτό
969 2515 1107 2576 ἐστι,
1139 2514 1356 2578 πάντως
1410 2515 1492 2568 ὅτι
1549 2514 1713 2584 μενῶ,
1745 2514 1839 2569 καί
1892 2515 1989 2584 οὐχ

410 2603 598 2666 ἁπλῶς
635 2602 802 2674 μενῶ,
826 2602 962 2656 ἀλλὰ
983 2603 1099 2671 μεθ’
1121 2602 1149 2654 ὑ
1158 2602 1274 2671 μῶν
1294 2620 1307 2631 ·
1326 2602 1486 2655 τουτο
1518 2602 1626 2670 γάρ
1641 2603 1757 2654 ἐστι
1776 2601 1855 2668 τὸ,
1879 2602 1989 2655 Καὶ

409 2688 875 2760 συμπαραμενῶ,
900 2690 1201 2753 τουτέστιν,
1238 2688 1478 2759 Ὀψομαι
1508 2689 1670 2759 ὑμᾶς.
1694 2688 1850 2751 Τίνος
1870 2688 1990 2741 ἐνε-

410 2795 507 2833 κεν
531 2794 547 2844 ;
574 2780 678 2844 Είς
705 2777 819 2846 τὴν
836 2776 1005 2845 ὑμῶν
1050 2776 1366 2844 προκοπὴν
1390 2776 1488 2829 καί
1529 2774 1721 2845 χαρὰν
1762 2774 1872 2843 τῆς
1892 2776 1988 2827 πί-

410 2881 619 2931 στεως.
678 2863 939 2918 Ἐνταῦθα
992 2864 1190 2927 αὐτοὺς
1246 2863 1342 2917 καὶ
1397 2864 1733 2934 διανίστησιν
1767 2903 1782 2928 ,
1844 2862 1987 2915 ὥστε

410 2953 702 3024 προσέχειν
752 2953 985 3015 ἑαυτοῖς.
1016 2954 1077 3005 Et
1135 2952 1244 3023 γὰρ
1293 2953 1360 3006 δι’
1386 2952 1551 3023 ὑμᾶς,
1606 2951 1759 3022 φησὶ,
1821 2951 1986 3021 μενῶ,

410 3042 572 3110 ὁρᾶτε
603 3040 677 3111 μὴ
712 3040 1104 3110 καταισχύνητέ
1138 3056 1239 3109 μου
1268 3038 1367 3109 τὴν
1388 3039 1728 3108 παραμονήν.
1761 3038 1989 3092 Μέλλων

410 3128 644 3199 Χριστόν
672 3130 823 3199 όρᾷν,
858 3128 1077 3199 εἰλόμην
1102 3129 1192 3181 ἐπὶ
1223 3130 1289 3199 τῇ
1322 3128 1565 3198 ὑμετέρᾳ
1606 3129 1855 3198 προκοπῇ
1891 3126 1987 3196 μέ-

410 3232 542 3268 νειν.
582 3214 799 3286 Ἐπειδὴ
848 3216 881 3285 ή
912 3214 1019 3284 ἐμὴ
1050 3215 1321 3283 παρουσία
1346 3216 1437 3267 καὶ
1472 3213 1609 3284 πρὸς
1641 3214 1824 3266 πίστιν
1856 3215 1987 3283 ὑμῖν

413 3301 779 3371 συμϐάλλεται
839 3301 934 3355 καὶ
979 3300 1115 3373 πρὸς
1164 3301 1490 3373 χαρὰν,διά
1539 3300 1698 3354 τοῦτο
1760 3300 1985 3372 εἱλόμην

414 3389 618 3459 μένειν.
660 3388 725 3441 Τί
784 3384 912 3455 οῦν;
944 3388 1323 3459 Φιλιππησίων
1354 3390 1538 3443 ἕνεκεν
1569 3389 1727 3458 ἔμενε
1771 3388 1984 3459 μόνων;

412 3478 528 3530 Οοκ
576 3476 800 3531 ἐκείνων
856 3476 1042 3529 ἕνεκεν
1092 3476 1252 3545 ἔμενε
1289 3477 1464 3546 μόνων
1493 3492 1508 3506 ο
1531 3475 1678 3545 λέγει
1720 3476 1775 3529 δὲ
1807 3475 1984 3543 τοῦτο,

414 3563 504 3616 ἱνα
537 3565 733 3628 αὐτοὺς
764 3565 1105 3638 θεραπεύσῃ.
1139 3566 1262 3630 Πῶς
1308 3567 1364 3619 δὲ
1392 3561 1457 3636 ἦν
1475 3568 1541 3636 τῇ
1578 3566 1755 3619 πίστει
1784 3566 1987 3638 προκό-

410 3652 545 3720 qm;
584 3652 745 3704 ’Ὥστε
800 3652 1156 3724 στηριχθῆναι
1225 3653 1422 3724 μᾶλλον
1477 3653 1620 3722 ὑμᾶς
1653 3694 1667 3718 ,
1737 3654 1986 3724 καθάπερ

412 3739 660 3802 νεοττοὺς
688 3737 973 3808 δεομένους
1000 3741 1099 3810 τῆς
1131 3741 1360 3813 μητρὸς,
1392 3741 1498 3804 ἕως
1526 3741 1593 3795 ἂν
1617 3741 1797 3805 αὐτοῖς
1836 3744 1983 3813 παγῇ

411 3825 481 3879 τά
510 3826 705 3894 πτερά.
748 3826 956 3895 Πολλῆς
1002 3828 1220 3899 ἀγάπης
1262 3828 1418 3881 τοῦτο
1482 3830 1797 3899 τεκμήριον.
1830 3828 1986 3881 Οῦτω

412 3914 507 3965 καὶ
531 3914 690 3983 ἡμεῖς
720 3930 869 3977 τινας
906 3914 1268 3985 διεγείρομεν,
1300 3916 1372 3979 ὡς
1419 3917 1547 3970 ὅταν
1576 3915 1819 3987 εἴπωμεν
1842 3931 1855 3945 ο
1887 3916 1985 3970 Διά

415 3999 475 4053 σὲ
510 4000 722 4070 ἔμεινα,
754 4001 840 4054 ἵνα
870 4018 929 4054 σε
971 4004 1183 4075 ποιήσω
1220 4005 1469 4074 χρηστόν.
1502 4005 1637 4058 Ἵνα
1660 4003 1727 4057 τὸ
1760 4004 1986 4071 καύχη-

410 4104 495 4156 μα
530 4087 697 4156 ὑμῶν
723 4129 737 4155 ,
766 4091 899 4159 φησὶ
919 4129 933 4154 ,
966 4094 1293 4159 περισσεύῃ
1324 4091 1391 4144 ἐν
1418 4091 1647 4160 Χριστῷ
1680 4091 1872 4159 Ἰησοῦ
1917 4092 1986 4145 ὲν

412 4175 543 4243 ἐμοὶ
585 4176 683 4229 διὰ
706 4176 816 4245 τῆς
859 4176 1010 4245 ἐμῆς
1058 4178 1394 4245 παρουσίας
1426 4176 1611 4231 πάλιν
1638 4177 1788 4246 πρὸς
1806 4177 1981 4247 ὑμᾶς.

425 4262 587 4333 Ὁρᾷς
616 4263 697 4316 ὅτι
725 4263 806 4329 τὸ,
825 4263 1293 4333 Συμπαραμενῶ,
1320 4264 1478 4317 τοῦτό
1507 4265 1687 4329 ἐστιν;
1720 4265 1863 4335 Ὅρα
1886 4265 1987 4334 τὴν

412 4351 928 4423 ταπεινοφροσύνην·
948 4352 1162 4422 Ἐπειδὴ
1194 4348 1367 4417 εἶπεν,
1388 4354 1492 4420 Είς
1519 4352 1634 4422 τὴν
1657 4352 1822 4423 ὑμῶν
1842 4370 1985 4421 προ-

414 4438 634 4506 κοπὴν,
663 4440 933 4494 δείκνυσιν
977 4441 1058 4493 ὅτι
1092 4441 1185 4494 καὶ
1229 4443 1307 4504 εἰς
1353 4441 1451 4512 τὴν
1493 4442 1656 4496 αὑτοῦ
1694 4442 1983 4511 ὠφέλειαν.

418 4524 596 4596 Ὅπερ
638 4527 734 4579 καὶΙ
780 4528 916 4597 πρὸς
951 4528 1255 4599 Ῥωμαίους
1306 4531 1533 4599 γράφων
1573 4532 1735 4593 ποιεῖ,
1763 4529 1936 4597 λέγων
1968 4547 1980 4560 ·

421 4614 603 4668 Τοῦτο
661 4614 728 4667 δέ
780 4614 931 4681 ἐστι,
980 4615 1566 4685 συμπαρακληθῆναι
1599 4617 1667 4669 ἐν
1694 4616 1837 4682 ὑμῖν
1869 4634 1880 4645 ·
1910 4619 1986 4670 εί-

416 4701 535 4753 πὼν
567 4701 801 4772 πρῶτον,
826 4701 963 4755 Ἵνα
996 4720 1048 4755 τι
1073 4702 1302 4771 μεταδῶ
1334 4703 1597 4773 χάρισμα
1624 4704 1766 4773 ὑμῖν
1803 4721 1984 4758 πνευ-

412 4789 685 4857 ματικόν.
719 4789 783 4841 Τί
812 4789 868 4841 δέ
904 4791 1071 4853 ἐστιν,
1105 4791 1237 4845 Ἵνα
1276 4789 1342 4843 τὸ
1373 4792 1650 4858 καύχημα
1685 4789 1853 4859 ὑμῶν
1886 4807 1986 4843 πε-

408 4877 673 4943 ρισσεύῃ
699 4894 718 4941 ;
758 4878 935 4945 Ὅπερ
964 4879 1059 4929 καὶ
1088 4876 1149 4929 τὸ
1175 4876 1433 4947 καύχημα
1460 4874 1547 4948 ἦν,
1578 4877 1639 4929 τὸ
1668 4878 1986 4948 ἐστηρίχθαι

417 4964 477 5016 ἐν
506 4964 572 5033 τῇ
604 4963 787 5016 πίστει
819 4962 999 5032 (τοῦτο
1048 4967 1157 5035 γάρ
1188 4967 1303 5018 ἐστι
1344 4964 1606 5035 καύχημα
1635 4966 1690 5017 ἐν
1722 4966 1983 5037 Χριστῷ),

416 5048 479 5101 τὸ
505 5048 675 5119 ὀρθῶς
697 5048 865 5119 βιοῦν.
904 5052 973 5104 Τὸ
1003 5050 1168 5119 ὑμῶν
1188 5053 1466 5121 καύχημα
1495 5052 1565 5105 ἐν
1600 5051 1729 5121 ἐμοὶ
1755 5052 1848 5107 διὰ
1876 5054 1987 5121 τῆς

416 5134 569 5205 ἐμῆς
627 5138 959 5207 παρουσίας
1006 5136 1153 5210 [222]
1208 5139 1395 5193 πάλιν
1446 5141 1593 5208 πρὸς
1619 5134 1772 5209 ὑμᾶς
1786 5158 1806 5205 ;
1856 5143 1984 5209 Ναὶ,

420 5223 571 5293 φησί.
612 5225 706 5291 Τίς
747 5225 858 5294 γὰρ
909 5226 1078 5295 ἡμῶν
1108 5226 1312 5293 ἐλπὶς,
1344 5228 1383 5295 ἢ
1418 5226 1717 5297 στέφανος
1758 5231 1984 5299 καυχή-

420 5327 573 5378 σεως
604 5329 621 5377 ;
650 5312 688 5381 ἢ
746 5315 883 5383 οὐχὶ
912 5314 1013 5369 καὶ
1070 5316 1237 5385 ὑμεῖς
1266 5332 1287 5381 ;
1323 5316 1451 5370 Ὅτι
1497 5319 1770 5386 καύχημα
1817 5320 1987 5387 ἡμῶν

420 5401 591 5471 ὑμεῖς
627 5403 785 5469 ἐστε,
819 5405 1081 5473 καθάπερ
1112 5406 1283 5475 ἡμεῖς
1313 5406 1479 5474 ὑμῶν
1500 5425 1513 5438 ·
1539 5409 1836 5472 τουτέστιν,
1870 5410 1986 5463 Ἵνα

422 5489 531 5559 ἅχω
558 5492 861 5561 καυχᾶσθαι
901 5493 960 5546 ἐν
1014 5494 1141 5564 ὑμῖν
1194 5493 1474 5564 μειζόνως.
1512 5496 1635 5559 Πῶς
1669 5513 1683 5561 ;
1721 5496 1850 5550 Ἵνα
1880 5514 1983 5550 πε-

418 5580 675 5648 ρισσεύῃ
738 5579 805 5633 τὸ
863 5582 1145 5651 καύχημα
1203 5582 1389 5652 ὑμῶν.
1422 5583 1699 5649 Μειζόνως
1738 5586 1844 5657 γὰρ
1878 5585 1985 5656 ἔχω

488 5810 515 5837 ι
534 5792 663 5845 Idem
682 5796 807 5859 conj.
831 5799 1097 5854 ἀξιόπιστον
1131 5801 1311 5850 ἑαυτόν.

1196 378 1265 434 IN
1306 377 1523 435 EPIST.
1566 377 1659 433 AD
1684 377 1972 433 PIIILIPP.
2014 376 2169 434 CAP.
2208 380 2249 435 l.
2292 380 2525 436 HOMIL.
2561 384 2652 440 IV.

3567 392 3675 448 208

2102 497 2426 566 καυχᾶσθαι,
2461 500 2617 569 ὑμῶν
2647 501 2955 555 ἐπιδόντων.
2989 502 3089 555 Διὰ
3125 502 3232 570 τῆς
3285 504 3435 572 ἐμῆς
3464 523 3677 575 παρου-

2100 584 2239 650 σίας
2256 586 2443 640 πάλιν
2471 588 2621 654 πρὸς
2651 589 2823 656 ὑμᾶς.
2852 589 2914 641 Τί
2945 588 3038 643 οὖν
3065 609 3078 656 ;
3111 586 3241 662 ἦλθε
3273 592 3408 662 πρὸς
3442 595 3673 660 αὐτούςς

2100 672 2270 725 Τοῦτο
2322 674 2558 745 ζητεῖτε,
2593 679 2639 729 εί
2693 673 2845 747 ἦλθε.
2901 679 3105 732 Μόνον
3147 679 3349 745 ἀξίως,
3383 681 3536 749 φησὶ,
3563 683 3674 736 τοῦ

2099 762 2473 831 Εὐαγγελίου
2494 766 2599 820 τοῦ
2633 767 2890 834 Χριστοῦ
2932 769 3344 821 πολιτεύεσθε.
3398 769 3562 840 Ὁρᾷς
3592 771 3674 823 ὄτι

2096 849 2184 902 διὰ
2209 850 2364 903 τοῦτο
2413 848 2533 905 εἶπε
2564 854 2763 919 πάντα,
2799 856 2885 907 ἵνα
2915 858 2993 918 είς
3021 855 3179 907 τοῦτο
3209 855 3406 918 αὐτοὺς
3441 859 3673 926 προτρέ-

2096 935 2170 1006 ψῃ
2194 938 2469 992 ἐπιδοῦναι
2490 942 2626 1010 πρὸς
2641 943 2840 1013 ἀρετήν
2862 960 2874 1009 ;
2906 945 3110 996 Μόνον
3136 944 3319 1007 ἀξίως
3346 943 3453 996 τοῦ
3474 946 3669 1012 Εὐαγ-

2096 1027 2302 1093 γελίου
2365 1029 2472 1082 τοῦ
2515 1031 2773 1097 Χριστοῦ
2829 1034 3237 1086 πολιτεύεσθε.
3288 1032 3354 1085 Τί
3405 1033 3520 1086 ἐστι
3575 1035 3675 1097 τὸ,

2094 1106 2338 1177 Μόνον;
2376 1115 2545 1170 Τοῦτό
2569 1118 2685 1169 ἐστι
2731 1118 2791 1170 τὸ
2826 1119 3157 1189 ζητούμενον
3197 1121 3374 1189 μόνον,
3406 1120 3500 1172 καὶ
3521 1119 3673 1172 οὐδὲν

2094 1198 2249 1251 ἀλλο·
2287 1200 2353 1253 ἂν
2382 1201 2537 1254 τοῦτο
2631 1243 2645 1267 ,
2686 1204 2837 1257 οὐδὲν
2864 1206 3106 1276 λυπηρὸν
3126 1208 3259 1275 ἡμῖν
3308 1205 3668 1275 συμϐήσεται.

2098 1284 2231 1338 Ἵνα
2283 1286 2406 1339 εἴτε
2450 1288 2641 1342 ἐλθὼν
2681 1290 2779 1342 καί
2830 1292 2971 1345 ἰδὼν
3036 1292 3192 1361 ὑμᾶς
3223 1334 3237 1359 ,
3309 1294 3429 1345 εἴτε
3500 1292 3673 1347 ἀπὼν

2093 1372 2337 1426 ἀκούσω
2394 1376 2464 1429 τὰ
2503 1376 2635 1445 περὶ
2665 1378 2852 1446 ὑμῶν.
2881 1380 2989 1449 Οὐχ
3024 1380 3099 1442 ὡς
3132 1380 3517 1450 μεταθέμενος,
3548 1379 3671 1434 οὐδὲ

2092 1457 2166 1520 ὡς
2186 1459 2371 1512 οὐκέτι
2400 1461 2564 1527 ἥξων,
2591 1465 2763 1516 ταῦτα
2793 1465 2941 1533 λέγει
2973 1484 2985 1499 ·
3029 1466 3166 1519 Ἀλλ’
3198 1467 3291 1519 ἐὰν
3320 1466 3477 1518 τοῦτο
3502 1466 3668 1535 γένη-

2092 1563 2202 1612 ται,
2232 1548 2387 1617 φησί,
2443 1550 2537 1601 καὶ
2586 1551 2743 1604 ἀπὼν
2790 1553 3179 1623 εὐφραίνεσθαι
3222 1553 3473 1624 δύναμαι.
3528 1547 3689 1608 Ἐὰν’

2094 1634 2356 1698 ἀκούσω,
2409 1636 2497 1689 ὅτι
2541 1638 2797 1707 στήκετε
2853 1641 2924 1695 ἐν
2974 1642 3062 1694 ἐνὶ
3118 1642 3410 1711 πνεύματι
3439 1640 3535 1694 καὶ
3559 1640 3670 1711 μιᾷ

2093 1721 2286 1789 ψυχῇ.

2162 1808 2406 1876 γ’.Τοῦτό
2419 1813 2565 1865 ἐστιν
2580 1812 2607 1865 ὃ
2626 1814 2860 1882 μάλιστα
2879 1818 3165 1885 συγκροτεῖ
3180 1817 3305 1879 τοὺς
3321 1819 3562 1882 πιστοὺς,
3574 1820 3669 1873 καὶ¹

2091 1895 2187 1966 τὴν
2214 1898 2432 1969 ἀγάπην
2466 1900 2713 1970 συνέχει·
2732 1903 2818 1955 διά
2840 1902 3019 1966 τοῦτο,
3052 1904 3185 1956 Ἵνα
3213 1899 3367 1957 ὦσιν
3390 1904 3478 1969 ἓν,
3504 1908 3669 1975 φησὶν

2090 1984 2118 2036 ὁ
2151 1986 2403 2056 Χριστός.
2442 1989 2550 2042 Καὶ
2583 1990 2693 2060 γὰρ
2721 1992 3010 2044 Βασιλειά
3034 1992 3387 2060 μερισθεῖσα
3403 1992 3493 2061 ἐφ’
3528 1993 3668 2047 ἐαυ-

2091 2071 2225 2139 τὴν,
2290 2076 2363 2127 οὐ
2416 2077 2801 2142 σταθήσεται.
2832 2078 2930 2131 Διά
2955 2079 3110 2131 τοῦτο
3144 2079 3341 2149 πολλὴν
3372 2080 3510 2151 ὑπὲρ
3538 2082 3669 2150 ὀμε-

2092 2160 2243 2223 νοίας
2273 2164 2510 2216 ποιεῖται
2544 2164 2821 2233 πανταχοῦ
2856 2165 2951 2235 τὴν
2982 2166 3316 2237 συμϐουλὴν,
3345 2168 3438 2220 καὶ
3464 2171 3492 2221 ό
3520 2167 3666 2221 Παῦε

2088 2248 2180 2311 λος
2208 2265 2221 2278 ·
2254 2249 2341 2303 διὰ
2395 2251 2552 2303 τοῦτο
2603 2254 2696 2305 καί
2727 2254 2754 2304 ό
2787 2254 3023 2323 Χριστός
3076 2271 3237 2323 φησιν
3265 2295 3282 2321 ,
3328 2257 3423 2307 Ἑν
3480 2258 3671 2324 τούτῳ

2088 2336 2423 2405 γνώσονται
2473 2338 2716 2405 πάντες,
2748 2339 2836 2391 ὅτι
2885 2342 3143 2407 μαθηταί
3189 2342 3305 2409 μού
3354 2342 3512 2402 ἐστε,
3556 2341 3667 2395 ἐὰν

2087 2426 2355 2494 ἀγαπᾶτε
2380 2427 2717 2494 ἀλλήλους.
2757 2429 3041 2494 Τουτέστι,
3077 2428 3167 2499 Μὴ
3197 2431 3277 2492 εἰς
3309 2430 3409 2497 τὴν
3442 2430 3666 2500 προσδο-

2088 2514 2210 2569 κίαν
2240 2514 2337 2587 τὴν
2364 2516 2387 2567 ἐ
2397 2515 2501 2585 μὴν
2524 2517 2837 2586 ἀφορῶντες
2868 2516 3179 2583 καθεύδετε,
3197 2512 3306 2570 οἷον
3326 2518 3665 2588 προσδοκῶν-

2086 2619 2179 2663 τες
2205 2603 2378 2673 ήξεινο
2405 2599 2545 2669 εἶτα,
2578 2604 2799 2658 ἐπειδὰν
2829 2604 2975 2674 ἴδητε
3009 2605 3081 2676 μὴ
3106 2605 3397 2675 ἐρχόμενον
3425 2607 3475 2669 δ,
3502 2608 3660 2661 ἐκλυ-

2089 2687 2241 2760 θῆτε.
2284 2690 2394 2743 Καὶ
2474 2690 2583 2762 γὰρ
2634 2692 2691 2758 ἐξ
2754 2692 2925 2760 ἀκοῆς
2982 2691 3370 2763 εὐφραίνεσθαι
3425 2692 3662 2763 δύναμαι

2086 2776 2310 2845 ὁμοίως.
2348 2777 2413 2829 Τί
2444 2779 2614 2843 ἐστιν,
2660 2779 2761 2832 Ἐν
2792 2778 2884 2831 ἑνὶ
2908 2778 3198 2847 πνεύματι
3222 2793 3242 2841 ;
3272 2778 3527 2832 Τουτέστι
3548 2820 3563 2841 ,
3584 2778 3664 2851 τῷ

2086 2863 2233 2933 αὐτῷ
2291 2864 2590 2935 χαρίσματι
2620 2908 2634 2932 ,
2664 2864 2742 2936 τῷ
2772 2864 2873 2935 τῆς
2902 2865 3153 2934 ὁμονοίας
3179 2905 3195 2929 ,
3224 2864 3300 2935 τῷ
3324 2865 3421 2934 τῆς
3460 2866 3665 2935 προθυ-

2090 2948 2234 3019 μίας.
2283 2951 2379 3003 Ἒν
2427 2952 2535 3022 γάρ
2570 2953 2688 3004 ἐστι
2721 2950 2782 3004 τὸ
2808 2951 3027 3020 πνεῦμα
3047 2989 3062 3014 ,
3098 2950 3192 3003 καὶ
3218 2950 3455 3005 δείκνυσι
3481 2952 3660 3017 τοῦτο,

2086 3039 2145 3092 τὸ
2194 3038 2460 3111 πολλαχοῦ
2494 3040 2667 3104 οὕτως
2697 3040 2971 3111 εἰρῆσθαι.
3003 3039 3160 3093 Οὕτω
3189 3039 3299 3110 γὰρ
3335 3040 3449 3095 ἔστι
3478 3041 3573 3094 καὶ
3603 3043 3664 3096 ἐν

2089 3130 2188 3199 μιᾷ
2220 3130 2509 3201 ὲστηκέναι
2540 3130 2709 3201 ψυχῇ,
2736 3131 2863 3183 ὅταν
2897 3129 2954 3181 ἒν
2986 3130 3200 3200 πνεῦμα
3222 3132 3269 3183 οἱ
3302 3130 3500 3194 πάντες
3529 3130 3664 3200 ἐχω-

2088 3233 2206 3283 μεν.
2260 3218 2388 3270 Ἰδοὺ
2418 3218 2499 3283 τὸ,
2537 3218 2677 3284 Μιᾷ,
2707 3219 2799 3270 ἐπὶ
2827 3218 3077 3286 ὁμονοίας
3112 3218 3353 3288 εἴρηται·
3393 3218 3499 3272 ἰδοὺ
3528 3218 3660 3271 πολ-

2084 3303 2176 3356 λαὶ
2228 3304 2325 3374 μία
2368 3305 2635 3374 λέγονται.
2694 3305 2880 3368 Οὕτως
2928 3301 2996 3375 ἦν
3052 3306 3112 3358 τὸ
3162 3306 3389 3359 παλαιόν
3420 3322 3432 3335 ·
3463 3301 3575 3361 Ἦν
3618 3306 3661 3375 ἡ

2083 3392 2298 3460 καρδία
2363 3395 2598 3459 πάντων,
2650 3394 2804 3464 φησὶ,
2856 3394 2954 3446 καὶ
3015 3395 3054 3461 ἠ
3107 3393 3279 3462 ψυχὴ
3317 3394 3445 3461 μία.
3514 3397 3659 3447 Συν-

2084 3480 2412 3547 αθλοῦντες
2432 3480 2505 3548 τῇ
2536 3481 2735 3533 πίστει
2756 3479 2859 3533 τοῦ
2879 3480 3269 3548 Εὑαγγελίου.
3289 3477 3356 3531 Ἀ
3366 3497 3432 3551 ρα
3455 3480 3529 3543 ὼς
3556 3480 3659 3550 τῆς

2086 3562 2320 3626 πίστεως
2379 3563 2666 3633 ἀθλούσης,
2698 3562 3102 3626 συναθλοῦντες,
3136 3563 3318 3633 φησὶν,
3362 3563 3611 3634 ἀλλήλοις
3638 3581 3655 3627 ;

2085 3651 2201 3714 πῶς
2233 3651 2299 3705 ἂν
2329 3651 2441 3721 ἔχοι
2471 3639 2625 3719 λόγον
2647 3668 2660 3715 ;
2682 3652 2755 3721 μὴ
2775 3650 2883 3721 γὰρ
2914 3652 3049 3722 πρὸς
3072 3651 3331 3722 ἀλλήλους
3367 3652 3656 3719 ἐπάλαιον;

2096 3738 2256 3791 Ἀλλὰ
2286 3739 2313 3791 ὃ
2332 3739 2503 3805 λέγει,
2535 3738 2691 3791 τοῦτό
2721 3740 2870 3791 ἐστι’
2902 3737 3475 3808 Συμπαραλαμὸάνετε
3496 3738 3659 3811 ἀλλή-

2084 3823 2224 3888 λους,
2256 3824 2441 3894 φησὶν,
2464 3825 2521 3876 ἐν
2550 3827 2615 3894 τῇ
2644 3823 2865 3893 ἀθλήσει
2892 3826 2957 3894 τῇ
2990 3823 3279 3878 πίστειτοῦ
3300 3825 3653 3893 Εὐαγγελίου.

2083 3911 2191 3965 Καὶ
2216 3910 2302 3979 μὴ
2336 3911 2689 3979 πτυρόμενοι
2718 3910 2787 3963 ἐν
2825 3909 3040 3979 μηδενὶ
3096 3910 3215 3965 ὑπὸ
3246 3909 3365 3964 τῶν
3404 3912 3656 3966 ἀντικει-

2079 3996 2298 4066 μένων,
2334 3997 2465 4065 ἢτις
2488 3997 2661 4051 ἐστίν
2688 3997 2891 4063 αὐτοῖς
2910 3997 3028 4066 μὲν
3058 3998 3315 4064 ἔνδειξις
3335 4000 3656 4067 ἀπωλείας,

2083 4084 2226 4152 ὑμῖν
2297 4084 2365 4137 δὲ
2418 4084 2738 4151 σωτηρίας.
2793 4086 3181 4153 Πτυρόμενοι,
3238 4085 3419 4148 καλῶς
3487 4082 3607 4138 εἷπε
3638 4104 3654 4120 ι

2083 4171 2309 4226 τοιαῦτα
2341 4171 2450 4243 γὰρ
2466 4170 2535 4224 τὰ
2564 4171 2716 4241 παρά
2744 4170 2853 4224 τῶν
2885 4172 3093 4241 ἐχθρῶν
3132 4190 3146 4204 ο
3182 4173 3340 4243 μόνον
3364 4172 3653 4243 πτύρεται.

2097 4261 2201 4315 Ἐν
2249 4260 2466 4329 μηδενὶ
2515 4255 2630 4325 οὖν,
2683 4262 2837 4330 φησί,
2872 4260 3023 4332 [225]
3059 4262 3366 4321 κᾶνὸτιοῦν
3410 4262 3655 4333 γένηται,

2086 4348 2192 4401 κᾶν
2218 4349 2470 4414 κίνδυνοι,
2510 4348 2615 4403 κᾶν
2661 4349 2944 4401 ἐπιϐουλαί
2967 4366 2982 4379 ·
3014 4349 3171 4402 τοῦτο
3204 4350 3311 4421 γάρ
3369 4350 3483 4404 ἐστι
3546 4350 3657 4405 τῶν

2084 4434 2260 4504 ὀρθῶς
2320 4435 2587 4490 ἑστώτων.
2640 4436 2866 4489 Ἐκεῖνοι
2890 4435 2997 4506 γάρ
3025 4436 3176 4489 οὐδὲν
3206 4435 3481 4501 δύνανται,
3508 4438 3649 4492 ἀλλὰ

2086 4522 2290 4592 πτῦραι
2318 4524 2493 4592 μόνον.
2543 4523 2758 4593 Ἐπειδὴ
2788 4522 2935 4585 εἰκὸς
2965 4518 3032 4592 ἦν
3062 4522 3404 4592 θορυϐεῖσθαι
3436 4524 3654 4593 αὐτοὺς,

2087 4610 2183 4663 ἅτε
2211 4610 2304 4663 τοῦ
2339 4609 2549 4662 Παύλου
2592 4610 2762 4680 μυρία
2779 4611 3100 4680 πάσχοντος,
3135 4611 3207 4663 Οὐ
3252 4609 3395 4679 λέγω
3418 4651 3433 4676 ,
3468 4613 3657 4682 φησὶν,

2086 4698 2167 4750 ὅτι
2199 4696 2291 4767 Μὴ
2320 4696 2606 4751 σαλεύεσθε
2624 4737 2637 4761 ,
2664 4696 2798 4750 ἀλλά
2816 4697 2907 4766 Μὴ
2931 4695 3223 4766 πτύρεσθε,
3252 4696 3387 4749 ἀλλά
3404 4699 3497 4750 καὶ
3525 4699 3655 4767 σφό-

2087 4784 2187 4855 δρα
2240 4783 2416 4837 αύτῶν
2469 4787 2873 4855 καταφρονεῖτε.
2909 4784 3005 4835 Ἂν
3054 4783 3204 4855 γὰρο
3241 4783 3382 4837 οὕτω
3434 4786 3655 4855 διακέησ

2091 4872 2205 4939 σθε,
2239 4870 2486 4925 ἐντεῦθεν
2517 4872 2617 4943 ήδη
2654 4873 2748 4923 καὶ
2776 4873 2874 4940 τὴν
2902 4871 3081 4924 αὐτῶν
3111 4871 3406 4940 ἀπώλειαν,
3437 4874 3531 4927 καὶ
3557 4874 3656 4945 τὴν

2090 4960 2365 5031 ὑμετέραν
2407 4959 2677 5029 σωτηρίαν
2697 4959 2863 5030 δήλην
2893 4960 3171 5030 ποιήσετε.
3198 4959 3363 5013 Ὅταν
3400 4960 3504 5031 γὰρ
3536 4961 3654 5012 ίδω-

2089 5065 2195 5112 σιν,
2250 5049 2331 5101 ὅτι
2366 5048 2536 5118 μυρία
2581 5048 2951 5117 τεχνάζονται,
2998 5049 3091 5100 καὶ
3117 5048 3237 5101 οὐδὲ
3270 5047 3468 5118 πτῦραι
3508 5049 3652 5116 ὑμᾶς

2086 5138 2360 5203 δύνανται,
2400 5138 2672 5207 τεκμήρια
2698 5137 2957 5207 λήψονται
2989 5138 3088 5207 τῆς
3126 5137 3331 5190 ἑαυτῶν
3354 5136 3647 5200 ἀπωλείας.

2088 5227 2258 5279 Ὅταν
2306 5224 2416 5296 γὰρ
2450 5226 2499 5277 οἰ
2531 5224 2815 5287 διώκοντες
2865 5224 2973 5276 τῶν
3014 5223 3359 5294 διωκομένων
3392 5224 3465 5295 μὴ
3498 5239 3654 5292 περι-

2086 5316 2349 5385 γένωνται
2379 5353 2394 5379 ,
2429 5317 2476 5367 οί
2508 5313 2950 5376 ἐπιϐουλεύοντες
2982 5314 3090 5367 τῶν
3133 5313 3650 5390 ἐπιϐουλευομένων,

2148 5559 2177 5598 1⁵
2199 5554 2522 5609 Coislinianus
2536 5570 2657 5606 vero
2678 5554 2796 5623 logi!
2824 5556 2965 5623 ’ἴδητέ
2989 5572 3046 5617 με
3068 5554 3331 5623 ἐρχόμενον,
3356 5557 3409 5623 ει
3429 5553 3552 5603 hanc
3574 5554 3652 5603 le-

2086 5623 2303 5669 ctionem
2360 5625 2561 5667 secutus
2585 5626 2663 5668 est
2686 5618 2952 5668 Flaminius
2978 5632 2988 5665 :
3034 5618 3165 5679 prior
3199 5621 3363 5663 tamen
3394 5618 3545 5664 lecuo
3569 5630 3652 5666 se-

2087 5681 2178 5731 riei
2206 5680 2607 5730 accommodatior
2630 5679 2843 5728 videtur.

2151 5747 2174 5775 °
2196 5739 2413 5817 Qois|in.,
2440 5743 2502 5803 μή
2525 5744 2766 5807 πτύρεσθε,
2789 5744 2815 5790 ὃ
2848 5742 3027 5803 σφόδρα
3066 5738 3478 5803 καταφρονούντων
3531 5740 3650 5788 acti‘

2098 5824 2151 5853 αν
2172 5821 2275 5867 γαρ.
