4130 6386
491 371 596 426 909

487 484 540 536 οί
569 479 898 552 κρατοῦντες
937 483 1043 535 τῶν
1068 486 1478 553 κρατουμένων,
1513 486 1614 538 οὐκ
1645 482 1868 534 αὐτόθεν
1904 481 2055 534 ἔσται

489 570 649 641 δῆλον
687 571 893 634 αὐτοῖς,
946 571 1027 623 ὅτι
1083 572 1434 637 ἀπολοῦνται,
1470 573 1552 625 ὅτι
1583 571 1730 623 οὐδὲν
1761 569 2055 639 ἰσχύουσιν,

484 657 572 712 δτι
623 657 691 711 τὰ
744 657 924 712 αὐτῶν
982 658 1174 727 ψευδῆ,
1241 659 1322 712 ὅτι
1383 659 1451 712 τὰ
1504 658 1729 712 ἐκείνων
1797 656 2054 726 ἀσθενῆς

485 745 594 800 Καὶ
647 745 823 798 τοῦτο
869 746 990 800 ἀπὸ
1042 746 1211 808 θεοῦ,
1243 747 1435 816 φησίν·
1463 747 1552 799 ὅτι
1600 745 1740 814 ὑμῖν
1767 744 2055 812 ἐχαρίσθη

482 833 550 885 τὸ
603 833 755 900 ὑπὲρ
796 833 1075 902 Χριστοῦ,
1117 836 1189 886 οὐ
1229 837 1420 902 μόνον
1473 833 1540 886 τὸ
1583 836 1669 897 εἰς
1720 833 1904 884 αὐτόν
1961 848 2055 882 πι-

486 924 740 985 στεύειν,
773 921 934 976 ἀλλὰ
955 922 1051 976 καί
1085 924 1151 976 τὸ
1177 922 1329 992 ὑπὲρ
1354 923 1539 976 αὐτοῦ
1573 922 1852 991 πάσχειν.
1887 920 2055 974 Πάλιν

485 1012 664 1063 αὐτῶν
714 1012 958 1064 παιδεύει
1014 1013 1074 1064 τὸ
1117 1013 1371 1082 φρόνημα
1428 1010 1775 1081 μετριάζειν,
1831 1008 1893 1062 τὸ
1947 1010 2053 1062 πᾶν

482 1100 758 1162 ἀνατιθεὶς
811 1100 888 1169 τῷ
945 1101 1103 1170 Θεῷ,
1156 1102 1249 1153 καὶ
1307 1101 1468 1171 χάριν
1525 1096 1664 1153 εἶναι
1733 1099 1908 1165 λέγων
1960 1098 2054 1150 καὶ

481 1188 728 1258 χάρισμα
782 1189 874 1240 καὶ
925 1187 1133 1258 δωρεὰν
1180 1189 1242 1242 τὸ
1294 1189 1522 1259 πάσχειν
1584 1187 1726 1258 ὑπὲρ
1790 1185 2048 1255 Χριστοῦ.

483 1275 648 1328 Ὥστε
683 1277 756 1347 μὴ
797 1276 1117 1347 αἰσχύνεσθε
1137 1280 1382 1349 χάρισμα
1404 1295 1416 1309 ⁸
1451 1280 1545 1331 καὶ
1572 1279 1681 1348 γάρ
1715 1279 1861 1332 ἐστιν
1885 1277 2052 1340 ὅντως

477 1364 573 1417 τοῦ
653 1366 880 1435 νεκροὺς
959 1368 1181 1437 ἁνιστᾷν
1232 1367 1414 1436 πολλῷ
1473 1368 1568 1420 καὶ
1623 1369 1824 1436 σημεῖα
1877 1367 2050 1418 ποιεῖν

479 1449 940 1522 θαυμαστότερον.
976 1453 1123 1506 Ἐκεῖ
1144 1454 1244 1525 μὲν
1273 1454 1379 1524 γὰρ
1400 1455 1682 1524 ὀφειλέτης
1707 1453 1843 1524 εἰμὶ,
1869 1452 2052 1506 ἐνταῦ-

478 1539 545 1591 θα
584 1538 637 1589 δέ
666 1539 950 1608 ὀφειλέτην
993 1541 1102 1610 ἔχω
1139 1542 1231 1594 τὸν
1279 1543 1533 1612 Χριστόν.
1571 1544 1732 1594 Ὥστε
1773 1542 1832 1594 οὐ
1889 1541 2048 1612 μόνον

477 1626 824 1694 αἰσχύνεσθαι
873 1628 934 1679 οὐ
967 1629 1095 1699 χρὴ,
1130 1628 1264 1682 ἀλλὰ
1307 1630 1402 1690 καὶ
1445 1628 1796 1693 ἀγάλλεσθαι,
1831 1627 1906 1691 ώς
1945 1626 2047 1697 χά-

479 1730 648 1779 ρισμκ
684 1713 928 1782 ἔχοντας.
975 1715 1087 1779 Τάς
1135 1717 1336 1783 ἀρετὰς
1383 1716 1695 1786 χαρίσματά
1729 1733 1914 1787 φησιν,
1948 1716 2046 1788 οὐχ

473 1800 673 1864 ὁμοίως
721 1802 924 1871 μέντοι,
973 1802 1049 1865 ώς
1102 1803 1196 1856 καὶ
1249 1803 1318 1856 τὰ
1360 1803 1532 1858 ἄλλα·
1585 1806 1769 1857 ἐκεῖνα
1813 1803 2045 1874 μὲνγὰρ

473 1891 740 1960 ὁλόκληρα
761 1892 856 1945 τοῦ
893 1893 1049 1958 Θεοῦ,
1073 1894 1248 1948 ταῦτα
1271 1895 1329 1948 δὲ
1355 1895 1450 1948 καὶ
1479 1895 1655 1966 ήμῶν.
1694 1895 1833 1948 Ἀλλ’
1857 1893 2046 1965 ἐπειδὴ

474 1980 569 2032 καὶ
597 1979 831 2033 ἐνταῦθα
851 1981 914 2034 τὸ
945 1981 1110 2036 πλέον
1141 1981 1237 2035 τοῦ
1275 1981 1410 2035 Θεοῦ
1442 1983 1580 2047 ἐστι,
1611 1983 1698 2036 διὰ
1739 1982 1896 2036 τοῦτο
1923 1983 2046 2037 ὅλον

471 2069 637 2122 αὐτοῦ
675 2087 838 2139 φησιν
895 2067 1056 2138 εἶναι,
1089 2072 1150 2124 οὐ
1193 2073 1254 2125 τὸ
1307 2072 1652 2137 αὐτεξούσιον
1700 2073 2040 2142 ἀνατρέπων,

469 2155 606 2210 ἀλλά
643 2160 1035 2229 μετριόφρονας
1075 2162 1170 2213 καὶ
1203 2158 1553 2230 εὐγνώμονας
1597 2158 2038 2224 κατασκευάζων.

476 2244 588 2296 Τὸν
613 2246 800 2298 αὐτὸν
849 2245 1051 2315 ἀγῶνα
1083 2249 1352 2316 ἔχοντες,
1397 2243 1526 2302 οἷον
1561 2249 1750 2302 εἴδετε
1778 2249 1847 2302 ἐν
1889 2249 2040 2317 ἐμοί.

469 2329 748 2394 Τουτέστι,
790 2333 898 2386 Καὶ
945 2333 1007 2387 τὸ
1036 2335 1387 2406 παράδειγμα
1439 2336 1610 2405 ἔχετε.
1650 2336 1817 2390 Πάλιν
1847 2337 2043 2399 αὐτοὺς

469 2418 687 2489 ἐπαίρει
735 2420 990 2476 ἐνταῦθα.
1031 2422 1284 2475 Δείκνυσι
1333 2423 1440 2494 γὰρ
1471 2424 1749 2494 πανταχοῦ
1784 2424 1854 2476 τά
1903 2423 2043 2478 αὐτά

468 2506 902 2577 ἀγωνιζομένους
947 2509 1118 2581 αὐτῷ,
1159 2512 1228 2564 τὰ
1262 2511 1402 2564 αὐτά
1431 2511 1749 2574 ἀθλοῦντας,
1787 2511 1884 2564 καὶ
1935 2512 2042 2582 ἰδίᾳ⁸

467 2595 560 2647 καὶ
591 2597 711 2649 καθ’
738 2598 964 2661 ἑαυτοὺς
995 2598 1074 2669 τῷ
1103 2600 1482 2670 συνδιαφέρειν
1521 2600 1670 2670 αὐτῷ
1695 2601 1822 2663 τοὺς
1847 2616 2043 2670 πειρα-

467 2683 660 2751 σμούς.
693 2685 806 2737 Οὐκ
829 2679 1002 2750 εἶπεν,
1035 2687 1358 2756 Ἀκηκόατε,
1389 2687 1524 2752 ἀλλ’,
1552 2687 1753 2742 Εἴδετε
1772 2704 1786 2718 ·
1819 2688 1912 2741 καὶ
1931 2687 2040 2757 γὰρ

465 2770 582 2821 ἐκεῖ
601 2770 834 2840 ηθλησεν
857 2775 914 2824 ἐν
942 2773 1250 2837 Φιλίπποις.
1283 2775 1423 2845 Ἄρα
1451 2775 1658 2845 μεγάλη
1690 2773 1858 2845 ἀρετὴ
1883 2773 2040 2827 τοῦτό

463 2856 603 2912 ἐστι.
631 2859 723 2911 Διὸ
755 2862 848 2913 καὶ
875 2862 1012 2933 πρὸς
1029 2862 1275 2922 Γαλάτας
1304 2862 1529 2936 γράφων
1559 2863 1733 2932 ἐλεγε,
1771 2863 2040 2918 Τοσαῦτα

463 2944 714 2999 ἐπάθετε
732 2947 885 3016 εικῆ.
921 2949 978 3002 ει
1002 2966 1070 3018 γε
1100 2950 1198 3004 καί
1226 2950 1390 3017 εἱκῆο
1437 2951 1533 3003 καὶ
1571 2950 1846 3023 Ἑϐραίοις
1874 2951 2036 3006 πάλιν

464 3032 693 3102 γράφων
734 3033 941 3104 ἔλεγεν,
986 3036 1547 3106 Ἀναμιμνήσκεσθε
1578 3036 1647 3090 δὲ
1675 3036 1782 3104 τὰς
1824 3041 2037 3108 πρότε-

457 3137 576 3187 ρον
601 3119 845 3190 ἡμέρας.
861 3122 931 3175 ἐν
958 3117 1052 3189 αἶς
1077 3123 1478 3191 φωτισθέντες
1503 3123 1748 3192 πολλὴν
1771 3127 2037 3194 ἄθλησιν

463 3208 821 3276 ὑπεμείνατε
863 3209 1259 3278 παθημάτων,
1313 3211 1491 3264 τοῦτο
1533 3210 1650 3280 μὲν
1671 3212 2035 3283 ὀνειδισμοῖς

460 3297 558 3349 καὶ
591 3297 837 3366 θλίψεσι
862 3298 1312 3369 θεατριζόμενοι,
1345 3300 1520 3354 τοῦτο
1536 3300 1603 3354 δὲ
1626 3301 1899 3356 κοινωνοὶ
1918 3303 2035 3357 τῶν

459 3380 646 3449 οὕτως
671 3385 1213 3454 ἀναστρεφομένων
1249 3386 1628 3456 γενηθέντες.
1674 3389 1784 3442 Καὶ
1839 3391 2032 3446 Μακε-

458 3470 572 3524 δόσι
593 3471 771 3535 πάλιν,
797 3475 1062 3539 τουτέστι,
1086 3474 1537 3528 Θεσσαλονικεῦσι
1555 3475 1782 3546 γράφων
1809 3477 1994 3544 ἔλεγεν
2012 3493 2027 3507 ·

458 3561 636 3614 Αὐτοὶ
670 3563 781 3631 γὰρ
827 3564 961 3631 περὶ
1009 3563 1182 3632 ἡμῶν
1234 3564 1765 3633 ἀπαγγέλλουσιν,
1813 3569 2034 3622 ὁποίαν

457 3647 703 3702 εἴσοδον
737 3650 1002 3720 ἔσχομεν
1035 3652 1185 3721 πρὸς
1231 3651 1421 3724 ὑμᾶς·
1465 3654 1558 3706 καὶ
1604 3654 1765 3708 πάλιν
1793 3672 1807 3686 ·
1849 3657 2028 3710 Αὐτοὶ

457 3735 566 3804 γὰρ
589 3736 808 3802 οἴδατε,
829 3739 1102 3808 ἀδελφοὶ,
1133 3740 1250 3808 τὴν
1275 3741 1522 3795 εἴσοδον
1542 3741 1712 3810 ἡμῶν
1739 3740 1855 3810 τὴν
1879 3743 2030 3810 πρὸς

455 3820 632 3889 ὑμᾶς,
667 3823 756 3876 ὅτι
787 3827 860 3878 οὺ
897 3826 1048 3894 κενὴ
1088 3827 1320 3898 γέγονε.
1382 3829 1494 3882 Καὶ
1540 3831 1706 3882 πᾶσιν
1738 3829 1940 3899 ὁμοίως
1967 3831 2030 3884 τὸ

455 3910 590 3963 αὐτὸ
630 3915 915 3981 μαρτυρεῖ,
971 3913 1164 3978 ἄθλους
1215 3917 1312 3968 καὶ
1366 3917 1605 3984 ἀγῶνας.
1651 3917 1789 3972 Ἀλλ’
1823 3918 1885 3971 οὐ
1932 3917 2028 3972 νῦν

453 3996 612 4050 τοῦτο
642 4000 902 4069 εὑρήσετε
924 4002 1055 4071 παρ’
1084 4002 1215 4072 ἡμῖν
1239 4017 1252 4032 ·
1282 4002 1379 4055 νῦν
1400 4003 1510 4072 γὰρ
1530 4005 1815 4076 ἀγαπητὸν
1840 4005 1902 4059 τὸ
1923 4005 2026 4060 κᾶν

453 4087 513 4139 ἐν
532 4087 776 4158 χρήμασι
809 4087 958 4161 [224]
993 4089 1116 4144 τινά
1161 4105 1216 4142 τι
1273 4091 1487 4144 παθεῖν.
1525 4093 1634 4146 Καὶ
1667 4093 1725 4146 ἐν
1781 4095 2026 4164 χρήμασι

450 4175 509 4229 δὲ
553 4176 766 4245 μεγάλα
802 4177 986 4242 αὐτοῖς
1035 4181 1340 4250 μαρτυρεῖ-
1395 4182 1508 4243 τοῖς
1542 4179 1641 4249 μὲν
1676 4180 1785 4252 γάρ
1836 4199 2021 4253 φησιν,

450 4263 534 4317 ὃτι
563 4262 682 4331 Τὴν
717 4263 998 4335 ἁρπαγὴν
1043 4265 1165 4319 τῶν
1209 4267 1606 4335 ὑπαρχόντων
1653 4267 1822 4336 ὑμῶν
1869 4273 2020 4338 μετὰ

450 4350 636 4420 χαρᾶς
659 4351 1110 4420 προσεδέξασθε
1132 4368 1147 4384 ο
1179 4355 1294 4415 τοῖς
1330 4354 1388 4407 δέ
1423 4370 1608 4424 φησιν,
1645 4355 1726 4408 ὅτι
1761 4357 2022 4426 Εὐδόκηο

448 4457 571 4493 σαν
602 4439 944 4495 Μακεδονία
973 4441 1072 4494 καὶ
1122 4441 1330 4510 Ἀχαΐα
1348 4442 1668 4496 κοινωνίαν
1697 4445 1830 4497 τινὰ
1849 4444 2021 4510 ποιή-

447 4530 670 4581 σασθαι
724 4530 813 4593 είς
867 4528 1010 4592 τοὺς
1055 4529 1367 4598 πτωχούςο
1425 4529 1521 4583 καί⁵
1584 4529 1766 4597 πάλιν,
1830 4531 1894 4585 '0
1948 4532 2018 4598 ἐξ

447 4612 615 4683 ὑμῶν
641 4612 820 4682 ζῆλος
857 4615 1102 4683 ἠρέθισε
1121 4613 1268 4682 τοὺς
1297 4617 1608 4684 πλείονας.

514 4749 579 4804 δ’.
608 4750 769 4821 Ὁρᾷς
795 4751 865 4804 τὰ
896 4752 1148 4822 ἐγκώμια
1173 4753 1281 4806 τῶν
1310 4755 1431 4806 τότε
1456 4755 1695 4826 ἀνδρῶνς
1739 4757 1932 4827 Ἡμεῖς
1956 4757 2013 4811 δέ

443 4835 566 4890 οὐδὲ
603 4837 763 4908 μέχρι
803 4839 1186 4908 ραπισμάτων,
1234 4841 1355 4893 οὐδέ
1395 4842 1558 4911 μέχρι
1602 4842 1818 4914 πληγῆς
1848 4845 2014 4916 φέρο-

447 4941 567 4992 μεν,
595 4925 716 4978 οὐδέ
743 4924 900 4996 ὓϐριν
925 4927 1046 4980 οὐδὲ
1079 4945 1181 4998 χρη
1193 4927 1377 4996 μάτων
1406 4929 1608 4997 ζημίαν
1647 4930 2009 5001 ὑπομένομεν.

456 5013 684 5066 Ἐκεῖνοι
724 5014 827 5084 ἤδη
869 5013 1134 5084 ζηλωταὶ,
1187 5018 1279 5068 καὶ
1319 5016 1594 5086 μάρτυρες
1638 5016 1840 5080 πάντες
1870 5013 2010 5088 ἦσαν

441 5101 861 5170 ἀγωνιζόμενον
899 5102 1058 5170 ἡμεῖς
1096 5101 1152 5153 δὲ
1193 5103 1292 5172 τὴν
1333 5103 1553 5173 ἀγάπην
1587 5102 1862 5173 ἐψύξαμεν
1911 5104 2009 5176 τὴν

440 5191 520 5252 εἰς
547 5189 638 5241 τὸν
664 5187 918 5258 Χριστόν.
948 5188 1114 5240 Πάλιν
1139 5189 1520 5260 ἀναγκάζομαι
1552 5195 1874 5261 κατηγορεῖν
1898 5192 2008 5246 τῶν

441 5277 726 5344 παρόντων
753 5275 1113 5346 πραγμάτων.
1137 5276 1243 5328 Καὶ
1260 5275 1311 5328 τί
1329 5276 1521 5343 πάθω;
1552 5279 1653 5330 οὐκ
1680 5278 2003 5351 ἐϐουλόμην,

439 5361 553 5413 ἀλλ’
593 5363 995 5432 ἀναγκάζομαι.
1036 5361 1100 5413 EE
1136 5362 1236 5430 μὲν
1275 5363 1380 5433 γὰρ
1430 5358 1497 5433 ἦν
1539 5365 1862 5434 σιγήσαντα,
1910 5367 2004 5419 καὶ

442 5447 605 5517 μηδὲν
622 5450 862 5513 εἰπόντα,
881 5450 988 5504 τῶν
1013 5450 1318 5519 γενομένων
1343 5451 1602 5519 ἀφανίσαι
1618 5451 1705 5505 διὰ
1725 5453 1823 5523 τῆς
1842 5454 2004 5522 σιγῆς

437 5533 506 5586 τά
533 5536 810 5605 γινόμενα,
848 5536 956 5590 ἔδει
1005 5538 1160 5607 σιγᾷν
1185 5553 1197 5566 ·
1239 5538 1288 5588 εἰ
1334 5537 1390 5590 δέ
1429 5538 1738 5593 τούναντίον
1791 5539 2002 5608 γίνεται

440 5621 524 5688 (οὐ
556 5622 663 5691 γὰρ
694 5625 850 5692 μόνον
872 5626 971 5679 οὐκ
1001 5624 1341 5695 ἀφανίζεται,
1365 5627 1520 5697 ἡμῶν
1541 5628 1837 5696 σιγώντων,
1865 5629 2001 5684 ἀλλά

440 5707 535 5758 καὶ
562 5709 913 5783 χαλεπώτερα
944 5710 1199 5783 γίνεται),
1241 5713 1538 5781 ἀναγκαῖον
1569 5716 1762 5770 εἰπεῖν.
1804 5716 1862 5770 '0
1891 5715 1998 5787 γὰρ

443 5797 760 5867 κατηγορῶν
793 5801 899 5856 τῶν
927 5802 1368 5874 ἁμαρτανόντων,
1395 5804 1443 5858 εἰ
1468 5805 1564 5858 καὶ
1595 5805 1763 5876 μηδὲν
1785 5805 1992 5878 ἕτερον,

1194 370 1250 423 S.
1290 366 1571 424 JOANNIS
1607 366 2084 424 CHRYSOSTOMI
2122 367 2438 426 AHCHIEI’.
2476 368 3019 428 CONSTANTINOP.

3613 380 3722 435 SIO

2161 486 2259 538 οὐκ
2285 488 2475 558 ἀφίησι
2503 488 2808 559 περαιτέρω
2838 489 3133 557 προελθεῖν.
3167 490 3404 561 Οὐδεμία
3440 493 3548 563 γάρ
3577 495 3725 548 ἐστιν
3767 494 3774 500 ’

2157 574 2329 639 οὕτως
2380 576 2730 644 ἀναί;χυντος
2778 577 2922 646 ψυχὴ
2967 576 3058 630 καὶ
3116 577 3301 648 ίταμὴ,
3357 579 3431 642 ὡς
3485 583 3720 650 συνεχῶς

2157 661 2426 717 ἀκούουσα
2452 663 2781 727 κακιζόντων
2811 664 2980 732 αὐτήν
3008 681 3188 729 τινων,
3231 665 3304 734 μὴ
3343 667 3720 736 ἐντρέπεσθαι,

2159 749 2292 818 μηδὲ
2323 750 2643 818 καθυφεῖναι
2681 749 2781 820 τῆς
2814 751 3010 812 κακίας
3039 751 3136 819 τῆς
3171 750 3388 822 πολλῆς.
3447 755 3566 806 ’Ἑνι
3590 756 3718 822 γὰρ,

2155 836 2234 892 ἔνι
2263 839 2354 892 καὶ
2382 842 2494 903 τοῖς
2526 839 2900 909 ἀναισχύντοις
2943 840 3137 910 μικρόν
3172 858 3224 892 τι
3254 841 3432 905 αἰδοῦς
3459 860 3473 874 ·
3518 846 3545 897 ὁ
3588 842 3722 907 Θεὸς

2153 925 2262 997 γὰρ
2316 927 2596 999 ἐνέσπειρε
2649 927 2746 1000 τὴν
2812 925 2945 981 αίδὼ
2997 930 3062 998 τῇ
3127 928 3286 998 φύσει
3335 931 3402 1000 τῇ
3453 932 3715 1002 ἡμετέρᾳ..

2166 1013 2382 1086 Ἐπειδὴ
2414 1015 2519 1086 γὰρ
2546 1017 2647 1068 οὐκ
2673 1015 2834 1088 ἢρκει
2855 1017 2884 1069 6
2917 1015 3080 1085 φόϐος
3114 1015 3371 1086 ῥυθμίσαι
3415 1019 3584 1086 ἡμᾶς.
3625 1019 3720 1071 καὶ

2154 1100 2353 1165 πολλὰς
2383 1103 2573 1174 ἐτέρας
2606 1103 3006 1156 κατεσκεύασεν
3045 1103 3197 1165 ὁδοὺς
3223 1103 3316 1155 τοῦ
3350 1103 3422 1174 μὴ
3464 1106 3715 1174 ἁμαρτά-

2152 1207 2298 1242 νεινο
2350 1183 2481 1255 οἷον,
2520 1191 2582 1245 τὸ
2629 1190 3049 1260 κατηγορεῖσθαι
3098 1191 3247 1259 παρά
3292 1192 3613 1264 ἀνθρώπων,
3658 1195 3723 1247 τὸ

2151 1275 2445 1332 δεδοικέναι
2476 1279 2672 1348 νόμους
2698 1279 2826 1345 τοὺς
2865 1280 3170 1348 κειμένους,
3205 1280 3266 1331 τὸ
3293 1279 3450 1347 δόξης
3479 1282 3626 1350 ἐρᾷν,
3657 1282 3718 1334 τὸ

2153 1365 2334 1434 φιλίας
2363 1366 2776 1420 ἀντιποιεῖσθαι.
2826 1367 3002 1419 Πᾶσαι
3046 1365 3153 1434 γάρ
3197 1360 3357 1418 αὗται
3391 1367 3447 1418 αἱ
3488 1368 3596 1420 ὁδοὶ
3621 1369 3716 1420 τοῦ

2153 1453 2228 1523 μὴ
2263 1453 2600 1524 ἁμαρτάνειν
2645 1453 2769 1507 είσί.
2808 1453 3072 1515 Πολλάκις
3108 1455 3216 1522 γὰρ
3260 1453 3294 1506 ἃ
3341 1453 3428 1507 διὰ
3465 1455 3555 1508 τὸν
3584 1456 3715 1516 Θεὸν

2149 1540 2250 1592 οὐκ
2283 1541 2525 1608 ἐγένετο,
2565 1539 2634 1594 δι’
2678 1539 2813 1594 αίδὼ
2853 1541 3074 1608 γέγονε·
3130 1540 3222 1592 καὶ
3256 1539 3291 1593 ἃ.
3320 1540 3409 1593 διὰ
3461 1541 3552 1593 τὸν
3584 1541 3716 1594 Θεὸν

2149 1628 2249 1680 οὐκ
2279 1627 2516 1696 ἐγένετο,
2551 1627 2638 1682 διὰ
2681 1627 2842 1697 φόϐον
2886 1627 3185 1697 ἀνθρώπων
3233 1627 3467 1693 ἐγένετο.
3513 1628 3583 1680 Τὸ
3608 1631 3715 1700 γὰρ

2149 1715 2479 1785 ζητούμενον
2521 1714 2681 1768 τοῦτό
2729 1718 2872 1768 ἐστι·
2920 1714 3211 1785 Πρότερον,
3257 1715 3331 1785 μὴ
3381 1717 3718 1785 ἁμαρτάνειν

2150 1801 2345 1873 μαθεῖν
2372 1818 2392 1864 ⁸,
2414 1798 2554 1868 εἶτα,
2589 1802 2652 1855 τὸ
2681 1801 2769 1855 διὰ
2804 1801 2896 1856 τὸν
2937 1801 3068 1854 Θεὸν
3101 1801 3257 1856 τοῦτο
3286 1804 3459 1855 ποιεῖν
3490 1801 3714 1874 ὕστερον

2146 1889 2567 1961 κατορθώσομεν
2589 1904 2605 1920 ⁸
2652 1891 2774 1944 ἐπεὶ
2819 1890 2907 1943 διὰ
2942 1890 2994 1942 τί
3028 1889 3236 1953 Παῦλος
3265 1891 3389 1954 τοὺς
3424 1891 3713 1961 μέλλοντας

2145 1982 2369 2054 κρατεῖν
2397 1980 2506 2033 τῶν
2534 1979 2765 2052 ἐχθρῶν,
2797 1979 2895 2033 οὐκ
2924 1979 3032 2032 ἀπὸ
3070 1979 3164 2032 τοῦ
3209 1980 3371 2048 φόϐου
3415 1983 3711 2052 προτρέπει

2103 2060 2105 2062 ’
2142 2069 2239 2124 τοῦ
2262 2069 2420 2132 Θεοῦ,
2450 2068 2590 2122 ἀλλά
2613 2068 2706 2122 καὶ
2737 2068 2845 2122 ἀπὸ
2868 2066 2964 2122 τοῦ
2987 2068 3084 2138 τὴν
3113 2067 3352 2121 ἐκδικίαν
3382 2070 3708 2138 ἀναμένεινς

2149 2159 2329 2213 Τοῦτο
2357 2159 2465 2228 τὰρ
2489 2156 2696 2213 ποιῶν.
2733 2157 2917 2228 φησιν,
2951 2154 3249 2224 ἄνθρακας
3274 2158 3460 2225 πυρὸς
3489 2159 3712 2224 σωρεύ.

2141 2261 2276 2312 σεις
2300 2247 2398 2300 ἐπὶ
2423 2246 2538 2313 τὴν
2565 2243 2840 2314 κεφαλὴν
2863 2245 3067 2299 αὐτοῦ.
3098 2245 3244 2306 Τέως
3270 2245 3376 2314 γὰρ
3403 2245 3560 2299 τοῦτο
3593 2246 3711 2316 βού-

2139 2333 2314 2398 λεται,
2349 2332 2757 2403 κατορθωθῆναι
2784 2333 2881 2402 τὴν
2911 2333 3131 2404 ἀρετήν.
3175 2333 3349 2402 Ὅπερ
3377 2327 3469 2385 οῦν
3499 2333 3705 2401 ἔλεγον,

2141 2420 2317 2475 ἔνεστί
2344 2439 2398 2473 τι
2439 2420 2803 2491 αἱσχυντηρὸν
2845 2421 2903 2473 ἐν
2936 2422 3098 2490 ἡμῖν’
3135 2419 3302 2472 πολλὰ
3341 2420 3448 2496 γὰρ
3494 2421 3583 2474 καὶ
3607 2439 3708 2490 φυ-

2142 2509 2268 2562 σικά
2302 2509 2482 2576 ἀγαθά
2521 2508 2716 2578 ἔχομεν
2759 2508 2891 2578 πρὸς
2921 2507 3018 2577 τὴν
3051 2509 3248 2578 ἀρετήν
3272 2525 3285 2537 ·
3328 2504 3437 2561 οἷον
3467 2508 3602 2580 πρὸς
3646 2509 3709 2561 τὸ

2139 2596 2309 2650 ἐλεεῖν
2344 2595 2453 2649 ἀπὸ
2482 2597 2698 2666 φύσεως
2724 2594 3025 2662 κινούμεθα
3051 2595 3247 2657 πάντες
3274 2595 3569 2667 ἄνθρωποι,
3615 2596 3708 2648 καὶ

2139 2685 2290 2739 οὐδὲν
2320 2684 2492 2748 οὕτως
2520 2685 2724 2753 ἀγαθὸν
2758 2687 2814 2756 ἐν
2855 2687 2920 2754 τῇ
2963 2683 3121 2751 φύσει
3166 2683 3322 2753 manu
3365 2686 3512 2736 ἐστιν
3557 2685 3708 2748 ἄλλο,

2136 2773 2210 2837 ὡς
2233 2774 2408 2828 τοῦτο.
2442 2772 2603 2827 Ὅθεν
2633 2771 2698 2826 ἄν
2715 2789 2797 2833 τις
2831 2772 3053 2834 εἰκότως
3084 2773 3176 2825 καὶ
3206 2771 3499 2836 ἐξετάσειε,
3534 2772 3621 2826 διὰ
3651 2773 3706 2825 τί

2136 2861 2292 2915 τοῦτο
2325 2861 2557 2932 μάλιστα
2580 2863 2646 2931 τῇ
2687 2860 2846 2929 φύσει
2874 2862 2906 2930 ἡ
2918 2859 3033 2929 μῶν
3060 2859 3408 2930 ἐνέσπαρται,
3445 2861 3507 2914 τὸ
3537 2879 3706 2914 κατα-

2135 2948 2365 3002 κλᾶσθαι
2407 2947 2550 3016 λέγω
2585 2948 2838 3018 δάκρυσι,
2883 2947 2944 2998 τὸ
2976 2947 3436 3014 ἐπικάμπτεσθαι,
3471 2947 3530 2999 τὸ
3564 2946 3708 2999 ἑτοί-

2137 3052 2274 3106 μους
2311 3031 2451 3089 εῐναι
2492 3034 2628 3107 πρὸς
2671 3033 2840 3094 ἔλεον.
2873 3034 3062 3096 Οὐδεὶς
3115 3031 3274 3102 φύσει
3319 3034 3465 3086 ἐστὶν
3513 3033 3705 3102 ἀργὸς,

2132 3124 2310 3188 οὐδεὶς
2351 3123 2513 3194 φύσει
2566 3124 2714 3178 ἐστὶν
2766 3122 3100 3188 ἀκενόδοξος,
3139 3121 3287 3194 [225]
3340 3122 3514 3184 οὐδεὶς
3546 3120 3706 3190 φύσει

2133 3211 2251 3264 ἐστὶ
2277 3209 2440 3281 ζήλου
2478 3210 2742 3281 κρείττων
2763 3227 2774 3240 ·
2816 3209 2955 3262 ἀλλὰ
2983 3209 3042 3261 τὸ
3076 3209 3244 3261 ἐλεεῖν
3274 3210 3439 3262 πᾶσιν
3463 3208 3708 3276 ἔγκειται

2133 3298 2317 3369 φύσει,
2349 3299 2454 3353 κᾶν
2483 3298 2634 3369 ὠμός
2661 3316 2744 3362 τις
2771 3293 2828 3372 ᾗ,
2861 3297 2962 3350 κᾶν
2991 3297 3228 3367 ἀπηνής.
3266 3298 3372 3349 Καὶ
3407 3297 3459 3348 τί
3492 3296 3704 3365 θαυμω

2133 3386 2279 3452 στὸν,
2315 3391 2365 3442 εἰ
2402 3387 2498 3440 ἐπὶ⁸
2539 3385 2843 3456 ἀνθρώπων
2894 3383 3052 3438 τοῦτο
3095 3383 3554 3452 ἐπιδεικνύμεθας
3607 3386 3702 3436 καὶ

2131 3475 2299 3548 θηρία
2327 3474 2612 3546 ἐλεοῦμεν·
2653 3473 2826 3537 οὕτως
2871 3476 2937 3527 ἐκ
2975 3473 3292 3543 περιουσίας
3322 3475 3452 3542 ἡμῖν
3497 3475 3525 3524 ὁ
3555 3472 3706 3535 ἕλεος

2129 3563 2393 3632 ἔγκειται.
2434 3563 2552 3616 Κᾶν
2594 3561 2834 3631 σκύμνον
2887 3560 3085 3630 ἴδωμεν
3131 3559 3365 3621 λέοντος,
3422 3559 3702 3628 πάσχομέν

2128 3668 2183 3704 τι
2210 3668 2224 3684 ο
2253 3650 2348 3703 ἐπὶ
2375 3650 2432 3703 δὲ
2462 3649 2734 3719 ὁμοφύλου
2767 3647 2940 3716 πολλῷ
2986 3647 3167 3700 πλέον.
3198 3646 3340 3718 Ὅρα
3372 3647 3528 3699 πόσοι
3576 3647 3703 3699 ἀνά-

2128 3756 2316 3810 πηροι,
2346 3738 2607 3800 πολλάκις
2632 3736 2884 3805 λέγομεν,
2916 3735 3116 3799 εἰδότες
3145 3735 3228 3788 ὅτι
3264 3735 3358 3788 καὶ
3389 3733 3545 3788 τοῦτο
3579 3737 3705 3788 ἰκαη

2127 3827 2218 3883 νὸν
2250 3829 2330 3893 εἰς
2357 3827 2507 3881 ἔλεον
2541 3826 2688 3897 ἡμᾶς
2709 3827 2958 3894 ἀγαγεῖν.

2197 3970 2361 4026 Οὐδὲν
2383 3970 2555 4034 οὕτως
2583 3967 2862 4040 εὐφραίνει
2893 3968 2983 4022 τὸν
3011 3967 3162 4034 Θεὸν,
3192 3967 3266 4030 ὡς
3292 3967 3626 4037 ἐλεημοσύνη
3644 3979 3692 4023 τι.

2125 4060 2216 4114 Διὸ
2240 4061 2288 4112 οἱ
2315 4059 2479 4129 ἱερεῖς
2507 4059 2681 4126 τούτῳ
2719 4054 3107 4127 ἐχρίοντο,·καὶ
3137 4057 3184 4107 οί
3226 4055 3484 4124 βασιλεῖς,
3518 4055 3612 4108 καὶ
3645 4056 3704 4110 οῑ·

2125 4145 2433 4216 προφῆται·
2483 4143 2585 4213 τῆς
2637 4144 2744 4212 γὰρ
2788 4143 2880 4196 τοῦ
2925 4141 3059 4196 Θεοῦ
3106 4142 3514 4212 φιλανθρωπίας
3548 4138 3695 4212 εἶχον

2126 4234 2393 4304 σύμϐολον
2408 4232 2466 4286 τὸ
2481 4232 2678 4285 ἔλαιον.
2703 4231 2873 4288 Πάλιν
2897 4231 3216 4300 ἐμάνθανον.
3238 4231 3320 4283 ὅτι
3340 4230 3430 4282 τὸν
3457 4228 3694 4300 ἄρχοντα

2124 4321 2288 4374 πλέον
2317 4321 2466 4373 ἐλέου
2500 4319 2580 4372 δεῖ
2606 4320 2779 4389 ἐχειν·
2813 4318 2998 4388 ἐδήλου
3041 4320 3123 4372 ὅτι
3154 4317 3214 4371 τὸ
3239 4317 3456 4386 πνεῦμα
3487 4321 3563 4381 εἰς
3593 4318 3689 4370 ἀν’-

2122 4407 2337 4479 θρωπον
2383 4406 2448 4460 δι’
2486 4407 2633 4460 ἐλεον
2691 4406 2872 4477 μέλλει
2919 4405 3200 4476 ἔρχεσθαι·
3255 4404 3440 4475 ἐπειδὴ
3483 4407 3511 4457 6
3557 4405 3690 4468 Θεὸς

2119 4496 2260 4550 ἐλεεῖ
2282 4496 2407 4559 τούς
2425 4493 2764 4564 ἀνθρώπους,
2783 4494 2876 4547 καὶ
2894 4492 3394 4563 φιλανθρωπεύεται
3413 4509 3426 4522 ο
3472 4492 3688 4559 Ἰἰλεε7ς

2117 4584 2248 4656 γὰρ,
2289 4583 2442 4655 φησὶ,
2474 4583 2724 4648 πάντας.
2755 4582 2843 4634 ὅτι
2875 4580 3068 4634 πάντα
3095 4580 3375 4635 δύνασαι.
3410 4580 3507 4641 Διά
3530 4581 3686 4635 τοῦτο

2115 4673 2281 4742 ἐλαίῳ
2313 4671 2341 4712 ιι
2375 4671 2634 4741 ἐχρίοντο.
2669 4669 2781 4722 Καὶ
2817 4667 2926 4739 γὰρ
2970 4669 3064 4721 καὶ
3109 4669 3205 4738 τὴν
3243 4668 3540 4738 ἱερωσύνην
3577 4669 3685 4722 ἀπὸ

2114 4759 2300 4822 ἐλέους
2328 4759 2573 4828 ἐποίησε,
2601 4758 2697 4811 καὶ
2720 4757 2770 4810 οἱ
2802 4756 3039 4825 βασιλεῖς
3074 4755 3240 4825 ἐλαίῳ
3269 4756 3530 4826 ἐχρίοντο.
3563 4756 3693 4813 Κᾶν.

2112 4846 2350 4918 ἄρχοντά
2375 4863 2458 4908 τις
2477 4846 2693 4915 ἐπαινῇ,
2725 4845 2876 4898 οὐδὲν
2902 4841 3076 4906 οὕτως
3112 4842 3260 4912 αὐτῷ
3293 4843 3502 4912 πρέπον
3539 4845 3678 4913 ἐρεῖ,

2108 4934 2185 4997 ὡς
2215 4934 2363 4998 ἔλεος
2383 4951 2398 4966 ·
2433 4933 2590 4988 τοῦτο
2610 4933 2717 5003 γὰρ
2745 4933 2918 5002 ἀρχῆς
2942 4931 3094 4994 ἴδιον,
3129 4930 3191 4984 τὸ
3231 4931 3422 4986 ἐλεεῖν.
3463 4933 3681 5001 Ἐννόψ

2111 5039 2204 5074 σον
2249 5023 2330 5075 ὃτι
2369 5021 2435 5074 δι’
2465 5021 2612 5073 ἔλεον
2644 5022 2672 5073 ό
2701 5020 2906 5089 κόσμος
2942 5017 3268 5087 συνεστάθη,
3312 5019 3407 5071 καὶ
3437 5019 3676 5088 μίμησαι

2106 5110 2197 5163 τὸν
2227 5109 2524 5180 Δεσπότην.
2553 5109 2762 5172 Ἔλεος
2791 5105 3105 5175 ἀνθρώπου
3150 5105 3244 5158 ἐπὶ
3275 5109 3382 5159 τὸν
3409 5108 3680 5173 πλησίον

2106 5196 2316 5261 αὐτοῦ,
2361 5197 2531 5263 ἕλεος
2566 5194 2633 5248 δὲ
2658 5195 2876 5263 κυρίου
2901 5197 3000 5248 ἐπὶ
3025 5191 3231 5249 πᾶσαν
3273 5194 3486 5262 σάρκα.
3524 5196 3675 5262 Πῶς,

2120 5283 2251 5338 Ἐπὶ
2282 5282 2488 5339 πᾶσαν
2519 5281 2751 5350 σάρκα;
2799 5281 2919 5337 Κᾶν
2949 5281 3304 5352 ἁμαρτωλοὺς
3339 5283 3522 5356 εῐπῃς,
3570 5273 3685 5345 κᾷν,

2171 5503 2266 5582 "Si
2321 5503 2508 5554 Dunan
2531 5505 2689 5564 'ﬁdes,
2732 5501 3054 5566 adjiciendum
3092 5504 3220 5555 foret
3262 5508 3507 5573 ἐπώνυμος
3549 5513 3676 5562 οὖσα

2102 5567 2300 5694 vitm}:
2319 5627 2689 5694 Elmgv,_pleum._
2706 5633 2758 5674 et
2779 5627 2922 5694 ξλεον,
2935 5625 3500 5694 ὀι-ξδετὶςοντίὶιηηάιιιεςί
3522 5648 3671 5683 unum

2099 5689 2388 5756 vocabulqm
2427 5687 2846 5756 indiscrlmiqalim
2885 5689 3090 5756 gdhibet
3121 5687 3512 5756 (Ihrysvslqus.
3555 5701 3670 5756 quia

2098 5752 2414 5819 tunc_eo_«jem
2446 5762 2574 5819 ρςιιε
2595 5751 2780 5819 ’πιυαο-
2810 5749 2963 5798 ambae
3009 5763 3154 5801 voces
3193 5749 3668 5819 pronuntiabant'ur,

2097 5813 2227 5876 quod
2261 5813 2410 5862 etiam
2429 5811 2545 5862 alibi
2565 5811 2866 5861 observatur.
