4108 6410
404 331 513 388 209

404 454 601 502 vexant
629 445 933 516 superiores
973 460 1081 502 non
1105 443 1340 502 evadunt
1362 484 1377 509 ,
1408 460 1514 499 non
1544 442 1886 499 insidiatores
1910 440 1977 495 iis

404 555 540 608 quos
567 539 617 592 in
648 545 911 607 potestate
934 538 1131 595 habent
1156 556 1168 592 :
1202 552 1381 593 nonne
1406 552 1474 592 ex
1500 539 1600 593 hoc
1626 537 1744 606 ipso
1768 534 1980 605 perspi—

402 644 503 684 cue
530 629 869 698 intelligent,
911 644 971 685 se
1003 628 1069 684 ad
1101 630 1375 684 interitum
1416 644 1597 694 ruere,
1628 627 1759 683 nihil
1780 641 1941 698 posse
1963 666 1979 691 ,

402 736 498 775 sua
525 736 645 776 esse
683 720 812 775 falsa
843 730 899 775 et
925 722 1178 777 inﬁrma?
1209 720 1277 775 Et
1304 722 1397 775 hoc
1422 738 1455 774 a
1481 719 1612 785 Deo,
1643 720 1854 790 inquit:
1884 718 1974 773 29.

403 813 523 882 quia
552 813 690 867 vobis
724 813 971 868 donatum
1017 823 1089 867 est
1121 831 1212 882 pro
1248 812 1447 867 Christo
1471 854 1486 879 ,
1528 829 1629 867 non
1654 812 1819 867 solum
1845 821 1900 865 ut
1926 811 1980 865 in

402 923 517 960 cum
555 906 772 962 credatis
795 948 812 974 ,
851 908 941 962 sed
970 908 1118 961 etiam
1141 918 1195 962 ut
1221 924 1313 977 pro
1338 906 1428 962 illo
1456 906 1745 975 patiamini.
1775 906 1978 961 Rursus

403 998 526 1055 illos
569 1000 879 1069 componit,
924 1010 983 1054 ut
1013 1000 1084 1055 de
1127 1014 1186 1054 se
1232 998 1474 1053 modeste
1504 998 1776 1059 sentiant,
1808 1006 1978 1051 tetum

408 1090 518 1146 Deo
548 1089 860 1146 adscribens
884 1131 900 1157 ,
930 1100 984 1146 et
1028 1090 1253 1161 gratiam
1285 1100 1340 1145 et
1374 1089 1641 1144 charisma
1687 1097 1741 1142 et
1780 1087 1979 1142 donum

301 1166 311 1178 ’
406 1197 527 1238 esse
557 1182 743 1239 dicens
783 1182 889 1252 pati
912 1198 1026 1253 ,pro
1054 1181 1291 1239 Christo.
1338 1180 1521 1250 Itaque
1561 1196 1629 1237 ne
1663 1195 1758 1235 vos
1786 1180 1980 1249 pudeat

403 1272 472 1329 de
499 1272 863 1329 charismate:
894 1284 975 1328 est
1004 1274 1149 1329 enim
1190 1274 1347 1343 longe
1381 1272 1743 1328 admirabilius
1764 1311 1780 1337 ,
1821 1287 1977 1341 quam

402 1374 643 1420 mortuos
671 1364 740 1420 ad
768 1364 929 1419 vitam
957 1380 1213 1420 revocare
1241 1404 1257 1429 ,
1295 1379 1359 1419 ac
1385 1372 1576 1419 etetera
1610 1363 1862 1418 miracula
1892 1360 1975 1417 fa-

403 1469 548 1510 cere.
586 1453 720 1509 Nam
766 1454 837 1509 ibi
885 1454 1102 1523 quidem
1147 1468 1246 1525 ego
1290 1468 1405 1509 sum
1437 1453 1683 1518 debitor;
1734 1452 1821 1509 hic
1847 1467 1977 1508 vero

403 1544 703 1600 debitorem
738 1545 908 1599 habeo
933 1544 1223 1599 Christum.
1257 1544 1434 1611 Quare
1465 1552 1671 1599 tantum
1696 1545 1889 1609 abest,
1918 1551 1977 1598 ut

409 1636 585 1705 probri
613 1635 734 1692 loco
762 1636 812 1704 id
842 1636 1144 1691 habendum
1175 1637 1279 1702 sit,
1313 1646 1375 1691 ut
1402 1638 1575 1704 potius
1604 1637 1675 1691 sit
1697 1637 1975 1691 exsultan-

401 1727 527 1781 dum
552 1742 615 1782 ac
644 1728 1003 1799 gaudendum,
1032 1730 1226 1800 quippe
1249 1729 1338 1799 qui
1365 1729 1629 1785 charisma
1659 1728 1972 1784 habeamus.

403 1818 637 1874 Virtutes
665 1828 818 1875 vocat
839 1821 1161 1875 charismata
1187 1832 1240 1875 et
1266 1820 1425 1887 dona,
1454 1837 1560 1875 non
1588 1830 1761 1876 tamen
1784 1820 1975 1876 eodem

402 1912 581 1978 modo,
608 1921 767 1981 atque
793 1914 893 1967 alia
921 1930 934 1967 :
966 1913 1053 1968 illa
1083 1915 1224 1968 enim
1255 1923 1363 1968 tota
1393 1913 1485 1968 Dei
1511 1923 1667 1977 sunt;
1703 1914 1815 1968 haec
1845 1928 1975 1969 vero

397 2001 559 2060 etiam
608 2012 812 2060 nostra.
838 2002 1219 2061 Verumtamen
1263 2005 1511 2075 quoniam
1540 2014 1594 2060 et
1614 2006 1701 2060 hic
1724 2005 1892 2075 major
1912 2020 1975 2061 ac

399 2096 574 2163 potior
600 2110 723 2167 pars
763 2095 858 2152 Dei
883 2106 1002 2164 est,
1028 2108 1308 2168 propterea
1343 2106 1509 2152 totum
1542 2098 1710 2167 ipsius
1736 2112 1855 2153 esse
1887 2099 1973 2151 in-

396 2185 548 2255 quit,
580 2201 683 2242 non
712 2187 1004 2244 voluntatis
1034 2187 1336 2245 libertatem
1363 2198 1614 2244 evertens
1637 2229 1654 2255 ,
1689 2188 1787 2244 sed
1829 2190 1971 2258 ipsos

396 2292 659 2349 apparans
689 2287 746 2332 ut
782 2279 1041 2335 moderati
1082 2290 1137 2334 et
1176 2281 1311 2350 grati
1350 2281 1476 2335 sint.
1504 2280 1592 2336 50.
1638 2279 1783 2335 Idem
1810 2291 1973 2335 certa-

396 2387 509 2424 men
539 2370 795 2437 habentes,
825 2373 975 2441 quale
1004 2373 1197 2428 vidistis
1225 2374 1277 2427 in
1306 2389 1401 2427 me.
1438 2373 1493 2427 id
1520 2383 1625 2439 est,
1659 2374 1969 2443 Exemplum

396 2462 556 2515 etiam
586 2460 813 2518 habetis.
838 2463 1046 2519 Rursus
1070 2463 1171 2519 huc
1202 2465 1319 2521 loco
1340 2466 1484 2537 ipsos
1510 2466 1738 2521 extollit.
1764 2465 1970 2536 Ubique

397 2554 539 2609 enim
581 2570 675 2611 eos
717 2556 954 2611 ostendit
1006 2556 1058 2610 in
1120 2557 1310 2613 iisdem
1365 2572 1544 2613 secum
1585 2559 1971 2614 certaminibus

393 2647 613 2711 versari,
640 2647 857 2704 eosdem
887 2648 1117 2718 impetus
1139 2651 1299 2716 terre,
1328 2650 1575 2718 privatim
1598 2650 1782 2717 etiam,
1810 2661 1971 2721 atque

394 2738 531 2809 apud
566 2739 816 2811 seipsos:
846 2756 912 2797 eo
951 2741 1092 2812 quod
1136 2741 1353 2798 easdem
1391 2752 1551 2813 atque
1593 2743 1708 2812 ipse
1740 2743 1972 2798 tolerent

396 2830 735 2887 tentationes.
764 2831 881 2886 Non
908 2832 1063 2896 dixit,
1107 2832 1345 2888 Audistis
1366 2877 1380 2898 ,
1412 2833 1529 2899 sed,
1570 2832 1813 2889 Vidistis:
1845 2850 1967 2889 nam

392 2928 447 2972 ct
474 2920 615 2988 illic,
656 2921 710 2977 id
736 2934 818 2977 est
863 2923 916 2978 in
964 2924 1387 2996 Philippensium
1435 2926 1566 2981 urbe
1592 2966 1609 2992 ,
1640 2934 1965 2984 certaverat.

396 3009 504 3065 Iloc
548 3011 707 3083 igitur
747 3030 952 3085 magna:
994 3017 1207 3073 virtutis
1251 3026 1355 3071 est.
1398 3016 1760 3084 Quamobrem
1801 3027 1856 3074 et
1902 3018 1968 3074 ad

391 3100 606 3159 Galatas
628 3105 871 3161 scribens
893 3108 1106 3162 dicebat
1130 3127 1142 3163 :
1172 3108 1336 3163 Tanta
1355 3111 1492 3179 passi
1522 3111 1641 3164 estis
1659 3111 1766 3164 sine
1789 3126 1966 3176 causa,

391 3194 436 3248 si
464 3205 629 3250 tamen
668 3199 777 3251 sine
810 3216 965 3254 causa
1005 3200 1147 3270 (Gal.
1182 3201 1237 3256 ὅ.
1266 3199 1363 3272 4);
1396 3211 1454 3256 et
1496 3198 1735 3257 llebratis
1782 3217 1969 3258 rursus

391 3284 629 3341 scribens
655 3286 889 3351 dicebat,
920 3288 1349 3345 lienwmoramini
1374 3304 1541 3347 autem
1570 3294 1809 3362 pristinos
1837 3294 1965 3360 dies,

390 3374 443 3429 in
461 3377 641 3446 quibus
668 3379 941 3435 illuminati
970 3398 1211 3451 magnum
1238 3394 1487 3438 certamen
1509 3385 1820 3439 sustinuistis
1849 3401 1967 3455 pas-

389 3469 586 3525 sianum
605 3513 620 3536 ,
650 3481 696 3525 et
731 3473 782 3526 in
816 3475 974 3527 altera
1000 3476 1204 3543 quidem
1239 3476 1525 3545 opprobriis
1555 3486 1600 3531 et
1628 3478 1969 3530 tribulatione-

390 3560 479 3616 bus
506 3567 851 3632 spectaculum
896 3569 1057 3637 facti,
1110 3568 1164 3621 in
1208 3569 1369 3623 altera
1414 3560 1582 3624 autem
1627 3571 1752 3625 socii
1795 3571 1965 3625 taliter

390 3657 789 3710 conversantium
825 3658 987 3725 eﬂ'ecti
1014 3658 1215 3728 (Hebr.
1245 3660 1335 3716 10.
1376 3662 1465 3715 32.
1490 3661 1621 3733 33).
1668 3662 1738 3719 Et
1778 3678 1966 3719 rursus

391 3746 769 3817 Macedonibus
796 3792 811 3816 ,
856 3752 905 3807 id
955 3763 1077 3815 est,
1106 3752 1679 3811 Thessalonicensibus
1723 3757 1967 3814 scribens

388 3837 617 3906 (licebat,
652 3841 679 3895 1
686 3843 764 3912 psi
786 3845 919 3898 enim
947 3846 1010 3899 de
1036 3846 1179 3901 nobis
1209 3849 1533 3915 annuntiant,
1560 3850 1759 3920 qualem
1787 3852 1966 3905 introi—

389 3940 493 3986 tum
520 3932 841 3991 habuerimus
866 3937 934 3991 ad
963 3953 1090 4003 vos;
1116 3950 1170 3994 et
1196 3956 1403 4006 rursus,
1439 3940 1579 3995 Nam
1602 3952 1649 3997 et
1677 3943 1777 4012 ipsi
1803 3944 1960 4010 scitis,

388 4025 604 4095 fratres,
632 4027 895 4083 introitum
916 4040 1143 4086 nostrum
1167 4033 1236 4086 ad
1262 4050 1371 4100 vos,
1401 4051 1521 4105 quia
1550 4052 1649 4090 non
1678 4038 1843 4092 inanis
1868 4039 1966 4107 fuit

387 4112 464 4183 (1.
492 4112 672 4173 Thess.
708 4119 757 4173 1.
782 4120 835 4176 9.
866 4130 912 4175 et
951 4121 1004 4177 2.
1035 4123 1112 4194 1).
1143 4122 1479 4196 Omninoque
1505 4126 1574 4182 de
1599 4129 1848 4185 omnibus
1880 4129 1963 4184 id-

387 4204 562 4275 ipsum
602 4209 851 4269 similiter
894 4219 1162 4281 testatur,
1202 4217 1494 4272 certamina
1536 4227 1592 4274 et
1635 4234 1861 4293 pugnas.
1897 4222 1965 4276 At

387 4296 607 4353 minime
642 4300 746 4356 hoc
777 4318 918 4359 nunc
959 4305 1097 4375 apud
1147 4321 1246 4363 nos
1277 4308 1578 4365 invenietur
1607 4328 1621 4361 :
1654 4326 1795 4365 nunc
1818 4310 1961 4366 enim

386 4388 517 4443 satis
540 4388 677 4445 bene
716 4395 892 4463 agitur
915 4434 931 4459 ,
978 4397 1022 4451 si
1053 4398 1172 4465 quis
1200 4399 1287 4453 vel
1329 4399 1384 4454 in
1414 4401 1654 4470 pecuniis
1689 4402 1962 4473 quidpiam

386 4477 690 4535 detrimenti
716 4480 867 4539 lerat.
896 4486 971 4541 Ac
991 4502 1121 4543 sane
1145 4488 1196 4542 iu
1229 4491 1470 4561 pecuniis
1496 4507 1706 4564 quoque
1734 4492 1961 4563 praecla-

386 4584 504 4624 rum
538 4569 605 4625 de
634 4572 740 4629 illis
769 4578 1134 4633 testimonium
1171 4580 1263 4635 dat
1311 4581 1506 4639 Paulus
1535 4601 1549 4638 :
1585 4600 1707 4639 nam
1733 4584 1803 4641 de
1844 4586 1963 4643 aliis

383 4662 599 4732 quidem
646 4665 719 4721 ita
761 4668 927 4737 dicit,
958 4669 1215 4741 Rapinam
1259 4673 1504 4731 bonorum
1532 4687 1811 4731 vestrorum
1850 4694 1965 4732 cum

384 4754 570 4824 gaudio
595 4760 884 4829 suscepistis
917 4761 1101 4834 (Hebr.
1133 4765 1220 4820 10.
1249 4766 1340 4838 54)
1366 4784 1381 4832 ;
1408 4767 1476 4824 de
1501 4768 1622 4825 aliis
1645 4784 1794 4836 vero,
1825 4768 1961 4824 Pro-

384 4843 625 4901 baverunt
655 4848 961 4907 Macedonia
983 4864 1030 4909 et
1057 4857 1254 4912 Achaia
1273 4860 1595 4915 collationem
1631 4862 1854 4933 aliquam
1880 4864 1962 4933 {o-

383 4951 494 4992 cere
520 4938 576 4994 in
615 4958 863 5014 pauperes
902 4946 1080 5016 (Hom.
1111 4952 1199 5007 15.
1227 4951 1360 5025 26);
1404 4968 1459 5011 et
1496 4955 1689 5011 iterum
1717 4997 1734 5022 ,
1786 4954 1964 5013 Vestra

384 5030 637 5087 malatia
670 5041 958 5103 provocavit
987 5041 1232 5113 plurimos
1258 5045 1335 5117 (2.
1367 5045 1487 5103 Cor.
1517 5048 1570 5105 9.
1598 5048 1677 5121 2).

454 5122 507 5178 4.
553 5122 717 5184 Vides
767 5130 909 5188 illius
953 5138 1208 5205 temporis
1244 5140 1479 5197 virorum
1524 5144 1810 5199 encomia?
1852 5144 1960 5201 Nos

383 5228 511 5271 vero
538 5233 604 5273 ne
628 5220 694 5276 ad
719 5223 900 5294 alapas
930 5227 1145 5296 quidem
1171 5239 1222 5286 et
1252 5233 1433 5304 plagas
1459 5250 1627 5307 usque
1648 5238 1960 5308 sapientiam

384 5312 736 5382 adhibemus;
766 5319 873 5375 imo
894 5334 1000 5374 non
1022 5326 1424 5396 contumeliam,
1456 5344 1564 5384 non
1610 5331 1959 5400 pecuniarum

380 5403 641 5473 iacturam
682 5407 923 5466 ferimus.
951 5412 1030 5468 illi
1063 5414 1173 5484 jam
1198 5431 1387 5474 omnes
1411 5421 1751 5479 aemulatores
1772 5434 1959 5490 erant,

383 5507 438 5550 et
465 5508 728 5569 martyres
756 5500 811 5556 in
845 5516 1120 5560 certamen
1149 5506 1574 5573 descendentes;
1602 5528 1700 5569 nos
1721 5530 1850 5571 vero
1868 5530 1965 5571 ca-

385 5588 598 5644 ritatem
639 5590 695 5646 in
740 5589 1010 5651 Christum
1059 5597 1510 5669 reirigeravimus.
1553 5602 1761 5661 Rursus
1800 5621 1964 5678 cogor

387 5693 706 5751 przesentem
735 5701 914 5743 rerum
945 5698 1145 5745 statum
1175 5707 1451 5748 accusare.
1483 5694 1549 5750 Et
1570 5696 1695 5766 quid
1727 5697 1963 5753 faciam?

386 5773 582 5830 nollem
606 5778 845 5849 quidem,
870 5780 965 5839 sed
1004 5783 1160 5853 plane
1179 5798 1363 5856 cogor.
1391 5784 1524 5842 Nam
1547 5788 1591 5844 si
1618 5788 1733 5845 ﬁeri
1755 5802 1958 5865 posset,

1304 325 1370 386 IN
1408 326 1617 388 EPIST.
1658 323 1749 383 AD
1787 320 2071 382 PlllLlPP.
2113 322 2266 382 CAP.
2307 325 2347 381 1.
2390 325 2620 384 lIOMlL.
2662 329 2749 385 ιν.

3563 338 3670 394 210

2088 448 2147 496 ut
2177 441 2400 497 tacendo
2424 483 2442 508 ,
2473 460 2572 500 nec
2597 445 2885 515 quidquam
2921 460 2987 501 ex
3019 446 3084 501 iis
3114 463 3233 518 qua:
3257 457 3406 519 gesta
3445 450 3671 508 fuissent

2090 535 2588 601 commemorando,
2632 536 2845 591 silentio
2885 538 3002 605 ipso
3031 579 3049 603 ,
3089 553 3153 594 ea
3190 555 3311 610 quae
3353 554 3612 611 geruntur
3638 561 3669 598 e

2090 624 2267 678 medio
2302 626 2651 695 tollerentur,
2684 630 2964 685 tacendum
3009 641 3155 688 certe
3179 642 3295 688 erat
3324 650 3337 687 :
3368 635 3449 688 sin
3488 646 3665 691 autem

2088 725 2274 769 contra
2307 716 2380 781 tit,
2416 728 2468 769 et
2499 718 2655 773 nobis
2683 720 2980 776 tacentibus
3008 738 3111 774 non
3143 722 3305 777 modo
3331 739 3438 778 non
3474 727 3670 779 tollun—

2092 814 2196 872 tur,
2231 807 2323 861 sed
2363 810 2606 878 graviora
2632 811 2793 866 etiam
2824 810 2956 865 ﬁunt
2979 854 2994 877 ,
3036 812 3320 868 dicendum
3365 819 3667 869 necessario

2087 909 2189 954 est.
2221 898 2354 954 Nam
2379 902 2467 969 qui
2498 912 2709 970 peccata
2742 913 2978 966 accusat,
3014 914 3069 957 nt
3095 904 3229 958 nihil
3256 906 3397 959 aliud
3428 918 3665 976 pra-stet,

2088 999 2233 1045 certe
2263 991 2472 1061 longius
2498 994 2587 1048 ille
2625 996 2869 1065 progredi
2903 1012 3010 1049 non
3053 996 3199 1051 sinit.
3234 996 3385 1051 Nulla
3417 999 3558 1051 enim
3587 1010 3668 1052 est

2090 1089 2195 1135 tam
2241 1083 2520 1150 impudens
2550 1087 2725 1139 anima
2758 1102 2819 1139 ac
2849 1085 3129 1141 temeraria
3159 1129 3175 1152 ,
3207 1103 3325 1157 qua:
3370 1089 3416 1142 si
3454 1088 3667 1144 assidue

2086 1189 2145 1231 se
2174 1174 2492 1243 reprehendi
2523 1177 2741 1242 audiat,
2771 1194 2874 1231 non
2906 1178 3242 1232 snii‘undatnr
3277 1179 3479 1247 pudore
3503 1222 3518 1245 ,
3560 1196 3663 1233 non

2084 1267 2323 1321 remittat
2369 1267 2569 1337 aliquid
2614 1268 2681 1323 de
2727 1283 2932 1322 sunnna
2980 1271 3065 1323 illa
3113 1269 3473 1340 improbitate.
3525 1271 3667 1326 inest

2084 1357 2266 1425 enim,
2309 1358 2450 1415 inest
2488 1360 2649 1414 etiam
2696 1360 2747 1415 in
2797 1361 3197 1429 impudentibus
3235 1363 3503 1432 paululum
3537 1366 3663 1434 quid

2083 1450 2420 1506 verecundia:
2449 1469 2462 1505 :
2490 1463 2691 1506 naturre
2713 1453 2855 1508 enim
2884 1464 3077 1507 nostra:
3104 1455 3242 1508 Dens
3264 1455 3378 1523 ipse
3406 1456 3661 1525 pudorem

2082 1542 2298 1599 insevit.
2344 1543 2553 1599 Etenim
2596 1543 2808 1613 quando
2858 1561 2962 1599 non
3002 1546 3131 1599 satis
3162 1555 3365 1615 poterat
3398 1548 3556 1601 timor
3594 1546 3663 1601 ad

2081 1624 2187 1690 nos
2210 1637 2629 1705 componendus,
2662 1637 2859 1691 multas
2897 1639 3029 1692 alias
3060 1654 3163 1693 non
3198 1641 3467 1709 peccando
3496 1645 3663 1694 ratio-

2082 1741 2179 1782 nes
2204 1728 2480 1797 apparavit
2513 1746 2526 1783 :
2556 1740 2611 1782 ut
2642 1730 3086 1798 reprehensiones
3118 1731 3426 1797 hominum,
3461 1743 3659 1787 metum

2083 1818 2434 1874 humanarum
2484 1820 2683 1890 legum.
2732 1836 2969 1875 amorem
3016 1822 3201 1892 gloria:
3230 1864 3245 1888 ,
3301 1824 3658 1879 amicitiarum

2080 1911 2338 1966 studium.
2368 1912 2559 1971 Omnia
2587 1915 2727 1968 enim
2762 1913 2876 1968 haec
2905 1930 2971 1969 eo
2996 1929 3095 1968 nos
3123 1915 3413 1979 adducunt,
3447 1926 3504 1969 ut
3535 1933 3659 1985 pec-

2078 2003 2305 2059 candum
2333 2020 2439 2060 non
2462 2013 2722 2073 putemus.
2752 2005 2907 2075 Saepe
2930 2006 3073 2061 enim
3101 2023 3221 2076 quae
3246 2016 3460 2076 propter
3490 2009 3652 2064 Deum

2078 2095 2299 2150 minime
2330 2096 2548 2161 ﬁebant,
2581 2108 2804 2166 propter
2829 2097 3084 2166 pudorem
3118 2107 3242 2152 sunt
3267 2097 3439 2165 facta;
3466 2109 3517 2153 et
3539 2115 3658 2170 qtue

2077 2186 2171 2243 Dei
2199 2201 2379 2253 causa,
2413 2197 2471 2241 ut
2497 2188 2721 2243 velimus
2751 2203 2856 2243 non
2882 2188 3223 2255 adducimur,
3248 2204 3310 2245 ea
3343 2190 3530 2245 timore
3560 2191 3662 2245 ho-

2076 2279 2280 2333 minum
2308 2280 2650 2349 suscipimus.
2680 2279 2831 2347 Quod
2858 2281 3001 2336 enim
3031 2282 3250 2349 petitur,
3280 2280 3381 2335 hoc
3400 2290 3483 2335 est
3505 2323 3517 2345 ,
3549 2283 3660 2351 pri-

2077 2389 2222 2427 mum
2248 2414 2263 2437 ,
2294 2382 2349 2429 ut
2371 2373 2641 2429 discamus
2669 2389 2777 2428 non
2821 2389 3089 2444 peccare;
3121 2373 3315 2429 deinde
3360 2390 3487 2431 vero
3527 2376 3658 2431 illud

2074 2463 2258 2528 etiam,
2292 2473 2351 2518 ut
2370 2464 2463 2518 Dei
2492 2479 2650 2520 causa
2680 2466 2780 2520 hoc
2810 2480 3051 2535 agamus,
3076 2480 3486 2535 consequemur.
3511 2468 3662 2521 Alin~

2074 2556 2164 2626 qui
2206 2555 2335 2625 quid
2364 2571 2542 2611 causae
2587 2556 2775 2611 fuisset
2794 2597 2810 2620 ,
2837 2572 2933 2613 cur
2961 2557 3161 2612 Paulus
3186 2573 3279 2613 eos
3300 2598 3314 2623 ,
3347 2559 3539 2627 quibus
3564 2575 3655 2613 su-

2075 2648 2295 2719 perandi
2316 2648 2609 2704 adversarii
2638 2664 2733 2718 per
2754 2648 3065 2718 patientiam
3084 2657 3257 2712 erant,
3282 2664 3386 2704 non
3408 2664 3438 2703 a
3466 2649 3656 2705 timore

2077 2740 2177 2796 Dei
2203 2740 2515 2795 cohortatur
2539 2783 2555 2807 ,
2602 2741 2697 2797 sed
2738 2741 2883 2803 inde.
2911 2741 3052 2811 quod
3098 2742 3419 2811 supplicium
3449 2743 3515 2796 de
3551 2744 3657 2797 illis

2074 2831 2339 2900 Sumpturi
2368 2832 2593 2887 essent?
2626 2832 2740 2885 Hoc
2768 2833 2901 2886 enim
2925 2833 3119 2903 faciens
3142 2873 3157 2897 ,
3189 2834 3390 2902 inquit,
3419 2834 3655 2888 carbones

2072 2924 2205 2994 ignis
2231 2940 2470 2995 congere:
2494 2940 2647 2995 super
2672 2934 2822 2991 caput
2849 2924 2957 2995 ejus
2988 2924 3162 2994 (Rom.
3191 2923 3279 2978 12.
3308 2924 3422 2990 20).
3449 2923 3654 2980 Interea

2074 3016 2220 3069 enim
2272 3016 2410 3069 hanc
2452 3016 2884 3085 progressionem
2946 3014 3060 3070 ﬁeri
3107 3014 3222 3069 vult
3264 3016 3330 3069 ad
3379 3015 3652 3070 virtutem.

2074 3106 2216 3163 Inest
2242 3108 2403 3178 igitur
2424 3149 2438 3172 ,
2466 3108 2608 3178 quod
2634 3118 2787 3163 antea
2832 3109 3074 3164 dicebam
3103 3149 3117 3172 ,
3166 3109 3218 3162 in
3271 3108 3427 3165 nobis
3468 3110 3652 3164 nescio

2072 3200 2199 3270 quid
2224 3200 2514 3257 verecundi
2544 3241 2561 3268 ,
2595 3202 2867 3271 multaque
2908 3202 3168 3257 naturalia
3215 3201 3473 3257 habemus
3514 3204 3653 3259 bona

2070 3292 2139 3346 ad
2170 3293 2420 3349 virtutem
2451 3310 2464 3347 :
2498 3294 2731 3363 exempli
2761 3308 2952 3359 causa,
2986 3293 3054 3348 ad
3083 3294 3504 3349 miscricordiam
3530 3310 3651 3350 om-

2072 3398 2169 3437 nes
2196 3397 2227 3437 a
2269 3393 2457 3438 natura
2487 3398 2803 3449 movemur,
2837 3398 2937 3440 nec
2966 3383 3254 3454 quidquam
3292 3386 3432 3441 aliud
3467 3387 3518 3442 in
3552 3402 3651 3441 na-

2072 3482 2189 3529 tura
2220 3487 2402 3531 nostra
2432 3491 2585 3545 seque
2612 3476 2810 3530 bonum
2848 3486 2930 3531 est
2953 3484 3112 3547 atque
3140 3476 3263 3533 hoc.
3290 3477 3648 3545 Quamobrem

2072 3570 2265 3624 merito
2293 3570 2454 3624 etiam
2480 3570 2742 3640 quispiam
2762 3570 3055 3639 qumsierit,
3086 3585 3243 3639 quam
3266 3570 3335 3625 ob
3359 3585 3573 3627 causam
3594 3570 3652 3628 id

2072 3663 2405 3732 potissimum
2438 3671 2634 3717 nostra:
2656 3671 2862 3717 natura:
2890 3664 2959 3717 sit
2988 3662 3226 3729 insitum,
3259 3670 3320 3718 ut
3342 3662 3652 3733 frangamur

2070 3758 2360 3829 lacrymis,
2389 3755 2668 3812 ﬂectamur
2712 3764 2769 3810 et
2811 3755 2879 3810 ad
2925 3754 3350 3811 misericordiam
3396 3757 3653 3826 propensi

2070 3851 2259 3904 simus.
2292 3849 2461 3903 Nemo
2501 3858 2691 3903 natura
2732 3858 2981 3903 strenuus
3005 3859 3126 3912 est,
3170 3863 3329 3905 nemo
3367 3858 3556 3906 natura
3585 3850 3653 3905 ab

2070 3942 2243 3997 inanis
2272 3942 2457 4011 gloria:
2481 3940 2773 4009 cupiditate
2796 3939 2967 4005 liber,
2998 3955 3158 3995 nemo
3184 3950 3374 3996 natura
3402 3943 3650 4012 superior

2070 4034 2413 4090 aemulatione
2445 4052 2458 4088 :
2486 4033 2581 4089 sed
2610 4033 2851 4088 misereri
2881 4034 3130 4088 omnibus
3154 4048 3184 4087 a
3213 4044 3401 4089 natura
3429 4035 3651 4090 inditum

2070 4135 2173 4192 est,
2197 4127 2541 4197 quantumvis
2567 4125 2800 4181 crudelis
2827 4125 2894 4181 sit
2939 4127 3058 4195 quis
3096 4135 3152 4181 et
3194 4141 3388 4182 szevus.
3420 4126 3487 4182 Et
3523 4127 3652 4197 quid

2071 4219 2286 4282 mirum,
2319 4217 2362 4271 si
2402 4232 2525 4287 erga
2566 4215 2815 4271 homines
2844 4219 2981 4271 hanc
3025 4217 3436 4286 propensionem
3462 4204 3650 4271 esten-

2070 4309 2303 4365 damus?
2331 4309 2563 4365 ferarum
2585 4308 2745 4364 etiam
2770 4308 3088 4364 miseremur
3112 4325 3125 4361 :
3153 4308 3289 4364 adeo
3312 4309 3465 4363 nobis
3488 4309 3650 4363 indita

2071 4411 2155 4459 est
2199 4400 2586 4458 misericordia.
2635 4400 2733 4455 Vel
2784 4400 2953 4455 leonis
2999 4401 3232 4454 catulum
3289 4400 3650 4468 aspicientes,

2071 4493 2314 4549 nonnihil
2340 4506 2743 4569 commoremur
2776 4508 2789 4545 :
2823 4500 3024 4561 quanto
3052 4492 3212 4562 igitur
3237 4492 3406 4562 magis
3426 4508 3548 4562 erga
3573 4493 3648 4560 id,

2069 4588 2211 4660 quod
2234 4587 2472 4657 ejusdem
2506 4586 2781 4641 nobiscum
2808 4585 3020 4656 generis
3049 4594 3129 4640 est
3152 4586 3177 4640 ?
3203 4586 3332 4641 Hem
3365 4597 3496 4657 qnot
3521 4589 3651 4643 cmei

2069 4692 2123 4737 et
2142 4681 2459 4752 corporibus
2477 4680 2755 4742 mutilatis,
2781 4694 2921 4749 saepe
2940 4678 3191 4743 dicimus,
3216 4695 3319 4733 non
3344 4680 3651 4750 ignorantes

2072 4778 2126 4833 id
2154 4777 2283 4832 satis
2310 4784 2491 4845 aptum
2519 4788 2670 4840 esse,
2704 4771 2845 4844 quod
2884 4786 2983 4826 nos
3010 4770 3076 4826 ad
3102 4771 3527 4828 misericordiam
3548 4771 3639 4826 add

2069 4869 2294 5013 d‘lg‘i‘hil
2318 4971 2457 5026 (tque
2488 4955 2653 5009 Deum
2675 4954 2888 5008 delectat
2915 4964 2969 5007 ut
2996 4953 3342 5009 misericordia
3368 4964 3418 5009 et
3437 4955 3652 5010 eleento-

2069 5068 2217 5122 syna.
2239 5080 2311 5090 ——
2330 5047 2468 5103 Nihil
2511 5063 2663 5118 teque
2688 5047 2855 5102 Deum
2882 5046 3113 5101 delectat
3130 5087 3147 5113 ,
3177 5056 3235 5101 ut
3260 5047 3648 5105 misericordia.

2070 5144 2425 5213 Quamobrem
2455 5141 2764 5198 sacerdotes
2782 5182 2798 5205 ,
2829 5155 3003 5210 reges,
3029 5140 3303 5210 prophetae
3330 5140 3451 5195 oleo
3479 5155 3648 5210 unge-

2069 5239 2260 5294 bantur
2290 5254 2304 5290 :
2334 5237 2509 5291 oleum
2540 5234 2683 5289 enim
2721 5248 2819 5303 pro
2850 5222 3095 5304 SymbOIO
3136 5232 3229 5285 Dei
3267 5232 3651 5287 misericordia

2070 5331 2355 5386 habebant.
2378 5328 2644 5383 Praeterea
2674 5324 2952 5380 discebant
2980 5324 3031 5377 in
3062 5322 3302 5393 principe
3329 5323 3450 5392 plus
3486 5326 3649 5377 mise-

2070 5422 2315 5477 ricurdiaz
2338 5419 2535 5489 requiri
2566 5438 2580 5474 :
2607 5419 2733 5473 item
2758 5415 3137 5471 ostendebatur
3157 5414 3402 5484 spiritum
3431 5429 3649 5486 prepter

2070 5512 2492 5571 misericordiam
2510 5520 2788 5567 venturum
2809 5524 2927 5564 esse
2957 5509 3009 5563 in
3032 5507 3322 5563 hominem.
3343 5508 3484 5563 Deus
3501 5508 3646 5565 enim

2072 5607 2347 5661 hominum
2387 5605 2696 5668 miseretur,
2724 5612 2780 5657 et
2808 5602 3035 5671 benigne
3060 5614 3181 5654 cum
3224 5598 3352 5669 ipsis
3374 5600 3483 5671 agit
3508 5619 3520 5654 :
3550 5600 3655 5655 Mi-

2071 5700 2247 5755 sereris
2270 5698 2404 5761 enim
2442 5696 2699 5761 omnium,
2729 5694 2928 5765 inquit,
2959 5693 3077 5761 quia
3103 5692 3271 5745 omnia
3301 5703 3443 5762 potes
3484 5692 3642 5764 (Sap.

2072 5795 2156 5848 11.
2184 5791 2301 5864 24).
2328 5792 2618 5861 Propterea
2640 5789 2760 5844 oleo
2789 5785 3197 5855 illllilgeballllﬂ'.
3229 5784 3359 5840 Nam
3390 5794 3444 5841 et
3468 5800 3648 5843 sacer-
