4108 6410
458 292 553 349 3H
1132 293 1190 351 S.
1227 294 1504 352 JOANNIS
1531 290 2001 351 CHRYSOSTOMI
2038 290 2354 351 ARCHIEP.
2394 298 2919 359 CONSTANTINOP.

463 407 665 461 dotium
696 406 871 476 ipsum
897 421 963 462 ex
993 408 1355 463 misericordia
1382 409 1629 463 instituit.
1658 408 1853 463 Verum
1882 420 2037 475 reges

462 502 622 552 etiam
645 499 765 555 oleo
797 499 1205 569 inungebantur.
1226 501 1294 555 Et
1312 502 1355 555 si
1378 502 1496 571 quis
1518 500 1807 571 principem
1836 499 2035 566 laudet,

461 591 591 644 nihil
618 590 759 661 quod
790 607 941 661 aeque
967 593 1138 662 ipsum
1168 592 1354 648 deceat
1379 592 1590 656 afferet,
1624 606 1687 647 ac
1734 591 2038 646 misericor-

460 682 601 735 diam
628 701 640 735 :
670 682 1001 754 principatus
1017 686 1156 739 enim
1190 687 1461 754 proprium
1480 696 1561 740 est
1579 684 1837 741 misereri.
1853 684 2039 754 Cogita

461 788 528 826 cx
571 773 932 829 misericordia
975 790 1093 831 esse
1121 778 1391 832 conditum
1426 778 1677 831 mundum
1701 819 1716 844 ,
1745 786 1801 832 et
1828 777 2040 831 imitare

467 865 771 918 Dominum.
793 866 1076 933 Miseratio,
1112 869 1302 938 inquit,
1328 870 1543 923 hominis
1577 870 1711 921 circa
1753 868 2039 938 proximum

460 973 608 1011 suum
625 973 640 1009 :
658 957 1001 1012 misericordia
1018 972 1182 1013 autem
1205 960 1296 1014 Dei
1311 977 1460 1029 super
1475 976 1671 1013 omnem
1686 976 1886 1012 carnem
1912 957 2040 1029 (Ec-

460 1049 762 1120 rli.18.12).
778 1050 1076 1117 Quomodo,
1096 1052 1264 1123 Super
1281 1069 1478 1106 onmem
1501 1052 1744 1105 carnem?
1766 1051 1890 1106 Sive
1913 1066 2039 1120 pec-

462 1150 693 1206 catores,
723 1142 834 1195 sive
860 1142 1035 1210 justos
1065 1144 1347 1211 promleris
1374 1184 1388 1209 ,
1419 1158 1607 1198 omnes
1628 1157 1849 1212 egemus
1876 1143 2039 1197 mise-

462 1232 688 1285 ricordia
711 1234 822 1298 Dei,
848 1248 1034 1289 omnes
1056 1235 1169 1303 ipsa
1192 1234 1437 1299 fruimur,
1462 1235 1574 1290 sive
1595 1237 1710 1305 ipse
1730 1235 1798 1289 sit
1824 1234 2039 1297 Paulus,

462 1324 575 1378 sive
598 1325 804 1388 Petrus,
831 1326 943 1380 sive
964 1326 1214 1381 Joannes.
1242 1327 1414 1397 Atque
1433 1327 1556 1381 audi
1579 1327 1813 1395 ipsorum
1838 1324 1997 1380 verba
2023 1342 2037 1379 :

463 1417 587 1485 quid
617 1418 757 1471 enim
788 1420 982 1473 nostris
1004 1434 1137 1488 opus
1157 1421 1280 1473 est?
1318 1419 1451 1487 Quid
1484 1420 1641 1489 igitur
1662 1419 1831 1489 inquit
1855 1418 2042 1473 beatus

465 1507 551 1561 hic
567 1509 589 1559 ’ἶ
612 1507 715 1561 Sea
738 1509 1134 1563 misericordiam
1154 1520 1486 1579 consequutus
1507 1526 1637 1576 sum,
1660 1510 1778 1581 quia
1802 1511 2043 1580 ignorans

465 1599 561 1666 feci
592 1600 679 1667 (1.
714 1599 844 1653 Tim.
882 1602 929 1655 l.
964 1602 1089 1673 13).
1135 1601 1270 1666 Quid
1299 1602 1469 1671 ergo?
1498 1611 1676 1669 postea
1715 1618 1820 1656 non
1855 1602 2044 1672 egebat

463 1690 829 1745 misericordia
853 1691 875 1743 ?
904 1692 1040 1746 Audi
1063 1692 1189 1762 quid
1210 1692 1350 1746 dicat
1376 1710 1388 1745 :
1420 1692 1773 1747 Abundantius
1802 1694 1903 1746 illis
1930 1709 2031 1745 out-

464 1783 611 1837 nibus
640 1782 864 1837 laboravi
888 1825 903 1846 ,
936 1801 1037 1838 non
1073 1801 1163 1855 ego
1190 1794 1387 1849 autem,
1420 1785 1509 1838 sed
1535 1787 1698 1855 gratia
1724 1784 1822 1839 Dei
1850 1802 2043 1839 mecum

468 1875 543 1948 (l.
577 1874 696 1931 Cor.
732 1878 818 1933 15.
849 1876 969 1949 10);
1005 1893 1066 1933 ac
1095 1893 1280 1933 rursus
1317 1878 1384 1934 de
1419 1878 1786 1948 Epaphrodito
1831 1879 2040 1949 inquit,

468 1969 608 2023 Nam
633 1981 679 2024 et
717 1971 1001 2040 inﬁrmatus
1030 1981 1102 2025 est
1129 1988 1285 2042 usque
1308 1972 1374 2023 ad
1404 1981 1612 2025 mortem
1630 2013 1646 2035 ,
1673 1972 1761 2026 sed
1790 1970 1926 2025 Deus
1949 1971 2044 2024 mi-

464 2073 623 2117 sertus
650 2073 722 2116 est
753 2066 881 2133 ejus,
913 2080 1014 2117 non
1042 2063 1207 2117 solum
1232 2072 1397 2116 autem
1422 2065 1533 2133 eius
1556 2104 1571 2126 ,
1603 2079 1776 2117 verum
1803 2064 1954 2116 etiam
1995 2072 2045 2117 et

467 2156 599 2217 mei,
632 2171 695 2208 ne
720 2155 973 2207 tristitiam
1009 2171 1163 2226 super
1187 2155 1446 2208 tristitiam
1487 2153 1719 2208 haberem
1763 2151 2040 2224 (Philipp.

466 2246 521 2300 9...
553 2246 678 2316 27);
709 2256 761 2300 et
789 2260 974 2300 rursus
997 2287 1011 2312 ,
1046 2244 1275 2311 Crauati,
1309 2246 1512 2315 inquit,
1545 2262 1719 2300 sumus
1744 2261 1902 2314 supra
1930 2261 2043 2298 mo-

464 2338 608 2396 dum.
636 2339 709 2389 ita
733 2345 785 2389 ut
815 2336 1019 2389 (cederet
1042 2353 1134 2389 nos
1159 2339 1305 2390 etiam
1331 2338 1512 2390 vivere.
1548 2335 1653 2391 Sed
1680 2338 1778 2407 ipsi
1803 2338 1855 2389 in
1877 2337 2045 2390 nobis-

466 2430 693 2498 metipsis
732 2446 1029 2499 responsant
1073 2430 1249 2483 mortis
1297 2429 1599 2495 habuimus,
1654 2439 1707 2482 ut
1748 2446 1847 2483 non
1889 2430 2045 2483 simus

468 2522 676 2590 ﬁdentes
697 2522 750 2574 in
789 2521 964 2583 nobis,
1004 2522 1093 2574 sed
1129 2522 1180 2574 in
1219 2520 1330 2575 Deo
1354 2563 1367 2586 ,
1409 2522 1494 2591 qui
1521 2522 1583 2574 de
1622 2522 1774 2575 tantis
1803 2521 2045 2575 mortibus

466 2614 651 2681 eripuit
681 2629 789 2677 nos,
816 2623 861 2667 et
891 2614 1064 2682 eripiet
1086 2612 1165 2683 (ἓ.
1186 2612 1302 2667 Cor.
1335 2615 1383 2667 1.
1414 2614 1467 2667 8.
1490 2613 1650 2682 9-10)
1680 2630 1695 2677 ;
1741 2620 1796 2668 et
1819 2628 2004 2667 rursus
2028 2655 2042 2678 ,

469 2703 731 2757 Liberatus
761 2721 873 2757 sum
896 2706 959 2759 de
985 2721 1071 2757 ore
1093 2706 1252 2759 leonis
1276 2747 1290 2770 ,
1339 2716 1385 2759 et
1421 2706 1646 2759 liberauit
1689 2722 1767 2759 me
1799 2705 2045 2759 Dominus

469 2795 547 2865 (‘2.
580 2795 708 2849 Tim.
733 2796 787 2850 4.
823 2796 908 2850 17.
939 2795 1052 2863 18).
1084 2797 1259 2866 Atque
1280 2798 1476 2867 ubique
1506 2799 1677 2867 ipsum
1709 2799 2045 2853 inveniemus

470 2887 520 2941 id
549 2887 861 2957 gloriantem
885 2926 901 2953 ,
934 2887 1075 2957 quod
1107 2889 1472 2943 misericordia
1509 2890 1735 2946 salutem
1761 2889 1831 2944 sit
1857 2904 2046 2945 conse-

468 2988 682 3049 quutus.

539 3072 593 3125 5.
622 3072 781 3141 Atqui
827 3072 1017 3127 Petrus
1054 3072 1237 3139 etiam,
1284 3087 1349 3128 eo
1370 3072 1512 3143 quod
1555 3073 1607 3128 in
1638 3074 1809 3143 ipsum
1838 3075 2048 3129 miseri-

466 3162 647 3218 cordia
677 3162 868 3217 fuisset
891 3162 1126 3216 adhibita
1147 3203 1163 3229 ,
1201 3162 1321 3217 talis
1366 3171 1499 3216 erat.
1533 3163 1671 3218 Audi
1713 3169 1856 3218 enim
1884 3165 2039 3219 Chri-

468 3267 608 3313 stum
636 3255 740 3310 hoc
767 3256 868 3325 ipsi
891 3255 1069 3309 verbis
1099 3255 1204 3308 illis
1229 3253 1619 3326 significantem
1646 3272 1659 3309 :
1690 3255 1821 3309 Ecce
1839 3264 2046 3312 satanas

468 3347 705 3416 expetivit
734 3362 821 3399 vos
853 3354 905 3398 ut
937 3344 1179 3399 cribraret
1214 3345 1343 3399 sicut
1373 3345 1634 3409 triticum;
1655 3361 1746 3415 ego
1773 3355 1941 3399 autent
1960 3364 2047 3402 ro-

467 3440 580 3510 gavi
601 3455 692 3509 pro
717 3447 785 3504 te;
810 3446 980 3490 utnon
1010 3436 1209 3505 deﬁciat
1234 3437 1361 3505 fides
1386 3447 1473 3489 tua
1502 3435 1649 3507 (Luc.
1671 3437 1761 3490 22.
1789 3439 1876 3491 51.
1904 3437 1973 3491 52
2002 3439 2039 3506 ).

466 3533 537 3587 Ει
557 3531 791 3587 Joannes
817 3528 1182 3585 misericordia
1215 3529 1331 3582 talis
1361 3539 1475 3583 erat
1500 3544 1514 3593 ;
1544 3538 1700 3599 atque
1725 3543 1911 3584 omnes
1930 3544 2046 3582 om-

471 3625 602 3678 nino
632 3622 882 3693 apostoli.
933 3619 1071 3674 Audi
1101 3619 1239 3673 enim
1270 3620 1395 3689 quid
1422 3618 1665 3675 Christus
1693 3621 1868 3675 dicat:
1922 3619 2045 3674 Non

467 3731 556 3770 vos
575 3732 654 3770 me
678 3716 913 3787 elegistis,
941 3716 1029 3768 sed
1053 3730 1145 3784 ego
1170 3712 1296 3782 elegi
1324 3729 1409 3766 vos
1431 3712 1612 3784 (Joan.
1640 3715 1726 3769 15.
1753 3713 1887 3785 16').
1919 3713 2046 3767 Om-

467 3825 567 3864 nes
613 3807 755 3861 enim
803 3820 1022 3875 egemus
1071 3803 1438 3858 misericordia
1494 3805 1622 3859 Dei:
1693 3804 2044 3860 Misericordia

467 3902 601 3953 enim
636 3898 770 3961 Dei,
806 3897 1015 3965 inquit,
1053 3911 1201 3965 super
1218 3911 1415 3949 omnem
1443 3912 1667 3949 carnem.
1706 3896 1855 3963 Quod
1884 3899 1927 3951 si
1956 3899 2043 3952 isti

466 4004 680 4061 quoque
718 3987 947 4057 egebant
987 3987 1358 4041 misericordia
1387 3987 1513 4053 Dei,
1559 3987 1687 4057 quid
1737 3989 1946 4043 tandem
1977 3990 2045 4047 de

467 4082 678 4138 caeteris
704 4079 988 4134 dicendum
1017 4078 1153 4133 erit?
1177 4078 1378 4147 Ecquid
1408 4079 1547 4132 enim
1578 4078 1741 4145 aliud,
1766 4081 1851 4135 die
1879 4080 2039 4146 mihi,

466 4188 642 4229 causa:
671 4181 771 4234 est,
800 4185 897 4224 cur
922 4169 1090 4224 solem
1136 4168 1331 4221 exoriri
1378 4166 1537 4222 faciat
1567 4183 1731 4238 super
1772 4169 1942 4224 malos
1989 4178 2044 4226 et

470 4266 678 4322 bonos?
705 4263 882 4332 Quid?
903 4262 947 4316 si
969 4276 1131 4315 unum
1159 4260 1437 4316 dumtaxat
1458 4276 1655 4315 annum
1687 4261 1916 4331 pluviam
1946 4277 2041 4318 co-

470 4359 767 4422 hibuisset,
800 4368 979 4409 nonne
1009 4368 1198 4407 omnes
1236 4353 1595 4422 peremisset?
1638 4353 1763 4421 quid
1792 4368 1951 4415 vero,
1996 4355 2042 4409 si

470 4453 667 4507 imbres
694 4447 1011 4504 densasset?
1035 4446 1139 4501 Sed
1161 4446 1283 4516 quid
1308 4447 1350 4499 si
1376 4445 1597 4515 pluisset
1614 4446 1824 4516 ignem?
1846 4446 1889 4500 si
1910 4462 2046 4503 mus-

468 4560 557 4598 cas
602 4540 941 4603 immisisset;
992 4537 1087 4593 sed
1130 4536 1257 4606 quid
1302 4536 1404 4590 hoc
1455 4536 1658 4591 affero?
1696 4536 1740 4591 si
1795 4537 2044 4593 tenebras

471 4634 784 4697 induxisset,
808 4630 948 4701 quod
970 4628 1253 4698 aliquando
1281 4628 1423 4695 fecit,
1453 4643 1631 4683 nonne
1654 4643 1841 4684 omnes
1868 4628 2045 4697 perdi-

467 4730 632 4782 disset
651 4727 674 4779 ?
694 4726 739 4780 si
772 4732 967 4779 terram
988 4723 1348 4777 concussisset
1372 4762 1385 4786 ,
1417 4736 1594 4776 nonne
1623 4721 1907 4791 periissent
1928 4735 2045 4775 om-

467 4818 601 4873 nes?
633 4815 766 4883 Quid
788 4823 859 4867 est
888 4813 1052 4875 honto,
1079 4812 1211 4881 quod
1229 4828 1419 4866 memor
1438 4828 1488 4866 es
1514 4813 1623 4882 ejus
1650 4810 1822 4882 (Psal.
1847 4811 1901 4867 8.
1928 4812 1987 4880 5)
2020 4812 2043 4866 ‘3

464 4913 778 4982 Opportune
805 4922 945 4962 nunc
973 4906 1192 4959 dixero:
1232 4906 1288 4961 Si
1322 4906 1403 4960 vel
1433 4914 1591 4959 terra:
1620 4904 1896 4958 minitetur
1926 4912 2043 4957 tan-

467 5020 602 5068 tum,
632 5015 819 5057 omnes
847 5013 1008 5053 unum
1036 4997 1337 5066 sepulcrum
1369 4996 1515 5051 fient.
1549 4997 1708 5064 Quasi
1734 4997 1872 5050 stilla
1896 5012 2042 5066 aqua:

465 5096 527 5149 de
566 5092 739 5156 situla,
768 5090 936 5159 inquit
961 5131 976 5155 ,
1022 5089 1094 5141 ita
1122 5096 1289 5157 gentes
1315 5105 1484 5142 coram
1503 5089 1655 5159 ipso:
1684 5088 1831 5160 quasi
1860 5104 2041 5159 spuma

464 5186 850 5257 reputabuntur,
882 5181 1026 5254 quasi
1064 5192 1365 5235 momentunt
1385 5190 1586 5236 staterae
1627 5181 1678 5252 (I
1688 5184 1781 5236 sai.
1809 5180 1898 5235 40.
1924 5178 2033 5249 15).

464 5279 923 5352 Quemadmodum
944 5277 1096 5333 nobis
1120 5277 1272 5333 facile
1301 5290 1383 5334 est
1410 5279 1661 5332 trutinam
1693 5292 1906 5331 movere
1933 5294 1944 5329 :
1966 5278 2036 5329 ita

404 5356 417 5446 ἓ
468 5376 568 5446 ipsi
598 5373 776 5428 omnia
806 5370 1053 5440 perdere,
1084 5384 1147 5424 ac
1175 5370 1242 5424 de
1264 5371 1471 5438 integro
1497 5368 1690 5423 facere.
1745 5366 1846 5433 Qui
1874 5366 2035 5436 igitur

466 5477 572 5521 tam
591 5466 758 5519 nosin
788 5477 883 5517 sua
910 5468 1170 5531 potestate
1191 5458 1369 5524 habet,
1402 5472 1467 5514 ac
1486 5457 1630 5513 videt
1648 5456 1883 5527 quotidie
1913 5472 2034 5526 pec-

462 5564 665 5619 cantes,
701 5568 801 5609 nec
826 5562 1001 5607 tamen
1032 5549 1202 5619 punit,
1230 5564 1408 5605 nonne
1430 5548 1534 5605 fert
1552 5563 1615 5603 ex
1644 5547 2035 5603 misericordia?

463 5646 569 5702 Sed
612 5646 735 5701 vide
769 5644 926 5700 etiam
968 5642 1204 5709 jumenta
1237 5656 1331 5711 per
1374 5638 1792 5695 misericordiam
1822 5653 1941 5694 esse
1982 5651 2036 5694 et

462 5741 687 5796 servari.
725 5736 965 5792 flamines
996 5736 1158 5804 enim,
1190 5734 1381 5806 inquit,
1415 5744 1459 5791 et
1505 5736 1724 5800 iumenta
1774 5734 2027 5799 salt'abis,

3623 311 3729 367 2Ιῖ

2150 406 2368 463 Domine
2399 412 2418 482 (
2448 410 2592 466 Psal.
2627 415 2715 470 55.
2747 417 2841 485 7).
2890 416 3146 488 Respexit
3198 430 3425 489 terram,
3457 433 3512 480 et
3551 426 3720 495 ipsam

2148 502 2385 571 implevit
2436 506 2772 562 animalibus.
2816 510 3216 578 Quamobrem?
3264 516 3490 586 Pr0pter
3529 527 3614 573 te:
3673 530 3725 575 te

2147 612 2282 651 vero
2310 612 2406 652 cur
2432 596 2598 653 fecit?
2624 616 2803 656 nonne
2833 616 3049 674 prOptcr
3070 607 3405 662 bonitatem?
3433 609 3574 664 Nihil
3602 613 3725 668 oleo

2148 689 2378 744 melius:
2413 691 2545 746 lucis
2576 708 2733 748 causa
2761 706 2841 749 est
2870 705 2924 750 et
2952 697 3021 751 ibi
3052 707 3104 752 et
3136 699 3240 753 hic.
3276 700 3419 755 Tum:
3442 704 3606 770 enim,
3638 705 3724 759 in-

2145 780 2261 849 quit
2292 782 2547 851 propheta
2574 824 2588 848 ,
2631 785 2882 838 exorietur
2908 804 3052 842 mane
3082 788 3249 845 lumen
3279 802 3420 846 tuum
3448 793 3601 863 (Isai.
3633 797 3702 852 58

2147 872 2180 927 8
2210 873 2250 942 ),
2277 875 2321 928 si
2352 876 2770 932 misericordiam
2800 895 2921 948 erga
2944 884 3244 950 proximum
3273 890 3588 957 praestiteris
3615 910 3631 948 :
3658 906 3723 947 ac

2148 964 2339 1018 merito
2390 966 2630 1034 quidem.
2684 969 3144 1035 Quemadmodum
3200 977 3374 1033 oleum
3420 980 3520 1037 hoc
3549 983 3723 1038 lucem

2149 1055 2350 1124 praebet
2380 1058 2768 1128 navigantibus,
2802 1064 2870 1118 ita
2893 1076 2948 1120 et
2975 1067 3317 1141 eleemosyna
3338 1087 3588 1144 magnum
3616 1077 3725 1133 illic

2147 1155 2202 1202 et
2231 1148 2545 1205 admirabile
2571 1153 2727 1208 nobis
2762 1156 2989 1225 largitur
3012 1159 3216 1215 lumen.
3240 1225 3249 1235 _
3274 1163 3421 1219 Talis
3450 1167 3553 1222 olei
3607 1184 3723 1224 ma-

2147 1253 2302 1308 gnam
2325 1241 2483 1296 habet
2504 1244 2765 1301 rationem
2786 1248 3002 1304 Paulus:
3022 1253 3143 1307 audi
3160 1255 3301 1309 enim
3326 1257 3589 1315 interdum
3609 1263 3725 1332 qui-

2148 1332 2268 1389 dem
2315 1334 2601 1403 dicentem,
2633 1340 2850 1396 Tantum
2889 1353 2945 1396 ut
2991 1362 3270 1416 pauperum
3298 1368 3540 1407 memores
3586 1371 3722 1410 esse-

2148 1443 2259 1481 mus
2305 1428 2449 1499 (ϐαι.
2473 1430 2526 1485 2.
2559 1432 2687 1504 10);
2720 1435 2983 1491 interdum
3026 1454 3188 1507 vero,
3218 1441 3281 1496 Si
3300 1444 3507 1514 dignum
3532 1445 3721 1515 fuerit,

2147 1528 2202 1571 ut
2226 1536 2315 1589 ego
2343 1522 2679 1591 eam.(1Cor.
2713 1526 2797 1581 16.
2839 1528 2916 1597 4).
2973 1527 3308 1603 Omninoque
3350 1535 3523 1603 ipsum
3573 1539 3723 1593 vides

2149 1613 2347 1682 ubique
2375 1616 2620 1671 omnibus
2650 1618 2821 1674 modis
2850 1620 2987 1676 hanc
3014 1638 3127 1677 rem
3157 1627 3387 1682 sollicite
3414 1644 3623 1685 curare.
3656 1630 3724 1686 Et

2149 1718 2353 1771 rursus,
2387 1704 2599 1761 Discant
2625 1720 2790 1763 autem
2806 1720 2852 1765 et
2881 1715 3039 1767 nostri
3059 1714 3201 1770 bonis
3223 1718 3457 1787 operibus
3485 1738 3724 1790 prteesse;

2150 1804 2204 1849 et
2239 1812 2457 1860 rursus,
2518 1799 2642 1855 Ηιεσ
2679 1804 2810 1856 enim
2850 1815 2969 1859 sunt
3006 1802 3223 1863 bona'et
3264 1812 3410 1866 utilia
3444 1814 3725 1871 hominibus

2150 1884 2292 1955 (Tit.
2326 1889 2379 1943 ὅ.
2413 1890 2498 1945 11.
2529 1891 2610 1962 8)
2670 1894 2808 1950 Audi
2855 1912 2985 1952 vero
3023 1906 3077 1954 et
3131 1901 3292 1956 alium
3324 1906 3606 1973 quemdam
3653 1908 3723 1961 ita

2150 1976 2413 2034 dicentem
2441 2023 2453 2045 ,
2498 1982 2831 2056 Eleemosyna
2869 2004 2902 2041 a
2942 2000 3101 2044 morte
3126 1992 3301 2047 liberat
3333 1994 3480 2065 (Tob.
3513 1997 3596 2051 12.
3629 1998 3716 2067 9);

2153 2078 2206 2122 et
2232 2070 2411 2135 alium,
2447 2071 2510 2127 Si
2536 2075 2936 2132 misericordiam
2967 2085 3255 2150 removeris,
3278 2083 3511 2153 Domine,
3545 2087 3725 2142 Domi-

2151 2176 2229 2225 ne,
2251 2164 2361 2231 quis
2386 2167 2681 2220 sustinebit?
2706 2177 2759 2223 et
2776 2186 2983 2239 rursus,
3004 2174 3065 2228 Si
3084 2176 3257 2241 intres,
3289 2178 3476 2248 inquit,
3506 2181 3559 2233 in
3575 2183 3729 2252 judi-

2151 2253 2283 2307 cium
2344 2273 2457 2310 cum
2498 2275 2638 2313 servo
2687 2271 2771 2315 tuo
2824 2261 2998 2336 (Psal.
3031 2265 3161 2325 129.
3195 2268 3249 2321 5.
3282 2280 3326 2321 et
3355 2270 3474 2324 142.
3504 2272 3538 2325 2
3564 2275 3623 2343 );
3673 2283 3728 2329 et

2150 2346 2308 2413 alius,
2341 2346 2588 2419 Magnum
2613 2354 2857 2421 quiddam
2876 2356 3041 2421 homo,
3078 2366 3127 2410 et
3156 2359 3455 2426 pra‘clarum
3481 2362 3555 2415 vir
3581 2364 3729 2417 mise-

2150 2440 2307 2493 ricors
2338 2440 2535 2510 (Prov.
2557 2443 2647 2498 20.
2679 2445 2710 2500 6
2744 2446 2780 2515 ).
2819 2445 2929 2503 Hoc
2968 2447 3111 2503 enim
3152 2459 3233 2503 est
3281 2452 3551 2507 hominem
3582 2469 3723 2521 esse,

2151 2532 2234 2586 vel
2258 2533 2431 2600 potius
2462 2534 2563 2590 hoc
2594 2547 2675 2591 est
2694 2537 2859 2592 Deum
2885 2554 3025 2603 esse,
3059 2541 3323 2595 misereri.
3344 2542 3504 2599 Vides
3531 2560 3726 2614 quanta

2152 2622 2348 2679 divina:
2386 2627 2768 2683 misericordia:
2798 2631 2867 2684 sit
2894 2632 3171 2700 potentia?
3212 2632 3337 2689 llaec
3360 2636 3535 2689 omnia
3564 2636 3689 2691 fecit
3708 2678 3723 2700 ,

2150 2714 2265 2772 haec
2290 2718 2543 2773 mundum
2565 2720 2818 2787 condidit,
2840 2721 2955 2777 haec
2974 2723 3193 2793 angelos
3223 2724 3383 2791 fecit;
3414 2742 3509 2795 per
3532 2727 3722 2796 solam,

2151 2808 2388 2878 inquam,
2410 2812 2724 2868 bonitatem.
2749 2814 3033 2884 Propterea
3051 2816 3193 2870 enim
3223 2817 3523 2886 gehennam
3555 2822 3728 2875 mina-

2152 2910 2236 2955 tus
2260 2911 2362 2967 εει,
2394 2911 2452 2957 ut
2481 2919 2705 2972 regnum
2726 2919 3105 2976 assequamur;
3137 2923 3357 2980 regnum
3384 2927 3512 2966 vero
3538 2927 3728 2967 (201150-

2149 2994 2361 3063 quimur
2398 3009 2496 3064 per
2534 2996 2978 3053 misericordiam.
3008 2998 3117 3054 Cur
3142 3004 3283 3055 enim
3312 3017 3434 3058 cum
3468 3005 3614 3060 solus
3640 3021 3727 3059 es-

2150 3094 2233 3140 set
2264 3086 2436 3153 Deus,
2470 3098 2548 3143 tot
2572 3088 2703 3144 deos
2744 3089 2903 3144 fecit?
2932 3106 3111 3147 nonne
3142 3103 3358 3162 prapter
3385 3094 3673 3150 bonitatem
3702 3097 3727 3150 ‘.'

2152 3193 2329 3251 nonne
2351 3189 2570 3251 propter
2594 3180 2975 3251 benignitatem
3003 3192 3161 3253 atque
3189 3186 3571 3241 humanitatem
3600 3188 3623 3240 ?
3666 3187 3727 3242 Si

2148 3274 2445 3343 quaesieris,
2472 3290 2567 3328 cur
2592 3275 2711 3339 hoc,
2747 3290 2842 3328 cur
2861 3276 2989 3330 illud
3021 3275 3227 3344 fecerit,
3257 3278 3454 3348 ubique
3483 3280 3727 3335 invenies

2150 3365 2464 3421 bonitatem.
2494 3366 2674 3437 Itaque
2702 3369 3064 3436 proximorum
3094 3370 3465 3434 misereamur,
3498 3372 3725 3425 utetiam

2149 3460 2202 3514 in
2230 3475 2327 3517 nos
2354 3461 2719 3515 misericordia
2738 3460 3069 3515 adhibeatur.
3090 3460 3205 3515 Non
3233 3462 3399 3532 magis
3426 3461 3727 3531 illis,quam

2150 3552 2305 3607 nobis
2346 3553 2475 3622 ipsis
2504 3552 2807 3621 colligimus
2838 3552 3261 3607 misericordiam
3295 3554 3347 3606 in
3383 3553 3525 3609 diem
3554 3554 3724 3608 illum.

2150 3645 2251 3701 Ubi
2280 3646 2570 3701 vehemens
2601 3645 2760 3701 fuerit
2785 3646 2997 3700 flamma
3027 3648 3182 3717 ignis,
3218 3648 3583 3703 misericordia
3614 3647 3729 3703 hare

2151 3739 2326 3809 ignem
2354 3737 2569 3809 quidem
2595 3737 2898 3807 restinguit,
2930 3738 3064 3793 lucis
3080 3747 3257 3792 autem
3278 3739 3430 3794 nobis
3450 3754 3608 3794 causa
3623 3748 3725 3796 est.

2152 3833 2224 3887 Ita
2256 3834 2411 3902 hujus
2438 3847 2600 3902 opera
2640 3847 2668 3885 a
2697 3831 2954 3902 gehenna:
2995 3832 3101 3902 igni
3143 3831 3523 3887 liberabimur:
3563 3843 3727 3887 caete—

2150 3926 2339 3995 roquin
2384 3925 2526 3980 unde
2567 3940 2661 3980 sua
2715 3925 2869 3979 vobis
2902 3924 3106 3979 viscera
3134 3927 3338 3995 aperiet
3356 3925 3539 3980 Deus?
3587 3926 3729 3980 unde

2153 4018 2531 4072 miserebitur?
2565 4016 2644 4071 Ex
2661 4017 2881 4071 caritate
2901 4017 3270 4072 misericordia
3292 4019 3551 4073 exoritur.
3585 4018 3729 4072 Nihil

2150 4109 2283 4164 adeo
2313 4109 2486 4165 irritat
2514 4108 2700 4173 Deum,
2745 4116 2903 4177 atque
2938 4108 3422 4163 immisericordem
3454 4123 3592 4163 esse.
3621 4109 3731 4163 Ob-

2151 4202 2288 4256 latus
2314 4210 2397 4257 est
2423 4201 2471 4256 ei
2499 4200 2781 4270 quispiam,
2810 4200 2899 4270 qui
2930 4199 3119 4255 decem
3146 4201 3308 4255 millia
3341 4202 3540 4256 talenta
3566 4201 3727 4257 debe-

2151 4295 2260 4360 bat,
2285 4303 2337 4348 et
2366 4292 2730 4348 misericordia
2756 4304 2930 4347 motus
2959 4293 3199 4348 debitum
3231 4295 3473 4350 remisit:
3513 4304 3567 4349 at
3603 4311 3725 4351 eum

2152 4388 2241 4442 hic
2270 4387 2407 4441 idem
2437 4401 2755 4440 conservum
2778 4386 2846 4440 ob
2869 4384 3079 4442 debitos
3113 4388 3214 4442 sibi
3235 4398 3448 4443 centum
3477 4390 3729 4443 denarios

2151 4480 2470 4546 sull‘ocaret,
2520 4488 2645 4535 tunc
2668 4479 2883 4533 tradidit
2927 4494 3049 4533 eum
3094 4480 3352 4535 Dominus
3396 4478 3725 4546 tortoribus,

2154 4589 2430 4645 quousque
2454 4573 2704 4628 redderet
2734 4573 2994 4629 debitum.
3029 4575 3154 4629 Haec
3184 4574 3481 4642 audientes,
3517 4576 3726 4629 miseri-

2152 4667 2342 4722 cordes
2362 4668 2529 4722 simus
2558 4682 2682 4738 erga
2710 4666 2980 4722 debitores
3010 4668 3061 4720 in
3093 4668 3324 4737 peccatis
3349 4684 3362 4720 :
3393 4681 3551 4721 nemo
3580 4666 3724 4735 inju-

2150 4761 2353 4815 riarum
2390 4760 2458 4814 sit
2496 4776 2738 4827 memor,
2775 4761 2877 4815 nisi
2909 4760 3144 4829 seipsum
3188 4760 3384 4815 laedere
3414 4760 3557 4815 velit.
3608 4757 3726 4813 Non

2151 4852 2293 4907 enim
2318 4861 2519 4907 tantum
2548 4852 2808 4908 molestiae
2828 4853 2903 4906 illi
2925 4851 3082 4907 all‘ers
3110 4867 3215 4908 non
3245 4852 3539 4917 remittens,
3562 4866 3728 4921 quan-

2150 4955 2257 5001 tam
2281 4946 2376 5001 tibi
2427 4948 2528 5017 ipsi
2570 4948 2733 5002 infcrs
2759 4947 3027 5017 injuriam.
3079 4947 3209 5001 Nam
3244 4957 3294 5003 te
3324 4947 3538 5018 quidem
3574 4947 3725 5002 illum

2150 5049 2505 5110 persequente
2531 5082 2546 5106 ,
2597 5055 2702 5094 non
2737 5042 3073 5110 persequitur
3095 5039 3269 5095 Deus:
3302 5049 3354 5096 te
3384 5056 3512 5096 vero
3537 5040 3723 5095 dimit-

2150 5143 2316 5200 tente,
2335 5142 2425 5188 aut
2453 5134 2603 5187 illum
2625 5133 2961 5202 persequitur
2983 5134 3143 5199 Deus,
3172 5142 3262 5187 aut
3279 5142 3364 5187 tua
3394 5134 3485 5189 tibi
3507 5132 3725 5188 dimittit

2149 5236 2387 5296 peccata.
2419 5225 2696 5293 Quomodo
2715 5233 2892 5279 autem
2915 5266 2930 5291 ,
2958 5224 3061 5279 nisi
3091 5234 3145 5278 tu
3172 5226 3411 5279 remittas
3442 5224 3684 5293 proximo
3704 5264 3721 5290 ,

2146 5321 2213 5375 ad
2240 5336 2464 5390 regnum
2477 5319 2718 5388 aspiras?
2746 5318 2862 5386 Quo
2879 5318 3090 5388 quidem
3106 5317 3300 5373 damno
3318 5333 3385 5373 ne
3402 5316 3460 5372 af
3458 5317 3718 5383 liciamur,

2148 5411 2486 5467 remittamus
2510 5410 2795 5476 omnibus;
2842 5410 2998 5464 nobis
3024 5411 3166 5464 enim
3196 5410 3325 5479 ipsis
3353 5410 3671 5466 remittimus
3703 5428 3719 5464 :

2146 5502 2531 5567 condonemus,
2559 5510 2619 5556 ut
2638 5501 2792 5556 nobis
2820 5499 3088 5555 condonet
3114 5499 3256 5555 Deus
3279 5509 3493 5573 peccata
3515 5508 3722 5567 nostra;

2146 5606 2303 5669 atque
2330 5597 2399 5653 ita
2423 5595 2610 5649 futuris
2634 5595 2899 5665 potiantur
2921 5592 3094 5660 bonis,
3126 5601 3227 5647 etc.
