4130 6386
408 294 505 351 2H

410 404 650 470 δικαίους
672 406 853 478 εἴπῃς,
890 407 1091 472 πάντες
1109 407 1202 462 τοῦ
1218 410 1400 476 ἐλέους
1426 412 1520 465 τοῦ
1545 412 1679 465 Θεοῦ
1709 412 1936 482 δεόμεθα
1958 427 1970 438 ·

410 495 609 558 πάντες
641 495 987 566 ἀπολαύομεν
1015 496 1203 563 αὐτοῦ,
1232 499 1335 551 κᾶν
1356 497 1573 569 αὑτὸςῇ
1604 499 1834 562 Παῦλος,
1866 498 1970 551 κᾶν

411 583 635 653 Πέτρος,
688 584 789 636 κᾶν
839 584 1113 654 Ἰωάννης.
1144 586 1255 639 Καὶ
1302 586 1532 660 ἀκουσον
1573 586 1751 639 αὐτῶν
1789 586 1977 653 λεγόν-

410 685 546 721 των·
588 669 738 722 οὐδὲν
786 669 892 740 γὰρ
943 669 1023 722 δεῖ
1052 671 1226 739 λόγων
1263 671 1373 724 τῶν
1400 673 1703 743 ἡμετέρων.
1753 672 1818 724 Τί
1868 672 1975 743 γάρ

412 771 575 822 φησιν
596 758 624 808 ὁ
648 756 913 826 μακάριος
928 749 1115 823 οὗτοςς
1152 758 1303 812 Ἀλλ’
1333 758 1619 825 ἠλεήθην,
1636 759 1725 811 ὅτι
1746 758 1978 828 ἀγνοῶν·

411 843 692 911 ἐποίησα.
735 845 800 896 Τί
851 841 978 909 οὗν;
1021 845 1159 914 μετά
1203 830 1375 899 ταῦτά
1415 847 1512 899 οὐκ
1543 847 1713 899 ἐδεῖτο
1757 846 1972 908 ἐλέους;

416 931 678 985 ’Ἄκουσον
703 932 753 984 τί
778 950 910 1004 φησι
936 933 1095 987 πάλιν
1116 950 1128 962 ·
1155 936 1592 1001 Περισσότερον
1608 933 1807 987 αὐτῶν
1835 933 1978 988 πάν-

412 1036 528 1071 των
566 1019 881 1085 ἐκοπίασα,
934 1024 1044 1076 οὐκ
1097 1022 1210 1091 ἐγὼ
1262 1021 1349 1087 δὲ,
1408 1022 1547 1075 ἀλλ’
1582 1022 1620 1089 ἡ
1651 1020 1821 1089 χάρις
1870 1020 1977 1074 τοῦ

415 1109 562 1162 Θεοῦ
591 1110 784 1178 ή·σὺν
819 1111 967 1178 ἐμοί,
1013 1111 1124 1164 Καὶ
1172 1111 1301 1181 περὶ
1357 1109 1749 1182 Ἐπαφροδίτου
1804 1109 1973 1179 φησί’

414 1196 525 1250 Καὶ
563 1196 673 1266 γὰρ
701 1196 1006 1265 ἠσθένησε
1026 1197 1454 1266 παραπλήσιον
1486 1196 1739 1261 θανάτῳ,
1772 1196 1909 1251 ἀλλ’
1945 1198 1978 1249 ὀ

416 1285 559 1350 Θεὸς
587 1285 774 1339 αὑτὸν
798 1283 1086 1352 ἠλέησεν,
1120 1287 1231 1339 οὐκ
1261 1286 1448 1338 αὐτὸν
1474 1284 1543 1337 δὲ
1575 1284 1789 1353 μόνον,
1820 1284 1979 1338 ἀλλὰ

416 1372 513 1424 καὶ
540 1371 662 1440 ἐμὲ,
692 1372 790 1425 ἵνα
812 1373 898 1440 μὴ
916 1374 1119 1439 λύπην
1141 1373 1239 1425 ἐπὶ
1260 1374 1427 1439 λύπῃ
1460 1372 1590 1441 σχῶ
1620 1389 1633 1401 ·
1669 1371 1762 1424 καὶ
1792 1372 1973 1436 πάλιν,

428 1457 845 1525 Ἐϐαρήθημεν,
872 1460 1054 1527 φησὶν,
1088 1458 1238 1525 ὑπὲρ
1268 1459 1545 1527 δύναμιν,
1574 1457 1728 1511 ὥστε
1757 1457 1976 1521 ἐξαπο-

408 1545 666 1613 ρηθῆναι
694 1543 852 1613 ἡμᾶς
889 1545 987 1599 καὶ
1029 1544 1136 1598 τοῦ
1173 1544 1298 1612 ζῇν.
1342 1546 1493 1599 Ἀλλ’
1524 1544 1694 1599 αὐτοὶ
1734 1545 1804 1597 ἐν
1842 1544 1977 1597 ἐαυ-

414 1634 538 1698 τοῖς
576 1635 641 1685 τὸ
677 1634 971 1702 ἀπόκριμα
1015 1633 1121 1686 τοῦ
1152 1632 1410 1687 θανάτου
1454 1632 1821 1702 ἐσχήκαμεν,
1879 1633 1979 1685 ἵνα

410 1721 496 1788 μὴ
538 1722 884 1786 πεποιθότες
932 1716 1089 1789 ὦμεν
1134 1720 1226 1789 ἐφ’
1274 1720 1543 1785 ἑαυτοῖς,
1584 1719 1723 1773 ἀλλ’
1764 1719 1860 1772 ἐπὶ
1900 1717 1981 1783 τῷ

411 1804 558 1871 Θεῷ,
594 1806 662 1871 ὃς
690 1807 757 1859 ἐκ
788 1808 1152 1875 τηλικούτων
1174 1807 1445 1860 θανάτων
1470 1808 1765 1875 ἐρρύσατο
1789 1804 1947 1874 ἡμᾶς
1964 1844 1979 1870 ,

419 1892 517 1944 καὶ
544 1894 827 1959 ῥύσεται⁸
861 1894 955 1946 καὶ
986 1892 1168 1955 πάλιν,
1217 1894 1555 1961 Ἐῤῥύσθην
1581 1893 1652 1947 ἐκ
1688 1894 1983 1961 στόματος

415 1980 684 2046 λέοντος,
717 1981 811 2035 καὶ
837 1982 1089 2048 ῥύσεταί
1122 1999 1199 2051 με
1228 1985 1260 2036 ὀ
1288 1983 1522 2049 Κύριος.
1564 1982 1676 2035 Καὶ
1707 1979 1981 2050 πανταχοῦ

420 2067 722 2138 εὑρήσομεν
751 2068 906 2121 τοῦτο
936 2067 1094 2121 αὐτὸν
1120 2067 1492 2138 καυχώμενον,
1520 2069 1602 2121 ὅτι
1629 2067 1763 2135 ἐλέῳ
1780 2066 1981 2137 ἐσώθη.

490 2153 550 2209 ε’.
583 2155 694 2208 Καὶ
731 2155 933 2226 Πέτρος
963 2154 1019 2207 δὲ
1046 2154 1152 2208 ἀπὸ
1181 2155 1275 2208 τοῦ
1323 2154 1606 2225 ἐλεηθῆναι
1624 2153 1861 2217 τοιοῦτος
1891 2149 1979 2223 ἦν.

425 2243 622 2294 Ἀκουε
652 2240 763 2312 γὰρ
793 2241 887 2295 τοῦ
916 2242 1150 2311 Χριστοῦ
1190 2242 1325 2313 πρὸς
1358 2241 1521 2296 αὐτὸν
1546 2241 1797 2309 λέγοντος
1824 2257 1838 2271 ·
1870 2238 1982 2292 Πέ-

421 2347 541 2399 τρε,
575 2330 771 2399 Πέτρε,
800 2329 1102 2399 ἠθέλησεν
1142 2334 1173 2384 ό
1203 2330 1472 2396 Σατανᾶς
1503 2328 1774 2384 σινιάσαι
1804 2325 1979 2396 ὑμᾶς,

421 2420 501 2485 ὠς
537 2419 645 2471 τὸν
681 2418 872 2481 σῖτον,
925 2418 1024 2471 καὶ
1075 2418 1331 2486 ἐδεήθην
1382 2418 1513 2486 περὶ
1562 2416 1712 2483 σοῦ,
1760 2416 1859 2468 ἵνα
1896 2413 1981 2483 μὴ

420 2507 669 2573 ἐκλείπῃ
696 2506 733 2572 ἠ
756 2506 958 2569 πίστις
981 2518 1117 2558 σου.
1154 2505 1265 2557 Καὶ
1305 2504 1559 2571 Ἰωάννης
1586 2502 1721 2572 ἐλέῳ
1744 2499 1983 2560 τοιοῦτος

418 2586 509 2663 ἦν,
530 2595 621 2645 καὶ
649 2593 848 2654 πάντες
868 2592 924 2645 δέ
936 2591 1121 2653 ἀπλῶς
1138 2592 1185 2645 οί
1215 2590 1525 2644 ἀπόστολοι.
1550 2589 1747 2641 Ἀκουε
1762 2587 1869 2657 γὰρ
1888 2583 1981 2637 τοῦ

423 2678 658 2749 Χριστοῦ
688 2676 835 2749 1226]
861 2676 1017 2730 τοῦτο
1037 2677 1412 2747 αἰνιττομένου
1438 2676 1533 2729 καὶ
1552 2675 1833 2742 λέγοντος’
1862 2673 1983 2740 Οὐχ

428 2768 590 2835 ὑμεῖς
609 2784 682 2836 με
714 2764 1097 2831 ἐξελέξασθε,
1127 2766 1262 2819 ἀλλ’
1287 2763 1400 2835 ἐγὼ
1422 2760 1792 2831 ἐξελεξάμην
1808 2757 1981 2830 ὑμᾶς.

423 2855 631 2916 Πάντες
664 2853 770 2926 γὰρ
815 2852 1047 2923 δεόμεθα
1088 2852 1182 2905 τοῦ
1220 2850 1401 2914 ἐλέους
1440 2848 1535 2902 τοῦ
1577 2847 1709 2901 Θεοῦ
1734 2865 1747 2877 ·
1782 2848 1986 2926 Ἔλεος

422 2943 532 3011 γὰρ
573 2924 754 3005 Θεοῦ,
782 2942 967 3010 φησὶν,
1010 2939 1108 2991 ἐπὶ
1150 2938 1355 2995 πᾶσαν
1385 2936 1598 3004 σάρκα.
1642 2936 1705 2987 Εἰ
1746 2934 1803 2986 δὲ
1843 2924 1988 2985 οὗτοι

424 3031 630 3083 ἐδέοντο
671 3027 766 3081 τοῦ
805 3028 985 3090 ἐλέους
1017 3026 1110 3079 τοῦ
1143 3025 1299 3089 Θεοῦ,
1342 3024 1394 3077 τί
1432 3022 1497 3076 ἀν
1540 3039 1623 3085 τις
1670 3021 1815 3074 εῖποι
1861 3020 1990 3090 περὶ

422 3117 529 3170 τῶν
556 3116 790 3181 λοιπῶν;
827 3115 995 3168 Πόθεν
1023 3114 1152 3184 γὰρ,
1185 3110 1305 3164 εἰπέ
1330 3127 1441 3181 μοι,
1478 3109 1568 3161 τὸν
1596 3108 1748 3178 ἥλιον
1769 3106 1989 3160 ἀνατέλ-

424 3204 504 3256 λει
532 3203 621 3256 ἐπὶ
635 3202 904 3273 πονηροὺς
934 3200 1029 3254 καὶ
1056 3197 1330 3267 ἀγαθούς;
1365 3197 1431 3249 Τί
1449 3195 1507 3249 δέ
1527 3212 1541 3261 ;
1559 3196 1607 3247 εἰ
1626 3194 1785 3264 μόνον
1808 3195 1988 3248 ἐνιαυ-

424 3292 519 3345 τὸν
569 3293 722 3345 ὑετὸν
764 3291 1015 3358 ἐπέσχεν,
1057 3289 1158 3341 οὑκ
1215 3286 1280 3340 ἂν
1323 3284 1568 3346 ἅπαντας
1610 3282 1888 3348 ἀπώλεσε;
1933 3280 1988 3333 τί

423 3381 501 3445 δὲ,
533 3382 582 3434 εἱ
626 3380 933 3451 ἐπομϐρίαν
965 3377 1291 3449 είργάσατο;
1326 3373 1380 3426 τί
1409 3373 1485 3438 δέ,
1522 3372 1572 3425 εἰ
1616 3370 1728 3442 πῦρ
1766 3369 1986 3441 ἐδρεξε;

424 3468 477 3520 τί
506 3467 583 3533 δέ,
615 3469 671 3537 εί,
697 3466 859 3537 μυίας
908 3464 1185 3535 ἐπεμψεν;
1239 3460 1400 3514 Ἀλλά
1438 3460 1491 3513 τί
1536 3459 1708 3512 ταῦτα
1736 3457 1914 3526 λέγω;
1940 3457 1989 3509 ει

428 3555 617 3617 σκότος
644 3536 921 3625 ἐποίησεν,
949 3549 1060 3604 οἷόν
1092 3567 1243 3614 ποτε,
1275 3549 1375 3601 οὐκ
1406 3549 1471 3601 ἂν
1499 3546 1741 3609 ἅπαντας
1772 3543 1988 3597 ἀπώλε-

429 3658 547 3707 σεν;
581 3642 630 3693 εί
648 3640 745 3711 τὴν
764 3641 866 3711 γῆν
893 3639 1155 3705 ἐτίναξεν,
1181 3638 1281 3690 οὐκ
1311 3635 1376 3688 ἂν
1407 3634 1643 3695 ἅπαντες
1673 3630 1986 3695 ἀπώλοντο;

430 3728 494 3782 Τί
527 3728 697 3782 ἐστιν
739 3726 1067 3795 ἄνθρωπος,
1126 3725 1215 3778 ὅτι
1256 3723 1568 3791 μιμνήσκῃ
1626 3718 1846 3781 αὐτοῦ;
1880 3716 1988 3770 Εὕ-

427 3830 617 3885 καιρον
650 3816 823 3867 εἰπεῖν
842 3814 937 3868 νῦν
960 3829 974 3844 ο
1004 3813 1068 3866 ἂν
1099 3811 1367 3881 ἀπειλήσῃ
1393 3810 1456 3879 τῇ
1478 3810 1547 3877 γῇ
1584 3807 1764 3877 μόνον,
1790 3804 1990 3867 πάντες

428 3896 509 3965 εἷς
531 3901 778 3969 ἐγένοντο
799 3901 987 3969 τάφος.
1024 3900 1117 3964 Ὠς
1142 3897 1384 3966 σταγὼν
1403 3896 1619 3959 ὕδατος
1634 3893 1751 3947 ἀπὸ
1777 3890 1985 3953 κάδου,

429 3988 610 4058 φησὶν,
639 3987 791 4040 οὕτω
831 3987 904 4039 τὰ
942 3986 1087 4051 ἔθνη
1111 3982 1366 4037 ἐνώπιον
1395 3979 1581 4035 αὑτοῦ
1608 3994 1619 4007 ·
1660 3978 1739 4041 ὡς
1776 3977 1986 4039 σίελος

425 4073 916 4143 λοτισθήσονται,
947 4072 1025 4137 ὡς
1047 4068 1203 4138 ῥοπὴ
1239 4066 1438 4135 ζυγοῦ.
1479 4067 1565 4128 Ὠς
1609 4062 1827 4116 εὔκολον
1856 4062 1988 4132 ἡμῖν

427 4160 527 4232 τὴν
557 4159 828 4233 τρυτάνην
857 4159 1094 4229 κινῆσαι,
1121 4155 1294 4217 οὕτως
1321 4150 1469 4224 αὑτῷ
1498 4150 1676 4205 πάντα
1700 4148 1985 4213 ἀπολέσαι,

428 4248 525 4301 καὶ
552 4247 772 4317 ποιῆσαι
810 4246 991 4300 πάλιν.
1041 4244 1099 4297 '0
1142 4241 1320 4294 τοίνυν
1364 4238 1633 4310 τοσαύτην
1665 4236 1803 4308 ἔχων
1836 4235 1988 4300 ἐξου-

430 4334 550 4389 σίαν
578 4334 755 4406 ήμῶν,
788 4334 883 4387 καὶ
921 4331 1063 4402 ὁρῶν
1088 4331 1236 4400 ἡμᾶς
1284 4326 1404 4381 καθ’
1454 4326 1692 4395 ἑκάστην
1738 4320 1988 4393 ἁμαρτά-

428 4438 640 4485 νοντας,
685 4422 780 4475 καὶ
830 4420 905 4490 μὴ
956 4417 1218 4481 κολάζων,
1272 4414 1393 4483 οὐχὶ
1426 4412 1559 4483 ἐλέῳ
1604 4408 1983 4473 διαδαστάζει;

442 4508 597 4561 Ἐπεὶ
626 4508 719 4562 καὶ
743 4507 811 4560 τὰ
841 4508 1011 4577 κτήνη
1041 4504 1175 4573 ἐλέῳ
1203 4501 1319 4554 ἐστι
1349 4516 1409 4552 τε
1437 4499 1532 4552 καὶ
1561 4497 1823 4560 σώζεται·
1866 4495 1987 4548 Ἀν-

430 4593 699 4662 θρώπους
722 4594 850 4665 γὰρ,
894 4592 1049 4663 φησι,
1092 4588 1193 4644 καὶ
1221 4585 1415 4654 κτήνη
1473 4584 1694 4649 σώσεις
1721 4622 1736 4647 ,
1786 4582 1981 4649 Κύριε.

426 4677 583 4735 Εἷδεν
618 4682 711 4734 ἐπὶ
746 4681 845 4749 τὴν
889 4680 1011 4751 γῆν,
1051 4678 1144 4730 καὶ
1182 4674 1412 4745 ἔπλησεν
1462 4670 1629 4742 αὐτὴν
1680 4667 1853 4733 ζώων.
1890 4668 1989 4722 Διὰ

427 4769 510 4833 τίς
550 4767 646 4820 Διά
677 4768 755 4822 σέ.
791 4766 859 4818 Σέ
887 4766 943 4819 δὲ
976 4764 1065 4820 διὰ
1105 4763 1157 4816 τί
1189 4761 1476 4830 ἐποίησεν;
1513 4754 1621 4829 ἆρα
1655 4757 1717 4809 οὐ
1748 4756 1816 4809 δι’
1848 4758 1988 4823 ἀγα·-

428 4855 662 4925 06τητας
700 4853 862 4908 Ούδέν
892 4852 1070 4907 ἐλαίου
1107 4850 1350 4920 κρεῖττον
1376 4859 1390 4873 ⁶
1430 4843 1606 4913 φωτός
1630 4842 1776 4896 ἐστιν
1806 4842 1984 4896 αἴτιον

428 4942 522 4994 καὶ
552 4943 666 4996 ἐκεῖ
699 4941 790 4996 καὶ
822 4938 1072 4995 ἐνταῦθα.
1105 4936 1211 4991 Καὶ
1249 4930 1546 4997 ἀνατελεῖ,
1587 4931 1752 5001 φησὶν
1798 4930 1828 4981 6
1852 4945 1985 4999 προ-

1302 296 1367 351 lN
1406 296 1624 353 EHST.
1667 296 1759 351 ΑΙ)
1798 296 2080 352 PillLlPP.
2121 295 2277 354 CAP.
2317 299 2359 356 1.
2418 298 2651 357 HOMIL.
2682 300 2770 357 IV.

3534 306 3642 365 212

2076 417 2274 486 φήτης,
2306 416 2571 486 πρώὶμον
2592 416 2659 471 τὸ
2685 415 2812 486 φῶς
2841 432 2979 481 σου,
3010 416 3104 472 ἐὰν
3135 418 3367 493 ποιήσῃς
3388 418 3536 476 ἔλεον
3559 424 3641 486 εἰς

2074 504 2165 555 τὸν
2197 504 2431 573 πλησίον
2454 520 2468 533 ·
2508 505 2599 557 καὶ
2636 504 2879 567 εἰκότως.
2933 506 3139 576 Ὥσπερ
3176 506 3238 558 τὸ
3276 506 3452 559 ἔλαιον
3486 508 3643 561 τοῦτο

2074 590 2135 642 τὸ
2165 591 2281 657 φῶς
2310 590 2539 661 παρέχει
2578 594 2689 652 τοῖς
2739 590 3174 656 θαλαττεύουσιν,
3209 592 3381 656 οὕτως
3413 595 3445 663 ή
3488 595 3644 665 ἐλεη-

2078 677 2282 749 μοσύνη
2323 680 2440 731 ἐκεῖ
2476 679 2591 748 φῶς
2622 678 2767 748 μέγα
2812 680 2943 749 ἡμῖν
2970 679 3250 749 χαρίζεται
3298 679 3392 733 καὶ⁵
3427 680 3642 750 θαυμά-

2077 782 2211 817 σιον.
2232 766 2348 817 Καὶ
2374 765 2541 829 πολὺς
2576 765 2667 817 τοῦ
2700 766 2849 818 ἐλέου
2880 765 3067 819 τούτου
3098 768 3125 819 6
3160 766 3316 834 λόγος
3342 767 3421 838 τῷ
3445 768 3643 838 Παύλῳ

2073 847 2161 923 ἦν.
2202 853 2402 905 ’Ἄκουε
2444 853 2553 921 γὰρ
2606 853 2769 906 αὑτοῦ
2812 854 2942 906 ποτέ
2995 854 3093 924 μὲν
3132 853 3405 921 λέγοντος,
3438 855 3644 908 Μόνον

2074 940 2193 992 τῶν
2224 939 2472 1008 πτωχῶν
2504 942 2605 993 ἵνα
2633 942 3107 1009 μνημονεύωμεν
3128 959 3140 971 ·
3168 942 3355 995 ἄλλοτε
3384 943 3460 1007 δὲ,
3506 943 3644 995 Ἐὰν

2072 1021 2115 1096 ᾖ
2142 1026 2315 1089 ἄξιον
2346 1026 2451 1078 τοῦ
2486 1026 2637 1094 κάμὲ
2669 1027 3045 1093 πορεύεσθαι.
3078 1027 3189 1079 Καὶ
3224 1026 3499 1097 πανταχοῦ
3532 1027 3645 1079 ἄνω

2075 1110 2169 1161 καὶ
2208 1109 2362 1164 κάτω
2388 1111 2515 1179 περὶ
2548 1109 2736 1161 τούτου
2769 1111 2902 1180 ὁρᾷς
2923 1110 3085 1163 αὐτὸν
3129 1110 3495 1181 μεριμνῶντα.
3533 1112 3644 1164 Καὶ

2076 1196 2257 1259 πάλιν,
2287 1195 2772 1249 Μανθανέτωσαν
2804 1196 2872 1249 δὲ
2904 1197 3002 1250 καὶ
3040 1200 3094 1250 οἱ
3130 1198 3403 1266 ἡμέτεροι
3440 1198 3645 1252 καλῶν

2074 1283 2262 1351 ἔργων
2300 1284 2698 1349 προΐστασθαι
2722 1299 2735 1311 ·
2769 1284 2862 1335 καὶ
2895 1283 3077 1347 πάλιν,
3130 1285 3319 1338 Ταῦτα
3359 1283 3469 1354 γάρ
3511 1285 3643 1338 ἐστι

2077 1370 2234 1423 καλὰ
2265 1369 2363 1423 καὶ
2392 1370 2655 1438 ὠφέλιμα
2685 1369 2808 1435 τοῖς
2835 1370 3184 1438 ἀνθρώποις.
3230 1373 3426 1424 ’Ἄκουε
3460 1372 3517 1426 δὲ
3550 1372 3643 1425 καὶ

2076 1459 2237 1513 ἄλλου
2286 1458 2429 1521 τινὸς
2476 1459 2747 1526 λέγοντος,
2817 1461 3230 1528 Ἐλεημοσύνη
3269 1460 3338 1513 ἐκ
3384 1459 3644 1513 θανάτου

2068 1545 2313 1612 ῥύεται·
2351 1546 2447 1597 καὶ
2494 1545 2678 1608 ἄλλου,
2742 1545 2883 1598 Ἐὰν
2925 1545 2995 1597 δὲ
3039 1547 3146 1599 τόν
3194 1546 3372 1600 ἔλεον
3393 1545 3641 1613 ἀνέλῃς,

2076 1632 2271 1699 Κύριε,
2300 1632 2498 1701 Κύριε,
2526 1634 2617 1698 τίς
2645 1632 3055 1700 ὑποστήσεται
3076 1650 3092 1695 ;
3124 1634 3237 1697 καὶ,
3279 1633 3419 1686 Ἐὰν
3444 1633 3642 1686 εἰσέλ-

2077 1724 2211 1787 θῃς,
2250 1721 2433 1791 φησιν,
2467 1724 2553 1787 εις
2583 1721 2785 1789 κρίσιν
2813 1722 2963 1790 μετὰ
2996 1722 3100 1775 τοῦ
3121 1722 3345 1775 δούλου
3374 1735 3489 1774 σου
3510 1737 3522 1749 ·
3552 1720 3642 1773 καὶ

2078 1805 2254 1869 ἄλλος,
2291 1807 2452 1875 Μέγα
2486 1824 2537 1859 τι
2570 1806 2899 1875 ἅνθρωπος,
2929 1806 3023 1861 καὶ
3062 1810 3255 1876 τιζιιιον
3284 1806 3437 1875 ἀνὴρ
3475 1806 3643 1872 ἐλεή-

2073 1908 2224 1960 μων.
2272 1890 2441 1945 Τοῦτο
2479 1891 2587 1963 γὰρ
2638 1893 2942 1963 ἄνθρωπος,
2999 1894 3247 1963 ἐλεήμων
3276 1910 3292 1925 ο
3331 1894 3529 1963 μᾶλλον
3585 1894 3643 1947 δέ

2077 1979 2236 2033 τοῦτο
2257 1981 2286 2033 6
2318 1982 2473 2046 Θεὸς,
2510 1982 2571 2035 τὸ
2606 1984 2799 2037 ἐλεεῖν.
2853 1984 3014 2055 Ὁρᾷς
3060 1985 3158 2055 ὅση
3189 1983 3284 2036 τοῦ
3327 1984 3509 2046 ἐλέους
3544 1982 3641 2036 τοῦ

2079 2067 2213 2120 Θεοῦ
2242 2070 2274 2139 ἡ
2307 2068 2490 2139 ίσχύς;
2533 2069 2689 2122 τοῦτο
2724 2071 2901 2123 πάντα
2947 2072 3191 2140 ἐποίησε,
3226 2070 3384 2123 τοῦτο
3416 2070 3507 2122 τὸν
3550 2071 3642 2122 κό-

2082 2172 2216 2222 σμον
2244 2157 2562 2227 εἰργάσατο,
2589 2156 2748 2209 τοῦτο
2775 2157 3038 2224 ἀγγέλους
3079 2158 3325 2227 ἐποίησε,
3354 2158 3420 2210 δι’
3444 2157 3641 2225 ἀγαθό-

2079 2258 2216 2311 τητα
2247 2244 2425 2312 μόνον.
2462 2244 2560 2297 Διά
2593 2242 2749 2296 τοῦτο
2791 2244 2884 2296 καὶ
2930 2244 3154 2311 γέενναν
3194 2245 3506 2313 ἠπείλησεν,
3555 2243 3641 2295 ἵνα

2083 2329 2360 2400 βασιλείας
2408 2330 2696 2401 τύχωμενο
2751 2331 3029 2399 βασιλείας
3077 2332 3131 2384 δὲ
3180 2331 3517 2400 τυγχάνομεν
3574 2330 3641 2383 δι’

2081 2417 2248 2471 ἔλεον.
2292 2418 2391 2471 Διὰ
2417 2418 2469 2470 τί
2498 2417 2626 2487 γὰρ,
2656 2418 2798 2481 εἰπὲ,
2836 2419 2993 2487 μόνος
3033 2417 3109 2470 ὣν
3136 2420 3163 2470 ὁ
3194 2418 3325 2479 Θεὸς
3358 2416 3643 2478 τοσούτους

2082 2506 2364 2574 ἐποίησεν;
2393 2506 2453 2557 ού
2494 2505 2560 2558 δι’
2594 2505 2937 2574 ἀγαθότητα;
2970 2506 3029 2556 ού
3067 2505 3154 2558 διὰ
3196 2504 3639 2573 φιλανθρωπίαν;

2086 2593 2186 2644 Ἂν
2220 2593 2524 2663 ἐρωτήσῃς,
2559 2592 2646 2645 διὰ
2676 2591 2730 2644 τί
2762 2592 2881 2644 τόδε
2925 2592 3021 2645 καὶ
3055 2592 3196 2655 τόδε,
3239 2590 3515 2662 πανταχοῦ
3543 2591 3642 2660 τὴν

2082 2680 2394 2749 ἀγαθότητα
2422 2679 2695 2750 εὑρήσεις.
2736 2676 2943 2733 Οὐκοῦν
2985 2678 3294 2750 ἐλεήσωμεν
3332 2680 3457 2742 τοὺς
3502 2677 3641 2746 πλη-

2086 2769 2218 2833 σίον,
2245 2769 2332 2820 ἴνα
2358 2767 2668 2839 ἐλεηθῶμεν
2700 2768 2873 2821 αὐτοί.
2911 2766 3058 2838 [2‘27]
3102 2768 3214 2819 Ούκ
3251 2766 3477 2827 ἐκείνοις
3504 2765 3644 2835 μᾶλ-

2085 2856 2254 2926 λον,ἢ
2290 2858 2421 2926 ἡμῖν
2465 2855 2649 2918 αὐτοῖς
2700 2853 3004 2924 συνάγομεν
3048 2854 3138 2906 τὸν
3184 2853 3331 2905 ἔλεον
3359 2852 3543 2905 τοῦτον
3587 2853 3644 2903 ἐν

2087 2944 2269 3013 ἐκείνῃ
2296 2944 2361 3011 τῇ
2386 2940 2589 3013 ἡμέρᾳ.
2621 2940 2790 2994 Ὅταν
2819 2939 3023 3011 σφοδρά
3111 2938 3204 2991 τοῦ
3230 2938 3400 3009 πυρὸς
3430 2939 3463 3008 ἡ
3491 2938 3643 3007 φλὸξ,

2085 3032 2145 3083 τὸ
2171 3031 2315 3092 ἕλεος
2353 3028 2511 3082 τοῦτο
2535 3026 2629 3081 τοῦ
2660 3029 2758 3098 μὲν
2798 3028 2969 3099 πυρός
3012 3028 3128 3080 ἐστι
3174 3026 3476 3090 σ6εστικὸν,
3514 3027 3645 3096 ήμίν

2085 3118 2141 3170 δέ
2171 3117 2344 3185 φωτὸς
2382 3116 2569 3169 αἴτιον.
2601 3115 2757 3168 Οὕτω
2802 3114 2896 3168 τοῦ
2940 3115 3110 3186 πυρὸς
3157 3114 3258 3184 τῆς
3290 3113 3514 3183 γεέννης
3558 3113 3645 3166 διὰ

2084 3204 2272 3256 τούτου
2307 3202 2804 3273 ἀπαλλαγησόμεθα
2834 3218 2847 3232 ⁶
2885 3202 3007 3254 ἐπεὶ
3045 3200 3210 3253 πόθεν
3248 3200 3639 3269 σπλαγχνισθή-

2088 3307 2237 3342 σεται
2264 3289 2359 3343 κει).
2388 3289 2633 3357 ἐλεήσει;
2673 3288 2805 3341 Ἀπὸ
2832 3288 2930 3359 τῆς
2950 3288 3170 3358 ἀγάπης
3194 3289 3221 3340 6
3246 3288 3392 3350 ἔλεος
3414 3288 3642 3355 γίνεται.

2087 3378 2250 3430 Οὐδὲν
2286 3375 2427 3429 οὕτω
2458 3374 2748 3446 παροξύνει
2777 3375 2869 3427 τὸν
2906 3374 3058 3439 Θεὸν,
3100 3375 3176 3437 ὡς
3210 3375 3270 3427 τὸ
3312 3373 3645 3445 ἁνελεήμονα

2086 3458 2244 3517 εἶναι.
2277 3461 2628 3534 Προσηνέχθη
2649 3460 2798 3530 αύτῷ
2825 3478 2907 3523 τις
2934 3460 3162 3529 ὀφείλων
3191 3462 3360 3531 μυρία
3387 3461 3644 3525 τάλαντα,

2087 3551 2181 3603 καὶ
2207 3548 2621 3619 σπλαγχνισθεὶς
2640 3545 2985 3617 συνεχώρησε
3008 3563 3023 3578 ο
3052 3547 3143 3600 καὶ
3165 3548 3356 3616 ἐκείνῳ
3384 3546 3646 3615 ὠφείλετο

2087 3639 2239 3708 παρά
2275 3637 2368 3691 τοῦ
2400 3635 2679 3689 συνδούλου
2711 3635 2904 3687 ἑκατὸν
2930 3634 3186 3705 δηνάρια,
3216 3635 3309 3688 καὶ
3349 3631 3517 3705 ἧγχεν
3551 3633 3647 3685 αύ-

2085 3728 2178 3779 τόν
2202 3741 2216 3754 ·
2252 3722 2337 3777 διὰ
2365 3722 2519 3775 τοῦτο
2543 3722 2859 3791 παρέδωκεν
2882 3721 3045 3775 αὐτὸν
3072 3723 3101 3774 6
3124 3720 3311 3792 κύριος
3339 3724 3451 3783 τοῖς
3482 3720 3646 3790 βασα-

2087 3811 2433 3875 νισταῖς,ἓως
2452 3806 2510 3864 οῦ
2524 3809 2703 3879 ἀποδῷ
2729 3810 2789 3862 τὸ
2810 3810 3179 3880 ὀφειλόμενον.
3209 3809 3393 3862 Ταῦτα
3425 3808 3647 3862 ἀκούον-

2086 3916 2198 3963 τες,
2261 3899 2547 3967 ἐλεήμονες
2577 3891 2725 3966 ὦμεν
2756 3895 2885 3967 περὶ
2916 3898 3044 3961 τοὺς
3079 3895 3390 3967 ὀφείλοντας
3422 3897 3478 3949 ἐν
3507 3897 3645 3966 χρή-

2092 4003 2273 4057 μασιν,
2324 3988 2383 4039 ἐν
2430 3985 2825 4055 ἁμαρτήμασι·
2866 3986 3062 4057 μηδεὶς
3110 3986 3443 4056 μνησίκακος
3485 3983 3643 4043 ἔστω,

2089 4075 2232 4141 εἴγε
2266 4070 2340 4143 μὴ
2376 4072 2619 4142 βούλοιτο
2663 4070 2857 4126 ἐαυτὸν
2898 4071 3125 4126 ἀδικεῖν.
3167 4072 3241 4125 Ού
3291 4072 3398 4141 γὰρ
3442 4071 3647 4122 ἐκεῖνον

2089 4160 2339 4217 τοσοῦτον
2389 4159 2464 4231 μὴ
2519 4159 2701 4228 ἀφιεὶς
2750 4160 2959 4223 λυπεῖς,
3018 4160 3141 4212 ὅσον
3176 4159 3366 4211 ἐαυτὸν
3419 4157 3642 4217 ἀδικεῖς.

2102 4248 2324 4319 Ἐκείνῳ
2354 4247 2451 4317 μὲν
2484 4245 2614 4317 γὰρ,
2659 4245 2965 4309 ἐπεξιόντος
3010 4262 3127 4309 σου,
3172 4246 3271 4297 οὐκ
3317 4243 3585 4306 ἐπέξεισιν
3618 4243 3647 4291 ὀ

2090 4335 2221 4398 Θεός
2240 4351 2254 4365 ·
2288 4334 2381 4388 σοῦ
2399 4334 2456 4387 δὲ
2478 4332 2888 4396 καταλιπόντος,
2916 4333 2949 4403 ἢ
2983 4332 3248 4396 ἐπέξεισιν
3277 4330 3454 4392 αὐτὸς,
3490 4328 3522 4397 ἦ
3548 4328 3647 4389 τὰς

2092 4422 2365 4495 ἀμαρτίις
2392 4438 2485 4473 σου
2518 4420 2733 4491 ἀφίησι.
2759 4420 2883 4482 Πῶς
2904 4420 2959 4472 δὲ
2992 4419 3065 4488 μὴ
3090 4418 3267 4485 ἀφιεὶς
3299 4417 3362 4468 σὺ
3398 4415 3474 4485 τῷ
3511 4415 3647 4485 πλη-

2092 4512 2234 4574 σίον,
2267 4510 2542 4580 βασιλείαν
2570 4510 2781 4579 ζητεῖς;
2814 4508 2991 4577 Ὅπερ
3018 4507 3103 4558 ἵνα
3125 4505 3199 4577 μὴ
3231 4506 3508 4575 πάθωμεν,
3544 4505 3649 4557 πᾶ-

2096 4615 2179 4651 σιν
2211 4596 2457 4667 ἀφῶμεν·
2484 4596 2695 4657 ἑαυτοῖς
2722 4592 2831 4663 γὰρ
2854 4594 3106 4663 ἀφίεμεν·
3152 4592 3256 4645 κα“ι’
3279 4592 3647 4661 συγχωρήσω-

2097 4700 2218 4754 μεν,
2249 4683 2334 4736 ἴνα
2376 4684 2405 4735 6
2452 4682 2583 4745 Θεὸς
2627 4681 2952 4750 συγχωρήσῃ
2998 4680 3128 4750 ἡμῖν
3174 4678 3243 4732 τὰ
3281 4678 3649 4748 ἁμαρτήματα

2093 4769 2381 4842 ήμῶν,καὶ
2400 4768 2542 4822 οὕτω
2563 4768 2671 4822 τῶν
2701 4766 2999 4838 μελλόντων
3030 4765 3374 4837 ἐπιτύχωμεν
3404 4764 3646 4834 ἀγαθῶν,

2093 4858 2187 4911 καὶ
2210 4858 2276 4914 τὰ
2308 4856 2454 4928 ἑξῆς.
