4130 6386
465 254 573 310 213

1129 259 1185 314 S.
1219 255 1498 313 JOANNIS
1532 255 1895 313 CHRYSOST
1916 249 2027 312 03H
2062 252 2377 311 Αιιοηιει).
2410 249 2947 309 CONSTANTINOP.

3592 246 3698 303 2U

1931 683 2174 737 ΟΜΙΛΙΔ
2207 684 2282 737 E'.

475 841 547 895 Et
575 861 663 909 τις
685 836 795 896 οὖν
822 841 1198 908 παράκλησις
1221 838 1290 893 ἐν
1316 838 1569 908 Χριστῷ,
1598 838 1653 889 ετ
1684 856 1737 890 τι
1772 837 2043 909 παραμύέ

542 908 672 967 Οιον
707 909 973 993 ἀγάπης,
1016 911 1070 963 εἷ
1110 925 1200 993 τις
1227 911 1527 993 ’κοινωνία
1570 910 1941 993 πνεύματος,
1988 908 2043 961 εἴ

541 988 676 1060 τινὰ
696 978 1021 1060 Uighard
1055 979 1153 1060 καί
1186 980 1469 1060 οζκτιρμοί
1489 996 1501 1009 ·
1528 978 1828 1060 ¹ςτληροξοά
1841 978 2043 1060 τέ’,ιιρυ

542 1053 656 1120 τὴν
685 1046 1045 1121 χηρᾶν-’,ἶνα
1078 1050 1142 1102 τὸ
1171 1046 1339 1103 αὐτὰ
1362 1046 1621 1121 φρονῆτε
1641 1088 1655 1108 .
1694 1047 1807 1114 τὴν
1834 1046 2045 1121 ,αὐτὴν

542 1117 781 1191 ἀγάπην
802 1120 1063 1191 ἔχοντες,
1088 1117 1421 1188 σύμψυχοι,
1452 1118 1518 1191 τὸ
1538 1118 1607 1191 ἐν
1629 1117 2041 1191 φρονοῦν-τες

520 1184 737 1262 ,μηδὲν
781 1184 906 1241 κατ’
948 1184 1282 1262 ἐρῖθειζινῆ
1307 1184 1708 1262 ’κενοδοξίαιω
1760 1188 1923 1262 ἀλλὰ
1970 1184 2044 1254 τῇ

426 1326 430 1330 _
522 1260 1064 1330 ταπεινοφροσύνῃ
1116 1260 1427 1330 ἀλλήλους
1486 1260 1802 1330 ἡγούμενοι
1840 1260 2045 1326 ὑπερ-

542 1330 797 1398 έχοντας
834 1329 1091 1382 ἑαυτῶν·
1119 1331 1208 1397 μὴ
1249 1331 1323 1384 τὰ
1355 1329 1583 1383 ἑαυτῶν
1613 1329 1870 1392 ἕκαστος
1901 1343 2046 1381 σκο·

442 1424 443 1427 η
544 1401 729 1463 πεῖτε,
761 1401 925 1456 ἀλλὰ
952 1399 1051 1453 καὶ
1078 1402 1149 1454 τὰ
1173 1398 1389 1467 ἐτέρων
1414 1400 1690 1465 ἕκαστος.

545 1542 783 1598 α’.οὑδὲν
801 1544 1041 1613 ἄμεινον.
1055 1544 1205 1597 οὐδὲν
1226 1544 1607 1617 φιλοστοργότε
1614 1563 1705 1615 ρον
1720 1545 2044 1601 διᾶισκάλου

475 1636 844 1704 πνευματικοῦ
866 1654 879 1668 ο
905 1637 1103 1699 παντὸς
1129 1637 1330 1708 πατρὸς
1352 1636 1561 1691 εὖνοιαν
1590 1636 1923 1711 παρέρχεται
1947 1656 2046 1707 φυ-

476 1728 651 1783 σικοῦ.
683 1730 823 1798 Ὅρα
848 1727 1000 1797 γοῦν,
1028 1730 1056 1783 6
1088 1730 1352 1801 μακάριος
1375 1724 1527 1795 οὗτος
1544 1731 1662 1784 οἷαν
1687 1730 1900 1803 τίθησιν
1934 1733 2047 1785 ἱκε-

473 1820 671 1890 τηρίαν
699 1820 831 1889 πρὸς
859 1820 1251 1889 Φιλιππησίους
1278 1822 1417 1893 ὑπὲρ
1446 1821 1553 1874 τῶν
1584 1822 1812 1886 ἐκείνοις
1845 1840 2049 1893 συμφεο

478 1913 699 1983 ρόντων.
722 1911 786 1963 Τί
820 1911 924 1983 γάρ
956 1929 1109 1979 φησι,
1137 1913 1267 1982 περὶ
1298 1912 1550 1982 ὁμονοίας
1571 1908 1927 1981 παρακαλῶν,
1954 1912 2046 1967 τοῦ

476 2003 694 2056 πάντων
732 2004 905 2058 αἰτίου
941 2003 1046 2056 τῶν
1080 2003 1295 2070 καλῶν;
1329 2005 1432 2074 ὅρα
1474 2003 1591 2072 πῶς
1626 2003 1893 2073 λιπαρῶς,
1933 2003 2049 2066 πῶς

476 2095 725 2165 σφοδρῶς
743 2136 758 2159 ,
792 2096 907 2159 πῶς
939 2095 1076 2165 μετά
1104 2096 1443 2165 συμπαθείας
1472 2094 1689 2165 πολλῆς.
1722 2096 1767 2147 Ε
1775 2086 1798 2150 ί
1821 2112 1911 2161 τις
1935 2089 2049 2149 οὖν

474 2185 863 2253 παράκλησις
900 2185 969 2239 ἐν
1010 2185 1259 2251 Χριστῷ,
1304 2185 1456 2256 φησί.
1489 2186 1807 2252 Τουτέστιν,
1846 2185 1902 2239 εῖ
1928 2201 2051 2239 τινα

481 2276 632 2347 ἔχετε
665 2274 1006 2345 παράκλησιν
1036 2277 1092 2327 ἐν
1136 2274 1357 2347 Χριστῷ
1382 2291 1396 2304 ·
1431 2276 1508 2339 ὡς
1551 2276 1618 2329 ἂν
1654 2277 1703 2330 εί
1738 2277 1961 2345 ἐλεγεν⁶
1987 2277 2053 2330 Εἴ

480 2368 603 2420 τινά
629 2384 729 2436 μου
758 2366 912 2435 λόγον
938 2366 1100 2436 ἔχεις,
1128 2368 1181 2420 εί
1203 2367 1289 2431 τίς
1319 2384 1401 2420 σοι
1423 2369 1638 2439 φροντὶς
1661 2367 1819 2439 ἐμοῦ,
1847 2367 2050 2421 εἴποτε

479 2456 541 2513 εὖ
578 2458 777 2523 ἔπαθές
822 2476 876 2513 τι
914 2458 1044 2528 παρ’
1084 2457 1254 2527 ἐμοῦ,
1297 2459 1415 2511 τόδε
1472 2460 1716 2531 ποίησον.
1765 2460 1953 2531 Τούτῳ
1996 2456 2053 2514 δέ

482 2550 801 2622 κεχρήμεθα
813 2550 912 2619 τῆς
934 2548 1227 2618 διαθέσεως
1242 2549 1320 2621 τῷ
1337 2551 1543 2621 τρόπῳ,
1569 2552 1694 2605 ὅταν
1712 2552 1854 2623 ὑπὲρ
1879 2552 2055 2623 πράγ-

488 2660 655 2717 ματρς
695 2641 957 2711 ἀξιῶμεν,
998 2640 1027 2693 ὃ
1062 2641 1277 2694 πάντων
1322 2641 1681 2712 προτίθεμεν’
1732 2644 1795 2697 οὑ
1829 2642 1960 2713 7&9,
2006 2645 2054 2697 εἰ

492 2735 567 2806 μὴ
596 2736 812 2789 πάντων
856 2735 986 2788 αὐτὸ
1015 2735 1405 2806 προετίθεμεν,
1447 2738 1664 2791 πάντων
1691 2738 1795 2810 τὴν
1826 2740 2057 2810 ἀμοιϐὴν

486 2820 547 2881 ἐν
584 2829 776 2898 ἐκείνῳ
811 2827 997 2883 λαϐεῖν
1030 2828 1383 2899 ἐϐουλόμεθα,
1422 2828 1576 2903 [228]
1613 2832 1708 2885 καὶ
1751 2832 1821 2886 δι’
1849 2833 2057 2887 ἐκείνου

483 2921 550 2974 ’τὸ
582 2924 690 2974 πᾶν
716 2920 973 2989 ἐλέγομεν
1006 2920 1331 2977 δείκνυσθαι.
1379 2922 1572 2993 Ἡμεῖς
1609 2924 1707 2994 μὲν
1745 2921 1840 2980 οὖν
1869 2942 2059 2997 σαρκι-

488 3012 603 3066 κῶν
630 3011 1010 3098 δικαιωμάτων
1044 3012 1550 3087 ὐπομιμνήσκομεν.
1589 3016 1675 3079 Ὧς
1700 3015 1766 3069 ἂν
1797 3018 1848 3069 εί
1879 3018 2061 3091 πατὴρ

489 3102 624 3175 πρὸς
654 3102 767 3154 υίδν
791 3102 996 3171 ἔλεγεν·
1022 3102 1090 3156 Et
1116 3121 1200 3168 τις
1224 3100 1317 3159 οῦν
1342 3123 1422 3159 σοι
1449 3109 1655 3178 πατρὸς
1682 3106 1871 3173 αἰδὼς,
1905 3110 1958 3163 εί
1979 3128 2062 3174 τις

488 3195 799 3265 ἀνατροφῆς
826 3196 1034 3267 μνήμη,
1063 3196 1117 3250 εἴ
1139 3214 1224 3259 τις
1248 3197 1627 3267 φιλοστοργίας
1654 3202 1753 3270 τῆς
1786 3199 1918 3271 πρὸς
1939 3201 2059 3271 ἐμὲ,

482 3286 549 3341 ιεῐ
572 3305 654 3351 τις
681 3288 847 3357 τιμῆς
870 3280 937 3359 ἧς
969 3287 1157 3358 ἔτυχες
1186 3291 1316 3360 παρ’
1340 3289 1498 3359 ἐμοῦ,
1528 3291 1680 3354 εἴτις
1712 3292 1944 3356 εὐυυίας,
1986 3293 2060 3363 μὴ

487 3379 585 3432 ἔσο
608 3378 683 3449 τῷ
716 3378 926 3449 ἀδελφῷ
950 3378 1141 3449 ἐχθρός
1156 3397 1170 3411 υ
1200 3380 1495 3443 τουτέστιν,
1522 3381 1667 3435 Ἀντὶ
1688 3382 1905 3437 πάντων
1924 3383 2064 3436 ἐκεί-

491 3484 599 3521 νων
634 3468 837 3538 ταύτην
876 3470 1009 3523 αἰτῶ
1041 3468 1141 3540 τὴν
1172 3470 1430 3541 ἀμοιϐήν.
1487 3470 1626 3523 Ἀλλ’
1659 3472 1757 3542 οὑχ
1786 3472 1817 3527 6
1855 3472 2063 3536 Παῦλος

486 3558 703 3624 οὑτωςο
738 3560 951 3623 οὐδενὸς
994 3560 1104 3634 7&‘9
1150 3559 1414 3631 σαρκικοῦ
1453 3563 1882 3635 ὑπομιμνήσκει,
1929 3565 2064 3618 ἀλλὰ

492 3654 712 3706 πάντων
746 3653 1154 3721 πνευματικῶν.
1198 3652 1264 3708 Ὃ
1297 3653 1355 3706 δὲ
1386 3653 1567 3723 λέγει,
1600 3653 1842 3712 τοιοῦτόν
1875 3656 2023 3709 ἐστιν
2046 3672 2061 3686 ⁶

490 3743 567 3798 Εἴ
584 3738 706 3797 τινά
740 3762 828 3817 μοι
853 3743 1108 3815 βούλεσθε
1135 3744 1480 3816 παράκλησιν
1507 3748 1565 3799 ἐν
1592 3748 1704 3810 τοῖς
1737 3750 2061 3818 πειρασμοῖς

489 3834 697 3897 δοῦναι,
723 3836 815 3887 καὶ
832 3834 1143 3906 προτροπὴν
1168 3837 1224 3889 ἐν
1248 3835 1488 3905 Χριστῷ,
1506 3837 1688 3889 εῐτινα
1713 3838 2066 3907 παραμυθίαν

489 3925 738 3995 ἀγάπης,
774 3924 827 3978 εῐ
856 3937 982 3979 τινα
1007 3926 1291 3979 κοινωνίαν
1326 3926 1497 3990 δεῖξαι
1536 3927 1636 3997 τὴν
1672 3928 1729 3981 ἐν
1756 3927 2064 3997 πνεύματι,

491 4016 552 4070 εἴ
590 4034 712 4071 τινα
738 4016 890 4087 ἔχετε
929 4016 1211 4087 σπλάγχνα
1241 4016 1336 4069 καὶ
1370 4019 1707 4088 οίκτιρμούς,
1740 4019 2068 4089 πληρώσατέ

498 4125 603 4177 μου
634 4107 729 4178 τὴν
755 4106 949 4178 χαράν.
994 4107 1068 4162 E1
1100 4123 1234 4162 τινα
1269 4108 1594 4177 σπλάγχνα
1630 4109 1731 4164 καὶ
1758 4111 2064 4179 οἰκτιρμοί.

491 4198 830 4268 οἰκτιρμούς
857 4215 1021 4269 φησιν
1044 4198 1242 4254 ἐαυτοῦ
1264 4199 1373 4253 τῶν
1403 4199 1660 4270 μαθητῶν
1684 4199 1785 4271 τὴν
1818 4200 2070 4271 ὁμόνοιαν

490 4294 530 4347 6
559 4292 800 4355 Παῦλος.
836 4292 1050 4355 δεικνὺς
1075 4292 1158 4355 ὡς
1203 4293 1261 4345 ἐν
1297 4293 1411 4355 τοῖς
1444 4291 1694 4361 ἐσχάτοις
1724 4293 1754 4345 6
1792 4292 2069 4355 νλνδυνος,

495 4382 597 4435 ἐὰν
629 4382 703 4453 μὴ
730 4382 1048 4452 ὁμονοῶσιν.
1082 4382 1143 4434 Εἰ
1186 4381 1334 4445 ἐστι,
1370 4382 1538 4452 φησὶ,
1575 4384 1758 4451 τυχεῖν
1789 4382 2072 4453 τήρακλή-

497 4491 641 4535 σεως
658 4474 785 4543 παρ’
812 4474 985 4544 ὑμῶν,
1003 4474 1051 4527 εἰ
1068 4473 1184 4527 ἔστι
1208 4476 1390 4544 τυχεῖν
1413 4473 1519 4527 ἀπὸ
1546 4473 1646 4545 τῆς
1674 4473 1897 4545 ἀγάπης
1920 4475 2073 4544 ὑμῶν

501 4563 853 4634 παραμυθίας
879 4566 1041 4629 τινὸς,
1071 4568 1119 4619 εί
1148 4565 1295 4618 ἔστιν
1328 4554 1454 4635 ὑμῖν
1473 4567 1799 4636 κοινωνῆσαι
1828 4564 1888 4620 ἐν
1914 4567 2076 4619 πνεύ-

504 4672 670 4723 ματι,
702 4656 750 4708 εί
800 4655 914 4708 ἐστι
955 4656 1281 4726 κοινωνῆσαι
1320 4657 1448 4725 ὑμῖν
1479 4658 1538 4709 ἐν
1590 4656 1814 4728 Κυρίῳ,
1848 4658 1900 4710 εί
1929 4657 2075 4710 ἐστιν

499 4745 793 4813 ἐλεηθῆναι
819 4749 948 4817 παρ’
972 4748 1123 4817 ὑμῶν
1146 4749 1237 4800 καὶ
1261 4747 1683 4818 οίκτειρηθῆναι,
1714 4748 1819 4802 πιάν
1832 4759 1934 4803 των
1962 4749 2080 4800 τού-

500 4854 615 4891 των
648 4836 746 4906 τὴν
802 4838 1067 4891 ἀντίδοσιν
1109 4840 1167 4892 ἐν
1219 4841 1284 4909 τῇ
1330 4839 1519 4910 ἀγάπῃ
1567 4838 1815 4903 δείξατε·
1859 4839 2078 4893 πάντων

498 4927 709 4982 τούτων
738 4928 945 4998 ἔτυχον,
980 4931 1074 4982 ἐὰν
1109 4931 1359 4997 ἀγαπᾶτε
1396 4930 1676 5000 ἀλλήλους.
1711 4930 2080 5000 Πληρώσατέ

498 5038 623 5087 μου
668 5020 782 5087 τὴν
817 5020 1026 5088 χαράν.
1078 5022 1239 5091 Ὅρα,
1276 5022 1361 5075 ἵνα
1396 5022 1469 5092 μὴ
1514 5021 1638 5092 δόξῃ
1669 5024 1702 5092 ὴ
1756 5024 2079 5094 παραίνεσις

498 5113 583 5176 ὡς
610 5115 745 5182 πρὸς
773 5113 1112 5187 ἐλλείποντας
1136 5115 1216 5167 ἔτι
1246 5116 1588 5185 γεγενῆσθαι,
1606 5116 1717 5167 ὀὐκ
1743 5110 1893 5181 εἷπει,
1916 5117 2080 5185 Ποιή-

509 5204 643 5257 σατέ
678 5221 793 5273 μοι,
827 5203 984 5268 ἀλλὰ,
1040 5205 1398 5273 Πληρώσατε
1419 5222 1434 5238 ο
1466 5206 1760 5271 τουτέστιν,
1801 5205 2083 5276 Ἥρξασθε

506 5295 759 5365 φυτεύειν
780 5298 836 5348 ἐν
868 5295 987 5367 ἐμοί
1013 5312 1025 5325 ·
1062 5298 1163 5367 ήδη
1191 5314 1278 5367 μοι
1308 5295 1645 5366 μετεδώκατε
1672 5297 1734 5349 τὸ
1753 5298 1871 5367 εἱρη
1885 5295 2083 5356 νεύειν,

510 5383 632 5441 ἀλλ’
663 5390 743 5451 είς
773 5388 925 5453 τέλος
961 5388 1211 5457 ἐπιθυμῶ
1239 5388 1430 5442 ἐλθεῖν.
1461 5390 1525 5442 Τί
1563 5389 1761 5459 βούλει,
1797 5390 1925 5443 είτιὲ
1957 5405 2085 5459 μοις

510 5480 600 5531 ἵνα
622 5497 680 5532 σε
708 5482 964 5534 κινδύνων
990 5480 1384 5550 ἀπαλλάξωμεν
1407 5499 1421 5548 ;
1456 5482 1543 5535 ῖνα
1572 5482 1651 5536 σοί
1680 5500 1731 5535 τι
1757 5499 1889 5553 χορη
1904 5483 2088 5552 γήσω-

516 5586 649 5635 μεν;
686 5570 848 5623 Οὑδέν
901 5570 1136 5636 τούτων,
1188 5571 1383 5640 φησὶν,
1432 5570 1568 5637 ἀλλ’,
1624 5570 1757 5625 Ἵνα
1802 5570 1983 5639 ὑμειῖς
2018 5570 2087 5624 τὸ

501 5657 661 5713 αὐτὸ
710 5661 998 5731 φρονῆτε,
1038 5663 1151 5731 τὴν
1197 5663 1390 5732 αὐτὴν
1436 5663 1678 5733 ἀγάπην
1713 5664 1995 5733 ἕχον-τηις,
2027 5662 2083 5714 ἐν

2141 834 2176 911 ᾗ
2204 837 2472 909 ἧρξασθε,
2506 837 2838 905 σύμψυχοι,
2873 834 2940 888 τὸ
2976 833 3046 887 ἐν
3082 832 3465 902 φρονοῦντες.
3496 831 3669 887 Βαϐαῖ
3690 870 3704 895 ,

2143 932 2372 994 ποσάκις
2396 932 2457 983 τὸ
2495 930 2625 984 αὐτὸ
2656 930 2806 997 λέγει
2846 927 2951 981 ἀπὸ
2975 926 3263 991 διαθέσεως
3296 926 3495 995 πολλῆς
3512 928 3531 1001 ί.
3573 928 3707 981 ἰνα

2141 1022 2209 1075 τὸ
2244 1022 2386 1075 αὐτὸ
2415 1019 2675 1091 φρονῆτε
2695 1061 2709 1085 ,
2740 1020 2893 1090 φησὶ,
2931 1019 3132 1088 μᾶλλον
3160 1018 3240 1083 δὲ,
3270 1018 3361 1071 ἴνα
3394 1017 3456 1071 τὸ
3489 1016 3547 1070 ἓν
3578 1034 3709 1089 φρο-

2144 1115 2288 1183 νῆτε.
2314 1111 2482 1165 Τοῦτο
2506 1111 2613 1181 γὰρ
2637 1108 2843 1181 προῖὼν
2858 1109 3125 1181 ἐδήλωσεν
3156 1108 3346 1174 εἰπὼν,
3377 1110 3420 1163 Τ
3417 1107 3448 1161 ὸ
3475 1106 3545 1160 ἐν
3571 1124 3711 1175 φρο-

2142 1205 2426 1270 νοῦντες*
2452 1203 2481 1255 ὃ
2512 1202 2633 1267 τοῦ,
2676 1203 2744 1257 Τὸ
2772 1201 2939 1267 αὐτὸ,
2974 1199 3158 1270 μεῖζόν
3201 1200 3336 1253 ἐστι.
3378 1198 3496 1265 Τὴν
3519 1197 3712 1264 αὐτὴν

2146 1293 2385 1364 ἀγάπην
2415 1295 2686 1360 ἔχοντες·
2725 1293 2987 1355 τουτέστι,
3041 1293 3114 1362 μὴ
3157 1291 3343 1355 ἁπλῶς
3371 1292 3500 1361 περὶ
3531 1290 3712 1343 πίστιν

2149 1378 2342 1456 μόνον,
2379 1382 2515 1438 ἀλλὰ
2554 1384 2647 1437 καὶ
2684 1383 2742 1435 ἐν
2775 1386 2887 1447 τοῖς
2930 1383 3108 1446 ἄλλοις
3139 1384 3359 1438 ἅπασιν.
3405 1383 3561 1436 Ἔστι
3602 1381 3710 1452 7&9

2146 1477 2241 1531 καὶ
2276 1476 2337 1530 τὸ
2360 1476 2491 1530 αὐτὸ
2524 1477 2760 1547 φρονεῖν,
2795 1476 2887 1528 καὶ
2915 1474 2990 1546 μὴ
3023 1476 3241 1543 ἀγάπην
3270 1474 3432 1543 ἔχειν.
3462 1474 3579 1541 Τὴν
3606 1475 3710 1526 αὺ-

2146 1569 2261 1636 τὴν
2292 1568 2530 1637 ἀγάπην
2550 1568 2800 1637 ’ἔχοντες
2817 1584 2831 1598 ·
2862 1566 3161 1630 τουτέστιν,
3189 1565 3389 1635 ὁμοίως
3415 1563 3511 1617 καὶ
3539 1562 3709 1631 φιλεῖν

2146 1662 2240 1716 καὶ
2272 1661 2556 1729 φιλεῖσθαι.
2585 1660 2761 1730 Μὴσὺ
2791 1660 2889 1729 μὲν
2911 1658 3147 1733 ἀπόλαυε
3178 1656 3278 1727 τῆς
3314 1657 3533 1726 πολλῆς,
3560 1655 3711 1709 ἐλάτα

2145 1771 2274 1807 τονα
2317 1753 2375 1806 δέ
2420 1754 2532 1814 τοῖς
2582 1751 2761 1813 ἄλλοις
2812 1750 3047 1819 πάρεχε,
3088 1748 3175 1801 ἴνα
3224 1747 3317 1800 καὶ
3353 1747 3411 1799 ἐν
3447 1745 3620 1814 τούτῳ
3646 1739 3711 1816 ᾖς

2147 1845 2491 1913 πλεονέκτης.
2524 1840 2585 1896 Εἰ
2619 1842 2727 1912 γάρ
2750 1858 2893 1904 τινες
2924 1838 3099 1902 τοῦτο,
3132 1837 3267 1891 ἀλλὰ
3294 1839 3358 1891 σὺ
3389 1836 3463 1906 μὴ
3497 1837 3710 1906 ἀνέχου.

2147 1936 2481 2003 Σύμψυχοι,
2523 1932 2655 2003 φησί
2681 1947 2695 1962 ·
2734 1930 2998 1994 τουτέστι,
3044 1931 3140 2000 μιᾷ
3176 1928 3320 1998 ψυχῇ
3377 1928 3448 1981 τὰ
3498 1926 3714 1979 πάντων

2148 2026 2504 2095 οἰκειούμενοι
2530 2023 2772 2094 σώματα,
2799 2022 2859 2074 οὑ
2884 2014 2949 2093 τῇ
2975 2021 3131 2091 οὐσίᾳ
3166 2020 3249 2087 (οὐ
3282 2019 3389 2091 γάρ
3417 2019 3531 2071 ἐστι
3557 2018 3713 2071 δυνα-

2147 2117 2284 2185 τὸν),
2318 2114 2451 2169 ἀλλὰ
2475 2118 2541 2186 τῇ
2574 2112 2888 2185 προαιρέσει
2914 2113 3006 2165 καὶ
3037 2114 3105 2182 τῇ
3137 2109 3325 2182 γνώμῃ
3346 2125 3359 2139 ’
3391 2110 3465 2173 ὠς
3490 2110 3555 2161 ἐκ
3586 2110 3713 2179 μιᾶς

2148 2208 2324 2279 ψυχῆς
2342 2206 2410 2260 τὰ
2438 2206 2613 2260 πάντα
2634 2206 2885 2275 γινέσθω.
2916 2202 2981 2255 Τί
3010 2204 3143 2263 ἐστι,
3170 2203 3521 2269 Σύμψυχοι;
3562 2200 3713 2268 Ἐδή-

2149 2301 2321 2353 λωσεν
2350 2297 2519 2351 είπὼν
2540 2336 2555 2361 ,
2588 2290 2655 2350 Τὸ
2688 2293 2758 2349 ἓν
2790 2294 3154 2365 φρονοῦντες
3172 2310 3186 2326 ⁸
3223 2292 3371 2364 [229]
3400 2292 3456 2344 ἓν
3484 2291 3622 2344 ἔστω
3652 2289 3713 2344 τὸ

2153 2391 2425 2462 φρόνημα,
2455 2388 2641 2459 ὥσπερ
2670 2388 2797 2457 μιᾶς
2824 2385 3020 2456 ψυχῆς.
3048 2383 3250 2451 Μηδὲν
3272 2384 3421 2437 κατὰ
3436 2383 3710 2449 ἐρίθειαν.

2165 2480 2329 2545 Ἀξιοῖ
2362 2479 2545 2534 λοιπὸν
2582 2479 2677 2532 καὶ
2708 2477 2799 2531 τὸν
2838 2476 3037 2548 τρόπον
3081 2475 3231 2543 λέγει
3251 2514 3264 2534 ,
3296 2472 3412 2534 πῶς
3439 2468 3522 2524 ἂν
3559 2470 3715 2523 τοῦτο

2154 2572 2365 2640 γένοιτο
2384 2588 2398 2602 ·
2432 2569 2635 2637 Μηδὲν
2662 2568 2810 2622 κατὰ
2831 2567 3106 2637 ἐρίθειαν,
3136 2564 3174 2633 ἢ
3210 2562 3583 2625 κενοδοξίαν,
3615 2576 3718 2629 φη-

2157 2663 2261 2717 σίν.
2294 2663 2470 2733 Ὅπερ
2501 2660 2587 2717 ἀεί
2621 2677 2785 2730 φημι,
2818 2659 2899 2712 ὅτι
2927 2658 3143 2711 πάντων
3186 2655 3356 2708 αἴτιον
3398 2653 3505 2705 τῶν
3531 2650 3718 2705 κακῶν

2156 2754 2312 2810 τοῦτό
2348 2755 2493 2806 ἐστιν
2515 2767 2529 2781 ·
2575 2750 2821 2804 ἐντεῦθεν
2849 2749 2904 2802 αἱ
2932 2748 3101 2819 μάχαι
3136 2744 3230 2801 καὶ
3262 2747 3313 2798 αἱ
3346 2744 3510 2815 ἕρεις.
3538 2742 3719 2795 ἐντεῦο

2160 2842 2251 2897 θεν
2284 2843 2341 2896 αἱ
2380 2833 2669 2911 βασ”κανίαι
2696 2838 2789 2892 καὶ
2816 2837 3155 2907 φιλονεικίαι,
3186 2832 3431 2887 ἐντεῦθεν
3460 2832 3557 2901 τῆς
3588 2830 3721 2898 ἀγά·

2160 2951 2271 3004 πης
2300 2935 2335 3003 ἡ
2359 2931 2539 3001 ψύξις,
2573 2930 2698 2984 ὅταν
2725 2928 2825 2999 τῆς
2849 2928 2955 2982 τῶν
2981 2925 3278 2998 ἀνθρώπων
3300 2921 3456 2993 δόξης
3486 2920 3718 2991 ἐρῶμεν,

2159 3027 2287 3079 ὅταν
2317 3022 2489 3077 δοῦλοι
2518 3021 2619 3090 τῆς
2637 3019 2744 3074 τῶν
2772 3017 2978 3073 πολλῶν
3007 3012 3155 3087 ὦμεν
3185 3016 3349 3086 τιμῆς
3371 3030 3384 3045 ⁸
3423 3015 3484 3067 οὐ
3514 3012 3621 3085 γὰρ
3644 3012 3722 3067 ἔνι

2160 3112 2317 3185 δόξης
2352 3114 2479 3168 ὄντα
2511 3112 2727 3175 δοῦλον,
2768 3105 2905 3165 εἶναι
2947 3110 3043 3163 καὶ
3085 3107 3220 3162 Θεοῦ
3252 3106 3434 3160 δοῦλον
3482 3104 3719 3176 γνήσιον.

2160 3208 2287 3270 Πῶς
2321 3202 2414 3260 οὖν
2463 3205 2563 3277 τὴν
2598 3201 2903 3268 κενοδοξίαν
2943 3199 3223 3269 φύγωμεν,
3268 3197 3472 3267 φησίν;
3515 3195 3726 3248 οὐδέπω

2166 3299 2273 3372 7&9
2301 3293 2461 3361 εἶπας
2493 3296 2630 3351 ὁδόν.
2668 3295 2864 3347 ’Ἄκουε
2890 3290 2997 3345 τῶν
3025 3288 3398 3359 ἐπαγομένων·
3433 3284 3617 3341 Ἀλλὰ
3651 3284 3725 3352 τῇ

2168 3388 2720 3458 ταπεινοφροσύνῃ,
2785 3384 2981 3453 φησιν,
3042 3380 3355 3445 ἀλλήλους
3410 3376 3727 3445 ἡγούμενοι

2167 3480 2575 3550 ὑπερέχοντας
2590 3475 2837 3531 ἑαυτῶν.
2859 3472 3050 3537 Βαϐαὶ,
3076 3471 3192 3532 πῶς
3215 3471 3391 3539 δόγμα
3413 3466 3728 3537 φιλοσοφίας

2168 3573 2337 3642 γέμον
2369 3569 2568 3638 πάσης,
2605 3567 2700 3621 καὶ
2746 3564 2900 3636 ἡμῶν
2932 3563 3032 3632 τῆς
3070 3561 3339 3632 σωτηρίας
3373 3558 3729 3629 συγκρότημα

2170 3664 2414 3731 ἐξέθετοῐ
2451 3661 2579 3723 Ἐὰν
2602 3658 2896 3728 ὑπολάϐῃς,
2925 3655 3109 3725 φησὶν,
3143 3653 3226 3706 ὅτι
3252 3654 3280 3705 6
3305 3650 3457 3705 δεῖνά
3485 3666 3580 3702 σου
3612 3649 3731 3718 μεί-

2171 3754 2279 3819 ζων
2307 3752 2454 3816 ἐστὶ,
2488 3751 2583 3804 καὶ
2626 3748 2787 3802 τοῦτο
2818 3745 3011 3816 πείσῃς
3042 3742 3264 3805 σαυτὸν,
3298 3739 3495 3810 μᾶλλον
3537 3734 3595 3791 δέ
3632 3738 3732 3791 οὐκ

2171 3846 2266 3899 ἐὰν
2298 3843 2457 3915 εἴπῃς
2490 3842 2668 3913 μόνον,
2697 3838 2831 3892 ἀλλὰ
2850 3837 2945 3889 καὶ
2978 3833 3416 3906 πληροφορηθῇς,
3440 3830 3732 3900 ἀπονέμεις

2172 3936 2321 4008 αὐτῷ
2352 3936 2448 3989 καὶ
2472 3933 2571 4003 τὴν
2605 3931 2768 4001 τιμήν
2789 3946 2803 3959 ·
2850 3929 2899 3981 εί
2932 3927 2989 3979 δὲ
3023 3929 3087 3979 σὺ
3123 3924 3417 3995 ἀπονέμεις
3454 3920 3604 3991 αὐτῷ
3634 3920 3735 3990 τὴν

2170 4029 2377 4100 τιμὴνι
2396 4069 2412 4093 ,
2444 4026 2543 4078 οὐκ
2575 4021 2973 4091 ἀγανακτήσεις
2997 4017 3139 4089 ὁρῶν
3178 4016 3338 4069 αὐτὸν
3375 4015 3504 4083 παρ’
3547 4012 3733 4084 ἐτέρου

2172 4123 2498 4193 τιμώμενον.
2543 4118 2639 4190 Μὴ
2694 4114 2872 4168 τοίνυν
2921 4111 3107 4173 ἁπλῶς
3138 4111 3326 4181 νόμιζε
3374 4105 3597 4176 μείζονά
3638 4120 3733 4156 σου

2174 4210 2333 4276 εἶναι,
2367 4212 2503 4266 ἀλλὰ
2531 4210 2623 4264 καὶ
2650 4206 2957 4278 ὑπερέχειν,
2991 4204 3127 4273 ὅπερ
3156 4202 3270 4254 ἐστὶ
3304 4199 3538 4269 σφοδρᾶς
3564 4197 3737 4265 ὑπερ-

2177 4305 2359 4375 ϐολῆς,
2380 4302 2473 4356 καὶ
2501 4301 2562 4354 οὐ
2588 4294 2877 4367 ξενισθήσῃ
2895 4293 3202 4365 τιμώμενον
3233 4291 3394 4362 ὁρῶν,
3425 4288 3545 4341 οὑδέ
3568 4287 3737 4355 ἀλγή-

2180 4414 2293 4459 σεις
2316 4412 2331 4427 ⁶
2356 4393 2458 4447 κᾶν
2484 4390 2703 4464 ὑϐρίσῃ,
2730 4388 2896 4450 οἴσεις
2922 4385 3185 4456 γενναίως
3204 4400 3217 4414 ·
3252 4380 3473 4453 μείζονα
3505 4378 3613 4448 γάρ
3644 4392 3737 4428 σου

2178 4482 2342 4541 αὑτὸν
2379 4484 2701 4554 νενόμικας·
2745 4479 2851 4533 κᾶν
2889 4477 3127 4547 λοιδορῇ,
3170 4473 3330 4543 πείθῃ
3353 4512 3366 4533 ,
3398 4470 3502 4523 κᾶν
3541 4469 3739 4535 ποιήσῃ

2181 4578 2400 4643 κακῶς,
2448 4576 2632 4648 φέρεις
2660 4573 2806 4643 σιγῇ.
2836 4569 3006 4622 Ὀταν
3040 4566 3149 4635 γὰρ
3178 4562 3324 4626 ἅπαξ
3355 4555 3738 4630 πληροφορηθῇ

2180 4673 2215 4742 ἡ
2244 4669 2390 4741 ψυχὴ
2414 4704 2428 4733 ,
2467 4668 2549 4721 ὅτι
2590 4663 2793 4734 μείζων
2827 4661 2995 4721 ἐστὶν,
3034 4659 3135 4710 οὑκ
3175 4657 3255 4718 εἰς
3283 4653 3451 4723 ὀργὴν
3480 4648 3743 4742 ἐμπίπτει

2182 4853 2321 4905 νίαν.
2358 4850 2481 4911 Τοῖς
2517 4846 2625 4916 7&9
2654 4843 2858 4913 σφόδρα
2881 4838 3239 4910 ὑπερέχουσιν
3259 4833 3430 4896 οὐδεὶς
3453 4832 3519 4885 ἂν
3551 4829 3745 4899 φθονή-

2186 4959 2296 4996 σειε
2319 4958 2333 4971 ο
2361 4941 2459 5009 τῆς
2484 4939 2590 5006 γὰρ
2615 4933 2887 5005 ὑπεροχῆς
2913 4931 2980 4983 τὰ
3011 4929 3183 4981 πάντα
3217 4927 3449 4995 ἡγεῖται.

2255 5033 2319 5103 β’.
2337 5028 2599 5084 Ἐνταῦθα
2614 5026 2711 5096 μὲν
2722 5020 2813 5078 οῦν
2828 5021 3010 5075 τοῦτον
3024 5017 3262 5072 παιδεύει
3272 5014 3411 5068 οὑτω
3422 5010 3740 5065 διακεῖσθαι.

2187 5127 2353 5178 Ὅταν
2380 5122 2436 5174 δὲ
2461 5121 2711 5179 κάκεῖνος
2740 5118 2767 5169 6
2790 5113 3059 5181 τοσαύτης
3089 5107 3376 5163 ἀπολαύων
3403 5106 3571 5175 τιμῆς
3596 5104 3747 5171 παρὰ

2188 5214 2280 5269 σοῦ
2302 5253 2317 5276 ,
2350 5212 2544 5282 φησὶν,
2577 5206 2719 5260 οὑτω
2749 5204 2883 5274 πρὸς
2918 5202 2975 5255 σὲ
3015 5199 3316 5268 διακέηται,
3352 5194 3599 5263 ἐννόησον
3630 5190 3747 5251 πῶς

2185 5307 2359 5377 τεῖχός
2390 5306 2505 5355 ἐστι
2540 5292 2760 5354 διπλοῦν
2800 5293 3117 5355 ἐπιεικείας.
3156 5292 3323 5342 Ὅταν
3360 5286 3469 5357 7&9
3603 5282 3747 5377 τέως

2191 5374 2381 5466 ἄξιονδ
2408 5394 2572 5464 τιμῆς
2608 5390 2769 5461 ἔχῃς,
2806 5387 3054 5447 κάκεῖνος
3089 5383 3280 5446 οὑτως,
3305 5378 3455 5432 οὐδὲν
3496 5374 3745 5429 οὐδέποτε

2253 5543 2276 5568 ⁸
2306 5540 2485 5589 Aberat
2506 5548 2710 5595 comma,
2734 5533 2773 5581 εἰ
2796 5530 2846 5578 δὲ
2869 5528 2986 5579 σὺ...
3007 5526 3160 5589 τιμήν,
3187 5536 3215 5574 e
3241 5520 3471 5573 Commel.
3504 5522 3557 5566 et
3596 5512 3726 5567 Savil

2190 5608 2738 5723 rcgplggll'lgh’gendum
2758 5657 2884 5712 ἀξιον
2913 5651 3071 5711 αὑτὸν,
3098 5653 3150 5699 et
3174 5660 3285 5696 mox
3311 5645 3461 5698 οὕτως
3482 5642 3554 5689 σέ.
