  <div class='ocr_page' id='page_1' title='image "/cluster/home/n/w/nwhite01/storage/ocr_20150623/62/nnc1.0046979654/220.png"; bbox 0 0 4108 6410; ppageno 0'>
   <div class='ocr_carea' id='block_1_1' title="bbox 398 340 501 400">
    <p class='ocr_par' dir='ltr' id='par_1_1' title="bbox 398 340 501 400">
     <span class='ocr_line' id='line_1_1' title="bbox 398 340 501 400; baseline 0.039 -5"><span class='ocrx_word' id='word_1_1' title='bbox 398 340 501 400; x_wconf 71' lang='grc'><strong><em>215</em></strong></span> 
     </span>
    </p>
   </div>
   <div class='ocr_carea' id='block_1_2' title="bbox 1275 330 2737 395">
    <p class='ocr_par' dir='ltr' id='par_1_2' title="bbox 1275 330 2737 395">
     <span class='ocr_line' id='line_1_2' title="bbox 1275 330 2737 395; baseline 0.002 -2"><span class='ocrx_word' id='word_1_2' title='bbox 1275 335 1344 393; x_wconf 74' lang='grc' dir='ltr'><strong>ΙΝ</strong></span> <span class='ocrx_word' id='word_1_3' title='bbox 1387 333 1597 392; x_wconf 76' lang='lat' dir='ltr'><strong><em>EPIST.</em></strong></span> <span class='ocrx_word' id='word_1_4' title='bbox 1642 334 1731 390; x_wconf 73' lang='lat' dir='ltr'><strong><em>AD</em></strong></span> <span class='ocrx_word' id='word_1_5' title='bbox 1770 331 2056 388; x_wconf 79' lang='lat' dir='ltr'><strong><em>PHILIPP.</em></strong></span> <span class='ocrx_word' id='word_1_6' title='bbox 2098 330 2250 390; x_wconf 75' lang='lat' dir='ltr'><strong><em>CAP.</em></strong></span> <span class='ocrx_word' id='word_1_7' title='bbox 2292 333 2357 390; x_wconf 85' lang='lat' dir='ltr'><strong><em>ll.</em></strong></span> <span class='ocrx_word' id='word_1_8' title='bbox 2401 337 2626 394; x_wconf 81' lang='lat' dir='ltr'><strong><em>HOMIL.</em></strong></span> <span class='ocrx_word' id='word_1_9' title='bbox 2674 341 2737 395; x_wconf 86' lang='lat' dir='ltr'><strong><em>V.</em></strong></span> 
     </span>
    </p>
   </div>
   <div class='ocr_carea' id='block_1_3' title="bbox 3547 341 3653 397">
    <p class='ocr_par' dir='ltr' id='par_1_3' title="bbox 3547 341 3653 397">
     <span class='ocr_line' id='line_1_3' title="bbox 3547 341 3653 397; baseline 0.009 -1"><span class='ocrx_word' id='word_1_10' title='bbox 3547 341 3653 397; x_wconf 64' lang='grc' dir='ltr'>ΞΗ</span> 
     </span>
    </p>
   </div>
   <div class='ocr_carea' id='block_1_4' title="bbox 1759 474 2216 536">
    <p class='ocr_par' dir='ltr' id='par_1_4' title="bbox 1759 474 2216 536">
     <span class='ocr_line' id='line_1_4' title="bbox 1759 474 2216 536; baseline -0.004 0"><span class='ocrx_word' id='word_1_11' title='bbox 1759 474 2092 536; x_wconf 83' lang='lat' dir='ltr'><strong><em>HOMILIA</em></strong></span> <span class='ocrx_word' id='word_1_12' title='bbox 2141 476 2216 536; x_wconf 85' lang='lat' dir='ltr'><strong><em>V.</em></strong></span> 
     </span>
    </p>
   </div>
   <div class='ocr_carea' id='block_1_5' title="bbox 393 574 1966 654">
    <p class='ocr_par' dir='ltr' id='par_1_5' title="bbox 393 574 1966 654">
     <span class='ocr_line' id='line_1_5' title="bbox 393 574 1966 654; baseline -0.008 -16"><span class='ocrx_word' id='word_1_13' title='bbox 393 581 521 638; x_wconf 68' lang='lat' dir='ltr'><strong><em>Car.</em></strong></span> <span class='ocrx_word' id='word_1_14' title='bbox 545 581 602 636; x_wconf 80' lang='lat'><strong><em>2.</em></strong></span> <span class='ocrx_word' id='word_1_15' title='bbox 626 599 677 636; x_wconf 92' lang='lat' dir='ltr'><strong><em>v.</em></strong></span> <span class='ocrx_word' id='word_1_16' title='bbox 703 584 756 638; x_wconf 81' lang='grc'><strong><em>1.</em></strong></span> <span class='ocrx_word' id='word_1_17' title='bbox 789 584 850 638; x_wconf 88' lang='lat' dir='ltr'><strong><em>Si</em></strong></span> <span class='ocrx_word' id='word_1_18' title='bbox 875 600 973 653; x_wconf 83' lang='lat' dir='ltr'><strong><em>qua</em></strong></span> <span class='ocrx_word' id='word_1_19' title='bbox 997 600 1116 654; x_wconf 88' lang='lat' dir='ltr'><strong><em>ergo</em></strong></span> <span class='ocrx_word' id='word_1_20' title='bbox 1136 582 1412 636; x_wconf 72' lang='lat' dir='ltr'><strong><em>consolatio</em></strong></span> <span class='ocrx_word' id='word_1_21' title='bbox 1440 584 1491 633; x_wconf 90' lang='lat' dir='ltr'><strong><em>in</em></strong></span> <span class='ocrx_word' id='word_1_22' title='bbox 1513 579 1730 643; x_wconf 75' lang='lat' dir='ltr'><strong><em>Christo,</em></strong></span> <span class='ocrx_word' id='word_1_23' title='bbox 1759 577 1801 629; x_wconf 85' lang='lat' dir='ltr'><strong><em>si</em></strong></span> <span class='ocrx_word' id='word_1_24' title='bbox 1829 574 1966 644; x_wconf 87' lang='lat' dir='ltr'><strong><em>quod</em></strong></span> 
     </span>
    </p>
   </div>
   <div class='ocr_carea' id='block_1_6' title="bbox 460 669 1964 744">
    <p class='ocr_par' dir='ltr' id='par_1_6' title="bbox 460 669 1964 744">
     <span class='ocr_line' id='line_1_6' title="bbox 460 669 1964 744; baseline -0.006 -16"><span class='ocrx_word' id='word_1_25' title='bbox 460 676 697 728; x_wconf 77' lang='lat' dir='ltr'><strong><em>solatium</em></strong></span> <span class='ocrx_word' id='word_1_26' title='bbox 726 676 970 738; x_wconf 86' lang='lat' dir='ltr'><strong><em>caritatis,</em></strong></span> <span class='ocrx_word' id='word_1_27' title='bbox 1001 675 1046 729; x_wconf 85' lang='lat' dir='ltr'><strong><em>si</em></strong></span> <span class='ocrx_word' id='word_1_28' title='bbox 1067 691 1167 744; x_wconf 90' lang='lat' dir='ltr'><strong><em>qua</em></strong></span> <span class='ocrx_word' id='word_1_29' title='bbox 1195 675 1404 728; x_wconf 88' lang='lat' dir='ltr'><strong><em>societas</em></strong></span> <span class='ocrx_word' id='word_1_30' title='bbox 1431 672 1658 741; x_wconf 76' lang='lat' dir='ltr'><strong><em>spiritus,</em></strong></span> <span class='ocrx_word' id='word_1_31' title='bbox 1688 670 1733 724; x_wconf 85' lang='lat' dir='ltr'><strong><em>si</em></strong></span> <span class='ocrx_word' id='word_1_32' title='bbox 1766 685 1866 738; x_wconf 85' lang='lat' dir='ltr'><strong><em>qua</em></strong></span> <span class='ocrx_word' id='word_1_33' title='bbox 1893 669 1964 720; x_wconf 81' lang='lat' dir='ltr'><strong><em>vi-</em></strong></span> 
     </span>
    </p>
   </div>
   <div class='ocr_carea' id='block_1_7' title="bbox 460 763 1965 834">
    <p class='ocr_par' dir='ltr' id='par_1_7' title="bbox 460 763 1965 834">
     <span class='ocr_line' id='line_1_7' title="bbox 460 763 1965 834; baseline -0.007 -14"><span class='ocrx_word' id='word_1_34' title='bbox 460 783 600 820; x_wconf 80' lang='lat' dir='ltr'><strong><em>scera</em></strong></span> <span class='ocrx_word' id='word_1_35' title='bbox 628 775 676 820; x_wconf 89' lang='lat' dir='ltr'><strong><em>et</em></strong></span> <span class='ocrx_word' id='word_1_36' title='bbox 700 767 1046 820; x_wconf 84' lang='lat' dir='ltr'><strong><em>miserationes</em></strong></span> <span class='ocrx_word' id='word_1_37' title='bbox 1075 781 1093 820; x_wconf 87' lang='lat'><strong><em>.&#39;</em></strong></span> <span class='ocrx_word' id='word_1_38' title='bbox 1121 765 1174 819; x_wconf 75' lang='lat'><strong><em>‘2.</em></strong></span> <span class='ocrx_word' id='word_1_39' title='bbox 1204 765 1406 834; x_wconf 86' lang='lat' dir='ltr'><strong><em>implete</em></strong></span> <span class='ocrx_word' id='word_1_40' title='bbox 1432 763 1674 834; x_wconf 85' lang='lat' dir='ltr'><strong><em>gaudium</em></strong></span> <span class='ocrx_word' id='word_1_41' title='bbox 1701 777 1884 822; x_wconf 89' lang='lat' dir='ltr'><strong><em>meum,</em></strong></span> <span class='ocrx_word' id='word_1_42' title='bbox 1908 768 1965 811; x_wconf 87' lang='lat' dir='ltr'><strong><em>ut</em></strong></span> 
     </span>
    </p>
   </div>
   <div class='ocr_carea' id='block_1_8' title="bbox 458 851 1960 929">
    <p class='ocr_par' dir='ltr' id='par_1_8' title="bbox 458 851 1960 929">
     <span class='ocr_line' id='line_1_8' title="bbox 458 851 1960 929; baseline -0.007 -18"><span class='ocrx_word' id='word_1_43' title='bbox 458 859 592 911; x_wconf 84' lang='lat' dir='ltr'><strong><em>idem</em></strong></span> <span class='ocrx_word' id='word_1_44' title='bbox 607 859 838 929; x_wconf 85' lang='lat' dir='ltr'><strong><em>sapiatis,</em></strong></span> <span class='ocrx_word' id='word_1_45' title='bbox 871 857 1095 912; x_wconf 84' lang='lat' dir='ltr'><strong><em>eamdem</em></strong></span> <span class='ocrx_word' id='word_1_46' title='bbox 1119 859 1377 910; x_wconf 86' lang='lat' dir='ltr'><strong><em>caritatem</em></strong></span> <span class='ocrx_word' id='word_1_47' title='bbox 1406 856 1658 912; x_wconf 81' lang='lat' dir='ltr'><strong><em>habentes,</em></strong></span> <span class='ocrx_word' id='word_1_48' title='bbox 1679 851 1960 914; x_wconf 79' lang='lat' dir='ltr'><strong><em>unanimes,</em></strong></span> 
     </span>
    </p>
   </div>
   <div class='ocr_carea' id='block_1_9' title="bbox 457 947 1964 1020">
    <p class='ocr_par' dir='ltr' id='par_1_9' title="bbox 457 947 1964 1020">
     <span class='ocr_line' id='line_1_9' title="bbox 457 947 1964 1020; baseline -0.007 -16"><span class='ocrx_word' id='word_1_49' title='bbox 457 953 680 1020; x_wconf 85' lang='lat' dir='ltr'><strong><em>idipsum</em></strong></span> <span class='ocrx_word' id='word_1_50' title='bbox 708 954 958 1020; x_wconf 81' lang='lat' dir='ltr'><strong><em>sapientes</em></strong></span> <span class='ocrx_word' id='word_1_51' title='bbox 987 966 1004 1002; x_wconf 90' lang='lat'><strong><em>:</em></strong></span> <span class='ocrx_word' id='word_1_52' title='bbox 1028 951 1082 1005; x_wconf 79' lang='lat'><strong><em>3.</em></strong></span> <span class='ocrx_word' id='word_1_53' title='bbox 1115 950 1244 1002; x_wconf 85' lang='lat' dir='ltr'><strong><em>nihil</em></strong></span> <span class='ocrx_word' id='word_1_54' title='bbox 1271 965 1359 1017; x_wconf 90' lang='lat' dir='ltr'><strong><em>per</em></strong></span> <span class='ocrx_word' id='word_1_55' title='bbox 1385 947 1774 1005; x_wconf 87' lang='lat' dir='ltr'><strong><em>contentionem,</em></strong></span> <span class='ocrx_word' id='word_1_56' title='bbox 1806 958 1964 1011; x_wconf 84' lang='lat' dir='ltr'><strong><em>neque</em></strong></span> 
     </span>
    </p>
   </div>
   <div class='ocr_carea' id='block_1_10' title="bbox 457 1034 1964 1114">
    <p class='ocr_par' dir='ltr' id='par_1_10' title="bbox 457 1034 1964 1114">
     <span class='ocr_line' id='line_1_10' title="bbox 457 1034 1964 1114; baseline -0.008 -16"><span class='ocrx_word' id='word_1_57' title='bbox 457 1062 546 1113; x_wconf 78' lang='lat' dir='ltr'><strong><em>per</em></strong></span> <span class='ocrx_word' id='word_1_58' title='bbox 569 1046 770 1097; x_wconf 88' lang='lat' dir='ltr'><strong><em>inanem</em></strong></span> <span class='ocrx_word' id='word_1_59' title='bbox 796 1043 1034 1114; x_wconf 76' lang='lat' dir='ltr'><strong><em>gloriam,</em></strong></span> <span class='ocrx_word' id='word_1_60' title='bbox 1072 1041 1159 1096; x_wconf 77' lang='lat' dir='ltr'><strong><em>sed</em></strong></span> <span class='ocrx_word' id='word_1_61' title='bbox 1182 1043 1235 1094; x_wconf 92' lang='lat' dir='ltr'><strong><em>in</em></strong></span> <span class='ocrx_word' id='word_1_62' title='bbox 1263 1039 1543 1093; x_wconf 81' lang='lat' dir='ltr'><strong><em>humilitate</em></strong></span> <span class='ocrx_word' id='word_1_63' title='bbox 1566 1037 1848 1106; x_wconf 85' lang='lat' dir='ltr'><strong><em>superiores</em></strong></span> <span class='ocrx_word' id='word_1_64' title='bbox 1869 1034 1964 1086; x_wconf 82' lang='lat' dir='ltr'><strong><em>sibi</em></strong></span> 
     </span>
    </p>
   </div>
   <div class='ocr_carea' id='block_1_11' title="bbox 455 1122 1961 1200">
    <p class='ocr_par' dir='ltr' id='par_1_11' title="bbox 455 1122 1961 1200">
     <span class='ocr_line' id='line_1_11' title="bbox 455 1122 1961 1200; baseline -0.009 -11"><span class='ocrx_word' id='word_1_65' title='bbox 455 1137 667 1189; x_wconf 82' lang='lat' dir='ltr'><strong><em>invicem</em></strong></span> <span class='ocrx_word' id='word_1_66' title='bbox 691 1134 1032 1190; x_wconf 77' lang='lat' dir='ltr'><strong><em>arbitrantes:</em></strong></span> <span class='ocrx_word' id='word_1_67' title='bbox 1058 1134 1110 1187; x_wconf 85' lang='grc'><strong>4.</strong></span> <span class='ocrx_word' id='word_1_68' title='bbox 1158 1148 1258 1185; x_wconf 85' lang='lat' dir='ltr'><strong><em>non</em></strong></span> <span class='ocrx_word' id='word_1_69' title='bbox 1306 1146 1420 1200; x_wconf 68' lang='lat' dir='ltr'><strong><em>quae</em></strong></span> <span class='ocrx_word' id='word_1_70' title='bbox 1455 1145 1549 1183; x_wconf 87' lang='lat' dir='ltr'><strong><em>sua</em></strong></span> <span class='ocrx_word' id='word_1_71' title='bbox 1578 1137 1724 1188; x_wconf 85' lang='lat' dir='ltr'><strong><em>sunt,</em></strong></span> <span class='ocrx_word' id='word_1_72' title='bbox 1772 1122 1961 1194; x_wconf 75' lang='lat' dir='ltr'><strong><em>singuli</em></strong></span> 
     </span>
    </p>
   </div>
   <div class='ocr_carea' id='block_1_12' title="bbox 452 1218 1849 1291">
    <p class='ocr_par' dir='ltr' id='par_1_12' title="bbox 452 1218 1849 1291">
     <span class='ocr_line' id='line_1_12' title="bbox 452 1218 1849 1291; baseline -0.009 -10"><span class='ocrx_word' id='word_1_73' title='bbox 452 1227 785 1290; x_wconf 82' lang='lat' dir='ltr'><strong><em>considerate,</em></strong></span> <span class='ocrx_word' id='word_1_74' title='bbox 815 1225 904 1279; x_wconf 90' lang='lat' dir='ltr'><strong><em>sed</em></strong></span> <span class='ocrx_word' id='word_1_75' title='bbox 932 1235 976 1277; x_wconf 91' lang='lat' dir='ltr'><strong><em>et</em></strong></span> <span class='ocrx_word' id='word_1_76' title='bbox 998 1241 1055 1278; x_wconf 89' lang='lat' dir='ltr'><strong><em>ea</em></strong></span> <span class='ocrx_word' id='word_1_77' title='bbox 1085 1239 1195 1291; x_wconf 78' lang='lat' dir='ltr'><strong><em>qua:</em></strong></span> <span class='ocrx_word' id='word_1_78' title='bbox 1217 1223 1460 1288; x_wconf 83' lang='lat' dir='ltr'><strong><em>oliorum,</em></strong></span> <span class='ocrx_word' id='word_1_79' title='bbox 1490 1218 1849 1289; x_wconf 82' lang='lat' dir='ltr'><strong><em>unusquisque.</em></strong></span> 
     </span>
    </p>
   </div>
   <div class='ocr_carea' id='block_1_13' title="bbox 457 1307 1959 1380">
    <p class='ocr_par' dir='ltr' id='par_1_13' title="bbox 457 1307 1959 1380">
     <span class='ocr_line' id='line_1_13' title="bbox 457 1307 1959 1380; baseline -0.008 -9"><span class='ocrx_word' id='word_1_80' title='bbox 457 1320 509 1372; x_wconf 83' lang='lat' dir='ltr'><strong><em>l.</em></strong></span> <span class='ocrx_word' id='word_1_81' title='bbox 539 1317 682 1371; x_wconf 84' lang='lat' dir='ltr'><strong><em>Nihil</em></strong></span> <span class='ocrx_word' id='word_1_82' title='bbox 728 1317 948 1380; x_wconf 90' lang='lat' dir='ltr'><strong><em>melius,</em></strong></span> <span class='ocrx_word' id='word_1_83' title='bbox 990 1314 1120 1368; x_wconf 87' lang='lat' dir='ltr'><strong><em>nihil</em></strong></span> <span class='ocrx_word' id='word_1_84' title='bbox 1167 1314 1218 1368; x_wconf 91' lang='lat' dir='ltr'><strong><em>in</em></strong></span> <span class='ocrx_word' id='word_1_85' title='bbox 1255 1328 1437 1366; x_wconf 87' lang='lat' dir='ltr'><strong><em>amore</em></strong></span> <span class='ocrx_word' id='word_1_86' title='bbox 1468 1310 1703 1365; x_wconf 90' lang='lat' dir='ltr'><strong><em>tenerius</em></strong></span> <span class='ocrx_word' id='word_1_87' title='bbox 1739 1307 1959 1361; x_wconf 91' lang='lat' dir='ltr'><strong><em>doctore</em></strong></span> 
     </span>
    </p>
   </div>
   <div class='ocr_carea' id='block_1_14' title="bbox 383 1401 1956 1478">
    <p class='ocr_par' dir='ltr' id='par_1_14' title="bbox 383 1401 1956 1478">
     <span class='ocr_line' id='line_1_14' title="bbox 383 1401 1956 1478; baseline -0.008 -13"><span class='ocrx_word' id='word_1_88' title='bbox 383 1409 645 1478; x_wconf 78' lang='lat' dir='ltr'><strong><em>spirituali</em></strong></span> <span class='ocrx_word' id='word_1_89' title='bbox 671 1426 684 1463; x_wconf 79' lang='grc' dir='ltr'><strong><em>τ</em></strong></span> <span class='ocrx_word' id='word_1_90' title='bbox 711 1408 900 1478; x_wconf 89' lang='lat' dir='ltr'><strong><em>quovis</em></strong></span> <span class='ocrx_word' id='word_1_91' title='bbox 929 1407 1152 1460; x_wconf 82' lang='lat' dir='ltr'><strong><em>naturali</em></strong></span> <span class='ocrx_word' id='word_1_92' title='bbox 1180 1415 1329 1476; x_wconf 83' lang='lat' dir='ltr'><strong><em>patre</em></strong></span> <span class='ocrx_word' id='word_1_93' title='bbox 1355 1405 1609 1474; x_wconf 85' lang='lat' dir='ltr'><strong><em>majorem</em></strong></span> <span class='ocrx_word' id='word_1_94' title='bbox 1634 1401 1956 1456; x_wconf 82' lang='lat' dir='ltr'><strong><em>benevolen-</em></strong></span> 
     </span>
    </p>
   </div>
   <div class='ocr_carea' id='block_1_15' title="bbox 384 1495 1958 1570">
    <p class='ocr_par' dir='ltr' id='par_1_15' title="bbox 384 1495 1958 1570">
     <span class='ocr_line' id='line_1_15' title="bbox 384 1495 1958 1570; baseline -0.006 -16"><span class='ocrx_word' id='word_1_95' title='bbox 384 1504 509 1555; x_wconf 84' lang='lat' dir='ltr'><strong><em>tiam</em></strong></span> <span class='ocrx_word' id='word_1_96' title='bbox 532 1511 765 1570; x_wconf 77' lang='lat' dir='ltr'><strong><em>przestat.</em></strong></span> <span class='ocrx_word' id='word_1_97' title='bbox 797 1499 1047 1563; x_wconf 81' lang='lat' dir='ltr'><strong><em>Attende,</em></strong></span> <span class='ocrx_word' id='word_1_98' title='bbox 1076 1499 1321 1561; x_wconf 87' lang='lat' dir='ltr'><strong><em>obsecro,</em></strong></span> <span class='ocrx_word' id='word_1_99' title='bbox 1347 1511 1501 1566; x_wconf 90' lang='lat' dir='ltr'><strong><em>quam</em></strong></span> <span class='ocrx_word' id='word_1_100' title='bbox 1530 1495 1842 1564; x_wconf 86' lang='lat' dir='ltr'><strong><em>suppliciter</em></strong></span> <span class='ocrx_word' id='word_1_101' title='bbox 1866 1509 1958 1562; x_wconf 83' lang='lat' dir='ltr'><strong><em>pe—</em></strong></span> 
     </span>
    </p>
   </div>
   <div class='ocr_carea' id='block_1_16' title="bbox 381 1586 1952 1662">
    <p class='ocr_par' dir='ltr' id='par_1_16' title="bbox 381 1586 1952 1662">
     <span class='ocr_line' id='line_1_16' title="bbox 381 1586 1952 1662; baseline -0.006 -14"><span class='ocrx_word' id='word_1_102' title='bbox 381 1604 458 1648; x_wconf 90' lang='lat' dir='ltr'><strong><em>tat</em></strong></span> <span class='ocrx_word' id='word_1_103' title='bbox 485 1610 511 1646; x_wconf 91' lang='lat' dir='ltr'><strong><em>a</em></strong></span> <span class='ocrx_word' id='word_1_104' title='bbox 542 1592 971 1662; x_wconf 80' lang='lat' dir='ltr'><strong><em>Philippensibns</em></strong></span> <span class='ocrx_word' id='word_1_105' title='bbox 1001 1607 1059 1644; x_wconf 80' lang='lat' dir='ltr'><strong><em>ea</em></strong></span> <span class='ocrx_word' id='word_1_106' title='bbox 1083 1606 1200 1660; x_wconf 72' lang='lat' dir='ltr'><strong><em>quze</em></strong></span> <span class='ocrx_word' id='word_1_107' title='bbox 1219 1606 1251 1644; x_wconf 90' lang='lat' dir='ltr'><strong><em>e</em></strong></span> <span class='ocrx_word' id='word_1_108' title='bbox 1283 1606 1341 1645; x_wconf 90' lang='lat' dir='ltr'><strong><em>re</em></strong></span> <span class='ocrx_word' id='word_1_109' title='bbox 1365 1590 1596 1658; x_wconf 90' lang='lat' dir='ltr'><strong><em>ipsorum</em></strong></span> <span class='ocrx_word' id='word_1_110' title='bbox 1623 1595 1791 1641; x_wconf 87' lang='lat' dir='ltr'><strong><em>erant.</em></strong></span> <span class='ocrx_word' id='word_1_111' title='bbox 1817 1586 1952 1653; x_wconf 86' lang='lat' dir='ltr'><strong><em>Quid</em></strong></span> 
     </span>
    </p>
   </div>
   <div class='ocr_carea' id='block_1_17' title="bbox 377 1682 1953 1739">
    <p class='ocr_par' dir='ltr' id='par_1_17' title="bbox 377 1682 1953 1739">
     <span class='ocr_line' id='line_1_17' title="bbox 377 1682 1953 1739; baseline -0.004 0"><span class='ocrx_word' id='word_1_112' title='bbox 377 1687 522 1739; x_wconf 86' lang='lat' dir='ltr'><strong><em>enim</em></strong></span> <span class='ocrx_word' id='word_1_113' title='bbox 560 1686 687 1739; x_wconf 91' lang='lat' dir='ltr'><strong><em>dicit</em></strong></span> <span class='ocrx_word' id='word_1_114' title='bbox 716 1685 782 1738; x_wconf 90' lang='lat' dir='ltr'><strong><em>ad</em></strong></span> <span class='ocrx_word' id='word_1_115' title='bbox 821 1685 1160 1738; x_wconf 84' lang='lat' dir='ltr'><strong><em>Concordiam</em></strong></span> <span class='ocrx_word' id='word_1_116' title='bbox 1189 1683 1425 1737; x_wconf 90' lang='lat' dir='ltr'><strong><em>omnium</em></strong></span> <span class='ocrx_word' id='word_1_117' title='bbox 1459 1682 1716 1735; x_wconf 91' lang='lat' dir='ltr'><strong><em>bonorum</em></strong></span> <span class='ocrx_word' id='word_1_118' title='bbox 1739 1696 1953 1733; x_wconf 78' lang='lat' dir='ltr'><strong><em>causam</em></strong></span> 
     </span>
    </p>
   </div>
   <div class='ocr_carea' id='block_1_18' title="bbox 375 1773 1949 1846">
    <p class='ocr_par' dir='ltr' id='par_1_18' title="bbox 375 1773 1949 1846">
     <span class='ocr_line' id='line_1_18' title="bbox 375 1773 1949 1846; baseline -0.002 -15"><span class='ocrx_word' id='word_1_119' title='bbox 375 1777 709 1831; x_wconf 80' lang='lat' dir='ltr'><strong><em>cohortans?</em></strong></span> <span class='ocrx_word' id='word_1_120' title='bbox 734 1787 785 1830; x_wconf 89' lang='lat' dir='ltr'><strong><em>et</em></strong></span> <span class='ocrx_word' id='word_1_121' title='bbox 802 1776 942 1839; x_wconf 86' lang='lat' dir='ltr'><strong><em>vide,</em></strong></span> <span class='ocrx_word' id='word_1_122' title='bbox 960 1791 1116 1846; x_wconf 89' lang='lat' dir='ltr'><strong><em>quam</em></strong></span> <span class='ocrx_word' id='word_1_123' title='bbox 1138 1776 1377 1844; x_wconf 89' lang='lat' dir='ltr'><strong><em>c0piose,</em></strong></span> <span class='ocrx_word' id='word_1_124' title='bbox 1401 1790 1556 1843; x_wconf 89' lang='lat' dir='ltr'><strong><em>quam</em></strong></span> <span class='ocrx_word' id='word_1_125' title='bbox 1583 1773 1949 1840; x_wconf 84' lang='lat' dir='ltr'><strong><em>vehementer,</em></strong></span> 
     </span>
    </p>
   </div>
   <div class='ocr_carea' id='block_1_19' title="bbox 378 1862 1947 1937">
    <p class='ocr_par' dir='ltr' id='par_1_19' title="bbox 378 1862 1947 1937">
     <span class='ocr_line' id='line_1_19' title="bbox 378 1862 1947 1937; baseline -0.002 -16"><span class='ocrx_word' id='word_1_126' title='bbox 378 1879 578 1937; x_wconf 87' lang='lat' dir='ltr'><strong><em>quanto</em></strong></span> <span class='ocrx_word' id='word_1_127' title='bbox 605 1884 726 1921; x_wconf 90' lang='lat' dir='ltr'><strong><em>cum</em></strong></span> <span class='ocrx_word' id='word_1_128' title='bbox 751 1866 942 1920; x_wconf 76' lang='lat' dir='ltr'><strong><em>affectu</em></strong></span> <span class='ocrx_word' id='word_1_129' title='bbox 969 1884 980 1896; x_wconf 94' lang='grc'><strong>·</strong></span> <span class='ocrx_word' id='word_1_130' title='bbox 1015 1865 1075 1921; x_wconf 88' lang='lat' dir='ltr'><strong><em>Si</em></strong></span> <span class='ocrx_word' id='word_1_131' title='bbox 1100 1883 1200 1936; x_wconf 87' lang='lat' dir='ltr'><strong><em>qua</em></strong></span> <span class='ocrx_word' id='word_1_132' title='bbox 1217 1883 1334 1936; x_wconf 85' lang='lat' dir='ltr'><strong><em>ergo</em></strong></span> <span class='ocrx_word' id='word_1_133' title='bbox 1357 1864 1632 1918; x_wconf 82' lang='lat' dir='ltr'><strong><em>consolatio</em></strong></span> <span class='ocrx_word' id='word_1_134' title='bbox 1652 1865 1703 1917; x_wconf 91' lang='lat' dir='ltr'><strong><em>in</em></strong></span> <span class='ocrx_word' id='word_1_135' title='bbox 1729 1862 1947 1930; x_wconf 87' lang='lat' dir='ltr'><strong><em>Christo,</em></strong></span> 
     </span>
    </p>
   </div>
   <div class='ocr_carea' id='block_1_20' title="bbox 376 1957 1946 2030">
    <p class='ocr_par' dir='ltr' id='par_1_20' title="bbox 376 1957 1946 2030">
     <span class='ocr_line' id='line_1_20' title="bbox 376 1957 1946 2030; baseline -0.001 -17"><span class='ocrx_word' id='word_1_136' title='bbox 376 1960 568 2030; x_wconf 84' lang='lat' dir='ltr'><strong><em>inquit.</em></strong></span> <span class='ocrx_word' id='word_1_137' title='bbox 589 1959 645 2014; x_wconf 85' lang='lat' dir='ltr'><strong><em>ld</em></strong></span> <span class='ocrx_word' id='word_1_138' title='bbox 663 1970 762 2024; x_wconf 90' lang='lat' dir='ltr'><strong><em>est,</em></strong></span> <span class='ocrx_word' id='word_1_139' title='bbox 781 1960 834 2013; x_wconf 89' lang='lat' dir='ltr'><strong><em>Si</em></strong></span> <span class='ocrx_word' id='word_1_140' title='bbox 861 1958 982 2028; x_wconf 88' lang='lat' dir='ltr'><strong><em>quid</em></strong></span> <span class='ocrx_word' id='word_1_141' title='bbox 1006 1957 1211 2012; x_wconf 79' lang='lat' dir='ltr'><strong><em>habetis</em></strong></span> <span class='ocrx_word' id='word_1_142' title='bbox 1234 1958 1615 2012; x_wconf 86' lang='lat' dir='ltr'><strong><em>consolationis</em></strong></span> <span class='ocrx_word' id='word_1_143' title='bbox 1639 1958 1690 2011; x_wconf 93' lang='lat' dir='ltr'><strong><em>in</em></strong></span> <span class='ocrx_word' id='word_1_144' title='bbox 1714 1957 1946 2023; x_wconf 87' lang='lat' dir='ltr'><strong><em>Christo;</em></strong></span> 
     </span>
    </p>
   </div>
   <div class='ocr_carea' id='block_1_21' title="bbox 373 2049 1944 2123">
    <p class='ocr_par' dir='ltr' id='par_1_21' title="bbox 373 2049 1944 2123">
     <span class='ocr_line' id='line_1_21' title="bbox 373 2049 1944 2123; baseline -0.001 -17"><span class='ocrx_word' id='word_1_145' title='bbox 373 2052 595 2123; x_wconf 82' lang='lat' dir='ltr'><strong><em>perinde</em></strong></span> <span class='ocrx_word' id='word_1_146' title='bbox 633 2067 694 2106; x_wconf 86' lang='lat' dir='ltr'><strong><em>ac</em></strong></span> <span class='ocrx_word' id='word_1_147' title='bbox 721 2051 766 2106; x_wconf 89' lang='lat' dir='ltr'><strong><em>si</em></strong></span> <span class='ocrx_word' id='word_1_148' title='bbox 796 2051 997 2104; x_wconf 86' lang='lat' dir='ltr'><strong><em>diceret</em></strong></span> <span class='ocrx_word' id='word_1_149' title='bbox 1022 2067 1036 2103; x_wconf 89' lang='lat'><strong>:</strong></span> <span class='ocrx_word' id='word_1_150' title='bbox 1065 2049 1120 2105; x_wconf 93' lang='lat' dir='ltr'><strong><em>Si</em></strong></span> <span class='ocrx_word' id='word_1_151' title='bbox 1153 2065 1308 2120; x_wconf 87' lang='lat' dir='ltr'><strong><em>quam</em></strong></span> <span class='ocrx_word' id='word_1_152' title='bbox 1339 2051 1440 2105; x_wconf 90' lang='lat' dir='ltr'><strong><em>mei</em></strong></span> <span class='ocrx_word' id='word_1_153' title='bbox 1467 2051 1723 2104; x_wconf 87' lang='lat' dir='ltr'><strong><em>rationem</em></strong></span> <span class='ocrx_word' id='word_1_154' title='bbox 1748 2051 1910 2105; x_wconf 84' lang='lat' dir='ltr'><strong><em>habes</em></strong></span> <span class='ocrx_word' id='word_1_155' title='bbox 1929 2091 1944 2116; x_wconf 91' lang='lat'><strong><em>,</em></strong></span> 
     </span>
    </p>
   </div>
   <div class='ocr_carea' id='block_1_22' title="bbox 373 2141 1949 2211">
    <p class='ocr_par' dir='ltr' id='par_1_22' title="bbox 373 2141 1949 2211">
     <span class='ocr_line' id='line_1_22' title="bbox 373 2141 1949 2211; baseline -0.001 -12"><span class='ocrx_word' id='word_1_156' title='bbox 373 2146 418 2200; x_wconf 92' lang='lat' dir='ltr'><strong><em>si</em></strong></span> <span class='ocrx_word' id='word_1_157' title='bbox 445 2159 546 2211; x_wconf 89' lang='lat' dir='ltr'><strong><em>qua</em></strong></span> <span class='ocrx_word' id='word_1_158' title='bbox 580 2143 670 2196; x_wconf 84' lang='lat' dir='ltr'><strong><em>tibi</em></strong></span> <span class='ocrx_word' id='word_1_159' title='bbox 695 2141 798 2196; x_wconf 91' lang='lat' dir='ltr'><strong><em>mei</em></strong></span> <span class='ocrx_word' id='word_1_160' title='bbox 827 2157 976 2208; x_wconf 88' lang='lat' dir='ltr'><strong><em>cura,</em></strong></span> <span class='ocrx_word' id='word_1_161' title='bbox 1001 2142 1043 2196; x_wconf 90' lang='lat' dir='ltr'><strong><em>si</em></strong></span> <span class='ocrx_word' id='word_1_162' title='bbox 1069 2141 1194 2211; x_wconf 87' lang='lat' dir='ltr'><strong><em>quid</em></strong></span> <span class='ocrx_word' id='word_1_163' title='bbox 1226 2143 1359 2196; x_wconf 90' lang='lat' dir='ltr'><strong><em>bene</em></strong></span> <span class='ocrx_word' id='word_1_164' title='bbox 1389 2158 1640 2211; x_wconf 87' lang='lat' dir='ltr'><strong><em>umquam</em></strong></span> <span class='ocrx_word' id='word_1_165' title='bbox 1665 2141 1732 2196; x_wconf 90' lang='lat' dir='ltr'><strong><em>de</em></strong></span> <span class='ocrx_word' id='word_1_166' title='bbox 1761 2155 1812 2196; x_wconf 89' lang='lat' dir='ltr'><strong><em>te</em></strong></span> <span class='ocrx_word' id='word_1_167' title='bbox 1837 2158 1949 2197; x_wconf 90' lang='lat' dir='ltr'><strong><em>me-</em></strong></span> 
     </span>
    </p>
   </div>
   <div class='ocr_carea' id='block_1_23' title="bbox 372 2235 1947 2306">
    <p class='ocr_par' dir='ltr' id='par_1_23' title="bbox 372 2235 1947 2306">
     <span class='ocr_line' id='line_1_23' title="bbox 372 2235 1947 2306; baseline -0.001 -15"><span class='ocrx_word' id='word_1_168' title='bbox 372 2239 472 2299; x_wconf 90' lang='lat' dir='ltr'><strong><em>rui,</em></strong></span> <span class='ocrx_word' id='word_1_169' title='bbox 503 2237 602 2291; x_wconf 90' lang='lat' dir='ltr'><strong><em>hoc</em></strong></span> <span class='ocrx_word' id='word_1_170' title='bbox 623 2235 805 2290; x_wconf 81' lang='lat' dir='ltr'><strong><em>facito.</em></strong></span> <span class='ocrx_word' id='word_1_171' title='bbox 837 2235 945 2289; x_wconf 86' lang='lat' dir='ltr'><strong><em>Hac</em></strong></span> <span class='ocrx_word' id='word_1_172' title='bbox 971 2251 1100 2290; x_wconf 89' lang='lat' dir='ltr'><strong><em>vero</em></strong></span> <span class='ocrx_word' id='word_1_173' title='bbox 1124 2236 1382 2290; x_wconf 90' lang='lat' dir='ltr'><strong><em>orationis</em></strong></span> <span class='ocrx_word' id='word_1_174' title='bbox 1417 2236 1579 2306; x_wconf 81' lang='lat' dir='ltr'><strong><em>ﬁgura</em></strong></span> <span class='ocrx_word' id='word_1_175' title='bbox 1609 2236 1659 2290; x_wconf 92' lang='lat' dir='ltr'><strong><em>in</em></strong></span> <span class='ocrx_word' id='word_1_176' title='bbox 1686 2235 1947 2290; x_wconf 89' lang='lat' dir='ltr'><strong><em>movendo</em></strong></span> 
     </span>
    </p>
   </div>
   <div class='ocr_carea' id='block_1_24' title="bbox 371 2328 1946 2398">
    <p class='ocr_par' dir='ltr' id='par_1_24' title="bbox 371 2328 1946 2398">
     <span class='ocr_line' id='line_1_24' title="bbox 371 2328 1946 2398; baseline 0.001 -17"><span class='ocrx_word' id='word_1_177' title='bbox 371 2328 562 2384; x_wconf 76' lang='lat' dir='ltr'><strong><em>atl&#39;eetu</em></strong></span> <span class='ocrx_word' id='word_1_178' title='bbox 591 2329 809 2394; x_wconf 87' lang='lat' dir='ltr'><strong><em>utimur,</em></strong></span> <span class='ocrx_word' id='word_1_179' title='bbox 844 2328 886 2382; x_wconf 92' lang='lat' dir='ltr'><strong><em>si</em></strong></span> <span class='ocrx_word' id='word_1_180' title='bbox 918 2328 1043 2398; x_wconf 88' lang='lat' dir='ltr'><strong><em>quid</em></strong></span> <span class='ocrx_word' id='word_1_181' title='bbox 1067 2328 1440 2398; x_wconf 86' lang='lat' dir='ltr'><strong><em>postulandum</em></strong></span> <span class='ocrx_word' id='word_1_182' title='bbox 1470 2329 1559 2394; x_wconf 90' lang='lat' dir='ltr'><strong><em>sit,</em></strong></span> <span class='ocrx_word' id='word_1_183' title='bbox 1613 2328 1752 2397; x_wconf 90' lang='lat' dir='ltr'><strong><em>quod</em></strong></span> <span class='ocrx_word' id='word_1_184' title='bbox 1783 2336 1946 2382; x_wconf 79' lang='lat' dir='ltr'><strong><em>caete-</em></strong></span> 
     </span>
    </p>
   </div>
   <div class='ocr_carea' id='block_1_25' title="bbox 370 2421 1948 2490">
    <p class='ocr_par' dir='ltr' id='par_1_25' title="bbox 370 2421 1948 2490">
     <span class='ocr_line' id='line_1_25' title="bbox 370 2421 1948 2490; baseline -0.001 -15"><span class='ocrx_word' id='word_1_185' title='bbox 370 2423 445 2475; x_wconf 88' lang='lat' dir='ltr'><strong><em>ris</em></strong></span> <span class='ocrx_word' id='word_1_186' title='bbox 472 2421 720 2476; x_wconf 84' lang='lat' dir='ltr'><strong><em>omnibus</em></strong></span> <span class='ocrx_word' id='word_1_187' title='bbox 751 2437 1143 2490; x_wconf 69' lang='lat' dir='ltr'><strong><em>prteponamus.</em></strong></span> <span class='ocrx_word' id='word_1_188' title='bbox 1174 2421 1305 2475; x_wconf 88' lang='lat' dir='ltr'><strong><em>Nam</em></strong></span> <span class='ocrx_word' id='word_1_189' title='bbox 1337 2422 1435 2476; x_wconf 90' lang='lat' dir='ltr'><strong><em>nisi</em></strong></span> <span class='ocrx_word' id='word_1_190' title='bbox 1463 2421 1710 2476; x_wconf 90' lang='lat' dir='ltr'><strong><em>omnibus</em></strong></span> <span class='ocrx_word' id='word_1_191' title='bbox 1741 2436 1948 2490; x_wconf 61' lang='lat' dir='ltr'><strong><em>praepo«</em></strong></span> 
     </span>
    </p>
   </div>
   <div class='ocr_carea' id='block_1_26' title="bbox 369 2512 1944 2582">
    <p class='ocr_par' dir='ltr' id='par_1_26' title="bbox 369 2512 1944 2582">
     <span class='ocr_line' id='line_1_26' title="bbox 369 2512 1944 2582; baseline -0.001 -16"><span class='ocrx_word' id='word_1_192' title='bbox 369 2528 650 2579; x_wconf 89' lang='lat' dir='ltr'><strong><em>neremus,</em></strong></span> <span class='ocrx_word' id='word_1_193' title='bbox 703 2529 805 2566; x_wconf 91' lang='lat' dir='ltr'><strong><em>non</em></strong></span> <span class='ocrx_word' id='word_1_194' title='bbox 848 2529 914 2568; x_wconf 90' lang='lat' dir='ltr'><strong><em>eo</em></strong></span> <span class='ocrx_word' id='word_1_195' title='bbox 941 2529 1047 2567; x_wconf 92' lang='lat' dir='ltr'><strong><em>uno</em></strong></span> <span class='ocrx_word' id='word_1_196' title='bbox 1076 2513 1358 2582; x_wconf 88' lang='lat' dir='ltr'><strong><em>impetrato</em></strong></span> <span class='ocrx_word' id='word_1_197' title='bbox 1387 2512 1624 2566; x_wconf 88' lang='lat' dir='ltr'><strong><em>omnium</em></strong></span> <span class='ocrx_word' id='word_1_198' title='bbox 1665 2512 1819 2566; x_wconf 90' lang='lat' dir='ltr'><strong><em>nobis</em></strong></span> <span class='ocrx_word' id='word_1_199' title='bbox 1845 2528 1944 2565; x_wconf 88' lang='lat' dir='ltr'><strong><em>ex-</em></strong></span> 
     </span>
    </p>
   </div>
   <div class='ocr_carea' id='block_1_27' title="bbox 367 2601 1943 2674">
    <p class='ocr_par' dir='ltr' id='par_1_27' title="bbox 367 2601 1943 2674">
     <span class='ocr_line' id='line_1_27' title="bbox 367 2601 1943 2674; baseline 0.003 -19"><span class='ocrx_word' id='word_1_200' title='bbox 367 2601 618 2657; x_wconf 86' lang='lat' dir='ltr'><strong><em>haustam</em></strong></span> <span class='ocrx_word' id='word_1_201' title='bbox 665 2619 785 2659; x_wconf 87' lang='lat' dir='ltr'><strong><em>esse</em></strong></span> <span class='ocrx_word' id='word_1_202' title='bbox 831 2604 1133 2659; x_wconf 76' lang='lat' dir='ltr'><strong><em>mercedem</em></strong></span> <span class='ocrx_word' id='word_1_203' title='bbox 1182 2605 1476 2670; x_wconf 87' lang='lat' dir='ltr'><strong><em>vellemus,</em></strong></span> <span class='ocrx_word' id='word_1_204' title='bbox 1533 2620 1632 2659; x_wconf 88' lang='lat' dir='ltr'><strong><em>nec</em></strong></span> <span class='ocrx_word' id='word_1_205' title='bbox 1679 2620 1773 2674; x_wconf 88' lang='lat' dir='ltr'><strong><em>per</em></strong></span> <span class='ocrx_word' id='word_1_206' title='bbox 1814 2605 1943 2659; x_wconf 89' lang='lat' dir='ltr'><strong><em>illud</em></strong></span> 
     </span>
    </p>
   </div>
   <div class='ocr_carea' id='block_1_28' title="bbox 364 2696 1940 2768">
    <p class='ocr_par' dir='ltr' id='par_1_28' title="bbox 364 2696 1940 2768">
     <span class='ocr_line' id='line_1_28' title="bbox 364 2696 1940 2768; baseline -0.001 -17"><span class='ocrx_word' id='word_1_207' title='bbox 364 2698 667 2752; x_wconf 82' lang='lat' dir='ltr'><strong><em>diceremus</em></strong></span> <span class='ocrx_word' id='word_1_208' title='bbox 688 2697 945 2767; x_wconf 88' lang='lat' dir='ltr'><strong><em>quidquid</em></strong></span> <span class='ocrx_word' id='word_1_209' title='bbox 968 2697 1120 2752; x_wconf 87' lang='lat' dir='ltr'><strong><em>nobis</em></strong></span> <span class='ocrx_word' id='word_1_210' title='bbox 1143 2696 1457 2764; x_wconf 79' lang='lat' dir='ltr'><strong><em>debebatur,</em></strong></span> <span class='ocrx_word' id='word_1_211' title='bbox 1488 2712 1608 2753; x_wconf 88' lang='lat' dir='ltr'><strong><em>esse</em></strong></span> <span class='ocrx_word' id='word_1_212' title='bbox 1636 2712 1940 2768; x_wconf 71' lang='lat' dir='ltr'><strong><em>reprzesen-</em></strong></span> 
     </span>
    </p>
   </div>
   <div class='ocr_carea' id='block_1_29' title="bbox 366 2788 1937 2859">
    <p class='ocr_par' dir='ltr' id='par_1_29' title="bbox 366 2788 1937 2859">
     <span class='ocr_line' id='line_1_29' title="bbox 366 2788 1937 2859; baseline 0.003 -20"><span class='ocrx_word' id='word_1_213' title='bbox 366 2798 552 2842; x_wconf 88' lang='lat' dir='ltr'><strong><em>tatum.</em></strong></span> <span class='ocrx_word' id='word_1_214' title='bbox 581 2788 684 2843; x_wconf 89' lang='lat' dir='ltr'><strong><em>Sed</em></strong></span> <span class='ocrx_word' id='word_1_215' title='bbox 714 2805 810 2843; x_wconf 92' lang='lat' dir='ltr'><strong><em>nos</em></strong></span> <span class='ocrx_word' id='word_1_216' title='bbox 836 2788 1048 2859; x_wconf 84' lang='lat' dir='ltr'><strong><em>quidem</em></strong></span> <span class='ocrx_word' id='word_1_217' title='bbox 1066 2789 1302 2844; x_wconf 85' lang='lat' dir='ltr'><strong><em>carnalia</em></strong></span> <span class='ocrx_word' id='word_1_218' title='bbox 1320 2789 1583 2845; x_wconf 83' lang='lat' dir='ltr'><strong><em>beneﬁcia</em></strong></span> <span class='ocrx_word' id='word_1_219' title='bbox 1607 2805 1937 2845; x_wconf 90' lang='lat' dir='ltr'><strong><em>commemo-</em></strong></span> 
     </span>
    </p>
   </div>
   <div class='ocr_carea' id='block_1_30' title="bbox 365 2883 1937 2959">
    <p class='ocr_par' dir='ltr' id='par_1_30' title="bbox 365 2883 1937 2959">
     <span class='ocr_line' id='line_1_30' title="bbox 365 2883 1937 2959; baseline 0.006 -25"><span class='ocrx_word' id='word_1_220' title='bbox 365 2896 545 2935; x_wconf 84' lang='lat' dir='ltr'><strong><em>ramus</em></strong></span> <span class='ocrx_word' id='word_1_221' title='bbox 579 2899 590 2932; x_wconf 89' lang='lat'><strong>:</strong></span> <span class='ocrx_word' id='word_1_222' title='bbox 623 2893 679 2936; x_wconf 90' lang='lat' dir='ltr'><strong><em>ut</em></strong></span> <span class='ocrx_word' id='word_1_223' title='bbox 708 2883 751 2936; x_wconf 93' lang='lat' dir='ltr'><strong><em>si</em></strong></span> <span class='ocrx_word' id='word_1_224' title='bbox 794 2897 944 2952; x_wconf 85' lang='lat' dir='ltr'><strong><em>pater</em></strong></span> <span class='ocrx_word' id='word_1_225' title='bbox 973 2899 1096 2956; x_wconf 87' lang='lat' dir='ltr'><strong><em>erga</em></strong></span> <span class='ocrx_word' id='word_1_226' title='bbox 1133 2886 1296 2939; x_wconf 89' lang='lat' dir='ltr'><strong><em>lilium</em></strong></span> <span class='ocrx_word' id='word_1_227' title='bbox 1337 2886 1580 2954; x_wconf 89' lang='lat' dir='ltr'><strong><em>diceret,</em></strong></span> <span class='ocrx_word' id='word_1_228' title='bbox 1618 2887 1681 2943; x_wconf 75' lang='lat' dir='ltr'><strong><em>Si</em></strong></span> <span class='ocrx_word' id='word_1_229' title='bbox 1713 2905 1814 2959; x_wconf 88' lang='lat' dir='ltr'><strong><em>qua</em></strong></span> <span class='ocrx_word' id='word_1_230' title='bbox 1847 2890 1937 2944; x_wconf 88' lang='lat' dir='ltr'><strong><em>tibi</em></strong></span> 
     </span>
    </p>
   </div>
   <div class='ocr_carea' id='block_1_31' title="bbox 361 2975 1936 3052">
    <p class='ocr_par' dir='ltr' id='par_1_31' title="bbox 361 2975 1936 3052">
     <span class='ocr_line' id='line_1_31' title="bbox 361 2975 1936 3052; baseline 0.006 -26"><span class='ocrx_word' id='word_1_231' title='bbox 361 2975 661 3028; x_wconf 88' lang='lat' dir='ltr'><strong><em>reverentia</em></strong></span> <span class='ocrx_word' id='word_1_232' title='bbox 696 2990 819 3045; x_wconf 82' lang='lat' dir='ltr'><strong><em>erga</em></strong></span> <span class='ocrx_word' id='word_1_233' title='bbox 862 2987 1101 3045; x_wconf 89' lang='lat' dir='ltr'><strong><em>patrem,</em></strong></span> <span class='ocrx_word' id='word_1_234' title='bbox 1125 2977 1168 3030; x_wconf 92' lang='lat' dir='ltr'><strong><em>si</em></strong></span> <span class='ocrx_word' id='word_1_235' title='bbox 1215 2993 1315 3048; x_wconf 88' lang='lat' dir='ltr'><strong><em>qua</em></strong></span> <span class='ocrx_word' id='word_1_236' title='bbox 1347 2978 1707 3047; x_wconf 90' lang='lat' dir='ltr'><strong><em>educationis,</em></strong></span> <span class='ocrx_word' id='word_1_237' title='bbox 1764 2981 1808 3035; x_wconf 89' lang='lat' dir='ltr'><strong><em>si</em></strong></span> <span class='ocrx_word' id='word_1_238' title='bbox 1836 2998 1936 3052; x_wconf 91' lang='lat' dir='ltr'><strong><em>qua</em></strong></span> 
     </span>
    </p>
   </div>
   <div class='ocr_carea' id='block_1_32' title="bbox 361 3065 1938 3139">
    <p class='ocr_par' dir='ltr' id='par_1_32' title="bbox 361 3065 1938 3139">
     <span class='ocr_line' id='line_1_32' title="bbox 361 3065 1938 3139; baseline 0.008 -22"><span class='ocrx_word' id='word_1_239' title='bbox 361 3065 574 3135; x_wconf 88' lang='lat' dir='ltr'><strong><em>pietatis</em></strong></span> <span class='ocrx_word' id='word_1_240' title='bbox 597 3081 720 3136; x_wconf 87' lang='lat' dir='ltr'><strong><em>erga</em></strong></span> <span class='ocrx_word' id='word_1_241' title='bbox 743 3082 848 3132; x_wconf 92' lang='lat' dir='ltr'><strong><em>me,</em></strong></span> <span class='ocrx_word' id='word_1_242' title='bbox 868 3068 912 3122; x_wconf 93' lang='lat' dir='ltr'><strong><em>si</em></strong></span> <span class='ocrx_word' id='word_1_243' title='bbox 934 3084 1037 3138; x_wconf 86' lang='lat' dir='ltr'><strong><em>qua</em></strong></span> <span class='ocrx_word' id='word_1_244' title='bbox 1062 3068 1278 3124; x_wconf 91' lang='lat' dir='ltr'><strong><em>honoris</em></strong></span> <span class='ocrx_word' id='word_1_245' title='bbox 1299 3087 1456 3139; x_wconf 89' lang='lat' dir='ltr'><strong><em>quem</em></strong></span> <span class='ocrx_word' id='word_1_246' title='bbox 1478 3087 1542 3126; x_wconf 78' lang='lat' dir='ltr'><strong><em>ex</em></strong></span> <span class='ocrx_word' id='word_1_247' title='bbox 1564 3088 1648 3126; x_wconf 90' lang='lat' dir='ltr'><strong><em>me</em></strong></span> <span class='ocrx_word' id='word_1_248' title='bbox 1670 3088 1728 3127; x_wconf 90' lang='lat' dir='ltr'><strong><em>es</em></strong></span> <span class='ocrx_word' id='word_1_249' title='bbox 1750 3088 1938 3130; x_wconf 89' lang='lat' dir='ltr'><strong><em>conse-</em></strong></span> 
     </span>
    </p>
   </div>
   <div class='ocr_carea' id='block_1_33' title="bbox 361 3158 1935 3234">
    <p class='ocr_par' dir='ltr' id='par_1_33' title="bbox 361 3158 1935 3234">
     <span class='ocr_line' id='line_1_33' title="bbox 361 3158 1935 3234; baseline 0.008 -25"><span class='ocrx_word' id='word_1_250' title='bbox 361 3168 576 3225; x_wconf 88' lang='lat' dir='ltr'><strong><em>quutus,</em></strong></span> <span class='ocrx_word' id='word_1_251' title='bbox 609 3158 654 3213; x_wconf 87' lang='lat' dir='ltr'><strong><em>si</em></strong></span> <span class='ocrx_word' id='word_1_252' title='bbox 681 3175 783 3229; x_wconf 88' lang='lat' dir='ltr'><strong><em>qua</em></strong></span> <span class='ocrx_word' id='word_1_253' title='bbox 811 3160 1196 3216; x_wconf 80' lang='lat' dir='ltr'><strong><em>benevolentiae</em></strong></span> <span class='ocrx_word' id='word_1_254' title='bbox 1217 3165 1493 3227; x_wconf 87' lang='lat' dir='ltr'><strong><em>memoria,</em></strong></span> <span class='ocrx_word' id='word_1_255' title='bbox 1523 3181 1652 3234; x_wconf 80' lang='lat' dir='ltr'><strong><em>rogo</em></strong></span> <span class='ocrx_word' id='word_1_256' title='bbox 1675 3177 1747 3232; x_wconf 91' lang='lat' dir='ltr'><strong><em>te,</em></strong></span> <span class='ocrx_word' id='word_1_257' title='bbox 1779 3183 1844 3222; x_wconf 90' lang='lat' dir='ltr'><strong><em>ne</em></strong></span> <span class='ocrx_word' id='word_1_258' title='bbox 1861 3168 1935 3222; x_wconf 90' lang='lat' dir='ltr'><strong><em>sis</em></strong></span> 
     </span>
    </p>
   </div>
   <div class='ocr_carea' id='block_1_34' title="bbox 363 3249 1936 3330">
    <p class='ocr_par' dir='ltr' id='par_1_34' title="bbox 363 3249 1936 3330">
     <span class='ocr_line' id='line_1_34' title="bbox 363 3249 1936 3330; baseline 0.005 -26"><span class='ocrx_word' id='word_1_259' title='bbox 363 3249 615 3306; x_wconf 88' lang='lat' dir='ltr'><strong><em>inimicus</em></strong></span> <span class='ocrx_word' id='word_1_260' title='bbox 641 3251 820 3316; x_wconf 81' lang='lat' dir='ltr'><strong><em>fratri;</em></strong></span> <span class='ocrx_word' id='word_1_261' title='bbox 852 3253 952 3310; x_wconf 88' lang='lat' dir='ltr'><strong><em>hoc</em></strong></span> <span class='ocrx_word' id='word_1_262' title='bbox 977 3263 1078 3320; x_wconf 88' lang='lat' dir='ltr'><strong><em>est,</em></strong></span> <span class='ocrx_word' id='word_1_263' title='bbox 1107 3271 1203 3322; x_wconf 90' lang='lat' dir='ltr'><strong><em>pro</em></strong></span> <span class='ocrx_word' id='word_1_264' title='bbox 1229 3257 1474 3311; x_wconf 89' lang='lat' dir='ltr'><strong><em>omnibus</em></strong></span> <span class='ocrx_word' id='word_1_265' title='bbox 1495 3257 1598 3311; x_wconf 89' lang='lat' dir='ltr'><strong><em>illis</em></strong></span> <span class='ocrx_word' id='word_1_266' title='bbox 1626 3258 1760 3314; x_wconf 86' lang='lat' dir='ltr'><strong><em>hanc</em></strong></span> <span class='ocrx_word' id='word_1_267' title='bbox 1779 3261 1936 3330; x_wconf 82' lang='lat' dir='ltr'><strong><em>exigo</em></strong></span> 
     </span>
    </p>
   </div>
   <div class='ocr_carea' id='block_1_35' title="bbox 363 3341 1932 3418">
    <p class='ocr_par' dir='ltr' id='par_1_35' title="bbox 363 3341 1932 3418">
     <span class='ocr_line' id='line_1_35' title="bbox 363 3341 1932 3418; baseline 0.006 -23"><span class='ocrx_word' id='word_1_268' title='bbox 363 3341 691 3397; x_wconf 85' lang='lat' dir='ltr'><strong><em>mercedem.</em></strong></span> <span class='ocrx_word' id='word_1_269' title='bbox 730 3342 834 3398; x_wconf 88' lang='lat' dir='ltr'><strong><em>Sed</em></strong></span> <span class='ocrx_word' id='word_1_270' title='bbox 858 3361 964 3398; x_wconf 91' lang='lat' dir='ltr'><strong><em>non</em></strong></span> <span class='ocrx_word' id='word_1_271' title='bbox 988 3346 1055 3400; x_wconf 87' lang='lat' dir='ltr'><strong><em>ita</em></strong></span> <span class='ocrx_word' id='word_1_272' title='bbox 1091 3347 1321 3402; x_wconf 86' lang='lat' dir='ltr'><strong><em>Paulus:</em></strong></span> <span class='ocrx_word' id='word_1_273' title='bbox 1352 3348 1482 3402; x_wconf 92' lang='lat' dir='ltr'><strong><em>nihil</em></strong></span> <span class='ocrx_word' id='word_1_274' title='bbox 1510 3350 1674 3416; x_wconf 89' lang='lat' dir='ltr'><strong><em>enim,</em></strong></span> <span class='ocrx_word' id='word_1_275' title='bbox 1702 3352 1842 3418; x_wconf 90' lang='lat' dir='ltr'><strong><em>quod</em></strong></span> <span class='ocrx_word' id='word_1_276' title='bbox 1868 3351 1932 3405; x_wconf 91' lang='lat' dir='ltr'><strong><em>ad</em></strong></span> 
     </span>
    </p>
   </div>
   <div class='ocr_carea' id='block_1_36' title="bbox 354 3435 1929 3508">
    <p class='ocr_par' dir='ltr' id='par_1_36' title="bbox 354 3435 1929 3508">
     <span class='ocr_line' id='line_1_36' title="bbox 354 3435 1929 3508; baseline 0.007 -21"><span class='ocrx_word' id='word_1_277' title='bbox 354 3449 571 3488; x_wconf 84' lang='lat' dir='ltr'><strong><em>carnem</em></strong></span> <span class='ocrx_word' id='word_1_278' title='bbox 605 3435 898 3503; x_wconf 86' lang='lat' dir='ltr'><strong><em>pertineat,</em></strong></span> <span class='ocrx_word' id='word_1_279' title='bbox 944 3438 1137 3508; x_wconf 75' lang='lat' dir='ltr'><strong><em>redigit</em></strong></span> <span class='ocrx_word' id='word_1_280' title='bbox 1174 3439 1240 3494; x_wconf 88' lang='lat' dir='ltr'><strong><em>ad</em></strong></span> <span class='ocrx_word' id='word_1_281' title='bbox 1269 3442 1604 3504; x_wconf 86' lang='lat' dir='ltr'><strong><em>memoriam,</em></strong></span> <span class='ocrx_word' id='word_1_282' title='bbox 1628 3443 1721 3497; x_wconf 89' lang='lat' dir='ltr'><strong><em>sed</em></strong></span> <span class='ocrx_word' id='word_1_283' title='bbox 1752 3445 1929 3498; x_wconf 88' lang='lat' dir='ltr'><strong><em>omnia</em></strong></span> 
     </span>
    </p>
   </div>
   <div class='ocr_carea' id='block_1_37' title="bbox 357 3526 1932 3606">
    <p class='ocr_par' dir='ltr' id='par_1_37' title="bbox 357 3526 1932 3606">
     <span class='ocr_line' id='line_1_37' title="bbox 357 3526 1932 3606; baseline 0.01 -28"><span class='ocrx_word' id='word_1_284' title='bbox 357 3526 678 3594; x_wconf 87' lang='lat' dir='ltr'><strong><em>spiritualia.</em></strong></span> <span class='ocrx_word' id='word_1_285' title='bbox 709 3527 861 3594; x_wconf 87' lang='lat' dir='ltr'><strong><em>Quod</em></strong></span> <span class='ocrx_word' id='word_1_286' title='bbox 885 3538 1062 3586; x_wconf 88' lang='lat' dir='ltr'><strong><em>autem</em></strong></span> <span class='ocrx_word' id='word_1_287' title='bbox 1092 3531 1254 3598; x_wconf 89' lang='lat' dir='ltr'><strong><em>dicit,</em></strong></span> <span class='ocrx_word' id='word_1_288' title='bbox 1285 3533 1390 3588; x_wconf 84' lang='lat' dir='ltr'><strong><em>tale</em></strong></span> <span class='ocrx_word' id='word_1_289' title='bbox 1416 3543 1501 3589; x_wconf 92' lang='lat' dir='ltr'><strong><em>est</em></strong></span> <span class='ocrx_word' id='word_1_290' title='bbox 1527 3552 1541 3587; x_wconf 89' lang='lat'><strong>:</strong></span> <span class='ocrx_word' id='word_1_291' title='bbox 1570 3534 1625 3589; x_wconf 88' lang='lat' dir='ltr'><strong><em>Si</em></strong></span> <span class='ocrx_word' id='word_1_292' title='bbox 1645 3536 1770 3606; x_wconf 91' lang='lat' dir='ltr'><strong><em>quid</em></strong></span> <span class='ocrx_word' id='word_1_293' title='bbox 1801 3538 1932 3593; x_wconf 88' lang='lat' dir='ltr'><strong><em>mihi</em></strong></span> 
     </span>
    </p>
   </div>
   <div class='ocr_carea' id='block_1_38' title="bbox 352 3617 1929 3695">
    <p class='ocr_par' dir='ltr' id='par_1_38' title="bbox 352 3617 1929 3695">
     <span class='ocr_line' id='line_1_38' title="bbox 352 3617 1929 3695; baseline 0.01 -26"><span class='ocrx_word' id='word_1_294' title='bbox 352 3617 529 3670; x_wconf 82' lang='lat' dir='ltr'><strong><em>solatii</em></strong></span> <span class='ocrx_word' id='word_1_295' title='bbox 555 3618 714 3671; x_wconf 85' lang='lat' dir='ltr'><strong><em>vultis</em></strong></span> <span class='ocrx_word' id='word_1_296' title='bbox 743 3619 794 3672; x_wconf 80' lang='lat' dir='ltr'><strong><em>in</em></strong></span> <span class='ocrx_word' id='word_1_297' title='bbox 827 3622 1206 3677; x_wconf 84' lang='lat' dir='ltr'><strong><em>teatationibus</em></strong></span> <span class='ocrx_word' id='word_1_298' title='bbox 1227 3622 1440 3689; x_wconf 79' lang='lat' dir='ltr'><strong><em>aﬂ&#39;erre,</em></strong></span> <span class='ocrx_word' id='word_1_299' title='bbox 1467 3641 1657 3695; x_wconf 82' lang='lat' dir='ltr'><strong><em>ineque</em></strong></span> <span class='ocrx_word' id='word_1_300' title='bbox 1683 3643 1929 3686; x_wconf 87' lang='lat' dir='ltr'><strong><em>recreare</em></strong></span> 
     </span>
    </p>
   </div>
   <div class='ocr_carea' id='block_1_39' title="bbox 355 3716 1930 3797">
    <p class='ocr_par' dir='ltr' id='par_1_39' title="bbox 355 3716 1930 3797">
     <span class='ocr_line' id='line_1_39' title="bbox 355 3716 1930 3797; baseline 0.008 -27"><span class='ocrx_word' id='word_1_301' title='bbox 355 3716 410 3770; x_wconf 90' lang='lat' dir='ltr'><strong><em>in</em></strong></span> <span class='ocrx_word' id='word_1_302' title='bbox 437 3717 671 3783; x_wconf 82' lang='lat' dir='ltr'><strong><em>Christo,</em></strong></span> <span class='ocrx_word' id='word_1_303' title='bbox 701 3720 745 3774; x_wconf 86' lang='lat' dir='ltr'><strong><em>si</em></strong></span> <span class='ocrx_word' id='word_1_304' title='bbox 780 3737 936 3790; x_wconf 85' lang='lat' dir='ltr'><strong><em>quam</em></strong></span> <span class='ocrx_word' id='word_1_305' title='bbox 960 3723 1380 3779; x_wconf 88' lang='lat' dir='ltr'><strong><em>consolationem</em></strong></span> <span class='ocrx_word' id='word_1_306' title='bbox 1412 3726 1672 3794; x_wconf 88' lang='lat' dir='ltr'><strong><em>caritatis,</em></strong></span> <span class='ocrx_word' id='word_1_307' title='bbox 1702 3730 1747 3782; x_wconf 88' lang='lat' dir='ltr'><strong><em>si</em></strong></span> <span class='ocrx_word' id='word_1_308' title='bbox 1777 3729 1930 3797; x_wconf 91' lang='lat' dir='ltr'><strong><em>quid-</em></strong></span> 
     </span>
    </p>
   </div>
   <div class='ocr_carea' id='block_1_40' title="bbox 351 3810 1932 3888">
    <p class='ocr_par' dir='ltr' id='par_1_40' title="bbox 351 3810 1932 3888">
     <span class='ocr_line' id='line_1_40' title="bbox 351 3810 1932 3888; baseline 0.011 -28"><span class='ocrx_word' id='word_1_309' title='bbox 351 3824 510 3878; x_wconf 81' lang='lat' dir='ltr'><strong><em>quam</em></strong></span> <span class='ocrx_word' id='word_1_310' title='bbox 532 3810 649 3882; x_wconf 88' lang='lat' dir='ltr'><strong><em>ejus</em></strong></span> <span class='ocrx_word' id='word_1_311' title='bbox 679 3815 1070 3870; x_wconf 76' lang='lat' dir='ltr'><strong><em>communionis</em></strong></span> <span class='ocrx_word' id='word_1_312' title='bbox 1093 3832 1213 3886; x_wconf 72' lang='lat' dir='ltr'><strong><em>qua:</em></strong></span> <span class='ocrx_word' id='word_1_313' title='bbox 1232 3818 1285 3872; x_wconf 92' lang='lat' dir='ltr'><strong><em>in</em></strong></span> <span class='ocrx_word' id='word_1_314' title='bbox 1311 3819 1503 3888; x_wconf 89' lang='lat' dir='ltr'><strong><em>spiritu</em></strong></span> <span class='ocrx_word' id='word_1_315' title='bbox 1532 3829 1635 3885; x_wconf 85' lang='lat' dir='ltr'><strong><em>est,</em></strong></span> <span class='ocrx_word' id='word_1_316' title='bbox 1664 3821 1824 3876; x_wconf 88' lang='lat' dir='ltr'><strong><em>vultis</em></strong></span> <span class='ocrx_word' id='word_1_317' title='bbox 1841 3838 1932 3876; x_wconf 82' lang='lat' dir='ltr'><strong><em>os-</em></strong></span> 
     </span>
    </p>
   </div>
   <div class='ocr_carea' id='block_1_41' title="bbox 357 3904 1927 3976">
    <p class='ocr_par' dir='ltr' id='par_1_41' title="bbox 357 3904 1927 3976">
     <span class='ocr_line' id='line_1_41' title="bbox 357 3904 1927 3976; baseline 0.008 -21"><span class='ocrx_word' id='word_1_318' title='bbox 357 3904 576 3959; x_wconf 90' lang='lat' dir='ltr'><strong><em>tendere</em></strong></span> <span class='ocrx_word' id='word_1_319' title='bbox 594 3947 608 3970; x_wconf 95' lang='lat'><strong><em>,</em></strong></span> <span class='ocrx_word' id='word_1_320' title='bbox 639 3906 684 3960; x_wconf 87' lang='lat' dir='ltr'><strong><em>si</em></strong></span> <span class='ocrx_word' id='word_1_321' title='bbox 711 3923 812 3976; x_wconf 84' lang='lat' dir='ltr'><strong><em>qua</em></strong></span> <span class='ocrx_word' id='word_1_322' title='bbox 845 3907 1052 3964; x_wconf 81' lang='lat' dir='ltr'><strong><em>habetis</em></strong></span> <span class='ocrx_word' id='word_1_323' title='bbox 1079 3909 1281 3965; x_wconf 84' lang='lat' dir='ltr'><strong><em>viscera</em></strong></span> <span class='ocrx_word' id='word_1_324' title='bbox 1305 3921 1359 3965; x_wconf 91' lang='lat' dir='ltr'><strong><em>et</em></strong></span> <span class='ocrx_word' id='word_1_325' title='bbox 1398 3910 1781 3967; x_wconf 81' lang='lat' dir='ltr'><strong><em>misericordiae</em></strong></span> <span class='ocrx_word' id='word_1_326' title='bbox 1805 3929 1927 3969; x_wconf 84' lang='lat' dir='ltr'><strong><em>sen-</em></strong></span> 
     </span>
    </p>
   </div>
   <div class='ocr_carea' id='block_1_42' title="bbox 351 3996 1924 4072">
    <p class='ocr_par' dir='ltr' id='par_1_42' title="bbox 351 3996 1924 4072">
     <span class='ocr_line' id='line_1_42' title="bbox 351 3996 1924 4072; baseline 0.008 -25"><span class='ocrx_word' id='word_1_327' title='bbox 351 4007 493 4062; x_wconf 87' lang='lat' dir='ltr'><strong><em>sum,</em></strong></span> <span class='ocrx_word' id='word_1_328' title='bbox 527 3996 744 4066; x_wconf 76' lang='lat' dir='ltr'><strong><em>implete</em></strong></span> <span class='ocrx_word' id='word_1_329' title='bbox 772 4014 946 4054; x_wconf 77' lang='lat' dir='ltr'><strong><em>meum</em></strong></span> <span class='ocrx_word' id='word_1_330' title='bbox 972 4001 1246 4070; x_wconf 76' lang='lat' dir='ltr'><strong><em>gaudium.</em></strong></span> <span class='ocrx_word' id='word_1_331' title='bbox 1279 4001 1339 4058; x_wconf 90' lang='lat' dir='ltr'><strong><em>Si</em></strong></span> <span class='ocrx_word' id='word_1_332' title='bbox 1368 4020 1467 4072; x_wconf 83' lang='lat' dir='ltr'><strong><em>qua</em></strong></span> <span class='ocrx_word' id='word_1_333' title='bbox 1496 4006 1685 4059; x_wconf 74' lang='lat' dir='ltr'><strong><em>viscera</em></strong></span> <span class='ocrx_word' id='word_1_334' title='bbox 1710 4015 1755 4058; x_wconf 90' lang='lat' dir='ltr'><strong><em>et</em></strong></span> <span class='ocrx_word' id='word_1_335' title='bbox 1777 4007 1924 4060; x_wconf 85' lang='lat' dir='ltr'><strong><em>mise-</em></strong></span> 
     </span>
    </p>
   </div>
   <div class='ocr_carea' id='block_1_43' title="bbox 353 4088 1929 4152">
    <p class='ocr_par' dir='ltr' id='par_1_43' title="bbox 353 4088 1929 4152">
     <span class='ocr_line' id='line_1_43' title="bbox 353 4088 1929 4152; baseline 0.01 -15"><span class='ocrx_word' id='word_1_336' title='bbox 353 4088 593 4143; x_wconf 85' lang='lat' dir='ltr'><strong><em>rationes.</em></strong></span> <span class='ocrx_word' id='word_1_337' title='bbox 635 4089 1029 4146; x_wconf 85' lang='lat' dir='ltr'><strong><em>Miserationem</em></strong></span> <span class='ocrx_word' id='word_1_338' title='bbox 1074 4092 1176 4147; x_wconf 88' lang='lat' dir='ltr'><strong><em>sibi</em></strong></span> <span class='ocrx_word' id='word_1_339' title='bbox 1205 4093 1499 4148; x_wconf 83' lang='lat' dir='ltr'><strong><em>exhibitam</em></strong></span> <span class='ocrx_word' id='word_1_340' title='bbox 1544 4105 1702 4150; x_wconf 77' lang='lat' dir='ltr'><strong><em>vocat</em></strong></span> <span class='ocrx_word' id='word_1_341' title='bbox 1736 4096 1929 4152; x_wconf 76' lang='lat' dir='ltr'><strong><em>Paulus</em></strong></span> 
     </span>
    </p>
   </div>
   <div class='ocr_carea' id='block_1_44' title="bbox 351 4178 1930 4249">
    <p class='ocr_par' dir='ltr' id='par_1_44' title="bbox 351 4178 1930 4249">
     <span class='ocr_line' id='line_1_44' title="bbox 351 4178 1930 4249; baseline 0.007 -17"><span class='ocrx_word' id='word_1_342' title='bbox 351 4178 738 4249; x_wconf 88' lang='lat' dir='ltr'><strong><em>discipulorum</em></strong></span> <span class='ocrx_word' id='word_1_343' title='bbox 774 4183 1150 4249; x_wconf 88' lang='lat' dir='ltr'><strong><em>concordiam,</em></strong></span> <span class='ocrx_word' id='word_1_344' title='bbox 1197 4184 1488 4239; x_wconf 88' lang='lat' dir='ltr'><strong><em>ostendens</em></strong></span> <span class='ocrx_word' id='word_1_345' title='bbox 1529 4201 1794 4242; x_wconf 88' lang='lat' dir='ltr'><strong><em>summum</em></strong></span> <span class='ocrx_word' id='word_1_346' title='bbox 1830 4189 1930 4243; x_wconf 84' lang='lat' dir='ltr'><strong><em>im-</em></strong></span> 
     </span>
    </p>
   </div>
   <div class='ocr_carea' id='block_1_45' title="bbox 353 4272 1926 4349">
    <p class='ocr_par' dir='ltr' id='par_1_45' title="bbox 353 4272 1926 4349">
     <span class='ocr_line' id='line_1_45' title="bbox 353 4272 1926 4349; baseline 0.006 -25"><span class='ocrx_word' id='word_1_347' title='bbox 353 4272 558 4326; x_wconf 89' lang='lat' dir='ltr'><strong><em>minere</em></strong></span> <span class='ocrx_word' id='word_1_348' title='bbox 589 4273 884 4342; x_wconf 88' lang='lat' dir='ltr'><strong><em>periculum</em></strong></span> <span class='ocrx_word' id='word_1_349' title='bbox 907 4315 922 4338; x_wconf 96' lang='lat'><strong><em>,</em></strong></span> <span class='ocrx_word' id='word_1_350' title='bbox 972 4275 1074 4329; x_wconf 84' lang='lat' dir='ltr'><strong><em>nisi</em></strong></span> <span class='ocrx_word' id='word_1_351' title='bbox 1115 4277 1416 4332; x_wconf 82' lang='lat' dir='ltr'><strong><em>concordes</em></strong></span> <span class='ocrx_word' id='word_1_352' title='bbox 1439 4277 1658 4333; x_wconf 77' lang='lat' dir='ltr'><strong><em>fuerint.</em></strong></span> <span class='ocrx_word' id='word_1_353' title='bbox 1706 4279 1764 4333; x_wconf 87' lang='lat' dir='ltr'><strong><em>Si</em></strong></span> <span class='ocrx_word' id='word_1_354' title='bbox 1801 4280 1926 4349; x_wconf 91' lang='lat' dir='ltr'><strong><em>quid</em></strong></span> 
     </span>
    </p>
   </div>
   <div class='ocr_carea' id='block_1_46' title="bbox 351 4365 1926 4439">
    <p class='ocr_par' dir='ltr' id='par_1_46' title="bbox 351 4365 1926 4439">
     <span class='ocr_line' id='line_1_46' title="bbox 351 4365 1926 4439; baseline 0.004 -21"><span class='ocrx_word' id='word_1_355' title='bbox 351 4365 482 4418; x_wconf 88' lang='lat' dir='ltr'><strong><em>mihi</em></strong></span> <span class='ocrx_word' id='word_1_356' title='bbox 507 4405 523 4429; x_wconf 96' lang='lat'><strong><em>,</em></strong></span> <span class='ocrx_word' id='word_1_357' title='bbox 568 4365 774 4435; x_wconf 90' lang='lat' dir='ltr'><strong><em>inquit,</em></strong></span> <span class='ocrx_word' id='word_1_358' title='bbox 817 4367 994 4422; x_wconf 87' lang='lat' dir='ltr'><strong><em>solatii</em></strong></span> <span class='ocrx_word' id='word_1_359' title='bbox 1020 4383 1049 4422; x_wconf 92' lang='lat' dir='ltr'><strong><em>a</em></strong></span> <span class='ocrx_word' id='word_1_360' title='bbox 1075 4369 1226 4424; x_wconf 82' lang='lat' dir='ltr'><strong><em>vobis</em></strong></span> <span class='ocrx_word' id='word_1_361' title='bbox 1251 4369 1672 4439; x_wconf 84' lang='lat' dir='ltr'><strong><em>exspectandum</em></strong></span> <span class='ocrx_word' id='word_1_362' title='bbox 1697 4379 1780 4426; x_wconf 89' lang='lat' dir='ltr'><strong><em>est</em></strong></span> <span class='ocrx_word' id='word_1_363' title='bbox 1803 4411 1819 4437; x_wconf 93' lang='lat'><strong><em>,</em></strong></span> <span class='ocrx_word' id='word_1_364' title='bbox 1882 4373 1926 4425; x_wconf 92' lang='lat' dir='ltr'><strong><em>si</em></strong></span> 
     </span>
    </p>
   </div>
   <div class='ocr_carea' id='block_1_47' title="bbox 351 4455 1923 4531">
    <p class='ocr_par' dir='ltr' id='par_1_47' title="bbox 351 4455 1923 4531">
     <span class='ocr_line' id='line_1_47' title="bbox 351 4455 1923 4531; baseline 0.008 -25"><span class='ocrx_word' id='word_1_365' title='bbox 351 4455 479 4522; x_wconf 86' lang='lat' dir='ltr'><strong><em>quid</em></strong></span> <span class='ocrx_word' id='word_1_366' title='bbox 520 4458 898 4511; x_wconf 89' lang='lat' dir='ltr'><strong><em>consolationis</em></strong></span> <span class='ocrx_word' id='word_1_367' title='bbox 927 4474 994 4513; x_wconf 89' lang='lat' dir='ltr'><strong><em>ex</em></strong></span> <span class='ocrx_word' id='word_1_368' title='bbox 1023 4470 1197 4514; x_wconf 89' lang='lat' dir='ltr'><strong><em>vestra</em></strong></span> <span class='ocrx_word' id='word_1_369' title='bbox 1218 4461 1444 4515; x_wconf 87' lang='lat' dir='ltr'><strong><em>caritate</em></strong></span> <span class='ocrx_word' id='word_1_370' title='bbox 1467 4472 1742 4531; x_wconf 84' lang='lat' dir='ltr'><strong><em>reportare</em></strong></span> <span class='ocrx_word' id='word_1_371' title='bbox 1763 4464 1923 4527; x_wconf 88' lang='lat' dir='ltr'><strong><em>licet;</em></strong></span> 
     </span>
    </p>
   </div>
   <div class='ocr_carea' id='block_1_48' title="bbox 351 4547 1924 4622">
    <p class='ocr_par' dir='ltr' id='par_1_48' title="bbox 351 4547 1924 4622">
     <span class='ocr_line' id='line_1_48' title="bbox 351 4547 1924 4622; baseline 0.008 -24"><span class='ocrx_word' id='word_1_372' title='bbox 351 4547 396 4598; x_wconf 87' lang='lat' dir='ltr'><strong><em>si</em></strong></span> <span class='ocrx_word' id='word_1_373' title='bbox 424 4549 620 4616; x_wconf 87' lang='lat' dir='ltr'><strong><em>possim</em></strong></span> <span class='ocrx_word' id='word_1_374' title='bbox 646 4549 916 4604; x_wconf 86' lang='lat' dir='ltr'><strong><em>vobiscum</em></strong></span> <span class='ocrx_word' id='word_1_375' title='bbox 945 4552 1339 4608; x_wconf 78' lang='lat' dir='ltr'><strong><em>communicare</em></strong></span> <span class='ocrx_word' id='word_1_376' title='bbox 1370 4554 1425 4606; x_wconf 92' lang='lat' dir='ltr'><strong><em>in</em></strong></span> <span class='ocrx_word' id='word_1_377' title='bbox 1452 4556 1664 4622; x_wconf 89' lang='lat' dir='ltr'><strong><em>spiritu,</em></strong></span> <span class='ocrx_word' id='word_1_378' title='bbox 1699 4556 1744 4609; x_wconf 89' lang='lat' dir='ltr'><strong><em>si</em></strong></span> <span class='ocrx_word' id='word_1_379' title='bbox 1773 4571 1924 4609; x_wconf 87' lang='lat' dir='ltr'><strong><em>com-</em></strong></span> 
     </span>
    </p>
   </div>
   <div class='ocr_carea' id='block_1_49' title="bbox 352 4640 1926 4715">
    <p class='ocr_par' dir='ltr' id='par_1_49' title="bbox 352 4640 1926 4715">
     <span class='ocr_line' id='line_1_49' title="bbox 352 4640 1926 4715; baseline 0.007 -24"><span class='ocrx_word' id='word_1_380' title='bbox 352 4640 630 4696; x_wconf 83' lang='lat' dir='ltr'><strong><em>municare</em></strong></span> <span class='ocrx_word' id='word_1_381' title='bbox 661 4642 935 4696; x_wconf 86' lang='lat' dir='ltr'><strong><em>vobiscum</em></strong></span> <span class='ocrx_word' id='word_1_382' title='bbox 969 4643 1020 4696; x_wconf 89' lang='lat' dir='ltr'><strong><em>in</em></strong></span> <span class='ocrx_word' id='word_1_383' title='bbox 1045 4644 1306 4708; x_wconf 89' lang='lat' dir='ltr'><strong><em>Domino;</em></strong></span> <span class='ocrx_word' id='word_1_384' title='bbox 1338 4646 1382 4699; x_wconf 90' lang='lat' dir='ltr'><strong><em>si</em></strong></span> <span class='ocrx_word' id='word_1_385' title='bbox 1413 4662 1514 4715; x_wconf 89' lang='lat' dir='ltr'><strong><em>qua</em></strong></span> <span class='ocrx_word' id='word_1_386' title='bbox 1546 4646 1672 4700; x_wconf 91' lang='lat' dir='ltr'><strong><em>mihi</em></strong></span> <span class='ocrx_word' id='word_1_387' title='bbox 1709 4662 1737 4701; x_wconf 91' lang='lat' dir='ltr'><strong><em>a</em></strong></span> <span class='ocrx_word' id='word_1_388' title='bbox 1776 4649 1926 4702; x_wconf 82' lang='lat' dir='ltr'><strong><em>vobis</em></strong></span> 
     </span>
    </p>
   </div>
   <div class='ocr_carea' id='block_1_50' title="bbox 352 4731 1922 4805">
    <p class='ocr_par' dir='ltr' id='par_1_50' title="bbox 352 4731 1922 4805">
     <span class='ocr_line' id='line_1_50' title="bbox 352 4731 1922 4805; baseline 0.006 -23"><span class='ocrx_word' id='word_1_389' title='bbox 352 4731 718 4786; x_wconf 83' lang='lat' dir='ltr'><strong><em>misericordia</em></strong></span> <span class='ocrx_word' id='word_1_390' title='bbox 745 4741 799 4788; x_wconf 85' lang='lat' dir='ltr'><strong><em>et</em></strong></span> <span class='ocrx_word' id='word_1_391' title='bbox 818 4735 1214 4788; x_wconf 85' lang='lat' dir='ltr'><strong><em>commiseratio</em></strong></span> <span class='ocrx_word' id='word_1_392' title='bbox 1241 4737 1539 4805; x_wconf 69' lang='lat' dir='ltr'><strong><em>priestanda</em></strong></span> <span class='ocrx_word' id='word_1_393' title='bbox 1556 4746 1656 4802; x_wconf 84' lang='lat' dir='ltr'><strong><em>est,</em></strong></span> <span class='ocrx_word' id='word_1_394' title='bbox 1685 4741 1922 4792; x_wconf 86' lang='lat' dir='ltr'><strong><em>omnium</em></strong></span> 
     </span>
    </p>
   </div>
   <div class='ocr_carea' id='block_1_51' title="bbox 354 4823 1924 4901">
    <p class='ocr_par' dir='ltr' id='par_1_51' title="bbox 354 4823 1924 4901">
     <span class='ocr_line' id='line_1_51' title="bbox 354 4823 1924 4901; baseline 0.009 -27"><span class='ocrx_word' id='word_1_395' title='bbox 354 4823 540 4878; x_wconf 86' lang='lat' dir='ltr'><strong><em>harum</em></strong></span> <span class='ocrx_word' id='word_1_396' title='bbox 583 4842 760 4881; x_wconf 89' lang='lat' dir='ltr'><strong><em>rerum</em></strong></span> <span class='ocrx_word' id='word_1_397' title='bbox 806 4828 1104 4883; x_wconf 85' lang='lat' dir='ltr'><strong><em>mercedem</em></strong></span> <span class='ocrx_word' id='word_1_398' title='bbox 1139 4830 1190 4883; x_wconf 90' lang='lat' dir='ltr'><strong><em>in</em></strong></span> <span class='ocrx_word' id='word_1_399' title='bbox 1221 4833 1444 4886; x_wconf 89' lang='lat' dir='ltr'><strong><em>caritate</em></strong></span> <span class='ocrx_word' id='word_1_400' title='bbox 1469 4832 1583 4901; x_wconf 80' lang='lat' dir='ltr'><strong><em>ipsa</em></strong></span> <span class='ocrx_word' id='word_1_401' title='bbox 1618 4832 1809 4886; x_wconf 87' lang='lat' dir='ltr'><strong><em>tuenda</em></strong></span> <span class='ocrx_word' id='word_1_402' title='bbox 1836 4849 1924 4888; x_wconf 89' lang='lat' dir='ltr'><strong><em>re-</em></strong></span> 
     </span>
    </p>
   </div>
   <div class='ocr_carea' id='block_1_52' title="bbox 352 4917 1925 4994">
    <p class='ocr_par' dir='ltr' id='par_1_52' title="bbox 352 4917 1925 4994">
     <span class='ocr_line' id='line_1_52' title="bbox 352 4917 1925 4994; baseline 0.009 -28"><span class='ocrx_word' id='word_1_403' title='bbox 352 4925 690 4981; x_wconf 78' lang='lat' dir='ltr'><strong><em>przesentate.</em></strong></span> <span class='ocrx_word' id='word_1_404' title='bbox 719 4917 859 4972; x_wconf 88' lang='lat' dir='ltr'><strong><em>Satis</em></strong></span> <span class='ocrx_word' id='word_1_405' title='bbox 882 4920 1009 4972; x_wconf 92' lang='lat' dir='ltr'><strong><em>mihi</em></strong></span> <span class='ocrx_word' id='word_1_406' title='bbox 1028 4935 1057 4972; x_wconf 90' lang='lat' dir='ltr'><strong><em>a</em></strong></span> <span class='ocrx_word' id='word_1_407' title='bbox 1081 4922 1229 4975; x_wconf 90' lang='lat' dir='ltr'><strong><em>vobis</em></strong></span> <span class='ocrx_word' id='word_1_408' title='bbox 1249 4923 1442 4976; x_wconf 77' lang='lat' dir='ltr'><strong><em>factum</em></strong></span> <span class='ocrx_word' id='word_1_409' title='bbox 1468 4938 1609 4986; x_wconf 87' lang='lat' dir='ltr'><strong><em>esse,</em></strong></span> <span class='ocrx_word' id='word_1_410' title='bbox 1641 4925 1925 4994; x_wconf 82' lang='lat' dir='ltr'><strong><em>omniaque</em></strong></span> 
     </span>
    </p>
   </div>
   <div class='ocr_carea' id='block_1_53' title="bbox 349 5010 1923 5078">
    <p class='ocr_par' dir='ltr' id='par_1_53' title="bbox 349 5010 1923 5078">
     <span class='ocr_line' id='line_1_53' title="bbox 349 5010 1923 5078; baseline 0.008 -21"><span class='ocrx_word' id='word_1_411' title='bbox 349 5016 741 5075; x_wconf 90' lang='lat' dir='ltr'><strong><em>consequutum</em></strong></span> <span class='ocrx_word' id='word_1_412' title='bbox 775 5010 992 5078; x_wconf 86' lang='lat' dir='ltr'><strong><em>putabo,</em></strong></span> <span class='ocrx_word' id='word_1_413' title='bbox 1020 5012 1064 5064; x_wconf 91' lang='lat' dir='ltr'><strong><em>si</em></strong></span> <span class='ocrx_word' id='word_1_414' title='bbox 1093 5029 1184 5066; x_wconf 88' lang='lat' dir='ltr'><strong><em>vos</em></strong></span> <span class='ocrx_word' id='word_1_415' title='bbox 1210 5024 1397 5068; x_wconf 88' lang='lat' dir='ltr'><strong><em>mutuo</em></strong></span> <span class='ocrx_word' id='word_1_416' title='bbox 1427 5017 1752 5069; x_wconf 81' lang='lat' dir='ltr'><strong><em>amaveritis.</em></strong></span> <span class='ocrx_word' id='word_1_417' title='bbox 1807 5015 1923 5069; x_wconf 85' lang='lat' dir='ltr'><strong><em>Im-</em></strong></span> 
     </span>
    </p>
   </div>
   <div class='ocr_carea' id='block_1_54' title="bbox 349 5097 1923 5171">
    <p class='ocr_par' dir='ltr' id='par_1_54' title="bbox 349 5097 1923 5171">
     <span class='ocr_line' id='line_1_54' title="bbox 349 5097 1923 5171; baseline 0.008 -24"><span class='ocrx_word' id='word_1_418' title='bbox 349 5097 480 5163; x_wconf 85' lang='lat' dir='ltr'><strong><em>plete</em></strong></span> <span class='ocrx_word' id='word_1_419' title='bbox 505 5099 745 5168; x_wconf 82' lang='lat' dir='ltr'><strong><em>gaudium</em></strong></span> <span class='ocrx_word' id='word_1_420' title='bbox 775 5117 961 5154; x_wconf 81' lang='lat' dir='ltr'><strong><em>meum.</em></strong></span> <span class='ocrx_word' id='word_1_421' title='bbox 991 5103 1065 5156; x_wconf 81' lang='lat' dir='ltr'><strong><em>Ne</em></strong></span> <span class='ocrx_word' id='word_1_422' title='bbox 1097 5119 1216 5171; x_wconf 74' lang='lat' dir='ltr'><strong><em>qua:</em></strong></span> <span class='ocrx_word' id='word_1_423' title='bbox 1242 5105 1391 5170; x_wconf 89' lang='lat' dir='ltr'><strong><em>dicit,</em></strong></span> <span class='ocrx_word' id='word_1_424' title='bbox 1415 5106 1796 5160; x_wconf 88' lang='lat' dir='ltr'><strong><em>admonitionis</em></strong></span> <span class='ocrx_word' id='word_1_425' title='bbox 1819 5108 1923 5160; x_wconf 87' lang='lat' dir='ltr'><strong><em>vim</em></strong></span> 
     </span>
    </p>
   </div>
   <div class='ocr_carea' id='block_1_55' title="bbox 349 5189 1925 5265">
    <p class='ocr_par' dir='ltr' id='par_1_55' title="bbox 349 5189 1925 5265">
     <span class='ocr_line' id='line_1_55' title="bbox 349 5189 1925 5265; baseline 0.008 -23"><span class='ocrx_word' id='word_1_426' title='bbox 349 5189 550 5246; x_wconf 88' lang='lat' dir='ltr'><strong><em>habere</em></strong></span> <span class='ocrx_word' id='word_1_427' title='bbox 579 5193 913 5259; x_wconf 82' lang='lat' dir='ltr'><strong><em>viderentur,</em></strong></span> <span class='ocrx_word' id='word_1_428' title='bbox 943 5197 1094 5263; x_wconf 88' lang='lat' dir='ltr'><strong><em>quasi</em></strong></span> <span class='ocrx_word' id='word_1_429' title='bbox 1129 5197 1204 5249; x_wconf 93' lang='lat' dir='ltr'><strong><em>illi</em></strong></span> <span class='ocrx_word' id='word_1_430' title='bbox 1229 5197 1336 5265; x_wconf 87' lang='lat' dir='ltr'><strong><em>jam</em></strong></span> <span class='ocrx_word' id='word_1_431' title='bbox 1368 5198 1435 5252; x_wconf 90' lang='lat' dir='ltr'><strong><em>ab</em></strong></span> <span class='ocrx_word' id='word_1_432' title='bbox 1461 5199 1637 5254; x_wconf 82' lang='lat' dir='ltr'><strong><em>ofticio</em></strong></span> <span class='ocrx_word' id='word_1_433' title='bbox 1663 5200 1925 5255; x_wconf 88' lang='lat' dir='ltr'><strong><em>decessis-</em></strong></span> 
     </span>
    </p>
   </div>
   <div class='ocr_carea' id='block_1_56' title="bbox 349 5285 1920 5361">
    <p class='ocr_par' dir='ltr' id='par_1_56' title="bbox 349 5285 1920 5361">
     <span class='ocr_line' id='line_1_56' title="bbox 349 5285 1920 5361; baseline 0.008 -27"><span class='ocrx_word' id='word_1_434' title='bbox 349 5292 490 5348; x_wconf 87' lang='lat' dir='ltr'><strong><em>sent,</em></strong></span> <span class='ocrx_word' id='word_1_435' title='bbox 514 5298 618 5338; x_wconf 93' lang='lat' dir='ltr'><strong><em>non</em></strong></span> <span class='ocrx_word' id='word_1_436' title='bbox 645 5285 716 5340; x_wconf 87' lang='lat' dir='ltr'><strong><em>ita</em></strong></span> <span class='ocrx_word' id='word_1_437' title='bbox 744 5285 891 5351; x_wconf 91' lang='lat' dir='ltr'><strong><em>dicit,</em></strong></span> <span class='ocrx_word' id='word_1_438' title='bbox 923 5288 1107 5343; x_wconf 86' lang='lat' dir='ltr'><strong><em>Facite</em></strong></span> <span class='ocrx_word' id='word_1_439' title='bbox 1132 5290 1283 5354; x_wconf 89' lang='lat' dir='ltr'><strong><em>mihi,</em></strong></span> <span class='ocrx_word' id='word_1_440' title='bbox 1313 5291 1430 5356; x_wconf 88' lang='lat' dir='ltr'><strong><em>sed,</em></strong></span> <span class='ocrx_word' id='word_1_441' title='bbox 1470 5291 1718 5361; x_wconf 87' lang='lat' dir='ltr'><strong><em>lmplete;</em></strong></span> <span class='ocrx_word' id='word_1_442' title='bbox 1743 5292 1793 5346; x_wconf 90' lang='lat' dir='ltr'><strong><em>id</em></strong></span> <span class='ocrx_word' id='word_1_443' title='bbox 1817 5303 1920 5356; x_wconf 85' lang='lat' dir='ltr'><strong><em>est,</em></strong></span> 
     </span>
    </p>
   </div>
   <div class='ocr_carea' id='block_1_57' title="bbox 347 5375 1922 5452">
    <p class='ocr_par' dir='ltr' id='par_1_57' title="bbox 347 5375 1922 5452">
     <span class='ocr_line' id='line_1_57' title="bbox 347 5375 1922 5452; baseline 0.007 -23"><span class='ocrx_word' id='word_1_444' title='bbox 347 5375 597 5446; x_wconf 79' lang='lat' dir='ltr'><strong><em>C(epistis</em></strong></span> <span class='ocrx_word' id='word_1_445' title='bbox 617 5378 729 5447; x_wconf 88' lang='lat' dir='ltr'><strong><em>jam</em></strong></span> <span class='ocrx_word' id='word_1_446' title='bbox 757 5381 808 5433; x_wconf 94' lang='lat' dir='ltr'><strong><em>in</em></strong></span> <span class='ocrx_word' id='word_1_447' title='bbox 832 5396 918 5436; x_wconf 88' lang='lat' dir='ltr'><strong><em>me</em></strong></span> <span class='ocrx_word' id='word_1_448' title='bbox 943 5397 1143 5448; x_wconf 90' lang='lat' dir='ltr'><strong><em>serere,</em></strong></span> <span class='ocrx_word' id='word_1_449' title='bbox 1165 5385 1274 5452; x_wconf 87' lang='lat' dir='ltr'><strong><em>jam</em></strong></span> <span class='ocrx_word' id='word_1_450' title='bbox 1298 5384 1427 5437; x_wconf 89' lang='lat' dir='ltr'><strong><em>mihi</em></strong></span> <span class='ocrx_word' id='word_1_451' title='bbox 1455 5385 1697 5450; x_wconf 84' lang='lat' dir='ltr'><strong><em>dedistis,</em></strong></span> <span class='ocrx_word' id='word_1_452' title='bbox 1722 5388 1922 5440; x_wconf 91' lang='lat' dir='ltr'><strong><em>utsatis</em></strong></span> 
     </span>
    </p>
   </div>
   <div class='ocr_carea' id='block_1_58' title="bbox 349 5469 1920 5544">
    <p class='ocr_par' dir='ltr' id='par_1_58' title="bbox 349 5469 1920 5544">
     <span class='ocr_line' id='line_1_58' title="bbox 349 5469 1920 5544; baseline 0.008 -24"><span class='ocrx_word' id='word_1_453' title='bbox 349 5469 557 5538; x_wconf 87' lang='lat' dir='ltr'><strong><em>quietus</em></strong></span> <span class='ocrx_word' id='word_1_454' title='bbox 585 5470 705 5535; x_wconf 91' lang='lat' dir='ltr'><strong><em>sim,</em></strong></span> <span class='ocrx_word' id='word_1_455' title='bbox 735 5471 826 5526; x_wconf 88' lang='lat' dir='ltr'><strong><em>sed</em></strong></span> <span class='ocrx_word' id='word_1_456' title='bbox 853 5473 919 5526; x_wconf 89' lang='lat' dir='ltr'><strong><em>ad</em></strong></span> <span class='ocrx_word' id='word_1_457' title='bbox 948 5474 1105 5528; x_wconf 82' lang='lat' dir='ltr'><strong><em>linem</em></strong></span> <span class='ocrx_word' id='word_1_458' title='bbox 1139 5476 1420 5542; x_wconf 84' lang='lat' dir='ltr'><strong><em>pervenire</em></strong></span> <span class='ocrx_word' id='word_1_459' title='bbox 1460 5477 1730 5531; x_wconf 86' lang='lat' dir='ltr'><strong><em>desidero.</em></strong></span> <span class='ocrx_word' id='word_1_460' title='bbox 1779 5477 1920 5544; x_wconf 86' lang='lat' dir='ltr'><strong><em>Quid</em></strong></span> 
     </span>
    </p>
   </div>
   <div class='ocr_carea' id='block_1_59' title="bbox 347 5558 1921 5634">
    <p class='ocr_par' dir='ltr' id='par_1_59' title="bbox 347 5558 1921 5634">
     <span class='ocr_line' id='line_1_59' title="bbox 347 5558 1921 5634; baseline 0.006 -22"><span class='ocrx_word' id='word_1_461' title='bbox 347 5558 622 5616; x_wconf 81' lang='lat' dir='ltr'><strong><em>desideras</em></strong></span> <span class='ocrx_word' id='word_1_462' title='bbox 640 5603 655 5626; x_wconf 97' lang='lat'><strong><em>,</em></strong></span> <span class='ocrx_word' id='word_1_463' title='bbox 681 5562 767 5617; x_wconf 89' lang='lat' dir='ltr'><strong><em>dic</em></strong></span> <span class='ocrx_word' id='word_1_464' title='bbox 795 5564 922 5618; x_wconf 91' lang='lat' dir='ltr'><strong><em>mihi</em></strong></span> <span class='ocrx_word' id='word_1_465' title='bbox 945 5565 967 5617; x_wconf 88' lang='lat'><strong>?</strong></span> <span class='ocrx_word' id='word_1_466' title='bbox 1011 5575 1069 5618; x_wconf 89' lang='lat' dir='ltr'><strong><em>ut</em></strong></span> <span class='ocrx_word' id='word_1_467' title='bbox 1096 5574 1147 5620; x_wconf 90' lang='lat' dir='ltr'><strong><em>te</em></strong></span> <span class='ocrx_word' id='word_1_468' title='bbox 1173 5581 1203 5619; x_wconf 90' lang='lat' dir='ltr'><strong><em>a</em></strong></span> <span class='ocrx_word' id='word_1_469' title='bbox 1234 5567 1482 5634; x_wconf 89' lang='lat' dir='ltr'><strong><em>periculis</em></strong></span> <span class='ocrx_word' id='word_1_470' title='bbox 1505 5568 1836 5623; x_wconf 84' lang='lat' dir='ltr'><strong><em>liberemus?</em></strong></span> <span class='ocrx_word' id='word_1_471' title='bbox 1867 5580 1921 5622; x_wconf 88' lang='lat' dir='ltr'><strong><em>ut</em></strong></span> 
     </span>
    </p>
   </div>
   <div class='ocr_carea' id='block_1_60' title="bbox 348 5652 1915 5730">
    <p class='ocr_par' dir='ltr' id='par_1_60' title="bbox 348 5652 1915 5730">
     <span class='ocr_line' id='line_1_60' title="bbox 348 5652 1915 5730; baseline 0.006 -25"><span class='ocrx_word' id='word_1_472' title='bbox 348 5652 444 5706; x_wconf 86' lang='lat' dir='ltr'><strong><em>tibi</em></strong></span> <span class='ocrx_word' id='word_1_473' title='bbox 461 5653 727 5723; x_wconf 87' lang='lat' dir='ltr'><strong><em>quidpiam</em></strong></span> <span class='ocrx_word' id='word_1_474' title='bbox 749 5656 1186 5724; x_wconf 86' lang='lat' dir='ltr'><strong><em>suppeditemus?</em></strong></span> <span class='ocrx_word' id='word_1_475' title='bbox 1212 5657 1349 5710; x_wconf 80' lang='lat' dir='ltr'><strong><em>Nihil</em></strong></span> <span class='ocrx_word' id='word_1_476' title='bbox 1368 5659 1692 5726; x_wconf 88' lang='lat' dir='ltr'><strong><em>hujusmodi,</em></strong></span> <span class='ocrx_word' id='word_1_477' title='bbox 1723 5661 1915 5730; x_wconf 89' lang='lat' dir='ltr'><strong><em>inquit,</em></strong></span> 
     </span>
    </p>
   </div>
   <div class='ocr_carea' id='block_1_61' title="bbox 344 5744 1917 5822">
    <p class='ocr_par' dir='ltr' id='par_1_61' title="bbox 344 5744 1917 5822">
     <span class='ocr_line' id='line_1_61' title="bbox 344 5744 1917 5822; baseline 0.008 -24"><span class='ocrx_word' id='word_1_478' title='bbox 344 5744 440 5798; x_wconf 81' lang='lat' dir='ltr'><strong><em>sed</em></strong></span> <span class='ocrx_word' id='word_1_479' title='bbox 488 5745 557 5800; x_wconf 89' lang='lat' dir='ltr'><strong><em>Ut</em></strong></span> <span class='ocrx_word' id='word_1_480' title='bbox 591 5763 680 5800; x_wconf 79' lang='lat' dir='ltr'><strong><em>vos</em></strong></span> <span class='ocrx_word' id='word_1_481' title='bbox 722 5747 854 5800; x_wconf 88' lang='lat' dir='ltr'><strong><em>idem</em></strong></span> <span class='ocrx_word' id='word_1_482' title='bbox 884 5749 1092 5816; x_wconf 87' lang='lat' dir='ltr'><strong><em>sapiatis</em></strong></span> <span class='ocrx_word' id='word_1_483' title='bbox 1118 5749 1342 5802; x_wconf 83' lang='lat' dir='ltr'><strong><em>eamdem</em></strong></span> <span class='ocrx_word' id='word_1_484' title='bbox 1369 5750 1604 5806; x_wconf 83' lang='lat' dir='ltr'><strong><em>habentes</em></strong></span> <span class='ocrx_word' id='word_1_485' title='bbox 1633 5755 1917 5822; x_wconf 86' lang='lat' dir='ltr'><strong><em>caritatem,</em></strong></span> 
     </span>
    </p>
   </div>
   <div class='ocr_carea' id='block_1_62' title="bbox 677 5840 1343 5905">
    <p class='ocr_par' dir='ltr' id='par_1_62' title="bbox 677 5840 1343 5905">
     <span class='ocr_line' id='line_1_62' title="bbox 677 5840 1343 5905; baseline 0.008 -5"><span class='ocrx_word' id='word_1_486' title='bbox 677 5840 943 5901; x_wconf 78' lang='grc' dir='ltr'><strong><em>ΡΛτιιοι.</em></strong></span> <span class='ocrx_word' id='word_1_487' title='bbox 989 5842 1105 5902; x_wconf 79' lang='lat' dir='ltr'><strong><em>Gn.</em></strong></span> <span class='ocrx_word' id='word_1_488' title='bbox 1155 5843 1343 5905; x_wconf 79' lang='lat' dir='ltr'><strong><em>LXII.</em></strong></span> 
     </span>
    </p>
   </div>
   <div class='ocr_carea' id='block_1_63' title="bbox 2077 575 3646 653">
    <p class='ocr_par' dir='ltr' id='par_1_63' title="bbox 2077 575 3646 653">
     <span class='ocr_line' id='line_1_63' title="bbox 2077 575 3646 653; baseline 0.005 -25"><span class='ocrx_word' id='word_1_489' title='bbox 2077 575 2130 629; x_wconf 89' lang='lat' dir='ltr'><strong><em>in</em></strong></span> <span class='ocrx_word' id='word_1_490' title='bbox 2158 593 2259 647; x_wconf 82' lang='lat' dir='ltr'><strong><em>qua</em></strong></span> <span class='ocrx_word' id='word_1_491' title='bbox 2289 580 2561 648; x_wconf 68' lang='lat' dir='ltr'><strong><em>cmpistjs,</em></strong></span> <span class='ocrx_word' id='word_1_492' title='bbox 2605 581 2895 648; x_wconf 80' lang='lat' dir='ltr'><strong><em>unanimes,</em></strong></span> <span class='ocrx_word' id='word_1_493' title='bbox 2944 599 3101 636; x_wconf 87' lang='lat' dir='ltr'><strong><em>unum</em></strong></span> <span class='ocrx_word' id='word_1_494' title='bbox 3138 584 3409 652; x_wconf 76' lang='lat' dir='ltr'><strong><em>sapientes.</em></strong></span> <span class='ocrx_word' id='word_1_495' title='bbox 3463 585 3646 653; x_wconf 71' lang='lat' dir='ltr'><strong><em>Paprel</em></strong></span> 
     </span>
    </p>
   </div>
   <div class='ocr_carea' id='block_1_64' title="bbox 2072 671 3649 746">
    <p class='ocr_par' dir='ltr' id='par_1_64' title="bbox 2072 671 3649 746">
     <span class='ocr_line' id='line_1_64' title="bbox 2072 671 3649 746; baseline 0.004 -25"><span class='ocrx_word' id='word_1_496' title='bbox 2072 671 2282 738; x_wconf 88' lang='lat' dir='ltr'><strong><em>quoties</em></strong></span> <span class='ocrx_word' id='word_1_497' title='bbox 2310 671 2450 726; x_wconf 89' lang='lat' dir='ltr'><strong><em>idem</em></strong></span> <span class='ocrx_word' id='word_1_498' title='bbox 2479 675 2674 743; x_wconf 82' lang='lat' dir='ltr'><strong><em>repetit</em></strong></span> <span class='ocrx_word' id='word_1_499' title='bbox 2715 690 2781 728; x_wconf 88' lang='lat' dir='ltr'><strong><em>ex</em></strong></span> <span class='ocrx_word' id='word_1_500' title='bbox 2827 690 3018 746; x_wconf 86' lang='lat' dir='ltr'><strong><em>magno</em></strong></span> <span class='ocrx_word' id='word_1_501' title='bbox 3053 675 3282 746; x_wconf 87' lang='lat' dir='ltr'><strong><em>quodam</em></strong></span> <span class='ocrx_word' id='word_1_502' title='bbox 3324 677 3548 730; x_wconf 69' lang='lat' dir='ltr'><strong><em>alii-ctu!</em></strong></span> <span class='ocrx_word' id='word_1_503' title='bbox 3582 677 3649 730; x_wconf 86' lang='lat' dir='ltr'><strong><em>Ut</em></strong></span> 
     </span>
    </p>
   </div>
   <div class='ocr_carea' id='block_1_65' title="bbox 2070 765 3649 838">
    <p class='ocr_par' dir='ltr' id='par_1_65' title="bbox 2070 765 3649 838">
     <span class='ocr_line' id='line_1_65' title="bbox 2070 765 3649 838; baseline 0.004 -21"><span class='ocrx_word' id='word_1_504' title='bbox 2070 765 2205 818; x_wconf 89' lang='lat' dir='ltr'><strong><em>idem</em></strong></span> <span class='ocrx_word' id='word_1_505' title='bbox 2227 767 2461 835; x_wconf 82' lang='lat' dir='ltr'><strong><em>sapiatis,</em></strong></span> <span class='ocrx_word' id='word_1_506' title='bbox 2490 768 2679 837; x_wconf 91' lang='lat' dir='ltr'><strong><em>inquit,</em></strong></span> <span class='ocrx_word' id='word_1_507' title='bbox 2705 769 2812 822; x_wconf 91' lang='lat' dir='ltr'><strong><em>imo</em></strong></span> <span class='ocrx_word' id='word_1_508' title='bbox 2843 785 2970 824; x_wconf 88' lang='lat' dir='ltr'><strong><em>vero</em></strong></span> <span class='ocrx_word' id='word_1_509' title='bbox 3001 779 3059 823; x_wconf 88' lang='lat' dir='ltr'><strong><em>ut</em></strong></span> <span class='ocrx_word' id='word_1_510' title='bbox 3087 786 3246 823; x_wconf 80' lang='lat' dir='ltr'><strong><em>inium</em></strong></span> <span class='ocrx_word' id='word_1_511' title='bbox 3270 772 3506 838; x_wconf 88' lang='lat' dir='ltr'><strong><em>sapiatis.</em></strong></span> <span class='ocrx_word' id='word_1_512' title='bbox 3539 771 3649 824; x_wconf 92' lang='lat' dir='ltr'><strong><em>lloc</em></strong></span> 
     </span>
    </p>
   </div>
   <div class='ocr_carea' id='block_1_66' title="bbox 2072 856 3649 932">
    <p class='ocr_par' dir='ltr' id='par_1_66' title="bbox 2072 856 3649 932">
     <span class='ocr_line' id='line_1_66' title="bbox 2072 856 3649 932; baseline 0.004 -22"><span class='ocrx_word' id='word_1_513' title='bbox 2072 856 2214 910; x_wconf 88' lang='lat' dir='ltr'><strong><em>enim</em></strong></span> <span class='ocrx_word' id='word_1_514' title='bbox 2248 859 2595 927; x_wconf 84' lang='lat' dir='ltr'><strong><em>progrediens</em></strong></span> <span class='ocrx_word' id='word_1_515' title='bbox 2620 861 2857 915; x_wconf 84' lang='lat' dir='ltr'><strong><em>ostendit</em></strong></span> <span class='ocrx_word' id='word_1_516' title='bbox 2881 862 3058 916; x_wconf 89' lang='lat' dir='ltr'><strong><em>verbis</em></strong></span> <span class='ocrx_word' id='word_1_517' title='bbox 3086 862 3190 916; x_wconf 89' lang='lat' dir='ltr'><strong><em>illis</em></strong></span> <span class='ocrx_word' id='word_1_518' title='bbox 3211 906 3224 927; x_wconf 95' lang='lat'><strong><em>,</em></strong></span> <span class='ocrx_word' id='word_1_519' title='bbox 3252 862 3420 916; x_wconf 88' lang='lat' dir='ltr'><strong><em>Unum</em></strong></span> <span class='ocrx_word' id='word_1_520' title='bbox 3447 864 3649 932; x_wconf 72' lang='grc' dir='ltr'><strong><em>εαρὶεηο</em></strong></span> 
     </span>
    </p>
   </div>
   <div class='ocr_carea' id='block_1_67' title="bbox 2072 949 3640 1023">
    <p class='ocr_par' dir='ltr' id='par_1_67' title="bbox 2072 949 3640 1023">
     <span class='ocr_line' id='line_1_67' title="bbox 2072 949 3640 1023; baseline 0.004 -24"><span class='ocrx_word' id='word_1_521' title='bbox 2072 956 2143 1000; x_wconf 91' lang='lat' dir='ltr'><strong><em>tes</em></strong></span> <span class='ocrx_word' id='word_1_522' title='bbox 2166 963 2184 1000; x_wconf 93' lang='lat'><strong><em>:</em></strong></span> <span class='ocrx_word' id='word_1_523' title='bbox 2221 949 2360 1017; x_wconf 89' lang='lat' dir='ltr'><strong><em>quod</em></strong></span> <span class='ocrx_word' id='word_1_524' title='bbox 2393 950 2563 1019; x_wconf 87' lang='lat' dir='ltr'><strong><em>majus</em></strong></span> <span class='ocrx_word' id='word_1_525' title='bbox 2583 951 2870 1022; x_wconf 89' lang='lat' dir='ltr'><strong><em>quidquam</em></strong></span> <span class='ocrx_word' id='word_1_526' title='bbox 2902 962 3018 1018; x_wconf 88' lang='lat' dir='ltr'><strong><em>est,</em></strong></span> <span class='ocrx_word' id='word_1_527' title='bbox 3050 969 3210 1023; x_wconf 90' lang='lat' dir='ltr'><strong><em>quam</em></strong></span> <span class='ocrx_word' id='word_1_528' title='bbox 3249 955 3388 1007; x_wconf 89' lang='lat' dir='ltr'><strong><em>idem</em></strong></span> <span class='ocrx_word' id='word_1_529' title='bbox 3434 969 3640 1022; x_wconf 80' lang='lat' dir='ltr'><strong><em>sapere.</em></strong></span> 
     </span>
    </p>
   </div>
   <div class='ocr_carea' id='block_1_68' title="bbox 2070 1036 3643 1108">
    <p class='ocr_par' dir='ltr' id='par_1_68' title="bbox 2070 1036 3643 1108">
     <span class='ocr_line' id='line_1_68' title="bbox 2070 1036 3643 1108; baseline 0.006 -19"><span class='ocrx_word' id='word_1_530' title='bbox 2070 1036 2316 1093; x_wconf 89' lang='lat' dir='ltr'><strong><em>Eamdem</em></strong></span> <span class='ocrx_word' id='word_1_531' title='bbox 2361 1043 2621 1095; x_wconf 86' lang='lat' dir='ltr'><strong><em>caritatem</em></strong></span> <span class='ocrx_word' id='word_1_532' title='bbox 2667 1042 2950 1098; x_wconf 82' lang='lat' dir='ltr'><strong><em>habentes:</em></strong></span> <span class='ocrx_word' id='word_1_533' title='bbox 3005 1044 3053 1097; x_wconf 94' lang='lat' dir='ltr'><strong><em>id</em></strong></span> <span class='ocrx_word' id='word_1_534' title='bbox 3105 1054 3210 1108; x_wconf 86' lang='lat' dir='ltr'><strong><em>est,</em></strong></span> <span class='ocrx_word' id='word_1_535' title='bbox 3228 1060 3328 1098; x_wconf 91' lang='lat' dir='ltr'><strong><em>non</em></strong></span> <span class='ocrx_word' id='word_1_536' title='bbox 3362 1054 3563 1098; x_wconf 88' lang='lat' dir='ltr'><strong><em>tantum</em></strong></span> <span class='ocrx_word' id='word_1_537' title='bbox 3591 1045 3643 1098; x_wconf 90' lang='lat' dir='ltr'><strong><em>in</em></strong></span> 
     </span>
    </p>
   </div>
   <div class='ocr_carea' id='block_1_69' title="bbox 2069 1132 3644 1195">
    <p class='ocr_par' dir='ltr' id='par_1_69' title="bbox 2069 1132 3644 1195">
     <span class='ocr_line' id='line_1_69' title="bbox 2069 1132 3644 1195; baseline 0.002 -11"><span class='ocrx_word' id='word_1_538' title='bbox 2069 1132 2207 1185; x_wconf 88' lang='lat' dir='ltr'><strong><em>nuda</em></strong></span> <span class='ocrx_word' id='word_1_539' title='bbox 2233 1132 2354 1195; x_wconf 87' lang='lat' dir='ltr'><strong><em>lide,</em></strong></span> <span class='ocrx_word' id='word_1_540' title='bbox 2385 1133 2479 1187; x_wconf 87' lang='lat' dir='ltr'><strong><em>sed</em></strong></span> <span class='ocrx_word' id='word_1_541' title='bbox 2512 1134 2563 1186; x_wconf 92' lang='lat' dir='ltr'><strong><em>in</em></strong></span> <span class='ocrx_word' id='word_1_542' title='bbox 2595 1136 2806 1188; x_wconf 77' lang='lat' dir='ltr'><strong><em>caeteris</em></strong></span> <span class='ocrx_word' id='word_1_543' title='bbox 2836 1135 2994 1187; x_wconf 85' lang='lat' dir='ltr'><strong><em>etiam</em></strong></span> <span class='ocrx_word' id='word_1_544' title='bbox 3029 1135 3278 1188; x_wconf 89' lang='lat' dir='ltr'><strong><em>omnibus</em></strong></span> <span class='ocrx_word' id='word_1_545' title='bbox 3309 1136 3485 1188; x_wconf 87' lang='lat' dir='ltr'><strong><em>rebus.</em></strong></span> <span class='ocrx_word' id='word_1_546' title='bbox 3514 1135 3644 1189; x_wconf 67' lang='grc' dir='ltr'><strong><em>Ροε-</em></strong></span> 
     </span>
    </p>
   </div>
   <div class='ocr_carea' id='block_1_70' title="bbox 2066 1225 3638 1293">
    <p class='ocr_par' dir='ltr' id='par_1_70' title="bbox 2066 1225 3638 1293">
     <span class='ocr_line' id='line_1_70' title="bbox 2066 1225 3638 1293; baseline 0.003 -18"><span class='ocrx_word' id='word_1_547' title='bbox 2066 1239 2251 1278; x_wconf 90' lang='lat' dir='ltr'><strong><em>sumus</em></strong></span> <span class='ocrx_word' id='word_1_548' title='bbox 2270 1225 2410 1278; x_wconf 88' lang='lat' dir='ltr'><strong><em>enim</em></strong></span> <span class='ocrx_word' id='word_1_549' title='bbox 2439 1234 2493 1278; x_wconf 87' lang='lat' dir='ltr'><strong><em>et</em></strong></span> <span class='ocrx_word' id='word_1_550' title='bbox 2521 1225 2660 1278; x_wconf 89' lang='lat' dir='ltr'><strong><em>idem</em></strong></span> <span class='ocrx_word' id='word_1_551' title='bbox 2685 1241 2896 1293; x_wconf 88' lang='lat' dir='ltr'><strong><em>sapere,</em></strong></span> <span class='ocrx_word' id='word_1_552' title='bbox 2920 1236 2974 1279; x_wconf 91' lang='lat' dir='ltr'><strong><em>et</em></strong></span> <span class='ocrx_word' id='word_1_553' title='bbox 2994 1227 3270 1280; x_wconf 86' lang='lat' dir='ltr'><strong><em>caritatem</em></strong></span> <span class='ocrx_word' id='word_1_554' title='bbox 3287 1243 3392 1280; x_wconf 89' lang='lat' dir='ltr'><strong><em>non</em></strong></span> <span class='ocrx_word' id='word_1_555' title='bbox 3422 1226 3638 1280; x_wconf 86' lang='lat' dir='ltr'><strong><em>habere.</em></strong></span> 
     </span>
    </p>
   </div>
   <div class='ocr_carea' id='block_1_71' title="bbox 2066 1317 3642 1389">
    <p class='ocr_par' dir='ltr' id='par_1_71' title="bbox 2066 1317 3642 1389">
     <span class='ocr_line' id='line_1_71' title="bbox 2066 1317 3642 1389; baseline 0.001 -19"><span class='ocrx_word' id='word_1_556' title='bbox 2066 1317 2312 1370; x_wconf 80' lang='lat' dir='ltr'><strong><em>Eamdem</em></strong></span> <span class='ocrx_word' id='word_1_557' title='bbox 2337 1319 2599 1371; x_wconf 81' lang='lat' dir='ltr'><strong><em>raritatem</em></strong></span> <span class='ocrx_word' id='word_1_558' title='bbox 2621 1319 2856 1373; x_wconf 81' lang='lat' dir='ltr'><strong><em>habentes</em></strong></span> <span class='ocrx_word' id='word_1_559' title='bbox 2886 1335 2903 1373; x_wconf 93' lang='lat'><strong><em>:</em></strong></span> <span class='ocrx_word' id='word_1_560' title='bbox 2931 1320 2979 1373; x_wconf 92' lang='lat' dir='ltr'><strong><em>id</em></strong></span> <span class='ocrx_word' id='word_1_561' title='bbox 3009 1330 3111 1384; x_wconf 86' lang='lat' dir='ltr'><strong><em>est,</em></strong></span> <span class='ocrx_word' id='word_1_562' title='bbox 3136 1335 3287 1389; x_wconf 68' lang='lat' dir='ltr'><strong><em>teque</em></strong></span> <span class='ocrx_word' id='word_1_563' title='bbox 3313 1329 3366 1373; x_wconf 86' lang='lat' dir='ltr'><strong><em>et</em></strong></span> <span class='ocrx_word' id='word_1_564' title='bbox 3390 1335 3570 1373; x_wconf 85' lang='lat' dir='ltr'><strong><em>amare</em></strong></span> <span class='ocrx_word' id='word_1_565' title='bbox 3587 1328 3642 1373; x_wconf 90' lang='lat' dir='ltr'><strong><em>et</em></strong></span> 
     </span>
    </p>
   </div>
   <div class='ocr_carea' id='block_1_72' title="bbox 2063 1411 3642 1483">
    <p class='ocr_par' dir='ltr' id='par_1_72' title="bbox 2063 1411 3642 1483">
     <span class='ocr_line' id='line_1_72' title="bbox 2063 1411 3642 1483; baseline 0 -19"><span class='ocrx_word' id='word_1_566' title='bbox 2063 1412 2254 1465; x_wconf 84' lang='lat' dir='ltr'><strong><em>amari.</em></strong></span> <span class='ocrx_word' id='word_1_567' title='bbox 2283 1411 2432 1472; x_wconf 85' lang='lat' dir='ltr'><strong><em>Noli,</em></strong></span> <span class='ocrx_word' id='word_1_568' title='bbox 2463 1427 2583 1465; x_wconf 90' lang='lat' dir='ltr'><strong><em>cum</em></strong></span> <span class='ocrx_word' id='word_1_569' title='bbox 2625 1428 2810 1483; x_wconf 87' lang='lat' dir='ltr'><strong><em>magna</em></strong></span> <span class='ocrx_word' id='word_1_570' title='bbox 2837 1413 3061 1466; x_wconf 88' lang='lat' dir='ltr'><strong><em>aliorum</em></strong></span> <span class='ocrx_word' id='word_1_571' title='bbox 3092 1414 3142 1466; x_wconf 93' lang='lat' dir='ltr'><strong><em>in</em></strong></span> <span class='ocrx_word' id='word_1_572' title='bbox 3172 1422 3223 1466; x_wconf 89' lang='lat' dir='ltr'><strong><em>te</em></strong></span> <span class='ocrx_word' id='word_1_573' title='bbox 3250 1415 3472 1466; x_wconf 90' lang='lat' dir='ltr'><strong><em>caritate</em></strong></span> <span class='ocrx_word' id='word_1_574' title='bbox 3497 1411 3642 1465; x_wconf 83' lang='lat' dir='ltr'><strong><em>frua-</em></strong></span> 
     </span>
    </p>
   </div>
   <div class='ocr_carea' id='block_1_73' title="bbox 2067 1503 3641 1572">
    <p class='ocr_par' dir='ltr' id='par_1_73' title="bbox 2067 1503 3641 1572">
     <span class='ocr_line' id='line_1_73' title="bbox 2067 1503 3641 1572; baseline 0.001 -17"><span class='ocrx_word' id='word_1_575' title='bbox 2067 1503 2139 1555; x_wconf 94' lang='lat' dir='ltr'><strong><em>ris</em></strong></span> <span class='ocrx_word' id='word_1_576' title='bbox 2159 1543 2175 1567; x_wconf 94' lang='lat'><strong><em>,</em></strong></span> <span class='ocrx_word' id='word_1_577' title='bbox 2204 1504 2466 1556; x_wconf 89' lang='lat' dir='ltr'><strong><em>minorem</em></strong></span> <span class='ocrx_word' id='word_1_578' title='bbox 2507 1503 2639 1572; x_wconf 86' lang='lat' dir='ltr'><strong><em>ipsis</em></strong></span> <span class='ocrx_word' id='word_1_579' title='bbox 2665 1513 2917 1572; x_wconf 79' lang='lat' dir='ltr'><strong><em>praestare</em></strong></span> <span class='ocrx_word' id='word_1_580' title='bbox 2937 1546 2950 1562; x_wconf 88' lang='lat'><strong><em>.</em></strong></span> <span class='ocrx_word' id='word_1_581' title='bbox 2985 1505 3135 1572; x_wconf 87' lang='lat' dir='ltr'><strong><em>quasi</em></strong></span> <span class='ocrx_word' id='word_1_582' title='bbox 3167 1503 3266 1557; x_wconf 82' lang='lat' dir='ltr'><strong><em>hac</em></strong></span> <span class='ocrx_word' id='word_1_583' title='bbox 3301 1505 3459 1558; x_wconf 85' lang='lat' dir='ltr'><strong><em>etiam</em></strong></span> <span class='ocrx_word' id='word_1_584' title='bbox 3501 1505 3553 1557; x_wconf 90' lang='lat' dir='ltr'><strong><em>in</em></strong></span> <span class='ocrx_word' id='word_1_585' title='bbox 3582 1519 3641 1556; x_wconf 84' lang='lat' dir='ltr'><strong><em>re</em></strong></span> 
     </span>
    </p>
   </div>
   <div class='ocr_carea' id='block_1_74' title="bbox 2063 1596 3636 1666">
    <p class='ocr_par' dir='ltr' id='par_1_74' title="bbox 2063 1596 3636 1666">
     <span class='ocr_line' id='line_1_74' title="bbox 2063 1596 3636 1666; baseline 0.001 -18"><span class='ocrx_word' id='word_1_586' title='bbox 2063 1597 2179 1663; x_wconf 84' lang='lat' dir='ltr'><strong><em>plus</em></strong></span> <span class='ocrx_word' id='word_1_587' title='bbox 2201 1611 2354 1666; x_wconf 64' lang='lat' dir='ltr'><strong><em>atquo</em></strong></span> <span class='ocrx_word' id='word_1_588' title='bbox 2382 1597 2474 1649; x_wconf 87' lang='lat' dir='ltr'><strong><em>tibi</em></strong></span> <span class='ocrx_word' id='word_1_589' title='bbox 2505 1606 2746 1665; x_wconf 82' lang='lat' dir='ltr'><strong><em>appetas.</em></strong></span> <span class='ocrx_word' id='word_1_590' title='bbox 2788 1597 2916 1651; x_wconf 83' lang='lat' dir='ltr'><strong><em>Nam</em></strong></span> <span class='ocrx_word' id='word_1_591' title='bbox 2946 1599 2988 1650; x_wconf 93' lang='lat' dir='ltr'><strong><em>si</em></strong></span> <span class='ocrx_word' id='word_1_592' title='bbox 3024 1597 3262 1650; x_wconf 84' lang='lat' dir='ltr'><strong><em>nonnulli</em></strong></span> <span class='ocrx_word' id='word_1_593' title='bbox 3294 1606 3418 1650; x_wconf 90' lang='lat' dir='ltr'><strong><em>sunt</em></strong></span> <span class='ocrx_word' id='word_1_594' title='bbox 3438 1598 3527 1666; x_wconf 88' lang='lat' dir='ltr'><strong><em>qui</em></strong></span> <span class='ocrx_word' id='word_1_595' title='bbox 3555 1596 3636 1650; x_wconf 83' lang='lat' dir='ltr'><strong><em>fa-</em></strong></span> 
     </span>
    </p>
   </div>
   <div class='ocr_carea' id='block_1_75' title="bbox 2058 1687 3634 1758">
    <p class='ocr_par' dir='ltr' id='par_1_75' title="bbox 2058 1687 3634 1758">
     <span class='ocr_line' id='line_1_75' title="bbox 2058 1687 3634 1758; baseline -0.001 -15"><span class='ocrx_word' id='word_1_596' title='bbox 2058 1687 2223 1751; x_wconf 88' lang='lat' dir='ltr'><strong><em>ciant,</em></strong></span> <span class='ocrx_word' id='word_1_597' title='bbox 2255 1699 2307 1742; x_wconf 95' lang='lat' dir='ltr'><strong><em>tu</em></strong></span> <span class='ocrx_word' id='word_1_598' title='bbox 2333 1689 2380 1742; x_wconf 93' lang='lat' dir='ltr'><strong><em>id</em></strong></span> <span class='ocrx_word' id='word_1_599' title='bbox 2414 1689 2464 1741; x_wconf 91' lang='lat' dir='ltr'><strong><em>in</em></strong></span> <span class='ocrx_word' id='word_1_600' title='bbox 2496 1698 2548 1742; x_wconf 88' lang='lat' dir='ltr'><strong><em>te</em></strong></span> <span class='ocrx_word' id='word_1_601' title='bbox 2569 1689 2763 1742; x_wconf 90' lang='lat' dir='ltr'><strong><em>cadere</em></strong></span> <span class='ocrx_word' id='word_1_602' title='bbox 2792 1689 2939 1742; x_wconf 88' lang='lat' dir='ltr'><strong><em>nullo</em></strong></span> <span class='ocrx_word' id='word_1_603' title='bbox 2959 1699 3116 1758; x_wconf 87' lang='lat' dir='ltr'><strong><em>pacto</em></strong></span> <span class='ocrx_word' id='word_1_604' title='bbox 3143 1688 3304 1742; x_wconf 76' lang='lat' dir='ltr'><strong><em>feras.</em></strong></span> <span class='ocrx_word' id='word_1_605' title='bbox 3338 1688 3634 1750; x_wconf 83' lang='lat' dir='ltr'><strong><em>Unanintcs,</em></strong></span> 
     </span>
    </p>
   </div>
   <div class='ocr_carea' id='block_1_76' title="bbox 2059 1781 3634 1851">
    <p class='ocr_par' dir='ltr' id='par_1_76' title="bbox 2059 1781 3634 1851">
     <span class='ocr_line' id='line_1_76' title="bbox 2059 1781 3634 1851; baseline 0 -17"><span class='ocrx_word' id='word_1_606' title='bbox 2059 1781 2229 1849; x_wconf 88' lang='lat' dir='ltr'><strong><em>inquit</em></strong></span> <span class='ocrx_word' id='word_1_607' title='bbox 2255 1801 2267 1835; x_wconf 90' lang='lat'><strong>:</strong></span> <span class='ocrx_word' id='word_1_608' title='bbox 2299 1781 2349 1835; x_wconf 89' lang='lat' dir='ltr'><strong><em>id</em></strong></span> <span class='ocrx_word' id='word_1_609' title='bbox 2376 1790 2476 1844; x_wconf 92' lang='lat' dir='ltr'><strong><em>est,</em></strong></span> <span class='ocrx_word' id='word_1_610' title='bbox 2507 1784 2593 1835; x_wconf 90' lang='lat' dir='ltr'><strong><em>uni</em></strong></span> <span class='ocrx_word' id='word_1_611' title='bbox 2622 1782 2813 1834; x_wconf 65' lang='lat' dir='ltr'><strong><em>anima:</em></strong></span> <span class='ocrx_word' id='word_1_612' title='bbox 2836 1783 3072 1834; x_wconf 88' lang='lat' dir='ltr'><strong><em>omnium</em></strong></span> <span class='ocrx_word' id='word_1_613' title='bbox 3098 1797 3322 1850; x_wconf 87' lang='lat' dir='ltr'><strong><em>corpora</em></strong></span> <span class='ocrx_word' id='word_1_614' title='bbox 3346 1782 3494 1851; x_wconf 87' lang='lat' dir='ltr'><strong><em>quasi</em></strong></span> <span class='ocrx_word' id='word_1_615' title='bbox 3515 1796 3634 1850; x_wconf 88' lang='lat' dir='ltr'><strong><em>pro-</em></strong></span> 
     </span>
    </p>
   </div>
   <div class='ocr_carea' id='block_1_77' title="bbox 2061 1872 3632 1941">
    <p class='ocr_par' dir='ltr' id='par_1_77' title="bbox 2061 1872 3632 1941">
     <span class='ocr_line' id='line_1_77' title="bbox 2061 1872 3632 1941; baseline 0 -16"><span class='ocrx_word' id='word_1_616' title='bbox 2061 1873 2175 1941; x_wconf 84' lang='lat' dir='ltr'><strong><em>pria</em></strong></span> <span class='ocrx_word' id='word_1_617' title='bbox 2208 1872 2678 1927; x_wconf 83' lang='lat' dir='ltr'><strong><em>accommodantes</em></strong></span> <span class='ocrx_word' id='word_1_618' title='bbox 2699 1915 2714 1937; x_wconf 95' lang='lat'><strong><em>,</em></strong></span> <span class='ocrx_word' id='word_1_619' title='bbox 2773 1889 2875 1925; x_wconf 87' lang='lat' dir='ltr'><strong><em>non</em></strong></span> <span class='ocrx_word' id='word_1_620' title='bbox 2900 1873 3114 1941; x_wconf 89' lang='lat' dir='ltr'><strong><em>quidem</em></strong></span> <span class='ocrx_word' id='word_1_621' title='bbox 3149 1873 3442 1926; x_wconf 84' lang='lat' dir='ltr'><strong><em>substantia</em></strong></span> <span class='ocrx_word' id='word_1_622' title='bbox 3481 1874 3632 1941; x_wconf 82' lang='lat' dir='ltr'><strong><em>ipsa;</em></strong></span> 
     </span>
    </p>
   </div>
   <div class='ocr_carea' id='block_1_78' title="bbox 2057 1962 3628 2034">
    <p class='ocr_par' dir='ltr' id='par_1_78' title="bbox 2057 1962 3628 2034">
     <span class='ocr_line' id='line_1_78' title="bbox 2057 1962 3628 2034; baseline 0.002 -19"><span class='ocrx_word' id='word_1_623' title='bbox 2057 1978 2177 2015; x_wconf 91' lang='lat' dir='ltr'><strong><em>nam</em></strong></span> <span class='ocrx_word' id='word_1_624' title='bbox 2206 1962 2255 2016; x_wconf 92' lang='lat' dir='ltr'><strong><em>id</em></strong></span> <span class='ocrx_word' id='word_1_625' title='bbox 2290 1963 2399 2016; x_wconf 84' lang='lat' dir='ltr'><strong><em>ﬁeri</em></strong></span> <span class='ocrx_word' id='word_1_626' title='bbox 2443 1980 2546 2016; x_wconf 87' lang='lat' dir='ltr'><strong><em>non</em></strong></span> <span class='ocrx_word' id='word_1_627' title='bbox 2593 1973 2799 2034; x_wconf 89' lang='lat' dir='ltr'><strong><em>potest;</em></strong></span> <span class='ocrx_word' id='word_1_628' title='bbox 2829 1964 2922 2019; x_wconf 88' lang='lat' dir='ltr'><strong><em>sed</em></strong></span> <span class='ocrx_word' id='word_1_629' title='bbox 2951 1964 3212 2018; x_wconf 83' lang='lat' dir='ltr'><strong><em>electione</em></strong></span> <span class='ocrx_word' id='word_1_630' title='bbox 3234 1975 3288 2017; x_wconf 89' lang='lat' dir='ltr'><strong><em>et</em></strong></span> <span class='ocrx_word' id='word_1_631' title='bbox 3319 1965 3583 2019; x_wconf 83' lang='lat' dir='ltr'><strong><em>sententia</em></strong></span> <span class='ocrx_word' id='word_1_632' title='bbox 3615 1984 3628 2018; x_wconf 91' lang='lat'>:</span> 
     </span>
    </p>
   </div>
   <div class='ocr_carea' id='block_1_79' title="bbox 2055 2055 3628 2124">
    <p class='ocr_par' dir='ltr' id='par_1_79' title="bbox 2055 2055 3628 2124">
     <span class='ocr_line' id='line_1_79' title="bbox 2055 2055 3628 2124; baseline 0.002 -16"><span class='ocrx_word' id='word_1_633' title='bbox 2055 2055 2204 2123; x_wconf 87' lang='lat' dir='ltr'><strong><em>quasi</em></strong></span> <span class='ocrx_word' id='word_1_634' title='bbox 2231 2071 2295 2108; x_wconf 82' lang='lat' dir='ltr'><strong><em>ex</em></strong></span> <span class='ocrx_word' id='word_1_635' title='bbox 2321 2072 2420 2108; x_wconf 89' lang='lat' dir='ltr'><strong><em>una</em></strong></span> <span class='ocrx_word' id='word_1_636' title='bbox 2462 2057 2636 2109; x_wconf 88' lang='lat' dir='ltr'><strong><em>anima</em></strong></span> <span class='ocrx_word' id='word_1_637' title='bbox 2669 2057 2846 2109; x_wconf 86' lang='lat' dir='ltr'><strong><em>omnia</em></strong></span> <span class='ocrx_word' id='word_1_638' title='bbox 2880 2055 3304 2124; x_wconf 81' lang='lat' dir='ltr'><strong><em>proﬁciscantur.</em></strong></span> <span class='ocrx_word' id='word_1_639' title='bbox 3354 2057 3486 2122; x_wconf 88' lang='lat' dir='ltr'><strong><em>Quid</em></strong></span> <span class='ocrx_word' id='word_1_640' title='bbox 3510 2066 3628 2119; x_wconf 83' lang='lat' dir='ltr'><strong><em>est,</em></strong></span> 
     </span>
    </p>
   </div>
   <div class='ocr_carea' id='block_1_80' title="bbox 2059 2144 3632 2218">
    <p class='ocr_par' dir='ltr' id='par_1_80' title="bbox 2059 2144 3632 2218">
     <span class='ocr_line' id='line_1_80' title="bbox 2059 2144 3632 2218; baseline 0.003 -20"><span class='ocrx_word' id='word_1_641' title='bbox 2059 2144 2375 2200; x_wconf 86' lang='lat' dir='ltr'><strong><em>Unanimes?</em></strong></span> <span class='ocrx_word' id='word_1_642' title='bbox 2403 2147 2515 2202; x_wconf 91' lang='lat' dir='ltr'><strong><em>lloc</em></strong></span> <span class='ocrx_word' id='word_1_643' title='bbox 2541 2147 2830 2202; x_wconf 87' lang='lat' dir='ltr'><strong><em>declaravit</em></strong></span> <span class='ocrx_word' id='word_1_644' title='bbox 2856 2148 3087 2214; x_wconf 90' lang='lat' dir='ltr'><strong><em>addens,</em></strong></span> <span class='ocrx_word' id='word_1_645' title='bbox 3128 2148 3297 2203; x_wconf 85' lang='lat' dir='ltr'><strong><em>Unum</em></strong></span> <span class='ocrx_word' id='word_1_646' title='bbox 3342 2151 3589 2218; x_wconf 83' lang='lat' dir='ltr'><strong><em>sapientes</em></strong></span> <span class='ocrx_word' id='word_1_647' title='bbox 3611 2166 3632 2203; x_wconf 90' lang='lat'><em>:</em></span> 
     </span>
    </p>
   </div>
   <div class='ocr_carea' id='block_1_81' title="bbox 2055 2238 3630 2310">
    <p class='ocr_par' dir='ltr' id='par_1_81' title="bbox 2055 2238 3630 2310">
     <span class='ocr_line' id='line_1_81' title="bbox 2055 2238 3630 2310; baseline 0.004 -20"><span class='ocrx_word' id='word_1_648' title='bbox 2055 2238 2268 2291; x_wconf 91' lang='lat' dir='ltr'><strong><em>unicum</em></strong></span> <span class='ocrx_word' id='word_1_649' title='bbox 2301 2238 2444 2292; x_wconf 91' lang='lat' dir='ltr'><strong><em>enim</em></strong></span> <span class='ocrx_word' id='word_1_650' title='bbox 2470 2240 2583 2292; x_wconf 88' lang='lat' dir='ltr'><strong><em>vult</em></strong></span> <span class='ocrx_word' id='word_1_651' title='bbox 2613 2254 2735 2294; x_wconf 87' lang='lat' dir='ltr'><strong><em>esse</em></strong></span> <span class='ocrx_word' id='word_1_652' title='bbox 2765 2240 3002 2294; x_wconf 89' lang='lat' dir='ltr'><strong><em>omnium</em></strong></span> <span class='ocrx_word' id='word_1_653' title='bbox 3031 2256 3242 2294; x_wconf 84' lang='lat' dir='ltr'><strong><em>sensum</em></strong></span> <span class='ocrx_word' id='word_1_654' title='bbox 3271 2281 3284 2306; x_wconf 94' lang='lat'><strong><em>,</em></strong></span> <span class='ocrx_word' id='word_1_655' title='bbox 3331 2242 3548 2310; x_wconf 79' lang='lat' dir='ltr'><strong><em>perinde</em></strong></span> <span class='ocrx_word' id='word_1_656' title='bbox 3568 2258 3630 2296; x_wconf 91' lang='lat' dir='ltr'><strong><em>ac</em></strong></span> 
     </span>
    </p>
   </div>
   <div class='ocr_carea' id='block_1_82' title="bbox 2052 2330 3624 2403">
    <p class='ocr_par' dir='ltr' id='par_1_82' title="bbox 2052 2330 3624 2403">
     <span class='ocr_line' id='line_1_82' title="bbox 2052 2330 3624 2403; baseline 0.003 -20"><span class='ocrx_word' id='word_1_657' title='bbox 2052 2330 2098 2383; x_wconf 90' lang='lat' dir='ltr'><strong><em>si</em></strong></span> <span class='ocrx_word' id='word_1_658' title='bbox 2133 2345 2196 2383; x_wconf 81' lang='lat' dir='ltr'><strong><em>ex</em></strong></span> <span class='ocrx_word' id='word_1_659' title='bbox 2238 2345 2338 2384; x_wconf 91' lang='lat' dir='ltr'><strong><em>una</em></strong></span> <span class='ocrx_word' id='word_1_660' title='bbox 2368 2332 2542 2384; x_wconf 91' lang='lat' dir='ltr'><strong><em>anima</em></strong></span> <span class='ocrx_word' id='word_1_661' title='bbox 2583 2332 2896 2400; x_wconf 87' lang='lat' dir='ltr'><strong><em>penderent.</em></strong></span> <span class='ocrx_word' id='word_1_662' title='bbox 2947 2332 3096 2386; x_wconf 78' lang='lat' dir='ltr'><strong><em>Nihil</em></strong></span> <span class='ocrx_word' id='word_1_663' title='bbox 3124 2351 3214 2403; x_wconf 89' lang='lat' dir='ltr'><strong><em>per</em></strong></span> <span class='ocrx_word' id='word_1_664' title='bbox 3241 2338 3624 2391; x_wconf 85' lang='lat' dir='ltr'><strong><em>contentionem.</em></strong></span> 
     </span>
    </p>
   </div>
   <div class='ocr_carea' id='block_1_83' title="bbox 2055 2421 3630 2495">
    <p class='ocr_par' dir='ltr' id='par_1_83' title="bbox 2055 2421 3630 2495">
     <span class='ocr_line' id='line_1_83' title="bbox 2055 2421 3630 2495; baseline 0.004 -21"><span class='ocrx_word' id='word_1_665' title='bbox 2055 2421 2225 2491; x_wconf 82' lang='lat' dir='ltr'><strong><em>Rogat</em></strong></span> <span class='ocrx_word' id='word_1_666' title='bbox 2254 2423 2448 2478; x_wconf 90' lang='lat' dir='ltr'><strong><em>deinde</em></strong></span> <span class='ocrx_word' id='word_1_667' title='bbox 2487 2432 2541 2477; x_wconf 93' lang='lat' dir='ltr'><strong><em>et</em></strong></span> <span class='ocrx_word' id='word_1_668' title='bbox 2569 2425 2787 2492; x_wconf 81' lang='lat' dir='ltr'><strong><em>exponit</em></strong></span> <span class='ocrx_word' id='word_1_669' title='bbox 2821 2425 3035 2479; x_wconf 89' lang='lat' dir='ltr'><strong><em>modum</em></strong></span> <span class='ocrx_word' id='word_1_670' title='bbox 3067 2442 3172 2495; x_wconf 90' lang='lat' dir='ltr'><strong><em>quo</em></strong></span> <span class='ocrx_word' id='word_1_671' title='bbox 3219 2426 3270 2480; x_wconf 91' lang='lat' dir='ltr'><strong><em>id</em></strong></span> <span class='ocrx_word' id='word_1_672' title='bbox 3323 2427 3447 2493; x_wconf 82' lang='lat' dir='ltr'><strong><em>ﬁat;</em></strong></span> <span class='ocrx_word' id='word_1_673' title='bbox 3483 2427 3630 2481; x_wconf 79' lang='lat' dir='ltr'><strong><em>Nihil</em></strong></span> 
     </span>
    </p>
   </div>
   <div class='ocr_carea' id='block_1_84' title="bbox 2050 2517 3626 2590">
    <p class='ocr_par' dir='ltr' id='par_1_84' title="bbox 2050 2517 3626 2590">
     <span class='ocr_line' id='line_1_84' title="bbox 2050 2517 3626 2590; baseline 0.003 -21"><span class='ocrx_word' id='word_1_674' title='bbox 2050 2533 2138 2586; x_wconf 85' lang='lat' dir='ltr'><strong><em>per</em></strong></span> <span class='ocrx_word' id='word_1_675' title='bbox 2162 2518 2525 2570; x_wconf 85' lang='lat' dir='ltr'><strong><em>contentionem</em></strong></span> <span class='ocrx_word' id='word_1_676' title='bbox 2555 2518 2631 2571; x_wconf 83' lang='lat' dir='ltr'><strong><em>vel</em></strong></span> <span class='ocrx_word' id='word_1_677' title='bbox 2655 2517 2857 2571; x_wconf 89' lang='lat' dir='ltr'><strong><em>inanem</em></strong></span> <span class='ocrx_word' id='word_1_678' title='bbox 2879 2519 3115 2589; x_wconf 86' lang='lat' dir='ltr'><strong><em>gloriam,</em></strong></span> <span class='ocrx_word' id='word_1_679' title='bbox 3149 2519 3339 2590; x_wconf 88' lang='lat' dir='ltr'><strong><em>inquit.</em></strong></span> <span class='ocrx_word' id='word_1_680' title='bbox 3363 2519 3513 2588; x_wconf 92' lang='lat' dir='ltr'><strong><em>Quod</em></strong></span> <span class='ocrx_word' id='word_1_681' title='bbox 3543 2525 3626 2588; x_wconf 86' lang='lat' dir='ltr'><strong><em>ip-</em></strong></span> 
     </span>
    </p>
   </div>
   <div class='ocr_carea' id='block_1_85' title="bbox 2047 2611 3627 2680">
    <p class='ocr_par' dir='ltr' id='par_1_85' title="bbox 2047 2611 3627 2680">
     <span class='ocr_line' id='line_1_85' title="bbox 2047 2611 3627 2680; baseline 0.001 -14"><span class='ocrx_word' id='word_1_682' title='bbox 2047 2626 2165 2666; x_wconf 91' lang='lat' dir='ltr'><strong><em>sum</em></strong></span> <span class='ocrx_word' id='word_1_683' title='bbox 2179 2625 2391 2680; x_wconf 88' lang='lat' dir='ltr'><strong><em>semper</em></strong></span> <span class='ocrx_word' id='word_1_684' title='bbox 2408 2611 2528 2667; x_wconf 89' lang='lat' dir='ltr'><strong><em>dico</em></strong></span> <span class='ocrx_word' id='word_1_685' title='bbox 2546 2611 2806 2666; x_wconf 89' lang='lat' dir='ltr'><strong><em>malorum</em></strong></span> <span class='ocrx_word' id='word_1_686' title='bbox 2824 2612 3059 2666; x_wconf 90' lang='lat' dir='ltr'><strong><em>omnium</em></strong></span> <span class='ocrx_word' id='word_1_687' title='bbox 3083 2627 3203 2667; x_wconf 88' lang='lat' dir='ltr'><strong><em>esse</em></strong></span> <span class='ocrx_word' id='word_1_688' title='bbox 3224 2627 3441 2666; x_wconf 89' lang='lat' dir='ltr'><strong><em>causam</em></strong></span> <span class='ocrx_word' id='word_1_689' title='bbox 3463 2631 3474 2664; x_wconf 88' lang='lat'><strong>:</strong></span> <span class='ocrx_word' id='word_1_690' title='bbox 3501 2613 3627 2668; x_wconf 91' lang='lat' dir='ltr'><strong><em>hinc</em></strong></span> 
     </span>
    </p>
   </div>
   <div class='ocr_carea' id='block_1_86' title="bbox 2048 2702 3625 2773">
    <p class='ocr_par' dir='ltr' id='par_1_86' title="bbox 2048 2702 3625 2773">
     <span class='ocr_line' id='line_1_86' title="bbox 2048 2702 3625 2773; baseline 0.001 -17"><span class='ocrx_word' id='word_1_691' title='bbox 2048 2718 2236 2773; x_wconf 67' lang='lat' dir='ltr'><strong><em>pugna:</em></strong></span> <span class='ocrx_word' id='word_1_692' title='bbox 2258 2713 2313 2758; x_wconf 90' lang='lat' dir='ltr'><strong><em>et</em></strong></span> <span class='ocrx_word' id='word_1_693' title='bbox 2335 2703 2474 2769; x_wconf 90' lang='lat' dir='ltr'><strong><em>lites,</em></strong></span> <span class='ocrx_word' id='word_1_694' title='bbox 2499 2703 2625 2756; x_wconf 90' lang='lat' dir='ltr'><strong><em>hinc</em></strong></span> <span class='ocrx_word' id='word_1_695' title='bbox 2651 2702 2845 2757; x_wconf 89' lang='lat' dir='ltr'><strong><em>invidia</em></strong></span> <span class='ocrx_word' id='word_1_696' title='bbox 2872 2712 2926 2758; x_wconf 91' lang='lat' dir='ltr'><strong><em>et</em></strong></span> <span class='ocrx_word' id='word_1_697' title='bbox 2953 2703 3199 2758; x_wconf 89' lang='lat' dir='ltr'><strong><em>vincendi</em></strong></span> <span class='ocrx_word' id='word_1_698' title='bbox 3219 2704 3474 2766; x_wconf 87' lang='lat' dir='ltr'><strong><em>studium,</em></strong></span> <span class='ocrx_word' id='word_1_699' title='bbox 3503 2704 3625 2758; x_wconf 90' lang='lat' dir='ltr'><strong><em>hinc</em></strong></span> 
     </span>
    </p>
   </div>
   <div class='ocr_carea' id='block_1_87' title="bbox 2045 2794 3623 2866">
    <p class='ocr_par' dir='ltr' id='par_1_87' title="bbox 2045 2794 3623 2866">
     <span class='ocr_line' id='line_1_87' title="bbox 2045 2794 3623 2866; baseline -0.001 -16"><span class='ocrx_word' id='word_1_700' title='bbox 2045 2796 2284 2850; x_wconf 84' lang='lat' dir='ltr'><strong><em>caritatis</em></strong></span> <span class='ocrx_word' id='word_1_701' title='bbox 2312 2794 2690 2865; x_wconf 77' lang='lat' dir='ltr'><strong><em>refrigeratio;</em></strong></span> <span class='ocrx_word' id='word_1_702' title='bbox 2739 2811 2857 2851; x_wconf 91' lang='lat' dir='ltr'><strong><em>cum</em></strong></span> <span class='ocrx_word' id='word_1_703' title='bbox 2905 2795 3179 2850; x_wconf 88' lang='lat' dir='ltr'><strong><em>hominum</em></strong></span> <span class='ocrx_word' id='word_1_704' title='bbox 3215 2797 3440 2866; x_wconf 88' lang='lat' dir='ltr'><strong><em>gloriam</em></strong></span> <span class='ocrx_word' id='word_1_705' title='bbox 3475 2813 3623 2850; x_wconf 86' lang='lat' dir='ltr'><strong><em>ama-</em></strong></span> 
     </span>
    </p>
   </div>
   <div class='ocr_carea' id='block_1_88' title="bbox 2045 2889 3620 2958">
    <p class='ocr_par' dir='ltr' id='par_1_88' title="bbox 2045 2889 3620 2958">
     <span class='ocr_line' id='line_1_88' title="bbox 2045 2889 3620 2958; baseline 0.001 -16"><span class='ocrx_word' id='word_1_706' title='bbox 2045 2903 2186 2953; x_wconf 91' lang='lat' dir='ltr'><strong><em>mus,</em></strong></span> <span class='ocrx_word' id='word_1_707' title='bbox 2214 2903 2334 2942; x_wconf 90' lang='lat' dir='ltr'><strong><em>cum</em></strong></span> <span class='ocrx_word' id='word_1_708' title='bbox 2369 2889 2558 2942; x_wconf 88' lang='lat' dir='ltr'><strong><em>honori</em></strong></span> <span class='ocrx_word' id='word_1_709' title='bbox 2588 2931 2601 2950; x_wconf 92' lang='lat'><strong><em>,</em></strong></span> <span class='ocrx_word' id='word_1_710' title='bbox 2628 2889 2717 2958; x_wconf 90' lang='lat' dir='ltr'><strong><em>qui</em></strong></span> <span class='ocrx_word' id='word_1_711' title='bbox 2749 2905 2778 2943; x_wconf 90' lang='lat' dir='ltr'><strong><em>a</em></strong></span> <span class='ocrx_word' id='word_1_712' title='bbox 2809 2889 2992 2944; x_wconf 90' lang='lat' dir='ltr'><strong><em>multis</em></strong></span> <span class='ocrx_word' id='word_1_713' title='bbox 3011 2890 3314 2955; x_wconf 79' lang='lat' dir='ltr'><strong><em>exhibetur,</em></strong></span> <span class='ocrx_word' id='word_1_714' title='bbox 3341 2894 3620 2956; x_wconf 86' lang='lat' dir='ltr'><strong><em>servimus,</em></strong></span> 
     </span>
    </p>
   </div>
   <div class='ocr_carea' id='block_1_89' title="bbox 2046 2980 3622 3054">
    <p class='ocr_par' dir='ltr' id='par_1_89' title="bbox 2046 2980 3622 3054">
     <span class='ocr_line' id='line_1_89' title="bbox 2046 2980 3622 3054; baseline 0.004 -22"><span class='ocrx_word' id='word_1_715' title='bbox 2046 2989 2170 3034; x_wconf 92' lang='lat' dir='ltr'><strong><em>tunc</em></strong></span> <span class='ocrx_word' id='word_1_716' title='bbox 2197 2980 2373 3034; x_wconf 90' lang='lat' dir='ltr'><strong><em>omnia</em></strong></span> <span class='ocrx_word' id='word_1_717' title='bbox 2419 2980 2533 3035; x_wconf 63' lang='lat' dir='ltr'><strong><em>haec</em></strong></span> <span class='ocrx_word' id='word_1_718' title='bbox 2557 2981 2836 3036; x_wconf 88' lang='lat' dir='ltr'><strong><em>accidunt:</em></strong></span> <span class='ocrx_word' id='word_1_719' title='bbox 2871 2981 3091 3036; x_wconf 87' lang='lat' dir='ltr'><strong><em>minime</em></strong></span> <span class='ocrx_word' id='word_1_720' title='bbox 3113 2983 3255 3036; x_wconf 89' lang='lat' dir='ltr'><strong><em>enim</em></strong></span> <span class='ocrx_word' id='word_1_721' title='bbox 3294 2982 3371 3038; x_wconf 80' lang='lat' dir='ltr'><strong><em>fas</em></strong></span> <span class='ocrx_word' id='word_1_722' title='bbox 3398 2995 3479 3038; x_wconf 87' lang='lat' dir='ltr'><strong><em>est</em></strong></span> <span class='ocrx_word' id='word_1_723' title='bbox 3505 2985 3622 3054; x_wconf 83' lang='lat' dir='ltr'><strong><em>glo—</em></strong></span> 
     </span>
    </p>
   </div>
   <div class='ocr_carea' id='block_1_90' title="bbox 2045 3073 3619 3144">
    <p class='ocr_par' dir='ltr' id='par_1_90' title="bbox 2045 3073 3619 3144">
     <span class='ocr_line' id='line_1_90' title="bbox 2045 3073 3619 3144; baseline 0.003 -19"><span class='ocrx_word' id='word_1_724' title='bbox 2045 3073 2140 3126; x_wconf 61' lang='lat' dir='ltr'><strong><em>riae</em></strong></span> <span class='ocrx_word' id='word_1_725' title='bbox 2164 3075 2488 3127; x_wconf 88' lang='lat' dir='ltr'><strong><em>servientem</em></strong></span> <span class='ocrx_word' id='word_1_726' title='bbox 2516 3115 2530 3136; x_wconf 93' lang='lat'><strong><em>,</em></strong></span> <span class='ocrx_word' id='word_1_727' title='bbox 2577 3073 2667 3126; x_wconf 89' lang='lat' dir='ltr'><strong><em>Dei</em></strong></span> <span class='ocrx_word' id='word_1_728' title='bbox 2695 3073 2854 3128; x_wconf 90' lang='lat' dir='ltr'><strong><em>etiam</em></strong></span> <span class='ocrx_word' id='word_1_729' title='bbox 2885 3088 3200 3144; x_wconf 86' lang='lat' dir='ltr'><strong><em>germanum</em></strong></span> <span class='ocrx_word' id='word_1_730' title='bbox 3229 3089 3350 3129; x_wconf 88' lang='lat' dir='ltr'><strong><em>esse</em></strong></span> <span class='ocrx_word' id='word_1_731' title='bbox 3372 3091 3583 3130; x_wconf 84' lang='lat' dir='ltr'><strong><em>servum</em></strong></span> <span class='ocrx_word' id='word_1_732' title='bbox 3605 3117 3619 3130; x_wconf 92' lang='lat'><strong><em>.</em></strong></span> 
     </span>
    </p>
   </div>
   <div class='ocr_carea' id='block_1_91' title="bbox 2042 3165 3623 3239">
    <p class='ocr_par' dir='ltr' id='par_1_91' title="bbox 2042 3165 3623 3239">
     <span class='ocr_line' id='line_1_91' title="bbox 2042 3165 3623 3239; baseline 0.002 -19"><span class='ocrx_word' id='word_1_733' title='bbox 2042 3166 2156 3234; x_wconf 85' lang='lat' dir='ltr'><strong><em>Qua</em></strong></span> <span class='ocrx_word' id='word_1_734' title='bbox 2186 3166 2346 3236; x_wconf 84' lang='lat' dir='ltr'><strong><em>igitur</em></strong></span> <span class='ocrx_word' id='word_1_735' title='bbox 2375 3168 2581 3220; x_wconf 89' lang='lat' dir='ltr'><strong><em>ratione</em></strong></span> <span class='ocrx_word' id='word_1_736' title='bbox 2609 3165 2713 3221; x_wconf 88' lang='lat' dir='ltr'><strong><em>hoc</em></strong></span> <span class='ocrx_word' id='word_1_737' title='bbox 2749 3167 2918 3221; x_wconf 89' lang='lat' dir='ltr'><strong><em>inanis</em></strong></span> <span class='ocrx_word' id='word_1_738' title='bbox 2944 3167 3129 3237; x_wconf 74' lang='lat' dir='ltr'><strong><em>gloria:</em></strong></span> <span class='ocrx_word' id='word_1_739' title='bbox 3170 3168 3400 3222; x_wconf 89' lang='lat' dir='ltr'><strong><em>studium</em></strong></span> <span class='ocrx_word' id='word_1_740' title='bbox 3431 3169 3623 3239; x_wconf 81' lang='lat' dir='ltr'><strong><em>lugeri-</em></strong></span> 
     </span>
    </p>
   </div>
   <div class='ocr_carea' id='block_1_92' title="bbox 2041 3258 3617 3330">
    <p class='ocr_par' dir='ltr' id='par_1_92' title="bbox 2041 3258 3617 3330">
     <span class='ocr_line' id='line_1_92' title="bbox 2041 3258 3617 3330; baseline 0.001 -18"><span class='ocrx_word' id='word_1_741' title='bbox 2041 3259 2200 3313; x_wconf 87' lang='lat' dir='ltr'><strong><em>mus?</em></strong></span> <span class='ocrx_word' id='word_1_742' title='bbox 2220 3258 2455 3313; x_wconf 90' lang='lat' dir='ltr'><strong><em>nondum</em></strong></span> <span class='ocrx_word' id='word_1_743' title='bbox 2485 3259 2626 3314; x_wconf 91' lang='lat' dir='ltr'><strong><em>enim</em></strong></span> <span class='ocrx_word' id='word_1_744' title='bbox 2655 3258 2799 3312; x_wconf 88' lang='lat' dir='ltr'><strong><em>illam</em></strong></span> <span class='ocrx_word' id='word_1_745' title='bbox 2820 3260 3132 3328; x_wconf 78' lang='lat' dir='ltr'><strong><em>exposuisti.</em></strong></span> <span class='ocrx_word' id='word_1_746' title='bbox 3159 3260 3292 3314; x_wconf 82' lang='lat' dir='ltr'><strong><em>Audi</em></strong></span> <span class='ocrx_word' id='word_1_747' title='bbox 3316 3262 3617 3330; x_wconf 85' lang='lat' dir='ltr'><strong><em>sequentia:</em></strong></span> 
     </span>
    </p>
   </div>
   <div class='ocr_carea' id='block_1_93' title="bbox 2043 3349 3621 3420">
    <p class='ocr_par' dir='ltr' id='par_1_93' title="bbox 2043 3349 3621 3420">
     <span class='ocr_line' id='line_1_93' title="bbox 2043 3349 3621 3420; baseline -0.002 -13"><span class='ocrx_word' id='word_1_748' title='bbox 2043 3352 2151 3407; x_wconf 88' lang='lat' dir='ltr'><strong><em>Sed</em></strong></span> <span class='ocrx_word' id='word_1_749' title='bbox 2172 3353 2225 3404; x_wconf 89' lang='lat' dir='ltr'><strong><em>in</em></strong></span> <span class='ocrx_word' id='word_1_750' title='bbox 2258 3352 2558 3416; x_wconf 84' lang='lat' dir='ltr'><strong><em>humilitate,</em></strong></span> <span class='ocrx_word' id='word_1_751' title='bbox 2589 3349 2780 3420; x_wconf 88' lang='lat' dir='ltr'><strong><em>inquit,</em></strong></span> <span class='ocrx_word' id='word_1_752' title='bbox 2812 3352 3097 3420; x_wconf 80' lang='lat' dir='ltr'><strong><em>superiores</em></strong></span> <span class='ocrx_word' id='word_1_753' title='bbox 3125 3352 3219 3404; x_wconf 88' lang='lat' dir='ltr'><strong><em>sibi</em></strong></span> <span class='ocrx_word' id='word_1_754' title='bbox 3247 3352 3458 3406; x_wconf 79' lang='lat' dir='ltr'><strong><em>inuicem</em></strong></span> <span class='ocrx_word' id='word_1_755' title='bbox 3486 3353 3621 3405; x_wconf 89' lang='lat' dir='ltr'><strong><em>arbi-</em></strong></span> 
     </span>
    </p>
   </div>
   <div class='ocr_carea' id='block_1_94' title="bbox 2039 3443 3615 3514">
    <p class='ocr_par' dir='ltr' id='par_1_94' title="bbox 2039 3443 3615 3514">
     <span class='ocr_line' id='line_1_94' title="bbox 2039 3443 3615 3514; baseline 0 -18"><span class='ocrx_word' id='word_1_756' title='bbox 2039 3456 2246 3499; x_wconf 80' lang='lat' dir='ltr'><strong><em>trantes.</em></strong></span> <span class='ocrx_word' id='word_1_757' title='bbox 2284 3445 2437 3514; x_wconf 65' lang='lat' dir='ltr'><strong><em>Papa!</em></strong></span> <span class='ocrx_word' id='word_1_758' title='bbox 2461 3446 2475 3497; x_wconf 89' lang='lat'><strong>!</strong></span> <span class='ocrx_word' id='word_1_759' title='bbox 2505 3443 2772 3514; x_wconf 89' lang='lat' dir='ltr'><strong><em>quomodo</em></strong></span> <span class='ocrx_word' id='word_1_760' title='bbox 2797 3443 3012 3511; x_wconf 88' lang='lat' dir='ltr'><strong><em>plenum</em></strong></span> <span class='ocrx_word' id='word_1_761' title='bbox 3041 3443 3386 3511; x_wconf 75' lang='lat' dir='ltr'><strong><em>phi1050phia:</em></strong></span> <span class='ocrx_word' id='word_1_762' title='bbox 3400 3444 3615 3513; x_wconf 85' lang='lat' dir='ltr'><strong><em>dogma,</em></strong></span> 
     </span>
    </p>
   </div>
   <div class='ocr_carea' id='block_1_95' title="bbox 2037 3534 3616 3604">
    <p class='ocr_par' dir='ltr' id='par_1_95' title="bbox 2037 3534 3616 3604">
     <span class='ocr_line' id='line_1_95' title="bbox 2037 3534 3616 3604; baseline -0.002 -12"><span class='ocrx_word' id='word_1_763' title='bbox 2037 3548 2092 3592; x_wconf 90' lang='lat' dir='ltr'><strong><em>et</em></strong></span> <span class='ocrx_word' id='word_1_764' title='bbox 2121 3536 2187 3590; x_wconf 90' lang='lat' dir='ltr'><strong><em>ad</em></strong></span> <span class='ocrx_word' id='word_1_765' title='bbox 2220 3545 2456 3590; x_wconf 89' lang='lat' dir='ltr'><strong><em>nostram</em></strong></span> <span class='ocrx_word' id='word_1_766' title='bbox 2487 3535 2713 3590; x_wconf 90' lang='lat' dir='ltr'><strong><em>salutem</em></strong></span> <span class='ocrx_word' id='word_1_767' title='bbox 2753 3534 3069 3588; x_wconf 88' lang='lat' dir='ltr'><strong><em>mirabiliter</em></strong></span> <span class='ocrx_word' id='word_1_768' title='bbox 3103 3534 3405 3588; x_wconf 89' lang='lat' dir='ltr'><strong><em>conducens</em></strong></span> <span class='ocrx_word' id='word_1_769' title='bbox 3450 3550 3616 3604; x_wconf 88' lang='lat' dir='ltr'><strong><em>expo-</em></strong></span> 
     </span>
    </p>
   </div>
   <div class='ocr_carea' id='block_1_96' title="bbox 2036 3626 3614 3696">
    <p class='ocr_par' dir='ltr' id='par_1_96' title="bbox 2036 3626 3614 3696">
     <span class='ocr_line' id='line_1_96' title="bbox 2036 3626 3614 3696; baseline -0.002 -13"><span class='ocrx_word' id='word_1_770' title='bbox 2036 3627 2174 3683; x_wconf 87' lang='lat' dir='ltr'><strong><em>suit!</em></strong></span> <span class='ocrx_word' id='word_1_771' title='bbox 2204 3627 2260 3683; x_wconf 90' lang='lat' dir='ltr'><strong><em>Si</em></strong></span> <span class='ocrx_word' id='word_1_772' title='bbox 2290 3626 2642 3693; x_wconf 87' lang='lat' dir='ltr'><strong><em>existimaris,</em></strong></span> <span class='ocrx_word' id='word_1_773' title='bbox 2672 3627 2874 3696; x_wconf 89' lang='lat' dir='ltr'><strong><em>inquit,</em></strong></span> <span class='ocrx_word' id='word_1_774' title='bbox 2905 3626 3054 3679; x_wconf 90' lang='lat' dir='ltr'><strong><em>illum</em></strong></span> <span class='ocrx_word' id='word_1_775' title='bbox 3092 3635 3143 3680; x_wconf 91' lang='lat' dir='ltr'><strong><em>te</em></strong></span> <span class='ocrx_word' id='word_1_776' title='bbox 3170 3627 3426 3694; x_wconf 85' lang='lat' dir='ltr'><strong><em>majorem</em></strong></span> <span class='ocrx_word' id='word_1_777' title='bbox 3457 3641 3578 3680; x_wconf 88' lang='lat' dir='ltr'><strong><em>esse</em></strong></span> <span class='ocrx_word' id='word_1_778' title='bbox 3600 3667 3614 3687; x_wconf 88' lang='lat'>.</span> 
     </span>
    </p>
   </div>
   <div class='ocr_carea' id='block_1_97' title="bbox 2038 3717 3616 3789">
    <p class='ocr_par' dir='ltr' id='par_1_97' title="bbox 2038 3717 3616 3789">
     <span class='ocr_line' id='line_1_97' title="bbox 2038 3717 3616 3789; baseline -0.003 -15"><span class='ocrx_word' id='word_1_779' title='bbox 2038 3720 2198 3789; x_wconf 89' lang='lat' dir='ltr'><strong><em>idque</em></strong></span> <span class='ocrx_word' id='word_1_780' title='bbox 2241 3719 2331 3774; x_wconf 88' lang='lat' dir='ltr'><strong><em>tibi</em></strong></span> <span class='ocrx_word' id='word_1_781' title='bbox 2371 3719 2470 3788; x_wconf 90' lang='lat' dir='ltr'><strong><em>ipsi</em></strong></span> <span class='ocrx_word' id='word_1_782' title='bbox 2495 3718 2856 3788; x_wconf 86' lang='lat' dir='ltr'><strong><em>persuaseris;</em></strong></span> <span class='ocrx_word' id='word_1_783' title='bbox 2904 3726 2996 3771; x_wconf 89' lang='lat' dir='ltr'><strong><em>aut</em></strong></span> <span class='ocrx_word' id='word_1_784' title='bbox 3015 3718 3194 3786; x_wconf 90' lang='lat' dir='ltr'><strong><em>potius</em></strong></span> <span class='ocrx_word' id='word_1_785' title='bbox 3225 3717 3268 3769; x_wconf 91' lang='lat' dir='ltr'><strong><em>si</em></strong></span> <span class='ocrx_word' id='word_1_786' title='bbox 3302 3731 3409 3771; x_wconf 92' lang='lat' dir='ltr'><strong><em>non</em></strong></span> <span class='ocrx_word' id='word_1_787' title='bbox 3445 3717 3616 3770; x_wconf 90' lang='lat' dir='ltr'><strong><em>solum</em></strong></span> 
     </span>
    </p>
   </div>
   <div class='ocr_carea' id='block_1_98' title="bbox 2036 3807 3616 3876">
    <p class='ocr_par' dir='ltr' id='par_1_98' title="bbox 2036 3807 3616 3876">
     <span class='ocr_line' id='line_1_98' title="bbox 2036 3807 3616 3876; baseline -0.002 -11"><span class='ocrx_word' id='word_1_788' title='bbox 2036 3810 2255 3876; x_wconf 83' lang='lat' dir='ltr'><strong><em>dixeris,</em></strong></span> <span class='ocrx_word' id='word_1_789' title='bbox 2282 3809 2374 3863; x_wconf 89' lang='lat' dir='ltr'><strong><em>sed</em></strong></span> <span class='ocrx_word' id='word_1_790' title='bbox 2405 3809 2564 3864; x_wconf 89' lang='lat' dir='ltr'><strong><em>etiam</em></strong></span> <span class='ocrx_word' id='word_1_791' title='bbox 2589 3808 2949 3874; x_wconf 85' lang='lat' dir='ltr'><strong><em>persuasionis</em></strong></span> <span class='ocrx_word' id='word_1_792' title='bbox 2981 3809 3132 3862; x_wconf 89' lang='lat' dir='ltr'><strong><em>istius</em></strong></span> <span class='ocrx_word' id='word_1_793' title='bbox 3164 3808 3372 3876; x_wconf 88' lang='lat' dir='ltr'><strong><em>plenus,</em></strong></span> <span class='ocrx_word' id='word_1_794' title='bbox 3409 3807 3616 3862; x_wconf 89' lang='lat' dir='ltr'><strong><em>honore</em></strong></span> 
     </span>
    </p>
   </div>
   <div class='ocr_carea' id='block_1_99' title="bbox 2035 3900 3616 3972">
    <p class='ocr_par' dir='ltr' id='par_1_99' title="bbox 2035 3900 3616 3972">
     <span class='ocr_line' id='line_1_99' title="bbox 2035 3900 3616 3972; baseline -0.003 -16"><span class='ocrx_word' id='word_1_795' title='bbox 2035 3916 2246 3972; x_wconf 86' lang='lat' dir='ltr'><strong><em>quoque</em></strong></span> <span class='ocrx_word' id='word_1_796' title='bbox 2287 3900 2453 3955; x_wconf 80' lang='lat' dir='ltr'><strong><em>fueris</em></strong></span> <span class='ocrx_word' id='word_1_797' title='bbox 2499 3910 2874 3970; x_wconf 82' lang='lat' dir='ltr'><strong><em>proseqttutus,</em></strong></span> <span class='ocrx_word' id='word_1_798' title='bbox 2909 3900 3127 3954; x_wconf 89' lang='lat' dir='ltr'><strong><em>minime</em></strong></span> <span class='ocrx_word' id='word_1_799' title='bbox 3175 3900 3545 3964; x_wconf 77' lang='lat' dir='ltr'><strong><em>succensehis,</em></strong></span> <span class='ocrx_word' id='word_1_800' title='bbox 3571 3900 3616 3952; x_wconf 78' lang='lat' dir='ltr'><strong><em>si</em></strong></span> 
     </span>
    </p>
   </div>
   <div class='ocr_carea' id='block_1_100' title="bbox 2037 3993 3614 4066">
    <p class='ocr_par' dir='ltr' id='par_1_100' title="bbox 2037 3993 3614 4066">
     <span class='ocr_line' id='line_1_100' title="bbox 2037 3993 3614 4066; baseline -0.002 -17"><span class='ocrx_word' id='word_1_801' title='bbox 2037 3995 2137 4066; x_wconf 90' lang='lat' dir='ltr'><strong><em>ipsi</em></strong></span> <span class='ocrx_word' id='word_1_802' title='bbox 2165 3995 2234 4050; x_wconf 88' lang='lat' dir='ltr'><strong><em>ab</em></strong></span> <span class='ocrx_word' id='word_1_803' title='bbox 2265 3995 2373 4049; x_wconf 89' lang='lat' dir='ltr'><strong><em>alio</em></strong></span> <span class='ocrx_word' id='word_1_804' title='bbox 2415 3995 2668 4049; x_wconf 86' lang='lat' dir='ltr'><strong><em>tributum</em></strong></span> <span class='ocrx_word' id='word_1_805' title='bbox 2695 3993 2896 4049; x_wconf 84' lang='lat' dir='ltr'><strong><em>videas.</em></strong></span> <span class='ocrx_word' id='word_1_806' title='bbox 2933 3993 3096 4064; x_wconf 80' lang='lat' dir='ltr'><strong><em>Igitur</em></strong></span> <span class='ocrx_word' id='word_1_807' title='bbox 3124 4010 3228 4048; x_wconf 92' lang='lat' dir='ltr'><strong><em>non</em></strong></span> <span class='ocrx_word' id='word_1_808' title='bbox 3268 4002 3467 4047; x_wconf 87' lang='lat' dir='ltr'><strong><em>tantum</em></strong></span> <span class='ocrx_word' id='word_1_809' title='bbox 3498 3993 3614 4046; x_wconf 87' lang='lat' dir='ltr'><strong><em>exi-</em></strong></span> 
     </span>
    </p>
   </div>
   <div class='ocr_carea' id='block_1_101' title="bbox 2033 4088 3612 4158">
    <p class='ocr_par' dir='ltr' id='par_1_101' title="bbox 2033 4088 3612 4158">
     <span class='ocr_line' id='line_1_101' title="bbox 2033 4088 3612 4158; baseline -0.003 -14"><span class='ocrx_word' id='word_1_810' title='bbox 2033 4092 2191 4144; x_wconf 87' lang='lat' dir='ltr'><strong><em>stima</em></strong></span> <span class='ocrx_word' id='word_1_811' title='bbox 2223 4089 2370 4142; x_wconf 76' lang='lat' dir='ltr'><strong><em>illum</em></strong></span> <span class='ocrx_word' id='word_1_812' title='bbox 2397 4098 2448 4144; x_wconf 88' lang='lat' dir='ltr'><strong><em>te</em></strong></span> <span class='ocrx_word' id='word_1_813' title='bbox 2474 4088 2733 4158; x_wconf 86' lang='lat' dir='ltr'><strong><em>majorem</em></strong></span> <span class='ocrx_word' id='word_1_814' title='bbox 2769 4104 2914 4152; x_wconf 86' lang='lat' dir='ltr'><strong><em>esse,</em></strong></span> <span class='ocrx_word' id='word_1_815' title='bbox 2951 4088 3044 4142; x_wconf 88' lang='lat' dir='ltr'><strong><em>sed</em></strong></span> <span class='ocrx_word' id='word_1_816' title='bbox 3065 4088 3226 4143; x_wconf 89' lang='lat' dir='ltr'><strong><em>etiam</em></strong></span> <span class='ocrx_word' id='word_1_817' title='bbox 3259 4089 3612 4157; x_wconf 88' lang='lat' dir='ltr'><strong><em>superiorem,</em></strong></span> 
     </span>
    </p>
   </div>
   <div class='ocr_carea' id='block_1_102' title="bbox 2033 4180 3613 4251">
    <p class='ocr_par' dir='ltr' id='par_1_102' title="bbox 2033 4180 3613 4251">
     <span class='ocr_line' id='line_1_102' title="bbox 2033 4180 3613 4251; baseline -0.003 -15"><span class='ocrx_word' id='word_1_818' title='bbox 2033 4197 2151 4251; x_wconf 74' lang='lat' dir='ltr'><strong><em>qua:</em></strong></span> <span class='ocrx_word' id='word_1_819' title='bbox 2189 4197 2292 4234; x_wconf 80' lang='lat' dir='ltr'><strong><em>vox</em></strong></span> <span class='ocrx_word' id='word_1_820' title='bbox 2330 4195 2574 4250; x_wconf 83' lang='lat' dir='ltr'><strong><em>magnam</em></strong></span> <span class='ocrx_word' id='word_1_821' title='bbox 2605 4182 2963 4248; x_wconf 67' lang='lat' dir='ltr'><strong><em>praestantiam</em></strong></span> <span class='ocrx_word' id='word_1_822' title='bbox 3011 4180 3235 4243; x_wconf 89' lang='lat' dir='ltr'><strong><em>indicat;</em></strong></span> <span class='ocrx_word' id='word_1_823' title='bbox 3263 4191 3450 4234; x_wconf 88' lang='lat' dir='ltr'><strong><em>etnon</em></strong></span> <span class='ocrx_word' id='word_1_824' title='bbox 3472 4194 3613 4248; x_wconf 78' lang='lat' dir='ltr'><strong><em>aegre</em></strong></span> 
     </span>
    </p>
   </div>
   <div class='ocr_carea' id='block_1_103' title="bbox 2035 4270 3611 4342">
    <p class='ocr_par' dir='ltr' id='par_1_103' title="bbox 2035 4270 3611 4342">
     <span class='ocr_line' id='line_1_103' title="bbox 2035 4270 3611 4342; baseline 0 -18"><span class='ocrx_word' id='word_1_825' title='bbox 2035 4272 2176 4326; x_wconf 77' lang='lat' dir='ltr'><strong><em>feres</em></strong></span> <span class='ocrx_word' id='word_1_826' title='bbox 2203 4287 2375 4342; x_wconf 89' lang='lat' dir='ltr'><strong><em>neque</em></strong></span> <span class='ocrx_word' id='word_1_827' title='bbox 2404 4272 2629 4338; x_wconf 89' lang='lat' dir='ltr'><strong><em>dolebis,</em></strong></span> <span class='ocrx_word' id='word_1_828' title='bbox 2669 4272 2712 4324; x_wconf 87' lang='lat' dir='ltr'><strong><em>si</em></strong></span> <span class='ocrx_word' id='word_1_829' title='bbox 2742 4271 2888 4325; x_wconf 86' lang='lat' dir='ltr'><strong><em>illum</em></strong></span> <span class='ocrx_word' id='word_1_830' title='bbox 2925 4271 2980 4324; x_wconf 90' lang='lat' dir='ltr'><strong><em>in</em></strong></span> <span class='ocrx_word' id='word_1_831' title='bbox 3017 4271 3222 4326; x_wconf 90' lang='lat' dir='ltr'><strong><em>honore</em></strong></span> <span class='ocrx_word' id='word_1_832' title='bbox 3248 4286 3367 4324; x_wconf 88' lang='lat' dir='ltr'><strong><em>esse</em></strong></span> <span class='ocrx_word' id='word_1_833' title='bbox 3397 4270 3611 4335; x_wconf 88' lang='lat' dir='ltr'><strong><em>videas;</em></strong></span> 
     </span>
    </p>
   </div>
   <div class='ocr_carea' id='block_1_104' title="bbox 2032 4361 3612 4434">
    <p class='ocr_par' dir='ltr' id='par_1_104' title="bbox 2032 4361 3612 4434">
     <span class='ocr_line' id='line_1_104' title="bbox 2032 4361 3612 4434; baseline -0.003 -16"><span class='ocrx_word' id='word_1_834' title='bbox 2032 4373 2086 4418; x_wconf 92' lang='lat' dir='ltr'><strong><em>et</em></strong></span> <span class='ocrx_word' id='word_1_835' title='bbox 2115 4366 2158 4418; x_wconf 91' lang='lat' dir='ltr'><strong><em>si</em></strong></span> <span class='ocrx_word' id='word_1_836' title='bbox 2197 4364 2574 4418; x_wconf 84' lang='lat' dir='ltr'><strong><em>contumeliam</em></strong></span> <span class='ocrx_word' id='word_1_837' title='bbox 2627 4363 2899 4428; x_wconf 89' lang='lat' dir='ltr'><strong><em>intulerit,</em></strong></span> <span class='ocrx_word' id='word_1_838' title='bbox 2926 4377 3187 4434; x_wconf 87' lang='lat' dir='ltr'><strong><em>generose</em></strong></span> <span class='ocrx_word' id='word_1_839' title='bbox 3231 4361 3408 4417; x_wconf 84' lang='lat' dir='ltr'><strong><em>feres:</em></strong></span> <span class='ocrx_word' id='word_1_840' title='bbox 3441 4362 3612 4430; x_wconf 88' lang='lat' dir='ltr'><strong><em>ipsum</em></strong></span> 
     </span>
    </p>
   </div>
   <div class='ocr_carea' id='block_1_105' title="bbox 2032 4452 3619 4524">
    <p class='ocr_par' dir='ltr' id='par_1_105' title="bbox 2032 4452 3619 4524">
     <span class='ocr_line' id='line_1_105' title="bbox 2032 4452 3619 4524; baseline -0.004 -12"><span class='ocrx_word' id='word_1_841' title='bbox 2032 4458 2176 4512; x_wconf 90' lang='lat' dir='ltr'><strong><em>enim</em></strong></span> <span class='ocrx_word' id='word_1_842' title='bbox 2207 4456 2463 4524; x_wconf 84' lang='lat' dir='ltr'><strong><em>majorem</em></strong></span> <span class='ocrx_word' id='word_1_843' title='bbox 2488 4465 2539 4510; x_wconf 90' lang='lat' dir='ltr'><strong><em>te</em></strong></span> <span class='ocrx_word' id='word_1_844' title='bbox 2567 4455 2916 4509; x_wconf 84' lang='lat' dir='ltr'><strong><em>existimasti:</em></strong></span> <span class='ocrx_word' id='word_1_845' title='bbox 2954 4463 3007 4509; x_wconf 89' lang='lat' dir='ltr'><strong><em>et</em></strong></span> <span class='ocrx_word' id='word_1_846' title='bbox 3029 4455 3073 4507; x_wconf 91' lang='lat' dir='ltr'><strong><em>si</em></strong></span> <span class='ocrx_word' id='word_1_847' title='bbox 3095 4453 3350 4507; x_wconf 87' lang='lat' dir='ltr'><strong><em>conviciis</em></strong></span> <span class='ocrx_word' id='word_1_848' title='bbox 3375 4452 3619 4521; x_wconf 86' lang='lat' dir='ltr'><strong><em>appetie-</em></strong></span> 
     </span>
    </p>
   </div>
   <div class='ocr_carea' id='block_1_106' title="bbox 2033 4545 3612 4618">
    <p class='ocr_par' dir='ltr' id='par_1_106' title="bbox 2033 4545 3612 4618">
     <span class='ocr_line' id='line_1_106' title="bbox 2033 4545 3612 4618; baseline -0.004 -16"><span class='ocrx_word' id='word_1_849' title='bbox 2033 4550 2136 4610; x_wconf 90' lang='lat' dir='ltr'><strong><em>rit,</em></strong></span> <span class='ocrx_word' id='word_1_850' title='bbox 2163 4563 2367 4603; x_wconf 87' lang='lat' dir='ltr'><strong><em>morem</em></strong></span> <span class='ocrx_word' id='word_1_851' title='bbox 2416 4563 2610 4618; x_wconf 86' lang='lat' dir='ltr'><strong><em>geres;</em></strong></span> <span class='ocrx_word' id='word_1_852' title='bbox 2641 4557 2694 4600; x_wconf 80' lang='lat' dir='ltr'><strong><em>et</em></strong></span> <span class='ocrx_word' id='word_1_853' title='bbox 2737 4549 2777 4598; x_wconf 66' lang='lat' dir='ltr'><strong><em>si</em></strong></span> <span class='ocrx_word' id='word_1_854' title='bbox 2823 4545 3170 4607; x_wconf 84' lang='lat' dir='ltr'><strong><em>malefecerit,</em></strong></span> <span class='ocrx_word' id='word_1_855' title='bbox 3216 4545 3406 4599; x_wconf 85' lang='lat' dir='ltr'><strong><em>tacitus</em></strong></span> <span class='ocrx_word' id='word_1_856' title='bbox 3451 4545 3612 4599; x_wconf 82' lang='lat' dir='ltr'><strong><em>feres.</em></strong></span> 
     </span>
    </p>
   </div>
   <div class='ocr_carea' id='block_1_107' title="bbox 2032 4638 3616 4708">
    <p class='ocr_par' dir='ltr' id='par_1_107' title="bbox 2032 4638 3616 4708">
     <span class='ocr_line' id='line_1_107' title="bbox 2032 4638 3616 4708; baseline 0 -16"><span class='ocrx_word' id='word_1_857' title='bbox 2032 4640 2256 4706; x_wconf 89' lang='lat' dir='ltr'><strong><em>Quando</em></strong></span> <span class='ocrx_word' id='word_1_858' title='bbox 2277 4643 2422 4694; x_wconf 90' lang='lat' dir='ltr'><strong><em>enim</em></strong></span> <span class='ocrx_word' id='word_1_859' title='bbox 2448 4640 2613 4694; x_wconf 89' lang='lat' dir='ltr'><strong><em>semel</em></strong></span> <span class='ocrx_word' id='word_1_860' title='bbox 2630 4640 2732 4693; x_wconf 90' lang='lat' dir='ltr'><strong><em>hoc</em></strong></span> <span class='ocrx_word' id='word_1_861' title='bbox 2763 4639 2862 4691; x_wconf 90' lang='lat' dir='ltr'><strong><em>sibi</em></strong></span> <span class='ocrx_word' id='word_1_862' title='bbox 2891 4639 3066 4692; x_wconf 87' lang='lat' dir='ltr'><strong><em>anima</em></strong></span> <span class='ocrx_word' id='word_1_863' title='bbox 3092 4638 3306 4708; x_wconf 87' lang='lat' dir='ltr'><strong><em>penitus</em></strong></span> <span class='ocrx_word' id='word_1_864' title='bbox 3334 4653 3616 4706; x_wconf 78' lang='lat' dir='ltr'><strong><em>persuase-</em></strong></span> 
     </span>
    </p>
   </div>
   <div class='ocr_carea' id='block_1_108' title="bbox 2031 4732 3612 4801">
    <p class='ocr_par' dir='ltr' id='par_1_108' title="bbox 2031 4732 3612 4801">
     <span class='ocr_line' id='line_1_108' title="bbox 2031 4732 3612 4801; baseline -0.003 -12"><span class='ocrx_word' id='word_1_865' title='bbox 2031 4737 2118 4796; x_wconf 85' lang='lat' dir='ltr'><strong><em>rit,</em></strong></span> <span class='ocrx_word' id='word_1_866' title='bbox 2148 4749 2266 4788; x_wconf 88' lang='lat' dir='ltr'><strong><em>esse</em></strong></span> <span class='ocrx_word' id='word_1_867' title='bbox 2296 4734 2550 4801; x_wconf 86' lang='lat' dir='ltr'><strong><em>majorem</em></strong></span> <span class='ocrx_word' id='word_1_868' title='bbox 2575 4749 2589 4797; x_wconf 89' lang='lat'><strong><em>;</em></strong></span> <span class='ocrx_word' id='word_1_869' title='bbox 2624 4749 2727 4788; x_wconf 90' lang='lat' dir='ltr'><strong><em>non</em></strong></span> <span class='ocrx_word' id='word_1_870' title='bbox 2753 4733 3041 4801; x_wconf 90' lang='lat' dir='ltr'><strong><em>impellitur</em></strong></span> <span class='ocrx_word' id='word_1_871' title='bbox 3061 4733 3126 4785; x_wconf 90' lang='lat' dir='ltr'><strong><em>ad</em></strong></span> <span class='ocrx_word' id='word_1_872' title='bbox 3154 4732 3309 4798; x_wconf 89' lang='lat' dir='ltr'><strong><em>iram,</em></strong></span> <span class='ocrx_word' id='word_1_873' title='bbox 3330 4732 3375 4785; x_wconf 90' lang='lat' dir='ltr'><strong><em>si</em></strong></span> <span class='ocrx_word' id='word_1_874' title='bbox 3402 4732 3468 4784; x_wconf 89' lang='lat' dir='ltr'><strong><em>ab</em></strong></span> <span class='ocrx_word' id='word_1_875' title='bbox 3495 4732 3612 4801; x_wconf 85' lang='lat' dir='ltr'><strong><em>ipso</em></strong></span> 
     </span>
    </p>
   </div>
   <div class='ocr_carea' id='block_1_109' title="bbox 2033 4824 3615 4894">
    <p class='ocr_par' dir='ltr' id='par_1_109' title="bbox 2033 4824 3615 4894">
     <span class='ocr_line' id='line_1_109' title="bbox 2033 4824 3615 4894; baseline -0.001 -15"><span class='ocrx_word' id='word_1_876' title='bbox 2033 4827 2172 4880; x_wconf 89' lang='lat' dir='ltr'><strong><em>male</em></strong></span> <span class='ocrx_word' id='word_1_877' title='bbox 2193 4826 2508 4894; x_wconf 88' lang='lat' dir='ltr'><strong><em>accipiatur,</em></strong></span> <span class='ocrx_word' id='word_1_878' title='bbox 2543 4842 2647 4879; x_wconf 88' lang='lat' dir='ltr'><strong><em>non</em></strong></span> <span class='ocrx_word' id='word_1_879' title='bbox 2673 4825 2738 4878; x_wconf 90' lang='lat' dir='ltr'><strong><em>ad</em></strong></span> <span class='ocrx_word' id='word_1_880' title='bbox 2766 4824 3039 4878; x_wconf 88' lang='lat' dir='ltr'><strong><em>invidiam.</em></strong></span> <span class='ocrx_word' id='word_1_881' title='bbox 3065 4825 3134 4879; x_wconf 88' lang='lat' dir='ltr'><strong><em>lis</em></strong></span> <span class='ocrx_word' id='word_1_882' title='bbox 3166 4825 3310 4879; x_wconf 88' lang='lat' dir='ltr'><strong><em>enim</em></strong></span> <span class='ocrx_word' id='word_1_883' title='bbox 3338 4825 3428 4893; x_wconf 90' lang='lat' dir='ltr'><strong><em>qui</em></strong></span> <span class='ocrx_word' id='word_1_884' title='bbox 3459 4824 3615 4878; x_wconf 85' lang='lat' dir='ltr'><strong><em>valde</em></strong></span> 
     </span>
    </p>
   </div>
   <div class='ocr_carea' id='block_1_110' title="bbox 2032 4915 3609 4986">
    <p class='ocr_par' dir='ltr' id='par_1_110' title="bbox 2032 4915 3609 4986">
     <span class='ocr_line' id='line_1_110' title="bbox 2032 4915 3609 4986; baseline -0.002 -16"><span class='ocrx_word' id='word_1_885' title='bbox 2032 4925 2301 4986; x_wconf 68' lang='lat' dir='ltr'><strong><em>praestant,</em></strong></span> <span class='ocrx_word' id='word_1_886' title='bbox 2323 4933 2476 4970; x_wconf 89' lang='lat' dir='ltr'><strong><em>nemo</em></strong></span> <span class='ocrx_word' id='word_1_887' title='bbox 2497 4916 2772 4971; x_wconf 83' lang='lat' dir='ltr'><strong><em>inviderit:</em></strong></span> <span class='ocrx_word' id='word_1_888' title='bbox 2799 4916 2913 4971; x_wconf 69' lang='lat' dir='ltr'><strong><em>1)ch</em></strong></span> <span class='ocrx_word' id='word_1_889' title='bbox 2934 4915 3074 4970; x_wconf 87' lang='lat' dir='ltr'><strong><em>enim</em></strong></span> <span class='ocrx_word' id='word_1_890' title='bbox 3092 4915 3268 4969; x_wconf 90' lang='lat' dir='ltr'><strong><em>omnia</em></strong></span> <span class='ocrx_word' id='word_1_891' title='bbox 3287 4915 3609 4985; x_wconf 67' lang='lat' dir='ltr'><strong><em>praestantia:</em></strong></span> 
     </span>
    </p>
   </div>
   <div class='ocr_carea' id='block_1_111' title="bbox 2031 5010 2566 5078">
    <p class='ocr_par' dir='ltr' id='par_1_111' title="bbox 2031 5010 2566 5078">
     <span class='ocr_line' id='line_1_111' title="bbox 2031 5010 2566 5078; baseline 0 -14"><span class='ocrx_word' id='word_1_892' title='bbox 2031 5012 2174 5065; x_wconf 92' lang='lat' dir='ltr'><strong><em>illius</em></strong></span> <span class='ocrx_word' id='word_1_893' title='bbox 2196 5010 2378 5065; x_wconf 87' lang='lat' dir='ltr'><strong><em>deberi</em></strong></span> <span class='ocrx_word' id='word_1_894' title='bbox 2399 5019 2566 5078; x_wconf 88' lang='lat' dir='ltr'><strong><em>putat.</em></strong></span> 
     </span>
    </p>
   </div>
   <div class='ocr_carea' id='block_1_112' title="bbox 2101 5101 3604 5173">
    <p class='ocr_par' dir='ltr' id='par_1_112' title="bbox 2101 5101 3604 5173">
     <span class='ocr_line' id='line_1_112' title="bbox 2101 5101 3604 5173; baseline 0 -18"><span class='ocrx_word' id='word_1_895' title='bbox 2101 5105 2156 5156; x_wconf 73' lang='grc'><strong>2.</strong></span> <span class='ocrx_word' id='word_1_896' title='bbox 2191 5105 2283 5158; x_wconf 89' lang='lat' dir='ltr'><strong><em>llis</em></strong></span> <span class='ocrx_word' id='word_1_897' title='bbox 2313 5105 2469 5173; x_wconf 86' lang='lat' dir='ltr'><strong><em>igitur</em></strong></span> <span class='ocrx_word' id='word_1_898' title='bbox 2498 5104 2677 5158; x_wconf 90' lang='lat' dir='ltr'><strong><em>verbis</em></strong></span> <span class='ocrx_word' id='word_1_899' title='bbox 2698 5105 2847 5158; x_wconf 89' lang='lat' dir='ltr'><strong><em>docet</em></strong></span> <span class='ocrx_word' id='word_1_900' title='bbox 2876 5103 3032 5165; x_wconf 84' lang='lat' dir='ltr'><strong><em>talem</em></strong></span> <span class='ocrx_word' id='word_1_901' title='bbox 3062 5103 3295 5157; x_wconf 88' lang='lat' dir='ltr'><strong><em>animum</em></strong></span> <span class='ocrx_word' id='word_1_902' title='bbox 3312 5101 3604 5170; x_wconf 88' lang='lat' dir='ltr'><strong><em>suscipere.</em></strong></span> 
     </span>
    </p>
   </div>
   <div class='ocr_carea' id='block_1_113' title="bbox 2033 5193 3610 5266">
    <p class='ocr_par' dir='ltr' id='par_1_113' title="bbox 2033 5193 3610 5266">
     <span class='ocr_line' id='line_1_113' title="bbox 2033 5193 3610 5266; baseline -0.005 -14"><span class='ocrx_word' id='word_1_903' title='bbox 2033 5199 2187 5266; x_wconf 89' lang='lat' dir='ltr'><strong><em>Quod</em></strong></span> <span class='ocrx_word' id='word_1_904' title='bbox 2211 5199 2254 5252; x_wconf 92' lang='lat' dir='ltr'><strong><em>si</em></strong></span> <span class='ocrx_word' id='word_1_905' title='bbox 2277 5199 2510 5253; x_wconf 90' lang='lat' dir='ltr'><strong><em>vicissim</em></strong></span> <span class='ocrx_word' id='word_1_906' title='bbox 2543 5198 2632 5251; x_wconf 92' lang='lat' dir='ltr'><strong><em>illo</em></strong></span> <span class='ocrx_word' id='word_1_907' title='bbox 2657 5207 2803 5253; x_wconf 91' lang='lat' dir='ltr'><strong><em>tanto</em></strong></span> <span class='ocrx_word' id='word_1_908' title='bbox 2819 5197 2914 5251; x_wconf 90' lang='lat' dir='ltr'><strong><em>abs</em></strong></span> <span class='ocrx_word' id='word_1_909' title='bbox 2945 5206 2995 5250; x_wconf 89' lang='lat' dir='ltr'><strong><em>te</em></strong></span> <span class='ocrx_word' id='word_1_910' title='bbox 3018 5197 3222 5250; x_wconf 90' lang='lat' dir='ltr'><strong><em>honore</em></strong></span> <span class='ocrx_word' id='word_1_911' title='bbox 3251 5194 3492 5255; x_wconf 77' lang='lat' dir='ltr'><strong><em>allectus,</em></strong></span> <span class='ocrx_word' id='word_1_912' title='bbox 3525 5193 3610 5244; x_wconf 88' lang='lat' dir='ltr'><strong><em>in-</em></strong></span> 
     </span>
    </p>
   </div>
   <div class='ocr_carea' id='block_1_114' title="bbox 2033 5283 3609 5360">
    <p class='ocr_par' dir='ltr' id='par_1_114' title="bbox 2033 5283 3609 5360">
     <span class='ocr_line' id='line_1_114' title="bbox 2033 5283 3609 5360; baseline -0.008 -15"><span class='ocrx_word' id='word_1_913' title='bbox 2033 5293 2167 5360; x_wconf 91' lang='lat' dir='ltr'><strong><em>quit,</em></strong></span> <span class='ocrx_word' id='word_1_914' title='bbox 2197 5291 2444 5345; x_wconf 87' lang='lat' dir='ltr'><strong><em>eumdem</em></strong></span> <span class='ocrx_word' id='word_1_915' title='bbox 2470 5305 2594 5359; x_wconf 84' lang='lat' dir='ltr'><strong><em>erga</em></strong></span> <span class='ocrx_word' id='word_1_916' title='bbox 2620 5299 2673 5344; x_wconf 90' lang='lat' dir='ltr'><strong><em>te</em></strong></span> <span class='ocrx_word' id='word_1_917' title='bbox 2693 5289 2928 5342; x_wconf 89' lang='lat' dir='ltr'><strong><em>animum</em></strong></span> <span class='ocrx_word' id='word_1_918' title='bbox 2950 5286 3280 5356; x_wconf 87' lang='lat' dir='ltr'><strong><em>susceperit;</em></strong></span> <span class='ocrx_word' id='word_1_919' title='bbox 3312 5284 3483 5352; x_wconf 85' lang='lat' dir='ltr'><strong><em>cogita</em></strong></span> <span class='ocrx_word' id='word_1_920' title='bbox 3510 5283 3609 5335; x_wconf 84' lang='lat' dir='ltr'><strong><em>du-</em></strong></span> 
     </span>
    </p>
   </div>
   <div class='ocr_carea' id='block_1_115' title="bbox 2033 5375 3609 5452">
    <p class='ocr_par' dir='ltr' id='par_1_115' title="bbox 2033 5375 3609 5452">
     <span class='ocr_line' id='line_1_115' title="bbox 2033 5375 3609 5452; baseline -0.006 -16"><span class='ocrx_word' id='word_1_921' title='bbox 2033 5383 2154 5452; x_wconf 86' lang='lat' dir='ltr'><strong><em>plici</em></strong></span> <span class='ocrx_word' id='word_1_922' title='bbox 2173 5383 2320 5452; x_wconf 89' lang='lat' dir='ltr'><strong><em>quasi</em></strong></span> <span class='ocrx_word' id='word_1_923' title='bbox 2346 5396 2499 5434; x_wconf 89' lang='lat' dir='ltr'><strong><em>muro</em></strong></span> <span class='ocrx_word' id='word_1_924' title='bbox 2520 5382 2702 5434; x_wconf 79' lang='lat' dir='ltr'><strong><em>fultam</em></strong></span> <span class='ocrx_word' id='word_1_925' title='bbox 2719 5394 2839 5434; x_wconf 88' lang='lat' dir='ltr'><strong><em>esse</em></strong></span> <span class='ocrx_word' id='word_1_926' title='bbox 2857 5380 3330 5448; x_wconf 72' lang='lat' dir='ltr'><strong><em>:equanimitatem.</em></strong></span> <span class='ocrx_word' id='word_1_927' title='bbox 3346 5375 3609 5441; x_wconf 88' lang='lat' dir='ltr'><strong><em>Quamdiu</em></strong></span> 
     </span>
    </p>
   </div>
   <div class='ocr_carea' id='block_1_116' title="bbox 2032 5467 3609 5544">
    <p class='ocr_par' dir='ltr' id='par_1_116' title="bbox 2032 5467 3609 5544">
     <span class='ocr_line' id='line_1_116' title="bbox 2032 5467 3609 5544; baseline -0.008 -14"><span class='ocrx_word' id='word_1_928' title='bbox 2032 5478 2174 5531; x_wconf 86' lang='lat' dir='ltr'><strong><em>enim</em></strong></span> <span class='ocrx_word' id='word_1_929' title='bbox 2207 5484 2432 5544; x_wconf 87' lang='lat' dir='ltr'><strong><em>uterque</em></strong></span> <span class='ocrx_word' id='word_1_930' title='bbox 2456 5485 2737 5544; x_wconf 88' lang='lat' dir='ltr'><strong><em>utrumque</em></strong></span> <span class='ocrx_word' id='word_1_931' title='bbox 2774 5474 2978 5528; x_wconf 88' lang='lat' dir='ltr'><strong><em>honore</em></strong></span> <span class='ocrx_word' id='word_1_932' title='bbox 3005 5473 3194 5540; x_wconf 87' lang='lat' dir='ltr'><strong><em>dignos</em></strong></span> <span class='ocrx_word' id='word_1_933' title='bbox 3226 5468 3445 5538; x_wconf 78' lang='lat' dir='ltr'><strong><em>putatis,</em></strong></span> <span class='ocrx_word' id='word_1_934' title='bbox 3477 5467 3609 5521; x_wconf 88' lang='lat' dir='ltr'><strong><em>nihil</em></strong></span> 
     </span>
    </p>
   </div>
   <div class='ocr_carea' id='block_1_117' title="bbox 2034 5558 3614 5637">
    <p class='ocr_par' dir='ltr' id='par_1_117' title="bbox 2034 5558 3614 5637">
     <span class='ocr_line' id='line_1_117' title="bbox 2034 5558 3614 5637; baseline -0.008 -15"><span class='ocrx_word' id='word_1_935' title='bbox 2034 5583 2285 5637; x_wconf 89' lang='lat' dir='ltr'><strong><em>umquam</em></strong></span> <span class='ocrx_word' id='word_1_936' title='bbox 2316 5568 2559 5623; x_wconf 88' lang='lat' dir='ltr'><strong><em>accidere</em></strong></span> <span class='ocrx_word' id='word_1_937' title='bbox 2585 5567 2795 5623; x_wconf 87' lang='lat' dir='ltr'><strong><em>molesti</em></strong></span> <span class='ocrx_word' id='word_1_938' title='bbox 2828 5575 3019 5636; x_wconf 89' lang='lat' dir='ltr'><strong><em>potest.</em></strong></span> <span class='ocrx_word' id='word_1_939' title='bbox 3062 5563 3194 5617; x_wconf 82' lang='lat' dir='ltr'><strong><em>Nam</em></strong></span> <span class='ocrx_word' id='word_1_940' title='bbox 3233 5561 3276 5614; x_wconf 91' lang='lat' dir='ltr'><strong><em>si</em></strong></span> <span class='ocrx_word' id='word_1_941' title='bbox 3307 5560 3408 5613; x_wconf 91' lang='lat' dir='ltr'><strong><em>hoc</em></strong></span> <span class='ocrx_word' id='word_1_942' title='bbox 3427 5559 3511 5612; x_wconf 90' lang='lat' dir='ltr'><strong><em>vel</em></strong></span> <span class='ocrx_word' id='word_1_943' title='bbox 3545 5558 3614 5610; x_wconf 91' lang='lat' dir='ltr'><strong><em>ab</em></strong></span> 
     </span>
    </p>
   </div>
   <div class='ocr_carea' id='block_1_118' title="bbox 2030 5653 3614 5731">
    <p class='ocr_par' dir='ltr' id='par_1_118' title="bbox 2030 5653 3614 5731">
     <span class='ocr_line' id='line_1_118' title="bbox 2030 5653 3614 5731; baseline -0.008 -17"><span class='ocrx_word' id='word_1_944' title='bbox 2030 5661 2201 5716; x_wconf 90' lang='lat' dir='ltr'><strong><em>altero</em></strong></span> <span class='ocrx_word' id='word_1_945' title='bbox 2230 5659 2509 5716; x_wconf 81' lang='lat' dir='ltr'><strong><em>dumtaxat</em></strong></span> <span class='ocrx_word' id='word_1_946' title='bbox 2538 5660 2831 5731; x_wconf 76' lang='lat' dir='ltr'><strong><em>przestitum</em></strong></span> <span class='ocrx_word' id='word_1_947' title='bbox 2861 5657 2994 5710; x_wconf 86' lang='lat' dir='ltr'><strong><em>satis</em></strong></span> <span class='ocrx_word' id='word_1_948' title='bbox 3024 5665 3108 5710; x_wconf 91' lang='lat' dir='ltr'><strong><em>est</em></strong></span> <span class='ocrx_word' id='word_1_949' title='bbox 3132 5653 3196 5707; x_wconf 90' lang='lat' dir='ltr'><strong><em>ad</em></strong></span> <span class='ocrx_word' id='word_1_950' title='bbox 3228 5666 3441 5705; x_wconf 86' lang='lat' dir='ltr'><strong><em>omnem</em></strong></span> <span class='ocrx_word' id='word_1_951' title='bbox 3483 5665 3614 5704; x_wconf 90' lang='lat' dir='ltr'><strong><em>con-</em></strong></span> 
     </span>
    </p>
   </div>
   <div class='ocr_carea' id='block_1_119' title="bbox 2031 5747 3619 5821">
    <p class='ocr_par' dir='ltr' id='par_1_119' title="bbox 2031 5747 3619 5821">
     <span class='ocr_line' id='line_1_119' title="bbox 2031 5747 3619 5821; baseline -0.009 -11"><span class='ocrx_word' id='word_1_952' title='bbox 2031 5764 2322 5811; x_wconf 87' lang='lat' dir='ltr'><strong><em>tentionem</em></strong></span> <span class='ocrx_word' id='word_1_953' title='bbox 2352 5751 2670 5815; x_wconf 87' lang='lat' dir='ltr'><strong><em>tollendam;</em></strong></span> <span class='ocrx_word' id='word_1_954' title='bbox 2699 5749 2912 5821; x_wconf 88' lang='lat' dir='ltr'><strong><em>quando</em></strong></span> <span class='ocrx_word' id='word_1_955' title='bbox 2937 5747 3005 5802; x_wconf 90' lang='lat' dir='ltr'><strong><em>ab</em></strong></span> <span class='ocrx_word' id='word_1_956' title='bbox 3033 5747 3271 5812; x_wconf 86' lang='lat' dir='ltr'><strong><em>utrisque</em></strong></span> <span class='ocrx_word' id='word_1_957' title='bbox 3312 5751 3619 5813; x_wconf 66' lang='lat' dir='ltr'><strong><em>prtestatur,</em></strong></span> 
     </span>
    </p>
   </div>
   <div class='ocr_carea' id='block_1_120' title="bbox 3187 5841 3260 5906">
    <p class='ocr_par' dir='ltr' id='par_1_120' title="bbox 3187 5841 3260 5906">
     <span class='ocr_line' id='line_1_120' title="bbox 3187 5841 3260 5906; baseline -0.027 0"><span class='ocrx_word' id='word_1_958' title='bbox 3187 5841 3260 5906; x_wconf 65' lang='lat' dir='ltr'><strong><em>ib</em></strong></span> 
     </span>
    </p>
   </div>
  </div>
