4108 6410
456 311 592 367 ’1315

488 428 607 500 quis
636 426 773 480 hanc
808 422 1158 478 munitionem
1201 418 1539 489 perrumpet?
1590 416 1667 471 Ne
1709 416 1820 485 ipse
1844 413 2062 483 quidem

490 518 737 573 diabolus
762 535 775 571 :
806 514 1000 586 triplici
1020 513 1159 568 enim
1188 521 1241 566 et
1260 510 1589 580 quadruplici
1617 523 1792 574 muro,
1825 516 1982 577 alque
1999 521 2064 560 eo

492 612 721 681 amplius
746 609 874 663 fulta
904 617 984 662 est
1012 621 1126 660 arx.
1170 604 1417 659 Omnium
1440 604 1580 657 enim
1613 602 1869 655 bonorum
1901 612 2059 652 causa

489 716 570 757 est
592 702 883 755 humilitas.
903 698 1055 765 Quod
1082 707 1137 750 ut
1156 698 1225 751 ita
1248 711 1365 750 esse
1382 695 1573 757 discas,
1600 692 1721 746 audi
1752 690 2061 761 prophetam

490 797 752 849 dicentem
777 813 796 844 .·
833 794 1085 859 Quoniam
1111 792 1153 845 si
1174 790 1476 855 sacriﬁcium
1505 788 1763 848 voluisses,
1812 784 2060 837 dedissem

492 888 659 956 utique
686 902 704 939 :
748 886 1055 938 holocaustis
1087 899 1186 936 non
1231 878 1571 934 delectaberis.
1605 877 1928 943 Sacri/icium
1954 874 2063 928 Deo

490 978 697 1049 spiritus
742 974 1103 1031 contribulatus
1129 991 1146 1027 :
1206 981 1296 1026 ’eor
1343 972 1609 1026 contritum
1655 979 1702 1023 et
1745 968 2065 1022 humiliatum

492 1070 629 1124 Deus
660 1086 759 1122 non
789 1067 1027 1136 despiciet
1053 1066 1071 1137 (
1105 1065 1245 1119 l’sal.
1277 1065 1364 1119 50.
1400 1063 1486 1117 18.
1518 1060 1632 1131 1⁷9).
1660 1059 1775 1114 Non
1822 1059 2064 1113 absolute

492 1163 736 1233 quamvis
760 1160 1135 1221 humilitatem,
1165 1155 1258 1211 sed
1284 1156 1633 1209 intentionem
1661 1151 1943 1221 quamdam
1973 1149 2066 1203 hu-

493 1252 730 1308 militatis
758 1252 989 1321 postulat
1024 1263 1075 1304 et
1118 1250 1299 1319 exigit.
1356 1247 1488 1301 Nam
1515 1242 1959 1315 quemadmodum
2009 1242 2061 1295 in

490 1344 805 1414 corporibus
823 1343 961 1411 quod
990 1341 1277 1395 contritum
1309 1348 1409 1404 est,
1438 1350 1725 1405 numquam
1753 1333 1923 1388 solido
1943 1348 2065 1388 cor-

493 1436 606 1502 pori
639 1433 1007 1499 rcluctabitur,
1040 1431 1133 1486 sed
1160 1438 1419 1501 quotquot
1439 1428 1617 1497 gravia
1640 1426 1888 1495 patiatur,
1917 1424 2065 1493 prius

486 1526 666 1595 ipsum
715 1524 988 1587 interibit,
1039 1538 1195 1592 quam
1229 1522 1280 1575 in
1310 1520 1535 1574 alterum
1571 1518 1738 1572 irruat
1768 1533 1781 1569 :
1827 1515 1896 1569 ita
1928 1522 1984 1569 et
2012 1514 2065 1568 in

494 1619 713 1672 anima:
766 1617 925 1687 eliget
954 1616 1095 1670 enim
1138 1614 1311 1682 potius
1350 1620 1605 1681 perpetuo
1650 1609 1789 1664 male
1844 1615 2066 1675 excepta

493 1723 719 1767 mortem
745 1712 903 1765 etiam
931 1710 1101 1774 obire,
1128 1723 1284 1777 quam
1307 1707 1603 1773 irrumpere
1623 1713 1676 1758 et
1696 1701 1901 1756 ulcisci.
1924 1701 2068 1767 Quo-

491 1822 661 1877 usque
690 1804 1012 1876 spirabimus
1039 1802 1260 1872 Spiritus
1287 1799 1421 1854 istos
1448 1796 1740 1853 ridiculos?
1768 1795 1899 1850 Nam
1928 1794 2067 1849 sicut

494 1914 693 1969 pueros
723 1898 765 1951 si
792 1896 1069 1949 videamus
1090 1909 1209 1948 sese
1231 1892 1420 1948 efferre
1450 1898 1504 1946 et
1531 1888 1833 1960 superbire,
1851 1886 2064 1942 etiamsi

492 1992 719 2061 lapidem
742 1986 1237 2056 tollantetjnciant,
1265 1985 1497 2039 ridemus
1527 2001 1539 2034 :
1570 1983 1637 2035 ita
1662 1981 1889 2035 humana
1914 1993 2065 2032 arro—

493 2086 671 2153 gantia
722 2081 939 2150 puerilis
998 2079 1225 2139 mentis,
1291 2075 1483 2130 infirmi
1536 2072 1697 2126 animi
1745 2071 1921 2139 proles
1963 2078 2064 2123 est.

498 2175 634 2239 Quid
677 2172 1077 2243 superbis,terra
1123 2181 1168 2224 et
1200 2170 1325 2222 cinis
1357 2167 1543 2239 (Eceli.
1574 2166 1661 2221 10.
1690 2163 1801 2235 9)?
1850 2164 2066 2233 Magnos

494 2268 713 2336 Spiritus
743 2266 928 2329 sumis,
961 2262 1159 2317 homo?
1188 2260 1525 2332 quare?qua:
1551 2258 1780 2314 utilitas?
1804 2256 1888 2311 die
1912 2253 2066 2315 mihi;

492 2361 633 2415 unde
661 2373 789 2413 vero
820 2371 1040 2427 magnos
1072 2355 1289 2424 spiritus
1314 2353 1482 2407 sumis
1526 2352 1579 2405 in
1610 2365 1704 2405 eos
1733 2349 1893 2403 etiam
1916 2389 1929 2411 ,
1976 2349 2065 2419 qui

493 2452 730 2521 ejusdem
765 2457 889 2504 sunt
921 2446 1164 2501 ordinis?
1189 2460 1291 2498 non
1323 2441 1560 2513 ejusdem
1596 2441 1858 2510 particeps
1887 2454 1946 2494 es
1969 2456 2068 2493 na-

494 2542 663 2595 turm?
695 2555 800 2594 non
827 2536 1064 2609 ejusdem
1103 2534 1330 2589 animm?
1359 2548 1465 2587 non
1496 2530 1743 2586 eumdem
1773 2546 1802 2584 a
1834 2529 1945 2584 Deo
1967 2530 2068 2583 ho-

499 2649 683 2687 norem
714 2628 1007 2700 accepisti?
1038 2629 1107 2682 At
1142 2627 1355 2697 sapiens
1376 2625 1472 2680 es?
1503 2624 1645 2693 Ergo
1672 2622 1867 2691 gratias
1888 2636 2067 2691 agere,

496 2742 604 2779 non
655 2726 1015 2778 intumescere
1058 2719 1239 2774 debes.
1281 2718 1458 2772 Prima
1507 2716 1695 2785 ingrati
1741 2714 1899 2769 animi
1947 2723 2067 2767 nota

496 2816 744 2885 superbia
772 2826 885 2877 est;
932 2814 1105 2867 aufert
1149 2810 1291 2865 enim
1324 2807 1694 2863 beneﬁcentia:
1720 2805 1939 2860 donum.
1970 2804 2071 2873 Qui

494 2908 637 2962 enim
661 2919 783 2960 sese
811 2903 989 2966 effert,
1015 2903 1060 2956 is
1083 2942 1097 2967 ,
1128 2900 1280 2970 quasi
1307 2900 1420 2970 ipse
1450 2899 1502 2954 id
1528 2898 1671 2968 quod
1702 2906 1845 2952 recte
1873 2895 2073 2951 factum

495 3007 597 3063 est,
629 2995 943 3060 confecerit,
984 3008 1044 3048 se
1073 2992 1261 3047 effert:
1289 2991 1378 3061 qui
1409 3002 1583 3044 autem
1606 2990 1785 3044 omnia
1813 3003 1841 3042 a
1864 3004 1922 3043 se
1948 3002 2073 3058 pro-

497 3088 631 3142 fecta
665 3094 834 3156 putat,
861 3086 1096 3154 ingratus
1131 3092 1211 3139 est
1238 3081 1489 3136 adversus
1512 3096 1653 3145 eum,
1695 3080 1783 3150 qui
1810 3078 2069 3134 honorem

503 3179 673 3233 dedit.
702 3177 985 3247 Quippiam
1008 3175 1132 3229 boni
1165 3173 1367 3229 habes?
1397 3172 1607 3226 Gratias
1636 3187 1732 3241 age
1760 3173 1806 3227 ei
1825 3213 1839 3237 ,
1863 3172 1950 3241 qui
1978 3172 2071 3225 de-

500 3272 596 3326 dit.
631 3270 765 3325 Audi
793 3268 918 3339 quid
947 3267 1087 3322 dicat
1118 3264 1315 3335 Joseph
1337 3306 1352 3330 ,
1383 3264 1509 3335 quid
1542 3264 1743 3318 Daniel.
1788 3263 1919 3317 Nam
1949 3278 2069 3317 cum

498 3362 714 3433 .tligypti
745 3376 836 3415 rex
861 3359 1007 3413 illum
1038 3374 1068 3413 e
1096 3373 1313 3413 carcere
1340 3355 1729 3419 accersivisset,
1772 3364 1827 3408 et
1856 3355 1908 3408 in
1935 3368 2071 3408 con-

500 3464 685 3524 spectu
717 3453 878 3507 totius
924 3451 1189 3506 exercitus
1215 3449 1282 3504 de
1314 3462 1381 3504 eo
1422 3447 1633 3517 negotio
1659 3448 2069 3517 interrogasset,

504 3545 556 3598 in
592 3559 699 3614 quo
723 3542 1031 3597 defecerant
1065 3540 1299 3612 Egyptii
1323 3581 1337 3605 ,
1388 3539 1475 3609 qui
1506 3539 1556 3591 in
1581 3538 1881 3607 ltujnsmodi
1914 3538 2072 3592 rebus

496 3636 729 3690 maxime
754 3634 1024 3704 pollebant
1053 3649 1066 3686 :
1099 3646 1220 3687 cum
1269 3632 1381 3700 ipse
1414 3632 1523 3699 jam
1548 3644 1667 3685 sese
1696 3629 1799 3684 illis
1826 3628 2074 3684 omnibus

500 3728 828 3796 superiorem
859 3736 1171 3780 ostensurus
1200 3733 1361 3787 esset,
1388 3722 1648 3793 longeque
1675 3723 1965 3791 sapientior
1989 3736 2075 3777 es-

502 3829 583 3872 set
613 3816 887 3872 habendus
921 3815 1203 3885 astrologis
1222 3855 1237 3879 ,
1286 3813 1495 3868 vatibus
1516 3855 1529 3879 ,
1560 3812 2037 3884 pmstigiatoribus
2057 3854 2072 3877 ,

502 3911 690 3980 magis,
722 3908 1053 3978 philosophis
1089 3907 1205 3977 ejus
1239 3906 1495 3975 temporis
1516 3905 1782 3971 onmibus,
1809 3906 2076 3976 pueripse

502 4021 568 4057 ex
603 4002 905 4070 captivitate
939 4011 993 4056 et
1019 4001 1271 4055 servitute
1306 3998 1469 4069 (tunc
1492 3999 1634 4053 enim
1673 3999 1844 4069 major
1863 3998 2079 4053 exsistit

509 4095 673 4165 gloria
710 4111 722 4147 :
754 4109 926 4163 neque
953 4092 1094 4148 enim
1124 4092 1265 4145 idem
1298 4099 1381 4146 est
1419 4090 1690 4145 hominem
1712 4089 1833 4160 ,jam
1872 4089 2073 4144 clarum

504 4190 720 4254 lucere,
752 4196 912 4256 atque
968 4196 1162 4255 printer
1190 4182 1685 4252 exspectationem;
1727 4197 1893 4251 quare
1936 4182 2077 4252 quod

501 4291 698 4351 praeter
726 4296 875 4350 spem
906 4278 957 4334 id
979 4278 1252 4341 evenerit,
1302 4274 1754 4330 admirabiliorem
1786 4272 1959 4344 ipsum
2001 4276 2079 4330 le-

501 4375 595 4444 cit)
621 4390 636 4428 :
660 4372 784 4443 quid
816 4372 973 4441 igitur
995 4371 1093 4424 iste
1120 4368 1381 4423 accedens
1407 4367 1474 4421 ad
1502 4366 1837 4423 Pharaonem
1861 4367 1883 4420 ?
1914 4367 2077 4421 dixit-

504 4480 570 4517 ne
592 4505 606 4528 ,
641 4462 890 4518 Profecto
916 4460 1082 4515 novi?
1112 4458 1251 4513 Nihil
1287 4458 1494 4523 minus;
1546 4457 1637 4512 sed
1667 4456 1833 4528 quid?
1856 4456 2079 4514 Nemine

505 4558 679 4624 ipsum
721 4564 997 4623 arguente,
1026 4565 1124 4620 pro
1154 4564 1246 4603 sua
1268 4549 1380 4619 ipsa
1405 4563 1593 4618 magna
1623 4548 1757 4617 grati
1784 4549 1947 4602 animi
1975 4550 2081 4603 vir-

509 4658 640 4707 tute,
689 4646 812 4716 quid
844 4645 950 4699 ait?
1001 4642 1266 4712 Numquid
1294 4657 1393 4695 non
1423 4657 1511 4709 per
1540 4639 1702 4693 Deum
1736 4641 2082 4710 interpretatio

509 4742 687 4793 horum
714 4747 785 4793 est
806 4736 963 4805 (Gen.
992 4736 1082 4791 40.
1114 4735 1204 4805 8)?
1226 4732 1381 4796 Vide,
1422 4732 1675 4786 continuo
1719 4732 1939 4802 gloriam
1975 4734 2083 4787 Deo

514 4831 732 4893 tribuit;
763 4839 1041 4898 propterea
1068 4828 1181 4896 ipse
1202 4840 1414 4895 quoque
1442 4824 1662 4893 gloriam
1695 4825 1920 4893 accepit.
1952 4824 2081 4877 Nam

512 4935 563 4981 et
594 4923 697 4977 hoc
725 4922 788 4976 ad
818 4920 1039 4990 gloriam
1066 4933 1170 4972 non
1194 4919 1314 4971 leve
1338 4924 1666 4969 momentum
1685 4914 1845 4969 habet
1876 4934 1887 4970 :
1917 4916 2085 4970 multo

514 5016 658 5072 enim
688 5013 858 5082 majus
881 5020 981 5075 est,
1016 5010 1114 5080 ipsi
1137 5026 1163 5062 a
1194 5009 1306 5063 Deo
1335 5022 1456 5062 esse
1480 5006 1795 5073 revelatum,
1820 5022 1977 5074 quam
2006 5008 2087 5075 ip-

513 5123 632 5163 sum
670 5120 764 5174 per
792 5119 851 5158 se
888 5102 988 5157 hoc
1028 5100 1357 5164 confecisse;
1394 5109 1758 5169 prmterquam
1790 5098 1930 5168 quod
1963 5098 2088 5153 hinc

514 5198 677 5252 etiam
709 5195 886 5254 verbis
924 5194 1034 5247 suis
1060 5192 1215 5246 fidem
1247 5190 1604 5255 conciliabat,
1660 5190 1819 5259 idque
1846 5190 2089 5245 firmissi-

515 5304 662 5345 mum
694 5296 810 5343 erat
840 5285 1211 5339 familiaritatis
1233 5298 1355 5337 cum
1380 5283 1487 5336 Deo
1516 5292 1907 5352 argumentum.
1949 5282 2087 5336 Nihil

522 5380 662 5436 enim
694 5392 845 5448 mque
871 5377 1066 5431 bonum
1090 5385 1207 5439 est,
1249 5389 1311 5427 ac
1336 5373 1650 5427 familiarem
1680 5373 1790 5426 ﬁeri
1845 5373 1972 5428 Deo.
2028 5373 2089 5427 Si

521 5469 650 5521 enim
692 5484 754 5521 ea:
779 5467 1010 5535 operibus
1050 5466 1351 5534 iustiﬁcatus
1402 5476 1505 5530 est,
1536 5465 1679 5518 habet
1705 5466 1955 5534 gloriam,
2005 5464 2088 5517 in-

514 5550 653 5619 quit,
699 5552 788 5607 sed
821 5572 919 5610 non
948 5557 1084 5628 apud
1115 5556 1279 5610 Deum
1318 5556 1336 5627 (
1365 5557 1516 5611 llam.
1544 5558 1600 5611 4.
1630 5556 1666 5609 2
1688 5558 1727 5624 ).
1755 5555 1886 5610 Nam
1923 5566 1975 5610 et
2002 5556 2090 5625 qui

517 5639 831 5699 criminibus
854 5650 1114 5705 obnoxius
1145 5649 1365 5721 gratiam
1388 5658 1472 5705 est
1495 5658 1873 5718 consequutus,
1903 5648 2093 5718 gloria-

521 5739 606 5785 tur
634 5733 686 5787 in
716 5737 858 5807 Deo,
886 5743 1133 5799 nimirum
1159 5786 1173 5814 ,
1222 5742 1364 5814 quod
1406 5743 1472 5799 ab
1516 5743 1608 5797 illo
1648 5751 1853 5796 amatur
1884 5742 2091 5813 sibique

1228 305 1283 361 S.
1322 303 1596 361 JOANNIS
1639 297 2105 359 CHRYSOSTOMI
2147 297 2462 353 ARCHIEP.
2503 295 3027 353 CONSTANTINOP.

3634 300 3730 356 2l6

2177 421 2387 479 peccata
2406 412 2627 467 remissa
2647 422 2771 467 sunt
2792 430 2807 469 ;
2838 424 2890 467 et
2917 414 3006 468 ille
3027 412 3115 483 qui
3144 423 3415 483 operatur,
3450 414 3610 472 habet
3625 421 3740 488 glo-

2173 504 2323 566 riam,
2358 502 2451 555 Sed
2478 518 2581 557 non
2609 503 2747 572 apud
2780 504 2967 570 Deum,
2992 514 3049 559 ut
3080 505 3166 559 ille
3196 525 3208 559 :
3249 521 3368 559 nam
3398 509 3497 562 hoc
3524 510 3737 578 quidem

2172 607 2374 661 magna:
2405 591 2725 648 inﬁrmitatis
2765 603 2959 649 nostrae
2990 604 3072 649 est
3113 607 3480 665 argumentum
3510 616 3524 651 :
3569 608 3622 653 at
3648 601 3738 669 qui

2171 683 2484 751 sapientiam
2511 698 2540 737 a
2570 684 2679 738 Deo
2706 685 2945 755 accepit,
2974 696 3170 755 quanto
3198 688 3300 742 erit
3333 688 3740 746 admirabilior?

2170 777 2406 831 Gloriam
2437 778 2543 832 Deo
2572 778 2787 843 tribuit,
2832 788 2886 834 et
2917 779 3146 834 vicissim
3176 782 3243 833 ab
3272 780 3364 835 illo
3392 781 3614 850 gloriam
3644 797 3740 837 ac-

2170 868 2346 936 etmit:
2381 866 2734 936 Gloriﬁcantes
2761 871 2902 923 enim
2928 887 3026 936 me,
3062 871 3250 941 inquit,
3272 870 3501 941 glori/ica
3525 874 3576 943 (1
3608 873 3737 943 Reg.

2169 958 2222 1011 ἓ.
2258 959 2324 1013 10
2358 956 2396 1030 ).
2434 960 2632 1015 Rursus
2658 977 2920 1032 pronepos
2960 962 3152 1033 hujus,
3198 979 3301 1033 quo
3331 965 3541 1033 quidem
3580 981 3741 1020 nemo

2170 1052 2269 1106 fuit
2310 1053 2603 1122 sapientior
2633 1054 2927 1125 (scriptum
2959 1065 3043 1111 est
3068 1056 3232 1121 enim,
3274 1055 3538 1126 Numquid
3565 1067 3616 1112 te
3652 1075 3740 1110 sa-

2170 1145 2384 1214 pientior
2407 1160 2457 1197 es
2489 1144 2701 1199 Daniele
2730 1144 2939 1217 [Haecin
2967 1146 3056 1201 28.
3090 1146 3209 1217 5])?
3255 1148 3339 1201 hic
3370 1149 3525 1217 igitur
3557 1148 3739 1203 Daniel

2171 1252 2289 1288 cum
2318 1251 2506 1290 omnes
2530 1238 2617 1305 qui
2646 1247 2802 1291 erant
2842 1238 2895 1291 in
2937 1238 3204 1309 Babylone
3246 1230 3544 1308 Sapientes,
3579 1249 3740 1308 atque

2172 1326 2269 1396 ipsi
2304 1342 2488 1381 rursus
2519 1328 2804 1398 astrologi,
2849 1336 3026 1392 vates,
3081 1331 3255 1399 magi,
3292 1331 3698 1401 przrsngiatores
3724 1373 3737 1396 ,

2172 1427 2331 1485 atque
2360 1420 2608 1473 universa
2639 1420 2996 1491 philosophia,
3046 1438 3149 1475 non
3181 1424 3337 1476 modo
3367 1426 3603 1478 convicta
3628 1426 3737 1494 jam

2171 1521 2332 1577 esset,
2361 1512 2455 1564 sed
2478 1513 2636 1565 etiam
2660 1528 2691 1567 e
2720 1513 2895 1567 medio
2923 1515 3125 1568 sublata
3148 1514 3378 1585 (camitali
3405 1517 3544 1570 enim
3569 1534 3597 1571 a
3618 1532 3741 1587 rege

2172 1600 2223 1653 in
2252 1601 2520 1669 sapientes
2540 1603 2643 1657 lata
2674 1604 2934 1659 sententia
2967 1605 3095 1659 satis
3120 1606 3404 1672 indicabat,
3434 1616 3586 1662 antea
3605 1623 3740 1678 quo-

2171 1708 2274 1761 quc
2304 1707 2362 1747 se
2398 1692 2464 1746 ab
2491 1692 2594 1747 illis
2623 1693 2902 1763 deceptum
2943 1695 3130 1765 fuisse)
3163 1712 3176 1750 :
3227 1698 3488 1770 accedens
3514 1714 3641 1767 ergo
3674 1699 3741 1753 ad

2173 1796 2371 1854 regem,
2417 1786 2580 1854 ipsius
2611 1788 2853 1857 petitioni
2873 1787 2983 1857 jam
3010 1789 3399 1854 satisfacturos,
3431 1807 3601 1861 neque
3629 1796 3742 1862 ipse

2172 1892 2228 1932 se
2260 1877 2534 1948 magnifice
2571 1880 2964 1950 circumspicit,
3012 1881 3106 1936 sed
3150 1883 3378 1951 primum
3412 1885 3591 1938 omnia
3630 1885 3742 1939 Deo

2172 1971 2331 2024 refert
2357 1980 2595 2040 accepta,
2627 1981 2681 2027 et
2709 1974 2912 2042 inquit:
2946 1973 3077 2026 Mihi
3118 1989 3228 2027 vero
3258 1992 3357 2028 non
3378 1977 3429 2028 in
3458 1976 3734 2045 sapientia,

2170 2080 2281 2131 qua!
2300 2073 2372 2116 est
2399 2064 2450 2116 in
2478 2081 2554 2117 me
2585 2066 2865 2135 plusquam
2902 2067 2954 2117 in
2985 2066 3175 2118 cunctis
3205 2066 3510 2133 hominibus,
3555 2068 3743 2121 revela—

2173 2163 2278 2207 tum
2307 2164 2410 2219 est,
2439 2170 2469 2208 ο
2497 2172 2585 2209 rex
2628 2154 2786 2225 (Dan.
2812 2156 2865 2209 2.
2894 2156 3007 2222 50).
3064 2156 3213 2209 Tunc
3236 2171 3361 2211 vero
3397 2157 3635 2211 adoravit
3666 2159 3738 2227 ip-

2172 2263 2289 2303 sum
2318 2264 2433 2316 rex,
2464 2264 2526 2304 ac
2554 2249 2708 2316 dixit,
2738 2249 2996 2304 Libentur
3020 2249 3338 2305 oblationes.
3371 2250 3533 2305 Vides
3562 2251 3741 2305 humi-

2170 2338 2373 2393 litatem
2390 2340 2413 2393 t
2430 2340 2577 2395 vides
2602 2349 2810 2411 gratum
2836 2341 3111 2395 animum?
3141 2341 3289 2397 vides
3311 2356 3526 2397 moresa
3555 2357 3743 2412 super-

2174 2435 2258 2488 bia
2282 2436 2559 2489 remotos?
2587 2434 2725 2489 Audi
2753 2450 2879 2490 vero
2908 2445 2963 2490 et
2987 2436 3354 2504 apostolorum
3376 2438 3559 2503 verba,
3576 2438 3743 2491 inter-

2172 2526 2298 2582 dum
2327 2527 2539 2597 quidem
2579 2528 2909 2582 dicentium:
2955 2528 3095 2593 Quid
3126 2545 3217 2583 nos
3259 2531 3550 2594 intuemini,
3601 2532 3743 2597 quasi

2176 2630 2349 2672 nostra
2374 2619 2554 2673 virtute
2570 2630 2655 2672 aut
2674 2620 2855 2690 pietate
2880 2622 3142 2689 fecerimus
3171 2622 3304 2674 hunc
3324 2621 3582 2675 ambulare
3606 2622 3741 2692 (Act.

2172 2710 2228 2775 5,
2259 2709 2347 2764 l2.
2377 2720 2423 2763 et
2454 2711 2539 2766 14.
2573 2712 2641 2765 14
2663 2708 2717 2782 )?
2747 2710 3016 2765 Interdum
3054 2727 3214 2778 vero,
3262 2710 3330 2764 Et
3374 2730 3464 2768 nos
3509 2713 3746 2767 mortales

2174 2820 2364 2869 sumus,
2395 2803 2587 2857 similes
2611 2802 2750 2857 vobis
2779 2803 3026 2858 homines.
3060 2804 3211 2871 Quod
3240 2805 3283 2858 si
3310 2805 3383 2858 illi
3413 2805 3616 2859 delatos
3642 2805 3745 2860 sibi

2174 2897 2405 2952 honores
2422 2896 2557 2951 adeo
2573 2896 2944 2967 repudiabant,
2980 2897 3246 2961 homines,
3277 2898 3366 2968 qui
3389 2913 3483 2965 per
3510 2913 3625 2953 eam
3647 2898 3746 2953 hu-

2175 2988 2455 3044 militatem
2494 3002 2613 3059 quin
2662 2988 2955 3043 secundum
3000 2988 3271 3043 Christum
3317 2998 3432 3053 est,
3475 2990 3747 3060 ipsiusque

2178 3079 2464 3149 potentiam
2484 3078 2684 3149 majora
2711 3094 2868 3150 quam
2890 3078 3134 3135 Christus
3152 3081 3265 3150 ipse
3285 3095 3447 3150 opera
3473 3081 3749 3135 ediderant

2178 3172 2351 3240 (nam,
2387 3170 2487 3236 Qui
2505 3170 2664 3225 credit
2680 3170 2737 3248 in
2764 3187 2867 3234 me,
2907 3171 3111 3239 inquit,
3142 3172 3341 3239 majora
3369 3171 3547 3226 horum
3575 3171 3744 3243 faciet,

2175 3278 2287 3332 qua:
2315 3278 2406 3333 ego
2438 3262 2570 3333 facio
2600 3260 2792 3332 (Joan.
2812 3262 2900 3316 14.
2925 3261 3013 3332 12)
3042 3279 3055 3315 :
3087 3262 3357 3332 quomodo
3382 3278 3481 3319 nos
3510 3279 3615 3318 non
3646 3264 3748 3318 mi-

2177 3354 2281 3409 seri
2302 3363 2461 3424 atque
2487 3352 2728 3408 infelices
2763 3369 2969 3422 sumus,
3000 3355 3087 3425 qui
3110 3370 3177 3410 ne
3197 3356 3397 3411 culices
3423 3355 3637 3427 quidem
3656 3370 3748 3412 ex-

2178 3447 2375 3516 pellere
2399 3460 2704 3515 possumus,
2734 3444 2929 3502 nedum
2957 3446 3271 3502 daemonas?
3296 3448 3389 3519 qui
3426 3464 3494 3504 ne
3520 3449 3610 3503 uni
3635 3449 3749 3519 qui-

2176 3538 2299 3593 dem
2327 3538 2527 3592 homini
2555 3538 2812 3608 prodesse
2830 3539 3093 3605 valemus,
3120 3539 3313 3596 nedum
3341 3541 3592 3597 universo
3609 3541 3746 3605 orbi,

2177 3643 2231 3688 et
2252 3642 2427 3687 tamen
2453 3640 2626 3686 tantos
2660 3632 2814 3685 nobis
2854 3632 3073 3702 spiritus
3101 3634 3382 3700 sumimus,
3417 3641 3647 3703 quantos
3678 3648 3745 3688 ne

2178 3740 2291 3795 ipse
2316 3724 2530 3795 quidem
2559 3724 2847 3779 diabolus?

2249 3818 2301 3872 5.
2345 3816 2593 3884 Superbia
2630 3833 2782 3886 quam
2824 3817 2990 3871 aliena
3028 3816 3087 3869 ab
3128 3818 3297 3871 anima
3339 3814 3644 3871 Christiana.
3674 3846 3743 3859 --

2178 3908 2319 3963 Nihil
2348 3923 2498 3978 teque
2536 3908 2768 3963 alienum
2800 3908 2867 3961 ab
2905 3908 3080 3961 anima
3106 3908 3404 3963 ChriStiana
3446 3918 3528 3963 est
3565 3923 3627 3963 ac
3655 3925 3749 3964 su-

2181 4000 2363 4071 perbia
2392 4018 2406 4051 :
2432 4000 2736 4069 superbiam
2776 4000 2920 4066 dico,
2969 4016 3075 4055 non
3107 4000 3396 4066 ﬁdentiam,
3449 4017 3554 4057 non
3580 4003 3753 4059 virilis

2181 4093 2344 4147 animi
2376 4092 2774 4157 fortitudinem;
2821 4108 2941 4145 nam
2992 4093 3090 4146 ista
3122 4093 3337 4162 quidem
3382 4094 3750 4149 convenientia

2182 4193 2339 4247 sunt;
2366 4183 2522 4253 longe
2549 4182 2691 4237 enim
2722 4183 2789 4237 ab
2818 4182 2906 4237 illa
2929 4182 3198 4239 differunt.
3222 4183 3581 4251 Quamobrem
3609 4186 3753 4241 aliud

2183 4275 2398 4345 quidem
2438 4283 2519 4330 est
2550 4274 2839 4340 humilitas,
2871 4274 3013 4328 aliud
3041 4291 3171 4331 vero
3215 4276 3545 4332 illiberalitas
3572 4288 3625 4333 et
3669 4293 3755 4331 as-

2184 4368 2413 4423 sentatio
2453 4375 2509 4422 et
2548 4366 2737 4421 molles
2780 4367 3071 4422 blanditiae.
3120 4370 3198 4423 Ae
3242 4368 3287 4423 si
3334 4370 3514 4436 vultis,
3564 4370 3751 4425 horum

2185 4457 2419 4512 omnium
2446 4471 2546 4527 ego
2584 4457 2737 4511 vobis
2775 4459 3018 4527 exempla
3055 4458 3293 4514 afferam.
3325 4460 3584 4515 Videntur
3613 4463 3754 4517 enim

2185 4567 2302 4622 quae
2325 4550 2589 4604 contraria
2620 4560 2743 4604 sunt
2779 4549 2920 4605 inter
2942 4564 3022 4613 se,
3052 4566 3217 4621 prope
3242 4553 3632 4620 quodammodo
3670 4569 3758 4610 es-

2186 4660 2245 4699 se
2287 4643 2478 4714 posita,
2508 4650 2565 4696 ut
2609 4640 2873 4696 frumento
2903 4640 3125 4708 zizania,
3156 4644 3209 4696 et
3248 4644 3385 4698 rosis
3430 4644 3635 4713 spinae;
3665 4645 3758 4700 sed

2190 4734 2337 4805 pueri
2369 4732 2583 4803 quidem
2625 4732 2893 4797 fallantur,
2944 4733 3031 4802 qui
3078 4742 3252 4787 autem
3302 4750 3427 4789 vere
3472 4746 3595 4791 sunt
3634 4738 3756 4803 viri,

2188 4823 2479 4894 spiritualis
2525 4821 2859 4892 agriculturae
2910 4824 3084 4891 periti,
3139 4834 3336 4878 norunt
3377 4840 3499 4879 vera
3551 4827 3683 4879 bona
3730 4843 3761 4881 a

2190 4914 2343 4968 malis
2363 4914 2707 4982 distinguere.
2735 4913 2847 4982 Age
2876 4912 3036 4982 igitur
3060 4897 3300 4983 exempla
3329 4915 3477 4969 vobis
3506 4932 3570 4971 ex
3604 4918 3761 4985 ipsis-

2191 5016 2300 5061 met
2327 5006 2614 5074 Scripturis
2638 5019 3017 5074 proponamus.
3046 5007 3183 5074 Quid
3207 5007 3417 5061 tandem
3451 5018 3533 5063 est
3571 5024 3760 5063 assen-

2190 5101 2322 5153 tatio
2348 5108 2401 5154 et
2429 5098 2759 5152 illiberalitas
2793 5107 2848 5153 et
2877 5099 3055 5153 mollis
3086 5099 3382 5153 blanditia?
3409 5099 3533 5154 Siha
3565 5101 3760 5155 intem-

2195 5191 2399 5260 pestive
2442 5190 2624 5245 Davidi
2672 5200 2757 5245 est
2807 5199 3127 5254 assentatus,
3157 5206 3440 5264 ,suumque
3490 5192 3763 5247 dominum

2194 5283 2504 5336 criminatus
2529 5292 2645 5346 est;
2675 5283 2843 5336 multo
2871 5294 3044 5338 autem
3069 5285 3234 5354 magis
3256 5284 3571 5355 AeliitOphel
3600 5287 3767 5341 AbSa-

2197 5374 2329 5428 loni.
2361 5375 2429 5426 At
2474 5390 2577 5428 non
2608 5375 2729 5428 talis
2758 5375 2943 5439 David,
2988 5376 3078 5429 sed
3124 5376 3338 5431 humilis
3370 5378 3441 5446 (9..
3479 5378 3603 5450 Reg.
3649 5380 3763 5447 16).

2197 5466 2297 5532 Qui
2344 5466 2484 5520 enim
2524 5465 2732 5521 subdoli
2778 5477 2921 5529 sunt,
2972 5478 3334 5523 assentatores
3374 5480 3532 5525 sunt:
3579 5488 3765 5541 quem-

2198 5557 2483 5611 admodum
2530 5573 2649 5612 cqu
2697 5559 2835 5628 magi
2866 5559 3087 5614 dicunt:
3133 5560 3269 5626 Vive,
3322 5566 3432 5629 θεας,
3484 5567 3535 5618 in
3583 5567 3769 5619 uacula

2202 5648 2363 5719 (Dan.
2394 5649 2448 5702 2.
2480 5650 2555 5719 4).
2595 5652 2668 5704 Ac
2705 5652 2770 5705 dc
2798 5651 2963 5704 Paulo
2990 5652 3153 5706 multa
3197 5653 3499 5722 hujusmodi
3526 5655 3770 5711 invenie-

2206 5758 2326 5798 mus
2354 5742 2403 5797 in
2444 5744 2606 5811 Actis,
2638 5759 2756 5799 cum
2779 5744 2973 5801 Judzeis
3002 5744 3074 5799 ita
3102 5744 3419 5815 disserente,
3452 5756 3508 5802 ut
3541 5763 3648 5803 non
3681 5764 3771 5803 as-
