4108 6410
458 343 563 401 215

461 465 611 515 ἔσται
637 457 899 528 λυπηρόν.
920 457 982 509 Εἰ
1004 455 1113 526 γὰρ
1135 456 1280 527 παρά
1304 457 1397 510 τοῦ
1418 459 1535 521 ἐνὸς
1562 457 1718 512 τοῦτο
1738 460 2019 530 γινόμενον

457 551 618 621 ἀρκεῖ
647 547 805 599 λῦσαι
827 548 1006 600 πᾶσαν
1026 547 1356 617 ἐρεσχελίαν,
1386 549 1511 601 ὅταν
1532 550 1682 619 παρά
1703 550 2021 621 ἀμφοτέρων

456 640 512 713 ᾖ,
548 641 631 703 τίς
652 640 898 709 διακόψει
933 639 1133 709 ταύτην
1161 639 1259 709 τὴν
1284 640 1616 709 ἀσφάλειαν;
1653 642 1784 695 Οὐδέ
1808 643 1966 705 αὐτὸς
1994 644 2022 695 6

455 734 726 796 διάϐολος·
764 732 1024 802 τριπλοῦν
1055 732 1163 802 γὰρ
1202 731 1382 796 ἔσται,
1410 734 1503 784 καὶ
1530 728 1887 804 τετραπλοῦν,
1928 735 2021 787 καὶ

457 822 855 875 πολλαπλάσιον
880 820 940 873 τὸ
967 820 1249 890 ὀχύρωμα.
1288 823 1507 875 Πάντων
1536 824 1641 889 γάρ
1668 821 1777 877 τῶν
1800 824 2021 891 ἀγαθῶν

454 914 602 968 αἰτία
635 916 668 985 ἡ
701 915 1188 986 ταπεινοφροσύνη.
1223 912 1332 967 Καὶ
1375 915 1460 967 ἵνα
1506 915 1703 986 μάθῃς,
1739 918 1901 971 ἄκουε
1929 918 2018 970 τοῦ

456 1008 733 1078 προφήτου
759 1005 1025 1074 λέγοντος,
1060 1007 1138 1059 δτι
1156 1009 1224 1059 El
1248 1005 1553 1075 ἠθέλησας
1574 1009 1809 1073 θυσίαν,
1832 1008 2021 1061 ἔδωκα

454 1097 533 1151 ἅν
550 1114 564 1129 ·
594 1096 1057 1165 ὁλοκαυτώματα
1075 1099 1183 1150 οὐκ
1204 1097 1576 1163 εὐδοκήσεις.
1602 1099 1792 1151 Θυσία
1808 1097 1883 1163 τῷ
1901 1099 2021 1161 Θεῷ

454 1188 688 1255 πνεῦμα
713 1187 1233 1256 συντετριμμένον·
1255 1188 1502 1256 καρδίαν
1516 1189 2021 1258 συντετριμμένην

452 1281 550 1335 καὶ
578 1282 1086 1349 τεταπεινωμένην
1113 1284 1144 1332 o'
1167 1280 1310 1345 Θεὸς
1330 1283 1439 1333 οὐκ
1469 1280 1882 1344 ἐξουδενώσει.
1908 1282 2019 1351 Οὐχ

451 1372 637 1435 ἁπλῶς
682 1372 737 1425 δέ
782 1372 1281 1441 ταπεινοφροσύνην
1316 1374 1567 1435 ἀπαιτεῖ,
1624 1372 1736 1425 ἀλλ’
1771 1372 2018 1424 ἐπίτασιν

450 1462 967 1532 ταπεινοφροσύνης.
1009 1462 1274 1532 Καθάπερ
1309 1462 1415 1534 γὰρ
1464 1464 1555 1513 ἐπὶ
1595 1463 1701 1515 τῶν
1751 1464 2018 1531 σωμάτων

452 1552 513 1605 τὸ
566 1552 1020 1621 συντετριμμένον
1076 1553 1173 1625 οὐκ
1231 1552 1298 1605 ἂν
1357 1552 1693 1622 ἐπανασταίη
1754 1554 1881 1606 ποτὲ
1942 1554 2017 1624 τῷ

455 1644 685 1717 στεῤῥῷ,
716 1645 826 1697 ἀλλ’
849 1646 949 1697 ὃσα
978 1644 1042 1696 ἂν
1072 1645 1218 1717 πάθῃ
1248 1645 1415 1705 δεινὰ,
1444 1645 1706 1715 πρότερον
1729 1645 1861 1697 αὐτὸ
1882 1646 2017 1697 ἀπο-

452 1734 640 1799 λεῖται,
670 1736 702 1804 ἢ
726 1735 897 1805 ἑτέρῳ
927 1734 1333 1797 ἐπεξελεύσεται
1355 1749 1368 1762 ·
1400 1734 1541 1787 οὕτω
1564 1735 1764 1787 καὶέπὶ
1788 1737 1885 1805 τῆς
1911 1736 2015 1803 «(au-

453 1829 584 1898 χῆς,
625 1829 911 1898 αἱρήσεται
958 1828 1154 1896 μᾶλλον
1195 1828 1380 1885 κακῶς
1407 1829 1688 1896 πάσχουσα
1727 1828 2017 1891 διαπαντὸς

454 1920 547 1971 καὶ
588 1919 898 1982 ἀποθανεῖν,
940 1920 972 1987 ἦ
1012 1918 1164 1989 [250]
1200 1917 1505 1981 ἐπεξελθεῖν
1546 1919 1639 1970 καί⁸
1688 1919 2013 1987 ἀμύνασθαι.

453 2012 630 2081 Μέχρι
662 2011 807 2073 τίνος
834 2010 1131 2081 φυσώμεθα
1168 2010 1396 2079 φύσημα
1422 2010 1653 2077 γέλωτος
1678 2010 1858 2076 ἀξιον;
1891 2012 2016 2063 ’Ὡσ-

454 2119 557 2169 περ
588 2101 697 2171 γὰρ
733 2102 801 2154 τά
842 2103 1046 2166 παιδία,
1080 2102 1207 2154 ὅταν
1247 2102 1461 2171 ὁρῶμεν
1491 2103 1876 2173 ἀνατεινόμενα
1923 2105 2016 2156 καὶ

452 2191 797 2262 γαυρούμενα
828 2192 1093 2261 γελῶμεν,
1129 2193 1160 2263 ἢ
1210 2194 1303 2245 καὶ
1332 2193 1476 2246 λίθον
1519 2195 1739 2263 αἰροντα
1780 2196 1874 2247 καὶ
1932 2197 2014 2265 ρι-

451 2282 688 2336 πτοῦντα
717 2283 878 2335 πάλιν
918 2283 1161 2353 γελῶμεν
1184 2301 1198 2314 ο
1230 2283 1400 2347 οὕτως
1453 2285 1601 2338 ἐστὶν
1634 2288 1666 2356 ή
1714 2286 1938 2339 ἀπόνοια
1978 2290 2010 2358 ἡ

450 2374 782 2446 ἀνθρωπίνη,
811 2375 1071 2441 παιδικῆς
1098 2374 1156 2426 ὃν
1184 2376 1420 2438 διανοίας
1447 2377 1538 2429 καὶ
1571 2376 1792 2441 ἀτελοῦς
1820 2379 2014 2448 φρενὸς

449 2466 711 2536 γέννημα.
752 2466 811 2519 Τί
841 2466 950 2533 γὰρ
986 2468 1493 2535 ὑπερηφανεύεται
1524 2466 1599 2536 γῆ
1625 2469 1719 2521 καὶ
1750 2470 1975 2535 σποδός
1992 2488 2011 2535 ;

450 2558 609 2626 Μέγα
640 2560 878 2625 φρονεῖς,
910 2556 1192 2627 ἀνθρωπες
1232 2556 1320 2609 διὰ
1352 2558 1437 2624 τί;
1475 2560 1526 2610 τί
1555 2559 1615 2611 τὸ
1651 2560 1856 2629 κέρδος,
1894 2563 2013 2614 εἰπέ

455 2667 583 2720 μοις
619 2650 783 2702 πόθεν
815 2650 870 2703 δέ
904 2650 1000 2701 καὶ
1041 2650 1183 2719 μέγα
1225 2653 1441 2720 φρονεῖς
1491 2652 1629 2705 κατά
1667 2652 1771 2705 τῶν
1808 2656 2012 2723 ὁμοφύ-

446 2738 580 2805 λωνς
631 2736 752 2807 οὐχί
793 2741 891 2807 τῆς
933 2737 1101 2807 αὐτῆς
1155 2740 1398 2809 μετέχεις
1452 2740 1701 2809 φύσεως;
1758 2745 1876 2813 οὐχὶ
1912 2746 2013 2812 τῆς

446 2830 617 2899 αὐτῆς
641 2830 857 2900 ψυχῆς
888 2831 984 2900 οὐχ
1010 2830 1211 2900 ὁμοίως
1240 2832 1533 2902 τετίμησαι
1560 2835 1706 2903 παρά
1728 2835 1818 2888 τοῦ
1845 2836 2007 2903 Θεοῦ;

456 2921 615 2973 Ἀλλά
662 2920 822 2988 σοφὸς
870 2914 952 2987 εἷς
996 2921 1205 2974 Οὐκοῦν
1239 2924 1601 2994 εὐχαριστεῖν,
1636 2927 1696 2979 οὐ
1740 2929 2009 2995 φυσᾶσθαι

442 3013 695 3080 ὀφείλεις.
750 3014 948 3083 Πρώτη
998 3015 1317 3084 ἀχαριστία,
1374 3016 1639 3070 ἀπόνοια·
1696 3020 2009 3089 ἀφαιρεῖται

442 3104 549 3170 γὰρ
576 3102 672 3171 τῆς
713 3102 1027 3172 εὐεργεσίας
1054 3102 1115 3154 τὸ
1153 3102 1342 3173 δῶρον.
1386 3105 1444 3157 Ὀ
1482 3106 1591 3177 γὰρ
1617 3107 2005 3179 ἐπαιρόμενος,

440 3192 513 3255 ὼς
552 3193 713 3256 αὐτὸς
746 3193 1095 3263 κατορθώσας
1120 3197 1405 3265 ἐπαίρεται
1430 3213 1443 3226 ·
1477 3201 1505 3251 6
1529 3199 1587 3251 δέ
1612 3200 1846 3269 νομίζων
1880 3219 2010 3256 κατ-

440 3285 777 3355 ωρθωκέναι,
812 3287 1100 3357 ἀχάριστός
1134 3290 1248 3339 ἐστι
1296 3290 1422 3359 περὶ
1468 3291 1559 3342 τὸν
1606 3291 1869 3345 δεδωκότα
1909 3293 2008 3364 τὴν

439 3376 621 3446 τιμήν.
658 3376 873 3428 Ἔνεστί
914 3377 995 3428 σοί
1025 3394 1075 3429 τι
1109 3377 1341 3445 ἀγαθὸν;
1384 3381 1706 3450 Εὐχαρίστει
1740 3382 1817 3454 τῷ
1845 3385 2006 3438 δεδω-

440 3466 575 3519 κότι.
610 3467 873 3519 Ἀκουσον
909 3467 961 3519 τί
1000 3486 1163 3537 φησιν
1195 3470 1222 3519 6
1265 3471 1482 3541 Ἰωσὴφ,
1524 3472 1575 3524 τί
1613 3474 1669 3526 δὲ
1721 3476 1748 3526 6
1787 3477 2003 3546 Δανιήλ.

438 3556 545 3609 Τοῦ
571 3556 678 3626 γάρ
714 3557 975 3626 βασιλέως
1008 3558 1284 3625 Αἰγύπτου
1317 3563 1812 3633 μεταπεμψαμένου
1846 3568 2006 3620 αὐτὸν

436 3646 542 3700 ἀπὸ
572 3646 667 3700 τοῦ
700 3647 1097 3718 δεσμωτηρίου,
1137 3652 1230 3702 καὶ
1270 3652 1360 3703 ἐπὶ
1398 3652 1579 3722 πάσης
1612 3655 1713 3724 τῆς
1746 3652 2006 3727 στρατιᾶς

437 3738 837 3807 πυνθανομένου
870 3741 963 3792 ἐπὶ
992 3741 1298 3811 πράγματι,
1324 3745 1409 3812 ἐφ’
1450 3738 1493 3811 ᾧ
1533 3746 1731 3809 πάντες
1756 3748 2005 3817 παρεχώ-

436 3841 611 3897 ρησαν
662 3829 951 3897 Αἰγύπτιοι
1015 3834 1062 3884 οἰ
1121 3834 1250 3902 περὶ
1299 3834 1469 3887 ταῦτα
1524 3836 1755 3905 μάλιστα
1807 3838 2000 3902 δεινοὶ,

436 3919 643 3987 μέλλων
672 3922 833 3984 αὐτὸς
870 3927 1009 3975 κατὰ
1048 3926 1155 3977 πᾶν
1186 3926 1525 3997 ὑπεραίρειν,
1565 3929 1659 3981 καὶ
1698 3928 2003 4000 σοφώτερος

434 4012 771 4080 φανήσεσθαι
828 4013 935 4065 τῶν
974 4016 1353 4085 ἀστρολόγων,
1410 4020 1518 4072 τῶν
1571 4022 1848 4089 μάντεων,
1895 4022 2002 4076 τῶν

430 4103 675 4172 γοήτων,
716 4105 822 4158 τῶν
866 4108 1087 4176 μάγων,
1138 4112 1354 4162 πάντων
1408 4112 1514 4163 τῶν
1560 4112 1860 4180 φιλοσόφων
1893 4114 2001 4166 τῶν

431 4192 573 4257 τότε,
600 4194 706 4247 ἀπὸ
737 4196 838 4265 τῆς
863 4200 1237 4267 αἰχμαλωσίας
1268 4202 1360 4253 καὶ
1391 4201 1651 4267 δουλείας,
1688 4205 1902 4257 παιδίον
1926 4204 2001 4257 ὢν

432 4284 560 4353 (καί
594 4285 701 4357 γὰρ
746 4288 866 4341 τότε
924 4291 1123 4360 μείζων
1171 4294 1203 4362 ἡ
1238 4292 1361 4357 δόξα
1387 4311 1400 4324 ·
1441 4296 1499 4347 οὐ
1546 4297 1653 4367 γάρ
1694 4298 1840 4349 ἐστιν
1889 4297 2000 4350 ἴσον

430 4377 754 4447 φαινόμενον
802 4380 1059 4449 λάμπειν.
1109 4386 1201 4437 καὶ
1250 4386 1402 4456 παρά
1451 4389 1806 4457 προσδοκίαν·
1859 4390 1997 4442 ὥστε

431 4469 524 4520 καὶ
545 4469 605 4520 τὸ
627 4473 755 4542 παρ’
785 4472 1009 4536 ἐλπίδας
1038 4476 1209 4529 ἐποίει
1230 4477 1391 4530 αὐτὸν
1412 4477 1878 4552 θαυμαστότερον)
1900 4499 1913 4512 ο
1946 4483 1998 4534 τί

428 4554 524 4608 οὖν
552 4553 704 4621 οὗτος
735 4561 1019 4630 παρελθὼν
1060 4560 1181 4615 εἷπε
1208 4565 1286 4635 τῷ
1323 4567 1550 4636 Φαραώ;
1582 4570 1664 4621 ὅτι
1695 4571 1821 4634 Ναὶ,
1842 4567 1993 4635 οἷδα;

429 4648 540 4718 Οὐχ
568 4648 739 4713 οὕτως
764 4667 777 4679 ·
810 4651 943 4705 ἀλλά
968 4653 1049 4714 τί;
1077 4655 1302 4718 Οὐδενὸς
1332 4658 1492 4710 αὑτὸν
1530 4660 1860 4729 ἐλέγχοντος,
1891 4663 1998 4715 ἀπὸ

430 4740 631 4809 πολλῆς
662 4742 758 4810 τῆς
785 4744 1202 4816 εὐγνωμοσύνης
1238 4748 1292 4800 τί
1332 4766 1533 4818 φησιν;
1582 4753 1726 4821 Οὐχὶ
1768 4753 1865 4807 διὰ
1889 4756 1996 4809 τοῦ

429 4833 576 4886 Θεοῦ
608 4834 646 4901 ἠ
690 4834 1052 4904 διασάφησις
1097 4838 1295 4891 αὐτῶν
1319 4842 1522 4907 ἐστιν;
1556 4843 1730 4912 "Opas
1773 4846 1863 4898 τὸν
1898 4849 1995 4899 Δε-

428 4924 629 4995 σπότην
665 4927 862 4990 εὐθέως
890 4916 1160 4993 ’ἐδόξασεο
1205 4930 1293 4982 διὰ
1335 4932 1492 4985 τοῦτο
1543 4934 1638 4986 καὶ
1682 4936 1840 4998 αὐτὸς
1884 4938 1997 4990 ἐδο-

428 5015 620 5086 ξάσθη.
649 5018 721 5069 Οὐ
763 5020 955 5089 μικρὸν
984 5020 1040 5071 δὲ
1064 5020 1221 5073 τοῦτο
1242 5024 1321 5085 εἰς
1349 5024 1507 5094 δόξης
1536 5024 1693 5093 λόγον
1713 5043 1725 5055 ο
1759 5026 1853 5079 τοῦ
1887 5029 1994 5099 γάρ
2018 5086 2021 5092 ,

425 5108 587 5161 αὐτὸν
616 5111 1034 5179 κατωρθωκέναι
1064 5114 1125 5165 τὸ
1152 5115 1243 5167 τὸν
1271 5116 1401 5169 Θεὸν
1436 5119 1784 5188 ἀποκαλύψαι
1813 5119 1995 5191 μεῖζον

424 5200 622 5271 πολλῷ.
670 5202 876 5266 ’Ἄλλως
914 5205 970 5257 δὲ
1008 5206 1101 5259 καὶ
1133 5205 1201 5259 τὰ
1253 5207 1516 5278 λεγόμενα
1565 5211 1811 5265 ἐντεῦθεν
1850 5214 1996 5279 ἀξιό-

423 5306 589 5344 πιστα
623 5292 815 5358 ἔδειξε,
865 5296 958 5347 καὶ
997 5296 1154 5349 τοῦτο
1185 5297 1284 5366 τῆς
1324 5300 1657 5364 οἰκειώσεως
1710 5304 1803 5356 τοῦ
1859 5304 1992 5357 Θεοῦ

423 5384 717 5453 τεκμήριον
769 5385 1039 5455 μέγιστον.
1091 5390 1256 5442 Οὐδὲν
1296 5391 1405 5460 γὰρ
1448 5392 1620 5456 οὕτως
1667 5394 1889 5462 ἀγαθὸν,
1919 5397 1994 5458 ὡς

421 5473 482 5526 τὸ
508 5475 836 5528 οἰκειοῦσθαι
856 5477 932 5547 τῷ
962 5479 1099 5548 Θεῷ.
1130 5480 1197 5533 El
1218 5481 1327 5549 γὰρ
1362 5483 1430 5547 ἐξ
1451 5484 1637 5553 ἔργων
1656 5486 1989 5554 ἐδικαιώθη,

423 5562 548 5632 ἔχει
572 5567 869 5636 καύχημα,
917 5571 1100 5638 φησὶν,
1132 5571 1267 5625 ἀλλ’
1305 5574 1376 5626 οὐ
1402 5577 1552 5642 πρὸς
1576 5575 1684 5628 τὸν
1727 5578 1894 5634 Θεόν.
1929 5578 1992 5631 Εἰ

423 5655 534 5725 γὰρ
565 5658 593 5709 6
634 5659 854 5729 χάριτος
893 5659 1145 5725 ἀξιωθεὶς
1179 5667 1448 5735 καυχᾶται
1491 5668 1585 5721 ἐπὶ
1617 5667 1695 5737 τῷ
1728 5669 1875 5740 Θεῷ,
1908 5671 1991 5725 ὅτι

426 5747 736 5819 ἀγαπᾶται,
773 5753 960 5826 ἐπειδὴ
995 5756 1347 5828 συνεχωρήθη
1373 5758 1554 5830 αὐτῷ,
1588 5761 1679 5814 καὶ
1710 5760 1821 5832 ἔχει
1857 5763 1989 5817 καύ-

1366 339 1431 395 ΙΝ
1475 337 1693 395 EPIST.
1736 340 1828 395 AD
1864 334 2152 397 PlilLlPP.
2194 340 2347 401 CAP.
2388 344 2452 402 11.
2492 342 2725 399 HOMIL.
2769 337 2808 395 Υ
2834 368 2847 383 ι

3583 343 3688 399 216

2129 478 2279 530 χημα
2315 463 2343 515 6
2387 461 2784 532 ἐργαζόμενος,
2836 457 2948 512 ἀλλ’
2986 459 3046 511 οὐ
3087 458 3220 529 πρὸς
3267 460 3357 512 τὸν
3408 459 3569 527 Θεὸν,
3617 464 3691 526 ὡς

2127 551 2331 613 ἐκεῖνος
2351 570 2363 582 ι
2390 551 2489 620 τῆς
2518 552 2627 620 γὰρ
2661 551 2860 621 πολλῆς
2894 549 3173 613 ἀσθενείας
3210 551 3504 619 τεκμήριον
3535 552 3693 606 τοῦτο

2126 640 2223 709 τῆς
2252 642 2519 711 ἡμετέρας
2542 658 2555 671 °
2586 644 2613 694 6
2648 642 2742 693 καὶ
2786 640 2975 708 σοφίαν
3004 639 3183 692 λαϐὼν
3226 643 3375 712 παρὰ
3404 642 3496 695 τοῦ
3532 642 3689 703 Θεοῦ.

2131 732 2278 797 πόσῳ
2310 729 2506 798 μᾶλλον
2534 729 2598 782 ἂν
2626 730 2710 799 εἴη
2742 729 3085 799 θαυμαστός;
3136 728 3383 793 Ἐδόξασε
3410 730 3500 783 τὸν
3537 731 3688 796 Θεὸν,

2128 822 2220 872 καὶ
2247 821 2503 893 ἐδοξάσθη
2536 823 2624 875 ὑπ’
2659 821 2823 874 αὐτοῦ
2848 837 2861 850 ⁸
2899 821 3048 887 Τοὺς
3070 814 3426 889 δοξάζοντας
3452 840 3531 892 με
3560 824 3689 893 γὰρ,

2128 914 2287 981 φησὶ,
2324 906 2579 978 δοξάσω.
2624 914 2792 966 Πάλιν
2835 916 2862 967 6
2899 914 3162 980 ἀπόγονος
3195 915 3223 965 6
3258 931 3480 978 τουτου,
3513 906 3574 966 οὗ
3606 931 3693 966 σο-

2128 1003 2364 1073 φώτερος
2396 1005 2568 1067 οὐδεὶς
2608 1005 2626 1073 (
2644 1003 2737 1070 Μὴ
2786 1004 2894 1073 γὰρ
2918 1003 3254 1072 σοφώτερος
3288 1001 3359 1065 εἴ,
3401 1006 3570 1074 φησὶ,
3608 1007 3690 1059 σὺ

2126 1094 2232 1147 τοῦ
2276 1095 2587 1163 Δανιήλ;),
2622 1090 2774 1159 οὗτος
2807 1095 2869 1164 δὴ
2895 1098 2922 1148 6
2947 1094 3143 1165 Δανιὴλ
3172 1095 3280 1147 τῶν
3319 1097 3375 1148 ἐν
3413 1096 3689 1149 Βαϐυλῶνι

2126 1185 2341 1238 πάντων
2406 1187 2582 1254 σοφῶν
2606 1228 2620 1251 ,
2687 1188 2781 1240 καὶ
2842 1186 3022 1240 αὐτῶν
3086 1186 3248 1240 πάλιν
3309 1188 3684 1257 ἀστρολόγων,

2150 1274 2274 1345 251]
2311 1277 2576 1344 μάντεων,
2623 1278 2832 1345 μάγων,
2867 1278 3096 1347 γοήτων,
3139 1275 3319 1341 πάσης
3352 1277 3684 1345 φιλοσοφίας,

2125 1368 2184 1419 οὐ
2228 1367 2383 1435 μόνον
2426 1369 2807 1438 ἐλεγχομένης,
2852 1368 2985 1421 ἀλλά
3030 1368 3124 1420 καὶ
3167 1369 3566 1437 ἀναιρουμένης
3597 1367 3690 1436 (τὸ

2125 1458 2232 1525 γάρ
2254 1459 2590 1528 ἀναιρεῖσθαι
2618 1463 2913 1529 τεκμήριον
2951 1456 3018 1528 ἦν
3052 1458 3144 1512 τοῦ
3176 1459 3270 1512 καὶ
3303 1458 3566 1529 πρότερον
3597 1460 3690 1511 αὐ-

2123 1552 2249 1613 τοὺς
2299 1551 2712 1621 ἠπατηκέναι),
2759 1550 3041 1620 παρελθὼν
3091 1551 3179 1604 καὶ
3238 1550 3442 1620 μέλλων
3480 1551 3688 1602 ἐπιλύε-

2128 1642 2250 1693 σθαι
2288 1640 2348 1693 τὸ
2403 1641 2691 1711 ἐρώτημα,
2727 1642 2845 1694 οὐδὲ
2878 1642 3039 1705 αὐτὸς
3083 1640 3512 1705 καλλωπίζεται,
3554 1640 3687 1692 am

2124 1731 2385 1799 πρότερον
2421 1732 2703 1801 ἀνατίθησι
2752 1730 2828 1801 τῷ
2882 1731 3001 1800 Θεῷ
3051 1731 3112 1782 τὸ
3151 1732 3295 1791 πᾶν,
3348 1732 3441 1782 καί
3489 1747 3685 1799 φησιν’

2137 1805 2288 1888 Ἐμοί
2336 1821 2403 1873 δὲ
2441 1824 2550 1873 οὐκ
2598 1822 2667 1873 ἐν
2718 1822 2902 1890 σοφίᾳ
2946 1821 3022 1889 τῇ
3059 1822 3212 1889 οὔσῃ
3263 1822 3334 1874 ἐν
3372 1822 3498 1890 ἐμοὶ
3532 1822 3689 1887 παρὰ

2124 1907 2354 1974 πάντας
2391 1909 2737 1978 ἀνθρώπους
2768 1910 3179 1977 ἀπεκαλύφθη,
3200 1904 3545 1972 ὦβασιλεῦ.
3580 1909 3688 1959 Καὶ

2125 2000 2527 2070 προσεκύνησεν
2569 2000 2715 2071 αὐτῷ
2754 2003 2782 2053 6
2835 2000 3120 2070 βασιλεὺς,
3169 2001 3263 2053 καὶ
3306 1995 3425 2051 εἶπε
3470 1999 3681 2068 μαναάι

2125 2095 2363 2145 σπεῖσαι.
2413 2093 2577 2163 Ὀρᾷς
2608 2092 3138 2164 ταπεινοφροσύνηνς
3178 2094 3309 2163 ὁρᾷς
3342 2090 3686 2160 εὐγνωμοσύς

2120 2200 2251 2253 νην;
2279 2186 2408 2253 ὁρᾷς
2436 2185 2636 2252 ἄτυφον
2671 2180 2803 2253 ἦθος
2823 2185 3074 2249 ;’”Λκουε
3116 2183 3210 2236 καὶ
3239 2182 3346 2234 τῶν
3375 2180 3687 2234 ἀποστόλων

2122 2274 2418 2341 λεγόντων,
2463 2276 2592 2327 ποτέ
2630 2275 2761 2344 μὲν,
2804 2276 2863 2327 Τί
2910 2275 3053 2344 ἡμῖν
3102 2272 3418 2335 ἀτενίζετε,
3460 2272 3539 2336 ώς
3570 2270 3687 2339 Ζδία

2122 2362 2368 2431 δυνάμει
2408 2364 2446 2431 ἢ
2487 2363 2763 2430 εὐσεϐείᾳ
2799 2362 3160 2429 πεποιηκόσι
3200 2362 3305 2415 τοῦ
3347 2359 3688 2430 περιπατεῖν

2120 2456 2341 2518 αὺτόν;
2390 2455 2519 2507 ποτέ
2572 2454 2628 2508 δέ
2662 2455 2859 2518 πάλιν,
2908 2453 3095 2523 Ἡμεῖς
3133 2454 3507 2523 ὁμοιοπαθεῖς
3543 2452 3688 2521 ὑμῖν

2119 2546 2306 2613 ἐσμεν
2338 2545 2656 2614 ἄνθρωποι.
2687 2548 2748 2599 Εἰ
2770 2546 2825 2599 δὲ
2857 2548 3050 2599 ἐκεῖνοι
3077 2545 3364 2615 δεδομένας
3397 2544 3563 2615 τιμὰς
3592 2540 3685 2594 οῦ-

2118 2653 2225 2699 τως
2249 2636 2633 2707 ἀπεκρούοντο,
2668 2637 2762 2690 ἄνθ
2773 2655 2940 2708 ρωποι
2977 2637 3195 2709 μείζονα
3218 2636 3310 2689 τοῦ
3343 2633 3578 2707 Χριστοῦ
3599 2633 3685 2687 διὰ

2118 2728 2217 2797 τὴν
2248 2727 2342 2779 τοῦ
2373 2726 2608 2797 Χριστοῦ
2642 2728 3140 2798 ταπεινοφροσύνην
3180 2728 3560 2798 ἐργαζόμενοι,
3592 2724 3686 2777 καὶ

2117 2816 2207 2869 διὰ
2257 2818 2354 2888 τὴν
2401 2816 2563 2870 αὑτοῦ
2609 2817 2835 2888 δύναμιν
2879 2819 2973 2887 (Ὀ
3026 2818 3135 2887 γὰρ
3179 2818 3476 2871 πιστεύων
3518 2816 3680 2882 ἐμοὶ,

2119 2906 2270 2975 φησὶ,
2291 2906 2527 2975 μείζονα
2543 2906 2781 2975 ποιήσει
2799 2902 2886 2960 ὧν
2906 2908 3018 2977 ἐγὼ
3041 2909 3232 2977 ποιῶ)·
3258 2909 3372 2970 πῶς
3390 2909 3489 2960 οὐκ
3514 2906 3683 2961 ἄθλιοι

2117 3000 2212 3051 καὶ
2246 2995 2601 3068 ταλαίπωροι,
2636 3001 2683 3051 οἰ
2721 2999 2853 3069 μηδέ
2890 2999 3153 3061 κώνωπας
3183 2998 3410 3068 σοϐἧσαι
3452 2997 3686 3066 δυνάμε-

2116 3107 2226 3152 νοι,
2292 3090 2421 3159 μήτι
2476 3106 2540 3156 γε
2601 3089 2893 3159 δαίμονας;
2943 3092 2990 3143 οἱ
3056 3090 3192 3159 μηδέ
3249 3090 3345 3142 ἕνα
3402 3088 3685 3159 ἄνθρωπον

2114 3178 2392 3249 ὠφελῆσαι
2434 3178 2736 3251 ἰσχύοντες,
2785 3182 2915 3250 μήτι
2956 3197 3017 3247 γε
3047 3179 3144 3249 τὴν
3184 3179 3505 3247 οἰκουμένην
3541 3176 3685 3229 ἀπα-

2117 3286 2237 3331 σαν,
2262 3270 2358 3322 καὶ
2390 3270 2642 3323 τοσοῦτον
2666 3268 3005 3339 φρονοῦντες,
3029 3269 3151 3321 ὅσον
3177 3267 3298 3320 οὐδὲ
3335 3267 3396 3318 αὐ
3408 3266 3488 3329 τὸς
3519 3268 3546 3317 6
3571 3267 3685 3319 διά-

2115 3362 2295 3427 6ολος;

2182 3460 2250 3521 γ’.
2290 3452 2455 3507 Οὐδὲν
2514 3451 2656 3505 οὑτω
2694 3451 2870 3521 ψυχῆς
2901 3450 3174 3520 ἀλλότριον
3200 3449 3555 3520 Χριστιανῆς,
3612 3447 3688 3511 ὡς

2113 3539 2335 3591 ἀπόνοια
2361 3554 2372 3567 ⁸
2396 3539 2651 3591 ἀπόνοιαν
2669 3538 2831 3604 λέγω,
2854 3538 2912 3589 οὐ
2939 3538 3250 3608 παρρησίαν
3275 3534 3393 3587 οὐδέ
3411 3535 3681 3603 ἀνδρείαν·

2113 3628 2293 3679 ἐκεῖνα
2330 3626 2437 3696 γάρ
2483 3628 2679 3678 οἰκεῖα.
2703 3625 2928 3694 Ἕτερον
2971 3624 3080 3693 γάρ
3110 3641 3161 3676 τι
3208 3621 3365 3676 τοῦτό
3400 3626 3548 3685 ἐστι,
3592 3624 3686 3675 καὶ

2111 3712 2295 3784 ἕτερον
2341 3715 2515 3765 ἐκεῖνο
2548 3729 2560 3741 ·
2604 3712 2744 3764 ὥστε
2786 3712 2970 3781 ἕτερον
2997 3710 3023 3749 δ
3058 3711 3154 3780 μὲν
3194 3708 3682 3780 ταπεινοφροσύνη,

2108 3800 2293 3869 ἕτερον
2318 3801 2373 3853 δέ
2400 3799 2746 3869 ἀνελευθερία
2772 3799 2863 3851 καὶ
2892 3798 3149 3851 κολακεία
3170 3798 3264 3851 καὶ
3293 3797 3521 3850 θωπεία.
3552 3793 3681 3859 Καὶ,

2110 3889 2158 3938 εἰ
2196 3886 2478 3955 βούλεσθε,
2527 3886 2743 3939 πάντων
2775 3885 2977 3939 τούτων
3026 3886 3154 3955 ὑμῖν
3202 3885 3271 3939 τὰ
3313 3883 3684 3953 ὑποδείγματα

2111 3974 2344 4045 παρέξω.
2380 3977 2539 4027 Δοκεῖ
2588 3974 2696 4045 γάρ
2731 3987 2846 4037 πως
2882 3972 3292 4043 παρυφεστάναι
3322 3971 3391 4024 τὰ
3441 3971 3680 4033 ἐναντία,

2110 4060 2296 4131 ῶσπερ
2334 4061 2410 4131 τῷ
2433 4061 2562 4131 σίτῳ
2583 4061 2649 4113 τά
2680 4060 2912 4124 ζιζάνια,
2946 4060 3039 4112 καὶ
3067 4058 3145 4129 τῷ
3171 4059 3306 4128 ῥόδῳ
3337 4058 3392 4110 αἰ
3426 4057 3676 4112 ἄκανθαι.

2121 4148 2280 4201 Ἀλλὰ
2299 4149 2485 4211 παῖδες
2510 4148 2607 4217 μὲν
2631 4148 2866 4207 εὐκόλως
2891 4146 2956 4199 ἂν
2977 4145 3324 4216 ἀπατηθεῖεν,
3351 4148 3398 4197 οἱ
3429 4145 3484 4197 δὲ
3514 4145 3681 4208 ὅντως

2108 4238 2316 4308 ἄνδρες,
2357 4238 2453 4306 τῆς
2500 4238 2873 4307 πνευματικῆς
2920 4236 3071 4297 ὄντες
3101 4233 3372 4304 γεωργίας
3404 4232 3656 4301 ἔμπειροι

2112 4324 2254 4377 ἴσασι
2307 4324 2375 4377 τά
2407 4324 2574 4385 ὅντως
2602 4323 2779 4390 ἀγαθὰ
2820 4322 3136 4392 ἀποκρίνειν
3165 4320 3273 4372 τῶν
3304 4321 3509 4373 κακῶν.
3542 4321 3680 4391 Φέρε

2107 4407 2220 4475 οὖν,
2268 4411 2394 4481 ὑμῖν
2433 4410 2502 4462 τά
2544 4409 2912 4478 ὑποδείγματα
2942 4408 3120 4460 αὐτῶν
3164 4408 3271 4459 ἀπὸ
3298 4406 3407 4459 τῶν
3447 4408 3681 4478 Γραφῶν

2107 4499 2568 4569 παραστήσωμεν.
2609 4496 2674 4548 Τί
2706 4495 2835 4548 ποτέ
2858 4497 2972 4547 ἐστι
3002 4494 3281 4556 κολακεία,
3321 4495 3415 4547 καί
3457 4495 3679 4547 ἀνελευ-

2106 4585 2279 4656 θερία,
2302 4585 2396 4637 καὶ
2421 4582 2658 4647 θωπεία;
2685 4582 2743 4633 Ὀ
2764 4581 2897 4633 Σιδᾶ
2916 4582 3007 4634 τὸν
3029 4580 3189 4634 Δαυῖδ
3215 4580 3503 4633 ἐκολάκευε
3531 4583 3681 4650 παρά

2104 4673 2313 4743 καιρὸν,
2350 4672 2442 4724 καὶ
2487 4670 2576 4723 τὸν
2608 4670 2875 4739 δεσπότην
2903 4668 3114 4722 διέϐαλε
3158 4668 3248 4722 τὸν
3282 4669 3475 4722 ἐαυτοῦ
3503 4686 3516 4699 ο
3544 4669 3680 4739 μᾶ).-

2104 4759 2192 4811 λον
2212 4758 2266 4810 δὲ
2300 4760 2328 4811 6
2356 4755 2633 4826 Ἀχιτόφελ
2650 4756 2741 4808 τὸν
2781 4756 3149 4823 Ἀϐεσσαλώμ.
3187 4755 3323 4807 Ἀλλ’
3346 4756 3442 4825 οὐχ
3466 4758 3494 4809 6
3518 4754 3681 4809 Δαυτδ

2101 4845 2362 4910 τοιοῦτος,
2401 4844 2537 4897 ἀλλά
2564 4844 2970 4913 ταπεινόφρων.
3012 4844 3259 4907 Κόλακες
3307 4843 3414 4915 γάρ
3454 4846 3591 4897 εἰσιν
3628 4846 3678 4898 οἱ

2104 4934 2323 4987 ὖπουλοι
2348 4951 2362 4964 ·
2406 4928 2536 4997 οἷον,
2569 4933 2643 4995 ὡς
2681 4934 2808 4985 ὅταν
2836 4933 3066 5001 λέγωσιν
3092 4933 3141 4985 οἰ
3178 4933 3362 5002 μάγοι,
3388 4933 3676 4994 Βασιλεῦ,

2103 5023 2227 5089 ζῆθι
2265 5025 2351 5085 εὶς
2381 5022 2523 5086 τοὺς
2549 5021 2787 5085 αἰῶνας.
2836 5021 2947 5074 Καὶ
2985 5021 3077 5073 ἐπὶ
3112 5020 3204 5073 τοῦ
3237 5020 3448 5073 Παύλου
3472 5022 3530 5071 ἐν
3557 5022 3679 5082 ταῖς

2102 5110 2337 5181 Πράξεσι
2379 5108 2547 5161 πολλά
2596 5108 2822 5173 τοιαῦτα
2865 5108 3189 5178 εὑρήσομεν,
3230 5109 3360 5161 ὅταν
3404 5107 3678 5169 Ἰουδαίοις

2100 5198 2443 5264 διαλέγηται,
2504 5196 2564 5248 οὑ
2612 5194 2952 5260 κολακεύων,
3002 5195 3136 5249 ἀλλὰ
3194 5193 3671 5263 ταπεινοφρονῶν’

2101 5281 2207 5338 οἶδε
2226 5284 2334 5354 γὰρ
2362 5284 2455 5337 καὶ
2481 5283 2982 5355 παρρησιάζεσθαι·
3008 5282 3083 5345 ὼς
3098 5283 3226 5335 ὅταν
3242 5281 3395 5351 λέγῃ,
3426 5280 3675 5348 Ἄνδρες

2101 5372 2369 5440 ἀδελφοὶ,
2401 5372 2583 5425 οὐδὲν
2608 5372 2886 5424 ἐναντίον
2909 5369 3173 5436 ποιήσας
3200 5369 3279 5435 τῷ
3307 5367 3453 5433 λαῷ,
3484 5368 3521 5437 ἢ
3547 5369 3673 5435 τοῖς

2102 5460 2390 5529 πατρῴοις
2432 5461 2594 5515 ἔθεσι
2618 5502 2633 5528 ,
2673 5460 2917 5529 δέσμιος
2969 5460 3039 5523 ἐξ
3095 5458 3477 5529 Ἰερουσαλὴμ
3528 5473 3672 5527 παρ-

2163 5701 2179 5725 ’
2204 5704 2376 5752 Μαναά
2397 5716 2461 5753 ex
2485 5703 2867 5770 Hebraeum-un,
2890 5702 3087 5767 donum,
3113 5700 3305 5755 oblatio.

2163 5773 2194 5814 ιι
2218 5774 2403 5826 Mavult
2422 5776 2638 5827 Dunaeus
2656 5777 2721 5831 ὡς
2742 5776 2917 5837 ἕτερον.
