4108 6410
400 268 508 326 ἩἹ

391 376 624 444 εδόθην.
653 378 772 431 Ὀτι
810 378 916 449 γάρ
956 380 1451 452 ταπεινοφροσύνης
1502 377 1571 453 ἦν
1616 384 1684 436 τὰ
1716 386 1956 455 ῥήματα,

393 468 624 521 ἄκουσον
649 464 797 537 [252]
826 466 943 530 πῶς
964 467 1146 531 αὐτοῖς
1172 469 1401 541 ἐπιτιμᾷ
1427 472 1516 525 διὰ
1536 472 1643 525 τῶν
1675 472 1798 543 ἑξῆς
1820 472 1962 526 οὕτω

393 556 596 623 λέγων·
652 552 861 619 Καλῶς
899 548 1030 607 εἷπε
1057 553 1123 607 τὸ
1173 556 1414 625 Πνεῦμα
1440 558 1506 610 τὸ
1546 558 1741 629 ἅγιον
1794 558 1963 626 Ἀκοῇ

395 642 702 701 ἀκούσετε.
732 641 829 695 καί
864 642 938 695 οὐ
958 641 1045 710 μὴ
1072 642 1318 710 συνῆτε,
1349 644 1799 712 καίβλέποντες
1819 646 1965 711 ,ϐλέ-

396 733 565 798 ista,
598 728 697 781 καί
721 729 793 781 οὐ
814 728 900 798 μὴ
949 729 1135 797 ἴδητε.
1177 728 1329 794 Εἶδες
1368 732 1649 804 ἀνδρείαν;
1692 735 1831 805 Ὅρα
1873 733 1966 787 καὶ

412 816 655 870 Ἰωάννου
698 814 791 867 τοῦ
846 816 1147 870 Βαπτιστοῦ
1197 819 1298 888 τὴν
1325 820 1608 891 ἀνδρείαν,
1640 814 1674 893 ᾖ
1706 821 1839 891 πρὸς
1876 820 1965 873 τὸν

410 901 654 972 Ἡρώδην
669 904 939 974 ἐχρήσατο
956 903 1147 971 λέγων·
1179 907 1300 959 Οὐκ
1321 905 1525 969 ἔξεστί
1545 921 1646 961 σοι
1668 907 1831 975 ἔχειν
1855 908 1968 974 τὴν

401 989 654 1059 γυναῖκα
677 990 975 1044 Φιλίππου
1011 990 1118 1045 τοῦ
1150 990 1416 1061 ἀδελφοῦ
1454 1006 1590 1046 σου.
1630 992 1805 1046 Τοῦτο
1829 994 1969 1063 παῤ-

404 1075 567 1147 ρησία
589 1116 605 1141 ,
628 1076 784 1130 τοῦτο
800 1075 1020 1146 ἀνδρεία
1038 1093 1051 1108 ·
1080 1077 1194 1130 ἀλλ’
1218 1078 1316 1130 οὐκ
1341 1079 1515 1131 έκεῖνο
1542 1077 1604 1130 τὸ
1642 1076 1737 1131 τοῦ
1753 1078 1966 1147 Σεμεεὶ,

402 1165 491 1217 ὅτε
519 1164 722 1232 ἔλεγεν,
761 1164 1033 1229 ’Ἐξελθῆ
1071 1168 1104 1218 ό
1135 1164 1291 1232 ἀνὴρ
1318 1164 1435 1218 τῶν
1465 1164 1724 1235 αἱμάτων
1748 1179 1763 1195 ο
1794 1165 1971 1218 καίτοι

403 1252 650 1315 κάκεῖνος
671 1253 880 1321 ὲπαρῤη
891 1251 1130 1305 σιάσατο.
1156 1252 1294 1305 Ἀλλ’
1311 1253 1411 1306 οὐκ
1431 1251 1546 1306 ἐστι
1561 1251 1717 1305 τοῦτο
1731 1251 1971 1322 ἀνδρεία,

404 1338 543 1392 ἀλλά
597 1337 869 1407 θρασύτης
907 1339 1001 1393 καὶ
1052 1338 1212 1410 ὕϐρις
1259 1340 1353 1393 καὶ
1388 1338 1602 1407 γλῶττα
1634 1338 1961 1402 ἀκόλαστος.

408 1425 636 1496 ἰ’ὅρισε
658 1426 752 1478 καὶ
792 1425 1026 1489 Ἰεζάϐελ
1050 1424 1142 1478 τὸν
1182 1426 1322 1495 Ἰηοῦ
1353 1426 1589 1494 λέγουσα
1614 1441 1626 1454 ·
1669 1425 1724 1477 '0
1747 1424 1969 1493 φονεὺς

407 1514 511 1568 τοῦ
531 1514 740 1580 κυρίου
762 1511 948 1566 αὐτοῦ
974 1529 988 1543 ο
1018 1513 1152 1566 ἀλλά
1176 1513 1451 1583 θρασύτης
1473 1509 1559 1583 ἦν,
1578 1513 1639 1565 ού
1670 1511 1969 1583 παρρησία.

410 1600 639 1670 ’Υδρισε
666 1602 758 1652 καὶ
796 1601 825 1651 ὁ
860 1599 1075 1663 Ἠλίας,
1122 1599 1258 1653 ἀλλά
1296 1600 1579 1671 παρρησία
1615 1599 1708 1651 καὶ
1754 1598 1974 1666 ἀνδρεία

409 1685 476 1761 ἦν
498 1706 511 1720 ο
538 1691 659 1743 Οὐκ
690 1689 806 1759 ἐγὼ
834 1690 943 1757 γὰρ
970 1687 1302 1756 διαστρέψω
1343 1687 1451 1741 τὸν
1487 1686 1670 1751 λαὸν,
1702 1686 1861 1740 ἀλλὰ
1893 1685 1975 1739 σὺ

412 1776 509 1829 καὶ
550 1778 582 1830 ό
628 1771 789 1841 οἷκος
844 1776 949 1829 τοῦ
1015 1776 1236 1842 πατρός
1304 1789 1443 1828 σου.
1506 1772 1978 1845 Ἐπαρρησιάσατο

414 1864 576 1918 πάλιν
600 1862 731 1934 πρὸς
764 1862 1050 1933 ὁλόκληρον
1088 1861 1257 1931 δῆμον
1288 1861 1316 1913 ὁ
1360 1860 1564 1925 Ἠλίας,
1598 1860 1768 1928 λέγων
1789 1876 1801 1891 ·
1831 1860 1979 1925 Ἕως

415 1949 561 2002 πότε
611 1947 929 2016 χωλανεῖτε
991 1948 1084 1999 ἐπ’
1139 1946 1499 2017 ἀμφοτέραις
1556 1947 1685 2012 ταῖς
1749 1946 1980 2016 ἰγνύαις

414 2035 582 2105 ὑμῶν
597 2051 616 2099 ;
641 2035 808 2088 Τοῦτο
835 2035 1115 2107 παρρησία
1143 2037 1235 2088 καὶ
1260 2034 1497 2106 ἀνδρεία,
1517 2035 1578 2087 τὸ
1597 2033 1940 2102 καθάψασθαι
1962 2048 1978 2065 ⁸

417 2123 573 2177 τοῦτο
589 2123 679 2176 καὶ
697 2123 746 2174 οἱ
772 2123 1039 2193 προφῆται
1063 2122 1295 2175 ἐποίουν·
1319 2119 1433 2175 ἀλλ’
1451 2110 1982 2189 ἐκείνοθρασύτητος

417 2208 507 2283 ἦν.
532 2210 716 2274 Θέλεις
750 2210 875 2263 ίδετν
903 2212 999 2263 καὶ
1024 2208 1521 2280 ταπεινοφροσύνης
1554 2209 1644 2261 καὶ
1670 2205 1980 2277 ἐλευθερίας

421 2300 674 2370 ρήματα;
725 2298 887 2351 ἀκουε
947 2296 1157 2350 Παύλου
1226 2296 1501 2364 λέγοντος⁸
1534 2294 1711 2364 ίἘμοὶ
1771 2292 1839 2347 δὲ
1902 2293 1981 2358 εἰς

419 2385 743 2454 ἐλάχιστόν
782 2385 978 2448 ἐστιν,
1006 2385 1107 2437 ἵνα
1134 2382 1237 2452 ὑφ’
1270 2382 1434 2452 ὑμῶν
1456 2380 1768 2450 ἀνακριθῶ,
1794 2379 1831 2449 ἢ
1865 2378 1983 2434 ὑπὸ

420 2474 799 2543 ἀνθρωπίνης
854 2473 1107 2542 ἡμέρας·
1154 2472 1289 2525 ἀλλ’
1343 2470 1486 2526 οὐδὲ
1533 2468 1794 2539 ἐμαυτὸν
1841 2469 1987 2522 ἁνα-

423 2562 624 2630 κρίνω.
650 2560 843 2615 Οὐδὲν
867 2566 978 2630 γὰρ
1021 2559 1255 2630 ἐμαυτῷ
1286 2559 1573 2614 σύνοιδα⁶
1608 2559 1746 2613 ἀλλ’
1779 2558 1891 2611 οὐκ
1919 2556 1989 2609 ἐν

422 2651 611 2717 τούτῳ
637 2649 1033 2718 δεδικαίωμαι.
1077 2648 1247 2701 Τοῦτο
1291 2648 1635 2717 φρονήματος
1680 2642 1989 2715 Χριστιανῷ

426 2738 746 2809 πρέποντος.
784 2738 893 2791 Καὶ
932 2737 1118 2797 πάλιν,
1164 2732 1356 2802 Τολμᾷ
1392 2752 1482 2799 τις
1515 2733 1683 2802 ὑμῶν
1709 2734 1859 2801 πρὸς
1883 2732 1990 2785 τὸν

424 2824 629 2892 ἕτερον
658 2822 895 2893 πρᾶγμα
922 2823 1077 2892 ἔχων
1112 2822 1418 2890 κρίνεσθαι
1443 2820 1542 2873 ἐπὶ
1581 2819 1700 2873 τῶν
1745 2819 1987 2883 ἀδίκων,

426 2913 524 2964 καὶ
562 2910 697 2979 οὐχί
741 2910 841 2963 ἐπὶ
877 2908 993 2963 τῶν
1036 2908 1255 2977 ἀγίων;
1302 2906 1491 2959 Βούλει
1538 2905 1828 2960 κολακείαν
1866 2904 1991 2957 ίδεῖν

429 2997 536 3050 τῶν
585 2998 825 3067 ἀνοήτων
886 2995 1186 3059 Ἰουδαίωνς
1253 2995 1417 3049 ἄκουε
1469 2992 1755 3061 λεγόντων,
1806 2990 1995 3060 Ἡμεῖς

430 3088 541 3139 οὐκ
585 3085 804 3155 ἔχομεν
846 3085 1142 3150 βασιλέα,
1207 3085 1260 3136 εὶ
1317 3080 1403 3152 μὴ
1464 3082 1753 3150 Καίσαρα.
1810 3078 1997 3133 Βούλει

1006 338 1011 343 δ
1081 267 1138 322 S.
1179 267 1465 326 JOANNIS
1501 268 1987 330 CHRYSOSTOMI
2023 273 2340 332 ARCHIEP.
2375 270 2917 332 CONSTANTINOP.

3518 272 3626 329 2ιὸ

2066 386 2564 459 ταπεινοφροσύνην
2620 386 2777 451 ίδεῖν;
2849 386 3011 440 ἄκουε
3060 383 3220 439 πάλιν
3276 384 3371 439 τοῦ
3421 381 3635 439 Παύλου

2068 472 2317 541 λέγοντος
2342 491 2357 504 ·
2409 475 2493 527 Οὐ
2540 472 2650 541 γὰρ
2704 470 2957 534 ἑαυτοὺς
3001 470 3429 539 κηρύσσομεν,
3476 469 3638 524 ἀλλὰ

2066 558 2323 627 Χριστὸν
2370 559 2607 627 Ἰησοῦν
2664 558 2902 624 Κύριον,
2953 556 3204 621 ἑαυτοὺς
3262 555 3332 609 δὲ
3372 556 3637 621 δούλους

2068 647 2235 716 ὑμῶν
2261 646 2357 700 διὰ
2400 645 2653 713 Ἰησοῦν.
2683 644 2870 696 Βούλει
2898 643 2991 697 καὶ
3022 643 3313 697 κολακείαν
3358 643 3504 707 ίδεῖν,
3540 642 3638 696 καὶ⁸

2070 734 2401 805 θρασύτητας
2432 733 2740 804 θρασύτητα
2766 733 2863 803 μὲν
2882 732 2980 802 τὴν
3004 731 3098 785 τοῦ
3112 732 3321 793 Νάϐαλ,
3355 730 3641 784 κολακείαν

2069 824 2126 877 δὲ
2154 823 2249 893 τὴν
2282 824 2388 875 τῶν
2421 822 2689 891 Ζιφαίων;
2724 822 2819 875 καὶ
2845 820 2960 884 πῶς
2990 822 3018 873 ὁ
3046 821 3143 890 μὲν
3180 820 3474 883 ὠνείδιζεν,
3504 821 3554 873 οἱ
3584 820 3641 872 δὲ

2073 912 2439 982 προδεδώκασι
2454 915 2519 982 τῇ
2536 910 2729 981 γνώμῃ
2751 911 2841 963 τὸν
2858 910 3021 963 Δαυῖδ
3042 927 3056 974 ;
3085 909 3272 962 Βούλει
3301 910 3637 978 φιλοσοφίαν,

2074 1000 2167 1052 καὶ
2188 1000 2247 1051 ού
2297 999 2585 1053 κολακείαν
2611 998 2737 1051 ἰδεῖν
2773 998 2875 1068 τὴν
2894 995 2986 1050 τοῦ
3031 998 3221 1063 Δαυῒδ;
3260 997 3374 1059 πῶς
3416 989 3528 1048 εἷλε
3550 994 3642 1047 τὸν

2073 1086 2266 1148 Σαοὺλ,
2305 1086 2401 1139 καὶ
2441 1086 2729 1155 ὲφείσατος
2794 1083 2983 1137 Βούλει
3036 1083 3326 1137 κολακείαν
3368 1082 3493 1135 ἰδεῖν
3531 1082 3645 1133 τῶν

2074 1171 2509 1227 ἀποκτεινάντων
2553 1171 2647 1225 τὸν
2700 1168 3075 1239 Μεμφιὸοσθὲ,
3129 1168 3222 1232 οὒς
3256 1168 3349 1222 καὶ
3381 1168 3590 1221 ἀνεῖλεν
3613 1168 3648 1219 ὸ

2075 1259 2277 1323 Auum;
2322 1258 2533 1322 ’Λπλῶς
2585 1259 2670 1322 δὲ,
2726 1245 2819 1311 κάι
2872 1256 2947 1319 ὡς
3000 1257 3059 1308 ὲν
3100 1254 3467 1319 ὑποτυπώσει,
3522 1256 3579 1307 ὲν
3615 1266 3641 1294 ι

2076 1344 2353 1415 κεφαλαίῳ
2408 1346 2602 1407 είπείν,
2666 1342 2940 1414 θρασύτης
3006 1341 3103 1412 μέν
3160 1343 3331 1402 ἐστιν,
3383 1341 3511 1393 ὅταν
3563 1355 3648 1401 τις

2074 1431 2360 1501 ὀργίζηται
2415 1432 2510 1484 καὶ
2558 1429 2755 1500 ὑϐρίζῃ
2798 1430 2889 1482 ἐπὶ
2945 1428 3136 1498 μηδενὶ
3180 1428 3551 1498 προσήκοντι,
3610 1425 3643 1494 ἧ

2078 1518 2266 1572 ἑαυτὸν
2289 1517 2539 1582 ἐκδικῶν,
2580 1517 2613 1588 ἢ
2662 1518 2860 1577 ἀδίκως
2897 1533 3015 1579 πως
3042 1514 3439 1585 θρασυνόμενος
3463 1529 3478 1544 ο
3506 1514 3649 1583 παῤ-

2080 1604 2246 1675 ῥησία
2281 1603 2337 1656 δὲ
2370 1604 2463 1656 καὶ
2500 1602 2752 1673 ἀνδρεία,
2797 1603 2926 1656 ὃταν
2959 1601 3217 1655 κινδύνων
3256 1601 3349 1653 καὶ
3404 1599 3649 1653 θανάτων

2075 1692 2414 1761 κατατολμᾷ,
2448 1691 2543 1744 καὶ
2568 1690 2747 1760 φιλίας
2781 1691 2874 1743 καὶ
2898 1688 3197 1759 ἀπεχθείας
3238 1687 3484 1757 ὑπερορᾷ
3507 1686 3659 1756 ὑπὲρ

2074 1779 2183 1832 τῶν
2210 1778 2511 1832 δοκούντων
2535 1779 2611 1848 τῷ
2635 1777 2773 1847 Θεῷ.
2815 1776 2983 1830 Πάλιν
3006 1775 3262 1828 κολακεία
3291 1774 3388 1845 μέν
3412 1777 3527 1826 ἐστι
3557 1774 3655 1826 καὶ

2077 1868 2446 1938 ἀνελευθερία,
2494 1868 2623 1920 ὅταν
2666 1884 2748 1930 τις
2798 1865 3076 1937 θεραπεύῃ
3125 1863 3278 1926 τινὰς
3320 1864 3413 1915 ἐπὶ
3465 1860 3654 1932 μηδενὶ

2077 1956 2183 2007 τῶν
2214 1954 2457 2016 δεόντων,
2486 1953 2622 2007 ἀλλά
2664 1952 2982 2024 θηρώμενος
3005 1969 3057 2003 τι
3079 1950 3188 2003 τῶν
3215 1949 3480 2020 βιωτικῶν
3505 1965 3518 1979 ο
3552 1965 3650 2000 τα-

2080 2058 2268 2110 πεινοφ
2277 2040 2469 2112 ροσύνη
2488 2040 2564 2105 δὲ,
2583 2042 2710 2094 ὅταν
2734 2057 2815 2103 τις
2837 2038 2975 2109 ὑπὲρ
2994 2039 3103 2091 τῶν
3122 2036 3202 2107 τῷ
3219 2036 3337 2105 Θεῷ
3357 2034 3657 2089 δοκούντων

2080 2127 2235 2181 τοῦτο
2249 2129 2396 2198 ποιῇ,
2423 2127 2539 2192 καὶ,
2566 2125 2707 2179 ὥστε
2727 2125 2918 2179 ἀνύσαι
2961 2143 3012 2178 τι
3044 2124 3183 2195 μέγα
3206 2124 3301 2177 καὶ
3322 2121 3652 2191 θαυμαστὸν,

2083 2214 2190 2268 ἀπὸ
2220 2214 2314 2267 τοῦ
2339 2213 2647 2284 ἀξιώματος
2685 2213 2898 2283 καταϐῇ
2943 2210 3036 2265 τοῦ
3075 2211 3293 2264 ἑαυτοῦ.
3341 2210 3438 2261 Ἂν
3482 2207 3659 2260 ταῦτα

2085 2302 2336 2373 εἰδῶμεν,
2376 2301 2634 2373 μακάριοί
2672 2302 2858 2370 ὲσμεν,
2900 2300 2994 2353 ἐὰν
3033 2298 3194 2372 [2551.
3223 2297 3465 2367 ποιῶμεν
3495 2295 3651 2348 αὑτά.

2085 2388 2160 2441 Οὐ
2185 2386 2293 2457 γὰρ
2321 2387 2480 2457 ἀρκεῖ
2521 2385 2583 2437 τὸ
2614 2384 2812 2438 εἰδέναι
2833 2400 2848 2414 ’
2883 2385 2969 2437 Οὐ
3007 2385 3118 2452 γὰρ
3151 2385 3207 2436 οὶ
3243 2378 3526 2449 ἀκροαταί
3552 2378 3658 2431 τοῦ

2084 2474 2295 2542 νόμου,
2332 2472 2523 2542 φησὶν,
2551 2470 2688 2525 ἀλλ’
2714 2474 2767 2524 οὶ
2805 2468 3043 2537 ποιηταί
3080 2467 3186 2522 τοῦ
3214 2467 3401 2535 νόμου
3432 2463 3660 2517 δικαίων

2087 2561 2372 2630 θήσονται
2392 2576 2404 2589 ·
2415 2558 2613 2630 μᾶλλον
2641 2558 2697 2611 δὲ
2726 2558 2821 2610 καὶ
2849 2554 3168 2625 κατακρίνει
3197 2553 3257 2607 τὸ
3284 2552 3501 2617 εἰδέναι,
3532 2550 3661 2602 ὅταν

2088 2648 2255 2718 χωρὶς
2289 2647 2387 2716 τῆς
2420 2646 2674 2718 πράξεως
2706 2640 2862 2717 ᾕκαὶ
2904 2643 3011 2697 τῶν
3040 2640 3503 2711 κατορθωμάτων.
3540 2636 3667 2689 ἰνα

2089 2728 2179 2787 οὖν
2200 2734 2297 2803 τὴν
2319 2732 2637 2803 κατάκρισιν
2660 2731 2940 2801 φύγωμεν,
2962 2728 3305 2800 μετέλθωμεν
3324 2727 3422 2796 τὴν
3446 2723 3661 2794 πρᾶξιν,

2091 2822 2179 2874 ἵνα
2204 2820 2455 2890 τύχωμεν
2485 2820 2592 2873 τῶν
2630 2818 3056 2891 ἐπηγγελμένων
3076 2815 3316 2884 ἀγαθῶν,
3352 2814 3534 2884 χάριτι
3571 2811 3673 2865 καὶ

2099 2908 2475 2979 φιλανθρωπίᾳ
2502 2907 2595 2959 τοῦ
2625 2905 2831 2974 Κυρίου
2855 2904 3013 2975 ἡμῶν
3042 2902 3218 2975 Ἰησοῦ
3255 2899 3516 2972 Χριστοῦ.

2167 3089 2191 3118 ο
2214 3079 2357 3142 Legit
2374 3078 2589 3128 Danaus
2611 3078 2692 3125 καὶ
2718 3078 2784 3125 ἐν.

1300 3325 3653 3364 MM”-

1925 3576 2167 3630 OMIAIA
2203 3571 2295 3642 ς’.

454 3749 637 3805 τοῦτο
678 3750 791 3816 γὰρ
828 3744 1160 3815 φρονείσθω
1188 3742 1258 3796 ἐν
1297 3740 1461 3811 ὑμῖν,
1487 3740 1519 3793 ὃ
1555 3739 1657 3794 καί
1688 3738 1758 3791 ἐν
1785 3733 2014 3804 Χριστῷ

531 3835 757 3904 ἰησοῦο
798 3834 865 3900 ὃς
901 3833 970 3885 ἑν
1002 3828 1207 3901 μορφῇ
1246 3828 1391 3883 Θεοῦ
1420 3826 1724 3896 ὑπάρχων,
1763 3827 1875 3893 οὺχ
1913 3824 2017 3891 ἁρ-

518 3924 751 3996 παγμὸν
778 3921 1045 3993 ἡγήσατο
1068 3918 1134 3973 τὸ
1160 3916 1312 3973 εἶναι
1338 3918 1443 3971 τσα
1470 3914 1609 3982 Θεῷ,
1641 3916 1779 3970 ἀλλ’
1802 3912 2017 3967 ἑαυτὸν

516 4014 795 4074 ἐκένωσε,
840 4007 1082 4081 μορφὴν
1099 4006 1323 4061 δούλου
1349 4003 1570 4069 λαϐὼν,
1605 4004 1675 4056 ἐν
1701 4001 2017 4071 ὁμοιώματι

518 4099 843 4168 ἀνθρώπων
876 4098 1227 4165 γενόμενος,
1272 4090 1371 4169 καί
1428 4091 1691 4160 σχήματι
1758 4085 2017 4156 εὑρεθείς

519 4189 600 4255 ὡς
626 4187 953 4255 ἄνθρωπος,
1000 4181 1402 4235 ἐταπείνωσεν
1420 4178 1657 4239 ἑαυτὸν,
1699 4175 2018 4245 γενόμενος

519 4275 790 4345 ὑπήκοος
821 4271 996 4342 μέχρι
1024 4267 1303 4331 θανάτου,
1336 4265 1592 4322 θανάτου
1628 4263 1697 4317 δὲ
1729 4261 2012 4331 σταυροῦ.

523 4457 594 4507 ατ.
611 4450 669 4502 ὐ
690 4447 892 4519 Κύριος
912 4444 1069 4517 ἡμῶν
1095 4441 1301 4515 Ἰησοῦς
1320 4438 1552 4511 Χριστὸς
1574 4436 1707 4508 πρὸς
1722 4437 1791 4489 τά
1809 4435 2019 4504 μεγάλα

454 4537 778 4609 προτρέπων
809 4536 933 4596 τοὺς
967 4530 1157 4586 ἑαυτοῦ
1195 4526 1461 4601 μαθητὰς,
1497 4524 1686 4578 ἑαυτὸν
1718 4523 2025 4588 ὑπόδειγμα

453 4610 656 4697 τίθησι,
682 4624 774 4677 καὶ
795 4623 886 4675 τὸν
913 4620 1153 4688 Πατέρα,
1180 4617 1275 4672 καὶ
1298 4616 1423 4679 τοὺς
1448 4612 1752 4685 προφήτας,
1792 4610 1866 4675 ὡς
1894 4611 2022 4663 ὅταν

452 4712 587 4783 λέγῃ
613 4727 629 4743 ο
680 4709 851 4763 Οὕτω
884 4710 994 4777 rdtp
1034 4706 1335 4773 ἐποίησαν
1367 4701 1492 4767 τοῖς
1532 4698 1864 4769 προφήταις
1901 4697 2024 4763 τοῖς

455 4800 570 4868 πρὸ
596 4796 789 4866 ὑμῶν·
826 4797 919 4849 καὶ
950 4794 1141 4857 πάλιν,
1189 4794 1256 4846 EI
1292 4790 1398 4860 ἐμὲ
1442 4787 1717 4852 ἐδίωξαν.
1739 4786 1838 4839 καί
1870 4784 2025 4855 ὑμᾶς

458 4888 771 4951 διώξουσι·
800 4886 912 4944 καὶ,
938 4883 1166 4936 Μὰθετε
1210 4881 1310 4934 ἀπ’
1340 4878 1507 4947 ἐμοῦ,
1539 4877 1627 4929 ὅτι
1656 4872 1846 4943 πρᾶός
1875 4876 2022 4943 εἰμι’

461 4976 554 5030 καὶ
582 4974 763 5038 πάλιν,
796 4971 1171 5039 Οίκτίρμονες
1192 4968 1448 5038 γίνεσθε,
1475 4966 1554 5031 ὡς
1580 4967 1612 5018 ό
1638 4963 1837 5030 Πατὴρ
1863 4960 2030 5030 ὑμῶν

463 5067 496 5118 ὁ
533 5062 602 5117 ἐν
642 5060 765 5126 τοῖς
796 5055 1092 5125 οὐρανοῖς.
1129 5054 1299 5107 Τοῦτο
1338 5054 1429 5133 καὶ
1461 5053 1489 5103 ὁ
1521 5052 1786 5122 μακάριος
1819 5048 2029 5112 Παῦλος

464 5155 625 5207 ποιεί.
676 5148 1005 5220 Προτρέπων
1032 5148 1137 5213 γὰρ
1166 5144 1361 5207 αὐτοὺς
1393 5144 1473 5205 είς
1507 5140 2027 5211 ταπεινοφροσύνην,

463 5242 556 5296 τὸν
583 5238 816 5311 Χριστὸν
860 5237 941 5298 εἰς
997 5235 1159 5304 μέσον
1191 5233 1477 5301 παρήγαγε
1498 5244 1516 5259 ο
1550 5234 1643 5282 καὶ
1671 5229 1769 5282 οὐκ
1799 5227 2029 5281 ἐνταῦθα

471 5330 649 5400 μόνον,
696 5326 830 5380 ἀλλὰ
864 5324 959 5377 καὶ
1006 5323 1095 5375 ὅτε
1138 5320 1266 5389 περὶ
1301 5318 1665 5388 φιλοπτωχίας
1701 5316 2027 5384 διαλέγεται,

467 5417 611 5472 οὕτω
652 5414 767 5479 πώς
812 5427 976 5483 φησι”
1016 5408 1347 5464 Γινώσκετε
1383 5406 1492 5475 γὰρ
1546 5404 1659 5471 τὴν
1709 5403 1884 5473 χάριν
1924 5403 2030 5457 τοῦ

471 5504 691 5572 κυρίου
755 5498 923 5569 ἡμῶν
988 5494 1183 5564 Ἰησοῦ
1231 5492 1524 5563 Χριστοῦ,
1585 5492 1675 5545 ὅτι
1737 5491 1811 5543 δι’
1875 5489 2034 5559 ἡμᾶς

471 5592 812 5661 ἐπτώχευσε
868 5587 1162 5650 πλούσιος
1214 5581 1317 5637 ὧν.
1383 5581 1548 5635 Οὐδὲν
1590 5581 1698 5651 γάρ
1746 5579 1886 5633 οὕτω
1935 5577 2033 5648 τὴν

478 5679 716 5753 μεγάλην
746 5677 843 5732 καὶ
885 5674 1173 5745 φιλόσοφον
1208 5668 1383 5741 ψυχὴν
1423 5667 1723 5739 διανίστησι
1768 5666 1905 5736 πρὸς
1935 5664 2032 5735 τὴν

2113 3732 2221 3786 τῶν
2262 3729 2483 3801 ἀγαθῶν
2527 3727 2808 3799 ἐργασίαν,
2858 3725 2933 3790 ὡς
2966 3726 3027 3778 τὸ
3069 3723 3278 3796 μαθετν,
3320 3720 3401 3773 ὅτι
3440 3717 3516 3788 τῷ
3560 3714 3683 3787 Θεῷ

2115 3820 2259 3875 κατὰ
2327 3817 2485 3872 τοῦτο
2557 3814 2856 3885 ὁμοιοῦται.
2915 3813 2979 3867 Τί
3014 3813 3121 3883 γάρ
3181 3810 3294 3862 ίσον
3349 3806 3540 3861 τούτου
3598 3806 3683 3868 εἱς

2115 3909 2450 3979 προτροπήν;
2467 3904 2655 3959 Οὐδέν.
2678 3904 2744 3956 Ὃ
2758 3903 2821 3972 δὴ
2835 3903 2928 3955 καὶ
2944 3900 3152 3962 Παῦλος
3170 3894 3680 3967 είδὼς,προτρέπων

2116 3995 2311 4057 αὐτοὺς
2322 3996 2400 4057 είς
2414 3988 2924 4062 ταπεινοφροσύνην,
2945 3986 3158 4056 πρῶτον
3179 3984 3276 4056 μὲν
3289 3982 3685 4053 παρεκάλεσεν,

2120 4080 2396 4152 ἱκετηρίαν
2423 4079 2617 4148 ἔθηκεν
2636 4094 2650 4107 ο
2683 4075 2802 4129 εἷτα
2828 4076 2922 4128 καὶ
2956 4071 3319 4144 ὲντρεπτικῶς
3344 4066 3517 4131 εἶπεν,
3552 4070 3682 4124 Ὅτι

2116 4167 2185 4221 ἐν
2228 4166 2317 4220 ἐνὶ
2364 4166 2658 4234 πνεύματι
2701 4161 2993 4226 στήκετε⁸
3022 4155 3207 4222 εἷπεν,
3258 4157 3387 4210 Ὅτι
3428 4157 3683 4223 ἐκείνοις

2117 4254 2372 4318 ἔνδειξις
2408 4251 2728 4316 ἀπωλείας,
2778 4248 2923 4317 ὑμῖν
2952 4246 3021 4300 δὲ
3046 4244 3360 4316 σωτηρίας.
3391 4243 3497 4296 Καὶ
3528 4243 3685 4297 τοῦτο

2117 4343 2309 4397 λοιπὸν
2327 4342 2543 4413 τίθησι·
2586 4340 2766 4394 Τοῦτο
2806 4338 2917 4407 γὰρ
2965 4335 3297 4404 φρονείσθω
3342 4332 3413 4385 ἐν
3447 4332 3608 4400 ὑμῖν,
3649 4331 3682 4385 ὃ

2120 4433 2218 4487 καὶ
2241 4433 2311 4486 ἐν
2333 4428 2565 4499 Χριστῷ
2590 4427 2804 4493 Ἰησοῦ.
2827 4426 2893 4492 ὃς
2913 4426 2989 4479 ἐν
2997 4422 3198 4493 μορφῇ
3214 4421 3361 4477 Θεοῦ
3378 4421 3683 4490 ὑπάρχων,

2120 4524 2233 4590 οὐχ
2254 4518 2566 4588 ἁρπαγμὸν
2613 4516 2883 4585 ἡγήσατο
2930 4514 2998 4566 τὸ
3034 4508 3183 4566 εἶναι
3224 4511 3329 4563 ίσα
3367 4508 3507 4574 Θεῷ,
3552 4509 3696 4561 ἀλλ’

2120 4606 2336 4662 ἑαυτὸν
2347 4605 2627 4667 ἐκένωσε,
2638 4600 2873 4672 μορφὴν
2890 4599 3113 4653 δούλου
3129 4597 3345 4651 λαϐὼν.
3367 4595 3684 4666 Προσέχετε.

2123 4692 2447 4767 παρακαλῶ,
2470 4693 2561 4745 καὶ
2574 4692 2914 4757 διανάστητε.
2941 4685 3207 4755 Καθάπερ
3217 4685 3326 4755 γάρ
3347 4700 3433 4745 τις
3447 4682 3693 4752 μάχαιρα

2122 4783 2271 4848 ὀξεῖα
2314 4780 2655 4849 ἑκατέρωθεν
2704 4775 3035 4846 ὴκονημένη,
3078 4775 3322 4841 ὅπουπερ
3364 4770 3429 4824 ἂν
3472 4768 3689 4839 ἐμπέσῃ

2124 4870 2230 4925 κᾶν
2265 4871 2343 4933 εἰς
2385 4867 2582 4939 μυρίας
2622 4865 2922 4934 φάλαγγας,
2956 4861 3189 4922 εὐκόλως
3218 4858 3388 4920 αὑτὰς
3408 4854 3693 4909 διακόπτει

2128 4960 2223 5012 καὶ
2256 4956 2523 5025 ἀφανίζει,
2561 4953 2639 5023 τῷ
2676 4950 2939 5005 πάντοθεν
2985 4948 3160 5012 ὀξεῖαν
3194 4940 3355 5009 εἶναι,
3398 4943 3493 4996 καὶ
3525 4941 3691 5012 μηδὲν

2126 5047 2226 5117 τὴν
2255 5045 2439 5114 ἀκμὴν
2473 5040 2643 5109 αὐτῆς
2663 5039 2849 5109 φέρειν
2870 5052 2884 5065 ⁸
2915 5035 3144 5104 οὓτω-δὴ
3168 5033 3259 5086 καί⁵
3292 5032 3361 5084 τά
3395 5029 3487 5083 τοῦ
3521 5026 3693 5117 Πνεύξ

2133 5115 2299 5204 ματος
2348 5132 2585 5200 ῥήματα.
2634 5126 2732 5179 Διά
2771 5124 2881 5194 γάρ
2921 5124 3135 5177 τούτων·
3161 5119 3268 5173 τῶν
3314 5117 3571 5189 ῥημάτων
3600 5115 3695 5204 καξι

2128 5201 2257 5283 τοὺς
2290 5217 2499 5288 Ἀρείου
2528 5213 2620 5267 τοῦ
2652 5211 3060 5282 Ἀλεξανδρέως,
3096 5206 3335 5269 καὶτοὺς
3363 5204 3575 5257 Παύλου
3600 5201 3694 5255 τοῦ

2134 5306 2284 5382 [εει]
2309 5304 2687 5374 Σαμοσατέως.
2714 5299 2945 5363 καὶτοὺς
2967 5295 3284 5367 Μαρκέλλου
3314 5290 3409 5345 τοῦ
3431 5290 3693 5351 Γαλάτου,

2136 5377 2229 5449 καὶ
2255 5377 2379 5455 τοὺς
2401 5389 2685 5444 Σαϐελλίου
2712 5385 2807 5439 τοῦ
2842 5386 3057 5449 Λίὸυος,
3103 5385 3196 5436 καὶ
3221 5382 3345 5444 τοὺς
3372 5377 3697 5447 Μαρκίωνος

2137 5482 2231 5537 τοῦ
2273 5478 2554 5542 Ποντικοῦ,
2597 5474 2844 5537 καὶτοὺς
2868 5471 3242 5531 Οὐαλεντίνου,
3292 5468 3389 5521 καὶ
3442 5465 3569 5527 τοὺς
3602 5462 3696 5515 τοῦ

2139 5571 2413 5632 Μάνεντος
2430 5566 2523 5620 καὶ⁵
2538 5565 2661 5626 τοὺς
2690 5561 2784 5615 τοῦ
2814 5558 3120 5632 ,Λαοδικέως
3150 5552 3576 5623 Ἀπολλιναρίου,
3607 5548 3702 5601 καὶ

2140 5656 2436 5722 Φωτεινοῦ,
2471 5656 2566 5709 καὶ
2612 5650 2949 5721 Σωφρονίου,
2993 5646 3087 5701 καὶ
3139 5646 3318 5708 πάσας
3376 5640 3559 5704 ἀπλῶς
3600 5636 3701 5699 τὰς
