4108 6410
512 306 615 365 217

511 435 776 491 sentetur,
819 422 915 480 sed
945 422 1217 478 humiliter
1261 431 1385 494 agat
1416 441 1430 478 :
1462 422 1612 477 novit
1642 424 1786 479 enim
1830 430 1885 476 et
1925 421 2091 489 libere

511 533 577 572 ac
606 515 831 570 ﬁdenter
856 528 1047 583 agere;
1078 521 1135 568 ut
1171 528 1293 568 cum
1340 513 1545 582 inquit:
1585 511 1695 567 Viri
1721 511 1924 581 fratres,
1958 510 2089 563 nihil

509 608 751 662 adversus
779 607 972 678 plebem
997 607 1208 675 faciens,
1233 615 1320 659 aut
1346 616 1507 659 mores
1533 614 1788 675 paternos,
1809 603 2006 657 vinctus
2028 600 2090 653 ab

511 700 842 771 lerosolgmis
872 699 1089 753 traditus
1127 714 1239 751 sum
1272 697 1410 767 (Act.
1442 696 1533 761 28,
1568 696 1680 767 17).
1724 694 1792 751 Ut
1815 694 1964 749 enim
2005 693 2091 747 in-

512 792 719 862 telligas
742 790 1060 845 humilitatis
1082 788 1245 843 fuisse
1270 788 1385 842 bzrc
1409 789 1593 852 verba,
1621 785 1743 840 audi
1763 800 1922 856 quam
1949 786 2091 853 ipsos

508 886 756 955 objurget
798 884 852 938 in
895 882 1265 953 sequentibus,
1320 881 1392 936 ita
1434 881 1661 935 dicens:
1693 879 1829 933 Bene
1866 878 2092 946 Spiritus

510 987 711 1030 sanctus
738 976 972 1044 loquutus
1020 984 1115 1040 est,
1146 973 1282 1027 Aure
1310 972 1549 1035 audietis,
1579 981 1626 1024 et
1654 988 1754 1024 non
1777 970 2089 1041 intelligetis,

509 1080 554 1121 et
587 1067 809 1121 videntes
844 1066 1095 1131 videbitis,
1127 1075 1174 1119 et
1205 1080 1306 1118 non
1335 1064 1649 1134 perspiciatis
1685 1063 1819 1127 (Act.
1846 1062 1936 1118 25.
1968 1061 2085 1131 26).

508 1158 673 1214 Vides
724 1157 1127 1213 fortitudinem?
1184 1156 1290 1212 Sed
1339 1155 1563 1211 Joannis
1619 1155 1780 1209 etiam
1840 1157 2089 1222 Baptistae

511 1249 873 1305 fortitudinem
899 1248 1197 1309 considera,
1225 1264 1327 1317 qua
1359 1264 1483 1317 erga
1525 1245 1787 1300 Herodem
1830 1260 1957 1299 usus
1982 1254 2084 1311 est,

507 1342 695 1397 dicens
722 1360 735 1397 :
766 1340 888 1394 Non
926 1342 1041 1395 licet
1071 1341 1159 1393 tibi
1195 1339 1379 1392 habere
1417 1354 1627 1391 uxorem
1654 1335 1888 1406 Philippi
1914 1337 2088 1406 fratris

510 1435 583 1489 tui
610 1435 804 1505 (Marc.
835 1436 887 1488 6.
921 1434 1032 1504 18).
1056 1432 1169 1488 Hoc
1195 1432 1428 1487 ﬁdentia:
1452 1440 1555 1497 est,
1583 1430 1684 1485 hoc
1713 1429 2036 1484 fortitudinis
2068 1447 2081 1483 :

507 1538 564 1583 at
607 1544 713 1583 non
761 1528 921 1582 verba
974 1526 1063 1582 illa
1110 1524 1633 1596 SemeizEgredere,
1652 1524 1728 1579 vir
1780 1525 2086 1594 sanguinum

505 1621 584 1687 (2.
623 1620 751 1690 Reg.
780 1620 870 1674 16.
902 1618 987 1689 7);
1020 1603 1339 1689 quamquam
1386 1626 1442 1671 et
1481 1616 1571 1670 ille
1616 1615 1839 1670 ﬁdenter
1874 1615 2083 1685 agebat.

511 1717 578 1766 At
607 1726 712 1766 non
740 1713 839 1766 hoc
869 1710 1125 1765 fortitudo
1154 1718 1255 1775 est,
1295 1708 1392 1763 sed
1420 1708 1641 1762 audacia
1681 1717 1735 1762 et
1760 1706 2083 1762 contumelia

504 1813 560 1858 et
600 1804 793 1874 lingute
843 1802 1274 1871 intemperantia.
1314 1799 1532 1855 Iezabel
1573 1799 1737 1854 etiam
1779 1798 2082 1853 convicium

500 1895 632 1951 fecit
675 1894 834 1958 Jehu,
892 1894 1076 1948 dicens
1124 1910 1138 1947 :
1185 1893 1286 1960 Qui
1331 1892 1580 1962 interfecit
1634 1889 1895 1944 dominum
1932 1906 2081 1945 suum

503 1990 581 2056 (4.
617 1988 746 2059 Reg.
777 1987 832 2044 9.
860 1988 984 2055 31);
1012 1986 1107 2041 sed
1139 1986 1240 2040 hoc
1267 1984 1487 2039 audacia
1524 1993 1661 2049 erat,
1695 2000 1799 2038 non
1841 1983 2078 2039 ﬁdentia.

496 2080 810 2137 Couvicium
839 2088 894 2135 et
916 2079 1094 2135 Helias
1117 2078 1260 2144 fecit,
1289 2076 1384 2132 sed
1414 2076 1469 2132 id
1499 2076 1716 2131 ﬁdentia
1748 2091 1810 2130 ac
1824 2075 2081 2131 fortitudo

492 2182 615 2227 erat
642 2191 655 2227 :
681 2170 803 2225 Non
832 2188 922 2242 ego
946 2171 1088 2225 turbo
1113 2170 1377 2241 populum,
1406 2168 1496 2222 sed
1526 2177 1598 2231 tu,
1628 2178 1675 2222 et
1711 2167 1892 2223 domus
1920 2170 2080 2239 patris

496 2270 573 2322 tui
608 2267 686 2339 (5.
723 2266 847 2339 Reg.
880 2267 970 2323 18.
1006 2266 1114 2337 18).
1159 2266 1368 2321 Rursus
1408 2280 1532 2336 erga
1565 2265 1872 2320 universum
1914 2281 2081 2336 popu-

494 2359 609 2413 lum
645 2359 874 2413 ﬁdenter
896 2357 1091 2428 agebat
1121 2355 1300 2411 Helias
1329 2356 1514 2410 dicens
1541 2371 1555 2408 :
1586 2354 1858 2425 Usquequo
1880 2356 2071 2410 claudi-

494 2454 623 2506 catis
644 2453 867 2520 iurisque
890 2451 1068 2505 uestris
1089 2448 1368 2521 poplitibus
1398 2448 1503 2519 (Ib.
1532 2464 1583 2503 υ.
1608 2447 1746 2519 21)?
1776 2448 1890 2503 Hoc
1918 2449 2078 2519 igitur

490 2545 659 2601 modo
686 2554 904 2615 tangere
948 2544 1166 2599 ﬁdentia
1198 2553 1320 2598 erat
1353 2552 1407 2597 ct
1430 2542 1692 2597 fortitudo
1726 2561 1738 2595 :
1769 2543 1931 2613 idque
1954 2558 2076 2612 pro-

495 2637 673 2705 phetae
701 2634 993 2699 faciebant;
1035 2634 1167 2689 illud
1192 2642 1371 2689 autem
1398 2634 1621 2689 audacia
1652 2642 1789 2688 erat.
1822 2633 1916 2688 Vis
1941 2651 2076 2704 prae-

491 2704 639 2781 terea
678 2704 1017 2791 humilitatis,
1063 2740 1127 2780 ac
1174 2724 1437 2779 libertatis
1480 2722 1669 2779 audire
1708 2723 1907 2779 verba?
1951 2726 2075 2781 audi

495 2819 720 2873 Paulum
760 2818 1074 2874 dicentem:
1106 2817 1238 2871 Mihi
1276 2829 1442 2872 autem
1475 2833 1566 2888 pro
1603 2818 1811 2873 minimo
1843 2826 1937 2882 est,
1960 2827 2018 2871 at
2045 2835 2076 2872 a

489 2912 629 2966 vobis
646 2911 864 2981 iudicer,
893 2920 980 2964 aut
1013 2910 1075 2963 ab
1097 2912 1316 2964 humano
1342 2912 1424 2965 die
1454 2927 1474 2966 :
1496 2911 1583 2966 sed
1622 2927 1780 2982 neque
1805 2926 1882 2964 me
1908 2910 2073 2979 ipsum

482 3003 684 3071 judico.
714 3001 863 3055 Nihil
889 3002 1023 3055 enim
1047 3002 1174 3054 mihi
1200 3004 1430 3056 conscius
1473 3018 1619 3066 sum;
1647 3003 1734 3056 sed
1762 3018 1863 3054 non
1899 3002 1953 3054 in
1979 3002 2073 3053 hoc

479 3095 793 3165 justiﬁeatus
818 3111 928 3147 sum
958 3094 1033 3163 (1.
1060 3092 1183 3149 Cor.
1215 3094 1268 3148 4.
1296 3095 1349 3149 5.
1385 3095 1465 3163 4).
1510 3093 1823 3163 Hujusmodi
1854 3092 2071 3162 spiritus

487 3187 850 3240 Christianum
872 3186 1085 3241 decent.
1112 3188 1190 3241 Ac
1212 3202 1419 3251 rursus,
1443 3186 1606 3240 Audet
1626 3186 1808 3256 aliquis
1830 3195 2066 3250 vestrum,

484 3278 676 3331 habens
716 3278 973 3349 negotium
1005 3279 1245 3331 adversus
1272 3278 1509 3339 alterum,
1542 3278 1772 3349 judicari
1803 3277 1944 3347 apud
1972 3276 2071 3330 ini-

485 3387 634 3439 quos,
662 3381 712 3425 et
738 3388 838 3424 non
863 3371 1001 3440 apud
1024 3381 1224 3425 sanctos
1246 3373 1321 3443 (1.
1349 3371 1467 3427 Cor.
1491 3374 1544 3427 4.
1569 3374 1622 3429 '5.
1645 3373 1740 3444 4)?
1770 3372 1861 3427 Vis
1886 3386 2068 3427 amen-

484 3463 619 3516 tium
674 3462 981 3517 Judazorum
1035 3464 1484 3518 assentationem'
1516 3467 1878 3535 cognoscere?
1939 3466 2065 3519 audi

486 3553 631 3621 ipsos
655 3553 916 3619 dicentes,
949 3553 1059 3609 Nos
1094 3571 1194 3613 non
1215 3555 1453 3609 habemus
1474 3572 1659 3627 regem,
1689 3558 1787 3610 nisi
1812 3555 2065 3611 Ctesarent

484 3645 661 3714 (Joan.
693 3644 781 3699 19.
820 3645 928 3715 15).
992 3645 1080 3700 Vis
1123 3661 1447 3716 cognoscere
1500 3648 1890 3702 humilitatem?
1936 3647 2058 3702 audi

1390 306 1459 363 IN
1494 305 1710 363 EPIST.
1748 307 1841 362 AD
1878 303 2161 361 PlilLlPP.
2198 305 2355 363 CAP.
2396 309 2460 366 11.
2502 311 2730 370 ΗΟΜΠ..
2774 315 2863 370 Vl.

3675 314 3782 370 218

2194 438 2382 479 rursus
2434 426 2656 482 Paulum
2708 429 3014 493 dicentem,
3074 425 3198 482 Non
3256 427 3389 481 enim
3451 429 3780 499 nosmetipsos

2195 519 2549 585 pra-dicamus,
2587 520 2676 573 sed
2711 518 2888 574 Iesum
2921 517 3176 573 Christum
3216 516 3509 584 Dominum,
3555 534 3648 573 nos
3684 535 3781 571 au-

2194 619 2291 663 tem
2344 626 2509 665 servos
2556 622 2744 667 vestros
2788 629 2877 683 per
2921 610 3099 666 Iesum
3143 612 3234 679 (1.
3283 610 3402 665 Cor.
3452 612 3506 665 Δ.
3551 609 3637 683 5).
3690 612 3779 666 Vis

2193 712 2247 757 et
2292 704 2707 757 assentationem
2767 712 2823 757 et
2882 702 3157 757 audaciam
3213 701 3440 756 videre?
3489 702 3777 756 considera

2192 793 2469 849 audaciam
2518 794 2733 864 quidem
2783 794 2989 860 Nabal,
3042 793 3458 848 assentationem
3506 807 3635 848 vero
3683 792 3776 847 Zi-

2194 885 2466 955 phmorum
2492 889 2571 957 (1.
2604 887 2732 958 Reg.
2761 887 2852 942 2‘5.
2883 898 2932 943 et
2968 886 3065 955 23)
3096 885 3407 955 :quomodo
3444 885 3534 941 ille
3558 885 3777 955 quidem

2193 978 2470 1034 maledicta
2489 980 2749 1047 iaciebat;
2772 979 2859 1034 isti
2882 994 3031 1044 vero,
3055 990 3309 1049 quantum
3334 977 3399 1033 ad
3426 978 3662 1045 ipsorum
3683 993 3779 1032 vo-

2193 1068 2449 1125 luntatem
2471 1079 2526 1125 et
2545 1070 2827 1125 consilium
2850 1070 3103 1140 pertinet,
3126 1060 3771 1140 Davidem'prodiderunl.

2194 1158 2285 1216 Vis
2305 1176 2409 1216 non
2431 1163 2867 1227 assentationem,
2890 1161 2983 1216 sed
3004 1161 3394 1231 philosophiam
3412 1161 3777 1230 cognoscere?

2186 1253 2470 1308 considera
2500 1253 2755 1308 Davidem
2784 1254 3088 1323 intercepto
3130 1252 3278 1307 Sauli
3320 1263 3649 1321 parcentem.
3682 1250 3775 1307 Vis

2188 1345 2602 1401 assentationem
2627 1345 2988 1416 cognoscere?
3025 1343 3304 1399 considera
3334 1358 3449 1408 eos,
3492 1342 3581 1413 qui
3610 1342 3776 1397 Mem-

2188 1437 2470 1508 phibosten
2500 1438 2574 1508 (a)
2598 1436 2983 1492 interfecerunt
3010 1453 3024 1489 :
3056 1450 3191 1506 quos
3237 1435 3359 1489 ideo
3398 1434 3560 1489 etiam
3606 1433 3773 1489 David

2188 1545 2219 1583 e
2250 1528 2427 1583 medio
2466 1529 2700 1583 sustulit.
2729 1528 2962 1583 Omnino
3003 1537 3204 1589 autem.
3250 1536 3306 1580 ut
3341 1527 3648 1583 summatim
3678 1525 3776 1583 de-

2189 1620 2506 1683 scribamus,
2541 1619 2764 1674 audacia
2809 1619 3027 1690 quidem
3060 1628 3165 1684 est,
3208 1618 3255 1673 si
3286 1619 3404 1688 quis
3434 1619 3695 1672 irascatur
3718 1627 3775 1673 et

2186 1711 2485 1765 convicium
2514 1709 2671 1764 faciat
2711 1710 2910 1764 nullam
2953 1710 3239 1779 objustam
3268 1723 3591 1778 gravemque
3633 1722 3764 1763 cau-

2186 1818 2324 1869 sam,
2346 1803 2439 1858 sed
2463 1813 2554 1856 aut
2577 1803 2811 1872 seipsum
2836 1802 3125 1868 ulciscens,
3149 1810 3242 1854 aut
3270 1801 3376 1854 alio
3402 1800 3593 1870 quovis
3613 1799 3771 1856 modo

2186 1894 2380 1963 injuste
2428 1892 3089 1949 eﬂ‘ervescenszﬁdentia
3133 1901 3314 1946 autem
3368 1901 3423 1946 ct
3472 1890 3767 1959 fortitudo,

2185 2003 2307 2045 cum
2337 1987 2457 2057 quis
2477 1986 2738 2041 adversus
2769 1986 3012 2057 pericula
3034 1993 3090 2041 et
3119 1992 3349 2040 mortem
3370 1985 3556 2051 audet,
3585 1984 3769 2039 amici-

2183 2081 2287 2134 tias
2335 2088 2389 2133 et
2427 2078 2743 2134 inimicitias
2782 2078 3015 2148 deSpicit
3059 2092 3158 2149 pro
3203 2077 3269 2132 iis
3308 2077 3471 2132 rebus
3500 2093 3618 2146 quae
3660 2077 3769 2133 Deo

2185 2172 2496 2241 probantur.
2530 2171 2736 2226 Rursus
2780 2171 3073 2226 assentatio
3104 2170 3319 2240 quidem
3352 2180 3407 2225 et
3430 2169 3768 2225 illiberalitas

2181 2274 2285 2330 est,
2317 2265 2485 2319 cuivis
2512 2265 2796 2329 inservire,
2828 2278 2935 2317 non
2960 2264 3032 2319 ob
3056 2277 3149 2318 eas
3178 2278 3264 2318 res
3305 2278 3426 2332 quae
3450 2278 3589 2331 opus
3619 2272 3766 2328 sunt,

2179 2356 2276 2412 sed
2317 2355 2518 2425 aliquid
2559 2355 2700 2425 quod
2745 2355 2811 2409 ad
2842 2354 2980 2409 hanc
3020 2355 3183 2407 vitam
3211 2352 3375 2407 faciat
3414 2364 3763 2422 captantem:

2182 2448 2454 2503 humilitas
2482 2463 2632 2514 vero,
2674 2447 2719 2501 si
2759 2447 2879 2518 quis
2906 2446 2976 2501 ob
3001 2460 3212 2508 causas,
3243 2461 3364 2516 qute
3394 2445 3503 2499 Deo
3529 2444 3769 2515 proban-

2180 2552 2289 2606 tur,
2336 2541 2387 2596 id
2418 2541 2612 2605 faciat;
2658 2540 2885 2610 ideoque
2927 2554 2957 2593 a
2983 2539 3151 2610 gradu
3193 2537 3469 2609 dignitatis
3519 2552 3632 2590 sua:
3671 2535 3766 2591 de-

2179 2635 2421 2703 scendat,
2480 2644 2539 2689 ut
2591 2649 2839 2704 magnum
2886 2632 3181 2703 quippiam,
3240 2640 3401 2700 atque
3450 2626 3767 2683 admirabile

2177 2743 2315 2798 opus
2345 2727 2609 2798 perﬁciat.
2656 2726 2712 2782 Si
2756 2725 2873 2779 haec
2919 2724 3177 2789 sciamus,
3218 2736 3281 2775 ac
3321 2728 3582 2790 praeterea
3611 2717 3766 2772 factis

2174 2820 2563 2889 exprimamus,
2587 2818 2726 2873 beati
2754 2818 2977 2873 erimus.
3000 2816 3115 2871 Non
3141 2816 3283 2870 enim
3316 2814 3446 2868 satis
3473 2822 3558 2867 est
3585 2812 3724 2867 scire
3749 2830 3763 2867 :

2180 2913 2303 2967 Non
2330 2914 2462 2966 enim
2490 2912 2746 2965 auditores
2770 2910 2913 2982 legis,
2945 2910 3136 2980 inquit,
3164 2910 3252 2963 sed
3280 2911 3498 2979 factores
3523 2906 3648 2976 legis
3664 2905 3763 2975 ju-

2176 3005 2526 3073 stiﬁcabuutur
2572 3004 2748 3076 (Rom.
2777 3002 2969 3071 2.15).
3024 3000 3327 3069 Quinetiam
3372 2997 3606 3068 cognitio
3651 2998 3766 3065 ipsa

2172 3100 2517 3160 condemnat,
2544 3098 2588 3152 si
2617 3096 2771 3151 factis
2805 3096 3122 3163 virtutisque
3151 3092 3344 3147 ofﬁciis
3371 3089 3624 3146 caruerit.
3661 3087 3766 3142 Ita-

2179 3208 2285 3263 que
2335 3201 2396 3247 ut
2447 3189 2953 3245 condemnationem
3009 3186 3274 3249 vitemus,
3330 3182 3572 3238 actiones
3622 3180 3765 3249 ipsas

2181 3284 2441 3339 obeamus
2467 3298 2479 3335 :
2507 3291 2568 3335 ut
2599 3279 2858 3349 promissa
2887 3289 3284 3345 consequamur
3308 3273 3471 3338 bona,
3512 3271 3682 3342 gratia
3711 3281 3767 3325 et

2176 3374 2502 3446 benignitate
2524 3373 2731 3427 Domini
2763 3369 2932 3424 nostri
2959 3368 3087 3424 Jesu
3112 3365 3331 3425 Christi,
3356 3373 3463 3419 etc.

2230 3592 2306 3653 (α)
2330 3594 2414 3639 Hic
2437 3588 2783 3649 mempbiboste
2823 3598 2909 3647 pro
2932 3581 3161 3653 I_sboseth_
3191 3585 3275 3629 aut
3306 3577 3445 3641 lapsu
3475 3574 3723 3625 memoria:
3744 3612 3757 3633 ,

2171 3647 2255 3705 aut
2276 3647 2643 3703 amanuensium
2670 3661 2839 3698 errore
2862 3647 3069 3709 positum
3092 3650 3187 3693 est.

1936 3755 3758 3792 ________________________._

1860 3856 2209 3919 HOMILIA
2254 3856 2335 3916 Vl
2347 3899 2363 3914 .

474 3994 607 4052 Car.
637 3995 693 4051 2.
722 4012 777 4051 ν.
823 3997 875 4052 5.
914 3996 1026 4051 Hoc
1052 3998 1187 4052 enim
1223 3997 1469 4052 sentiatur
1493 3999 1546 4052 in
1583 3999 1743 4063 vobis,
1773 4000 1907 4069 quod
1932 4008 1981 4052 et
2008 4000 2062 4052 in

551 4087 753 4142 Christo
777 4087 904 4143 Jesu
932 4104 951 4142 :
972 4089 1025 4144 6.
1068 4091 1154 4160 qui
1189 4105 1302 4144 cum
1346 4091 1399 4144 in
1425 4093 1590 4161 forma
1619 4089 1717 4144 Dei
1757 4100 1907 4154 esset,
1959 4108 2061 4145 non

551 4169 787 4248 rapinam
817 4180 1092 4236 arbitratus
1125 4191 1199 4236 est
1228 4198 1336 4236 esse
1358 4198 1412 4236 se
1438 4182 1683 4245 tequalem
1710 4180 1858 4246 Deo;
1890 4182 1942 4235 7.
1970 4182 2061 4236 sed

548 4273 874 4342 semetipsum
903 4273 1178 4326 exinaniuit
1198 4277 1417 4344 formam
1445 4275 1574 4328 servi
1602 4274 1872 4345 accipiens,
1902 4276 1957 4329 in
1984 4275 2059 4329 si-

546 4362 832 4415 militudine
876 4363 1137 4417 hominum
1181 4368 1368 4435 μεθίεις,
1413 4374 1461 4420 et
1509 4366 1683 4420 habitu
1729 4367 1958 4420 inventus
2005 4377 2060 4420 ut

544 4453 696 4507 homo
724 4453 816 4508 :8.
867 4455 1152 4509 humiliauit
1202 4458 1560 4525 semetipsum,
1609 4458 1776 4527 factus
1821 4458 2056 4513 obediens

547 4560 705 4614 usque
726 4544 794 4597 ad
820 4556 1031 4599 mortem
1049 4586 1067 4613 ,
1096 4556 1305 4601 mortem
1333 4558 1497 4601 autem
1518 4550 1705 4603 crucis.

544 4639 597 4693 1.
642 4638 898 4694 Dominus
926 4648 1110 4694 noster
1134 4639 1290 4695 Jesus
1317 4640 1566 4695 Christus
1604 4642 1897 4712 discipulos
1930 4659 2058 4699 suos

472 4729 539 4782 ad
569 4745 756 4799 magna
778 4731 1090 4797 cohortans,
1110 4733 1346 4801 seipsum
1377 4744 1432 4788 et
1458 4734 1669 4789 Patrem
1686 4745 1747 4790 et
1764 4736 2057 4807 prophetas

472 4836 571 4891 pro
613 4824 862 4892 exemplo
890 4825 1208 4893 proposuit:
1239 4826 1402 4881 veluti
1439 4842 1562 4881 cum
1600 4827 1751 4892 dicit,
1794 4828 1881 4881 Ita
1922 4831 2055 4882 enim

469 4929 525 4966 se
557 4923 816 4983 gesserunt
856 4915 1094 4969 adversus
1136 4917 1428 4985 praphetas,
1465 4918 1551 4985 qui
1580 4921 1784 4989 fuerunt
1821 4929 1938 4975 ante
1970 4938 2058 4975 vos

480 5005 693 5073 (Matth.
726 5007 779 5061 5.
810 5007 933 5077 12);
980 5017 1032 5061 et
1061 5022 1265 5072 rursus,
1310 5008 1371 5063 Si
1399 5025 1478 5062 me
1518 5012 1803 5081 persequuti
1843 5021 1978 5077 sunt,
2009 5021 2057 5065 et

470 5114 558 5152 vos
584 5111 939 5166 persequentur
966 5098 1143 5168 (Joau.
1170 5100 1257 5155 15.
1282 5100 1411 5172 20);
1441 5111 1515 5167 et,
1548 5101 1741 5156 Discite
1774 5120 1807 5155 a
1833 5120 1911 5157 me
1938 5105 2056 5172 quia

467 5207 579 5244 sum
602 5191 736 5244 mitis
763 5191 976 5261 (Matth.
1006 5193 1092 5246 11.
1120 5192 1215 5261 29)
1236 5209 1250 5256 ;
1272 5202 1327 5246 et
1347 5208 1552 5254 rursus,
1578 5193 1753 5248 Estote
1773 5196 2055 5250 misericor-

470 5283 577 5341 des.
608 5284 736 5335 sicut
766 5293 811 5335 et
852 5281 1007 5336 Pater
1033 5294 1210 5346 uester,
1241 5284 1329 5352 qui
1358 5285 1407 5336 in
1429 5286 1565 5338 uelis
1588 5296 1659 5338 est
1691 5285 1838 5356 (Luc.
1858 5286 1911 5341 6.
1935 5286 2051 5356 56).

471 5373 527 5428 ld
555 5375 742 5429 beatus
770 5376 930 5430 etiam
964 5376 1157 5430 Paulus
1185 5377 1304 5430 facit
1336 5394 1350 5430 :
1381 5377 1674 5432 adhortans
1695 5379 1839 5434 enim
1869 5395 1963 5435 eos
1984 5380 2050 5434 ad

470 5465 849 5532 humilitatem,
878 5467 1147 5522 Christum
1178 5468 1231 5523 in
1260 5468 1491 5523 medium
1516 5470 1854 5537 adducebat;
1880 5487 2052 5542 neque

471 5556 556 5611 hic
586 5558 879 5622 dumtaxat,
937 5557 1032 5614 sed
1078 5560 1239 5615 etiam
1269 5560 1485 5630 quando
1513 5561 1729 5617 disserit
1756 5563 1823 5617 de
1869 5579 2054 5621 amore

470 5663 595 5718 erga
642 5664 905 5718 pauperes
930 5692 943 5712 .
989 5650 1151 5704 modo
1195 5651 1425 5720 quodam
1468 5653 1538 5706 ita
1578 5652 1813 5723 loquitur
1847 5672 1861 5708 :
1896 5654 2053 5710 Scitis

463 5743 599 5795 enim
626 5742 843 5813 gratiam
866 5740 1071 5799 Domini
1096 5744 1254 5800 nostri
1281 5742 1316 5798 ,Ι
1320 5760 1406 5798 esu
1433 5742 1643 5810 Christi,
1666 5746 1905 5814 quoniam
1928 5764 2049 5819 pro-

2170 4008 2281 4066 pter
2310 4013 2401 4050 nos
2427 4012 2614 4067 egenus
2640 3998 2808 4066 factus
2834 4004 2928 4060 est,
2973 4009 3087 4047 cum
3127 4003 3253 4047 esset
3278 3994 3417 4049 diues
3439 3995 3518 4064 (2.
3549 3996 3667 4052 Cor.
3701 3995 3755 4049 8.

2168 4089 2249 4158 9).
2295 4087 2437 4142 Nihil
2485 4087 2627 4142 enim
2674 4085 2948 4141 excelsum
2995 4098 3059 4139 ac
3087 4083 3467 4155 philos0phum
3510 4087 3753 4140 animum

2166 4193 2320 4250 teque
2347 4177 2413 4232 ad
2444 4179 2579 4234 bona
2603 4191 2769 4247 opera
2788 4174 3035 4231 obeunda
3065 4174 3287 4240 excitat,
3316 4190 3381 4230 ac
3406 4176 3451 4229 si
3475 4175 3754 4246 intelligat,

2167 4271 2267 4325 hac
2298 4286 2356 4326 re
2387 4271 2497 4325 Deo
2525 4285 2585 4325 se
2612 4269 2842 4325 similem
2874 4267 3011 4323 ﬁeri.
3040 4266 3179 4334 Quid
3206 4267 3352 4322 enim
3379 4258 3553 4338 teque,
3594 4279 3757 4339 atque

2166 4362 2290 4429 hoc,
2334 4362 2403 4417 ad
2432 4361 2861 4418 cohortationem
2888 4360 3102 4414 valeat?
3141 4358 3301 4414 Nihil.
3345 4359 3495 4428 Quod
3527 4376 3659 4416 sane
3698 4370 3759 4416 et

2166 4457 2365 4513 Paulus
2405 4456 2607 4521 sciens,
2638 4455 2771 4510 istos
2800 4453 2867 4508 ad
2896 4453 3253 4509 humilitatem
3297 4456 3617 4521 exhortans,
3646 4456 3758 4527 pri-

2166 4564 2311 4604 mum
2341 4548 2558 4618 quidem
2590 4546 2894 4602 obsecravit
2939 4555 2995 4601 et
3039 4546 3391 4617 supplicavit;
3421 4548 3616 4604 deinde
3657 4564 3757 4604 co-

2165 4638 2427 4695 hortantis
2458 4654 2606 4693 more
2631 4637 2784 4703 dixit,
2809 4636 2943 4703 Quia
2966 4639 3109 4691 statis
3136 4638 3189 4691 in
3218 4654 3320 4692 uno
3344 4640 3561 4709 spiritu;
3588 4640 3747 4708 dixit,

2167 4731 2318 4797 Quod
2364 4732 2467 4786 illis
2510 4741 2583 4786 est
2626 4739 2982 4801 argumentum
3026 4730 3358 4799 perditionis,
3401 4731 3539 4787 vobis
3586 4743 3755 4787 autem

2163 4826 2345 4880 salutis
2377 4822 2641 4894 (Philipp.
2660 4824 2711 4878 1.
2742 4824 2833 4878 27.
2855 4823 2971 4893 28).
3002 4822 3151 4877 Nunc
3179 4839 3306 4879 vero
3335 4825 3551 4879 tandem
3578 4835 3632 4880 et
3654 4826 3757 4881 hoc

2162 4916 2318 4972 affert
2348 4933 2361 4970 :
2396 4915 2509 4970 Hoc
2535 4919 2668 4969 enim
2695 4916 2941 4969 sentiatur
2971 4917 3025 4969 in
3050 4916 3209 4981 vobis,
3236 4919 3371 4987 quod
3401 4929 3447 4971 et
3473 4920 3528 4972 in
3556 4920 3757 4974 Christo

2162 5009 2307 5074 Jesu,
2339 5009 2426 5078 (1ιὸ
2461 5026 2577 5064 cum
2618 5010 2673 5063 in
2698 5013 2865 5081 forma
2894 5008 2989 5062 Dei
3018 5020 3167 5075 esset,
3218 5027 3321 5064 non
3350 5013 3588 5080 rapinam
3617 5013 3756 5067 arbi-

2163 5112 2325 5157 tratus
2352 5112 2425 5157 est
2450 5120 2556 5157 esse
2593 5119 2646 5156 se
2670 5102 2916 5172 (aqualem
2950 5102 3079 5168 Deo,
3105 5104 3193 5156 sed
3219 5106 3543 5175 semetipsum
3572 5107 3755 5160 exina-

2162 5196 2306 5260 nivit,
2361 5199 2579 5266 formam
2623 5196 2752 5249 servi
2800 5195 3076 5265 accipiens.
3129 5196 3437 5258 Attendite,
3482 5197 3710 5252 obsecro
3734 5237 3756 5267 ,

2159 5297 2324 5357 atque
2352 5287 2644 5357 exsurgite.
2675 5286 2888 5341 Etenim
2914 5287 3363 5358 quemadmodum
3391 5288 3601 5357 gladius
3629 5292 3755 5360 qui-

2161 5379 2285 5434 dam
2316 5377 2585 5447 utrimque
2623 5388 2837 5441 acutus,
2869 5394 3207 5448 quocumque
3235 5378 3504 5442 inciderit,
3535 5381 3751 5438 etiamsi

2163 5471 2215 5525 in
2262 5479 2545 5525 sescentas
2583 5468 2897 5539 phalangas,
2945 5469 3102 5524 facile
3149 5470 3292 5539 ipsas
3339 5473 3640 5539 perrumpit
3687 5487 3752 5526 ac

2162 5562 2340 5627 delet;
2387 5578 2454 5617 eo
2490 5561 2634 5632 quod
2688 5561 2923 5632 undique
2968 5570 3121 5615 acuta
3169 5570 3272 5622 cst.
3322 5563 3563 5632 nihilque
3607 5564 3751 5619 illius

2161 5656 2331 5711 aciem
2363 5654 2503 5709 ferre
2526 5662 2699 5723 potest
2730 5672 2743 5708 :
2776 5653 2848 5708 ita
2878 5652 3035 5722 plane
3063 5661 3117 5706 et
3141 5652 3370 5725 Spiritus
3396 5654 3579 5710 verba.
3612 5654 3747 5710 Nam

2162 5747 2245 5803 his
2286 5747 2418 5818 ipsis
2457 5745 2635 5803 verbis
2678 5755 2735 5802 et
2779 5745 2893 5802 Arii
2938 5745 3282 5803 Alexandrini
3326 5755 3642 5818 sectatores,
3692 5758 3749 5804 et
