4108 6410
358 297 464 353 119

366 411 513 465 Pauli
563 408 921 476 Samosateni,
974 419 1028 466 et
1075 411 1304 467 Marcelli
1358 412 1578 477 Gaiana,
1618 421 1672 466 et
1721 409 1938 466 Sabellii

368 502 571 574 Libyci,
603 513 658 556 et
699 503 983 559 Marcionis
1009 503 1235 568 Pontici,
1275 513 1328 558 et
1359 504 1648 565 Valentini,
1679 515 1731 556 et
1761 503 1942 556 Mane-

367 593 455 658 tis,
486 603 538 648 et
558 593 901 649 Laodicensis
929 595 1262 664 Apollinarii,
1295 605 1348 649 et
1369 595 1601 660 Phatini,
1625 604 1679 649 et
1706 593 1941 662 δονιιω-

363 685 434 739 nii
468 685 564 753 (α),
607 701 901 755 omnesque
954 687 1172 740 omnino
1223 688 1453 741 haereses
1506 687 1808 754 prostravit.
1875 685 1942 740 Ut

369 779 545 847 itaque
589 778 656 832 ad
705 778 1008 848 ltujusmodi
1049 781 1407 848 spectaculum
1457 779 1680 842 invitati,
1735 788 1792 832 ut
1838 794 1938 832 una

366 872 514 942 plaga
548 882 626 926 tot
655 872 973 942 phalangnm
1017 875 1221 927 ruinam
1261 873 1449 938 visuri,
1501 871 1827 938 excitamiui,
1874 885 1941 924 ne

365 963 652 1030 spectaculi
675 963 978 1031 jucupditas
1009 978 1102 1017 vos
1127 963 1482 1032 prietervolet.
1513 963 1642 1018 Nam
1668 963 1710 1018 si
1743 963 1795 1016 in
1821 978 1944 1017 cur-

371 1072 523 1110 ruum
555 1065 716 1125 atque
757 1072 1017 1125 equorum
1065 1056 1444 1111 certaminibus
1487 1057 1615 1110 nihil
1643 1071 1793 1125 teque
1822 1071 1932 1124 spe-

365 1159 506 1202 (statu
534 1149 826 1217 jllClmdtlllt
872 1159 974 1212 est,
1021 1165 1082 1202 ac
1125 1165 1244 1203 cum
1281 1149 1398 1218 quis
1429 1156 1569 1203 totos
1612 1163 1799 1203 currus
1841 1163 1940 1200 una

365 1257 485 1298 cum
535 1242 730 1312 aurigis
781 1242 1008 1311 impulsu
1068 1242 1182 1310 ipso
1232 1241 1594 1311 prostraverit,
1655 1240 1942 1309 multisque

369 1336 639 1406 quadrigis
671 1337 991 1406 resupinatis
1023 1353 1121 1388 una
1156 1352 1275 1390 cum
1325 1334 1691 1389 insistentibus
1719 1334 1938 1401 aurigis,

366 1431 511 1484 solus
551 1429 614 1483 ad
661 1442 854 1483 metam
885 1429 1194 1497 calcemque
1234 1428 1419 1498 agonis
1451 1426 1789 1496 pervenerit;
1831 1440 1943 1477 ma-

365 1537 606 1592 gnusque
634 1520 865 1590 undique
898 1520 1110 1589 plausus
1139 1529 1192 1574 et
1218 1521 1418 1574 clamor
1445 1519 1511 1572 ad
1534 1519 1722 1574 caelum
1750 1531 1941 1572 ascen-

365 1616 506 1670 derit
535 1633 545 1668 :
579 1615 664 1668 ille
695 1629 824 1668 vero
853 1630 916 1667 ex
945 1613 1125 1667 laetitia
1155 1621 1209 1666 et
1235 1613 1506 1682 plausibus
1535 1611 1686 1681 quasi
1710 1609 1944 1664 volucris

372 1706 540 1759 factus
572 1715 736 1758 totum
768 1704 996 1759 stadium
1023 1705 1173 1773 equis
1195 1703 1485 1758 confecerit
1512 1720 1525 1755 :
1553 1713 1752 1772 quanto
1774 1701 1944 1770 major

371 1798 492 1851 hinc
521 1796 1021 1864 exsistetvoluptas,
1049 1810 1170 1849 cum
1196 1795 1433 1849 omnium
1455 1795 1716 1848 hatresum
1744 1806 1944 1848 cuneos

367 1903 420 1944 et
455 1890 714 1945 diabolica
755 1889 1180 1944 machinamenta
1227 1902 1333 1941 una
1371 1902 1492 1941 cum
1543 1886 1741 1956 aurigis
1791 1885 1941 1955 ipsis,

370 1982 460 2035 Dei
504 1982 695 2052 gratia,
728 1980 906 2035 omnia
939 1980 1096 2035 simul
1140 1979 1424 2035 confertim
1457 1979 1946 2050 prostraverimus?

369 2075 446 2128 Ac
477 2074 520 2126 si
558 2074 704 2140 libet,
738 2073 964 2142 primum
996 2072 1232 2127 haereses
1263 2074 1405 2142 ipsas
1451 2087 1517 2126 ex
1563 2072 1752 2127 ordine
1779 2073 1945 2126 collo-

367 2161 569 2219 centius.

447 2254 658 2308 Errores
686 2253 918 2321 Sabellii,
952 2254 1251 2318 Marcionis,
1297 2253 1553 2318 Marcelli,
1583 2252 1817 2318 Pltotini,
1846 2254 1946 2308 So-

372 2349 596 2418 pltronii,
643 2347 786 2412 Arii,
831 2358 1184 2417 exponuntur;
1230 2352 1558 2419 confutantur
1599 2347 1854 2402 Sabellius
1900 2358 1950 2402 et

371 2439 543 2494 Arius.
573 2466 641 2478 ——
673 2438 842 2493 Vultis
869 2439 1026 2509 igitur
1053 2439 1364 2510 impietatis,
1396 2455 1463 2493 an
1488 2449 1785 2508 temporum
1808 2438 1954 2493 ordi-

376 2548 494 2584 nem
520 2530 542 2582 '2
568 2529 670 2585 Sed
718 2540 1013 2599 temporum
1054 2546 1182 2584 sane
1222 2546 1546 2600 sequamur:
1579 2531 1778 2586 etenim
1807 2547 1950 2600 quae-

377 2638 496 2673 nam
527 2622 797 2688 impietate
838 2621 986 2690 prior
1011 2664 1026 2687 ,
1059 2623 1145 2676 vel
1179 2621 1445 2691 posterior
1473 2621 1564 2684 sit,
1606 2621 1828 2677 difficile
1869 2632 1953 2677 est

372 2713 630 2780 iudieatu.
680 2712 887 2766 Primus
923 2713 1086 2782 igitur
1129 2712 1351 2781 prodeat
1395 2711 1660 2768 Sabellius
1698 2713 1950 2784 Libycus.

375 2805 510 2871 Quid
543 2806 663 2870 iste,
694 2804 905 2874 inquit?
930 2805 1164 2869 Patrem,
1214 2804 1408 2858 Filium
1448 2814 1502 2859 et
1537 2803 1795 2874 Spiritum
1827 2821 1952 2859 san-

376 2905 520 2949 etum
539 2895 673 2948 nuda
695 2910 815 2949 esse
837 2896 1047 2948 nomina
1070 2895 1162 2949 uni
1179 2910 1420 2964 personat
1437 2894 1705 2964 imposita.
1722 2896 1953 2950 Marcion

377 2997 554 3043 autem
577 2987 831 3040 Ponticus
851 2996 1006 3056 negat
1033 2987 1220 3053 Deum,
1240 2988 1332 3056 qui
1351 2988 1528 3042 omnia
1551 2988 1809 3054 condidit,
1836 3004 1956 3044 esse

383 3080 576 3132 bonum
603 3118 618 3144 ,
651 3093 714 3132 ac
744 3078 958 3132 Patrem
985 3078 1180 3132 Christi
1215 3079 1373 3143 boni;
1431 3079 1524 3133 sed
1571 3080 1736 3134 alium
1767 3096 1955 3150 quem-

380 3169 502 3225 dam
530 3185 650 3224 esse
678 3169 826 3239 lingit
849 3209 864 3233 ,
895 3156 990 3239 qui
1010 3169 1184 3238 justus
1212 3170 1281 3225 sit
1306 3212 1322 3232 ,
1351 3169 1653 3240 Filiumque
1681 3186 1776 3239 pro
1805 3171 1958 3226 nobis

381 3260 675 3330 sumpsisse
704 3275 918 3314 carnem
947 3270 1122 3330 negat.
1143 3260 1421 3316 Marcellus
1438 3272 1492 3316 et
1512 3261 1772 3316 Photinus
1787 3272 1840 3317 et
1856 3263 1958 3318 Su-

381 3352 640 3422 phronius
671 3350 899 3406 Verbum
929 3351 1099 3422 ipsum
1128 3351 1373 3422 inquiunt
1405 3354 1676 3423 energiam
1701 3363 1756 3408 et
1782 3355 1960 3409 eflica-

383 3443 519 3496 ciam
546 3442 876 3511 operationis
903 3457 1057 3506 esse;
1099 3452 1258 3513 atque
1286 3446 1425 3499 hanc
1452 3447 1720 3516 energiam
1754 3447 1964 3502 inhabiv

384 3547 497 3598 tare
527 3537 575 3590 in
606 3538 694 3591 illo
723 3537 812 3606 qui
857 3552 923 3592 ex
963 3537 1168 3592 semine
1201 3539 1362 3592 David
1389 3580 1404 3603 ,
1436 3539 1654 3594 minime
1679 3555 1808 3596 vero
1831 3517 1960 3596 sub-

385 3630 632 3683 stantiam
665 3630 1069 3700 hyposmticam.
1097 3631 1256 3684 Arius
1280 3630 1476 3686 Filium
1499 3633 1710 3702 quidem
1741 3632 1960 3698 fatetur,

386 3721 478 3774 sed
509 3730 708 3774 tantum
743 3722 956 3776 nomine
987 3740 999 3776 :
1030 3731 1330 3777 creaturam
1359 3725 1500 3778 enim
1530 3740 1650 3780 esse
1697 3725 1886 3795 inquit,
1913 3736 1966 3780 et

391 3811 548 3866 Patre
592 3811 751 3880 longe
781 3813 1064 3868 minorem.
1119 3812 1308 3869 Caneri
1359 3830 1486 3869 vero
1527 3827 1722 3886 negant
1766 3818 1964 3874 habere

387 3903 640 3956 animam.
691 3903 850 3958 Vides
902 3913 1106 3960 stantes
1153 3905 1383 3959 currus?
1421 3909 1698 3962 considera
1730 3909 1885 3979 igitur
1913 3921 1967 3965 et

389 3995 601 4048 illorum
648 3995 828 4050 ruinas
855 4038 869 4063 ,
913 3997 1182 4066 quomodo
1225 4012 1416 4052 omnes
1460 3999 1618 4053 simul
1664 4001 1967 4070 propellens

391 4087 616 4150 sternit,
649 4101 856 4153 omnes,
901 4087 1156 4157 inquam,
1188 4104 1289 4142 una
1338 4091 1488 4161 plaga
1537 4101 1698 4162 atque
1746 4095 1964 4163 impetu.

391 4177 668 4245 Quomodo
693 4179 854 4249 igitur
881 4181 1116 4235 sternit?
1152 4180 1264 4235 Hoc
1305 4184 1438 4236 enim
1463 4187 1706 4238 sentiatur
1728 4187 1782 4240 in
1809 4188 1965 4249 vobis,

393 4270 583 4338 inquit,
611 4253 747 4339 quod
767 4279 812 4324 et
837 4277 889 4324 tn
917 4271 1116 4326 Christo
1142 4272 1267 4327 Jesu
1287 4317 1302 4340 ,
1334 4275 1416 4345 qui
1449 4293 1563 4329 cum
1603 4277 1655 4329 in
1688 4280 1852 4348 forma
1880 4279 1970 4332 Dei

391 4373 538 4424 esset,
567 4380 666 4416 non
710 4365 943 4432 rapinam
971 4366 1244 4419 arbitratus
1268 4377 1341 4420 est
1367 4384 1472 4421 esse
1497 4385 1549 4422 se
1571 4371 1813 4439 aequalem
1840 4372 1967 4426 Deo.

395 4452 529 4506 llinc
569 4463 622 4506 et
655 4455 846 4510 Paulus
874 4455 1255 4511 Satnosatenus
1280 4460 1503 4527 corruit,
1533 4469 1588 4514 et
1611 4460 1892 4518 Marcellus
1918 4475 1972 4520 et

393 4545 658 4600 Sabellius
690 4565 703 4600 :
737 4549 904 4617 inquit
929 4549 1070 4603 enim
1101 4591 1115 4614 ,
1148 4549 1250 4616 Qui
1277 4567 1391 4603 cum
1415 4552 1467 4604 in
1495 4553 1662 4621 {arma
1687 4553 1784 4608 Dei
1823 4568 1970 4616 esset.

391 4639 447 4694 Si
480 4638 532 4692 in
559 4637 751 4704 forma,
777 4641 1046 4708 quomodo
1070 4642 1148 4695 ais
1177 4652 1252 4707 tu,
1281 4658 1314 4696 ο
1344 4644 1595 4711 sceleste,
1627 4662 1656 4700 a
1679 4647 1839 4701 Maria
1872 4649 1970 4703 ini-

391 4729 846 4794 tiumhabuisse,
895 4741 1052 4802 atque
1097 4744 1254 4788 antea
1302 4751 1407 4789 non
1458 4737 1666 4791 fuisse?
1703 4741 1972 4808 quomodo

393 4839 521 4877 vero
551 4832 604 4875 tu
635 4837 818 4876 rursus
861 4823 996 4877 dicis
1041 4827 1311 4895 energiam
1359 4828 1567 4882 fuisse?
1609 4829 1968 4898 inquitenim,

392 4913 460 4968 lu
502 4915 669 4984 forma
697 4914 812 4979 Dei,
840 4923 884 4968 et
911 4918 1127 4985 forma-tn
1171 4919 1300 4972 servi
1338 4922 1549 4990 accepit.
1582 4922 1770 4977 Forma
1809 4927 1971 4989 servi,

392 5007 480 5061 dic
506 5007 653 5072 mihi,
689 5019 844 5062 estne
871 5008 1084 5077 energia
1117 5011 1254 5064 servi
1281 5051 1296 5077 ,
1326 5025 1391 5064 an
1422 5021 1605 5066 natura
1635 5014 1818 5068 servi?
1843 5015 1972 5072 0m-

394 5102 522 5156 nino
551 5111 737 5155 natura
779 5102 959 5167 servi,
994 5104 1360 5170 respondebis.
1392 5105 1534 5175 Ergo
1575 5117 1632 5160 et
1669 5109 1836 5163 forma
1881 5110 1972 5164 Dei

394 5202 583 5248 natura
618 5195 711 5249 Dei
741 5204 822 5251 est
845 5235 861 5261 ,
893 5211 999 5249 non
1032 5196 1191 5265 igitur
1219 5199 1453 5267 energia.
1490 5200 1563 5252 En
1608 5210 1662 5254 et
1691 5201 1972 5258 Marcellus

394 5285 580 5341 Galat-a
607 5296 660 5342 et
687 5287 1022 5356 Sephronius
1045 5297 1100 5342 et
1125 5288 1379 5343 Photinus
1410 5303 1744 5346 corruerunt.

465 5375 518 5429 2.
564 5378 641 5431 En
683 5393 896 5449 quoque
936 5377 1219 5434 Sabellius.
1250 5378 1374 5434 Cum
1415 5380 1469 5434 in
1500 5383 1667 5452 {arma
1695 5383 1791 5438 Dei
1823 5397 1970 5450 esset,

455 5490 938 5564 (a)Horumnomnium
959 5491 1392 5564 haresiarc-barum
1415 5507 1627 5564 errores,
1645 5498 1814 5564 quales
1830 5501 1974 5564 Chry-

393 5552 803 5619 sostotuusrefcrt
815 5563 868 5619 et
889 5555 1183 5619 confutat,iu
1208 5555 1428 5619 Diatriba
1455 5552 1682 5619 peculiari
1699 5552 1973 5614 referennis

393 5620 540 5685 't_‘om,o
561 5612 688 5662 XIII.
714 5614 1014 5685 Sephronius
1025 5612 1513 5685 PompeiOpOIitanus
1535 5620 1800 5685 Episcopus
1823 5612 1970 5674 Mch

393 5673 628 5749 donianus
659 5673 1079 5749 esse'dicebatur.
1105 5673 1237 5749 Ejus
1271 5673 1724 5749 mentio‘frequeus
1747 5693 1822 5736 est
1845 5673 1969 5749 apud

393 5736 642 5790 Socratem
667 5745 718 5790 et
738 5738 1078 5793 Sozomcnum.
1105 5736 1228 5791 Yide
1255 5742 1403 5792 etiam
1428 5736 1764 5807 Nicephorum.

1133 297 1188 353 S.
1229 295 1502 354 JOANNIS
1535 292 2005 352 CHRYSOSTOMI
2043 293 2356 353 ARClllEP.
2398 299 2921 360 CONSTANTINOP.

3522 305 3626 362 9.20

2049 427 2152 464 non
2170 415 2410 482 _rapinam
2437 457 2451 482 ,
2486 417 2678 487 inqttit,
2714 419 2988 473 arbitratus
3023 411 3103 474 est
3145 437 3251 475 esse
3289 438 3342 476 se
3383 425 3626 491 (aqualem

2049 499 2176 556 Deo.
2242 503 2467 573 Eqnale
2517 524 2646 563 vero
2697 525 2801 563 non
2854 510 2909 564 in
2957 526 3058 563 una
3116 511 3310 564 dicitur
3354 527 3623 581 persona:

2047 596 2250 659 atquale
2292 597 2433 650 enim
2479 599 2633 653 alicui
2666 608 2748 654 est
2791 600 3016 668 aequale.
3048 600 3206 655 Vides
3233 602 3458 655 duarum
3502 617 3626 671 per-

2048 701 2299 742 sonarum
2333 689 2687 760 ltypostasim,
2719 707 2822 745 non
2856 701 3034 745 autem
3065 693 3201 745 nuda
3226 693 3439 746 nomina
3464 734 3478 754 ,
3506 691 3617 762 qui-

2049 779 2147 834 bus
2198 782 2354 835 nullae
2396 799 2482 836 res
2531 783 2786 853 subjecta)
2829 785 2976 838 sint?
3028 783 3220 837 audisti
3261 784 3624 838 exsistentiam

2049 869 2318 941 Unigcniti
2347 883 2470 928 ante
2497 875 2730 929 saecula?
2765 875 2959 930 Vermn
2990 874 3102 929 lucc
3135 874 3347 944 quidem
3372 875 3628 929 adversus

2047 961 2167 1016 illos
2209 981 2222 1017 :
2265 964 2358 1018 sed
2384 965 2510 1034 quid
2532 966 2640 1034 jam
2681 966 2938 1021 adversus
2983 967 3162 1020 Arium
3209 966 3486 1026 dicemus.
3537 969 3627 1036 qui

2047 1055 2268 1109 alterius
2315 1062 2562 1111 essentne
2588 1058 2782 1112 Filium
2829 1058 2991 1113 facit?
3033 1060 3125 1112 Dic
3164 1058 3290 1112 mihi
3318 1100 3333 1124 ,
3362 1059 3489 1128 quid
3521 1060 3622 1116 hoc

2049 1156 2149 1208 est,
2180 1146 2431 1202 Formam
2453 1148 2595 1202 servi
2622 1150 2868 1218 accepit?
2900 1149 3070 1204 llomu
3097 1149 3268 1204 factus
3295 1159 3399 1215 est,
3433 1151 3623 1220 inquit.

2051 1239 2191 1310 Ergo
2214 1249 2268 1294 et
2296 1241 2346 1293 in
2390 1240 2559 1294 forma
2611 1243 2705 1296 Dei
2731 1242 2995 1297 exsistens
3021 1243 3181 1296 -Deus
3219 1252 3333 1296 erat
3363 1259 3376 1295 :
3407 1258 3528 1296 nam
3577 1255 3630 1296 et

2050 1330 2157 1396 hic,
2185 1342 2239 1386 et
2261 1333 2367 1387 illic
2390 1349 2581 1388 nomen
2606 1334 2790 1388 forma:
2815 1336 3045 1404 ponitur.
3073 1336 3126 1389 Si
3161 1335 3263 1390 hoc
3283 1351 3487 1400 venum,
3513 1351 3628 1390 cer-

2051 1433 2102 1478 te
2127 1433 2181 1479 et
2206 1424 2335 1479 illud
2359 1443 2372 1480 :
2396 1425 2567 1481 forma
2592 1429 2730 1482 servi
2754 1437 2837 1481 est
2863 1440 3047 1482 natura
3077 1430 3236 1483 homo
3259 1448 3272 1483 :
3303 1444 3431 1500 ergo
3458 1429 3625 1484 forma

2049 1515 2208 1570 etiam
2258 1517 2347 1571 Dei
2398 1526 2582 1572 natura
2611 1531 2692 1574 est
2723 1520 2883 1575 Deus.
2917 1520 3101 1590 Neque
3135 1523 3235 1576 hoc
3277 1522 3485 1588 solum;
3534 1522 3628 1577 sed

2050 1607 2207 1660 etiam
2236 1608 2455 1677 perinde
2480 1624 2544 1664 ac
2571 1609 2823 1673 Joannes.
2853 1611 2920 1666 de
2953 1613 3116 1681 ipsius
3147 1613 3452 1682 :rqualitate
3479 1615 3631 1669 testi-

2052 1698 2286 1752 monium
2316 1698 2442 1763 dat,
2473 1701 2811 1772 ostenditque
2861 1702 3028 1756 nihilo
3069 1703 3244 1772 ipsum
3275 1705 3430 1760 Patre
3457 1707 3632 1760 mino-

2051 1805 2163 1842 rem
2191 1805 2312 1844 esse
2341 1810 2354 1844 :
2389 1790 2508 1845 Non
2537 1794 2792 1861 rapinam,
2829 1794 3022 1863 inquit,
3055 1797 3328 1850 arbitratus
3354 1807 3426 1851 est
3452 1814 3558 1851 esse
3579 1813 3632 1851 se

2050 1883 2294 1947 (aqualem
2316 1881 2443 1936 Deo.
2472 1883 2575 1939 Sed
2606 1901 2849 1954 quamam
2878 1896 2956 1939 est
2979 1894 3163 1955 arguta
3194 1886 3404 1942 illorum
3433 1889 3630 1942 oratio?

2052 1977 2121 2028 At
2160 1974 2304 2028 enim
2351 1975 2680 2030 contrarium
2727 1977 2903 2046 potius
2945 1976 3063 2031 istis
3088 1977 3266 2032 verbis
3309 1978 3628 2041 ostenditur,

2052 2065 2298 2135 inquiunt
2327 2084 2340 2118 :
2368 2065 2504 2121 dixit
2526 2067 2700 2132 enim,
2733 2081 2855 2121 cum
2887 2067 2940 2120 in
2989 2070 3154 2122 forma
3190 2068 3282 2122 Dei
3310 2077 3455 2123 esset
3477 2110 3490 2130 ,
3522 2085 3630 2122 non

2055 2158 2159 2213 hoc
2183 2158 2448 2228 rapuisse,
2498 2168 2557 2214 ut
2582 2169 2725 2214 esset
2772 2160 2994 2230 tequ‘alis
3027 2161 3154 2215 Deo.
3200 2163 3357 2232 Atqui
3401 2162 3446 2215 si
3495 2163 3634 2216 Deus

2054 2260 2190 2315 erat,
2234 2250 2502 2321 quomodo
2552 2260 2764 2321 poterat
2807 2253 3036 2321 rapere?
3085 2251 3191 2307 Sed
3240 2253 3507 2320 quomodo
3533 2254 3634 2308 hoc

2057 2358 2160 2398 non
2193 2343 2583 2398 inconsiderate
2607 2343 2806 2398 dictum
2835 2343 3035 2398 fuerit?
3055 2344 3188 2412 Quis
3218 2345 3360 2400 enim
3383 2360 3632 2414 umquam

2055 2435 2271 2500 dixerit,
2295 2435 2548 2505 aliquem,
2579 2449 2698 2490 cum
2728 2435 2888 2490 homo
2914 2445 3078 2497 esset,
3111 2450 3215 2489 non
3245 2436 3345 2489 hoc
3371 2436 3632 2505 rapuisse,

2058 2535 2115 2578 ut
2142 2534 2287 2579 esset
2313 2525 2520 2579 homo?
2545 2527 2634 2596 qui
2675 2527 2818 2580 enim
2862 2525 2980 2582 ﬁeri
3030 2536 3225 2595 potest,
3273 2535 3332 2580 ut
3371 2526 3634 2596 quispiam

2058 2618 2230 2686 rapiat
2254 2617 2304 2671 id
2332 2617 2472 2686 quod
2498 2617 2622 2671 est?
2647 2617 2762 2672 Non
2790 2620 2882 2685 ita,
2915 2618 3178 2688 inquiunt,
3207 2619 3300 2702 sed
3325 2619 3402 2674 sic
3423 2619 3625 2673 intelli-

2057 2724 2170 2777 gas,
2202 2707 2412 2773 Filium,
2443 2724 2564 2763 cum
2593 2709 2733 2763 Deus
2759 2711 2933 2764 minor
2959 2721 3125 2774 esset,
3159 2728 3263 2765 non
3296 2711 3397 2766 hoc
3429 2713 3638 2782 rapuis-

2059 2813 2139 2863 se,
2195 2809 2252 2852 ut
2295 2801 2514 2869 aequalis
2563 2809 2710 2856 esset
2752 2801 2884 2856 Deo
2914 2818 3106 2872 magno
3143 2813 3197 2856 et
3236 2802 3446 2872 majori.
3497 2802 3639 2873 Ergo

2063 2907 2257 2960 parvus
2285 2902 2340 2946 et
2365 2907 2590 2964 magnus
2621 2895 2760 2948 Deus
2791 2895 2918 2948 est?
2947 2905 3106 2964 atque
3151 2895 3224 2948 ita
3251 2895 3304 2948 in
3344 2893 3636 2950 Eeclesianl

2061 2981 2303 3038 Grzecam
2336 2984 2583 3054 dogmata
2609 2985 2862 3040 inducitis
2889 2988 2913 3036 ν
2938 2985 3070 3039 Nam
3099 2986 3237 3055 apud
3273 2985 3490 3042 Grazcos
3516 2985 3638 3059 qui-

2062 3075 2183 3130 dem
2210 3086 2293 3131 est
2317 3091 2542 3147 magnus
2564 3077 2696 3132 deus
2722 3087 2776 3132 et
2799 3092 2994 3147 parvus
3021 3096 3033 3132 :
3063 3079 3206 3148 quod
3229 3093 3296 3134 an
3320 3082 3478 3137 etiam
3500 3084 3640 3154 apud

2062 3182 2180 3233 vos,
2213 3169 2415 3223 nescio.
2445 3168 2577 3222 Nam
2605 3169 2657 3223 in
2686 3168 2978 3239 Scripturis
3007 3171 3220 3240 quidem
3265 3174 3449 3229 nullihi
3488 3176 3640 3230 inve-

2067 3259 2203 3325 nies,
2233 3257 2327 3313 sed
2357 3272 2604 3328 magnum
2627 3258 2842 3325 quidem
2871 3260 3091 3330 ubique,
3113 3277 3330 3331 parvum
3357 3281 3485 3319 vero
3512 3283 3642 3319 nus-

2065 3366 2246 3420 quam.
2283 3350 2494 3405 Etenim
2535 3352 2579 3405 si
2607 3365 2830 3420 parvus,
2872 3353 3142 3423 quomodo
3182 3356 3341 3410 etiam
3389 3356 3644 3412 Deus?Si

2068 3458 2171 3497 non
2200 3451 2283 3498 est
2307 3457 2501 3512 parvus
2529 3443 2690 3496 homo
2717 3453 2772 3498 et
2792 3459 3014 3515 magnus
3038 3487 3053 3510 ,
3085 3447 3179 3502 sed
3209 3463 3308 3500 una
3338 3459 3560 3513 natura;
3592 3458 3647 3503 et

2067 3535 2111 3588 si
2135 3534 2262 3604 quid
2283 3550 2388 3588 non
2407 3534 2476 3588 sit
2501 3534 2640 3588 illius
2667 3545 2892 3598 naturas.
2918 3537 3080 3593 homo
3105 3553 3210 3592 non
3234 3549 3318 3593 est
3342 3557 3356 3592 :
3380 3542 3648 3609 quomodo

2069 3624 2228 3680 fuerit
2257 3640 2454 3695 parvus
2481 3635 2534 3680 et
2564 3641 2787 3696 magnus
2818 3628 2958 3684 Deus
2980 3671 2995 3695 ,
3025 3629 3112 3700 qui
3144 3629 3284 3684 illius
3313 3640 3515 3685 naturae
3542 3647 3646 3686 non

2069 3719 2175 3773 sit?
2198 3718 2297 3785 Qui
2327 3733 2522 3788 parvus
2562 3730 2666 3786 est,
2700 3721 2836 3775 Deus
2873 3737 2980 3776 non
3025 3731 3105 3776 est
3133 3741 3147 3776 :
3178 3723 3371 3792 ubique
3412 3726 3554 3780 enim
3597 3727 3648 3779 in

2071 3809 2342 3880 Scriptura
2388 3825 2610 3880 magnus
2637 3809 2831 3865 dicitur
2862 3829 2875 3867 :
2911 3811 3130 3884 Magnus
3170 3812 3418 3868 Dominus
3438 3856 3452 3880 ,
3480 3815 3652 3885 inquit

2076 3903 2325 3970 David,et
2351 3903 2624 3958 laudabilis
2647 3905 2814 3958 nimis.
2859 3905 2994 3959 Ecce
3023 3905 3181 3959 etiam
3213 3905 3279 3959 de
3309 3905 3443 3960 Filio
3474 3927 3486 3961 :
3521 3905 3648 3961 Ubi-

2073 4011 2176 4064 que
2202 3995 2346 4048 enim
2385 4009 2506 4049 eum
2536 4005 2688 4048 vocat
2722 3995 3022 4048 Dominmn.
3061 3996 3123 4047 Et
3167 3995 3396 4060 iterum,
3430 3995 3652 4067 Magnus

2029 4093 2036 4102 '
2075 4104 2126 4141 es
2154 4099 2226 4153 tu,
2258 4103 2305 4140 et
2331 4087 2524 4156 faciens
2549 4087 2821 4148 mirabilia,
2853 4097 2905 4139 tu
2931 4104 2983 4140 es
3010 4087 3143 4141 Deus
3176 4089 3314 4140 solus
3345 4088 3514 4156 (Psal.
3559 4090 3648 4144 47.

2079 4183 2127 4234 1.
2161 4190 2208 4234 et
2234 4179 2323 4236 85.
2359 4180 2448 4250 10)
2474 4195 2488 4244 ;
2517 4189 2570 4233 ει
2601 4194 2803 4244 rursus,
2838 4179 3057 4249 Magnus
3096 4179 3345 4233 Dominus
3379 4189 3575 4247 noster,
3607 4189 3653 4233 et

2075 4289 2262 4342 magna
2289 4273 2444 4326 virtus
2467 4273 2594 4341 ejus.
2627 4281 2673 4324 et
2700 4270 3090 4340 magniﬁcentia:
3108 4271 3219 4337 eius
3247 4287 3348 4324 non
3374 4280 3446 4324 est
3477 4273 3652 4325 termi-

2077 4382 2171 4419 nus
2198 4364 2370 4437 (Psal.
2401 4365 2522 4418 M5.
2576 4364 2655 4434 5).
2704 4361 2807 4418 Sed
2857 4361 2972 4416 ltzec
3008 4362 3074 4416 de
3113 4362 3272 4416 Patre
3299 4402 3312 4426 ,
3359 4363 3604 4432 inquiunt
3637 4381 3650 4417 :

2080 4455 2245 4510 Filius
2273 4470 2400 4510 vero
2444 4470 2637 4524 parvus
2678 4464 2781 4509 est.
2827 4453 2930 4509 Sed
2980 4463 3032 4508 tn
3079 4468 3138 4508 es
3166 4496 3181 4520 ,
3229 4455 3318 4524 qui
3347 4454 3448 4510 hoc
3473 4455 3651 4509 dicis:

2078 4546 2350 4615 Scriptura
2382 4561 2509 4600 vero
2538 4555 2740 4607 etmtra,
2771 4545 2914 4615 quod
2951 4544 3020 4600 de
3067 4545 3242 4609 Patre,
3287 4546 3339 4599 id
3379 4547 3537 4600 etiam
3589 4545 3658 4599 de

2081 4639 2216 4694 Filio
2263 4638 2414 4693 dicit.
2461 4637 2600 4692 Audi
2651 4638 2794 4691 enim
2844 4637 3066 4692 Paulum
3125 4637 3425 4698 dicentem,
3457 4637 3657 4707 Exspe~

2079 4741 2269 4785 ctantes
2314 4730 2508 4783 beatam
2547 4746 2706 4798 spem,
2749 4736 2797 4781 et
2837 4729 3105 4782 adventum
3144 4729 3320 4799 glorise
3361 4731 3531 4799 magni
3562 4729 3658 4782 Dei

2084 4821 2207 4887 (Tit.
2252 4821 2306 4874 Ξ.
2351 4822 2464 4890 15).
2516 4820 2778 4889 Numquid
2828 4828 3003 4874 autem
3047 4821 3114 4874 de
3167 4822 3321 4875 Patre
3372 4821 3658 4876 adventum

2079 4915 2256 4969 dixit?
2288 4914 2480 4968 Vermn
2511 4923 2566 4966 ut
2589 4915 2754 4981 magis
2769 4913 2943 4968 adlmc
2963 4928 3056 4968 vos
3077 4924 3340 4984 argueret,
3373 4914 3658 4968 adventum

2080 5005 2286 5059 addidit
2314 5005 2488 5074 magni
2522 5005 2634 5058 Dei.
2679 5003 2814 5058 Num
2863 5003 3020 5074 igitur
3063 5005 3130 5059 de
3161 5006 3313 5058 Patre
3360 5005 3411 5060 id
3457 5005 3658 5059 dictum

2081 5100 2206 5150 est?
2235 5095 2551 5165 Neutiquam
2585 5115 2598 5148 :
2626 5110 2729 5149 non
2758 5096 2899 5149 enim
2948 5095 2998 5149 id
3037 5095 3269 5149 admittit
3315 5096 3516 5149 additio
3550 5096 3659 5163 illa,

2083 5188 2151 5241 Et
2198 5188 2466 5241 adventum
2523 5189 2693 5258 magni
2749 5187 2844 5242 Dei
2896 5198 2941 5242 et
2993 5188 3274 5243 Saluatoris
3327 5190 3486 5243 nostri
3539 5188 3664 5242 Jesn

2082 5281 2289 5335 Christi.
2336 5280 2413 5334 En
2448 5281 2605 5350 igitur
2651 5291 2704 5335 et
2752 5280 2917 5335 Filius
2961 5295 3183 5350 magnus
3229 5289 3332 5335 est.
3382 5281 3663 5348 Quomodo

2082 5373 2241 5444 igitur
2268 5373 2401 5427 dicis
2423 5387 2667 5441 parvum,
2700 5380 2754 5429 et
2779 5372 3064 5443 magnum?
3090 5371 3224 5426 Audi
3248 5373 3408 5426 etiam
3434 5373 3665 5442 prophe-

2082 5479 2190 5520 tam
2218 5507 2232 5532 ,
2276 5465 2365 5534 qui
2399 5465 2570 5533 ipsum
2614 5475 2768 5519 vocat
2809 5467 2985 5534 magni
3021 5465 3229 5520 consilii
3259 5466 3526 5536 angelum.
3561 5465 3661 5533 Qui

2079 5567 2163 5612 est
2199 5558 2374 5627 magni
2402 5557 2612 5612 consilii
2663 5558 2916 5627 angelus,
2947 5572 3122 5612 annon
3166 5571 3390 5626 magnus
3419 5558 3544 5612 est?
3571 5557 3662 5625 qui

2045 5645 2162 5705 ἐει
2208 5649 2348 5703 Deus
2389 5649 2580 5714 fortis,
2623 5664 2690 5704 an
2734 5665 2836 5704 non
2867 5658 2950 5704 est
2979 5664 3204 5718 magnus
3233 5689 3248 5715 ,
3295 5650 3388 5705 sed
3432 5651 3666 5720 parvus?

2081 5741 2216 5809 Quid
2242 5741 2397 5809 igitur
2424 5740 2762 5812 impudentes
2787 5741 2872 5796 isti
2902 5749 2953 5797 et
2983 5739 3173 5825 nefarii
3199 5741 3360 5799 verba
3385 5741 3490 5798 ista
3507 5757 3662 5797 usur-
