4130 6386
433 317 559 374 319·

430 432 665 504 αἱρέσεις
695 428 1007 484 κατέϐαλεν.
1043 429 1130 493 Ὠς
1151 426 1242 484 οὖν
1270 419 1524 503 τοιαύτην
1557 432 1810 504 ὀψόμενοι
1835 432 1985 496 θέαν,

432 522 526 572 καὶ
558 519 656 588 μιᾷ
702 517 884 588 πληγῇ
926 517 1190 580 τοσαύτας
1232 519 1514 588 φάλαγγας
1548 520 1881 583 πιπτούσας,
1919 521 1995 574 δι-

432 605 714 675 εγέρθητε,
736 603 874 656 ὥστε
914 603 986 674 μὴ
1013 604 1107 656 τοῦ
1144 604 1411 674 θεάματος
1444 607 1820 678 παραδραμεῖν
1853 607 1996 678 ὑμᾶς

432 698 530 764 τὴν
545 695 752 763 τέρψιν.
773 695 834 746 Εἰ
859 693 963 764 γὰρ
986 695 1076 746 ἐπὶ
1099 694 1205 747 τῶν
1221 696 1626 767 ἀμιλλητηρίων
1649 697 1911 766 ἁρμάτων
1939 697 1997 749 ἐν

431 787 552 848 ταῖς
574 783 679 836 τῶν
723 784 904 836 ἵππων
947 783 1202 854 ἁμίλλαις
1229 785 1380 837 οὐδὲν
1407 784 1579 847 οὕτως
1603 786 1720 838 ἐστὶ
1742 784 1994 856 τερπνὸν,

432 873 508 936 ὼς
533 874 658 926 ὅταν
684 872 950 944 ὁλόκληρα
973 873 1192 944 ἅρματα
1217 873 1352 943 μετά
1373 873 1481 925 τῶν
1505 874 1734 945 ἡνιόχων
1762 873 1998 941 κρούσας

433 978 518 1022 τις
559 959 870 1029 καταϐάλῃ,
926 959 1020 1012 καὶ
1072 959 1242 1012 πολλά
1285 959 1561 1028 τέθριππα
1611 959 1779 1013 ὑπτια
1837 959 2000 1031 ῥίψας

440 1046 576 1117 μετά
612 1047 720 1099 τῶν
750 1045 1068 1115 ἐφεστώτων
1096 1048 1323 1116 ἡνιόχων
1357 1047 1637 1118 παρελάσῃ
1673 1047 1832 1117 μόνος
1866 1047 1999 1117 πρὸς

435 1136 534 1202 τὴν
560 1135 758 1189 νύσσαν
783 1136 878 1188 καὶ
909 1135 969 1188 τὸ
992 1136 1169 1205 τέρμα
1196 1134 1290 1188 τοῦ
1312 1134 1541 1203 ἀγῶνος,
1564 1135 1660 1188 καὶ
1687 1135 1849 1198 πολὺς
1875 1135 2001 1188 πάν-

435 1224 588 1277 τοθεν
622 1225 650 1276 6
676 1223 866 1293 κρότος
898 1223 990 1275 καὶ
1021 1225 1052 1293 ἡ
1099 1221 1314 1294 κραυγὴ
1358 1222 1492 1293 πρὸς
1537 1223 1758 1292 οὐρανὸν
1791 1223 1946 1294 ἀνίην
1973 1225 2000 1273 6

436 1313 515 1378 δὲ,
551 1311 741 1371 ὥσπερ
772 1311 974 1382 πτηνὸς
1023 1311 1128 1364 ὑπὸ
1162 1310 1259 1380 τῆς
1307 1310 1480 1380 χαρᾶς
1523 1310 1734 1379 ἐκείνης
1769 1310 1862 1362 καὶ
1893 1308 2002 1360 τῶν

439 1401 668 1471 κρότων,
714 1398 855 1453 οὑτω
887 1399 949 1451 τὸ
995 1397 1205 1451 στάδιον
1255 1397 1398 1450 ἅπαν
1425 1396 1682 1468 διατρέχῃ
1714 1397 1851 1466 μετά
1895 1397 2002 1449 τῶν

443 1481 652 1541 ἵππων·
701 1489 850 1557 πόσῳ
890 1487 1088 1556 μᾶλλον
1130 1485 1361 1539 ἐνταῦθα
1398 1485 1518 1555 οὑχὶ
1552 1485 1751 1537 πλείων
1787 1483 2000 1555 ἕσταιή

440 1575 637 1647 ἡδονὴ,
695 1575 824 1628 ὅταν
869 1573 1174 1645 ὁλοκλήρων
1230 1572 1492 1642 αἱρέσεων
1544 1572 1865 1642 συστήματα
1911 1574 2005 1626 καὶ

443 1661 722 1716 διαϐολικά
753 1662 1089 1734 ἐργαστήρια
1125 1659 1263 1730 μετὰ
1305 1658 1412 1712 τῶν
1443 1658 1671 1729 ἡνιόχων
1698 1659 1874 1711 αὐτῶν
1903 1675 2004 1712 κα-

443 1749 759 1820 ταϐάλωμεν
779 1751 845 1819 τῇ
867 1747 958 1802 τοῦ
976 1746 1109 1801 Θεοῦ
1130 1749 1310 1818 χάριτι
1329 1746 1503 1799 πάντα
1518 1745 1711 1814 ἁθρόον
1731 1745 1825 1798 καὶ
1841 1744 2004 1815 ὁμοῦ;

445 1839 587 1902 Καὶ,
635 1840 686 1891 εί
731 1839 906 1904 δοκεῖ,
975 1837 1239 1908 πρότερον
1293 1837 1578 1906 στήσωμεν
1618 1835 1716 1899 τὰς
1771 1834 2008 1905 αἱρέσεις

444 1927 608 1989 αὑτὰς
634 1926 774 1979 κατὰ
796 1925 970 1989 τάξιν.

510 2067 776 2120 Βούλεσθε
822 2066 918 2138 τὴν
954 2065 1053 2134 τῆς
1093 2063 1366 2128 ἀσεϐείας,
1411 2062 1572 2134 ἢτὴν
1615 2061 1722 2115 τῶν
1766 2061 2007 2131 χρόνων;

459 2159 592 2211 Ἀλλ’
619 2158 815 2225 ἴδωμεν
843 2173 942 2226 την
960 2154 1068 2207 τῶν
1095 2154 1300 2225 χρόνων
1326 2170 1338 2186 ·
1369 2153 1466 2223 τὴν
1492 2153 1600 2220 7&9
1632 2151 1730 2222 τῆς
1757 2150 2012 2212 ἀσεϐείας

442 2246 698 2299 δύσκολον
727 2244 973 2297 συνιδεῖν.
1014 2242 1221 2294 Οὐκοῦν
1245 2240 1457 2310 πρῶτος
1479 2238 1762 2301 Σαϐέλλιος
1787 2240 1816 2291 6
1846 2237 2012 2299 Λίϐυς

445 2334 730 2404 παρήχθω.
767 2331 831 2383 Τί
867 2325 959 2384 οὖν
1005 2321 1158 2392 οὗτός
1188 2343 1381 2398 φησιν;
1419 2328 1540 2379 Ὅτι
1573 2326 1636 2379 τὸ
1664 2325 1885 2396 Πατὴρ,
1917 2327 2012 2377 καὶ

446 2426 607 2490 Υἱὸς,
647 2423 741 2477 καὶ
787 2421 942 2489 ἆγιον
982 2418 1225 2488 Πνεῦμα,
1271 2415 1510 2486 ὀνόματά
1551 2415 1666 2467 ἐστι
1711 2413 1843 2482 ψιλά
1887 2411 2010 2465 καθ’

446 2513 562 2576 ἑνὸς
584 2510 872 2582 προσώπου
889 2508 1134 2578 κείμενα.
1155 2505 1417 2574 Μαρκίων
1433 2504 1489 2556 δὲ
1509 2503 1536 2554 ὁ
1553 2502 1809 2565 Ποντικός
1827 2516 2011 2570 φησιν,

444 2600 526 2653 ὅτι
555 2601 582 2650 6
607 2597 738 2660 Θεὸς
761 2596 790 2648 ὁ
822 2595 997 2649 πάντα
1030 2591 1433 2663 συστησάμενος
1478 2590 1577 2642 οὑκ
1617 2588 1762 2641 ἔστιν
1788 2586 2014 2653 ἀγαθὸς,

444 2685 566 2739 οὑδὲ
597 2684 784 2754 Πατὴρ
817 2683 912 2760 τοῦ
964 2680 1169 2750 ἀγαθοῦ
1216 2676 1484 2750 Χριστοῦ,
1539 2675 1653 2731 ἀλλ’
1706 2675 1889 2744 ἕτερός
1931 2689 2011 2734 τις

444 2776 668 2838 δίκαιος,
705 2775 846 2827 καὶιι
886 2773 1066 2842 σάρκα
1116 2771 1215 2822 οὑκ
1263 2767 1524 2820 ἀνέλαϐεν
1580 2765 1720 2836 ὑπὲρ
1775 2761 1930 2834 ἡμῶν
1986 2761 2016 2813 ὁ

447 2865 600 2926 Υἱός.
636 2861 952 2933 Μάρκελλος
982 2859 1041 2911 δὲ
1079 2857 1172 2911 καὶ
1192 2855 1454 2916 Φωτεινὸς
1477 2853 1571 2906 καὶ
1601 2853 1902 2921 Σωφρόνιος
1926 2848 2016 2900 τὸν

448 2951 619 3020 Λόγον
649 2950 927 3021 ἐνέργειαν
959 2944 1095 3000 εἷναί
1139 2961 1293 3014 φασι,
1322 2943 1420 3012 τήν
1440 2942 1496 2994 δὲ
1519 2941 1795 3011 ἐνέργειαν
1815 2937 2018 3008 ταύτην

449 3039 724 3108 ἐνοικῆσαι
767 3037 844 3106 τῷ
880 3037 944 3088 ὲκ
984 3035 1294 3103 σπέρματος
1325 3028 1483 3083 Δαυῒδ
1507 3067 1521 3092 ,
1561 3027 1662 3080 οὑκ
1705 3024 1894 3080 οὐσίαν
1931 3027 2016 3078 ὲν-

449 3130 770 3184 υπόστατον.
826 3128 1040 3196 ’Ἄρειος
1082 3123 1208 3176 Υίὸν
1255 3121 1353 3193 μὲν
1393 3120 1664 3190 ὁμολογεῖ,
1716 3119 1919 3188 ῥήματι
1959 3115 2016 3168 δὲ

453 3219 600 3290 μόνῳ
622 3234 637 3250 ⁸
670 3217 873 3284 κτίσμα
892 3215 998 3284 7&9
1030 3211 1190 3266 αὑτὸν
1220 3205 1356 3262 εἷναί
1393 3225 1547 3278 φησι,
1572 3205 1666 3260 καὶ⁹
1689 3205 1783 3257 τοῦ
1808 3202 2018 3272 Πατρὸς

450 3289 708 3359 ἐλάττονα
750 3300 905 3355 πολύ.
956 3299 1175 3370 ’Έτεροι
1227 3296 1284 3349 δὲ
1338 3293 1398 3348 οῦ
1453 3311 1616 3362 φασιν
1669 3291 1830 3346 αὑτὸν
1877 3289 2020 3359 ἔχειν

449 3394 649 3464 ψυχήν.
702 3384 856 3451 Εἶδες
903 3386 970 3440 τά
1027 3385 1247 3456 ἅρματα
1278 3381 1520 3447 ὲστῶτα;
1579 3378 1772 3447 θεώρει
1841 3377 2020 3428 τοίνυν

451 3479 630 3534 αὐτῶν
663 3478 759 3530 καὶ
799 3474 868 3527 τὰ
909 3473 1198 3542 πτώματα,
1264 3469 1380 3532 πῶς
1432 3467 1568 3539 ὁμοῦ
1615 3467 1826 3527 πάντας
1866 3480 2023 3515 καταο

454 3568 661 3640 κρούων
693 3565 894 3636 βάλλει,
935 3563 1028 3615 καλ⁵
1073 3563 1171 3632 μιᾷ
1205 3560 1384 3628 πληγῇ
1417 3559 1507 3610 καὶ
1531 3555 1746 3626 ἀθρόον.
1779 3553 1904 3615 Πῶς
1930 3547 2022 3604 οὖν

453 3655 780 3710 καταϐάλλει
804 3671 818 3716 ;
850 3651 1026 3706 Τοῦτο
1051 3650 1160 3719 γὰρ
1185 3647 1518 3717 φρονεὶσθω
1544 3645 1614 3697 ἐν
1643 3641 1806 3710 ὑμῖν,
1835 3640 2019 3710 φησὶν,

457 3750 488 3803 ὂ
521 3749 619 3802 καὶ
641 3749 710 3800 ἐν
730 3741 958 3812 Χριστῷ
997 3739 1215 3806 Ἰησοῦ,
1241 3739 1308 3804 ὃς
1336 3737 1405 3789 ἐν
1425 3732 1626 3804 μορφῇ
1659 3731 1807 3786 Θεοῦ
1835 3729 2026 3797 ὑπάρ-

454 3856 599 3908 χων,
629 3837 738 3904 οὐχ
767 3830 1079 3901 ἁρπαγμὸν
1128 3826 1396 3896 ἡγήσατο
1429 3823 1494 3878 τὸ
1530 3818 1681 3877 εἶναι
1736 3821 1840 3873 ἶσα
1860 3816 2021 3903 Θεῷ.

471 3928 747 3984 Ἐντεῦθεν
772 3926 866 3978 καὶ
895 3922 1104 3983 Παῦλος
1131 3921 1158 3972 6
1183 3917 1530 3988 Σαμοσατεὺς
1563 3915 1724 3966 ἔπεσε
1753 3911 1844 3964 καὶ
1870 3908 2022 3976 Μάρ-

459 4106 764 4175 ὑπάρχων.
819 4104 883 4155 Εἰ
927 4103 983 4153 ὲν
1023 4099 1223 4169 μορφῇ,
1276 4094 1392 4154 πῶς
1436 4087 1529 4144 οῦν
1575 4090 1776 4175 λέγεις,
1815 4083 2027 4175 ὅᾉτιάπὸ

460 4195 698 4264 Μαρίας,
738 4184 781 4242 ὦ
820 4188 1011 4259 μιαρὲ,
1047 4166 1267 4255 ἤρξατο,
1312 4179 1406 4233 καὶ
1441 4177 1546 4247 πρὸ
1582 4174 1773 4227 τούτου
1798 4173 1898 4225 οὐκ
1923 4166 2023 4240 ἦνς

461 4259 578 4344 πῶς
599 4281 655 4332 δὲ
681 4279 860 4340 πάλιν,
886 4277 968 4328 ὅτι
991 4273 1241 4342 ἐνέργεια
1256 4265 1355 4340 iv;
1387 4268 1483 4332 Ἐν
1503 4261 1706 4333 μορφῇ
1731 4261 1839 4333 7&9
1857 4259 2023 4322 Θεοῦ,

462 4369 616 4437 φησὶ,
659 4364 901 4435 μορφὴν
937 4361 1161 4414 δούλου
1200 4358 1434 4411 ἔλαϐεν.
1491 4351 1628 4406 Εἰπὲ
1673 4349 1948 4437 γάρ-μοι’,
1993 4346 2025 4415 ἡ

467 4433 777 4524 μορφὴ-τοῦ
817 4449 1003 4504 δούλου
1051 4445 1300 4514 ἐνέργεια
1338 4440 1523 4495 δούλου
1562 4439 1742 4499 ἐστὶν,
1786 4435 1820 4503 ἢ
1859 4433 2029 4524 φύσις

463 4530 683 4604 δούλου;
709 4539 931 4598 Πάντως
958 4535 1154 4605 δήπου,
1182 4529 1360 4593 Φύσις,
1395 4529 1558 4597 ἐρεῖς,
1573 4523 1782 4578 δούλου.
1819 4519 2058 4588 Οὐκοῦν..

465 4625 617 4697 καὶ
649 4625 830 4696 μορφὴ
861 4620 1011 4693 [255]
1053 4617 1149 4671 τοῦ
1185 4617 1338 4680 Θεοῦ,
1365 4613 1498 4666 Θεοῦ
1551 4612 1746 4681 φύσις·
1778 4609 1877 4662 οὑκ
1923 4607 2030 4676 ἄρα

466 4695 735 4785 ἐνέργεια.
794 4711 924 4763 Ἰδοὺ
976 4707 1072 4761 καὶ
1133 4706 1160 4757 ό
1213 4701 1528 4781 Μάρκελλος
1572 4702 1600 4752 6
1644 4698 1888 4766 Γαλάτης
1937 4695 2029 4748 καὶ

465 4801 768 4873 Σωφρόνιος
792 4799 886 4850 καὶ
912 4793 1172 4855 Φωτεινδς
1203 4792 1521 4845 κατέπεσον.

540 4944 606 5015 β’.
645 4944 775 4996 Ἰδοὺ
803 4940 898 4994 καὶ
930 4938 1233 4999 Σαϐέλλιος.
1262 4937 1384 5005 Οὺχ
1412 4927 2028 5001 ἀρπαγμόνήγήσατο,

471 5035 624 5104 φησὶ,
652 5034 717 5087 τὸ
737 5029 886 5086 εἶναι
910 5030 1015 5083 ἶσα
1035 5027 1173 5091 Θεῷ.
1205 5027 1345 5078 Ἴσον
1377 5023 1433 5076 δὲ
1466 5022 1560 5075 ἐπὶ
1593 5019 1710 5083 ἐνὸς
1737 5019 1797 5073 οὑ
1819 5017 2030 5104 λέγεται

471 5103 761 5193 προσώπου
789 5135 800 5148 ·
849 5118 910 5169 τὸ
948 5115 1056 5184 γὰρ
1091 5115 1221 5176 ἴσον,
1254 5111 1359 5163 τινί
1393 5111 1538 5162 ἐστιν
1580 5107 1715 5162 ἴσον.
1759 5105 1917 5176 Ὁρᾷς
1942 5103 2033 5154 δύο

471 5192 777 5280 προσώπων
843 5205 1166 5261 ὑπόστασιν,
1213 5200 1333 5268 οὑχὶ
1403 5199 1640 5267 ὀνόματα
1689 5193 1819 5264 ψιλά
1865 5192 2034 5261 χωρὶς

471 5296 810 5366 πραγμάτων
831 5293 1098 5360 λεγόμενα
1121 5307 1132 5353 ;
1157 5289 1389 5358 ἦκουσας
1404 5285 1500 5355 τὴν
1523 5283 1840 5354 προαιώνιον
1867 5279 2038 5349 ὑπαρ-

474 5385 556 5450 ξιν
579 5383 671 5435 τοῦ
701 5378 1034 5448 Μονογενοῦς
1057 5396 1071 5443 ;
1097 5376 1256 5428 Ἀλλά
1284 5372 1456 5426 ταῦτα
1482 5374 1578 5442 μὲν
1611 5371 1746 5442 πρὸς
1771 5367 2034 5429 ἐκείνουςο

471 5473 524 5524 τί
557 5468 648 5524 οῦν
683 5469 817 5540 πρὸς
837 5469 1053 5537 Ἀρειον
1073 5464 1321 5530 εἴποιμεν
1343 5461 1546 5526 λοιπὸν,
1564 5458 1652 5512 τόν
1671 5457 1897 5525 λέγοντα
1918 5454 2036 5508 ἐτέ-

477 5577 578 5632 ρας
607 5554 744 5613 εἶναι
773 5557 957 5618 οὐσίας
984 5555 1074 5607 τὸν
1099 5552 1254 5621 Υίόν;
1287 5550 1511 5620 Εἰπὲεδή
1540 5566 1646 5621 μοι,
1673 5547 1758 5615 τὸ,
1788 5543 2040 5617 Μορφὴν

544 5753 572 5786 ⁸
594 5753 781 5816 Supple
807 5751 878 5801 ὅτι
902 5763 1011 5801 cum
1035 5748 1184 5801 Savil.

1294 317 1360 373 IN
1396 317 1620 376 EPIST.
1654 321 1745 378 AD
1783 320 2074 378 PHILIPP.
2117 323 2269 378 CAP.
2312 324 2381 378 ll.
2419 323 2652 380 l-IOMIL.
2695 323 2780 378 VI.

3557 326 3679 382 εεο

2097 433 2318 490 δούλου
2343 435 2540 500 ἔλαϐε,
2565 436 2616 486 τί
2652 437 2835 498 ὲστιν;
2871 433 3187 503 ’Ἄνθρωπος
3215 437 3362 504 ὲγένε
3375 454 3448 504 το,
3479 448 3662 510 φησὲνι
3687 469 3694 474 -

2098 526 2302 579 Οὐκοῦν
2330 527 2424 579 καὶ
2451 528 2507 578 ὲν
2534 528 2713 596 μορφῇ
2753 525 2886 578 Θεοῦ
2912 525 3192 595 ὑπάρχων,
3223 527 3354 592 Θεὸς
3391 524 3458 599 ἦν
3480 545 3495 562 ο
3534 549 3667 602 μορ..

2102 616 2175 687 φὴ
2196 618 2322 688 γὰρ,
2355 617 2451 670 καὶ
2482 617 2662 688 μορφή
2694 619 2892 670 κεῖται.
2916 617 2976 669 Εἰ
2999 615 3154 669 τοῦτο
3176 617 3392 686 ἀληθὲς,
3416 619 3660 674 κάκεῖνο.

2096 709 2258 763 Φύσει
2294 709 2596 780 ἄνθρωπος,
2630 711 2663 779 ή
2694 709 2874 779 μορφὴ
2905 707 2996 761 τοῦ
3037 708 3222 762 δούλου
3244 727 3256 740 ο
3289 710 3482 763 οὑκοῦν
3510 711 3667 779 φύσει

2098 799 2248 865 Θεὸς,
2287 799 2380 852 καὶ
2425 801 2458 867 ἡ
2497 799 2676 869 μορφή
2714 798 2807 851 τοῦ
2855 797 3010 852 Θεοῦ.
3071 799 3178 851 Καὶ
3207 799 3265 851 οὐ
3301 798 3456 852 τοῦτο
3487 800 3668 868 μόνον,

2098 886 2233 937 άλλά
2280 886 2372 939 καὶ
2419 886 2478 962 τὸ
2521 886 2636 938 ἴσον
2679 883 2828 954 αὑτῷ
2869 887 3156 955 μαρτυρεῖ,
3209 883 3397 953 ὥσπερ
3440 881 3532 936 οῦν
3577 886 3667 938 καὶ

2112 975 2381 1040 Ἰωάννης,
2419 977 2513 1030 καὶ
2546 977 2627 1029 ὅτι
2662 976 2813 1029 οὐδὲν
2845 975 3082 1030 ἐλάττων
3118 976 3234 1028 ἐστὶ
3281 975 3373 1028 τοῦ
3418 975 3666 1046 Πατρόςο

2105 1070 2226 1136 Οὐχ
2255 1067 2568 1136 ἁρπαγμὸν
2591 1067 2882 1135 ἡγήσατο,
2924 1065 3074 1135 φησὶ,
3106 1067 3170 1118 τὸ
3207 1061 3356 1118 εἶναι
3387 1065 3492 1119 ἴσα
3526 1062 3670 1128 Θεῷ.

2112 1157 2273 1211 Ἀλλὰ
2305 1158 2388 1222 τίς
2417 1160 2447 1210 6
2482 1158 2642 1227 σοφὸς
2673 1157 2852 1210 αὑτῶν
2877 1156 3031 1226 λόγος
3057 1175 3070 1222 ;
3102 1157 3212 1209 Καὶ
3243 1157 3350 1227 μὴν
3368 1155 3672 1210 τούναντίον

2103 1248 2361 1315 δείκνυσι,
2389 1250 2551 1320 φησιν
2575 1268 2589 1280 ·
2608 1245 2728 1302 εἷπε
2757 1249 2885 1320 7&9,
2909 1249 2990 1302 ὅτι
3016 1249 3071 1300 ὲν
3105 1251 3284 1318 μορφῇ
3319 1246 3454 1300 Θεοῦ
3492 1245 3672 1314 ὑπάρ-

2103 1356 2235 1410 χων,
2262 1341 2358 1410 οὑχ
2395 1340 2700 1415 ἤρπασειτὸ
2745 1335 2882 1392 εἶναι
2928 1338 3017 1391 ἴσα
3061 1338 3179 1409 Θεῷ
3202 1357 3215 1368 ο
3253 1339 3346 1392 καὶ
3397 1338 3503 1407 μὴν
3531 1339 3578 1390 εἰ
3605 1331 3674 1408 ἦν

2104 1433 2254 1496 Θεὸς,
2282 1432 2396 1495 πῶς
2433 1428 2576 1503 εἶχεν
2609 1432 2885 1502 ἀρπάσσι;
2915 1431 3021 1484 Καὶ
3043 1430 3156 1494 πῶς
3189 1431 3288 1503 οὐκ
3320 1429 3676 1500 ἀπερινόητσν

2104 1523 2297 1588 τοῦτο;
2325 1523 2406 1585 τίς
2438 1524 2546 1593 γὰρ
2577 1523 2643 1577 ἂν
2684 1524 2848 1589 εἴποι,
2894 1523 2974 1574 ὅτι
3017 1524 3045 1576 6
3077 1523 3224 1576 δεῖνα
3249 1520 3536 1591 ἄνθρωπος
3575 1519 3674 1583 ὢν,

2106 1618 2204 1687 οὑχ
2221 1617 2436 1686 ἥρπασε
2467 1615 2527 1668 τὸ
2551 1611 2688 1669 εἶναι
2711 1614 2807 1668 ἄνθ
2816 1632 2997 1686 ρωπος
3021 1632 3035 1678 ;
3069 1613 3186 1676 πῶς
3212 1613 3321 1684 γὰρ
3353 1613 3417 1666 ἄν
3439 1630 3519 1676 τις
3537 1613 3677 1682 ὅπερ

2109 1709 2254 1761 ἐστὶν
2285 1707 2619 1777 ἁρπάσειεν;
2651 1705 2748 1770 Οὓ,
2772 1707 2932 1776 φησίν
2953 1722 2967 1736 ⁵
3003 1706 3117 1760 ἀλλ’
3141 1706 3222 1759 ὅτι
3252 1706 3380 1769 Θεὸς
3415 1704 3490 1759 ὢν
3518 1705 3675 1758 ἐλάτ-

2108 1814 2245 1862 των,
2289 1798 2386 1866 ούχ
2420 1797 2634 1866 ἥρπασε
2671 1796 2731 1849 τὸ
2779 1791 2912 1849 εἶναι
2964 1795 3053 1849 ἴσα
3083 1795 3160 1866 τῷ
3197 1795 3314 1865 Θεῷ
3347 1795 3424 1866 τῷ
3459 1794 3680 1864 μεγάλῳ

2108 1888 2201 1940 καὶ
2222 1887 2450 1956 μείζονι.
2479 1887 2588 1940 Καὶ
2625 1886 2819 1958 μικρὸς
2855 1888 2946 1940 καὶ
2980 1888 3152 1956 μέγας
3188 1885 3321 1949 Θεὸς
3353 1885 3461 1950 Exn;
3492 1886 3587 1938 καὶ
3609 1885 3677 1937 τά

2118 1978 2405 2050 Ἑλληνικὰ
2426 1982 2537 2042 τοῖς
2557 1979 2654 2050 τῆς
2685 1978 3008 2048 Ἐκκλησίας
3033 1978 3294 2048 δόγμασιν
3321 1978 3679 2044 ὲπεισάγετε;

2107 2072 2298 2140 Μέγας
2339 2071 2438 2141 μὲν
2464 2071 2571 2143 7&9
2597 2072 2690 2125 καὶ
2726 2072 2919 2142 μικρὸς
2955 2072 3086 2142 παρ’
3117 2070 3298 2133 αὑτοῖς
3325 2071 3476 2134 θεόςο
3527 2073 3574 2122 εί
3623 2069 3679 2121 δὲ

2109 2163 2203 2215 καὶ
2230 2164 2360 2233 παρ’
2389 2164 2533 2233 ὑμῖν,
2558 2163 2657 2215 οὐκ
2682 2157 2817 2216 οἶδα.
2848 2162 3008 2233 Παρά
3037 2161 3136 2231 μὲν
3159 2160 3266 2230 γὰρ
3288 2164 3406 2224 ταῖς
3437 2162 3682 2232 Γραφαῖς

2109 2252 2342 2323 οὐδαμοῦ
2367 2253 2640 2323 εὑρήσεις,
2677 2252 2812 2305 ἀλλά
2839 2255 3013 2322 μέγαν
3039 2251 3140 2321 μὲν
3162 2252 3454 2320 πανταχοῦ,
3489 2249 3684 2320 μικρὸν

2110 2345 2168 2399 δὲ
2195 2344 2446 2414 οὐδαμοῦ.
2476 2346 2537 2398 Εἰ
2572 2346 2678 2414 γὰρ
2711 2327 2924 2415 μικρὸς,
2965 2341 3081 2405 πῶς
3119 2340 3212 2394 καὶ
3250 2323 3384 2404 Θεός
3405 2358 3419 2408 ;
3476 2342 3539 2393 Εἰ
3589 2359 3683 2411 μι-

2111 2433 2242 2505 κρϐς
2268 2433 2368 2486 οὐκ
2389 2432 2536 2484 ἔστιν
2562 2432 2848 2502 ἄνθρωπος
2871 2431 2963 2485 καὶ
2996 2431 3186 2502 μέγας,
3215 2428 3350 2482 ἀλλὰ
3378 2429 3475 2499 μία
3500 2427 3682 2497 φύσις,

2111 2526 2207 2577 καὶ
2243 2525 2295 2576 εί
2338 2542 2391 2577 τι
2425 2524 2526 2576 οὑκ
2561 2523 2674 2576 ἔστι
2723 2524 2822 2587 τῆς
2863 2522 3077 2592 φύσεως
3127 2520 3330 2592 ταύτης
3379 2521 3543 2590 μιᾶς,
3584 2519 3687 2572 οὑκ

2112 2619 2421 2690 ἄνθρωπος,
2457 2611 2574 2679 πῶς
2606 2615 2672 2668 ἂν
2701 2615 2782 2685 εἴη
2836 2613 3027 2685 μικρὸς
3056 2613 3187 2676 Θεὸς
3223 2612 3315 2666 καὶ
3357 2611 3527 2682 μέγας
3554 2612 3582 2662 6
3612 2608 3688 2680 μὴ

2113 2709 2189 2762 ὣν
2213 2709 2429 2779 ἐκείνης
2451 2707 2549 2777 τῆς
2579 2706 2793 2774 φύσεως
2816 2722 2830 2770 ;
2865 2705 2924 2757 '0
2953 2703 3148 2774 μικρὸς
3169 2701 3264 2767 ὣν,
3283 2703 3344 2755 οὑ
3373 2701 3501 2763 Θεός
3522 2716 3535 2731 ο
3561 2715 3690 2753 παν-

2113 2800 2278 2872 ταχοῦ
2309 2802 2415 2870 γάρ
2463 2799 2639 2868 μέγας
2679 2797 2895 2864 λέγεται
2932 2795 3082 2867 παρά
3119 2798 3185 2865 τῇ
3233 2795 3456 2864 Γραφῇ*
3491 2791 3690 2860 Μέγας

2115 2893 2348 2958 Κύριος,
2374 2889 2536 2957 φησὶν
2565 2889 2593 2940 6
2621 2886 2806 2951 Δαυῒδ,
2849 2884 2947 2939 καὶ
2985 2884 3217 2949 αἰνετός
3259 2881 3512 2950 σφόδρα.
3559 2880 3689 2933 Ἰδοὺ

2116 2983 2213 3035 καὶ
2241 2981 2368 3052 περὶ
2399 2978 2492 3032 τοῦ
2518 2977 2648 3031 Υἱοῦ
2669 2995 2683 3010 ο
2721 2975 2994 3047 πανταχοῦ
3030 2974 3138 3044 γὰρ
3165 2973 3368 3045 Κύριον
3401 2971 3564 3026 αὑτὸν
3591 2987 3694 3024 κα-

2117 3071 2199 3124 λεῖ
2219 3089 2231 3100 ·
2265 3071 2362 3124 καὶ
2390 3070 2547 3124 πάλιν
2566 3111 2580 3133 ,
2608 3069 2806 3137 Μέγας
2829 3069 2886 3121 εἷ
2902 3067 3004 3132 σὺ,
3033 3066 3131 3120 καὶ
3154 3064 3340 3119 ποιῶν
3363 3062 3688 3132 θαυμάσιαο

2119 3164 2198 3218 σὺ
2221 3164 2274 3217 εἰ
2295 3166 2328 3216 d
2363 3162 2507 3228 Θεὸς
2533 3161 2719 3231 μόνος
2739 3177 2751 3190 ·
2782 3161 2877 3213 καὶ
2925 3159 3090 3212 πάλιν
3109 3198 3123 3221 ,
3156 3156 3354 3226 Μέγας
3400 3159 3431 3208 ό
3479 3156 3694 3222 Κύριος

2120 3256 2306 3324 ἡμῶν,
2336 3255 2434 3309 καὶ
2460 3253 2689 3324 μεγάλη
2718 3253 2754 3320 ἠ
2792 3251 2970 3320 ἰσχὺς
2999 3250 3206 3315 αὑτοῦ,
3254 3248 3352 3302 καὶ
3377 3246 3484 3313 τῆς
3508 3264 3692 3316 μεγα-

2120 3347 2402 3412 λωσύνης
2422 3344 2606 3398 αὐτοῦ
2629 3347 2739 3396 οὐκ
2769 3342 2899 3395 ἔστι
2929 3341 3132 3409 πέρας.
3174 3338 3332 3391 Ἀλλὰ
3360 3337 3535 3391 ταῦτα
3564 3354 3629 3389 πε
3641 3336 3696 3406 ρὶ

2121 3437 2213 3490 τοῦ
2247 3437 2486 3506 Πατρός*
2517 3437 2544 3487 6
2565 3434 2620 3486 δὲ
2650 3435 2796 3497 Υἱὸς,
2833 3434 2986 3503 φησὶ,
3012 3431 3225 3502 μικρός.
3267 3431 3428 3483 Ἀλλά
3448 3431 3511 3482 σὺ
3536 3429 3705 3484 τοῦτο-

2097 3525 2298 3598 ’λέγεις
2325 3545 2336 3556 ’
2368 3528 2477 3599 ἠδὲ
2505 3526 2695 3595 Γραφὴ
2718 3524 3024 3580 τούναντίον
3046 3540 3059 3552 ·
3084 3522 3271 3592 ὥσπερ
3302 3523 3430 3591 περὶ.
3460 3520 3552 3572 τοῦ
3583 3522 3696 3573 Ila.-

2122 3623 2268 3692 τρὸς,
2318 3619 2459 3673 οὓτω
2491 3621 2584 3672 καὶ
2632 3619 2758 3688 περὶ
2805 3616 2900 3672 τοῦ
2935 3615 3070 3669 Υἰοῦ.
3116 3630 3302 3682 φησιν.
3349 3614 3556 3666 Ἄκουε.
3586 3611 3696 3682 7&9

2124 3714 2340 3768 Παύλου
2377 3713 2627 3781 λέγοντος
2653 3751 2668 3774 ,
2718 3708 3194 3777 Προσδεχόμενοι
3245 3705 3358 3770 τὴν
3395 3704 3700 3773 μακαρίαν

2123 3804 2340 3858 ἐλπίδα
2384 3803 2480 3856 καὶ
2523 3801 2876 3870 ἐπιφάνειαν
2923 3799 3033 3868 τῆς
3071 3797 3257 3864 δόξης
3303 3796 3407 3849 τοῦ
3429 3795 3697 3865 μεγάλου

2130 3897 2299 3952 Θεοῦ.
2352 3895 2490 3949 Ἀλλ’
2527 3892 2634 3965 ἆρα
2685 3893 2760 3964 μὴ
2812 3894 2939 3963 περὶ
2987 3891 3080 3945 τοῦ
3128 3891 3340 3961 Πατρὸς
3378 3888 3713 3956 ἐπιφάνειαν.

2127 3986 2314 4052 εἷπεν;
2348 3989 2468 4040 ’Ἱνα
2513 3987 2568 4039 δὲ
2598 3986 2691 4040 καὶ
2743 3985 2942 4055 μᾶλλον
2992 3984 3135 4053 ὑμᾶς
3176 3981 3389 4051 ἐλέγξῃ,
3428 3980 3570 4035 κατά
3600 3978 3699 4048 τὴν

2134 4079 2456 4149 ἐπιφάνειαν
2500 4077 2593 4130 τοῦ
2649 4075 2884 4148 μεγάλου
2936 4073 3072 4127 Θεοῦ
3131 4071 3279 4144 [256]
3340 4071 3698 4140 προσέθηκεν.

2132 4175 2270 4242 Ἀρα
2302 4167 2394 4223 οὖν
2426 4169 2499 4240 μὴ
2529 4165 2771 4240 περὶτοῦ
2804 4165 3296 4237 Πατρὸςὶεῐρηταις
3332 4161 3626 4229 Οὐδαμῶςο
3661 4159 3698 4231 ἡ

2083 4305 2086 4308 .
2128 4266 2236 4335 γὰρ
2265 4265 2528 4332 ἐπαγωγὴ
2565 4263 2663 4314 οὐκ
2709 4259 2940 4329 ἀφίησι,
2986 4256 3254 4324 λέγουσα,
3293 4252 3398 4307 Καὶ
3431 4251 3548 4319 τὴν
3576 4252 3701 4304 ἐπι-

2130 4355 2382 4425 φάνειαν
2421 4353 2525 4405 τοῦ
2562 4350 2827 4419 μεγάλου
2873 4345 3020 4402 Θεοῦ
3046 4384 3061 4409 ,
3097 4343 3196 4396 καὶ
3233 4341 3499 4408 Σωτῆρος
3532 4337 3702 4425 ἡμων

2143 4420 2354 4511 Ἰησοῦ-
2381 4439 2657 4510 Χριστοῦ.
2716 4437 2845 4490 Ἰδοὺ
2879 4435 2975 4488 καὶ
3016 4435 3044 4485 ὁ
3072 4431 3196 4494 Υἱὸς
3232 4429 3421 4500 μέγας.
3452 4426 3575 4489 Πῶς
3607 4420 3702 4478 οῦν

2129 4538 2307 4606 λέγεις
2341 4533 2557 4606 μικρὸν,
2584 4530 2678 4584 καὶ
2716 4528 2928 4598 μέγαν;
2958 4527 3155 4578 Ἀκουε
3183 4521 3278 4576 καὶ
3303 4519 3397 4573 τοῦ
3423 4520 3700 4590 προφήτου

2130 4630 2378 4697 λέγοντος
2407 4625 2565 4678 αὑτὸν
2595 4620 2836 4691 μεγάλης
2861 4616 3053 4687 βουλῆς
3078 4612 3362 4683 Ἄγγελον.
3379 4613 3435 4665 '0
3461 4611 3703 4689 μεγάλης

2133 4719 2327 4792 βουλῆς
2349 4715 2611 4784 Ἀγγελος
2631 4712 2692 4764 οὑ
2721 4709 2980 4780 μέγας;,ὁ
3012 4704 3226 4776 ἰσχυρὸς
3258 4701 3388 4766 Θεὸς
3417 4701 3479 4754 οὐ
3509 4700 3702 4771 μέγας,

2131 4810 2267 4866 ἀλλὰ
2302 4807 2534 4878 μικρός;
2578 4803 2643 4856 Τί
2685 4797 2775 4858 οὖν
2807 4814 2970 4868 φασιν
3013 4797 3063 4849 οἱ
3095 4793 3435 4863 ἀναίσχυντοι
3465 4793 3558 4844 καὶ
3587 4793 3702 4843 ἰτα-

2136 4901 2247 4970 μοὶ,
2277 4901 2358 4952 ὅτι
2401 4894 2591 4966 μικρὸς
2625 4891 2698 4945 ὣν
2733 4890 2863 4952 Θεός
2885 4905 2900 4948 ς
2926 4887 3069 4957 λέγω
3109 4884 3146 4938 ἃ
3170 4883 3390 4951 λέγουσι
3422 4880 3730 4943 πολλάκις,¹

2133 4969 2222 5044 ἵνα
2247 4987 2444 5061 μᾶλλον
2476 4985 2673 5045 αὑτοὺς
2717 4980 2926 5050 φύγητε
2948 4994 2961 5006 ·
2997 4975 3191 5046 μικρὸς
3217 4972 3314 5036 ὣν,
3360 4971 3513 5041 φησι,
3548 4969 3702 5032 Θεὸς,

2134 5059 2483 5154 οὑχ-ἥρπασε
2513 5076 2574 5128 τὸ
2603 5070 2740 5126 εἶναι
2777 5068 2921 5123 κατὰ
2950 5068 3040 5120 τὸν
3073 5065 3266 5136 μέγαν.
3298 5062 3362 5114 Τί
3395 5061 3503 5130 7&9
3527 5099 3542 5123 ,
3579 5059 3726 5111 εἰπέ·

2140 5150 2232 5248 μοι
2276 5150 2431 5244 (ἀλλὰ
2469 5168 2543 5239 μὴ
2595 5165 2851 5235 νομίσητε
2884 5159 3040 5234 ήμῶν
3075 5153 3214 5210 εἶναι
3241 5154 3310 5206 τὰ
3339 5150 3578 5223 ῥήματα)
3606 5168 3621 5217 ;
3655 5152 3703 5203 εἰ

2141 5241 2332 5340 μικρὸς
2355 5261 2424 5335 ἦν
2456 5260 2575 5314 κατ’
2601 5258 2816 5321 αὐτοὺς,
2840 5254 2931 5307 καὶ
2965 5249 3098 5303 πολὺ
3124 5249 3221 5318 τῆς
3255 5245 3534 5340 δυνάμεως
3566 5241 3724 5294 ἀποι

2137 5331 2272 5414 δέων
2307 5331 2408 5421 τῆς
2439 5352 2533 5406 τοῦ
2567 5350 2796 5420 Πατρὸς,
2828 5345 2944 5407 πῶς
2973 5343 3038 5396 ἂν
3083 5335 3320 5408 ἠδυνήθη
3357 5332 3602 5421 ἁρπάσαι
3647 5331 3726 5386 τὸ.

2139 5420 2398 5504 εἷναι-ῑσα
2437 5440 2593 5508 Θεῷ;
2630 5440 2788 5508 φύσει
2827 5435 2948 5505 7&9.
2985 5430 3218 5486 ἐλάττων
3250 5424 3350 5476 οὑκ
3386 5423 3452 5479 ἂν
3492 5420 3710 5474 δύναιτο

2140 5540 2386 5613 ἁρπάσαι
2407 5536 2467 5589 τὸ
2492 5530 2631 5587 εἶναι
2663 5531 2720 5584 ὲν
2747 5531 2814 5599 τῇ
2841 5523 3045 5613 μεγάλῃ
3056 5537 3079 5613 ζ·
3103 5514 3215 5571 οἷον
3238 5518 3265 5568 6
3296 5512 3390 5613 άνθ
3401 5529 3579 5613 ρωπος
3606 5510 3706 5613 οὑκ

2140 5601 2206 5689 ἂν
2227 5633 2442 5687 δύναιτο
2479 5625 2725 5698 ἁρπάσαι
2761 5620 2821 5673 τὸ
2858 5612 3017 5670 εἶναι,
3042 5611 3154 5673 ἴσος
3177 5606 3408 5698 ἀγγέλῳ,
3439 5602 3580 5698 κατὰ
3607 5601 3706 5698 τὴν

2146 5725 2331 5796 φύσιν·
2361 5725 2389 5776 6
2418 5695 2580 5781 ἵππος
2599 5715 2698 5770 οὐκ
2729 5711 2794 5766 ἂν
2821 5708 3032 5763 δύναιτο
3062 5697 3451 5773 ἁρπάσαι,,κᾶν
3474 5695 3630 5771 θέλῃ,
3645 5695 3708 5752 τὸ
