4108 6410
400 332 501 387 211

400 444 541 501 εἶναι
566 446 675 509 ἴσος
696 446 967 517 ἀνθρώπῳ
986 445 1126 500 κατὰ
1150 446 1248 517 τὴν
1265 446 1445 515 φύσιν.
1465 448 1647 517 Χωρὶς
1672 447 1729 500 δέ
1753 446 1964 510 τούτου,

398 546 619 598 κάκεῖνο
648 544 777 611 ἐρῶ·
802 546 866 597 Τί
891 544 1137 615 βούλεται
1163 546 1568 599 κατασκευάσαι
1603 546 1629 597 0
1651 547 1861 609 Παῦλος
1880 546 1968 599 διὰ

402 645 594 700 τούτου
610 646 702 698 τοῦ
721 645 1113 715 ὑποδείγματος
1133 663 1153 711 ;
1178 646 1270 708 Είς
1287 644 1805 717 ταπεινοφροσύνην,
1828 644 1969 700 πάν-

398 762 504 807 τως
526 745 693 813 ἐρεῖς,
718 744 1005 811 ἐναγαγεῖν
1033 742 1157 806 τοὺς
1178 741 1592 813 Φιλιππησίους.
1611 742 1675 795 Τί
1700 738 1812 806 οὖν,
1847 742 1970 795 είπέ

404 857 514 910 μοι,
536 839 694 891 τοῦτο
718 838 784 892 ἂν
811 840 1154 909 παρήνεγκεν
1173 839 1253 899 είς
1277 837 1441 906 μέσον
1462 855 1480 903 ;
1506 838 1693 901 Οὐδεὶς
1718 837 1826 908 γὰρ
1848 839 1969 909 βου-

398 943 620 1013 λόμενος
645 940 945 1013 προτρέψαι
963 940 1422 1010 ταπεινοφρονεῖν,
1442 939 1600 993 τοῦτό
1630 958 1814 1010 φησιν⁸
1839 942 1972 994 Ἐσο

399 1043 669 1105 ταπεινὸς,
704 1042 796 1095 καὶ
825 1041 1044 1093 ἔλαττον
1066 1040 1253 1109 φρόνει
1280 1038 1386 1092 τῶν
1413 1041 1716 1110 ὁμοτίμων·
1746 1040 1842 1094 καὶ
1863 1042 1972 1112 γάρ

398 1147 427 1196 0
450 1144 597 1197 δεῖνα
626 1144 655 1194 0
678 1141 859 1203 δοῦλος
901 1141 1001 1193 οὑκ
1039 1138 1308 1211 ἐπανέστη
1352 1139 1430 1211 τῷ
1466 1142 1743 1213 Δεσπότῃ⁸
1800 1141 1969 1212 μιμοῦ

399 1243 577 1296 τοίνυν
606 1244 832 1297 ἐκεῖνον.
869 1244 980 1296 Καὶ
1009 1243 1115 1313 μὴν
1140 1241 1297 1297 τοῦτο
1325 1244 1427 1296 οὐκ
1465 1242 1581 1297 ἔστι
1611 1260 1973 1315 ταπεινοφρο-

404 1342 588 1411 σύνης,
627 1341 770 1393 εἴποι
810 1359 894 1403 τις
925 1341 1013 1403 ἂν,
1050 1341 1164 1394 ἀλλ’
1202 1341 1481 1403 ἀπονοίας.
1520 1341 1736 1394 Μάθετε
1768 1341 1821 1394 τί
1855 1344 1972 1394 ἐστι

400 1439 867 1510 ταπεινοφροσύνῃ
905 1440 1062 1509 ὑμεῖς
1100 1440 1156 1491 οί
1180 1438 1349 1509 τῦφον
1387 1439 1601 1509 ἔχοντες
1646 1438 1969 1492 διαϐολικόν.

402 1539 468 1591 Τί
506 1534 600 1592 οὖν
645 1539 761 1590 ἐστι
810 1538 1276 1610 ταπεινοφροσύνη
1305 1557 1319 1605 ;
1355 1539 1427 1592 Τὸ
1455 1540 1684 1592 ταπεινά
1718 1544 1973 1611 φρονεῖν·

399 1638 633 1692 ταπεινά
661 1638 719 1691 δὲ
748 1641 955 1708 φρονεῖ,
987 1641 1086 1709 οὑχ
1109 1642 1137 1692 ό
1162 1640 1270 1693 ἀπὸ
1306 1641 1549 1709 ἀνάγκης
1586 1639 1660 1692 ὢν
1692 1642 1975 1708 ταπεινὸς,

401 1737 523 1795 ἀλλ’
541 1740 571 1791 ὁ
600 1737 789 1791 ἑαυτὸν
819 1738 1110 1791 ταπεινῶν.
1141 1732 1265 1791 Οἷόν
1286 1755 1337 1790 τι
1359 1737 1504 1806 λέγω
1522 1739 1840 1808 (προσέχετε
1868 1739 1970 1808 δέ)⁸

406 1844 575 1893 Ὅταν
607 1856 693 1901 τις
719 1838 899 1910 ὑψηλά
925 1839 1221 1909 δυνάμενος
1254 1838 1520 1909 φρονῆσαι
1551 1842 1970 1910 ταπεινοφρονῇ,

401 1934 554 2001 οὗτος
581 1940 961 2008 ταπεινόφρων
986 1938 1131 1989 ἐστίν
1154 1952 1168 1965 ⁸
1202 1938 1330 1990 ὃταν
1358 1937 1413 1989 δὲ
1438 1937 1587 2008 παρὰ
1614 1938 1674 1990 τὸ
1707 1937 1785 2009 μὴ
1811 1939 1972 1991 δυνα-

402 2038 527 2089 σοαι
557 2039 972 2107 ταπεινοφρονῇ,
1006 2036 1189 2089 οὑκέτι
1229 2038 1605 2107 ταπεινόφρων
1649 2039 1798 2093 ἐστίν
1821 2055 1833 2068 ⁸
1862 2037 1973 2093 οἷον

398 2139 435 2189 0
452 2135 702 2206 βασιλεὺς
728 2135 806 2206 τῷ
826 2135 1055 2207 ὑπάρχῳ
1080 2136 1146 2189 ἂν
1176 2136 1565 2209 ὑποτάττήται,
1589 2142 1970 2209 ταπεινόφρων

398 2236 568 2299 ἐστὶν,
598 2235 679 2287 ὄτι
706 2235 815 2289 άπὸ
836 2234 931 2287 τοῦ
961 2234 1127 2304 ὕψους
1162 2235 1399 2306 κατέϐη·
1430 2239 1458 2290 ό
1505 2237 1689 2306 μέντοι
1732 2237 1973 2309 ὕπαρχος

399 2334 494 2384 ἐὰν
524 2332 683 2385 τοῦτο
716 2336 866 2404 ποιῇ,
892 2335 951 2388 οὑ
975 2338 1419 2404 ταπεινοφρονεῖ·
1445 2336 1560 2399 πῶς
1592 2338 1735 2408 γάρ;
1771 2340 1830 2391 οὑ
1866 2342 1973 2412 γὰρ

398 2433 507 2487 ἀπὸ
534 2433 627 2485 τοῦ
656 2432 823 2502 ὕψους
849 2434 1214 2487 ἐταπείνωσεν
1237 2435 1449 2488 ἑαυτόν.
1491 2436 1606 2489 Ούκ
1642 2435 1757 2490 ἐστι
1784 2436 1842 2491 δὲ
1875 2439 1973 2492 άλ-

398 2529 507 2595 λως
520 2534 1037 2605 ταπεινοφρονῆσαι,
1057 2536 1107 2586 εἰ
1127 2533 1202 2605 μὴ
1218 2536 1275 2587 ἐν
1290 2535 1512 2606 ἐξουσίᾳ
1533 2535 1760 2604 γένοιτο.
1785 2538 1848 2590 El
1864 2540 1973 2610 γάρ

401 2632 618 2703 ἀνάγκη
659 2634 777 2685 ἐστὶ⁸
806 2635 1233 2688 τεταπεινῶσθαι
1273 2636 1370 2688 καὶ
1415 2637 1638 2702 ἄκοντα,
1664 2638 1851 2691 οὐκέτι
1874 2640 1973 2709 τῆς

401 2736 716 2808 φρονήσεώς
746 2741 862 2790 ἐστι
884 2738 945 2791 τὸ
979 2738 1314 2809 κατόρθωμα
1338 2739 1461 2791 οὑδέ
1486 2739 1581 2791 τοῦ
1613 2740 1971 2811 βουλήματος,

401 2837 535 2895 ἀλλὰ
569 2837 667 2907 τῆς
701 2837 944 2906 ἀνάγκης
964 2854 978 2867 ⁸
1013 2855 1277 2908 ταπεινοφ
1288 2839 1484 2910 ροσύνη
1509 2839 1565 2893 δὲ
1592 2840 1679 2893 διά
1702 2841 1860 2895 τοῦτο
1890 2841 1975 2896 λέ-

398 2952 576 3006 γεται,
604 2939 685 2991 ὃτι
708 2938 803 2990 τοῦ
834 2939 1179 3008 φρονήματός
1211 2940 1326 2991 ἐστι
1356 2941 1707 3005 ταπείνωσις.

471 3145 542 3209 γ’.
565 3138 698 3192 Εἰπέ
732 3156 844 3208 μοι,
875 3140 928 3193 εί
949 3156 1031 3201 τις
1073 3140 1148 3210 μὴ
1178 3138 1315 3209 ἔχων
1346 3139 1591 3204 ἐξουσίαν
1612 3141 1980 3209 πλεονεκτεῖν,

406 3242 556 3316 μένοι
604 3240 671 3293 τά
722 3238 915 3295 ἑαυτοῦ
957 3241 1313 3310 κεκτημένος,
1346 3242 1533 3295 τοῦτον
1578 3244 1976 3315 ἐπαινεσόμεθα

402 3344 495 3396 ἐπὶ
516 3338 864 3411 δικαιοσύνῃ;
912 3339 1203 3408 Οὑδαμῶς.
1231 3340 1330 3393 Δια
1360 3341 1412 3393 τί
1430 3359 1447 3407 ;
1496 3342 1574 3413 Τῇ
1621 3343 1732 3413 γάρ
1763 3344 1978 3417 ἀνάγκη

401 3445 463 3503 τὸ
492 3442 592 3512 τῆς
621 3439 994 3511 προαιρέσεως
1023 3440 1299 3510 ἐγκώμιον
1328 3441 1631 3514 ἀφῄρηται.
1672 3445 1807 3499 Εἰπέ
1842 3463 1934 3516 μοι
1957 3486 1972 3508 ,

403 3543 457 3604 εί
474 3559 555 3605 τις
588 3540 663 3611 μὴ
690 3540 987 3608 δυνάμενος
1011 3542 1295 3608 τυραννεῖν
1325 3545 1419 3593 καὶ
1465 3542 1792 3611 βασιλεύειν,
1825 3547 1975 3616 μένοι

406 3641 716 3704 ίδιωτεύων,
768 3640 956 3695 τοῦτον
1016 3640 1434 3711 ἐπαινεσόμεθα,
1486 3643 1561 3707 ὡς
1609 3645 1974 3715 ἀπράγμονα;

405 3744 559 3818 [25η
590 3743 871 3812 Οὐδαμῶς.
901 3743 1110 3796 Οὐκοῦν
1139 3744 1261 3795 οὑδὲ
1289 3743 1539 3797 ἐνταῦθα.
1583 3746 1642 3797 '0
1676 3748 1786 3817 γάρ
1816 3747 1975 3800 ἐπαι-

403 3863 514 3913 νος,
544 3839 589 3897 ὧ
618 3845 832 3898 πάντων
860 3846 1018 3915 ὑμεῖς
1044 3842 1432 3912 ἀμαθέστατοι,
1456 3844 1556 3899 οὑκ
1592 3846 1653 3901 ἐν
1672 3849 1747 3919 τῇ,
1772 3850 1975 3899 τούτων

408 3952 611 4020 ἀποχῇ,
663 3948 778 4001 ἀλλ’
824 3949 882 3999 ἐν
926 3948 993 4017 τῇ
1037 3945 1149 3999 τῶν
1182 3945 1405 4013 ἀγαθῶν
1455 3948 1690 4018 ἐργασίᾳ
1741 3951 1973 4016 γίνεται.

419 4053 628 4105 Ἐκεῖνο
686 4050 785 4119 μὲν
818 4048 926 4119 γὰρ
970 4046 1138 4116 ψόγου
1169 4046 1536 4116 ἀπήλλακται,
1594 4047 1747 4102 οὕπω
1779 4050 1836 4102 δὲ
1883 4051 1977 4103 καὶ

407 4153 628 4206 ἐπαίνου
661 4149 876 4219 μετέχει
896 4163 911 4177 ⁸
940 4147 1000 4198 τὸ
1028 4144 1106 4210 δὲ,
1143 4145 1433 4216 ἐγκωμίων
1466 4146 1615 4212 ἄξιόν
1639 4148 1810 4201 ἐστιν.
1835 4150 1978 4219 Ὅρα

405 4253 539 4321 γοῦν
560 4251 652 4305 καὶ
676 4250 764 4302 τὸν
796 4247 1030 4316 Χριστὸν
1059 4245 1230 4308 οὕτως
1260 4245 1605 4313 ἐπαινοῦντα,
1654 4248 1780 4301 ὅταν
1806 4248 1939 4320 λέγῃ
1960 4266 1971 4278 ⁸

407 4356 603 4417 Δεῦτε,
634 4354 687 4405 οἱ
706 4347 1096 4419 εὐλογημένοι
1119 4347 1223 4401 τοῦ
1253 4350 1482 4415 Πατρός
1516 4366 1656 4418 μου,
1687 4353 1978 4417 κληρονο-

401 4454 639 4525 μήσατε
668 4450 782 4518 τὴν
810 4445 1262 4517 ἡτοιμασμένην
1297 4446 1441 4516 ὑμῖν
1482 4448 1813 4511 βασιλείαν
1857 4451 1977 4505 ἀπὸ

408 4547 734 4615 καταϐολῆς
775 4547 1009 4615 κόσμου
1030 4561 1044 4572 ⁸
1085 4544 1379 4598 ὲπείνασα
1410 4544 1549 4613 τὰρ,
1595 4544 1695 4597 καί
1721 4544 1978 4600 ἐδώκατέ

402 4671 506 4723 μοι
528 4650 739 4721 φαγεῖν
760 4666 775 4680 ·
799 4648 1091 4716 ἐδίψησα,
1107 4645 1207 4699 καὶ
1225 4645 1537 4700 ἐποτίσατέ
1545 4663 1643 4714 με.
1667 4648 1782 4700 Οὑκ
1804 4642 1976 4711 εἶπεν,

422 4750 640 4821 Ἐπειδὴ
665 4750 765 4802 οὑκ
783 4748 1266 4817 ἐπλεονεκτήσατε,
1288 4746 1429 4812 οὑδὲ,
1446 4746 1665 4818 Ἐπειδὴ
1685 4749 1781 4820 οὐχ
1803 4750 1985 4821 ’ίιρπάηΔ

410 4873 539 4913 σατε
576 4853 775 4927 ίμικρά
812 4851 921 4923 γὰρ
953 4849 1157 4921 ταῦτα]
1199 4850 1314 4902 ἀλλ’
1363 4850 1576 4920 Ἐπειδὴ
1608 4853 1881 4906 πεινῶντά
1912 4873 1978 4925 με

410 4956 604 5015 εἴδετε,
634 4953 728 5005 καὶ
775 4950 1059 5021 ἐθρέψατε.
1095 4950 1205 5001 Καὶ
1236 4949 1318 5012 τίς
1351 4948 1416 5002 ἂν
1445 4948 1615 5013 οὕτως
1652 4951 1914 5022 ἐπῄνεσεν
1944 4954 1977 5025 ἢ

409 5057 538 5119 τοὺς
572 5054 781 5123 φίλους,
812 5053 845 5122 ἢ
878 5052 1005 5113 τοὺς
1049 5049 1316 5121 ἐχθρούςί
1340 5049 1441 5103 οὑκ
1492 5050 1558 5104 ἂν
1590 5052 1712 5105 οὑδέ
1745 5054 1976 5113 Παῦλον.

413 5156 482 5211 Τί
510 5154 654 5222 λέγω
685 5151 929 5214 Παῦλον;
960 5150 1078 5202 οὑδέ
1109 5149 1199 5203 τὸν
1231 5150 1461 5220 τυχόντα
1488 5167 1571 5215 τις
1595 5151 1786 5223 ἄνδρα,
1807 5154 1885 5218 ὡς
1914 5157 1983 5215 σὺ,

411 5259 504 5311 τὸν
535 5256 764 5328 Χριστὸν
786 5255 1050 5317 ἐπαινεῖς,
1072 5252 1355 5323 ἐπῄνεσεν,
1384 5253 1467 5307 ὅτι
1499 5254 1574 5324 μὴ
1597 5256 1981 5327 προσήκουσαν

414 5360 589 5431 ἀρχὴν
619 5359 719 5411 οὑκ
760 5355 944 5412 ἔλαϐε.
986 5355 1060 5407 Τὸ
1096 5353 1205 5425 γάρ
1253 5354 1345 5409 ἐπὶ
1396 5353 1606 5417 τούτοις
1657 5354 1979 5427 θαυμάζειν,

416 5462 620 5533 πολλήν
639 5464 753 5514 ἐστι
785 5459 983 5514 κακίαν
1039 5456 1476 5529 μαρτυρούντων.
1530 5457 1687 5524 Πῶς;
1743 5460 1864 5513 Ὅτι
1894 5463 1980 5514 ἐπ’

418 5562 639 5617 ἐκείνων
665 5561 728 5614 τὸ
756 5558 996 5614 τοιοῦτον
1020 5557 1240 5621 ἔπαινός
1268 5560 1413 5611 ἐστιν
1430 5598 1444 5624 ,
1486 5554 1597 5614 οἷον
1632 5562 1663 5614 0
1697 5558 1945 5614 κλέπτων
1962 5601 1978 5625 ,

421 5657 516 5711 ἐὰν
543 5656 742 5727 μηκέτι
772 5657 980 5728 κλέπτῃ
1001 5672 1015 5685 ⁸
1047 5657 1142 5710 ἐπὶ
1169 5656 1227 5709 δὲ
1254 5655 1362 5711 τῶν
1402 5658 1626 5726 ἀγαθῶν
1651 5658 1838 5712 οὐκέτι
1857 5675 1874 5692 ⁸
1918 5662 1981 5714 οὑ

424 5758 553 5831 γὰρ,
572 5759 657 5812 ὅτι
673 5758 770 5829 οὑχ
790 5758 1005 5831 ἥρπασε
1041 5760 1123 5832 μὴ
1150 5761 1531 5831 προσήκουσαν
1560 5760 1732 5833 ἀρχὴν
1772 5761 1867 5817 καὶ
1898 5778 1978 5816 τι-

1110 329 1167 384 S.
1207 327 1491 385 JOANNlS
1525 326 2013 386 CHRYSOS'IOIH
2047 326 2365 384 ARCHIEP.
2406 325 2943 385 CONSTANTINOP.

3538 329 3644 386 222

2084 447 2211 518 μὴν,
2237 446 2540 509 ἐπαινετὸς.
2582 446 2689 498 Καὶ
2717 446 2873 509 ποίας
2896 446 3065 500 ταῦτα
3102 448 3286 511 ἀνοίας
3300 451 3317 504 !‘
3355 449 3559 512 Ἄλλως
3583 448 3637 503 δὲ

2080 544 2234 613 (ἀλλὰ
2270 544 2582 615 προσέχετε,
2627 545 2954 615 παρακαλῶ·
2993 546 3200 617 μακρὸς
3222 547 3329 619 γάρ
3357 548 3386 601 0
3421 545 3640 620 λόγος),

2076 640 2160 704 τίς
2199 641 2265 695 ἂν
2293 640 2401 694 άπὸ
2423 641 2628 696 τούτοιν
2664 644 2744 706 είς
2783 644 3279 717 ταπεινοφροσύνην
3302 646 3640 718 προέτρεψες

2082 740 2164 793 Τὰ
2190 740 2298 812 γάρ
2330 741 2701 811 ὑποδείγματα
2750 742 2933 814 πολλῷ
2957 747 2961 751 ’
2974 741 3198 815 μείζονα
3244 743 3324 797 δεῖ
3354 740 3496 798 εἶναι
3537 745 3641 815 τῆς

2079 845 2408 910 ὑποθέσεως,
2435 847 2515 909 είς
2542 847 2608 918 ἣν
2639 845 3061 918 παρακαλοῦμεν
3086 864 3101 879 ⁸
3131 848 3191 901 οὑ
3222 846 3330 918 γὰρ
3372 847 3439 901 ἀν
3468 865 3555 911 τις
3583 850 3645 917 ἐξ

2082 946 2378 1017 ἀλλοτρίων
2402 945 2743 1016 προτραπείη
2762 961 2777 977 ⁸
2806 939 2941 1011 οἷον,
2967 945 3305 1017 προέτρεψεν
3335 947 3362 998 0
3410 946 3645 1015 Χριστὸς

2085 1040 2146 1098 εὗ
2181 1049 2355 1099 ποιεῖν
2382 1048 2506 1109 τοὺς
2536 1046 2795 1117 ἐχθρούς·
2835 1047 3033 1117 ἤνεγκε
3082 1046 3431 1117 παράδειγμα
3478 1048 3643 1116 μέγα,

2084 1147 2144 1201 τὸ
2172 1147 2265 1200 τοῦ
2292 1148 2522 1218 [ἰατρὸς.
2556 1149 2677 1203 Ὅτι
2706 1150 3021 1203 ἀνατέλλει
3051 1150 3161 1203 τὸν
3188 1149 3367 1216 ἣλιον
3396 1147 3496 1202 ἐπὶ
3535 1146 3644 1200 πο-

2081 1249 2305 1313 νηροὺς
2332 1251 2431 1302 καί
2462 1249 2741 1316 ἀγαθοὺς,
2769 1252 2864 1302 καὶ
2891 1247 3096 1318 ,ϐρέχει
3123 1248 3221 1302 ἐπὶ
3250 1248 3518 1314 δικαίους
3544 1248 3640 1300 καί

2080 1345 2328 1412 ἀδίκους
2351 1363 2364 1375 ⁸
2394 1346 2724 1417 προέτρεψεν
2758 1350 2836 1410 εἰς
2874 1346 3225 1411 ἀνεξικακίαν
3248 1364 3263 1380 ο
3311 1348 3508 1417 ήνεγκε
3539 1364 3647 1398 πα-

2083 1444 2349 1515 ράδειγμα
2388 1445 2613 1499 ἑαυτόν⁸
2660 1445 2886 1500 Μάθετε
2930 1446 3031 1500 ἀπ’
3079 1445 3225 1516 ἐμοῦ
3253 1487 3267 1507 ,
3309 1445 3399 1498 ὅτι
3457 1444 3646 1513 πρᾶός

2080 1548 2196 1613 εἰμι
2229 1544 2325 1597 καὶ
2359 1545 2640 1611 ταπεινὸς
2668 1544 2743 1613 τῇ
2774 1545 2985 1613 καρδίᾳ
3009 1563 3022 1576 ⁸
3054 1546 3149 1599 καὶ
3178 1545 3357 1611 πάλιν,
3385 1547 3453 1598 El
3483 1545 3595 1614 ἐγὼ
3614 1548 3648 1600 ὁ

2081 1647 2297 1713 Κύριος
2322 1645 2421 1698 καὶ
2450 1649 2483 1699 ὁ
2501 1644 2868 1710 διδάσκαλος
2896 1646 3081 1700 ταῦτα
3112 1646 3279 1712 ποιῶ,
3311 1648 3483 1711 πόσῳ
3502 1647 3653 1715 μᾶλ-

2079 1747 2195 1799 λον
2216 1746 2415 1814 ὑμεῖς;
2459 1746 2620 1816 Ὀρᾷς
2663 1745 2784 1809 πῶς
2825 1747 2925 1799 οὑκ
2971 1746 3244 1818 ἀφέστηκε
3290 1747 3360 1800 τά
3394 1748 3652 1819 παραδεί-

2082 1863 2304 1916 γματα;
2333 1847 2454 1901 οὑδέ
2495 1848 2605 1918 γὰρ
2626 1848 2877 1899 τοσοῦτον
2905 1848 3206 1915 ἀφεστάναι
3246 1846 3360 1900 δεῖ·
3402 1848 3496 1900 καὶ⁵
3541 1847 3655 1918 γὰρ

2083 1949 2179 2001 καὶ
2198 1950 2358 2017 ἡμεῖς
2382 1946 2526 2001 οὕτω
2552 1947 2706 2001 ποιοῦ
2714 1965 2831 2019 μεν.
2862 1948 3070 2011 Ἀλλως
3090 1948 3148 2001 δέ
3167 1948 3263 2001 καὶ
3277 1947 3509 2001 ἐνταῦθα
3530 1949 3653 2002 οὐδὲ

2081 2048 2249 2117 ἐγγύς
2275 2050 2391 2102 ἐστι
2418 2049 2480 2101 τὸ
2503 2049 2873 2121 παράδειγμα.
2901 2047 3060 2114 Πῶς;
3089 2049 3283 2102 Ὄτιεὶ
3309 2047 3493 2111 δοῦλός
3511 2049 3649 2114 ἐστι,

2081 2148 2176 2202 καὶ
2202 2147 2441 2203 ἐλάττων
2478 2150 2594 2201 ἐστὶ
2627 2150 2721 2202 καὶ
2748 2151 2987 2220 ὑπήκοος
3022 2148 3104 2219 τῷ
3135 2148 3365 2219 μείζονι.
3392 2148 3564 2201 Τοῦτο
3593 2148 3657 2203 δὲ

2080 2252 2141 2304 ού
2171 2252 2639 2324 ταπεινοφροσύνη
2675 2252 2790 2306 ἐστί
2856 2253 3165 2306 τούναντίον
3202 2252 3310 2323 γὰρ
3340 2251 3447 2304 ἔδει
3492 2250 3652 2320 ποιῆ-

2084 2367 2196 2419 σαι,
2233 2352 2459 2422 μείζονά
2499 2370 2621 2406 τινα
2664 2353 2742 2424 τῷ
2772 2353 3013 2407 ἐλάττονι
3038 2352 3423 2407 ὑπακούσαντα
3448 2352 3649 2417 δεῖξαι⁸

2082 2453 2200 2505 ἀλλ’
2229 2434 2423 2525 ἐπειδὴ
2444 2454 2602 2507 τοῦτο
2630 2453 2725 2523 οὑχ
2750 2447 2908 2521 εὗρεν
2942 2453 3032 2505 ἐπὶ
3061 2450 3220 2515 Θεοῦ,
3264 2449 3483 2521 μείζονα
3509 2448 3660 2516 λέγω

2082 2552 2180 2606 καὶ
2208 2552 2487 2615 ἐλάττονα,
2515 2552 2576 2604 τὸ
2605 2552 2736 2620 γοῦν
2768 2551 2877 2604 ἴσον
2912 2550 3188 2619 ἐποίησεν.
3239 2549 3299 2601 Εἰ
3329 2548 3385 2600 δὲ
3415 2546 3659 2601 ἐλάττων

2080 2647 2149 2722 ἦν
2174 2653 2202 2704 0
2230 2650 2377 2714 Υἱὸς,
2412 2651 2509 2720 οὐχ
2543 2651 2725 2704 ἱκανὸν
2764 2652 2844 2714 είς
2883 2648 3380 2720 ταπεινοφροσύνην
3424 2646 3656 2719 προτρέ-

2082 2754 2203 2823 ψαι.
2255 2752 2353 2805 Διὰ
2382 2753 2436 2805 τί
2462 2771 2476 2811 ;
2504 2753 2622 2806 Ὅτι
2667 2754 2768 2806 ούκ
2816 2751 2932 2805 ἔστι
2960 2748 3430 2820 ταπεινοφροσύνῃ
3472 2748 3533 2801 τὸ
3562 2747 3659 2802 τὸν

2085 2858 2341 2910 ἐλάττονα
2366 2856 2443 2926 μὴ
2469 2854 2844 2923 ἐπαναστῆναι
2868 2852 2945 2922 τῷ
2974 2852 3202 2922 μείζονι,
3228 2850 3289 2903 τδ
3312 2852 3386 2920 μὴ
3407 2849 3659 2920 ἁρπάσαι

2082 2957 2179 3026 τὴν
2206 2956 2402 3026 ἀρχὴν,
2439 2956 2498 3007 τὸ
2530 2954 2838 3007 ὑπακοῦσαι
2866 2952 3029 3023 μέχρι
3062 2950 3318 3004 θανάτου.
3344 2948 3551 3011 Ἄλλως
3570 2947 3657 3011 δὲ,

2083 3056 2183 3127 ὅρα
2218 3058 2313 3109 καὶ
2342 3060 2482 3126 μετὰ
2517 3058 2575 3109 τὸ
2621 3055 2926 3126 ὑπόδειγμα
2963 3056 3015 3107 τί
3064 3069 3231 3124 φησι·
3266 3051 3344 3120 Τῇ
3382 3067 3656 3105 ταπεινο-

2082 3158 2361 3226 φροσύνῃ
2395 3158 2709 3224 ἀλλήλους
2738 3158 3059 3225 ἡγούμενοι
3082 3152 3489 3222 ὑπερέχοντας
3518 3151 3655 3204 ἐαυο

2083 3254 2221 3309 τῶν.
2264 3258 2623 3326 Ἡγούμενοι,
2660 3255 2845 3326 φησίν.
2882 3255 3101 3324 Ἐπειδὴ
3131 3255 3241 3325 γὰρ
3267 3254 3359 3305 καί⁹
3396 3252 3536 3305 κατά
3556 3252 3663 3322 τὴν,

2083 3355 2269 3407 οὐσίαν
2292 3356 2349 3407 ἓν
2384 3356 2529 3415 ἐστε,
2578 3356 2671 3407 καὶ
2700 3352 2851 3425 [258]
2876 3352 3019 3406 κατὰ
3050 3353 3149 3422 τὴν
3178 3353 3343 3422 τιμὴν
3372 3350 3470 3422 τὴν
3508 3352 3657 3422 παρὰ

2082 3454 2187 3511 τοῦ.
2204 3455 2361 3519 Θεοῦ,
2388 3456 2467 3507 δεῖ
2487 3453 2669 3506 λοιπὸν
2690 3453 2792 3522 τῆς
2818 3452 3139 3523 ὑπολήψεως
3161 3447 3298 3504 εἶναι
3320 3451 3379 3502 τὸ
3402 3452 3653 3521 πρᾶγμα.

2097 3554 2219 3607 Ἐπὶ
2249 3556 2304 3607 δέ
2342 3555 2450 3606 τῶν
2480 3552 2740 3621 μειζόνων
2787 3551 2883 3607 καὶ
2921 3549 3217 3609 ἐλαττόνων
3252 3550 3350 3607 οὑκ
3398 3549 3463 3602 ἂν
3500 3548 3659 3601 τοῦτο

2084 3651 2259 3717 εἶπεν,
2282 3654 2363 3707 ὅτι
2396 3652 2759 3721 Ἠγυύμενοι,
2796 3649 2950 3713 ἀλλὰ,
2983 3651 3190 3719 Τιμᾶτε
3216 3650 3341 3710 τοὺς
3362 3649 3663 3720 ὑπερέχον-ι

2083 3769 2181 3815 τας
2210 3751 2361 3821 ὑμῶν
2383 3767 2396 3781 ⁸
2433 3749 2613 3812 καθὼς
2637 3750 2731 3801 καὶ
2754 3747 2988 3818 ἀλλαχοῦ
3017 3763 3148 3817 φησι
3172 3748 3499 3812 ,Πείθεσθε
3533 3746 3665 3813 τοῖς·-

2084 3852 2435 3924 ήγουμένοις
2472 3852 2638 3921 ὑμῶν
2672 3852 2769 3905 καί
2798 3852 3094 3905 ὑπείκετε.
3140 3850 3285 3903 Ἐκεῖ
3313 3850 3411 3919 τῆς
3444 3849 3658 3917 φύσεως

2084 3955 2176 4007 τοῦ
2209 3953 2530 4024 πράγματός
2554 3953 2701 4005 ἐστιν
2722 3953 2756 4022 ὴ
2790 3951 3037 4021 ὑποταγή
3058 3966 3071 3980 ⁸
3119 3949 3353 4003 ἐνταῦθα
3395 3951 3494 4012 τῆς
3537 3949 3657 4020 κρί-

2086 4070 2221 4115 σεως
2253 4053 2336 4105 δεῖ
2378 4050 2632 4119 γενέσθαι
2672 4050 2774 4119 τῆς
2808 4048 3102 4119 ἡμετέρας.
3159 4046 3237 4115 Τῇ
3270 4061 3657 4115 ταπεινοφρο-

2086 4154 2266 4221 σύνῃ,
2298 4153 2484 4221 φησὶν,
2541 4149 2858 4217 ἀλλήλους
2906 4149 3227 4217 ἡγούμενοι
3250 4147 3657 4216 ὑπερέχοντας

2085 4251 2333 4316 ἑαυτῶν,
2361 4250 2548 4320 ὥσπερ
2570 4250 2666 4303 καὶ
2698 4250 2727 4301 0
2764 4248 2998 4320 Χριστὸς
3037 4248 3287 4317 ἐποίησε.
3318 4248 3429 4299 Καὶ
3456 4249 3524 4300 τά
3557 4248 3657 4318 μὲν

2086 4349 2308 4405 ἐκείνων
2330 4348 2503 4411 οὕτως
2523 4346 2925 4417 ἀνατέτραπται
2944 4364 2958 4379 ·
2990 4346 3063 4407 τὰ
3092 4347 3149 4399 δέ
3186 4347 3435 4418 ἡμέτερα
3473 4346 3658 4401 λοιπὸν

2086 4453 2261 4505 εἰπεῖν
2291 4451 2419 4521 χρὴ,
2456 4448 2720 4521 πρότερον
2751 4449 2809 4499 ἐν
2833 4446 3110 4518 κεφαλαίῳ
3129 4448 3199 4500 τὰ
3223 4446 3447 4501 ἐκείνων
3474 4450 3657 4502 είπόν-

2075 4567 2175 4618 τα,
2209 4552 2298 4609 ὅτι,
2320 4551 2397 4612 εἰς
2433 4548 2930 4619 ταπεινοφροσύνην
2976 4549 3306 4619 παρακαλῶν
3336 4550 3434 4603 οὑκ
3462 4549 3529 4604 ἂν
3564 4551 3659 4603 τὸν

2087 4654 2345 4709 ἐλάττονα
2373 4653 2502 4709 ὄντα
2532 4650 2722 4720 καὶτῷ
2751 4647 3375 4720 μείζονιῄὺπακούσαντα
3407 4651 3658 4720 παρήγα-

2087 4774 2212 4826 γεν.
2241 4758 2301 4809 El
2348 4755 2445 4825 μὲν
2489 4753 2598 4826 γὰρ
2635 4751 2851 4815 δούλους
2892 4751 3178 4814 δεσπόταις
3219 4752 3516 4822 παρεκάλει
3552 4752 3654 4805 ὑπ-

2088 4857 2306 4912 ακούειν
2330 4897 2346 4921 ,
2381 4854 2605 4917 εἰκότως
2627 4868 2639 4881 ⁸
2691 4854 2740 4906 εἰ
2786 4852 2852 4915 δὲ,
2883 4850 3199 4922 ἐλευθέρους
3249 4852 3574 4923 ἐλευθέροις,
3605 4851 3659 4904 τί

2088 4958 2183 5011 τοῦ
2208 4954 2393 5009 δούλου
2414 4955 2549 5028 πρὸς
2572 4954 2660 5013 τὸν
2680 4952 2943 5022 δεσπότην
2966 4952 3245 5024 ὑποταγὴν
3268 4951 3427 5022 ἔφερε
3448 4968 3463 5015 ;
3487 4951 3539 5005 τί
3560 4953 3659 5009 τοῦ

2089 5058 2368 5119 ἐλάττονος
2398 5055 2534 5127 πρὸς
2561 5054 2650 5107 τὸν
2670 5054 2890 5124 μείζονα
2916 5070 2931 5118 ;
2961 5052 3052 5123 Μὴ
3073 5051 3190 5124 γάρ,
3206 5047 3380 5119 εἶπεν,
3414 5053 3481 5105 Οἱ
3503 5053 3658 5108 ἐλάτ-

2088 5174 2237 5219 τονες
2263 5158 2374 5219 τοῖς
2403 5155 2639 5226 μείζοσιν
2663 5155 3106 5219 ὑπακουέτωσαν,
3126 5152 3242 5206 ἀλλ’
3272 5153 3524 5224 ’ἰσότιμοι
3557 5153 3654 5207 ἀλ-

2088 5259 2265 5329 λήλων
2312 5258 2484 5323 ὄντες,
2546 5256 2870 5321 ὑπακούετε,
2942 5255 3281 5325 Ἀλλήλους
3338 5256 3659 5325 ἡγούμενοι

2089 5357 2493 5427 ὑπερέχοντας
2511 5354 2758 5410 ἑαυτῶν.
2788 5356 2890 5410 Διά
2924 5355 2975 5407 τί
3016 5355 3075 5414 δέ
3102 5356 3179 5427 μὴ
3214 5356 3506 5426 παρήγαγε
3556 5354 3662 5407 κᾶν

2088 5459 2151 5512 τὸ
2167 5457 2267 5528 τῆς
2295 5457 2582 5525 γυναικὸς,
2614 5456 2695 5509 ὅτι
2718 5455 2928 5525 Ὥσπερ
2951 5456 2984 5525 ή
3014 5454 3150 5525 γυνὴ
3171 5453 3435 5509 ὑπακούει
3467 5453 3544 5524 τῷ
3567 5455 3661 5506 ἀν-

2090 5560 2200 5628 δρὶ,
2250 5556 2517 5617 οὕτωκαὶ
2566 5557 2723 5627 ὑμεῖς
2772 5554 3115 5622 ὑπακούετε;
3168 5555 3230 5608 Et
3256 5554 3312 5609 δέ
3356 5554 3493 5625 ὅπερ
3546 5552 3662 5606 ίσον

2091 5659 2211 5712 ἐστὶ
2238 5660 2330 5713 καὶ
2354 5636 2658 5731 ἐλευθέριον
2686 5659 2745 5712 οὑ
2782 5660 3126 5730 παρήγαγεν,
3171 5656 3362 5728 ἐπειδὴ
3399 5655 3536 5719 ὅλως
3567 5672 3658 5725 μι-

2094 5759 2203 5831 κρά
2228 5776 2309 5824 τις
2330 5757 2401 5832 ἦν
2424 5761 2692 5834 ὑποταγὴ,
2726 5760 2877 5830 πόσῳ
2906 5759 3105 5829 μᾶλλον
3135 5760 3198 5815 τὸ
3217 5759 3312 5815 τοῦ
3344 5759 3529 5815 δούλου
3560 5758 3658 5811 οὑκ
