4108 6410
364 408 463 465 221

368 532 515 596 paut,
541 519 683 593 quod
717 526 859 574 esset
886 531 1079 587 parvus
1108 516 1286 569 Deus?
1314 514 1468 583 sirpe
1513 512 1721 567 illorum
1771 509 1932 564 verba

365 617 553 681 ati'ero,
587 628 643 668 ut
672 612 838 682 magis
865 610 934 665 ab
963 610 1066 665 illis
1096 607 1369 678 refugiatis
1396 626 1409 661 :
1442 605 1575 660 Cum
1600 618 1820 675 parvus,
1851 602 1934 657 in-

366 706 574 777 quiunt,
607 714 752 758 esset
784 703 944 767 Deus,
976 715 1081 755 non
1110 699 1211 754 hoc
1237 699 1431 767 rapuit,
1464 706 1523 752 ut
1548 696 1793 752 eumdem
1814 710 1935 766 gra-

366 801 489 854 dum
532 812 656 852 cum
700 808 893 865 magno
929 792 1216 847 obtineret.
1267 789 1404 857 Quid
1450 788 1591 843 enim
1618 829 1633 855 ,
1675 786 1764 841 dic
1804 785 1934 840 mihi

367 889 646 962 (verumne
684 886 877 955 putetis
908 883 1020 938 hate
1047 891 1225 937 nostra
1249 895 1371 935 esse
1395 878 1579 949 verba)
1603 920 1618 944 ,
1643 880 1687 933 si
1716 877 1784 932 de
1814 877 1934 931 illo-

366 996 483 1035 rum
511 976 774 1033 sententia
805 988 999 1045 parvus
1022 981 1157 1038 erat,
1187 984 1241 1026 et
1269 980 1486 1041 paterna
1516 968 1752 1039 potentia
1779 967 1937 1037 longe

366 1074 617 1137 inferior;
649 1067 918 1141 quomodo
946 1067 1049 1121 hoc
1073 1080 1323 1136 umquam
1354 1078 1543 1133 rapere
1572 1064 1852 1133 potuisset,
1880 1072 1937 1117 ut

367 1166 476 1221 Deo
493 1162 713 1234 aequalis
736 1160 914 1217 esset?
955 1167 1143 1214 natura
1170 1158 1313 1213 enim
1354 1156 1529 1210 minor
1569 1170 1677 1210 non
1708 1154 1810 1210 hoc
1844 1168 1935 1208 ra-

367 1271 495 1328 pere
522 1262 719 1326 queat,
761 1260 820 1307 ut
857 1250 1046 1307 evadat
1073 1250 1126 1303 in
1170 1261 1413 1317 magnam
1448 1244 1936 1316 :quemadmodum

370 1350 529 1403 homo
561 1360 847 1416 numquam
871 1345 973 1398 hoc
998 1355 1186 1413 rapere
1210 1350 1391 1410 queat,
1424 1349 1479 1393 ut
1506 1339 1695 1409 angelo
1719 1339 1937 1409 aequalis

367 1443 436 1497 sit
483 1438 775 1494 secundum
820 1446 1107 1499 naturam;
1156 1446 1331 1502 neque
1381 1446 1549 1500 equus
1597 1431 1696 1485 hoc
1749 1444 1938 1498 rapere

366 1543 523 1605 queat
546 1574 559 1595 ,
583 1531 791 1587 etiamsi
820 1531 966 1596 velit,
999 1537 1056 1583 ut
1082 1527 1283 1582 homini
1308 1526 1528 1596 aequalis
1553 1524 1623 1580 sit
1644 1524 1935 1579 secundum

367 1635 628 1680 naturam.
661 1624 768 1679 Sed
810 1623 912 1677 hoc
948 1622 1170 1686 omisso,
1203 1620 1330 1675 illud
1359 1621 1517 1674 etiam
1560 1620 1753 1674 dicam.
1800 1617 1937 1685 Quid

367 1716 468 1771 hoc
493 1716 739 1783 exemplo
782 1714 999 1768 molitur
1026 1711 1257 1767 Paulus?
1284 1711 1534 1777 Omnino,
1566 1710 1935 1780 respondebis,

367 1817 424 1862 ut
445 1807 812 1876 Philippenses
839 1805 905 1858 ad
932 1804 1287 1859 humilitatem
1331 1801 1578 1857 adducat.
1624 1801 1731 1856 Cur
1757 1803 1935 1871 igitur,

365 1900 453 1955 dic
473 1898 624 1966 mihi,
659 1898 762 1952 hoc
805 1899 860 1951 in
900 1897 1136 1952 medium
1162 1896 1422 1966 protulit?
1452 1909 1609 1950 nemo
1639 1896 1778 1950 enim
1803 1936 1817 1960 ,
1849 1896 1937 1965 qui

365 1992 433 2047 ad
457 1990 808 2045 humilitatem
828 1988 1098 2044 cohortari
1129 1988 1277 2053 velit,
1306 1987 1376 2040 ita
1406 1987 1659 2056 loquitur.
1686 1987 1814 2040 Esto
1842 1986 1940 2039 hu-

365 2081 526 2144 milis,
556 2095 619 2136 ac
649 2080 825 2135 minus
872 2077 1151 2149 magniﬁce
1199 2077 1267 2132 de
1313 2087 1365 2132 te
1404 2078 1639 2141 sentias,
1683 2091 1843 2147 quam
1872 2076 1940 2131 de

365 2174 657 2243 aequalibus
681 2173 781 2226 tuis
810 2185 826 2224 :
858 2186 980 2224 nam
1024 2181 1079 2226 et
1119 2170 1208 2225 ille
1235 2184 1356 2223 cum
1383 2184 1574 2224 servus
1615 2178 1796 2235 esset,
1830 2183 1937 2221 non

367 2265 653 2325 insurrexit
680 2263 935 2317 adversus
966 2261 1285 2325 Dominum;
1328 2259 1476 2314 illum
1506 2259 1666 2330 igitur
1706 2259 1936 2314 imitare.

365 2358 525 2428 Atqui
565 2357 667 2411 hoc
696 2371 801 2410 non
831 2354 1147 2409 humilitatis
1187 2362 1305 2417 est,
1335 2352 1432 2407 sed
1473 2352 1812 2423 arrogantia.
1854 2351 1940 2405 Di-

365 2451 498 2506 scite
521 2448 651 2519 quid
673 2450 740 2503 sit
764 2448 1031 2503 humilitas
1057 2460 1173 2511 vos,
1191 2446 1279 2516 qui
1310 2454 1571 2499 tumorem
1600 2443 1807 2499 habetis
1827 2442 1941 2497 dia-

365 2542 617 2597 bolicum.
649 2539 785 2610 Quid
815 2540 973 2609 igitur
998 2537 1271 2592 humilitas
1299 2537 1420 2591 est?
1442 2534 1671 2589 Humilia
1699 2535 1898 2590 sentire
1922 2552 1935 2588 :

367 2633 587 2688 humilia
610 2642 787 2686 autem
814 2631 975 2685 sentit
1002 2670 1017 2693 ,
1045 2644 1149 2683 non
1177 2629 1265 2698 qui
1291 2644 1356 2683 ex
1387 2626 1702 2682 necessitate
1726 2636 1809 2681 est
1837 2625 1939 2679 hu-

366 2726 526 2793 milis,
558 2723 652 2779 sed
682 2723 770 2793 qui
794 2723 1025 2792 seipsum
1046 2720 1306 2775 humiliat.
1333 2720 1551 2773 Planius
1582 2718 1632 2773 id
1653 2732 1937 2788 exponam,

365 2834 463 2873 vos
487 2829 664 2873 autem
686 2815 961 2871 attendite.
986 2814 1085 2882 Qui
1107 2830 1229 2867 cum
1246 2813 1492 2868 sublimia
1518 2813 1716 2867 sentire
1738 2821 1937 2881 posset,

368 2910 644 2964 humiliter
672 2918 847 2961 tamen
873 2907 1070 2969 sentit,
1104 2905 1192 2958 hic
1220 2904 1398 2957 animo
1424 2903 1638 2957 humilis
1664 2912 1748 2957 est
1777 2919 1791 2956 :
1819 2902 1933 2971 qui—

367 3016 593 3072 cumque
622 3015 751 3055 vero
780 2998 977 3052 ideirco
1003 2996 1277 3053 humiliter
1304 2995 1466 3050 sentit
1487 3035 1502 3061 ,
1534 2994 1784 3065 quoniam
1824 3008 1942 3047 ma-

366 3093 559 3165 gniﬁce
585 3110 689 3148 non
718 3101 932 3163 potest,
965 3092 1010 3147 is
1038 3090 1278 3161 profecto
1305 3088 1522 3143 humilis
1549 3104 1656 3142 non
1692 3097 1795 3143 est.
1840 3087 1939 3141 lm-

367 3197 603 3257 perator,
636 3185 865 3255 exempli
882 3199 1064 3249 causa,
1093 3187 1138 3239 si
1158 3183 1330 3254 legato
1360 3197 1418 3237 se
1438 3182 1705 3251 subjiciat,
1729 3180 1943 3235 humilis

368 3282 547 3334 animo
571 3291 676 3345 est,
692 3279 943 3349 quoniam
975 3278 1042 3332 de
1067 3276 1279 3332 sublimi
1310 3276 1405 3330 illo
1428 3275 1595 3346 gradu
1618 3274 1901 3330 descendit
1928 3293 1940 3327 :

369 3372 511 3443 quod
538 3373 583 3426 si
625 3372 763 3426 idem
796 3372 1001 3440 legatus
1031 3368 1191 3423 faciat
1214 3411 1228 3435 ,
1268 3383 1374 3423 non
1414 3367 1534 3422 ideo
1565 3366 1779 3421 humilis
1825 3375 1941 3432 est;

370 3463 636 3536 quomodo
665 3461 845 3517 enim?
877 3476 996 3515 nam
1019 3476 1124 3515 non
1150 3475 1211 3515 se
1236 3459 1349 3529 ipse
1369 3459 1436 3513 de
1457 3457 1751 3513 sublimiori
1778 3456 1949 3527 gradu

370 3556 606 3612 demisit.
629 3553 860 3609 Omnino
885 3552 1072 3607 humili
1102 3552 1187 3606 isti
1214 3551 1395 3605 sensui
1423 3552 1571 3604 locus
1599 3564 1707 3604 non
1733 3557 1833 3614 est,
1858 3548 1946 3601 ubi

372 3656 608 3719 potestas
628 3643 734 3701 non
760 3646 934 3701 adest.
965 3644 1096 3699 Nam
1125 3646 1169 3699 si
1197 3645 1315 3714 quis
1349 3644 1509 3697 etiam
1539 3643 1737 3697 invitus
1762 3655 1947 3697 neces-

372 3739 515 3794 sario
545 3736 873 3803 humiliatur,
898 3736 1008 3807 jam
1040 3736 1140 3790 hoc
1162 3744 1370 3791 rectum
1400 3734 1595 3793 factum
1621 3749 1729 3791 non
1753 3734 1947 3789 interni

373 3830 540 3899 ipsius
584 3844 777 3885 sensus
819 3844 882 3884 ac
925 3828 1212 3883 voluntatis
1262 3836 1374 3892 est,
1421 3826 1517 3882 sed
1565 3826 1946 3881 necessitatis:

373 3927 762 3993 ταπεινοφροσύνῃ
809 3930 1008 3983 autem,
1036 3922 1149 3975 sive
1195 3918 1504 3983 humilitas,
1557 3918 1680 3974 inde
1728 3919 1951 3989 dicitur,

374 4015 516 4085 quod
555 4016 625 4069 sit
649 4015 844 4069 interni
868 4028 1060 4069 sensus
1085 4013 1382 4068 humiliatio
1406 4028 1470 4067 ac
1498 4011 1770 4068 demissio.

446 4108 499 4161 5.
536 4107 628 4161 Dic
655 4105 820 4171 mihi,
864 4105 910 4160 si
956 4104 1077 4175 quis
1118 4104 1204 4159 cui
1256 4112 1496 4174 potestas
1534 4104 1674 4158 desit
1711 4101 1952 4173 rapiendi

376 4199 568 4262 aliena,
593 4212 714 4253 sese
739 4198 876 4250 intra
907 4211 1121 4250 suarum
1151 4211 1330 4251 rerum
1362 4195 1754 4264 possessionem
1781 4193 1954 4249 conti—

380 4302 519 4356 neat,
542 4291 681 4345 hunc
698 4289 917 4359 justitiaa
937 4292 1153 4344 nomine
1174 4289 1540 4343 laudabimus?
1556 4288 1802 4343 Minime:
1826 4288 1953 4358 quid

381 4384 493 4438 ita?
534 4382 795 4451 Quoniam
824 4383 1138 4447 necessitas,
1166 4398 1231 4437 ue
1258 4382 1460 4436 laudari
1490 4382 1736 4437 voluntas
1763 4390 1951 4452 queat,

380 4476 764 4545 impedimento
785 4484 887 4531 est.
923 4474 1017 4529 Dic
1039 4475 1167 4529 mihi
1184 4476 1408 4544 .siquis,
1433 4489 1553 4528 cum
1586 4477 1865 4546 tyrannide
1892 4488 1957 4531 ac

380 4582 545 4636 regno
566 4568 721 4636 potiri
746 4575 991 4636 nequeat,
1015 4565 1248 4638 privatus
1268 4566 1543 4633 manserit,
1574 4566 1785 4622 huncne
1824 4577 1957 4621 tam-

380 4675 538 4729 quam
560 4662 651 4715 otii
672 4659 964 4714 studiosum
984 4658 1349 4713 laudabimus?
1366 4658 1600 4713 Minime.
1621 4658 1762 4729 Ergo
1785 4674 1957 4728 neque

384 4750 485 4805 hoc
513 4751 670 4805 etiam
694 4751 834 4805 loco.
862 4749 1002 4805 Laus
1025 4751 1192 4814 enim,
1218 4764 1253 4804 o
1279 4749 1552 4804 hominum
1584 4750 1957 4817 iudoctissimi,

384 4856 493 4897 non
516 4842 567 4895 in
596 4858 663 4898 ee
690 4853 937 4897 versatur
955 4883 970 4906 ,
1003 4841 1142 4913 quod
1170 4842 1238 4896 ab
1260 4842 1376 4895 istis
1401 4841 1560 4896 rebus
1588 4842 1921 4896 abstineatur
1940 4882 1960 4908 ,

384 4935 477 4989 sed
503 4937 552 4989 iu
581 4937 736 4991 bonis
761 4934 952 4990 ofﬁciis
975 4934 1253 4989 obeundis.
1272 4933 1403 4988 Nam
1435 4933 1563 4989 illud
1581 4933 1792 5004 quidem
1821 4936 1960 4990 vitu-

385 5027 675 5096 perationis
702 5041 894 5097 expers
922 5036 1024 5093 est,
1052 5027 1148 5083 sed
1171 5042 1275 5081 non
1304 5042 1371 5083 eo
1399 5030 1643 5098 pervenit
1669 5038 1727 5083 ut
1748 5028 1959 5085 Iaudem

386 5130 738 5191 assequatur;
770 5121 871 5174 hoc
911 5130 1091 5175 autem
1134 5119 1394 5176 encomiis
1431 5121 1646 5191 dignum
1695 5132 1799 5177 est.
1824 5121 1961 5177 Vide

385 5226 515 5281 ergo
551 5212 823 5266 Christum
875 5211 977 5267 hoc
1020 5212 1180 5267 modo
1227 5211 1569 5277 laudantem,
1627 5226 1753 5273 cum,
1794 5213 1957 5268 dicit:

395 5303 590 5369 Venite,
623 5306 870 5362 benedicti
899 5304 1072 5359 Patris
1100 5306 1198 5359 mei
1221 5346 1236 5370 ,
1282 5305 1529 5375 possidete
1556 5315 1788 5375 Paratum
1826 5307 1963 5359 vobis

385 5416 596 5468 regnum
634 5416 667 5452 a
707 5401 1063 5455 constitutione
1090 5399 1268 5452 mundi
1302 5413 1322 5453 :
1361 5399 1545 5453 auriti
1573 5400 1705 5453 enim
1725 5440 1741 5465 ,
1776 5408 1822 5453 et
1866 5401 1961 5453 de-

388 5494 533 5547 distis
559 5494 685 5547 mihi
722 5494 1072 5559 manducare;
1113 5492 1280 5559 sitivi,
1310 5500 1360 5545 et
1387 5491 1595 5545 dedistis
1633 5492 1757 5545 mihi
1802 5491 1964 5549 bibere

388 5584 602 5649 (Matth.
624 5584 715 5640 25.
745 5585 837 5639 54.
863 5584 977 5653 55).
1006 5584 1122 5639 Non
1147 5583 1301 5646 dixit,
1334 5583 1586 5653 quoniam
1611 5583 1778 5639 alieni
1795 5598 1963 5652 appe-

389 5688 563 5735 tentes
590 5693 699 5734 non
722 5677 931 5747 fuistis,
962 5692 1134 5748 neque
1157 5717 1173 5743 ,
1204 5676 1469 5743 Quoniam
1518 5690 1626 5730 non
1665 5676 1919 5746 rapuistis
1944 5691 1960 5743 ;

388 5771 523 5826 levia
550 5772 695 5827 enim
725 5770 881 5837 haec;
910 5768 1029 5839 sed,
1055 5768 1319 5835 Quoniam
1355 5767 1681 5824 esurientem
1709 5781 1797 5823 me
1823 5766 1965 5822 vidi-

386 5865 484 5922 stis
500 5906 516 5931 ,
548 5874 603 5920 et
627 5864 851 5920 aluistis.
885 5864 959 5921 Ac
988 5879 1116 5920 sane
1141 5862 1262 5938 quis
1288 5875 1539 5931 umquam
1564 5860 1670 5919 hoc
1693 5863 1853 5919 modo
1878 5860 1964 5917 vel

1245 401 1309 456 IN
1349 399 1562 456 EPIST.
1602 398 1696 455 AD
1732 395 2016 454 PHILIPP.
2058 396 2209 454 CAP.
2252 399 2317 455 Il.
2358 400 2587 457 HOMIL.
2628 402 2716 457 Vl.

3511 401 3620 458 293

2050 511 2271 574 amicos.
2300 514 2383 568 vel
2406 515 2649 571 inimicos
2680 516 2910 572 laudavit
2930 519 2952 572 ?
2972 534 3147 588 neque
3164 520 3336 589 ipsum
3364 521 3609 577 Paulum.

2042 602 2181 670 Quid
2222 605 2344 662 dico
2386 607 2651 663 Paulum?
2682 626 2750 666 ne
2790 613 3063 683 vulgarem
3092 615 3309 683 quidem
3341 615 3616 672 hominem

2044 698 2327 767 quisquam
2361 700 2431 753 ita
2463 701 2723 769 laudavit,
2753 712 2811 759 ut
2840 714 2897 760 tu
2919 705 3187 761 Christum
3222 707 3440 774 laudas,
3472 711 3617 778 quod

2042 786 2143 840 sibi
2171 805 2276 843 non
2302 794 2708 849 convenientem
2736 797 3094 867 principatum
3116 813 3222 852 non
3251 801 3609 869 usurpaverit.

2043 879 2188 935 Talia
2231 883 2372 937 enim
2401 885 2651 942 admirari
2700 888 2830 942 nihil
2880 889 3021 943 aliud
3071 899 3191 954 est,
3224 906 3382 961 quam
3411 907 3618 963 magnae

2042 969 2399 1040 improbitatis
2422 978 2783 1034 testimonium
2814 980 2962 1035 dare.
2994 980 3273 1050 Quomodo
3296 984 3321 1036 ἲ
3348 982 3612 1050 Quoniam

2042 1060 2300 1131 improbis
2329 1065 2634 1125 hominibus
2684 1070 2736 1125 id
2763 1072 2906 1127 laudi
2935 1073 3073 1127 solet
3100 1072 3219 1127 dari
3244 1114 3259 1138 ,
3288 1075 3445 1143 quale
3484 1074 3619 1129 illud

2041 1163 2145 1221 est,
2177 1155 2277 1220 Qui
2327 1160 2592 1228 {urebatur
2617 1163 2733 1231 jam
2775 1180 2877 1217 non
2917 1165 3157 1235 furetur(
3194 1165 3327 1236 Eph.
3361 1166 3415 1221 4.
3447 1166 3517 1222 28
3550 1167 3569 1238 )
3602 1185 3617 1222 :

2042 1258 2198 1302 secus
2226 1257 2404 1304 autem
2438 1252 2489 1305 in
2521 1253 2676 1308 bouis
2703 1251 2833 1310 viris
2863 1273 2877 1310 :
2910 1270 3016 1310 non
3042 1256 3185 1310 enim
3227 1258 3315 1327 qui
3349 1258 3619 1328 principa-

2044 1346 2156 1394 tum
2186 1341 2253 1396 ad
2282 1356 2341 1397 se
2372 1344 2589 1401 minime
2619 1348 2976 1416 pertinentem
3008 1364 3116 1403 non
3169 1350 3380 1419 rapuit,
3411 1352 3456 1404 is
3500 1350 3620 1405 lau-

2047 1430 2254 1489 dandus
2292 1445 2397 1491 est.
2419 1438 2627 1504 Quanta
2660 1440 2776 1496 haec
2817 1440 3085 1496 dementia
3131 1442 3317 1497 esset?
3366 1443 3618 1513 Alioquin

2043 1535 2221 1580 autem
2271 1527 2398 1598 (sed
2452 1531 2747 1597 attendite,
2802 1533 3067 1597 obsecro;
3101 1533 3254 1602 longa
3312 1534 3455 1588 enim
3505 1534 3621 1589 hmo

2043 1620 2277 1689 oratio),
2324 1621 2445 1691 quis
2471 1622 2573 1678 hoc
2619 1624 2780 1679 modo
2821 1625 3125 1695 quempiam
3168 1625 3233 1680 ad
3264 1625 3620 1681 humilitatem

2044 1706 2335 1765 hortetur?
2360 1712 2617 1784 Exempla
2643 1714 2786 1770 enim
2840 1716 2996 1786 longe
3039 1715 3243 1785 majora
3286 1726 3446 1786 atque
3499 1718 3621 1769 illu-

2046 1803 2241 1857 striora
2275 1804 2381 1857 sint
2425 1814 2657 1876 oportet,
2707 1821 2867 1874 quam
2914 1822 3003 1863 res
3042 1810 3333 1876 proposita,
3365 1806 3431 1861 ad
3454 1823 3621 1875 quam

2043 1894 2388 1952 cohortamur
2415 1918 2428 1952 :
2465 1914 2623 1953 nemo
2648 1899 2790 1954 enim
2819 1902 2887 1954 sit
2912 1942 2927 1963 ,
2980 1901 3071 1971 qui
3101 1917 3168 1956 ex
3195 1900 3384 1956 alienis
3424 1902 3621 1956 cohor-

2046 1996 2204 2042 tetur.
2240 1990 2477 2059 Exempli
2507 2005 2669 2046 causa
2690 2033 2706 2057 ,
2749 1992 2995 2047 Christus
3034 1992 3279 2048 homines
3308 1994 3627 2047 cohortatus

2044 2089 2158 2143 est,
2189 2088 2249 2133 ut
2295 2080 2521 2152 benigne
2566 2081 2807 2138 facerent
2849 2083 3117 2139 inimicis:
3145 2098 3395 2153 maguum
3438 2099 3621 2139 exem—

2046 2171 2190 2239 plum
2235 2173 2447 2239 attulit,
2480 2174 2729 2228 nimirum
2762 2174 2936 2229 Patris
2958 2215 2972 2241 ,
3017 2174 3118 2239 Qui
3147 2175 3305 2229 solem
3343 2175 3467 2228 oriri
3497 2176 3629 2245 facit

2044 2279 2196 2332 super
2223 2264 2383 2317 malos
2410 2274 2457 2318 et
2486 2265 2641 2320 bonos
2663 2306 2679 2332 ,
2724 2275 2770 2319 et
2800 2264 2933 2335 pluit
2956 2282 3109 2335 super
3128 2267 3303 2334 justos
3327 2276 3374 2320 et
3397 2267 3625 2337 injustas

2046 2353 2259 2425 (Matth.
2288 2356 2343 2412 5.
2364 2356 2482 2426 45).
2532 2356 2853 2413 Cohortatus
2875 2369 2959 2414 est
2984 2359 3049 2412 ad
3078 2360 3372 2425 lenitatem,
3418 2375 3482 2412 ac
3508 2374 3627 2412 ma-

2048 2446 2219 2501 lorum
2242 2447 2580 2503 tolerantiam
2605 2464 2621 2515 ;
2648 2452 2883 2519 seipsum
2903 2449 2968 2505 ad
2984 2451 3287 2519 exemplum
3310 2450 3617 2521 proposuit:

2049 2538 2238 2596 Discite
2262 2557 2293 2594 a
2317 2558 2398 2596 me
2435 2542 2555 2612 quia
2581 2543 2717 2597 mitis
2742 2558 2853 2596 sum
2874 2582 2890 2607 ,
2920 2552 2967 2597 et
3014 2543 3220 2597 humilis
3251 2542 3415 2596 corde
3437 2541 3622 2613 (Joan.

2048 2634 2136 2688 15.
2168 2635 2256 2705 14)
2287 2650 2302 2700 ;
2332 2649 2395 2690 ac
2418 2650 2603 2690 rursus
2625 2677 2641 2701 ,
2674 2636 2736 2692 Si
2764 2653 2854 2707 ego
2879 2636 3129 2691 Dominus
3158 2648 3204 2690 et
3234 2637 3478 2709 Magister
3515 2638 3626 2691 haec

2046 2725 2210 2794 facio,
2237 2736 2425 2796 quanto
2452 2727 2611 2798 magis
2635 2743 2721 2782 vos
2747 2726 2960 2800 (Matth.
2993 2729 3080 2783 il.
3101 2726 3243 2796 29)?
3279 2728 3436 2783 Vides
3462 2743 3624 2799 quam

2047 2833 2155 2872 non
2184 2818 2292 2872 sint
2316 2819 2566 2874 inferiora
2597 2817 2708 2887 ipsa
2726 2820 3015 2888 exempla?
3046 2834 3152 2873 non
3182 2818 3448 2873 tantillum
3474 2820 3615 2874 enim

2047 2908 2302 2965 inferiora
2332 2925 2454 2965 esse
2482 2920 2694 2978 oportet
2725 2927 2740 2964 :
2772 2926 2893 2964 nam
2922 2919 2976 2965 et
3020 2925 3117 2964 nos
3147 2909 3246 2979 ipsi
3276 2909 3327 2964 id
3369 2909 3624 2964 observa-

2048 3016 2189 3055 mus.
2214 3002 2286 3055 At
2335 3002 2388 3054 in
2435 3016 2493 3056 re
2534 3010 2713 3055 nostra
2755 3001 3060 3070 exemplum
3112 3001 3287 3070 ipsum
3345 3016 3412 3057 ne
3457 3016 3625 3071 prope

2048 3091 2263 3161 quidem
2309 3090 2535 3146 accedit.
2563 3091 2877 3159 Quomodo?
2901 3093 3159 3158 Quoniam
3207 3094 3251 3147 si
3302 3108 3491 3149 servus
3520 3106 3625 3159 εει,

2048 3184 2225 3237 tuinor
2266 3184 2424 3237 etiam
2476 3193 2577 3248 est,
2608 3193 2662 3238 et
2707 3184 2895 3252 majori
2948 3184 3238 3254 subjectus.
3276 3184 3399 3238 Haac
3448 3195 3628 3242 autem

2050 3289 2155 3331 non
2200 3285 2285 3329 est
2332 3274 2606 3328 humilitas
2640 3292 2653 3327 :
2684 3286 2873 3330 contra
2919 3276 3061 3330 enim
3103 3277 3283 3345 potius
3327 3276 3634 3336 faciendum

2049 3376 2205 3430 erat,
2233 3377 2288 3420 ut
2318 3366 2488 3435 major
2532 3366 2793 3435 quispiam
2840 3366 3036 3420 minori
3082 3367 3457 3436 obtemperans
3503 3384 3636 3439 pro.-.

2052 3457 2318 3525 ferretur;
2361 3474 2547 3513 verum
2574 3460 2835 3529 quoniam
2856 3459 2909 3514 id
2940 3460 3001 3514 in
3026 3460 3135 3515 Deo
3167 3476 3271 3515 non
3292 3462 3619 3527 inveniebat,

2053 3550 2311 3619 majorem
2338 3590 2353 3614 ,
2376 3550 2592 3620 inquam
2618 3591 2636 3618 ,
2682 3561 2736 3605 et
2767 3552 3063 3617 minorem;
3088 3554 3446 3623 aequalitatem
3470 3556 3643 3626 igitur;-

2051 3644 2257 3697 statuit.
2280 3641 2431 3711 Quod
2459 3642 2504 3696 si
2536 3644 2711 3696 minor
2740 3642 2927 3697 fuisset
2953 3644 3141 3707 Filius,
3172 3660 3289 3703 non
3307 3656 3487 3716 aptum
3513 3659 3636 3703 erat.

2052 3735 2355 3802 exemplum
2376 3776 2391 3800 ,
2422 3735 2564 3790 unde
2594 3735 2796 3791 Paulus
2822 3735 2889 3791 ad
2921 3737 3281 3799 humilitatem
3310 3741 3627 3796 cohortare-

2053 3835 2159 3881 tur.
2190 3826 2411 3892 Quare?
2437 3826 2704 3893 Quouiam
2747 3843 2852 3883 non
2901 3828 3004 3884 hoc
3047 3830 3316 3886 humilitas
3362 3842 3481 3896 est,
3524 3849 3645 3893 non.

2053 3919 2311 3990 impetum
2344 3920 2521 3975 facere
2546 3920 2802 3981 adversus
2830 3922 3111 3991 majorem,
3137 3939 3244 3978 non
3279 3940 3466 3996 rapere
3490 3928 3633 3994 prin-

2053 4012 2309 4079 cipatum,
2330 4010 2549 4067 obedire
2576 4027 2743 4082 usque
2772 4012 2836 4067 ad
2866 4027 3113 4069 mortem.
3140 4015 3391 4086 Alioquin
3423 4029 3475 4071 et
3498 4019 3643 4083 illud.

2054 4103 2335 4159 considera
2358 4146 2374 4170 ,
2406 4103 2534 4174 quid
2576 4105 2737 4159 allato
2760 4107 3006 4175 exemplo
3052 4107 3336 4179 subjuugat
3367 4126 3379 4162 :
3410 4108 3636 4164 Humili-

2056 4206 2158 4251 tate
2208 4197 2492 4267 superiores
2538 4196 2633 4251 sibi
2672 4198 2883 4253 invicem
2925 4198 3245 4255 arbitrantes.
3274 4200 3587 4255 Arbitrantes
3608 4243 3641 4270 ,η

2058 4287 2229 4365 inquit
2286 4306 2299 4341 :
2352 4302 2474 4344 nam
2523 4288 2737 4358 quando
2785 4298 2837 4343 et
2907 4290 3200 4345 secundum
3277 4292 3642 4353 substantiam.

2057 4396 2223 4434 unum
2248 4381 2412 4444 estis,
2466 4390 2522 4435 et
2573 4380 2868 4439 secundum
2922 4381 3179 4438 honorem
3234 4398 3263 4436 a
3318 4384 3427 4439 Deo
3478 4399 3633 4440 acce-

2062 4484 2247 4542 ptum;
2300 4473 2568 4542 reliquum
2613 4481 2715 4539 est,
2768 4481 2825 4529 ut
2873 4473 2988 4543 ipsa
3043 4483 3246 4533 tantum
3310 4477 3651 4532 existimatio.

2058 4564 2233 4619 locum
2278 4564 2349 4619 ibi
2397 4564 2593 4619 habere
2646 4565 2925 4633 possit.At
2952 4566 3005 4619 in
3036 4566 3330 4635 majoribus
3375 4578 3429 4622 et
3461 4571 3634 4624 mineo

2061 4657 2246 4723 ribus,
2292 4670 2399 4711 non
2446 4656 2518 4710 ita
2559 4656 2724 4719 dixit,
2757 4655 3070 4715 Arbitrantes
3100 4674 3130 4723 ,τ
3177 4658 3271 4714 sed
3301 4700 3317 4726 ,
3367 4658 3641 4717 Honorate

2062 4760 2193 4814 eos,
2247 4747 2337 4817 qui
2400 4745 2555 4800 vobis
2620 4748 3026 4816 prmstantiores
3071 4760 3235 4815 sunt;
3293 4752 3645 4822 quemade

2062 4837 2188 4893 dum
2216 4847 2269 4892 et
2292 4837 2417 4892 alibi
2447 4836 2633 4907 inquit,
2661 4836 2870 4895 Obedite
2895 4840 3181 4909 prepositis
3206 4843 3402 4908 vestris,
3441 4852 3488 4897 et
3513 4845 3637 4898 sub-

2054 4931 2223 5001 jacete
2242 4927 2515 4999 eisUIebr.
2537 4929 2624 4985 15.
2655 4929 2766 4999 17).
2801 4928 2913 4985 Illic
2931 4931 3072 4985 enim
3095 4931 3208 5001 ipsa
3235 4932 3315 4987 rei
3337 4942 3523 4987 natura
3550 4950 3644 5004 pol-

2064 5024 2228 5079 stulat
2251 5022 2674 5093 subjectionem;
2708 5022 2794 5077 hic
2822 5038 2951 5078 vero
2984 5038 3049 5078 ex
3077 5032 3261 5078 nostro
3282 5025 3483 5095 judicio
3514 5041 3643 5095 pro“

2065 5117 2356 5185 ﬁciscatttr,
2384 5127 2613 5186 oportet.
2644 5115 2959 5182 Humilitate,
2992 5118 3180 5187 inquit,
3213 5133 3495 5187 superiores
3525 5118 3642 5185 sibi,

2066 5211 2276 5263 inuicem
2303 5208 2603 5263 arbitrantes
2631 5225 2649 5262 :
2673 5208 3122 5279 quemadmodum
3154 5218 3206 5261 et
3228 5208 3472 5269 Christus
3495 5207 3640 5267 fecit.

2067 5303 2137 5357 Et
2159 5303 2410 5359 hieretica
2436 5303 2650 5374 quidem
2682 5303 2785 5358 hoc
2811 5302 2970 5357 modo
3001 5317 3185 5357 eversa
3212 5310 3356 5361 sunt.
3382 5301 3650 5372 Deinceps

2069 5410 2196 5451 vero
2223 5404 2406 5450 nostra
2452 5393 2723 5449 afferenda
2773 5403 2931 5458 sunt,
2988 5394 3032 5447 si
3062 5403 3215 5447 antea
3272 5392 3337 5447 ad
3381 5406 3645 5448 summam

2067 5487 2349 5559 quamdam
2368 5503 2449 5549 ea.
2469 5504 2588 5558 qua:
2604 5488 2861 5543 adversus
2883 5487 3002 5541 illos
3020 5486 3241 5552 faciunt,
3262 5487 3649 5557 redegerimus,

2068 5579 2203 5636 Cum
2242 5580 2383 5637 enim
2421 5580 2614 5635 Paulus
2653 5579 2720 5637 ad
2759 5580 2924 5633 animi
2972 5578 3320 5635 humilitatem
3362 5578 3608 5633 invitaret
3631 5620 3649 5638 .

2072 5687 2175 5727 non
2200 5687 2320 5726 eum
2342 5671 2431 5741 qui
2456 5671 2632 5725 minor
2655 5670 2742 5735 sit,
2771 5685 2836 5725 ac
2852 5669 3041 5735 majori
3060 5668 3295 5732 obediat,
3317 5668 3646 5739 protulisset.

2072 5764 2205 5821 Nam
2231 5764 2274 5820 si
2302 5764 2493 5829 servis,
2522 5772 2582 5819 ut
2605 5761 2840 5818 dominis
2868 5759 3167 5823 obedirent,
3196 5759 3474 5823 suasisset,
3501 5772 3649 5815 reeto

2077 5856 2129 5913 id
2157 5856 2373 5929 quidem
2404 5873 2419 5912 :
2451 5854 2547 5914 sed
2591 5856 2669 5926 si,
2699 5863 2758 5911 ut
2801 5854 2955 5911 liberi
2987 5853 3204 5922 liberis;
3235 5853 3361 5925 quid
3405 5852 3474 5909 ad
3516 5853 3649 5908 huic
