4108 6410
486 361 594 414 ὶὲδ

490 491 603 529 rem
634 474 754 529 facit
781 473 919 528 servi
953 488 1074 543 erga
1107 472 1380 527 dominum
1412 469 1714 539 subiectio?
1741 468 1866 539 quid
1894 467 2066 521 mino-

491 571 566 621 ris
595 582 717 636 erga
751 566 1009 635 majorem
1037 566 1061 618 ?
1090 564 1204 619 Non
1234 565 1375 620 enim
1401 563 1555 624 dixit,
1588 561 1820 615 Minores
1849 559 2069 626 majori-

490 660 637 713 ribus
652 658 924 723 ohediant,
944 657 1058 723 sed,
1075 656 1173 723 Qui
1193 657 1449 724 aequalem
1469 654 1778 723 dignitatem
1792 651 2066 715 obtinelis,

489 751 723 805 vicissim
755 750 907 803 vobis
934 748 1149 803 obedite
1181 766 1198 805 :
1231 747 1551 813 Superiores,
1584 744 1769 812 inquit,
1800 744 1895 795 sibi
1923 742 2057 793 invi-

486 858 593 895 cem
616 842 937 895 arbitrantes.
959 838 1160 907 Ecquid
1187 853 1315 892 vero
1336 853 1509 889 causa:
1531 834 1626 888 fuit
1642 848 1737 887 cur
1756 831 2067 886 muliebrem

488 933 847 993 obedientiam
873 948 976 987 non
1001 931 1302 995 adduxerit,
1332 944 1503 997 neque
1531 927 1599 981 ita
1622 925 1811 979 dixerit
1831 940 1845 978 :
1869 924 2069 990 Quem-

487 1025 773 1078 admodum
798 1025 989 1078 mulier
1010 1025 1124 1076 viro
1148 1020 1347 1087 obedit,
1374 1021 1442 1073 ita
1465 1028 1517 1072 et
1538 1033 1630 1072 vos
1644 1017 1895 1071 obedite?
1917 1014 2069 1081 Quod

488 1117 532 1169 si
559 1117 707 1179 illud,
730 1117 779 1169 in
797 1131 902 1186 quo
925 1116 1096 1168 iuerat
1114 1114 1388 1183 aequalitas
1408 1122 1461 1165 et
1483 1110 1720 1171 libertas,
1743 1125 1846 1161 non
1869 1107 2066 1169 attulit,

490 1208 743 1276 quoniam
799 1206 1053 1260 nonnulla
1105 1216 1280 1259 tamen
1327 1208 1379 1257 in
1436 1217 1499 1255 eo
1541 1204 1712 1255 inerat
1766 1199 2067 1268 subjectio;

489 1309 687 1367 quanto
720 1299 891 1352 minus
920 1297 1167 1351 servilem
1192 1295 1702 1363 obtemperationem
1732 1292 2071 1362 protulisset?

488 1388 687 1444 Verum
717 1399 771 1444 et
810 1389 941 1445 illud
967 1389 1118 1443 initio
1147 1387 1278 1454 dixi,
1314 1388 1579 1441 tietuiuem
1610 1386 1727 1439 ideo
1755 1386 1929 1438 sidere
1953 1382 2070 1435 lau—

488 1481 630 1545 dari,
658 1496 720 1535 ac
749 1496 814 1534 ne
841 1479 1252 1535 commemorari
1274 1478 1517 1548 quidem,
1545 1476 1685 1546 quod
1713 1475 1935 1529 erimina
1966 1487 2069 1526 non

490 1573 750 1626 admittat.
768 1572 947 1641 Neque
970 1572 1110 1626 enim
1131 1571 1172 1623 si
1202 1570 1319 1637 quis
1340 1571 1570 1638 aliquem
1597 1567 1959 1636 temperantiae
1979 1579 2073 1618 no-

492 1665 633 1717 mine
666 1662 880 1717 laudare
909 1664 1054 1729 velit,
1082 1664 1150 1715 ita
1180 1663 1341 1726 dicet,
1372 1662 1520 1715 illum
1553 1675 1656 1714 non
1687 1674 1806 1712 esse
1836 1656 2072 1711 moecha-

492 1764 624 1818 tum,
658 1756 750 1809 sed
784 1756 882 1809 hoc
904 1754 1110 1820 afferet,
1139 1771 1166 1806 a
1196 1756 1407 1823 propria
1438 1753 1597 1806 etiam
1622 1764 1787 1805 uxore
1818 1766 1874 1803 se
1896 1750 2071 1803 conti-

492 1847 693 1900 nuisse.
726 1845 854 1899 Nam
905 1846 1174 1899 abstinere
1224 1855 1423 1898 tantum
1464 1860 1492 1897 a
1540 1844 1715 1912 pravis
1771 1841 2072 1895 actionibus

492 1954 779 2008 numquam
808 1940 856 1991 in
883 1939 1037 1992 laude
1066 1922 1343 2007 ponimus;
1369 1937 1417 1989 id
1436 1937 1577 1990 enim
1601 1935 1881 1989 ridiculum
1904 1942 2066 1989 esset.

490 2030 622 2083 lllud
646 2031 844 2093 addidi,
868 2046 1043 2084 veram
1067 2044 1187 2084 esse
1210 2029 1350 2083 servi
1374 2028 1619 2092 formam,
1642 2026 1877 2095 nihilque
1896 2026 2072 2079 minus

490 2120 690 2176 habere
708 2138 720 2174 :
738 2137 901 2191 quare
923 2134 975 2176 et
1004 2122 1227 2175 formam
1254 2121 1344 2175 Dei
1372 2120 1654 2190 perfectam
1675 2134 1814 2182 esse,
1835 2118 2072 2187 nihilque

492 2212 667 2265 minus
688 2212 902 2266 habere.
925 2212 1034 2266 Cur
1061 2228 1164 2266 non
1187 2212 1337 2274 dixit,
1361 2213 1412 2265 in
1435 2210 1601 2265 forma
1622 2210 1716 2264 Dei
1745 2209 1936 2273 factus,
1953 2208 2068 2272 sed,

494 2304 593 2369 Qui
627 2322 739 2357 cum
771 2306 822 2357 in
868 2307 1033 2374 forma
1066 2305 1158 2359 Dei
1186 2314 1309 2358 esset
1334 2304 1358 2356 ?
1388 2303 1529 2357 Idem
1559 2311 1641 2357 est
1662 2317 1724 2356 ac
1749 2302 1793 2355 si
1824 2301 2027 2355 diceret
2054 2318 2068 2357 :

492 2395 602 2464 Ego
644 2412 753 2448 sum
798 2397 883 2466 qui
934 2412 1045 2448 sum
1103 2395 1299 2462 (Exod.
1332 2395 1383 2449 5.
1422 2394 1533 2463 14).
1562 2392 1755 2446 Forma
1809 2401 2072 2461 quatenus

491 2490 660 2543 forma
689 2499 791 2552 est,
822 2487 1066 2544 eamdem
1090 2488 1280 2541 adesse
1312 2496 1555 2539 naturam
1584 2484 1948 2549 demonstrat;
1973 2498 2071 2537 nec

493 2581 607 2635 fieri
636 2590 811 2650 potest
856 2590 913 2633 ut
938 2579 1079 2649 quod
1128 2579 1348 2633 alterius
1373 2578 1622 2632 essentia:
1661 2584 1774 2643 est,
1824 2576 2067 2630 eamdem

491 2673 718 2743 formam
751 2673 983 2736 habeat;
1015 2680 1071 2725 ut
1120 2685 1277 2725 nemo
1304 2670 1577 2724 hominum
1610 2676 1691 2722 est
1715 2708 1730 2733 ,
1759 2666 1847 2737 qui
1894 2665 2070 2735 angeli

492 2764 717 2818 formam
750 2765 945 2818 habeat
970 2804 984 2828 ,
1018 2777 1117 2817 nec
1144 2763 1354 2817 brutqu
1402 2760 1601 2815 animal
1644 2760 1787 2830 quod
1838 2759 2071 2813 hominis

494 2855 681 2909 habeat
729 2854 954 2908 formam
987 2872 999 2908 :
1030 2853 1300 2923 quomodo
1327 2853 1486 2922 igitur
1513 2852 1678 2906 Filius
1704 2853 1727 2904 ?

564 2947 617 2998 4.
648 2945 848 2998 Deinde
893 2945 944 2998 in
993 2944 1147 2999 nobis
1175 2944 1425 3014 quidem,
1460 2944 1713 3013 quoniam
1739 2960 1801 2998 ex
1832 2945 2071 3015 pluribus

493 3036 698 3089 naturis
716 3036 995 3104 compositi
1020 3050 1224 3099 sumus,
1242 3034 1411 3088 forma
1429 3034 1493 3088 ad
1510 3035 1682 3104 ipsum
1701 3051 1893 3106 corpus
1908 3039 2073 3106 perti-

493 3137 583 3202 net
613 3146 625 3181 :
653 3135 704 3180 at
734 3128 785 3180 in
816 3142 903 3193 eo,
931 3128 1071 3197 quod
1096 3127 1313 3181 omnino
1340 3127 1563 3196 simplex
1613 3129 1869 3199 nulloque
1914 3131 2071 3185 modo

493 3226 920 3287 coagmentatum
949 3228 1060 3281 est,
1092 3217 1157 3271 ad
1185 3218 1353 3286 ipsam
1400 3219 1517 3272 sine
1555 3218 1717 3275 dubio
1759 3222 2068 3276 essentiam.

492 3310 645 3376 Quod
673 3310 716 3364 si
738 3325 804 3364 ex
830 3326 916 3376 eo,
944 3311 1084 3379 quod
1115 3310 1231 3365 sine
1260 3311 1485 3364 articulo
1513 3312 1713 3366 dictum
1737 3324 1815 3368 est
1850 3321 1898 3368 ἐν
1918 3332 2070 3387 μορφῇ

492 3410 617 3465 θεοῦ,
644 3403 923 3457 contendis
951 3418 1054 3455 nou
1086 3402 1307 3457 iudieari
1354 3403 1565 3459 Patrem
1594 3405 1668 3475 (a)
1698 3421 1712 3470 ;
1746 3406 1928 3460 multis
1954 3409 2074 3462 aliis

494 3508 623 3562 ergo
675 3493 807 3547 locis
852 3494 1127 3547 ostendam
1160 3494 1253 3548 tibi
1286 3493 1401 3549 sine
1441 3496 1667 3550 articulo
1694 3496 1893 3551 dictum
1928 3512 2069 3552 esse.

496 3586 563 3640 Et
609 3587 732 3655 quid
770 3586 891 3640 dico
929 3587 1109 3641 multis
1131 3588 1251 3642 aliis
1281 3588 1453 3642 locis?
1483 3590 1534 3642 in
1587 3588 1687 3644 hoc
1735 3592 1853 3660 ipso
1893 3591 2071 3645 statim

496 3679 636 3739 loco.
671 3678 788 3732 Non
812 3681 1069 3748 rapinam,
1103 3680 1292 3749 inquit,
1314 3681 1587 3735 arbitratus
1606 3692 1677 3736 est
1699 3698 1805 3736 esse
1833 3700 1885 3737 se
1903 3699 2075 3749 sequa-

495 3773 593 3825 Iem
623 3772 727 3826 Deo
756 3813 769 3834 ,
797 3781 882 3841 θεῷ
907 3790 919 3823 :
946 3788 1118 3841 neque
1146 3774 1315 3839 dixit,
1363 3785 1429 3842 τῷ
1471 3782 1591 3843 θεῷ,
1623 3790 1742 3829 cum
1787 3784 1964 3830 tamen
2006 3776 2075 3831 de

497 3862 657 3916 Patre
700 3861 1032 3931 loqueretur.
1069 3862 1275 3916 Vellem
1326 3873 1506 3917 nostra
1536 3865 1695 3918 etiam
1741 3866 2032 3936 adjungere
2056 3908 2071 3932 ,

496 3951 590 4005 sed
616 3968 805 4006 vereor
834 3967 901 4006 ne
921 3962 1129 4007 mentes
1153 3962 1357 4007 vestras
1374 3955 1681 4009 obruamus.
1712 3955 1917 4011 Interea
1949 3973 2075 4012 vero

496 4060 616 4113 qua:
641 4044 784 4099 dicta
808 4055 932 4099 sunt
960 4045 1025 4099 ad
1055 4046 1175 4099 illos
1204 4048 1547 4113 evertendas,
1578 4051 1831 4103 memoria
1862 4060 2071 4107 tenete:

497 4136 701 4191 interea
754 4137 933 4206 spinas
979 4137 1305 4203 evellamus,
1366 4150 1421 4192 et
1462 4155 1584 4193 cum
1624 4142 1822 4195 evulsa.-
1872 4142 2075 4198 fuerint

496 4231 686 4299 spinte,
710 4242 772 4283 ac
799 4229 1071 4297 paululum
1104 4229 1359 4298 requietis
1388 4247 1700 4286 concessum
1745 4243 1920 4300 terrae,
1953 4246 2077 4290 tunc

497 4324 689 4378 bonam
725 4333 1024 4377 sementem
1065 4323 1347 4391 jaciemus,
1378 4335 1435 4379 ut
1460 4328 1603 4380 omni
1626 4328 1769 4397 quod
1804 4330 1927 4384 inde
1947 4346 2077 4387 eon-

499 4415 659 4468 traxit
688 4415 816 4469 vitio
840 4414 1110 4485 deposito,
1146 4431 1335 4485 magna
1356 4432 1475 4471 cum
1505 4418 1703 4474 virtute
1724 4422 1978 4491 suscipiat
1997 4423 2078 4477 di-

495 4507 620 4561 vina
664 4507 891 4561 semina.
931 4508 1142 4563 Gratias
1172 4524 1390 4579 agamus
1420 4524 1517 4580 pro
1546 4511 1613 4565 iis
1639 4528 1757 4581 qua:
1788 4513 1926 4568 dicta
1954 4526 2079 4572 sunt

499 4597 609 4651 Deo
633 4614 645 4649 :
677 4599 1007 4667 postulemus
1036 4599 1104 4653 ab
1133 4600 1247 4669 ipso
1271 4601 1363 4655 det
1387 4602 1544 4656 nobis
1558 4617 1619 4657 ea
1634 4605 1904 4661 custodire
1918 4622 1979 4661 ac
1993 4623 2077 4662 re-

501 4689 691 4753 tinere,
722 4698 776 4741 ut
801 4698 856 4743 et
876 4690 1030 4743 nobis
1060 4700 1112 4743 et
1140 4691 1289 4745 vobis
1328 4691 1577 4761 gaudium
1610 4693 1868 4764 obtingat,
1899 4695 2074 4752 luere-

504 4780 589 4834 tici
619 4796 744 4835 vero
784 4780 989 4851 pudore
1010 4782 1400 4838 sufl’hndantur.
1427 4785 1578 4839 Illum
1606 4788 1949 4843 Obsecremus
1969 4832 1983 4856 ,
2019 4798 2078 4845 ut

499 4871 564 4926 ad
588 4886 649 4926 ea
672 4872 831 4925 etiam
849 4888 966 4941 quae
996 4885 1289 4943 sequuntur
1310 4890 1370 4929 os
1392 4876 1545 4929 nobis
1572 4879 1796 4946 aperiat,
1820 4890 1875 4932 ut
1895 4890 2075 4936 nostra

499 4963 657 5018 etiam
689 4964 798 5032 pari
831 4963 1098 5033 diligentia
1144 4976 1455 5021 statuamus.
1487 4967 1567 5021 Ab
1598 4984 1662 5023 eo
1689 4986 1985 5038 precemur,
2020 4984 2077 5026 ut

499 5056 661 5108 vitam
690 5070 899 5123 quoque
923 5055 1033 5123 ipsa
1061 5055 1165 5110 fide
1185 5057 1394 5127 dignam
1426 5060 1577 5113 nobis
1602 5062 1855 5129 pra‘beat,
1880 5080 1985 5133 quo
2009 5064 2076 5119 ad

499 5145 667 5215 ipsius
687 5146 912 5216 gloriam
930 5147 1189 5215 vivamus,
1216 5165 1282 5205 ne
1306 5150 1472 5219 ipsius
1490 5166 1681 5207 nomen
1712 5165 1891 5209 nostra
1917 5172 2075 5212 causa

504 5239 849 5308 blasphemiis
872 5248 1172 5308 appetatur.
1190 5240 1276 5295 Vw
1304 5244 1440 5297 vobis
1467 5244 1629 5307 enim,
1656 5246 1844 5315 inquit,
1874 5259 2078 5319 prapter

500 5348 626 5402 quos
655 5347 836 5385 nomen
877 5330 974 5383 Dei
1021 5333 1417 5402 blasphematur.
1446 5334 1656 5389 Etenim
1702 5340 1746 5392 si
1781 5354 1878 5393 nos
1911 5338 2076 5396 ﬁlium

504 5424 798 5489 habentes;
852 5438 1170 5494 quamquam
1210 5426 1334 5495 quid
1380 5426 1489 5481 filio
1534 5427 1809 5485 nobiscum
1851 5433 2077 5502 conjun-

565 5593 639 5663 (a)
661 5602 758 5643 Non
781 5595 1173 5663 semelvidimus
1186 5597 1394 5663 Ariaan
1438 5615 1609 5652 vocem
1646 5616 1723 5663 οιάς
1745 5619 1853 5655 eum
1877 5608 2079 5659 articulo

508 5657 729 5716 positam,
739 5659 1038 5708 contendere
1051 5660 1323 5719 signiﬁcare
1330 5662 1523 5713 Patrem
1534 5666 1689 5714 solum
1704 5657 1872 5716 verum
1885 5669 2043 5719 Deum
2057 5657 2075 5719 Ξ

498 5719 831 5828 ἓὲἓιὲἑῑίουιυ
852 5726 1017 5773 autem
1040 5719 1234 5784 Filium,
1260 5736 1381 5787 quos
1404 5728 1611 5791 egregie
1636 5728 1848 5780 confutat
1871 5730 2075 5796 Chryso-

1157 354 1216 410 S.
1254 354 1527 411 JOANNIS
1570 349 2043 410 CllRYSOSTOMl
2082 349 2395 406 ARCHIEP.
2436 347 2964 406 CONSTANTINOP.

3648 348 3753 405 22s

2180 466 2362 519 ctius?
2391 466 2433 518 si
2464 465 2626 519 ﬁlium
2645 507 2658 527 ,
2694 465 2928 535 inquam,
2960 462 3217 518 habentes
3236 503 3251 529 ,
3285 464 3422 518 illius
3451 477 3609 518 causa
3638 466 3749 521 bla-

2181 556 2439 624 Sphcmiis
2456 556 2698 624 appetiti,
2720 556 2890 625 ipsum
2914 554 3277 625 repudiamus,
3301 569 3628 618 aversamur,
3652 571 3751 611 nec

2176 656 2417 701 nostrum
2454 646 2556 701 dici
2588 648 2834 702 volumus
2864 662 2878 701 :
2906 658 3104 716 quanto
3135 649 3302 717 magis
3331 648 3471 703 Deus
3519 663 3706 703 servos
3729 690 3747 717 ,

2176 754 2313 809 quos
2341 741 2575 809 ingratos
2606 740 2832 805 viderit,
2860 750 2915 794 et
2942 755 2971 793 a
3001 741 3192 810 quibus
3235 756 3294 795 se
3321 740 3668 809 blasphemiis
3694 753 3749 797 et

2176 834 2514 888 contumeliis
2541 833 2680 887 afﬁci
2709 833 3035 901 cognoverit,
3073 832 3407 887 aversabitur
3436 844 3595 903 atque
3627 835 3755 889 odio

2176 926 2566 993 prosequetur?
2596 926 2763 991 Quem
2796 940 2921 978 vero
2945 925 3082 979 Dens
3124 925 3296 979 oderit
3339 936 3496 995 atque
3540 940 3754 980 aversa-

2177 1022 2261 1069 tus
2308 1014 2498 1078 fuerit,
2529 1016 2649 1084 quis
2692 1016 2954 1085 suscipiet
3006 1031 3068 1070 ac
3113 1017 3544 1087 complectetur?
3584 1017 3753 1072 Nemo

2176 1116 2372 1177 praeter
2409 1106 2677 1161 diabolum
2708 1124 2770 1161 ac
2796 1107 3088 1163 dzemones.
3112 1109 3281 1177 Quem
3327 1125 3454 1164 vero
3478 1110 3752 1165 dtemones

2176 1198 2437 1265 ceperint,
2468 1214 2623 1266 quam
2654 1200 2840 1252 salutis
2872 1214 3021 1268 spem
3053 1199 3311 1254 habebit?
3337 1201 3478 1271 quod
3519 1201 3640 1255 vita:
3663 1215 3753 1255 so-

2176 1287 2398 1341 latium?
2425 1288 2687 1355 Quamdiu
2716 1290 2767 1342 in
2807 1304 2967 1344 manu
2998 1290 3089 1344 Dei
3114 1306 3319 1358 sumus,
3360 1308 3517 1346 nemo
3562 1307 3752 1362 rapere

2177 1393 2274 1432 nos
2302 1388 2515 1447 potest;
2556 1380 2770 1433 robusta
2798 1381 2940 1434 enim
2971 1390 3052 1435 est
3080 1399 3093 1434 :
3118 1396 3238 1434 cum
3270 1382 3495 1448 primum
3535 1397 3662 1437 vero
3685 1383 3752 1439 de

2176 1488 2334 1525 manu
2364 1472 2449 1525 illa
2483 1472 2839 1527 deciderimus
2863 1513 2878 1537 ,
2910 1482 3067 1543 atque
3098 1473 3351 1527 auxilium
3383 1473 3512 1528 illud
3555 1475 3750 1530 amise-

2175 1565 2374 1629 rimus;
2396 1564 2670 1633 periimus,
2689 1570 2938 1619 ommbus
2954 1565 3180 1635 expositi
3199 1564 3265 1619 ad
3288 1565 3524 1635 rapinam
3544 1581 3749 1631 sumus,

2177 1657 2426 1711 omnibus
2451 1657 2516 1710 ad
2544 1658 2991 1722 concuteandum,
3017 1668 3285 1727 tamquam
3312 1674 3499 1713 murus
3527 1659 3751 1714 inclina-

2178 1756 2283 1813 tus,
2312 1756 2366 1802 et
2390 1764 2545 1817 sepes
2564 1749 2871 1804 concidens.
2892 1750 3098 1803 Etenim
3128 1765 3248 1805 cum
3277 1765 3463 1804 murus
3484 1760 3568 1805 est
3591 1752 3752 1807 imbe-

2176 1840 2333 1903 cillis,
2359 1840 2511 1895 facile
2527 1842 2697 1895 cuivis
2718 1850 2861 1910 patet
2876 1841 2940 1895 ad
2960 1841 3381 1910 irrumpendum.
3408 1842 3591 1912 Neque
3607 1845 3747 1897 enim

2177 1934 2317 2003 quod
2346 1934 2584 1989 dicturus
2610 1950 2748 2001 sum,
2781 1935 2844 1988 ad
2874 1935 3041 1988 solam
3069 1934 3367 1990 Jerusalem
3398 1937 3597 2006 putetis
3627 1951 3749 2006 per-

2180 2028 2373 2089 tinere.
2402 2027 2493 2081 sed
2522 2028 2680 2081 etiam
2699 2027 2763 2081 ad
2789 2027 3025 2095 singulos
3054 2041 3295 2096 quosque
3325 2027 3587 2082 homines.
3612 2027 3749 2094 Quid

2182 2138 2310 2177 vero
2335 2122 2403 2176 de
2432 2121 2725 2176 Jerusalem
2748 2121 2944 2175 dictum
2981 2120 3099 2175 est?
3129 2120 3353 2173 Cantabo
3378 2122 3561 2176 dilecto
3589 2123 3750 2174 canti-

2176 2229 2290 2268 cum
2321 2214 2489 2267 dilecti
2519 2214 2634 2277 mei,
2667 2213 2823 2266 vinea!
2849 2227 2992 2266 mem.
3029 2210 3187 2264 Vinea
3213 2215 3352 2282 facta
3378 2221 3446 2263 est
3464 2212 3669 2266 dilectio
3696 2212 3750 2264 in

2175 2321 2353 2367 cornu,
2380 2308 2431 2357 in
2460 2305 2570 2357 loco
2601 2304 2798 2373 pingui.
2825 2302 2896 2357 Et
2928 2304 3082 2374 sepivi
3109 2314 3219 2357 eam
3248 2321 3307 2356 ac
3351 2303 3485 2357 vallo
3528 2304 3749 2356 circum-

2176 2396 2293 2447 dedi
2315 2438 2329 2461 ,
2374 2404 2419 2447 et
2448 2394 2675 2465 plantavi
2701 2396 2847 2449 vitem
2882 2394 3074 2449 Soreclt
3093 2437 3107 2461 ,
3138 2405 3183 2448 et
3209 2395 3456 2465 aediﬁcavi
3483 2395 3660 2448 turrim
3689 2395 3743 2448 in

2178 2488 2342 2541 medio
2374 2488 2504 2559 ejus,
2540 2498 2584 2540 et
2616 2488 2839 2540 torcular
2879 2489 3106 2541 exstruxi
3132 2489 3181 2540 in
3210 2504 3288 2549 ea,
3322 2498 3369 2540 et
3394 2488 3670 2558 exspectavi
3698 2498 3752 2541 ut

2178 2580 2360 2647 faceret
2387 2594 2555 2643 uvam,
2586 2588 2629 2630 et
2660 2577 2775 2647 fecit
2804 2580 2999 2646 spinas.
3031 2577 3184 2631 Nunc
3213 2580 3386 2648 igitur,
3416 2580 3510 2632 viri
3537 2578 3679 2634 Iuda
3705 2588 3752 2634 et

2176 2671 2480 2725 habitatores
2499 2670 2805 2736 Jerusalem,
2813 2672 3044 2741 judicate
3059 2673 3190 2725 inter
3202 2688 3278 2724 me
3298 2682 3344 2726 et
3360 2672 3553 2726 vineam
3566 2690 3749 2727 meam.

2179 2760 2317 2825 Quid
2343 2771 2446 2826 est,
2478 2762 2612 2831 quod
2652 2762 2785 2815 ultra
2811 2763 2961 2815 debui
3003 2762 3169 2830 facere
3198 2764 3359 2816 vinea:
3384 2779 3540 2827 mete,
3581 2774 3625 2817 et
3650 2780 3751 2817 non

2177 2854 2273 2922 feci
2301 2854 2387 2907 ei?
2416 2854 2667 2918 Quoniam
2706 2855 3031 2923 exspectavi,
3075 2863 3127 2905 ut
3175 2858 3362 2924 faceret
3406 2871 3597 2919 uvam;
3636 2855 3752 2923 fecit

2176 2954 2342 2998 autem
2369 2945 2563 3013 spinas.
2595 2942 2749 2998 Nunc
2790 2960 2911 3014 ergo
2940 2945 3201 2998 ostendam
3226 2946 3363 2998 vobis
3404 2945 3526 3011 quid
3550 2962 3642 3016 ego
3670 2948 3753 3016 fa-

2176 3036 2305 3087 ciam
2326 3035 2485 3089 vinea:
2512 3050 2673 3089 metu:
2714 3039 2944 3106 auferant
2973 3052 3141 3104 sepem
3166 3038 3276 3105 ejus
3299 3078 3314 3101 ,
3348 3047 3393 3090 et
3418 3039 3511 3090 erit
3534 3039 3585 3090 in
3621 3039 3756 3091 dire-

2177 3130 2396 3197 ptionem
2424 3142 2442 3188 ;
2471 3136 2515 3180 et
2544 3127 2747 3181 diruam
2768 3128 3035 3181 maceriam
3060 3129 3188 3198 ejus,
3216 3139 3261 3181 et
3286 3129 3379 3182 erit
3407 3128 3461 3182 in
3486 3129 3754 3182 conculca-

2178 3221 2398 3283 tionem;
2420 3229 2464 3273 et
2490 3221 2833 3288 derelinquam
2864 3220 3059 3273 vineam
3089 3238 3249 3274 meam
3270 3263 3283 3286 ,
3305 3232 3351 3275 et
3375 3240 3475 3275 non
3498 3222 3754 3293 putabitur

2177 3320 2221 3363 et
2267 3328 2367 3364 non
2400 3310 2955 3381 fodietur;ascendcnt
2997 3312 3049 3363 in
3096 3328 3206 3365 eam
3231 3352 3246 3375 ,
3276 3313 3484 3381 perinde
3529 3316 3754 3383 atquein

2178 3411 2361 3455 terram
2388 3402 2650 3465 incultam,
2668 3407 2829 3471 spinw
2852 3412 2932 3465 ;et
2959 3402 3170 3457 nubibus
3196 3405 3466 3468 mandabo,
3493 3422 3554 3459 ne
3578 3406 3754 3473 pluant

2178 3510 2329 3561 super
2373 3509 2483 3545 eam
2530 3491 2760 3546 imbrem.
2804 3492 2960 3546 Vinea
3004 3494 3137 3547 enim
3188 3492 3399 3547 Domini
3444 3497 3750 3548 exercituum

2179 3586 2358 3638 domus
2385 3584 2551 3637 Israel
2579 3593 2669 3649 est,
2705 3595 2751 3637 et
2774 3586 2850 3637 vir
2880 3583 2914 3637 J
2920 3584 3021 3637 uda
3045 3601 3247 3655 germen
3274 3585 3533 3639 dilectum.
3558 3585 3755 3656 Exspe-

2179 3678 2309 3729 ctavi
2333 3685 2385 3728 ut
2404 3676 2591 3743 faceret
2606 3675 2857 3746 judicium
2882 3693 2899 3741 ;
2926 3677 3042 3746 fecit
3065 3686 3231 3729 autem
3250 3676 3562 3746 iniquitatem
3588 3687 3632 3731 et
3654 3696 3755 3732 non

2179 3766 2459 3832 iustitiam,
2492 3766 2580 3819 sed
2608 3766 2877 3819 clamorem
2929 3765 3081 3833 (lsai.
3110 3767 3212 3823 5.1
3240 3797 3258 3807 -
3291 3767 3365 3838 7).
3400 3768 3453 3821 ld
3481 3769 3640 3824 etiam
3688 3771 3756 3825 de

2179 3859 2416 3928 qualibet
2444 3858 2621 3912 anima
2664 3857 2877 3912 dicitur.
2904 3857 3036 3911 Nam
3065 3873 3185 3913 cum
3226 3861 3402 3913 omnia
3450 3876 3567 3929 qua:
3592 3876 3753 3930 opor-

2182 3958 2357 4005 tuerat
2385 3950 2684 4019 impleverit
2711 3949 2972 4020 benignus
3003 3950 3166 4016 Deus,
3200 3950 3290 4004 illa
3317 3966 3444 4005 vero
3478 3966 3573 4019 pro
3613 3967 3711 4005 uva
3737 3993 3753 4017 ,

2181 4042 2364 4111 spinas
2392 4042 2617 4106 fecerit;
2662 4056 2844 4111 sepem
2873 4040 3079 4097 auferet
3129 4050 3183 4096 et
3211 4058 3419 4097 murum
3443 4043 3661 4110 diruet,
3694 4060 3756 4099 ac

2183 4136 2484 4205 patebimus
2511 4135 2818 4204 direptioni.
2846 4135 2981 4189 Audi
3010 4151 3139 4191 vero
3165 4145 3221 4191 et
3255 4146 3454 4207 quanto
3480 4153 3600 4191 cum
3629 4136 3756 4192 fletu

2182 4227 2319 4280 alius
2348 4227 2604 4297 prOpheta
2646 4227 2762 4281 hzec
2789 4227 2932 4282 dicat
2964 4246 2976 4281 :
3006 4227 3075 4282 Ut
3103 4229 3224 4299 quid
3253 4229 3546 4284 destruxisti
3587 4246 3757 4284 mace-

2181 4319 2311 4371 riam
2348 4320 2459 4387 ejus
2481 4334 2499 4381 ;
2523 4328 2569 4372 et
2599 4320 2904 4377 vindemiant
2941 4336 3052 4373 eam
3096 4337 3308 4386 omnes,
3338 4322 3422 4388 qui
3453 4330 3755 4393 prwtergre-

2183 4410 2390 4464 diuntur
2438 4410 2613 4462 viam?
2656 4401 3023 4464 Exterminavit
3052 4427 3163 4464 eam
3213 4429 3337 4480 aper
3382 4412 3445 4465 de
3496 4413 3637 4481 sylva
3664 4455 3678 4479 ,
3709 4423 3756 4466 et

2181 4501 2455 4571 singularis
2505 4504 2641 4571 ferus
2669 4502 2906 4571 depastus
2947 4513 3019 4556 est
3051 4518 3161 4555 eam
3205 4504 3380 4571 (Psal.
3404 4504 3755 4575 79.15.14)?

2183 4592 2257 4646 lbi
2283 4594 2496 4662 quidem
2526 4594 2593 4647 de
2634 4593 2787 4647 Medo
2825 4609 2887 4647 ac
2916 4593 2985 4648 de
3032 4594 3324 4666 Babylonio
3370 4597 3635 4667 loquitur;
3670 4597 3753 4653 hic

2182 4699 2311 4737 vero
2343 4683 2475 4737 nihil
2501 4692 2602 4748 est,
2631 4685 2772 4752 quod
2800 4683 2865 4737 de
2894 4684 2983 4737 illo
3012 4684 3256 4749 dicatur;
3292 4687 3384 4741 sed
3412 4704 3542 4757 aper
3569 4697 3623 4743 et
3649 4690 3761 4743 sin-

2182 4776 2379 4846 gularis
2409 4777 2523 4846 ipse
2546 4777 2791 4832 diabolus
2817 4788 2932 4844 est,
2970 4789 3186 4850 totaque
3213 4782 3359 4837 illius
3388 4798 3597 4839 manus.
3629 4785 3755 4839 Siu-

2181 4868 2420 4937 gularem
2452 4884 2577 4923 vero
2624 4870 2771 4923 illum
2817 4871 3137 4940 appellavit,
3189 4881 3246 4927 ut
3290 4873 3458 4941 ipsius
3501 4876 3754 4931 ferociam

2181 4973 2341 5034 atque
2386 4966 2745 5034 impuritatem
2796 4968 2866 5021 ob
2909 4954 3095 5021 oculbs
3141 4978 3384 5037 poneret.
3440 4970 3572 5025 Nam
3611 4973 3757 5027 Scri-

2182 5065 2335 5125 ptura
2358 5097 2372 5121 ,
2403 5072 2524 5110 cum
2558 5057 2700 5111 illius
2741 5059 3085 5126 rapacitatem
3110 5060 3481 5117 demonstrare
3509 5063 3621 5116 vult
3640 5104 3655 5129 ,
3683 5062 3753 5116 ita

2183 5147 2353 5217 inquit
2376 5189 2391 5213 ,
2424 5147 2702 5218 Tamquam
2749 5148 2825 5202 leo
2853 5151 3057 5220 rugiens
3082 5152 3260 5205 circuit
3284 5194 3298 5216 ,
3343 5169 3571 5223 querens
3613 5170 3760 5225 quem

2182 5238 2381 5292 devoret
2410 5239 2487 5307 (l.
2522 5238 2636 5293 Pet.
2664 5240 2718 5295 5.
2749 5240 2839 5311 8);
2883 5256 3003 5294 cum
3046 5257 3185 5296 vero
3220 5244 3368 5297 virus
3414 5244 3542 5299 illud
3574 5247 3755 5315 perni-

2182 5332 2385 5387 ciosum
2412 5347 2474 5385 ac
2503 5331 2660 5387 letale
2684 5332 2970 5402 significat,
2996 5346 3297 5403 serpentem
3327 5346 3482 5391 vocat
3529 5347 3583 5392 et
3609 5355 3753 5399 ερον-τ

2186 5423 2395 5493 pionem
2423 5421 2678 5489 :Calcate,
2707 5425 2896 5493 inquit,
2926 5442 3076 5495 super
3096 5438 3349 5495 serpentes
3370 5437 3419 5482 et
3444 5431 3752 5499 scorpiones.

2184 5523 2230 5567 et
2258 5529 2411 5582 super
2440 5529 2637 5566 omnem
2678 5515 2906 5568 virtutem
2947 5516 3138 5569 inimici
3176 5516 3328 5587 (Luc.
3364 5520 3450 5573 10.
3478 5520 3565 5591 l9)
3594 5539 3606 5573 :
3632 5536 3755 5575 cum

2184 5602 2343 5657 simul
2370 5618 2631 5657 venenum
2660 5604 2859 5659 indicat
2884 5614 2939 5660 et
2961 5606 3142 5671 robur,
3177 5607 3464 5664 draconem
3495 5612 3754 5676 nominat,

2183 5696 2631 5766 quemadmodum
2652 5713 2719 5753 eo
2746 5699 2864 5752 loco
2891 5716 2903 5751 :
2933 5699 3101 5753 Draco
3130 5701 3240 5766 iste,
3268 5719 3415 5771 quem
3440 5705 3672 5774 formasti
3689 5706 3759 5759 ad

2186 5790 2502 5846 illudendum
2531 5791 2575 5846 ei
2597 5790 2768 5864 (Psal.
2795 5790 2915 5847 105.
2930 5790 3042 5865 26).
3070 5793 3136 5849 Ει
3159 5794 3443 5853 draconem
3465 5805 3521 5854 et
3541 5812 3758 5870 serpen-
