4130 6386
357 442 465 499 225

359 556 425 609 ἂν
449 552 798 623 παρήγαγεν;
825 546 989 602 Εἶπον
1009 546 1241 617 φθάσας,
1266 549 1346 600 ὅτι
1371 545 1543 609 οὐδεὶς
1571 544 1741 607 οὕτως
1766 545 1919 595 ἐπαι-

358 649 439 701 νεῖ
464 662 584 699 τινα
614 643 720 698 ἀπὸ
750 644 847 713 τῆς
872 642 981 693 τῶν
1010 640 1192 694 κακῶν
1226 639 1459 709 ἀποχῆς,
1511 638 1631 691 οὐδὲ
1662 636 1796 696 ὅλως
1825 635 1924 687 αὐ·-

356 740 451 793 τοῦ
483 739 754 809 μέμνηται
775 751 789 764 ⁸
838 734 959 786 οὐδὲ
1005 732 1257 803 σώφρονα
1292 731 1611 801 βουλόμενος
1639 728 1923 781 ἐπαινέσαι

357 850 441 894 τις
476 830 647 892 οῦτως
681 830 814 898 ἐρεῖ,
850 828 931 879 ὅτι
961 827 1059 879 οὐκ
1088 825 1422 895 ἐμοίχευσεν,
1444 823 1559 876 ἀλλ’
1590 824 1670 875 ὅτι
1703 822 1796 875 καὶ
1822 822 1921 891 τῆς

246 932 256 941 ⁸
364 922 497 982 ἰδίας
526 920 735 987 ἀπέστη
770 916 1048 984 γυναικός.
1078 914 1326 984 Οὐδαμοῦ
1350 916 1457 984 γὰρ
1476 915 1574 982 τὴν
1602 912 1708 965 τῶν
1738 913 1924 966 κακῶν

360 1009 567 1079 ἀποχὴν
586 1007 806 1077 τίθεμεν
825 1024 837 1035 ’
867 1007 1039 1074 γέλως
1062 1006 1168 1076 γάρ
1194 1004 1371 1058 τοῦτο.
1394 1001 1559 1057 Εἶπον
1584 1006 1665 1058 ὅτι
1685 1007 1718 1075 ὴ
1742 1002 1923 1074 μορφὴ

356 1100 452 1154 τοῦ
501 1099 686 1153 δούλου
722 1097 948 1168 ἀληθὴς,
982 1098 1075 1150 καὶ
1125 1099 1244 1151 οὐδὲ
1297 1097 1560 1149 ἐλάττων·
1603 1096 1796 1149 οὐκοῦν
1831 1096 1924 1148 καὶ

357 1194 391 1264 ἡ
428 1191 606 1261 μορφὴ
634 1190 724 1243 τοῦ
761 1190 895 1242 Θεοῦ
926 1190 1125 1250 τελεία,
1157 1189 1253 1241 καὶ
1286 1189 1383 1241 οὐκ
1429 1188 1684 1241 ἐλάττων.
1736 1190 1832 1240 Διά
1873 1188 1924 1240 τί

362 1282 437 1352 μὴ
454 1278 625 1345 εἶπεν,
644 1282 731 1333 Ἐν
752 1283 930 1350 μορφῇ
949 1279 1082 1332 Θεοῦ
1101 1281 1407 1348 γενόμενος,
1422 1279 1557 1345 ἀλλ’,
1573 1280 1585 1297 ⁹
1602 1278 1887 1348 Υπάρχων
1906 1297 1923 1344 ;

361 1370 504 1422 Ἴσον
550 1371 665 1421 ἐστὶ
716 1367 873 1420 τοῦτο
919 1367 1010 1420 τοῦ
1039 1368 1248 1432 εἰπεῖν,
1299 1368 1437 1435 Ἐγώ
1479 1370 1595 1437 είμι
1641 1372 1675 1422 ό
1719 1368 1822 1421 ὢν.
1852 1368 1925 1421 Τὸ

359 1459 776 1530 ἀπαράλλακτον
804 1460 836 1528 ή
870 1458 1052 1528 μορφὴ
1072 1458 1329 1522 δείκνυσι,
1360 1458 1544 1521 καθώς
1571 1461 1684 1512 ἐστι
1717 1460 1920 1530 μορφή.

360 1551 473 1602 Οὐκ
506 1551 619 1600 ἐστι
650 1549 727 1611 δὲ,
760 1549 923 1618 ἄλλης
952 1549 1137 1611 οὐσίας
1176 1548 1323 1613 ὄντα,
1372 1549 1469 1617 τὴν
1519 1550 1683 1620 ἄλλης
1710 1551 1923 1621 μορφὴν

359 1640 531 1711 ἔχειν’
559 1636 670 1693 οἷον
710 1640 885 1702 οὐδεὶς
918 1639 1219 1710 ἀνθρώπων
1248 1642 1480 1709 ἀγγέλου
1527 1641 1639 1712 ἔχει
1686 1643 1920 1713 μορφὴν,

358 1735 479 1787 οὐδὲ
524 1734 714 1803 ἄλογον
767 1733 1051 1803 ἀνθρώπου
1103 1733 1215 1804 ἔχει
1274 1735 1518 1804 μορφήνο
1585 1733 1701 1797 πῶς
1758 1730 1850 1787 οὖν
1896 1734 1924 1786 6

360 1825 486 1889 Υἱός
509 1842 523 1891 ;

428 1973 490 2025 δ’.
508 1968 639 2026 Εἶτα
654 1972 746 2024 ἐπὶ
770 1971 867 2041 μὲν
887 1973 919 2041 ἡ
928 1971 1063 2041 μῶν,
1078 1972 1263 2040 ἐπειδὴ
1284 1971 1523 2026 σύνθετοί
1539 1973 1723 2043 ἐσμεν,
1742 1974 1775 2042 ὴ
1797 1989 1927 2043 μορ-

361 2066 435 2137 φὴ
464 2065 557 2117 τοῦ
595 2064 847 2133 σώματός
876 2066 1050 2117 ἐστιν·
1105 2066 1196 2117 ἐπὶ
1227 2065 1282 2116 δὲ
1316 2065 1409 2117 τοῦ
1442 2063 1610 2117 ἁπλοῦ
1642 2064 1733 2117 καὶ
1761 2065 1925 2116 ἀσυν-

362 2157 534 2219 θέτου,
580 2158 794 2221 πάντως
825 2157 924 2227 τῆς
970 2157 1173 2219 οὐσίας.
1215 2159 1275 2209 Εἰ
1310 2157 1365 2209 δὲ
1413 2157 1472 2209 τὸ
1516 2158 1682 2227 χωρὶς
1724 2157 1924 2229 ἄρθρου

362 2248 611 2319 εἰρῆσθαι
681 2248 861 2315 λέγεις
938 2249 1018 2301 ὅτι
1100 2249 1160 2300 οὐ
1216 2249 1452 2300 δείκνυσι
1530 2249 1619 2301 τὸν
1686 2249 1923 2319 Πατέρα,

364 2338 629 2409 πολλαχοῦ
681 2339 837 2391 τοῦτο
869 2339 1143 2392 δείκνυται
1176 2339 1345 2411 χωρὶς
1381 2339 1583 2411 ἄρθρου
1619 2342 1923 2411 εἰρημένον.

365 2432 473 2483 Καὶ
506 2432 557 2483 τί
584 2431 726 2499 λέγω
762 2432 1065 2501 πολλαχοῦ;
1095 2434 1151 2484 ἐν
1172 2433 1279 2503 γὰρ
1306 2432 1453 2502 αὐτῷ
1487 2432 1688 2494 εὐθέως
1713 2432 1789 2501 τῷ
1820 2450 1927 2501 χω-

368 2525 467 2595 ρίῳ
487 2524 679 2596 τούτῳ,
694 2528 815 2593 Οὐχ
839 2525 1171 2595 ἁρπαγμὸν,
1192 2526 1375 2596 φησὶν,
1404 2526 1676 2595 ἡγήσατο
1692 2525 1759 2578 τὸ
1778 2521 1930 2579 εἶναι

365 2617 474 2672 ισα
513 2616 632 2681 Θεῷ
650 2634 664 2647 ο
690 2618 782 2669 καὶ
808 2617 908 2669 οὐκ
935 2616 1083 2688 [259]
1107 2613 1226 2670 εἶπε
1257 2617 1395 2687 μετά
1422 2616 1516 2670 τοῦ
1550 2616 1774 2687 ἄρθρου.
1802 2618 1931 2686 περὶ

364 2706 459 2760 τοῦ
488 2706 621 2759 Θεοῦ
650 2706 743 2759 τοῦ
775 2707 987 2776 Πατρὸς
1009 2706 1202 2774 λέγων.
1235 2706 1501 2776 Βούλομαι
1526 2707 1619 2759 καὶ
1641 2706 1708 2758 τά
1736 2706 1934 2776 ἡμέτε-

370 2816 439 2869 ρα
474 2798 803 2870 προσθεῖναι,
847 2798 982 2852 ἀλλά
1009 2799 1221 2851 δέδοικα
1244 2798 1317 2869 μὴ
1355 2798 1756 2867 καταχώσωμεν
1780 2798 1932 2867 ὑμῶν

365 2890 465 2951 τάς
489 2889 746 2951 διανοίας.
801 2890 950 2952 Τέως
983 2889 1037 2941 δὲ
1066 2890 1132 2941 τά
1161 2890 1423 2959 εἰρημένα
1469 2888 1747 2961 μέμνησθε
1796 2889 1932 2960 πρὸς

366 2979 678 3050 ἀνατροπὴν
712 2980 932 3032 ἐκείνων
953 2996 966 3008 ·
1002 2979 1137 3042 τέως
1169 2980 1265 3040 τὰς
1308 2979 1546 3041 ἀκάνθας
1591 2979 1931 3048 ἐκτέμωμεν,

367 3070 458 3123 καὶ
488 3074 608 3124 τότε
656 3073 748 3125 τὸν
797 3072 996 3141 σπόρον
1046 3071 1452 3140 καταϐαλοῦμεν
1489 3071 1580 3125 τὸν
1607 3070 1767 3123 καλὸν
1799 3068 1934 3138 μετά

366 3163 427 3215 τὸ
448 3162 547 3225 τὰς
571 3163 810 3227 ἀκάνθας
836 3162 1197 3232 ἐκτμηθῆναι,
1222 3164 1313 3215 καὶ
1338 3163 1530 3232 μικρὸν
1557 3162 1889 3215 ἀναπνεῦσαι
1906 3174 1931 3202 ιι

366 3253 464 3323 τὴν
498 3255 623 3323 γῆν,
657 3255 745 3308 ῖνα
778 3256 956 3307 πᾶσαν
983 3256 1081 3322 τὴν
1120 3254 1326 3306 ἐκεῖθεν
1368 3254 1678 3323 ἀποθεμένη
1712 3252 1930 3317 κακίαν,

371 3344 509 3413 μετά
541 3344 743 3414 πολλῆς
772 3345 868 3414 τῆς
907 3345 1105 3415 ἀρετῆς
1141 3344 1446 3414 δέχηταιτά
1475 3343 1591 3396 θεῖα
1622 3343 1931 3413 σπέρματα.

369 3434 870 3503 Εὐχαριστήσωμεν
927 3435 1067 3505 ὑπὲρ
1120 3435 1228 3485 τῶν
1292 3434 1593 3503 εἰρημένων
1653 3433 1731 3503 τῷ
1786 3434 1933 3503 Θεῷ·

369 3521 690 3591 ἀξιώσωμεν
747 3522 910 3575 αὐτὸν
957 3522 1140 3575 δοῦναι
1196 3522 1440 3593 φυλακὴν
1488 3523 1581 3574 καὶ
1618 3522 1936 3593 διατήρησιν

371 3614 572 3676 αὐτῶν,
602 3614 688 3666 ἴνα
718 3614 810 3666 καὶ
840 3616 999 3683 ἡμεῖς
1029 3616 1123 3667 καὶ
1156 3614 1313 3684 ὑμεῖς
1344 3614 1762 3685 εὐφραινώμεθα
1789 3656 1804 3681 ,
1843 3616 1937 3667 καὶ

369 3705 417 3755 οί
446 3705 710 3776 αἱρετικοὶ
746 3705 1229 3775 καταισχύνωνται.
1263 3706 1741 3776 Παρακαλέσωμεν
1775 3706 1937 3759 αὐτὸν

370 3795 463 3849 καὶ
484 3797 561 3859 εἰς
583 3795 797 3866 τὸ-ἐξῆς
823 3798 955 3865 ἡμῖν
976 3797 1180 3863 ἀνοῖξαι
1206 3796 1401 3867 στόμα,
1435 3796 1574 3850 ὥστε
1603 3798 1785 3851 καὶτὰ
1812 3798 1939 3868 ἡμέ-

371 3904 503 3957 τερα
527 3889 664 3958 μετά
686 3889 781 3958 τῆς
805 3888 972 3959 αὐτῆς
992 3889 1153 3941 πάλιν
1176 3889 1410 3959 σπουδῆς
1434 3890 1935 3959 παρακαταθέσθαι·

372 3979 654 4051 δεηθῶμεν
697 3981 880 4047 αὐτοῦ,
918 3981 1055 4034 ὥστε
1084 3982 1177 4034 καὶ
1208 3983 1307 4053 τῆς
1344 3982 1578 4045 πίστεως
1630 3982 1742 4052 βίον
1790 3984 1940 4048 ἄξιον

375 4074 505 4142 ἡμῖν
535 4078 857 4144 παρασχεῖν,
892 4075 977 4126 ἵνα
1008 4076 1087 4137 είς
1115 4074 1272 4140 δόξαν
1316 4074 1479 4127 αὐτοῦ
1507 4074 1709 4145 ζῶμεν,
1746 4076 1831 4129 ἶνα
1864 4078 1939 4146 μὴ

374 4163 435 4215 τὸ
488 4164 656 4233 ὄνομα
706 4164 868 4217 αὐτοῦ
926 4164 1308 4235 βλασφημῆται
1335 4166 1401 4218 δι’
1432 4168 1599 4237 ἡμᾶς.
1651 4169 1795 4221 Οὐαὶ
1832 4169 1941 4237 γάρ

374 4255 538 4325 ὑμῖν,
569 4257 721 4326 φησὶ,
767 4257 841 4310 δι’
871 4258 977 4323 οὓς
1005 4258 1071 4311 τὸ
1101 4258 1289 4327 ὄνομα
1330 4259 1434 4313 τοῦ
1469 4258 1614 4312 Θεοῦ
1653 4261 1940 4329 βλασφη-

370 4351 587 4421 μεῖται.
617 4352 678 4404 Εἰ
710 4354 818 4422 γάρ
846 4353 959 4405 υἱὸν
987 4352 1227 4423 ἔχοντες·
1265 4354 1438 4407 καίτοι
1469 4355 1521 4406 τί
1562 4354 1677 4407 υἱοῦ
1704 4354 1939 4425 γνησιώ-

376 4459 568 4511 τερον;
599 4444 647 4495 εί
681 4445 792 4496 υἱὸν
823 4443 1000 4495 τοίνυν
1033 4444 1190 4514 ἡμεῖς
1219 4444 1462 4513 ἔχοντες,
1513 4446 1639 4499 ὅταν
1670 4447 1739 4499 δι’
1780 4448 1941 4499 αὐτὸν

380 4534 862 4604 βλασφημώμεθα,
908 4535 1357 4605 ἀποκηρύττομεν
1390 4537 1573 4600 αὐτὸν,
1607 4539 1942 4608 ἀποστρεφό-

382 4626 542 4694 μεθα,
569 4625 999 4694 οὐπροσιέμεθα
1022 4642 1036 4657 ο
1067 4627 1217 4695 πόσῳ
1261 4626 1458 4696 μᾶλλον
1505 4629 1533 4679 6
1565 4626 1697 4691 Θεὸς
1723 4628 1940 4692 δούλους

379 4717 516 4787 ἔχων
543 4718 883 4787 ἀγνώμονας,
914 4717 1361 4789 βλασφημοῦντας
1386 4719 1545 4773 αὐτὸν
1572 4720 1941 4791 καὶύϐρίζον-

377 4827 510 4872 τας,
543 4811 643 4863 οὐκ
678 4810 1158 4881 ἀποστραφήσεται
1198 4812 1289 4864 καὶ
1320 4814 1575 4882 μισήσει;
1611 4815 1706 4867 Ὃν
1738 4815 1782 4867 δ’
1815 4815 1881 4868 ἂν
1914 4816 1943 4868 6

378 4901 510 4964 Θεὸς
542 4904 746 4974 μισήσῃ
773 4902 865 4954 κα)⁵
895 4904 1238 4972 ἀποστραφῇ,
1279 4903 1362 4966 τίς
1402 4904 1803 4974 προσλήψεται;
1836 4906 1942 4957 Οὐ-

379 4990 509 5054 δεὶς,
544 4991 657 5043 ἀλλ’
684 4991 715 5061 ἢ
745 4995 772 5044 6
800 4991 1063 5054 διάϐολος,
1094 4992 1207 5044 ἀλλ’
1238 4993 1269 5063 ἢ
1296 4993 1345 5044 οἱ
1375 4993 1644 5063 δαίμονες.
1680 4997 1774 5047 Ὃν
1802 4995 1846 5047 δ’
1878 4996 1944 5048 ἂν

379 5086 427 5137 οἱ
474 5084 722 5154 δαίμονες
756 5084 999 5147 λάϐωσι,
1057 5085 1215 5138 ποίαν
1248 5086 1358 5147 ἐξει
1413 5088 1682 5159 σωτηρίας
1723 5088 1941 5154 ἐλπίδα;

381 5176 541 5228 ποίαν
571 5177 923 5246 παραμυθίαν
954 5178 1129 5246 ζωῆς;
1169 5178 1311 5239 Ἕως
1340 5177 1405 5230 ἂν
1432 5179 1490 5231 ἐν
1531 5181 1597 5249 τῇ
1633 5182 1774 5252 χειρὶ
1798 5174 1946 5250 ὦμεν

381 5268 473 5321 τοῦ
504 5268 657 5333 Θεοῦ,
688 5270 860 5333 οὐδεὶς
884 5271 1029 5340 ἡμᾶς
1056 5269 1319 5338 ἁρπάζειν
1345 5270 1593 5325 δύναται·
1625 5273 1817 5344 ἰσχυρά
1840 5274 1946 5344 γάρ

384 5361 529 5410 ἐστιν
552 5375 563 5387 ·
589 5361 714 5412 ὅταν
746 5360 801 5412 δὲ
830 5361 925 5429 τῆς
950 5362 1126 5431 χειρὸς
1152 5362 1363 5433 ἐκείνης
1389 5363 1708 5433 ἐκπέσωμεν
1737 5365 1828 5416 καὶ
1850 5366 1946 5434 τῆς

387 5451 654 5520 βοηθείας,
679 5452 1057 5521 ἀπολώλαμεν,
1090 5455 1254 5507 πᾶσιν
1280 5453 1483 5523 ἕτοιμοι
1509 5455 1846 5526 προκείμεθα
1870 5457 1948 5518 είς

386 5544 660 5613 ἁρπαγὴν,
704 5546 867 5597 πᾶσιν
899 5547 976 5608 είς
1015 5546 1405 5617 καταπάτημα,
1442 5547 1518 5612 ὡς
1563 5551 1736 5620 τοῖχος
1768 5549 1948 5603 κεκλι-

450 5740 479 5771 ⁸η
496 5738 694 5791 Εοῖειὶη.
721 5739 1010 5792 ἀναπαῦσαι.

1204 430 1273 485 ΙΝ
1307 426 1521 484 EI’IST.
1564 426 1654 481 AD
1691 423 1981 482 PHILIPP.

2023 421 2175 478 CAP.
2219 422 2281 477 II.
2324 422 2558 480 llOMlL.
2599 425 2687 483 Vl.
3478 421 3585 476 εει

2027 536 2185 606 μένος
2212 537 2305 590 καὶ
2338 539 2590 609 φραγμδς
2617 538 2877 609 ώσμένος.
2910 538 3077 591 Ὅταν
3100 538 3210 607 γὰρ
3306 536 3536 605 ἀσθενὴς
3558 538 3589 589 6

2021 631 2216 699 τοῖχος,
2250 631 2567 695 εὐεπίϐατος
2590 632 2741 685 ἐσται
2769 633 2920 685 πᾶσι.
2957 631 3047 701 Μὴ
3078 630 3186 701 γὰρ
3212 631 3305 681 ἐπὶ
3350 630 3446 698 τῆς
3490 630 3588 681 Ἱε-

2024 722 2307 792 ρουσαλὴμ
2344 722 2518 775 οἴεσθε
2541 723 2697 775 τοῦτο
2726 723 2977 792 λέγεσθαι
3004 725 3161 792 μόνον
3185 760 3200 785 ,
3234 720 3262 773 ὃ
3304 720 3479 789 μέλλω
3502 719 3591 771 λέ-

2022 827 2159 878 γειν,
2193 812 2327 865 ἀλλά
2354 814 2448 866 καὶ
2482 814 2573 867 ἐπὶ
2599 815 2795 877 παντὸς
2824 814 3131 886 ἀνθρώπου.
3169 814 3233 865 Τί
3268 813 3324 864 δὲ
3364 814 3457 865 ἐπὶ
3487 815 3587 883 τῆς

2034 902 2386 974 Ἰερουσαλὴμ
2437 905 2683 973 ἐλέγετο;
2748 907 2910 977 ’ᾼσω
2958 904 3033 974 δὴ
3098 904 3176 969 τῷ
3227 902 3588 971 ἠγαπημένῳ

2022 984 2185 1060 ᾆσμα
2215 993 2318 1046 τοῦ
2341 994 2649 1062 ἀγαπητοῦ
2676 1012 2814 1063 μου,
2846 992 2926 1058 τῷ
2951 992 3256 1062 ἀμπελῶνί
3275 1010 3413 1061 μου.
3454 993 3590 1059 Ἀμ-

2023 1083 2225 1136 πελὼν
2247 1084 2498 1152 ἐγενήθη
2529 1083 2607 1149 τῷ
2622 1085 2981 1153 ἠγαπημένῳ
3001 1085 3070 1136 ἑν
3094 1084 3310 1150 κέρατι,
3340 1083 3408 1135 έν
3432 1084 3596 1146 τόπῳ

2023 1176 2205 1227 πίονι.
2254 1175 2362 1228 Καὶ
2400 1180 2671 1244 φραγμὸν
2710 1174 3029 1243 περιέθηκα
3078 1174 3176 1227 καὶ
3212 1172 3587 1241 έχαράκωσα,

2023 1264 2119 1316 καὶ
2155 1264 2460 1332 ἐφύτευσα
2514 1264 2784 1333 ἄμπελον
2824 1262 3049 1330 Σωρὴκ,
3100 1264 3195 1316 καὶ
3232 1262 3592 1331 ᾠκοδόμησα

2023 1354 2252 1421 πύργον
2282 1354 2353 1406 ἐν
2377 1353 2545 1422 μέσῳ
2571 1354 2774 1417 αὑτοῦ,
2810 1353 2908 1405 καὶ
2931 1351 3261 1420 προλήνιον
3296 1352 3495 1419 ῶρυξα
3522 1352 3595 1405 ἐν

2022 1442 2200 1507 αὐτῷ,
2224 1444 2321 1495 καὶ
2340 1446 2541 1511 ἔμεινα
2566 1444 2672 1498 τοῦ
2693 1443 2942 1512 ποιῆσαι
2971 1442 3313 1511 σταφυλὴν,
3344 1442 3597 1513 ἐποίησε

2023 1533 2091 1587 δὲ
2136 1534 2422 1600 ἀκάνθας.
2481 1537 2587 1589 Καὶ
2621 1536 2738 1589 νῦν
2772 1535 3065 1603 ἄνθρωποι
3093 1537 3197 1589 τοῦ
3240 1534 3445 1597 Ἰούδα,
3493 1533 3595 1587 καὶ

2024 1629 2077 1679 οἱ
2100 1628 2519 1693 κατοικοῦντες
2544 1628 2615 1681 ἐν
2650 1627 3064 1697 Ἰερουσαλὴμ,
3103 1626 3342 1695 κρίνατε
3376 1624 3595 1693 ἐνέμοῑ

2024 1722 2257 1802 καὶρνἀ
2277 1721 2471 1790 μέσον
2495 1720 2601 1773 τοῦ
2629 1719 2982 1789 ἀμπελῶνος
3004 1736 3141 1788 μου.
3189 1718 3251 1772 Τί
3274 1717 3396 1771 ἔδει
3418 1715 3595 1784 ποιῆ-

2023 1829 2126 1866 σαι
2160 1811 2240 1877 τῷ
2276 1811 2583 1881 ἀμπελῶνί
2626 1829 2766 1880 μου,
2822 1810 2921 1863 καὶ
2971 1813 3079 1863 οὐκ
3107 1809 3365 1876 ἐποίησα
3394 1807 3554 1873 αὐτῷ
3574 1825 3599 1871 ;

2024 1903 2180 1955 Διότι
2211 1903 2414 1969 ἔμεινα
2434 1902 2540 1956 τοῦ
2572 1901 2821 1970 ποιῆσαι
2851 1900 3196 1969 σταφυλὴν,
3230 1900 3479 1965 ἐποίησε
3526 1898 3597 1952 δὲ

2025 1991 2309 2057 ἀκάνθας.
2350 1992 2479 2045 Νῦν
2510 1987 2624 2044 οὖν
2648 1990 2956 2059 drum-8.1L?)
2991 1989 3132 2059 ὑμῖν
3160 1990 3216 2042 τί
3243 1988 3473 2055 ποιήσω
3516 1985 3598 2053 τῷ

2026 2081 2333 2150 ἀμπελῶνί
2348 2100 2464 2151 μου
2489 2099 2501 2110 ·
2546 2080 2749 2148 ἀφελῶ
2782 2082 2888 2133 τὸν
2927 2078 3197 2149 φραγμὸν
3244 2076 3451 2140 αὑτοῦ,
3494 2076 3595 2129 καὶ

2027 2174 2196 2225 ἔσται
2228 2175 2314 2237 εὶς
2346 2171 2702 2239 διαρπαγὴν.
2732 2172 2830 2223 καὶ
2862 2169 3094 2223 καθελῶ
3118 2169 3225 2222 τὸν
3247 2168 3451 2235 τοῖχον
3492 2168 3598 2221 αὺ-

2027 2261 2154 2319 τοῦ.
2196 2261 2292 2313 καὶ
2322 2260 2491 2313 ἐσται
2535 2263 2622 2325 είς
2666 2259 3085 2328 καταπὰτημαο
3130 2258 3228 2311 καὶ
3254 2258 3461 2321 ἀνήσω
3491 2255 3599 2308 τὸν

2028 2349 2351 2420 ἀμπελῶνά
2399 2368 2539 2419 μου,
2589 2350 2687 2401 καὶ
2729 2352 2800 2403 οὐ
2827 2349 2911 2418 μὴ
2967 2346 3203 2417 τμηθῇ,
3235 2346 3362 2399 οὐδ’
3403 2348 3473 2398 οὐ
3506 2345 3594 2414 μὴ

2029 2442 2239 2510 σκαφῇ
2262 2459 2275 2473 ·
2314 2442 2411 2495 καὶ
2438 2441 2841 2507 ἀναϐήσονται
2863 2444 2949 2505 εὶς
2972 2440 3177 2501 αὑτὸν,
3209 2439 3289 2504 ὡς
3337 2440 3423 2502 εὶς
3464 2439 3597 2506 χέρ-

2029 2546 2166 2595 σον,
2200 2531 2452 2587 ἄκανθαι
2476 2548 2490 2561 ο
2521 2532 2618 2584 καὶ
2651 2532 2780 2597 ταῖς
2812 2530 3093 2599 νεφέλαις
3136 2528 3284 2599 [240]
3324 2527 3599 2581 ἐντελοῦ-

2026 2641 2131 2693 μαι
2150 2624 2255 2678 τοῦ
2282 2622 2369 2693 μὴ
2394 2623 2609 2691 βρέξαι
2636 2625 2721 2687 εὶς
2748 2622 2933 2675 αὐτὸν
2958 2623 3150 2675 ὑετόν.
3192 2621 3253 2674 '0
3282 2620 3391 2689 γὰρ
3415 2619 3599 2688 ἀμπε-

2029 2715 2157 2769 λὼν
2183 2715 2402 2783 Κυρίου
2436 2715 2678 2769 Σαϐαὼθ
2716 2710 2880 2778 οἷκος
2900 2712 3007 2765 τοῦ
3040 2710 3284 2779 Ἰσραήλ
3321 2711 3474 2772 ἐστι,
3500 2708 3599 2761 καὶ

2032 2806 2342 2873 ἄνθρωπος
2392 2805 2499 2859 τοῦ
2568 2806 2762 2859 Ἰούδα
2791 2846 2806 2870 ,
2854 2804 3149 2871 νεόφυτον
3190 2800 3596 2870 ἠγαπημένον.

2038 2898 2282 2964 Ἕμεινα
2310 2897 2410 2948 ἵνα
2439 2895 2663 2963 ποιήσῃ
2696 2896 2897 2962 κρίσιν
2921 2911 2934 2924 ·
2958 2894 3208 2959 ἐποίησε
3235 2891 3303 2944 δὲ
3326 2891 3599 2961 ἀνομίαν,

2034 2987 2131 3039 καὶ
2157 2988 2227 3039 οὐ
2255 2985 2666 3051 δικαιοσύνην,
2692 2985 2853 3037 ἀλλὰ
2874 2983 3160 3053 κραυγήν.
3194 2982 3362 3036 Τοῦτο
3394 2981 3489 3035 καὶ
3515 2980 3601 3050 ἐφ’

2035 3076 2269 3147 ἑκάστης
2300 3077 2518 3144 λέγεται
2541 3076 2735 3145 ψυχῆς.
2772 3076 2942 3127 Ὅταν
2972 3075 3079 3144 γάρ
3111 3075 3288 3127 πάντα
3315 3072 3601 3145 πληρώσῃ,

2034 3165 2070 3220 ἃ
2105 3165 2293 3235 ἐχρῆν,
2331 3166 2359 3217 6
2386 3164 2765 3234 φιλάνθρωπος
2798 3164 2951 3229 Θεὸς,
2982 3159 3099 3217 εἶτα
3131 3165 3332 3233 ποιήσῃ
3363 3163 3605 3225 ἀκάνθας

2036 3259 2157 3312 ἀντὶ
2178 3257 2469 3327 σταφυλῆς,
2494 3256 2684 3325 ἀφελεῖ
2712 3256 2799 3307 τὸν
2822 3255 3095 3326 φραγμὸν,
3122 3257 3213 3308 καὶ
3240 3255 3493 3325 καθαιρεῖ
3514 3255 3605 3306 τὸν

2034 3349 2213 3417 τοῖχον
2240 3384 2255 3409 ,
2287 3347 2380 3399 καὶ
2425 3346 2662 3416 ἐσόμεθα
2688 3346 2767 3407 είς
2809 3346 3082 3416 ἁρπαγήν.
3128 3346 3325 3398 ’Λκουε
3352 3346 3462 3415 γὰρ
3488 3345 3607 3407 πῶς

2038 3440 2132 3492 καὶ
2175 3438 2361 3508 ἕτερος
2411 3439 2696 3509 προφήτης
2734 3437 3052 3507 ὀδυρόμενος
3108 3437 3327 3506 ἔλεγεν
3364 3438 3497 3491 Ἵνα
3549 3437 3607 3490 τί

2038 3528 2309 3594 καθεῖλες
2338 3527 2446 3581 τὸν
2486 3528 2757 3596 φραγμὸν
2784 3526 3008 3594 αὐτῆς,
3041 3528 3139 3579 καὶ
3176 3525 3472 3595 τρυγῶσιν
3496 3528 3607 3579 αὺ-

2038 3620 2154 3686 τὴν
2183 3620 2403 3683 πάντες
2424 3622 2477 3671 οἱ
2506 3621 3052 3686 παραπορευόμενοι
3086 3617 3195 3684 τὴν
3224 3618 3400 3681 όδόν;
3439 3619 3608 3670 Ἐλυ-

2034 3710 2266 3779 μήνατο
2303 3709 2497 3776 αὐτὴν
2522 3705 2597 3774 ὖς
2638 3710 2706 3761 ἐκ
2744 3707 2993 3776 δρυμοῦ,
3027 3707 3124 3759 καὶ
3161 3708 3370 3777 μονιὸς
3407 3706 3610 3776 ἄγριος

2040 3800 2485 3870 κατενεμήσατο
2506 3800 2719 3868 αὑτήν.
2764 3799 2909 3851 Ἐκεῖ
2953 3799 3051 3869 μὲν
3076 3795 3168 3852 οὖν
3206 3800 3335 3870 περὶ
3373 3798 3465 3851 τοῦ
3497 3800 3611 3870 Μή-

2039 3894 2127 3948 δου
2153 3895 2243 3947 καὶ
2268 3893 2361 3945 τοῦ
2391 3893 2730 3945 Βαϐυλωνίου
2758 3893 2921 3963 φησίν
2941 3910 2954 3923 ·
2985 3892 3218 3946 ἐνταῦθα
3245 3893 3301 3946 δὲ
3333 3893 3460 3963 περὶ
3482 3892 3611 3946 τού-

2039 4003 2131 4039 του
2164 3986 2263 4038 οὐκ
2306 3986 2450 4038 ἐστιν
2504 3985 2696 4046 εἰπεῖν,
2736 3984 2869 4037 ἀλλά
2891 3980 2953 4048 ῦς
2982 3986 3074 4037 καὶ
3106 3985 3285 4053 μονιὸς
3313 3986 3340 4037 6
3369 3985 3611 4048 διάϐολός

2041 4080 2178 4141 ἐστι,
2209 4077 2301 4131 καὶ
2350 4078 2500 4129 πᾶσα
2532 4074 2698 4129 αὐτοῦ
2744 4077 2777 4145 ἡ
2825 4075 3072 4144 δύναμις.
3115 4078 3311 4129 Μονιὸν
3351 4076 3407 4128 δὲ
3449 4076 3611 4129 αὐτὸν

2041 4168 2251 4240 εἴρηκε,
2288 4168 2347 4220 τὸ
2370 4169 2560 4237 ἄγριον
2595 4167 2689 4219 καὶ
2722 4167 3027 4237 ἀκάθαρτον
3058 4166 3222 4219 αὐτοῦ
3264 4168 3610 4237 παραστῆσαι

2044 4258 2385 4329 βουλόμενος.
2430 4258 2598 4311 Ὅταν
2648 4258 2745 4329 μὲν
2770 4258 2876 4329 γάρ
2908 4257 3071 4311 αὐτοῦ
3126 4257 3185 4310 τὸ
3211 4258 3548 4327 ἁρπακτικὸν
3576 4258 3609 4326 ἡ

2042 4350 2233 4422 Γραφὴ
2265 4349 2519 4421 βούληται
2546 4350 2804 4419 δηλῶσαι,
2838 4351 2999 4418 φησίν
3026 4366 3038 4379 ο
3090 4350 3183 4412 Ὠς
3231 4349 3385 4402 λέων
3429 4350 3612 4417 ὠρυόο

2036 4460 2219 4511 μενος
2248 4442 2635 4511 περιέρχεται,
2666 4440 2849 4509 ζητῶν
2894 4443 3027 4494 τίνα
3056 4443 3318 4509 καταπίῃ
3338 4459 3351 4471 ’
3382 4443 3508 4496 ὅταν
3554 4441 3612 4495 δὲ

2043 4533 2104 4584 τὸ
2141 4532 2342 4585 ἰοϐόλον
2392 4534 2486 4585 καὶ
2525 4532 2822 4603 θανάσιμον
2856 4533 2951 4584 καὶ
2994 4532 3254 4603 ὀλέθριον,
3303 4534 3423 4601 ὅφιν
3452 4535 3612 4587 αὐτὸν

2044 4624 2202 4677 καλεῖ
2250 4623 2343 4675 καὶ
2379 4623 2671 4691 σκορπιόν·
2730 4622 2973 4677 Πατεῖτε
3020 4623 3149 4694 γὰρ,
3198 4626 3380 4693 φησὶν,
3413 4625 3614 4679 ἐπάνω

2045 4716 2238 4785 ὄφεων
2268 4714 2366 4767 καὶ
2385 4716 2711 4782 σκορπίων,
2742 4715 2839 4768 καὶ
2867 4716 2965 4768 ἐπὶ
2987 4714 3193 4769 πᾶσαν
3220 4715 3333 4783 τὴν
3360 4715 3617 4785 δύναμν

2043 4806 2151 4860 τοῦ
2184 4806 2624 4874 ἀντικειμένων
2650 4808 2775 4859 ὅταν
2805 4808 2861 4860 δὲ
2895 4808 2954 4859 τὸ
2986 4807 3201 4877 ἰσχυρὸν
3241 4806 3373 4877 ὁμοῦ
3414 4809 3505 4860 καὶ
3541 4812 3616 4860 io-

2047 4898 2222 4963 ϐόλον,
2246 4897 2513 4968 δράκοντα
2543 4897 2704 4950 αὐτὸν
2725 4898 2898 4960 καλεῖ,
2931 4898 3005 4960 ὡς
3033 4898 3162 4949 ὅταν
3185 4897 3316 4968 λέγῃ
3338 4913 3351 4926 ο
3378 4897 3619 4964 Δράκων

2046 4991 2245 5059 οὗτος,
2278 4992 2349 5045 ὃν
2369 4992 2643 5055 ἔπλασας
2671 4988 2970 5057 ἐμπαίζειν
2997 4986 3175 5052 αὐτῷ.
3207 4989 3317 5039 Καὶ
3350 4988 3617 5058 δράκοντα

2047 5086 2141 5139 καὶ
2168 5085 2289 5153 ὅφιν
2326 5082 2535 5136 σκολιὸν
2575 5080 2668 5132 καὶ
2702 5079 2899 5132 ἀσπίδα
2945 5079 3102 5132 αὐτὸν
3132 5079 3290 5131 καλεῖ
3319 5078 3614 5147 πανταχοῦ.

2049 5176 2391 5229 ῐΙολύπλοκον
2422 5173 2529 5243 γὰρ
2554 5171 2614 5224 τὸ
2656 5170 2843 5241 θηρίον
2868 5172 2962 5223 καὶ
2997 5170 3259 5235 ποικίλον,
3292 5171 3384 5222 καὶ
3415 5169 3616 5237 πολλὴν

2050 5272 2162 5340 ἔχει
2190 5270 2285 5338 τὴν
2322 5264 2472 5336 ἰσχύν
2495 5283 2507 5295 ο
2542 5265 2718 5317 πάντα
2748 5266 2905 5325 κινεῖ,
2936 5264 3112 5315 πάντα
3154 5263 3391 5332 θορυϐεῖ,
3440 5262 3616 5314 πάντα

2051 5361 2162 5413 ἀνω
2185 5359 2278 5411 καὶ
2300 5357 2448 5410 κάτω
2480 5355 2721 5425 στρέφει.
2769 5353 2927 5406 Ἀλλά
2961 5353 3351 5462 μηφοϐηθῆτε,
3386 5352 3518 5404 ἁλλὰ
3543 5351 3617 5421 μὴ

2050 5451 2295 5521 δείσητε·
2332 5449 2654 5518 γρηγορεῖτε
2681 5446 2859 5514 μόνον,
2892 5446 2985 5498 καὶ
3016 5444 3089 5508 ὡς
3129 5444 3407 5515 στρουθίον
3434 5444 3615 5495 ἔσται·

2052 5539 2297 5593 Πατεῖτε
2328 5538 2456 5609 γὰρ,
2488 5538 2671 5607 φησὶν,
2700 5537 2899 5590 ἐπάνω
2929 5539 3121 5605 ὄφεων
3162 5537 3259 5589 καὶ
3291 5536 3617 5604 σκορπίων.

2052 5630 2439 5699 Καταπάτημα
2478 5628 2636 5682 αὐτὸν
2672 5628 2778 5681 τῶν
2823 5630 3106 5699 ἡμετέρων
3145 5628 3366 5697 ἐποίησε
3419 5628 3617 5696 ποδῶν,

2053 5722 2118 5781 ἂν
2150 5720 2482 5795 βουλώμεθα.
