4130 6386
517 342 628 398 ἓξὲξ

590 464 652 511 ε’.
689 458 825 528 Ὅρα
883 457 1059 511 τοίνυν
1114 457 1277 519 πόσος
1330 456 1523 524 γέλως,
1552 454 1693 524 πόση
1726 454 2000 523 ἀθλιότης.
2030 453 2089 506 δν

526 545 794 617 ἐλάϐομεν
826 548 1037 610 πατεῖν,
1063 544 1251 598 τοῦτον
1287 545 1420 614 όρᾷν
1454 543 1592 613 ὑπὲρ
1614 543 1858 611 κεφαλῆς
1886 540 2096 594 ἑστῶτα

520 634 619 703 τῆς
649 632 940 703 ἡμετέρας.
981 631 1105 695 Πῶς
1133 632 1189 684 δὲ
1216 629 1376 684 τοῦτο
1423 630 1667 698 γίνεται;
1732 630 1868 699 Παρ⁹
1898 628 2055 697 ἡμῶν
2079 640 2094 655 ⁸

521 720 588 774 ἂν
618 722 778 791 ἡμεῖς
818 719 1155 790 βουλώμεθα,
1191 719 1364 789 μέγας
1393 717 1569 770 ἐστίν·
1608 716 1673 771 ἂν
1698 718 1859 787 ήμεῖς
1895 715 2097 785 βουλώ-

524 808 685 879 μεθα,
716 809 923 876 γίνεται
951 808 1165 878 μικρός.
1206 807 1333 859 Ἐάν
1360 805 1717 877 προσέχωμεν
1743 806 1973 869 ἑαυτοῖς,
2005 802 2099 856 καὶ

526 896 664 966 μετά
691 894 785 947 τοῦ
822 894 1088 965 βασιλέως
1117 888 1268 964 ὦμεν
1296 892 1390 946 τοῦ
1424 893 1716 963 ἡμετέρου,
1750 889 2098 945 συστέλλεται

524 982 619 1033 καὶ
647 980 858 1032 παιδίου
908 979 1105 1050 μικροῦ
1138 980 1286 1032 οὐδὲν
1338 978 1558 1048 ἄμεινον
1586 977 1916 1030 διακείσεται
1948 978 2004 1028 ἐν
2032 978 2097 1046 τῇ

524 1066 665 1137 πρὸς
698 1069 845 1135 ἡμᾶς
881 1067 1029 1137 μάχῃ
1058 1082 1071 1094 ·
1123 1067 1252 1118 ὅταν
1286 1064 1614 1134 ἀποστῶμεν
1661 1063 1852 1129 αὑτοῦ,
1890 1062 2101 1133 μεγάλα

520 1155 689 1224 φυσᾷ,
718 1153 1005 1223 βρυχᾶται,
1038 1152 1211 1222 τρίζει
1258 1153 1384 1214 τοὺς
1436 1151 1673 1216 ὀδόντας,
1724 1152 1819 1205 am
1860 1150 2102 1220 ἐρήμους

522 1242 672 1312 ἡμᾶς
696 1242 793 1310 τῆς
824 1240 1067 1310 μεγάλης
1103 1240 1419 1309 συμμαχίας
1458 1238 1669 1292 λαϐών·
1706 1239 1765 1291 ού
1795 1238 1903 1308 γάρ
1934 1238 2105 1305 πρόσο

526 1344 684 1390 εισιν,
719 1327 813 1379 ἐὰν
868 1326 943 1397 μὴ
996 1328 1326 1397 συγχωρήσῃ
1368 1328 1396 1379 6
1446 1326 1600 1389 Θεός.
1657 1324 1721 1378 Et
1763 1327 1871 1395 γὰρ
1904 1324 2103 1393 χοίρων

522 1416 747 1484 ἀγέλαις
777 1415 837 1466 ού
888 1414 1294 1483 κατετόλμησεν
1339 1413 1669 1483 ἐπεμϐῆναι,
1708 1412 1783 1482 μὴ
1823 1411 1917 1465 τοῦ
1968 1409 2102 1462 Θεοῦ

528 1504 1005 1574 συγχωρήσαντος,
1064 1500 1243 1569 πολλῷ
1282 1500 1481 1570 μᾶλλον
1529 1500 1730 1569 ψυχαῖς
1775 1497 2101 1568 ἀνθρώπων.

528 1591 808 1660 Συγχωρεῖ
843 1589 899 1640 δέ
935 1588 1087 1650 Θεὸς,
1122 1588 1154 1657 ἢ
1204 1587 1495 1650 παιδεύων,
1526 1588 1559 1657 ἢ
1590 1586 1745 1655 δίκην
1769 1584 2037 1644 ἀπαιτῶν,
2069 1582 2101 1652 ἢ

522 1678 932 1749 δοκιμωτέρους
967 1678 1156 1739 ποιῶν,
1205 1676 1280 1737 ὡς
1316 1675 1409 1727 τὸν
1452 1674 1592 1728 Ἰὼϐ.
1638 1674 1801 1744 Ὀρᾷς
1833 1673 1996 1725 αὑτὸν
2030 1672 2104 1741 μὴ

530 1765 985 1835 προσερχόμενον,
1016 1764 1151 1832 μηδὲ
1171 1762 1454 1832 τολμῶντα
1480 1760 1731 1828 γενέσθαι
1760 1761 1948 1828 ἐγγὺς,
1972 1758 2106 1811 ἀλλὰ

527 1853 804 1906 δεδοικότα
830 1853 924 1904 καί¹
955 1855 1258 1920 τρέμοντας
1298 1852 1410 1905 Καὶ
1439 1851 1492 1903 τί
1519 1850 1660 1918 λέγω
1690 1850 1820 1920 περὶ
1836 1848 1929 1901 τοῦ
1963 1846 2104 1911 ’1ώϐ;

525 1939 609 2010 τῷ
644 1939 751 2009 γὰρ
780 1938 950 2010 Ἰούδᾳ
987 1938 1369 2009 ἐφαλλόμενος,
1398 1939 1499 1990 οὐκ
1525 1938 1845 2007 ἐτόλμησεν,
1872 1935 1978 1997 ἓως
2011 1933 2108 1986 αὺ-

526 2028 621 2081 τὸν
662 2026 757 2080 τοῦ
811 2026 956 2097 ίεροῦ
1007 2025 1167 2096 χοροῦ
1215 2025 1511 2095 ἀπέσχισεν
1545 2024 1575 2076 6
1622 2023 1876 2094 Χριστὸς,
1921 2020 2108 2074 λαϐεῖν

528 2114 841 2185 ὀλόκληρον,
898 2115 989 2167 καὶ
1040 2113 1300 2166 εἰσελθεῖν
1337 2115 1418 2174 είς
1467 2112 1651 2166 αὐτόν.
1696 2110 1831 2163 Τότε
1868 2108 1968 2180 μὲν
2014 2105 2107 2162 οὖν

528 2204 732 2271 ἔξωθεν
763 2202 1151 2272 προσέϐαλλεν,
1185 2202 1331 2254 ἔνδον
1357 2202 1414 2253 δὲ
1461 2201 1724 2253 εἰσελθεῖν
1747 2200 1847 2252 οὐκ
1873 2198 2073 2269 ἐτόλμα
2093 2214 2106 2228 ·

535 2291 723 2361 ἐπειδὴ
750 2290 806 2342 δὲ
828 2284 969 2342 εἶδεν
991 2288 1389 2359 ἀποσχισθέντα
1420 2288 1520 2357 τῆς
1549 2289 1703 2358 ίερᾶς
1735 2285 1956 2354 ἀγέλης,
1982 2300 2109 2337 παν-

530 2379 623 2442 τὸς
653 2377 801 2449 [241]
831 2377 994 2431 λύκου
1032 2376 1387 2447 σφοδρότερον
1418 2375 1673 2444 ἐφήλατο,
1696 2375 1791 2427 καὶ
1822 2373 1884 2425 οὐ
1917 2373 2111 2443 πρότε-

530 2484 627 2537 ρον
644 2466 852 2535 ἀπέστη
862 2505 884 2540 ,.
905 2465 1007 2528 ἕως
1030 2464 1192 2517 αὑτὸν
1219 2464 1397 2516 ἀνεῖλε
1420 2463 1647 2515 θάνατον
1662 2460 1904 2515 διπλοῦν.
1920 2459 2109 2512 Ταῦτα

533 2552 673 2623 πρὸς
704 2552 983 2605 νουθεσίαν
1011 2551 1166 2622 ήμῶν
1204 2551 1531 2620 γέγραπται.
1564 2550 1717 2601 Ἐπεὶ
1746 2551 1896 2603 ποῖον
1919 2547 2107 2617 κέρδος

534 2640 597 2693 τὸ
623 2639 848 2709 γνῶναι,
874 2640 955 2692 ὃτι
1001 2634 1081 2701 εἷς
1109 2637 1217 2691 τῶν
1243 2637 1449 2690 δώδεκα
1475 2636 1751 2707 προέδωκε
1777 2654 1791 2701 ;
1831 2634 1958 2689 ποία
1984 2635 2110 2704 ὀνη-

539 2745 661 2793 σις;
697 2728 825 2780 ποία
871 2726 1144 2795 ὼφέλεια;
1200 2724 1640 2795 Μεγάλη.”οταν
1684 2722 1793 2793 γὰρ
1848 2723 2110 2793 μάθωμεν

538 2816 702 2869 πόθεν
737 2817 943 2879 ἐκεῖνος
977 2817 1070 2868 ἐπὶ
1094 2814 1191 2885 τὴν
1235 2814 1477 2883 ὀλέθριον
1502 2808 1632 2882 ἦλθε
1660 2811 1854 2882 βουλὴν
1883 2812 2109 2881 ταύτην,

538 2902 889 2973 φυλαξόμεθα
926 2903 1032 2956 ἀπὸ
1061 2903 1265 2972 ταύτης
1305 2904 1399 2955 καὶ
1425 2900 1579 2954 αὐτοὶ
1615 2899 1689 2970 μὴ
1727 2901 1796 2953 τά
1835 2899 1975 2953 αύτά
2002 2916 2110 2954 πα-

537 2991 672 3045 θεῖν.
708 2991 875 3044 Πόθεν
904 2985 996 3043 οῦν
1014 2985 1179 3059 ἦλθεν
1208 2990 1299 3041 ἐπὶ
1332 2988 1520 3052 τοῦτο;
1561 2988 1695 3040 Ἀπὸ
1726 2987 2108 3057 φιλαργυρίας·

539 3078 779 3147 κλέπτης
813 3074 914 3147 ἦν·
959 3077 1067 3129 ἀπὸ
1112 3075 1318 3146 ταύτης
1361 3074 1533 3137 οὓτως
1582 3075 1779 3145 ἐμέθυε
1808 3074 1887 3143 τῷ
1926 3074 2111 3138 πάθει,

536 3165 727 3218 ὃτιτὸν
751 3166 847 3234 τῆς
874 3166 1021 3216 οίκου
1032 3164 1196 3233 μένης
1223 3164 1500 3232 Δεσπότην
1522 3163 1812 3232 τριάκοντα
1837 3163 2113 3233 ἀργυρίων

542 3250 843 3322 προέδωκε.
876 3251 941 3303 Τί
973 3254 1071 3320 τῆς
1127 3250 1325 3320 μανίας
1370 3250 1577 3319 ταύτης
1603 3252 1817 3319 χεῖρον;
1852 3243 1927 3301 Οῦ
1960 3249 2112 3302 ούδέν

535 3338 790 3404 ἀντάξιον
830 3338 947 3391 οὐδὲ
989 3339 1121 3399 ἴσον,
1154 3332 1198 3404 ᾧ
1245 3337 1313 3390 τὰ
1364 3337 1488 3407 ἔθνη
1536 3338 1613 3399 είς
1658 3336 1808 3389 οὐδὲν
1838 3336 2113 3408 ἐλογίσθη,

533 3426 726 3479 τοῦτον
768 3426 1061 3496 τριάκοντα
1110 3424 1389 3495 ἀργυρίων
1419 3424 1717 3493 προέδωκε.
1750 3422 1974 3493 Χαλεπὴ
2007 3425 2115 3495 γὰρ

536 3515 639 3583 τῆς
678 3512 1043 3583 φιλαργυρίας
1076 3514 1108 3581 ἡ
1136 3512 1408 3582 τυραννὶς,
1440 3511 1588 3581 δεινὴ
1624 3512 1799 3580 ψυχὴν
1827 3512 2113 3581 ἐκστῆσαι.

536 3601 655 3670 Οὐχ
679 3599 820 3651 οὕτω
853 3617 935 3662 τις
964 3600 1067 3651 ὑπὸ
1098 3601 1198 3668 τῆς
1235 3599 1405 3669 μέθης
1440 3598 1733 3669 παραπλὴξ
1776 3597 2008 3666 γίνεται,
2041 3597 2117 3660 ὡς

538 3687 649 3740 ὑπὸ
676 3686 1063 3756 φιλαργυρίας·
1097 3688 1194 3755 οὺχ
1225 3685 1395 3748 οὕτως
1422 3684 1526 3737 ὑπὸ
1560 3686 1754 3754 μανίας
1794 3686 1887 3739 καὶ
1936 3702 2116 3754 παρα-

547 3772 794 3842 πληξίας,
824 3772 897 3835 ὡς
936 3772 1039 3824 ὑπὸ
1070 3772 1453 3844 φιλαργυρίας.
1482 3772 1579 3825 Διά
1608 3771 1658 3825 τί
1690 3773 1818 3844 γὰρ,
1850 3773 1971 3826 είπέ
2004 3790 2115 3843 μοι,

547 3859 842 3930 προδίδως;
871 3860 1010 3930 Ἀση
1020 3876 1117 3929 μον
1138 3859 1267 3912 δντα
1297 3876 1357 3912 σε
1384 3859 1479 3913 καὶ
1505 3859 1725 3927 ἀγνῶτα
1746 3859 1994 3923 ἐκάλεσε,
2023 3860 2120 3913 καὶ

542 3946 643 4001 ινα
676 3944 784 3999 τῶν
832 3944 1039 4000 δώδεκα
1086 3946 1333 4015 ἐποίησε,
1382 3945 1736 4009 διδασκαλίας
1774 3964 1856 4000 σοι
1887 3947 2121 4017 μετέδω-

545 4051 663 4097 κεν,
696 4032 959 4102 ὑπέσχετο
992 4034 1158 4104 μυρία
1187 4032 1389 4101 ἀγαθά,
1425 4032 1680 4104 θαύματά
1705 4050 1764 4086 σε
1791 4034 2119 4105 ἐργάζεσθαι

548 4120 838 4190 πεποίηκε,
861 4119 1164 4190 τραπέζης,
1198 4120 1355 4186 ὀδῶν,
1381 4120 1617 4190 ὁμιλίας,
1651 4121 1959 4184 συνουσίας,
1988 4121 2122 4174 πάν-

543 4228 654 4265 των
693 4208 1080 4280 ἐκοινώνησας,
1113 4204 1188 4264 ὧν
1226 4211 1320 4263 καὶ
1348 4212 1397 4263 οἱ
1439 4209 1633 4263 λοιποί.
1681 4208 1864 4262 Ταῦτα
1910 4210 2011 4263 οὐκ
2053 4206 2122 4280 ἦν

546 4297 708 4351 ἱκανὰ
739 4299 1071 4367 κατασχεῖν;
1107 4297 1252 4359 τίνος
1295 4292 1389 4350 οὖν
1448 4296 1635 4348 ἐνεκεν
1682 4295 2036 4365 προέδωκας;
2069 4295 2122 4346 τί

546 4385 688 4456 έχων
716 4385 988 4453 ἐγκαλεῖν,
1017 4378 1062 4438 ῶ
1099 4385 1294 4455 μιαρέ;
1330 4384 1383 4436 τί
1409 4384 1465 4437 δέ
1498 4385 1598 4436 οὐκ
1629 4378 1688 4436 εὖ
1712 4381 1933 4446 παθών;
1969 4382 2122 4453 ᾜδει

550 4488 647 4525 σου
674 4474 772 4543 τὴν
797 4472 1057 4538 διάνοιαν,
1088 4474 1187 4526 οὐκ
1227 4470 1504 4524 ἐπαύσατο
1529 4471 1599 4524 τά
1633 4469 1761 4540 παρ’
1793 4466 1985 4522 ἑαυτοῦ
2015 4470 2125 4520 είσ-

553 4560 758 4629 φέρων·
795 4559 1055 4623 πολλάκις
1106 4554 1279 4626 εἶπεν,
1304 4560 1384 4612 ὅτι
1413 4552 1518 4623 Εἷς
1549 4556 1618 4621 ἐξ
1648 4554 1817 4625 ὑμῶν
1853 4553 2123 4622 παραδώ-

556 4661 656 4699 σει
684 4662 792 4715 με·
829 4646 1088 4709 πολλάκις
1135 4645 1331 4712 ἔστιξε,
1378 4644 1474 4699 καὶ
1506 4642 1759 4712 ἐφείσατό
1783 4659 1899 4705 σου,
1928 4641 2023 4694 καὶ
2045 4641 2126 4691 εί-

550 4728 664 4794 δώς
710 4748 769 4783 σε
818 4732 1080 4798 τοιοῦτον,
1108 4733 1209 4786 οὐκ
1240 4732 1459 4796 ἐξέϐαλέ
1486 4747 1545 4783 σε
1576 4727 1670 4781 τοῦ
1700 4726 1861 4799 χοροῦ
1888 4744 1903 4757 ·
1937 4726 2017 4779 ἔτι
2044 4726 2126 4779 δι-

554 4818 874 4883 εϐάσταζεν,
914 4820 994 4873 ἐτι
1020 4819 1096 4882 ὼς
1120 4821 1339 4889 γνήσιον
1355 4820 1449 4871 καὶ
1476 4816 1571 4870 ἕνα
1585 4816 1693 4869 τῶν
1711 4813 1937 4877 δώδεκα,
1954 4812 2128 4877 οὕτως

555 4906 742 4975 ἐτίμα,
774 4904 945 4969 οὕτως
992 4906 1185 4973 ἐφίλει.
1215 4906 1289 4959 Τὸ
1314 4905 1637 4969 τελευταῖον,
1670 4901 1715 4955 ὣ
1741 4902 1841 4970 τῆς
1873 4902 2123 4972 μιαρίαςί

554 4995 652 5049 καὶ
711 4993 915 5046 λέντιον
960 4994 1140 5047 λαϐὼν
1190 4994 1337 5062 ἐνιψε
1388 4995 1506 5055 ταῖς
1552 4991 1842 5062 ἁχράντοις
1892 4990 2129 5052 ἐκείναις

555 5081 716 5154 χερσὶ
738 5082 861 5144 τοὺς
895 5081 1123 5152 μιαρούς
1151 5098 1244 5133 σου
1269 5080 1456 5142 πόδας,
1475 5079 1567 5133 καὶ
1589 5078 1708 5131 οὐδὲ
1732 5076 1888 5129 τοῦτό
1911 5093 1968 5128 σε
2002 5093 2130 5129 κατ-

559 5168 739 5237 έσχεν.
767 5169 1064 5230 Ἐκλεπτες
1094 5168 1161 5221 τὰ
1184 5166 1291 5221 τῶν
1325 5169 1598 5237 πενήτων·
1636 5164 1729 5216 καὶ
1771 5165 1856 5217 ἵνα
1894 5163 1965 5233 μὴ
1997 5180 2131 5232 προ-

560 5253 719 5325 έλθῃς
751 5256 831 5317 εἰς
860 5255 1040 5324 μεῖζον
1072 5254 1259 5319 κακὸν,
1279 5254 1373 5307 καὶ
1396 5252 1550 5305 τοῦτο
1571 5251 1764 5321 ἔφερεν
1786 5266 1799 5280 ·
1838 5250 1951 5303 ἀλλ’
1977 5249 2131 5302 οὐδέν

560 5358 625 5393 σε
662 5342 895 5395 ἔπεισεν.
943 5343 1004 5393 Et
1037 5342 1145 5412 γὰρ
1179 5341 1365 5410 θηρίον
1391 5337 1479 5411 ἧς,
1513 5340 1559 5390 εί
1590 5339 1698 5407 γὰρ
1725 5337 1891 5401 λίθος,
1926 5337 1985 5389 ού
2012 5338 2133 5399 ταῖς

558 5428 901 5496 εὐεργεσίαις
937 5431 1056 5490 ταῖς
1087 5430 1165 5491 είς
1202 5428 1283 5493 σὲ,
1316 5428 1377 5480 ού
1422 5431 1532 5489 τοῖς
1582 5425 1876 5495 θαύμασιν,
1922 5425 1981 5476 ού
2010 5426 2130 5486 ταῖς

557 5512 927 5578 διδασκαλίαις
961 5516 1066 5569 ἔδει
1114 5514 1556 5585 μεταϐληθῆναι;
1611 5512 1772 5566 Ἀλλὰ
1824 5512 1919 5566 καὶ
1961 5509 2135 5572 οὕτως

563 5600 1029 5673 ἐκτεθηριωμένον
1067 5604 1271 5670 ἐκάλει,
1301 5603 1393 5658 καὶ
1418 5602 1507 5656 διὰ
1544 5601 1651 5656 τῶν
1689 5599 2008 5671 θαυμασίων
2042 5597 2133 5667 ἕρ-

566 5699 681 5751 γων
711 5690 945 5760 ἐπήγετό
972 5709 1030 5746 σε
1050 5691 1142 5747 τὸν
1166 5691 1328 5747 λίθων
1356 5691 1832 5763 άναισθητότερον.
1865 5688 1937 5741 Σὺ
1964 5686 2021 5740 δὲ
2044 5686 2131 5738 οὐ-

1107 339 1168 396 8.
1200 336 1489 396 .IOANNIS
1520 333 2013 392 CHRYSOSTOMI
2045 333 2367 391 ARCHIEP.
2407 335 2950 399 CONSTANTINOP.

3650 341 3758 398 2&6

2199 452 2310 506 δενὶ
2337 456 2540 509 τούτων
2587 456 2817 526 γέγονας
2848 457 3090 527 βελτίων.
3142 454 3461 526 Θαυμάζετε
3501 454 3631 519 ἴσως
3658 458 3759 528 τὴν

2193 541 2461 612 τοσαύτην
2497 544 2681 597 ἄνοιαν
2708 545 2802 597 τοῦ
2852 545 3128 615 προδότου.
3151 543 3359 597 Οὐκοῦν
3392 542 3663 614 φοϐήθητε
3699 545 3762 599 τὸ

2196 629 2404 681 ἐκείνου
2437 631 2689 701 τραῦμα·
2726 631 2833 685 ἀπὸ
2855 632 3212 701 φιλαργυρίας
3242 628 3480 693 τοιοῦτος
3522 630 3761 697 ἐγένετο,

2197 718 2305 771 ἀπὸ
2332 718 2425 772 τοῦ
2455 720 2560 772 τῶν
2593 720 2891 791 χρημάτων
2922 720 3141 791 ἔρωτος.
3167 718 3438 788 Ἔκκοψον
3461 717 3522 771 τὸ
3551 718 3723 783 πάθος
3742 736 3759 754 ο

2197 808 2419 860 τοιαῦτα
2446 808 2554 878 γὰρ
2578 808 2751 861 τίκτει
2776 810 3058 880 νοσήματα
3078 825 3095 842 ο
3130 808 3344 869 ἀσεϐεῖς
3372 808 3533 870 ποιεῖ,
3555 806 3649 859 καὶ
3671 806 3761 859 τὸν

2198 893 2329 945 Θεὸν
2355 896 2568 963 ἀγνοεῖν
2602 895 3029 965 παρασκευάζει,
3057 894 3161 948 κᾶν
3193 894 3454 964 μυριάκις
3480 892 3767 961 εύεργετη·

2200 981 2712 1053 θῶμεν.Ἔκκοψον,
2753 983 3082 1055 παρακαλῶ·
3123 986 3223 1037 οὐκ
3267 982 3381 1035 ἐστι
3426 980 3535 1034 τῶν
3574 979 3764 1049 τυχόν-

2199 1086 2328 1129 των,
2365 1069 2624 1135 θανάτους
2655 1070 2762 1125 οίδε
2791 1072 2994 1124 τίκτειν
3031 1069 3305 1141 ὀλεθρίους
3332 1068 3576 1140 μυρίους.
3607 1067 3760 1119 Είδοο

2205 1175 2304 1227 μεν
2357 1159 2417 1212 τὸ
2469 1161 2675 1213 ἐκείνου
2724 1160 2932 1223 πάθος·
2974 1159 3297 1229 φοϐηθῶμεν
3344 1158 3418 1228 μὴ
3447 1158 3559 1218 τοῖς
3588 1156 3768 1217 αὐτοῖς

2201 1245 2355 1298 αὐτοὶ
2383 1248 2787 1318 περιπέσωμεν.
2815 1246 2912 1300 Διὰ
2945 1245 3101 1299 τοῦτο
3124 1245 3452 1315 γέγραπται,
3483 1243 3570 1296 ἵνα
3605 1240 3680 1311 μὴ
3700 1241 3769 1293 τὰ

2202 1333 2343 1387 αὑτά
2368 1334 2629 1401 πάθωμεν
2655 1336 2750 1389 καὶ
2783 1336 2969 1405 ἡμεῖς·
2998 1333 3086 1387 διὰ
3115 1331 3271 1385 τοῦτο
3298 1329 3497 1393 πάντες
3527 1331 3575 1382 οί
3606 1328 3770 1393 εὐαγ-

2202 1419 2446 1488 γελισταὶ
2470 1422 2623 1475 τοῦτο
2649 1422 2994 1492 διηγήσαντο,
3030 1418 3180 1490 [242]
3215 1419 3300 1471 ἵνα
3326 1419 3471 1487 ἡμᾶς
3506 1414 3771 1486 σωφρονί-

2204 1524 2361 1561 σωσι.
2398 1508 2687 1580 Πόρρωθεν
2720 1507 2920 1577 φεῦγε·
2971 1507 3071 1560 οὐκ
3114 1505 3228 1558 ἔστι
3260 1504 3416 1558 τοῦτο
3448 1502 3607 1574 μόνον
3646 1502 3770 1572 φιλ-

2204 1598 2458 1668 αργυρία,
2514 1598 2573 1650 τὸ
2623 1597 2831 1650 πολλῶν
2859 1597 3008 1668 ὲρᾷν,
3051 1593 3189 1647 ἀλλὰ
3210 1594 3271 1646 τὸ
3310 1593 3447 1655 ὅλως
3476 1590 3772 1662 χρημάτων

2205 1685 2357 1755 ἐρᾷν.
2386 1684 2719 1755 Φιλαργυρία
2748 1684 2915 1754 δεινὴ,
2944 1683 3006 1735 τὸ
3034 1682 3194 1734 πλέον
3220 1680 3319 1750 τῆς
3345 1679 3534 1750 χρείας
3576 1679 3769 1731 αίτεῖν.

2205 1773 2296 1841 Μὴ
2348 1772 2457 1843 γὰρ
2486 1773 2725 1826 τάλαντα
2776 1769 2978 1841 χρυσοῦ
3024 1764 3093 1840 ἦν
3133 1768 3255 1821 τότε
3290 1766 3359 1821 τὰ
3397 1766 3656 1819 πείσαντα
3680 1764 3772 1817 τὸν

2204 1858 2509 1929 προδότην;
2543 1859 2847 1928 Τρίακσντα
2882 1852 3022 1928 ἦσαν
3050 1855 3308 1927 ἀργύρια·
3359 1853 3650 1925 τριάκοντα
3673 1852 3772 1923 ἀρ-

2204 1947 2407 2017 γυρίων
2438 1947 2713 2017 προέδωκε
2745 1946 2835 2001 τὸν
2858 1946 3153 2017 Δεσπότην.
3176 1939 3323 2016 ’Ἄρα
3360 1942 3659 2013 μέμνησθε,
3682 1942 3773 1994 ὅτε

2204 2033 2389 2103 ἔλεγον
2419 2035 2525 2104 πρὸ
2554 2034 2765 2099 τούτου,
2785 2034 2866 2087 ότι
2895 2034 2996 2087 οὐκ
3026 2034 3085 2086 ἐν
3112 2031 3191 2101 τῷ
3218 2030 3518 2100 λαμϐάνειν
3544 2028 3713 2082 πολλὰ
3735 2028 3771 2099 ἡ

2206 2121 2487 2187 πλεονεξία
2518 2121 2810 2185 δείκνυται,
2848 2120 2985 2175 ἀλλὰ
3032 2118 3211 2189 πολλῷ
3240 2118 3437 2188 μᾶλλον
3470 2119 3528 2169 ἐν
3557 2116 3633 2187 τῷ
3672 2116 3777 2168 ὀλί-

2205 2225 2313 2277 γα;
2349 2209 2480 2261 Ἰδοὺ
2509 2210 2633 2262 ὅσον
2656 2208 2822 2261 κακὸν
2846 2200 2999 2271 οὗτος
3030 2206 3323 2277 εἰργάσατο
3352 2204 3417 2257 δι’
3437 2204 3616 2270 ὀλίγον
3644 2219 3777 2274 χρυ-

2208 2295 2350 2347 σίον·
2390 2294 2589 2364 μᾶλλον
2618 2294 2675 2347 δέ
2714 2294 2775 2347 ού
2824 2293 2910 2347 διὰ
2954 2292 3191 2364 χρυσίον,
3229 2291 3362 2345 ἀλλά
3413 2292 3480 2344 δι’
3515 2288 3773 2361 ἀργύρια.

2207 2382 2321 2433 Οὐκ
2372 2382 2540 2446 ἔστιν,
2572 2381 2673 2433 οὐκ
2722 2381 2868 2434 ἔστιν
2907 2381 3076 2451 ἄνδρα
3111 2379 3444 2450 φιλάργυρον
3477 2378 3607 2431 ίδεῖν
3644 2392 3775 2429 ποτε

2204 2468 2299 2521 τοῦ
2344 2468 2579 2538 Χριστοῦ
2604 2468 2665 2521 τὸ
2709 2468 2999 2539 πρόσωπον
3021 2485 3036 2499 ·
3077 2468 3135 2520 ἓν
3157 2467 3263 2521 τῶν
3292 2467 3567 2520 ἀδυνάτων
3594 2463 3773 2518 τοῦτο.

2216 2555 2371 2619 Ῥίζα
2398 2556 2516 2608 ἐστὶ
2537 2555 2645 2609 τῶν
2674 2556 2883 2611 κακῶν.
2908 2556 2967 2609 Εἰ
2996 2555 3053 2609 δέ
3083 2556 3142 2609 ἐν
3166 2573 3250 2618 τις
3278 2554 3415 2624 ἔχων
3460 2552 3650 2617 κακὸν,
3683 2551 3777 2605 ἐκ·

2206 2642 2397 2696 πίπτει
2440 2643 2538 2713 τῆς
2570 2641 2727 2712 δόξης
2758 2642 2993 2713 ἐκείνης,
3018 2644 3047 2695 6
3070 2642 3169 2713 τὴν
3206 2641 3359 2712 ρίζαν
3387 2638 3777 2710 ἐπιφερόμενος

2208 2731 2312 2784 ποῦ
2342 2732 2637 2801 στήσεται;
2676 2731 2791 2783 υύκ
2830 2729 2945 2783 ἐστι
2973 2730 3063 2783 τὸν
3089 2731 3385 2800 χρημάτων
3413 2728 3540 2781 δντα
3569 2726 3776 2791 δοῦλον,

2206 2819 2390 2873 δοῦλον
2422 2815 2561 2873 εἶναι
2588 2816 2825 2890 Χριστοῦ
2860 2819 3099 2886 γνήσιον.
3125 2817 3295 2879 Αὐτὸς
3322 2818 3349 2869 ὀ
3390 2814 3624 2886 Χριστὸς
3669 2814 3779 2867 ἀπ-

2208 2909 2466 2978 εφήνατο,
2514 2907 2597 2960 ότι
2642 2906 2705 2959 τὸ
2752 2908 2985 2977 πρᾶγμα
3036 2906 3327 2959 ἀδύνατον·
3379 2905 3461 2957 Οὐ
3489 2902 3779 2966 δύνασθε,

2209 2995 2365 3064 φησὶ,
2397 2993 2518 3059 Θεῷ
2541 2994 2858 3047 δουλεύειν
2886 2992 2985 3047 καί
3014 2990 3282 3061 μαμωνᾷ·
3318 2987 3648 3053 καὶ,οὺδεὶς
3674 2986 3780 3040 δύ-

2208 3099 2381 3136 ναται
2406 3082 2547 3135 δυσὶ
2586 3082 2816 3147 κυρίοις
2853 3080 3188 3133 δουλεύειν.
3241 3077 3487 3130 Ἐναντία
3524 3074 3634 3145 γάρ
3659 3076 3782 3127 ἐπι-

2208 3170 2511 3223 τάττουσιν.
2546 3169 2604 3221 Ὀ
2627 3168 2858 3237 Χριστὸς
2902 3167 3072 3233 λέγει,
3104 3164 3289 3217 Φείδου
3320 3162 3426 3215 τῶν
3446 3161 3778 3231 πενομένων·

2210 3256 2239 3308 6
2282 3258 2546 3326 μαμωνᾶς
2574 3257 2743 3323 λέγει,
2802 3253 3095 3306 Ἀπόδυσον
3128 3252 3221 3303 καὶ
3246 3249 3385 3303 αὐτὰ
3414 3248 3449 3302 ἃ
3476 3248 3690 3317 ἔχουσιν
3710 3263 3722 3275 ·
3751 3245 3783 3297 6

2212 3343 2447 3415 Χριστὸς
2475 3345 2645 3411 λέγει,
2680 3342 2930 3396 Κένωσον
2954 3340 3097 3409 άπερ
3125 3337 3268 3409 ἔχεις
3289 3352 3301 3365 ·
3328 3338 3358 3388 6
3395 3336 3659 3407 μαμωνᾶς
3692 3332 3782 3385 λέ-

2211 3449 2319 3499 γει,
2342 3430 2486 3484 Λάϐε
2513 3431 2607 3483 καὶ
2638 3430 2778 3499 άπερ
2807 3428 3016 3498 ἔχουσιν
3037 3438 3087 3480 ι.

2287 3518 2360 3584 ς’.
2376 3516 2526 3580 Εἶδες
2546 3515 2877 3576 ἐναντίωσιν,
2892 3508 3029 3575 εἶδες
3045 3510 3173 3563 πόλε
3182 3528 3302 3580 μον;
3320 3508 3581 3561 Βούλεσθε
3599 3506 3784 3571 δείξω-

2218 3625 2317 3678 μεν
2341 3606 2456 3668 πῶς
2476 3606 2536 3658 ού
2566 3602 2788 3657 δύναταί
2808 3620 2891 3664 τις
2916 3598 3238 3670 ἀμφοτέρων
3257 3596 3451 3667 ῥᾳδίως
3465 3594 3783 3658 ὑπακούειν⁹

2219 3693 2337 3747 ἀλλ’
2374 3693 2489 3755 ἐνὸς
2535 3691 2615 3743 δεῖ
2648 3690 3090 3758 καταφρονῆσαι;
3124 3685 3156 3755 ἦ
3204 3684 3264 3736 οὐ
3292 3683 3372 3734 δεῖ
3391 3682 3551 3748 λόγου
3578 3700 3591 3748 ;
3617 3681 3781 3747 ’Πῶςς

2228 3778 2316 3831 Ἑν
2339 3780 2451 3840 τοῖς
2479 3777 2662 3848 ἐργοις
2703 3776 2801 3846 οὐχ
2833 3773 3047 3845 δρῶμεν
3093 3770 3268 3834 τοῦτο,
3293 3769 3383 3822 τὸν
3422 3767 3656 3837 Χριστὸν
3686 3769 3787 3838 μὲν

2217 3866 2745 3935 καταφρονούμενον,
2800 3863 2891 3915 τὸν
2958 3861 3015 3914 δὲ
3093 3860 3358 3931 μαμωνᾶν
3442 3856 3781 3927 τιμώμενον;

2233 3952 2422 4024 Ὁρᾶτε
2456 3953 2572 4016 πῶς
2622 3948 2809 4004 καὶτὰ
2836 3949 3056 4019 ῥήματα
3086 3946 3355 4016 φορτικὰς
3392 3944 3544 4013 πόσῳ
3584 3942 3787 4014 μᾶλλον

2219 4041 2288 4094 τά
2316 4041 2651 4110 πράγματα;
2699 4036 2838 4089 Ἀλλ’
2878 4036 2971 4087 ἐπὶ
3008 4031 3117 4086 τῶν
3140 4033 3476 4103 πραγμάτων
3505 4031 3566 4083 ού
3597 4029 3786 4097 φαίνε-

2218 4146 2310 4183 ται
2349 4125 2583 4196 φορτικά
2628 4124 2850 4194 ὁμοίως,
2887 4120 3072 4190 ἐπειδὴ
3114 4119 3192 4189 τῷ
3223 4118 3384 4172 πάθει
3418 4116 3781 4187 κατεχόμεθα.

2219 4215 2334 4268 Νῦν
2376 4214 2473 4283 μὲν
2502 4210 2609 4281 γὰρ
2643 4210 2745 4263 κᾶν
2773 4207 2951 4275 ὀλίγον
3046 4206 3420 4277 καθαρεύουσα
3450 4202 3545 4256 τοῦ
3579 4202 3785 4267 πάθους

2220 4305 2254 4373 ή
2275 4301 2441 4372 ψυχὴ,
2461 4301 2565 4362 ἓως
2595 4299 2660 4353 ἂν
2690 4296 2927 4351 ἐνταῦθα
2956 4295 3187 4365 ἑστήκῃ,
3210 4294 3433 4347 δύναται
3471 4291 3676 4362 κρίνειν
3700 4292 3788 4362 ὀρ-

2222 4390 2357 4452 θῶς·
2397 4390 2512 4440 ἐκεῖ
2537 4387 2593 4440 δὲ
2621 4383 2953 4447 ἀπελθοῦσα,
2977 4382 3072 4435 καὶ
3096 4380 3492 4450 κατασχεθεῖσα
3516 4378 3593 4447 τῷ
3616 4396 3784 4447 πυρε-

2219 4477 2319 4548 τῷ,
2352 4478 2447 4530 καὶ
2475 4478 2534 4528 ἐν
2558 4477 2624 4545 τῇ
2656 4474 2817 4543 ἡδονῇ
2849 4470 2945 4525 τοῦ
2995 4470 3319 4541 πράγματος
3358 4468 3644 4537 γενομένη,
3684 4467 3786 4521 οὐκ

2221 4565 2335 4634 ἔχει
2367 4561 2604 4633 καθαρὸν
2647 4559 2710 4613 τὸ
2739 4560 3040 4630 κριτήριον,
3073 4558 3175 4609 οὑκ
3212 4555 3324 4624 ἔχει
3353 4554 3415 4607 τὸ
3440 4554 3786 4625 δικαστήριον

2220 4651 2516 4705 ἀδέκαστον
2537 4665 2552 4677 ·
2587 4649 2615 4700 6
2644 4645 2879 4717 Χριστός
2923 4659 3107 4713 φησιν,
3142 4642 3277 4694 Ἐὰν
3299 4640 3383 4709 μή
3435 4656 3526 4705 τις
3563 4638 3786 4692 ἀποτά-

2224 4739 2398 4805 ξητιιι
2448 4735 2638 4790 πᾶσιν
2686 4731 2871 4785 αὑτοῦ
2918 4728 3042 4795 τοῖς
3070 4726 3468 4801 ὑπάρχουσιν,
3499 4726 3608 4779 οὐκ
3655 4723 3789 4777 ἐστι

2219 4842 2337 4895 μου
2365 4819 2667 4893 μαθητής·
2703 4820 2730 4872 ὀ
2770 4817 3037 4888 μαμωνᾶς
3062 4830 3216 4884 φησι,
3238 4812 3385 4866 Λάϐε
3412 4813 3519 4865 άπὸ
3550 4809 3643 4863 τοῦ
3665 4827 3785 4862 πει-

2224 4912 2423 4974 νῶντος
2452 4909 2541 4962 τὸν
2588 4908 2786 4977 ἄρτον·
2842 4906 2871 4957 6
2930 4904 3165 4973 Χριστὸς
3194 4900 3363 4969 λέγει,
3412 4897 3676 4970 Περίϐαλε
3696 4895 3789 4949 τὸν

2226 4994 2431 5065 γυμνόν
2452 5010 2465 5022 ·
2504 4984 2655 5051 οὗτος
2689 4988 2858 5055 λέγει,
2890 4987 2992 5039 Τὸν
3026 4984 3230 5055 γυμνὸν
3260 4982 3526 5036 ἀπόδυσον
3546 4999 3561 5014 ·
3599 4983 3627 5034 6
3655 4982 3792 5050 Χρι-

2230 5083 2351 5145 στὸς
2394 5079 2561 5147 λέγει,
2595 5075 2702 5129 Τοῦ
2754 5074 3070 5144 σπέρματός
3118 5089 3210 5125 σου
3236 5071 3362 5133 τοὺς
3417 5069 3648 5132 οἰκείους
3692 5070 3792 5138 οὐχ

2228 5168 2491 5240 ὑπερόψει
2514 5182 2525 5197 ·
2560 5166 2588 5217 6
2634 5163 2897 5234 μαμωνᾶς
2925 5160 3094 5228 λέγει,
3128 5158 3238 5211 Οὐκ
3287 5156 3527 5227 ὲλεήσεις
3546 5157 3671 5218 τοὺς
3716 5157 3796 5208 oi-

2228 5258 2407 5318 κείους
2435 5254 2528 5307 τοῦ
2562 5249 2874 5322 σπέρματός
2926 5265 3043 5312 σου,
3093 5246 3227 5299 ἀλλά
3255 5244 3356 5297 κᾶν
3407 5244 3617 5315 μητέρα
3655 5243 3793 5316 ἴδῃς,

2229 5345 2334 5397 κᾶν
2362 5340 2591 5412 πατέρα,
2624 5336 2973 5407 καταφρόνει.
3028 5334 3137 5386 Καὶ
3183 5332 3235 5385 τί
3288 5332 3430 5400 λέγω
3462 5332 3673 5401 πατέρα
3701 5333 3797 5384 καὶ

2234 5429 2478 5501 μητέρας
2510 5426 2603 5478 καὶ
2630 5424 2727 5495 τὴν
2749 5420 2942 5476 σαυτοῦ
2974 5420 3167 5491 ψυχὴν,
3198 5420 3293 5473 καὶ
3317 5418 3521 5489 ταύτην
3536 5418 3792 5472 ἀπόλλυε·

2294 5644 2320 5673 ⁸
2345 5642 2425 5692 Sic
2442 5639 2786 5702 Coislinianus,
2811 5644 2959 5702 atque
2982 5636 3049 5688 ita
3088 5634 3214 5699 legit
3239 5636 3504 5701 interpres.
3537 5634 3687 5693 Edili,
3717 5634 3799 5682 καὶ

2232 5706 2350 5768 ἅπερ
2373 5704 2461 5753 οὐκ
2484 5705 2620 5766 ἔχεις.
