4108 6410
324 336 431 392 aes

326 461 433 508 tem
465 458 765 506 tortuosum
792 453 849 502 et
869 442 1108 516 aspidem
1139 441 1335 513 ubique
1364 441 1538 512 ipsum
1570 448 1746 494 vocat.
1770 439 1903 494 Tor—

326 556 477 600 tuosa
496 543 638 598 enim
660 555 724 596 ac
748 540 891 595 varia
918 539 1109 604 bestia,
1128 552 1245 607 qua:
1263 536 1465 606 magnis
1488 534 1655 605 pollet
1673 534 1902 589 viribus:

324 637 504 692 omnia
535 641 735 699 movet,
763 632 941 687 omnia
971 631 1148 685 turbat
1168 671 1183 696 ,
1213 629 1391 683 omnia
1416 642 1626 682 sursum
1653 640 1715 681 ac
1742 624 1903 680 deor-

323 746 441 786 sum
464 730 592 800 agit.
614 727 811 782 Verum
832 740 897 780 ne
924 724 1177 785 timeatis,
1211 737 1276 776 ne
1303 721 1537 775 animum
1566 717 1903 787 despondea-

325 822 394 875 tis
430 838 443 875 :
477 827 678 873 tantum
708 816 947 885 vigilate,
974 823 1029 869 et
1056 814 1159 867 erit
1189 821 1246 866 ut
1287 811 1624 882 passerculus
1659 827 1671 863 :
1700 808 1904 863 Calcate

320 913 461 968 enim
482 953 497 977 ,
525 910 697 980 inquit
728 948 745 974 ,
777 923 934 978 supra
960 913 1213 975 serpentes
1239 914 1285 959 et
1310 904 1620 973 scorpiones.
1654 901 1827 964 Illum,
1854 900 1899 954 si

326 1004 678 1065 voluerimus,
705 1000 823 1069 ejus
845 1014 949 1068 ope
976 998 1174 1052 nostris
1199 995 1420 1064 pedibus
1447 993 1899 1049 conculcabimus.

395 1097 450 1151 5.
494 1093 627 1150 Vide
658 1094 838 1163 igitur,
871 1106 1030 1162 quam
1064 1089 1375 1152 ridiculum,
1396 1088 1483 1142 vel
1515 1088 1695 1157 potius
1736 1101 1899 1153 quam

323 1189 583 1243 miserum
609 1184 681 1241 sit
705 1199 850 1248 eum,
875 1183 967 1253 qui
996 1181 1149 1237 nobis
1173 1181 1328 1235 datus
1357 1189 1441 1235 est
1464 1179 1531 1234 ad
1558 1178 1897 1244 calcandum,

323 1280 518 1335 intueri
543 1288 773 1333 stantem
798 1291 956 1346 supra
985 1284 1146 1344 caput
1167 1283 1432 1328 nostrum.
1460 1270 1743 1338 Quomodo
1772 1285 1900 1325 vero

320 1373 424 1426 hoc
451 1370 547 1425 lit?
572 1371 612 1424 A
647 1369 802 1424 nobis
827 1386 841 1421 :
871 1368 915 1422 si
939 1381 1037 1422 nos
1061 1366 1310 1429 velimus,
1341 1380 1562 1435 magnus
1582 1374 1697 1427 est;
1733 1364 1777 1417 si
1805 1377 1901 1417 nos

322 1462 576 1525 velimus,
607 1474 804 1531 parvus
832 1458 907 1512 fit.
953 1458 1008 1514 Si
1043 1459 1207 1513 nostri
1239 1457 1478 1525 ipsorum
1523 1470 1705 1510 euram
1747 1468 1903 1524 gera-

320 1568 461 1614 mus,
486 1563 797 1621 stcmusque
829 1565 931 1604 una
956 1565 1077 1605 cum
1113 1549 1260 1619 Rege
1285 1557 1490 1611 nostro,
1522 1545 1789 1601 contrahit
1814 1559 1895 1611 se,

324 1661 387 1701 ac
418 1646 587 1700 nihilo
617 1645 737 1714 plus
780 1657 947 1713 parvo
992 1641 1194 1696 infante
1224 1642 1277 1695 in
1311 1654 1482 1710 pugna
1506 1638 1763 1693 adversus
1800 1650 1897 1691 nos

323 1748 499 1806 potest
527 1755 539 1790 :
586 1737 668 1790 sin
710 1752 738 1789 a
770 1734 914 1803 Rege
944 1731 1354 1795 desciverimus,
1381 1730 1536 1784 valde
1566 1737 1758 1798 turget,
1789 1727 1896 1781 fre-

320 1829 437 1893 mit,
468 1828 659 1883 dentes
687 1825 864 1889 acuit;
895 1825 1091 1894 quippe
1116 1823 1208 1893 qui
1242 1836 1340 1876 nos
1361 1836 1554 1890 magno
1584 1821 1673 1875 illo
1701 1819 1897 1873 auxilio

321 1922 606 1977 destitutos
649 1928 837 1973 nactus
878 1916 1077 1971 fuerit:
1112 1931 1219 1971 non
1266 1915 1407 1970 enim
1443 1913 1765 1985 aggreditur,
1795 1912 1894 1967 nisi

322 2010 627 2082 permiserit
669 2012 829 2064 Deus.
858 2008 991 2062 Nam
1020 2008 1063 2061 si
1093 2007 1146 2061 in
1175 2021 1460 2075 porcorum
1502 2020 1718 2075 gregem
1749 2005 1897 2058 inva-

320 2106 450 2160 dere
469 2117 633 2157 ausus
663 2116 769 2155 non
794 2109 897 2164 est,
920 2099 1027 2153 Deo
1054 2112 1160 2153 non
1192 2098 1566 2167 permittente;
1596 2096 1766 2151 multo
1791 2095 1895 2152 mi-

319 2212 419 2250 nus
450 2197 503 2249 in
533 2194 738 2248 animas
769 2192 1045 2245 hominum
1072 2208 1085 2243 :
1119 2190 1382 2260 permittit
1420 2198 1596 2243 autem
1649 2188 1787 2243 Deus
1812 2186 1897 2243 vel

318 2287 593 2349 erudiens,
619 2285 703 2338 vel
733 2298 945 2353 poenam
974 2282 1219 2351 exigens,
1248 2280 1332 2335 vel
1373 2279 1634 2336 clariores
1670 2278 1893 2335 faciens.

324 2378 479 2432 Vides
508 2377 656 2431 illum
689 2391 794 2429 non
823 2373 1039 2444 aggredi
1063 2372 1166 2427 Job
1192 2386 1366 2441 neque
1391 2371 1593 2426 audere
1617 2370 1894 2435 accedere,

320 2472 412 2524 sed
438 2478 678 2522 metuere
717 2477 876 2537 atque
903 2465 1177 2521 tremere?
1225 2466 1293 2519 Et
1332 2463 1459 2534 quid
1488 2464 1610 2518 dico
1650 2463 1718 2517 de
1756 2462 1899 2517 Job?

318 2576 439 2615 nam
472 2560 523 2613 in
552 2558 742 2613 .indam
790 2556 1045 2610 invadens
1072 2571 1177 2609 non
1209 2563 1333 2608 ante
1377 2562 1546 2608 totum
1595 2553 1896 2623 apprchen-

318 2652 445 2706 dere
492 2649 728 2720 atquein
772 2648 943 2717 ipsum
980 2647 1181 2717 ingredi
1211 2661 1374 2700 ausus
1401 2655 1504 2708 est,
1536 2661 1694 2715 quam
1745 2646 1896 2699 illum

315 2739 563 2797 Christus
592 2757 621 2795 a
649 2756 805 2796 sacro
834 2740 1001 2795 choro
1030 2743 1366 2794 secrevisset.
1397 2738 1745 2793 Extrinsecus
1772 2738 1895 2807 qui-

316 2835 435 2889 dem
462 2847 585 2888 tunc
606 2833 864 2897 tentabat,
885 2832 981 2887 sed
1012 2832 1154 2884 intus
1180 2832 1478 2900 irrumpere
1503 2846 1608 2884 non
1630 2830 1892 2887 audebat:

318 2934 597 2995 postquam
657 2938 788 2978 vero
833 2938 861 2975 a
913 2937 1067 2975 sacro
1120 2922 1213 2975 illo
1253 2936 1414 2991 grege
1468 2921 1763 2976 abscissum
1814 2922 1896 2976 vi—

316 3016 416 3082 dit,
447 3015 634 3085 quovis
661 3014 785 3084 lupo
831 3012 1199 3067 vehementius
1239 3012 1496 3079 impetum
1527 3012 1689 3078 fecit;
1723 3027 1896 3083 neque

316 3117 440 3163 ante
480 3106 705 3170 destitit,
746 3121 905 3175 quam
954 3104 1104 3159 illum
1150 3103 1349 3174 duplici
1399 3114 1571 3159 morte
1614 3113 1892 3159 mactaret.

317 3200 442 3255 limo
461 3199 527 3254 ad
554 3210 793 3254 nostram
824 3196 1184 3253 eruditionem
1212 3206 1336 3252 sunt
1361 3198 1579 3267 scripta.
1610 3197 1741 3252 Nam
1768 3197 1898 3268 quid

316 3293 454 3347 lucri
484 3292 553 3346 sit
580 3290 794 3344 novisse
817 3287 1112 3351 Christum,
1142 3288 1210 3343 ab
1241 3303 1348 3343 uno
1376 3304 1442 3344 ex
1470 3288 1751 3345 duodecim
1776 3304 1896 3344 esse

317 3383 585 3454 proditum
600 3384 626 3434 ?
641 3380 829 3451 ecquid
854 3381 1224 3445 emolumenti,
1240 3395 1406 3451 ecqua
1430 3380 1665 3435 utilitas?
1684 3380 1892 3451 Magna,

318 3475 678 3545 respondebo.
705 3474 918 3529 Etenim
945 3488 1066 3527 cum
1096 3472 1464 3538 didicerimus,
1490 3487 1592 3541 qua
1619 3472 1710 3526 ille
1733 3487 1895 3527 causa

317 3568 578 3638 impulsus
619 3568 720 3621 hoc
754 3566 969 3621 exitiale
994 3565 1274 3619 consilium
1320 3564 1557 3633 ceperit;
1588 3564 1897 3619 cavebimus

320 3660 444 3729 ipsi,
470 3674 535 3713 ne
555 3658 622 3713 ab
644 3656 827 3713 eadem
860 3671 958 3710 nos
984 3670 1195 3724 quoque
1221 3654 1543 3711 auferamur.
1561 3653 1713 3710 Unde
1740 3656 1898 3725 igitur

320 3753 410 3807 ille
440 3752 544 3806 huc
590 3766 649 3806 se
689 3748 956 3805 contulit?
1000 3749 1080 3803 Ex
1110 3747 1369 3802 avaritia:
1413 3747 1499 3801 fur
1528 3754 1665 3812 erat,
1695 3756 1749 3802 et
1796 3746 1899 3802 hoc

320 3842 512 3897 morbo
540 3842 613 3895 ita
639 3842 822 3895 ebrius
851 3839 973 3905 fuit,
997 3847 1055 3892 ut
1076 3839 1291 3910 triginta
1323 3837 1590 3908 argenteis
1615 3838 1897 3893 Dominum

320 3931 774 4004 prodiderit.Quid
790 3931 890 3985 hae
906 3932 1109 3985 insania
1126 3929 1398 3985 deterius?
1414 3929 1552 3984 Nihil
1572 3945 1667 4000 par
1677 3930 1726 3984 ei
1739 3946 1896 4001 quem

323 4024 562 4088 tradidit,
593 4023 723 4077 nihil
753 4022 883 4077 tanti
915 4039 929 4075 :
960 4023 1044 4076 cui
1072 4030 1261 4092 gentes
1283 4022 1328 4077 si
1354 4020 1719 4088 conferantur,
1748 4023 1899 4092 quasi

324 4115 550 4171 nihilum
594 4122 854 4184 reputata:
883 4122 1009 4166 sunt
1035 4113 1083 4167 ei
1117 4111 1271 4183 (ηαξ.
1297 4112 1389 4183 40)
1428 4130 1445 4167 :
1488 4112 1632 4168 hunc
1686 4112 1899 4183 triginta

323 4206 592 4276 argenteis
617 4202 871 4274 prodidit.
891 4202 1083 4258 Gravis
1105 4203 1247 4257 enim
1268 4211 1352 4257 est
1374 4204 1618 4258 avaritia:
1638 4204 1899 4276 tyrannis,

325 4311 548 4367 quaeque
572 4297 805 4349 animam
844 4294 911 4349 de
955 4309 1055 4349 suo
1093 4303 1232 4348 statu
1264 4293 1549 4350 deturbare
1573 4304 1755 4365 queat.
1783 4294 1899 4351 Non

327 4387 547 4457 perinde
574 4386 693 4456 quis
719 4400 786 4441 ex
811 4385 1073 4440 ebrietate
1100 4385 1324 4440 demens
1352 4385 1616 4451 redditur,
1650 4396 1809 4457 atque
1834 4402 1901 4442 ex

327 4478 577 4541 avaritia;
610 4492 714 4531 non
758 4493 907 4546 aeque
946 4492 1012 4531 ex
1052 4476 1259 4531 insania
1291 4492 1353 4531 ac
1376 4487 1618 4547 stupore,
1650 4487 1809 4548 atque
1835 4494 1902 4533 ex

327 4568 532 4637 argenti
554 4567 865 4637 cupiditate.
899 4566 1102 4636 Ecquid
1133 4566 1277 4623 enim
1305 4567 1451 4621 alid
1477 4582 1654 4622 causa:
1677 4569 1790 4634 fuit,
1816 4569 1903 4624 dic

327 4662 481 4723 mihi,
508 4669 565 4714 ut
588 4660 886 4730 proderes?
932 4658 1233 4715 Obscurum
1264 4670 1427 4730 atque
1454 4662 1694 4731 ignotum
1726 4671 1780 4717 te
1808 4677 1903 4717 vo-

328 4753 487 4818 cavit,
524 4767 794 4823 unumque
832 4768 899 4807 ex
938 4751 1219 4807 duodecim
1250 4752 1421 4807 fecit:
1457 4753 1756 4807 doctrinam
1804 4754 1905 4807 im-

330 4845 563 4914 pertivit,
611 4843 1019 4899 innumerabilia
1067 4843 1206 4898 bona
1248 4844 1514 4913 promisit,
1546 4853 1605 4898 ut
1646 4846 1903 4900 miracula

330 4936 520 4991 ederes
565 4934 742 4990 effecit
774 4953 788 4989 :
829 4948 1051 4999 mensae,
1086 4933 1366 4999 itinerum,
1415 4935 1687 5005 colloquii,
1716 4946 1907 4990 contu-

330 5028 526 5093 bernii,
546 5043 725 5082 rerum
747 5027 983 5080 omnium
1010 5041 1160 5095 atque
1182 5040 1247 5081 ac
1265 5027 1445 5081 caeteri
1469 5027 1737 5096 particeps
1763 5043 1905 5083 eras.

335 5119 584 5175 llaeccine
601 5118 740 5173 satis
760 5132 865 5172 non
895 5118 1111 5172 fuerunt
1141 5132 1262 5187 qua:
1291 5126 1344 5173 te
1364 5118 1718 5173 cohiberent?
1749 5134 1905 5189 quam

332 5213 493 5281 igitur
512 5210 583 5264 ob
606 5224 822 5263 causam
852 5207 1176 5278 prodidisti?
1206 5208 1335 5278 quid
1362 5208 1585 5271 habens,
1608 5210 1748 5279 quod
1779 5225 1910 5280 que-

332 5302 488 5364 raris,
511 5300 775 5355 sceleste?
802 5299 889 5355 vel
927 5300 1104 5369 potius
1126 5299 1377 5369 qnoniam
1400 5298 1663 5354 beneficio
1689 5300 1909 5354 affectus

333 5410 439 5448 non
490 5394 703 5449 fueras?
743 5392 982 5448 Noverat
1028 5402 1262 5447 mentem
1317 5399 1498 5457 tuam;
1556 5407 1661 5447 non
1704 5392 1910 5447 desntit

334 5502 455 5556 qua:
482 5501 577 5543 sua
621 5494 775 5541 erant
816 5494 1100 5555 praestare;
1143 5499 1283 5555 saepe
1324 5484 1477 5549 dixit,
1513 5484 1660 5540 Unus
1685 5501 1749 5538 ea:
1773 5486 1911 5539 vobis

336 5577 499 5631 tradet
522 5594 602 5632 me
630 5576 846 5649 (Matth.
872 5577 964 5633 26.
992 5577 1123 5647 Si);
1166 5590 1312 5647 saepe
1340 5575 1566 5641 notavit,
1604 5591 1668 5632 ac
1698 5577 1791 5631 tibi
1834 5585 1913 5630 ta-

336 5682 460 5722 men
482 5669 760 5739 pepercit:
789 5675 846 5724 et
869 5682 990 5724 eum
1022 5667 1180 5723 talem
1217 5674 1268 5722 te
1290 5680 1416 5722 esse
1444 5667 1630 5733 sciret,
1650 5681 1717 5721 ex
1744 5668 1913 5722 choro

340 5774 445 5814 non
472 5757 661 5831 eiecit:
686 5758 862 5817 adhuc
889 5759 1117 5829 ferebat,
1144 5757 1319 5815 adhuc
1342 5766 1402 5815 ut
1424 5757 1722 5829 legitimum
1749 5768 1913 5829 atque

1209 326 1277 384 IN
1314 325 1531 383 EPIST.
1576 326 1664 380 AD
1705 324 1989 380 PHILIPP.
2028 322 2182 379 CAP.
2223 323 2286 378 Π.
2330 322 2555 378 HOMIL.
2598 323 2689 379 Vl.

3478 330 3585 386 2’20

2014 452 2179 490 unum
2235 452 2301 491 ex
2346 435 2651 501 duodecim,
2699 437 2769 491 ita
2816 435 3134 504 honorabat,
3183 439 3256 494 ita
3304 439 3581 511 diligebat.

2014 526 2271 596 Denique,
2304 540 2337 581 ο
2369 526 2574 581 scelus!
2630 527 2794 581 linteo
2823 529 2981 581 etiam
3021 538 3251 599 sumpto,
3280 532 3431 599 puris
3479 533 3585 587 illis

2012 620 2258 673 manibus
2289 622 2527 689 impuros
2572 620 2737 690 pedes
2782 631 2899 675 tuos
2930 622 3089 686 lavit;
3138 638 3311 693 neque
3342 624 3393 678 id
3420 625 3583 679 etiam

2013 718 2064 763 te
2092 710 2357 763 cohibuit.
2395 710 2682 765 Furabaris
2708 727 2791 774 ea,
2823 728 2938 781 qum
2963 728 3250 781 pauperum
3278 724 3465 780 erant;
3498 725 3582 769 at-

2010 817 2112 871 que
2144 803 2281 857 istud
2310 803 2494 870 etiam,
2516 820 2580 858 ne
2605 804 2669 857 ad
2695 805 2864 873 majus
2892 806 3104 875 aliquod
3130 807 3327 860 malum
3357 823 3582 877 progre-

2007 892 2213 949 dereris
2260 893 2466 948 ferebat
2505 912 2518 948 :
2564 896 2657 949 sed
2703 896 2833 949 nihil
2878 898 3114 950 animum
3157 905 3305 951 tuum
3337 900 3576 952 mutavit.

2008 982 2138 1038 Nam
2161 984 2369 1038 etiamsi
2393 983 2502 1039 fera
2517 987 2907 1052 esses,etiamsi
2935 988 3092 1055 lapis,
3109 1002 3283 1043 nonne
3305 988 3581 1045 beneficiis

2008 1073 2060 1127 in
2085 1084 2137 1129 te
2155 1075 2382 1139 collatis,
2404 1092 2579 1131 nonne
2609 1078 2896 1143 miraculis,
2917 1094 3093 1134 nonne
3119 1079 3357 1134 doctrina
3378 1081 3464 1133 illa
3486 1083 3580 1136 lle-

2005 1168 2076 1221 eti
2106 1176 2159 1222 te
2186 1169 2504 1238 oportebat?
2529 1169 2723 1224 Verum
2758 1186 2923 1241 usque
2945 1172 3080 1226 adeo
3099 1172 3375 1228 efferatum
3408 1174 3582 1229 adhuc

2006 1259 2250 1326 vocabat,
2278 1269 2331 1316 et
2352 1262 2610 1316 mirandis
2637 1263 2888 1332 cperibus
2917 1263 3204 1330 alliciebat,
3228 1267 3471 1335 quamvis
3501 1267 3579 1320 Ia-

2006 1350 2155 1420 pides
2188 1352 2331 1422 ipsos
2359 1354 2625 1409 vacuitate
2664 1370 2855 1409 sensus
2890 1370 3246 1424 exsuperares
3281 1375 3294 1411 :
3326 1357 3418 1412 sed
3450 1358 3579 1414 nihil

2004 1442 2195 1496 horum
2224 1442 2343 1509 fuit,
2376 1444 2515 1512 quod
2540 1456 2593 1499 te
2612 1446 2887 1499 meliorem
2915 1445 3181 1501 redderet.
3206 1447 3449 1502 Forsitan
3479 1449 3579 1502 mi-

2004 1534 2195 1588 ramini
2218 1544 2416 1589 tantam
2447 1536 2736 1605 proditoris
2752 1539 3065 1594 amentiam.
3082 1538 3275 1592 Metnm
3296 1539 3453 1608 igitur
3481 1555 3576 1592 vo—

2003 1625 2083 1680 bis
2108 1627 2329 1682 incutiat
2362 1629 2503 1682 illius
2529 1630 2722 1683 vulnus
2745 1648 2757 1683 :
2782 1630 2984 1700 argenti
3007 1630 3288 1700 cupiditas,
3324 1633 3577 1699 pecunia-

2005 1734 2119 1772 rum
2138 1734 2288 1775 amor
2310 1720 2468 1775 talem
2494 1720 2745 1777 reddidit.
2770 1722 2952 1777 Evelle
2975 1722 3116 1777 hunc
3141 1722 3421 1787 affectum;
3446 1724 3576 1777 tales

2001 1814 2146 1868 enim
2175 1815 2390 1868 morbos
2418 1816 2575 1886 parit,
2604 1816 2797 1884 impios
2822 1818 2943 1871 facit
2966 1833 2981 1870 :
3011 1826 3169 1887 atque
3186 1832 3278 1873 eos
3297 1834 3394 1873 nos
3412 1818 3579 1872 addu-

2000 1904 2096 1969 cit,
2129 1913 2187 1958 ut
2213 1906 2419 1959 etiamsi
2448 1908 2717 1961 sexcentis
2742 1908 3017 1963 beneﬁciis
3061 1908 3376 1975 afliciamnr,
3414 1912 3579 1966 Deum

2002 1994 2327 2064 ignoremus.
2361 1997 2561 2062 Evelle,
2588 1999 2813 2054 obsecro
2843 2017 2859 2054 :
2891 2015 2996 2053 non
3029 2010 3111 2054 est
3155 2001 3287 2056 levis
3334 2003 3577 2070 morbus,

2001 2094 2280 2141 sexcentas
2308 2088 2681 2143 acerbissimas
2702 2100 2902 2145 mortes
2928 2090 3120 2147 afferre
3147 2094 3315 2146 novit.
3338 2093 3580 2148 Vidinins

2001 2178 2151 2235 Indae
2176 2180 2425 2234 morbum
2461 2197 2475 2233 :
2505 2193 2807 2236 metuamus
2835 2197 2902 2236 ne
2931 2182 3029 2252 ipsi
3061 2198 3273 2253 quoque
3306 2185 3356 2236 in
3388 2185 3573 2239 eadem

2001 2268 2318 2324 incidamus.
2349 2269 2473 2324 ideo
2517 2272 2714 2341 scripta
2758 2282 2902 2337 sunt,
2931 2289 2995 2326 ne
3024 2274 3209 2327 iisdem
3239 2290 3335 2329 nos
3365 2291 3575 2345 quoque

1999 2361 2156 2416 malis
2180 2360 2475 2415 afliciamur
2506 2379 2522 2417 :
2551 2373 2833 2432 propterea
2860 2364 2928 2418 ab
2956 2366 3204 2420 omnibus
3232 2368 3573 2438 evangelistis

2000 2453 2053 2507 id
2083 2464 2351 2507 narratum
2381 2464 2480 2521 est,
2508 2466 2564 2509 ut
2584 2472 2682 2511 nos
2705 2458 3108 2527 temperantiam
3140 2458 3413 2514 docerent.
3445 2462 3576 2515 Pro-

2000 2546 2082 2599 cul
2114 2545 2235 2616 fuge
2258 2563 2270 2599 :
2298 2560 2403 2599 non
2429 2546 2529 2601 hoc
2546 2548 2717 2601 solum
2734 2550 2956 2602 avaritia
2978 2558 3078 2615 est,
3100 2551 3293 2607 multas
3322 2553 3579 2622 pecunias

2000 2651 2219 2707 cupere,
2252 2637 2348 2692 sed
2392 2639 2552 2693 etiam
2595 2642 2850 2709 pecunias
2879 2642 3097 2697 omnino
3138 2658 3355 2712 cupere.
3387 2645 3579 2700 Gravis

2000 2728 2219 2781 avaritia
2246 2738 2329 2783 est
2353 2729 2476 2798 plus
2503 2746 2745 2799 poscere,
2767 2748 3082 2802 quamopus
3105 2734 3189 2787 sit.
3214 2734 3345 2788 Num
3377 2737 3572 2792 talenta

1999 2819 2113 2871 auri
2160 2819 2393 2883 fuerunt,
2423 2836 2543 2890 qua:
2570 2822 2900 2890 proditorem
2945 2823 2997 2877 in
3042 2822 3179 2877 hanc
3212 2836 3441 2880 mentem
3474 2828 3571 2880 im-

1999 2908 2299 2976 pellerent?
2328 2909 2565 2979 Triginta
2599 2911 2772 2964 solum
2806 2914 3044 2981 argentei
3072 2930 3086 2966 :
3122 2914 3334 2983 triginta
3377 2932 3569 2985 argen-

2001 2999 2102 3054 teis
2127 3000 2302 3069 ipsum
2336 3002 2568 3070 prodidit
2610 3003 2917 3058 Dominum.
2964 3005 3046 3059 An
3078 3007 3332 3061 memoria
3381 3011 3580 3065 tenetis

2002 3091 2145 3161 quod
2169 3102 2325 3146 antea
2355 3091 2623 3158 dicebam,
2652 3094 3057 3149 immoderatam
3105 3098 3331 3153 habendi
3360 3103 3569 3170 cupidi-

2003 3191 2165 3236 tatem
2207 3197 2314 3237 non
2364 3184 2417 3237 in
2468 3197 2535 3239 eo
2578 3185 2751 3239 solum
2798 3202 2857 3240 se
2882 3187 3187 3252 ostendere,
3214 3191 3355 3260 quod
3384 3207 3576 3263 magna

2000 3274 2351 3343 accipiantur,
2376 3274 2473 3330 sed
2512 3275 2683 3347 magis
2710 3277 2870 3332 etiam
2897 3278 3037 3348 quod
3073 3281 3275 3350 parva?
3301 3282 3378 3336 En
3406 3299 3575 3354 quan.

2003 3371 2116 3417 tum
2146 3364 2323 3419 scelus
2349 3365 2451 3419 iste
2474 3366 2744 3421 commisit
2773 3368 3001 3436 paucula
3030 3385 3161 3423 auro
3181 3371 3462 3438 adductus,
3488 3375 3579 3429 vel

2002 3456 2182 3524 potius
2209 3471 2314 3511 non
2358 3472 2513 3521 auro,
2542 3457 2637 3512 sed
2684 3461 2976 3529 argenteis.
3005 3460 3185 3526 Nefas,
3221 3463 3371 3518 nefas
3421 3466 3581 3534 plane

2005 3554 2091 3601 est
2108 3545 2380 3602 hominem
2405 3563 2625 3602 avarum
2652 3565 2900 3620 umquam
2928 3551 3118 3606 intueri
3141 3553 3326 3608 faciem
3346 3553 3575 3612 Christi:

2002 3637 2104 3692 hoc
2127 3647 2212 3693 est
2243 3654 2407 3693 unum
2434 3656 2499 3694 ex
2532 3640 2620 3705 iis,
2651 3656 2770 3711 quze
2800 3642 2915 3695 fieri
2944 3644 3162 3698 minime
3188 3655 3427 3714 possunt.
3461 3647 3573 3702 Ra-

2001 3729 2092 3784 dix
2119 3731 2386 3785 malorum
2416 3740 2518 3786 est.
2542 3731 2695 3797 Quod
2723 3732 2770 3786 si
2794 3733 2881 3809 qui
2910 3733 2993 3788 vel
3021 3734 3111 3788 uni
3141 3735 3283 3790 malo
3309 3736 3580 3792 obnoxius

2003 3833 2105 3887 est,
2130 3824 2352 3893 gloriam
2386 3824 2527 3878 illam
2550 3825 2767 3889 amittit,
2786 3826 2906 3895 quis
2936 3826 3170 3883 radicem
3196 3829 3364 3898 ipsam
3393 3845 3574 3887 secum

2003 3915 2159 3971 aﬂ'ert
2192 3917 2282 3971 ubi
2306 3917 2700 3973 collocabitur?
2724 3918 2840 3973 Non
2867 3928 3048 3989 potest
3075 3923 3420 3990 pecuniarum
3465 3938 3578 3979 ser-

2003 4020 2107 4061 vus
2126 4021 2414 4077 germanus
2436 4022 2557 4064 esse
2577 4008 2773 4064 Christi
2801 4024 3008 4064 servus.
3036 4011 3283 4067 Christus
3316 4015 3429 4084 ipse
3456 4030 3578 4086 pro-

2004 4102 2273 4156 nuntiavit
2315 4117 2430 4157 rem
2470 4115 2590 4157 esse
2634 4102 2958 4171 hujusmodi,
2991 4119 3110 4173 qua:
3142 4116 3391 4162 constare
3433 4108 3583 4161 nullo

2005 4203 2161 4264 pacto
2203 4204 2382 4265 queat.
2408 4194 2530 4249 Non
2560 4197 2788 4265 potestis,
2812 4196 3003 4266 inquit,
3038 4196 3143 4250 Deo
3171 4199 3355 4252 servire
3398 4209 3443 4254 et
3469 4216 3581 4253 ma-

2006 4303 2191 4353 monae;
2209 4297 2283 4352 et,
2301 4286 2465 4342 Nemo
2483 4297 2638 4357 potest
2658 4288 2851 4342 duobus
2867 4289 3082 4342 dominis
3098 4291 3311 4359 servire(
3323 4290 3508 4345 Matth.
3526 4292 3579 4345 6.

2004 4380 2405 4451 24).Contraria
2422 4380 2563 4435 enim
2583 4379 2919 4449 praecipiunt:
2934 4379 3200 4443 Christus,
3216 4380 3586 4451 inquit,Parce

2009 4471 2362 4541 pauperibus;
2413 4485 2661 4524 mamona
2714 4470 2916 4541 inquit,
2950 4471 3096 4525 Exue
3144 4471 3266 4526 illos
3318 4470 3479 4526 etiam
3519 4473 3587 4527 iis

2008 4581 2126 4635 quae
2156 4565 2382 4619 habent:
2407 4562 2653 4619 Christus
2673 4563 2833 4627 dicit,
2856 4563 3079 4618 Ell'unde
3108 4579 3458 4633 quaecumque
3489 4565 3582 4618 ha-

2008 4656 2134 4719 bes;
2164 4670 2410 4709 mamona
2455 4654 2605 4721 dicit,
2640 4654 2712 4708 Ea
2743 4655 2904 4708 etiam
2933 4669 3065 4723 cape
3091 4672 3210 4725 qua:
3238 4656 3312 4710 illi
3364 4656 3583 4711 habent.

2081 4746 2135 4801 6.
2176 4744 2343 4799 Vides
2369 4760 2620 4815 pugnam,
2648 4744 2800 4799 vides
2844 4746 3086 4799 bellum?
3117 4746 3357 4801 Vultisne
3397 4758 3581 4803 ostenu-

2010 4834 2197 4890 damns
2226 4835 2495 4905 quomodo
2544 4836 2756 4906 utrique
2786 4850 2945 4890 nemo
2984 4836 3360 4906 obtemperare
3387 4848 3587 4908 potest,

2012 4926 2106 4980 sed
2133 4927 2360 4980 alterum
2381 4926 2956 4995 contemnatoportet?
2985 4943 3052 4981 an
3084 4942 3169 4982 res
3200 4927 3271 4982 ita
3301 4928 3586 4992 claraest,

2014 5029 2070 5071 ut
2095 5034 2201 5072 non
2230 5028 2382 5088 egeat
2408 5018 2689 5071 oratione?
2718 5017 3037 5085 Quomodo?
3063 5019 3256 5073 Annon
3284 5018 3386 5074 hoc
3414 5020 3593 5089 reipsa

2012 5112 2301 5177 cernimus,
2362 5110 2631 5165 Christum
2683 5109 2894 5180 quidem
2947 5111 3238 5175 contemni,
3285 5126 3589 5164 mamonam

2014 5220 2142 5259 vero
2166 5203 2313 5258 coli?
2337 5202 2560 5258 Sentitis
2584 5217 2742 5271 quam
2773 5202 2852 5255 vel
2885 5202 2998 5273 ipsa
3029 5202 3189 5256 verba
3221 5216 3409 5270 aspera
3438 5201 3587 5255 sint?

2014 5298 2165 5365 Quod
2211 5296 2258 5352 si
2284 5297 2469 5361 verba,
2502 5305 2702 5365 quanto
2734 5296 2902 5367 magis
2946 5309 3034 5349 res
3086 5294 3258 5364 ipsae?
3286 5293 3483 5347 Verum
3532 5294 3587 5347 in

2016 5392 2175 5446 rebus
2202 5406 2265 5445 ac
2290 5389 2444 5444 factis
2471 5404 2576 5442 non
2600 5403 2751 5458 aeque
2774 5398 2995 5457 apparet
3015 5389 3127 5456 ipsa
3151 5385 3428 5455 asperitas,
3453 5400 3591 5454 quo-

2016 5484 2158 5537 niam
2178 5497 2274 5537 nos
2297 5481 2517 5536 morbus
2542 5489 2786 5550 occupat.
2806 5479 2934 5533 Nam
2961 5494 3100 5533 nunc
3119 5478 3355 5547 quidem,
3380 5477 3593 5533 etiamsi

2018 5576 2121 5631 hoc
2136 5575 2329 5630 morbo
2351 5589 2455 5628 non
2478 5574 2699 5629 omnino
2722 5587 2851 5642 pura
2875 5572 2944 5627 sit
2962 5571 3161 5631 anima.
3183 5580 3359 5624 tamen
3387 5570 3512 5624 dum
3538 5571 3594 5623 in

2019 5667 2121 5722 hoc
2147 5666 2263 5736 ipso
2288 5673 2427 5720 statu
2458 5672 2672 5730 manet,
2704 5670 2882 5733 potest
2909 5671 3055 5716 recte
3077 5660 3317 5730 judicare
3341 5679 3355 5715 :
3383 5670 3430 5713 at
3463 5675 3589 5715 cum

2022 5758 2154 5815 febri
2171 5766 2415 5827 correpta
2437 5765 2608 5823 est,et
2632 5754 2684 5809 in
2708 5754 2822 5823 ipsa
2844 5753 2921 5808 rei
2943 5752 3214 5823 voluptate
3232 5762 3495 5819 versatur,
3512 5752 3592 5805 fa-
