4108 6410
515 246 619 303 227

515 361 771 418 eultatem
797 352 1067 427 judicandi
1095 353 1314 409 minime
1350 367 1535 422 puram
1564 350 1743 414 habet,
1770 362 1876 403 non
1914 346 2094 401 incor-

516 463 729 524 ruptum
758 450 1006 505 tribunal.
1027 446 1269 502 Christus
1293 446 1445 510 dicit,
1466 444 1581 498 Nisi
1607 443 1717 512 quis
1739 439 2098 494 renuntiaverit

515 542 769 608 omnibus,
796 557 908 613 qua
948 539 1187 611 possidet,
1216 555 1316 591 non
1350 547 1423 591 est
1450 551 1589 590 meus
1622 533 1903 601 discipulus
1943 530 2092 601 (Luc.

518 634 781 705 14.53);
828 646 1071 687 mamona
1130 630 1318 697 inquit,
1351 628 1511 696 Eripe
1560 624 1817 681 esurienti
1865 637 2093 692 panem:

516 728 758 783 Christus
790 724 940 789 dicit,
964 723 1109 777 Vesti
1142 721 1339 775 nudum
1364 736 1379 784 ;
1415 719 1499 773 hic
1524 732 1672 781 vero,
1698 715 1904 770 Nudum
1934 714 2095 769 etiam

516 834 687 875 exue:
718 817 967 872 Christus
991 814 1140 879 dicit,
1172 812 1505 866 Domesticos
1537 809 1756 863 seminis
1786 807 1856 861 tui
1902 821 1971 859 ne
1996 805 2095 860 de-

517 908 794 980 spexeris;
849 921 1095 961 mamona
1140 904 1349 973 inquit,
1403 900 1827 955 Domesticorum
1873 896 2096 951 seminis

518 1003 593 1056 tui
622 1017 691 1056 ne
728 998 1070 1061 miserearis;
1126 994 1334 1051 etiamsi
1364 1003 1586 1047 matrem
1629 991 1852 1057 videris,
1882 989 2092 1045 etiamsi

517 1104 742 1164 patrem,
771 1107 986 1162 sperne.
1046 1090 1111 1143 Et
1137 1089 1261 1158 quid
1302 1088 1424 1142 dico
1478 1096 1679 1156 patrem
1725 1094 1779 1139 et
1826 1084 2094 1139 matrem?

517 1184 683 1239 Tuam
710 1197 923 1253 quoque
952 1180 1140 1250 ipsius.
1166 1180 1354 1249 inquit,
1380 1178 1612 1230 animam
1644 1177 1835 1246 perde:
1855 1184 2091 1230 attamen

524 1276 759 1330 auditur.
793 1275 889 1329 llei
941 1273 1107 1328 mihi!
1165 1272 1211 1326 ei
1240 1274 1327 1341 qui
1356 1271 1490 1325 adeo
1519 1285 1677 1333 saeva,
1710 1278 1764 1324 et
1792 1269 2013 1323 immitia
2041 1278 2094 1321 et

520 1366 631 1421 fera
664 1365 913 1419 mandata
942 1364 1186 1433 imponit.
1206 1363 1346 1415 dicto
1375 1362 1652 1416 audientes
1683 1360 1858 1429 potius
1882 1374 2089 1425 sumus,

517 1474 675 1528 quam
711 1458 781 1511 illi
810 1458 963 1523 cujus
995 1456 1126 1510 levia
1158 1454 1416 1523 nobisque
1442 1452 1697 1507 salutaria
1742 1453 1889 1521 jussa
1932 1459 2078 1505 sunt.

521 1552 655 1605 llinc
683 1551 950 1620 gehenna,
982 1549 1106 1601 hinc
1162 1548 1317 1616 ignis.
1366 1546 1489 1599 hinc
1526 1546 1717 1598 lluvius
1767 1545 1923 1613 ignis,
1969 1543 2092 1597 hinc

517 1642 715 1696 vermis
767 1641 923 1694 linem
978 1639 1244 1694 nesciens.
1275 1637 1399 1692 Scio
1447 1637 1647 1691 multos
1676 1651 1814 1699 esse,
1847 1638 1938 1705 qui
1995 1650 2091 1689 nos

518 1732 632 1786 hare
662 1732 901 1785 dicentes
930 1745 1033 1783 non
1076 1728 1311 1798 jucunde
1336 1728 1576 1782 audiant.
1606 1726 1934 1796 Namneque
1962 1725 2091 1780 mihi

517 1833 643 1879 sunt
668 1823 904 1891 jucunda
944 1822 1129 1887 dictu;
1161 1820 1287 1891 quid
1318 1821 1459 1875 enim
1509 1819 1591 1873 his
1631 1819 1872 1875 dicendis
1897 1834 2091 1874 conse-

516 1915 697 1986 quor?
731 1915 934 1969 Vellem
973 1914 1125 1970 vobis
1170 1921 1430 1983 perpetuo
1461 1928 1521 1966 ea
1549 1928 1667 1982 qua:
1699 1911 1847 1982 regni
1879 1912 2088 1981 propria

514 2014 641 2060 sunt
670 2021 910 2070 narrare,
940 2004 1178 2074 requiem
1226 2004 1395 2069 illam,
1427 2016 1617 2073 aquam
1657 2004 1811 2072 plene
1843 2002 2089 2057 reﬁcien-

516 2106 647 2161 tem,
667 2095 852 2149 viridia
876 2110 939 2149 ac
959 2094 1079 2149 laeta
1104 2109 1317 2164 pascua.
1340 2092 1513 2163 luquit
1533 2093 1696 2159 enim,
1716 2094 1887 2162 Super
1907 2109 2091 2160 aquam

514 2187 797 2255 refectionis
826 2186 1054 2239 educavit
1076 2202 1176 2248 me,
1207 2195 1257 2239 et
1284 2186 1337 2237 in
1360 2183 1471 2238 loco
1497 2200 1697 2255 pascua:
1727 2184 1797 2237 ibi
1822 2200 1901 2237 me
1926 2185 2087 2238 collo-

514 2279 644 2331 cavit
673 2275 841 2348 (Psal.
873 2277 961 2329 22.
992 2276 1070 2346 2).
1110 2276 1312 2331 Vellem
1340 2275 1408 2330 de
1438 2276 1556 2331 loco
1582 2276 1672 2329 illo
1715 2276 1916 2342 dicere,
1950 2275 2090 2330 unde

514 2370 688 2432 dolor,
713 2368 991 2438 atgritudo.
1025 2370 1197 2423 luctus
1235 2368 1386 2422 abest
1421 2387 1435 2422 :
1470 2370 1658 2424 vellem
1690 2384 1909 2424 narrare
1938 2370 2090 2423 volu-

515 2471 713 2531 ptatem
742 2477 858 2529 qua:
880 2477 945 2515 ex
962 2460 1162 2515 Christi
1192 2462 1463 2516 consortio
1492 2464 1732 2532 capitur;
1768 2478 2088 2534 quamquam

512 2568 725 2607 onmem
775 2554 1103 2617 orationem,
1154 2569 1370 2608 omnem
1412 2555 1787 2625 cogitationem
1837 2567 2085 2626 superat:

512 2654 877 2697 verumtamen
930 2659 1023 2711 pro
1054 2643 1253 2697 viribus
1303 2644 1356 2697 in
1392 2644 1497 2698 isto
1543 2656 1857 2716 argumento
1884 2648 2087 2702 versari

516 2734 729 2788 vellem.
765 2733 869 2787 Sed
897 2733 1022 2803 quid
1050 2748 1202 2801 agam
1226 2734 1248 2786 ?
1277 2733 1391 2787 Non
1422 2735 1542 2789 licet
1566 2736 1632 2789 ad
1658 2752 1802 2803 eum,
1834 2737 1926 2807 qui
1953 2737 2089 2792 febri

513 2822 764 2877 laborans
786 2824 923 2877 male
951 2822 1131 2890 habet,
1152 2824 1217 2879 de
1245 2839 1411 2894 regno
1433 2826 1593 2880 verba
1622 2826 1829 2880 lacere:
1864 2827 2089 2886 etenim.

512 2915 637 2969 dum
667 2916 736 2967 ita
766 2914 944 2980 habet,
977 2913 1045 2969 de
1075 2915 1302 2969 sanitate
1326 2916 1696 2971 disserendum
1727 2928 1829 2972 est.
1855 2918 1971 2973 Non
2003 2935 2089 2975 re-

511 3015 599 3060 cte
628 3007 675 3060 ei
706 3007 791 3075 qui
822 3020 992 3075 ptume
1018 3006 1281 3061 obnoxius
1311 3017 1393 3060 est
1422 3007 1489 3063 de
1518 3012 1720 3064 honore
1746 3010 2039 3067 disseretur
2070 3032 2083 3065 :

512 3110 653 3149 nunc
682 3097 821 3149 enim
854 3096 953 3151 hoc
980 3112 1140 3149 ultum
1166 3099 1422 3165 quaeritur
1448 3140 1463 3165 ,
1495 3114 1524 3152 a
1552 3115 1706 3169 paena
1734 3111 1788 3156 et
1824 3106 2087 3175 supplicio

512 3186 733 3241 liberari
764 3205 776 3239 :
812 3187 913 3241 nisi
944 3188 1045 3241 hoc
1072 3203 1481 3257 consequamur,
1505 3194 1774 3262 quomodo
1802 3196 1931 3253 illud
1958 3213 2090 3254 con-

514 3281 842 3346 sequemur?
884 3278 1170 3349 Propterea
1215 3280 1281 3334 de
1311 3281 1394 3336 his
1423 3283 1637 3339 assidue
1685 3286 1896 3357 loquor.
1928 3299 1985 3344 ut
2020 3292 2087 3348 ad

512 3366 603 3421 illa
632 3368 791 3422 citius
816 3370 1112 3425 veniamus.
1142 3370 1273 3425 Nam
1303 3383 1357 3427 et
1402 3373 1543 3429 Deus
1570 3376 1683 3445 ipse
1728 3379 1849 3434 ideo
1886 3384 2087 3451 gehen-

510 3476 633 3513 nam
661 3462 892 3515 miuatus
922 3472 1025 3528 est,
1060 3473 1117 3517 ut
1145 3479 1305 3518 nemo
1336 3465 1389 3519 in
1436 3466 1735 3537 gehennam
1767 3472 2000 3543 decidat,
2030 3489 2086 3531 ut

509 3567 697 3607 omnes
726 3568 950 3623 regnum
975 3569 1348 3626 assequamur.
1379 3559 1442 3613 Et
1470 3575 1568 3615 uos
1593 3561 1795 3619 idcirco
1824 3567 2086 3636 gehennae

509 3656 770 3716 perpetuo
812 3647 1138 3703 mentionem
1170 3649 1414 3718 facimus,
1448 3661 1506 3707 ut
1532 3654 1597 3708 ad
1625 3671 1847 3725 regnum
1881 3676 1978 3716 vos
2005 3664 2085 3717 in-

511 3737 757 3802 citemus,
790 3747 848 3792 ut
877 3749 1085 3793 mentes
1108 3751 1318 3795 vestras
1349 3743 1540 3799 timore
1572 3748 1897 3817 mollientes,
1931 3752 1997 3807 ad
2019 3769 2083 3809 ea

507 3842 627 3896 qua:
653 3842 817 3897 regno
839 3827 996 3898 digna
1026 3838 1150 3884 sunt
1172 3829 1433 3898 facienda,
1458 3849 1800 3906 apparemus.
1822 3841 1900 3898 Ne
1927 3846 2086 3915 igitur

506 3933 648 3988 tegre
675 3919 855 3975 feralis
882 3922 1168 3976 verborum
1193 3926 1511 3994 gravitatem
1538 3948 1550 3983 :
1581 3930 1771 3988 horum
1797 3937 1939 3992 enim
1965 3956 2087 3996 ver-

510 4008 700 4065 borum
726 4013 957 4082 gravitas
982 4014 1129 4070 leves
1157 4017 1331 4073 reddit
1361 4020 1567 4078 animas
1588 4036 1799 4084 nostras
1828 4046 1857 4085 a
1890 4048 2081 4102 pecca-

503 4138 2484 4190 “\—

1216 237 1269 294 S.
1308 234 1583 295 JOANNIS
1616 226 2086 291 CllRYSOSTOMl
2125 225 2436 287 ARCHIEP.
2476 229 3005 289 CONSTANTINOP.

3674 234 3778 291 228

2208 352 2383 399 torum
2412 346 2666 416 pondere.
2690 346 2820 402 Nam
2849 356 2903 403 et
2930 346 3128 402 ferrum
3153 361 3315 418 grave
3336 356 3440 412 est,
3466 357 3522 404 et
3544 349 3767 406 malleus

2200 439 2415 508 gravis;
2468 448 2705 495 attamen
2753 440 2952 497 iaciunt
2981 456 3106 496 vasa
3135 457 3294 497 aurea
3325 452 3380 497 et
3420 452 3693 513 argentea,
3723 454 3776 499 et

2201 544 2319 599 quae
2345 529 2569 585 distorta
2600 541 2724 585 sunt
2754 531 2990 602 dirigunt
3017 550 3030 586 :
3062 532 3203 601 quod
3232 532 3334 586 nisi
3360 534 3541 603 gravia
3569 545 3768 601 essent,

2202 621 2482 678 distortam
2512 624 2790 678 materiam
2820 624 3053 695 dirigere
3082 625 3387 696 neutiquam
3433 637 3667 696 possent.
3699 629 3775 683 lla

2202 713 2361 768 etiam
2385 714 2563 784 gravis
2582 728 2763 769 sermo
2783 725 2968 770 noster
2984 730 3307 785 componere
3326 716 3557 771 animam
3578 728 3771 787 pelest.

2202 802 2497 858 Verborum
2531 805 2688 874 igitur
2707 806 3021 875 gravitatem
3055 806 3338 877 plagasque
3368 806 3435 861 ab
3467 808 3569 863 illis
3608 808 3776 863 factas

2206 913 2273 951 ne
2300 896 2562 967 fugiamus
2593 916 2606 953 :
2656 914 2762 952 non
2792 899 2934 953 enim
2962 900 3082 954 ideo
3109 899 3333 953 infertur
3378 900 3531 971 plaga
3558 910 3613 955 ut
3652 902 3772 955 ani-

2200 1006 2340 1045 mam
2391 990 2598 1061 frangat
2646 1005 2709 1047 ac
2758 992 2988 1059 laceret,
3020 991 3114 1047 sed
3161 1002 3218 1046 ut
3259 993 3510 1063 corrigat.
3563 993 3774 1048 Scimus

2200 1085 2342 1138 enim
2386 1100 2481 1154 per
2513 1085 2608 1140 Dei
2635 1086 2855 1154 gratiam
2885 1086 3005 1155 quis
3032 1085 3099 1140 sit
3128 1085 3444 1141 verberandi
3476 1085 3686 1151 modus,
3717 1095 3773 1140 et

2199 1194 2357 1248 quam
2406 1179 2511 1231 alte
2557 1177 2856 1247 iulligamus
2905 1178 3148 1247 plagam;
3183 1188 3237 1230 nt
3286 1193 3351 1231 ne
3380 1177 3773 1232 comminuatur

2200 1285 2311 1335 vas,
2341 1270 2439 1324 sed
2467 1278 2527 1324 ut
2575 1271 2825 1339 poliatur.
2857 1281 2913 1324 ut
2939 1279 3287 1336 restauretur,
3320 1281 3378 1324 ut
3423 1279 3601 1338 aptum
3650 1270 3773 1323 red-

2199 1361 2357 1415 datur
2381 1377 2488 1431 quo
2518 1370 2698 1415 utatur
2747 1362 3026 1428 Dominus,
3057 1372 3114 1416 ut
3143 1378 3209 1415 ex
3258 1362 3484 1415 sanitate
3532 1361 3771 1429 splendi-

2202 1452 2325 1507 dum
2359 1452 2632 1519 oll‘eratur,
2663 1452 2907 1522 beneque
2937 1454 3202 1521 sculptum
3234 1452 3284 1505 in
3329 1452 3414 1505 illa
3446 1451 3549 1517 die,
3586 1452 3636 1505 in
3664 1466 3766 1521 qua

2199 1545 2304 1598 erit
2325 1543 2521 1599 llumen
2556 1544 2726 1614 ignis;
2763 1556 2817 1599 ut
2850 1561 2915 1599 ne
2960 1545 3214 1599 offeratur
3234 1560 3378 1615 pyrae
3406 1544 3501 1609 illi,
3532 1560 3650 1613 quat
3699 1544 3772 1599 ibi

2198 1638 2374 1691 futura
2405 1645 2506 1691 est.
2540 1638 2670 1691 Nam
2700 1638 2799 1692 nisi
2831 1639 2953 1691 dum
2988 1637 3072 1691 hic
3109 1638 3258 1701 estis,
3292 1652 3382 1691 vos
3410 1637 3772 1693 inﬂammave-

2197 1730 2383 1793 rimus,
2418 1730 2529 1785 illic
2581 1731 2798 1784 omnino
2847 1730 3249 1784 iullammemini
3284 1745 3505 1785 necesse
3540 1740 3641 1791 est,
3673 1744 3771 1784 nec

2199 1820 2311 1874 fieri
2338 1820 2493 1873 aliter
2522 1829 2734 1887 potest:
2765 1818 2887 1874 Dies
2913 1822 3043 1873 enim
3072 1819 3275 1873 Domini
3302 1822 3355 1873 in
3385 1821 3499 1888 igne
3526 1821 3772 1873 revelatur

2198 1913 2274 1982 (l.
2304 1912 2420 1965 Cor.
2444 1913 2496 1967 5.
2523 1912 2635 1980 15).
2663 1911 2842 1966 Salius
2871 1922 2953 1967 est
2982 1921 3035 1965 ut
3061 1912 3124 1965 ad
3156 1913 3316 1967 breve
3339 1920 3544 1981 tempus
3575 1914 3772 1966 nostr-is

2197 2005 2536 2059 sermonibus
2569 2003 2819 2069 uramini,
2852 2020 3010 2073 quam
3044 2014 3300 2073 perpetuo
3327 2004 3538 2057 ﬂamma
3572 2004 3681 2058 illa.
3715 2003 3769 2057 ld

2196 2099 2336 2151 enim
2368 2096 2547 2151 futuro
2588 2098 2809 2151 omnino
2835 2112 2976 2160 esse,
3026 2099 3363 2166 perspicuum
3393 2107 3509 2163 est;
3537 2114 3599 2152 ac
3627 2112 3770 2165 smpe

2197 2190 2350 2244 vobis
2397 2190 2635 2243 rationes
2662 2189 2835 2254 attuli,
2867 2191 3060 2259 quibus
3087 2190 3379 2265 contradici
3423 2205 3525 2243 non
3574 2201 3765 2260 potest.

2196 2282 2272 2336 Ac
2302 2282 2445 2336 solas
2469 2282 2684 2351 quidem
2728 2280 3030 2351 Scripturas
3060 2282 3270 2352 plenam
3318 2283 3468 2336 vobis
3500 2282 3656 2336 fidem
3690 2282 3767 2335 fa-

2193 2387 2317 2428 cere
2346 2373 2662 2442 Oportebat;
2697 2373 2793 2429 sed
2837 2375 3087 2443 quoniam
3140 2372 3380 2427 nonnulli
3411 2373 3674 2443 proclives
3700 2372 3767 2427 ad

2194 2465 2596 2521 contentionem
2650 2478 2796 2534 sunt,
2849 2467 3015 2522 multa
3065 2468 3227 2521 etiam
3275 2466 3769 2521 ratiocinationibus

2195 2558 2478 2612 movimus.
2511 2558 2652 2612 Nihil
2683 2575 2814 2614 vero
2843 2560 3067 2629 impedit
3096 2561 3385 2629 quominus
3412 2568 3467 2612 et
3497 2574 3636 2612 nunc
3660 2573 3770 2612 eas-

2193 2648 2315 2704 dem
2348 2648 2653 2703 all‘eramus.
2682 2649 2936 2718 Quzenam
2964 2665 3093 2705 vero
3124 2650 3230 2704 illae
3261 2650 3455 2704 erant?
3484 2648 3667 2703 Justus
3688 2657 3770 2703 est

2198 2742 2373 2799 Deus:
2407 2758 2594 2797 omnes
2624 2742 2875 2809 fatemur,
2902 2752 2956 2797 et
2980 2742 3150 2798 Gra'ei
3174 2750 3230 2797 et
3254 2741 3426 2796 Judmi
3452 2750 3506 2797 et
3534 2741 3768 2797 haeretici

2193 2848 2250 2895 et
2276 2838 2584 2895 Christiani.
2616 2839 2687 2892 At
2717 2837 2841 2891 hinc
2888 2836 3041 2890 multi
3070 2837 3159 2906 qui
3190 2845 3495 2905 peccarunt,
3524 2836 3770 2891 abierunt

2193 2929 2446 3000 impune:
2472 2929 2623 2983 multi
2646 2929 2735 2998 qui
2763 2943 2883 2982 cum
2908 2929 3104 2981 virtute
3130 2928 3396 2993 vixerant,
3421 2935 3530 2979 tum
3552 2926 3767 2980 demum

2193 3024 2462 3088 abierunt,
2482 3037 2605 3077 cum
2632 3030 2913 3077 sexcentas
2942 3020 3233 3075 subiissent
3253 3018 3606 3075 calamitates.
3628 3017 3769 3087 Ergo

2193 3118 2240 3171 si
2264 3115 2441 3186 justus
2454 3116 2630 3178 Deus;
2664 3114 2880 3169 ubinam
2908 3113 2991 3168 his
3013 3112 3226 3183 quidem
3250 3112 3491 3181 praemia,
3510 3110 3616 3164 illis
3640 3124 3769 3164 vero

2194 3207 2452 3276 Supplicia
2487 3206 2702 3269 tribuet,
2736 3206 2779 3259 si
2814 3220 2919 3259 non
2951 3214 3033 3258 est
3061 3203 3328 3274 gehenua,
3358 3204 3403 3257 si
3445 3218 3547 3255 non
3579 3212 3659 3256 est
3685 3218 3769 3255 re-

2194 3298 2494 3353 surrectio?
2520 3298 2670 3352 llanc
2694 3297 2856 3368 igitur
2885 3298 3146 3350 rationem
3178 3304 3232 3349 et
3258 3294 3364 3349 illis
3381 3302 3435 3348 et
3458 3293 3609 3347 vobis
3641 3293 3767 3362 ipsis

2193 3403 2407 3457 semper
2451 3389 2650 3455 cauite,
2676 3404 2774 3442 nec
2818 3388 2958 3441 sinet
2997 3404 3092 3441 vos
3119 3387 3187 3441 de
3231 3386 3623 3441 resurrectione
3662 3400 3767 3438 non

2194 3481 2435 3535 credere.
2467 3480 2566 3548 Qui
2598 3495 2727 3535 vero
2768 3480 2836 3536 de
2882 3479 3278 3535 resurrectione
3320 3494 3425 3531 non
3469 3478 3694 3541 dubitat,
3722 3477 3767 3532 is

2196 3574 2383 3629 sedulo
2412 3583 2573 3642 atque
2598 3580 2802 3627 attente
2832 3572 2993 3625 vitam
3028 3585 3178 3625 suam
3203 3570 3430 3637 curabit,
3463 3579 3521 3623 ut
3565 3568 3765 3638 sempi-

2195 3674 2344 3720 terna
2397 3665 2537 3719 bona
2582 3672 2980 3732 consequatur:
3015 3678 3135 3732 qua:
3184 3663 3385 3716 utinam
3434 3676 3532 3715 nos
3579 3674 3768 3715 omnes

2192 3771 2604 3827 consequamur,
2635 3757 2804 3826 gratia
2856 3764 2908 3810 et
2958 3755 3287 3825 benignitate
3340 3753 3551 3808 Domini
3598 3750 3769 3806 nostri

2193 3850 2318 3905 Jesu
2345 3849 2578 3914 Christi,
2609 3848 2693 3902 cui
2720 3862 2842 3901 cum
2872 3847 3029 3901 Patre
3058 3856 3110 3901 et
3140 3845 3335 3916 Spiritu
3365 3854 3550 3899 sancto
3574 3844 3764 3913 gloria,

2193 3943 2497 4010 imperium,
2529 3941 2724 4005 honor;
2758 3954 2901 3995 nunc
2924 3947 2979 3994 et
3005 3953 3241 4008 semper,
3285 3946 3339 3992 et
3367 3939 3419 3991 in
3441 3936 3637 3993 saecula
3666 3951 3768 3990 sze-

2198 4037 2461 4093 culorum.
2492 4036 2681 4089 Amen.

3503 4166 3769 4181 —-—-

1809 4240 2157 4311 HOMILIA
2197 4251 2329 4312 Vl-l.

502 4365 632 4457 Car.
658 4365 713 4420 ‘2.
740 4382 792 4421 γ.
834 4368 886 4423 5.
924 4367 1037 4422 Hoc
1062 4370 1194 4423 enim
1222 4375 1470 4429 sentiatur
1496 4377 1550 4431 in
1584 4380 1722 4436 vobis
1740 4424 1757 4449 ,
1796 4389 1933 4457 quod
1955 4399 2003 4443 et
2029 4392 2086 4446 in

572 4454 772 4511 Christo
796 4457 923 4512 Jesu
955 4474 974 4513 :
1004 4461 1055 4514 6.
1085 4462 1171 4531 qui
1196 4479 1308 4515 cum
1327 4467 1379 4518 in
1400 4472 1564 4535 [arma
1584 4470 1679 4525 Dei
1699 4454 1843 4542 esset,
1875 4496 1975 4533 non
1995 4498 2084 4535 ra-

575 4549 749 4619 pinam
799 4550 1070 4606 arbitratus
1118 4563 1189 4607 est
1230 4573 1336 4611 esse
1382 4575 1434 4612 se
1471 4563 1713 4630 aequalem
1741 4566 1847 4622 Deo
1871 4612 1886 4636 ,
1918 4571 1967 4624 7.
1995 4576 2084 4627 sed

574 4644 896 4713 semetipsum
916 4646 1208 4713 exinanivit,
1238 4649 1457 4717 formam
1482 4656 1611 4708 servi
1637 4659 1907 4729 accipiens,
1927 4665 1982 4718 in
2008 4666 2081 4719 si-

573 4733 907 4788 militudinem
950 4736 1211 4792 hominum
1263 4744 1428 4811 factus
1447 4784 1462 4809 ,
1489 4754 1533 4798 et
1575 4746 1748 4803 habitu
1775 4752 2001 4809 inventus
2028 4766 2083 4811 ut

574 4822 723 4876 homo
767 4839 785 4876 :
836 4824 889 4878 8.
938 4826 1222 4881 humiliavit
1268 4835 1609 4903 semetipsum;
1641 4837 1807 4906 factus
1847 4844 2082 4902 obcdiens

572 4930 730 4983 usque
770 4915 838 4967 ad
866 4928 1107 4981 mortem,
1153 4932 1365 4975 mortem
1415 4936 1581 4980 autem
1607 4933 1789 4985 crucis.
1837 4935 1890 4990 9.
1946 4935 2082 4991 Proo

574 5018 684 5078 pter
727 5010 863 5075 quod
906 5019 953 5061 et
1001 5010 1134 5065 Deus
1161 5014 1400 5068 exultavit
1427 5017 1603 5081 illum,
1664 5033 1711 5075 et
1754 5025 1957 5080 donavit
2002 5028 2082 5082 illi

572 5116 785 5165 nomen,
837 5102 971 5171 quod
1021 5112 1091 5155 est
1144 5122 1298 5175 super
1343 5124 1489 5163 omne
1548 5128 1766 5179 nomen,
1818 5118 1906 5171 10.
1948 5121 2080 5174 utin

574 5192 773 5246 nomine
796 5190 831 5244 J
836 5209 922 5246 esu
950 5209 1095 5247 onme
1120 5212 1249 5266 genu
1295 5199 1526 5267 ﬂectatur
1575 5204 1843 5260 cwlestium
1864 5249 1878 5273 ,
1922 5218 2080 5263 terre-

575 5287 755 5340 strium
782 5296 825 5340 et
848 5287 1182 5357 infernarum,
1208 5291 1295 5344 11.
1342 5302 1385 5345 et
1412 5297 1573 5349 omnis
1619 5297 1794 5369 lingua
1835 5302 2079 5370 conﬁtea-

574 5386 674 5439 tur,
708 5377 826 5445 quia
881 5376 1131 5433 Dominus
1183 5380 1335 5436 Jesus
1364 5382 1594 5441 Christus
1638 5389 1692 5443 in
1738 5391 1955 5461 gloriam
1983 5392 2081 5449 Dei

576 5464 769 5523 Patris.

572 5560 623 5613 l.
679 5560 930 5631 Exposita
975 5579 1004 5619 a
1054 5565 1208 5622 nobis
1254 5565 1341 5621 illa
1388 5580 1511 5625 sunt
1548 5588 1665 5641 qua:
1702 5575 1768 5630 ad
1797 5576 2079 5636 hzereticos

498 5653 836 5723 pertinebant
866 5675 878 5710 :
904 5657 1012 5727 jam
1040 5674 1170 5715 vero
1200 5671 1557 5732 opportunum
1604 5677 1687 5722 est
1712 5682 1892 5725 nostra
1916 5671 2077 5729 etiam

2189 4394 2405 4451 all'erre.
2437 4394 2518 4449 llli
2543 4395 2615 4449 ita
2637 4394 2823 4449 dicunt
2843 4392 3005 4448 verba
3027 4392 3149 4457 ista,
3195 4390 3316 4445 Non
3344 4391 3576 4460 rapinam
3630 4390 3766 4442 arbi-

2192 4499 2351 4543 tratus
2376 4497 2483 4553 est,
2538 4487 2680 4542 idem
2710 4487 2921 4548 valere,
2950 4501 3012 4540 ac
3053 4486 3098 4539 si
3142 4484 3393 4547 dixisset,
3426 4484 3601 4552 rapuit
3628 4502 3639 4537 :
3671 4498 3768 4537 nos

2188 4596 2318 4636 vero
2363 4580 2695 4635 ostendimus
2736 4580 2972 4649 ineptum
3014 4577 3064 4631 id
3116 4586 3273 4643 atque
3309 4575 3595 4631 absurdum
3624 4591 3764 4630 esse.

2186 4672 2465 4727 Neminem
2509 4673 2651 4727 enim
2678 4686 2829 4735 esse,
2863 4670 2954 4740 qui
2992 4678 3083 4724 aut
3108 4685 3176 4723 ex
3226 4669 3527 4739 hujusmodi
3556 4670 3674 4725 loco
3700 4669 3765 4723 ad

2186 4766 2349 4819 animi
2379 4765 2732 4819 humilitatem
2762 4763 3091 4829 cohortetur,
3119 4772 3210 4817 aut
3237 4762 3403 4817 Deum
3432 4762 3532 4817 hac
3561 4764 3767 4819 ratione

2185 4855 2441 4920 celebret,
2471 4854 2577 4908 imo
2605 4869 2704 4908 nec
2736 4854 3029 4908 hominem.
3074 4852 3209 4919 Quid
3243 4853 3400 4921 igitur
3426 4865 3527 4913 est,
3573 4869 3606 4905 ο
3632 4853 3766 4909 dile-

2186 4944 2591 4998 cti?Attendite
2618 4958 2701 5003 ea,
2734 4957 2852 5012 quae
2878 4958 3019 4996 nunc
3056 4941 3323 4998 dicuntur.
3354 4942 3613 5009 Quoniam
3645 4944 3764 5011 plu-

2186 5035 2307 5088 rimi
2348 5034 2595 5088 homines
2621 5032 2980 5099 arbitrantur,
3013 5033 3059 5087 si
3084 5032 3359 5087 humiliter
3385 5048 3444 5087 se
3468 5038 3765 5103 gesserint.

2186 5125 2300 5179 fore
2321 5133 2380 5179 ut
2406 5124 2675 5195 propriam
2702 5125 2945 5177 amittant
2968 5124 3275 5194 dignitatem
3293 5165 3308 5191 ,
3339 5134 3392 5179 et
3420 5126 3643 5180 minoris
3668 5126 3762 5179 ha-

2184 5216 2448 5281 beantur,
2499 5224 2659 5285 atque
2702 5215 2767 5269 ad
2807 5216 3142 5270 humiliorem
3186 5217 3359 5270 locum
3400 5216 3762 5283 descendant;

2186 5306 2329 5362 hunc
2374 5316 2573 5363 metum
2605 5307 2848 5363 adimens
2873 5310 3186 5377 Apostolus,
3225 5311 3517 5366 ostendens
3544 5326 3648 5365 non
3691 5313 3762 5366 ita

2184 5398 2339 5453 nobis
2366 5399 2703 5453 sentiendum
2730 5414 2849 5455 esse
2868 5442 2884 5467 ,
2907 5400 2975 5455 de
3006 5400 3122 5470 ipso
3155 5402 3265 5457 Deo
3291 5402 3456 5469 dicit,
3482 5404 3651 5459 Deum
3700 5405 3763 5459 il-

2184 5491 2293 5545 lum
2321 5491 2672 5561 unigenitum,
2702 5494 2789 5564 qui
2812 5493 2863 5547 in
2890 5493 3056 5548 forma
3083 5494 3174 5549 Dei
3197 5504 3298 5562 est,
3322 5496 3409 5567 qui
3428 5496 3558 5551 nihil
3587 5499 3764 5554 minus

2184 5580 2340 5636 Patre
2366 5580 2559 5648 habet,
2605 5583 2693 5653 qui
2721 5584 2769 5637 ei
2810 5584 3031 5654 aequalis
3056 5594 3158 5650 est,
3200 5600 3308 5640 non
3352 5588 3593 5658 rapinam
3642 5603 3764 5644 esse

2182 5673 2498 5730 arbitratum
2530 5688 2649 5733 esse
2692 5675 2949 5747 (aqualem
2997 5676 3128 5735 Deo.
3158 5677 3295 5747 Quid
3340 5694 3465 5735 vero
3508 5678 3648 5735 istud
3691 5680 3763 5736 sit
