4130 6386
410 284 517 339 2‘17

408 394 523 449 ἀλλ’
549 394 700 463 ὅμως
731 395 1004 451 ἀκούεται.
1034 399 1228 469 Οῐμοιι
1259 402 1339 454 ὅτι
1370 402 1499 473 ὠμὰ
1530 406 1623 458 καὶ
1660 405 1842 476 ἀπηνῆ
1877 404 1969 458 καὶ

408 481 645 553 θηριώδη
678 484 1023 552 προστάττων
1044 486 1296 540 ἀκούεται
1324 490 1523 559 μᾶλλον
1546 491 1640 544 τοῦ
1665 492 1733 544 τὰ
1755 493 1969 560 ἐπιεικῆ

406 570 501 624 καὶ
530 571 773 641 σωτήρια
801 574 934 642 ἡμῖν
965 573 1302 639 κελεύοντος.
1346 579 1445 630 Διὰ
1472 578 1629 632 τοῦτο
1651 581 1861 649 γέεννα,
1885 580 1973 632 διὰ

403 655 560 709 τοῦτο
587 656 719 726 πῦρ,
750 657 836 711 διὰ
859 659 1014 729 τοῦτο
1041 662 1279 734 ποταμὸς
1318 665 1509 735 πυρὸς,
1536 666 1624 719 διὰ
1652 666 1808 719 τοῦτο
1832 668 1974 719 σκώ-

402 742 501 811 ληξ
545 743 916 815 ἀτελεύτητος.
971 744 1100 800 Οἶδα
1133 748 1214 801 ὅτι
1250 750 1432 803 πολλοὶ
1470 753 1642 806 ταῦτα
1666 754 1762 823 οὐχ
1803 753 1974 822 ἡδέως

400 825 689 878 ἀκούουσιν
724 828 879 897 ἡμῶν
896 828 1178 897 λεγόντων.
1199 833 1333 885 Οὐδὲ
1361 834 1472 906 γάρ
1501 835 1648 908 [245]
1669 836 1779 905 ἐγὼ
1807 838 1975 907 ἡδέως

400 913 540 967 αὐτὰ
564 912 739 981 λέγω·
779 915 863 977 τίς
896 917 1003 987 γάρ
1049 918 1206 989 χρεία
1238 919 1411 973 ταῦτα
1459 922 1678 990 λέγειν;
1728 922 1974 976 Ἐϐουλό-

403 1016 511 1070 μην
532 1000 601 1052 τά
631 1002 758 1072 περὶ
779 1002 1053 1072 βασιλείας
1084 1007 1212 1076 ὑμῖν
1243 1009 1543 1079 διηγεῖσθαι
1577 1011 1682 1077 ἀεὶ,
1717 1012 1815 1083 τὴν
1840 1014 1973 1066 ἀνά-

400 1102 623 1151 παυσιν,
654 1089 712 1142 τὸ
737 1089 877 1159 ὕδωρ
924 1093 983 1143 τὸ
1011 1092 1110 1161 τῆς
1136 1096 1514 1161 ἀναπαύσεως,
1547 1099 1640 1151 τὸν
1678 1100 1842 1152 τόπον
1876 1101 1971 1169 τῆς

399 1172 581 1242 χλόης.
618 1174 742 1227 Ἐπὶ
796 1176 1016 1244 ὕδατος
1066 1179 1195 1247 γὰρ,
1238 1183 1422 1251 φησὶν,
1452 1185 1848 1251 ἀναπαύσεως
1875 1187 1972 1251 ὲξ-

397 1259 614 1326 έθρεψέ
635 1278 731 1329 με,
757 1263 851 1315 καὶ
894 1266 981 1328 εἰς
1014 1267 1199 1319 τόπον
1224 1269 1415 1336 χλόης
1444 1271 1574 1323 ἐκεῖ
1582 1290 1659 1340 με
1679 1274 1971 1340 κατεσκή-

397 1358 614 1395 νωσεν.
667 1345 997 1417 Ἐϐουλόμην
1022 1350 1113 1401 ὲπὶ
1139 1351 1232 1403 τοῦ
1273 1353 1434 1405 τόπου
1477 1354 1673 1422 λέγειν,
1704 1356 1831 1410 ἔνθα
1868 1358 1972 1409 άπ-

398 1430 525 1499 έδρα
559 1430 716 1502 ὀδύνη
746 1433 838 1485 καὶ
872 1434 1014 1505 λύπη
1053 1438 1145 1489 καὶ
1190 1442 1521 1511 στεναγμός·
1564 1442 1860 1513 ἐϐουλόμην
1894 1446 1970 1497 δι-

395 1515 641 1584 ηγεῖσθαι
687 1518 786 1589 τῆς
824 1520 917 1573 τοῦ
966 1523 1201 1591 Χριστοῦ
1255 1529 1538 1592 συνουσίας
1597 1529 1694 1597 τὴν
1746 1531 1965 1601 ἡδονήν

396 1600 571 1654 καίτοι
606 1621 668 1671 γε
696 1607 871 1659 πάντα
902 1609 1218 1680 ὑπερϐαίνει
1250 1614 1428 1683 λόγον,
1479 1617 1572 1669 καὶ
1610 1616 1785 1670 πάντα
1808 1618 1929 1671 νοῦν
1950 1635 1962 1646 ·

395 1688 512 1741 ἀλλ’
559 1691 707 1760 ὅμως
754 1695 895 1747 κατὰ
924 1695 1148 1768 δύναμιν
1196 1700 1497 1774 ἐϐουλόμην
1541 1703 1713 1757 ταῦτα
1764 1704 1962 1772 λέγειν.

408 1775 569 1860 una;
589 1778 641 1830 τί
673 1780 861 1845 πάθω;
916 1784 1028 1837 Οὐκ
1072 1785 1151 1838 ἔνι
1184 1787 1262 1857 τῷ
1297 1790 1616 1860 πυρέττοντι
1660 1792 1754 1844 καὶ
1781 1793 1966 1855 κακῶς

392 1858 721 1947 διακειμένῳ
756 1866 882 1933 περὶ
934 1866 1206 1935 βασιλείας
1260 1858 1468 1939 λέγειν·
1520 1874 1657 1938 τέως
1700 1876 1807 1944 γὰρ
1840 1878 1966 1947 περὶ

394 1942 584 2011 ὑγείας
613 1948 717 2017 χρὴ
740 1946 1101 2017 διαλέγεσθαι.
1136 1953 1248 2007 Οὐκ
1274 1954 1353 2007 ἔνι
1382 1956 1460 2026 τῷ
1488 1957 1643 2029 δίκης
1680 1942 1965 2030 ὑπευθύνῳ

394 2032 525 2117 περὶ
561 2034 726 2103 τιμῆς
778 2035 1153 2103 διαλέγεσθαι·
1204 2042 1341 2105 τέως
1372 2043 1479 2114 γάρ
1511 2045 1572 2097 τὸ
1610 2044 1962 2117 ζητούμενον,

390 2115 547 2186 δίκης
573 2118 972 2190 ἀπαλλαγῆναι,
1009 2126 1100 2177 καὶ
1130 2128 1229 2198 τῆς
1257 2129 1528 2193 κολάσεως
1551 2134 1644 2186 καὶ
1666 2115 1964 2204 Ἵτῆςτιμω-

395 2204 548 2274 ρίας·
583 2205 650 2258 ἂν
699 2206 773 2276 μὴ
813 2209 970 2262 τοῦτο
994 2213 1245 2283 γένηται,
1280 2216 1395 2279 πῶς
1442 2219 1615 2271 ἐκεῖνο
1644 2220 1827 2286 ἕσται;
1864 2220 1962 2275 Διά

389 2290 547 2344 τοῦτο
570 2290 738 2346 ταῦτα
770 2293 914 2363 λέγω
966 2301 1224 2369 συνεχῶς,
1268 2302 1355 2355 ἵνα
1386 2304 1473 2355 ἐπ’
1505 2306 1687 2357 ἐκεῖνα
1721 2306 1962 2377 ἔλθωμεν

390 2379 622 2448 ταχέως.
648 2382 758 2433 Καὶ
778 2382 885 2453 γὰρ
905 2384 932 2435 6
961 2384 1091 2448 Θεὸς
1110 2387 1196 2439 διὰ
1222 2388 1377 2441 τοῦτο
1402 2390 1624 2458 γέενναν
1646 2393 1959 2463 ἠπείλησεν,

392 2464 479 2517 ἵνα
514 2467 700 2538 μηδεὶς
719 2470 797 2532 είς
822 2470 1047 2537 γέενναν
1078 2474 1313 2546 ἐμπέσῃ,
1351 2478 1435 2529 ἵνα
1464 2478 1662 2541 πάντες
1689 2478 1959 2548 βασιλείας

389 2553 754 2624 ἑπιτύχωμεν.
789 2560 894 2611 Καὶ
931 2561 1093 2630 ἡμεῖς
1124 2561 1213 2614 διὰ
1261 2563 1417 2615 τοῦτο
1453 2565 1691 2634 συνεχῶς
1738 2566 1960 2636 γεέννης

392 2643 743 2712 μεμνήμεθα,
800 2645 889 2697 ἴνα
937 2648 1074 2718 πρὸς
1106 2649 1203 2718 τὴν
1239 2648 1514 2719 βασιλείαν
1548 2653 1691 2720 ὑμᾶς
1737 2652 1961 2723 ὠθὴσω-

392 2742 514 2796 μεν,
562 2728 647 2781 ἵνα
690 2730 769 2800 τῷ
813 2732 963 2803 φόϐῳ
1009 2736 1344 2804 μαλάξαντες
1384 2738 1535 2807 ὑμῶν
1568 2740 1665 2806 τὴν
1698 2738 1957 2805 διάνοιαν,

390 2818 903 2888 παρασκευάσωμεν
923 2821 1050 2885 ἄξια
1076 2822 1175 2892 τῆς
1202 2824 1477 2893 βασιλείας
1507 2828 1705 2881 ποιεῖν.
1728 2828 1818 2896 Μὴ
1852 2828 1959 2879 τοί-

388 2918 483 2954 νυν
512 2903 892 2975 δυσχεραίνετε
917 2908 1051 2977 πρὸς
1070 2911 1129 2962 τὸ
1151 2910 1258 2964 τῶν
1279 2913 1537 2982 ῥημάτων
1562 2912 1697 2984 βαρύ
1718 2929 1731 2943 ·
1765 2915 1825 2967 τὸ
1852 2915 1959 2985 γάρ

390 2988 527 3061 βαρὺ
560 2992 669 3044 τῶν
697 2993 959 3063 ῥημάτων
985 2995 1192 3064 κούφας
1224 2999 1354 3068 ἡμῖν
1383 3000 1676 3069 ἐργάζεται
1710 3000 1816 3053 ἀπὸ
1848 3002 1958 3054 τῶν

389 3078 800 3155 ἁμαρτημάτων
824 3082 1018 3152 ψυχάς.
1064 3084 1211 3137 Ἐπεὶ
1233 3086 1324 3137 καὶ
1346 3086 1373 3137 6
1397 3086 1608 3156 σίδηρος
1637 3086 1801 3159 βαρύς
1819 3091 1955 3153 ἐστι,

389 3164 485 3215 καῖ
516 3166 548 3233 ἡ
588 3164 767 3235 σφῦρα
799 3166 1013 3236 βαρεῖα,
1062 3169 1199 3223 ἀλλὰ
1247 3172 1645 3236 κατασκευάζει
1674 3176 1840 3246 σκεύη
1867 3174 1956 3226 εῦ-

388 3266 600 3320 χρηστα
628 3255 806 3322 χρυσᾶ
838 3255 931 3307 καὶ
961 3256 1201 3327 ἀργυρᾶ,
1237 3257 1419 3311 καὶτὰ
1443 3258 1847 3330 διεστραμμένα
1873 3261 1954 3332 ὀρ·

390 3337 474 3389 θοῖ
498 3355 511 3368 ·
551 3338 624 3402 ὡς
651 3342 698 3393 εί
735 3342 810 3411 μὴ
850 3343 1040 3414 βαρεῖα
1070 3340 1159 3414 ἦν,
1192 3345 1291 3398 οὐκ
1339 3345 1405 3399 ἂν
1451 3348 1635 3416 ἴσχυσε
1664 3347 1955 3419 διορθῶσαι

388 3423 489 3495 τὴν
528 3426 965 3499 διεστραμμένην
995 3430 1147 3501 ὓλην.
1191 3432 1346 3485 Οὕτω
1376 3432 1469 3486 καὶ
1506 3437 1533 3486 6
1558 3433 1710 3502 λόγος
1747 3435 1902 3505 ἡμῶν
1926 3438 1956 3489 6

392 3511 561 3584 βαρὺς
589 3514 848 3585 ῥυθμίσαι
871 3517 969 3589 τὴν
995 3517 1171 3591 ψυχὴν
1198 3519 1388 3590 ἰσχύει.
1414 3520 1506 3592 Μὴ
1537 3522 1714 3577 τοίνυν
1739 3522 1953 3592 φεύγω-

399 3749 2403 3780 -—__________________________

1185 286 1254 342 IN
1286 286 1500 344 EPIST.
1539 284 1955 342 AD‘PHILIPP.
1993 284 2147 339 CAP.
2193 285 2257 341 ll.
2294 285 2528 341 HOMIL.
2573 286 2685 342 νη.

3540 292 3646 348 228

2086 418 2185 473 μεν
2211 400 2307 472 τὴν
2335 401 2614 473 βαρύτητα
2649 401 2754 456 τῶν
2788 403 3067 473 ῥημάτων,
3102 404 3234 474 μηδὲ
3262 404 3359 468 τὰς
3384 404 3491 459 ἀπὸ
3516 408 3646 460 τού·-

2073 506 2180 542 των
2216 490 2449 557 πληγάς.
2505 489 2617 560 Οὐχ
2644 490 2731 542 ἵνα
2778 490 3061 562 διακλάσῃ,
3091 493 3198 544 οὐδ’
3240 492 3329 546 ἴνα
3375 494 3646 567 διαθρύψῃ

2074 576 2171 647 τὴν
2199 576 2395 647 ψυχὴν,
2426 578 2791 649 καταφέρεται
2842 581 2874 648 ή
2924 579 3126 650 πληγὴ,
3156 580 3269 633 ἀλλ’
3306 581 3392 633 ἵνα
3425 581 3646 652 διορθώ-

2078 680 2256 732 σηται.
2293 663 2527 734 Οἴδαμεν
2566 666 2681 728 πῶς
2716 665 3045 735 πλὴττομεν,
3088 668 3203 731 πῶς
3244 669 3524 737 ἐπάγομεν
3545 668 3644 740 τὴν

2076 749 2286 820 πληγὴν
2328 753 2393 821 τῇ
2437 750 2530 803 τοῦ
2556 752 2690 803 Θεοῦ
2734 753 2937 821 χάριτι,
2976 754 3116 806 ὥστε
3163 754 3238 825 μὴ
3273 756 3557 825 συντρῖψαι
3588 756 3649 809 τὸ

2079 838 2292 901 σκεῦος,
2320 839 2433 891 ἀλλ’
2456 839 2595 892 ὥστε
2622 840 2827 905 λεᾶναι,
2849 841 2987 894 ὣστε
3025 844 3286 912 ὀρθῶσαι,
3320 844 3461 897 ὥστε
3490 846 3648 913 ποιῆ-

2040 972 2043 973 ,
2078 941 2167 979 σαι
2201 924 2498 995 εὔχρηστον
2521 926 2597 996 τῷ
2635 928 2901 1001 Δεσπότῃ,
2930 929 3069 982 ὥστε
3100 931 3231 984 αὐτὸ
3259 935 3646 1003 προσενεγκεῖν

2075 1012 2406 1071 ἀποστίλϐον
2435 1014 2535 1082 τὴν
2568 1015 2776 1081 ὑγείαν,
2826 1017 2920 1067 καί
2961 1016 3141 1079 καλῶς
3191 1017 3646 1087 ὲκτετορευμένον

2073 1100 2196 1152 κατ’
2230 1102 2444 1171 ἐκείνην
2478 1103 2575 1173 τὴν
2598 1104 2832 1173 ἡμέραν,
2859 1105 2981 1156 καθ’
3007 1106 3073 1175 ἣν
3097 1108 3124 1158 6
3152 1106 3394 1176 ποταμὸς
3422 1106 3514 1158 τοῦ
3540 1123 3644 1159 πυ-

2077 1189 2188 1258 ρὸς,
2222 1188 2363 1242 ὥστε
2392 1195 2777 1260 προσενεγκεῖν
2814 1194 2888 1262 μὴ
2937 1194 3189 1264 δεόμενον
3243 1195 3342 1264 τῆς
3388 1197 3504 1247 ἐκεῖ
3542 1212 3644 1248 πυ·-

2074 1278 2193 1347 ρᾶς.
2228 1280 2323 1331 Ἂν
2355 1278 2462 1349 γὰρ
2488 1281 2560 1350 μὴ
2592 1266 2934 1351 πυρώσωμεν
2968 1284 3111 1351 ὑμᾶς
3134 1284 3386 1349 ἐνταῦθα,
3422 1285 3637 1355 ἀνάγκη

2072 1364 2289 1426 πάντως
2319 1367 2635 1437 πυρωθῆναι
2670 1368 2805 1430 ἐκεῖ,
2841 1370 2933 1420 καὶ
2957 1371 3057 1421 οὐκ
3098 1369 3179 1421 ἔνι
3206 1370 3400 1432 ἄλλωςο
3445 1372 3505 1424 Ἠ
3530 1374 3643 1439 γὰρ
3697 1383 3705 1392 “

2070 1450 2260 1518 ἡμέρα
2286 1454 2506 1518 Κυρίου
2532 1453 2601 1505 ἐν
2645 1455 2787 1520 πυρὶ
2819 1455 3325 1511 ἀποκαλύπτεται.
3370 1459 3641 1527 Κρεῖσσον

2069 1540 2178 1599 τοῖς
2197 1539 2483 1608 ἡμετέροις
2506 1540 2680 1607 λόγοις
2700 1542 2840 1611 ὑμᾶς
2857 1542 3263 1612 κατακαυθῆναι
3284 1542 3416 1613 πρὸς
3444 1544 3639 1613 βραχὺ,

2068 1623 2100 1693 ἦ
2129 1624 2419 1686 διαπαντὸς
2460 1627 2643 1697 ἐκείνῃ
2678 1631 2740 1697 τῇ
2770 1627 2947 1695 φλογί.
2978 1629 3201 1690 Πάντως
3233 1630 3340 1698 γὰρ
3370 1630 3451 1681 ὃτι
3484 1630 3641 1683 τοῦτο

2067 1711 2240 1777 ἔσται,
2290 1712 2469 1781 δῆλον,
2517 1714 2610 1766 καὶ
2672 1714 2927 1777 πολλάκις
2968 1716 3095 1786 ὑμῖν
3144 1712 3294 1768 εἷπον
3347 1717 3640 1789 λογισμοὺς

2065 1799 2507 1871 άναντιρῥὴτους.
2541 1801 2685 1853 Ἔδει
2712 1803 2809 1871 μὲν
2843 1802 2949 1873 γάρ
2979 1803 3085 1855 άπὸ
3117 1802 3226 1855 τῶν
3255 1804 3488 1874 Γραφῶν
3517 1805 3639 1857 πεί-

2071 1884 2259 1940 θεσθαι
2294 1888 2480 1955 μόνον·
2511 1890 2696 1960 ἐπειδὴ
2718 1890 2775 1942 δὲ
2807 1890 3117 1957 φιλονείκως
3147 1892 3288 1955 τινὲς
3319 1893 3636 1957 διάκεινται,

2068 1977 2164 2028 καὶ
2194 1976 2300 2028 ἀπὸ
2322 1977 2427 2030 τῶν
2459 1977 2731 2048 λογισμῶν
2761 1981 3089 2048 ἐκινήσαμεν
3121 1981 3307 2034 πολλά.
3365 1982 3529 2035 Οὐδὲν
3579 1982 3637 2034 δὲ

2065 2062 2265 2115 κωλύει
2302 2063 2395 2116 καὶ
2445 2064 2539 2117 νῦν
2572 2066 2695 2128 τοὺς
2729 2067 2924 2128 αὐτοὺς
2959 2065 3107 2138 [ΞΗ]
3150 2069 3344 2121 εἰπεῖν.
3387 2070 3541 2132 Τίνες
3579 2070 3637 2123 δὲ

2063 2144 2237 2219 ἦσαν;
2277 2150 2494 2212 Δίκαιός
2548 2153 2694 2204 ἐστιν
2733 2154 2760 2203 6
2807 2152 2969 2214 Θεός⁸
3038 2155 3238 2217 πάντες
3265 2156 3635 2227 ὁμολογοῦμεν

2062 2236 2240 2301 τοῦτο,
2271 2239 2364 2290 καὶ
2396 2239 2651 2307 Ἕλληνες
2683 2239 2778 2292 καὶ
2817 2240 3056 2293 Ἰουδαῖοι
3105 2243 3200 2295 καὶ
3246 2245 3511 2313 αἱρετικοὶ
3543 2245 3636 2297 καὶ

2060 2327 2395 2396 Χριστιανοί.
2441 2328 2579 2381 Ἀλλ’
2616 2328 2849 2381 ἐνταῦθα
2894 2329 3080 2382 πολλοὶ
3130 2330 3228 2400 μὲν
3250 2331 3357 2384 τῶν
3384 2333 3634 2403 ἡμαρτη-

2067 2414 2242 2466 κότων
2272 2413 2514 2483 ἀπῆλθον
2546 2416 2619 2486 μὴ
2660 2415 3012 2479 κολασθέντες
3034 2432 3048 2445 ο
3098 2416 3284 2469 πολλοὶ
3308 2417 3363 2470 δὲ
3397 2418 3488 2470 καὶ
3525 2419 3634 2471 τῶν

2061 2499 2519 2568 κατορθωσάντων
2566 2501 2806 2571 ἀπῆλθον
2841 2502 3007 2573 μυρία
3046 2503 3308 2566 παθόντες
3355 2504 3525 2558 δεινά.
3569 2505 3633 2558 Εἰ

2059 2586 2239 2639 τοίνυν
2267 2586 2477 2650 δίκαιος
2506 2590 2533 2641 6
2561 2588 2713 2651 Θεὸς,
2745 2588 2848 2641 ποῦ
2877 2590 3086 2651 τούτοις
3115 2590 3183 2644 τά
3207 2591 3389 2658 ἀγαθὰ
3413 2592 3630 2645 ἁποδὼ-

2062 2689 2161 2734 σει,
2199 2674 2302 2725 ποῦ
2325 2675 2553 2737 ἐκείνοις
2589 2674 2687 2737 τὰς
2719 2675 3010 2745 τιμωρίας,
3044 2678 3093 2728 εί
3121 2677 3318 2743 γέεννα
3346 2678 3420 2747 μὴ
3454 2677 3627 2740 ἔστιν,

2065 2760 2112 2811 εί
2140 2760 2434 2824 ἀνάστασις
2466 2762 2541 2833 μὴ
2570 2762 2717 2827 έστι;
2753 2762 3003 2833 Τοῦτο[ν]
3031 2760 3124 2815 οῦν
3168 2765 3255 2817 ἀεὶ
3283 2764 3375 2817 καὶ
3402 2764 3630 2828 ἐκείνοις

2061 2846 2153 2898 καὶ
2182 2848 2389 2909 ἑαυτοῖς
2427 2848 2517 2899 τὸν
2549 2848 2703 2916 λόγον
2753 2850 3082 2919 κατεπᾲδετε
3104 2891 3116 2912 ,
3151 2853 3244 2902 καὶ
3292 2852 3391 2903 οὐκ
3429 2852 3629 2922 ἀφήσει

2059 2933 2203 3001 ὑμᾶς
2230 2933 2580 3002 διαπιστῆσαι
2606 2938 2672 3005 τῇ
2722 2937 3037 2989 ἀναστάσει.
3083 2938 3141 2989 '0
3177 2937 3232 2989 δὲ
3270 2937 3343 3008 μὴ
3373 2938 3623 2992 ἀπιστῶν

2057 3021 2120 3087 τῇ
2149 3019 2460 3081 ἀναστάσει,
2495 3022 2783 3074 σπουδάσει
2814 3022 2949 3091 μετὰ
2974 3022 3172 3093 πολλῆς
3206 3026 3303 3094 ζῇν
3333 3025 3429 3095 τῆς
3461 3042 3629 3095 προσ-

2057 3104 2217 3173 οχῆςο
2250 3104 2388 3157 ὥστε
2417 3107 2521 3159 τῶν
2549 3108 2781 3162 αἰωνίων
2806 3110 2985 3178 τυχεῖν
3008 3110 3228 3177 ἀγαθῶν
3248 3127 3261 3139 ·
3305 3107 3378 3164 ὧν
3416 3112 3630 3179 γένοιτο

2059 3192 2264 3253 πάντας
2296 3194 2445 3261 ἡμᾶς
2473 3194 2764 3263 ἐπιτυχεῖν,
2792 3195 2972 3265 χάριτι
3003 3198 3097 3248 καὶ
3121 3197 3500 3270 φιλανθρωπίᾳ
3532 3199 3626 3252 τοῦ

2058 3278 2262 3348 Κυρίου
2291 3280 2446 3348 ἡμῶν
2478 3279 2652 3348 Ἰησοῦ
2680 3281 2939 3351 Χριστοῦ,
2970 3281 3088 3351 μεθ’
3113 3279 3173 3335 οὗ
3203 3283 3280 3354 τῷ
3308 3286 3483 3355 Πατρὶ
3512 3284 3627 3356 ἅμα

2060 3364 2136 3433 τῷ
2173 3366 2313 3436 ἁγίῳ
2346 3365 2621 3436 Πνεύματι
2646 3366 2795 3432 δόξα,
2832 3369 3052 3438 κράτος,
3085 3371 3237 3442 τιμὴ,
3265 3371 3360 3425 νῦν
3391 3374 3485 3426 καὶ
3515 3373 3622 3439 ἀεὶ,

2060 3452 2153 3504 καὶ
2183 3453 2263 3515 είς
2288 3454 2414 3516 τοὺς
2452 3454 2651 3517 αἰῶνας
2684 3454 2791 3508 τῶν
2823 3454 3051 3510 αἰώνων.
3100 3458 3295 3530 Ἀμήν.

1823 4038 2067 4093 ΟΜῙΛΙΑ
2120 4039 2195 4094 Z’.

390 4272 571 4347 Τοῦτο
621 4272 731 4347 ⁸γςὰρ
763 4275 1093 4347 φρονείσθω
1131 4275 1205 4347 ἐν
1236 4275 1398 4347 ὑμῖν,
1430 4276 1461 4329 6
1480 4277 1592 4347 ,καί
1623 4279 1691 4332 ἐν
1722 4279 1952 4347 Χριστῷ

470 4343 673 4425 Ἰησορ
694 4361 708 4375 ⁸
739 4345 830 4425 ,ὃς
856 4346 924 4398 ἐν
952 4343 1344 4425 μορρρῇθθεοίξ
1366 4346 1675 4425 ὑπάρχοων,
1707 4343 1949 4425 ούχᾳάρίσ

456 4412 691 4480 παγμὸν
720 4411 986 4481 ἡγήσατο
1015 4411 1082 4466 τό
1126 4411 1281 4468 εἶναι
1322 4417 1427 4469 ἶσα
1464 4411 1603 4481 Θὲᾧ,
1645 4411 1952 4471 ἀλλ⁹”ἐαῖι)-

456 4482 561 4533 τὸν
584 4481 860 4555 ἐκένωᾳε,
886 4484 1126 4552 μορφὴν
1153 4485 1378 4539 δούλου
1406 4486 1624 4550 λαϐὼν,
1651 4488 1718 4541 ἐν
1743 4487 1948 4555 ὁμοιώ-

451 4567 591 4625 ματι
623 4552 943 4625 (gregum
978 4557 1317 4625 γενόμενος,
1348 4557 1445 4608 καὶ
1484 4557 1745 4625 σχήματι
1772 4552 1950 4624 ἐὑρε-

455 4620 595 4685 θεὶς,
617 4620 1026 4695 ὠςᾲᾶνθρωπος
1042 4638 1053 4651 ·
1074 4620 1494 4695 ,ἐταπείνωσεν
1514 4620 1750 4689 ἐὰῦτόν,
1780 4620 1948 4695 γεᾶπό-

447 4707 632 4758 μενος
687 4692 958 4761 σρπήκοος
1009 4694 1183 4761 μέχρι
1242 4694 1521 4755 θανάτου,
1579 4692 1835 4749 θανάτου
1880 4697 1948 4749 δὲ

454 4759 737 4831 σταυροῦ.
756 4760 850 4813 Διὸ
877 4762 972 4831 καί
997 4765 1028 4813 d
1055 4759 1196 4830 Θεὸς
1224 4764 1408 4817 αὐτὸν
1436 4766 1814 4831 ὑπερύψωσεν,
1847 4768 1944 4819 καὶ

450 4828 772 4902 έχαρζσατο
792 4829 951 4902 αὐτῷ
976 4828 1256 4900 ὄνοματὸ
1285 4834 1434 4899 ὑπὲρ
1462 4828 1583 4887 acii:
1617 4828 1821 4902 ὄνομα.
1849 4836 1953 4888 ἵνα

451 4899 522 4951 ἐν
558 4897 637 4971 τῷ
666 4900 907 4971 ὀνόματι
942 4897 1142 4967 Ἰησοῦ
1184 4902 1306 4955 πᾶν
1344 4897 1490 4971 γόνυ
1533 4897 1739 4969 κάμψῂ
1769 4905 1946 4971 ἐπουέ

449 4969 677 5039 ρανίων
730 4970 829 5039 καὶ
885 4970 1159 5038 ἐπιγείων·
1219 4973 1313 5024 καὶ
1352 4969 1794 5039 καταχθονίων,
1850 4973 1945 5026 καὶ

450 5035 619 5111 πᾶσα
636 5037 891 5111 γλῶσσα
915 5035 1451 5111 ἐξομολογήσηται,
1482 5035 1571 5095 ὅῖι
1600 5042 1811 5111 Κύριος
1846 5045 1945 5111 Ἰη-

448 5106 601 5171 σοῦς
628 5109 881 5174 Χριστὸς
912 5111 998 5174 εὶς
1016 5106 1213 5173 δόξαν
1239 5112 1384 5165 Θεοῦ
1414 5115 1660 5179 Πατρός.

447 5326 517 5373 α’.
533 5321 757 5392 Εἴρηται
773 5322 908 5393 ἡμῖν
928 5322 996 5374 τά
1015 5322 1265 5393 περὶτῶν
1283 5326 1591 5394 αίρετικῶν·
1608 5326 1858 5399 εὔκαιρον
1880 5326 1943 5399 δὴ

373 5407 559 5461 λοιπὸν
578 5409 674 5463 καὶ
703 5410 771 5463 τά
801 5411 1042 5481 ἡμέτερα
1077 5412 1270 5463 εἰπεῖν.
1308 5413 1536 5466 Ἐκεῖνοι
1565 5415 1835 5484 λέγουσιν,
1861 5417 1942 5469 ὅτι

374 5495 456 5560 τὸ,
481 5498 602 5563 Οὐχ
626 5497 939 5566 ἁρπαγμὸν
966 5496 1256 5566 ἡγήσατο,
1292 5499 1539 5568 ἁρπάσαι
1571 5504 1744 5555 ἐστίν’
1779 5506 1939 5574 ἡμεῖς

375 5581 676 5651 ἐδείξαμεν,
718 5584 799 5635 ὅτι
834 5584 1009 5655 πάντη
1067 5583 1230 5637 ἕωλον
1260 5585 1353 5637 καὶ
1404 5586 1600 5641 ἄτοπον
1648 5591 1823 5656 τοῦτο,
1857 5592 1938 5644 ὅτι

374 5666 497 5723 οὔτε
523 5670 603 5734 είς
631 5669 1131 5742 ταπεινοφροσύνην
1182 5689 1264 5735 τις
1316 5672 1566 5730 ἐντεῦθεν
1608 5679 1935 5748 παρακαλεῖ,

2052 4280 2174 4334 οῦτε
2195 4282 2306 4366 *τὸν
2350 4284 2479 4338 Θεὸν
2505 4284 2645 4340 οῦτω
2686 4288 2976 4359 θαυμάζει,
3019 4291 3135 4345 ἀλλ’
3168 4293 3287 4346 οὐδὲ
3312 4294 3616 4366 ἄνθρωπον.

2053 4368 2115 4419 Τί
2162 4363 2252 4421 οὖν
2289 4371 2454 4435 ἐστιν,
2491 4373 2796 4443 άγαπητοί;
2836 4376 3137 4447 Προσέχετε
3166 4383 3277 4442 τοῖς
3309 4363 3621 4450 λεγομένοις

2051 4454 2165 4507 νῦν·
2206 4455 2422 4527 Ἐπειδὴ
2454 4458 2635 4512 πολλοὶ
2658 4460 2765 4514 τῶν
2798 4463 3101 4533 ἀνθρώπων
3129 4468 3457 4534 νομίζουσιν,
3491 4471 3619 4523 ὅταν

2049 4543 2470 4613 ταπεινόφρονες
2498 4539 2649 4609 ὦσιν,
2674 4548 3093 4619 ἀποστερεῖσθαι
3116 4552 3208 4604 τοῦ
3225 4554 3426 4607 οἰκείου
3458 4556 3621 4620 ἀξιώ-

2057 4645 2226 4696 ματος
2272 4631 2365 4683 καὶ
2419 4632 2767 4685 ἐλαττοῦσθαι
2826 4638 2917 4687 καὶ
2977 4640 3385 4704 ταπεινοῦσθαι,
3428 4644 3617 4697 τοῦτον

2049 4715 2277 4787 ἐξαιρῶν
2306 4718 2397 4771 τὸν
2426 4719 2605 4795 φόϐον,
2633 4721 2724 4774 καὶ
2746 4722 2959 4787 δεικνὺς
2999 4726 3080 4779 ὅτι
3105 4727 3165 4778 οὐ
3198 4730 3303 4798 χρὴ
3331 4730 3473 4783 οὕτω
3499 4732 3617 4785 δια-

2047 4805 2278 4868 κεῖσθαι,
2315 4808 2441 4875 περὶ
2472 4806 2566 4859 τοῦ
2605 4808 2739 4860 Θεοῦ
2775 4828 2956 4881 φησιν,
2986 4814 3066 4867 ὅτι
3094 4816 3121 4867 6
3153 4816 3302 4881 Θεὸς,
3333 4819 3361 4869 6
3394 4836 3617 4888 μονογε-

2048 4891 2143 4961 νὴς
2172 4892 2298 4954 Υἱὸς
2342 4894 2438 4945 τοῦ
2488 4896 2718 4965 Πατρὸς,
2745 4898 2773 4948 6
2796 4900 2851 4950 ἐν
2877 4902 3055 4971 μορφῇ
3103 4901 3236 4954 Θεοῦ
3268 4903 3364 4968 ῶν,
3391 4908 3418 4958 6
3448 4908 3614 4977 μηδὲν

2045 4978 2266 5030 ἔλαττον
2292 4979 2428 5048 ἔχων
2470 4979 2562 5033 τοῦ
2611 4984 2842 5053 Πατρὸς,
2867 4987 2893 5035 6
2919 4985 3029 5049 ίσος
3060 4988 3227 5059 αὐτῷ,
3259 4991 3355 5061 οὐχ
3393 4995 3612 5062 ἁρπαγ-

2049 5066 2147 5135 μὸν
2200 5064 2350 5136 [245]
2394 5068 2637 5138 ἡγήσατο
2672 5072 2731 5122 τὸ
2778 5067 2917 5124 εἶναι
2949 5074 3037 5127 ίσα
3064 5076 3202 5147 Θεῷ.
3248 5079 3312 5130 Τί
3345 5080 3401 5131 δὲ
3454 5082 3613 5135 τοῦτό

2045 5153 2182 5213 ἐστι,
2213 5151 2469 5220 μάνθανε·
2515 5154 2690 5227 Ὅπερ
2724 5157 2789 5209 ἂν
2818 5159 3043 5232 ἁρπάσῃ
3069 5180 3172 5227 τις,
3214 5165 3307 5218 καὶ
3348 5167 3496 5236 παρὰ
3547 5169 3610 5219 τὸ

2044 5238 2319 5309 προσῆκον
2347 5238 2506 5310 λάϐῃ,
2536 5241 2694 5295 τοῦτο
2716 5246 3014 5300 ἀποθέσθαι
3043 5249 3103 5300 ού
3133 5250 3325 5320 τολμᾷ,
3358 5253 3608 5318 δεδοικὼς

2047 5325 2122 5395 μὴ
2151 5325 2437 5397 ἀπόληται,
2468 5327 2540 5397 μὴ
2564 5329 2791 5401 ἐκπέσῃ,
2824 5333 2957 5386 ἀλλὰ
2987 5335 3272 5399 διαπαντὸς
3299 5339 3433 5391 αύτό
3484 5358 3608 5394 ιιατ-

2044 5412 2188 5482 έχειο
2229 5413 2258 5464 6
2294 5414 2475 5483 μέντοι
2516 5418 2741 5483 φυσικόν
2770 5436 2821 5470 τι
2855 5419 2990 5488 ἔχων
3022 5424 3256 5493 ἀξίωμα,
3296 5426 3355 5476 ού
3401 5426 3607 5480 δέδοικε

2046 5502 2139 5553 καὶ
2175 5500 2480 5567 καταϐῆναι
2508 5503 2603 5554 ἀπ’
2629 5505 2835 5557 ἐκείνου
2866 5508 2957 5559 τοῦ
2991 5507 3316 5579 ἀξιώματος,
3340 5512 3494 5577 εἰδὼς
3524 5516 3606 5568 ὅτι

2044 5587 2193 5639 οὐδὲν
2220 5586 2459 5640 τοιοῦτον
2514 5588 2778 5644 πείσεται.
2806 5586 2930 5647 Οἴον
2959 5594 3033 5658 ὠς
3080 5598 3170 5649 ἐπὶ
3212 5598 3607 5671 ὐποδείγματος

2045 5675 2132 5728 ἵνα
2164 5673 2322 5740 εἴπω,
2368 5675 2396 5726 6
2435 5675 2785 5748 Ἀϐεσσαλὼμ
2808 5678 3022 5750 ἥρπασε
3052 5681 3149 5752 τὴν
3179 5689 3490 5755 τυραννίδα,
3514 5694 3611 5745 καὶ
