4130 6386
537 233 648 291 ἓὲθ

539 344 837 402 ἀποθέσθαι
860 343 1065 416 ταύτην
1085 345 1185 398 οὑκ
1212 346 1417 417 ἐτόλμα
1447 348 1651 401 λοιπόν.
1697 348 1807 401 Καὶ
1854 348 1948 401 ὲπὶ
1972 347 2099 401 ἄλλο

536 440 596 493 δὲ
622 439 955 511 ἐλευσόμεθα
981 439 1302 511 ὑπόδειγμα.
1336 443 1433 493 ’Ἂν
1474 442 1530 494 δὲ
1574 442 1649 513 μὴ
1691 441 1850 513 ἰσχύῃ
1873 440 1943 493 τὰ
1972 441 2103 494 ὑπο-

536 531 806 602 δείγματα
828 531 889 583 τὸ
922 532 1029 587 πᾶν
1061 533 1430 603 παραστῆσαι,
1462 534 1536 604 μὴ
1578 532 1955 603 δυσχεραίνετε
1977 549 1990 563 ·
2030 533 2102 586 τά

538 625 651 694 γὰρ
682 624 1055 693 ὑποδείγματα
1079 623 1305 679 τοιαῦτά
1330 626 1445 679 ἔστι
1467 642 1480 656 ·
1514 626 1578 680 rb
1623 625 1780 678 πλέον
1812 626 2006 694 ἀφιᾶσι
2031 628 2099 696 τῇ

533 717 747 789 διανοίᾳ
775 715 1105 785 λογίζεσθαι.
1149 717 1453 786 Ἐπανέστη
1480 735 1562 779 τις
1597 716 1824 787 βασιλεῖ,
1864 718 1959 770 καὶ
2004 716 2101 788 τὴν

540 809 811 880 βασιλείαν
834 810 1115 880 ἥρπασεν
1156 805 1309 873 οὗτος
1352 810 1649 864 ἀποθέσθαι
1682 812 1774 864 καὶ
1801 810 2004 880 κρύψαι
2039 811 2101 863 rb

535 902 769 971 πρᾶγμα
795 900 855 952 οὑ
877 899 1049 970 τολμᾷ
1071 917 1085 932 ·
1131 900 1197 954 ἂν
1225 900 1334 972 γάρ
1366 900 1514 966 ἅπαξ
1541 901 1742 974 κρύψῃ,
1766 902 1967 965 εὐθέως
2002 901 2101 955 ἀπ·

528 988 753 1044 ὁλωλεν.
780 991 850 1043 Ἦ
886 992 981 1044 καὶ
1014 991 1106 1044 ἐπὶ
1134 990 1297 1045 ἄλλου
1319 992 1464 1056 τινὸς
1495 992 1737 1063 ἔλθωμεν
1765 992 2098 1062 ὑποδείγμα-

532 1097 625 1143 τος
645 1097 659 1110 ο
691 1074 824 1145 οἷον,
857 1081 1074 1153 ἦρπασέ
1122 1081 1207 1145 τίς
1233 1100 1307 1147 τι,
1340 1083 1498 1137 τοῦτο
1525 1085 1744 1155 κατέχει
1777 1084 2094 1148 διαπαντός·

532 1176 602 1228 ἂν
623 1175 730 1246 γάρ
759 1176 1051 1246 ἀπόθηται,
1084 1176 1287 1241 εὐθέως
1334 1177 1606 1232 ἀπώλεσε.
1642 1180 1752 1233 Καὶ
1789 1180 1925 1244 ὅλως
1951 1181 2001 1233 ot
2039 1179 2100 1245 ἔξ

529 1266 789 1337 ἁρπαγῆς
821 1266 1035 1336 ἔχοντές
1073 1284 1148 1331 τι,
1177 1267 1473 1322 δεδοίκασιν
1501 1269 1799 1323 ἀποθέσθαι
1828 1271 1920 1324 καὶ
1963 1268 2099 1342 κρύ-

527 1358 649 1425 ψαι,
677 1355 778 1411 καὶ⁴
818 1358 892 1428 μὴ
939 1358 1227 1422 διαπαντὸς
1268 1358 1405 1412 εἶναι
1433 1361 1491 1413 ὲν
1516 1361 1728 1432 ἐκείνῳ,
1771 1362 1830 1415 ἐν
1866 1359 1911 1429 ᾧ
1939 1363 2095 1416 εἰσιν.

543 1448 683 1501 Ἀλλ’
709 1450 807 1519 οὑχ
838 1450 887 1502 οἱ
920 1449 995 1520 μὴ
1023 1450 1083 1514 ἐξ
1109 1452 1365 1522 ἁρπαγῆς
1390 1452 1603 1522 ἔχοντες
1624 1469 1638 1484 ·
1668 1450 1801 1517 οἷον,
1827 1456 1856 1507 6
1887 1453 2097 1525 ἀνθρω-

529 1560 630 1606 πος
652 1543 865 1613 ἀξίωμα
897 1543 1007 1614 ἕχει
1026 1544 1085 1597 rb
1104 1541 1240 1597 εἶναι
1257 1545 1490 1613 λογικός.
1522 1546 1631 1615 Οὑχ
1658 1547 1895 1616 εὑρίσκω
1921 1545 2098 1617 παρά-

527 1634 745 1702 δειγμα.
782 1635 855 1686 Οὐ
888 1636 995 1704 γὰρ
1026 1634 1142 1687 ἔστι
1168 1636 1298 1706 παρ’
1322 1639 1456 1705 ἡμῖν
1497 1637 1639 1707 ἀρχὴ
1671 1638 1871 1708 φυσική
1892 1655 1906 1669 ’
1945 1638 2097 1690 οὐδὲν

526 1724 636 1793 γάρ
665 1726 781 1777 ἐστι
829 1724 938 1777 τῶν
970 1724 1187 1793 ἀγαθῶν
1217 1727 1465 1795 φυσικὸν,
1499 1726 1685 1797 ἐπειδὴ
1732 1726 1825 1780 τοῦ
1867 1726 2000 1780 Θεοῦ
2027 1730 2094 1799 τῇ

528 1814 688 1882 φύσει
722 1814 899 1869 πάντα
949 1816 1418 1889 συγκεκλήρωται.
1452 1819 1518 1871 Τί
1545 1814 1637 1871 οὖν
1667 1835 1880 1888 φαμεν;
1906 1819 2028 1871 ’Ότι
2067 1821 2096 1872 ὁ

526 1903 621 1956 τοῦ
654 1904 787 1957 Θεοῦ
816 1906 941 1968 Υἱὸς
968 1907 1067 1958 οὑκ
1091 1907 1327 1978 ἐφοϐήθη
1353 1909 1655 1979 καταϐῆναι
1684 1910 1790 1962 ἀπ’)
1808 1909 1903 1963 τοῦ
1927 1909 2094 1977 ἀξιώ-

529 2011 698 2065 ματος
720 2011 734 2025 ο
772 1995 832 2047 οὑ
870 1996 978 2067 γάρ
1005 1999 1296 2067 ἁρπαγμὸν
1326 2001 1569 2070 ἡγήσατο
1604 2001 1700 2073 τὴν
1722 2001 1969 2072 θεότητα,
1995 2004 2096 2056 οὑκ

526 2084 778 2138 ἐδεδοίκει
830 2088 904 2156 μή
956 2104 1038 2151 τις
1085 2089 1247 2142 αὑτὸν
1274 2090 1540 2161 ἀφέληται
1588 2092 1688 2162 τὴν
1742 2092 1922 2161 φύσιν,
1967 2095 2000 2163 ἢ
2034 2094 2096 2148 rb

524 2173 766 2245 ἀξίωμα.
784 2176 875 2228 Διὸ
897 2178 992 2230 καὶ
1019 2177 1253 2231 ἀπέθετο
1282 2179 1431 2244 αὑτὸ,
1459 2179 1677 2252 θαρρῶν
1702 2181 1785 2234 ὅτι
1814 2181 1943 2234 αὑτὸ
1966 2183 2096 2237 ἀνα-

522 2265 789 2334 λήψεται·
836 2268 930 2319 καὶ
976 2267 1246 2339 ἔκρυψεν,
1293 2270 1593 2341 ἡγούμενος
1638 2273 1790 2327 οὐδὲν
1836 2274 2093 2329 ἐλαττοῦ-

526 2358 651 2410 σθαι
677 2357 787 2410 ἀπὸ
816 2358 1027 2414 τούτου.
1054 2360 1153 2413 Διά
1178 2361 1335 2415 τοῦτο
1355 2364 1457 2417 οὑκ
1486 2361 1657 2428 εἶπεν,
1689 2366 1802 2435 Οὑχ
1824 2366 2091 2437 ἥρπασεν,

520 2448 661 2513 ἀλλ’,
698 2452 821 2519 Οὐχ
865 2452 1180 2520 ἁρπαγμὸν
1214 2454 1517 2523 ἡγήσατοι
1567 2458 1650 2510 ὅτι
1702 2459 1800 2528 οὑχ
1841 2459 2094 2530 ἀρπάσας

523 2536 639 2612 εἶχε
676 2542 774 2613 τὴν
826 2543 1022 2614 ἀρχὴν,
1052 2544 1189 2598 ἀλλά
1230 2546 1484 2616 φυσικὴν,
1517 2549 1578 2601 οὑ
1615 2549 1927 2622 δεδομένην,
1958 2551 2095 2605 ἀλλά

525 2633 753 2703 μόνιμον
776 2634 877 2690 καὶ
918 2636 1157 2706 ἀσφαλῆ.
1199 2638 1288 2691 Διὸ
1318 2638 1378 2692 οὑ
1412 2643 1759 2711 παραιτεῖται
1785 2644 1878 2698 καὶ
1902 2645 1962 2699 rb
1984 2646 2094 2700 τῶν

522 2726 885 2781 ὑπασπιστῶν
911 2728 1201 2783 ἀναλαϐεῖν
1226 2732 1434 2803 σχῆμα.
1467 2735 1525 2787 '0
1562 2734 1822 2807 τύραννος
1858 2738 2093 2793 δέδοικεν

521 2815 582 2868 ὲν
610 2816 831 2887 πολέμῳ
876 2817 1174 2873 ἀποθέσθαι
1219 2822 1318 2891 τὴν
1345 2824 1659 2895 ἁλουργίδα,
1697 2829 1726 2881 ὁ
1754 2828 1809 2881 δὲ
1841 2829 2091 2899 βασιλεὺς

524 2908 665 2976 μετὰ
688 2908 889 2977 πολλῆς
917 2910 1049 2963 αὑτὸ
1082 2915 1226 2965 ποιεῖ
1255 2915 1353 2983 τῆς
1395 2917 1715 2984 ἀσφαλείας.
1751 2921 1852 2972 Διά
1880 2922 1968 2987 τίς
2009 2924 2092 2976 ὅτι

519 2997 622 3067 οὑχ
642 2998 932 3068 ἁρπαγμὸν
966 2999 1079 3069 ἔχει
1124 3003 1223 3073 τὴν
1253 3005 1447 3075 ἀρχήν.
1487 3008 1599 3078 Οὐχ
1622 3009 1697 3072 ὡς
1719 3011 1970 3081 ἀρπάσας
1998 3010 2092 3069 οὑν

520 3087 623 3140 οὑκ
650 3088 955 3156 ἀπετίθετο,
990 3091 1106 3145 ἀλλ’
1132 3093 1211 3157 ώς
1244 3096 1479 3167 φυσικὴν
1502 3098 1661 3168 ἔχων,
1709 3103 1802 3155 καὶ
1836 3104 2090 3159 οὐδέποτε

520 3175 826 3246 ἀποστῆναι
882 3179 1205 3251 δυναμένην,
1257 3182 1478 3255 ἔκρυψε.
1526 3188 1695 3243 Τοῦτο
1740 3191 1801 3244 rb
1836 3190 1972 3247 εἶναι
2003 3196 2090 3251 ἶσα

521 3266 642 3338 Θεῷ
674 3270 773 3339 οὑχ
804 3270 879 3332 ὠς
904 3272 1196 3342 ἁρπαγμὸν
1219 3269 1384 3345 εἶχεν,
1415 3277 1549 3331 ἀλλά
1579 3282 1804 3348 φυσικόν
1822 3298 1837 3313 ⁸
1871 3284 1951 3339 διὸ
1978 3286 2094 3340 ὲκέο

520 3377 693 3412 νωσεν
721 3361 931 3415 ἔαυτόν.
959 3364 1067 3416 Ποῦ
1095 3366 1144 3417 οί
1169 3365 1438 3435 λέγοντες,
1471 3370 1553 3422 ὅτι
1589 3372 1834 3443 ἀνάγκην
1859 3376 2089 3448 ὑπέστη,

519 3452 604 3506 ὅτι
630 3452 912 3525 ὑπετάγη;
950 3456 1223 3522 Ἑαυτὸν,
1272 3461 1458 3531 φησὶν,
1509 3463 1828 3530 ἐκένωσεν,
1876 3468 2093 3523 ἑαυτὸν

520 3543 941 3611 ἐταπείνωσεν,
963 3545 1233 3615 ὑπήκοος
1262 3554 1582 3621 γενόμενος
1603 3554 1781 3625 μέχρι
1810 3560 2087 3615 θανάτου.

521 3635 647 3699 Πῶς
676 3637 944 3703 ὲκένωσε;
996 3641 1253 3710 Μορφὴν
1275 3642 1501 3701 δούλου
1547 3650 1766 3714 λαϐὼν,
1790 3651 1860 3704 ἐν
1887 3653 2094 3721 ὁμοιώ-

518 3743 667 3816 ματι
697 3730 1020 3797 ἀνθρώπων
1044 3736 1387 3804 γενόμενος,
1419 3740 1518 3794 καί
1547 3742 1809 3812 σχήματι
1828 3751 2093 3816 εὑρεθείς

519 3813 605 3880 ὡς
631 3814 954 3883 ἅνθρωπος.
998 3821 1260 3877 Ἐνταῦθα
1282 3827 1416 3895 πρὸς
1436 3829 1519 3893 rb,
1552 3832 1879 3902 Ἀλλήλους
1896 3813 2090 3907 661-06-

516 3920 691 3993 μενοι
728 3908 1132 3993 ὑπερέχοντας
1161 3914 1409 3983 ἑαυτῶν,
1444 3921 1603 3975 τοῦτο
1631 3920 1772 3992 εἷπε,
1805 3928 1888 3993 rb,
1923 3930 2087 3986 'Eav-

521 3991 632 4047 τὸν
654 3992 984 4091 ἐκένωσεν
1020 4000 1142 4053 ἐπεὶ
1172 4003 1222 4054 εί
1270 4004 1538 4079 ὑπετάγη,
1584 4012 1702 4065 οὑδὲ
1731 3991 2087 4091 ταπεινοφροο

524 4084 692 4176 σύνης
721 4082 788 4157 ἦν
818 4088 878 4142 τὸ
907 4092 1158 4162 πρᾶγμα,
1202 4097 1252 4148 εί
1287 4098 1362 4169 μὴ
1394 4102 1606 4156 οἴκοθεν
1627 4106 1784 4159 τοῦτο
1818 4082 2011 4176 εἵλετο,
2039 4116 2087 4166 εί

523 4173 602 4245 μὴ
630 4178 764 4267 παρ’
795 4178 1008 4233 ἑαυτοῦ.
1062 4182 1123 4235 Εί
1155 4182 1265 4256 γὰρ
1292 4187 1391 4240 οὐκ
1414 4189 1551 4260 ᾔδει,
1590 4193 1671 4245 ὅτι
1699 4193 1779 4247 δεῖ
1804 4197 1960 4250 τοῦτο
1992 4173 2086 4267 γε·

520 4266 730 4360 νέσθαι,
766 4268 919 4360 ωδ)
966 4272 1118 4327 ἔσται
1151 4276 1378 4348 ἀτελήςο
1427 4284 1475 4334 εί
1521 4283 1593 4354 μὴ
1615 4284 1769 4350 εἰδὼς
1798 4266 2086 4360 περιέμενε

520 4356 611 4445 τὸν
632 4358 821 4428 καιρὸν
836 4359 929 4413 τοῦ
956 4366 1394 4436 προστάγματος,
1418 4369 1568 4425 ἔσται
1591 4375 1779 4445 καιρὸν
1796 4356 1895 4431 οὑκ
1910 4356 2085 4445 εἰδώς·

520 4443 638 4535 ἢγεί
666 4446 783 4517 ᾔδει
816 4450 910 4502 καὶ
949 4451 1032 4503 ὃτι
1071 4454 1152 4506 δεῖ
1188 4458 1465 4523 γενέσθαι,
1515 4463 1608 4514 καὶ
1656 4443 1785 4517 πότε
1814 4443 2085 4535 γενέσθαι,

521 4534 662 4599 τίνος
693 4537 880 4591 ἕνεκεν
907 4541 1243 4615 ὑποταγῆναι
1288 4549 1595 4621 ὑπέμενεν;
1630 4553 1748 4610 ’Ἰνα
1791 4557 1941 4631 δείξῃ
1989 4562 2088 4631 τὴν

520 4625 616 4678 τοῦ
647 4628 861 4699 Πατρὸς
894 4632 1188 4706 ὑπεροχήν.
1224 4638 1393 4694 Τοῦτο
1417 4642 1477 4694 οὑ
1527 4647 1736 4717 Πατρός
1776 4625 2085 4718 ὲστιδεῖεαι

520 4718 621 4814 τῆν
649 4720 942 4814 ὑπεροχὴν,
968 4726 1082 4778 ἀλλ’
1107 4729 1314 4785 οἰκείαν
1333 4733 1607 4790 εὐτέλειαν
1626 4755 1641 4768 ·
1673 4740 1735 4792 οὑ
1768 4741 1874 4814 γὰρ
1907 4745 2087 4798 ἱκανὸν

520 4808 582 4908 rb
607 4807 699 4908 τοῦ
723 4811 934 4908 Πατρὺς
951 4815 1125 4908 ¹ὁνομα
1147 4820 1406 4886 δεῖξαιτά
1434 4828 1700 4897 πρεσῦεῖα
1723 4807 1815 4887 τοῦ
1838 4807 2082 4908 Πατρὸς;

521 4899 706 4993 Χᾷωρὶς
738 4902 847 4974 γάρ
899 4902 1088 4960 τούτου
1124 4911 1302 4965 πάντα
1346 4915 1416 4967 τά
1445 4918 1586 4971 αὑτά
1619 4920 1737 4974 ἐστι
1784 4922 1864 4993 τῷ
1907 4899 2082 4981 Παιδί.

761 4994 839 5059 δὲ,
866 4998 988 5051 οὑδὲ
1017 5001 1176 5074 ίκανὴ
1206 5003 1347 5077 αὕτη
1380 5008 1413 5077 ὴ
1452 5011 1583 5082 τιμὴ
1610 5011 1717 5065 ἀπὸ
1749 4990 1846 5068 τοῦ
1878 5017 2085 5087 Πατρδς

518 5082 771 5154 διαϐῆναι
804 5088 940 5158 πρὸς
970 5092 1062 5145 rbv
1093 5093 1242 5148 Υίόν.
1278 5098 1461 5169 Χωρὶς
1489 5100 1547 5153 δὲ
1586 5102 1795 5172 τούτου,
1821 5082 2085 5163 πάντα-τὰ

520 5174 616 5228 τοῦ
644 5179 855 5250 Πατρὸς
878 5184 1030 5239 κοινά
1063 5186 1178 5239 ἐστι
1206 5188 1283 5258 τῷ
1315 5190 1491 5244 Παιδί.

596 5331 662 5402 β’.
679 5335 941 5425 Ἐνταῦθα
964 5340 1342 5415 ἐπιλαϐόμενοι
1356 5348 1450 5400 τοῦ
1470 5350 1632 5420 ῥητοῦ
1651 5356 1698 5406 οἱ
1716 5355 1822 5407 ἀπὸ
1833 5358 2085 5425 Μαρκίω-

521 5440 632 5488 νος,
682 5424 835 5492 Ἰδοὺ,
874 5432 1056 5498 φασὶν,
1079 5435 1178 5488 οὐκ
1217 5439 1431 5505 ἐγένετο
1455 5441 1753 5513 ἄνθρωπος,
1805 5447 1939 5514 ἀλλ’,
1983 5451 2084 5503 Ἐν

520 5512 837 5582 ὁμοιώματι
881 5520 1189 5588 ἀνθρώπου
1212 5528 1545 5596 γενόμενος.
1580 5533 1702 5597 Πῶς
1744 5535 1800 5587 δὲ
1834 5512 1980 5591 ἔστιν
2023 5540 2083 5593 ὲν

518 5600 827 5675 ὁμοιώματι
854 5611 1153 5683 ἀνθρώπων
1177 5619 1459 5687 γενέσθαι;
1498 5624 1653 5679 σκιὰν
1685 5629 2079 5703 περιϐαλλόμε-

1209 232 1268 287 S.
1310 229 1592 288 JOANNIS
1620 229 2105 288 CHRYSOSTOMI
2141 197 2459 288 ARCHIEP.
2497 230 3038 297 CONS’I‘ANTINOP.

3660 247 3765 302 250

2209 364 2330 413 vov;
2364 346 2572 402 Οὐκοῦν
2603 348 2818 401 εἴδωλον
2856 348 3013 405 τοῦτὸ
3057 351 3195 417 ἐστι,
3237 354 3331 407 καὶ
3362 354 3461 411 οὑκ
3489 355 3634 412 ἔστιν
3676 363 3767 417 ἀν-

2208 433 2426 505 θρώπου
2455 438 2704 507 ὁμοίωμα
2729 454 2744 470 ·
2791 438 3080 509 ἀνθρώπου
3113 442 3218 514 γὰρ
3254 445 3527 517 ὁμοίωμα,
3559 449 3768 521 ἀνθρω-

2208 543 2308 589 πος
2329 527 2531 598 ἔτερος.
2571 527 2636 580 Τί
2679 528 2737 581 δὲ
2784 529 2927 600 ἐρεῖς
2977 531 3198 607 Ἰωάννῃ
3225 534 3455 603 λέγοντι,
3491 540 3554 592 '0
3580 542 3769 612 Λόγος

2206 619 2362 687 σὰρξ
2385 619 2661 689 ἐγένετο;
2704 620 2864 674 Ἀλλὰ
2896 622 2989 675 καὶ
3019 623 3180 688 αὑτὸς
3224 618 3378 689 οὗτός
3409 646 3572 698 φησιν
3598 633 3625 684 ὁ
3664 649 3768 697 μα-

2206 709 2396 780 κάριος
2424 710 2682 781 ἀλλαχοῦ,
2735 712 2838 765 Ἐν
2862 710 3174 782 ὁμοιώματι
3201 716 3427 785 σαρκὸς
3458 718 3764 789 ἁμαρτίας.

2206 799 2318 853 Καὶ
2351 798 2617 869 σχήματι
2647 801 2907 868 εὑρεθείς
2934 802 3016 869 ὡς
3050 802 3377 872 ἄνθρωπος,
3425 807 3578 873 Ἰδοὺ,
3610 811 3766 880 φησὶ,

2204 890 2319 944 Kal
2359 892 2644 959 σχήματι,
2690 891 2805 953 καὶ,
2852 891 2951 957 Ὠς
2982 892 3311 961 ἄνθρωπος.
3364 896 3531 950 Τοῦτο
3566 898 3625 951 δὲ
3667 899 3769 953 οὑκ

2205 981 2352 1035 ἔστιν
2382 982 2664 1052 ἄνθρωπος
2693 981 2927 1051 ἀληθῶς,
2956 982 3018 1035 rb
3045 984 3118 1047 ώς
3152 984 3436 1056 ἄνθρωπον
3464 983 3625 1051 εἶναι,
3674 989 3769 1042 καὶ

2205 1072 2266 1125 rb
2289 1073 2527 1142 σχήματι
2560 1067 2701 1125 εἶναι
2727 1071 3012 1142 ἄνθρωπον
3056 1090 3070 1104 ·
3104 1074 3164 1128 τὸ
3193 1076 3302 1147 γὰρ
3347 1078 3585 1149 σχήματι
3627 1072 3767 1133 εῖναι

2203 1161 2509 1233 ἄνθρωπον,
2547 1162 2647 1217 οὑκ
2698 1161 2814 1215 ἔστι
2844 1162 3002 1231 φύσει
3047 1163 3329 1236 ἄνθρωπον
3369 1163 3530 1222 εῖναι.
3574 1168 3766 1238 Ὁρᾶτε

2208 1251 2325 1322 μεθ’
2348 1252 2481 1323 ὅσης
2529 1250 2639 1320 ἐγὼ
2678 1250 3093 1321 εὐγνωμοσύνης
3125 1254 3193 1307 τά
3235 1254 3384 1325 παρά
3409 1254 3518 1307 τῶν
3557 1255 3766 1328 ἐχθρῶν

2203 1342 2394 1412 τίθημι
2423 1360 2438 1408 ;
2483 1342 2550 1394 Ἦ
2585 1342 2694 1411 γάρ
2727 1340 2952 1412 λαμπρά
2979 1341 3102 1411 νίκη
3135 1342 3231 1397 καὶ
3253 1346 3318 1397 ἔκ
3343 1345 3662 1416 περιουσίας
3682 1364 3767 1416 γι-

2204 1433 2404 1503 νομένη
2433 1432 2570 1503 αὕτη
2604 1433 2772 1494 ἐστὶν,
2803 1433 2931 1485 ὅταν
2959 1432 3029 1485 τὰ
3055 1433 3312 1488 δοκοῦντα
3349 1436 3527 1489 αὑτῶν
3572 1437 3766 1508 ἰσχυρὰ

2204 1523 2342 1581 εἶναι
2371 1527 2469 1580 οὑκ
2492 1525 2962 1596 ἀποκρύπτωμεν·
2993 1525 3054 1578 τὸ
3085 1525 3193 1596 γὰρ
3223 1527 3597 1597 ἀποκρύπτειν
3625 1530 3766 1581 ἀπά-

2202 1636 2270 1690 τη
2302 1618 2419 1670 ὲστὶ
2450 1618 2671 1687 μᾶλλον,
2697 1618 2730 1688 ἢ
2760 1618 2903 1689 νίκη.
2937 1617 3001 1670 Τί
3028 1613 3121 1672 οὖν
3144 1635 3276 1687 φασι
3310 1619 3507 1690 (πάλιν
3536 1620 3643 1690 γάρ
3669 1620 3765 1672 αὑ-

2203 1707 2272 1762 τά
2300 1706 2677 1778 ἀναλάϐωμεν)
2704 1724 2717 1773 ;
2746 1708 2841 1773 Τὸ,
2876 1708 3158 1779 Σχήματα,
3186 1709 3285 1764 οὑκ
3308 1709 3421 1764 ἔστι
3457 1711 3637 1779 φύσει,
3672 1711 3767 1764 καὶ
3802 1730 3805 1731 ⁷

2202 1799 2283 1864 rb,
2316 1799 2391 1863 ὠς
2436 1799 2721 1870 ἄνθρωπον
2748 1794 2908 1865 εἶναι,
2956 1800 3051 1854 καὶ
3090 1801 3172 1864 rb,
3215 1801 3273 1853 ὲν
3317 1801 3622 1871 ὁμοιώματι
3669 1803 3765 1855 ἀν-

2205 1890 2429 1959 θρώπου
2460 1886 2623 1954 εἶναι,
2660 1890 2759 1944 οὑκ
2786 1889 2902 1944 ἔστι
2931 1890 3088 1945 τοῦτο
3119 1891 3403 1962 ἄνθρωπον
3429 1887 3590 1948 εἶναι.
3624 1894 3761 1964 ’Δρσ

2203 1981 2299 2034 καὶ
2346 1981 2408 2033 rb
2458 1981 2671 2052 μορφὴν
2716 1981 2901 2035 δούλου
2943 1982 3146 2049 λαϐεῖν,
3190 1983 3289 2036 οὑκ
3335 1982 3450 2035 ἔστι
3499 1984 3764 2053 μορφὴνι

2200 2070 2384 2125 δούλου
2418 2072 2622 2127 λαϐεῖν.
2650 2067 2857 2126 Οὐκοῦν
2888 2072 3035 2143 μάχη
3061 2072 3292 2127 ἐνταῦθα
3315 2089 3333 2105 ο
3367 2076 3462 2128 καὶ
3485 2073 3573 2127 διὰ
3599 2074 3654 2126 τί
3685 2074 3762 2145 μὴ

2201 2161 2375 2215 ἐκεῖνο
2406 2164 2469 2215 σὺ
2503 2163 2766 2235 πρότερος
2800 2162 2983 2230 λύεις;
3034 2164 3240 2234 Ὠσπερ
3268 2164 3374 2236 γὰρ
3415 2162 3585 2217 ταῦτα
3611 2165 3766 2234 νομί-

2201 2250 2315 2316 ζεις
2342 2255 2474 2323 ἡμῖν
2496 2254 2851 2318 ἀντικεῖσθαι,
2882 2253 3025 2308 οὕτω
3056 2256 3149 2308 καὶ
3173 2257 3335 2325 ἡμεῖς
3363 2272 3546 2325 φαμεν
3585 2255 3764 2308 ἐκεῖνό

2202 2360 2282 2397 σοι
2329 2344 2679 2398 ἀντικεῖσθαι.
2719 2347 2792 2399 Οὑ
2831 2344 2939 2415 γὰρ
2976 2341 3149 2410 εἴπεν,
3203 2346 3291 2410 Ὠς
3335 2346 3516 2417 μορφὴ
3554 2346 3762 2412 δούλου,

2200 2432 2339 2495 οὑδὲ,
2355 2431 2445 2486 Ἐν
2462 2432 2767 2503 ὁμοιώματι
2792 2435 3002 2507 μορφῆς
3016 2434 3222 2499 δούλου,
3242 2436 3380 2499 οὐδὲ,
3415 2437 3501 2489 Ἐν
3525 2436 3763 2507 σχήματι

2204 2524 2415 2594 μορφῆς
2446 2522 2652 2589 δούλου,
2705 2523 2860 2591 ἀλλὰ,
2901 2524 3155 2593 Μορφὴν
3204 2524 3429 2579 δούλου
3456 2526 3652 2580 ἔλαϐε.
3697 2526 3763 2578 Τί

2200 2610 2294 2668 οὖν
2316 2618 2456 2682 hort;
2485 2616 2709 2686 καὶγὰρ
2737 2616 2881 2685 μάχη
2912 2617 3077 2671 ἐστίν.
3102 2616 3338 2685 Οὐδεμία
3367 2617 3535 2686 μάχη,
3562 2615 3635 2686 μὴ
3666 2616 3761 2684 γέ-

2200 2722 2364 2759 νοιτο*
2392 2705 2529 2761 ἀλλά
2567 2708 2652 2770 τίς
2694 2708 2723 2760 ὁ
2752 2706 2955 2777 ψυχρὸς
2992 2707 3170 2761 αὑτῶν
3201 2707 3354 2773 λόγος
3402 2708 3505 2775 καὶ,
3531 2707 3763 2776 καταγέ-

2199 2794 2413 2861 λαστος;
2446 2797 2672 2867 Μορφὴν
2690 2796 2895 2862 δούλου,
2921 2799 3104 2866 φασὶν,
3128 2796 3335 2861 ἔλαϐεν,
3363 2798 3524 2851 ὅτιτὸ
3555 2797 3759 2853 λέντιον

2200 2885 2638 2956 περιζωσάμενος
2667 2887 2813 2956 ἔνιψε
2839 2887 2963 2950 τοὺς
2987 2887 3151 2951 πόδας
3174 2888 3283 2941 τῶν
3312 2886 3591 2958 μαθητῶν.
3624 2887 3761 2941 Τοῦ-

2198 2993 2259 3029 το
2288 2976 2467 3047 μορφὴ
2486 2977 2671 3030 δούλου
2699 2977 2875 3044 ὲστίν;
2917 2977 3057 3031 Ἀλλ’
3085 2979 3185 3031 οὑκ
3224 2978 3338 3031 ἔστι
3386 2978 3542 3032 τοῦτο
3573 2979 3757 3049 μορφὴ

2198 3064 2406 3131 δούλου,
2442 3065 2557 3118 ἀλλ’
2600 3065 2759 3137 ἔργον
2802 3065 3009 3119 δούλου.
3050 3066 3275 3139 Ἕτερον
3315 3066 3374 3120 δέ
3415 3070 3559 3121 ἔστιν
3599 3068 3759 3139 ἔργον

2200 3150 2337 3208 εἶναι
2364 3155 2571 3222 δούλου,
2604 3157 2699 3209 καὶ
2745 3156 2927 3228 ἔτερον
2961 3157 3171 3228 μορφὴν
3199 3158 3385 3211 δούλου
3423 3158 3627 3214 λαϐεῖν.
3659 3159 3759 3212 Διά

2197 3246 2251 3299 τί
2279 3246 2386 3317 γὰρ
2418 3248 2517 3299 οὑκ
2537 3244 2709 3316 εἶπεν,
2736 3249 2817 3301 ὅτι
2846 3247 3048 3319 Ἔργον
3066 3250 3285 3319 εποίησε
3311 3250 3516 3314 δούλου,
3533 3250 3562 3303 ὃ
3594 3249 3758 3319 σαφέ-

2199 3353 2387 3406 στερον
2414 3331 2516 3407 ἦνς
2563 3337 2814 3407 Οὑδαμοῦ
2865 3337 2921 3390 δὲ
2958 3340 3016 3391 ὲν
3052 3341 3118 3409 τῇ
3172 3339 3360 3411 Γραφῇ
3402 3339 3584 3411 μορφὴ
3632 3340 3754 3394 ἀντὶ

2198 3427 2359 3499 ἔργου
2393 3429 2626 3500 εἴρηται.
2660 3430 2799 3482 Πολὺ
2827 3429 2934 3500 γάρ
2965 3430 3025 3483 rb
3052 3431 3215 3498 μέσον
3246 3448 3261 3462 ’
3285 3431 3345 3485 rb
3385 3433 3482 3502 μὲν
3509 3433 3615 3502 γὰρ
3654 3431 3756 3501 φύ-

2200 3519 2337 3583 σεώς
2356 3521 2490 3586 ἐστι,
2530 3520 2592 3573 rb
2626 3519 2685 3572 δὲ
2716 3523 3016 3591 ἐνεργείας.
3058 3523 3168 3576 Καὶ
3206 3524 3264 3575 ἔν
3303 3525 3370 3594 τῇ
3407 3523 3662 3596 συνηθείᾳ
3699 3523 3757 3577 δὲ

2196 3610 2431 3682 οὐδαμοῦ
2465 3612 2563 3683 τὴν
2598 3610 2811 3683 μορφὴν
2847 3613 2967 3667 ἀντὶ
2997 3611 3159 3685 ἔργου
3192 3613 3440 3683 λέγοντες
3484 3614 3757 3686 λαμϐάνοι

2200 3716 2318 3769 μεν.
2348 3700 2553 3764 Ἀλλως
2580 3702 2657 3764 δὲ,
2688 3702 2808 3755 οὑδὲ
2833 3702 2892 3755 τὸ
2924 3702 3081 3772 ἔργον
3107 3706 3325 3775 ἐποίησε
3347 3707 3464 3758 κατ’
3493 3706 3754 3771 ἐκείνους,

2196 3789 2317 3843 οὑδὲ
2350 3789 2501 3862 [247]
2525 3790 2629 3861 μὴν
2646 3791 2953 3856 διεζώσατο.
2982 3794 3041 3846 Εί
3061 3793 3168 3865 γὰρ
3196 3795 3460 3864 φαντασία
3487 3796 3548 3848 rb
3575 3799 3754 3867 πρᾶγ-

2201 3897 2278 3950 μα
2326 3876 2417 3952 ἦν,
2455 3882 2555 3935 οὑκ
2598 3878 2668 3953 ῆν
2712 3881 2939 3954 ἀλήθεια
2969 3899 2985 3915 ·
3028 3884 3182 3955 εἰμὴ
3227 3888 3414 3956 χεῖρας
3458 3882 3596 3957 εἶχε,
3639 3888 3756 3953 πῶς

2197 3970 2408 4040 ἔνιψεν;
2434 3973 2483 4025 εί
2506 3972 2581 4042 μὴ
2610 3971 2778 4040 ὀσφὺν
2811 3968 2942 4042 εἶχε,
2975 3974 3090 4037 πῶς
3113 3973 3313 4029 λέντιον
3347 3978 3751 4047 περιεζώσατος

2196 4065 2323 4117 ποῖα
2348 4064 2405 4116 δὲ
2450 4065 2542 4117 καὶ
2580 4064 2767 4133 ἱμάτια
2808 4064 3028 4130 ἔλαϐεν;
3066 4066 3285 4120 Ἐλαόε
3311 4066 3420 4137 γὰρ
3449 4071 3522 4122 τὰ
3558 4070 3757 4137 ἱμάτια

2195 4153 2400 4221 αὑτοῦ,
2453 4153 2636 4224 φησίν.
2670 4154 2881 4224 Ὠσπερ
2934 4149 3027 4207 οὖν
3069 4156 3189 4209 οὑδὲ
3223 4156 3283 4209 rb
3326 4156 3485 4226 ἔργον
3521 4160 3756 4214 ἐνταῦθα

2194 4245 2508 4317 εὑρίσκεται
2549 4246 2787 4315 γεγονὸς,
2821 4246 2955 4299 ἀλλά
2992 4247 3175 4318 ἀπάτη
3215 4249 3331 4302 ἐστὶ
3361 4249 3539 4319 μόνον,
3584 4251 3756 4317 οὑτως

2194 4336 2315 4389 οὑδὲ
2343 4336 2489 4407 ἔνιψε
2515 4338 2639 4400 τοὺς
2667 4337 2828 4401 πόδας
2872 4337 2981 4391 τῶν
3020 4339 3291 4409 μαθητῶν.
3325 4340 3388 4393 Εί
3415 4340 3518 4413 γάρ
3548 4344 3582 4413 ἠ
3614 4343 3755 4397 ἀσώ-

2199 4446 2364 4498 ματος
2404 4429 2561 4497 φύσις
2593 4430 2691 4483 οὐκ
2719 4431 2911 4500 ἐφάνη,
2956 4432 3016 4483 ὲν
3045 4431 3255 4501 σώματι
3275 4432 3374 4486 οὑκ
3399 4428 3487 4503 ἦν.
3528 4434 3624 4497 Τίς
3659 4430 3753 4487 οὖν

2194 4520 2320 4582 τοὺς
2349 4520 2596 4591 μαθητὰς
2624 4520 2772 4591 ἔνιψε
2804 4538 2819 4589 ;
2861 4522 2925 4574 Τί
2948 4517 3042 4575 οὖν
3070 4522 3230 4576 πάλιν
3258 4524 3394 4594 πρὸς
3427 4523 3637 4579 Παῦλον
3663 4525 3752 4578 τὸν

2196 4609 2512 4678 Σαμοσατέα
2567 4611 2831 4683 ὲροῦμεν;
2882 4614 2992 4667 Καὶ
3020 4614 3071 4666 τί
3117 4615 3322 4678 ἐκεῖνος
3362 4610 3502 4682 εἷπε,
3549 4616 3748 4685 φησίν;

2193 4700 2362 4764 Δὺτὺς
2386 4700 2446 4754 rb
2473 4702 2604 4755 αὑτό
2629 4720 2789 4774 φησιν
2810 4721 2824 4735 ·
2857 4704 2970 4757 ἀλλ’
2996 4706 3094 4758 οὐκ
3123 4705 3237 4759 ἔστι
3253 4706 3406 4761 τοῦτο
3419 4708 3665 4774 κένωσις,
3691 4710 3752 4762 rb

2194 4794 2407 4863 φύσεως
2441 4796 2569 4850 ὄντα
2588 4797 2933 4870 ἀνθρωπίνης
2968 4801 3059 4852 καὶ
3090 4800 3371 4872 ἄνθρωπον
3392 4802 3566 4872 ψιλὸν,
3600 4802 3751 4872 νίψαι

2191 4888 2318 4949 τοὺς
2347 4887 2686 4959 ὁμοδούλους.
2734 4890 2800 4941 ’Ἀ
2838 4891 2944 4960 γάρ
2990 4892 3215 4961 εἴπομεν
3247 4894 3382 4963 πρὸς
3417 4894 3747 4962 Ἀρειανοὺς,

2191 4974 2366 5028 ταῦτα
2403 4978 2495 5029 καὶ
2523 4978 2659 5047 πρὸς
2685 4979 2903 5042 τούτους
2932 4980 3150 5049 ῥητέον·
3191 4982 3340 5035 οὑδὲν
3369 4982 3477 5052 γὰρ
3506 4979 3750 5051 ἀλλήλων

2191 5064 2556 5134 διεστήκασιν,
2579 5067 2694 5121 ἀλλ’
2727 5068 2758 5138 ἢ
2784 5068 2951 5139 ὀλίγῳ
2978 5070 3153 5139 χρόνῳ
3176 5086 3188 5098 ·
3224 5072 3317 5123 καὶ
3344 5072 3450 5140 γάρ
3482 5071 3573 5124 καὶ
3604 5066 3748 5123 οὗτοι

2192 5155 2433 5207 κάκεῖνοι
2480 5156 2685 5226 κτίσμα
2728 5158 2820 5211 τὸν
2861 5159 2987 5211 Υίὸν
3025 5161 3119 5212 τοῦ
3161 5159 3295 5213 Θεοῦ
3351 5178 3503 5229 φασι.
3554 5161 3618 5213 Τί
3654 5158 3747 5215 οὑν

2191 5244 2421 5316 ἐροῦμεν
2442 5246 2576 5316 πρὸς
2591 5248 2781 5311 αὐτούς
2799 5267 2814 5315 ;
2834 5251 2896 5302 El
2916 5249 3194 5322 ἄνθρωπος
3212 5250 3525 5322 ἀνθρώπους
3546 5252 3745 5320 ἔνιψεν,

2190 5335 2288 5387 οὑκ
2311 5335 2594 5401 ἐκένωσεν,
2623 5337 2721 5390 οὑκ
2748 5340 3107 5395 ἐταπείνωσεν
3129 5342 3317 5395 ἑαυτόν
3351 5357 3365 5371 ·
3395 5344 3443 5395 εί
3464 5340 3745 5412 ἄνθρωπος

2250 5644 2279 5675 ⁸
2300 5644 2393 5696 Pro
2415 5648 2594 5711 μορφήν
2617 5654 2751 5699 recte
2762 5648 2986 5715 'Dunzens
3012 5652 3145 5715 φύσιν
3164 5653 3428 5717 legendum
3452 5659 3639 5705 censet.
