4108 6410
322 5939 348 5976 l

352 347 463 407 £29

356 464 594 535 percipe.
622 462 773 529 Quod
802 462 1024 533 quisque
1050 461 1244 531 rapuit,
1272 470 1327 515 et
1348 470 1543 532 praeter
1566 473 1934 531 :equumacce—

352 559 451 625 pit,
469 556 522 609 id
535 556 808 624 deponere
818 568 1151 624 nequaquam
1169 553 1347 618 audet,
1364 555 1560 609 veritus
1574 569 1641 608 ne
1660 552 1935 606 amittatur

356 659 516 719 atque
564 649 842 713 eiahatur,
891 646 987 702 sed
1034 656 1297 717 perpetuo
1345 646 1484 717 apud
1519 662 1581 701 se
1613 645 1808 701 retinet
1836 664 1850 699 :
1878 654 1935 699 at

352 742 441 811 qui
472 741 769 796 naturalem
797 740 1102 812 quampiam
1152 740 1461 810 dignitatem
1491 739 1680 805 habet,
1734 738 1780 794 is
1824 753 1932 793 non

353 835 546 889 metuit
595 834 664 888 ab
728 834 817 889 illa
878 834 1039 889 etiam
1104 833 1362 904 dignitate
1415 832 1777 897 descendere;
1830 831 1935 886 scit

348 925 495 979 enim
523 940 582 979 se
608 924 742 978 nihil
771 923 1071 995 lnijusmodi
1108 938 1387 993 passurum
1414 937 1554 978 esse.
1578 921 1808 977 At’feram
1838 936 1933 976 ex-

353 1016 895 1087 emplumzAbsalon
954 1024 1208 1087 rapuerat
1264 1013 1624 1087 tyrannidem,
1679 1014 1933 1083 illamque

352 1110 623 1178 deponere
653 1124 772 1164 non
804 1108 1052 1164 audebat.
1097 1108 1205 1164 Sed
1250 1106 1393 1161 aliud
1439 1107 1598 1162 etiam
1629 1105 1931 1175 exemplum

352 1215 734 1271 proponemus.
765 1199 918 1268 Quod
944 1201 990 1255 si
1017 1199 1264 1270 exempla
1290 1214 1404 1254 rem
1444 1206 1608 1253 totam
1634 1211 1931 1267 reprwsen-

352 1303 470 1347 tare
515 1300 818 1362 nequeunt,
865 1306 935 1346 ne
974 1290 1198 1345 moleste
1242 1288 1468 1345 feratis:
1500 1290 1742 1358 exempla
1787 1288 1929 1343 enim

351 1391 477 1437 sunt
502 1382 839 1453 huiusmodi,
872 1384 1127 1450 majorem
1174 1388 1378 1451 partem
1406 1379 1572 1435 menti
1595 1378 1929 1449 cogitandam

352 1475 677 1545 relinquunt.
709 1475 763 1529 lu
808 1488 987 1544 regem
1035 1474 1302 1543 quispiam
1332 1472 1557 1535 invasit,
1605 1485 1932 1540 regnumque

350 1569 565 1637 eripuit.
608 1567 705 1622 llic
753 1567 1063 1638 deponere,
1114 1574 1209 1621 aut
1252 1565 1525 1621 occultare
1556 1565 1929 1619 auctoritatem

350 1674 503 1714 suam
546 1659 765 1714 minime
814 1659 974 1714 audet
1006 1676 1020 1713 ε
1052 1673 1174 1713 nam
1227 1658 1273 1711 si
1318 1656 1487 1712 semel
1543 1655 1927 1722 occultaverit,

353 1751 533 1804 statim
563 1751 650 1805 illa
677 1750 962 1805 amittitur.
991 1748 1144 1817 Quod
1174 1748 1478 1818 exemplum
1526 1749 1643 1801 aliis
1678 1747 1837 1802 etiam
1863 1763 1930 1802 ex

350 1842 513 1898 rebus
533 1845 639 1912 peti
662 1851 873 1912 potest:
897 1842 1045 1897 verbi
1068 1842 1257 1911 gratia,
1281 1841 1325 1895 si
1361 1839 1481 1911 quis
1504 1839 1703 1909 aliquid
1731 1838 1926 1909 rapuit,

348 1934 405 1988 id
423 1943 679 2005 perpetuo
701 1934 923 1990 retinet:
944 1949 1066 1988 nam
1078 1948 1198 1987 cum
1215 1934 1439 2002 primum
1457 1931 1581 1985 illud
1600 1930 1926 2000 deposuerit,

352 2029 578 2083 amittet.
605 2028 942 2097 Omninoque
983 2026 1125 2097 quod
1164 2027 1387 2096 quisque
1423 2041 1486 2079 ex
1518 2024 1701 2093 rapina
1731 2022 1925 2087 habet,

354 2120 506 2173 timet
525 2119 794 2187 deponere
823 2130 983 2187 atque
1012 2134 1040 2171 a
1067 2133 1126 2172 se
1155 2132 1374 2171 movere
1394 2158 1409 2183 ,
1454 2125 1509 2170 et
1538 2129 1642 2169 non
1673 2124 1930 2193 perpetuo

354 2212 481 2266 illud
508 2212 758 2278 retinere,
786 2211 926 2281 quod
953 2212 1253 2280 occupavit.
1293 2210 1461 2265 Abest
1486 2224 1615 2263 vero
1642 2209 1727 2263 hic
1771 2208 1930 2262 timor

352 2305 419 2357 ah
448 2305 531 2369 iis,
562 2305 651 2373 qui
688 2304 906 2358 minime
927 2318 991 2357 ex
1018 2304 1200 2372 rapina
1228 2302 1455 2368 habent;
1484 2312 1543 2356 ut
1566 2300 1727 2355 homo
1756 2300 1929 2371 digni-

350 2404 513 2451 tatem
542 2397 696 2451 istam
724 2396 885 2450 habet
907 2403 963 2450 ut
987 2395 1210 2449 rationis
1228 2409 1449 2463 compos
1475 2394 1562 2448 sit.
1585 2392 1691 2448 Sed
1721 2407 1825 2446 non
1851 2394 1931 2445 in-

354 2488 507 2540 venio
534 2492 662 2541 satis
685 2497 865 2556 apt-um
893 2486 1218 2555 exemplum.
1249 2486 1361 2540 Non
1388 2487 1529 2540 enim
1558 2494 1642 2540 est
1665 2485 1803 2555 apud
1832 2500 1929 2539 nos

352 2578 681 2647 principatus
704 2579 962 2633 naturalis
988 2596 1001 2631 :
1032 2578 1293 2633 honorum
1323 2578 1520 2647 quippe
1548 2576 1748 2630 nullum
1776 2574 1930 2630 nobis

356 2668 596 2721 naturale
626 2677 730 2733 est,
752 2668 1180 2738 quandoquidem
1200 2667 1376 2722 omnia
1405 2668 1561 2721 simul
1592 2682 1711 2720 cum
1744 2675 1931 2719 natura

356 2758 445 2813 Ι)θί
466 2759 751 2827 conjuncta
774 2801 788 2825 ,
812 2758 1064 2826 illiuSque
1094 2760 1305 2828 pr0pria
1338 2770 1479 2811 sunt.
1510 2756 1647 2825 Quid
1672 2756 1828 2825 igitur
1851 2754 1931 2808 di—

351 2851 562 2905 cimus?
592 2851 686 2906 Dei
713 2851 909 2905 Filium
940 2852 1166 2904 veritum
1194 2865 1299 2905 non
1329 2865 1447 2905 esse
1473 2849 1539 2903 de
1560 2849 1728 2919 gradu
1752 2846 1926 2917 digni-

352 2943 476 2997 tatis
512 2959 624 2998 suae
650 2944 998 3010 descendere,
1029 2945 1277 3014 quoniam
1306 2959 1409 2998 non
1436 2952 1519 2998 est
1541 2944 1826 2997 arbitratus
1847 2957 1932 2996 ra-

352 3034 530 3103 pinam
561 3034 1004 3103 ipsam‘deitatem
1040 3052 1052 3088 :
1086 3050 1190 3089 non
1222 3036 1390 3089 timuit
1413 3050 1479 3088 ne
1502 3036 1619 3105 quis
1646 3034 1745 3089 sibi
1772 3043 1928 3088 natu-

354 3140 467 3179 ram
488 3133 581 3178 aut
602 3124 912 3193 dignitatem
942 3126 1191 3195 eriperet.
1217 3125 1573 3192 Quamobrem
1603 3126 1742 3183 illam
1770 3126 1929 3180 etiam

354 3218 623 3287 deposuit,
656 3234 760 3273 non
788 3219 1034 3275 dubitans
1056 3235 1114 3275 se
1138 3233 1471 3291 recepturum
1493 3238 1508 3287 ;
1530 3232 1686 3291 atque
1706 3220 1933 3276 abscon-

355 3309 465 3373 dit,
501 3326 606 3363 non
636 3311 758 3365 ideo
778 3326 837 3365 se
869 3312 1130 3366 minorem
1162 3312 1276 3366 ﬁeri
1303 3312 1611 3366 arbitratus.
1642 3313 1932 3382 Propterea

356 3418 461 3456 non
479 3402 634 3467 dixit,
652 3403 768 3457 Non
797 3406 991 3473 rapuit,
1007 3404 1122 3467 sed,
1151 3402 1271 3457 Non
1292 3406 1525 3472 rapinam
1550 3404 1821 3459 arbitratus
1838 3414 1926 3459 est.

357 3494 471 3548 Non
498 3495 639 3548 enim
664 3510 731 3549 ex
759 3497 941 3562 rapina
970 3494 1153 3549 habuit
1182 3497 1554 3565 principatum,
1585 3513 1754 3566 neque
1772 3498 1932 3551 etiam

358 3587 426 3639 ab
450 3587 553 3640 alio
573 3588 673 3640 sibi
698 3587 973 3652 traditum,
1002 3587 1094 3642 sed
1126 3588 1418 3642 naturalem
1440 3631 1455 3653 ,
1484 3588 1728 3643 stabilem
1754 3603 1816 3643 ac
1846 3597 1932 3642 tu-

362 3688 494 3733 tum.
528 3679 649 3733 Ideo
679 3694 853 3749 neque
890 3680 1051 3734 etiam
1080 3680 1367 3734 satellitum
1394 3688 1671 3734 cunctatur
1696 3680 1932 3734 habitum

360 3784 589 3824 sumere.
621 3769 900 3841 Tyrannus
939 3772 1127 3825 metuit
1179 3771 1230 3824 in
1282 3771 1423 3826 bello
1452 3786 1740 3841 purpuram
1767 3771 1933 3841 depo-

362 3876 519 3925 nere;
560 3876 653 3916 rex
712 3874 839 3914 vero
879 3860 932 3914 id
970 3860 1197 3916 fidenter
1221 3876 1284 3916 ac
1312 3870 1424 3916 tuto
1454 3861 1599 3916 facit.
1629 3861 1774 3916 Cur?
1801 3862 1934 3930 Quia

364 3967 467 4004 non
497 3966 565 4006 ex
595 3951 777 4020 rapina
802 3952 1157 4021 principatum
1190 3953 1366 4007 habet.
1390 3952 1507 4007 Non
1533 3968 1661 4023 ergo
1686 3968 1747 4007 ac
1775 3954 1818 4007 si
1847 3970 1934 4008 ra-

362 4044 564 4111 puisset
588 4058 694 4097 non
726 4043 992 4112 deposuit,
1023 4042 1118 4098 sed
1167 4052 1225 4097 ut
1264 4044 1352 4113 qui
1393 4044 1684 4098 naturalem
1716 4044 1937 4099 haberet

362 4149 590 4204 eumque
643 4135 888 4191 amittere
926 4150 1214 4205 numquam
1246 4144 1456 4206 posset,
1490 4136 1793 4189 occultavit.
1826 4136 1938 4191 Hoc

364 4225 581 4295 inquam
602 4267 619 4292 ,
661 4240 780 4281 eSSe
805 4227 1063 4296 mquaiem
1097 4225 1206 4280 Deo
1226 4268 1241 4293 ,
1274 4240 1380 4279 non
1410 4241 1472 4280 ex
1505 4227 1685 4295 rapina
1718 4226 1934 4291 habuit,

367 4318 461 4371 sed
492 4332 521 4370 a
563 4326 785 4380 natura;
836 4316 1183 4386 quamobrem
1225 4316 1460 4386 seipsum
1502 4317 1811 4371 exinanivit.
1837 4317 1937 4373 Ubi

368 4420 491 4465 sunt
515 4412 603 4481 qui
626 4411 826 4473 dicunt,
860 4411 1009 4464 illum
1037 4410 1263 4464 subiisse
1288 4410 1656 4464 necessitatem
1678 4451 1693 4477 ,
1722 4425 1784 4464 ac
1809 4411 1937 4465 sub-

362 4503 560 4571 jectum
580 4502 763 4558 fuisse.
788 4502 1046 4573 Seipsum,
1076 4502 1265 4572 inquit,
1286 4503 1813 4572 exinanivit,seipsum
1839 4504 1937 4556 liu-

367 4596 601 4662 miliavit,
650 4594 885 4649 obediens
922 4596 1090 4664 factus
1116 4610 1274 4659 usque
1316 4599 1383 4648 ad
1407 4594 1938 4660 mortem.Quomodo

367 4687 659 4741 esinanivit
676 4686 700 4739 'l
718 4685 956 4739 Formam
986 4686 1113 4739 servi
1137 4686 1406 4755 accipiens,
1426 4688 1477 4738 in
1504 4685 1833 4739 similitudine
1849 4687 1941 4740 ho-

372 4780 565 4831 minum
595 4782 780 4848 factus,
812 4785 858 4829 et
897 4776 1070 4829 habitu
1107 4777 1337 4830 inventus
1380 4785 1433 4828 ut
1479 4777 1644 4830 homo.
1687 4776 1797 4831 Hoc
1823 4777 1939 4831 loco

370 4879 619 4939 Spectans
645 4868 713 4923 ad
747 4868 902 4932 illud,
935 4867 1234 4937 Superiores
1274 4866 1367 4921 sibi
1395 4867 1603 4921 invicem
1640 4868 1941 4921 arbitrantes

371 4962 640 5031 (Philipp.
673 4961 726 5014 2.
757 4962 791 5014 5
811 4961 829 5031 )
851 5001 869 5027 ,
902 4960 1014 5013 haec
1042 4960 1201 5014 verba
1229 4960 1469 5029 protulit,
1499 4960 1737 5029 Seipsum
1760 4961 1939 5015 exina—

375 5055 514 5107 nioit.
536 5054 745 5107 Etenim
768 5054 812 5107 si
837 5051 1106 5120 subjectus
1129 5051 1333 5116 fuisset,
1356 5067 1419 5107 ac
1439 5068 1545 5106 non
1571 5063 1761 5123 sponte
1783 5064 1943 5122 atque

372 5161 439 5199 ex
465 5145 643 5214 seipso
676 5146 774 5199 hoc
802 5145 1148 5213 suscepisset,
1174 5143 1225 5197 id
1258 5144 1568 5200 humilitatis
1594 5161 1697 5199 non
1730 5143 1936 5199 fuisset.

372 5236 503 5291 Nam
548 5238 593 5291 si
636 5238 900 5307 ignoravit
939 5236 1042 5291 hoc
1082 5250 1201 5291 esse
1229 5235 1552 5299 faciendum,
1598 5236 1942 5305 imperfectus

373 5338 519 5383 certe
549 5327 713 5381 fuerit
750 5344 766 5381 :
798 5327 843 5381 si
888 5342 1017 5381 vero
1063 5328 1309 5381 nesciens
1336 5336 1544 5395 tempus
1569 5327 1820 5396 praicepti
1851 5342 1941 5382 ex-

373 5421 661 5489 spectavit,
716 5429 926 5489 tempus
973 5432 1104 5474 sane
1147 5417 1257 5473 hon
1309 5419 1537 5472 now-rit.
1584 5417 1735 5485 Quod
1789 5420 1835 5473 si
1888 5428 1942 5476 et

379 5510 673 5567 iaciendum
704 5526 858 5577 esse,
905 5521 1092 5580 etquo
1139 5518 1380 5579 tempore
1428 5509 1725 5564 faciendum
1753 5510 1941 5576 scivit;

382 5616 617 5668 quamam
642 5615 800 5657 causa
829 5609 930 5664 est,
960 5615 1057 5655 cur
1082 5598 1228 5654 illum
1254 5599 1549 5667 subjectum
1579 5599 1741 5656 fuisse
1766 5600 1946 5656 dicen-

380 5691 502 5746 dum
530 5694 637 5748 sit?
667 5691 737 5763 Ut
763 5692 957 5758 Patris,
1004 5692 1275 5762 inquiunt,
1322 5693 1681 5761 prmstantiam
1720 5693 1936 5749 indicet.

380 5783 519 5840 Istud
548 5800 677 5840 vero
705 5799 807 5837 non
833 5793 916 5838 est
945 5784 1117 5839 Patris
1156 5783 1516 5853 praestantiam
1556 5784 1823 5855 indicare,
1849 5793 1939 5848 sed

712 5881 984 5942 ΡΑτιιοι.
1024 5883 1141 5945 Gn.
1189 5885 1379 5945 LXII.

1241 344 1305 401 iN
1342 342 1555 401 EPIST.
1596 344 1687 400 AD
1726 340 2008 400 PHILIPP.
2046 341 2199 397 CAP.
2244 341 2305 395 11.
2344 341 2575 398 ιιυιιιι.
2620 341 2733 400 \‘ll.

3546 356 3613 411 50

2036 470 2184 511 suam
2215 457 2491 512 utilitatem
2520 476 2533 513 :
2560 458 2729 514 Patris
2773 461 2912 514 enim
2956 478 3150 518 nomen
3179 480 3351 522 nonne
3379 469 3510 525 satis
3530 480 3615 525 est

2035 548 2101 601 ad
2144 548 2481 603 indicandum
2522 549 2694 604 Patris
2734 552 2962 620 priorem
3004 553 3057 608 in
3106 554 3312 625 origine
3350 558 3611 624 gradum?

2034 637 2147 692 lloc
2176 646 2352 692 autem
2386 653 2492 692 uno
2514 649 2736 709 excepto
2757 683 2771 704 ,
2800 643 2940 711 quod
2971 642 3126 698 Pater
3157 662 3261 699 non
3291 658 3405 712 est,
3435 653 3612 704 omnia

2042 730 2230 785 eadem
2270 730 2430 786 habet
2468 728 2656 787 Filius.
2697 736 2775 788 Ac
2818 749 2947 789 sane
2999 753 3171 807 neque
3210 749 3365 809 aptus
3414 750 3496 797 est
3530 743 3616 798 hic

2034 822 2241 889 honor,
2272 825 2362 895 qui
2406 840 2436 878 a
2467 825 2623 881 Patre
2654 829 2929 895 perveniat
2960 828 3011 883 in
3054 829 3266 885 Filium.
3300 832 3413 888 Hoc
3436 844 3614 890 autem

2026 926 2294 983 excepto,
2335 930 2684 987 quaecumque
2724 917 2898 974 Patris
2940 930 3101 987 sunt,
3134 921 3270 978 Filio
3302 927 3462 980 etiam
3492 934 3618 984 sunt

2031 1020 2356 1061 communia.

2104 1097 2160 1151 2.
2208 1096 2396 1152 Contra
2425 1098 2805 1157 Marcionislas.
2828 1132 2899 1143 —-
2921 1103 3030 1159 Hoc
3076 1105 3194 1161 loco
3216 1105 3571 1167 Marcionistae
3593 1152 3613 1180 ,

2033 1188 2176 1258 quod
2203 1189 2402 1244 dictum
2432 1199 2515 1245 est
2534 1191 2870 1261 arripientes,
2899 1195 3165 1264 inquiunt,
3191 1196 3307 1252 Non
3327 1211 3410 1254 est
3441 1201 3613 1258 factus

2034 1279 2224 1345 homo,
2284 1280 2378 1335 sed
2402 1322 2416 1345 ,
2471 1282 2527 1336 ln
2572 1282 2919 1339 similitudine
2946 1283 3218 1342 hominum
3250 1289 3438 1345 factus.
3465 1292 3613 1360 Quo-

2032 1371 2194 1425 modo
2221 1387 2348 1426 vero
2377 1381 2553 1443 potest
2579 1374 2699 1443 quis
2720 1374 2768 1428 in
2792 1374 3138 1432 similitudine
3158 1377 3429 1435 hominum
3461 1383 3616 1437 fieri?

2033 1462 2275 1515 umbram
2326 1462 2775 1534 indtttungitur
2802 1465 2999 1521 idolum
3048 1468 3188 1523 istud
3226 1479 3340 1535 est,
3397 1474 3616 1530 minime

2032 1566 2164 1605 vero
2207 1551 2441 1607 hominis
2476 1554 2773 1610 similitudo
2816 1573 2828 1607 ε
2863 1555 3094 1612 hominis
3136 1560 3279 1615 enim
3321 1562 3613 1618 similitudo

2034 1642 2171 1697 alter
2211 1644 2371 1697 homo
2399 1653 2500 1699 est.
2534 1645 2669 1712 Quid
2710 1657 2888 1701 autem
2937 1649 3287 1718 reSpondebis
3325 1652 3513 1708 Joanni
3543 1660 3614 1711 ita

2031 1732 2247 1800 dicenti,
2288 1733 2507 1789 Verbum
2545 1754 2665 1791 caro
2694 1743 2884 1809 faclum
2920 1750 2995 1793 est
3031 1740 3225 1811 (Joan.
3254 1736 3477 1816 1.14)?
3510 1747 3611 1803 νει

2032 1841 2151 1878 rum
2203 1836 2257 1880 et
2282 1826 2371 1882 hic
2402 1829 2514 1896 ipse
2540 1830 2726 1886 beatus
2752 1833 2878 1888 alibi
2916 1834 3121 1904 inquit,
3171 1834 3238 1891 In
3281 1840 3614 1897 similitudine

2032 1918 2200 1972 carnis
2222 1921 2410 1987 peccati
2430 1920 2605 1993 (Rom.
2632 1922 2686 1979 8.
2716 1924 2793 1995 5').
2827 1922 2897 1979 Et
2924 1925 3098 1980 habitu
3119 1928 3348 1984 inventus
3369 1942 3421 1985 ut
3441 1933 3611 1987 homo.

2036 2008 2175 2062 Ecce
2205 2008 2471 2079 inquiunt,
2495 2012 2562 2065 Et
2584 2013 2776 2079 habitu,
2799 2025 2875 2080 et,
2912 2015 2978 2070 Ut
3004 2017 3173 2072 homo.
3202 2022 3269 2073 At
3296 2037 3414 2076 esse
3438 2036 3488 2077 ut
3518 2023 3615 2076 ho-

2033 2099 2253 2166 minem,
2277 2110 2333 2154 et
2359 2116 2479 2157 esse
2506 2102 2687 2159 habitu
2717 2105 3009 2174 hominem,
3043 2108 3146 2163 hoc
3176 2128 3506 2181 nequaquam
3530 2127 3612 2169 θμι

2032 2203 2160 2243 vere
2186 2190 2456 2247 hominem
2477 2207 2596 2248 esse
2616 2213 2627 2247 :
2654 2196 2831 2251 habitu
2849 2199 2988 2252 enim
3013 2201 3281 2257 hominem
3305 2220 3444 2269 θεμεξ,
3470 2207 3612 2262 aliud

2036 2290 2121 2336 est
2156 2296 2219 2337 ac
2257 2294 2443 2373 natura
2478 2301 2598 2341 esse
2637 2286 2928 2343 hominem.
2972 2290 3161 2346 Videte
3203 2309 3360 2363 quam
3388 2312 3487 2366 ego
3529 2299 3614 2351 in-

2034 2389 2208 2443 genue
2237 2384 2291 2431 et
2312 2393 2465 2446 azquo
2492 2392 2671 2433 animo
2699 2396 2762 2435 ea
2782 2421 2796 2445 ,
2825 2398 2944 2452 qua:
2970 2383 3037 2437 ab
3066 2384 3384 2441 adversariis
3421 2390 3614 2443 dicunt.

2034 2473 2139 2527 tur,
2163 2465 2415 2522 afferam?
2435 2469 2584 2525 Tunc
2607 2471 2747 2525 enim
2779 2471 2991 2527 demum
3019 2474 3293 2543 splendida
3331 2496 3391 2533 ac
3421 2481 3617 2537 redun-

2036 2555 2170 2610 dans
2226 2559 2445 2614 victoria
2487 2570 2634 2630 parta
2675 2565 2797 2628 erit,
2851 2579 2973 2618 cum
3006 2567 3217 2622 illorum
3265 2585 3611 2640 argumenta.

2035 2663 2153 2717 quae
2183 2648 2381 2718 aliquid
2405 2652 2614 2707 roboris
2639 2653 2887 2709 videntur
2911 2656 3125 2723 habere,
3151 2659 3613 2718 minimeabscon-

2034 2737 2275 2793 derimus
2307 2759 2321 2795 :
2364 2740 2697 2798 abscondere
2721 2747 2864 2799 enim
2889 2788 2905 2813 ,
2957 2748 3133 2817 potius
3162 2750 3317 2807 dolus
3345 2764 3426 2809 est
3455 2773 3614 2826 quam

2036 2831 2277 2885 victoria.
2321 2832 2457 2898 Quid
2510 2834 2669 2904 igitur
2722 2837 3011 2905 inquiunt?
3037 2856 3220 2896 rursus
3261 2847 3399 2900 enim
3428 2850 3615 2906 eadem

2036 2935 2341 2993 repetamus
2370 2944 2383 2979 :
2409 2928 2569 2982 Aliud
2598 2938 2679 2983 est
2702 2928 2885 2985 habitu
2928 2932 3198 2991 hominem
3225 2952 3380 3007 esse,
3418 2956 3481 2996 ac
3519 2960 3616 2997 na—

2036 3022 2184 3082 tura;
2208 3027 2369 3085 atque
2395 3033 2516 3073 esse
2535 3030 2591 3073 ut
2610 3020 2877 3077 hominem
2892 3063 2909 3091 ,
2933 3033 2986 3078 et
3006 3026 3058 3079 in
3081 3027 3426 3087 similitudine
3448 3032 3620 3089 homi-

2038 3107 2121 3162 nis
2172 3121 2330 3176 esse,
2372 3110 2515 3164 aliud
2556 3121 2638 3167 est
2689 3125 2849 3184 atque
2888 3116 3157 3174 hominem
3202 3137 3340 3178 esse.
3398 3125 3538 3197 Ergo
3565 3141 3619 3184 et

2036 3201 2262 3256 formam
2290 3205 2429 3257 servi
2460 3206 2721 3275 accipere,
2767 3223 2873 3262 non
2912 3218 2997 3264 est
3024 3212 3248 3267 formam
3293 3219 3433 3272 servi
3475 3222 3619 3275 acci-

2043 3309 2189 3362 pere.
2211 3294 2403 3349 Secum
2427 3296 2585 3365 igitur
2612 3297 2716 3352 hoc
2737 3299 2905 3369 ipsum
2935 3314 3151 3372 pugnat,
3172 3314 3225 3359 et
3251 3322 3414 3377 quare
3437 3318 3489 3363 tu
3513 3328 3621 3366 non

2037 3388 2184 3455 prior
2213 3387 2354 3442 istud
2377 3388 2663 3444 dissolvis?
2689 3391 2819 3446 Nam
2855 3396 3300 3463 quemadmodum
3329 3400 3442 3456 inec
3467 3406 3620 3460 nobis

2037 3478 2307 3533 adversari
2339 3482 2631 3548 existimas,
2674 3484 2744 3537 ita
2784 3494 2835 3539 et
2878 3502 2977 3540 nos
3016 3488 3158 3543 istud
3213 3490 3304 3545 tibi
3348 3494 3619 3551 adversari

2036 3573 2390 3627 ostendimus.
2414 3574 2530 3629 Non
2559 3577 2698 3630 enim
2740 3577 2894 3646 dixit,
2922 3578 2992 3635 Ut
3037 3580 3206 3637 forma
3231 3586 3392 3652 servi,
3425 3603 3616 3658 neque,

2039 3665 2098 3719 In
2121 3666 2467 3721 similitudine
2490 3665 2677 3722 formae
2703 3670 2864 3733 servi,
2894 3686 3086 3741 neque,
3131 3674 3185 3729 In
3228 3675 3410 3733 habitu
3436 3680 3621 3737 fortuna:

2043 3757 2210 3823 servi,
2236 3755 2350 3821 sed,
2380 3756 2625 3811 Formam
2649 3761 2776 3813 servi
2794 3764 3008 3831 accepit.
3031 3763 3167 3832 Quid
3195 3762 3353 3836 igitur
3381 3768 3482 3824 hoc
3503 3773 3623 3826 est?

2040 3847 2295 3903 subestne
2323 3848 2498 3919 aliqua
2524 3850 2577 3905 in
2609 3851 2786 3906 verbis
2808 3854 3025 3924 pugna?
3052 3856 3207 3912 Nulla
3228 3875 3423 3930 pugna,
3449 3864 3621 3933 absit;

2042 3940 2134 3995 sed
2164 3950 2244 3994 est
2274 3941 2487 3996 illorum
2519 3942 2766 4013 frigidum
2808 3961 2881 4015 ac
2906 3947 3190 4005 ridiculum
3218 3953 3439 4010 dictum.
3488 3958 3622 4013 For-

2042 4050 2183 4088 mam
2206 4076 2221 4102 ,
2254 4035 2513 4106 inquiunt,
2538 4038 2678 4092 servi
2707 4041 2931 4109 accepit,
2961 4058 3082 4097 cum
3114 4044 3278 4101 linteo
3301 4048 3623 4105 circumcin-

2042 4138 2159 4182 ctus
2188 4128 2570 4199 discipulorum
2602 4131 2766 4200 pedes
2807 4132 2952 4188 lavit.
2987 4135 3219 4191 lloccine
3273 4138 3443 4194 forma
3482 4144 3624 4197 servi

2042 4222 2161 4275 est?
2186 4220 2501 4292 Neutiquam
2533 4222 2700 4279 forma
2728 4227 2865 4280 servi
2889 4236 2991 4294 est,
3023 4229 3116 4283 sed
3134 4245 3269 4299 opus
3282 4234 3421 4287 servi
3443 4256 3455 4287 :
3479 4234 3623 4291 aliud

2044 4328 2170 4367 vero
2196 4322 2277 4368 est
2304 4329 2440 4384 Opus
2466 4316 2606 4370 servi
2634 4330 2772 4381 esse,
2800 4332 2864 4371 ac
2908 4318 3130 4374 formam
3169 4322 3311 4375 servi
3359 4327 3624 4393 accipere.

2043 4403 2154 4460 Cur
2176 4406 2318 4459 enim
2348 4422 2453 4460 non
2484 4406 2555 4460 ita
2584 4406 2737 4472 dixit,
2767 4408 2911 4478 Opus
2934 4411 3072 4464 servi
3101 4409 3248 4478 fecit,
3278 4415 3418 4484 quod
3448 4419 3622 4472 mani-

2044 4495 2230 4551 festius
2258 4498 2412 4552 erat?
2438 4498 2712 4568 Nusquam
2757 4502 2978 4557 omnino
3030 4504 3082 4558 in
3109 4504 3382 4577 Scriptura
3426 4525 3623 4567 nomen

2042 4594 2231 4649 forma:
2262 4609 2361 4664 pro
2403 4610 2568 4663 opere
2591 4605 2674 4651 est
2711 4608 3037 4667 usurpatum.
3070 4599 3254 4673 Magna
3283 4606 3427 4659 enim
3468 4606 3624 4662 diii'e-

2045 4688 2215 4741 rentia
2248 4687 2528 4743 intercedit
2573 4707 2587 4742 :
2632 4706 2750 4743 nam
2779 4692 3007 4747 alterum
3035 4693 3249 4763 quidem
3277 4708 3481 4753 naturte
3509 4710 3623 4768 est,

2046 4780 2270 4834 alterum
2314 4795 2442 4835 vero
2467 4782 2813 4849 operationis.
2858 4783 2968 4839 Nec
2992 4800 3119 4841 vero
3148 4803 3397 4859 umquam
3424 4792 3479 4846 in
3507 4793 3625 4864 ipso

2046 4872 2205 4925 etiam
2231 4885 2325 4925 usu
2349 4871 2601 4941 loquendi
2618 4871 2842 4928 formam
2867 4891 2961 4944 pro
2980 4891 3144 4945 opere
3158 4878 3405 4937 dicimus.
3427 4884 3627 4952 Quam.

2046 4977 2204 5030 quam
2232 4962 2369 5031 apud
2399 4962 2532 5016 istos
2563 4979 2630 5018 ne
2664 4979 2801 5033 Opus
2824 4966 3038 5036 quidem
3086 4968 3231 5035 fecit,
3273 4989 3447 5044 neque
3498 4993 3623 5030 suc-

2048 5054 2211 5106 cmxit
2252 5068 2330 5107 se.
2354 5052 2588 5120 Etenim,
2628 5055 2670 5109 si
2708 5055 2757 5110 id
2798 5057 2976 5125 specie
3016 5069 3218 5116 tantum
3247 5064 3437 5132 (iebat,
3478 5052 3621 5121 nulla

2049 5153 2166 5196 erat
2194 5144 2392 5198 veritas
2424 5161 2437 5197 :
2465 5144 2511 5198 si
2539 5160 2729 5200 manus
2756 5162 2860 5201 non
2887 5147 3145 5214 habebat.
3173 5155 3440 5222 quomodo
3460 5156 3625 5211 lat-it?

2050 5235 2097 5289 si
2139 5249 2295 5289 renes
2325 5250 2431 5289 non
2480 5234 2683 5303 habuit,
2724 5240 2992 5307 quomodo
3034 5257 3093 5298 se
3130 5243 3296 5300 linteo
3332 5248 3625 5304 succinxit?

2050 5342 2216 5398 ecqua
2248 5342 2375 5383 vero
2400 5328 2560 5383 etiam
2579 5330 2894 5386 vestimenta
2938 5335 3357 5405 sumpsit?nam.
3389 5339 3616 5408 Accepit,

2052 5421 2242 5491 inquit,
2273 5421 2561 5475 vestimenta
2585 5438 2676 5477 sua
2697 5420 2717 5491 (
2732 5421 2890 5478 Joan.
2918 5426 3006 5480 15.
3034 5430 3121 5496 4).
3146 5426 3215 5483 Ut
3236 5429 3393 5498 igitur
3416 5431 3621 5483 nullum

2051 5512 2137 5567 hic
2148 5512 2459 5582 opus,quod
2484 5527 2607 5568 vere
2623 5511 2821 5568 factum
2848 5514 3028 5582 fuerit,
3044 5517 3332 5586 reperitur,
3352 5520 3446 5574 sed
3470 5537 3614 5577 mera

2052 5605 2226 5659 illusio
2251 5623 2262 5657 :
2283 5603 2354 5657 ita
2378 5619 2549 5674 neque
2568 5603 2950 5675 discipulorum
2971 5607 3135 5677 pedes
3149 5608 3299 5663 lavit.
3318 5610 3449 5666 Nam
3466 5611 3512 5665 si
3539 5613 3615 5667 in.

2052 5711 2306 5768 corporea
2318 5696 2404 5751 illa
2418 5705 2600 5751 natura
2619 5711 2723 5750 non
2739 5700 3001 5767 apparuit,
3020 5713 3192 5768 neque
3205 5700 3257 5754 in
3275 5715 3496 5771 corpore
3507 5702 3623 5758 iuit.

2100 5794 2285 5851 Contra
2305 5792 2524 5848 Paulum
2543 5787 3151 5857 Samosatenum.-—-Quis
3169 5791 3325 5859 igitur
3339 5793 3627 5863 discipulos

3210 5886 3287 5948 15
