4108 6410
494 297 588 363 ‘33!

497 410 658 466 lavit?
685 409 819 479 Quid
869 423 1053 463 rursus
1095 406 1345 461 adversus
1397 406 1618 459 Paulum
1665 405 2069 458 Samosalenum

495 503 827 559 afferendis?
873 502 1134 569 Quidnam
1176 499 1267 554 ille
1315 499 1485 553 dicit?
1529 499 1691 553 Plane
1743 497 1928 552 idem:
1964 512 2069 550 non

497 598 597 650 hoc
626 605 707 649 est
734 591 1043 657 exinanitio,
1066 606 1188 647 eum
1206 591 1293 659 qui
1316 600 1558 643 naturam
1582 588 1740 642 habet
1761 586 2069 653 humanam,

492 700 761 756 purusque
792 685 953 737 homo
988 693 1089 746 est,
1126 681 1304 735 lavare
1334 694 1639 734 conservos.
1664 679 1791 746 Quae
1818 678 1956 732 enim
1980 677 2075 730 ad-

494 794 682 834 versus
717 777 945 831 Arianos
980 773 1229 835 diximus,
1256 774 1416 826 etiam
1439 771 1694 825 adversus
1729 770 1855 825 istos
1885 768 2072 823 dicen-

495 872 622 927 dum
640 889 651 922 :
670 870 799 924 nihil
816 869 957 923 enim
982 868 1118 921 inter
1133 880 1227 919 eos
1249 865 1489 930 interest,
1508 863 1607 917 nisi
1624 863 1787 917 breve
1804 860 2069 931 quoddam

496 962 756 1031 temporis
786 957 1123 1013 intervallum
1161 974 1175 1011 :
1208 957 1417 1025 utrique
1459 954 1601 1009 enim
1633 962 1932 1007 creaturam
1962 962 2072 1005 sta-

498 1065 649 1110 luunt
668 1054 758 1108 Dei
778 1052 991 1106 Filium.
1017 1050 1151 1117 Quid
1169 1049 1327 1119 igitur
1345 1048 1600 1102 adversus
1626 1046 1771 1117 ipsos
1798 1043 2072 1100 dicemus?

495 1145 550 1201 Si
574 1146 732 1199 homo
765 1143 1006 1197 homines
1036 1141 1180 1206 lavit,
1210 1154 1316 1193 non
1351 1137 1593 1203 inanivit,
1644 1153 1749 1191 non
1778 1134 2072 1190 humiliavit

500 1238 733 1306 seipsum
767 1235 848 1289 :si
888 1250 1007 1287 cum
1040 1234 1198 1286 homo
1229 1240 1391 1294 esset,
1427 1246 1529 1282 non
1561 1228 1661 1283 hoc
1688 1229 1888 1298 rapuit,
1919 1228 2075 1280 nimi-

496 1344 615 1383 rum
643 1342 763 1383 esse
789 1325 1047 1395 aequalem
1092 1324 1222 1389 Deo,
1270 1323 1507 1392 pro'eeto
1528 1336 1632 1374 non
1666 1331 1740 1374 est
1774 1334 1869 1372 cur
1890 1317 2074 1372 laude-

496 1434 600 1479 tur.
625 1421 755 1477 Nam
777 1435 900 1476 eum
923 1418 1135 1489 quidem
1171 1417 1261 1487 qui
1310 1416 1452 1469 Deus
1494 1416 1563 1467 sit
1607 1412 1875 1466 hominem
1916 1410 2031 1465 fieri
2054 1450 2068 1474 ,

497 1531 685 1585 magna
718 1512 1104 1580 inell‘abilisque
1145 1509 1443 1563 hutniliatio
1490 1516 1605 1571 est;
1635 1520 1755 1560 eum
1806 1518 1934 1557 vero
1982 1503 2070 1571 qui

494 1608 657 1661 homo
708 1606 778 1660 sit
825 1604 1054 1658 humana
1088 1601 1295 1666 facere,
1350 1615 1467 1668 quae
1498 1596 1709 1652 tandem
1738 1592 2071 1649 humiliatio?

494 1698 719 1754 Ubinam
745 1711 874 1749 vero
900 1692 1070 1747 forma
1099 1690 1191 1746 Dei
1218 1690 1517 1760 appellatur
1543 1702 1676 1758 opus
1702 1686 1831 1741 Dei?
1860 1685 2070 1739 Etenim

493 1793 537 1846 si
574 1806 738 1861 purus
766 1789 926 1842 homo
965 1793 1115 1851 erat,
1165 1793 1325 1854 atque
1364 1798 1429 1837 ex
1480 1781 1731 1850 Ope-ribus
1777 1778 2073 1849 appellatur

494 1888 661 1941 forma
696 1885 819 1949 Dei,
850 1898 945 1937 cur
973 1895 1076 1935 non
1104 1888 1157 1934 et
1187 1879 1239 1933 in
1260 1877 1421 1939 Petro
1444 1876 1494 1931 id
1524 1876 1801 1940 faciamus,
1829 1874 1919 1944 qui
1953 1887 2070 1927 ma~

488 1982 606 2050 jura
625 1977 786 2033 etiam
808 1989 969 2046 opera
993 1971 1193 2027 edidit?
1221 1984 1317 2024 cur
1338 1983 1441 2023 non
1460 1975 1514 2022 et
1530 1967 1751 2022 Paulum
1776 1964 1951 2034 inquis
1979 1963 2071 2017 Dei

494 2077 719 2126 turmam
750 2064 1039 2122 habuisse?
1066 2079 1161 2119 cur
1184 2078 1288 2117 non
1331 2069 1387 2115 et
1413 2061 1649 2131 seipsum
1678 2057 1742 2111 ad
1767 2058 2071 2126 exemplum

494 2163 771 2236 proposuit
818 2160 1049 2220 Paulus.
1082 2157 1169 2228 qui
1212 2162 1461 2211 sexcenta
1512 2149 1809 2207 ministeria
1859 2149 2070 2205 servilia

490 2257 751 2320 obiret-at,
780 2267 844 2307 ac
870 2251 1071 2305 nullum
1100 2244 1474 2302 recusaverat?
1502 2245 1575 2298 ait
1602 2243 1765 2307 enim,
1796 2240 1917 2294 Non
1940 2241 2073 2293 enim

497 2345 826 2413 nosmetipsos
872 2342 1225 2413 prtedicamus,
1256 2337 1343 2391 sed
1383 2336 1557 2390 Jesum
1601 2334 1853 2390 Christum
1898 2332 2073 2386 Domi—

494 2454 638 2502 num,
669 2452 760 2489 nos
798 2444 970 2488 autem
1008 2446 1177 2487 servos
1215 2438 1405 2483 uestros
1434 2444 1523 2496 per
1541 2425 1720 2479 Jesum
1750 2424 1838 2495 (2.
1865 2422 1984 2479 Cor.
2015 2424 2069 2477 4.

494 2532 579 2601 5).
613 2527 856 2583 Ridicula
895 2540 960 2580 ac
984 2538 1137 2595 nugae
1163 2533 1307 2587 sunt,
1340 2536 1459 2590 quae
1501 2519 1568 2573 ab
1612 2518 1728 2573 istis
1757 2516 2068 2571 afferuntur.

492 2621 789 2677 Eminanivit
838 2618 1076 2687 seipsum.
1107 2614 1294 2684 inquit.
1331 2611 1610 2680 Quomodo
1637 2611 1869 2679 seipsum
1900 2608 2072 2661 humi-

491 2714 640 2770 liavit
659 2717 682 2771 ?
703 2710 791 2766 dic
817 2707 943 2763 mihi
967 2717 1120 2776 ;qua:
1151 2714 1229 2757 est
1252 2702 1365 2757 hzec
1393 2699 1720 2756 exinanitio?
1753 2714 1871 2767 qua:
1902 2696 2073 2749 lnuni~

492 2803 683 2859 liatio?
713 2817 781 2855 an
806 2800 1059 2870 quoniam
1078 2794 1330 2849 miracula
1362 2791 1566 2846 edidit?
1589 2794 1657 2844 At
1678 2790 1778 2843 hoc
1801 2800 1854 2842 ct
1876 2788 2070 2842 Paulus

492 2904 547 2952 et
560 2895 747 2951 Petrus
767 2890 1130 2961 prtestiterunt
1155 2903 1168 2939 :
1192 2883 1533 2954 quamobrem
1556 2897 1656 2934 non
1683 2880 1781 2933 hoc
1802 2880 2069 2948 proprium

494 3003 557 3043 ac
586 2983 852 3055 peculiare
883 2979 999 3034 Filii
1024 2978 1200 3032 fuerit.
1224 2974 1363 3041 Quid
1392 2974 1550 3043 igitur
1579 2972 1676 3025 sibi
1700 2971 1882 3024 volunt
1910 2969 2069 3023 verba

494 3080 607 3141 illa,
642 3076 706 3130 In
730 3072 1113 3129 similitudinem
1139 3068 1398 3121 hominum
1420 3064 1623 3136 factus?
1644 3062 1801 3115 Multa
1834 3060 1925 3114 ille
1952 3060 2069 3129 qui-
2093 3071 2100 3081 ‘

496 3171 620 3225 dem
654 3176 831 3221 nostra
866 3162 1070 3223 habuit,
1118 3157 1281 3213 multa
1311 3170 1438 3210 vero
1469 3168 1574 3209 non
1626 3152 1840 3216 habuit;
1893 3149 2074 3218 hujus-

496 3264 641 3319 modi
670 3267 812 3325 sunt,
868 3272 972 3311 non
1004 3269 1125 3310 esse
1152 3261 1334 3305 natum
1378 3264 1443 3303 ex
1475 3245 1851 3301 commixtione
1878 3257 2072 3311 corpo-

499 3373 643 3420 rum,
674 3360 946 3424 peecatnm
971 3364 1074 3403 non
1100 3344 1401 3399 admisisse.
1421 3340 1545 3396 Haec
1575 3338 1741 3408 ipsius
1771 3346 1920 3390 erant
1952 3351 2073 3406 pro-

501 3449 635 3519 pria,
668 3444 906 3510 nullique
950 3438 1225 3492 hominum
1267 3432 1593 3488 communia.
1622 3428 1738 3483 Non
1771 3428 1870 3481 hoc
1898 3427 2070 3479 solum

497 3547 613 3594 erat
641 3533 778 3606 quod
807 3530 1114 3601 apparebat,
1149 3525 1242 3581 sed
1283 3525 1442 3578 etiam
1476 3524 1633 3577 Deus.
1668 3519 2071 3620 Etenim-appa-

501 3630 649 3686 rebat
677 3626 889 3697 quidem
923 3624 1104 3687 homo,
1128 3620 1179 3673 in
1209 3615 1389 3672 multis
1415 3628 1543 3668 vero
1568 3628 1673 3666 non
1705 3619 1819 3665 erat
1847 3610 2035 3709 similis
2053 3650 2068 3674 ,

503 3718 715 3774 tametsi
742 3728 901 3769 carne
931 3711 1121 3766 similis
1146 3716 1280 3763 erat.
1316 3705 1429 3759 Hoc
1469 3703 1629 3773 igitur
1655 3703 1753 3755 ista
1788 3699 1947 3753 verba
1994 3699 2075 3750 in-

501 3811 702 3873 dicant,
733 3822 837 3860 non
865 3804 1022 3858 fuisse
1039 3815 1225 3870 purttm
1248 3798 1552 3852 hominem:
1575 3803 1856 3864 propterea
1880 3791 2070 3860 inquit,

503 3904 568 3958 In
594 3898 921 3956 similitudine
968 3895 1222 3947 hominum
1252 3890 1443 3959 (Rom.
1495 3888 1549 3941 8.
1605 3884 1691 3954 5).
1725 3883 1935 3938 Etenim
1978 3894 2075 3934 nos

502 3995 717 4068 quidem
746 3990 919 4044 anima
946 3996 1000 4041 et
1029 3998 1223 4052 corpus
1250 3997 1465 4041 sumus;
1518 3978 1607 4031 ille
1639 3992 1768 4030 vero
1797 3976 1987 4068 Deus,
2021 3980 2076 4026 et

507 4065 679 4146 anima
710 4094 765 4139 et
807 4094 1041 4150 corpus:
1071 4082 1347 4145 prepterea
1375 4070 1562 4140 inquit,
1606 4067 1671 4121 In
1721 4065 2071 4121 similitudine.

506 4179 711 4235 Etenim
756 4188 826 4229 ne
876 4170 1097 4224 audiens
1148 4179 1307 4219 voces
1360 4162 1510 4225 illas,
1564 4158 1855 4214 Exinanirit
1901 4163 2079 4210 semet-

503 4273 701 4339 ipsum,
732 4263 1076 4320 mutationem
1113 4257 1342 4326 aliquam
1385 4252 1667 4322 suspiceris
1695 4265 1757 4306 ac
1781 4250 2075 4320 degenera-

508 4361 705 4415 tiunem
732 4363 786 4410 et
812 4352 1104 4415 interitum,
1134 4347 1373 4409 Manens,
1407 4343 1593 4411 inquit,
1628 4341 1767 4411 quod
1812 4348 1947 4406 erat,
1992 4353 2076 4391 as-

503 4448 735 4518 sumpsit
761 4443 899 4516 quod
947 4456 1052 4495 non
1095 4446 1231 4504 erat,
1271 4444 1325 4491 et
1373 4450 1497 4489 caro
1527 4432 1693 4487 factus
1720 4430 2077 4503 perseveravit

508 4559 629 4599 esse
660 4544 798 4595 Deus
830 4536 1071 4590 verbum.

574 4634 629 4688 5.
672 4630 782 4683 Hac
813 4627 971 4697 igitur
1012 4624 1216 4678 ratione
1259 4621 1454 4675 Paulus
1480 4617 1651 4683 dixit,
1702 4617 1929 4672 similem
1958 4632 2077 4672 esse

509 4723 742 4784 homini,
775 4731 931 4790 atque
952 4725 1230 4787 propterea
1256 4713 1401 4767 addit
1426 4753 1440 4776 ,
1479 4711 1540 4765 Et
1566 4711 1738 4765 habitu
1762 4728 1779 4765 :
1802 4728 1905 4765 non
1934 4715 2075 4766 enim

510 4825 694 4870 natura
717 4810 1074 4881 degeneravit,
1107 4822 1278 4876 neque
1298 4805 1536 4860 confusio
1556 4804 1661 4859 ulla
1693 4803 1827 4857 facta
1858 4815 1955 4867 cst,
1984 4804 2076 4857 sed

507 4904 691 4961 habitu
720 4902 886 4956 factus
906 4908 1006 4953 est.
1034 4899 1161 4951 Nam
1179 4912 1299 4950 cum
1324 4894 1546 4949 dixisset
1567 4893 1794 4949 formam
1821 4895 1957 4949 servi
1991 4908 2079 4947 ac-

510 5000 740 5070 cepisse,
764 4993 985 5049 lidenter
1012 5001 1193 5062 postea
1216 4990 1355 5043 istud
1383 4990 1541 5043 etiam
1574 4988 1808 5057 protulit,
1830 4988 2077 5042 nimirum

507 5106 629 5145 cum
652 5087 778 5142 illud
808 5085 1003 5139 nemini
1034 5097 1138 5136 non
1168 5097 1228 5135 os
1250 5079 1618 5134 obstruxisset.
1639 5079 1847 5133 Etenim
1879 5088 1932 5134 et
1960 5094 2079 5133 cum

508 5186 580 5237 ita
611 5179 757 5242 dicit,
781 5176 847 5229 In
868 5172 1197 5228 similitudine
1222 5172 1389 5224 carnis
1417 5170 1628 5240 peccati,
1660 5185 1765 5223 non
1797 5170 1895 5224 hoc
1931 5169 2078 5237 dicit,

515 5285 730 5326 carnem
752 5282 857 5321 non
872 5262 1143 5324 habuisse,
1166 5260 1258 5315 sed
1286 5275 1500 5314 carnem
1520 5260 1662 5313 illam
1684 5274 1788 5314 non
1811 5276 2080 5328 peccasse,

512 5361 738 5416 similem
762 5366 939 5410 tamen
957 5353 1117 5408 fuisse
1132 5351 1435 5421 peccatrici.
1457 5351 1511 5405 ln
1528 5367 1632 5421 quo
1653 5351 1873 5406 similis?
1892 5353 2086 5407 Secun-

513 5455 640 5505 dum
668 5459 927 5508 naturam,
953 5458 1059 5497 non
1081 5441 1370 5496 secundum
1401 5442 1690 5495 malitiam:
1718 5452 1996 5512 propterea
2022 5446 2085 5498 si~

514 5542 657 5595 milis
671 5538 863 5592 animae
884 5532 1183 5605 peccatrici.
1203 5532 1661 5601 Quemadmodum
1679 5534 1839 5605 igitur
1855 5534 1926 5589 ibi
1947 5536 2085 5590 simi-

517 5630 749 5687 litudinis
770 5628 984 5682 nomine
1011 5638 1135 5679 usus
1158 5632 1261 5687 est,
1293 5624 1542 5694 quoniam
1574 5641 1676 5679 non
1698 5626 1877 5680 omnia
1902 5642 2084 5697 aequa-

523 5724 644 5781 liter
673 5739 729 5779 se
762 5720 1025 5776 habebant
1057 5735 1069 5771 :
1099 5718 1169 5773 ita
1213 5727 1267 5774 et
1311 5717 1394 5773 hic
1441 5719 1728 5775 similitudo
1753 5718 1948 5775 dicitur
1969 5761 1983 5788 ,
2016 5733 2085 5776 eo

1202 293 1254 346 S.
1296 290 1572 347 JOANNIS
1609 289 2074 345 CllRYSOSTOMl
2114 288 2431 345 ARCHIEP.
2471 289 3001 347 CONSTANTINOP.

3655 296 3763 353 232

2184 403 2331 474 quod
2364 419 2469 458 non
2500 406 2675 459 omnia
2707 406 2816 461 sint
2860 408 3084 478 aequalia
3104 450 3119 475 ,
3172 419 3352 479 utpote
3378 410 3517 480 quod
3544 427 3648 467 non
3687 430 3755 468 ex

2177 495 2557 550 commixtione
2599 511 2920 566 corporum,
2952 498 3096 569 quod
3143 501 3259 555 sine
3306 513 3563 571 paccato,
3611 504 3755 574 quod

2178 586 2396 640 minime
2444 587 2616 642 nudus
2660 587 2843 643 homo.
2890 592 2967 645 Ac
3006 590 3228 660 pulchre
3265 592 3438 658 dixit,
3475 591 3539 648 Ut
3565 594 3756 649 homo:

2182 690 2285 729 non
2312 676 2453 730 enim
2477 687 2590 733 erat
2617 693 2753 733 unus
2782 694 2847 734 ex
2869 681 3071 748 multis,
3105 681 3197 737 sed
3236 691 3293 736 ut
3333 700 3470 739 unus
3510 699 3578 740 ex
3618 686 3760 740 mul-

2182 766 2268 821 tis.
2297 767 2481 838 Ncqne
2510 770 2649 825 Deus
2676 770 2908 826 Verbum
2956 773 3007 827 in
3056 772 3327 829 hominem
3370 775 3752 845 degeneravit,

2178 873 2353 927 neque
2382 859 2675 916 substantia
2718 872 2800 917 est
2842 872 3082 931 mutata;
3134 865 3229 920 sed
3285 876 3550 935 tamquam
3596 867 3757 923 homo

2178 949 2442 1017 apparuit,
2486 964 2587 1005 non
2617 952 2917 1007 simulacris
2946 968 3011 1009 ac
3040 954 3169 1009 visis
3201 971 3298 1011 nos
3326 956 3622 1027 decipiens,
3656 958 3752 1014 sed

2177 1038 2428 1094 erudiens
2457 1045 2522 1095 ad
2552 1041 2924 1098 humilitatem.
2954 1046 3086 1099 Cum
3119 1046 3279 1117 igitur
3306 1048 3454 1113 dicit,
3485 1049 3553 1104 Ut
3574 1050 3751 1114 homo,

2180 1126 2282 1184 hoc
2309 1131 2406 1184 sibi
2433 1134 2540 1185 vult
2571 1134 2924 1205 :cmteroquin
2951 1147 3005 1191 et
3026 1137 3292 1193 hominem
3320 1140 3445 1195 alibi
3470 1143 3639 1211 ipsum
3662 1157 3758 1199 vo-

2177 1230 2283 1286 cat,
2308 1230 2363 1276 ιιι
2379 1238 2498 1278 cum
2527 1223 2672 1289 dicit,
2699 1224 2843 1282 Unus
2871 1226 3026 1295 Deus,
3046 1239 3092 1283 et
3111 1247 3243 1283 unus
3266 1233 3509 1287 mediator
3527 1233 3757 1291 Christus

2176 1311 2327 1368 Jesus
2351 1315 2426 1385 (Ι.
2454 1315 2587 1370 Tim.
2620 1318 2673 1372 2.
2707 1318 2783 1390 5).
2816 1321 2890 1375 Ea
2914 1321 3164 1387 diximus,
3194 1341 3314 1393 quat
3341 1326 3596 1384 adversus
3622 1328 3755 1385 istos

2177 1407 2399 1462 dicenda
2424 1420 2593 1464 erant.
2619 1412 2883 1483 Deinceps
2901 1430 3028 1469 vero
3048 1416 3301 1472 adversus
3319 1434 3432 1483 eos,
3454 1421 3542 1490 qui
3560 1432 3753 1491 negant

2177 1503 2530 1571 assumpsisse
2546 1504 2799 1572 animam,
2831 1510 3135 1563 necessario
3156 1510 3462 1567 dicendum.
3492 1513 3547 1568 Si
3582 1513 3751 1569 forma

2177 1591 2273 1646 Dei
2316 1592 2581 1662 perfectus
2628 1598 2768 1651 Deus
2810 1608 2932 1666 est,
2979 1610 3127 1657 certe
3157 1615 3209 1656 et
3234 1602 3405 1659 forma
3453 1606 3594 1661 servi
3625 1622 3751 1675 per-

2177 1686 2345 1744 fectus
2364 1698 2448 1745 est
2476 1706 2681 1749 servus.
2707 1693 2899 1750 lterum
2931 1707 3114 1754 contra
3142 1699 3372 1758 Arianos
3395 1704 3588 1773 agitur.
3617 1705 3747 1760 Cum

2175 1779 2229 1833 in
2250 1783 2415 1852 forma
2440 1781 2537 1838 Dei
2560 1796 2706 1850 esset,
2735 1787 2903 1857 inquit
2928 1830 2943 1855 ,
2976 1806 3075 1843 non
3105 1794 3339 1860 rapinam
3364 1794 3640 1850 arbitratus
3669 1806 3745 1852 est

2176 1886 2284 1925 esse
2310 1889 2362 1926 se
2388 1876 2630 1945 aequalem
2670 1876 2797 1933 Deo.
2841 1878 2938 1935 Hic
2967 1881 3034 1937 de
3064 1881 3342 1940 divinitate
3372 1886 3596 1957 loquens
3621 1905 3752 1943 nus-

2176 1978 2333 2031 quam
2364 1966 2478 2020 istis
2504 1968 2679 2023 verbis
2705 1972 2884 2036 utitur,
2919 1972 3114 2029 Factus
3133 1985 3234 2041 ρει,
3251 1981 3361 2037 aut,
3378 1976 3617 2046 Accepit,
3634 1977 3750 2042 sed.

2178 2053 2516 2124 Semetipsttm
2539 2061 2811 2114 exinanivit
2836 2062 3052 2132 formam
3075 2066 3205 2119 serui
3229 2068 3504 2137 accipiens,
3533 2071 3584 2124 in
3612 2074 3754 2126 simi-

2179 2142 2392 2199 litudine
2438 2148 2699 2202 hominum
2729 2151 2911 2220 factus.
2955 2154 3049 2209 llic
3092 2156 3158 2210 de
3210 2156 3539 2215 humanitate
3581 2162 3747 2228 dicit,

2178 2237 2419 2306 Acet-pit,
2449 2251 2522 2304 et,
2557 2240 2749 2296 Factus
2775 2253 2874 2297 est.
2906 2245 3018 2300 Hoc
3045 2246 3213 2302 factus
3241 2258 3342 2314 est,
3375 2250 3477 2306 hoc
3499 2255 3704 2324 accepit
3730 2272 3744 2309 :

2178 2326 2307 2381 illud
2340 2345 2462 2383 vero
2487 2342 2621 2385 erat.
2655 2333 2815 2402 Igitur
2842 2350 2940 2391 nec
2965 2338 3373 2406 confundamus,
3406 2358 3504 2399 nec
3527 2343 3750 2401 divella-

2177 2431 2314 2471 mus.
2361 2417 2511 2474 Unus
2566 2421 2744 2486 Dens,
2788 2440 2923 2480 unus
2971 2426 3235 2493 Christus,
3282 2431 3451 2488 Filius
3480 2435 3595 2490 Dei.
3646 2436 3749 2492 Ve-

2177 2524 2290 2561 rum
2316 2549 2332 2573 ,
2365 2525 2484 2563 cum
2515 2523 2632 2566 utor
2664 2514 2758 2567 iSIa
2792 2531 2944 2583 voce,
2978 2535 3143 2585 unus,
3187 2521 3436 2577 unionem
3467 2523 3611 2593 dico,
3641 2542 3747 2582 non

2176 2597 2545 2654 confusionem
2581 2619 2593 2655 :
2627 2619 2731 2657 non
2758 2606 2899 2659 enim
2927 2617 3116 2664 natura
3162 2609 3277 2666 haec
3304 2612 3355 2666 iu
3397 2614 3541 2669 illam
3591 2632 3743 2672 versa

2176 2688 2554 2760 degeneravit,
2600 2696 2693 2750 sed
2741 2699 2887 2753 unita
2938 2710 3039 2755 est.
3086 2701 3386 2759 Humiliavit
3429 2710 3752 2778 semetipsum

2175 2782 2341 2849 factus
2364 2785 2597 2840 obediens
2620 2805 2774 2858 usque
2789 2790 2858 2843 ad
2880 2801 3111 2855 mortem,
3136 2806 3346 2849 mortem
3369 2808 3537 2852 autem
3561 2802 3747 2854 crucis.

2178 2874 2276 2939 En,
2310 2877 2588 2945 inquiunt,
2638 2881 2806 2937 factus
2835 2893 2918 2938 est
2946 2885 3201 2941 obediens
3223 2929 3238 2953 ,
3283 2904 3403 2944 eum
3431 2892 3480 2946 ei
3523 2894 3744 2949 minime

2176 2968 2395 3035 aequalis
2439 2981 2579 3024 esset
2604 2973 2687 3024 cui
2716 2973 2972 3029 obedivit.
3018 2975 3061 3031 Ο
3101 2979 3277 3033 stolidi
3316 2996 3380 3034 ac
3424 2981 3703 3039 dementes
3727 3026 3747 3050 ,

2179 3057 2280 3111 hoc
2323 3060 2390 3113 de
2418 3060 2508 3114 illo
2550 3062 2677 3117 nihil
2726 3063 2993 3133 detrahit;
3045 3084 3167 3123 nam
3213 3085 3312 3125 nos
3360 3072 3519 3127 etiam
3567 3075 3753 3133 amicis

2177 3152 2477 3220 obedimus,
2512 3172 2684 3226 neque
2713 3158 2762 3211 id
2790 3168 2963 3214 lamen
2992 3175 3090 3214 nos
3115 3162 3349 3219 minores
3377 3163 3522 3219 facit.
3551 3165 3752 3234 Sponte

2177 3243 2341 3297 Filius
2368 3244 2507 3300 Patri
2536 3248 2805 3314 obedivit,
2858 3266 2963 3304 non
2995 3251 3049 3305 in
3095 3253 3344 3309 servilem
3388 3257 3749 3312 conditionem

2180 3333 2454 3399 decidens,
2487 3337 2580 3391 sed
2611 3338 2710 3392 hoc
2739 3341 2852 3408 ipso
2883 3342 3109 3397 maxime
3137 3358 3356 3401 servans
3384 3348 3749 3403 admirandam

2178 3426 2322 3480 illam
2348 3430 2583 3496 germani
2611 3429 2727 3483 Filii
2751 3430 3093 3501 dignitatem,
3125 3451 3373 3506 magnum
3399 3438 3545 3493 Patri
3574 3439 3751 3493 hono-

2180 3535 2289 3574 rem
2318 3521 2639 3576 exhibeudo.
2674 3523 2966 3578 Honoravit
2987 3526 3199 3580 Patrem
3220 3568 3235 3594 ,
3267 3545 3373 3583 non
3401 3540 3461 3584 ut
3490 3530 3659 3600 ipsunt
3691 3542 3744 3586 ttt

2176 3609 2379 3667 honore
2400 3614 2680 3681 spoliares,
2705 3615 2796 3669 sed
2823 3626 2878 3670 ut
2899 3619 3066 3688 magis
3087 3621 3410 3689 suSpiceres,
3438 3633 3493 3677 ut
3513 3626 3595 3679 vel
3621 3624 3749 3680 hinc

2176 3716 2487 3772 germanum
2514 3706 2703 3761 Filium
2726 3723 3067 3778 agnosceres,
3091 3714 3231 3782 quod
3253 3714 3491 3770 omnium
3517 3719 3750 3774 maxime

2180 3794 2390 3849 Patrem
2441 3796 2802 3853 honoraverit.
2868 3800 3039 3856 Nemo
3086 3804 3254 3859 Deum
3306 3809 3376 3861 ita
3425 3809 3745 3868 honoravit:

2180 3896 2436 3954 quantum
2463 3886 2643 3943 habuit
2673 3892 3011 3947 celsitudinis
3035 3934 3049 3955 ,
3076 3904 3280 3951 tantum
3309 3900 3542 3956 vicissim
3571 3902 3743 3959 humi-

2180 3977 2348 4032 litatis
2374 3980 2554 4035 subiit.
2586 3981 3044 4048 Quemadmodum
3066 3990 3312 4045 omnibus
3341 3993 3511 4063 major
3536 4005 3655 4062 est,
3688 4011 3752 4052 ac

2183 4085 2341 4125 nemo
2368 4069 2444 4124 illi
2488 4073 2706 4141 a‘qualis
2762 4091 2775 4129 :
2820 4076 2886 4129 ita
2939 4078 3099 4132 etiam
3148 4080 3202 4134 in
3240 4083 3395 4137 Patre
3439 4084 3752 4143 honorando

2182 4175 2369 4215 omnes
2394 4161 2556 4227 vicit,
2606 4179 2710 4218 non
2737 4176 2987 4234 coactus,
3035 4186 3208 4241 neque
3253 4174 3470 4230 invitus.
3515 4177 3618 4233 Sed
3653 4180 3753 4235 hoc

2182 4253 2340 4305 etiam
2388 4253 2597 4307 virtutis
2644 4256 2809 4323 ipsius
2851 4256 2949 4311 fuit
2980 4276 2993 4311 :
3022 4270 3113 4313 aut
3160 4263 3337 4331 potius
3381 4264 3577 4320 desunt
3622 4270 3752 4325 mihi

2182 4345 2340 4399 verba
2361 4387 2375 4409 ,
2410 4346 2599 4414 quibus
2626 4359 2764 4404 utar.
2810 4350 2998 4420 Papae!
3029 4368 3277 4423 magnqu
3321 4355 3450 4411 illttd
3482 4368 3567 4413 est
3592 4371 3752 4431 atque

2184 4436 2558 4505 inexplicabile
2584 4480 2598 4501 ,
2648 4453 2860 4494 servum
2895 4443 3049 4511 fieri;
3102 4445 3195 4499 sed
3238 4459 3463 4503 mortem
3498 4459 3756 4518 praeterea

2183 4529 2362 4583 subire
2383 4570 2398 4594 ,
2434 4530 2589 4601 longe
2617 4532 2794 4588 adhuc
2836 4535 3043 4604 majus.
3074 4537 3177 4591 Sed
3210 4549 3292 4593 est
3329 4541 3471 4596 aliud
3503 4542 3758 4612 quiddam

2182 4619 2286 4673 hoc
2321 4622 2509 4689 majus,
2535 4624 2805 4694 magisque
2826 4626 3130 4695 opinionem
3159 4646 3370 4686 omnem
3401 4649 3752 4704 exsuperans.

2182 4712 2319 4779 Quid
2351 4713 2525 4767 illud?
2567 4713 2717 4781 Quod
2749 4734 2851 4771 non
2881 4720 3081 4787 quaevis
3111 4737 3254 4775 mors
3282 4723 3471 4778 similis
3512 4727 3602 4780 sit.
3636 4727 3761 4783 Haec

2183 4806 2350 4868 enim,
2391 4821 2549 4875 quam
2585 4807 2840 4863 Dominus
2871 4812 3125 4879 pertulit,
3168 4815 3401 4869 omnium
3453 4819 3757 4888 turpissima

2184 4896 2484 4951 habebatur
2513 4914 2526 4950 :
2561 4897 2675 4952 hzec
2704 4899 2857 4968 plena
2887 4901 3210 4970 ignominiaa,
3244 4906 3356 4959 haec
3378 4909 3756 4964 exsecrabilis:

2185 4985 2491 5040 Maledictus
2520 4987 2661 5041 enim
2687 5030 2702 5053 ,
2735 4989 2943 5059 inquit,
2977 4993 3137 5045 omnis
3159 5035 3173 5059 ,
3215 4995 3298 5063 qui
3327 4997 3506 5064 pendet
3542 4999 3594 5052 in
3621 4998 3759 5070 tigno

2186 5081 2203 5145 (
2232 5077 2384 5131 Deut.
2424 5078 2513 5132 21.
2542 5081 2611 5133 25
2633 5080 2674 5152 ).
2718 5080 3005 5150 Propterea
3034 5085 3192 5138 etiam
3223 5086 3393 5141 Judaei
3442 5088 3542 5143 hac
3587 5090 3759 5159 ipsum

2187 5180 2360 5225 morte
2396 5169 2613 5225 afficere
2642 5172 2997 5239 studuerunt,
3029 5190 3136 5244 quo
3167 5176 3420 5232 infamem
3451 5179 3756 5243 redderent,

2188 5271 2247 5315 ut
2295 5262 2395 5315 nisi
2422 5261 2542 5331 quis
2567 5263 2633 5317 ab
2661 5279 2725 5318 eo
2758 5264 2956 5319 ideirco
3002 5266 3288 5333 deficeret,
3320 5269 3462 5339 quod
3507 5286 3538 5325 e
3584 5271 3762 5325 medio

2189 5353 2432 5406 sublatus
2457 5364 2623 5417 esset,
2652 5355 2839 5409 saltem
2870 5356 2988 5411 ideo
3018 5357 3291 5423 deﬁceret,
3318 5359 3457 5428 quod
3481 5361 3558 5415 sic
3584 5363 3765 5416 subla-

2192 5451 2276 5496 tus
2308 5452 2470 5498 esset.
2510 5444 2797 5514 Propterea
2827 5448 2985 5501 etiam
3018 5448 3158 5502 inter
3190 5449 3323 5503 duos
3352 5451 3584 5507 latrones
3614 5452 3761 5509 cruci

2190 5533 2382 5601 afﬁxus
2415 5544 2520 5603 est,
2555 5547 2611 5591 ut
2636 5537 2823 5591 eadem
2854 5537 2922 5593 de
2950 5538 3086 5608 ipso,
3116 5556 3179 5594 ac
3206 5540 3273 5595 de
3305 5541 3410 5595 illis
3436 5544 3765 5599 existimatio

2190 5638 2334 5699 esset
2376 5646 2391 5695 ;
2437 5644 2595 5701 atque
2641 5632 2955 5701 impleretur
2982 5633 3123 5704 quod
3153 5634 3354 5688 dictum
3405 5644 3525 5698 est,
3557 5636 3623 5690 Et
3651 5654 3765 5692 cum

2199 5720 2381 5791 iniquis
2412 5734 2666 5795 reputatus
2691 5735 2764 5778 est
2802 5724 2819 5790 (
2846 5725 2975 5781 Isai.
3004 5729 3089 5784 55.
3128 5728 3190 5783 12
3214 5727 3255 5796 ).
3287 5724 3395 5782 Sed
3423 5737 3567 5783 tanto
3597 5732 3766 5801 magis
