4108 6410
319 398 423 455 9.31

316 514 395 568 ῶν
421 513 518 583 οὐχ
551 513 765 584 ἥρπασε
796 510 854 565 τὸ
882 505 1015 565 εἶναι
1040 496 1131 564 ἴσα
1159 512 1297 582 Θεῷ,
1325 512 1424 565 οὑκ
1470 510 1773 573 ἐπαινετός.
1808 507 1880 561 Τὸ

322 611 421 682 μέν
440 609 571 663 Θεὸν
591 609 719 663 ὄντα
739 608 1021 679 ἄνθρωπον
1043 610 1312 679 γενέσθαι,
1344 609 1512 679 πολλὴ
1536 608 1883 668 ταπείνωσις.

318 706 545 778 ἀφατος,
570 706 958 778 ἀνεκδιήγητος
980 724 994 737 ’
1024 706 1087 760 τὸ
1109 707 1167 759 δὲ
1200 706 1492 776 ἄνθρωπον
1520 706 1648 759 ὅντα
1682 705 1752 759 τά
1780 705 1887 758 τῶν

316 806 621 877 ἀνθρώπων
665 806 862 868 ποιεῖν,
910 805 1034 857 ποία
1078 805 1439 871 ταπείνωσις;
1472 802 1580 857 Ποῦ
1617 804 1673 856 δὲ
1707 802 1889 873 μορφὴ

315 898 477 963 Θεοῦ,
504 898 663 969 ἔργον
679 897 813 951 Θεοῦ
833 897 1047 965 λέγεται
1067 914 1082 961 ;
1114 897 1176 951 Εἰ
1199 899 1307 968 γὰρ
1326 897 1611 969 ἄνθρωπος
1629 893 1697 969 ἦν
1712 895 1885 966 ψιλὸς,

318 998 414 1053 καὶ
440 996 526 1050 διὰ
548 998 615 1051 τά
640 996 776 1067 ἔργα
799 996 1013 1065 λέγεται
1046 995 1227 1067 μορφὴ
1255 994 1412 1059 Θεοῦ,
1441 994 1531 1049 διὰ
1572 996 1624 1049 τί
1671 994 1747 1066 μὴ
1796 993 1889 1047 καὶ

317 1095 411 1147 ἐπὶ
455 1092 660 1164 Πέτρου
701 1092 763 1145 τὸ
817 1092 949 1146 αὑτὸ
997 1092 1264 1163 λέγομεν;
1321 1092 1541 1162 μείζονα
1580 1092 1690 1161 γὰρ
1724 1090 1889 1146 αὑτοῦ

319 1190 632 1260 εἰργάσατο.
660 1189 757 1242 Διά
779 1188 831 1240 τί
864 1189 936 1259 μὴ
962 1190 1054 1242 καὶ
1078 1189 1168 1242 ἐπὶ
1193 1188 1402 1242 Παύλου
1425 1189 1621 1257 λέγεις,
1644 1189 1724 1242 ὅτι
1758 1203 1891 1259 μορ-

319 1288 427 1358 φὴν
457 1286 593 1340 Θεοῦ
623 1282 769 1357 εἶχε;
801 1286 888 1339 διὰ
914 1285 965 1339 τί
1004 1286 1077 1357 μὴ
1102 1286 1194 1338 καὶ
1225 1288 1354 1356 παρ’
1391 1273 1587 1338 ἑαυτοῦ
1619 1284 1681 1338 τὸ
1709 1285 1889 1356 παρά-

317 1383 516 1451 δειγμα
542 1383 828 1451 εἰσήνεγκε
864 1380 1094 1445 Παῦλος,
1133 1384 1162 1434 ὁ
1188 1383 1358 1451 μυρία
1401 1381 1613 1454 πράξας
1645 1380 1886 1443 δουλικὰ,

224 1498 229 1504 ’
318 1479 415 1532 καί
467 1478 632 1549 μηδὲν
679 1478 1157 1549 παραιτησάμενος
1193 1495 1208 1545 ;
1259 1478 1405 1547 λέγει
1454 1479 1561 1550 γάρ
1593 1495 1607 1510 ⁸
1654 1481 1735 1533 Οὺ
1782 1477 1889 1548 γὰρ

319 1574 573 1640 ἑαυτοὺς
636 1574 1043 1642 κηρύσσομεν,
1100 1571 1261 1627 ἀλλὰ
1319 1574 1581 1641 Χριστὸν
1649 1572 1891 1640 Ἰησοῦν

320 1674 558 1740 Κύριον,
613 1669 869 1735 ἑαυτοὺς
896 1669 965 1722 δὲ
1001 1669 1261 1735 δούλους
1293 1667 1461 1739 ὑμῶν
1492 1667 1591 1723 διὰ
1631 1668 1887 1736 Ἰησοῦν.

319 1768 495 1832 Γέλως
526 1767 699 1820 ταῦτα
730 1766 824 1820 καὶ
853 1765 1111 1837 φλυαρία.
1153 1764 1479 1820 Ἐκένωσεν
1508 1766 1748 1833 ἑαυτὸν,
1788 1784 1891 1837 φη-

321 1865 395 1919 σί.
428 1864 552 1927 Πῶς
582 1862 868 1927 ἐκένωσεν,
895 1863 1036 1928 εἰπὲ,
1068 1862 1296 1932 καὶντίή
1337 1862 1603 1929 κένωσις;
1642 1863 1735 1916 καὶ
1772 1863 1825 1914 τί
1856 1864 1889 1932 ἡ

319 1960 644 2022 ταπείνωσις
663 1944 683 2021 ;“
745 1958 778 2029 ἢ
827 1958 1013 2029 ἐπειδὴ
1062 1956 1313 2028 θαύματα
1358 1960 1689 2030 εἰργάσατο;
1731 1959 1891 2013 Ἀλλά

318 2057 477 2111 τοῦτο
500 2055 721 2127 ἐποίησε
750 2056 847 2109 καὶ
875 2055 1106 2119 Παῦλος,
1141 2056 1234 2107 καὶ
1265 2056 1490 2126 Πέτρος,
1530 2054 1671 2108 ὥστε
1701 2055 1763 2108 οὑ
1795 2054 1889 2109 τοῦ

320 2154 452 2210 Υἰοῦ
493 2154 653 2207 τοῦτο
699 2153 993 2223 ἐξαίρετον.
1036 2152 1101 2205 Τί
1146 2148 1237 2206 οὖν
1288 2154 1432 2206 ἐστιν
1476 2153 1504 2206 ὃ
1547 2170 1731 2222 φησιν,
1796 2152 1893 2205 Ἐν

320 2254 633 2324 ὁμοιώματι
665 2250 991 2319 ἀνθρώπων
1023 2253 1384 2319 τενόμενος;
1411 2250 1586 2303 Πολλὰ
1621 2250 1718 2321 μὲν
1749 2245 1892 2320 εἶχεν

322 2348 585 2419 ἡμέτερα,
609 2346 779 2400 πολλά
801 2346 857 2400 δὲ
885 2346 983 2399 οὑκ
1012 2341 1157 2415 εἶχεν
1179 2362 1193 2375 ·
1222 2338 1333 2397 οἷον
1357 2345 1463 2397 ἀπὸ
1491 2344 1774 2407 συνουσίας
1793 2345 1893 2397 οὑκ

221 2486 227 2491 .
320 2444 537 2515 ἐτέχθη,
577 2438 688 2497 οἷον
719 2441 993 2513 ἁμαρτίαν
1025 2441 1123 2493 οὑκ
1150 2440 1392 2510 ἐποίησε.
1426 2440 1612 2495 Ταῦτα
1649 2440 1893 2511 ὑπῆρχεν

318 2543 487 2615 αὐτῷ,
514 2542 550 2597 ἃ.
582 2541 769 2614 μηδενὶ
796 2540 904 2594 τῶν
928 2537 1246 2610 ἀνθρώπων.
1276 2540 1387 2592 Ούκ
1418 2534 1484 2609 ἦν
1526 2538 1588 2591 τὸ
1637 2540 1895 2609 φαινόμε-

322 2656 411 2694 νον
441 2640 621 2712 μόνον,
647 2637 783 2693 ἀλλά
810 2638 903 2691 καὶ
928 2635 1081 2699 Θεός.
1121 2636 1403 2705 Ἐφαίνετο
1429 2635 1529 2707 μὲν
1550 2634 1659 2705 γὰρ
1687 2634 1897 2707 ἀνθρωο

324 2758 445 2806 πος,
468 2740 566 2794 οὑκ
588 2736 655 2811 ἦν
685 2739 741 2792 δὲ
765 2740 876 2801 τοῖς
909 2736 1121 2799 πολλοῖς
1153 2736 1356 2807 ὅμοιος,
1381 2737 1430 2789 εἰ
1469 2736 1563 2789 καὶ
1590 2735 1693 2805 τὴν
1720 2735 1897 2807 σάρκα

322 2842 506 2911 ὅμοιος
535 2835 623 2909 ἦν.
656 2836 829 2891 Τοῦτο
852 2832 946 2889 οὖν
984 2834 1153 2903 λέγει,
1183 2834 1266 2887 ὅτι
1289 2833 1389 2886 οὑκ
1413 2828 1479 2904 ἦν
1507 2833 1659 2903 ψιλὸς
1684 2832 1895 2903 ἄνθρω-

325 2956 457 3002 πος’
495 2938 582 2992 διὰ
608 2936 765 2991 τοῦτό
796 2952 978 3007 φησιν,
1042 2936 1146 2987 Ἑν
1194 2931 1507 3003 ὁμοιώματι
1549 2931 1893 3000 ἀνθρώπων.

336 3038 529 3107 Ἡμεῖς
553 3035 651 3105 μὲν
686 3032 831 3103 ψυχὴ
861 3033 956 3085 καὶ
990 3031 1151 3101 σῶμά
1176 3033 1342 3101 ἐσμεν
1372 3046 1386 3060 ’
1420 3031 1625 3092 ἐκεῖνος
1657 3028 1714 3082 δὲ
1742 3028 1894 3095 Θεὸς,

324 3135 421 3189 καὶ
452 3131 622 3203 ψυχὴ,
664 3131 761 3184 καὶ
790 3128 969 3200 σῶμα.
1017 3128 1114 3181 Διὰ
1150 3126 1307 3181 τοῦτό
1343 3144 1528 3199 φησιν,
1562 3128 1667 3180 Ἐν
1694 3124 1897 3194 ὁμοιώ-

319 3249 480 3303 ματι.
504 3230 623 3282 Ἷνα
650 3227 759 3300 γάρ
780 3226 855 3297 μὴ
882 3225 1141 3288 ἀκούσας,
1164 3225 1246 3277 ὅτι
1297 3222 1631 3278 Ἐκένωσεν
1658 3222 1896 3286 ἑαυτὸν,

329 3325 630 3399 μεταϐολὴν
656 3323 884 3396 νομίσῃς
928 3322 1024 3375 καὶ
1069 3321 1419 3393 μετάπτωσιν
1452 3320 1547 3373 καὶ
1593 3318 1900 3388 ἀφανισμόν

325 3439 467 3487 τινα,
489 3421 703 3484 Μένων,
730 3418 916 3489 φησὶν,
948 3416 977 3469 ὃ
1004 3412 1094 3486 ἦν,
1128 3415 1318 3469 ἐλαϐεν
1347 3415 1376 3469 6
1401 3415 1501 3470 οὑκ
1521 3413 1610 3484 ἦν,
1638 3414 1732 3467 καὶ
1762 3414 1900 3483 σὰρξ

326 3525 612 3596 γενόμενος
634 3522 794 3593 ἔμενε
823 3519 955 3583 Θεὸς
978 3519 1146 3587 Λόγος
1170 3517 1265 3571 ὢν.

398 3751 639 3820 γ’.⁶Ὠστε
658 3746 800 3803 κατά
827 3745 982 3799 τοῦτο
997 3745 1180 3815 ὅμοιος
1202 3740 1493 3813 ἀνθρώπῳ,
1515 3741 1607 3794 καὶ
1623 3740 1711 3795 διὰ
1741 3740 1903 3793 τοῦτό

329 3866 461 3920 φησι
493 3844 666 3919 [248],
707 3843 817 3899 Καὶ
851 3842 1115 3913 σχήματι
1143 3856 1155 3868 ⁸
1204 3841 1265 3893 ού
1304 3839 1465 3893 τοῦτο
1516 3838 1711 3906 λέγων,
1756 3838 1834 3892 ὅτι
1867 3840 1901 3908 ἡ

332 3945 492 4015 φύσις
520 3942 839 4015 μετέπεσεν,
874 3939 995 3993 οὑδὲ
1036 3936 1297 4007 σύγχυσίς
1346 3953 1432 3999 τις
1481 3934 1719 4003 ἐγένετο,
1765 3932 1903 3986 ἀλλά

331 4042 571 4111 σχήματι
591 4037 824 4104 ἐγένετο.
847 4033 1031 4088 Εἰπὼν
1054 4034 1185 4104 γὰρ,
1215 4033 1298 4085 ὅτι
1321 4030 1549 4102 Μορφὴν
1566 4030 1752 4083 δούλου
1782 4028 1903 4082 έλα-

332 4138 445 4203 εεν,
472 4135 742 4206 ἐθάρσησε
788 4131 973 4184 λοιπὸν
1010 4131 1106 4183 καὶ
1138 4128 1295 4181 τοῦτο
1332 4128 1530 4190 εἰπεῖν,
1579 4127 1655 4189 ὡς
1689 4126 1900 4179 ἐκείνου

330 4234 538 4295 πάντας
580 4228 1041 4298 ἐπιστομίζοντος.
1096 4226 1251 4279 Ἐπεὶ⁴
1291 4224 1384 4277 καὶ
1428 4223 1556 4277 ὅταν
1598 4223 1754 4297 λέγῃ,
1800 4224 1903 4277 Ἔν

331 4328 643 4400 ὁμοιώματι
676 4323 903 4391 σαρκὸς
949 4321 1255 4391 ἁμαρτίας,
1294 4320 1357 4373 οὑ
1398 4317 1557 4372 τοῦτό
1598 4336 1783 4390 φησιν,
1818 4319 1899 4372 ὅτι

332 4429 512 4498 σάρκα
542 4425 641 4477 οὑκ
665 4419 833 4492 εἶχεν,
867 4419 981 4474 ἀλλ’
1006 4420 1086 4472 ὅτι
1116 4420 1149 4489 ἡ
1192 4416 1329 4489 σὰρξ
1363 4417 1547 4486 ἐκείνη
1591 4416 1687 4485 οὑχ
1720 4416 1903 4487 ἦμαρ-

330 4541 439 4588 τεν,
474 4522 594 4576 ἀλλ’
629 4520 790 4591 ὁμοία
834 4514 901 4588 ἦν
933 4518 998 4587 τῇ
1042 4512 1369 4586 ἁμαρτωλῷ.
1419 4512 1576 4566 Κατά
1611 4512 1663 4566 τί
1702 4513 1900 4583 ὁμοία;

334 4621 489 4675 Κατὰ
533 4619 632 4690 τὴν
676 4617 862 4687 φύσιν,
908 4614 971 4668 οὑ
1014 4614 1155 4668 κατὰ
1191 4612 1291 4683 τὴν
1330 4610 1530 4665 κακίαν
1556 4626 1569 4639 ’
1611 4609 1699 4663 διὰ
1745 4610 1904 4663 τοῦτο

333 4718 492 4789 ὁμοία
518 4711 844 4786 ἁμαρτωλοῦ
874 4709 1071 4779 ψυχῆς.
1100 4707 1313 4777 ’Ὠσπερ
1341 4699 1433 4758 οὖν
1468 4706 1585 4757 ἐκεῖ
1615 4704 1678 4756 τὸ
1718 4704 1903 4771 ὅμοιον

331 4806 418 4858 διὰ
432 4805 491 4857 τὸ
510 4804 584 4874 μὴ
602 4802 780 4855 πάντα
797 4794 936 4852 εἶναι
964 4797 1098 4859 ἴσον,
1122 4795 1262 4847 οὑτω
1276 4793 1370 4847 καὶ
1394 4790 1627 4845 ἐνταῦθα
1655 4792 1903 4862 ὁμοίωμα

330 4903 418 4956 διὰ
452 4902 510 4955 τὸ
542 4901 615 4971 μὴ
654 4898 831 4951 πάντα
860 4892 995 4950 εἶναι
1033 4896 1156 4948 ίσαο
1189 4887 1299 4945 οἷον
1324 4890 1383 4944 τὸ
1411 4890 1485 4961 μὴ
1523 4890 1586 4942 ἐκ
1616 4888 1903 4953 συνουσίας

331 5000 391 5051 τὸ
419 4998 585 5069 χωρίς
625 4993 919 5067 ἁμαρτίας,
949 4991 1010 5044 τὸ
1039 4991 1113 5061 μὴ
1141 4988 1294 5060 ψιλὸν
1325 4986 1632 5058 ἄνθρωπον.
1665 4986 1779 5039 Καὶ
1797 5003 1900 5038 κα-

330 5095 438 5157 λῶς
470 5088 645 5158 εἶπεν,
696 5091 793 5155 Ὠς
825 5089 1134 5156 ἄνθρωπος
1161 5103 1173 5115 ·
1207 5086 1266 5138 ού
1298 5084 1407 5154 γὰρ
1430 5079 1497 5154 ἦν
1524 5077 1605 5146 εἷς
1634 5082 1742 5135 τῶν
1770 5083 1901 5136 πολ-

332 5191 463 5255 λῶν,
494 5191 606 5244 ἀλλ’
634 5190 709 5253 ὡς
740 5183 819 5251 εἷς
844 5186 953 5238 τῶν
992 5184 1220 5238 πολλῶν.
1248 5183 1321 5235 Οὑ
1350 5181 1458 5251 γάρ
1490 5182 1569 5243 εἰς
1618 5179 1901 5251 ἄνθρωπον

337 5290 633 5363 μετέπεσεν
686 5287 715 5339 6
767 5286 898 5349 Θεὸς
946 5284 1137 5353 Λόγος,
1193 5282 1312 5335 οὐδὲ
1366 5281 1521 5334 οὐσία
1575 5279 1900 5350 μετεϐλήθη,

333 5388 445 5441 ἀλλ’
500 5386 575 5448 ὡς
606 5383 885 5455 ἄνθρωπος
920 5382 1113 5451 ἐφάνη,
1147 5378 1205 5432 ού
1252 5376 1698 5446 φαντασιοκοπῶν
1733 5378 1901 5447 ἡμᾶς,

332 5484 467 5538 ἀλλὰ
490 5480 757 5535 παιδεύων
789 5480 865 5542 εἰς
889 5474 1407 5547 ταπεινοφροσύνην.
1433 5475 1598 5527 Ὅταν
1631 5468 1722 5527 οῦν
1750 5474 1900 5544 εἴπῃ,

344 5586 441 5652 Ὧς
491 5584 801 5649 ἄνθρωπος
827 5620 843 5643 ,
898 5577 1057 5631 τοῦτό
1100 5592 1263 5645 φησιν
1304 5590 1318 5605 °
1364 5573 1486 5627 ἐπεὶ
1531 5574 1626 5627 καὶ
1673 5573 1904 5645 ἀλλαχοῦ

335 5698 500 5752 φησιν
538 5679 699 5733 αὑτὸν
740 5677 1043 5746 ἄνθρωπον,
1076 5675 1204 5729 ὅταν
1245 5672 1407 5744 λέγῃ”
1442 5666 1545 5737 Εἷς
1585 5672 1749 5738 Θεὸς,
1806 5672 1904 5725 καί

334 5775 421 5845 εἷς
449 5778 704 5847 μεσίτης
734 5774 1043 5843 ἅνθρωπος
1082 5770 1336 5841 Χριστὸς
1379 5769 1636 5839 Ἰησοῦς.
1674 5770 1902 5842 Εἴρηται

1138 393 1207 448 IN
1248 394 1465 451 EPIST.
1510 395 1599 449 AD
1638 391 1928 448 PHILIPP.
1970 392 2122 447 CAP.
2166 394 2228 448 ll.
2272 392 2502 451 IIOMIL.
2533 392 2643 450 VII.

3455 403 3563 461 252

1994 509 2125 578 ἡμῖν
2155 512 2246 565 καὶ
2271 512 2339 566 τὰ
2375 512 2511 584 πρὸς
2535 514 2755 578 τούτους
2785 533 2796 545 ’
2832 515 2928 568 καὶ
2967 514 3101 587 πρὸς
3126 518 3253 581 τοὺς
3279 517 3354 589 μὴ
3377 517 3563 588 λέγον-

1990 620 2087 667 τας
2117 604 2173 659 δὲ
2200 608 2547 679 ἀνειληφέναι
2586 610 2784 681 ψυχὴν,
2832 612 3129 680 ἀναγκαῖον
3175 614 3367 667 εἰπεῖν·
3418 616 3482 668 Εἰ
3526 618 3561 686 ἡ

1996 702 2175 773 μορφὴ
2204 703 2295 757 τοῦ
2328 704 2463 759 Θεοῦ
2491 706 2697 770 τέλειος
2717 708 2868 775 Θεὸς,
2900 709 2996 763 καὶ
3032 711 3066 781 ὴ
3110 710 3293 782 μορφὴ
3316 710 3410 764 τοῦ
3439 711 3562 765 δού-

1992 795 2085 849 λου
2114 798 2319 864 τέλειος
2350 801 2552 866 δοῦλος.
2593 804 2761 858 Πάλιν
2798 804 2933 876 πρὸς
2978 805 3286 877 ’Ᾱρειανοὺς
3325 808 3354 860 ὁ
3386 806 3561 876 λόγος.

1992 896 2204 964 Μορφὴ
2255 898 2401 953 Θεοῦ
2456 900 2774 971 ὑπάρχων,
2836 902 3023 973 φησὶν,
3085 904 3198 972 οὐχ
3249 903 3565 973 ἁρπαγμὸν

1991 990 2264 1059 ἡγήσατο
2306 997 2374 1049 τὸ
2414 993 2567 1051 εἶναι
2615 998 2721 1052 τσα
2774 1000 2916 1064 Θεῷ.
2976 998 3241 1054 Ἐνταῦθα
3288 1001 3418 1071 περὶ
3466 1000 3566 1070 τῆς

1994 1085 2261 1160 θεότητος,
2278 1090 2513 1163 οὐδαμοῦ
2541 1093 2624 1155 τὸ,
2658 1094 2926 1163 Ἐγένετο,
2945 1095 3180 1167 οὐδαμοῦ
3202 1097 3282 1163 τὸ,
3309 1096 3563 1150 Ἔλαϐενο

1993 1184 2128 1253 ἀλλ’,
2170 1188 2423 1243 Ἑαυτὸν
2470 1189 2752 1258 ἐκένωσε,
2793 1192 3037 1262 μορφὴν
3076 1193 3303 1247 δούλου
3339 1193 3564 1256 λαϐὼν,

1992 1283 2062 1337 ἐν
2088 1284 2401 1353 ὁμοιώματι
2424 1286 2751 1356 ἀνθρώπων
2775 1291 3112 1359 γενόμενος.
3150 1289 3412 1344 Ἐνταῦθα
3437 1291 3567 1361 περὶ

1991 1378 2090 1449 τῆς
2119 1380 2553 1453 ἀνθρωπότητος,
2575 1383 2654 1450 τὸ,
2695 1383 2916 1453 Ἔλαϐε,
2946 1386 3059 1453 καὶ,
3106 1385 3371 1454 Ἐγένετο.
3398 1386 3569 1440 Τοῦτο

1994 1477 2230 1543 ἐγένετο,
2273 1479 2431 1533 τοῦτο
2460 1480 2674 1546 ἔλαϐεν,
2724 1483 2901 1535 ἐκεῖνο
2932 1484 3165 1554 ὑπῆρχε.
3195 1484 3286 1555 Μὴ
3322 1485 3386 1554 δὴ
3431 1501 3567 1552 συγ-

1993 1572 2228 1642 χέωμεν,
2277 1574 2410 1645 μηδὲ
2448 1576 2760 1648 διιστῶμεν.
2810 1573 2905 1643 Εἷς
2945 1579 3097 1643 Θεὸς,
3139 1574 3220 1643 εἷς
3254 1580 3507 1651 Χριστὸς,
3539 1582 3569 1633 ὁ

1995 1672 2122 1734 Υἱὸς
2160 1672 2252 1725 τοῦ
2282 1671 2437 1726 Θεοῦ.
2471 1673 2545 1726 Τὸ
2566 1674 2643 1736 δέ,
2672 1670 2773 1738 εἷς.
2803 1678 2930 1730 ὅταν
2970 1676 3131 1741 εῐπω,
3177 1676 3371 1730 ἕνωσιν
3398 1674 3563 1744 λέγω,

1991 1770 2053 1823 ού
2080 1768 2359 1839 σύγχυσιν,
2387 1770 2485 1841 τῆς
2511 1771 2725 1840 φύσεως
2746 1772 2952 1844 ταύτης
2976 1775 3053 1837 εἰς
3085 1772 3302 1844 ἐκείνην
3329 1790 3570 1845 μεταπε-

1994 1865 2213 1936 σούσης,
2280 1865 2416 1920 ἀλλὰ
2474 1868 2780 1938 ήνωμένης.
2841 1869 3275 1924 Ἐταπεὶνωσεν
3322 1871 3567 1933 ἑαυτὸν,

1991 1961 2263 2029 ὑπήκοος
2304 1963 2626 2033 γενόμενος
2652 1951 2829 2034 μέχρι
2868 1966 3150 2034 θανάτου,
3195 1967 3457 2023 θανάτου
3499 1968 3571 2021 δὲ

1993 2060 2283 2129 σταυροῦ.
2327 2062 2483 2127 Ἰδοὺ,
2516 2062 2699 2132 φησιν,
2743 2063 2981 2131 ὑπήκοος
3018 2065 3261 2135 γέγονεν,
3307 2066 3409 2120 οὑκ
3454 2068 3567 2130 ῐσος

1992 2154 2067 2207 ὢν
2118 2149 2162 2223 ᾧ
2216 2156 2544 2227 ὑπήκουσεν.
2588 2158 2754 2211 Οὑδὲν
2800 2158 2960 2213 τοῦτο
3012 2161 3175 2213 αὑτὸν
3235 2162 3466 2224 ἐλαττοῖ,
3524 2154 3571 2214 ὦ

1993 2250 2307 2321 ἀγνώμονες
2349 2255 2443 2307 καὶ
2488 2253 2705 2324 ἀνόητοι
2743 2270 2756 2285 ⁶
2793 2255 2914 2307 ἐπεὶ
2961 2257 3056 2308 καὶ
3090 2256 3266 2325 φίλοις
3314 2257 3571 2321 πολλάκις

1995 2346 2345 2416 ὑπακούομεν
2382 2351 2561 2420 ἡμεῖς,
2605 2351 2700 2404 καὶ
2739 2350 2890 2403 οὐδὲν
2938 2350 3094 2403 τοῦτο
3131 2353 3279 2422 ἡμᾶς
3318 2352 3572 2416 ἐλάττους

1995 2447 2157 2499 ποιεῖ.
2192 2446 2287 2508 Ὠς
2318 2446 2444 2509 Υἱὸς
2473 2447 2648 2518 Πατρὶ
2677 2446 2987 2517 ὑπήκουσεν
3018 2449 3181 2513 ἐκὼν,
3218 2450 3317 2503 οὑκ
3344 2450 3424 2513 εἰς
3453 2449 3573 2502 δου-

1994 2541 2143 2597 λικὸν
2169 2542 2385 2613 ἀξίωμα
2411 2543 2759 2609 καταπεσὼν,
2796 2544 2932 2598 ἀλλὰ
2963 2545 3135 2616 τούτῳ
3160 2546 3310 2617 αὑτῷ
3338 2546 3572 2617 μάλιστα

1997 2642 2278 2713 φυλάττων
2303 2643 2400 2712 τῆς
2433 2643 2785 2713 γνησιότητος
2816 2642 2876 2695 τὸ
2905 2642 3109 2713 θαῦμα,
3137 2644 3204 2715 τῇ
3233 2643 3401 2715 πολλῇ
3442 2644 3573 2714 περὶ

1995 2737 2086 2790 τὸν
2116 2736 2337 2807 Πατέρα
2364 2740 2518 2808 τιμῇ.
2569 2737 2827 2807 Ἐτίμησε
2861 2737 2951 2791 τὸν
2984 2739 3224 2809 Πατέρα,
3263 2739 3362 2809 οὑχ
3390 2738 3478 2793 ἵνα
3508 2739 3574 2792 σὺ

1998 2833 2161 2889 αὑτὸν
2187 2833 2481 2904 ἀτιμάσῃς,
2508 2832 2622 2887 ἀλλ’
2662 2833 2748 2887 ἵνα
2779 2834 2980 2904 μᾶλλον
3014 2835 3323 2908 θαυμάσῃς,
3359 2836 3447 2889 ἵνα
3481 2838 3576 2890 καὶ

1998 2932 2106 2986 ἀπὸ
2141 2931 2331 2985 τούτου
2380 2930 2580 3004 μάθῃς,
2620 2930 2702 2983 ὅτι
2748 2931 2970 3001 γνήσιος
3018 2931 3165 2997 Υἱὸς,
3212 2930 3290 3001 τῷ
3344 2930 3577 3002 μάλιστα

2000 3030 2218 3083 πάντων
2241 3029 2331 3081 τὸν
2363 3027 2585 3099 Πατέρα
2627 3026 3002 3097 τετιμηκέναι.
3037 3027 3244 3090 Οὐδεὶς·
3264 3025 3439 3090 οῦτως
3469 3026 3579 3080 ἐτί-

2002 3145 2144 3200 μησε
2185 3128 2277 3180 τὸν
2308 3127 2461 3181 Θεόν.
2504 3128 2665 3180 Ὅσον
2700 3122 2814 3197 εἶχε
2871 3127 2931 3180 τὸ
2971 3125 3126 3195 ὕψος,
3164 3126 3436 3196 τοσαύτην
3486 3143 3580 3179 τα-

2000 3228 2257 3281 πείνωσιν
2297 3226 2504 3289 ὑπέστη
2555 3225 2905 3296 ἀντίρροπον.
2936 3225 3147 3295 Ὥσπερ
3197 3224 3417 3278 πάντων
3461 3224 3582 3278 ἐστὶ⁵

2004 3324 2225 3395 μείζων,
2257 3325 2352 3376 καὶ
2382 3321 2557 3383 οὐδεὶς
2587 3320 2737 3391 αύτῷ
2763 3322 2899 3388 ἴσος,
2932 3320 3075 3375 οὑτω
3104 3321 3197 3374 καὶ
3221 3324 3286 3392 τῇ
3318 3321 3446 3391 περὶ
3487 3320 3578 3375 τὸν

2000 3420 2217 3488 Πατέρα
2231 3421 2362 3489 τιμῇ
2383 3419 2590 3480 πάντας
2612 3416 2886 3486 ἐνίκησεν,
2904 3417 3003 3470 οὑκ
3022 3416 3171 3489 [249]
3187 3418 3577 3485 ἀναγκασθεὶς,

2000 3517 2121 3570 οὑδέ
2142 3516 2309 3570 ἄκων.
2342 3516 2452 3568 Καὶ
2476 3513 2636 3567 τοῦτο
2667 3514 2766 3582 τῆς
2804 3513 3008 3584 ἀρετῆς
3036 3514 3200 3567 αὑτοῦ
3219 3531 3232 3545 ·
3264 3515 3297 3584 ἢ
3332 3516 3433 3569 οὑκ
3471 3514 3581 3585 ἔχω

2005 3615 2121 3679 πῶς
2140 3615 2299 3670 εἴπω.
2336 3613 2546 3667 Βαϐαίί
2576 3613 2718 3682 μέγα
2748 3614 2842 3666 καὶ
2874 3613 2936 3665 τὸ
2962 3613 3147 3667 δοῦλον
3178 3614 3456 3682 γενέσθαι,
3483 3615 3579 3670 καὶ

2005 3711 2209 3781 σφόδρα
2229 3712 2506 3782 άρῤητονιο
2535 3709 2595 3762 τὸ
2616 3709 2675 3762 δὲ
2695 3709 2788 3763 καὶ
2807 3709 3039 3763 θάνατον
3066 3710 3387 3780 ὑποστῆναι,
3416 3711 3580 3767 πάλιν

2004 3808 2184 3880 πολλῷ
2213 3808 2390 3863 πλέον.
2437 3807 2576 3861 Ἀλλ’
2608 3806 2725 3861 ἔστι
2757 3808 2851 3862 καὶ
2875 3807 3061 3875 ἔτερόν
3090 3826 3143 3861 τι
3172 3808 3365 3863 τούτου
3394 3810 3579 3879 μεῖζον

2006 3913 2097 3963 καὶ
2145 3907 2590 3980 παραδοξότερον.
2641 3908 2799 3961 Ποῖον
2848 3906 2908 3961 δὲ
2949 3907 3139 3972 τοῦτο;
3182 3909 3263 3961 ὅτι
3302 3909 3397 3979 οὑχ
3432 3908 3578 3973 ἅπας

2004 4010 2225 4071 θάνατος
2242 4009 2442 4079 ὅμοιος.
2463 4002 2629 4070 Οὗτος
2647 4006 2754 4079 γὰρ
2769 4007 2988 4060 πάντων
3012 4006 3578 4079 ἐπονειδιστικώτερος

2003 4101 2142 4158 εἶναι
2176 4104 2370 4170 ἐδόκει,
2393 4098 2548 4167 οὗτος
2570 4105 2597 4157 6
2622 4102 2885 4174 αἰσχύνης
2907 4103 3112 4175 γέμων.
3142 4097 3297 4165 οῦτος
3316 4105 3344 4157 ὁ
3371 4104 3578 4174 ἐπάρασι

2002 4220 2095 4267 τος
2118 4219 2134 4233 ⁸
2182 4200 2634 4270 Ἐπικατάρατος
2655 4200 2785 4273 γὰρ,
2819 4201 2973 4271 φησὶ,
3010 4199 3128 4266 πᾶς
3153 4203 3186 4254 ὁ
3211 4200 3577 4270 κρεμάμενος

2004 4299 2102 4353 ἐπὶ
2128 4300 2341 4363 ξύλου.
2372 4298 2472 4351 Διὰ
2501 4297 2658 4351 τοῦτο
2687 4298 2783 4350 καὶ
2827 4295 3071 4349 Ἰουδαῖοι
3101 4296 3275 4367 τούτῳ
3310 4298 3576 4354 ἐσπούδα-

2006 4414 2105 4449 σαν
2132 4396 2293 4448 αὑτὸν
2339 4395 2571 4460 ἀνελεῖν,
2622 4392 2764 4446 ὥστε
2794 4394 2888 4446 καὶ
2927 4393 3287 4448 ἐπονείδιστον
3334 4398 3575 4467 ἐργάσα-

2007 4493 2151 4556 σθαι,
2177 4493 2263 4545 ἵνα
2301 4494 2348 4544 εἰ
2378 4493 2470 4543 καὶ
2493 4490 2568 4560 τῷ
2590 4490 2939 4562 ἀναιρεθῆναι
2973 4489 3161 4559 μηδεὶς
3190 4491 3459 4562 ἀπέχηται
3484 4494 3576 4546 αύ-

2002 4588 2119 4654 τοῦ,
2155 4588 2291 4643 ἀλλά
2321 4587 2399 4659 τῷ
2424 4587 2597 4650 οὑτως
2630 4587 2999 4658 ἀναιρεθῆναι.
3042 4587 3141 4641 Διά
3169 4587 3328 4642 τοῦτο
3358 4590 3448 4644 καλ⁵
3477 4591 3574 4663 λῃο

2006 4686 2127 4741 σταὶ
2141 4685 2233 4739 δύο
2255 4683 2458 4755 μεταξὺ
2485 4681 2649 4738 αὑτοῦ
2681 4682 3120 4755 ἐσταυρώθησαν,
3155 4685 3243 4739 ἵνα
3273 4689 3574 4761 κοινωνήσῃ

2004 4784 2101 4854 τῆς
2146 4781 2304 4853 δόξης
2348 4782 2551 4845 αὑτοῖς,
2590 4780 2683 4833 καὶ
2722 4779 2981 4851 πληρωθῇ
3018 4780 3079 4834 τὸ
3123 4783 3432 4854 εἰρημένον,
3468 4786 3578 4841 Καὶ

1999 4893 2150 4962 μετὰ
2181 4892 2420 4959 ἀνόμων
2454 4890 2763 4959 ἐλογίσθη.
2822 4890 2981 4944 Ἀλλά
3020 4890 3259 4964 τοσούτῳ
3313 4894 3511 4964 μᾶλλον
3541 4899 3575 4968 ἡ

2004 4988 2231 5058 ἀλήθεια
2264 4987 2488 5057 λάμπει,
2517 4984 2755 5057 τοσούτῳ
2789 4986 3117 5058 φαιδροτέρα
3138 4988 3371 5056 γίνεται.
3408 4992 3578 5044 Ὅταν

2004 5084 2112 5156 γὰρ
2144 5083 2380 5137 τοσαῦτα
2475 5082 2838 5154 μηχανήματα
2869 5082 3020 5154 παρά
3047 5083 3156 5136 τῶν
3196 5084 3411 5156 ἐχθρῶν
3437 5087 3580 5141 κατὰ

2002 5181 2102 5250 τῆς
2136 5178 2292 5251 δόξης
2325 5178 2490 5232 αὑτοῦ
2519 5180 2799 5249 γινόμενα.
2842 5178 3121 5253 διαλάμπῃ
3168 5182 3243 5245 δέ,
3279 5182 3481 5253 μᾶλλον
3516 5184 3579 5235 τὸ

2006 5275 2187 5347 θαῦμα
2221 5275 2404 5346 μεῖζον
2425 5275 2716 5329 δείκνυται.
2743 5276 2816 5329 Οὑ
2850 5275 2956 5347 γὰρ
2990 5277 3067 5348 τῷ
3108 5277 3293 5341 ἁπλῶς
3319 5279 3577 5331 ἀποκτεῖ-

2004 5392 2112 5437 ναι,
2142 5374 2277 5427 ἀλλὰ
2314 5374 2408 5426 καὶ
2446 5372 2522 5444 τῷ
2554 5371 2723 5435 οὑτως
2750 5374 3067 5427 ἀποκτεῖναι
3096 5373 3262 5442 ᾢοντο
3291 5373 3576 5443 βδελυκτὸν

2006 5472 2169 5525 αὑτὸν
2195 5471 2551 5542 ἐργάσασθαι,
2586 5470 2681 5524 καὶ
2704 5470 2919 5524 πάντων
2945 5469 3263 5537 ἀποφαίνειν
3294 5468 3577 5540 βδελυκτό-

2003 5596 2160 5652 τερον
2199 5595 2213 5610 ·
2252 5580 2342 5633 καὶ
2383 5578 2535 5631 οὐδὲν
2579 5578 2823 5648 ἴσχυσαν.
2876 5575 3033 5631 Οὑτω
3081 5575 3138 5631 δέ
3185 5577 3372 5648 μἰαροί
3432 5596 3576 5643 τινες

2002 5673 2142 5747 ἦσαν
2184 5675 2481 5747 ἀμφότεροι
2510 5677 2559 5727 οἰ
2605 5674 2805 5746 λῃσταί
2824 5690 2838 5706 ο
2870 5673 3096 5745 ὕστερον
3117 5675 3225 5745 γὰρ
3260 5674 3289 5727 6
3329 5669 3409 5757 εἰς
3442 5692 3576 5745 μετ-

2007 5774 2249 5843 εόάλετο,
2280 5774 2360 5827 ὅτι
2393 5772 2486 5827 καὶ
2526 5772 2585 5826 ἐν
2621 5770 2839 5843 σταυρῷ
2872 5770 3043 5839 ὄντες,
3073 5767 3345 5835 ὠνείδιζον
3378 5771 3526 5843 αὑτῷ
3556 5789 3572 5804 ο
