4108 6410
494 344 600 401 955

492 464 589 517 καὶ
623 460 747 516 οὔτε
780 460 843 514 τὺ
872 460 1112 525 συνειδὸς
1137 460 1247 515 τῶν
1277 461 1423 516 ἰδίων
1451 462 1887 536 ἁμαρτημάτων,
1936 459 2064 513 οὒτε

490 556 553 609 τὸ
584 558 644 609 ἐν
674 554 891 609 κολάσει
920 547 1080 619 εἶναι,
1117 554 1242 609 οὔτε
1267 556 1327 610 τὸ
1352 556 1446 610 καὶ
1468 556 1668 619 αὑτοὺς
1693 555 1763 609 τὰ
1786 553 1927 610 αὑτά
1954 552 2065 606 πά·-

492 664 662 720 σχειν,
691 650 942 718 κατεῖχεν
964 646 1141 701 αὐτῶν
1169 647 1269 718 τὴν
1305 648 1528 719 μανίαν.
1562 648 1743 719 Ὅπερ
1775 642 1868 701 οὖν
1906 646 2003 700 καὶ
2035 646 2065 699 6

488 733 569 803 εἷς
596 739 671 810 τῷ
702 740 780 792 ἐνὶ
814 734 955 803 εἰπε,
993 739 1089 792 καὶ
1120 739 1447 811 ἐπεστόμισε
1475 739 1649 808 λέγων
1676 755 1689 768 ·
1721 738 1876 793 Οὐδὲ
1904 736 2062 807 φοϐῇ

488 832 594 887 τὸν
639 830 788 885 Θεὸν
824 831 927 895 σὺ,
976 832 1069 885 ὅτι
1115 831 1187 886 ἐν
1224 831 1306 897 τῷ
1360 830 1521 897 αὐτῷ
1557 833 1795 901 κρίματί
1835 832 2063 901 ἐσμεν;

488 923 768 991 Τοσαύτην
816 918 961 993 εἶχον
1003 921 1102 993 τὴν
1149 921 1367 975 κακίαν.
1421 922 1561 974 Ἀλλ’
1600 921 1755 976 οὐδὲν
1791 921 1929 992 πρὸς
1961 921 2063 991 τὴν

484 1012 689 1067 οἰκείαν
715 1011 872 1076 δόξαν
899 1010 1216 1083 παρεϐλάϐη
1253 1009 1522 1064 ἐντεῦθεν.
1560 1010 1652 1063 Διό
1681 1026 1813 1080 φησι
1839 1024 1854 1042 ο
1890 1008 2001 1064 Καὶ
2028 1011 2063 1064 ό

487 1097 630 1165 Θεὸς
685 1099 872 1153 αὐτὸν
914 1098 1280 1166 ὑπερύψωσε
1303 1136 1319 1162 ,
1366 1097 1467 1151 καί
1513 1096 1838 1167 ἐχαρίσατο
1900 1093 2062 1161 αὐτῷ

484 1187 670 1257 ὄνομα
699 1185 768 1241 τὸ
792 1187 945 1255 ὑπὲρ
971 1185 1096 1241 πᾶν
1129 1186 1332 1257 ὄνομα.

547 1374 608 1427 6’.
626 1373 794 1426 Ὅταν
819 1372 919 1442 τῆς
935 1370 1136 1442 σαρκὸς
1149 1369 1475 1441 ἐπιλάϐηται
1486 1370 1520 1423 '6
1540 1368 1810 1440 μακάριος
1821 1365 2055 1430 Παῦλος,

481 1462 656 1515 πάντα
702 1460 890 1516 λοιπὸν
929 1460 998 1514 τά
1051 1458 1285 1513 ταπεινά
1333 1459 1472 1530 μετά
1518 1458 1705 1520 ἀδείας
1734 1456 2054 1525 φθέγγεται.

481 1552 625 1617 Ἕως
656 1550 754 1623 μὲν
778 1551 887 1620 γὰρ
910 1551 1010 1604 οὑκ
1039 1550 1247 1618 ἔλεγεν,
1276 1550 1359 1603 ὅτι
1388 1548 1604 1619 μορφὴν
1624 1545 1814 1600 δούλου
1840 1544 2055 1608 ἐλαϐεν,

477 1644 613 1699 ἀλλά
640 1644 770 1715 περὶ
796 1644 897 1714 τῆς
922 1642 1174 1712 θεότητος
1199 1641 1494 1709 διελέγετο,
1526 1640 1629 1709 ὅρα
1652 1638 1769 1701 πῶς
1790 1635 2015 1707 ὑψηλῶς
2039 1652 2054 1665 ·

478 1737 698 1808 ὑψηλῶς
718 1736 862 1805 λέγω
886 1735 1026 1788 κατὰ
1044 1735 1142 1804 τὴν
1162 1733 1393 1804 δύναμιν
1414 1748 1429 1763 ·
1464 1732 1607 1785 κατά
1635 1730 1747 1800 γάρ
1769 1727 1868 1799 τὴν
1890 1724 2057 1782 αὑτοῦ

476 1829 632 1897 ἀξίαν
662 1829 724 1882 οὑ
752 1828 1080 1898 φθέγγεταιο
1112 1827 1236 1880 οὑδέ
1257 1826 1366 1897 γάρ
1406 1824 1631 1879 δύναται
1651 1840 1665 1854 ⁸
1709 1823 1804 1876 Ἐν
1827 1818 2055 1891 μορφῇ,

476 1924 631 1995 φησὶ,
662 1922 810 1977 Θεοῦ
838 1920 1146 1989 ὑπάρχων,
1189 1919 1304 1987 οὐχ
1332 1911 1656 1986 ’ἁρπαγμὸν
1679 1912 1956 1983 ἡγήσατο
1988 1910 2056 1964 τὸ

475 2012 631 2069 εἶναι
657 2015 765 2068 ἶσα
794 2012 933 2078 Θεῷ.
972 2010 1193 2082 Ἐπειδὴ
1216 2010 1273 2063 δὲ
1298 2005 1472 2070 εἷπεν,
1496 2010 1577 2062 ὅτι
1609 2004 2053 2077 ἐνηνθρώπησεν,

477 2107 646 2169 ἀδεῶς
676 2103 862 2158 λοιπὸν
890 2103 962 2157 τὰ
996 2101 1228 2156 ταπεινά
1253 2100 1574 2169 φθέγγεται,
1606 2096 1825 2169 θαρρῶν
1855 2096 1932 2161 ώς
1960 2096 2055 2149 οὑ-

474 2199 563 2251 δέν
594 2197 820 2268 βλάπτει
852 2195 952 2266 τὴν
982 2194 1211 2265 θεότητα
1254 2192 1314 2246 τὸ
1364 2190 1598 2245 ταπεινά
1640 2189 1918 2258 λέγεσθαι,
1953 2188 2055 2258 τῆς

477 2287 678 2359 σαρκὸς
726 2286 888 2340 αὑτοῦ
928 2282 1233 2354 δεχομένης
1285 2281 1478 2337 ταῦτα.
1520 2280 1621 2334 Διό
1660 2281 1761 2334 καὶ
1825 2282 1858 2334 ό
1910 2277 2056 2344 Θεὸς

474 2380 659 2434 αὐτὸν
685 2379 1071 2449 ὑπερύψωσε,
1102 2376 1200 2430 καὶ
1228 2375 1553 2446 ἐχαρίσατο
1583 2369 1744 2437 αὺτῷ
1778 2372 1966 2440 ὄνομα
1986 2369 2053 2426 τὸ

476 2471 626 2539 ὑπὲρ
655 2469 780 2526 πᾶν
808 2469 997 2539 ὄνομα
1020 2485 1034 2498 ·
1075 2470 1177 2523 ἵνα
1214 2469 1285 2523 ἐν
1311 2466 1390 2533 τῷ
1415 2468 1661 2536 ὀνόματι
1701 2462 1908 2532 Ἰησοῦ
1931 2462 2056 2518 πᾶν

473 2562 621 2632 γόνυ
650 2560 884 2630 κάμψῃ,
914 2560 1291 2629 ἐπουρανίων
1318 2557 1415 2611 καὶ
1446 2555 1723 2626 ἐπιγείων
1753 2554 1851 2608 καί
1877 2570 2055 2609 κατα-

472 2656 751 2725 χθονίων,
780 2654 880 2708 καί
916 2652 1086 2708 πᾶσα
1109 2650 1362 2722 γλῶσσα
1398 2646 1937 2719 ἐξομολογήσηται,
1963 2646 2055 2701 ὅτι

471 2748 685 2816 Κύριος
724 2745 966 2813 Ἰησοῦς
999 2742 1254 2812 Χριστὸς
1280 2745 1365 2808 εἰς
1395 2741 1586 2806 δόξαν
1613 2740 1762 2795 Θεοῦ
1798 2739 2051 2809 Πατρός.

473 2840 731 2906 Εῖπωμεν
788 2836 926 2909 πρὸς
978 2835 1106 2898 τοὺς
1156 2833 1491 2904 αἰρετικοὺς,
1551 2832 1602 2884 εἰ
1663 2833 1796 2902 περὶ
1834 2831 1929 2884 τοῦ
1978 2830 2055 2903 μὴ

474 2929 850 3002 σαρκωθέντος
870 2926 1044 2981 ταῦτα
1065 2926 1304 2995 λέγεται,
1331 2926 1381 2977 εἰ
1414 2925 1540 2995 περί
1568 2924 1663 2977 τοῦ
1682 2924 1823 2977 Θεοῦ
1854 2924 2053 2992 Λόγου,

473 3025 591 3088 πῶς
615 3022 776 3076 αὑτὸν
806 3020 1192 3091 ὑπερύψωσεν;
1217 3018 1366 3090 [250]
1387 3019 1461 3082 ώς
1489 3017 1671 3071 πλεῖόν
1693 3035 1746 3070 τι
1775 3016 2051 3083 δεδωκώς;

474 3113 683 3168 Οὐκοῦν
716 3112 914 3182 ἀτελὴς
942 3106 1010 3180 ἢν
1039 3109 1183 3163 κατὰ
1206 3108 1387 3175 τοῦτο,
1430 3108 1523 3163 καὶ
1552 3108 1621 3161 δι’
1654 3110 1799 3179 ἡμᾶς
1840 3109 2055 3178 ἐγένετο

473 3207 696 3268 τέλειος.
730 3204 795 3256 El
831 3202 942 3273 γὰρ
978 3201 1052 3273 μὴ
1086 3201 1232 3271 ἡμᾶς
1255 3199 1640 3270 εὐεργέτησεν,
1667 3201 1771 3253 οὑκ
1805 3202 1872 3254 ἂν
1895 3200 2053 3270 ἔτυχε

472 3302 570 3371 τῆς
616 3297 803 3369 τιμῆς.
843 3295 954 3349 Καὶ
1001 3294 1347 3363 ἐχαρίσατο,
1396 3294 1581 3364 φησὶν,
1633 3293 1841 3362 ὄνομα.
1894 3292 2051 3357 Ἰδοὺ,

472 3393 596 3445 οὐδὲ
616 3391 788 3460 ὄνομα
811 3382 927 3458 εἷχε
963 3386 1087 3439 καθ’
1122 3386 1287 3455 ὑμᾶς.
1322 3384 1448 3446 Πῶς
1476 3385 1556 3445 δέ,
1580 3387 1629 3438 εἰ
1668 3384 1892 3455 ὀφειλὴν
1928 3385 2053 3439 ἐλα-

473 3484 589 3546 ϐεν,
616 3483 932 3552 εὑρίσκεται
962 3480 1147 3550 χάριτι
1177 3479 1271 3532 καὶ
1304 3478 1483 3549 δωρεᾷ
1510 3476 1713 3542 λαϐὼν,
1748 3478 1843 3532 καὶ
1880 3479 2053 3531 Ὀνο-

469 3593 556 3645 μα
582 3574 648 3628 τὸ
672 3572 828 3641 ὑπὲρ
857 3571 981 3627 πᾶν
1009 3572 1197 3640 ὄνομα
1225 3586 1242 3633 ;
1280 3571 1440 3623 Ποῖον
1474 3570 1533 3623 δέ
1580 3569 1780 3639 ῖδωμεν
1809 3570 1903 3624 καὶ
1933 3570 2053 3624 ὅνο-

479 3683 579 3737 μα’
614 3666 749 3721 Ἵνα
788 3664 857 3718 ἐν
887 3662 969 3728 τῷ
1011 3663 1258 3731 ὀνόματι
1300 3660 1506 3729 Ἰησοῦ
1551 3661 1830 3729 Χριστοῦ,
1893 3663 2051 3732 φησὶ,

475 3757 597 3812 πᾶν
626 3756 775 3825 γόνυ
1080 3754 1291 3822 Ὀνομα
1328 3753 1487 3806 αὐτοὶ
1529 3754 1628 3822 τὴν
1671 3753 1830 3819 δόξαν
1860 3753 2053 3822 λέγου-

477 3865 581 3900 σιν.
610 3844 760 3915 Δῦτη
784 3843 915 3913 γοῦν
946 3845 980 3914 ὴ
1013 3842 1142 3908 δόξα
1172 3842 1311 3912 ὑπὲρ
1340 3844 1520 3897 πᾶσαν
1553 3842 1711 3907 δόξαν
1735 3844 1849 3896 ἐστί
1874 3857 1889 3872 ⁸
1919 3843 2047 3908 δόξα

474 3940 532 3993 δὲ
567 3939 702 4000 ὅλως
732 3938 871 4001 ἐστὶ,
906 3937 967 3988 τὸ
1005 3936 1332 4005 προσκυνεῖν
1372 3933 1542 4004 αὑτῷ.
1575 3934 1772 4006 Πόρρω
1813 3936 2052 4005 ἀπέχετε

473 4033 572 4103 τῆς
600 4031 693 4084 τοῦ
721 4028 855 4084 Θεοῦ
886 4026 1302 4099 μεγαλειότητος
1332 4026 1512 4095 ὑμεῖς,
1545 4027 1595 4079 οἰ
1639 4026 1947 4097 νομίζοντες
1976 4029 2053 4081 εἰ-

472 4126 619 4179 δέναι
644 4123 795 4187 Θεὸν,
841 4122 916 4185 ὡς
942 4120 1104 4183 αὑτὸς
1134 4115 1276 4173 οἶδεν
1317 4118 1527 4173 ἑαυτόν.
1574 4119 1684 4171 Καὶ
1716 4119 1827 4173 ἀπὸ
1861 4120 2050 4173 τούτου

478 4218 575 4285 μὲν
606 4216 782 4285 δῆλον,
814 4215 937 4267 ὅσον
965 4212 1199 4283 ἀπέχετε
1224 4212 1326 4281 τῆς
1350 4210 1558 4275 ἐννοίας
1583 4211 1684 4283 τῆς
1718 4213 1844 4283 περί
1877 4211 2011 4266 Θεοῦ
2033 4230 2046 4243 ·

473 4310 628 4379 δῆλον
650 4309 706 4362 δὲ
731 4307 827 4361 καλ⁸
864 4308 929 4359 ἐκ
961 4306 1177 4360 τούτου.
1220 4302 1369 4374 Δῦτη
1397 4304 1523 4370 δόξα
1562 4305 1731 4368 ἐστὶν,
1762 4305 1883 4358 εἰπέ
1923 4323 2047 4377 μοι;

474 4399 685 4454 Οὐκοῦν
739 4398 867 4469 πρὶν
915 4397 949 4468 ἢ
996 4396 1128 4460 τοὺς
1170 4394 1489 4468 ἀνθρώπους
1532 4395 1808 4463 γενέσθαι,
1837 4397 1968 4467 πρὶν
2014 4399 2048 4469 ἢ

474 4494 602 4556 τοὺς
630 4491 913 4560 ἀγγέλους,
943 4489 1074 4560 πρὶν
1103 4488 1137 4559 ἢ
1173 4489 1299 4550 τοὺς
1334 4488 1733 4559 ἀρχαγγέλους,
1762 4489 1863 4543 οὑκ
1886 4485 1954 4562 ἦν
1992 4492 2050 4544 ἐν

475 4580 619 4651 δόξῃ.
653 4582 713 4632 Εἰ
735 4580 841 4650 γὰρ
867 4578 1007 4648 αὕτη
1039 4579 1185 4631 ἐστὶν
1224 4579 1257 4649 ἡ
1282 4577 1431 4645 δόξα,
1459 4580 1493 4649 ἡ
1516 4577 1656 4650 ὑπὲρ
1682 4581 1862 4634 πᾶσαν
1890 4580 2051 4648 ’δόξαν

477 4671 655 4739 (τοῦτο
679 4671 787 4740 γάρ
818 4671 986 4732 ἐστιν,
1010 4667 1192 4735 ’Υπὲρ
1221 4665 1345 4723 πᾶν
1368 4667 1608 4738 ὄνομαγ
1630 4668 1680 4721 εἰ
1710 4668 1805 4723 καὶ
1838 4670 1897 4723 ἐν
1923 4669 2049 4741 δόξῃ

475 4762 562 4833 ἦν,
591 4763 705 4817 ἀλλ’
735 4765 793 4815 ἐν
826 4761 1070 4816 ἐλάττονι
1097 4760 1321 4832 ταύτης.
1356 4758 1564 4815 Οὐκοῦν
1600 4760 1759 4815 τοῦτο
1780 4775 1808 4802 ιι
1827 4762 1897 4816 τὰ
1922 4763 2050 4816 ὅντα

477 4856 722 4925 ἐποίησε,
744 4854 837 4907 καὶ
877 4853 963 4907 διὰ
996 4854 1172 4919 τοῦτο,
1203 4854 1293 4908 ἵνα
1328 4856 1387 4907 ἐν
1426 4853 1554 4927 δόξῃ
1582 4855 1829 4926 γένηται,
1868 4856 2050 4911 οὑκέτι

476 4948 790 5018 ἁγαθότητι,
846 4948 985 5002 ἀλλὰ
1030 4948 1284 5017 δεόμενος
1336 4948 1437 5017 τῆς
1480 4948 1608 5020 παρ’
1659 4950 1818 5021 ἡμῶν
1867 4950 2047 5022 δόξης.

488 5043 680 5113 Ὁρᾶτε
731 5039 830 5110 τὴν
872 5040 1096 5105 domum;
1135 5041 1298 5110 ὁρᾶτε
1339 5040 1439 5110 τὴν
1479 5039 1772 5107 ἀσέϐειαν;
1807 5042 1904 5094 Ἂν
1952 5042 2051 5113 μὲν

476 5132 569 5187 οὗν
598 5134 728 5204 περὶ
756 5131 851 5185 τοῦ
879 5131 1253 5201 σαρκωθέντος
1280 5131 1452 5185 ταῦτα
1479 5132 1685 5201 ελεγον,
1716 5132 1828 5205 εἶχε
1860 5134 2047 5203 λόγον’

477 5229 727 5299 ἀνέχεται
757 5226 865 5298 γάρ
898 5227 928 5278 6
959 5225 1094 5279 Θεοῦ
1125 5227 1297 5295 Λόγος
1345 5226 1474 5297 περὶ
1510 5229 1612 5299 τῆς
1648 5230 1848 5300 σαρκὸς
1875 5230 2049 5284 ταῦτα

476 5319 762 5388 λέγεσθαι’
800 5319 862 5371 οὑ
895 5318 1005 5390 γὰρ
1042 5318 1139 5389 τῆς
1180 5318 1395 5387 φύσεως
1441 5319 1695 5387 ἅπτεται,
1744 5321 1880 5376 ἀλλά
1923 5324 2051 5395 περὶ

477 5414 573 5485 τὴν
614 5412 925 5483 οἰκονομίαν
971 5412 1033 5465 τὸ
1082 5413 1191 5465 πᾶν
1238 5412 1489 5471 ἵσταται*
1541 5415 1641 5471 νῦν
1667 5416 1725 5470 δὲ
1768 5417 1898 5489 περὶ
1948 5420 2049 5490 τὴν

542 5763 571 5795 ⁸
594 5762 741 5812 Forte
762 5766 876 5825 πρὸς
897 5765 1060 5814 τοῦτο.

1188 344 1246 399 S.
1284 341 1566 399 JOANNIS
1602 335 2095 400 CHRYSOSTOMI
2130 333 2453 388 AﬂCHIEP.
2498 334 3050 393 CONSTANTINOP.

3640 340 3749 398 256

2173 449 2404 523 θεότητα
2450 451 2619 506 ταῦτα
2666 454 2955 525 λεγόμενα,
3006 455 3233 527 οὐδεμία
3296 456 3595 531 συγγνώμη
3634 459 3753 524 τοῖς

2170 543 2535 614 κακουργοῦσι
2571 546 3067 617 καταλιμπάνεται.
3107 548 3268 602 Ὦστε
3314 548 3444 603 ὅταν
3481 548 3748 621 εἴπωμεν,

2183 634 2469 707 Ἐποίησεν
2500 635 2786 709 ἄνθρωπον
2815 638 3084 694 ἀθάνατον
3114 640 3144 693 6
3171 639 3325 705 Θεὸς,
3357 639 3461 694 κᾶν
3486 641 3618 711 περὶ
3652 639 3749 696 τοῦ

2168 724 2290 780 ὅλου
2318 726 2479 791 εἴπω,
2508 724 2626 784 οἰδα
2665 728 2694 782 ὃ
2727 729 2891 798 λέγω.
2926 732 2991 785 Τί
3022 731 3080 785 δέ
3113 733 3284 794 ἐστιν,
3341 732 3750 800 Ἐπουρανίων

2168 817 2269 871 καί
2312 818 2588 887 ἐπιγείων
2619 820 2720 874 καί
2763 823 3215 890 καταχθονίων;
3256 822 3569 888 Τουτέστιν,
3599 826 3628 877 6
3657 825 3752 878 κόο

2170 925 2304 980 σμος
2345 912 2473 978 πᾶς,
2502 911 2595 964 καὶ
2622 911 2847 980 ἄγγελοι
2888 913 2983 967 καὶ
3024 912 3305 985 ἄνθρωποι
3334 916 3432 968 καὶ
3458 914 3711 984 δαίμονες
3729 932 3745 947 ο

2167 1002 2200 1072 ἢ
2232 1004 2314 1057 ὅτι
2352 1003 2445 1058 καὶ
2485 1005 2533 1057 οἰ
2576 1005 2772 1060 δίκαιοι
2821 1007 2917 1061 καὶ
2954 1008 3003 1061 οἰ
3047 1007 3379 1078 ἁμαρτωλοί.
3419 1008 3528 1062 Καὶ
3578 1007 3748 1062 πᾶσα

2166 1095 2421 1164 γλῶσσα
2474 1096 2987 1169 ἐξομολογήσεται
3012 1139 3029 1165 ,
3078 1099 3169 1153 ὅτι
3226 1101 3444 1167 Κύριος
3515 1098 3749 1169 Ἰησοῦς

2163 1187 2444 1255 Χριστὸς,
2473 1191 2561 1255 είς
2605 1188 2795 1253 δόξαν
2832 1190 2981 1245 Θεοῦ
3018 1194 3270 1258 Πατρός.
3303 1191 3617 1256 Τουτέστιν,
3659 1192 3749 1245 ἵνα

2165 1273 2368 1337 πάντες
2410 1275 2568 1330 τοῦτο
2620 1278 2855 1332 εἴπωσι·
2903 1279 3063 1332 τοῦτο
3109 1280 3166 1332 δὲ
3211 1279 3337 1346 δόξα
3381 1279 3475 1333 τοῦ
3509 1281 3742 1352 Πατρός.

2176 1360 2341 1432 Ὁρᾷς
2372 1364 2668 1435 πανταχοῦ,
2698 1368 2829 1420 ὅταν
2852 1370 2879 1422 6
2902 1367 3029 1432 Υἰδς
3065 1367 3376 1439 δοξάζηται,
3400 1369 3495 1424 τὸν
3524 1371 3747 1442 Πατέρα

2163 1450 2552 1522 δοξαζόμενον;
2589 1455 2748 1510 Οῦτω
2795 1459 2889 1512 καὶ
2929 1460 3059 1513 ὅταν
3094 1460 3430 1533 ἀτιμάζηται
3462 1464 3492 1515 ό
3532 1463 3681 1527 Υἱὸς,
3715 1465 3747 1517 6

2164 1544 2355 1617 Πατὴρ
2402 1546 2749 1617 ἀτιμάζεται.
2796 1550 2861 1605 Εἰ
2906 1552 3015 1623 γὰρ
3058 1555 3143 1622 ἐφ’
3188 1555 3345 1625 ἡμῶν
3394 1555 3574 1623 τοῦτο,
3617 1556 3749 1611 ἔνθα

2164 1636 2299 1690 πολὺ
2331 1640 2443 1701 τοῖς
2463 1642 2701 1710 πατράσι
2729 1642 2867 1710 προς
2900 1644 3030 1707 τοὺς
3076 1646 3224 1708 υἱοὺς
3252 1646 3315 1699 τὸ
3344 1647 3532 1716 μέσον,
3564 1646 3748 1717 πολλῷ

2166 1728 2366 1799 μᾶλλον
2396 1732 2490 1784 ἐπὶ
2522 1732 2618 1785 τοῦ
2654 1733 2816 1798 Θεοῦ,
2842 1734 2979 1787 ἔνθα
3020 1736 3183 1806 μέσον
3224 1737 3398 1803 οὐδὲν,
3450 1740 3536 1793 ἐπ’
3582 1738 3747 1793 αὑτὸν

2161 1820 2428 1875 διαϐαίνει
2468 1825 2560 1878 καὶ
2589 1826 2623 1895 ἡ
2657 1826 2790 1897 τιμὴ
2816 1828 2911 1881 καὶ
2935 1830 2969 1899 ὴ
3000 1828 3213 1899 ἀτιμία.
3246 1832 3344 1884 Ἂν
3368 1830 3475 1902 γὰρ
3502 1832 3535 1902 ἡ
3566 1832 3748 1887 οἰκου-

2165 1910 2302 1981 μένη
2324 1913 2568 1985 ὑποταγῇ
2591 1915 2668 1986 τῷ
2692 1917 2826 1987 Υἰῷ,
2850 1920 3007 1990 φησί,
3035 1920 3195 1974 τοῦτο
3225 1922 3438 1994 Πατρός
3455 1924 3569 1976 ἐστι
3592 1922 3743 1988 δόξα.

2162 2003 2371 2057 Οὐκοῦν
2414 2006 2511 2059 καὶ
2551 2008 2681 2062 ὅταν
2718 2008 2989 2080 λέγωμεν,
3023 2012 3105 2065 ὅτι
3138 2013 3345 2078 τέλειός
3380 2016 3550 2079 ἐστιν,
3591 2015 3746 2068 ἀνεν-

2160 2094 2306 2164 δεὴς,
2343 2097 2425 2150 ὅτι
2455 2099 2555 2152 οὑκ
2588 2100 2826 2155 ἐλάττων
2854 2104 2948 2155 τοῦ
2996 2104 3229 2173 Πατρὸς,
3274 2106 3433 2159 τοῦτο
3474 2106 3603 2171 δόξα
3646 2102 3745 2158 τοῦ

2162 2187 2395 2259 Πατρός.
2432 2190 2605 2246 Τοῦτο
2653 2194 2749 2246 καὶ
2783 2194 2881 2263 τῆς
2915 2195 3203 2267 δυνάμεως
3235 2195 3410 2250 αὑτοῦ
3442 2196 3744 2267 τεκμήριον

2164 2280 2308 2349 μέγα
2336 2283 2431 2335 καὶ
2477 2283 2579 2352 τῆς
2608 2284 2943 2357 ἀγαθότητος
2984 2289 3207 2360 καὶτῆς
3252 2291 3461 2359 σοφίας,
3498 2292 3578 2345 ὅτι
3618 2290 3747 2345 Υίὺν

2159 2370 2402 2425 τοιοῦτον
2447 2374 2737 2446 ἐγέννησεν
2761 2418 2776 2445 ,
2819 2378 2902 2432 ὅτι
2943 2379 3096 2433 οὐδὲν
3126 2379 3403 2445 ἐλάττονα,
3449 2382 3571 2434 οὐδὲ
3602 2382 3744 2435 κατά

2158 2462 2257 2533 τὴν
2288 2463 2628 2537 ἀγαθότητα,
2660 2466 2784 2522 οὔτε
2822 2471 2964 2524 κατά
2994 2470 3093 2542 τὴν
3118 2472 3333 2541 σοφίαν.
3369 2473 3537 2526 Ὅταν
3578 2472 3742 2540 είπω,

2159 2553 2242 2607 ὅτι
2274 2556 2439 2625 σοφός
2472 2559 2642 2622 ἐστιν,
2683 2560 2758 2624 ὡς
2801 2562 2831 2614 6
2879 2562 3090 2635 Πατὴρ,
3136 2565 3230 2617 καὶ
3277 2564 3430 2619 οὐδὲν
3479 2566 3739 2631 ἐλάττων,

2158 2646 2319 2703 τοῦτο
2351 2650 2452 2720 τῆς
2490 2651 2641 2724 [251]
2669 2653 2870 2725 πολλῆς
2901 2654 2997 2708 τοῦ
3035 2656 3251 2727 Πατρὸς
3296 2657 3489 2726 σοφίας
3530 2658 3743 2729 τεκμή-

2164 2758 2277 2809 ριον
2298 2760 2312 2772 ·
2338 2742 2467 2797 ὅταν
2498 2745 2657 2812 είπω,
2683 2746 2763 2799 ὅτι
2793 2746 3017 2812 δυνατός
3037 2750 3202 2815 ἐστιν,
3228 2749 3305 2812 ὡς
3328 2751 3356 2802 6
3379 2748 3590 2820 Πατὴρ,
3615 2749 3741 2803 τοῦ·-

2160 2848 2219 2884 το
2247 2832 2346 2902 τῆς
2377 2834 2659 2904 δυνάμεως
2700 2837 2866 2891 αὑτοῦ
2896 2840 3197 2910 τεκμήριον
3227 2855 3241 2869 ·
3275 2841 3405 2893 ὅταν
3448 2841 3610 2901 εἴπω,
3657 2841 3740 2895 ὅτι

2158 2925 2363 2991 ἀγαθός
2405 2926 2575 2993 ἐστιν,
2604 2929 2680 2992 ὡς
2724 2931 2753 2983 6
2800 2930 3011 3003 Πατὴρ,
3061 2930 3221 2985 τοῦτο
3266 2932 3367 3002 τῆς
3407 2932 3743 3004 ἀγαθότητος

2159 3014 2326 3068 αὑτοῦ
2355 3016 2554 3088 δεῖγμα
2588 3019 2863 3089 μέγιστον,
2889 3023 2971 3075 ὅτι
2997 3022 3238 3076 τοιοῦτον
3275 3025 3564 3093 ἐγέννησεν
3586 3025 3741 3077 οὐδὲν

2160 3108 2325 3160 αὑτοῦ
2348 3108 2667 3179 λειπόμενον
2690 3112 2811 3166 οὑδὲ
2846 3114 3140 3167 ἀποδέοντα
3159 3131 3172 3143 ·
3200 3116 3328 3169 ὅταν
3354 3116 3516 3180 εἴπω,
3540 3116 3621 3168 ὅτι
3640 3116 3741 3171 οὑκ
3834 3116 3839 3120 ’

2160 3199 2417 3253 ἐλάττονα
2455 3202 2597 3255 κατὰ
2648 3202 2749 3274 τὴν
2787 3204 2997 3269 οὐσίαν,
3039 3204 3155 3258 ἀλλ’
3206 3206 3339 3269 ισον,
3380 3206 3501 3259 οὑδέ
3547 3190 3739 3277 ἐτέρας

2159 3289 2369 3356 οὐσίας,
2402 3291 2496 3345 καὶ
2530 3292 2591 3345 ἐν
2622 3292 2797 3365 τούτῳ
2844 3295 3005 3350 πάλιν
3043 3294 3134 3349 τὸν
3159 3295 3290 3349 Θεὸν
3320 3295 3600 3365 θαυμάζω,
3640 3298 3739 3350 καὶ

2158 3380 2257 3452 τὴν
2282 3381 2511 3452 δύναμιν
2541 3384 2707 3437 αὑτοῦ
2738 3386 2831 3439 καὶ
2863 3386 2963 3456 τὴν
3002 3387 3316 3458 ἀγαθότητα
3352 3390 3449 3444 καὶ
3500 3389 3597 3460 τὴν
3644 3407 3737 3443 σο-

2161 3474 2309 3543 φίαν,
2345 3474 2425 3527 ὅτι
2450 3474 2609 3528 ἄλλον
2638 3478 2770 3547 ἡμῖν
2799 3478 3037 3532 τοιοῦτον
3061 3479 3261 3545 ἔδειξεν
3288 3480 3353 3545 ἐξ
3381 3481 3566 3545 αὑτοῦ,
3599 3481 3739 3551 πλὴν

2158 3566 2253 3619 τοῦ
2287 3565 2505 3632 Πατέρα
2534 3562 2695 3620 εἶναι.
2744 3569 2905 3622 Ὥστε
2948 3570 3049 3624 ὅσα
3084 3571 3151 3625 ἂν
3195 3573 3334 3626 εἴπω
3363 3574 3573 3644 μεγάλα
3610 3575 3738 3643 περὶ

2159 3657 2250 3710 τοῦ
2282 3655 2434 3723 Υἰοῦ,
2458 3656 2631 3712 ταῦτα
2660 3659 2738 3722 εἰς
2764 3658 2856 3712 τὸν
2896 3661 3115 3733 Πατέρα
3152 3663 3431 3717 διαϐαίνει.
3462 3665 3521 3717 Εἰ
3549 3666 3656 3735 γάρ
3676 3666 3739 3719 τὸ

2161 3747 2355 3819 μικρὸν
2386 3747 2543 3801 τοῦτο
2568 3749 2660 3801 καὶ
2692 3749 2908 3813 εὐτελὲς
2936 3752 3156 3821 (μικρὸν
3185 3753 3293 3823 γάρ
3326 3755 3442 3807 ἐστι
3476 3755 3612 3825 πρὸς
3634 3756 3735 3827 τὴν

2157 3836 2251 3889 τοῦ
2291 3836 2425 3889 Θεοῦ
2454 3835 2612 3901 δόξαν
2655 3838 2717 3889 τὸ
2747 3840 2846 3908 τὴν
2883 3841 3204 3912 οἰκουμένην
3242 3842 3391 3912 αὑτῷ
3426 3844 3736 3915 προσκυνῆ-

2160 3927 2271 3995 σαι)
2310 3928 2389 3991 εἰς
2443 3928 2600 3993 δόξαν
2633 3928 2770 3981 Θεοῦ
2797 3929 3026 3997 γίνεται,
3070 3932 3221 4001 πόσῳ
3254 3934 3453 4003 μᾶλλον
3494 3935 3563 3987 τὰ
3597 3935 3733 3990 ἄλλα

2160 4019 2335 4073 πάντα
2357 4040 2370 4085 ;

2229 4206 2291 4253 ε’.
2315 4200 2665 4272 Πιστεύωμεν
2682 4203 2862 4255 τοίνυν
2894 4204 2986 4279 εἰς⁴
3004 4202 3158 4269 δόξαν
3178 4206 3367 4271 αὑτοῦ,
3396 4209 3492 4263 καί
3526 4208 3733 4281 βιῶμεν

2157 4293 2238 4355 εἰς
2276 4292 2434 4357 δόξαν
2465 4293 2628 4346 αὑτοῦ
2660 4311 2674 4323 ο
2711 4295 2835 4347 ἐπεὶ
2878 4294 3029 4348 οὐδὲν
3057 4296 3249 4366 ὄφελος
3284 4299 3534 4371 θατέρου.
3570 4302 3731 4357 ’Ὥστε

2156 4387 2285 4440 ὅταν
2334 4384 2648 4456 δοξάζωμεν
2710 4386 2912 4451 καλῶς,
2954 4387 3028 4458 μὴ
3064 4388 3269 4459 βιῶμεν
3297 4391 3355 4445 δὲ
3378 4393 3577 4459 καλῶς,
3611 4396 3732 4449 τότε

2158 4476 2398 4547 μάλιστα
2432 4477 2730 4548 ὑϐρίζομεν
2756 4478 2925 4532 αὑτὸν
2945 4517 2960 4543 ,
2991 4480 3073 4534 ὅτι
3109 4484 3538 4554 ἐπιγραφόμενοι
3566 4487 3731 4543 αὑτὸν

2156 4568 2436 4640 Δεσπότην
2456 4568 2553 4623 καὶ
2572 4569 2927 4633 Διδάσκαλον,
2961 4573 3411 4645 καταφρονοῦμεν
3432 4576 3617 4641 αὑτοῦ,
3633 4578 3732 4631 καὶ

2157 4665 2218 4717 οὑ
2251 4664 2578 4735 δεδοίκαμεν
2621 4666 2681 4718 τὸ
2712 4666 2943 4738 φοϐερὸν
2984 4666 3150 4725 αὐτοῦ
3192 4672 3493 4742 κριτήριον.
3526 4673 3598 4726 Τὸ
3634 4673 3731 4743 μὲν

2156 4753 2264 4824 γάρ
2299 4755 2566 4827 ’Έλληνας
2616 4757 2944 4830 ἀκαθάρτως
2985 4759 3157 4830 βιοῦν,
3203 4761 3518 4833 θαυμαστὸν
3553 4764 3729 4830 οὐδὲν,

2155 4846 2277 4900 οὑδέ
2333 4846 2604 4918 τοσαύτης
2639 4848 3039 4917 καταγνώσεως
3071 4850 3219 4918 ἄξιον
3238 4869 3253 4883 ο
3292 4852 3355 4906 τὸ
3384 4853 3441 4907 δὲ
3471 4855 3516 4907 Χ
3527 4871 3731 4925 ριστια-

2155 4938 2280 5000 νοὺς
2348 4937 2619 4993 τοσούτων
2682 4939 3011 5010 μετέχοντας
3069 4944 3403 5013 μυστηρίων,
3463 4945 3729 5016 τοσαύτης

2156 5027 2530 5092 ἀπολαύοντας
2564 5029 2745 5099 δόξης,
2790 5030 2962 5096 οὑτως
3020 5032 3344 5104 ἀκαθάρτως
3383 5034 3729 5104 βιοῦν,τοῦτό

2156 5122 2275 5173 ἐστι
2319 5121 2382 5173 τὸ
2415 5120 2634 5175 πάντων
2678 5122 2957 5194 χείριστον
3016 5127 3108 5177 καὶ
3139 5126 3430 5196 ἀφόρητον.
3454 5126 3589 5178 Εἰπὲ
3620 5128 3727 5196 γάρ

2158 5229 2249 5282 μοι
2280 5228 2294 5241 ⁸
2330 5214 2609 5283 ὑπήκουσε
2671 5214 2770 5284 τὴν
2827 5215 3062 5284 ἐσχάτην
3101 5214 3366 5285 ὑπακοὴν,
3416 5213 3503 5268 διά
3570 5213 3728 5268 τοῦτο

2154 5304 2315 5359 ἔλαϐε
2351 5306 2451 5375 τὴν
2484 5306 2597 5360 ἄνω
2618 5308 2783 5377 τιμήν
2813 5323 2827 5337 ο
2856 5307 3041 5371 δοῦλος
3074 5308 3309 5376 ἐγένετο,
3344 5307 3432 5362 διά
3457 5309 3611 5361 τοῦτο
3633 5312 3727 5360 Δε-

2157 5398 2365 5468 σπότης
2419 5399 2538 5451 ἐστὶ
2584 5400 2824 5465 πάντων,
2866 5400 2962 5453 καί
3012 5401 3260 5469 ἀγγέλων
3312 5403 3404 5455 καὶ
3428 5401 3537 5455 τῶν
3554 5401 3727 5455 ἄλλων

2155 5490 2429 5543 ἁπάντων.
2469 5491 2632 5543 Ὥστε
2684 5492 2779 5544 καὶ
2817 5493 2977 5562 ἡμεῖς
3012 5493 3086 5561 μὴ
3118 5490 3423 5562 νομίζωμεν
3461 5492 3726 5561 κατέρχε-

2157 5583 2280 5636 σθαι
2325 5582 2433 5636 ἀπὸ
2487 5581 2581 5635 τοῦ
2639 5582 2966 5653 ἀξιώματος,
2998 5585 3122 5637 ὅταν
3149 5584 3572 5653 ταπεινώσωμεν
3596 5586 3721 5637 ἐαυ-

2154 5675 2296 5738 τούς.
2336 5677 2467 5730 Τότε
2520 5676 2626 5748 γάρ
2682 5676 2883 5747 μᾶλλόν
2929 5678 3077 5731 ἐστιν
3134 5677 3415 5749 ὑψωθῆναι
3450 5677 3675 5741 εἰκότως
3703 5695 3720 5710 ·

2155 5766 2278 5820 τότε
2351 5766 2586 5837 μάλιστά
2664 5769 2789 5840 ἐστι,
2867 5767 3269 5841 θαυμασθῆναι.
3341 5772 3462 5824 Ὀτι
3539 5769 3648 5840 γὰρ
3693 5768 3725 5821 6
