4108 6410
377 365 486 421 2⁸55

361 480 540 532 elucet
566 474 766 531 veritas
790 515 806 539 ,
842 482 990 528 tanto
1015 472 1274 528 illustrior
1300 467 1560 525 redditur.
1588 464 1770 532 Longe
1794 461 1938 517 enim

370 568 645 639 pulchrius
697 578 856 636 atque
902 562 1258 619 admiratione
1321 560 1534 630 dignius
1579 553 1937 626 spectaculum

368 668 607 731 apparet,
634 673 756 714 eum
784 666 862 711 tot
881 659 946 711 ab
969 656 1213 711 hostibus
1234 654 1493 709 adversus
1520 651 1687 719 ipsius
1714 646 1940 717 gloriam

368 755 606 811 artiﬁciis
646 770 710 809 ac
737 753 1003 808 machinis
1029 751 1279 806 adhibitis
1299 792 1317 817 ,
1366 748 1616 818 splendet
1646 757 1821 799 tamen
1849 742 1940 797 illa

367 861 422 902 et
453 848 622 918 magis
648 846 829 915 fulget.
871 846 949 900 Illi
980 845 1123 899 enim
1153 858 1259 897 non
1286 842 1457 897 solum
1485 838 1626 910 quod
1656 834 1942 891 interfece-

370 950 491 997 rant
514 981 527 1005 ,
557 941 651 994 sed
680 938 839 995 etiam
866 936 1009 1007 quod
1034 936 1138 992 hoc
1158 935 1319 990 modo
1349 933 1745 989 interfecerant.
1783 929 1941 984 talem

372 1050 431 1088 se
456 1032 752 1088 reddidisse
783 1030 1056 1100 putabant,
1086 1044 1244 1098 quem
1283 1026 1528 1081 homines
1552 1022 1945 1078 detestarentur

373 1140 436 1179 ac
464 1122 693 1180 maxime
723 1120 936 1191 quidem
973 1118 1371 1174 detestarentur
1394 1133 1411 1181 ;
1461 1129 1561 1169 nec
1589 1124 1764 1167 tamen
1790 1109 1946 1179 quid-

372 1231 532 1285 quam
557 1213 914 1283 profecerunt.
943 1212 1108 1265 Erant
1129 1225 1255 1264 vero
1278 1207 1437 1262 ambo
1457 1206 1533 1260 illi
1555 1205 1789 1258 latrones
1811 1199 1946 1255 adeo

376 1305 627 1368 scelesti;
678 1318 799 1357 nam
844 1311 1029 1373 postea
1067 1300 1205 1354 alter
1250 1306 1491 1353 mutatus
1527 1304 1647 1357 est;
1694 1302 1752 1345 ut
1787 1290 1947 1345 etiam

376 1398 502 1451 dum
529 1396 581 1451 in
610 1409 771 1450 cruce
796 1402 996 1457 essent,
1026 1392 1080 1445 in
1106 1390 1283 1460 ipsum
1305 1390 1499 1458 probra
1522 1386 1800 1456 iacerent,
1829 1380 1948 1434 illo-

376 1504 602 1559 rumque
621 1488 854 1542 furorem
876 1499 987 1540 non
1000 1481 1326 1539 conscientia
1349 1494 1568 1534 suorum
1584 1484 1946 1547 peccatorum,

378 1599 483 1636 non
511 1580 851 1650 supplicium,
880 1592 986 1631 non
1013 1574 1256 1645 ejusdem
1288 1586 1462 1642 plenae
1491 1567 1768 1638 perpessio
1792 1580 1948 1619 coer-

378 1684 525 1729 ceret
555 1692 567 1727 :
595 1672 735 1742 quod
763 1673 921 1725 etiam
954 1685 1092 1724 unus
1134 1668 1373 1737 ipsorum
1399 1664 1574 1727 dixit,
1618 1660 1951 1725 alterumque

383 1764 642 1831 increpuit
670 1762 753 1815 his
778 1762 953 1816 verbis
978 1778 992 1813 :
1024 1758 1205 1826 Neque
1230 1766 1285 1811 tu
1320 1757 1462 1809 times
1490 1752 1655 1808 Deum
1675 1792 1691 1816 ,
1736 1748 1873 1819 quod
1898 1749 1952 1802 in

382 1860 555 1912 eadem
578 1856 902 1910 daninatione
929 1870 1100 1907 sumus
1127 1850 1146 1923 (
1175 1851 1299 1904 Luc.
1329 1848 1421 1905 25.
1453 1847 1521 1902 40
1542 1844 1603 1917 )?
1631 1844 1801 1898 Tanta
1828 1841 1948 1895 illo-

384 1967 502 2004 rum
549 1948 885 2018 improbitas.
926 1944 1032 2001 Sed
1077 1943 1210 1998 nihil
1254 1943 1381 1996 hinc
1424 1936 1730 1996 detrimenti
1783 1933 1952 2005 ipsius

384 2041 570 2110 gloriae
612 2040 831 2093 allatum
869 2045 951 2092 est
1004 2052 1018 2088 :
1064 2034 1413 2105 quamobrem
1456 2029 1627 2100 inquit
1669 2045 1684 2081 :
1729 2026 1795 2081 Et
1821 2026 1954 2079 Deus

381 2134 616 2188 exultauit
644 2132 789 2185 illum
814 2172 829 2197 ,
860 2139 905 2185 et
927 2129 1131 2183 donavit
1156 2128 1236 2182 illi
1260 2142 1443 2181 nomen
1472 2164 1486 2190 ,
1536 2121 1673 2192 quod
1697 2130 1770 2176 est
1800 2135 1953 2189 super

383 2242 530 2280 omne
554 2240 754 2278 nomen.

455 2316 509 2370 4.
539 2314 829 2384 Postquam
870 2311 1069 2366 Paulus
1111 2310 1291 2364 carnis
1334 2308 1661 2363 mentionem
1705 2304 1954 2368 induxit,

386 2407 613 2463 ﬁdenter
641 2406 893 2474 deinceps
924 2403 1102 2457 omnia
1129 2402 1219 2456 illa
1245 2407 1633 2455 commemorat
1657 2439 1673 2462 ,
1711 2411 1831 2467 quae
1860 2395 1959 2449 hu-

387 2497 666 2551 militatem
710 2495 963 2549 indicant.
1008 2494 1309 2561 Antequam
1335 2490 1478 2544 enim
1505 2488 1708 2542 diceret
1737 2486 1959 2541 formam

387 2589 527 2641 servi
552 2586 864 2655 sumpsisse,
881 2582 1023 2639 etde
1042 2582 1317 2637 divinitate
1333 2580 1640 2644 dissereret,
1658 2577 1780 2631 vide
1802 2592 1959 2646 quam

388 2679 633 2734 excelse:
664 2677 894 2741 excelse,
917 2676 1152 2744 inquam,
1179 2688 1278 2742 pro
1296 2671 1533 2734 viribus;
1556 2684 1678 2724 nam
1705 2668 1846 2722 illius
1880 2666 1964 2721 di-

389 2771 645 2840 gnitatem
677 2784 781 2822 non
813 2766 1141 2837 assequitur;
1175 2764 1393 2819 minime
1421 2763 1567 2818 enim
1602 2771 1775 2832 potest
1800 2778 1813 2812 :
1838 2759 1964 2815 Cum

391 2863 445 2913 in
473 2863 637 2931 [arma
661 2858 757 2912 Dei
791 2866 937 2925 esset,
964 2858 1155 2926 inquit,
1183 2871 1285 2909 non
1308 2855 1545 2924 rapinam
1578 2852 1851 2906 arbitratus
1890 2860 1965 2906 est

392 2968 497 3006 esse
520 2969 573 3006 se
591 2952 835 3022 aqualem
855 2950 961 3004 Deo
979 2965 998 3003 :
1022 2959 1076 3004 at
1096 2955 1377 3019 postquam
1398 2945 1533 3000 dixit
1552 2944 1825 2999 hominem
1846 2956 1965 2998 esse

355 3062 360 3068 “
392 3046 587 3100 factum
614 3086 632 3111 ,
664 3044 888 3099 lidenter
914 3042 1112 3098 deinde
1150 3056 1269 3110 quae
1299 3037 1520 3094 humilia
1569 3044 1694 3091 sunt
1721 3033 1962 3107 profert,

393 3140 494 3194 hoc
512 3139 697 3205 fretus,
721 3138 923 3193 nullum
944 3135 1206 3191 divinitati
1228 3133 1480 3188 damnum
1500 3129 1797 3200 importari,
1821 3127 1966 3199 quod

396 3229 611 3284 humilia
640 3228 706 3282 de
732 3228 896 3297 ipsius
919 3241 1079 3282 carne
1104 3233 1591 3281 commemorantur
1613 3262 1629 3288 ,
1663 3221 1760 3276 ista
1791 3220 1963 3275 susci-

398 3323 594 3392 piente.
638 3319 857 3389 Pmpter
880 3318 1015 3389 quod
1038 3326 1087 3371 et
1111 3316 1249 3370 Deus
1268 3315 1506 3370 exultavit
1531 3313 1698 3381 illum,
1729 3322 1775 3366 et
1799 3312 1963 3366 dona-

396 3415 464 3468 υἱι
488 3412 566 3467 illi
596 3429 776 3467 nomen
802 3451 819 3476 ,
848 3411 983 3480 quod
1008 3418 1083 3463 est
1106 3425 1259 3478 super
1285 3424 1433 3462 omne
1459 3422 1643 3459 nomen
1660 3446 1675 3471 ,
1706 3405 1842 3458 ut-in
1870 3420 1965 3458 no-

396 3506 531 3559 mine
557 3503 587 3557 ,Ι
596 3520 679 3557 esu
700 3519 845 3556 omne
866 3518 997 3572 genu
1015 3502 1266 3570 ﬂectatur,
1297 3498 1569 3555 coalestium
1593 3507 1638 3552 et
1660 3497 1969 3550 terrestrium

397 3605 443 3649 et
469 3599 805 3666 infernarum,
839 3604 885 3646 et
914 3592 1077 3646 omnis
1103 3592 1278 3662 lingua
1308 3591 1628 3659 conﬁteatur,
1652 3589 1771 3659 quia
1785 3586 1970 3642 Domi-

396 3705 491 3742 nus
515 3686 742 3743 Christus
768 3686 919 3739 Jesus
948 3685 1001 3737 in
1026 3683 1240 3753 gloriam
1264 3681 1361 3737 Dei
1386 3680 1581 3735 Patris.
1607 3681 1853 3735 Dicamus
1878 3679 1973 3733 ad-

398 3795 583 3834 versus
607 3779 886 3832 haereticos
907 3794 919 3830 :
941 3775 997 3831 Si
1014 3776 1131 3830 haec
1150 3775 1217 3830 de
1235 3790 1336 3828 non
1354 3775 1629 3829 incarnato
1654 3772 1968 3837 afferuntur,

399 3873 444 3926 si
467 3872 533 3926 de
558 3870 670 3926 Deo
694 3869 888 3933 Verbo,
921 3866 1189 3939 quomodo
1210 3867 1381 3936 ipsum
1408 3865 1699 3921 exaltavit?
1725 3879 1791 3919 an
1817 3864 1973 3935 quasi

400 3962 520 4032 plus
567 3960 766 4031 aliquid
796 3961 843 4015 ei
871 3958 1122 4015 dederit?
1170 3959 1310 4028 Ergo
1338 3957 1439 4011 bac
1479 3956 1693 4026 quidem
1726 3972 1790 4010 ex
1820 3963 1973 4024 parte

409 4052 747 4123 imperfectus
778 4060 923 4118 erat,
955 4060 1011 4106 et
1038 4061 1255 4121 propter
1282 4064 1380 4103 nos
1424 4049 1653 4103 obtinuit
1681 4047 1973 4117 perfectio-

403 4163 547 4203 nem.
606 4145 812 4200 Etenim
859 4145 960 4199 nisi
1017 4143 1170 4198 nobis
1222 4141 1607 4204 benefecisset,
1646 4156 1751 4196 non
1805 4142 1975 4195 hono-

404 4255 516 4294 rem
561 4239 718 4293 istum
763 4246 905 4293 esset
943 4244 1323 4306 consequutus.
1377 4234 1447 4287 Et
1476 4236 1718 4301 donavit,
1763 4234 1971 4304 inquit,

403 4347 604 4384 nomen.
638 4329 776 4383 Ecce
796 4344 865 4384 ne
894 4343 1086 4383 nomen
1107 4326 1320 4397 quidem
1345 4366 1360 4390 ,
1392 4335 1646 4397 quantum
1671 4335 1846 4381 vestra
1874 4327 1976 4381 fert

405 4422 604 4490 opinio,
636 4419 883 4475 habebat.
924 4419 1203 4487 Quomodo
1228 4432 1391 4482 vero,
1424 4417 1470 4472 si
1498 4417 1551 4472 id
1578 4417 1723 4488 quod
1748 4418 1851 4473 sibi
1875 4417 1974 4474 de-

404 4513 628 4569 bebatur
656 4513 878 4583 accepit,
899 4527 966 4567 ex
1008 4512 1151 4567 dono
1184 4519 1239 4567 et
1264 4511 1432 4581 gratia
1475 4510 1746 4581 accepisse
1798 4509 1977 4565 tuebi-

404 4622 524 4660 mur
547 4623 561 4670 ;
589 4615 643 4661 et
675 4604 895 4668 Nomen,
921 4604 1055 4674 quod
1080 4612 1151 4658 est
1174 4620 1325 4673 super
1348 4620 1495 4657 omne
1517 4618 1699 4656 nomen
1719 4602 1745 4655 .9
1774 4602 1969 4658 Verum

405 4708 460 4750 ct
485 4696 641 4765 quale
670 4695 741 4749 sit
789 4694 925 4748 istud
970 4708 1201 4758 nomen,
1256 4693 1548 4749 videamus.
1593 4692 1664 4748 Ut
1691 4694 1744 4747 in
1772 4695 1975 4749 nomine

402 4784 529 4840 Iesu
556 4784 779 4849 Christi,
809 4784 997 4853 inquit,
1028 4801 1174 4838 autne
1198 4800 1328 4852 genu
1354 4785 1605 4853 flectatur.
1646 4783 1853 4839 Nomen
1883 4786 1972 4840 isti

404 4877 626 4946 gloriam
677 4876 1114 4944 interpretantur.
1173 4875 1299 4929 Haec
1341 4874 1500 4944 igitur
1538 4874 1709 4945 gloria
1756 4889 1972 4930 omnem

406 4965 624 5034 gloriam
647 4975 863 5034 superat
886 4982 899 5017 :
919 4964 1086 5034 gloria
1104 4972 1302 5028 autem,
1327 4965 1589 5035 inquiunt,
1621 4965 1839 5019 omnino
1860 4963 1975 5019 hinc

407 5065 521 5118 est,
557 5057 704 5111 illum
735 5070 927 5124 nempe
954 5054 1199 5110 adorare.
1231 5053 1413 5125 Longe
1440 5056 1639 5110 abestis
1667 5071 1697 5108 a
1729 5056 1824 5110 Dei
1855 5070 1971 5109 ma-

405 5147 681 5217 gnitudine
700 5189 714 5210 ,
746 5162 841 5201 vos
866 5147 953 5216 qui
986 5147 1149 5200 Deum
1178 5162 1337 5200 nosse
1364 5148 1563 5217 putatis
1584 5190 1599 5213 ,
1653 5157 1713 5203 ut
1742 5149 1856 5218 ipse
1884 5164 1972 5203 se-

408 5240 581 5307 ipsum
613 5239 777 5292 novit.
808 5237 968 5308 Atqui
995 5238 1077 5292 vel
1101 5237 1237 5292 istud
1265 5239 1394 5293 satis
1420 5238 1635 5305 indicat,
1665 5248 1917 5310 quantum
1941 5255 1974 5295 a

408 5339 552 5385 recta
581 5331 645 5383 de
691 5331 797 5384 Deo
825 5329 1087 5385 sententia
1127 5328 1311 5383 absitis
1341 5347 1357 5384 :
1385 5339 1635 5385 caeterum
1666 5330 1768 5386 hoc
1812 5333 1974 5387 etiam

409 5421 682 5475 indicabit.
724 5421 866 5485 Hazc,
899 5421 984 5476 dic
1004 5421 1132 5475 mihi
1156 5462 1170 5486 ,
1199 5422 1366 5491 gloria
1387 5422 1508 5476 est?
1535 5422 1675 5492 Ergo
1692 5433 1974 5494 antequam

412 5511 654 5567 homines
698 5511 819 5567 facti
849 5522 1070 5578 essent,
1112 5521 1392 5581 antequam
1437 5514 1649 5584 angeli,
1694 5504 1975 5585 antequam

412 5601 756 5673 archangeli,
802 5619 909 5657 non
955 5613 1071 5659 erat
1119 5604 1173 5659 in
1202 5604 1391 5673 gloria.
1432 5604 1641 5660 Etenim
1684 5607 1729 5661 si
1772 5607 1886 5662 haec
1914 5623 1977 5663 ea

412 5692 575 5757 gloria
607 5701 689 5746 est
711 5734 727 5755 ,
757 5709 876 5763 qua!
903 5703 1118 5764 superat
1165 5711 1377 5749 omnem
1406 5696 1667 5766 gloriam;
1708 5697 1810 5753 hoc
1833 5700 1977 5754 enim

410 5782 709 5851 signiﬁcant
739 5785 826 5840 illa
856 5788 1013 5843 verba
1035 5829 1048 5854 ,
1082 5787 1231 5855 Quod
1258 5797 1326 5843 est
1378 5804 1528 5859 super
1568 5805 1712 5844 omne
1757 5809 1933 5847 nomen
1959 5811 1976 5859 ,-

1240 356 1310 414 ΙΝ
1346 352 1562 411 EPIST.
1603 354 1694 408 AD
1732 349 2015 406 PBILIPP.
2047 346 2202 403 CAP.
2244 345 2301 401 ll.
2347 342 2577 402 MIL.
2620 345 2730 401 VII.

3513 338 3620 399 25‘

2045 468 2192 515 certe
2209 458 2423 514 tametsi
2440 460 2495 513 in
2514 459 2679 528 gloria
2707 467 2842 524 erat,
2866 465 2921 511 at
2940 456 3128 513 saltem
3150 457 3202 512 in
3226 458 3432 512 minore
3456 474 3616 528 quam

2046 565 2189 606 nunc
2216 551 2307 605 sit.
2350 551 2464 605 Huc
2490 550 2651 621 igitur
2677 559 2946 620 spectans,
2976 559 3032 604 et
3055 550 3126 603 ob
3148 551 3287 604 hanc
3314 564 3528 604 causam
3556 559 3619 604 ut

2046 641 2268 712 gloriam
2296 650 2689 712 assequeretur,
2704 642 2878 695 omnia
2909 640 3167 705 condidit,
3191 655 3296 693 non
3315 650 3489 695 autem
3518 640 3619 697 boo

2049 732 2215 788 nitate
2242 733 2518 799 adductus,
2541 734 2635 788 sed
2668 734 2875 803 indigus
2897 733 3101 803 gloriie,
3122 749 3242 803 qua:
3264 750 3292 786 a
3320 733 3474 788 nobis
3500 749 3621 801 pro.

2050 826 2417 881 ficisceretur?
2444 827 2647 882 Videtis
2685 827 3011 881 amentiam?
3035 827 3224 881 videtis
3250 827 3621 897 impietatem?

2050 919 2234 988 Itaque
2262 920 2306 973 si
2341 919 2455 973 hate
2480 918 2546 973 de
2584 920 2859 974 incarnato
2885 920 3147 983 dicerent,
3181 928 3327 975 recte
3355 919 3624 978 dicerent;

2050 1010 2183 1063 sinit-
2201 1009 2347 1063 enim
2390 1010 2531 1065 Deus
2573 1008 2803 1065 Verbum
2848 1011 2917 1066 de
2963 1026 3125 1067 carne
3170 1010 3286 1067 base
3322 1011 3465 1077 dici;
3513 1026 3624 1066 non

2051 1102 2196 1156 enim
2221 1102 2453 1157 divinam
2497 1113 2739 1159 naturam
2771 1115 3027 1175 tangunt,
3059 1104 3155 1160 sed
3184 1105 3362 1160 omnia
3392 1105 3444 1158 in
3473 1118 3621 1160 (eco-

2052 1195 2251 1260 nomia,
2280 1196 2330 1250 id
2357 1205 2440 1250 est
2467 1196 2521 1250 in
2549 1206 2819 1266 assumpta
2843 1196 3171 1252 humanitate
3200 1198 3404 1252 haerent
3433 1215 3447 1252 :
3481 1213 3625 1253 nunc

2053 1300 2183 1341 vero
2196 1286 2262 1341 ad
2287 1286 2539 1342 deitatem
2564 1288 2663 1342 ista
2686 1289 2913 1359 maligne
2932 1289 3458 1345 accommodantibus
3480 1291 3627 1346 nulla

2052 1387 2295 1447 superest
2320 1381 2492 1433 venia.
2524 1379 2882 1447 Quamobrem
2904 1421 2918 1444 ,
2968 1380 3015 1435 si
3060 1380 3273 1451 quando
3298 1380 3610 1448 dixerimus,

2056 1470 2335 1525 Hominem
2372 1472 2509 1527 Deus
2548 1472 2675 1527 fecit
2719 1473 3072 1529 immortalem
3100 1515 3115 1541 ,
3167 1475 3374 1529 etiamsi
3402 1475 3469 1531 de
3511 1485 3625 1531 toto

2054 1560 2261 1629 dicam,
2296 1562 2423 1632 quid
2452 1562 2623 1618 dicam
2668 1564 2799 1618 scio.
2839 1564 2974 1633 Quid
3012 1580 3143 1621 vero
3193 1566 3279 1621 illa
3321 1567 3420 1622 sihi
3464 1567 3627 1623 verba

2055 1651 2261 1717 volunt,
2291 1652 2573 1707 Ca’lestium
2596 1664 2642 1707 et
2666 1657 2973 1710 terrestrium
3001 1667 3047 1709 et
3074 1657 3417 1726 infernarum?
3442 1658 3499 1715 Id
3520 1669 3626 1727 est,

2057 1743 2232 1797 omnis
2260 1745 2489 1798 mundus
2514 1786 2529 1810 ,
2576 1754 2632 1802 et
2659 1746 2829 1816 angeli
2858 1758 2913 1801 et
2963 1748 3206 1803 homines
3234 1761 3287 1803 et
3315 1750 3586 1806 daemones
3613 1769 3628 1804 :

2057 1832 2142 1886 vel
2173 1831 2275 1887 hoc
2303 1834 2599 1903 signiﬁcat,
2648 1844 2704 1891 et
2737 1837 2867 1906 justi
2898 1847 2953 1891 et
2990 1847 3317 1907 peccatores.
3360 1840 3427 1894 Et
3464 1844 3627 1897 omnis

2058 1924 2234 1993 lingua
2279 1926 2616 1994 confiteatur,
2665 1926 2784 1999 quia
2828 1927 3079 1984 Dominus
3120 1930 3269 1986 Jesus
3306 1931 3537 1989 Christus
3579 1936 3634 1990 in

2058 2017 2274 2085 gloriam
2299 2016 2397 2071 Dei
2425 2017 2619 2073 Patris.
2665 2020 2722 2074 ld
2751 2030 2859 2083 est,
2894 2033 2950 2076 ut
2976 2038 3162 2079 omnes
3194 2024 3295 2080 hoc
3324 2026 3501 2082 dicant
3532 2045 3546 2083 :
3575 2028 3637 2083 Id

2060 2123 2195 2163 vero
2226 2110 2395 2179 gloria
2440 2112 2613 2167 Patris
2654 2122 2757 2169 est.
2815 2114 2975 2171 Vides
3022 2118 3257 2187 ubique,
3302 2134 3422 2174 cum
3467 2121 3636 2177 Filius

2058 2200 2385 2270 gloriﬁcatur
2407 2245 2420 2267 ,
2452 2206 2737 2275 gloriﬁcari
2787 2206 2998 2263 Patrem
3020 2212 3046 2263 ἵ
3081 2210 3267 2266 Itidem
3297 2226 3427 2267 vero
3469 2213 3637 2270 dede-

2060 2302 2244 2348 corato
2282 2294 2417 2349 Filio
2440 2296 2793 2352 dedecorator
2825 2299 2985 2354 etiam
3032 2301 3209 2358 Pater.
3239 2302 3371 2358 Nam
3417 2306 3462 2362 si
3492 2307 3632 2375 apud

2064 2399 2160 2437 nos
2191 2384 2290 2440 hoc
2321 2386 2378 2439 ﬁt
2400 2428 2415 2453 ,
2465 2388 2552 2442 ubi
2579 2390 2716 2444 inter
2746 2401 2949 2460 patrem
2979 2402 3032 2446 et
3061 2393 3198 2448 ﬁlios
3226 2395 3450 2449 multum
3487 2397 3628 2452 inte-

2063 2489 2206 2544 rest;
2234 2481 2402 2535 multo
2428 2483 2597 2552 magis
2623 2483 2676 2537 in
2709 2484 2819 2539 Deo
2844 2524 2859 2549 ,
2886 2485 2975 2539 ubi
3004 2487 3134 2540 nihil
3163 2487 3488 2544 discriminis
3508 2530 3523 2555 ,
3575 2491 3629 2546 in

2066 2571 2239 2641 ipsum
2267 2582 2321 2628 et
2353 2574 2523 2630 honor
2545 2585 2600 2631 et
2622 2576 2855 2633 dedecus
2884 2579 3219 2636 redundabit.
3242 2582 3373 2637 Nam
3399 2583 3445 2638 si
3470 2584 3640 2651 orbis,

2066 2664 2275 2736 inquit,
2312 2666 2467 2723 fuerit
2495 2669 2763 2739 subjectus
2790 2671 2925 2727 Filio
2950 2713 2966 2739 ,
2996 2672 3098 2728 hoc
3137 2674 3303 2745 gloria
3333 2684 3415 2732 est
3441 2676 3638 2735 Patris.

2068 2757 2208 2827 Ergo
2237 2768 2291 2813 et
2315 2773 2435 2813 cum
2463 2759 2687 2815 dicimus
2714 2776 2834 2817 esse
2862 2764 3151 2833 perfectum
3176 2806 3190 2831 ,
3242 2782 3348 2823 non
3393 2769 3638 2841 indigen-

2068 2856 2175 2902 tem
2199 2888 2216 2915 ,
2249 2848 2416 2904 nihilo
2454 2852 2716 2907 minorem
2747 2853 2906 2909 Patre
2929 2894 2943 2919 ,
2995 2856 3111 2910 hinc
3135 2856 3303 2927 gloria
3334 2858 3508 2914 Patris
3534 2868 3641 2915 est.

2069 2941 2184 2997 lloc
2208 2950 2265 2997 et
2292 2944 2543 3013 potentia:
2569 2945 2735 3014 ipsius
2762 2961 3008 3018 magnum
3037 2948 3287 3004 indicium
3314 2960 3372 3005 et
3392 2951 3642 3010 bonitatis

2069 3045 2124 3089 et
2150 3035 2425 3104 sapientiae
2448 3078 2464 3104 ,
2495 3037 2636 3108 quod
2666 3038 2856 3094 Filium
2886 3043 3042 3096 talem
3070 3044 3269 3113 genuit,
3300 3045 3453 3115 quod
3474 3046 3643 3103 nihilo

2070 3125 2353 3193 minorem,
2386 3143 2558 3198 neque
2577 3130 2717 3199 quod
2746 3131 2812 3186 ad
2839 3132 3127 3189 bonitatem
3158 3175 3173 3201 ,
3208 3151 3380 3207 neque
3408 3138 3547 3208 quod
3574 3140 3643 3195 ad

2070 3217 2386 3285 sapientiam
2437 3219 2647 3275 attinet.
2685 3221 2817 3277 Cum
2846 3224 3139 3293 sapientem
3170 3241 3289 3282 esse
3317 3227 3437 3283 dico
3466 3238 3523 3283 ut
3553 3231 3643 3285 Pa-

2074 3316 2230 3374 trem,
2258 3317 2312 3363 et
2332 3309 2497 3365 nihilo
2515 3314 2799 3378 minorem,
2826 3313 2925 3368 hoc
2949 3330 3154 3385 magna:
3175 3317 3345 3374 Patris
3371 3322 3645 3390 sapientia:

2076 3400 2329 3456 indicium
2370 3410 2456 3457 est
2484 3422 2499 3458 :
2530 3419 2649 3459 cum
2675 3406 2797 3461 dico
2824 3415 3095 3477 potentem
3124 3426 3276 3480 aeque
3305 3428 3425 3468 esse
3449 3430 3511 3469 ac
3539 3416 3641 3469 Pu-

2075 3503 2209 3548 trem
2235 3536 2251 3560 ,
2285 3494 2385 3550 hoc
2413 3500 2662 3566 potentiae
2707 3499 2881 3555 Patris
2909 3501 3160 3557 indicium
3203 3514 3321 3558 est:
3356 3522 3479 3561 cum
3522 3508 3644 3563 dico

2075 3584 2273 3640 bonum
2302 3602 2420 3642 esse
2448 3589 2575 3643 item
2604 3600 2663 3644 ut
2692 3590 2922 3656 Patrem,
2951 3591 3053 3646 hoc
3085 3593 3335 3649 bonitatis
3363 3611 3648 3666 argumen-

2077 3684 2189 3730 tum
2219 3678 2510 3733 maximum
2536 3720 2551 3745 ,
2579 3680 2669 3749 qui
2700 3681 2855 3736 talem
2893 3683 3175 3754 genuerit,
3205 3699 3264 3741 sc
3292 3701 3396 3741 non
3428 3687 3648 3744 inferio-

2077 3784 2190 3825 rem
2222 3786 2394 3839 neque
2422 3772 2715 3843 minorem,
2754 3775 2845 3844 qui
2891 3790 3221 3847 nequaquam
3253 3778 3369 3849 ipso
3408 3781 3478 3835 sit
3517 3780 3651 3836 infe-

2077 3861 2207 3927 rior,
2240 3876 2574 3934 nequaquam
2603 3865 2777 3920 minor
2804 3874 2963 3938 atque
2985 3868 3225 3937 indigus:
3248 3886 3367 3926 cum
3396 3872 3523 3928 dico
3542 3891 3648 3930 non

2077 3966 2199 4009 esse
2226 3954 2489 4009 minorem
2519 3956 2812 4011 secundum
2840 3959 3128 4014 essentiam
3152 4001 3168 4025 ,
3212 3961 3306 4016 sed
3348 3964 3643 4032 aequalem,

2077 4060 2252 4113 neque
2288 4045 2506 4101 alterius
2545 4062 2666 4103 esse
2707 4048 3018 4105 substantiae
3048 4068 3063 4104 :
3092 4051 3216 4107 hinc
3260 4053 3419 4107 etiam
3462 4070 3651 4111 rursus

2080 4134 2244 4191 Deum
2284 4138 2601 4203 mirabilem,
2630 4139 2893 4208 praedico,
2943 4150 2997 4196 et
3047 4142 3338 4211 potentiam
3384 4146 3550 4215 ipsius
3592 4155 3648 4203 et

2080 4230 2371 4287 bonitatem
2395 4240 2448 4285 et
2479 4232 2816 4300 sapientiam,
2844 4233 2933 4302 qui
2965 4234 3125 4288 alium
3149 4251 3216 4290 ex
3238 4252 3296 4291 se
3324 4240 3477 4295 nobis
3501 4242 3647 4310 ejus-

2079 4322 2224 4377 modi
2253 4323 2573 4391 prompserit
2595 4364 2610 4389 ,
2646 4322 2746 4377 hoc
2773 4335 3016 4393 excepto,
3040 4326 3179 4393 quod
3211 4328 3369 4383 Pater
3399 4346 3503 4385 non
3534 4343 3638 4389 est.

2078 4414 2472 4482 Quamobrem,
2520 4429 2867 4484 quaecumque
2908 4416 2975 4471 de
3019 4416 3157 4472 Filio
3199 4435 3386 4491 magna
3416 4424 3603 4479 dixero
3630 4471 3648 4493 ,

2078 4508 2256 4562 omnia
2286 4506 2402 4562 haec
2427 4508 2479 4560 in
2512 4506 2723 4561 Patrem
2751 4507 3144 4563 redundabunt.
3171 4510 3301 4564 Nam
3328 4514 3371 4567 si
3401 4516 3649 4585 exiguum

2079 4598 2219 4653 istud
2259 4613 2323 4652 ac
2347 4599 2503 4663 leve;
2532 4598 2781 4668 exiguum
2824 4599 2964 4653 enim
2988 4599 3057 4653 ad
3094 4601 3181 4656 Dei
3210 4601 3435 4672 gloriam
3470 4617 3552 4663 est
3574 4650 3589 4673 ,
3620 4626 3650 4664 a

2078 4692 2279 4748 mundo
2301 4692 2446 4746 illum
2468 4690 2710 4755 adorari;
2732 4692 2795 4745 ad
2817 4692 3038 4762 gloriam
3062 4693 3156 4749 Dei
3181 4697 3428 4766 pertinet,
3452 4714 3651 4769 quanto

2080 4787 2248 4857 magis
2269 4785 2469 4854 reliqua
2497 4784 2672 4839 omnia
2701 4785 2725 4837 ?

2150 4880 2202 4935 5.
2242 4877 2499 4933 Christum
2524 4892 2624 4930 non
2648 4892 2760 4931 vere
2780 4877 2988 4931 colimus
3014 4878 3112 4931 nisi
3134 4879 3404 4935 imitemur.
3435 4882 3653 4941 Humili-

2080 4980 2158 5026 ωε
2182 4969 2480 5024 Christianis
2516 4968 2773 5037 competit.
2794 4997 2865 5007 —
2884 4967 3175 5023 Credamus
3202 4971 3360 5039 igitur
3387 4972 3451 5027 ad
3484 4975 3652 5044 ipsius

2078 5061 2299 5132 gloriam
2321 5101 2337 5124 ,
2361 5069 2414 5114 et
2433 5059 2673 5113 vivamus
2690 5057 2757 5112 ad
2782 5057 2947 5128 ipsius
2973 5058 3195 5129 gloriam
3227 5079 3240 5115 :
3269 5061 3489 5119 alterius
3511 5067 3651 5121 enim

2082 5156 2198 5211 sine
2243 5153 2411 5207 altero
2457 5151 2604 5205 nulla
2653 5150 2875 5205 utilitas.
2924 5150 3089 5218 Nam,
3145 5168 3266 5208 cum
3314 5156 3460 5210 illum
3506 5168 3651 5212 recte

2080 5245 2295 5316 quidem
2336 5242 2731 5314 gloriﬁcamus,
2775 5242 2868 5297 sed
2912 5258 3017 5297 non
3062 5254 3209 5300 recte
3236 5247 3491 5314 vivimus,
3526 5260 3652 5306 tunc

2083 5337 2315 5392 maxime
2342 5335 2395 5389 in
2436 5334 2606 5403 ipsum
2647 5334 3017 5390 contumeliosi
3061 5350 3278 5402 sumus,
3320 5339 3514 5409 quippe
3559 5345 3651 5411 qui

2082 5430 2230 5485 illum
2274 5428 2553 5483 Dominum
2592 5441 2656 5480 ac
2693 5426 2996 5496 Magistrum
3044 5427 3352 5497 proﬁtentes
3377 5473 3390 5494 ,
3444 5432 3641 5487 nihilo-

2082 5522 2257 5576 minus
2285 5536 2406 5575 eum
2446 5520 2868 5587 contemnimus,
2915 5536 3013 5574 nec
3042 5522 3275 5576 terribile
3319 5524 3446 5578 illud
3480 5527 3646 5582 tribu.

2083 5614 2171 5669 nal
2199 5614 2640 5683 pertimescimus.
2688 5612 2896 5667 Etenim
2940 5612 3155 5668 Graecos
3193 5614 3405 5685 quidem
3439 5617 3645 5688 impure

2082 5706 2292 5771 vivere,
2332 5719 2503 5774 neque
2540 5702 2836 5758 mirandum
2880 5713 2995 5769 est,
3040 5719 3211 5773 neque
3241 5716 3388 5761 tanto
3426 5707 3642 5779 dignum

2086 5792 2346 5864 supplicio
2390 5810 2403 5845 :
2446 5798 2500 5844 at
2553 5788 2883 5844 Christianos
2945 5798 3210 5844 tantorum
3278 5796 3651 5857 mysteriorum
