4108 6410
429 335 535 392 δὶδὸ

434 448 750 522 participes,
792 446 1058 506 unumque
1102 432 1287 504 gloriae
1329 435 1639 499 compotes,
1669 425 1803 480 adeo
1831 424 2006 492 impu-

433 557 552 599 ram
580 539 742 592 vitam
771 533 951 588 vivere
970 571 986 596 ,
1034 528 1137 582 hoc
1161 533 1274 590 est,
1317 522 1460 594 quod
1486 535 1699 575 onmem
1727 523 2015 586 exsuperat

436 628 869 701 improbitatem,
919 622 1171 689 nulloque
1217 626 1370 687 pacto
1402 612 1701 668 ferendum.
1728 609 1832 701 ADic
1867 606 2012 701 enim

379 758 385 779 ;
436 695 566 780 mihi
599 716 886 774 :Christus
911 726 1081 782 usque
1129 708 1196 762 ad
1241 706 1423 761 ultima
1470 699 1789 759 obedientiae
1838 695 2013 750 ofﬁcia

438 811 752 876 descendit;
806 817 1089 877 propterea
1141 800 1210 855 ad
1257 798 1528 855 excelsum
1591 793 1735 847 illum
1797 787 2016 843 honoris

441 907 660 976 gradum
689 899 930 971 pervenit
960 915 973 951 :
1003 908 1190 951 servus
1218 891 1388 946 factas
1426 897 1546 952 est;
1589 893 1868 957 prOpterea
1896 894 2017 934 om-

449 999 594 1054 nium
638 996 811 1049 factus
836 999 918 1046 est
956 986 1211 1042 Dominus
1232 1023 1247 1049 ,
1281 990 1336 1037 et
1373 978 1682 1049 angelorum
1714 982 1769 1029 et
1796 979 2019 1027 caetero-

444 1106 564 1145 rum
604 1085 862 1141 omnium.
915 1077 1275 1148 Quamobrem
1325 1086 1425 1127 nos
1453 1069 1613 1124 etiam
1661 1080 1729 1120 ne
1770 1064 1837 1118 de
1879 1068 2019 1116 statu

442 1178 713 1251 dignitatis
743 1183 941 1229 nostrae
977 1168 1136 1238 dejici
1160 1165 1527 1222 existimemus
1548 1201 1562 1226 ,
1595 1171 1724 1251 cum
1748 1152 2020 1251 nos-ipsos

447 1243 921 1327 lnimiliaverimus.
969 1261 1120 1316 Tunc
1157 1257 1299 1313 enim
1339 1253 1515 1324 potius
1559 1264 1684 1304 vere
1712 1248 1763 1300 in
1795 1243 2020 1299 sublime

446 1362 705 1423 ferimur;
734 1367 860 1412 tunc
894 1352 1124 1408 maxime
1149 1346 1295 1419 digni
1320 1357 1507 1400 sumus
1532 1341 1619 1410 qui
1651 1336 2017 1407 suspiciamur.

447 1453 598 1523 Quod
626 1452 770 1507 enim
798 1445 1039 1503 sublimis
1068 1444 1138 1496 sit
1166 1437 1382 1494 humilis
1402 1477 1419 1503 ,
1451 1432 1667 1489 humilis
1695 1425 2019 1525 vero-subii:

448 1516 585 1611 iiiis,
636 1541 832 1599 sufﬁcit
875 1538 941 1592 ad
976 1535 1134 1590 ﬁdem
1183 1528 1476 1586 faciendam
1528 1526 1613 1579 vel
1669 1536 1771 1577 una
1822 1516 2019 1574 Christi

450 1638 712 1695 sententia
746 1636 848 1688 hoc
876 1627 1227 1702 pronuntians
1257 1641 1270 1675 :
1301 1628 1669 1677 verumtamen
1694 1615 1861 1684 ipsam
1888 1624 2020 1702 quo:

450 1747 555 1802 que
577 1729 655 1785 rei
700 1698 945 1782 naturam
976 1717 1386 1790 perpendamus.
1437 1708 1573 1777 Quid
1602 1715 1686 1761 est
1719 1698 2025 1802 humiliari?

452 1793 632 1876 annon
676 1813 1015 1887 vituperari?
1077 1822 1256 1864 annon
1321 1802 1594 1866 accusari,
1650 1807 1713 1893 ει.
1736 1793 2026 1893 calumniis

452 1912 606 1986 peti?
633 1908 773 1977 Quid
795 1880 937 1961 'vero
965 1898 1230 1957 exaltari?
1260 1908 1439 1950 nonne
1466 1885 1760 1944 honorari?
1788 1880 2024 1938 laudari?

454 1978 508 2062 in
537 2017 724 2074 magna
753 1998 919 2071 gloria
944 1993 1106 2050 esse?
1136 1991 1320 2045 Recte.
1357 1983 1642 2039 Videamus
1670 1978 1830 2050 igitur
1853 2016 1869 2043 ,
1896 1988 2028 2045 quo-

455 2097 617 2154 modo
659 2093 731 2149 ad
754 2093 867 2146 tunc
897 2084 1256 2159 perveniatur.
1299 2077 1532 2147 Angelus
1559 2082 1675 2128 erat
1720 2080 1869 2124 satan
1891 2109 1908 2135 ,
1940 2081 2026 2121 se-

456 2194 629 2261 ipsum
651 2183 902 2242 exultavit
926 2199 939 2235 :
964 2178 1090 2249 quid
1113 2173 1312 2245 igitur?
1340 2184 1516 2224 nonne
1536 2165 1775 2219 omnium
1801 2160 2031 2261 maxime

459 2256 542 2339 est
573 2273 924 2335 humiliatus?
953 2284 1127 2326 nonne
1153 2266 1309 2322 sedes
1340 2263 1507 2333 ipsius
1540 2270 1679 2314 terra
1702 2256 1825 2312 est?
1854 2267 2033 2309 nonne

460 2376 533 2429 ab.
546 2370 791 2427 omnibus
811 2371 1104 2424 accusatur,
1130 2358 1474 2424 omniumque
1490 2347 1842 2406 criminationi
1869 2344 2033 2415 patet?

463 2468 634 2521 llomo
661 2472 777 2519 erat
803 2458 1017 2521 Paulus,
1062 2448 1357 2507 llumiliavit
1381 2447 1612 2515 seipsum
1644 2462 1656 2497 :
1685 2440 1810 2511 quid
1836 2439 2035 2510 igitur?

461 2574 637 2612 annon
664 2548 981 2622 suspicitur?
1002 2560 1177 2601 annon
1200 2541 1441 2596 laudibus
1457 2547 1612 2607 atque
1628 2533 1884 2590 encomiis
1903 2531 2037 2586 cele-

467 2647 690 2705 hratnr?
716 2659 890 2699 annon
916 2638 1113 2694 Christi
1135 2635 1336 2689 amicus
1360 2632 1465 2686 est?
1502 2642 1676 2682 annon
1704 2624 1902 2693 majora
1934 2622 2037 2676 illis

464 2740 647 2800 edidit,
664 2754 780 2807 qua:
797 2734 1040 2789 Christus
1063 2725 1291 2781 fecerat?
1312 2736 1488 2776 annon
1510 2733 1652 2788 sape
1671 2716 1884 2772 diabolo
1907 2724 2038 2769 tam-

464 2852 623 2906 quam
667 2828 930 2897 mancipio
986 2819 1304 2893 imperavit?
1332 2831 1508 2871 annon
1539 2814 1779 2868 lictorem
1806 2810 2036 2865 circum-

466 2902 656 2986 duxit?
679 2937 855 2979 annon
885 2916 1113 2973 ludibrio
1142 2910 1357 2966 habuit?
1386 2922 1564 2963 annon
1590 2905 1875 2960 contritum
1901 2902 2039 2956 illius

467 3026 627 3089 caput
653 3016 763 3073 suis
789 3008 1014 3079 subjecit
1056 3003 1320 3076 pedibus?
1350 3015 1526 3054 annon
1573 2997 1693 3052 aliis
1735 2998 1893 3050 etiam
1920 2994 2041 3089 hoc

470 3086 612 3167 idem
658 3118 847 3175 magna
876 3115 997 3157 cum
1025 3096 1238 3152 ﬁdentia
1267 3109 1295 3147 a
1324 3094 1433 3147 Deo
1486 3100 1731 3160 precatus
1757 3089 1875 3143 est?
1904 3086 2041 3155 Quid

474 3204 586 3256 haec
613 3197 777 3253 aﬁ‘ero
798 3196 820 3249 ?
845 3191 1044 3251 Extulit
1062 3190 1294 3258 seipsum
1322 3184 1576 3246 Absalon,
1596 3183 1790 3252 dejecit
1810 3182 2041 3250 seipsum

475 3291 643 3348 David
674 3308 688 3345 :
719 3299 838 3342 uter
885 3282 1097 3338 tandem
1146 3279 1350 3349 positus
1398 3276 1450 3329 in
1496 3275 1712 3329 excelso
1756 3282 1837 3327 est
1855 3274 1877 3325 ’ἶ
1924 3282 2045 3326 uter

473 3383 637 3455 gloria
658 3373 1051 3434 circumﬁuxit?
1072 3369 1209 3439 Quid
1233 3368 1374 3424 enim
1400 3367 1575 3421 verbis
1601 3366 1749 3419 hisce
1771 3364 2041 3429 humilius,

472 3454 663 3545 quibus
706 3470 891 3524 beatus
934 3465 1019 3517 hic
1063 3460 1318 3530 propheta
1365 3470 1489 3526 erga
1535 3454 1713 3509 Semei
1758 3468 1887 3507 usus
1914 3462 2032 3518 est,

474 3581 595 3619 cum
636 3563 705 3616 ita
750 3561 983 3619 diceret,
1017 3553 1264 3607 Dimittite
1289 3565 1436 3613 eum,
1470 3557 1525 3600 ut
1571 3546 1837 3599 maledicat
1884 3545 2046 3598 mihi:

476 3655 722 3710 Dominus
766 3651 899 3704 enim
933 3644 1169 3717 pracepit
1210 3642 1251 3694 ei
1279 3639 1374 3709 (2.
1422 3637 1549 3708 Reg.
1599 3636 1685 3690 16.
1729 3634 1874 3706 10)⁸ἰ
1902 3635 2047 3704 Ipsus

476 3762 687 3819 quoque
712 3758 834 3807 res,
877 3739 923 3793 si
966 3737 1170 3807 placet,
1204 3730 1589 3788 examinemus.
1630 3727 1935 3781 llumiliavit
1957 3741 2046 3781 se-

479 3817 649 3910 ipsum
696 3834 1041 3905 publicanus,
1088 3828 1410 3897 quamduam
1438 3835 1506 3875 ne
1531 3819 1742 3910 quidem
1776 3817 2049 3910 humilitas

479 3908 632 3992 erat,
666 3923 760 3981 sed
804 3933 975 3976 tamen
1018 3917 1257 3972 modeste
1286 3922 1339 3967 et
1374 3909 1674 3966 verecunde
1707 3908 2043 3977 loquebatur.

482 4019 683 4075 Extulit
724 4015 957 4083 seipsum
986 4009 1288 4064 Pharisaaus
1318 4023 1332 4058 :
1364 4002 1493 4068 sed,
1539 4002 1586 4056 si
1624 4001 1791 4066 libet,
1840 4001 2054 4055 omissis

482 4110 725 4182 personis
751 4122 838 4161 res
865 4106 1007 4174 ipsas
1044 4099 1435 4156 examinemus.
1483 4095 1792 4151 Statuantur
1816 4095 1921 4149 duo
1956 4095 2056 4149 ali-

479 4207 604 4275 qui,
654 4203 809 4258 ambo
850 4208 905 4254 et
940 4185 1139 4252 divitiis
1173 4203 1227 4248 et
1261 4191 1552 4246 honoribus
1596 4188 1961 4255 abundantes,
1993 4204 2055 4245 ac

483 4313 593 4356 tum
622 4302 675 4354 in
702 4296 962 4368 sapientia
984 4337 999 4361 ,
1030 4304 1139 4347 tum
1170 4291 1222 4345 in
1252 4291 1487 4360 potentia
1517 4296 1571 4345 et
1596 4290 1651 4343 itt
1682 4288 1801 4342 aliis
1828 4287 2054 4341 munda-

486 4395 568 4447 nis
594 4390 748 4446 honis
788 4389 855 4442 de
900 4401 959 4441 se
1004 4385 1131 4453 ipsis
1176 4381 1455 4451 magniﬁce
1498 4379 1831 4435 sentientes:
1863 4377 2061 4432 deinde

485 4488 618 4541 alter
642 4480 855 4552 quidem
886 4477 1117 4531 honores
1146 4475 1215 4526 ab
1244 4472 1491 4526 omnibus
1521 4478 1665 4541 petat
1688 4512 1703 4536 ,
1746 4479 1800 4524 et
1839 4470 1940 4523 nisi
1963 4484 2059 4523 ac-

487 4577 647 4645 cipiat
673 4575 931 4627 irascatur
950 4610 965 4631 ,
992 4577 1045 4622 et
1075 4568 1350 4636 plusquam
1375 4578 1509 4633 opus
1533 4573 1616 4617 est
1637 4562 1812 4631 exigat
1833 4602 1848 4627 ,
1882 4576 1945 4614 ac
1970 4575 2059 4615 se-

489 4670 660 4736 ipsum
707 4661 965 4723 extollat;
1015 4658 1149 4711 alter
1209 4671 1338 4709 vero
1391 4664 1551 4708 totam
1604 4669 1716 4708 rem
1766 4653 2063 4721 despiciat,

489 4756 688 4812 nemini
738 4754 836 4807 hac
873 4751 941 4805 de
984 4764 1143 4803 causa
1186 4756 1533 4809 succenseat,
1578 4744 1919 4813 delatumque
1963 4744 2065 4798 sibi

490 4850 752 4905 honorem
796 4842 1039 4912 repudiet
1067 4858 1080 4892 :
1117 4850 1234 4893 uter
1257 4880 1272 4901 ,
1313 4838 1399 4892 dic
1433 4837 1560 4890 mihi
1583 4878 1598 4901 ,
1645 4838 1815 4904 major
1843 4838 1969 4890 cst?
1996 4851 2063 4889 an

494 4943 580 5012 qui
630 4941 890 4994 honorem
930 4952 1033 4988 non
1080 4933 1313 5002 accipit,
1346 4930 1590 5000 quamvis
1632 4929 1820 4998 petat?
1861 4944 1928 4982 an
1973 4930 2067 4997 qui

497 5034 731 5089 delatum
777 5029 937 5083 etiam
968 5022 1235 5093 despicit?
1281 5022 1563 5090 PerSpicue
1590 5020 1677 5075 hic
1700 5020 1789 5090 qui
1820 5030 2064 5074 contem-

496 5127 617 5189 nit;
666 5131 720 5177 et
768 5121 883 5191 iure
925 5118 1164 5188 quidem.
1212 5115 1406 5171 Gloria:
1467 5114 1608 5169 enim
1676 5113 2065 5182 consequendu:

498 5218 599 5272 alia
631 5215 767 5270 ratio
809 5227 914 5266 non
961 5219 1076 5273 est,
1123 5223 1282 5277 quam
1320 5206 1543 5283 gloriam
1574 5206 1773 5275 fugere.
1804 5206 2075 5273 Quamdiu

501 5310 641 5363 enim
674 5306 839 5374 ipsam
875 5298 1277 5371 persequimur,
1310 5298 1441 5366 fugit
1483 5311 1618 5359 nos;
1651 5312 1771 5351 cum
1794 5312 1921 5351 vero
1949 5311 2073 5351 eam

502 5400 763 5472 fugimus,
806 5396 925 5464 ipsa
952 5407 1050 5447 nos
1078 5390 1433 5462 persequitur.
1461 5387 1516 5443 Si
1538 5389 1617 5442 vis
1642 5388 1692 5442 in
1724 5388 1889 5459 gloria
1911 5402 2030 5443 esse
2052 5431 2066 5454 ,

501 5492 723 5562 gloriam
765 5503 832 5541 ne
871 5485 1259 5551 concupiscas:
1293 5480 1337 5533 si
1383 5479 1464 5532 vis
1502 5478 1680 5534 celsus
1728 5493 1880 5543 esse,
1919 5494 1987 5533 ne
2017 5488 2075 5533 te

506 5586 617 5653 ipse
644 5581 696 5635 in
721 5578 945 5634 sublime
988 5574 1201 5630 efferas.
1230 5574 1402 5639 Atque
1427 5570 1528 5624 alia
1556 5570 1714 5625 etiam
1757 5584 1917 5624 causa
1943 5578 2024 5624 est
2048 5610 2073 5634 ,.

510 5688 606 5727 cur
628 5672 869 5724 homines
894 5668 1069 5722 colant
1094 5663 1314 5718 honoris
1347 5678 1451 5716 non
1481 5670 1849 5731 appetentem,
1874 5676 2036 5716 conse
2052 5689 2069 5699 -

505 5773 735 5820 cientem
767 5776 889 5817 vero
915 5766 1225 5815 averscntur
1264 5773 1274 5810 :
1308 5754 1521 5827 insitum
1547 5754 1687 5810 enim
1727 5752 1829 5809 hoc
1856 5760 1938 5809 est
1968 5752 2063 5808 ho-

1196 319 1256 376 S.
1292 313 1570 375 JOANNIS
1605 307 2081 368 CHRYSOSTOMI
2114 306 2428 362 ARCHIEP.
2470 303 2995 363 CONSTANTINOP.

3593 304 3699 361 2‘56

2125 421 2324 476 minum
2371 421 2555 491 generi
2598 422 2957 478 contentionis
3003 436 3123 477 esse
3166 421 3445 491 cupidum,
3495 432 3697 477 etcum

2121 512 2345 567 aliorum
2385 512 2664 567 desideriis
2710 512 2921 569 luctari.
2966 512 3145 583 Itaque
3175 514 3533 583 despiciamus
3575 515 3695 584 glo-

2122 605 2299 660 riam:
2334 604 2407 659 ita
2454 605 2597 659 enim
2648 605 2939 674 poterimus
2984 604 3212 661 humiles
3254 606 3369 659 tieri
3399 606 3480 660 vel
3523 608 3705 674 potius

2123 698 2274 753 celsi.
2302 697 2379 752 Ne
2420 698 2645 767 teipsunt
2686 699 2910 753 extollas
2931 740 2946 763 ,
2972 709 3029 752 ut
3052 701 3121 753 ab
3145 699 3251 752 alio
3274 699 3566 754 extollaris.
3597 699 3699 767 Qui

2124 805 2154 843 a
2181 804 2239 843 se
2284 790 2400 859 ipso
2438 789 2749 856 extollitur,
2798 791 2843 844 is
2880 792 2947 845 ab
2972 791 3089 845 aliis
3120 806 3225 845 non
3265 790 3538 846 extollitur
3568 808 3580 843 :
3610 792 3699 861 qui

2124 882 2359 951 seipsum
2399 881 2576 951 dejicit
2600 924 2615 948 ,
2671 884 2715 937 is
2745 882 2813 937 ab
2840 884 2959 936 aliis
2994 899 3098 936 non
3136 883 3404 952 dejicitur.
3454 884 3697 953 Magnum

2126 972 2430 1041 arrogantia
2475 973 2675 1026 malum
2723 981 2807 1027 est
2848 989 2863 1026 :
2904 972 3069 1027 satius
3118 984 3202 1028 est
3249 974 3500 1029 stolidum
3533 990 3698 1037 esse,

2128 1076 2285 1131 quam
2331 1059 2668 1131 arrogantem
2712 1081 2725 1115 :
2777 1078 2899 1117 nam
2946 1063 3016 1117 ibi
3056 1064 3271 1131 quidem
3318 1066 3538 1119 stultitia
3588 1066 3699 1119 sola

2127 1153 2321 1207 mentis
2353 1152 2634 1208 inﬁrmitas
2665 1164 2748 1210 est
2771 1170 2786 1220 ;
2822 1154 2909 1209 hic
2935 1170 3062 1211 vero
3082 1156 3299 1210 stultitia
3327 1157 3561 1212 deterior
3584 1168 3666 1211 est
3684 1201 3700 1223 ,

2128 1253 2184 1299 et
2207 1243 2427 1298 stultitia
2468 1259 2589 1299 cum
2622 1247 2801 1301 furore
2838 1246 3143 1316 conjuncta.
3197 1248 3430 1303 Stolidus
3459 1250 3555 1302 sibi
3604 1250 3701 1317 ipsi

2129 1345 2316 1401 nocet,
2358 1351 2615 1406 arrogans
2667 1353 2799 1393 vero
2834 1340 3056 1394 aliorunt
3102 1341 3261 1395 etiam
3306 1341 3565 1412 pernicies
3594 1352 3694 1395 est.

2129 1428 2173 1480 A
2221 1427 2487 1481 dementia
2534 1427 2621 1482 hic
2664 1430 2880 1484 morbus
2938 1439 3249 1500 procreatur
3278 1450 3291 1485 :
3320 1432 3436 1486 ﬁeri
3480 1434 3700 1488 minime

2131 1526 2340 1587 potest,
2390 1529 2449 1574 ut
2485 1521 2605 1589 quis
2631 1520 2700 1576 de
2743 1537 2803 1577 se
2844 1539 3066 1593 magnos
3108 1525 3325 1593 spiritus
3369 1537 3571 1589 sumat,
3603 1528 3704 1581 nisi

2131 1612 2326 1667 stultus
2364 1615 2474 1667 sit:
2504 1614 2595 1683 qui
2638 1629 2766 1668 vero
2810 1616 2960 1670 valde
2997 1617 3191 1670 stultus
3217 1628 3297 1671 est
3320 1658 3334 1679 ,
3378 1618 3423 1671 is
3453 1634 3703 1688 arrogans

2132 1720 2341 1775 quoque
2369 1716 2471 1761 est.
2502 1706 2636 1760 Audi
2665 1708 2959 1777 sapientem
2983 1710 3263 1778 quemdam
3290 1713 3361 1764 ita
3391 1712 3656 1767 dicentem
3685 1731 3698 1767 :

2142 1795 2260 1851 Vidi
2287 1798 2540 1852 hominem
2586 1800 2863 1869 sapientem
2905 1801 2999 1855 sibi
3036 1802 3193 1856 videri
3223 1818 3241 1857 :
3268 1804 3427 1874 magis
3471 1820 3584 1857 vero
3618 1803 3709 1857 illo

2133 1904 2272 1957 spem
2315 1888 2460 1943 habet
2504 1890 2742 1960 insipiens
2768 1891 2785 1959 (
2812 1890 2968 1947 Prov.
2997 1893 3086 1949 ‘26.
3118 1894 3184 1947 12
3203 1894 3244 1963 ).
3276 1893 3438 1949 Vides
3488 1911 3573 1949 me
3603 1912 3706 1948 non

2136 1990 2338 2036 temere
2364 1982 2563 2038 dixisse
2583 2025 2597 2049 ,
2625 1985 2839 2054 gravius
2867 2000 2993 2041 esse
3014 1986 3116 2042 hoc
3141 1988 3337 2042 malum
3379 1990 3665 2045 stoliditate
3686 1992 3710 2041 ?

2138 2071 2306 2142 Magis
2342 2075 2486 2128 enim
2507 2116 2522 2141 ,
2570 2075 2738 2144 inquit
2759 2118 2776 2136 ,
2808 2077 2898 2130 illo
2933 2092 3075 2147 spem
3116 2078 3260 2133 habet
3287 2080 3542 2147 insipiens.
3579 2081 3709 2134 Pro-

2139 2176 2317 2235 pterea
2359 2167 2551 2223 Paulus
2592 2170 2748 2222 etiam
2797 2169 3025 2225 dicebat.
3103 2170 3277 2226 Nolite
3314 2190 3418 2227 esse
3446 2177 3711 2241 prndmm

2138 2256 2275 2321 apud
2302 2259 2624 2327 vosmetipsos
2655 2259 2841 2325 (Rom.
2876 2261 2964 2314 12.
2999 2258 3064 2315 16
3091 2263 3131 2332 ).
3179 2262 3232 2316 ltt
3259 2265 3595 2332 corporibus.
3628 2265 3714 2318 dic

2140 2347 2298 2414 tnihi,
2326 2364 2569 2418 quzenam
2592 2352 2770 2406 valere
2797 2352 3068 2407 dicimus?
3096 2366 3273 2409 utrum
3301 2356 3458 2411 valde
3488 2358 3709 2419 tumida,

2139 2456 2202 2495 ac
2227 2443 2393 2496 multo
2438 2444 2578 2497 intus
2616 2443 2812 2498 referta
2859 2446 2984 2499 ﬂatu
3024 2456 3078 2501 et
3114 2463 3286 2517 aqua;
3335 2464 3399 2501 an
3429 2448 3711 2517 depressa,

2146 2544 2201 2587 et
2223 2545 2549 2590 contractam
2579 2537 2827 2592 habentia
2852 2541 3184 2609 superﬁciem
3207 2541 3374 2595 ?Sine
3400 2541 3559 2595 dubio
3582 2542 3713 2596 hrec.

2140 2626 2282 2695 Ergo
2326 2636 2377 2681 et
2415 2629 2464 2681 iu
2493 2630 2697 2694 anima,
2741 2646 2862 2700 qua:
2892 2640 3101 2698 tumet,
3145 2634 3446 2702 graviorem
3476 2634 3714 2705 hydrope

2143 2718 2384 2773 morbum
2430 2719 2587 2775 habet
2616 2738 2629 2772 :
2656 2737 2776 2790 quae
2805 2737 2932 2776 vero
2960 2724 3207 2791 depressa
3237 2733 3320 2779 εει
3344 2766 3357 2787 ,
3389 2726 3531 2779 onmi
3564 2737 3709 2780 caret

2142 2812 2290 2865 vitio.
2338 2811 2475 2877 Quot
2506 2813 2665 2882 igitur
2691 2812 2828 2867 bona
2863 2816 3003 2882 parit
3045 2815 3197 2869 nobis
3238 2815 3553 2871 humilitas?
3581 2818 3717 2884 Quid

2146 2902 2379 2970 qua‘ris?
2405 2903 2662 2958 malarum
2690 2919 2866 2958 rerum
2896 2919 3016 2960 esse
3047 2907 3360 2961 tolerantem
3385 2949 3399 2966 .
3432 2909 3718 2961 iracundia:

2145 3003 2455 3062 expertem,
2513 2998 2839 3061 humanum,
2910 2996 3184 3062 sobrium,
3252 3008 3508 3052 attentum
3563 3009 3720 3068 atque

2145 3086 2376 3140 alacrem
2399 3086 2422 3139 ?
2454 3086 2567 3142 haec
2592 3088 2771 3142 omnia
2798 3088 2934 3143 bona
2964 3089 3031 3142 ab
3059 3090 3357 3146 humilitate
3384 3094 3720 3160 proﬁciscun-

2147 3184 2274 3241 tur;
2306 3179 2571 3231 contraria
2601 3193 2728 3233 vero
2748 3178 2815 3232 ab
2841 3180 3164 3249 arrogantia.
3193 3180 3326 3235 Nam
3349 3182 3436 3251 qui
3465 3198 3718 3251 arrogans

2147 3278 2264 3333 est,
2323 3270 2464 3324 hunc
2511 3281 2566 3326 et
2610 3273 3053 3328 contumeliosum
3109 3289 3228 3329 esse
3276 3291 3496 3331 necesse
3526 3287 3638 3342 est,
3669 3286 3723 3330 et

2149 3376 2519 3430 percussorem
2539 3403 2553 3427 ,
2577 3373 2631 3417 et
2659 3364 2970 3417 iracundum
2989 3406 3004 3430 ,
3032 3376 3085 3420 et
3107 3382 3344 3421 amarum
3365 3410 3380 3434 ,
3409 3379 3461 3422 et
3488 3370 3688 3421 tristem
3706 3410 3721 3433 ,

2151 3452 2475 3522 omninoque
2519 3455 2684 3508 feram
2731 3458 2905 3524 potius
2933 3472 3091 3526 quam
3132 3457 3419 3514 hominem.
3454 3460 3725 3514 Robustus

2156 3558 2215 3595 es
2236 3584 2250 3606 ,
2284 3558 2345 3597 ac
2374 3544 2668 3615 superbis?
2692 3545 2819 3600 lude
2842 3546 3018 3615 potius
3043 3547 3268 3618 deprimi
3297 3550 3557 3605 debtteras
3587 3569 3599 3603 :
3634 3565 3725 3605 cur

2152 3634 2291 3687 enim
2321 3651 2384 3689 ex
2419 3651 2508 3700 re,
2563 3652 2681 3706 quae
2725 3637 2922 3693 nullius
2969 3640 3220 3708 ponderis
3244 3650 3356 3708 est,
3385 3658 3605 3712 magnos
3633 3644 3725 3697 tibi

2152 3728 2369 3795 Spiritus
2394 3729 2606 3783 sumis?
2639 3729 2849 3784 Etenim
2877 3741 2932 3787 et
2952 3732 3038 3787 leo
3065 3740 3117 3786 te
3136 3733 3387 3789 audacior
3412 3744 3493 3789 est
3510 3777 3523 3799 ,
3555 3745 3605 3790 et
3636 3752 3727 3791 sus

2156 3818 2464 3884 robustior;
2496 3836 2559 3875 ac
2603 3836 2713 3890 prae
2758 3822 2861 3876 illis
2895 3839 2962 3877 ne
2998 3824 3385 3894 culex'quidem
3425 3841 3484 3880 es
3513 3846 3524 3880 :
3553 3838 3606 3881 ct
3653 3829 3730 3881 la-

2159 3918 2338 3965 trones
2381 3920 2435 3965 et
2478 3914 2842 3982 sepulcrorum
2880 3913 3164 3970 eﬁ‘ossores
3205 3924 3256 3969 et
3305 3917 3623 3986 gladiatores
3675 3928 3730 3972 et

2157 4005 2341 4058 famuli
2368 4006 2439 4058 ttti
2466 4048 2481 4073 ,
2512 4008 2738 4059 fortasse
2760 4021 2886 4059 vero
2908 4014 2962 4061 et
2986 4007 3076 4076 qui
3099 4006 3235 4061 inter
3258 4007 3402 4077 ipsos
3430 4008 3730 4064 hebetiores

2159 4108 2316 4161 sunt,
2366 4106 2417 4151 te
2460 4098 2650 4151 robore
2677 4107 2731 4151 et
2757 4097 2958 4153 viribus
3006 4111 3278 4167 superant.
3311 4101 3543 4156 Hoccine
3572 4103 3731 4173 igitur

2160 4189 2314 4243 laude
2354 4189 2613 4258 dignum?
2651 4206 2714 4243 ac
2753 4195 2858 4244 non
2907 4200 2957 4246 te
2982 4191 3157 4261 ipsum
3181 4208 3288 4263 pra:
3314 4194 3515 4263 pudore
3540 4196 3689 4250 abdis
3714 4239 3729 4261 ,

2160 4284 2247 4352 qui
2300 4283 2419 4337 ideo
2463 4283 2785 4352 superhias?
2829 4286 2899 4337 At
2946 4284 3171 4353 pulcher
3213 4300 3273 4340 es
3321 4299 3375 4341 et
3423 4286 3733 4342 formosus?

2161 4375 2447 4429 Cornicum
2472 4375 2586 4428 hazc
2607 4375 2851 4443 gloriatio
2871 4384 2982 4440 est;
3007 4391 3111 4430 non
3134 4392 3194 4431 es
3217 4390 3419 4446 pavone
3443 4378 3730 4447 pulchrior,

2162 4464 2275 4520 sive
2319 4465 2545 4518 nitorem
2589 4464 2701 4519 sive
2744 4478 2946 4534 pennas
2985 4475 3239 4534 spectes:
3284 4483 3473 4538 pennae
3519 4471 3632 4522 avis
3683 4480 3733 4523 te

2163 4557 2321 4625 longe
2363 4556 2614 4619 vittcunt,
2658 4555 2769 4624 ipsa
2800 4570 2988 4621 coma,
3033 4555 3151 4625 ipso
3176 4557 3369 4611 nitore.
3417 4560 3590 4629 Atque
3618 4559 3736 4613 olor

2164 4647 2322 4701 etiam
2353 4646 2508 4701 valde
2544 4645 2767 4715 pulcher
2793 4653 2911 4712 est,
2945 4647 3168 4716 aliaeque
3195 4662 3319 4702 aves
3363 4650 3539 4703 multa:
3576 4651 3735 4719 :qui-

2173 4738 2391 4792 buscum
2432 4737 2479 4791 si
2518 4749 2569 4791 te
2613 4736 2938 4801 contuleris,
2978 4737 3238 4805 despicies
3286 4739 3441 4808 plane
3485 4742 3731 4810 teipsum.

2168 4831 2321 4901 Saepe
2347 4846 2476 4885 vero
2501 4839 2556 4885 et
2584 4830 2718 4883 viles
2746 4829 2952 4898 pueruli
2977 4870 2994 4895 ,
3036 4839 3089 4883 et
3117 4830 3345 4900 virgines
3379 4832 3614 4902 innupta:
3637 4874 3651 4893 ,
3684 4842 3741 4887 ct

2172 4924 2480 4979 meretrices
2506 4922 2783 4986 mulieres,
2814 4932 2868 4977 et
2894 4923 3083 4977 molles
3113 4922 3357 4979 homines
3382 4925 3516 4979 hanc
3544 4926 3739 4980 habent

2171 5012 2558 5085 gloriationem.
2595 5014 2827 5068 Haecine
2854 5014 3013 5083 igitur
3037 5017 3333 5083 arrogantia
3360 5016 3619 5085 dignum?

2242 5106 2295 5162 6.
2329 5108 2397 5161 At
2424 5106 2621 5160 divitiis
2650 5104 2931 5161 abundas?
2962 5106 3138 5161 unde?
3164 5106 3354 5177 quibus
3383 5108 3542 5161 rebus
3569 5108 3739 5163 abun-

2173 5198 2305 5253 das?
2330 5214 2462 5253 auro
2480 5238 2495 5263 ,
2529 5207 2750 5268 argento
2769 5239 2784 5263 ,
2816 5197 3013 5269 lapillis
3038 5199 3324 5268 pretiosis?
3348 5199 3474 5254 Hrec
3499 5209 3555 5254 ει
3581 5200 3744 5254 latro-

2175 5305 2302 5344 num
2329 5289 2574 5359 gloriatio
2603 5297 2686 5343 est
2709 5298 2763 5343 et
2788 5298 3078 5355 sectorum,
3106 5300 3161 5344 et
3189 5305 3393 5352 eorum,
3416 5292 3503 5360 qui
3533 5291 3742 5345 metalia

2175 5383 2452 5438 effodiunt.
2483 5384 2624 5453 Ergo
2651 5383 2791 5452 quod
2821 5382 3085 5436 damnatis
3113 5381 3265 5435 labor
3289 5390 3390 5449 est,
3424 5382 3474 5436 id
3507 5382 3596 5436 tibi
3628 5382 3743 5450 glo-

2178 5475 2345 5530 riandi
2372 5489 2531 5529 causa
2555 5474 2697 5528 erit?
2720 5476 2787 5528 At
2810 5482 3003 5528 ornatu
3031 5473 3206 5527 nites?
3231 5473 3410 5543 Equos
3437 5475 3595 5528 etiam
3622 5473 3747 5528 licet
3812 5528 3823 5544 Α,

2178 5581 2399 5621 cernere
2440 5564 2662 5634 pulchre
2689 5574 2908 5618 ornatos
2932 5581 2945 5616 :
2971 5562 3108 5633 apud
3137 5563 3328 5619 Persas
3356 5580 3482 5620 vero
3511 5564 3746 5618 camelos
3814 5556 3820 5567 ’

2179 5659 2339 5714 etiam
2366 5657 2545 5711 videas
2573 5656 2795 5710 mirifice
2828 5663 3069 5723 comptos
3093 5671 3105 5707 :
3128 5655 3266 5709 inter
3293 5654 3538 5709 homines
3567 5665 3743 5709 autem

2186 5766 2279 5806 eos
2306 5765 2527 5819 omnes,
2557 5748 2645 5819 qui
2683 5763 2749 5804 ex
2788 5762 2966 5803 scena.
3000 5746 3114 5803 Non
3155 5748 3319 5815 pudet
3357 5758 3406 5804 te
3436 5748 3528 5803 has
3556 5750 3620 5804 oh
3662 5764 3750 5803 ιιι-ε
