4130 6386
440 322 549 383 957
590 374 591 377 η

1212 304 1271 360 S.
1308 298 1599 359 JOANNIS
1634 290 2126 352 CHRYSOSTOMI
2163 284 2482 343 ARCHIEP.
2523 278 3073 340 CONSTANTINOP.

3597 277 3708 335 238

445 441 564 512 τὴς,
594 438 679 501 τις
707 430 1020 504 ζωγράφος,
1056 426 1141 489 τίς
1182 421 1505 494 γεωμέτρης
1549 416 1620 470 τά
1649 415 1855 485 ταύτης
1895 412 2030 483 ἔργα
2134 409 2385 478 πόμενοι,
2419 403 2729 477 κρατοῦμεν
2772 401 2974 456 αὐτῶν.
3020 400 3108 453 Ἑν
3148 396 3322 468 τούτῳ
3360 394 3470 467 γὰρ
3506 394 3711 464 μείζων

449 504 796 603 μίμήσασθαι
821 524 1146 594 δυνήσεται;
1178 515 1320 569 Ἀλλ’
1354 513 1448 566 ἐπὶ
1469 508 1764 579 λεπτότητι
1782 504 2029 603 ἐσθῆτος;

458 593 599 676 ίΑλὶύ
632 615 871 672 ἐνταῦθά
900 593 961 665 σε
998 609 1235 682 ἀράχναι
1265 601 1512 659 νικῶσιν.
1570 597 1712 652 Ἀλλ’
1743 596 1837 648 ἐπὶ
1866 593 2032 664 ταχύ-

446 732 571 784 τητι
631 709 809 765 ποδῶν
839 724 854 774 ;
890 703 1063 758 Πάλιν
1104 702 1175 753 τὰ
1202 696 1447 767 πρωτεῖα
1474 690 1626 762 παρὰ
1647 690 1760 751 τοῖς
1790 685 2032 753 ἀλόγοις,

454 777 653 870 λαγωῷ
706 798 803 850 καὶ
849 791 1095 865 δορκάδι,
1133 788 1230 842 καὶ
1257 788 1358 840 ὅσα
1396 783 1505 836 τῶν
1535 778 1749 851 κτηνῶν
1777 778 1876 832 οὐκ
1905 777 2035 830 ἀποο

450 896 700 949 λείπεται
722 892 789 961 τῇ
821 886 1093 957 ταχύτητι
1120 879 1229 934 τῶν
1280 875 1478 931 ποδῶν.
1519 872 1660 926 Ἀλλ’
1695 870 2033 940 ἀποδημεῖς;

388 1030 393 1039 .
461 986 600 1040 ’Δλλ⁹
659 983 721 1037 οὐ
782 960 992 1051 μᾶλλον
1040 972 1198 1047 [254]
1243 970 1352 1024 τῶν
1404 965 1623 1038 πτηνῶν
1657 981 1671 995 ·
1707 961 1883 1016 ταῦτα
1928 960 2035 1030 γὰρ

451 1073 819 1143 εὐκολώτερον
874 1067 972 1138 τὴν
1018 1061 1335 1133 ἀποδημίαν
1365 1061 1602 1113 ποιεῖται
1624 1073 1637 1085 ·
1670 1055 1773 1109 οὐκ
1804 1052 2034 1124 ἐφοδίων

449 1172 641 1231 δεῖται,
673 1163 780 1217 οὐδ’
813 1155 1147 1227 ὑποζυγίων,
1172 1154 1287 1209 ἀλλ’
1311 1153 1472 1225 ἀρκεῖ
1491 1149 1628 1221 πρὸς
1646 1148 1825 1202 πάντα
1853 1148 2036 1209 αὐτοῖς

451 1262 512 1314 τὸ
544 1257 766 1329 πτερόν.
792 1252 964 1306 Τοῦτο
1021 1249 1116 1302 καὶ
1175 1246 1330 1310 ναῦς,
1362 1243 1522 1297 τοῦτο
1559 1242 1655 1296 καὶ
1713 1238 2033 1307 ὑποζύγιον,

452 1352 613 1407 τοῦτο
642 1349 739 1403 καὶ
768 1346 975 1416 δχημα,
998 1341 1159 1397 τοῦτο
1189 1339 1287 1394 καὶ
1322 1338 1546 1409 ἄνεμος,
1578 1335 1675 1389 καὶ
1693 1336 1800 1387 πᾶν
1829 1334 1859 1386 ὅ
1889 1349 1941 1385 τι
1970 1330 2037 1384 ἂν

454 1446 599 1500 εἴποι
622 1459 727 1506 τις.
773 1436 913 1491 Ἀλλ’
967 1435 1064 1500 ὀξὺ
1120 1432 1343 1504 βλέπεις
1375 1447 1391 1497 ;
1424 1429 1541 1483 ἀλλ’
1572 1427 1672 1497 οὐχ
1722 1425 1799 1489 ὡς
1837 1422 2038 1494 δορκάς

455 1537 562 1590 οὐδέ
612 1534 688 1597 ὡς
731 1531 908 1593 ἀετός.
959 1526 1098 1580 Ἀλλ’
1120 1526 1215 1593 ὀξὺ
1249 1524 1470 1586 ἀκούεις
1503 1538 1519 1587 ;
1555 1519 1670 1574 ἀλλ’
1697 1520 1725 1572 6
1767 1516 1889 1581 ὄνος
1916 1515 2039 1581 ὀξύ-

454 1644 634 1699 τερον.
663 1624 806 1678 Ἀλλ’
832 1620 1102 1692 ὀσφραίνῃ
1120 1636 1136 1685 ;
1156 1616 1273 1671 ἀλλ’
1301 1618 1329 1670 6
1354 1615 1501 1669 κύων
1522 1615 1623 1667 οὐκ
1642 1610 1836 1681 ἀφίησί
1859 1626 1919 1663 σε
1943 1609 2039 1662 αὐ-

455 1721 545 1774 τὸν
575 1715 889 1790 παρελθεῖν.
927 1712 1090 1766 Ἀλλά
1122 1708 1439 1781 ποριστικὸς
1466 1704 1554 1772 ei;
1586 1704 1723 1758 ἀλλά
1748 1702 1845 1757 τοῦ
1898 1700 2039 1772 μύρ-

461 1829 635 1884 μηκος
668 1807 963 1880 ἀπολείπῃ.
983 1804 1146 1858 Ἀλλά
1163 1802 1525 1873 χρυσοφορεῖς
1553 1815 1567 1864 ;
1597 1797 1712 1852 ἀλλ’
1730 1796 1828 1866 οὐχ
1844 1794 2040 1860 οὕτως,

467 1906 542 1968 ὡς
571 1906 620 1957 οί
662 1900 874 1957 Ἰνδικοὶ
911 1898 1221 1969 μύρμηκες.
1258 1894 1480 1962 Ὑγείας
1512 1892 1569 1944 δὲ
1599 1890 1788 1944 ’ἐνεκεν
1818 1907 1833 1955 ;
1862 1887 2044 1958 πολλῷ

464 1997 659 2067 βελτίω
701 1997 733 2065 ή
745 1992 863 2065 μῶν
915 1990 985 2044 τὰ
1046 1989 1239 2059 ἄλογα,
1274 1988 1368 2041 καὶ
1397 1984 1612 2050 εὐεξίας
1645 1984 1739 2037 καὶ
1762 1981 1858 2035 τοῦ
1885 1981 2045 2035 εὐπο-

470 2094 585 2162 ρεῖν
616 2107 629 2120 ·
662 2089 722 2140 οὐ
774 2084 1010 2140 δέδοικεν
1056 2084 1241 2136 ἐκεῖνα
1262 2080 1476 2133 πενίαν.
1514 2075 1888 2146 Ἐμὸλέψατε
1914 2073 2043 2145 γὰρ,

464 2181 629 2250 φησὶν
651 2180 780 2243 ,εις
809 2177 883 2231 τά
911 2173 1155 2228 πετεινὰ
1187 2172 1295 2227 τοῦ
1345 2169 1630 2239 οὐρανοῦ,
1659 2168 1748 2221 ὅτι
1778 2168 1849 2221 οὐ
1870 2166 2047 2220 σπεί-

458 2289 699 2345 ρουσιν,
736 2267 880 2325 οὐδὲ
944 2265 1303 2336 θερίζουσιν,
1332 2262 1475 2317 οὐδὲ
1531 2257 1913 2328 συνάγουσιν
1962 2259 2051 2322 εις

467 2363 797 2430 ἀποθήκας.
834 2360 1065 2422 Οὐκοῦν,
1099 2357 1283 2428 φησὶν,
1317 2355 1479 2427 ὴμῶν
1523 2353 1592 2406 τά
1646 2352 1817 2420 ἄλογα
1870 2349 2050 2421 κρείτ-

467 2474 600 2513 τονα
646 2451 1085 2526 ἐδημιούργησεν
1130 2455 1159 2504 6
1209 2449 1362 2511 Θεός.
1419 2448 1587 2518 Ὁρᾷς
1620 2444 1786 2497 πόσον
1835 2443 1954 2496 ἐστὶ
1990 2442 2053 2495 τὸ

470 2548 877 2620 ἀπερίσκεπτον
902 2561 917 2610 ;
945 2545 1077 2615 δρᾷς
1105 2542 1167 2596 τὸ
1217 2539 1571 2605 ἀνεξέταστον
1605 2554 1621 2602 ;
1661 2538 1814 2608 ὁρᾷς,
1868 2537 1903 2605 ὴ
1943 2534 2053 2587 τῶν

478 2641 821 2713 πραγμάτων
873 2637 1120 2702 ἐξέτασις
1152 2635 1272 2688 ὅσον
1299 2634 1433 2704 ἡμῖν
1469 2628 1790 2702 χαρίζεταις
1831 2627 1892 2679 '0
1917 2625 2055 2679 ardv-

470 2752 581 2788 των
614 2730 918 2801 ἀνθρώπων
953 2725 1124 2798 μείζω
1155 2723 1392 2796 φρονῶν,
1417 2720 1616 2793 εὑρέθη
1648 2719 1745 2773 καὶ¹
1793 2716 1901 2770 τῶν
1926 2714 2054 2769 ἀλό-

475 2843 590 2895 γων
622 2822 1035 2892 ταπεινότερος.
1070 2818 1235 2871 Ἀλλά
1280 2814 1601 2885 φεισὼμεθα
1634 2810 1832 2874 αὐτοῦ,
1865 2810 1961 2863 καὶ
1993 2807 2055 2861 οὐ

481 2914 854 2988 μιμησώμεθα
902 2912 1086 2975 αὑτὸν,
1119 2910 1240 2963 οὐδέ
1279 2906 1469 2978 ἐπειδὴ
1516 2908 1617 2976 τῆς
1655 2903 1933 2976 ἡμετέρας
1957 2900 2062 2970 φύ-

481 3021 618 3068 σεως
683 3001 868 3073 μεῖζον
900 2999 1192 3070 ἐφρόνησε,
1222 2994 1628 3063 καταγαγόντες
1657 2991 1820 3045 αὐτὸν
1848 2991 1941 3044 ἐπὶ
1967 2988 2064 3059 τὴν

483 3097 593 3150 τῶν
641 3094 852 3162 ἀλόγων
888 3089 1063 3156 τάξιν,
1115 3090 1436 3159 ὰφήσωμεν,
1499 3084 1613 3138 ἀλλ’
1667 3083 2065 3151 ἀναστήσωμεν

481 3189 647 3242 αὐτὸν
698 3184 930 3245 ἐκεῖθεν,
982 3184 1043 3237 οὑ
1087 3181 1155 3234 δι’
1191 3180 1352 3233 αὐτὸν
1403 3176 1585 3249 (αὐτὸς
1632 3177 1728 3247 μὲν
1758 3175 1868 3244 γὰρ
1916 3172 2065 3239 ἄξιος

481 3279 707 3332 τοιαῦτα
733 3276 970 3344 παθεῖν),
992 3273 1105 3328 ἀλλ’
1123 3273 1211 3326 ἵνα
1234 3274 1267 3341 ή
1297 3269 1391 3324 τοῦ
1417 3269 1552 3323 Θεοῦ
1576 3266 1953 3338 φιλανθρωπία
1975 3266 2069 3318 καὶ

484 3372 517 3439 ἡ
533 3371 609 3430 εἰς
626 3369 771 3439 ἡμᾶς
782 3365 963 3435 δειχθῇ
982 3367 1113 3435 τιμή
1125 3364 1303 3420 ,Ἔστι
1316 3360 1594 3432 γάρ,ἐστιν
1607 3361 1664 3413 ἐν
1680 3354 1758 3422 οἷς
1775 3359 1926 3413 οὐδὲν
1938 3359 2069 3428 ἡμῖν

484 3460 731 3513 κοινωνεῖ
758 3456 825 3509 τὰ
876 3455 1067 3522 ἄλογα.
1105 3455 1239 3505 Ποῖα
1288 3451 1352 3520 δὴ
1390 3449 1563 3503 ταῦτα
1594 3465 1609 3514 ;
1637 3446 1906 3501 Εὐσέὸεια
1926 3486 1941 3509 ,
1974 3446 2073 3499 καὶ

484 3553 512 3603 6
529 3550 647 3604 κατ’
663 3548 859 3621 ἀρετὴν
893 3547 1025 3617 βίος.
1055 3543 1320 3599 Ἐνταῦθα
1342 3542 1440 3595 οὐκ
1461 3541 1605 3611 ἔχεις
1625 3540 1852 3611 πόρνους
1872 3540 2070 3603 εἰπεῖν,

485 3641 605 3695 οὐδέ
633 3638 909 3710 μαλακοὺς
926 3676 947 3700 ,
964 3636 1082 3689 οὐδέ
1125 3633 1483 3705 ἀνδροφόνους
1511 3649 1525 3662 ο
1557 3629 1937 3701 ἀπεσχίσμεθα
1965 3627 2073 3697 γὰρ

490 3733 693 3785 αὐτῶν.
724 3730 790 3783 Τί
835 3728 900 3798 δὴ
929 3728 1088 3780 τοῦτό
1114 3728 1232 3779 ἐστι
1263 3742 1277 3790 ;
1310 3725 1415 3778 Τὸν
1445 3722 1579 3778 Θεὸν
1610 3725 1790 3794 ίσμεν,
1812 3721 1911 3792 τὴν
1938 3720 2073 3792 πρό-

493 3841 642 3877 νοιαν
678 3820 1121 3890 ἐπιγινώσκομεν
1148 3818 1248 3889 τὴν
1266 3816 1454 3883 αὐτοῦ,
1498 3816 1628 3885 περὶ
1662 3813 1963 3875 ἀθανασίας
1988 3829 2075 3880 φι-

490 3913 829 3984 λοσοφοῦμεν
863 3930 876 3942 ·
914 3910 1314 3982 παραχωρείτω
1358 3907 1595 3963 ἐνταῦθα
1639 3907 1709 3960 τὰ
1737 3905 1926 3974 ἄλογα.
1965 3905 2080 3958 Οὐκ

493 4003 905 4075 ἀμφισϐητήσει
952 3998 1317 4070 περὶτούτων
1371 3995 1799 4067 σωφρονοῦμεν·
1842 3992 2078 4046 ἐνταῦθα

497 4097 646 4152 οὐδὲν
678 4093 749 4147 τὰ
778 4092 946 4161 ἄλογα
979 4090 1157 4144 κοινὸν
1182 4088 1314 4158 ἔχει.
1354 4086 1582 4141 Πάντων
1612 4084 1721 4156 γὰρ
1745 4083 1922 4137 αὐτῶν
1967 4080 2078 4134 λει-

2134 504 2168 571 ή
2198 500 2365 571 ἀρχὴ,
2414 498 2496 552 ὅτι
2525 495 2836 566 λειπόμενοι
2870 491 3069 556 αὐτῶν,
3099 490 3455 562 βασιλεύομεν
3489 486 3667 542 αὐτῶν
3694 502 3709 517 ο

2138 593 2227 645 ἵνα
2263 591 2441 662 μάθῃς
2468 630 2482 653 ,
2510 591 2593 643 ὃτι
2626 587 2689 641 οὐ
2725 586 2789 640 σὺ
2817 585 3023 639 τούτων
3047 583 3237 647 αἴτιος,
3268 580 3382 634 ἀλλ’
3416 582 3447 633 6
3475 579 3714 648 ποιήσας

2138 700 2201 736 σε
2228 683 2381 747 Θεὸς,
2421 682 2518 735 καὶ
2572 679 2729 748 λόγον
2783 677 3174 749 χαρισάμενος.
3202 673 3427 736 Δίκτυα,
3460 671 3713 741 θήρατρα

2143 774 2327 838 αὐτοῖς
2375 772 2618 843 τίθεμεν,
2653 771 2747 823 καὶ
2802 767 3147 840 ἐμϐάλλομεν
3178 766 3335 827 αὐτὰ,
3366 764 3459 817 καὶ
3497 762 3714 831 χειρού-

2139 866 2299 939 μεθα.
2360 863 2689 935 Σωφροσύνη
2743 863 2872 934 παρ’
2926 863 3079 932 ἡμῖν,
3131 856 3420 922 ἐπιείκεια,
3450 854 3716 926 πραότης,

2140 958 2443 1031 χρημάτων
2466 956 2758 1028 ὑπεροψία.
2804 953 2941 1007 Ἀλλ’
2972 950 3160 1020 ἐπειδὴ
3190 951 3254 1002 σὺ
3295 948 3404 1001 τῶν
3429 948 3721 1013 ἀπονενοη-

2145 1054 2324 1122 μένων
2348 1067 2434 1114 τις
2463 1048 2540 1104 ὣν
2567 1048 2722 1102 οὐδὲν
2739 1047 2943 1101 τούτων
2974 1044 3140 1114 ἔχεις,
3164 1040 3391 1103 εἰκότως
3415 1040 3449 1110 ἢ
3485 1037 3595 1091 τῶν
3623 1039 3720 1090 ἀν-

2142 1143 2376 1215 θρώπων
2418 1138 2604 1212 μεῖζον
2633 1141 2870 1211 φρονεῖς,
2904 1138 2939 1207 ἢ
2968 1134 3188 1189 καὶτῶν
3212 1132 3420 1200 ἀλόγων
3461 1130 3714 1185 ταπεινός

2145 1249 2325 1303 τερον.
2362 1229 2601 1299 Τοιαύτη
2655 1228 2764 1297 γὰρ
2810 1228 2845 1297 ἡ
2892 1224 3123 1279 ἀπόνοια
3151 1222 3246 1275 καὶ
3276 1222 3311 1291 ἡ
3345 1217 3621 1290 θρασύτης
3646 1236 3659 1249 ·
3686 1217 3721 1287 ἢ

2145 1326 2438 1395 ἐπαίρεται
2488 1322 2633 1392 πέρα
2692 1319 2788 1373 τοῦ
2824 1316 3125 1387 δέοντος,ἢ
3162 1313 3511 1368 ταπεινοῦται
3562 1310 3726 1364 πάλιν

2145 1415 2382 1487 ὁμοίως,
2416 1410 2657 1482 οὐδαμοῦ
2687 1410 2788 1482 τὴν
2829 1407 3171 1479 συμμετρίαν
3205 1403 3567 1474 φυλάττουσα.
3605 1401 3728 1469 Ἀγ-

2147 1508 2327 1576 γέλων
2362 1504 2530 1576 ἐσμὲν
2570 1503 2675 1555 ίσοι
2715 1500 2863 1554 κατά
2881 1499 3039 1553 τοῦτο
3072 1514 3085 1527 °
3132 1494 3374 1567 βασιλεία
3398 1496 3527 1565 ἡμῖν
3556 1493 3729 1562 ἐπήγ-

2146 1598 2360 1667 γελται,
2387 1599 2420 1668 ὴ
2461 1596 2600 1666 μετά
2624 1591 2864 1665 Χριστοῦ
2892 1590 3435 1663 χορεία.”Ανθρωπος
3469 1585 3726 1657 μαστίζε-

2147 1692 2260 1757 ταὶ,
2313 1690 2408 1744 καὶ
2454 1688 2553 1758 οὐχ
2593 1685 2890 1740 ὑποπίπτει
2916 1700 2931 1715 ⁸
2960 1682 3110 1756 [255]
3137 1681 3425 1753 ἄνθρωπος
3495 1679 3729 1733 θανάτου

2152 1781 2512 1851 καταφρονεῖ,
2541 1779 2601 1830 οὐ
2627 1777 2839 1847 τρέμει,
2863 1775 2923 1828 οὐ
2956 1773 3215 1837 δέδοικεν,
3250 1773 3351 1825 οὐκ
3386 1770 3595 1840 ἐφίεται
3633 1767 3733 1822 τοῦ

2150 1873 2421 1937 πλείονος.
2446 1872 2611 1923 Ὥστε
2662 1869 2777 1922 ὅσοι
2805 1867 2882 1939 μὴ
2930 1864 3169 1919 τοιοῦτοί
3200 1866 3315 1917 εἰσι
3338 1904 3353 1929 ,
3387 1863 3497 1917 τῶν
3521 1863 3732 1929 ἀλόγων

2152 1969 2259 2021 εἰσὶ
2306 1967 2548 2037 χείρους.
2586 1963 2755 2017 Ὅταν
2810 1960 2921 2032 γὰρ
2972 1961 3033 2013 ἐν
3084 1960 3182 2030 μὲν
3239 1961 3353 2021 τοῖς
3401 1958 3733 2027 σωματικοῖς

2152 2055 2553 2128 πλεονεκτῇ[ς],
2580 2055 2650 2109 τὰ
2682 2054 2737 2107 δὲ
2764 2052 2972 2123 ψυχικά
2998 2050 3447 2121 πλεονεκτήματα
3483 2048 3557 2119 μὴ
3580 2048 3738 2119 ἔχῃς,

2154 2152 2273 2214 πῶς
2307 2149 2428 2221 οὐχῖ¹
2464 2148 2572 2202 τῶν
2595 2146 2808 2215 ἀλόγων
2837 2140 2889 2197 εἴ
2920 2144 3117 2215 χείρων
3144 2158 3158 2207 ;
3187 2143 3318 2209 Ἄγε
3342 2142 3447 2210 γὰρ
3469 2141 3547 2204 είς
3572 2141 3735 2209 μέσον

2154 2243 2277 2296 τινὰ
2300 2240 2409 2294 τῶν
2443 2240 2501 2293 ἐν
2536 2238 2708 2308 κακίᾳ
2740 2237 3118 2307 ἀλογωτέρων,
3141 2232 3249 2286 τῶν
3280 2234 3336 2285 ἐν
3385 2234 3564 2303 τρυφῇ
3601 2229 3741 2295 ζών-

2153 2352 2264 2388 των
2292 2334 2385 2387 καὶ
2408 2330 2690 2400 πλεονεξίᾳ
2718 2343 2733 2358 ⁸
2775 2331 2803 2382 6
2837 2329 3001 2391 ἵππος
3025 2326 3187 2380 αὐτοῦ
3222 2324 3676 2395 πολεμικώτερος,
3709 2325 3741 2377 6

2160 2423 2224 2491 ῦς
2272 2425 2644 2497 ἰσχυρότερος,
2670 2425 2700 2476 6
2723 2420 2934 2491 λαγωδς
2954 2420 3273 2491 ταχύτερος,
3305 2421 3333 2471 ὁ
3366 2416 3511 2480 ταὼς
3539 2416 3741 2487 ὡραιό-

2162 2534 2341 2587 τερος,
2369 2518 2397 2567 6
2438 2514 2637 2576 κύκνος
2686 2513 3080 2582 εὑφωνὸτερος,
3111 2513 3140 2564 6
3186 2510 3384 2580 ἐλέφας
3427 2509 3630 2580 μείζων
3660 2549 3676 2573 ,
3710 2509 3741 2560 6

2163 2609 2323 2672 ἀετὸς
2354 2606 2827 2677 ὀξυδερκέστερος,
2854 2604 3058 2667 πάντες
3083 2602 3293 2674 δρνιθες
3326 2602 3741 2670 πλουσιώτεροι.

2161 2696 2336 2752 Πόθεν
2389 2690 2484 2746 οὖν
2536 2692 2685 2758 ἄξιος
2733 2686 2784 2744 εἴ
2832 2693 3056 2762 κρατεῖν
3084 2688 3192 2742 τῶν
3224 2688 3471 2757 ἀλόγων;
3511 2686 3619 2741 ἀπὸ
3646 2685 3743 2741 τοῦ

2161 2789 2360 2857 λόγου;
2408 2784 2547 2838 Ἀλλ’
2608 2785 2709 2858 οὐκ
2768 2784 2937 2838 ἐστιν.
2992 2784 3160 2836 Ὅταν
3212 2785 3321 2852 γὰρ
3386 2784 3461 2854 μὴ
3516 2783 3595 2844 είς
3625 2781 3742 2834 δέον

2163 2880 2311 2952 αὐτῷ
2366 2880 2656 2949 κέχρησαι,
2720 2878 2881 2932 πάλιν
2935 2876 3162 2931 ἐκείνων
3218 2876 3420 2947 χείρων
3468 2870 3518 2928 εἷ
3549 2891 3563 2904 ·
3615 2875 3745 2926 ὅταν

2166 2972 2275 3044 γάρ
2302 2972 2464 3038 λόγον
2490 2969 2630 3040 ἔχων
2653 2968 2992 3039 ἀλογώτερος
3020 2967 3243 3021 ἐκείνων
3264 2964 3352 3041 ᾖς,
3400 2970 3647 3036 κρεῖττον
3676 2962 3747 3035 ἦν

2165 3066 2215 3117 εί
2266 3063 2402 3135 μηδὲ
2460 3062 2559 3133 τὴν
2615 3061 2791 3132 ἀρχὴν
2840 3060 3026 3128 ἐγένου
3085 3058 3320 3127 λογικός.
3357 3059 3431 3112 Οὐ
3462 3059 3568 3127 γάρ
3599 3059 3747 3108 ἐστιν

2168 3157 2305 3219 ίσον,
2326 3153 2559 3208 λαϐόντα
2592 3151 2764 3224 ἀρχὴν
2796 3150 3113 3221 προδοῦναι,
3147 3150 3243 3204 καὶ
3267 3151 3417 3221 παρά
3438 3148 3627 3219 καιρὸν
3669 3149 3745 3219 μὴ

2166 3246 2371 3299 λαϐεῖν.
2397 3246 2456 3297 ’0
2485 3243 2784 3313 βασιλεύων
2814 3242 2912 3294 καὶ
2939 3241 3050 3305 τῶν
3083 3241 3396 3312 δορυφόρων
3424 3240 3619 3310 χείρων
3646 3237 3745 3301 ὢν,

2177 3343 2425 3413 κρεῖττον
2455 3335 2521 3411 ἦν
2542 3340 2592 3392 εἰ
2624 3336 2759 3408 μηδὲ
2782 3338 2883 3408 τὴν
2912 3334 3205 3407 ἁλουργίδα
3237 3334 3566 3406 περιέκειτο.
3592 3331 3749 3386 Οὕτω

2167 3432 2233 3502 δὴ
2289 3432 2384 3486 καὶ
2434 3430 2689 3484 ἐνταῦθα.
2735 3428 2953 3491 Είδότες
2990 3423 3214 3494 οὖν,ὃτι
3266 3427 3361 3480 καὶ
3405 3426 3514 3480 τῶν
3537 3425 3749 3494 ἀλόγων

2171 3523 2387 3595 χείρους
2430 3521 2594 3592 ἐσμὲν
2649 3520 2749 3591 τῆς
2798 3519 3002 3589 ἀρετῆς
3026 3520 3218 3589 χωρὶς,
3238 3517 3442 3588 ταύτην
3469 3517 3749 3588 ἀσκῶμεν,

2174 3615 2263 3669 ἵνα
2299 3614 2575 3686 ἄνθρωποι
2602 3611 2911 3681 γενώμεθα,
2946 3612 3148 3683 μᾶλλον
3180 3612 3239 3664 δέ
3257 3610 3499 3680 ἄγγελοι,
3528 3610 3622 3664 καὶ
3641 3609 3750 3663 τῶν

2174 3705 2602 3777 ἐπηγγελμένων
2631 3702 2853 3772 ἀγαθῶν
2879 3703 3299 3774 ἀπολαύσωμεν,
3317 3705 3499 3776 χάριτι
3524 3704 3619 3757 καὶ
3637 3705 3751 3772 φιλο

2174 3797 2460 3869 ανθρωπίᾳ
2496 3796 2590 3850 τοῦ
2643 3795 2852 3867 Κυρίου
2895 3794 3053 3867 ἡμῶν
3109 3796 3285 3867 Ἰησοῦ
3330 3796 3590 3866 Χριστοῦ,
3632 3795 3749 3867 μεθ’

2176 3886 2237 3946 οῦ
2276 3890 2354 3963 τῷ
2378 3891 2554 3960 Πατρὶ
2583 3889 2700 3961 ἅμα
2731 3888 2812 3959 τῷ
2843 3890 2985 3960 ἀγίῳ
3013 3889 3295 3959 Πνεύματι
3325 3888 3452 3955 δόξα
3472 3929 3489 3953 ,
3525 3887 3750 3959 κράτος,

2176 3985 2333 4056 τιμὴ,
2356 3983 2451 4038 νῦν
2482 3985 2577 4037 καὶ
2605 3984 2715 4049 ἀεὶ,
2743 3984 2839 4037 καὶ
2866 3985 2948 4047 είς
2978 3983 3107 4046 τοὺς
3132 3982 3335 4045 αίῶνας
3376 3981 3484 4035 τῶν
3515 3981 3750 4035 αἰώνων.

2190 4078 2386 4149 Ἀμήν.

1962 4636 2211 4689 OMIAIA
2247 4634 2329 4690 H’.

510 4817 713 4877 Ὥστε,
753 4814 1049 4881 ἀγαπητοί
1096 4831 1250 4883 μου,
1279 4813 1479 4883 καθὼς
1512 4809 1769 4883 πάντοτε
1816 4812 2083 4883 ὐπηᾲκούέ

580 4884 853 4964 augeam)
893 4886 989 4964 ὡςΔ
1007 4884 1077 4962 ξίν
1210 4882 1658 4964 Δπαρουσίᾳ-μου
1686 4882 1898 4964 μιόανον,

581 4957 679 5009 καί
701 4951 819 5008 νῦν
834 4955 1040 5025 πολολῷ
1065 4951 1304 5023 μᾶλλον
1325 4954 1395 5025 ἐν
1410 4952 1775 5025 ’τῇ-ἀπουσίᾳ
1794 4970 1913 5025 ⁸μου
1933 4951 2083 5020 μετὰ

582 5027 771 5095 φόϐου
798 5025 892 5077 καὶ
928 5021 1149 5091 τρόμου
1189 5025 1307 5090 τὴν
1331 5021 1560 5095 ἑαυτῶν
1583 5022 1902 5095 ,σωτηρίαν
1946 5038 2080 5095 κατ-

582 5091 912 5165 εργάζεσθε.
932 5095 994 5145 '0
1019 5095 1161 5159 Θεὸς
1195 5095 1304 5162 γάρ
1326 5094 1551 5165 ἑστινὼό
1570 5091 1837 5165 ἐςνεργῶνξ
1853 5092 1921 5144 ἐν
1941 5092 2083 5165 ὑμῖν

585 5160 683 5218 καὶ
719 5165 787 5217 τὸ
821 5164 1016 5217 θέλειν
1044 5166 1140 5216 καὶ
1185 5160 1554 5231 τὸίένεργεῖν
1579 5160 1745 5231 ὑπὲρ
1765 5160 1873 5229 τῆς
1909 5160 2083 5215 εὺδοτ

585 5237 739 5300 πίας.
776 5233 980 5287 Πάντα
1010 5232 1227 5287 ποιεῖτε
1250 5229 1801 5301 χωρίςήγογγουσμῶν
1823 5234 1921 5284 καὶ
1953 5231 2079 5285 δια-

587 5301 1042 5375 λογισμῶνηῖνα
1072 5300 1642 5375 γένησθλείάμεμπτοι
1666 5300 1765 5375 καί
1793 5302 2074 5375 ἀκέραιοι,

585 5370 773 5427 τέκνα
800 5373 945 5427 Θεοῦ
970 5370 1248 5442 ἀμώμητα
1266 5372 1348 5442 γὲν
1373 5371 1540 5442 ιέέσῳ
1576 5370 1786 5439 γενεᾶς
1826 5371 2083 5438 σκολιᾶς

585 5445 682 5497 καί
730 5437 1219 5511 διεστραιὶμέἱιης,
1252 5441 1321 5493 ἐν
1357 5437 1803 5511 οἵςᾼφαίνεσθε,
1846 5442 1925 5507 ὼς
1964 5437 2082 5511 spu-

588 5512 808 5580 στῆρες
845 5509 915 5566 ἐκ
948 5509 1179 5581 κόσμῳ,
1218 5511 1402 5578 λόγον
1447 5509 1593 5578 ζὶυῆς
1624 5509 1978 5581 ἐπέχοντες,
1999 5514 2085 5577 είς

587 5584 865 5651 καύχημα
893 5583 1021 5651 ἐμοὶ
1050 5585 1138 5647 εὶς
1170 5582 1397 5650 ἡμέραν
1423 5581 1697 5648 Χριστοῦ.

592 5710 784 5775 α’.Τὰς
813 5715 1157 5783 παραινέσεις
1189 5714 1324 5786 μετὰ
1354 5714 1638 5782 ἐγκωμίων
1670 5713 1749 5766 δεῖ
1780 5715 2047 5770 ποιεῖσθαι
2071 5734 2083 5746 '

2182 4810 2324 4864 οὖτω
2350 4810 2461 4882 γὰρ
2493 4811 2587 4864 καὶ
2610 4810 3004 4882 εὐπαράδεκτοι
3036 4811 3275 4880 γίνονται
3294 4851 3310 4876 ,
3339 4812 3465 4865 ὅταν
3502 4810 3635 4882 πρὸς
3664 4813 3757 4863 τὸν

2182 4905 2380 4956 οἰκεῖον
2415 4903 2575 4973 ζῆλον
2617 4903 2871 4973 καλῶμεν
2915 4904 3042 4966 τοὺς
3088 4903 3554 4974 παραινουμένους
3579 4919 3592 4934 ·
3645 4895 3758 4955 οἷον

2185 4996 2279 5047 καὶ
2308 4994 2519 5059 Παῦλος
2548 4994 2781 5049 ἐνταῦθα
2810 4994 3053 5065 ἐποίησε.
3078 4996 3188 5048 Καὶ
3214 4996 3309 5049 θέα
3338 4994 3457 5057 πῶς
3484 4994 3717 5057 συνετῶς
3736 5010 3752 5024 ο

2188 5087 2391 5150 Ὥστε,
2429 5086 2727 5153 ἀγαπητοί
2738 5103 2876 5155 μου,
2910 5086 3095 5157 φησίν.
3122 5087 3235 5140 Οὐκ
3264 5083 3418 5141 εἶπεν
3451 5086 3656 5153 ἁπλῶς,
3676 5089 3758 5141 ὅτι

2197 5172 2555 5234 ’λ’πακούετε,
2602 5172 2738 5226 ἀλλά
2784 5174 3049 5244 πρότερον
3095 5175 3389 5239 ἐπαινέσας
3437 5176 3532 5227 καὶ
3568 5174 3756 5238 εἰπὼν,

2185 5264 2388 5330 Καθὼς
2411 5264 2666 5318 πάντοτε
2702 5266 3123 5333 ὑπηκούσατε·
3159 5268 3421 5330 τουτέστι,
3457 5266 3758 5337 Μιμεῖσθαι

2189 5355 2491 5419 παρακαλῶ
2548 5354 2699 5428 [256]
2747 5357 2844 5426 οὐχ
2893 5355 3131 5427 ἐτέρους,
3180 5357 3294 5411 ἀλλ’
3321 5358 3461 5428 ὑμᾶς
3513 5358 3756 5421 ἑαυτούς.

2186 5448 2283 5514 Μὴ
2313 5448 2394 5514 ὡς
2419 5448 2488 5501 ἐν
2517 5446 2593 5517 τῇ
2623 5449 2924 5516 παρουσίᾳ
2952 5466 3071 5518 μου
3102 5452 3315 5518 μόνον,
3347 5450 3507 5504 ἀλλὰ
3553 5450 3761 5513 πολλῷ

2184 5539 2423 5609 μᾶλλον
2452 5540 2522 5593 ἐν
2557 5538 2633 5608 τῇ
2659 5540 2927 5608 ἀπουσίᾳ
2958 5559 3097 5609 μου.
3140 5540 3239 5593 Διὰ
3271 5540 3344 5606 τί,
3370 5539 3583 5605 Πολλῷ
3601 5539 3758 5610 μᾶλ-

2191 5634 2303 5684 λον
2328 5632 2397 5683 ἐν
2423 5631 2498 5699 τῇ
2530 5633 2796 5699 ἀπουσίᾳ
2836 5651 2954 5701 μου
2975 5650 2994 5697 ;
3028 5633 3161 5686 Τότε
3213 5632 3312 5703 μὲν
3359 5634 3488 5697 ἴσως
3529 5634 3760 5687 ἐδοκεῖτε

2193 5722 2281 5777 διὰ
2325 5723 2423 5794 τὴν
2468 5725 2546 5788 εἰς
2593 5725 2694 5794 ἐμὲ
2740 5724 2902 5795 τιμὴν
2933 5725 3026 5779 καὶ
3059 5724 3155 5796 τὴν
3188 5724 3322 5779 αίδὼ
3352 5726 3526 5779 πάντα
3565 5728 3758 5792 ποιεῖν,
