4108 6410
488 315 592 370 237

488 441 709 498 magnos
736 425 952 495 spiritus
980 436 1223 486 sumere,
1255 419 1306 474 iu
1333 420 1525 489 quibus
1552 429 1727 474 tecum
1754 416 2053 472 communi-

487 531 611 574 cant
644 519 798 572 bruta
826 515 1112 570 animantia
1143 524 1198 567 et
1226 513 1365 567 servi
1397 520 1450 565 et
1478 510 1760 563 homicidae
1787 518 1842 563 et
1869 508 2056 562 molles

486 621 541 666 et
586 612 816 664 latrones
861 615 914 661 et
962 605 1327 673 sepulcrorum
1376 600 1753 669 perfossores?
1802 600 1869 653 At
1913 598 2056 652 aedes

486 702 717 755 exstruis
761 696 1109 768 splendidas?
1150 694 1215 747 Et
1252 692 1434 762 quanti
1482 690 1625 744 hoc?
1664 689 1813 743 multi
1854 688 2055 758 graculi

485 792 812 862 splendidius
855 789 1092 842 habitant
1112 828 1127 853 ,
1159 794 1214 840 et
1244 783 1693 852 magnificentiora
1724 781 1918 836 habent
1957 780 2055 834 do-

484 885 698 939 micilia.
734 885 923 936 Annon
955 881 1101 934 vides
1141 880 1207 933 ab
1238 878 1301 931 iis
1343 876 1470 947 ipsis
1491 916 1504 937 ,
1536 875 1623 943 qui
1663 874 1714 927 in
1755 873 1951 927 divitiis
1982 875 2053 927 ita

484 977 786 1040 insaniunt,
833 975 883 1028 in
914 974 1055 1043 agris
1084 986 1147 1025 ac
1176 969 1460 1025 solitudine
1494 978 1789 1022 exstructas
1826 964 2047 1029 domos,

479 1068 818 1135 graculorum
842 1081 960 1119 esse
982 1062 1285 1117 domicilia?
1305 1062 1374 1114 At
1399 1061 1544 1113 vocis
1568 1058 1735 1128 gratia
1764 1056 2008 1128 superbis
2026 1055 2053 1108 ’ἶ

479 1160 639 1213 Olore
682 1168 735 1213 et
776 1157 997 1211 luscinia
1029 1169 1313 1225 numquam
1351 1153 1547 1221 poteris
1580 1166 1773 1205 canere
1814 1150 2045 1204 suavius.

480 1255 549 1305 At
572 1250 762 1303 artium
786 1248 1164 1303 multitudine?
1195 1245 1393 1314 Ecquid
1418 1245 1469 1297 in
1494 1244 1696 1313 hisape
1722 1242 2049 1311 sapientius?

478 1343 662 1412 ecquis
701 1339 1005 1411 varicgandi
1039 1338 1229 1393 artifex
1250 1378 1264 1401 ,
1297 1337 1476 1407 ecquis
1515 1336 1719 1403 pictor,
1746 1335 1928 1403 ecquis
1957 1349 2046 1386 ar-

476 1432 735 1487 chitectus
778 1433 930 1485 istius
962 1430 1155 1484 imitari
1195 1444 1355 1497 opera
1399 1426 1629 1497 poterit?
1659 1428 1729 1480 At
1755 1426 2047 1481 subtilitate

475 1523 679 1577 vestis?
708 1522 811 1576 Sed
843 1522 928 1576 hic
958 1531 1008 1575 te
1038 1536 1250 1575 araneae
1278 1519 1516 1573 vincunt.
1548 1521 1618 1572 At
1647 1517 1926 1571 velocitate
1954 1532 2046 1586 pe-

474 1615 644 1667 dum?
670 1613 873 1667 Rursus
904 1614 1085 1681 prima:
1117 1611 1285 1664 brutis
1315 1608 1674 1663 animantibus
1700 1606 2002 1661 deferendae
2025 1647 2041 1671 ,

476 1707 665 1775 lepori,
712 1708 920 1771 danae;
970 1713 1026 1760 et
1070 1712 1201 1774 quot
1244 1702 1481 1773 jumenta
1526 1700 1805 1754 velocitate
1852 1699 2041 1768 pedum

472 1801 691 1854 minime
736 1800 1039 1854 vincuntur.
1077 1798 1146 1851 At
1187 1806 1360 1849 mutas
1402 1793 1601 1849 sedes?
1641 1792 1837 1847 Verum
1876 1791 2043 1846 nihilo

471 1893 588 1960 plus
611 1892 828 1955 avibus;
861 1890 943 1944 ha:
964 1890 1105 1944 enim
1132 1888 1337 1942 facilius
1364 1872 1795 1957 peregrinantur,
1806 1899 1867 1939 ac
1886 1884 2041 1940 sedes

470 1991 675 2036 mutant
706 2000 718 2034 :
756 2000 859 2035 non
899 1982 1092 2035 viatico
1117 2022 1133 2047 ,
1180 1995 1286 2034 non
1326 1979 1581 2048 iumentis
1619 1987 1810 2047 egent,
1841 1977 1934 2032 sed
1972 1977 2039 2032 ad

467 2073 643 2127 omnia
679 2072 779 2126 illis
806 2072 888 2126 ala
917 2072 1046 2125 satis
1073 2081 1149 2124 est
1180 2073 1331 2125 :hasc
1362 2069 1531 2131 navis,
1562 2068 1677 2122 haec
1702 2068 1999 2136 jumentum
2019 2110 2035 2135 ,

468 2165 579 2218 inec
600 2164 924 2229 vehiculum,
951 2163 1065 2218 htec
1085 2172 1296 2226 ventus,
1324 2172 1372 2216 et
1404 2160 1658 2231 quidquid
1686 2160 1827 2213 aliud
1854 2170 2037 2228 postu—

468 2256 562 2310 lari
593 2264 771 2324 queat.
802 2258 869 2309 At
902 2263 1056 2310 acute
1097 2255 1313 2309 cernis?
1338 2268 1518 2308 verum
1548 2268 1652 2306 non
1680 2266 1849 2321 teque,
1878 2259 2037 2321 atque

464 2364 652 2417 caprea
676 2357 768 2401 aut
788 2348 985 2417 aquila.
1010 2351 1078 2401 At
1100 2356 1253 2401 acute
1273 2345 1467 2400 audis?
1493 2344 1586 2399 sed
1606 2348 1788 2398 asinus
1808 2345 2030 2398 acutius.

467 2445 536 2495 At
563 2442 696 2497 bene
723 2441 944 2495 olfacis?
973 2454 1157 2493 verum
1184 2439 1332 2493 canis
1362 2439 1581 2492 minime
1607 2451 1665 2491 se
1694 2436 1790 2490 abs
1818 2449 1867 2490 te
1896 2436 2034 2490 vinci

466 2535 679 2601 patitur.
711 2536 779 2587 At
818 2532 1035 2601 parandi
1077 2532 1248 2586 victus
1288 2529 1573 2583 artificium
1620 2529 1812 2582 tenes?
1850 2543 2033 2581 verum

464 2625 698 2679 formica:
741 2625 905 2678 cedis.
941 2625 1009 2677 At
1049 2634 1236 2676 aurum
1277 2620 1498 2692 gestas?
1536 2635 1719 2674 verum
1758 2633 1862 2672 non
1908 2619 2033 2673 item

462 2729 616 2785 atque
659 2715 849 2770 Indicae
895 2715 1153 2769 formicm.
1190 2716 1258 2767 At
1299 2712 1500 2766 sanitas
1546 2722 1595 2764 te
1634 2710 1827 2765 cll'ert?
1864 2711 2034 2763 multo

463 2808 652 2861 melius
683 2806 850 2860 brutis
875 2804 1239 2858 animantibus
1266 2810 1390 2867 est,
1423 2802 1534 2855 sive
1564 2800 1853 2853 bonitatem
1880 2798 2031 2852 habi-

462 2907 567 2959 tus,
598 2896 709 2950 sive
754 2895 1107 2965 parandarum
1142 2908 1320 2948 rerum
1366 2907 1484 2962 quae
1524 2892 1590 2947 ad
1632 2892 1794 2946 vitam
1834 2891 2035 2946 faciunt

462 2988 759 3042 ficultatem
811 2996 1066 3056 spectes:
1100 3000 1206 3040 non
1255 2985 1342 3039 illa
1389 2994 1753 3054 paupertatem
1804 2984 2026 3038 timent:

466 3079 710 3148 Respicite
739 3079 903 3145 enim,
929 3077 1119 3147 inquit,
1148 3077 1377 3130 volatilia
1404 3077 1536 3141 cteli,
1574 3091 1687 3146 qute
1711 3090 1812 3128 non
1836 3086 2025 3140 serunt,

459 3189 615 3239 neque
655 3179 871 3233 metunt,
906 3186 1063 3239 neque
1097 3178 1400 3237 congregant
1433 3169 1485 3222 in
1514 3168 1695 3221 horrea
1726 3167 1935 3240 (Matth.
1968 3168 2020 3222 6.

457 3265 573 3333 26).
594 3264 755 3333 Ergo,
777 3263 1002 3332 inquies,
1027 3263 1177 3315 bruta
1199 3261 1309 3328 ipsa
1335 3259 1485 3314 nobis
1502 3261 1869 3330 pnestantiora
1887 3261 2028 3314 Deus

458 3356 685 3409 condidit
700 3397 711 3408 .
725 3355 881 3409 Vides
894 3362 1087 3424 quanta
1105 3354 1174 3407 sit
1191 3352 1672 3407 iuconsiderantia?
1689 3352 1855 3417 vides,
1871 3367 2027 3421 quam

460 3447 784 3515 negligenter
823 3460 909 3499 res
950 3443 1357 3499 examinentur?
1394 3442 1561 3507 vides,
1607 3451 1859 3512 quantum
1900 3442 2026 3496 illttd

459 3538 561 3598 sit,
603 3534 743 3605 quod
781 3550 958 3589 rerum
990 3535 1225 3602 ipsarum
1260 3532 1463 3601 pondus
1492 3532 1845 3586 examinatum
1878 3532 2030 3585 nobis

460 3629 723 3698 largitur?
764 3627 859 3683 llle
897 3626 985 3695 qui
1031 3641 1141 3695 prte
1179 3625 1426 3679 omnibus
1468 3623 1771 3679 hominibus
1812 3638 2030 3694 magnos

459 3721 675 3789 spiritus
701 3718 964 3779 sumebat,
995 3718 1075 3771 vel
1106 3716 1274 3770 brutis
1302 3715 1457 3769 vilior
1485 3730 1604 3770 esse
1629 3715 1898 3769 convictus
1926 3723 2027 3770 est.

460 3810 565 3864 Sed
597 3824 693 3864 nos
717 3810 764 3865 ei
793 3824 1110 3878 parcamus;
1141 3822 1315 3876 neque
1343 3808 1515 3876 ipsum
1544 3807 1830 3871 imitemur,
1859 3822 2031 3875 neque

460 3902 581 3971 quia
607 3917 765 3969 supra
796 3910 988 3955 nostra:
1020 3908 1222 3953 naturae
1248 3899 1611 3953 conditionem
1643 3897 1709 3952 de
1735 3912 1793 3952 se
1826 3902 2030 3968 magni-

462 3999 561 4051 fice
588 3995 770 4058 sentit,
798 3994 1062 4062 dejectum
1092 3992 1236 4045 illum
1265 3992 1316 4044 in
1343 3990 1616 4044 brutorum
1646 3990 1834 4044 ordine
1856 3989 2032 4057 jacere

465 4087 757 4155 patiamur,
795 4086 887 4140 sed
927 4084 1050 4138 inde
1077 4087 1249 4152 ipsum
1280 4081 1622 4138 extrahamus
1651 4086 1810 4151 atque
1834 4082 2030 4136 eveha-

464 4194 600 4240 mus,
630 4192 735 4231 non
764 4175 976 4243 quidem
1000 4175 1166 4243 ipsius
1186 4173 1388 4242 gratia;
1418 4187 1539 4226 nam
1571 4173 1659 4227 ille
1679 4172 1913 4242 quidem,
1940 4174 2031 4243 qui

464 4271 599 4325 hanc
625 4268 984 4322 conditionem
1014 4266 1202 4321 subeat
1227 4265 1419 4333 dignus
1448 4274 1530 4319 est
1557 4280 1571 4329 ;
1604 4264 1698 4319 sed
1727 4272 1785 4318 ut
1811 4264 1902 4319 Dei
1936 4265 2033 4319 hu-

463 4362 688 4415 manitas
718 4360 992 4428 honosque
1013 4357 1079 4412 ab
1099 4372 1164 4411 eo
1189 4356 1343 4411 nobis
1364 4357 1594 4412 tributus
1617 4356 2030 4410 demonstretur.

462 4454 595 4505 Sunt
629 4450 794 4514 enim,
830 4457 955 4502 sunt
996 4447 1214 4502 omnino
1257 4445 1522 4516 quaedam,
1572 4447 1624 4501 in
1664 4446 1858 4516 quibus
1900 4446 2031 4500 nihil

464 4544 633 4597 brutis
658 4540 1012 4595 animantibus
1044 4538 1321 4593 nobiscum
1346 4552 1632 4593 commune
1651 4548 1754 4591 est.
1778 4537 2031 4602 Quaenam

464 4632 618 4685 hzec?
646 4631 845 4695 Pietas,
872 4638 923 4683 et
946 4629 1051 4683 vita
1081 4627 1262 4681 virtuti
1284 4642 1608 4696 congruens.
1636 4627 1731 4681 Hic
1754 4642 1859 4681 noa
1885 4638 2033 4696 potes

465 4724 517 4777 in
562 4722 793 4777 medium
842 4719 1107 4774 adducere
1150 4727 1492 4781 scortatores,
1527 4732 1631 4772 non
1675 4718 1882 4785 molles,
1929 4735 2033 4774 non

1369 303 1436 361 IN
1476 304 1691 397 EPIST.
1730 303 1824 359 AD
1860 299 2150 359 PlllLll’P.
2187 303 2337 361 CAP.
2381 306 2440 363 ll.
2481 307 2711 365 llOMlL.
2753 309 2888 366 Vill.

3629 315 3737 373 258

2160 417 2489 485 homicidas;
2522 421 2678 491 longe
2718 423 2867 477 enim
2888 424 2956 479 ab
2982 422 3087 479 illis
3124 423 3402 480 distamus.
3434 425 3572 492 Quid
3602 441 3732 482 vero

2161 510 2261 563 hoc
2280 512 2399 564 est?
2421 512 2584 566 Deum
2609 515 2873 579 novimus,
2897 514 3063 583 ipsius
3089 516 3469 585 providentiam
3490 521 3734 589 agnosci—

2159 616 2304 663 mus,
2344 601 2411 654 de
2448 603 2847 659 immortalitate
2887 605 3367 675 philosophantur:
3403 608 3489 663 hic
3534 610 3731 664 cedunt

2157 691 2330 746 bruta.
2380 692 2453 747 De
2494 694 2794 763 hujusmodi
2842 697 3001 751 rebus
3043 714 3147 751 non
3192 697 3498 754 htesitantes
3547 704 3725 757 sobrie

2156 786 2563 843 sentimus:hic
2607 788 2733 841 nihil
2778 788 2946 842 brutis
2989 806 3273 846 commune
3314 795 3589 848 nobiscum
3622 805 3722 850 est.

2154 875 2284 928 Nam
2314 893 2433 931 cum
2460 880 2709 932 omnibus
2748 879 2854 933 illis
2893 880 3173 936 inferiores
3216 883 3405 949 simus,
3456 885 3521 939 iis
3550 897 3724 940 tamen

2154 967 2498 1037 imperamus.
2546 971 2601 1025 In
2638 971 2738 1025 hoc
2764 973 2905 1025 enim
2936 983 3113 1027 exstat
3144 975 3350 1043 imperii
3382 976 3719 1047 magnitudo,

2151 1060 2291 1128 quod
2325 1061 2453 1129 ipsis
2483 1062 2761 1117 inferiores
2781 1106 2796 1129 ,
2827 1080 3048 1133 regnum
3082 1074 3258 1121 tamen
3290 1067 3342 1121 in
3377 1068 3489 1137 ipsa
3517 1070 3727 1124 obtine-

2151 1164 2270 1202 mus
2295 1167 2308 1214 ;
2339 1159 2393 1203 ut
2415 1150 2590 1204 discas
2613 1168 2717 1205 non
2748 1165 2799 1207 te
2822 1154 3006 1207 harum
3029 1171 3206 1209 rerum
3229 1172 3347 1211 esse
3369 1174 3604 1224 causam,
3626 1162 3721 1215 sed

2150 1239 2314 1294 Deum
2338 1243 2423 1311 qui
2456 1253 2507 1297 te
2532 1244 2786 1307 condidit,
2819 1255 2872 1300 et
2896 1249 3155 1301 rationem
3188 1249 3409 1319 largitus
3435 1261 3537 1306 est.
3568 1252 3717 1306 Retia

2147 1342 2202 1387 et
2230 1333 2448 1403 laqueus
2476 1336 2577 1390 illis
2605 1337 2870 1393 tendimus
2891 1380 2904 1401 ,
2934 1338 2985 1393 in
3014 1356 3148 1407 quos
3179 1342 3290 1411 ipsa
3319 1344 3640 1411 impellimus
3664 1355 3721 1400 et

2146 1428 2405 1497 capimus.
2438 1428 2730 1484 Moderatio
2757 1434 2897 1485 enim
2928 1433 3080 1488 nobis
3106 1434 3276 1498 adest,
3308 1436 3549 1505 a-quitas,
3578 1437 3716 1491 lenio

2149 1525 2257 1580 tas,
2290 1520 2630 1586 pecuniarum
2656 1522 3024 1591 deSpicientia.
3054 1524 3157 1578 Sed
3196 1527 3442 1594 quoniam
3485 1535 3539 1580 tu
3579 1543 3717 1583 unus

2145 1624 2211 1662 ex
2250 1611 2624 1679 arrogantibus
2653 1627 2747 1677 es,
2782 1614 3016 1684 nihilque
3057 1614 3244 1668 horutn
3293 1617 3488 1683 habes,
3525 1620 3716 1673 merito

2143 1701 2228 1755 vel
2271 1718 2379 1769 pra:
2409 1704 2655 1759 omnibus
2700 1705 3000 1761 hominibus
3036 1709 3311 1777 magnifice
3340 1708 3406 1764 de
3438 1720 3488 1764 te
3517 1714 3711 1775 scutis,

2141 1796 2223 1848 vel
2254 1810 2360 1863 pra:
2389 1797 2636 1852 omnibus
2666 1799 2833 1853 brutis
2859 1800 3147 1855 humiliter.
3176 1801 3320 1856 Talis
3348 1803 3491 1858 enim
3522 1813 3602 1857 est
3629 1822 3715 1859 ar-

2143 1888 2380 1955 rogantia
2409 1897 2461 1941 et
2487 1888 2708 1943 audacia
2741 1907 2754 1943 :
2788 1891 2876 1946 vel
2912 1900 3107 1961 praeter
3133 1908 3340 1962 :equum
3373 1909 3493 1949 sese
3518 1895 3670 1949 effert
3694 1939 3710 1961 ,

2139 1979 2221 2033 vel
2252 1979 2432 2033 itidem
2462 1996 2520 2036 se
2545 1981 2728 2050 dejicit
2751 2023 2765 2048 ,
2802 1997 3060 2051 nusquam
3087 1985 3304 2039 modum
3336 2001 3575 2041 servans.
3605 1988 3713 2049 llac

2138 2072 2352 2141 quidem
2402 2088 2459 2127 re
2502 2075 2734 2142 a‘quales
2780 2090 2966 2130 sumus
3008 2077 3245 2143 angelis;
3298 2094 3517 2147 regnum
3559 2080 3711 2134 nobis

2141 2164 2456 2231 promissum
2478 2175 2579 2229 est,
2604 2177 2658 2219 et
2683 2167 2878 2221 chorea
2897 2182 3015 2222 cum
3036 2168 3266 2223 Christo.
3286 2172 3384 2237 Qui
3408 2187 3530 2225 vere
3552 2172 3712 2226 homo

2136 2262 2220 2309 est
2248 2256 2480 2324 vapulat,
2511 2264 2693 2311 etnon
2723 2258 3051 2323 succumbit;
3084 2270 3306 2316 mortem
3333 2260 3576 2331 despicit.
3602 2280 3706 2317 non

2139 2346 2334 2407 tretnit,
2364 2362 2469 2400 non
2510 2348 2737 2413 metuit,
2782 2363 2885 2402 non
2916 2350 3118 2418 appetit
3151 2351 3321 2420 plura.
3350 2352 3705 2420 Quamobrem

2135 2437 2224 2505 qui
2270 2437 2400 2491 tales
2431 2453 2536 2492 non
2566 2448 2725 2503 sunt,
2766 2439 2935 2494 brutis
2972 2449 3098 2494 sunt
3140 2441 3454 2498 deteriores.
3485 2444 3709 2511 Quando

2134 2528 2274 2582 enim
2302 2529 2462 2584 rebus
2487 2529 2702 2600 quidem
2728 2530 2794 2584 ad
2822 2546 3016 2601 corpus
3039 2534 3423 2601 pertinentibus
3448 2536 3580 2589 alios
3607 2537 3706 2590 ho-

2134 2620 2306 2674 mines
2327 2622 2514 2685 vincis,
2543 2621 2705 2675 animi
2734 2637 2862 2676 vero
2883 2624 3209 2678 ornamentis
3230 2639 3415 2691 cares;
3442 2627 3712 2694 quomodo

2133 2709 2303 2764 brutis
2330 2726 2435 2764 non
2466 2725 2525 2765 es
2553 2711 2822 2766 deterior?
2848 2714 2957 2783 Age
2979 2714 3121 2767 enim
3145 2715 3195 2768 iu
3222 2715 3450 2769 medium
3479 2717 3705 2771 adduca-

2134 2816 2253 2856 mus
2276 2817 2461 2857 eorum
2488 2803 2740 2873 aliquem,
2771 2805 2858 2873 qui
2887 2820 3006 2859 cum
3032 2806 3192 2871 vitio,
3220 2807 3305 2876 qui
3338 2808 3552 2861 minime
3580 2823 3711 2862 con-

2131 2904 2384 2963 gruenter
2410 2894 2624 2960 rationi,
2648 2894 2737 2964 qui
2764 2896 2815 2948 in
2844 2894 3050 2950 deliciis
3078 2905 3130 2950 et
3156 2896 3501 2951 immoderata
3525 2913 3710 2952 rerum

2134 2983 2457 3037 abundantia
2484 2986 2689 3038 vivunt.
2726 2984 2832 3038 Isto
2861 3000 3029 3054 equus
3054 2995 3135 3039 est
3162 2987 3473 3055 pugnacior,
3503 3003 3594 3042 sus
3620 3004 3706 3041 ro-

2133 3074 2359 3140 bustior,
2391 3076 2540 3144 lepus
2571 3076 2835 3144 velocior,
2882 3091 3031 3146 pavo'
3049 3076 3365 3144 formosior,
3408 3080 3525 3133 olor
3561 3080 3715 3135 vocis:

2136 3166 2395 3221 suavitate
2424 3166 2794 3235 prmstantior,
2824 3169 3041 3238 elephas
3070 3169 3240 3238 major
3258 3211 3272 3233 ,
3301 3171 3473 3240 aquila
3501 3173 3713 3241 perSpia

2131 3258 2311 3311 cacior
2332 3298 2346 3321 ,
2375 3271 2562 3312 omnes
2586 3272 2712 3312 aves
2738 3259 2980 3313 ditiores.
3014 3258 3167 3315 Unde
3198 3261 3357 3330 igitur
3394 3261 3585 3331 dignus
3608 3278 3665 3317 es
3685 3304 3711 3328 ,.

2132 3352 2222 3420 qui
2248 3351 2419 3406 brutis
2440 3350 2771 3405 domineris?
2793 3366 2860 3405 ex
2882 3351 3130 3405 ratione?
3152 3352 3365 3407 Minime
3395 3353 3445 3406 id
3469 3354 3701 3423 quidem.

2132 3440 2355 3508 Quando
2384 3441 2525 3495 enim
2565 3441 2653 3495 illa
2680 3482 2695 3505 ,
2727 3449 2785 3494 ut
2809 3441 3120 3511 oportebat,
3153 3457 3261 3496 non
3288 3444 3451 3497 uteris
3471 3484 3487 3500 .
3520 3459 3714 3498 rursus

2133 3531 2243 3586 illis
2263 3546 2323 3586 es
2342 3531 2576 3586 deterior
2597 3549 2609 3585 :
2630 3531 2842 3601 quando
2864 3532 3005 3586 enim
3030 3534 3235 3586 ratione
3256 3534 3508 3602 prazditus
3531 3536 3716 3589 minus.

2132 3638 2289 3692 quam
2316 3622 2404 3675 illa
2432 3632 2789 3691 congruenter
2830 3622 3023 3677 rationi
3066 3624 3199 3677 vivis
3224 3664 3239 3689 ,
3272 3623 3438 3677 satius
3467 3624 3558 3677 tibi
3590 3635 3713 3679 erat-

2133 3728 2307 3782 neque
2323 3712 2474 3767 initio
2495 3711 2689 3766 factum
2712 3727 2831 3767 esse
2854 3713 3072 3767 rationis
3088 3722 3408 3783 compotem.
3426 3713 3539 3768 Non
3561 3716 3707 3777 enim

2134 3809 2275 3864 idem
2303 3818 2404 3872 est,
2433 3823 2555 3863 cum
2586 3810 2936 3878 principatum
2960 3808 3250 3878 acceperis,
3282 3809 3428 3863 illum
3452 3808 3681 3880 prodere

2134 3911 2291 3972 atque
2322 3902 2473 3956 initio
2501 3916 2606 3955 non
2636 3901 2927 3971 accepisse.
2960 3900 3090 3970 Regi
3120 3900 3434 3954 satellitibus
3466 3901 3576 3954 suis
3603 3899 3713 3954 de-

2137 3993 2317 4047 teriori
2348 3993 2513 4047 satius
2547 4002 2663 4047 erat
2706 4006 2879 4062 neque
2914 4007 3144 4061 purpura
3185 4006 3242 4046 se
3273 3991 3528 4045 induisse.
3558 3991 3702 4046 Idem

2138 4085 2237 4139 hac
2270 4085 2323 4138 in
2353 4098 2412 4139 re
2440 4084 2635 4139 evenit.
2663 4083 3027 4153 lntelligentes
3058 4084 3217 4151 igitur
3255 4084 3335 4138 vel
3379 4084 3544 4138 brutis
3575 4084 3704 4152 ipsis

2135 4190 2235 4231 nos
2263 4191 2383 4231 esse
2430 4175 2731 4230 deteriores
2750 4216 2765 4238 ,
2798 4176 2899 4229 nisi
2929 4175 3179 4229 virtutem
3210 4174 3500 4230 habeamus
3523 4217 3539 4241 ,
3582 4174 3706 4229 huic

2136 4266 2450 4321 exercendas
2478 4281 2694 4334 operam
2724 4266 2912 4320 demus
2935 4306 2951 4332 ,
2992 4275 3051 4319 ut
3094 4265 3339 4320 homines
3367 4264 3586 4331 fiamus,
3622 4267 3707 4321 vel

2136 4358 2315 4427 potius
2338 4357 2544 4425 angeli;
2578 4356 2959 4425 promissisque
2988 4356 3140 4409 bonis
3170 4356 3426 4421 fruamur,
3456 4357 3625 4426 gratia
3653 4366 3713 4411 et

2138 4449 2462 4519 benignitate
2486 4448 2695 4502 Domini
2724 4448 2889 4501 nostri
2915 4446 3043 4501 Jesu
3065 4446 3280 4513 Christi,
3303 4447 3387 4501 cui
3408 4462 3527 4501 cum
3551 4446 3711 4502 Patre

2137 4551 2192 4597 et
2221 4541 2420 4611 Spiritu
2462 4548 2649 4594 sancto
2684 4539 2875 4609 gloria,
2918 4539 3221 4607 imperium,
3253 4539 3454 4607 honor,
3484 4555 3624 4596 nunc
3652 4550 3711 4596 et

2136 4649 2379 4703 semper,
2406 4642 2460 4687 et
2486 4632 2538 4687 in
2566 4630 2759 4687 saecula
2783 4632 3127 4686 saeculorum.
3157 4633 3349 4686 Amen.

1777 4898 2120 4962 HOMILIA
2160 4901 2336 4961 VIII.

463 5054 589 5110 CAP.
622 5052 675 5105 2.
704 5066 756 5105 v.
789 5048 875 5103 12.
903 5046 1102 5117 Itaque,
1127 5044 1372 5098 carissimi
1398 5044 1515 5107 mei,
1542 5043 1668 5097 sicut
1698 5059 1891 5114 semper
1919 5046 2035 5099 obe-

535 5145 679 5198 distis
699 5182 715 5206 ,
748 5158 852 5194 non
891 5145 946 5193 in
982 5136 1249 5208 prcesentia
1289 5134 1387 5188 mei
1429 5144 1655 5199 tantum,
1687 5133 1776 5189 sed
1803 5144 1849 5187 et
1876 5134 2034 5189 multo

536 5238 699 5307 magis
725 5251 856 5288 nunc
881 5235 936 5287 in
962 5231 1185 5285 absentia
1219 5247 1327 5284 mea
1347 5270 1364 5297 ,
1391 5245 1506 5282 cum
1536 5230 1712 5283 timore
1738 5239 1781 5282 et
1823 5240 2036 5283 tremore

536 5338 749 5382 vestram
788 5325 998 5379 salutem
1026 5322 1325 5391 operamini.
1359 5320 1445 5375 15.
1476 5318 1614 5373 Deus
1641 5329 1714 5373 est
1750 5321 1915 5385 enim,
1950 5320 2034 5389 qui

538 5430 771 5489 operatur
805 5419 859 5470 in
896 5415 1033 5469 vobis
1069 5423 1113 5467 et
1139 5413 1263 5465 velle
1290 5421 1337 5465 et
1361 5411 1561 5481 operari
1592 5427 1681 5479 pro
1706 5411 1836 5493 bo‘ta
1859 5410 2037 5464 volun-

540 5522 659 5565 tate.
695 5511 781 5563 14.
816 5506 1001 5561 Omnia
1040 5515 1206 5557 autem
1238 5504 1387 5573 facile
1413 5504 1520 5556 sine
1558 5502 2035 5556 murmurationibus

538 5610 581 5659 et
612 5600 1035 5663 hasitationibus,
1082 5598 1166 5653 15.
1212 5606 1265 5650 ut
1291 5597 1400 5650 sitis
1433 5596 1544 5649 sine
1579 5597 1815 5665 querela,
1845 5605 1891 5649 et
1915 5596 2035 5650 sim-

540 5700 723 5765 plices,
750 5696 844 5763 ﬁlii
880 5692 976 5747 Dei
1005 5692 1110 5745 sine
1134 5689 1516 5760 reprehensione
1552 5689 1603 5741 in
1628 5689 1790 5742 medio
1817 5688 2037 5743 nationis

538 5803 706 5853 pravae
730 5795 778 5839 ct
806 5798 1080 5857 pervenat,
1109 5783 1238 5837 inter
1261 5798 1382 5853 quos
1410 5780 1579 5836 lucetis
1608 5780 1735 5834 sicut
1764 5780 2033 5834 luminaria

2213 5046 2267 5099 in
2294 5044 2511 5105 mundo,
2556 5040 2644 5095 16.
2686 5040 2889 5094 verbum
2914 5040 3026 5096 vitae
3060 5041 3363 5095 continentes
3401 5040 3469 5093 ad
3493 5040 3713 5109 gloriam

2210 5152 2371 5189 meam
2395 5135 2447 5187 in
2477 5134 2607 5186 diem
2628 5130 2832 5186 Christi.

2213 5230 2266 5282 1.
2293 5225 2697 5280 Admonitiones
2724 5222 3112 5277 laudationibus
3146 5220 3502 5292 temperand:e
3538 5232 3703 5276 sunt:

2141 5337 2263 5376 nam
2308 5320 2407 5372 hoc
2438 5318 2595 5371 modo
2628 5317 2681 5370 in
2729 5315 2922 5369 bonam
2950 5324 3151 5384 partem
3192 5315 3555 5383 accipiuntur,
3582 5327 3706 5367 cum

2141 5427 2234 5467 eos
2260 5426 2392 5479 quos
2422 5423 2701 5462 mouemus
2726 5448 2741 5472 ,
2770 5406 2835 5460 ad
2867 5422 3016 5461 suam
3051 5406 3283 5475 ipsorum
3314 5405 3705 5459 aemulationem

2142 5516 2489 5573 provocamus
2514 5518 2527 5554 :
2550 5498 2692 5570 quod
2723 5514 2866 5554 nunc
2891 5499 3051 5552 etiam
3081 5497 3276 5551 Paulus
3305 5496 3447 5551 fecit.
3476 5495 3709 5551 Attende

2141 5601 2316 5646 autem
2347 5605 2504 5657 quam
2537 5588 2841 5659 prudenter.
2870 5587 3071 5658 Itaque,
3098 5588 3343 5641 carissimi
3366 5586 3482 5649 mei,
3515 5586 3703 5656 inquit.

2140 5683 2255 5740 Non
2301 5682 2404 5738 hoc
2449 5681 2588 5736 nude
2629 5691 2790 5751 atque
2833 5680 3076 5735 absolute
3120 5679 3290 5745 dixit,
3317 5678 3573 5743 Obedite;
3612 5677 3705 5733 sed

2146 5792 2423 5852 postquam
2461 5777 2580 5831 illos
2618 5773 2887 5840 laudavit,
2929 5783 3087 5843 atque
3128 5787 3189 5828 ea
3219 5771 3380 5828 verba
3422 5770 3696 5842 prtetuisit.
