4108 6410
433 296 538 351 959

435 410 580 464 Sicut
607 423 801 474 semper
827 404 1079 477 obedistis.
1113 403 1168 458 ld
1198 413 1314 470 est,
1343 404 1527 457 hortor
1566 410 1724 470 atque
1768 400 1995 455 obsecro

438 515 564 563 vos,
596 508 654 552 ut
692 497 967 551 imitemini
1008 510 1112 549 non
1152 496 1319 559 alios,
1360 495 1451 548 sed
1488 508 1577 547 vos
1605 494 1767 563 ipsos.
1802 491 1921 545 Non
1947 493 1999 544 ia

435 589 699 652 praesentia
721 590 817 641 mei
841 597 1035 640 tantum
1055 602 1073 641 :
1092 589 1178 640 sed
1200 587 1356 639 multo
1376 585 1534 654 magis
1554 587 1605 637 in
1626 584 1847 637 absentia
1867 600 1996 637 mea.

432 680 559 747 Cur,
592 679 648 733 Μ
653 658 758 735 ulto
782 666 941 750 magis
970 682 1022 731 in
1050 680 1273 734 absentia
1295 678 1445 731 mea?
1469 678 1615 730 Tunc
1644 676 1854 744 quidem
1887 675 1997 730 for-

433 783 577 827 tasse
612 772 931 826 videbamini
976 772 1149 823 omnia
1186 771 1356 825 facere
1387 785 1481 837 pro
1510 779 1686 822 vestra
1719 768 1769 820 in
1800 783 1884 821 me
1910 783 1998 821 re-

432 865 703 927 verentia,
748 863 996 933 quodque
1038 863 1166 916 mihi
1212 861 1466 915 honorem
1514 862 1817 922 haberetis;
1859 876 1999 915 nunc

433 969 561 1007 vero
605 970 711 1007 non
757 955 850 1007 ita.
888 954 1039 1020 Quod
1080 953 1125 1007 si
1171 967 1309 1007 nunc
1351 952 1607 1019 majorem
1642 953 1800 1005 etiam
1836 952 1997 1004 animi

433 1042 830 1098 contentionem
851 1058 913 1096 ac
937 1043 1261 1112 diligentiam
1288 1042 1658 1105 ostenderitis;
1685 1041 1814 1094 illud
1840 1041 1998 1095 simul

433 1136 737 1201 constabit,
769 1144 895 1189 tunc
924 1150 1133 1203 quoque
1156 1134 1248 1188 Dei
1274 1149 1432 1187 causa
1461 1174 1475 1193 ,
1508 1150 1611 1186 non
1641 1149 1753 1187 mea
1784 1148 1879 1186 vos
1899 1133 1997 1185 ad—

390 1290 393 1293 ,
432 1225 621 1280 ductos
646 1240 785 1280 esse.
816 1226 931 1288 Die,
954 1241 1098 1293 rogo.
1132 1225 1293 1279 Paule
1318 1265 1334 1290 ,
1368 1225 1490 1293 quid
1525 1226 1614 1280 tibi
1646 1225 1766 1279 vis?
1794 1225 1909 1279 Non
1940 1233 1996 1277 ut

434 1332 519 1369 me
547 1315 774 1369 audiatis
796 1357 809 1378 ,
843 1315 933 1369 sed
967 1325 1023 1368 ut
1051 1332 1171 1370 cum
1204 1316 1390 1368 timore
1422 1324 1476 1369 et
1505 1325 1733 1369 tremore
1764 1325 1995 1369 vestram

434 1408 669 1476 ipsorum
707 1408 927 1461 salutem
957 1408 1246 1476 operemini
1280 1426 1293 1461 :
1325 1422 1427 1461 non
1461 1415 1633 1475 potest
1659 1406 1799 1461 enim
1833 1408 1875 1460 is
1907 1407 1998 1475 qui

432 1499 548 1552 sine
577 1500 765 1553 timore
794 1499 954 1564 vivit,
988 1498 1303 1567 praeclarum
1328 1499 1595 1567 quidpiam
1637 1507 1692 1552 et
1729 1498 1999 1552 admiran-

432 1590 555 1645 dum
583 1591 762 1646 edere.
791 1591 972 1661 Neque
999 1600 1198 1645 tantum
1227 1593 1376 1657 dixit,
1406 1591 1627 1659 Timore,
1651 1593 1743 1649 sed
1771 1593 1993 1657 addidit,

438 1682 500 1735 Et
528 1691 771 1748 tremore,
799 1683 887 1753 qui
931 1684 1102 1753 major
1125 1684 1336 1753 quidam
1368 1694 1422 1738 et
1447 1684 1812 1738 vehementior
1840 1686 1997 1738 timor

430 1782 553 1827 est:
588 1773 834 1826 nimirum
866 1774 914 1827 id
946 1774 1186 1837 studens,
1218 1786 1275 1827 ut
1301 1776 1419 1829 illos
1449 1777 1758 1831 attentiores
1786 1778 1991 1831 reddat.

434 1864 583 1918 Hune
612 1865 839 1919 habebat
868 1866 1112 1920 timorem
1147 1867 1337 1921 Paulus
1367 1886 1378 1919 :
1411 1878 1690 1937 propterea
1721 1872 1877 1924 etiam
1910 1870 1994 1923 di-

433 1957 586 2034 cebat
610 1974 622 2009 :
648 1956 821 2010 Timeo
849 1974 1053 2016 ne,cum
1080 1959 1193 2012 aliis
1232 1961 1590 2027 prwdicavero,
1618 1964 1725 2031 ipse
1756 1966 1998 2034 reprobus

433 2050 614 2118 e/ﬁciar
647 2048 720 2121 (l.
753 2049 871 2105 Cor.
903 2050 955 2105 9.
998 2050 1112 2119 27).
1152 2051 1282 2106 Nam
1324 2054 1367 2107 si
1413 2070 1530 2123 qure
1569 2055 1633 2109 ad
1666 2057 1822 2110 vitam
1863 2057 1998 2113 hanc

433 2140 729 2208 pertinent,
772 2143 887 2197 sine
930 2143 1119 2198 timore
1162 2154 1305 2198 recte
1348 2146 1547 2215 acquiri
1594 2162 1695 2201 non
1740 2160 1993 2217 possunt,

430 2242 625 2302 quanto
654 2234 826 2287 minus
854 2235 1185 2303 spiritualia?
1214 2236 1308 2290 Dic
1333 2239 1495 2300 enim,
1527 2240 1645 2307 quis
1677 2240 1857 2294 literas
1882 2242 1996 2296 sine

433 2327 622 2379 timore
648 2324 869 2380 didicit?
897 2327 1015 2395 quis
1045 2336 1212 2382 artem
1248 2330 1415 2383 tenuit
1444 2330 1559 2383 sine
1592 2332 1816 2386 timore?
1845 2333 1994 2400 Quod

430 2415 475 2469 si
516 2414 604 2468 ubi
643 2431 747 2469 non
793 2417 1033 2472 imminet
1069 2417 1346 2482 diabolus,
1380 2419 1471 2473 sed
1518 2422 1631 2475 sola
1676 2423 1992 2492 negligentia

431 2509 810 2577 impedimento
848 2518 967 2574 est,
1000 2519 1146 2565 tanto
1186 2526 1319 2579 Oplls
1366 2523 1446 2566 est
1488 2514 1670 2569 labore
1693 2556 1706 2578 ,
1738 2526 1794 2568 ut
1829 2518 1994 2570 Solam

431 2600 571 2652 illam
602 2599 894 2653 naturalem
927 2600 1297 2669 negligentiam
1330 2602 1603 2656 vincamus
1632 2620 1644 2655 :
1672 2603 1759 2658 ubi
1790 2612 1992 2659 tantum

431 2689 698 2758 impendet
724 2690 919 2745 bellum
945 2731 958 2755 ,
992 2699 1134 2743 tanta
1166 2691 1544 2760 impedimenta
1570 2735 1584 2757 ,
1618 2695 1706 2763 qui
1738 2695 1849 2749 ﬁeri
1878 2712 1996 2749 um-

428 2796 583 2847 quam
615 2780 808 2849 poterit
835 2788 891 2833 ut
928 2781 1042 2835 sine
1071 2781 1261 2834 timore
1299 2781 1522 2835 salutem
1567 2788 1996 2855 consequamur?

429 2871 535 2925 Sed
573 2886 674 2940 qua
714 2872 919 2926 ratione
960 2872 1044 2926 hic
1090 2873 1138 2925 in
1172 2874 1326 2928 nobis
1367 2875 1684 2930 excitabitur
1715 2880 1905 2933 timor?
1939 2880 1993 2936 Si

428 2964 555 3017 illud
595 2965 646 3017 in
686 2965 862 3017 animo
900 2964 1242 3020 habuerimus
1266 3007 1281 3031 ,
1315 2967 1509 3036 ubique
1548 2967 1739 3024 adesse
1784 2971 1950 3025 Deum
1976 3014 1992 3039 ,

428 3053 604 3107 omnia
628 3052 831 3119 audire,
860 3054 1037 3110 omnia
1066 3055 1266 3121 videre,
1296 3071 1399 3109 non
1427 3052 1486 3110 ea
1516 3057 1690 3112 solum
1716 3074 1832 3128 quae
1862 3059 1997 3115 ﬁunt

428 3152 519 3196 ant
546 3144 792 3198 dicuntur
815 3186 830 3211 ,
861 3144 954 3199 sed
982 3146 1139 3199 etiam
1167 3162 1286 3216 quae
1330 3148 1381 3202 in
1420 3148 1670 3204 cordibus
1698 3159 1750 3205 et
1780 3166 1997 3208 recessu

430 3235 622 3289 mentis
650 3235 815 3289 latent
844 3254 857 3289 :
888 3236 1145 3291 Discretor
1174 3239 1307 3291 enim
1345 3250 1418 3293 est
1446 3241 1803 3310 cogitationum
1832 3252 1879 3296 et
1908 3243 1992 3296 in-

426 3316 699 3381 tentionum
724 3326 889 3380 cordis
917 3326 1100 3396 (Hebr.
1124 3329 1199 3391 4).
1236 3328 1294 3383 Si
1333 3329 1402 3383 ita
1433 3345 1530 3384 nos
1558 3331 1700 3400 ipsos
1728 3319 1994 3402 praepara-

428 3419 680 3483 verimus,
700 3419 828 3473 nihil
850 3436 968 3474 cum
989 3421 1326 3490 improbitate
1350 3423 1685 3490 conjunctum
1715 3425 1992 3495 faciemus,

429 3510 559 3564 nihil
585 3509 824 3565 dicemus
848 3552 862 3575 ,
894 3511 1024 3564 nihil
1052 3512 1423 3580 cogitabimus.
1459 3513 1551 3568 Dic
1576 3515 1717 3569 enim
1751 3516 1878 3570 mihi
1903 3559 1917 3582 ,
1948 3518 1994 3572 si

428 3600 519 3653 tibi
549 3609 805 3669 perpetuo
835 3601 886 3654 in
923 3610 1210 3669 conspectu
1242 3602 1495 3671 principis
1535 3603 1782 3659 standum
1810 3616 1953 3661 esset
1975 3648 1991 3671 .

428 3708 602 3746 nonne
646 3707 767 3746 cum
808 3692 997 3747 timore
1041 3694 1248 3748 stares?
1292 3695 1357 3748 Et
1386 3698 1472 3765 qui
1516 3696 1592 3762 ﬁt,
1626 3706 1684 3751 ut
1719 3714 1839 3752 cum
1884 3700 1995 3755 Deo

427 3782 627 3847 adstes,
656 3783 830 3837 rideas
854 3793 907 3838 et
932 3785 1173 3839 osciteris
1196 3827 1210 3850 ,
1244 3801 1341 3840 nec
1373 3788 1558 3842 timeas
1587 3804 1755 3857 neque
1781 3799 1997 3846 contre-

428 3876 622 3927 miscas
642 3873 665 3926 ?
685 3872 1023 3929 Toleratione
1044 3875 1182 3929 illius
1211 3891 1306 3945 per
1333 3888 1694 3948 contemptum
1728 3895 1794 3934 ne
1824 3881 1996 3935 abuti-

429 3974 547 4018 tor:
571 3964 690 4034 ideo
719 3965 861 4019 enim
888 3975 1165 4020 cunctatur
1188 4007 1204 4032 ,
1237 3976 1291 4020 ut
1323 3978 1373 4021 te
1402 3968 1466 4021 ad
1502 3970 1863 4037 paenitentiam
1896 3972 1993 4026 ad-

428 4055 821 4126 ducat:neque
857 4071 977 4112 cum
1018 4057 1227 4126 quidvis
1267 4059 1358 4112 tibi
1405 4059 1702 4115 faciendum
1747 4073 1846 4128 est,
1880 4064 1996 4119 sine

430 4148 528 4203 hac
552 4149 868 4217 cogitatione
909 4147 1087 4206 facere
1115 4151 1391 4206 adducaris
1413 4194 1427 4217 ,
1457 4154 1702 4209 omnibus
1735 4156 1885 4211 factis
1911 4158 1996 4211 in-

433 4248 633 4294 teresse
680 4239 880 4303 Deum;
932 4240 1153 4296 interest
1204 4242 1346 4296 enim
1396 4246 1636 4299 omnino.
1690 4245 1832 4316 Ergo
1883 4249 1996 4304 sive

428 4332 696 4398 comedas,
725 4332 837 4387 sive
871 4330 1155 4387 dormitum
1186 4348 1297 4400 eas,
1328 4335 1442 4390 sive
1473 4338 1737 4403 irascaris,
1767 4339 1879 4394 sive
1906 4355 1994 4393 ra-

428 4423 562 4492 pias,
593 4423 705 4477 sive
730 4423 783 4477 in
810 4424 1013 4478 deliciis
1040 4439 1187 4493 agas,
1218 4426 1331 4480 sive
1358 4426 1568 4496 quidvis
1605 4428 1750 4483 aliud
1790 4429 1952 4485 facias
1976 4472 1992 4495 ,

428 4516 589 4571 crede
615 4517 873 4573 interesse
901 4518 1087 4583 Deum,
1109 4532 1170 4572 ac
1195 4533 1481 4589 numquam
1502 4519 1553 4573 in
1580 4521 1743 4575 risum
1766 4522 1990 4587 incides,

430 4624 715 4678 numquam
743 4610 819 4662 ira
840 4609 1167 4664 accenderis.
1190 4608 1243 4665 Si
1271 4610 1407 4665 hanc
1430 4620 1683 4681 perpetuo
1710 4614 1994 4668 retinueris

430 4698 837 4770 cogitationem,
876 4710 1131 4770 perpetuo
1171 4702 1221 4756 in
1252 4704 1443 4757 timore
1483 4718 1545 4758 ac
1591 4712 1822 4758 tremore
1853 4705 1995 4770 eris;

430 4793 627 4862 quippe
669 4792 758 4861 qui
802 4791 854 4846 in
893 4804 1181 4862 conSpectu
1227 4793 1387 4861 Regis
1416 4794 1613 4849 adstes.
1646 4793 1997 4861 IEdiﬁcator,

429 4883 638 4939 etiamsi
664 4881 799 4937 bene
823 4884 1025 4953 peritus
1050 4885 1120 4938 sit
1149 4899 1211 4939 ac
1234 4885 1404 4940 bonus
1429 4887 1637 4950 artifex,
1662 4903 1783 4942 cum
1811 4889 2001 4945 timore

431 4987 611 5031 tamen
638 4990 700 5031 ac
726 4984 956 5031 tremore
985 4986 1089 5030 stat
1115 4985 1357 5032 metuens
1375 5017 1388 5040 ,
1417 4992 1485 5032 ne
1511 4978 1576 5033 ab
1602 4978 1829 5032 aediﬁcio
1853 4979 2000 5034 deci-

434 5067 721 5138 dat.»Ergo
749 5075 804 5122 et
827 5075 883 5121 tu
921 5067 1010 5133 qui
1039 5067 1331 5130 credidisti,
1367 5067 1545 5121 multis
1573 5069 1781 5123 virtutis
1809 5068 2001 5125 ofﬁciis

432 5161 648 5213 functus
663 5174 745 5225 es,
763 5158 828 5232 ad
849 5160 1118 5213 excelsum
1140 5160 1419 5229 quemdam
1443 5160 1661 5229 gradum
1684 5162 1997 5229 pervenisti,

434 5262 486 5306 te
514 5253 686 5323 ipsum
714 5252 767 5307 in
796 5261 908 5307 tuto
934 5253 1148 5307 contine
1168 5296 1182 5317 ,
1216 5262 1269 5307 et
1296 5269 1418 5309 cum
1456 5255 1646 5309 timore
1674 5266 1752 5309 sta
1779 5297 1794 5321 ,
1838 5264 1998 5324 atque

429 5346 617 5399 oculos
643 5346 825 5415 aperi,
858 5360 925 5400 ne
951 5345 1072 5400 inde
1097 5345 1312 5401 decidas
1337 5364 1352 5401 :
1376 5346 1536 5401 multa
1566 5348 1707 5402 enim
1737 5356 1859 5401 sunt
1887 5347 2001 5417 spi-

434 5435 643 5489 ritualia
668 5435 756 5489 illa
784 5437 1051 5505 nequitias,
1080 5452 1198 5507 quae
1228 5438 1278 5491 id
1307 5439 1543 5504 student,
1571 5449 1626 5493 ut
1650 5448 1700 5493 te
1726 5438 1997 5509 dejiciant.

435 5526 646 5593 Servite,
672 5529 874 5598 inquit,
898 5528 1115 5584 Domino
1146 5530 1200 5584 in
1234 5532 1409 5585 timore
1428 5572 1443 5596 ,
1472 5544 1517 5586 et
1545 5532 1791 5586 exsultate
1817 5532 1861 5584 ei
1886 5548 2001 5586 cum

436 5631 650 5675 tremore
677 5619 845 5690 (Psal.
874 5622 933 5674 2.
962 5621 1071 5693 ll).
1104 5622 1172 5678 Et
1196 5639 1437 5690 qmenam
1468 5639 1586 5679 esse
1617 5634 1789 5692 potest
1818 5624 1999 5679 exsul-

438 5710 566 5767 tatio
590 5726 711 5767 cum
732 5714 998 5770 tremore?
1022 5714 1145 5783 quin
1179 5714 1288 5769 haec
1311 5712 1423 5783 ipsa
1453 5716 1561 5769 sola
1589 5724 1666 5771 est
1694 5717 1995 5771 exsultatio.

1110 287 1167 344 S.
1206 286 1480 343 JOANNIS
1514 285 1977 342 CIIRYSOSTOMI
2017 284 2331 340 ARCIIIEP.
2373 284 2904 342 CONSTANTINOP.

3583 289 3695 349 249

2115 397 2244 452 Nam
2275 400 2485 469 quando
2508 400 2723 470 aliquod
2746 401 2954 455 virtutis
2974 400 3229 467 ofﬁcium,
3252 417 3315 457 ac
3339 411 3442 460 tate
3466 408 3685 461 omnino

2109 490 2377 560 quidpiam
2405 492 2830 560 praestiterimus,
2852 492 3012 562 quale
3040 503 3455 550 consentaneum
3481 508 3562 551 est
3589 513 3684 554 eos

2110 590 2363 650 prmstare
2384 623 2398 644 ,
2440 582 2530 650 qui
2574 591 2860 637 tremorem
2893 584 2943 636 in
2976 583 3218 639 faciendo
3245 586 3536 651 adhibent;
3570 598 3681 643 tum

2110 673 2282 726 solum
2313 672 2626 742 gaudemus.
2664 672 2787 727 Cum
2813 674 2993 728 timore
3020 687 3066 728 ot
3094 686 3308 731 tremore
3349 688 3563 732 vestram
3600 698 3683 734 sa-

2109 763 2261 816 lutem
2309 765 2608 833 aperamini.
2654 764 2770 819 Non
2809 765 2941 820 dixit
2983 774 3206 832 tantum,
3251 774 3518 837 ἐργάζεσθε,
3563 771 3682 837 sed,

2107 862 2434 923 κατεργάζεσθε
2455 873 2467 908 :
2490 855 2539 909 id
2568 864 2679 921 est,
2708 871 2813 909 non
2840 857 3027 925 quovis
3056 857 3213 912 modo
3241 860 3560 927 operamini,
3589 866 3684 915 sed

2106 957 2352 1001 accurate
2400 962 2696 1016 magnoque
2755 963 2873 1002 cum
2934 948 3111 1002 studio
3162 951 3479 1019 operamini.
3535 952 3682 1019 Quo-

2108 1037 2247 1091 niam
2280 1054 2408 1093 vero
2436 1039 2587 1102 dixit,
2622 1039 2749 1092 Cum
2773 1041 2951 1094 timore
2979 1051 3025 1094 et
3052 1051 3285 1108 tremore,
3323 1058 3387 1098 ac
3429 1045 3686 1099 sollicitu—

2104 1129 2282 1183 dinem
2309 1131 2505 1199 injecit,
2528 1131 2650 1185 vide
2670 1131 2938 1199 quomodo
2965 1131 3103 1185 illam
3126 1133 3353 1202 mitiget.
3379 1134 3515 1201 Quid
3539 1137 3682 1191 enim

2105 1218 2214 1272 ait?
2242 1218 2379 1273 Deus
2399 1231 2469 1273 est
2490 1222 2577 1288 qui
2603 1230 2843 1282 operatur
2862 1223 2913 1274 iu
2934 1223 3095 1307 vobis.
3119 1222 3193 1276 Ne
3216 1223 3343 1278 illud
3369 1225 3460 1279 tibi
3482 1234 3681 1279 metunt

2107 1311 2344 1376 incutiat,
2364 1312 2503 1381 qUod
2526 1314 2660 1365 dixit
2689 1332 2701 1366 :
2726 1310 2851 1367 Cum
2880 1314 3057 1366 timore
3077 1324 3122 1366 et
3139 1323 3350 1368 tremore
3374 1330 3391 1369 :
3413 1332 3517 1369 non
3540 1317 3683 1370 enim

2106 1402 2226 1457 ideo
2255 1402 2362 1457 dixi
2390 1445 2404 1468 ,
2435 1412 2492 1457 ut
2517 1403 2801 1472 deSperes,
2851 1414 2906 1457 ut
2944 1406 3192 1459 virtutem
3232 1405 3505 1473 difﬁcilem
3536 1407 3683 1461 aditu

2105 1506 2261 1565 putes
2282 1538 2296 1560 ,
2344 1496 2437 1550 sed
2467 1506 2523 1548 ut
2554 1504 2785 1549 mentem
2815 1496 3072 1551 adhibeas
3097 1539 3112 1563 ,
3140 1512 3201 1552 ac
3227 1513 3296 1552 ne
3325 1507 3374 1552 te
3402 1499 3572 1567 ipsum
3599 1515 3686 1553 re-

2105 1588 2286 1640 mittas
2311 1588 2460 1656 quasi
2505 1586 2743 1640 fatiscas.
2787 1586 2843 1640 Si
2892 1587 2994 1641 hoc
3026 1588 3269 1643 attuleris
3296 1630 3309 1654 ,
3343 1588 3481 1644 Deus
3504 1589 3681 1643 omnia

2104 1678 2410 1746 operabitur
2430 1695 2443 1732 :
2464 1687 2515 1731 tu
2543 1678 2824 1732 coolidito:
2845 1678 2976 1732 Deus
2991 1679 3121 1732 enim
3139 1689 3231 1742 est,
3254 1681 3341 1749 qui
3361 1691 3599 1750 operatur
3623 1682 3679 1735 in

2104 1770 2259 1822 vobis.
2296 1769 2434 1839 Ergo
2463 1772 2505 1822 si
2547 1771 2658 1838 ipse
2695 1780 2970 1837 Operatur,
3017 1786 3113 1825 nos
3146 1772 3468 1827 voluntatem
3512 1774 3679 1843 ipsam

2104 1860 2313 1929 penitus
2343 1860 2793 1913 obsecundantem
2835 1876 2942 1916 non
2991 1863 3290 1929 remissam,
3336 1863 3431 1918 sed
3473 1864 3525 1917 in
3561 1879 3683 1920 sese

2103 1951 2379 2004 collectam
2422 1951 2771 2004 exhibeamus
2816 1961 3073 2020 oportet:
3105 1951 3245 2007 Deus
3285 1954 3417 2006 enim
3462 1965 3553 2019 est,
3594 1956 3683 2026 qui

2103 2054 2343 2110 operatur
2364 2043 2417 2095 in
2441 2043 2577 2096 vobis
2610 2052 2658 2097 et
2685 2043 2810 2098 velle
2850 2053 2896 2097 et
2941 2046 3163 2113 operari.
3192 2045 3245 2100 Si
3279 2046 3417 2100 Deus
3445 2056 3557 2111 est,
3588 2048 3681 2117 qui

2105 2137 2156 2188 in
2187 2134 2343 2189 nobis
2372 2134 2473 2190 hoc
2499 2144 2754 2204 operatur
2776 2177 2791 2199 ,
2816 2144 2875 2190 ut
2903 2135 3126 2192 velimus
3146 2178 3161 2202 ,
3190 2151 3284 2192 cur
3308 2153 3405 2193 nos
3432 2137 3682 2193 cohorta-

2104 2228 2232 2282 tur?
2262 2227 2393 2281 Nam
2437 2228 2481 2281 si
2530 2227 2642 2297 ipse
2673 2235 2775 2295 est,
2822 2228 2911 2298 qui
2958 2239 3015 2282 ut
3054 2228 3281 2284 velimus
3311 2229 3458 2297 facit,
3486 2230 3679 2287 frustra

2105 2318 2256 2372 nobis
2285 2317 2438 2383 dicis,
2470 2316 2719 2372 Obedistis
2742 2335 2761 2383 ;
2793 2333 2899 2373 non
2923 2319 3065 2373 enim
3095 2334 3193 2373 nos
3214 2335 3399 2375 sumus
3427 2322 3518 2390 qui
3546 2321 3679 2377 obe-

2101 2408 2275 2463 dimus
2297 2426 2309 2462 :
2333 2407 2524 2462 frustra
2551 2408 2705 2474 dicis,
2719 2408 2787 2463 In
2812 2410 2991 2463 timore
3011 2419 3057 2463 et
3077 2418 3325 2475 tremore;
3350 2419 3518 2466 totum
3536 2413 3680 2467 enim

2103 2501 2196 2555 Dei
2228 2509 2334 2553 est.
2358 2499 2572 2553 Minime
2602 2514 2728 2554 vero
2755 2500 2858 2554 huc
2875 2508 3126 2569 spectans
3150 2501 3248 2555 ista
3276 2501 3437 2555 verba
3462 2503 3677 2571 protuli,

2100 2592 2241 2647 Deus
2261 2603 2333 2647 est
2354 2593 2439 2663 qui
2454 2601 2691 2661 operatur
2711 2603 2757 2647 et
2778 2594 2903 2647 velle
2921 2603 2969 2646 et
2994 2594 3231 2663 operari;
3253 2593 3348 2649 sed
3372 2603 3427 2649 ut
3452 2604 3678 2650 vestram

2101 2686 2511 2741 sollicitudinem
2539 2685 2805 2740 sedarem.
2837 2686 2891 2741 Si
2921 2686 3178 2754 volueris,
3208 2696 3333 2743 tunc
3351 2689 3677 2758 operabitur,

2101 2786 2161 2830 ut
2186 2777 2332 2831 velis.
2360 2776 2426 2830 Et
2454 2778 2863 2846 propensionem
2904 2778 3190 2834 voluntatis
3236 2794 3305 2834 ne
3355 2790 3678 2847 metuas,et

2102 2867 2232 2921 nihil
2258 2881 2417 2936 agas:
2441 2867 2553 2936 ipse
2571 2866 2723 2921 nobis
2747 2866 2839 2921 dat
2864 2875 2917 2922 et
2940 2868 3327 2937 operationem.
3350 2869 3558 2924 Etenim
3587 2870 3677 2925 ubi

2100 2958 2447 3021 voluerimus,
2476 2958 2691 3027 augebit
2714 2958 3124 3026 propensionem
3150 2959 3436 3013 voluntatis
3457 2978 3470 3014 :
3495 2961 3675 3025 veluti,

2104 3051 2223 3103 volo
2253 3049 2374 3104 boni
2402 3050 2600 3119 aliquid
2651 3052 2904 3119 operari;
2947 3063 3201 3121 operatur
3238 3053 3408 3121 ipsum
3442 3054 3676 3120 bonum,

2101 3149 2351 3209 Operatur
2378 3156 2471 3209 per
2514 3140 2687 3210 ipsum
2727 3142 2889 3195 etiam
2927 3143 3087 3197 velle.
3116 3143 3221 3197 Aut
3254 3159 3319 3197 ex
3361 3145 3677 3200 abundantia

2104 3233 2313 3301 pietatis
2342 3232 2442 3287 hoc
2470 3234 2659 3301 inquit,
2688 3233 3132 3303 quemadmodum
3167 3250 3288 3290 cum
3321 3246 3502 3291 nostra
3533 3246 3678 3292 recte

2102 3323 2239 3377 facta
2258 3365 2271 3386 ,
2300 3322 2620 3379 charismata
2649 3324 2902 3393 appellat.

2169 3414 2223 3467 2.
2264 3412 2412 3469 Sicut
2439 3414 2597 3479 igitur
2626 3415 2712 3468 illa
2739 3416 3018 3469 nominans
3044 3417 3385 3483 charismata,
3411 3435 3515 3474 non
3539 3436 3668 3490 pro-

2103 3512 2282 3573 pterea
2307 3520 2403 3557 nos
2446 3504 2626 3573 dejicit
2653 3506 2718 3560 de
2760 3506 2912 3561 liberi
2941 3509 3146 3562 arbitrii
3181 3512 3516 3578 possessione
3537 3553 3551 3575 ,
3582 3512 3677 3567 sed

2102 3598 2238 3651 hanc
2274 3600 2439 3667 ipsam
2485 3598 2708 3653 liberam
2749 3615 2812 3655 ac
2856 3601 2937 3655 sui
2977 3601 3114 3670 juris
3159 3611 3476 3669 potestatem
3524 3604 3677 3658 nobis

2101 3690 2360 3759 permittit
2391 3707 2402 3742 :
2434 3689 2505 3742 ita
2532 3704 2652 3743 cum
2682 3690 2850 3759 inquit
2879 3692 3041 3745 Deum
3063 3706 3203 3757 esse,
3229 3696 3317 3761 qui
3348 3703 3598 3762 operatur
3624 3695 3676 3747 in

2101 3782 2255 3835 nobis
2298 3781 2454 3846 velle,
2506 3782 2725 3835 minime
2771 3796 2870 3836 nos
2896 3783 3066 3838 libero
3093 3783 3312 3839 arbitrio
3342 3785 3549 3854 privat;
3581 3786 3677 3840 sed

2101 3872 2336 3927 ostendit
2365 3882 2510 3929 recte
2559 3873 2803 3929 faciendo
2849 3891 3093 3946 magnam
3123 3891 3222 3930 nos
3247 3877 3520 3946 acquirere
3546 3893 3673 3948 pro-

2102 3966 2411 4035 pensionem
2455 3965 2523 4020 ad
2572 3967 2882 4022 volendum.
2928 3968 3060 4022 Nam
3107 3969 3551 4039 quemadmodum
3596 3972 3675 4025 fa-

2102 4057 2291 4113 ciendo
2313 4057 2440 4113 illud
2470 4060 2869 4128 consequimur,
2906 4071 2962 4114 ut
2992 4060 3244 4116 faciamus
3274 4080 3287 4115 :
3322 4063 3390 4116 ita
3443 4079 3547 4118 non
3596 4066 3677 4117 fa-

2102 4151 2294 4205 ciendo
2338 4151 2439 4206 hoc
2481 4162 2841 4222 comparatur,
2891 4162 2949 4207 ut
2997 4170 3101 4208 non
3154 4154 3428 4211 faciamus.
3477 4157 3675 4212 Dedisti

2102 4241 2538 4313 eleemosynam?
2564 4250 2615 4297 te
2656 4244 2825 4312 ipsum
2860 4246 3027 4315 magis
3068 4246 3295 4300 incitasti
3329 4247 3391 4301 ad
3419 4247 3676 4303 dandum.

2102 4331 2219 4386 Non
2267 4332 2497 4388 dedisti?
2534 4335 2701 4403 magis
2751 4345 2800 4389 te
2838 4335 2904 4389 ad
2956 4338 3306 4392 cessationem
3333 4342 3672 4409 comparasti.

2105 4424 2385 4494 Sapienter
2411 4426 2564 4495 egisti
2589 4441 2695 4480 uno
2723 4428 2847 4483 die?
2873 4428 3038 4484 babes
3066 4430 3504 4496 incitamentum,
3539 4444 3595 4488 ut
3625 4436 3676 4489 in

2104 4518 2273 4571 altero
2290 4500 2692 4591 similiter'agas.
2712 4519 3037 4589 Neglexisti?
3058 4524 3248 4577 auxisti
3266 4525 3637 4595 negligentiam
3661 4545 3676 4580 :

2105 4609 2304 4681 Impius
2325 4610 2487 4674 enim,
2524 4612 2712 4679 inquit,
2744 4629 2859 4666 cum
2887 4614 2939 4666 in
2968 4616 3278 4686 profundum
3307 4619 3492 4671 venerit
3517 4620 3679 4672 malo-

2105 4720 2237 4769 rum,
2270 4706 2535 4757 contemnit
2562 4704 2745 4773 (Prov.
2780 4707 2866 4761 18.
2899 4704 2975 4778 '5).
3010 4707 3468 4774 Quemadmodum
3498 4712 3674 4781 igitur,

2107 4793 2198 4863 qui
2232 4793 2284 4847 in
2327 4795 2585 4849 malorum
2630 4796 2949 4865 profundum
2999 4798 3295 4865 descendit,
3335 4805 3626 4857 contemnit
3659 4820 3673 4856 :

2107 4886 2178 4939 ita
2207 4885 2297 4955 qui
2325 4886 2376 4940 in
2407 4887 2724 4956 profundum
2764 4888 3025 4945 bonorum
3070 4893 3245 4956 venit,
3273 4894 3511 4948 studiose
3533 4895 3674 4964 agit.

2108 4976 2238 5031 Nam
2272 4987 2329 5032 ut
2358 4980 2447 5033 ille
2480 4980 2855 5049 desperatione
2880 4984 3228 5053 negligentior
3257 4986 3335 5050 ﬁt,
3366 4986 3438 5039 ita
3464 4985 3549 5040 hic
3576 4987 3677 5041 bo-

2108 5086 2297 5123 norum
2342 5073 2546 5139 copiam
2601 5088 2778 5126 secum
2834 5076 3091 5144 cogitans,
3144 5076 3445 5145 diligentior
3488 5078 3567 5142 ﬁt,
3611 5092 3678 5133 ne

2111 5171 2277 5216 totum
2305 5165 2509 5231 perdat.
2547 5163 2652 5217 Pro
2682 5165 2813 5219 bona
2832 5167 3107 5228 voluntate,
3131 5168 3298 5238 inquit
3327 5185 3340 5221 :
3369 5168 3423 5222 id
3450 5177 3532 5223 est
3553 5183 3679 5237 pro-

2109 5265 2227 5324 pter
2251 5256 2546 5318 caritatem,
2582 5265 2638 5310 ut
2674 5257 2783 5311 Deo
2814 5258 3086 5326 placeatis,
3118 5268 3173 5313 ut
3198 5276 3315 5328 qua:
3337 5260 3412 5313 illi
3443 5261 3679 5329 proban-

2110 5354 2198 5398 tur
2218 5360 2441 5415 quaequo
2483 5345 2624 5400 illius
2653 5349 2913 5403 voluntati
2943 5359 3302 5405 conSentanea
3344 5359 3499 5418 sunt,
3528 5351 3676 5407 ﬁant.

2113 5434 2224 5489 lloc
2254 5435 2370 5490 loco
2400 5436 2653 5503 ostendit,
2699 5446 2756 5492 et
2794 5438 3039 5493 ﬁduciam
3084 5438 3195 5504 dat,
3240 5440 3354 5495 fore
3382 5442 3601 5495 omnino
3622 5450 3682 5497 ut

2113 5527 2252 5582 Deus
2278 5537 2547 5597 operetur.
2566 5529 2688 5585 Vult
2713 5530 2855 5585 enim
2887 5546 2984 5587 nos
3009 5532 3079 5587 ita
3106 5541 3162 5586 ut
3189 5532 3301 5602 ipse
3316 5533 3446 5597 vult,
3471 5533 3677 5589 vivere.

2112 5618 2263 5684 Quod
2290 5620 2333 5673 si
2367 5619 2507 5674 Deus
2532 5620 2662 5685 vult,
2695 5621 2822 5675 illud
2864 5631 3045 5676 autem
3074 5623 3213 5692 quod
3241 5624 3374 5691 vult,
3408 5625 3521 5694 ipse
3548 5640 3679 5694 ope-

2116 5731 2279 5787 ratur,
2315 5731 2457 5776 certe
2503 5720 2601 5777 hoc
2631 5735 2840 5792 quoque
2875 5721 3183 5791 operabitur
3208 5736 3268 5776 ac
3301 5721 3592 5793 praistabit,
3627 5729 3683 5776 ut
