4130 6386
447 328 551 385 239

449 446 563 496 νυνὶ
609 442 666 495 δὲ
713 442 1057 499 οὐκέτι.Ἐάν
1085 441 1178 498 οὖν
1225 445 1407 517 δειχθῇ
1438 448 1518 501 ὅτι
1553 445 1647 500 νῦν
1681 446 2012 509 ἐπετείνατε,

449 535 721 588 δείκνυται
755 536 838 588 ὅτι
866 536 960 588 καὶ
990 537 1112 589 τότε
1142 536 1204 589 οὺ
1227 537 1293 590 δι’
1318 538 1441 607 ἐμὲ,
1475 538 1611 591 ἀλλά
1640 538 1728 592 διὰ
1752 539 1843 591 τὸν
1864 538 2015 591 Θεόν.

450 627 515 679 Τί
562 626 759 696 βούλει,
795 627 936 679 είπέ.
971 628 1083 697 Οὐχ
1137 627 1223 680 ἴνα
1269 628 1401 697 ἐμοῦ
1444 629 1744 699 ἀκούσητε,
1792 629 2021 682 ἀλλ’ἵνα

453 717 591 785 μετὰ
622 714 785 783 φόϐου
811 715 906 768 καὶ
928 716 1129 785 τρόμου
1158 716 1256 787 τὴν
1283 717 1489 771 ἑαυτῶν
1520 718 1793 789 σωτηρίαν
1822 735 2019 789 κατερ-

448 807 689 877 γάζησθε
714 822 726 835 ⁸
777 809 838 860 οὑ
888 808 996 879 γὰρ
1047 807 1125 860 ἐνι
1175 808 1266 861 τὸν
1294 810 1462 879 χωρὶς
1493 809 1656 877 φόϐου
1687 809 1865 873 ζῶντα
1898 825 2022 877 γεν-

451 899 596 952 ναῖόν
625 917 678 952 τι
708 902 802 953 καὶ
834 899 1145 969 θαυμαστὸν
1172 900 1560 966 ἐπιδείξασθαι.
1587 902 1693 954 Καὶ
1718 902 1816 972 οὐχ
1834 900 2021 965 ἁπλῶς

450 987 591 1055 εἰπε,
628 994 843 1053 Φόϐου,
879 992 1016 1045 ἀλλά
1055 991 1382 1062 προσέθηκε,
1414 993 1535 1059 ,Καὶ
1587 997 1827 1061 τρόμου,
1875 994 2020 1056 ὅστις

450 1082 701 1145 ἐπίτασίς
722 1083 838 1136 ἐστι
867 1082 960 1135 τοῦ
991 1083 1155 1150 φόϐου
1174 1122 1190 1148 ,
1226 1085 1762 1154 προσεκτικωτέρους
1796 1084 2022 1154 ποιῆσαι

452 1175 790 1246 βουλόμενος.
821 1175 1019 1228 Τοῦτον
1067 1174 1178 1245 εἶχε
1226 1176 1318 1228 τὸν
1367 1175 1532 1244 φόϐον
1579 1178 1607 1228 6
1656 1176 1898 1239 Παῦλος⁶
1933 1175 2020 1229 διὰ

450 1265 606 1319 τοῦτο
627 1266 722 1318 καὶ
743 1266 915 1333 ἐλεγε,
933 1266 1223 1334 Φοϐοῦμαι
1240 1266 1323 1335 μή
1351 1279 1476 1331 πως
1497 1265 1707 1331 ἄλλοις
1733 1265 2018 1332 κηρύξας,

450 1357 631 1423 αὐτὸς
661 1357 941 1426 ἀδόκιμος
968 1358 1237 1427 γένωμαι.
1275 1359 1333 1410 EE
1378 1358 1484 1429 γὰρ
1527 1357 1596 1409 τά
1626 1357 1850 1426 βιωτικά
1886 1376 2019 1411 κατ-

451 1448 689 1518 ορθῶσαι
722 1449 887 1516 φόϐου
920 1448 1088 1520 χωρὶς
1115 1450 1214 1501 οὐκ
1240 1448 1339 1514 ἔνι,
1366 1449 1517 1518 πόσῳ
1539 1448 1739 1517 μᾶλλον
1765 1448 1835 1500 τὰ
1858 1466 2020 1500 πνευ-

456 1540 694 1608 ματικὰς
736 1540 868 1592 Είπέ
901 1541 1007 1609 γάρ
1040 1555 1163 1609 μοι’
1204 1539 1288 1602 τίς
1319 1541 1621 1610 γράμματα
1656 1538 1825 1609 ἔμαθε
1853 1538 2017 1608 φόϐου

453 1631 652 1699 χωρίς;
686 1629 767 1692 τίς
795 1629 990 1699 τέχνης
1019 1629 1279 1700 ἔμπειρος
1305 1629 1494 1697 γέγονε
1524 1628 1688 1697 φόϐου
1718 1628 1913 1699 χωρίς;
1954 1627 2018 1682 El

452 1720 508 1772 δὲ
541 1719 667 1773 ἔνθα
690 1721 789 1773 οὐκ
814 1720 1091 1790 ἐφεδρεύει
1125 1721 1154 1772 6
1190 1721 1452 1784 διάϐολος,
1484 1720 1619 1775 ἀλλά
1654 1720 1896 1792 ῥᾳθυμίᾳ
1925 1721 2020 1790 μό-

453 1828 540 1863 νον
566 1812 793 1881 ἐνοχλεῖ,
821 1812 1077 1866 τοσούτου
1107 1813 1273 1881 φόϐου
1315 1815 1443 1883 ἡμῖν
1474 1812 1715 1883 ἐδέησεν,
1748 1811 1888 1865 ὥστε
1920 1815 2020 1883 ρᾳ-

454 1902 649 1973 θυμίαν
680 1905 1005 1975 ἐπιπρέψαι
1027 1918 1053 1945 ι
1087 1906 1319 1977 φυσικὴν
1348 1906 1532 1976 μόνον·
1553 1904 1679 1957 ένθα
1712 1904 1961 1967 τοσοῦτος
1992 1906 2020 1958 6

458 1996 711 2066 πόλεμος,
743 1995 974 2050 τοσαῦτα
1000 1997 1319 2068 κωλύματα,
1363 1998 1478 2062 πῶς
1515 1998 1593 2050 ένι
1641 1998 1806 2067 φόϐου
1853 1998 2020 2069 χωρὶς

457 2087 786 2157 διασωθῆναί
815 2104 978 2153 ποτε;
1012 2089 1136 2151 Πῶς
1172 2088 1217 2142 δ’
1247 2089 1313 2143 ἂν
1346 2084 1497 2152 οὗτος
1525 2088 1733 2156 γένοιτο
1759 2090 1786 2141 6
1815 2088 1976 2157 φόϐος
2002 2106 2019 2154 ;

463 2181 558 2232 Ἂν
589 2181 950 2250 ἐννοήσωμεν,
979 2182 1060 2233 ὅτι
1090 2180 1363 2251 πανταχοῦ
1394 2182 1655 2251 πάρεστιν
1684 2182 1712 2234 ὁ
1740 2181 1892 2243 Θεὸς,
1939 2181 2021 2233 ὅτι

456 2274 633 2326 πάντα
662 2274 868 2337 ἀκούει,
900 2274 981 2326 ὃτι
1010 2273 1186 2327 πάντα
1216 2275 1338 2344 ὁρᾷ,
1369 2274 1427 2326 οὐ
1455 2273 1522 2326 τὰ
1550 2273 1900 2344 πραττόμενα
1928 2273 2023 2342 μό·

453 2382 540 2416 νον
566 2364 659 2417 καὶ
686 2364 973 2435 λεγόμενα,
1010 2364 1145 2418 ἀλλά
1188 2366 1281 2419 καὶ
1309 2365 1376 2418 τά
1418 2368 1476 2418 ἐν
1510 2365 1756 2435 καρδίαις
1784 2363 2018 2430 ἅπαντα,

453 2457 547 2509 καὶ
586 2456 656 2508 τὰ
698 2457 755 2508 ἐν
807 2456 883 2526 τῷ
930 2456 1081 2527 βάθει
1127 2458 1225 2527 τῆς
1268 2456 1536 2520 διανοίαςο
1583 2454 1856 2523 Κριτικὸς
1910 2453 2021 2524 γάρ

451 2549 622 2601 ἐστιν
651 2548 1041 2617 ἐνθυμήσεων
1068 2550 1164 2601 καὶ
1209 2547 1457 2602 ἐννοιῶν
1481 2546 1854 2615 καρδίας.“Αν
1880 2545 2023 2598 οὕτω

452 2638 721 2709 διαθῶμεν
768 2639 1013 2703 ἑαυτοὺς,
1048 2640 1199 2692 οὐδὲν
1249 2638 1481 2709 πονηρὸν
1528 2638 1828 2710 πράξομεν,
1873 2637 2022 2690 οὐδὲν

454 2726 704 2797 ἐροῦμεν,
738 2727 890 2780 οὐδὲν
933 2730 1278 2799 ἐννοήσομεν.
1317 2728 1452 2781 Είπέ
1495 2727 1604 2797 γάρ
1660 2745 1770 2797 μοι,
1806 2728 1855 2779 εί
1908 2726 2023 2780 δια-

455 2820 651 2881 παντὸς
681 2817 773 2872 τοῦ
802 2819 1058 2889 ἄρχοντος
1089 2818 1315 2889 πλησίον
1346 2821 1639 2891 εἱστήκεις,
1668 2820 1729 2871 οὐ
1759 2819 1899 2890 μετὰ
1926 2819 2023 2887 φό-

454 2907 547 2959 ϐου
578 2907 642 2960 ἂν
671 2910 973 2979 εἱστήκεις;
1005 2910 1121 2962 ’Καὶ
1152 2908 1269 2972 πῶς
1301 2909 1419 2979 Θεῷ
1450 2910 1515 2962 σὺ
1550 2909 1835 2981 παρεστὼς
1860 2910 2023 2981 γελᾷς

454 3000 547 3052 καὶ
586 3001 930 3065 ἀναπίπτεις,
963 3002 1059 3054 καὶ
1089 3002 1149 3055 οὐ
1178 3002 1420 3066 δέδοικας
1445 3002 1568 3055 οὑδέ
1611 3003 1858 3074 φρίσσεις
1885 3022 1899 3070 ;
1931 3005 2022 3075 Μὴ

453 3095 516 3165 δὴ
556 3097 655 3165 τῆς
695 3095 890 3165 ἀνοχῆς
942 3080 1507 3164 αὐτοῦ’καταφρόνειο
1539 3095 1673 3164 πρὸς
1706 3095 1811 3165 γάρ
1857 3097 2023 3166 μετά-

455 3187 601 3241 νοιάν
628 3204 687 3240 σε
716 3189 863 3257 ἄγων
899 3187 1268 3259 μακροθυμεῖ·
1300 3187 1434 3259 μηδὲ
1471 3187 1640 3240 ποιῶν
1674 3205 1747 3253 τι,
1775 3187 1903 3239 ἀνευ
1931 3187 2024 3241 τοῦ

454 3278 696 3348 νομίζειν
718 3282 775 3332 ἐν
802 3281 935 3333 πᾶσι
966 3282 1222 3350 παρεῖναι
1251 3278 1342 3331 τὸν
1368 3278 1500 3331 Θεὸν
1522 3277 1783 3349 πράττειν
1806 3278 2019 3347 ἀνέχου·

457 3372 685 3441 πάρεστι
722 3371 849 3442 γάρ.
886 3370 1000 3425 Κᾶν
1028 3373 1206 3425 τοίνυν
1251 3371 1457 3441 ἐσθίῃς,
1489 3371 1594 3424 κᾶν
1646 3370 1845 3441 μέλλῃς
1890 3370 2024 3423 καθ-

457 3462 651 3525 εὕδειν,
685 3464 788 3516 κᾶν
823 3464 1034 3536 ὀργίζῃ,
1072 3464 1172 3518 κᾶν
1201 3464 1470 3536 ἁρπάζῃς,
1504 3464 1607 3517 κᾶν
1646 3465 1877 3535 τρυφᾷς,
1922 3464 2025 3516 κᾶν

456 3551 635 3605 ὁτιοῦν
664 3556 840 3623 ποιῇς,
872 3553 1059 3623 νόμιζε
1094 3555 1429 3625 παρεστάναι
1463 3554 1551 3607 τὸν
1576 3554 1730 3617 Θεὸν,
1766 3554 1859 3606 καὶ
1877 3552 2025 3605 οὐδέ-

461 3661 587 3697 ποτε
636 3646 718 3708 είς
761 3646 972 3713 γέλωτα
1019 3649 1253 3716 ἐμπεσῇ,
1294 3646 1547 3699 οὐδέποτε
1597 3648 1677 3708 είς
1724 3644 1893 3715 ὀργὴν
1939 3643 2025 3709 ἐξ·

458 3734 815 3805 αφθήσῃ.“Αν
860 3735 1048 3788 τοῦτον
1096 3735 1224 3808 έχῃς
1270 3736 1560 3798 διαπαντὸς
1612 3734 1703 3787 τὸν
1746 3734 2023 3804 λογισμὸν,

458 3824 745 3888 διαπαντὸς
772 3826 829 3877 ἐν
855 3824 1002 3894 φόϐῳ
1028 3824 1124 3895 ἔσῃ
1156 3826 1248 3878 καὶ
1274 3825 1482 3895 τρόμῳ,
1508 3825 1606 3878 ἅτε
1637 3823 1732 3877 τοῦ
1765 3822 2022 3893 βασιλέως

460 3913 683 3984 πλησίον
728 3914 917 3978 ἐστώς.
934 3914 992 3967 '0
1026 3915 1326 3985 οἰκοδόμος,
1375 3914 1477 3967 κᾶν
1519 3914 1782 3984 ἔμπειρος
1823 3910 1881 3985 ᾖ,
1921 3912 2024 3966 κᾶν

462 4004 665 4075 σφόδρα
792 4004 1059 4076 τεχνίτης,
1094 4006 1231 4075 μετὰ
1260 4005 1425 4074 φόϐου
1456 4005 1549 4057 κα)⁸
1576 4005 1777 4075 τρόμου
1808 4004 2023 4073 ἕστηκε,

459 4094 711 4157 δεδοικὼς
759 4096 834 4164 μὴ
884 4096 1169 4168 καταπέσῃ
1222 4097 1288 4148 ἐκ
1328 4098 1427 4164 τῆς
1477 4096 1783 4165 οίκοδομῆς.
1819 4095 1929 4148 Καὶ
1958 4094 2023 4146 σὺ

462 4185 806 4248 ἐπίστευσας,
825 4184 1066 4256 ἔπραξας
1086 4184 1265 4254 ἀγαθά
1286 4185 1477 4250 πολλὰ,
1508 4184 1737 4254 ἀνῆλθες
1767 4185 1843 4246 είς
1868 4182 2021 4252 ὕψοςο

463 4279 521 4329 ἐν
552 4276 821 4348 ἀσφαλείᾳ
845 4277 1041 4347 κάτεχε
1074 4276 1287 4338 σαυτὸν,
1319 4276 1412 4328 καὶ
1440 4275 1607 4343 φοϐοῦ
1643 4273 1833 4338 ἐστὼς,
1853 4274 1946 4327 καὶ
1965 4273 2025 4326 τὸ

460 4369 612 4438 ὄμμα
656 4368 746 4438 ἔχε
780 4368 1199 4438 διεγηγερμένον
1227 4406 1243 4431 ,
1294 4367 1367 4437 μή
1417 4366 1732 4436 καταπέσῃς
1779 4365 2020 4418 ἐκεῖθεν·

462 4459 632 4512 πολλὰ
670 4460 777 4528 γὰρ
823 4458 893 4511 τά
940 4457 1283 4528 πνευματικὰ
1313 4456 1465 4529 [257]
1495 4458 1595 4527 τῆς
1641 4457 1925 4529 πονηρίας,
1957 4456 2025 4509 τὰ

464 4549 762 4619 βουλόμενα
786 4565 842 4600 σε
872 4548 1133 4601 καθελεῖν.
1154 4548 1546 4612 Δουλεύσατε,
1566 4547 1718 4617 φησὶ,
1739 4546 1820 4613 τῷ
1834 4548 2028 4615 Κυρίῳ

462 4639 531 4692 ὲν
554 4640 734 4707 φόϐῳ.
756 4639 852 4693 καὶ
872 4638 1243 4706 ἀγαλλιᾶσθε
1267 4634 1424 4700 αὺτῷ
1452 4636 1523 4689 ὲν
1547 4637 1757 4705 τρόμῳ.
1782 4636 1892 4690 Καὶ
1911 4635 2026 4699 πῶς

463 4730 543 4785 ένι
568 4732 886 4799 ἀγαλλίασις
912 4730 1050 4800 μετά
1068 4730 1302 4801 τρόμου;
1334 4726 1481 4798 Αὕτη
1510 4728 1605 4798 μὲν
1628 4724 1721 4781 οὖν
1750 4729 1866 4781 ἐστι
1889 4727 2025 4797 μόνη

462 4822 799 4891 ἀγαλλίασις.
827 4824 993 4875 Ὅταν
1036 4822 1144 4892 γάρ
1186 4839 1237 4873 τι
1269 4821 1470 4889 ἀγαθὸν
1517 4819 1901 4890 ἐργασώμεθα,
1935 4821 2027 4873 καὶ

463 4912 719 4978 τοιοῦτον,
753 4907 863 4966 οἷον
890 4913 1033 4975 εἰκὸς
1053 4915 1177 4976 τοὺς
1205 4915 1262 4965 ἐν
1292 4911 1479 4983 τρόμῳ
1496 4929 1552 4963 τι
1578 4911 1883 4978 ποιοῦντας,
1907 4911 2027 4964 τότε

464 5001 726 5072 χαίρομεν
752 5004 930 5072 μόνον.
965 5004 1125 5057 Μετὰ
1152 5004 1339 5071 φόϐου
1365 5003 1462 5056 καὶ
1493 5003 1710 5071 τρόμου
1748 5001 1862 5069 τὴν
1891 5002 2028 5055 ἐαυ-

465 5092 583 5146 τῶν
595 5095 896 5163 σωτηρίαν
905 5094 1342 5164 κατεργάζεσθε.
1363 5096 1476 5149 Οὐκ
1488 5090 1659 5157 εἶπεν,
1676 5094 1732 5147 Ἐ
1739 5095 2024 5163 ργάζεσθε,

465 5185 621 5250 ἀλλὰ,
667 5186 1122 5256 Κατεργάζεσθε,
1165 5187 1442 5252 τουτέστι,
1500 5175 1640 5257 με’τά
1684 5187 1883 5257 πολλῆς
1927 5187 2028 5255 τῆς

470 5278 733 5347 σπουδῆς,
779 5277 914 5346 μετά
948 5277 1148 5345 πολλῆς
1197 5277 1296 5346 τῆς
1339 5275 1677 5345 ἐπιμελείας.
1714 5276 1931 5345 Ἐπειδὴ
1970 5276 2028 5330 δὲ

466 5366 608 5433 εἷπε,
661 5370 823 5424 Μετὰ
876 5369 1063 5439 φόϐου
1113 5368 1214 5422 καὶ
1252 5369 1505 5437 τρόμου,
1558 5368 1651 5420 καὶ
1705 5368 2029 5436 ἐναγωνίους

530 5667 556 5696 ⁸
594 5665 877 5730 Legendum
912 5670 1085 5714 censet
1121 5664 1339 5715 Dunaeus
1367 5664 1688 5725 ἀποστρέψαι,
1734 5664 1813 5713 vel
1844 5664 2029 5727 ἀποτρὲι

469 5730 570 5790 ψει.

1348 329 1418 385 1N
1455 328 1672 388 EPIST.
1708 329 1800 386 AD
1848 326 2135 386 l’IIIIJPP.
2170 330 2320 387 CAP.
2358 331 2420 386 ll.
2464 328 2696 388 IIOMIL.
2737 331 2863 388 νιιι.

3578 332 3686 387 240

2126 446 2396 519 ἐποίησεν,
2430 449 2531 517 ὅρα
2581 450 2695 513 πῶς
2743 448 3145 520 παραμυθεῖται
3190 446 3288 517 τὴν
3332 446 3586 515 ἀγωνίαν.
3617 446 3684 499 Τί

2118 536 2226 607 γάρ
2253 555 2452 608 φησιν;
2490 539 2554 591 '0
2586 542 2729 605 Θεός
2752 540 2924 593 ἐστιν
2952 542 2984 593 ό
3006 537 3263 607 ἐνεργῶν
3288 538 3356 592 ὲν
3391 538 3552 607 ὑμῖν.
3591 537 3686 607 Μὴ

2120 628 2307 696 φοϐοῦ,
2334 630 2417 681 ὃτι
2460 626 2630 683 εἷπονο
2657 629 2817 685 Μετὰ
2863 631 3049 699 φόϐου
3091 628 3190 683 καὶ
3226 629 3445 697 τρόμου
3466 644 3481 659 ο
3508 628 3569 680 οὺ
3596 627 3685 682 διὰ

2117 718 2275 771 τοῦτο
2330 715 2500 783 εἷπον,
2550 720 2637 773 ἵνα
2685 718 3098 792 ἀπαγορεύσῃς,
3128 718 3222 792 ῖνα
3265 716 3582 785 δυσέφικτόν
3631 733 3686 769 τι

2117 806 2257 861 εἶναι
2288 810 2512 881 νομίσῃς
2537 811 2636 881 τὴν
2666 788 2883 882 ἀρετὴν,
2914 808 3028 863 ἀλλ’
3056 788 3147 862 Eva.
3174 807 3463 878 προσέχῃς,
3488 807 3575 859 ἵνα
3610 806 3685 877 μὴ

2118 900 2337 972 διαχέῃς
2388 902 2709 956 σαυτόν.’“Αν
2753 902 2911 955 τοῦτο
2948 897 3002 973 ᾖ,
3032 900 3060 952 6
3093 900 3222 963 Θεὸς
3257 899 3432 951 πάντα
3457 899 3687 970 ἐργάσε-

2119 1006 2204 1042 ται
2224 1006 2237 1020 ο
2284 990 2348 1043 σὺ
2390 990 2578 1061 θάρσει
2599 1007 2611 1020 ·
2665 992 2729 1044 '0
2766 991 2910 1058 Θεὸς
2936 990 3045 1061 γάρ
3075 991 3247 1043 ἐστιν
3272 993 3304 1042 ό
3329 988 3586 1058 ἐνεργῶν
3618 989 3688 1041 ἐν

2118 1079 2278 1149 ὑμῖν.
2307 1082 2368 1133 Ei
2407 1082 2584 1134 τοίνυν
2612 1082 2774 1145 αὐτὸς
2800 1083 3033 1153 ἐνεργεῖ,
3063 1082 3211 1151 ἡμᾶς
3253 1080 3334 1132 δεῖ
3368 1079 3466 1151 τὴν
3488 1078 3683 1149 προαί-

2121 1186 2269 1239 ρεσιν
2311 1174 2613 1241 παρασχεῖν
2648 1170 3165 1241 συγκεκροτημένην
3192 1169 3498 1233 διαπαντὸς,
3530 1170 3687 1235 ἐσφι-

2118 1258 2345 1329 γμένην,
2382 1259 2808 1329 ἀδιάχυτονι.’0
2843 1260 2986 1326 Θεὸς
3027 1259 3136 1329 γάρ
3163 1259 3332 1313 ἐστιν
3372 1261 3405 1312 ό
3429 1255 3689 1326 ἐνεργῶν

2116 1349 2185 1403 ἐν
2212 1350 2353 1416 ὑμῖν
2384 1351 2479 1403 καὶ
2513 1351 2578 1403 τὸ
2603 1351 2801 1405 θέλειν
2828 1351 2923 1403 καί
2950 1350 3016 1403 τὸ
3034 1349 3312 1419 ἐνεργεῖν.
3342 1349 3402 1402 EE
3423 1348 3485 1401 τὸ
3512 1348 3687 1401 θέλειν

2117 1438 2279 1501 αὐτὸς
2310 1441 2443 1510 ἡμῖν
2486 1442 2714 1511 ἐνεργεῖ,
2748 1441 2862 1503 πῶς
2892 1442 3021 1510 ἡμῖν
3055 1438 3449 1510 παρακελεύει;
3481 1441 3544 1492 Εἰ
3578 1440 3703 1522 γὰρ..
3742 1468 3753 1475 υ

2118 1527 2213 1579 καὶ
2260 1528 2319 1579 τὸ
2371 1528 2544 1582 θέλειν
2592 1530 2781 1593 αὐτὸς.
2807 1532 2983 1595 ποιεῖ,
3019 1529 3139 1599 είκῆ
3183 1530 3317 1598 ἡμῖν
3353 1529 3564 1597 λέγεις,
3604 1531 3686 1583 ὅτι

2130 1616 2563 1684 ’Υπηκούσατεο
2592 1620 2654 1671 οὐ
2686 1620 2795 1692 γὰρ
2818 1619 3182 1689 ὑπακούομεν.
3216 1620 3351 1689 Είκῆ
3368 1620 3566 1688 λέγεις,
3584 1620 3685 1673 Ἐν

2118 1671 2279 1774 φάειιὶ
2316 1707 2416 1761 και
2458 1671 2532 1761 ἐξ
2564 1671 2779 1778 τρόμῳῖ
2823 1671 2958 1762 φειδ
2994 1671 3102 1778 γάρ
3143 1671 3371 1762 έρῗδλοᾉ
3410 1671 3575 1765 {ac}:
3599 1671 3682 1761 Bo
3768 1671 3813 1733 -τ

2116 1797 2205 1849 διὰ
2239 1798 2398 1850 τοῦτο
2431 1794 2605 1861 εἷπον,
2640 1799 2833 1865 Αὐτὸς
2868 1799 2977 1868 γάρ
3012 1799 3182 1852 ἐστιν
3220 1802 3253 1853 ό
3294 1798 3550 1867 ἐνεργῶν
3587 1798 3688 1852 καὶ

2118 1889 2184 1941 τὸ
2232 1889 2431 1943 θέλειν
2472 1889 2570 1943 καὶ
2602 1890 2665 1943 τὸ
2699 1889 2980 1960 ἐνεργεῖν,
3018 1889 3133 1953 ἀλλ’
3169 1888 3390 1942 ἐκλῦσαι
3417 1890 3513 1958 τὴν
3539 1889 3686 1956 ἀγω-

2118 1978 2235 2031 νίαν
2289 1979 2440 2047 ὑμῶν
2495 1980 2940 2049 βουλόμενος.”Αν
2975 1978 3224 2050 θελήσῃς,
3252 1979 3376 2032 τότε
3405 1980 3685 2049 ἐνεργήσει

2116 2070 2177 2123 τὸ
2207 2070 2400 2123 θέλειν.
2432 2071 2523 2141 Μὴ
2557 2070 2818 2141 φοϐηθῇς,
2853 2070 2946 2125 καὶ
2977 2071 3129 2123 οὐδὲν
3154 2071 3403 2141 κάμνῃς·
3432 2071 3526 2124 καὶ
3548 2086 3681 2140 προ-

2119 2159 2317 2230 θυμίαν
2347 2160 2505 2225 αὐτὸς
2551 2164 2681 2231 mm
2718 2160 2900 2214 δίδωσι
2946 2161 3041 2213 καὶ
3076 2160 3533 2231 ἐργασίαν.⁹’οταν
3577 2161 3686 2230 γὰρ

2119 2251 2454 2323 θελήσωμεν,
2482 2253 2635 2318 αὔξει
2675 2255 2737 2307 τὸ
2769 2254 2941 2307 θέλειν
2964 2257 2997 2325 ἡ
3008 2255 3123 2325 μῶν
3149 2255 3332 2308 λοιπόν
3354 2271 3367 2285 ·
3396 2248 3527 2318 οἷον,
3562 2254 3686 2325 βούκ

2118 2343 2278 2414 λομαι
2327 2345 2528 2413 ἀγαθόν
2575 2362 2627 2398 τι
2676 2346 3045 2416 ἐργάσασθαι·
3098 2348 3401 2417 ἐνήργησεν
3445 2346 3576 2399 αὐτὸ
3619 2347 3683 2399 τὸ

2117 2437 2343 2505 ἀγαθὸν,
2392 2438 2664 2508 ἐνήργησε
2706 2439 2773 2490 δι’
2804 2437 2967 2494 αὐτοῦ
3021 2442 3115 2493 καὶ
3158 2439 3219 2492 τὸ
3274 2438 3545 2491 θέλειν.Ἢ
3576 2438 3687 2491 ἀπὸ

2119 2530 2321 2600 πολλῆς
2361 2529 2645 2593 εὐλαϐείας
2676 2529 2835 2584 τοῦτό
2862 2548 3047 2600 φησιν,
3089 2529 3276 2602 ὥσπερ
3305 2530 3431 2583 ὅταν
3458 2530 3528 2584 τὰ
3554 2547 3687 2583 κατ-

2119 2620 2414 2693 ορθώματα
2439 2621 2508 2675 τὰ
2539 2623 2784 2693 ήμέτερα
2812 2622 3126 2695 χαρίσματα
3150 2617 3288 2676 εἶναι
3316 2621 3468 2692 λέγῃ.

2192 2786 2259 2856 β’.
2285 2787 2497 2856 Ὥσπερ
2516 2783 2611 2841 οὖν
2637 2787 2811 2856 λέγων
2839 2787 2980 2841 αὑτά
3011 2788 3345 2859 χαρίσματα,
3372 2787 3473 2840 οὐκ
3500 2785 3689 2852 ἐξωθεῖ

2121 2880 2266 2948 ἡμᾶς
2290 2879 2385 2931 τοῦ
2414 2879 2783 2945 αὐτεξουσίου,
2814 2880 2930 2933 ἀλλ’
2960 2882 3185 2953 ἀφίησιν
3218 2884 3275 2935 ἐν
3312 2883 3446 2951 ἡμῖν
3468 2880 3527 2934 τὸ
3558 2882 3690 2936 αὺτ-

2121 2970 2362 3035 εξούσιον
2380 2987 2395 3003 ⁸
2418 2969 2591 3035 οὓτως
2611 2973 2740 3025 ὅταν
2761 2972 2893 3043 λέγῃ
2918 2974 3159 3043 ἐνεργεῖν
3181 2976 3238 3026 ἐν
3259 2975 3391 3044 ἡμῖν
3410 2973 3471 3027 τὸ
3490 2974 3685 3041 θέλειν,

2121 3064 2221 3116 οὐκ
2244 3063 2557 3133 ἀφαιρεῖται
2578 3065 2728 3134 ήμᾶς
2756 3063 2818 3116 τὸ
2850 3063 3212 3129 αὐτεξούσιον,
3235 3065 3372 3117 ἀλλὰ
3394 3065 3685 3133 δείκνυσιν,

2120 3155 2201 3208 ὅτι
2224 3155 2330 3208 ἀπὸ
2360 3155 2453 3208 τοῦ
2481 3156 2777 3227 κατορθοῦν
2801 3156 3001 3228 πολλὴν
3028 3160 3107 3221 είς
3136 3158 3197 3211 τὸ
3221 3158 3392 3212 θέλειν
3415 3159 3688 3230 λαμϐάνο-

2126 3262 2224 3315 μεν
2251 3244 2579 3315 προθυμίαν.
2612 3246 2876 3317 Καθάπερ
2898 3246 3004 3319 γάρ
3029 3248 3088 3301 τὸ
3119 3253 3290 3301 ποιεῖν
3313 3250 3377 3302 ἐκ
3396 3249 3490 3302 τοῦ
3515 3253 3689 3304 ποιεῖν

2123 3341 2358 3409 γίνεται*
2395 3340 2568 3406 οὕτως
2594 3344 2657 3395 ἐκ
2690 3342 2784 3396 τοῦ
2817 3345 2892 3415 μὴ
2922 3346 3093 3400 ποιεῖν
3118 3345 3179 3398 τὸ
3210 3346 3284 3417 μὴ
3312 3347 3702 3421 ποιεῖνπΕδωῖῑ
3818 3387 3827 3395 .

2125 3451 2227 3498 κας
2270 3434 2668 3506 ἐλεημοσύνην;
2721 3436 2921 3505 μᾶλλον
2963 3439 3314 3509 προετράπης
3339 3438 3541 3493 δοῦναι.
3572 3441 3686 3494 Οὐκ

2125 3522 2332 3587 ἔδωκας
2380 3524 2472 3591 δέ;
2539 3525 2740 3595 μᾶλλον
2789 3526 3057 3596 ἧργησας.
3095 3528 3507 3598 Ἐσωφρόνησας
3555 3529 3687 3598 μίαν

2126 3615 2365 3686 ἡμέρανς
2409 3616 2553 3687 ἐχεις
2576 3617 2889 3688 προτροπὴν
2917 3618 3011 3671 καὶ
3038 3619 3116 3681 είς
3139 3619 3238 3689 τὴν
3274 3619 3545 3690 δευτέραν.
3563 3620 3687 3691 Ἐρ-

2128 3705 2482 3777 ρᾳθύμησαςς
2511 3709 2792 3770 ἐπέτεινας
2814 3708 2910 3779 τήν
2934 3708 3204 3781 ρᾳθυμίαν
3225 3725 3239 3740 ⁸
3281 3708 3529 3777 Ἀσεϐἡς
3556 3711 3686 3781 γάρ,

2128 3799 2310 3867 φησὶν,
2332 3796 2523 3851 ἐλθὼν
2545 3800 2632 3865 είς
2645 3798 2840 3866 ,ϐάθος
2863 3797 3067 3854 κακῶν
3095 3799 3689 3871 καταφρονεῐ.Ὤσπερ

2125 3886 2216 3942 οὖν
2247 3888 2396 3962 [258]
2432 3890 2558 3946 ὅταν
2587 3890 2715 3964 ἐλθῃ
2760 3892 2841 3956 είς
2874 3891 3035 3961 βάθος
3077 3892 3284 3958 κακῶν,
3323 3894 3686 3963 καταφρονεῖ·

2125 3978 2296 4042 οὕτως
2354 3980 2483 4033 ὅταν
2533 3980 2660 4051 ἐλθῃ
2715 3982 2794 4045 είς
2846 3981 3005 4052 βάθος
3066 3982 3320 4052 ἀγαθῶν,
3377 3971 3687 4045 σπουδάζειζ

2125 4070 2390 4140 Καθάπερ
2412 4070 2521 4140 γάρ
2548 4071 2754 4133 ἐκεῖνος
2782 4072 3049 4139 ἀπογνοὺς
3073 4072 3438 4143 ῥαθυμότερος
3459 4070 3684 4139 γίνεται·

2124 4160 2296 4224 οὓτως
2325 4156 2478 4224 οὗτος
2522 4161 2716 4214 ἐννοῶν
2759 4162 2821 4214 τὸ
2866 4161 3065 4233 πλῆθος
3107 4163 3215 4214 τῶν
3248 4161 3486 4229 ἀγαθῶν,
3520 4176 3687 4213 σπου-

2125 4254 2395 4326 δαιότερος
2441 4254 2686 4325 γίνεται,
2731 4254 2983 4318 δεδοικὼς
3030 4255 3105 4325 μὴ
3154 4255 3214 4306 τὸ
3269 4256 3377 4307 πᾶν
3423 4251 3682 4323 ἀπολέσῃ.

2139 4344 2316 4413 ’Υπὲρ
2353 4343 2463 4413 τῆς
2507 4344 2801 4409 εὐδοκίας,
2832 4345 2996 4415 φησί·
3025 4343 3288 4409 τουτέστι,
3316 4342 3405 4395 διά
3431 4342 3529 4411 τὴν
3552 4342 3687 4408 ἀγάο

2127 4453 2257 4507 πην,
2286 4438 2373 4490 διὰ
2396 4438 2494 4507 τὴν
2522 4438 2815 4506 ἀρέσκειαν
2842 4433 3026 4502 αὑτοῦ,
3050 4435 3137 4488 ἴνα
3167 4434 3235 4487 τὰ
3260 4433 3517 4488 δοκοῦντα
3538 4433 3687 4503 αὑτῴ

2126 4532 2368 4602 γένηται,
2404 4530 2490 4584 ἵνα
2518 4528 2657 4582 κατὰ
2708 4527 2810 4597 τὴν
2853 4526 3068 4596 θέλησιν
3096 4524 3279 4579 αὐτοῦ.
3297 4523 3558 4577 Ἐνταῦθα
3581 4524 3689 4577 δεί-

2128 4640 2306 4686 κνυσι,
2336 4622 2430 4675 καὶ
2457 4622 2601 4672 ποιεῖ
2641 4618 2882 4689 θαρρεῖν,
2918 4616 3000 4669 ὅτι
3028 4615 3243 4701 πάντως
3267 4616 3497 4686 ἐνεργεῖ.
3531 4615 3688 4668 Θέλει

2128 4717 2236 4784 γὰρ
2265 4714 2432 4783 ἡμᾶς,
2465 4710 2541 4772 ὡς
2581 4708 2743 4772 αὐτὸς
2790 4707 3059 4778 βούλεται,
3086 4707 3205 4777 ζῇν.
3236 4706 3301 4759 El
3332 4704 3390 4759 δέ
3418 4702 3691 4776 βούλεται,

2129 4806 2266 4876 πρὸς
2293 4806 2350 4858 δὲ
2373 4802 2533 4856 τοῦτο
2551 4802 2713 4865 αὐτὸς
2743 4803 2975 4873 ἐνεργεῖ,
2997 4800 3089 4853 καὶ
3113 4799 3271 4852 τοῦτο
3298 4798 3515 4863 πάντως
3541 4802 3691 4869 ἐνερ-

2127 4900 2318 4969 γήσει·
2371 4895 2512 4947 θέλει
2556 4892 2662 4963 γὰρ
2706 4894 2854 4963 ἡμᾶς
2884 4890 3059 4963 ὀρθῶς
3102 4890 3397 4961 ζῇν.⁹ορᾀς
3428 4891 3547 4955 πῶς
3591 4892 3692 4944 οὐκ

2128 4990 2436 5060 ἀφαιρεῖται
2465 4984 2527 5038 τὸ
2560 4981 2936 5049 αὐτεξούσιον;
2985 4981 3173 5037 Ταῦτα
3215 4980 3412 5035 πάντα
3449 4981 3689 5049 ποιεῖτε,

2130 5082 2282 5152 φησὶ,
2311 5082 2490 5150 χωρὶς
2528 5075 2882 5149 γογγυσμῶν
2907 5073 3006 5128 καὶ
3031 5073 3453 5146 διαλογισμῶν.
3472 5074 3528 5127 Ὀ
3572 5076 3690 5129 διά-

2130 5177 2282 5239 ϐολος
2308 5175 2523 5229 ἐπειδὰν
2556 5173 2631 5244 μὴ
2661 5170 2863 5242 δυνηθῇ
2892 5170 3039 5241 ἡμᾶς
3060 5168 3370 5237 ἀπαγαγεῖν
3392 5166 3486 5221 τοῦ
3510 5167 3691 5233 καλῶς

2131 5270 2323 5329 ποιεῖν,
2363 5265 2563 5337 ἐτέρως
2608 5262 2924 5334 τεχνάζεται
2949 5260 2977 5300 δ
3008 5261 3164 5332 ήμῶν
3193 5258 3425 5314 κενῶσαι
3468 5257 3558 5313 τὸν
3596 5275 3689 5329 μιο

2132 5363 2354 5418 σθόν.Ἢ
2386 5359 2493 5431 γάρ
2522 5358 2847 5426 κενοδοξίαν,
2875 5358 2909 5428 ἢ
2942 5358 3199 5412 ἀπόνοιαν
3223 5354 3608 5425 ἐπεισήγαγεν,
3629 5352 3689 5424 ἢ,

2192 5657 2217 5694 h
2241 5652 2750 5725 (ῖιιίδιὶηηᾷιδιρὶλυτον.
2818 5714 2831 5725 .
2867 5698 2887 5725 ι
3006 5714 3030 5725 λ
3072 5710 3086 5725 ν

2199 5721 2219 5749 ε
2244 5720 2321 5767 Sic
2343 5731 2455 5765 mss.
2485 5713 2616 5765 Edili
2652 5727 2793 5773 vero,
2813 5712 2978 5775 έτέρως
3006 5712 3239 5781 βούλεται.
