4108 6410
471 293 569 347 9M

473 410 523 461 εἱ
552 406 627 479 μὴ
654 405 833 472 τοῦτο,
862 409 1197 479 γογγυσμὸν,
1218 409 1274 479 ἢ,
1300 411 1349 462 εἰ
1386 409 1555 481 μηδὲν
1575 408 1801 470 τούτων,
1832 408 2043 479 διάκρι-

1110 293 1169 349 S.
1206 292 1494 349 JOANNIS
1530 290 2029 350 CHR‘YSOSTOMI
2067 289 2398 347 ARCHIEP.
2437 288 2998 347 CONSTANTINOP.

2148 406 2394 477 γυσμοῦ’
2440 406 2735 461 ἀπόλλυται
2781 407 2888 478 γάρ
2934 406 3031 460 καὶ
3076 406 3207 461 αὐτὸ
3246 406 3306 460 τὺ
3337 406 3721 479 γινόμενον.Ἶι

3614 295 3723 350 242

474 506 727 575 σιν.”ορα
753 504 933 558 τοίνυν
968 505 1083 569 πῶς
1110 506 1252 560 αὐτά
1273 501 2046 578 ἐκκαθαίρειόΠαῦλος.Εἷπε
2147 503 2244 573 οὐχ
2286 503 2439 575 ὁρᾷς,
2466 504 2548 556 ὅτι
2598 505 2693 556 καὶ
2740 504 2798 556 ὲν
2840 506 2963 567 ταῖς
3007 504 3207 567 οἰκίαις
3256 506 3378 567 ταῖς
3422 504 3723 576 ἡμετέραις

473 601 601 670 περὶ
646 602 746 672 τῆς
780 603 1279 675 ταπεινοφροσύνης
1326 605 1536 674 ὅσαπερ
1574 599 1761 668 εἶπεν,
1808 602 2049 673 ἀναιρῶν
2147 601 2321 656 ταῦτα
2365 602 2597 672 λέγομεν
2641 602 2747 665 ἀεὶ,
2792 600 3007 654 Βέλτιον
3054 601 3229 655 ταῦτα
3276 602 3350 673 μὴ
3393 601 3657 670 γίνεσθαι,
3687 603 3721 673 ἢ

473 698 728 752 ἀπόνοιαν
753 715 768 728 ’
818 693 939 754 εἷπε
984 704 1112 771 περὶ
1161 703 1260 773 τῆς
1303 702 1626 769 κενοδοξίας,
1659 702 1959 756 κατασπῶν
1994 702 2050 756 τὸ

475 796 732 868 φύσημαο
762 800 857 852 καὶ
882 799 1116 870 ἀλλαχοῦ
1148 800 1265 870 μὲν,
1295 801 1392 868 Μὴ
1410 802 1479 853 ὲν
1503 800 1577 869 τῇ
1610 802 1914 869 παρουσίᾳ
1932 818 2050 870 μου

470 897 695 965 μόνον’
730 896 876 965 λέγει
910 898 966 950 δὲ
1005 897 1238 951 ἐνταῦθα
1288 900 1419 970 περὶ
1466 898 1559 952 τοῦ
1609 898 1925 970 γογγυσμοῦ
1958 898 2054 952 καὶ

472 992 566 1044 τοῦ
594 992 955 1063 διακριτικοῦ.
998 993 1062 1045 Τί
1104 994 1301 1065 δήποτε
1343 995 1400 1048 δὲ
1438 996 1532 1049 ἐπὶ
1569 997 1667 1067 μὲν
1697 996 1807 1050 τῶν
1852 998 2053 1067 Κοριν-

475 1087 605 1141 θίων
635 1088 791 1141 τοῦτο
823 1088 884 1141 τὸ
929 1089 1101 1152 πάθος
1130 1091 1389 1162 ἀναιρῶν,
1419 1093 1792 1163 ἐμνημόνευσε
1822 1095 1916 1147 καὶ
1947 1092 2055 1145 τῶν

486 1184 853 1256 Ἰσραηλιτῶν,
884 1185 1117 1241 ἐνταῦθα
1157 1188 1213 1241 δέ
1253 1189 1401 1242 οὐδὲν
1442 1190 1680 1244 τοιοῦτον
1721 1186 1893 1256 εἶπεν,
1929 1192 2056 1244 ἀλλ’

475 1282 662 1347 ἁπλῶς
694 1284 988 1351 ἐπέταξεν;
1022 1286 1147 1339 Ὀτι
1176 1286 1293 1340 ἐκεῖ
1325 1288 1422 1359 μὲν
1461 1288 1751 1357 γενόμενον
1773 1289 1872 1361 ήδη
1900 1289 2057 1343 τοῦτο

470 1377 567 1449 ἦν·
606 1380 686 1434 διὸ
717 1382 813 1435 καὶ
844 1383 1208 1454 σφοδροτέρας
1241 1386 1460 1456 ἐδέησεν
1493 1386 1642 1456 αὐτῷ
1675 1387 1773 1458 τῆς
1819 1386 2053 1457 πλητῆςν

476 1478 569 1532 καὶ
618 1479 863 1548 μείζονος
910 1483 1008 1552 τῆς
1055 1483 1457 1554 ἐπιτιμήσεως·
1506 1483 1742 1537 ἐνταῦθα
1801 1484 1880 1551 δὲ,
1916 1484 2056 1539 ὥστε

478 1575 553 1645 μή
586 1575 859 1643 γενέσθαι,
898 1580 1172 1648 παραινεῖ.
1198 1578 1337 1642 Τοὺς
1370 1574 1463 1632 οῦν
1499 1580 1712 1634 οὐδέπω
1747 1582 2055 1653 ἡμαρτηκό-

474 1690 573 1735 τας
608 1674 861 1744 περιττὸν
888 1669 957 1745 ἦν
989 1675 1434 1745 πληκτικώτερον
1461 1677 1893 1747 ἀσφαλίζεσθαι·
1933 1678 2058 1731 ἐπεὶ

475 1771 569 1823 καὶ
602 1771 682 1834 εἰς
708 1772 1207 1844 ταπεινοφροσύνην
1238 1774 1449 1842 ἐνάγων
1488 1775 1548 1827 οὐ
1580 1775 1893 1847 παρέθηκεν
1921 1776 2057 1831 ὑπό-

473 1870 672 1940 δειγμα
720 1870 780 1923 τὸ
811 1873 869 1923 ἐν
904 1870 985 1941 τῷ
1019 1871 1359 1943 Εὐαγγελίῳ,
1394 1871 1524 1925 ἔνθα
1552 1873 1602 1925 οί
1632 1873 1889 1939 ἀλαζόνες
1932 1877 2057 1929 ἐκο-

473 1967 775 2040 λάσθησαν,
818 1969 934 2023 ἀλλ’
961 1969 1069 2023 ἀπὸ
1117 1969 1211 2023 τοῦ
1261 1970 1395 2023 Θεοῦ
1444 1969 1542 2041 τὴν
1594 1970 1915 2042 παραίνεσιν
1944 1974 2057 2025 εἰσ-

477 2068 672 2135 ήγαγε,
702 2067 798 2120 καὶ
831 2067 906 2131 ὡς
937 2067 1239 2139 ἐλευθέροις
1277 2068 1464 2131 αὐτοῖς
1505 2068 1834 2137 διαλέγεται,
1862 2069 1938 2134 ὡς
1963 2074 2056 2125 τέ-

476 2177 623 2226 κνοις
644 2162 909 2234 γνησίοις,
942 2163 1039 2234 οὐχ
1066 2163 1142 2226 ώς
1162 2143 1421 2226 οἰκέταις.
1443 2162 1533 2217 Ἐν
1563 2164 1799 2233 γάρ“τοῖς
1831 2165 2056 2234 ἀγαθοῖς

475 2258 506 2309 6
540 2260 636 2328 μὲν
663 2258 957 2329 εὐγνώμων
991 2260 1084 2312 καὶ
1108 2260 1337 2331 εὐγενὴς
1370 2260 1477 2315 ἀπὸ
1506 2261 1614 2315 τῶν
1648 2250 2055 2333 κατορθοῦντων

477 2355 749 2423 ὲνάγεται,
796 2355 824 2407 6
869 2355 926 2408 δὲ
968 2356 1236 2426 ἀγνώμων
1265 2359 1366 2411 οὐκ
1399 2358 1507 2411 ἀπὸ
1538 2358 1763 2424 τούτων,
1798 2359 1911 2411 ἀλλ’
1946 2359 2054 2412 ἀπὸ

472 2450 583 2504 τῶν
618 2451 1078 2521 τιμωρουμένων·
1128 2454 1336 2517 ἐκεῖνος
1367 2453 1475 2507 ἀπὸ
1524 2454 1625 2523 τῆς
1670 2454 1855 2524 τιμῆς,
1898 2448 2053 2517 οὗτος

475 2549 584 2602 ἀπὸ
609 2548 708 2619 τῆς
734 2548 1028 2611 κολάσεως.
1064 2548 1163 2602 Διά
1195 2548 1354 2602 τοῦτο
1386 2550 1481 2603 καὶ
1521 2550 1795 2620 Ἑϐραίοις
1822 2552 2050 2622 γράφων

474 2645 649 2713 ἔλεγε,
699 2644 790 2697 τὸν
831 2644 1000 2698 Ἡσαῦ
1050 2645 1130 2707 είς
1184 2645 1346 2715 μέσον
1395 2646 1768 2715 παραγαγὼν,
1817 2647 1877 2710 ὃς
1932 2646 2054 2700 ἀντὶ

477 2741 736 2812 βρώσεως
766 2743 894 2810 μιᾶς
927 2741 1158 2794 ἀπέδοτο
1200 2742 1270 2795 τά
1310 2744 1657 2812 πρωτοτόκια
1682 2762 1697 2775 ·
1735 2744 1837 2797 καὶ
1866 2745 2050 2809 πάλιν,

487 2839 631 2892 Ἐὰν
665 2838 1118 2905 ὑποστείληται,
1151 2841 1263 2892 οὐκ
1291 2839 1589 2909 εὐδοκεῖή
1613 2842 1785 2911 ψυχή
1824 2860 1945 2911 μου
1982 2843 2053 2896 ἐν

471 2933 652 3000 αὐτῷ.
689 2937 801 2988 Καὶ
849 2938 906 2988 ἐν
956 2937 1069 2999 τοῖς
1116 2936 1428 3006 Κορινθίοις
1478 2938 1536 2991 δὲ
1584 2939 1771 2993 πολλοὶ
1820 2935 1962 3011 ἦσαν
2001 2941 2051 2994 οἰ

474 3030 871 3101 πορνεύσαντες
892 3046 905 3060 ·
937 3031 1024 3084 διὰ
1047 3031 1204 3085 τοῦτο
1238 3032 1415 3102 ἔλεγε,
1447 3034 1543 3103 Μὴ
1583 3034 1769 3090 πάλιν
1798 3036 2054 3091 ἐλθόντα

469 3145 546 3197 με
595 3126 742 3193 πρὸς
791 3124 945 3195 ὑμᾶς
991 3127 1331 3197 ταπεινώσῃ
1366 3133 1400 3183 ὁ
1436 3132 1579 3198 Θεός
1610 3150 1750 3202 μου,
1786 3131 1882 3186 καί
1913 3147 2054 3187 πεν-

476 3224 642 3293 θήσω
665 3224 936 3289 πολλοὺς
975 3223 1093 3278 τῶν
1115 3229 1660 3295 προημαρτηκότων
1704 3228 1801 3283 καί
1834 3227 1919 3299 μὴ
1948 3246 2053 3299 με·

472 3324 901 3389 πενθησάντων
931 3322 1031 3376 ἐπὶ
1060 3323 1135 3392 τῇ
1168 3324 1503 3395 ἀκαθαρσίᾳ
1532 3328 1631 3382 καί
1674 3330 1921 3398 πορνείᾳ
1954 3330 2050 3383 καί

472 3418 780 3487 ἀσελγείᾳ,
821 3413 860 3489 ᾗ
890 3418 1321 3486 ἐπραξαν.”1να
1349 3422 1631 3490 γένησθε,
1656 3425 1840 3493 φησὶν,
1874 3426 2054 3496 ἆμεμο

473 3530 607 3567 πτοι
647 3514 743 3568 καὶ
769 3514 1052 3583 ἀκέραιοι,
1082 3518 1376 3582 τουτέστιν,
1409 3519 1660 3589 ἄληπτοι,
1694 3520 2009 3593 εἰλικρινεῖς
2032 3542 2046 3554 θ

473 3613 534 3663 οὐ
564 3612 767 3682 μικράν
797 3612 904 3683 γάρ
941 3613 1206 3683 προσάγει
1226 3613 1379 3687 [259]
1398 3617 1590 3686 κηλῖδα
1606 3620 1633 3671 6
1650 3620 2053 3690 γογγυσμός.Τί

473 3706 528 3759 δέ
558 3709 694 3770 ἐστι,
726 3708 911 3775 Χωρίς
942 3708 1349 3780 διαλογισμῶν
1364 3728 1383 3775 ;
1409 3707 1517 3783 ἆρα
1540 3714 1721 3778 καλὸν,
1742 3710 1850 3785 ἆρα
1870 3716 1930 3769 οὐ
1952 3734 2053 3768 κα-

472 3802 596 3867 λόν;
623 3802 714 3872 Μὴ
742 3803 1126 3871 διαλογίζεσθε.
1154 3805 1306 3877 φησί,
1338 3807 1440 3860 κᾶν
1468 3807 1629 3871 πόνος
1657 3805 1713 3881 ᾗ,
1751 3810 1851 3863 κᾶν
1872 3812 2052 3881 κάμα-

474 3916 561 3960 τος
578 3892 633 3971 ᾖ,
648 3897 749 3951 κᾶν
759 3896 953 3951 ὁτιοῦν.
970 3900 1082 3953 Οὐκ
1097 3896 1392 3965 εἶπεν,”ῐνα
1406 3903 1479 3973 μὴ
1498 3904 1813 3974 κολασθῆτε·
1834 3906 2051 3971 κόλασις

473 3995 581 4063 γάρ
611 3994 897 4047 ἀπόκειται
925 3994 1003 4065 τῷ
1040 3997 1356 4068 πράγματι·
1402 3998 1495 4052 καὶ
1532 3998 1690 4053 τοῦτο
1724 4002 1781 4053 ἐν
1822 4004 1890 4073 τῇ
1916 4003 2052 4073 πρὸς

472 4090 791 4161 Κορινθίους
818 4090 1084 4162 ἐδήλωσεν
1124 4092 1439 4165 Ἐπιστολῇσ
1472 4095 1588 4149 ἀλλ’
1618 4097 1850 4151 ἐνταῦθα
1900 4100 2051 4154 οὐδὲν

472 4186 712 4240 τοιοῦτον
746 4183 916 4251 εἶπεν,
941 4187 1216 4253 ἀλλ’,Ἵνα
1238 4190 1515 4259 γένησθε,
1541 4192 1726 4262 φησὶν,
1757 4192 2049 4263 ἄμεμπτοι

472 4284 569 4340 καί
591 4284 874 4351 ἀκέραιοι,
899 4284 1077 4338 τέκνα
1101 4286 1247 4340 Θεοῦ
1271 4288 1553 4356 ἀμώμητα
1572 4288 1819 4358 ἐνμέσῳ
1841 4289 2051 4359 γενεᾶς

471 4379 725 4446 σκολιᾶς
748 4381 846 4434 καί
875 4380 1366 4451 διεστραμμένης,
1400 4385 1470 4437 ἐν
1502 4379 1593 4450 οἷς
1624 4387 1934 4454 φαίνεσθε,
1964 4388 2046 4456 ὡς

470 4475 783 4546 φωστῆρες
816 4477 885 4529 ὲν
912 4480 1137 4547 κόσμῳ,
1170 4479 1355 4548 λόγον
1392 4479 1542 4547 ζωῆς
1583 4482 1925 4551 ἐπέχοντες,
1960 4488 2049 4552 είς

469 4573 749 4640 καύχημα
784 4573 911 4636 ἐμοὶ
942 4576 1030 4639 εις
1060 4575 1287 4646 ἡμέραν
1323 4576 1780 4650 Χριστοῦ.⁹υρᾷς
1808 4582 1889 4633 ὅτι
1920 4599 2048 4635 παι-

468 4666 611 4719 δεύει
642 4666 866 4730 τούτους
913 4668 987 4738 μὴ
1023 4669 1312 4737 γογγύζειν
1336 4688 1349 4735 ;
1377 4672 1539 4724 Ὥστε
1562 4672 1762 4728 δούλων
1799 4675 2047 4746 ἀγνωμό-

468 4780 576 4817 νων
621 4764 718 4818 καὶ
762 4764 1103 4836 ἀναισθήτων
1125 4768 1187 4821 τὸ
1223 4770 1532 4837 γογγύζειν.
1567 4773 1727 4836 Ποῖος
1763 4772 1892 4844 γὰρ,
1922 4773 2043 4827 εἰπέ

471 4876 584 4929 μοι,
616 4859 730 4922 υἱὸς
763 4861 819 4912 ἐν
850 4863 965 4924 τοῖς
1004 4862 1097 4915 τοῦ
1135 4864 1340 4934 πατρὸς
1368 4864 1562 4928 πονῶν,
1597 4867 1692 4920 καί
1735 4868 1912 4939 ἑαυτῷ
1945 4886 2046 4921 πο-

468 4955 576 5008 νῶν
605 4954 901 5023 γογγύζεις
950 4958 1251 5029 Ἐννόησον,
1278 4961 1465 5029 φησὶν,
1498 4962 1579 5015 ὅτι
1628 4963 1808 5034 σαυτῷ
1838 4969 2041 5033 πονεῖς,

467 5050 551 5105 ὅτι
572 5050 752 5121 σαυτῷ
777 5051 1051 5119 συνάγεις.
1068 5054 1318 5108 Ἐκείνων
1336 5056 1463 5110 ἴδιον
1485 5058 1546 5111 τὸ
1564 5059 1795 5127 γογγύζε
1805 5079 1851 5113 ιν
1873 5064 2041 5127 ἐστὶν,

468 5146 598 5199 ὃταν
642 5147 851 5218 ἑτέροις
894 5146 1151 5215 πονῶσιν,
1181 5150 1308 5204 ὅταν
1347 5152 1555 5223 ἑτέροις
1580 5154 1879 5225 κάμνωσιν.
1899 5158 1955 5212 Ὀ
1983 5159 2041 5212 δὲ

470 5242 648 5313 ἐαυτῷ
679 5243 969 5310 συλλέγων,
1005 5244 1147 5308 τίνος
1173 5246 1357 5299 ἐνεκεν
1385 5248 1675 5318 γογγύζει;
1708 5252 1786 5305 ὅτι
1817 5255 1844 5305 6
1879 5254 2042 5308 πλοῦ-

468 5358 560 5405 τος
612 5342 776 5395 αὐτοῦ
819 5343 919 5396 οὐκ
963 5342 1218 5408 αῦξεται;
1276 5345 1415 5399 Ἀλλ’
1457 5347 1557 5401 οὐκ
1611 5348 1725 5403 ἔστι
1772 5351 1947 5407 τοῦτο.
1984 5354 2042 5407 '0

473 5438 652 5490 ἑκοντὶ
694 5440 786 5492 καὶ
834 5439 907 5509 μὴ
940 5442 1060 5493 κατ’
1095 5441 1340 5512 ἀνάγκην
1389 5443 1556 5496 ποιῶν
1575 5457 1623 5508 ε,
1664 5447 1808 5511 τίνος
1856 5448 2041 5502 ἕνεκεν

470 5534 765 5603 γογγύζει;
808 5538 1027 5591 Βέλτιον
1077 5538 1241 5610 μηδὲν
1290 5541 1644 5611 ἐργάσασθαι,
1679 5544 1711 5615 ἢ
1745 5545 1879 5617 μετά
1910 5565 2039 5616 γογ-

534 5736 558 5766 ⁸
580 5737 861 5800 Legendum
883 5743 1056 5803 πονῶν,
1086 5746 1253 5791 monet
1273 5740 1502 5791 Danaus.

2154 700 2291 770 μετά
2321 699 2634 769 γογγυσμοῦ
2659 716 2673 764 ;
2708 700 2803 752 καὶ
2845 699 3101 763 πολλάκις
3127 698 3380 769 εἱλόμεθα
3411 698 3510 770 τῆς
3539 699 3724 753 διακο-

2152 802 2271 861 νίας
2320 800 2760 873 ἀποστερηθῆναι
2815 804 2913 872 τῆς
2964 801 3257 871 ἡμετέρας,
3287 800 3322 871 ἢ
3365 800 3727 870 γογγύζοντος

2152 900 2481 971 ἀνασχέσθαι
2510 919 2525 967 ;
2557 900 2736 954 Δεινὺν
2761 899 2891 971 γὰρ,
2922 899 3093 953 δεινὸν
3121 902 3149 953 6
3176 899 3485 969 γογγυσμός
3508 915 3522 929 ·
3561 900 3727 967 ἐγγὺς

2155 995 2499 1066 βλασφημίας
2534 995 2681 1050 ἐστίν
2699 997 2867 1049 σ’ὲπεὶ
2890 996 3030 1059 τίνος
3060 995 3246 1048 ἕνεκεν
3288 994 3555 1064 τοσαύτην
3581 996 3726 1048 ἐκεῖ-

2153 1111 2233 1146 νοι
2288 1094 2495 1146 ἔδωκαν
2545 1094 2735 1164 δίκην;
2779 1092 3094 1165 Ἀχαριστία
3136 1092 3197 1145 τὸ
3224 1091 3459 1163 πρᾶγμά
3482 1091 3727 1145 ἐστιν.’0

2154 1190 2441 1259 γογγύζων
2490 1191 2777 1261 ἀχαριστεί
2823 1188 2902 1259 τῷ
2943 1187 3092 1258 Θεῷ’
3147 1189 3175 1241 6
3218 1186 3274 1239 δὲ
3311 1187 3623 1259 ἀχαριστῶν
3650 1187 3728 1258 τῷ

2154 1286 2293 1358 Θεῷ,
2332 1287 2441 1359 ἀρα
2467 1286 2803 1358 βλάσφημος.
2840 1287 3092 1341 Μάλιστα
3121 1285 3221 1357 μὲν
3250 1286 3358 1357 γὰρ
3385 1285 3505 1338 τότε
3536 1302 3728 1358 πειρα-

2157 1385 2288 1456 σμοὶ
2318 1389 2558 1456 συνεχεῖς
2582 1381 2740 1456 ἦσαν,
2774 1386 2867 1438 καὶ
2898 1383 3191 1454 ἐπάλληλοι
3225 1383 3474 1444 κίνδυνοι,
3505 1382 3730 1452 οὐδεμία

2156 1481 2481 1547 ἀνάπαυσις,
2512 1482 2733 1552 οὐδεμία
2761 1481 2942 1543 ἄνεσις
2961 1522 2976 1545 ,
3012 1480 3180 1551 μυρία
3213 1479 3477 1534 πάντοθεν
3506 1480 3727 1553 ἐπέρρει

2157 1580 2336 1633 δεινά·
2370 1578 2467 1632 νῦν
2488 1578 2547 1632 δὲ
2570 1580 2761 1650 εἰρήνη
2788 1577 2999 1648 βαθεῖα,
3032 1576 3124 1631 νῦν
3153 1576 3442 1648 εὐμάρεια.

2226 1773 2293 1844 γ’.
2314 1774 2470 1839 Τίνος
2481 1769 2573 1829 οῦν
2586 1776 2770 1829 ἕνεκεν
2781 1772 3067 1844 γογγύξεις
3082 1792 3095 1840 ;
3109 1775 3190 1828 ὅτι
3207 1774 3371 1845 πένης
3402 1772 3540 1826 Ἀλλ’
3558 1773 3727 1826 ἐννόει

2155 1872 2245 1926 τὸν
2278 1870 2575 1928 Ἰώ6.Ἀλ).’
2605 1873 2686 1925 ὅτι
2721 1875 2933 1937 νοσεῖς;
2977 1872 3043 1925 Τί
3078 1867 3194 1936 οὖν,
3232 1873 3280 1924 εί
3314 1868 3550 1923 τοσαῦτα
3599 1887 3726 1923 συν-

2155 1967 2311 2032 ειδὼς
2356 1968 2536 2036 ἀγαθά
2587 1967 2768 2038 σαυτῷ
2815 1969 2911 2020 καὶ
2938 1966 3358 2038 κατορθώματα,
3387 1967 3486 2020 ὅσα
3515 1968 3542 2018 6
3575 1965 3729 2033 ἆγιος

2156 2066 2384 2129 ἐκεῖνος,
2422 2064 2684 2135 ὲνόσησας
2705 2064 2767 2129 ὃς
2817 2064 3015 2119 Ἐννόει
3042 2064 3205 2118 πάλιν
3231 2067 3456 2127 ἐκεῖνον,
3480 2064 3561 2116 ὅτι
3588 2064 3729 2115 ἐκεῖ·

2155 2178 2244 2224 νος
2272 2160 2364 2214 ἐπὶ
2395 2160 2559 2213 πολὺν
2590 2160 2780 2231 χρόνον
2811 2160 3099 2230 σκώληκας
3131 2159 3330 2232 βρύων,
3362 2162 3454 2215 καὶ
3493 2159 3585 2212 ἐπὶ
3630 2158 3729 2227 τῆς

2154 2258 2384 2328 κοπρίας
2422 2257 2752 2328 καθήμενος,
2781 2258 2874 2311 καὶ
2920 2257 3014 2310 τὸν
3069 2256 3239 2328 ἰχῶρα
3288 2257 3423 2323 ξὲων
3463 2254 3684 2310 διετέλει
3709 2269 3725 2284 ο

2154 2356 2382 2424 Χρόνου
2433 2353 2562 2425 γάρ,
2617 2355 2770 2425 φησὶ,
2818 2353 3049 2407 πολλοῦ
3111 2352 3555 2422 παρῳχηκότος,
3582 2345 3729 2403 ,εἷπε

2154 2451 2304 2519 πρὸς
2328 2450 2516 2506 αὐτὸν
2539 2452 2577 2519 ὴ
2604 2450 2758 2520 γυνή
2776 2467 2791 2483 ο
2818 2448 3006 2519 Μέχρι
3028 2450 3193 2516 τίνος
3223 2447 3610 2519 καρτερήσεις
3630 2449 3729 2501 λέ-

2152 2565 2292 2618 γων,
2322 2548 2614 2618 Ἁναμένω
2642 2548 2865 2617 χρόνον
2893 2548 2981 2601 ἔτι
3006 2549 3220 2617 μικρόν
3236 2564 3256 2609 ;
3283 2546 3456 2600 εἰπόν
3488 2563 3543 2598 τι
3565 2544 3730 2613 ῥῆμα

2153 2646 2302 2713 πρὸς
2327 2645 2567 2713 Κύριον,
2585 2645 2687 2699 καί
2710 2646 2977 2699 τελεύτα.
2996 2644 3154 2698 Ἀλλά
3182 2646 3312 2707 παῖς
3335 2660 3429 2695 σου
3457 2640 3727 2707 ἀπέθανε;

2153 2742 2219 2794 Τί
2266 2736 2379 2807 οὖν,
2408 2742 2457 2795 εἰ
2503 2742 2711 2805 πάντας
2758 2741 3048 2807 ἀπέϐαλες,
3079 2744 3173 2795 καὶ
3222 2740 3437 2811 θανάτῳ
3485 2737 3725 2808 πονηρῷ,

2153 2837 2339 2909 ὥσπερ
2373 2840 2615 2904 ἐκεῖνος;
2648 2840 2792 2892 Ἴστε
2820 2837 2953 2910 γάρ,
2986 2839 3099 2891 ἴστε
3135 2838 3220 2892 ὅτι
3251 2837 3453 2907 πολλὴν
3482 2834 3594 2905 ἔχει
3623 2850 3728 2885 πα-

2157 2936 2427 3007 ραμυθίαν
2473 2936 2535 2988 τὸ
2581 2936 3003 3007 παρακαθῆσθαι
3048 2936 3313 2997 νοσοῦντι,
3343 2933 3407 2987 τὸ
3436 2930 3729 2999 συμϐαλεῖν

2155 3033 2353 3103 στόμα,
2384 3032 2445 3085 τὸ
2479 3032 2647 3103 μύσαι
2676 3032 3007 3103 ὀφθαλμοὺς,
3036 3032 3097 3086 τὸ
3141 3030 3383 3102 ἅψασθαι
3430 3029 3725 3099 γενειάδος,

2153 3130 2214 3183 τὸ
2249 3129 2317 3183 τά
2344 3129 2625 3183 τελευταῖα
2654 3129 2884 3183 ἀκοῦσαι
2931 3131 3170 3201 ῥήματα.
3191 3128 3329 3182 Ἀλλ’
3361 3126 3575 3189 οὐδενὸς
3605 3124 3729 3177 τού-

2152 3244 2260 3280 των
2279 3225 2484 3297 ήξιώθη
2513 3228 2541 3279 6
2562 3228 2790 3294 δίκαιος,
2814 3228 2950 3281 ἀλλά
2986 3227 3184 3291 πάντες
3214 3226 3349 3298 ὁμοῦ
3378 3222 3726 3295 κατεχώσθη-

2155 3340 2274 3378 σαν.
2312 3324 2421 3377 Καὶ
2448 3323 2500 3377 τί
2532 3324 2704 3376 ταῦτα
2730 3323 2899 3393 λέγω;
2939 3325 2989 3376 εἰ
3017 3323 3357 3395 προσετάγης
3385 3320 3545 3383 αὐτὸς
3590 3318 3727 3387 σφά-

2153 3420 2242 3486 ξαι
2272 3422 2361 3475 τὸν
2393 3421 2506 3474 υίόν
2540 3438 2633 3474 σου
2660 3421 2755 3475 καὶ
2781 3421 3081 3475 καταθῦσαι
3126 3418 3274 3493 [260]
3321 3419 3417 3473 καὶ
3458 3416 3728 3472 καυθέντα

2109 3520 2116 3530 ’
2158 3518 2305 3580 ἰδεῖν,
2346 3518 2593 3589 καθάπερ
2629 3521 2656 3570 6
2690 3519 2958 3587 μακάριος
2988 3518 3194 3579 ἐκεῖνος
3218 3517 3246 3568 6
3277 3515 3643 3585 πατριάρχης,
3673 3511 3727 3564 τί

2156 3612 2222 3666 ἂν
2247 3614 2507 3683 ἐποίησας
2528 3631 2542 3679 ;
2583 3614 2818 3677 Ἐκεῖνος
2842 3614 2899 3667 δὲ
2925 3614 3008 3676 τίς
3029 3614 3137 3684 ἄρα
3160 3609 3228 3681 ἦν
3256 3612 3316 3663 τὸ
3342 3609 3728 3679 θυσιαστήριον

2154 3708 2472 3779 οἰκοδομῶν,
2507 3712 2576 3764 τά
2622 3709 2752 3775 ξύλα
2793 3708 3073 3774 ἐπιτιθεὶς,
3110 3704 3456 3777 συμποδίζων
3499 3702 3560 3755 τὸ
3593 3720 3725 3757 παι-

2153 3803 2297 3870 δίον;
2339 3805 2476 3857 Ἀλλ’
2505 3805 2823 3869 ὀνειδίζουσί
2869 3804 2929 3857 σέ
2961 3820 3143 3870 τινες;
3193 3802 3289 3865 Τίς
3334 3802 3398 3855 ἂν
3443 3796 3534 3854 οὖν
3563 3795 3650 3870 ἧς,
3675 3801 3725 3853 εἰ

2155 3898 2306 3969 παρὰ
2333 3900 2499 3967 φίλων
2528 3901 2619 3953 ἐπὶ
2649 3899 3001 3972 παραμυθίαν
3023 3899 3263 3971 ἡκόντων
3292 3897 3488 3967 ἢκουες
3514 3894 3723 3956 ταῦτα;

2154 3999 2267 4052 Νῦν
2295 3999 2395 4069 μὲν
2419 4000 2528 4069 γάρ
2556 4001 2931 4070 ἁμαρτήματα
2964 3998 3158 4068 ἔχομεν
3195 3996 3383 4061 πολλὰ,
3415 3994 3510 4047 καὶ
3539 3991 3726 4045 ὀνειδι-

2154 4093 2359 4164 ζόμεθα
2400 4095 2658 4158 εἰκότως’
2707 4095 2828 4147 τότε
2872 4094 2930 4147 δὲ
2979 4070 3182 4156 ἐκεῖνος
3215 4094 3243 4145 ὁ
3270 4090 3543 4162 ἀληθινὸς,
3575 4090 3603 4141 6
3642 4088 3725 4141 δί-

2153 4208 2327 4255 καιος,
2352 4192 2381 4243 6
2405 4192 2680 4263 θεοσεϐὴς,
2703 4193 2731 4245 6
2762 4191 3096 4262 ἀπεχόμενος
3121 4189 3230 4243 ἀπὸ
3257 4187 3457 4251 παντὸς
3487 4185 3723 4257 πονηροῦ

2153 4288 2496 4359 πράγματος,
2519 4289 2776 4342 τάναντία
2797 4290 3000 4341 τούτων
3028 4287 3192 4359 ἤκουε
3221 4286 3370 4356 παρά
3398 4285 3505 4339 τῶν
3527 4285 3719 4355 φίλων.

2152 4385 2216 4437 Τί
2243 4383 2320 4448 δὲ,
2356 4384 2477 4438 εἰπέ
2518 4401 2628 4455 μοι,
2662 4387 2709 4437 εἰ
2737 4384 2834 4455 τῆς
2862 4383 3114 4453 γυναικὸς
3138 4381 3498 4453 όνειδιζούσης
3527 4383 3721 4453 ήκουες

2152 4481 2430 4551 λεγούσης,
2451 4481 2595 4550 Ἐγὼ
2616 4480 2913 4549 πλανῆτις
2934 4481 3030 4536 καὶ
3052 4480 3279 4549 λάτρις,
3310 4481 3499 4533 τόπον
3524 4479 3593 4532 ἐκ
3620 4478 3718 4531 τό·

2150 4595 2287 4643 που,
2322 4579 2423 4633 καὶ
2442 4580 2638 4632 οὶκίαν
2666 4578 2735 4641 ἐξ
2771 4578 2963 4642 οἰκίας
2989 4576 3434 4647 περιερχομένη,
3463 4575 3719 4645 προσδε-

2149 4676 2372 4745 χομένη
2408 4677 2514 4729 τὸν
2539 4675 2717 4743 ἣλιον
2742 4675 2886 4727 πότε
2920 4673 3113 4738 δύσει,
3150 4675 3249 4727 καὶ
3293 4674 3718 4742 ἀναπαύσομαι

2148 4771 2266 4825 τῶν
2291 4769 2700 4840 περιεχουσῶν
2726 4786 2803 4838 με
2828 4769 3101 4833 dam-(Br;
3141 4769 3298 4832 Τίνος
3333 4770 3516 4823 ἕνεκεν
3545 4769 3716 4824 ταῦτα

2146 4866 2342 4935 λέγεις,
2369 4861 2415 4921 ὧ
2438 4867 2630 4937 ἀνόητε
2652 4882 2665 4929 ;
2705 4866 2779 4937 μὴ
2810 4866 2919 4937 γάρ
2945 4868 2973 4920 6
3003 4866 3143 4938 ἁνήρ
3169 4884 3250 4920 σοι
3278 4865 3481 4919 τούτων
3508 4866 3711 4931 αίτιος;

2147 4964 2259 5034 Οὐχ
2306 4956 2477 5029 οὗτος,
2510 4962 2622 5015 ἀλλ’
2650 4965 2679 5015 6
2725 4962 2987 5025 διάϐολος.
3029 4963 3215 5015 Εἰπόν
3256 4978 3313 5016 τι
3349 4961 3515 5031 ῥῆμα
3563 4961 3714 5030 πρὸς

2145 5062 2379 5129 Κύριον,
2410 5058 2562 5128 φησὶ,
2595 5059 2691 5113 καί
2752 5061 3021 5114 τελεύτα.
3070 5056 3224 5125 Εἶτα,
3265 5060 3331 5113 ἂν
3380 5062 3409 5113 6
3463 5060 3714 5131 κείμενος

2146 5158 2273 5230 εἴπῃ
2327 5158 2420 5210 καὶ
2469 5158 2787 5230 τελευτήσῃ,
2820 5160 2883 5212 σὺ
2940 5160 3087 5230 ῥᾴων
3136 5158 3397 5226 γέγονας;
3448 5159 3562 5212 Οὐκ
3600 5158 3712 5210 ἔστι

2144 5256 2295 5318 νόσος
2321 5253 2535 5323 ἐκείνης
2565 5255 2940 5326 χαλεπωτέρα,
2969 5255 3072 5309 κᾶν
3105 5257 3360 5328 μυριάκις
3390 5257 3572 5327 εἴπῃς.
3598 5254 3714 5306 Τοι-

2146 5353 2281 5421 αύτη
2310 5348 2396 5423 ἦν,
2427 5352 2502 5415 ώς
2536 5354 2669 5424 μηδὲ
2700 5356 2757 5407 ἐν
2786 5353 2932 5425 οἰκίᾳ
2978 5353 3073 5407 καί¹
3116 5354 3423 5425 ὑπωρόφιον
3455 5349 3591 5405 εἶναι
3619 5351 3714 5405 δύ-

2143 5448 2358 5503 νασθαι’
2387 5449 2609 5521 τοιαύτη
2632 5447 2718 5522 ἦν,
2748 5452 2822 5516 ὡς
2851 5453 3056 5515 πάντας
3090 5452 3474 5523 ἀπαγορεύειν.
3502 5453 3576 5505 υύ
3604 5450 3713 5524 γάρ

2141 5550 2225 5616 ἂν,
2256 5551 2303 5602 εἰ
2334 5548 2407 5619 μὴ
2435 5550 2627 5603 ἀνίατα
2657 5552 2931 5623 ἐνόσησεν,
2960 5551 3063 5618 ἔξω
3094 5551 3193 5623 τῆς
3222 5552 3428 5616 πόλεως
3454 5550 3713 5621 ἐκάθητο,

2204 5747 2229 5786 b
2256 5751 2385 5813 L036
2413 5752 2642 5809 ἐνὸσησας
2661 5754 2733 5799 ἂν.
