2054 3205
215 180 263 208 241

213 244 286 265 recte
309 236 430 264 voramus
444 243 453 264 :
469 234 519 262 hoc
539 232 611 262 enim
632 232 689 268 ipse
709 232 777 260 vult.
792 230 873 260 Vides
885 237 900 258 a
916 229 998 258 Paulo

213 283 323 311 minimc
333 282 390 310 tolli
400 281 503 309 arbitrii
512 278 685 308 libertatem?
700 277 763 305 Hae
779 277 867 305 omnia
876 297 883 309 .
899 276 995 311 inquit,

208 329 289 365 facile
301 329 356 356 uiue
366 325 604 354 muruwrationibus
614 330 638 351 et
648 322 856 351 lttzsitatiom'bus.
872 322 997 349 Diabolus

212 375 256 404 ubi
267 382 317 403 nos
327 373 463 402 abducere
477 372 586 400 minime
601 370 717 406 potuerit
726 390 734 402 ,
749 369 814 405 quin
828 373 901 396 recte
913 367 992 395 facia-

205 429 281 454 mus,
304 421 356 448 alia
370 419 483 455 quadam
505 418 609 454 ratione
623 417 732 446 molitur
754 416 862 444 inanem
883 414 996 443 reddere

212 467 363 495 mercedem
384 470 514 493 nostram.
527 464 593 493 Nam
612 464 655 492 vel
667 471 743 491 vanae
754 463 847 497 glorise
865 468 994 494 amorem,

210 513 253 541 vel
275 512 452 548 arrogantiam
467 511 582 544 induxit,
604 510 645 537 vel
665 509 688 537 si
708 508 774 537 nihil
798 509 904 541 horum,
919 515 996 535 mur-

210 559 398 590 murationem,
412 557 455 585 vel
476 556 572 585 saltem
582 555 789 586 htesitationem.
801 555 839 582 Ac
850 553 912 582 vide
925 560 994 588 quo-

210 604 288 632 ntodo
303 604 360 631 haec
374 607 468 638 purget
481 602 578 629 Paulus
593 610 599 628 :
615 601 681 628 dixit
701 600 734 627 de
748 600 829 627 animi
846 599 994 626 humilitate

209 656 383 684 quaecumque
404 648 459 683 jam
482 648 636 680 audivistis,
665 646 843 681 arrogantiam
866 645 992 680 abigens,

209 695 275 722 dixit
287 695 321 722 de
334 695 419 721 inanis
431 694 522 729 gloriae
535 693 633 725 studio,
647 692 826 726 comprimens
841 696 972 718 tumorem
984 698 990 722 ;

208 746 236 768 ct
248 741 310 768 alibi
321 741 439 776 quidem,
456 739 517 766 Non
532 741 556 766 in
566 739 710 775 prwrentia,
721 739 815 772 inquit.
825 738 872 764 mei
882 742 992 769 tantum;

209 796 277 815 nunc
290 795 354 815 vero
363 787 487 814 nonnulla
495 787 567 813 addit
578 786 610 813 de
623 785 833 812 murmuratione
847 789 871 810 et
887 783 993 810 haesita-

208 834 289 860 tione.
318 833 370 859 (jur
396 837 484 859 autem
512 839 572 859 cum
597 831 743 858 Corinthiis
769 830 898 856 adimeret
922 829 992 856 hunc

208 879 338 910 morbum,
353 879 527 906 lsraclitarutn
542 878 620 905 etiam
637 877 797 904 mentionem
807 876 867 903 fecit
881 876 919 910 (l.
930 875 990 903 Cor.

207 927 325 961 10.10);
341 927 391 954 hoc
404 931 493 953 autem
507 926 565 953 loco
578 925 642 953 nihil
659 924 808 959 hujusmodi
827 924 925 955 attulit,
944 923 990 950 sed

205 974 361 1008 simpliciter
374 973 499 1007 prmcepit
509 973 520 999 ?
531 972 660 1005 Quoniam
675 972 711 998 illi
722 972 755 998 ab
770 971 819 998 hoc
833 971 926 997 morbo
935 970 989 1004 jam

207 1021 309 1047 fuerant
323 1020 444 1054 occupati
461 1028 467 1045 ε
484 1019 656 1054 quamobrem
677 1019 755 1045 altius
777 1018 875 1044 inferre
894 1017 989 1044 vulnus

205 1075 315 1094 necesse
335 1067 457 1099 habebat,
485 1074 515 1093 ac
542 1066 726 1094 vehementius
748 1065 889 1100 objurgarc
914 1074 921 1092 :
947 1064 989 1090 hic

204 1122 278 1146 vero,
294 1121 327 1140 tte
342 1121 371 1140 se
384 1113 508 1147 occupari
532 1113 621 1139 sinant
635 1116 736 1139 monet.
761 1111 840 1146 Igitur
854 1119 914 1145 erga
930 1118 987 1143 eos,

204 1160 247 1194 qui
262 1159 378 1186 ttondum
391 1163 541 1193 peccaram,
561 1164 753 1192 supervacuum
766 1161 822 1183 erat
836 1156 989 1183 durioribus

203 1205 291 1231 verbis
306 1205 352 1236 uti,
369 1212 423 1240 quo
435 1204 485 1231 sibi
500 1208 634 1231 caverent.
649 1203 713 1230 Nam
726 1208 753 1230 et
765 1203 799 1230 ad
811 1203 986 1230 humilitatem

202 1251 337 1277 adducens
361 1258 414 1277 non
436 1250 524 1277 attttlit
544 1250 694 1284 exemplum
710 1249 773 1276 illud
785 1256 817 1275 cx
834 1249 986 1283 Evangelio,

203 1296 246 1323 ulti
260 1296 434 1329 superborum
450 1295 608 1330 supplicium
622 1299 754 1325 narratur,
769 1294 855 1321 scdab
864 1294 987 1327 exemplo

202 1342 249 1369 Dei
261 1342 468 1369 admonitionem
484 1342 576 1374 duxit,
592 1342 709 1375 ipsisque
724 1341 833 1368 omnino
848 1345 875 1367 ut
899 1340 986 1374 legiti-

202 1389 252 1415 mis
267 1388 328 1414 liliis
343 1388 468 1422 loquitur,
485 1396 536 1414 non
556 1392 584 1414 ut
606 1388 720 1414 famulis.
735 1387 839 1414 Etenim
855 1387 887 1414 ad
902 1387 986 1413 virtu-

202 1440 254 1462 tem
268 1435 431 1467 sequendam
446 1435 467 1461 is
482 1435 525 1469 qui
547 1434 614 1461 bona
636 1438 662 1461 et
675 1442 804 1469 generosa
819 1438 906 1461 mente
919 1441 987 1468 prm-

201 1481 271 1507 tlitus
290 1485 340 1511 est,
357 1480 479 1514 exemplo
506 1488 597 1507 eorunt
627 1480 671 1514 qui
696 1484 769 1507 recte
797 1487 826 1506 se
846 1483 987 1514 gesserunt

200 1525 340 1553 adducitur
354 1533 360 1552 :
376 1526 398 1552 is
410 1533 472 1552 vero
482 1525 525 1552 ctti
540 1525 622 1552 tnalus
633 1525 746 1557 animus,
760 1532 851 1552 eorntn
861 1524 986 1559 exemplo

201 1572 244 1607 qui
258 1572 364 1599 virtutis
378 1580 487 1599 tttunera
503 1579 555 1598 non
570 1571 711 1599 obiverunt
727 1580 733 1598 :
750 1571 794 1598 ille
816 1571 927 1603 honore,
943 1571 986 1598 hic

200 1618 340 1652 supplicio.
365 1617 509 1652 Propterea
534 1617 567 1644 ad
594 1617 720 1644 llebrmos
744 1616 824 1643 etiam
852 1616 984 1648 scribens,

202 1663 271 1690 Esau
294 1663 320 1689 in
347 1663 461 1689 medium
475 1662 594 1694 adduxit,
615 1663 659 1697 qui
680 1667 788 1696 propter
802 1670 881 1689 uuam
895 1670 984 1689 escant

200 1708 318 1734 vendidit
332 1707 568 1742 pritnogenituram
585 1707 676 1743 (Hebr.
692 1708 735 1734 1‘2.
752 1708 796 1740 16)
809 1716 815 1739 ;
831 1712 857 1734 et
872 1715 963 1734 rttrsus
974 1727 983 1740 ,

201 1754 230 1780 Si
241 1754 390 1781 subtrtu‘eril
402 1763 437 1786 se,
453 1762 503 1780 non
519 1754 624 1789 placebit
646 1756 737 1781 animo:
748 1762 808 1780 metr
822 1754 830 1788 (
848 1753 926 1781 Hebr.
940 1754 983 1781 l0.

199 1799 254 1834 58).
270 1799 349 1834 Atqui
365 1800 433 1826 inter
448 1799 600 1826 Corinthios
622 1800 728 1834 quidem
744 1800 817 1825 tnttlti
834 1805 920 1832 erant,
937 1800 982 1834 qui

198 1845 307 1871 scortati
332 1844 451 1872 fuerant:
476 1850 614 1879 propterea
631 1845 745 1877 diccbat,
760 1843 801 1871 Ne
821 1846 909 1871 iterum
929 1853 984 1870 runt

199 1900 285 1918 venero
299 1894 332 1918 ad
345 1900 396 1923 vos,
410 1892 524 1918 ltumiliet
535 1900 573 1918 me
587 1891 739 1923 Deusmeus,
751 1897 775 1917 et
785 1892 883 1926 lugeant
893 1891 984 1917 multos

199 1946 229 1964 ca;
238 1938 279 1970 iis,
294 1938 337 1972 qui
348 1943 420 1965 antea
436 1943 611 1973 peccaverunt,
634 1943 657 1964 et
681 1946 730 1964 non
746 1943 847 1972 egerunt
862 1938 984 1972 pwniten-

199 1984 259 2009 tiam
275 1992 349 2018 super
362 1984 520 2010 inmtuuditia
543 1988 566 2010 et
585 1984 751 2017 fornicatione
772 1988 794 2009 et
815 1984 982 2018 impudicitia.

198 2038 272 2064 quant
286 2036 413 2065 gesserunt
429 2030 472 2065 (2.
485 2031 543 2057 Cor.
557 2030 600 2057 l2.
611 2031 641 2056 ‘ll
693 2030 725 2057 Ut
744 2030 808 2061 sitis,
822 2030 916 2064 inquit,
931 2031 985 2057 sine

197 2075 309 2110 querela,
339 2081 362 2102 et
382 2077 526 2110 simplices;
555 2076 580 2103 id
606 2080 662 2108 est,
690 2076 753 2102 nulli
781 2075 983 2109 reprehensioni

198 2121 316 2154 obnoxii,
332 2122 389 2156 puri
405 2126 485 2156 atque
500 2122 595 2157 integri
613 2131 618 2148 :
634 2130 687 2149 non
701 2122 772 2149 enim
788 2122 871 2149 levem
894 2130 986 2148 macu~

198 2167 248 2193 lant
263 2167 375 2200 imponit
385 2169 569 2194 murtnuratio.
587 2168 654 2201 Quid
668 2171 755 2195 autent
765 2167 904 2202 signiﬁcat,
919 2167 983 2194 Sine

199 2214 416 2241 litesitationibus?
432 2221 518 2241 tttrttm
534 2215 631 2242 bonum
643 2220 694 2247 est,
710 2223 742 2242 an
757 2216 866 2242 minintc
878 2215 889 2241 ?
903 2215 940 2242 Ne
956 2215 981 2242 in

197 2260 413 2295 disputationem,
426 2261 519 2295 inquit,
536 2269 592 2288 rent
606 2261 755 2294 adducatis,
772 2261 877 2288 etiatnsi
893 2261 981 2293 labor,

197 2307 300 2333 etiamsi
313 2307 432 2334 molestia
444 2308 479 2334 sit
490 2308 559 2342 quod
570 2308 736 2342 proponitur.
751 2308 807 2335 Non
816 2308 895 2340 dixit,
906 2307 982 2336 Utne

199 2352 360 2385 puniamini;
378 2352 419 2379 isti
435 2353 506 2379 enim
518 2353 556 2380 rei
572 2354 731 2387 supplicium
743 2359 785 2380 est
800 2354 980 2388 propositum:

197 2397 267 2432 quod
292 2398 318 2424 in
343 2397 459 2432 Epistula
482 2398 514 2425 ad
537 2398 689 2426 Corinthios
711 2399 851 2431 indicavit;
869 2399 916 2426 sed
940 2399 983 2426 ltic

199 2444 263 2471 nihil
277 2444 406 2479 ejusmodi
419 2445 501 2476 dixit;
514 2445 572 2477 sed,
593 2445 624 2471 Ut
636 2446 700 2478 sitis,
714 2446 803 2479 inquit,
816 2446 870 2472 sine
879 2445 982 2479 querela

198 2497 220 2517 rt
235 2492 370 2526 simplices,
383 2492 431 2526 filii
450 2492 498 2519 Dei
510 2493 564 2519 sine
577 2493 777 2527 reprehensione,
793 2494 819 2519 in
839 2493 921 2520 medio
936 2501 983 2518 na-

198 2538 272 2564 tionis
287 2546 372 2572 praete
386 2543 407 2564 et
423 2546 553 2572 perversw,
569 2539 633 2565 inter
653 2547 713 2573 quos
727 2538 814 2565 lucetis
829 2539 893 2565 sicut
907 2538 980 2565 lumi-

197 2584 269 2610 naria
290 2584 316 2610 in
338 2585 443 2617 munda,
463 2585 564 2611 verbum
585 2585 640 2611 niue
651 2586 804 2613 continentes
824 2585 857 2611 ad
875 2585 982 2619 gloriam

198 2641 278 2659 meant
291 2633 316 2659 in
332 2633 398 2659 diem
416 2633 508 2660 Christi
523 2634 532 2668 (
545 2634 569 2660 l.
586 2633 644 2660 Cor.
662 2633 706 2660 ‘10.
723 2633 755 2660 10
767 2634 790 2668 ).
808 2633 886 2660 Vides
907 2633 981 2661 ltosa

198 2679 279 2705 Paulo
303 2679 403 2706 institui
419 2687 452 2706 ne
467 2679 690 2706 obmurmurcnt?
704 2679 750 2705 Est
763 2679 833 2705 enini
855 2679 936 2713 iniqui
950 2686 980 2706 ac

197 2724 293 2758 stupidi
308 2725 376 2751 servi
389 2724 603 2751 obmurmurare.
628 2724 726 2758 Ecquis
738 2725 808 2751 enim
818 2745 826 2755 ,
847 2724 889 2751 dic
905 2724 979 2756 mihi,

199 2770 268 2797 Iilius
282 2775 333 2802 est,
347 2771 390 2805 qui
406 2771 431 2798 in
444 2771 522 2798 bonis
536 2771 651 2805 paternis
665 2770 797 2802 laborans,
821 2779 851 2797 ac
865 2770 915 2797 sibi
931 2771 981 2804 ipsi

199 2816 315 2843 laborem
327 2817 443 2851 capiens,
454 2817 656 2844 obmurmuret?
669 2816 771 2849 Cogita,
782 2817 876 2851 inquit,
894 2822 919 2844 te
933 2817 980 2844 tibi

198 2863 247 2896 ipsi
260 2864 389 2895 laborare,
400 2863 444 2890 tibi
456 2864 505 2899 ipsi
514 2864 647 2898 colligere.
656 2863 762 2890 lllorunt
772 2871 835 2890 vero
846 2864 980 2897 proprium

198 2914 238 2937 est
252 2910 452 2937 obmurmurare
467 2909 510 2944 qtti
526 2910 584 2937 aliis
598 2909 727 2942 laborant,
737 2909 795 2935 aliis
805 2909 903 2936 sudant
916 2916 922 2934 :
935 2907 980 2942 qui

669 174 702 204 IN
721 173 828 203 EPIST.
848 173 893 201 Al)
913 170 1055 199 PHILIPP.
1074 171 1150 201 CAP.
1168 173 1201 204 ll.
1221 174 1338 204 HOIIIL.
1358 177 1425 205 Vlll.

1783 180 1837 208 252

1050 231 1139 259 autem
1152 232 1203 261 sibi
1217 233 1274 268 ipse
1285 234 1394 270 colligit,
1405 241 1454 262 cur
1464 234 1742 273 obmurmurat‘lquod
1752 239 1837 275 ipsius

1049 276 1151 306 divitia:
1160 286 1217 306 non
1231 280 1374 308 crescunt?
1383 280 1492 309 Minime
1503 280 1530 309 id
1544 281 1662 316 quidem.
1677 282 1727 317 Qui
1740 290 1837 317 sponte

1051 324 1124 352 nulla
1145 325 1269 360 imposita
1291 327 1453 355 necessitate
1476 327 1548 362 facit,
1572 336 1621 356 cur
1633 329 1836 358 obmurmurat?

1050 370 1140 399 Satius
1159 377 1203 400 est
1223 372 1290 401 nihil
1309 381 1398 409 agere,
1421 381 1501 410 quam
1522 375 1714 403 murmurando
1732 383 1834 410 agere:

1049 425 1111 446 nam
1122 425 1150 446 et
1173 418 1224 446 hoc
1244 419 1343 454 ipsum,
1356 419 1429 455 quod
1448 419 1488 452 ﬁt,
1502 421 1585 456 perit.
1607 422 1703 449 Annon
1718 420 1793 449 vides
1805 420 1834 448 in

1047 463 1170 499 ipsismet
1182 465 1305 494 domibus
1326 468 1427 494 nostris
1446 466 1504 495 hac
1525 467 1603 495 nobis
1623 475 1732 503 semper
1745 468 1772 496 in
1785 474 1834 496 ore

1047 516 1108 538 esse
1124 518 1131 537 :
1146 510 1235 539 Satius
1248 515 1291 539 est
1305 511 1396 539 isthaac
1409 512 1519 540 minime
1543 512 1618 546 ﬁeri,
1633 520 1712 548 quam
1725 513 1835 540 obmur-

1045 557 1178 584 murando
1192 557 1270 585 ﬁeri?
1283 565 1316 585 ac
1337 565 1409 593 saepe
1422 559 1556 587 malumus
1575 559 1736 592 ministerio,
1760 556 1833 594 quod

1046 602 1125 629 nobis
1136 603 1288 636 exhibetur.
1302 612 1395 633 carere
1405 625 1412 637 ,
1433 613 1512 641 quam
1527 610 1736 634 murmurantem
1752 606 1832 633 ferre.

1045 646 1140 676 Gravis
1152 649 1222 677 enim
1237 657 1291 684 res,
1304 651 1394 686 gravis
1406 655 1448 679 est
1460 652 1647 685 marmoratio,
1655 659 1688 680 ac
1701 659 1785 688 prope
1797 651 1832 679 ad

1044 693 1238 729 blasphemiam
1260 696 1385 725 accedit:
1400 697 1500 732 alioqui
1522 705 1571 725 cur
1595 701 1698 724 tantttm
1724 697 1758 725 de
1778 697 1832 724 illis

1045 742 1167 777 supplicii
1178 747 1314 778 sumptum
1325 743 1433 771 fuisset?
1446 744 1543 772 Vitium
1559 744 1628 771 istud
1645 744 1739 779 ingrati
1748 743 1832 771 animi

1044 792 1095 815 est.
1109 787 1160 821 Qui
1172 793 1330 822 murmurat,
1344 789 1464 825 ingratus
1473 794 1512 817 est
1525 797 1587 825 erga
1599 790 1680 817 Deum
1694 799 1699 817 :
1713 789 1756 824 qui
1768 797 1833 816 vero

1043 841 1106 870 erga
1126 835 1209 865 Deum
1231 838 1352 870 ingratus
1364 839 1415 868 est,
1432 836 1551 870 profecto
1567 835 1737 869 blasphemus
1749 835 1831 863 etiam

1044 885 1095 909 est.
1111 881 1149 909 Ae
1161 888 1226 909 sane
1238 889 1272 909 eo
1286 881 1401 909 maxime
1424 886 1544 917 tempore
1564 882 1731 909 continentes
1746 885 1831 909 tenta-

1042 928 1130 956 Liones
1141 934 1229 961 erant,
1250 933 1278 957 et
1300 928 1450 964 frequentia
1476 928 1611 963 pericula;
1633 928 1705 955 nulla
1718 928 1831 955 dabatur

1040 975 1164 1009 requies,
1189 976 1262 1004 nulla
1286 976 1421 1009 cessatio;
1435 976 1553 1011 undique
1567 976 1772 1004 innumerabilia
1786 975 1830 1003 in-

1040 1023 1173 1057 gruebant
1186 1024 1256 1051 mala
1268 1032 1275 1051 :
1291 1031 1363 1051 nmc
1384 1031 1449 1052 vero
1462 1031 1567 1051 summa
1589 1031 1640 1060 pax
1654 1032 1685 1052 ac
1695 1023 1831 1059 tranquil-

1041 1068 1114 1096 litae.

1073 1116 1103 1143 ‘5.
1121 1115 1218 1152 Contra
1238 1121 1435 1144 murmurantes.
1449 1132 1485 1141 ρ·-
1496 1116 1551 1144 Cur
1564 1116 1643 1152 igitur
1653 1124 1807 1144 moraturas
1816 1116 1829 1143 2

1040 1162 1110 1196 quod
1125 1169 1227 1197 pauper
1248 1162 1296 1189 es?
1319 1162 1368 1189 Job
1383 1162 1458 1189 illum
1470 1162 1568 1197 cogita.
1591 1161 1682 1189 Morbo
1704 1162 1829 1190 laboras!

1039 1208 1106 1243 Q'tid
1115 1208 1198 1243 igitur
1209 1209 1320 1242 faceres,
1332 1210 1356 1236 si
1371 1214 1504 1237 tantorum
1515 1209 1564 1236 tibi
1576 1208 1708 1236 bonorum
1720 1215 1752 1235 ac
1764 1215 1827 1234 san-

1039 1259 1097 1282 ctus
1108 1254 1153 1282 ille
1166 1259 1353 1290 rectorumque
1365 1254 1495 1282 factorum
1508 1255 1641 1286 conscius,
1662 1253 1690 1281 in
1702 1252 1825 1280 morbum

1038 1301 1200 1328 incidisaesi
1215 1301 1318 1329 Rursus
1341 1301 1414 1328 illum
1442 1302 1540 1337 cogita,
1555 1301 1625 1336 quod
1649 1308 1698 1337 per
1718 1300 1826 1335 longum

1038 1351 1143 1382 tempus
1156 1352 1339 1382 perseveraret
1351 1355 1456 1376 vermes
1475 1348 1588 1383 pullans,
1602 1348 1628 1375 in
1641 1352 1759 1375 stercore
1776 1354 1826 1374 se-

1038 1392 1115 1427 dens,
1128 1393 1244 1421 scabiem
1254 1392 1366 1422 fricans.
1379 1393 1461 1421 Multo
1475 1398 1570 1427 utam,
1583 1392 1680 1429 inquit,
1693 1393 1823 1428 inurij

1038 1443 1157 1474 tempore,
1167 1439 1233 1466 dixit
1248 1440 1282 1467 ad
1293 1448 1352 1467 eum
1364 1440 1453 1468 mulier
1465 1447 1475 1466 :
1488 1440 1623 1474 Quousque
1634 1440 1712 1466 uteris
1723 1439 1822 1473 patien-

1037 1485 1073 1511 tia
1084 1486 1141 1517 ista,
1148 1493 1178 1512 ac
1188 1494 1274 1521 perges
1283 1485 1375 1518 dicere,
1384 1486 1473 1512 Adhuc
1481 1486 1585 1520 pardum
1591 1485 1715 1519 quiddam
1728 1490 1824 1519 tempo-

1036 1531 1072 1558 ris
1085 1531 1220 1567 eaxpecto?
1232 1530 1280 1558 Dic
1302 1532 1402 1559 uerbum
1415 1531 1518 1566 aliquod
1528 1536 1617 1558 contra
1629 1531 1777 1563 Dominum,
1793 1538 1824 1557 ac

1037 1585 1132 1604 more”
1145 1576 1215 1613 (Job.
1228 1576 1255 1605 2.
1270 1577 1310 1613 9).
1323 1578 1359 1604 At
1373 1577 1444 1605 ﬁlius
1457 1578 1503 1605 tibi
1518 1577 1604 1605 obirt?
1616 1577 1684 1611 Quid
1699 1576 1787 1612 igitur,
1800 1577 1824 1604 si

1037 1630 1129 1651 omnes
1144 1623 1289 1655 amisisses,
1303 1628 1330 1651 et
1352 1623 1446 1651 acerba
1459 1623 1566 1658 quidem
1583 1628 1680 1656 morte,
1694 1622 1823 1658 quemad-

1037 1668 1144 1696 modum
1162 1668 1225 1696 ille?
1238 1668 1328 1696 Nostis
1341 1669 1424 1703 enim,
1439 1669 1532 1701 nostis,
1543 1668 1661 1696 assidere
1672 1668 1823 1704 aegrotanti,

1036 1722 1067 1742 os
1086 1715 1125 1742 ori
1138 1714 1270 1748 conferre,
1289 1715 1384 1743 oculos
1396 1715 1531 1748 claudere,
1547 1719 1715 1743 contrectare
1729 1723 1822 1750 genas,

1036 1769 1159 1795 suprema
1181 1762 1274 1789 audire
1298 1762 1396 1794 verba;
1410 1767 1538 1796 quantum
1558 1761 1643 1789 solatii
1669 1760 1773 1788 afferat.
1789 1760 1824 1788 At

1036 1808 1131 1835 horum
1157 1808 1230 1835 nullo
1250 1808 1374 1843 dignatus
1396 1812 1437 1835 est
1455 1807 1542 1842 justus
1568 1807 1629 1840 ille;
1654 1807 1703 1834 sed
1729 1813 1823 1833 omnes

1036 1854 1114 1880 simul
1127 1853 1216 1881 obruti
1228 1853 1418 1880 occubuerunt.
1436 1853 1469 1880 Et
1488 1852 1550 1887 quid
1573 1852 1630 1879 lure
1641 1852 1720 1879 dico?
1731 1852 1754 1879 si
1765 1851 1824 1886 ipse

1033 1899 1124 1934 jusws
1136 1905 1212 1927 esset
1224 1898 1306 1925 lilium
1321 1903 1394 1925 tuum
1406 1898 1569 1930 interimere,
1585 1902 1613 1925 et
1626 1897 1775 1928 immolare.
1792 1901 1819 1924 et

1036 1944 1204 1972 combustum
1221 1948 1355 1978 spectare,
1370 1948 1397 1970 ttt
1409 1944 1503 1970 beatus
1517 1943 1561 1971 ille
1580 1943 1745 1978 patriarcha,
1759 1942 1823 1977 quid

1035 1989 1162 2017 fecisses?
1176 1989 1223 2016 ille
1241 1994 1330 2016 autem
1343 1993 1444 2023 quanto
1461 1989 1551 2015 animo
1566 1995 1593 2016 et
1606 1989 1691 2016 altare
1705 1988 1823 2016 auditisa-

1035 2035 1091 2067 bat,
1103 2040 1131 2062 et
1156 2035 1224 2070 ligna
1237 2035 1411 2069 imponebat,
1431 2039 1459 2062 et
1473 2035 1555 2062 lilium
1568 2034 1688 2070 ligabat?
1702 2035 1737 2062 Δι
1756 2042 1822 2061 ιιυη-

1036 2081 1102 2108 nttlli
1113 2084 1184 2112 sunt.
1201 2080 1245 2116 qui
1261 2084 1287 2107 te
1300 2080 1428 2107 conviciis
1442 2079 1649 2107 consectentur?
1660 2079 1727 2113 Quid
1743 2079 1823 2114 igitur

1036 2125 1084 2153 tibi
1098 2125 1179 2153 animi
1191 2129 1273 2158 esset,
1288 2125 1310 2152 si
1326 2126 1384 2152 hate
1393 2124 1486 2153 eadem
1498 2125 1531 2152 ab
1544 2124 1649 2158 amicis,
1662 2125 1708 2159 qui
1722 2132 1821 2152 conso-

1035 2170 1142 2198 lationis
1150 2177 1228 2197 causa
1237 2170 1417 2203 advenissem,
1426 2169 1531 2197 audires
1540 2168 1552 2195 ῗ
1561 2168 1627 2196 Nam
1634 2176 1705 2196 nunc
1715 2169 1820 2204 quidem

1035 2216 1118 2244 multa
1133 2216 1262 2244 habemus
1275 2220 1383 2251 peccata
1394 2236 1401 2248 ,
1414 2215 1529 2250 iureque
1544 2215 1649 2250 probris
1662 2215 1796 2244 afﬁcintur
1812 2225 1819 2242 :

1034 2266 1099 2290 tunc
1112 2270 1176 2290 vero
1195 2262 1240 2290 ille
1252 2269 1342 2293 verax,
1356 2260 1453 2296 justus,
1477 2260 1547 2296 pius,
1561 2261 1605 2296 qui
1621 2268 1682 2289 sese
1701 2261 1735 2289 ab
1747 2261 1821 2289 omni

1034 2309 1147 2337 crimine
1160 2308 1320 2340 abstinebat,
1336 2314 1413 2335 secus
1425 2308 1514 2334 omnia
1534 2307 1568 2335 ab
1580 2307 1673 2335 amicis
1685 2308 1820 2336 audiebat.

1034 2356 1103 2388 Quid
1119 2362 1192 2386 vero,
1204 2354 1249 2382 dic
1264 2353 1339 2385 mihi.
1350 2354 1372 2381 si
1386 2353 1527 2381 mulierem
1544 2354 1752 2389 expmbrantem
1766 2362 1817 2383 att-

1033 2403 1116 2436 dires,
1128 2410 1160 2431 ac
1171 2403 1314 2435 dicentem,
1329 2401 1386 2437 Ego
1399 2402 1471 2436 quasi
1497 2402 1608 2429 erratica
1622 2402 1738 2435 quaedam
1762 2410 1817 2429 tuu-

1034 2452 1113 2478 lieret
1136 2449 1234 2486 famula
1247 2449 1331 2476 locum
1354 2456 1386 2476 ea:
1410 2448 1475 2480 loco,
1494 2447 1600 2475 domum
1622 2456 1653 2475 ea:
1671 2448 1746 2475 domo
1766 2448 1819 2474 cit”-

1034 2505 1187 2528 cummans,
1202 2496 1264 2523 solis
1277 2503 1393 2522 occasum
1406 2499 1563 2530 exspectans,
1577 2500 1633 2521 uta
1642 2494 1769 2521 doloribus
1777 2502 1821 2521 tua

1034 2542 1144 2577 undique
1157 2542 1325 2577 prementibus
1335 2541 1491 2576 requiescam
1501 2539 1561 2576 (a)?
1582 2540 1636 2568 Cur
1654 2541 1704 2567 ista
1719 2540 1818 2574 inquis,

1035 2596 1051 2615 ο
1065 2588 1180 2615 stolida?
1192 2595 1254 2614 ltltm
1268 2586 1361 2614 harum
1371 2594 1462 2614 rerum
1479 2586 1526 2613 tibi
1540 2592 1620 2612 causa
1631 2589 1675 2613 est
1687 2585 1727 2612 vir
1737 2585 1749 2612 τ
1758 2584 1818 2612 Non

1035 2635 1090 2666 ille.
1105 2634 1152 2662 sed
1167 2633 1300 2661 diabolus.
1323 2633 1382 2665 Dic,
1407 2632 1502 2667 inquit,
1523 2631 1623 2658 uerbum
1643 2630 1746 2665 aliquod
1769 2630 1818 2657 nd-

1034 2689 1119 2708 uersus
1129 2680 1276 2712 Dominum,
1290 2684 1314 2706 et
1327 2686 1433 2705 morere.
1448 2678 1542 2705 Itane?
1555 2677 1577 2704 si
1592 2676 1753 2704 decumbens
1766 2676 1818 2704 hoc

1034 2727 1136 2754 diceret
1150 2734 1183 2753 ac
1205 2730 1363 2757 moreretur,
1380 2725 1462 2752 tibine
1481 2724 1577 2751 melius
1596 2723 1683 2750 esset?
1698 2722 1755 2750 Non
1775 2728 1818 2750 est

1035 2772 1145 2799 morbus
1153 2771 1199 2799 illo
1207 2772 1326 2807 gravior,
1340 2771 1420 2798 etiam
1436 2770 1460 2798 si
1473 2772 1614 2797 sexcentos
1625 2768 1730 2796 aﬁeras.
1746 2768 1819 2797 Talis

1066 2850 1102 2882 (α)
1112 2850 1180 2880 Haec,
1190 2850 1219 2875 ad
1230 2849 1318 2882 librum
1329 2849 1380 2882 Jobi
1390 2848 1546 2882 pertinentia,
1558 2846 1609 2882 poli
1618 2848 1642 2872 in
1652 2846 1822 2882 biblia_l.atina

1035 2878 1162 2913 inquirere
1173 2878 1179 2906 ἑ
1191 2881 1216 2905 in
1227 2881 1311 2913 Editis
1316 2881 1380 2913 enim
1391 2878 1547 2913 (ἱππεὶς-ειητί
1555 2878 1610 2903 Jobi
1619 2878 1693 2903 multa
1703 2878 1823 2913 adjectitia

1037 2909 1175 2943 u-ctu'runt,
1186 2918 1242 2943 qute
1254 2911 1279 2935 in
1290 2910 1396 2936 Hebraeo
1407 2911 1469 2935 etin
1480 2909 1583 2940 Vulgata
1596 2916 1643 2934 non
1655 2910 1820 2937 reperiuntur.
