  <div class='ocr_page' id='page_1' title='image "/cluster/home/n/w/nwhite01/storage/ocr_20150623/62/nnc1.0046979654/249.png"; bbox 0 0 4108 6410; ppageno 0'>
   <div class='ocr_carea' id='block_1_1' title="bbox 416 383 523 439">
    <p class='ocr_par' dir='ltr' id='par_1_1' title="bbox 416 383 523 439">
     <span class='ocr_line' id='line_1_1' title="bbox 416 383 523 439; baseline 0 0"><span class='ocrx_word' id='word_1_1' title='bbox 416 383 523 439; x_wconf 65' lang='lat'><strong>945</strong></span> 
     </span>
    </p>
   </div>
   <div class='ocr_carea' id='block_1_2' title="bbox 416 492 1990 568">
    <p class='ocr_par' dir='ltr' id='par_1_2' title="bbox 416 492 1990 568">
     <span class='ocr_line' id='line_1_2' title="bbox 416 492 1990 568; baseline -0.007 -19"><span class='ocrx_word' id='word_1_2' title='bbox 416 510 482 549; x_wconf 83' lang='lat' dir='ltr'><strong>ac</strong></span> <span class='ocrx_word' id='word_1_3' title='bbox 510 506 687 553; x_wconf 86' lang='lat' dir='ltr'><strong>tantas</strong></span> <span class='ocrx_word' id='word_1_4' title='bbox 706 512 842 566; x_wconf 88' lang='lat' dir='ltr'><strong>erat,</strong></span> <span class='ocrx_word' id='word_1_5' title='bbox 874 512 928 554; x_wconf 89' lang='lat' dir='ltr'><strong>ut</strong></span> <span class='ocrx_word' id='word_1_6' title='bbox 960 517 1027 556; x_wconf 92' lang='lat' dir='ltr'><strong>ne</strong></span> <span class='ocrx_word' id='word_1_7' title='bbox 1053 499 1196 554; x_wconf 91' lang='lat' dir='ltr'><strong>domi</strong></span> <span class='ocrx_word' id='word_1_8' title='bbox 1241 498 1455 568; x_wconf 88' lang='lat' dir='ltr'><strong>quidem</strong></span> <span class='ocrx_word' id='word_1_9' title='bbox 1482 511 1545 550; x_wconf 88' lang='lat' dir='ltr'><strong>ac</strong></span> <span class='ocrx_word' id='word_1_10' title='bbox 1585 492 1684 547; x_wconf 85' lang='lat' dir='ltr'><strong>sub</strong></span> <span class='ocrx_word' id='word_1_11' title='bbox 1712 500 1854 544; x_wconf 78' lang='lat' dir='ltr'><strong>tecto</strong></span> <span class='ocrx_word' id='word_1_12' title='bbox 1880 502 1990 540; x_wconf 88' lang='lat' dir='ltr'><strong>ma-</strong></span> 
     </span>
    </p>
   </div>
   <div class='ocr_carea' id='block_1_3' title="bbox 419 579 1992 658">
    <p class='ocr_par' dir='ltr' id='par_1_3' title="bbox 419 579 1992 658">
     <span class='ocr_line' id='line_1_3' title="bbox 419 579 1992 658; baseline -0.008 -14"><span class='ocrx_word' id='word_1_13' title='bbox 419 601 550 642; x_wconf 85' lang='lat' dir='ltr'><strong>nere</strong></span> <span class='ocrx_word' id='word_1_14' title='bbox 591 600 769 658; x_wconf 79' lang='lat' dir='ltr'><strong>posset</strong></span> <span class='ocrx_word' id='word_1_15' title='bbox 803 609 815 644; x_wconf 91' lang='lat'><strong>:</strong></span> <span class='ocrx_word' id='word_1_16' title='bbox 848 592 968 645; x_wconf 89' lang='lat' dir='ltr'><strong>talis</strong></span> <span class='ocrx_word' id='word_1_17' title='bbox 1007 600 1143 657; x_wconf 88' lang='lat' dir='ltr'><strong>erat,</strong></span> <span class='ocrx_word' id='word_1_18' title='bbox 1201 599 1258 644; x_wconf 88' lang='lat' dir='ltr'><strong>ut</strong></span> <span class='ocrx_word' id='word_1_19' title='bbox 1300 601 1489 644; x_wconf 87' lang='lat' dir='ltr'><strong>omnes</strong></span> <span class='ocrx_word' id='word_1_20' title='bbox 1539 584 1849 639; x_wconf 81' lang='lat' dir='ltr'><strong>deficerent.</strong></span> <span class='ocrx_word' id='word_1_21' title='bbox 1880 579 1992 631; x_wconf 86' lang='lat' dir='ltr'><strong>Non</strong></span> 
     </span>
    </p>
   </div>
   <div class='ocr_carea' id='block_1_4' title="bbox 419 672 1992 746">
    <p class='ocr_par' dir='ltr' id='par_1_4' title="bbox 419 672 1992 746">
     <span class='ocr_line' id='line_1_4' title="bbox 419 672 1992 746; baseline -0.007 -12"><span class='ocrx_word' id='word_1_22' title='bbox 419 682 586 746; x_wconf 87' lang='lat' dir='ltr'><strong>enim,</strong></span> <span class='ocrx_word' id='word_1_23' title='bbox 629 683 672 736; x_wconf 91' lang='lat' dir='ltr'><strong>si</strong></span> <span class='ocrx_word' id='word_1_24' title='bbox 700 683 863 738; x_wconf 84' lang='lat' dir='ltr'><strong>ullam</strong></span> <span class='ocrx_word' id='word_1_25' title='bbox 910 684 1214 739; x_wconf 78' lang='lat' dir='ltr'><strong>admisisset</strong></span> <span class='ocrx_word' id='word_1_26' title='bbox 1263 681 1605 745; x_wconf 83' lang='lat' dir='ltr'><strong>medicinam,</strong></span> <span class='ocrx_word' id='word_1_27' title='bbox 1633 686 1782 731; x_wconf 86' lang='lat' dir='ltr'><strong>extra</strong></span> <span class='ocrx_word' id='word_1_28' title='bbox 1808 672 1992 725; x_wconf 70' lang='lat' dir='ltr'><strong>urbem</strong></span> 
     </span>
    </p>
   </div>
   <div class='ocr_carea' id='block_1_5' title="bbox 420 764 1997 844">
    <p class='ocr_par' dir='ltr' id='par_1_5' title="bbox 420 764 1997 844">
     <span class='ocr_line' id='line_1_5' title="bbox 420 764 1997 844; baseline -0.007 -17"><span class='ocrx_word' id='word_1_29' title='bbox 420 772 647 829; x_wconf 77' lang='lat' dir='ltr'><strong>sedisset</strong></span> <span class='ocrx_word' id='word_1_30' title='bbox 679 774 931 830; x_wconf 90' lang='lat' dir='ltr'><strong>deteriori</strong></span> <span class='ocrx_word' id='word_1_31' title='bbox 959 776 1285 840; x_wconf 90' lang='lat' dir='ltr'><strong>conditione,</strong></span> <span class='ocrx_word' id='word_1_32' title='bbox 1313 788 1470 844; x_wconf 90' lang='lat' dir='ltr'><strong>quam</strong></span> <span class='ocrx_word' id='word_1_33' title='bbox 1515 770 1592 825; x_wconf 89' lang='lat' dir='ltr'><strong>illi</strong></span> <span class='ocrx_word' id='word_1_34' title='bbox 1630 769 1718 839; x_wconf 90' lang='lat' dir='ltr'><strong>qui</strong></span> <span class='ocrx_word' id='word_1_35' title='bbox 1741 764 1997 835; x_wconf 88' lang='lat' dir='ltr'><strong>elephan-</strong></span> 
     </span>
    </p>
   </div>
   <div class='ocr_carea' id='block_1_6' title="bbox 423 856 1997 941">
    <p class='ocr_par' dir='ltr' id='par_1_6' title="bbox 423 856 1997 941">
     <span class='ocr_line' id='line_1_6' title="bbox 423 856 1997 941; baseline -0.006 -25"><span class='ocrx_word' id='word_1_36' title='bbox 423 863 541 917; x_wconf 84' lang='lat' dir='ltr'><strong>tiasi</strong></span> <span class='ocrx_word' id='word_1_37' title='bbox 572 864 833 919; x_wconf 74' lang='lat' dir='ltr'><strong>laborant.</strong></span> <span class='ocrx_word' id='word_1_38' title='bbox 862 864 996 920; x_wconf 85' lang='lat' dir='ltr'><strong>Nam</strong></span> <span class='ocrx_word' id='word_1_39' title='bbox 1022 865 1104 919; x_wconf 90' lang='lat' dir='ltr'><strong>isti</strong></span> <span class='ocrx_word' id='word_1_40' title='bbox 1123 862 1337 934; x_wconf 90' lang='lat' dir='ltr'><strong>quidem</strong></span> <span class='ocrx_word' id='word_1_41' title='bbox 1364 872 1419 941; x_wconf 82' lang='lat' dir='ltr'><strong>et</strong></span> <span class='ocrx_word' id='word_1_42' title='bbox 1456 861 1646 915; x_wconf 87' lang='lat' dir='ltr'><strong>domos</strong></span> <span class='ocrx_word' id='word_1_43' title='bbox 1687 856 1916 910; x_wconf 83' lang='lat' dir='ltr'><strong>subeunt</strong></span> <span class='ocrx_word' id='word_1_44' title='bbox 1944 864 1997 907; x_wconf 91' lang='lat' dir='ltr'><strong>et</strong></span> 
     </span>
    </p>
   </div>
   <div class='ocr_carea' id='block_1_7' title="bbox 423 952 1995 1027">
    <p class='ocr_par' dir='ltr' id='par_1_7' title="bbox 423 952 1995 1027">
     <span class='ocr_line' id='line_1_7' title="bbox 423 952 1995 1027; baseline -0.003 -21"><span class='ocrx_word' id='word_1_45' title='bbox 423 954 563 1008; x_wconf 91' lang='lat' dir='ltr'><strong>inter</strong></span> <span class='ocrx_word' id='word_1_46' title='bbox 589 970 649 1010; x_wconf 92' lang='lat' dir='ltr'><strong>se</strong></span> <span class='ocrx_word' id='word_1_47' title='bbox 673 964 1063 1027; x_wconf 76' lang='lat' dir='ltr'><strong>congregantur</strong></span> <span class='ocrx_word' id='word_1_48' title='bbox 1087 972 1100 1009; x_wconf 89' lang='lat'><strong>:</strong></span> <span class='ocrx_word' id='word_1_49' title='bbox 1137 956 1227 1011; x_wconf 91' lang='lat' dir='ltr'><strong>ille</strong></span> <span class='ocrx_word' id='word_1_50' title='bbox 1256 969 1386 1011; x_wconf 89' lang='lat' dir='ltr'><strong>vero</strong></span> <span class='ocrx_word' id='word_1_51' title='bbox 1416 954 1517 1009; x_wconf 90' lang='lat' dir='ltr'><strong>sub</strong></span> <span class='ocrx_word' id='word_1_52' title='bbox 1542 952 1645 1006; x_wconf 86' lang='lat' dir='ltr'><strong>dio&#39;</strong></span> <span class='ocrx_word' id='word_1_53' title='bbox 1663 952 1714 1004; x_wconf 92' lang='lat' dir='ltr'><strong>in</strong></span> <span class='ocrx_word' id='word_1_54' title='bbox 1758 954 1995 1004; x_wconf 79' lang='lat' dir='ltr'><strong>stercore</strong></span> 
     </span>
    </p>
   </div>
   <div class='ocr_carea' id='block_1_8' title="bbox 426 1038 1999 1120">
    <p class='ocr_par' dir='ltr' id='par_1_8' title="bbox 426 1038 1999 1120">
     <span class='ocr_line' id='line_1_8' title="bbox 426 1038 1999 1120; baseline -0.005 -19"><span class='ocrx_word' id='word_1_55' title='bbox 426 1048 599 1103; x_wconf 89' lang='lat' dir='ltr'><strong>nudus</strong></span> <span class='ocrx_word' id='word_1_56' title='bbox 639 1051 1006 1120; x_wconf 89' lang='lat' dir='ltr'><strong>pernoctabat,</strong></span> <span class='ocrx_word' id='word_1_57' title='bbox 1062 1065 1125 1105; x_wconf 88' lang='lat' dir='ltr'><strong>ac</strong></span> <span class='ocrx_word' id='word_1_58' title='bbox 1174 1064 1242 1104; x_wconf 92' lang='lat' dir='ltr'><strong>ne</strong></span> <span class='ocrx_word' id='word_1_59' title='bbox 1287 1056 1490 1104; x_wconf 90' lang='lat' dir='ltr'><strong>vestem</strong></span> <span class='ocrx_word' id='word_1_60' title='bbox 1509 1038 1728 1115; x_wconf 71' lang='lat' dir='ltr'><strong>quidem</strong></span> <span class='ocrx_word' id='word_1_61' title='bbox 1775 1042 1999 1096; x_wconf 86' lang='lat' dir='ltr'><strong>induere</strong></span> 
     </span>
    </p>
   </div>
   <div class='ocr_carea' id='block_1_9' title="bbox 425 1135 2003 1210">
    <p class='ocr_par' dir='ltr' id='par_1_9' title="bbox 425 1135 2003 1210">
     <span class='ocr_line' id='line_1_9' title="bbox 425 1135 2003 1210; baseline -0.004 -19"><span class='ocrx_word' id='word_1_62' title='bbox 425 1148 635 1207; x_wconf 81' lang='lat' dir='ltr'><strong>poterat</strong></span> <span class='ocrx_word' id='word_1_63' title='bbox 668 1140 977 1210; x_wconf 91' lang='lat' dir='ltr'><strong>:quomodo</strong></span> <span class='ocrx_word' id='word_1_64' title='bbox 1023 1140 1212 1197; x_wconf 87' lang='lat' dir='ltr'><strong>enim?</strong></span> <span class='ocrx_word' id='word_1_65' title='bbox 1246 1139 1373 1206; x_wconf 93' lang='lat' dir='ltr'><strong>quin</strong></span> <span class='ocrx_word' id='word_1_66' title='bbox 1404 1138 1563 1192; x_wconf 88' lang='lat' dir='ltr'><strong>etiam</strong></span> <span class='ocrx_word' id='word_1_67' title='bbox 1621 1135 1848 1189; x_wconf 83' lang='lat' dir='ltr'><strong>fortasse</strong></span> <span class='ocrx_word' id='word_1_68' title='bbox 1884 1146 2003 1186; x_wconf 88' lang='lat' dir='ltr'><strong>cre-</strong></span> 
     </span>
    </p>
   </div>
   <div class='ocr_carea' id='block_1_10' title="bbox 426 1222 2001 1301">
    <p class='ocr_par' dir='ltr' id='par_1_10' title="bbox 426 1222 2001 1301">
     <span class='ocr_line' id='line_1_10' title="bbox 426 1222 2001 1301; baseline -0.004 -19"><span class='ocrx_word' id='word_1_69' title='bbox 426 1230 590 1285; x_wconf 90' lang='lat' dir='ltr'><strong>visset</strong></span> <span class='ocrx_word' id='word_1_70' title='bbox 613 1230 786 1285; x_wconf 93' lang='lat' dir='ltr'><strong>dolor.</strong></span> <span class='ocrx_word' id='word_1_71' title='bbox 813 1230 1041 1299; x_wconf 78' lang='lat' dir='ltr'><strong>Macero,</strong></span> <span class='ocrx_word' id='word_1_72' title='bbox 1070 1231 1260 1301; x_wconf 82' lang='lat' dir='ltr'><strong>inquit,</strong></span> <span class='ocrx_word' id='word_1_73' title='bbox 1287 1230 1457 1300; x_wconf 83' lang='lat' dir='ltr'><strong>glebas</strong></span> <span class='ocrx_word' id='word_1_74' title='bbox 1479 1238 1626 1282; x_wconf 72' lang='lat' dir='ltr'><strong>terra:</strong></span> <span class='ocrx_word' id='word_1_75' title='bbox 1653 1229 1843 1281; x_wconf 89' lang='lat' dir='ltr'><strong>saniem</strong></span> <span class='ocrx_word' id='word_1_76' title='bbox 1865 1222 2001 1277; x_wconf 89' lang='lat' dir='ltr'><strong>scal-</strong></span> 
     </span>
    </p>
   </div>
   <div class='ocr_carea' id='block_1_11' title="bbox 427 1320 2003 1395">
    <p class='ocr_par' dir='ltr' id='par_1_11' title="bbox 427 1320 2003 1395">
     <span class='ocr_line' id='line_1_11' title="bbox 427 1320 2003 1395; baseline -0.004 -19"><span class='ocrx_word' id='word_1_77' title='bbox 427 1340 549 1392; x_wconf 85' lang='lat' dir='ltr'><strong>pens</strong></span> <span class='ocrx_word' id='word_1_78' title='bbox 577 1322 719 1393; x_wconf 65' lang='grc' dir='ltr'><strong>μοι»</strong></span> <span class='ocrx_word' id='word_1_79' title='bbox 751 1325 805 1379; x_wconf 92' lang='lat'><strong>7.</strong></span> <span class='ocrx_word' id='word_1_80' title='bbox 837 1326 935 1395; x_wconf 86' lang='lat'><strong>5).</strong></span> <span class='ocrx_word' id='word_1_81' title='bbox 970 1325 1170 1379; x_wconf 86' lang='lat' dir='ltr'><strong>Carnes</strong></span> <span class='ocrx_word' id='word_1_82' title='bbox 1219 1322 1383 1392; x_wconf 88' lang='lat' dir='ltr'><strong>ipsius</strong></span> <span class='ocrx_word' id='word_1_83' title='bbox 1430 1320 1630 1374; x_wconf 87' lang='lat' dir='ltr'><strong>saniem</strong></span> <span class='ocrx_word' id='word_1_84' title='bbox 1676 1334 1739 1372; x_wconf 88' lang='lat' dir='ltr'><strong>ac</strong></span> <span class='ocrx_word' id='word_1_85' title='bbox 1794 1330 2003 1370; x_wconf 80' lang='lat' dir='ltr'><strong>vermes</strong></span> 
     </span>
    </p>
   </div>
   <div class='ocr_carea' id='block_1_12' title="bbox 428 1409 2004 1485">
    <p class='ocr_par' dir='ltr' id='par_1_12' title="bbox 428 1409 2004 1485">
     <span class='ocr_line' id='line_1_12' title="bbox 428 1409 2004 1485; baseline -0.003 -20"><span class='ocrx_word' id='word_1_86' title='bbox 428 1414 826 1480; x_wconf 87' lang='lat' dir='ltr'><strong>scaturiebant,</strong></span> <span class='ocrx_word' id='word_1_87' title='bbox 874 1415 1033 1485; x_wconf 88' lang='lat' dir='ltr'><strong>idque</strong></span> <span class='ocrx_word' id='word_1_88' title='bbox 1085 1413 1320 1469; x_wconf 91' lang='lat' dir='ltr'><strong>assidue.</strong></span> <span class='ocrx_word' id='word_1_89' title='bbox 1376 1412 1553 1466; x_wconf 88' lang='lat' dir='ltr'><strong>Sentis</strong></span> <span class='ocrx_word' id='word_1_90' title='bbox 1592 1425 1747 1480; x_wconf 85' lang='lat' dir='ltr'><strong>quam</strong></span> <span class='ocrx_word' id='word_1_91' title='bbox 1780 1409 2004 1476; x_wconf 74' lang='lat' dir='ltr'><strong>quisque</strong></span> 
     </span>
    </p>
   </div>
   <div class='ocr_carea' id='block_1_13' title="bbox 431 1502 2004 1570">
    <p class='ocr_par' dir='ltr' id='par_1_13' title="bbox 431 1502 2004 1570">
     <span class='ocr_line' id='line_1_13' title="bbox 431 1502 2004 1570; baseline -0.003 -16"><span class='ocrx_word' id='word_1_92' title='bbox 431 1513 670 1559; x_wconf 88' lang='lat' dir='ltr'><strong>nostrum</strong></span> <span class='ocrx_word' id='word_1_93' title='bbox 700 1505 813 1559; x_wconf 63' lang='lat' dir='ltr'><strong>hate</strong></span> <span class='ocrx_word' id='word_1_94' title='bbox 839 1505 1061 1560; x_wconf 90' lang='lat' dir='ltr'><strong>audiens</strong></span> <span class='ocrx_word' id='word_1_95' title='bbox 1086 1506 1383 1560; x_wconf 89' lang='lat' dir='ltr'><strong>horrescat.</strong></span> <span class='ocrx_word' id='word_1_96' title='bbox 1411 1503 1564 1570; x_wconf 85' lang='lat' dir='ltr'><strong>Quod</strong></span> <span class='ocrx_word' id='word_1_97' title='bbox 1606 1502 1648 1554; x_wconf 91' lang='lat' dir='ltr'><strong>si</strong></span> <span class='ocrx_word' id='word_1_98' title='bbox 1677 1516 1736 1553; x_wconf 88' lang='lat' dir='ltr'><strong>ea</strong></span> <span class='ocrx_word' id='word_1_99' title='bbox 1765 1508 1886 1553; x_wconf 91' lang='lat' dir='ltr'><strong>sunt</strong></span> <span class='ocrx_word' id='word_1_100' title='bbox 1913 1514 2004 1551; x_wconf 83' lang='lat' dir='ltr'><strong>au-</strong></span> 
     </span>
    </p>
   </div>
   <div class='ocr_carea' id='block_1_14' title="bbox 427 1592 2004 1667">
    <p class='ocr_par' dir='ltr' id='par_1_14' title="bbox 427 1592 2004 1667">
     <span class='ocr_line' id='line_1_14' title="bbox 427 1592 2004 1667; baseline -0.004 -20"><span class='ocrx_word' id='word_1_101' title='bbox 427 1592 542 1647; x_wconf 91' lang='lat' dir='ltr'><strong>ditu</strong></span> <span class='ocrx_word' id='word_1_102' title='bbox 568 1594 939 1659; x_wconf 90' lang='lat' dir='ltr'><strong>intolerabilia,</strong></span> <span class='ocrx_word' id='word_1_103' title='bbox 983 1605 1183 1667; x_wconf 90' lang='lat' dir='ltr'><strong>quanto</strong></span> <span class='ocrx_word' id='word_1_104' title='bbox 1233 1595 1401 1664; x_wconf 87' lang='lat' dir='ltr'><strong>magis</strong></span> <span class='ocrx_word' id='word_1_105' title='bbox 1438 1592 1729 1663; x_wconf 84' lang='lat' dir='ltr'><strong>perpessu?</strong></span> <span class='ocrx_word' id='word_1_106' title='bbox 1757 1592 2004 1643; x_wconf 81' lang='lat' dir='ltr'><strong>Attamen</strong></span> 
     </span>
    </p>
   </div>
   <div class='ocr_carea' id='block_1_15' title="bbox 430 1679 2006 1755">
    <p class='ocr_par' dir='ltr' id='par_1_15' title="bbox 430 1679 2006 1755">
     <span class='ocr_line' id='line_1_15' title="bbox 430 1679 2006 1755; baseline -0.003 -18"><span class='ocrx_word' id='word_1_107' title='bbox 430 1698 718 1753; x_wconf 87' lang='lat' dir='ltr'><strong>perpessus</strong></span> <span class='ocrx_word' id='word_1_108' title='bbox 744 1687 1017 1755; x_wconf 88' lang='lat' dir='ltr'><strong>estjustus</strong></span> <span class='ocrx_word' id='word_1_109' title='bbox 1045 1686 1135 1741; x_wconf 90' lang='lat' dir='ltr'><strong>ille</strong></span> <span class='ocrx_word' id='word_1_110' title='bbox 1174 1702 1277 1739; x_wconf 93' lang='lat' dir='ltr'><strong>non</strong></span> <span class='ocrx_word' id='word_1_111' title='bbox 1310 1700 1471 1740; x_wconf 91' lang='lat' dir='ltr'><strong>unum</strong></span> <span class='ocrx_word' id='word_1_112' title='bbox 1518 1692 1609 1737; x_wconf 93' lang='lat' dir='ltr'><strong>aut</strong></span> <span class='ocrx_word' id='word_1_113' title='bbox 1648 1682 1873 1736; x_wconf 91' lang='lat' dir='ltr'><strong>alterum</strong></span> <span class='ocrx_word' id='word_1_114' title='bbox 1922 1679 2006 1734; x_wconf 92' lang='lat' dir='ltr'><strong>vel</strong></span> 
     </span>
    </p>
   </div>
   <div class='ocr_carea' id='block_1_16' title="bbox 431 1775 2005 1848">
    <p class='ocr_par' dir='ltr' id='par_1_16' title="bbox 431 1775 2005 1848">
     <span class='ocr_line' id='line_1_16' title="bbox 431 1775 2005 1848; baseline -0.001 -19"><span class='ocrx_word' id='word_1_115' title='bbox 431 1777 645 1831; x_wconf 90' lang='lat' dir='ltr'><strong>tertium</strong></span> <span class='ocrx_word' id='word_1_116' title='bbox 676 1777 838 1844; x_wconf 89' lang='lat' dir='ltr'><strong>diem,</strong></span> <span class='ocrx_word' id='word_1_117' title='bbox 869 1779 961 1833; x_wconf 92' lang='lat' dir='ltr'><strong>sed</strong></span> <span class='ocrx_word' id='word_1_118' title='bbox 992 1779 1213 1848; x_wconf 91' lang='lat' dir='ltr'><strong>perdiu;</strong></span> <span class='ocrx_word' id='word_1_119' title='bbox 1246 1794 1346 1832; x_wconf 92' lang='lat' dir='ltr'><strong>nec</strong></span> <span class='ocrx_word' id='word_1_120' title='bbox 1371 1777 1610 1848; x_wconf 86' lang='lat' dir='ltr'><strong>peccavit</strong></span> <span class='ocrx_word' id='word_1_121' title='bbox 1635 1776 1919 1846; x_wconf 89' lang='lat' dir='ltr'><strong>quidquam</strong></span> <span class='ocrx_word' id='word_1_122' title='bbox 1953 1775 2005 1829; x_wconf 90' lang='lat' dir='ltr'><strong>in</strong></span> 
     </span>
    </p>
   </div>
   <div class='ocr_carea' id='block_1_17' title="bbox 432 1869 2007 1943">
    <p class='ocr_par' dir='ltr' id='par_1_17' title="bbox 432 1869 2007 1943">
     <span class='ocr_line' id='line_1_17' title="bbox 432 1869 2007 1943; baseline 0.001 -21"><span class='ocrx_word' id='word_1_123' title='bbox 432 1869 585 1924; x_wconf 89' lang='lat' dir='ltr'><strong>labiis</strong></span> <span class='ocrx_word' id='word_1_124' title='bbox 622 1872 753 1925; x_wconf 90' lang='lat' dir='ltr'><strong>suis.</strong></span> <span class='ocrx_word' id='word_1_125' title='bbox 804 1872 1035 1942; x_wconf 86' lang='lat' dir='ltr'><strong>Ecquem</strong></span> <span class='ocrx_word' id='word_1_126' title='bbox 1069 1872 1369 1943; x_wconf 86' lang='lat' dir='ltr'><strong>hujusmodi</strong></span> <span class='ocrx_word' id='word_1_127' title='bbox 1416 1872 1663 1926; x_wconf 91' lang='lat' dir='ltr'><strong>morbum</strong></span> <span class='ocrx_word' id='word_1_128' title='bbox 1688 1880 1840 1941; x_wconf 89' lang='lat' dir='ltr'><strong>potes</strong></span> <span class='ocrx_word' id='word_1_129' title='bbox 1880 1869 2007 1924; x_wconf 90' lang='lat' dir='ltr'><strong>mihi</strong></span> 
     </span>
    </p>
   </div>
   <div class='ocr_carea' id='block_1_18' title="bbox 432 1958 2009 2029">
    <p class='ocr_par' dir='ltr' id='par_1_18' title="bbox 432 1958 2009 2029">
     <span class='ocr_line' id='line_1_18' title="bbox 432 1958 2009 2029; baseline 0.004 -18"><span class='ocrx_word' id='word_1_130' title='bbox 432 1958 653 2029; x_wconf 58' lang='lat' dir='ltr'><strong>afferre;</strong></span> <span class='ocrx_word' id='word_1_131' title='bbox 674 1972 755 2017; x_wconf 91' lang='lat' dir='ltr'><strong>tot</strong></span> <span class='ocrx_word' id='word_1_132' title='bbox 780 1963 1036 2019; x_wconf 77' lang='lat' dir='ltr'><strong>refertum</strong></span> <span class='ocrx_word' id='word_1_133' title='bbox 1064 1964 1373 2019; x_wconf 88' lang='lat' dir='ltr'><strong>doloribus?</strong></span> <span class='ocrx_word' id='word_1_134' title='bbox 1409 1978 1586 2018; x_wconf 90' lang='lat' dir='ltr'><strong>annon</strong></span> <span class='ocrx_word' id='word_1_135' title='bbox 1634 1964 1733 2018; x_wconf 93' lang='lat' dir='ltr'><strong>iste</strong></span> <span class='ocrx_word' id='word_1_136' title='bbox 1772 1963 2009 2019; x_wconf 58' lang='lat' dir='ltr'><strong>caecitate</strong></span> 
     </span>
    </p>
   </div>
   <div class='ocr_carea' id='block_1_19' title="bbox 432 2051 2011 2123">
    <p class='ocr_par' dir='ltr' id='par_1_19' title="bbox 432 2051 2011 2123">
     <span class='ocr_line' id='line_1_19' title="bbox 432 2051 2011 2123; baseline 0.002 -17"><span class='ocrx_word' id='word_1_137' title='bbox 432 2051 670 2107; x_wconf 89' lang='lat' dir='ltr'><strong>deterior</strong></span> <span class='ocrx_word' id='word_1_138' title='bbox 689 2064 800 2109; x_wconf 89' lang='lat' dir='ltr'><strong>erat</strong></span> <span class='ocrx_word' id='word_1_139' title='bbox 827 2056 850 2109; x_wconf 75' lang='grc' dir='ltr'>τ</span> <span class='ocrx_word' id='word_1_140' title='bbox 876 2055 1115 2111; x_wconf 78' lang='lat' dir='ltr'><strong>Ftetidos</strong></span> <span class='ocrx_word' id='word_1_141' title='bbox 1135 2057 1278 2110; x_wconf 90' lang='lat' dir='ltr'><strong>enim</strong></span> <span class='ocrx_word' id='word_1_142' title='bbox 1300 2055 1475 2110; x_wconf 90' lang='lat' dir='ltr'><strong>sentio</strong></span> <span class='ocrx_word' id='word_1_143' title='bbox 1492 2055 1640 2109; x_wconf 89' lang='lat' dir='ltr'><strong>cibos</strong></span> <span class='ocrx_word' id='word_1_144' title='bbox 1665 2069 1813 2109; x_wconf 92' lang='lat' dir='ltr'><strong>meos</strong></span> <span class='ocrx_word' id='word_1_145' title='bbox 1838 2069 2011 2123; x_wconf 92' lang='lat' dir='ltr'><strong>neque</strong></span> 
     </span>
    </p>
   </div>
   <div class='ocr_carea' id='block_1_20' title="bbox 435 2143 2009 2217">
    <p class='ocr_par' dir='ltr' id='par_1_20' title="bbox 435 2143 2009 2217">
     <span class='ocr_line' id='line_1_20' title="bbox 435 2143 2009 2217; baseline 0.002 -20"><span class='ocrx_word' id='word_1_146' title='bbox 435 2143 537 2199; x_wconf 89' lang='lat' dir='ltr'><strong>hoc</strong></span> <span class='ocrx_word' id='word_1_147' title='bbox 560 2144 755 2212; x_wconf 89' lang='lat' dir='ltr'><strong>solum,</strong></span> <span class='ocrx_word' id='word_1_148' title='bbox 781 2147 875 2201; x_wconf 92' lang='lat' dir='ltr'><strong>sed</strong></span> <span class='ocrx_word' id='word_1_149' title='bbox 898 2163 1071 2217; x_wconf 91' lang='lat' dir='ltr'><strong>neque</strong></span> <span class='ocrx_word' id='word_1_150' title='bbox 1099 2148 1281 2211; x_wconf 89' lang='lat' dir='ltr'><strong>etiam,</strong></span> <span class='ocrx_word' id='word_1_151' title='bbox 1312 2146 1452 2217; x_wconf 92' lang='lat' dir='ltr'><strong>quod</strong></span> <span class='ocrx_word' id='word_1_152' title='bbox 1483 2147 1602 2201; x_wconf 91' lang='lat' dir='ltr'><strong>aliis</strong></span> <span class='ocrx_word' id='word_1_153' title='bbox 1633 2147 1771 2202; x_wconf 90' lang='lat' dir='ltr'><strong>solet</strong></span> <span class='ocrx_word' id='word_1_154' title='bbox 1796 2161 2009 2201; x_wconf 86' lang='lat' dir='ltr'><strong>recrea-</strong></span> 
     </span>
    </p>
   </div>
   <div class='ocr_carea' id='block_1_21' title="bbox 435 2237 2012 2321">
    <p class='ocr_par' dir='ltr' id='par_1_21' title="bbox 435 2237 2012 2321">
     <span class='ocr_line' id='line_1_21' title="bbox 435 2237 2012 2321; baseline 0.003 -32"><span class='ocrx_word' id='word_1_155' title='bbox 435 2237 562 2290; x_wconf 89' lang='lat' dir='ltr'><strong>tioni</strong></span> <span class='ocrx_word' id='word_1_156' title='bbox 592 2253 732 2303; x_wconf 89' lang='lat' dir='ltr'><strong>esse,</strong></span> <span class='ocrx_word' id='word_1_157' title='bbox 757 2255 860 2295; x_wconf 86' lang='lat' dir='ltr'><strong>nox</strong></span> <span class='ocrx_word' id='word_1_158' title='bbox 884 2250 937 2295; x_wconf 91' lang='lat' dir='ltr'><strong>et</strong></span> <span class='ocrx_word' id='word_1_159' title='bbox 962 2255 1181 2296; x_wconf 89' lang='lat' dir='ltr'><strong>somnus</strong></span> <span class='ocrx_word' id='word_1_160' title='bbox 1211 2240 1334 2295; x_wconf 93' lang='lat' dir='ltr'><strong>huic</strong></span> <span class='ocrx_word' id='word_1_161' title='bbox 1358 2242 1645 2321; x_wconf 86' lang='lat' dir='ltr'><strong>quidquam</strong></span> <span class='ocrx_word' id='word_1_162' title='bbox 1677 2240 1853 2309; x_wconf 78' lang='lat' dir='ltr'><strong>solatii</strong></span> <span class='ocrx_word' id='word_1_163' title='bbox 1884 2239 2012 2294; x_wconf 74' lang='lat' dir='ltr'><strong>atie-</strong></span> 
     </span>
    </p>
   </div>
   <div class='ocr_carea' id='block_1_22' title="bbox 435 2331 2008 2404">
    <p class='ocr_par' dir='ltr' id='par_1_22' title="bbox 435 2331 2008 2404">
     <span class='ocr_line' id='line_1_22' title="bbox 435 2331 2008 2404; baseline 0.003 -20"><span class='ocrx_word' id='word_1_164' title='bbox 435 2331 604 2394; x_wconf 88' lang='lat' dir='ltr'><strong>rebat,</strong></span> <span class='ocrx_word' id='word_1_165' title='bbox 634 2331 729 2385; x_wconf 91' lang='lat' dir='ltr'><strong>sed</strong></span> <span class='ocrx_word' id='word_1_166' title='bbox 774 2334 965 2402; x_wconf 90' lang='lat' dir='ltr'><strong>quovis</strong></span> <span class='ocrx_word' id='word_1_167' title='bbox 1009 2344 1277 2389; x_wconf 88' lang='lat' dir='ltr'><strong>tormento</strong></span> <span class='ocrx_word' id='word_1_168' title='bbox 1317 2336 1532 2404; x_wconf 85' lang='lat' dir='ltr'><strong>gravior</strong></span> <span class='ocrx_word' id='word_1_169' title='bbox 1575 2343 1729 2390; x_wconf 89' lang='lat' dir='ltr'><strong>erat:</strong></span> <span class='ocrx_word' id='word_1_170' title='bbox 1763 2334 1919 2404; x_wconf 90' lang='lat' dir='ltr'><strong>idque</strong></span> <span class='ocrx_word' id='word_1_171' title='bbox 1944 2350 2008 2388; x_wconf 87' lang='lat' dir='ltr'><strong>ex</strong></span> 
     </span>
    </p>
   </div>
   <div class='ocr_carea' id='block_1_23' title="bbox 437 2422 2014 2499">
    <p class='ocr_par' dir='ltr' id='par_1_23' title="bbox 437 2422 2014 2499">
     <span class='ocr_line' id='line_1_23' title="bbox 437 2422 2014 2499; baseline 0.006 -25"><span class='ocrx_word' id='word_1_172' title='bbox 437 2422 605 2491; x_wconf 85' lang='lat' dir='ltr'><strong>ipsius</strong></span> <span class='ocrx_word' id='word_1_173' title='bbox 628 2423 808 2479; x_wconf 89' lang='lat' dir='ltr'><strong>verbis</strong></span> <span class='ocrx_word' id='word_1_174' title='bbox 844 2440 1131 2495; x_wconf 83' lang='lat' dir='ltr'><strong>cognosce.</strong></span> <span class='ocrx_word' id='word_1_175' title='bbox 1165 2427 1268 2482; x_wconf 81' lang='lat' dir='ltr'><strong>Cur</strong></span> <span class='ocrx_word' id='word_1_176' title='bbox 1299 2437 1453 2483; x_wconf 86' lang='lat' dir='ltr'><strong>terres</strong></span> <span class='ocrx_word' id='word_1_177' title='bbox 1492 2445 1570 2481; x_wconf 88' lang='lat' dir='ltr'><strong>me</strong></span> <span class='ocrx_word' id='word_1_178' title='bbox 1600 2446 1687 2499; x_wconf 87' lang='lat' dir='ltr'><strong>per</strong></span> <span class='ocrx_word' id='word_1_179' title='bbox 1721 2430 1936 2493; x_wconf 84' lang='lat' dir='ltr'><strong>somnia,</strong></span> <span class='ocrx_word' id='word_1_180' title='bbox 1966 2440 2014 2483; x_wconf 92' lang='lat' dir='ltr'><strong>et</strong></span> 
     </span>
    </p>
   </div>
   <div class='ocr_carea' id='block_1_24' title="bbox 437 2513 2010 2586">
    <p class='ocr_par' dir='ltr' id='par_1_24' title="bbox 437 2513 2010 2586">
     <span class='ocr_line' id='line_1_24' title="bbox 437 2513 2010 2586; baseline 0.006 -21"><span class='ocrx_word' id='word_1_181' title='bbox 437 2528 526 2582; x_wconf 86' lang='lat' dir='ltr'><strong>per</strong></span> <span class='ocrx_word' id='word_1_182' title='bbox 554 2513 768 2569; x_wconf 85' lang='lat' dir='ltr'><strong>visiones</strong></span> <span class='ocrx_word' id='word_1_183' title='bbox 794 2531 965 2571; x_wconf 84' lang='lat' dir='ltr'><strong>errore</strong></span> <span class='ocrx_word' id='word_1_184' title='bbox 1007 2520 1230 2573; x_wconf 78' lang='lat' dir='ltr'><strong>concutis</strong></span> <span class='ocrx_word' id='word_1_185' title='bbox 1248 2519 1273 2571; x_wconf 85' lang='lat'><strong><em>?</em></strong></span> <span class='ocrx_word' id='word_1_186' title='bbox 1307 2516 1435 2573; x_wconf 88' lang='lat' dir='ltr'><strong>Cum</strong></span> <span class='ocrx_word' id='word_1_187' title='bbox 1483 2520 1683 2573; x_wconf 90' lang='lat' dir='ltr'><strong>advenit</strong></span> <span class='ocrx_word' id='word_1_188' title='bbox 1709 2521 2010 2586; x_wconf 84' lang='lat' dir='ltr'><strong>diluculum,</strong></span> 
     </span>
    </p>
   </div>
   <div class='ocr_carea' id='block_1_25' title="bbox 438 2605 2016 2683">
    <p class='ocr_par' dir='ltr' id='par_1_25' title="bbox 438 2605 2016 2683">
     <span class='ocr_line' id='line_1_25' title="bbox 438 2605 2016 2683; baseline 0.006 -26"><span class='ocrx_word' id='word_1_189' title='bbox 438 2605 571 2671; x_wconf 84' lang='lat' dir='ltr'><strong>dico,</strong></span> <span class='ocrx_word' id='word_1_190' title='bbox 598 2605 814 2672; x_wconf 83' lang='lat' dir='ltr'><strong>Quando</strong></span> <span class='ocrx_word' id='word_1_191' title='bbox 836 2609 1063 2663; x_wconf 82' lang='lat' dir='ltr'><strong>adveniet</strong></span> <span class='ocrx_word' id='word_1_192' title='bbox 1090 2627 1294 2680; x_wconf 88' lang='lat' dir='ltr'><strong>vespera</strong></span> <span class='ocrx_word' id='word_1_193' title='bbox 1318 2612 1337 2682; x_wconf 87' lang='lat'>(</span> <span class='ocrx_word' id='word_1_194' title='bbox 1366 2612 1465 2665; x_wconf 84' lang='lat' dir='ltr'><strong>Job</strong></span> <span class='ocrx_word' id='word_1_195' title='bbox 1491 2613 1539 2667; x_wconf 91' lang='lat'><strong>7.</strong></span> <span class='ocrx_word' id='word_1_196' title='bbox 1573 2613 1659 2667; x_wconf 77' lang='lat' dir='ltr'><strong>M.</strong></span> <span class='ocrx_word' id='word_1_197' title='bbox 1707 2612 1805 2683; x_wconf 74' lang='lat'><strong>4)?</strong></span> <span class='ocrx_word' id='word_1_198' title='bbox 1835 2615 1910 2666; x_wconf 89' lang='lat' dir='ltr'><strong>Ac</strong></span> <span class='ocrx_word' id='word_1_199' title='bbox 1940 2622 2016 2667; x_wconf 91' lang='lat' dir='ltr'><strong>tot</strong></span> 
     </span>
    </p>
   </div>
   <div class='ocr_carea' id='block_1_26' title="bbox 439 2699 2017 2774">
    <p class='ocr_par' dir='ltr' id='par_1_26' title="bbox 439 2699 2017 2774">
     <span class='ocr_line' id='line_1_26' title="bbox 439 2699 2017 2774; baseline 0.006 -23"><span class='ocrx_word' id='word_1_200' title='bbox 439 2699 703 2767; x_wconf 84' lang='lat' dir='ltr'><strong>tantisque</strong></span> <span class='ocrx_word' id='word_1_201' title='bbox 752 2701 903 2756; x_wconf 90' lang='lat' dir='ltr'><strong>malis</strong></span> <span class='ocrx_word' id='word_1_202' title='bbox 945 2701 1167 2757; x_wconf 74' lang='lat' dir='ltr'><strong>allectus</strong></span> <span class='ocrx_word' id='word_1_203' title='bbox 1215 2720 1319 2758; x_wconf 92' lang='lat' dir='ltr'><strong>non</strong></span> <span class='ocrx_word' id='word_1_204' title='bbox 1367 2705 1804 2759; x_wconf 89' lang='lat' dir='ltr'><strong>obmurmuravit.</strong></span> <span class='ocrx_word' id='word_1_205' title='bbox 1834 2704 2017 2774; x_wconf 85' lang='lat' dir='ltr'><strong>Neque</strong></span> 
     </span>
    </p>
   </div>
   <div class='ocr_carea' id='block_1_27' title="bbox 443 2791 2014 2865">
    <p class='ocr_par' dir='ltr' id='par_1_27' title="bbox 443 2791 2014 2865">
     <span class='ocr_line' id='line_1_27' title="bbox 443 2791 2014 2865; baseline 0.005 -23"><span class='ocrx_word' id='word_1_206' title='bbox 443 2804 572 2845; x_wconf 92' lang='lat' dir='ltr'><strong>vero</strong></span> <span class='ocrx_word' id='word_1_207' title='bbox 601 2791 651 2845; x_wconf 94' lang='lat' dir='ltr'><strong>id</strong></span> <span class='ocrx_word' id='word_1_208' title='bbox 680 2792 853 2846; x_wconf 92' lang='lat' dir='ltr'><strong>solum</strong></span> <span class='ocrx_word' id='word_1_209' title='bbox 877 2794 1135 2849; x_wconf 63' lang='lat' dir='ltr'><strong>molestiae</strong></span> <span class='ocrx_word' id='word_1_210' title='bbox 1163 2795 1373 2859; x_wconf 90' lang='lat' dir='ltr'><strong>inerat;</strong></span> <span class='ocrx_word' id='word_1_211' title='bbox 1399 2796 1490 2850; x_wconf 90' lang='lat' dir='ltr'><strong>sed</strong></span> <span class='ocrx_word' id='word_1_212' title='bbox 1518 2796 1677 2850; x_wconf 90' lang='lat' dir='ltr'><strong>etiam</strong></span> <span class='ocrx_word' id='word_1_213' title='bbox 1697 2796 1831 2849; x_wconf 88' lang='lat' dir='ltr'><strong>mala</strong></span> <span class='ocrx_word' id='word_1_214' title='bbox 1858 2812 2014 2865; x_wconf 90' lang='lat' dir='ltr'><strong>quam</strong></span> 
     </span>
    </p>
   </div>
   <div class='ocr_carea' id='block_1_28' title="bbox 440 2882 2017 2956">
    <p class='ocr_par' dir='ltr' id='par_1_28' title="bbox 440 2882 2017 2956">
     <span class='ocr_line' id='line_1_28' title="bbox 440 2882 2017 2956; baseline 0.003 -22"><span class='ocrx_word' id='word_1_215' title='bbox 440 2882 594 2936; x_wconf 91' lang='lat' dir='ltr'><strong>multi</strong></span> <span class='ocrx_word' id='word_1_216' title='bbox 616 2882 684 2936; x_wconf 91' lang='lat' dir='ltr'><strong>de</strong></span> <span class='ocrx_word' id='word_1_217' title='bbox 710 2884 824 2952; x_wconf 88' lang='lat' dir='ltr'><strong>ipso</strong></span> <span class='ocrx_word' id='word_1_218' title='bbox 852 2896 1209 2954; x_wconf 88' lang='lat' dir='ltr'><strong>conceperant</strong></span> <span class='ocrx_word' id='word_1_219' title='bbox 1236 2887 1420 2956; x_wconf 84' lang='lat' dir='ltr'><strong>Opinio</strong></span> <span class='ocrx_word' id='word_1_220' title='bbox 1450 2905 1463 2941; x_wconf 89' lang='lat'><strong>:</strong></span> <span class='ocrx_word' id='word_1_221' title='bbox 1495 2902 1617 2941; x_wconf 92' lang='lat' dir='ltr'><strong>nam</strong></span> <span class='ocrx_word' id='word_1_222' title='bbox 1643 2902 1712 2940; x_wconf 84' lang='lat' dir='ltr'><strong>ex</strong></span> <span class='ocrx_word' id='word_1_223' title='bbox 1745 2888 2017 2941; x_wconf 89' lang='lat' dir='ltr'><strong>calamita-</strong></span> 
     </span>
    </p>
   </div>
   <div class='ocr_carea' id='block_1_29' title="bbox 440 2971 2014 3048">
    <p class='ocr_par' dir='ltr' id='par_1_29' title="bbox 440 2971 2014 3048">
     <span class='ocr_line' id='line_1_29' title="bbox 440 2971 2014 3048; baseline 0.005 -23"><span class='ocrx_word' id='word_1_224' title='bbox 440 2971 601 3038; x_wconf 91' lang='lat' dir='ltr'><strong>tibus,</strong></span> <span class='ocrx_word' id='word_1_225' title='bbox 625 2988 742 3042; x_wconf 70' lang='lat' dir='ltr'><strong>quze</strong></span> <span class='ocrx_word' id='word_1_226' title='bbox 770 2974 843 3027; x_wconf 91' lang='lat' dir='ltr'><strong>illi</strong></span> <span class='ocrx_word' id='word_1_227' title='bbox 870 2975 1196 3041; x_wconf 86' lang='lat' dir='ltr'><strong>acciderant,</strong></span> <span class='ocrx_word' id='word_1_228' title='bbox 1223 2978 1711 3048; x_wconf 88' lang='lat' dir='ltr'><strong>sexcentorumjam</strong></span> <span class='ocrx_word' id='word_1_229' title='bbox 1734 2979 2014 3033; x_wconf 90' lang='lat' dir='ltr'><strong>criminum</strong></span> 
     </span>
    </p>
   </div>
   <div class='ocr_carea' id='block_1_30' title="bbox 441 3064 2015 3136">
    <p class='ocr_par' dir='ltr' id='par_1_30' title="bbox 441 3064 2015 3136">
     <span class='ocr_line' id='line_1_30' title="bbox 441 3064 2015 3136; baseline 0.006 -21"><span class='ocrx_word' id='word_1_230' title='bbox 441 3077 592 3117; x_wconf 91' lang='lat' dir='ltr'><strong>reum</strong></span> <span class='ocrx_word' id='word_1_231' title='bbox 617 3064 995 3120; x_wconf 80' lang='lat' dir='ltr'><strong>existimabant</strong></span> <span class='ocrx_word' id='word_1_232' title='bbox 1028 3068 1206 3136; x_wconf 89' lang='lat' dir='ltr'><strong>:quod</strong></span> <span class='ocrx_word' id='word_1_233' title='bbox 1255 3077 1310 3122; x_wconf 90' lang='lat' dir='ltr'><strong>et</strong></span> <span class='ocrx_word' id='word_1_234' title='bbox 1349 3070 1396 3123; x_wconf 93' lang='lat' dir='ltr'><strong>ei</strong></span> <span class='ocrx_word' id='word_1_235' title='bbox 1436 3068 1681 3124; x_wconf 90' lang='lat' dir='ltr'><strong>dicebant</strong></span> <span class='ocrx_word' id='word_1_236' title='bbox 1708 3071 1885 3133; x_wconf 90' lang='lat' dir='ltr'><strong>amici,</strong></span> <span class='ocrx_word' id='word_1_237' title='bbox 1916 3070 2015 3124; x_wconf 83' lang='lat' dir='ltr'><strong>Mi-</strong></span> 
     </span>
    </p>
   </div>
   <div class='ocr_carea' id='block_1_31' title="bbox 441 3159 2014 3236">
    <p class='ocr_par' dir='ltr' id='par_1_31' title="bbox 441 3159 2014 3236">
     <span class='ocr_line' id='line_1_31' title="bbox 441 3159 2014 3236; baseline 0.004 -25"><span class='ocrx_word' id='word_1_238' title='bbox 441 3172 572 3211; x_wconf 90' lang='lat' dir='ltr'><strong>nora</strong></span> <span class='ocrx_word' id='word_1_239' title='bbox 622 3159 850 3227; x_wconf 84' lang='lat' dir='ltr'><strong>peccatis</strong></span> <span class='ocrx_word' id='word_1_240' title='bbox 901 3163 1004 3215; x_wconf 90' lang='lat' dir='ltr'><strong>luis</strong></span> <span class='ocrx_word' id='word_1_241' title='bbox 1050 3160 1256 3232; x_wconf 81' lang='lat' dir='ltr'><strong>ﬂagella</strong></span> <span class='ocrx_word' id='word_1_242' title='bbox 1310 3176 1499 3232; x_wconf 90' lang='lat' dir='ltr'><strong>passus</strong></span> <span class='ocrx_word' id='word_1_243' title='bbox 1524 3179 1581 3217; x_wconf 90' lang='lat' dir='ltr'><strong>es</strong></span> <span class='ocrx_word' id='word_1_244' title='bbox 1627 3164 1648 3234; x_wconf 87' lang='lat'>(</span> <span class='ocrx_word' id='word_1_245' title='bbox 1673 3162 1885 3217; x_wconf 81' lang='lat' dir='ltr'><strong>Jobll.</strong></span> <span class='ocrx_word' id='word_1_246' title='bbox 1914 3163 2014 3236; x_wconf 91' lang='lat'><strong>6).</strong></span> 
     </span>
    </p>
   </div>
   <div class='ocr_carea' id='block_1_32' title="bbox 443 3249 2018 3323">
    <p class='ocr_par' dir='ltr' id='par_1_32' title="bbox 443 3249 2018 3323">
     <span class='ocr_line' id='line_1_32' title="bbox 443 3249 2018 3323; baseline 0.006 -22"><span class='ocrx_word' id='word_1_247' title='bbox 443 3249 798 3316; x_wconf 87' lang='lat' dir='ltr'><strong>Quamobrem</strong></span> <span class='ocrx_word' id='word_1_248' title='bbox 826 3261 879 3306; x_wconf 95' lang='lat' dir='ltr'><strong>et</strong></span> <span class='ocrx_word' id='word_1_249' title='bbox 905 3252 1018 3320; x_wconf 90' lang='lat' dir='ltr'><strong>ipse</strong></span> <span class='ocrx_word' id='word_1_250' title='bbox 1041 3252 1272 3320; x_wconf 89' lang='lat' dir='ltr'><strong>dicebat,</strong></span> <span class='ocrx_word' id='word_1_251' title='bbox 1306 3254 1369 3306; x_wconf 80' lang='lat' dir='ltr'><strong>Et</strong></span> <span class='ocrx_word' id='word_1_252' title='bbox 1394 3265 1594 3308; x_wconf 84' lang='lat' dir='ltr'><strong>monent</strong></span> <span class='ocrx_word' id='word_1_253' title='bbox 1628 3272 1706 3309; x_wconf 87' lang='lat' dir='ltr'><strong>me</strong></span> <span class='ocrx_word' id='word_1_254' title='bbox 1733 3256 1896 3323; x_wconf 79' lang='lat' dir='ltr'><strong>inﬁmi</strong></span> <span class='ocrx_word' id='word_1_255' title='bbox 1923 3257 2018 3310; x_wconf 82' lang='lat' dir='ltr'><strong>ho-</strong></span> 
     </span>
    </p>
   </div>
   <div class='ocr_carea' id='block_1_33' title="bbox 442 3344 2019 3418">
    <p class='ocr_par' dir='ltr' id='par_1_33' title="bbox 442 3344 2019 3418">
     <span class='ocr_line' id='line_1_33' title="bbox 442 3344 2019 3418; baseline 0.004 -23"><span class='ocrx_word' id='word_1_256' title='bbox 442 3344 623 3408; x_wconf 80' lang='lat' dir='ltr'><strong>mines,</strong></span> <span class='ocrx_word' id='word_1_257' title='bbox 651 3361 775 3414; x_wconf 90' lang='lat' dir='ltr'><strong>quos</strong></span> <span class='ocrx_word' id='word_1_258' title='bbox 803 3344 1010 3399; x_wconf 83' lang='lat' dir='ltr'><strong>canibus</strong></span> <span class='ocrx_word' id='word_1_259' title='bbox 1038 3355 1296 3408; x_wconf 76' lang='lat' dir='ltr'><strong>pastorum</strong></span> <span class='ocrx_word' id='word_1_260' title='bbox 1338 3362 1557 3399; x_wconf 87' lang='lat' dir='ltr'><strong>meorunt</strong></span> <span class='ocrx_word' id='word_1_261' title='bbox 1601 3347 1804 3400; x_wconf 84' lang='lat' dir='ltr'><strong>minime</strong></span> <span class='ocrx_word' id='word_1_262' title='bbox 1842 3349 2019 3418; x_wconf 85' lang='lat' dir='ltr'><strong>dignos</strong></span> 
     </span>
    </p>
   </div>
   <div class='ocr_carea' id='block_1_34' title="bbox 443 3432 2021 3507">
    <p class='ocr_par' dir='ltr' id='par_1_34' title="bbox 443 3432 2021 3507">
     <span class='ocr_line' id='line_1_34' title="bbox 443 3432 2021 3507; baseline 0.005 -21"><span class='ocrx_word' id='word_1_263' title='bbox 443 3432 804 3488; x_wconf 75' lang='lat' dir='ltr'><strong>existimassem</strong></span> <span class='ocrx_word' id='word_1_264' title='bbox 842 3434 863 3504; x_wconf 93' lang='lat'>(</span> <span class='ocrx_word' id='word_1_265' title='bbox 890 3435 987 3489; x_wconf 88' lang='lat' dir='ltr'><strong>Job</strong></span> <span class='ocrx_word' id='word_1_266' title='bbox 1037 3435 1175 3490; x_wconf 72' lang='lat'><strong>30.1</strong></span> <span class='ocrx_word' id='word_1_267' title='bbox 1210 3434 1251 3507; x_wconf 95' lang='lat'><strong>).</strong></span> <span class='ocrx_word' id='word_1_268' title='bbox 1282 3436 1423 3504; x_wconf 85' lang='lat' dir='ltr'><strong>Quot</strong></span> <span class='ocrx_word' id='word_1_269' title='bbox 1464 3438 1722 3492; x_wconf 92' lang='lat' dir='ltr'><strong>mortibus</strong></span> <span class='ocrx_word' id='word_1_270' title='bbox 1752 3455 1856 3492; x_wconf 92' lang='lat' dir='ltr'><strong>non</strong></span> <span class='ocrx_word' id='word_1_271' title='bbox 1906 3450 2021 3494; x_wconf 85' lang='lat' dir='ltr'><strong>erat</strong></span> 
     </span>
    </p>
   </div>
   <div class='ocr_carea' id='block_1_35' title="bbox 444 3524 2020 3598">
    <p class='ocr_par' dir='ltr' id='par_1_35' title="bbox 444 3524 2020 3598">
     <span class='ocr_line' id='line_1_35' title="bbox 444 3524 2020 3598; baseline 0.004 -20"><span class='ocrx_word' id='word_1_272' title='bbox 444 3524 582 3578; x_wconf 75' lang='lat' dir='ltr'><strong>istud</strong></span> <span class='ocrx_word' id='word_1_273' title='bbox 609 3525 866 3594; x_wconf 78' lang='lat' dir='ltr'><strong>gravius?</strong></span> <span class='ocrx_word' id='word_1_274' title='bbox 900 3526 1273 3582; x_wconf 87' lang='lat' dir='ltr'><strong>Vertuntamen</strong></span> <span class='ocrx_word' id='word_1_275' title='bbox 1304 3528 1463 3581; x_wconf 88' lang='lat' dir='ltr'><strong>tantis</strong></span> <span class='ocrx_word' id='word_1_276' title='bbox 1499 3527 1730 3598; x_wconf 90' lang='lat' dir='ltr'><strong>undique</strong></span> <span class='ocrx_word' id='word_1_277' title='bbox 1772 3529 2020 3585; x_wconf 87' lang='lat' dir='ltr'><strong>ﬂuctibus</strong></span> 
     </span>
    </p>
   </div>
   <div class='ocr_carea' id='block_1_36' title="bbox 445 3618 2020 3691">
    <p class='ocr_par' dir='ltr' id='par_1_36' title="bbox 445 3618 2020 3691">
     <span class='ocr_line' id='line_1_36' title="bbox 445 3618 2020 3691; baseline 0.006 -22"><span class='ocrx_word' id='word_1_278' title='bbox 445 3631 684 3684; x_wconf 87' lang='lat' dir='ltr'><strong>pressus,</strong></span> <span class='ocrx_word' id='word_1_279' title='bbox 716 3633 778 3671; x_wconf 91' lang='lat' dir='ltr'><strong>ac</strong></span> <span class='ocrx_word' id='word_1_280' title='bbox 815 3627 918 3671; x_wconf 85' lang='lat' dir='ltr'><strong>tam</strong></span> <span class='ocrx_word' id='word_1_281' title='bbox 952 3633 1089 3672; x_wconf 72' lang='lat' dir='ltr'><strong>smva</strong></span> <span class='ocrx_word' id='word_1_282' title='bbox 1124 3618 1356 3688; x_wconf 89' lang='lat' dir='ltr'><strong>undique</strong></span> <span class='ocrx_word' id='word_1_283' title='bbox 1395 3619 1674 3689; x_wconf 82' lang='lat' dir='ltr'><strong>ingruente</strong></span> <span class='ocrx_word' id='word_1_284' title='bbox 1706 3632 2020 3691; x_wconf 88' lang='lat' dir='ltr'><strong>tempestate</strong></span> 
     </span>
    </p>
   </div>
   <div class='ocr_carea' id='block_1_37' title="bbox 450 3706 2020 3779">
    <p class='ocr_par' dir='ltr' id='par_1_37' title="bbox 450 3706 2020 3779">
     <span class='ocr_line' id='line_1_37' title="bbox 450 3706 2020 3779; baseline 0.006 -19"><span class='ocrx_word' id='word_1_285' title='bbox 450 3706 505 3760; x_wconf 90' lang='lat' dir='ltr'><strong>in</strong></span> <span class='ocrx_word' id='word_1_286' title='bbox 534 3708 723 3762; x_wconf 90' lang='lat' dir='ltr'><strong>mediis</strong></span> <span class='ocrx_word' id='word_1_287' title='bbox 745 3709 995 3775; x_wconf 90' lang='lat' dir='ltr'><strong>nubibus,</strong></span> <span class='ocrx_word' id='word_1_288' title='bbox 1035 3710 1303 3779; x_wconf 86' lang='lat' dir='ltr'><strong>procellis,</strong></span> <span class='ocrx_word' id='word_1_289' title='bbox 1338 3708 1671 3779; x_wconf 81' lang='lat' dir='ltr'><strong>fulminibus,</strong></span> <span class='ocrx_word' id='word_1_290' title='bbox 1721 3713 2020 3770; x_wconf 84' lang='lat' dir='ltr'><strong>turbinibus</strong></span> 
     </span>
    </p>
   </div>
   <div class='ocr_carea' id='block_1_38' title="bbox 444 3800 2006 3877">
    <p class='ocr_par' dir='ltr' id='par_1_38' title="bbox 444 3800 2006 3877">
     <span class='ocr_line' id='line_1_38' title="bbox 444 3800 2006 3877; baseline 0.006 -24"><span class='ocrx_word' id='word_1_291' title='bbox 444 3815 506 3854; x_wconf 90' lang='lat' dir='ltr'><strong>ac</strong></span> <span class='ocrx_word' id='word_1_292' title='bbox 532 3800 820 3855; x_wconf 89' lang='lat' dir='ltr'><strong>vorticibus</strong></span> <span class='ocrx_word' id='word_1_293' title='bbox 861 3810 1040 3857; x_wconf 91' lang='lat' dir='ltr'><strong>manet</strong></span> <span class='ocrx_word' id='word_1_294' title='bbox 1083 3803 1195 3871; x_wconf 90' lang='lat' dir='ltr'><strong>ipse</strong></span> <span class='ocrx_word' id='word_1_295' title='bbox 1224 3803 1494 3869; x_wconf 88' lang='lat' dir='ltr'><strong>immotus,</strong></span> <span class='ocrx_word' id='word_1_296' title='bbox 1526 3804 1577 3858; x_wconf 92' lang='lat' dir='ltr'><strong>in</strong></span> <span class='ocrx_word' id='word_1_297' title='bbox 1609 3814 1753 3859; x_wconf 88' lang='lat' dir='ltr'><strong>tanta</strong></span> <span class='ocrx_word' id='word_1_298' title='bbox 1794 3815 2006 3877; x_wconf 86' lang='lat' dir='ltr'><strong>tamque</strong></span> 
     </span>
    </p>
   </div>
   <div class='ocr_carea' id='block_1_39' title="bbox 446 3894 2017 3968">
    <p class='ocr_par' dir='ltr' id='par_1_39' title="bbox 446 3894 2017 3968">
     <span class='ocr_line' id='line_1_39' title="bbox 446 3894 2017 3968; baseline 0.005 -23"><span class='ocrx_word' id='word_1_299' title='bbox 446 3894 591 3962; x_wconf 83' lang='lat' dir='ltr'><strong>gravi</strong></span> <span class='ocrx_word' id='word_1_300' title='bbox 636 3903 952 3962; x_wconf 90' lang='lat' dir='ltr'><strong>tempestate</strong></span> <span class='ocrx_word' id='word_1_301' title='bbox 976 3936 991 3959; x_wconf 93' lang='lat'><strong>,</strong></span> <span class='ocrx_word' id='word_1_302' title='bbox 1026 3896 1248 3964; x_wconf 88' lang='lat' dir='ltr'><strong>perinde</strong></span> <span class='ocrx_word' id='word_1_303' title='bbox 1278 3904 1438 3965; x_wconf 92' lang='lat' dir='ltr'><strong>atque</strong></span> <span class='ocrx_word' id='word_1_304' title='bbox 1467 3897 1517 3950; x_wconf 92' lang='lat' dir='ltr'><strong>in</strong></span> <span class='ocrx_word' id='word_1_305' title='bbox 1553 3897 1760 3964; x_wconf 90' lang='lat' dir='ltr'><strong>placido</strong></span> <span class='ocrx_word' id='word_1_306' title='bbox 1788 3899 2017 3968; x_wconf 88' lang='lat' dir='ltr'><strong>quodam</strong></span> 
     </span>
    </p>
   </div>
   <div class='ocr_carea' id='block_1_40' title="bbox 450 3986 2025 4061">
    <p class='ocr_par' dir='ltr' id='par_1_40' title="bbox 450 3986 2025 4061">
     <span class='ocr_line' id='line_1_40' title="bbox 450 3986 2025 4061; baseline 0.006 -26"><span class='ocrx_word' id='word_1_307' title='bbox 450 3994 604 4055; x_wconf 88' lang='lat' dir='ltr'><strong>portu</strong></span> <span class='ocrx_word' id='word_1_308' title='bbox 634 3986 844 4056; x_wconf 92' lang='lat' dir='ltr'><strong>quietus</strong></span> <span class='ocrx_word' id='word_1_309' title='bbox 890 3986 1104 4050; x_wconf 88' lang='lat' dir='ltr'><strong>sedens,</strong></span> <span class='ocrx_word' id='word_1_310' title='bbox 1154 4003 1325 4056; x_wconf 92' lang='lat' dir='ltr'><strong>neque</strong></span> <span class='ocrx_word' id='word_1_311' title='bbox 1368 3988 1792 4043; x_wconf 87' lang='lat' dir='ltr'><strong>obmurmuravit</strong></span> <span class='ocrx_word' id='word_1_312' title='bbox 1820 4008 1832 4044; x_wconf 92' lang='lat'>:</span> <span class='ocrx_word' id='word_1_313' title='bbox 1863 4000 2025 4061; x_wconf 88' lang='lat' dir='ltr'><strong>atque</strong></span> 
     </span>
    </p>
   </div>
   <div class='ocr_carea' id='block_1_41' title="bbox 448 4078 2018 4150">
    <p class='ocr_par' dir='ltr' id='par_1_41' title="bbox 448 4078 2018 4150">
     <span class='ocr_line' id='line_1_41' title="bbox 448 4078 2018 4150; baseline 0.003 -19"><span class='ocrx_word' id='word_1_314' title='bbox 448 4078 563 4133; x_wconf 66' lang='lat' dir='ltr'><strong>haec</strong></span> <span class='ocrx_word' id='word_1_315' title='bbox 591 4087 715 4134; x_wconf 88' lang='lat' dir='ltr'><strong>ante</strong></span> <span class='ocrx_word' id='word_1_316' title='bbox 738 4080 919 4148; x_wconf 72' lang='lat' dir='ltr'><strong>gratia:</strong></span> <span class='ocrx_word' id='word_1_317' title='bbox 950 4090 1180 4148; x_wconf 83' lang='lat' dir='ltr'><strong>tempus,</strong></span> <span class='ocrx_word' id='word_1_318' title='bbox 1204 4089 1488 4149; x_wconf 88' lang='lat' dir='ltr'><strong>antequam</strong></span> <span class='ocrx_word' id='word_1_319' title='bbox 1518 4080 1585 4135; x_wconf 91' lang='lat' dir='ltr'><strong>de</strong></span> <span class='ocrx_word' id='word_1_320' title='bbox 1606 4083 2018 4150; x_wconf 88' lang='lat' dir='ltr'><strong>resurrectione,</strong></span> 
     </span>
    </p>
   </div>
   <div class='ocr_carea' id='block_1_42' title="bbox 451 4170 2021 4242">
    <p class='ocr_par' dir='ltr' id='par_1_42' title="bbox 451 4170 2021 4242">
     <span class='ocr_line' id='line_1_42' title="bbox 451 4170 2021 4242; baseline 0.001 -17"><span class='ocrx_word' id='word_1_321' title='bbox 451 4171 519 4225; x_wconf 91' lang='lat' dir='ltr'><strong>de</strong></span> <span class='ocrx_word' id='word_1_322' title='bbox 539 4170 801 4240; x_wconf 87' lang='lat' dir='ltr'><strong>gehenna,</strong></span> <span class='ocrx_word' id='word_1_323' title='bbox 831 4170 897 4225; x_wconf 89' lang='lat' dir='ltr'><strong>de</strong></span> <span class='ocrx_word' id='word_1_324' title='bbox 919 4186 1095 4241; x_wconf 68' lang='lat' dir='ltr'><strong>poena,</strong></span> <span class='ocrx_word' id='word_1_325' title='bbox 1125 4171 1192 4225; x_wconf 92' lang='lat' dir='ltr'><strong>de</strong></span> <span class='ocrx_word' id='word_1_326' title='bbox 1216 4172 1477 4240; x_wconf 88' lang='lat' dir='ltr'><strong>supplicio</strong></span> <span class='ocrx_word' id='word_1_327' title='bbox 1504 4172 1790 4242; x_wconf 89' lang='lat' dir='ltr'><strong>quidquam</strong></span> <span class='ocrx_word' id='word_1_328' title='bbox 1821 4173 2021 4227; x_wconf 90' lang='lat' dir='ltr'><strong>dictum</strong></span> 
     </span>
    </p>
   </div>
   <div class='ocr_carea' id='block_1_43' title="bbox 408 4260 2026 4332">
    <p class='ocr_par' dir='ltr' id='par_1_43' title="bbox 408 4260 2026 4332">
     <span class='ocr_line' id='line_1_43' title="bbox 408 4260 2026 4332; baseline 0.002 -19"><span class='ocrx_word' id='word_1_329' title='bbox 408 4300 411 4303; x_wconf 89' lang='grc'><strong><em>-</em></strong></span> <span class='ocrx_word' id='word_1_330' title='bbox 448 4270 609 4314; x_wconf 89' lang='lat' dir='ltr'><strong>esset.</strong></span> <span class='ocrx_word' id='word_1_331' title='bbox 630 4260 736 4314; x_wconf 85' lang='lat' dir='ltr'><strong>Nos</strong></span> <span class='ocrx_word' id='word_1_332' title='bbox 757 4276 904 4326; x_wconf 92' lang='lat' dir='ltr'><strong>vero,</strong></span> <span class='ocrx_word' id='word_1_333' title='bbox 930 4262 1019 4331; x_wconf 87' lang='lat' dir='ltr'><strong>qui</strong></span> <span class='ocrx_word' id='word_1_334' title='bbox 1047 4270 1099 4314; x_wconf 92' lang='lat' dir='ltr'><strong>et</strong></span> <span class='ocrx_word' id='word_1_335' title='bbox 1125 4261 1409 4331; x_wconf 81' lang='lat' dir='ltr'><strong>prephetas</strong></span> <span class='ocrx_word' id='word_1_336' title='bbox 1434 4270 1488 4317; x_wconf 90' lang='lat' dir='ltr'><strong>et</strong></span> <span class='ocrx_word' id='word_1_337' title='bbox 1507 4264 1777 4332; x_wconf 81' lang='lat' dir='ltr'><strong>apostolos</strong></span> <span class='ocrx_word' id='word_1_338' title='bbox 1801 4273 1853 4317; x_wconf 92' lang='lat' dir='ltr'><strong>et</strong></span> <span class='ocrx_word' id='word_1_339' title='bbox 1873 4280 2026 4317; x_wconf 86' lang='lat' dir='ltr'><strong>evan-</strong></span> 
     </span>
    </p>
   </div>
   <div class='ocr_carea' id='block_1_44' title="bbox 448 4355 2023 4426">
    <p class='ocr_par' dir='ltr' id='par_1_44' title="bbox 448 4355 2023 4426">
     <span class='ocr_line' id='line_1_44' title="bbox 448 4355 2023 4426; baseline 0.002 -18"><span class='ocrx_word' id='word_1_340' title='bbox 448 4356 664 4423; x_wconf 89' lang='lat' dir='ltr'><strong>gelistas</strong></span> <span class='ocrx_word' id='word_1_341' title='bbox 710 4355 955 4409; x_wconf 90' lang='lat' dir='ltr'><strong>audimus</strong></span> <span class='ocrx_word' id='word_1_342' title='bbox 984 4396 998 4419; x_wconf 96' lang='lat'><strong>,</strong></span> <span class='ocrx_word' id='word_1_343' title='bbox 1039 4365 1094 4409; x_wconf 94' lang='lat' dir='ltr'><strong>et</strong></span> <span class='ocrx_word' id='word_1_344' title='bbox 1148 4364 1398 4409; x_wconf 82' lang='lat' dir='ltr'><strong>sexcenta</strong></span> <span class='ocrx_word' id='word_1_345' title='bbox 1449 4358 1717 4409; x_wconf 91' lang='lat' dir='ltr'><strong>cernimus</strong></span> <span class='ocrx_word' id='word_1_346' title='bbox 1758 4358 2023 4426; x_wconf 86' lang='lat' dir='ltr'><strong>exempla,</strong></span> 
     </span>
    </p>
   </div>
   <div class='ocr_carea' id='block_1_45' title="bbox 451 4446 2026 4522">
    <p class='ocr_par' dir='ltr' id='par_1_45' title="bbox 451 4446 2026 4522">
     <span class='ocr_line' id='line_1_45' title="bbox 451 4446 2026 4522; baseline 0.001 -24"><span class='ocrx_word' id='word_1_347' title='bbox 451 4457 608 4515; x_wconf 90' lang='lat' dir='ltr'><strong>atque</strong></span> <span class='ocrx_word' id='word_1_348' title='bbox 639 4462 698 4501; x_wconf 89' lang='lat' dir='ltr'><strong>ea</strong></span> <span class='ocrx_word' id='word_1_349' title='bbox 727 4488 741 4510; x_wconf 93' lang='lat'><strong>,</strong></span> <span class='ocrx_word' id='word_1_350' title='bbox 776 4462 895 4516; x_wconf 74' lang='lat' dir='ltr'><strong>quze</strong></span> <span class='ocrx_word' id='word_1_351' title='bbox 922 4448 1374 4522; x_wconf 85' lang='lat' dir='ltr'><strong>resurrectionem</strong></span> <span class='ocrx_word' id='word_1_352' title='bbox 1402 4446 1559 4500; x_wconf 92' lang='lat' dir='ltr'><strong>nobis</strong></span> <span class='ocrx_word' id='word_1_353' title='bbox 1585 4447 1917 4514; x_wconf 82' lang='lat' dir='ltr'><strong>exploratam</strong></span> <span class='ocrx_word' id='word_1_354' title='bbox 1947 4446 2026 4500; x_wconf 82' lang='lat' dir='ltr'><strong>fa-</strong></span> 
     </span>
    </p>
   </div>
   <div class='ocr_carea' id='block_1_46' title="bbox 450 4539 2025 4609">
    <p class='ocr_par' dir='ltr' id='par_1_46' title="bbox 450 4539 2025 4609">
     <span class='ocr_line' id='line_1_46' title="bbox 450 4539 2025 4609; baseline 0.001 -15"><span class='ocrx_word' id='word_1_355' title='bbox 450 4542 614 4605; x_wconf 88' lang='lat' dir='ltr'><strong>ciunt,</strong></span> <span class='ocrx_word' id='word_1_356' title='bbox 632 4539 935 4603; x_wconf 88' lang='lat' dir='ltr'><strong>didicimus.</strong></span> <span class='ocrx_word' id='word_1_357' title='bbox 962 4539 1135 4594; x_wconf 88' lang='lat' dir='ltr'><strong>adhuc</strong></span> <span class='ocrx_word' id='word_1_358' title='bbox 1157 4555 1297 4609; x_wconf 65' lang='lat' dir='ltr'><strong>aegre</strong></span> <span class='ocrx_word' id='word_1_359' title='bbox 1318 4540 1536 4594; x_wconf 83' lang='lat' dir='ltr'><strong>ferimus</strong></span> <span class='ocrx_word' id='word_1_360' title='bbox 1568 4557 1581 4593; x_wconf 92' lang='lat'>:</span> <span class='ocrx_word' id='word_1_361' title='bbox 1605 4541 1844 4609; x_wconf 84' lang='lat' dir='ltr'><strong>quamvis</strong></span> <span class='ocrx_word' id='word_1_362' title='bbox 1870 4556 2025 4596; x_wconf 93' lang='lat' dir='ltr'><strong>nemo</strong></span> 
     </span>
    </p>
   </div>
   <div class='ocr_carea' id='block_1_47' title="bbox 452 4633 2019 4702">
    <p class='ocr_par' dir='ltr' id='par_1_47' title="bbox 452 4633 2019 4702">
     <span class='ocr_line' id='line_1_47' title="bbox 452 4633 2019 4702; baseline 0.001 -16"><span class='ocrx_word' id='word_1_363' title='bbox 452 4635 541 4699; x_wconf 90' lang='lat' dir='ltr'><strong>sit,</strong></span> <span class='ocrx_word' id='word_1_364' title='bbox 574 4634 661 4702; x_wconf 92' lang='lat' dir='ltr'><strong>qui</strong></span> <span class='ocrx_word' id='word_1_365' title='bbox 692 4642 767 4687; x_wconf 91' lang='lat' dir='ltr'><strong>tot</strong></span> <span class='ocrx_word' id='word_1_366' title='bbox 792 4648 855 4687; x_wconf 93' lang='lat' dir='ltr'><strong>ac</strong></span> <span class='ocrx_word' id='word_1_367' title='bbox 882 4641 1024 4687; x_wconf 87' lang='lat' dir='ltr'><strong>tanta</strong></span> <span class='ocrx_word' id='word_1_368' title='bbox 1056 4633 1154 4687; x_wconf 90' lang='lat' dir='ltr'><strong>sibi</strong></span> <span class='ocrx_word' id='word_1_369' title='bbox 1186 4634 1322 4686; x_wconf 90' lang='lat' dir='ltr'><strong>mala</strong></span> <span class='ocrx_word' id='word_1_370' title='bbox 1349 4633 1609 4688; x_wconf 89' lang='lat' dir='ltr'><strong>accidisse</strong></span> <span class='ocrx_word' id='word_1_371' title='bbox 1639 4644 1797 4702; x_wconf 90' lang='lat' dir='ltr'><strong>queat</strong></span> <span class='ocrx_word' id='word_1_372' title='bbox 1820 4633 2019 4687; x_wconf 90' lang='lat' dir='ltr'><strong>dicere.</strong></span> 
     </span>
    </p>
   </div>
   <div class='ocr_carea' id='block_1_48' title="bbox 454 4723 2027 4794">
    <p class='ocr_par' dir='ltr' id='par_1_48' title="bbox 454 4723 2027 4794">
     <span class='ocr_line' id='line_1_48' title="bbox 454 4723 2027 4794; baseline -0.001 -14"><span class='ocrx_word' id='word_1_373' title='bbox 454 4723 584 4780; x_wconf 84' lang='lat' dir='ltr'><strong>Nam</strong></span> <span class='ocrx_word' id='word_1_374' title='bbox 613 4724 822 4779; x_wconf 89' lang='lat' dir='ltr'><strong>tametsi</strong></span> <span class='ocrx_word' id='word_1_375' title='bbox 852 4725 970 4793; x_wconf 87' lang='lat' dir='ltr'><strong>quis</strong></span> <span class='ocrx_word' id='word_1_376' title='bbox 995 4725 1251 4794; x_wconf 87' lang='lat' dir='ltr'><strong>pecunias</strong></span> <span class='ocrx_word' id='word_1_377' title='bbox 1278 4725 1475 4790; x_wconf 91' lang='lat' dir='ltr'><strong>amisit,</strong></span> <span class='ocrx_word' id='word_1_378' title='bbox 1508 4733 1562 4778; x_wconf 91' lang='lat' dir='ltr'><strong>at</strong></span> <span class='ocrx_word' id='word_1_379' title='bbox 1607 4740 1715 4778; x_wconf 93' lang='lat' dir='ltr'><strong>non</strong></span> <span class='ocrx_word' id='word_1_380' title='bbox 1760 4733 1839 4779; x_wconf 90' lang='lat' dir='ltr'><strong>tot</strong></span> <span class='ocrx_word' id='word_1_381' title='bbox 1889 4724 2027 4779; x_wconf 85' lang='lat' dir='ltr'><strong>ﬁlios</strong></span> 
     </span>
    </p>
   </div>
   <div class='ocr_carea' id='block_1_49' title="bbox 457 4815 2026 4885">
    <p class='ocr_par' dir='ltr' id='par_1_49' title="bbox 457 4815 2026 4885">
     <span class='ocr_line' id='line_1_49' title="bbox 457 4815 2026 4885; baseline 0.002 -16"><span class='ocrx_word' id='word_1_382' title='bbox 457 4815 728 4883; x_wconf 78' lang='lat' dir='ltr'><strong>ﬁliasque;</strong></span> <span class='ocrx_word' id='word_1_383' title='bbox 756 4830 817 4869; x_wconf 91' lang='lat' dir='ltr'><strong>ac</strong></span> <span class='ocrx_word' id='word_1_384' title='bbox 846 4815 890 4868; x_wconf 93' lang='lat' dir='ltr'><strong>si</strong></span> <span class='ocrx_word' id='word_1_385' title='bbox 920 4816 1117 4881; x_wconf 85' lang='lat' dir='ltr'><strong>amisit,</strong></span> <span class='ocrx_word' id='word_1_386' title='bbox 1149 4815 1371 4871; x_wconf 90' lang='lat' dir='ltr'><strong>fortasse</strong></span> <span class='ocrx_word' id='word_1_387' title='bbox 1395 4815 1537 4885; x_wconf 90' lang='lat' dir='ltr'><strong>quod</strong></span> <span class='ocrx_word' id='word_1_388' title='bbox 1571 4818 1868 4885; x_wconf 88' lang='lat' dir='ltr'><strong>peccaverit</strong></span> <span class='ocrx_word' id='word_1_389' title='bbox 1893 4834 1905 4869; x_wconf 90' lang='lat'>:</span> <span class='ocrx_word' id='word_1_390' title='bbox 1938 4817 2026 4872; x_wconf 90' lang='lat' dir='ltr'><strong>ille</strong></span> 
     </span>
    </p>
   </div>
   <div class='ocr_carea' id='block_1_50' title="bbox 453 4906 2015 4977">
    <p class='ocr_par' dir='ltr' id='par_1_50' title="bbox 453 4906 2015 4977">
     <span class='ocr_line' id='line_1_50' title="bbox 453 4906 2015 4977; baseline 0.004 -21"><span class='ocrx_word' id='word_1_391' title='bbox 453 4920 582 4959; x_wconf 87' lang='lat' dir='ltr'><strong>vero</strong></span> <span class='ocrx_word' id='word_1_392' title='bbox 614 4916 833 4974; x_wconf 89' lang='lat' dir='ltr'><strong>repente</strong></span> <span class='ocrx_word' id='word_1_393' title='bbox 871 4906 921 4958; x_wconf 92' lang='lat' dir='ltr'><strong>in</strong></span> <span class='ocrx_word' id='word_1_394' title='bbox 952 4906 1140 4960; x_wconf 89' lang='lat' dir='ltr'><strong>mediis</strong></span> <span class='ocrx_word' id='word_1_395' title='bbox 1165 4906 1460 4970; x_wconf 83' lang='lat' dir='ltr'><strong>sacriﬁciis,</strong></span> <span class='ocrx_word' id='word_1_396' title='bbox 1486 4906 1578 4960; x_wconf 90' lang='lat' dir='ltr'><strong>illo</strong></span> <span class='ocrx_word' id='word_1_397' title='bbox 1609 4907 1723 4975; x_wconf 91' lang='lat' dir='ltr'><strong>ipso</strong></span> <span class='ocrx_word' id='word_1_398' title='bbox 1756 4918 2015 4977; x_wconf 81' lang='lat' dir='ltr'><strong>tempore,</strong></span> 
     </span>
    </p>
   </div>
   <div class='ocr_carea' id='block_1_51' title="bbox 456 4998 2024 5065">
    <p class='ocr_par' dir='ltr' id='par_1_51' title="bbox 456 4998 2024 5065">
     <span class='ocr_line' id='line_1_51' title="bbox 456 4998 2024 5065; baseline 0 -12"><span class='ocrx_word' id='word_1_399' title='bbox 456 4998 582 5053; x_wconf 91' lang='lat' dir='ltr'><strong>dum</strong></span> <span class='ocrx_word' id='word_1_400' title='bbox 609 4998 904 5053; x_wconf 86' lang='lat' dir='ltr'><strong>deserviret</strong></span> <span class='ocrx_word' id='word_1_401' title='bbox 934 5008 986 5053; x_wconf 90' lang='lat' dir='ltr'><strong>et</strong></span> <span class='ocrx_word' id='word_1_402' title='bbox 1014 4999 1214 5053; x_wconf 89' lang='lat' dir='ltr'><strong>cultum</strong></span> <span class='ocrx_word' id='word_1_403' title='bbox 1247 5000 1504 5054; x_wconf 90' lang='lat' dir='ltr'><strong>tribueret</strong></span> <span class='ocrx_word' id='word_1_404' title='bbox 1533 5000 1662 5053; x_wconf 92' lang='lat' dir='ltr'><strong>Deo.</strong></span> <span class='ocrx_word' id='word_1_405' title='bbox 1693 5000 1842 5065; x_wconf 91' lang='lat' dir='ltr'><strong>Quod</strong></span> <span class='ocrx_word' id='word_1_406' title='bbox 1889 5001 1933 5055; x_wconf 89' lang='lat' dir='ltr'><strong>si</strong></span> <span class='ocrx_word' id='word_1_407' title='bbox 1964 5003 2024 5053; x_wconf 88' lang='lat' dir='ltr'><strong>li-</strong></span> 
     </span>
    </p>
   </div>
   <div class='ocr_carea' id='block_1_52' title="bbox 456 5090 2021 5161">
    <p class='ocr_par' dir='ltr' id='par_1_52' title="bbox 456 5090 2021 5161">
     <span class='ocr_line' id='line_1_52' title="bbox 456 5090 2021 5161; baseline 0.001 -16"><span class='ocrx_word' id='word_1_408' title='bbox 456 5093 580 5155; x_wconf 92' lang='lat' dir='ltr'><strong>lios,</strong></span> <span class='ocrx_word' id='word_1_409' title='bbox 611 5107 673 5145; x_wconf 87' lang='lat' dir='ltr'><strong>ac</strong></span> <span class='ocrx_word' id='word_1_410' title='bbox 701 5091 914 5147; x_wconf 87' lang='lat' dir='ltr'><strong>divitias</strong></span> <span class='ocrx_word' id='word_1_411' title='bbox 958 5093 1112 5146; x_wconf 90' lang='lat' dir='ltr'><strong>simul</strong></span> <span class='ocrx_word' id='word_1_412' title='bbox 1141 5101 1313 5145; x_wconf 87' lang='lat' dir='ltr'><strong>tantas</strong></span> <span class='ocrx_word' id='word_1_413' title='bbox 1333 5132 1347 5155; x_wconf 92' lang='lat'><strong>,</strong></span> <span class='ocrx_word' id='word_1_414' title='bbox 1378 5090 1519 5161; x_wconf 92' lang='lat' dir='ltr'><strong>quod</strong></span> <span class='ocrx_word' id='word_1_415' title='bbox 1551 5092 1633 5144; x_wconf 85' lang='lat' dir='ltr'><strong>vix</strong></span> <span class='ocrx_word' id='word_1_416' title='bbox 1665 5091 1781 5146; x_wconf 83' lang='lat' dir='ltr'><strong>ﬁeri</strong></span> <span class='ocrx_word' id='word_1_417' title='bbox 1813 5102 2021 5161; x_wconf 88' lang='lat' dir='ltr'><strong>potest;</strong></span> 
     </span>
    </p>
   </div>
   <div class='ocr_carea' id='block_1_53' title="bbox 455 5164 2023 5253">
    <p class='ocr_par' dir='ltr' id='par_1_53' title="bbox 455 5164 2023 5253">
     <span class='ocr_line' id='line_1_53' title="bbox 455 5164 2023 5253; baseline 0 -17"><span class='ocrx_word' id='word_1_418' title='bbox 455 5193 509 5237; x_wconf 93' lang='lat' dir='ltr'><strong>at</strong></span> <span class='ocrx_word' id='word_1_419' title='bbox 535 5200 639 5237; x_wconf 94' lang='lat' dir='ltr'><strong>non</strong></span> <span class='ocrx_word' id='word_1_420' title='bbox 665 5198 760 5253; x_wconf 91' lang='lat' dir='ltr'><strong>per</strong></span> <span class='ocrx_word' id='word_1_421' title='bbox 804 5164 972 5236; x_wconf 76' lang='lat' dir='ltr'><strong>totum</strong></span> <span class='ocrx_word' id='word_1_422' title='bbox 1002 5197 1197 5252; x_wconf 90' lang='lat' dir='ltr'><strong>corpus</strong></span> <span class='ocrx_word' id='word_1_423' title='bbox 1222 5182 1491 5236; x_wconf 89' lang='lat' dir='ltr'><strong>ulceribus</strong></span> <span class='ocrx_word' id='word_1_424' title='bbox 1516 5190 1684 5236; x_wconf 89' lang='lat' dir='ltr'><strong>scatet</strong></span> <span class='ocrx_word' id='word_1_425' title='bbox 1714 5198 1777 5236; x_wconf 87' lang='lat' dir='ltr'><strong>ac</strong></span> <span class='ocrx_word' id='word_1_426' title='bbox 1820 5184 2023 5237; x_wconf 85' lang='lat' dir='ltr'><strong>saniem</strong></span> 
     </span>
    </p>
   </div>
   <div class='ocr_carea' id='block_1_54' title="bbox 455 5273 2027 5344">
    <p class='ocr_par' dir='ltr' id='par_1_54' title="bbox 455 5273 2027 5344">
     <span class='ocr_line' id='line_1_54' title="bbox 455 5273 2027 5344; baseline -0.002 -15"><span class='ocrx_word' id='word_1_427' title='bbox 455 5273 698 5329; x_wconf 78' lang='lat' dir='ltr'><strong>eﬂ‘undit.</strong></span> <span class='ocrx_word' id='word_1_428' title='bbox 726 5273 877 5340; x_wconf 86' lang='lat' dir='ltr'><strong>Quod</strong></span> <span class='ocrx_word' id='word_1_429' title='bbox 898 5274 940 5327; x_wconf 91' lang='lat' dir='ltr'><strong>si</strong></span> <span class='ocrx_word' id='word_1_430' title='bbox 966 5273 1066 5327; x_wconf 90' lang='lat' dir='ltr'><strong>hoc</strong></span> <span class='ocrx_word' id='word_1_431' title='bbox 1090 5288 1301 5344; x_wconf 91' lang='lat' dir='ltr'><strong>quoque</strong></span> <span class='ocrx_word' id='word_1_432' title='bbox 1325 5315 1340 5339; x_wconf 93' lang='lat'><strong>,</strong></span> <span class='ocrx_word' id='word_1_433' title='bbox 1368 5282 1423 5326; x_wconf 91' lang='lat' dir='ltr'><strong>at</strong></span> <span class='ocrx_word' id='word_1_434' title='bbox 1449 5288 1555 5326; x_wconf 91' lang='lat' dir='ltr'><strong>non</strong></span> <span class='ocrx_word' id='word_1_435' title='bbox 1584 5273 1900 5327; x_wconf 80' lang='lat' dir='ltr'><strong>insultantes</strong></span> <span class='ocrx_word' id='word_1_436' title='bbox 1928 5289 2027 5326; x_wconf 88' lang='lat' dir='ltr'><strong>na-</strong></span> 
     </span>
    </p>
   </div>
   <div class='ocr_carea' id='block_1_55' title="bbox 455 5366 2024 5437">
    <p class='ocr_par' dir='ltr' id='par_1_55' title="bbox 455 5366 2024 5437">
     <span class='ocr_line' id='line_1_55' title="bbox 455 5366 2024 5437; baseline 0.001 -17"><span class='ocrx_word' id='word_1_437' title='bbox 455 5376 575 5421; x_wconf 88' lang='lat' dir='ltr'><strong>ctus</strong></span> <span class='ocrx_word' id='word_1_438' title='bbox 597 5378 677 5421; x_wconf 90' lang='lat' dir='ltr'><strong>est</strong></span> <span class='ocrx_word' id='word_1_439' title='bbox 702 5378 861 5437; x_wconf 86' lang='lat' dir='ltr'><strong>atque</strong></span> <span class='ocrx_word' id='word_1_440' title='bbox 898 5367 1281 5436; x_wconf 82' lang='lat' dir='ltr'><strong>exprobrantes</strong></span> <span class='ocrx_word' id='word_1_441' title='bbox 1314 5383 1327 5420; x_wconf 84' lang='lat'>:</span> <span class='ocrx_word' id='word_1_442' title='bbox 1358 5366 1499 5435; x_wconf 91' lang='lat' dir='ltr'><strong>quod</strong></span> <span class='ocrx_word' id='word_1_443' title='bbox 1528 5367 1741 5435; x_wconf 83' lang='lat' dir='ltr'><strong>quidem</strong></span> <span class='ocrx_word' id='word_1_444' title='bbox 1788 5368 2024 5421; x_wconf 90' lang='lat' dir='ltr'><strong>omnimn</strong></span> 
     </span>
    </p>
   </div>
   <div class='ocr_carea' id='block_1_56' title="bbox 455 5460 2029 5530">
    <p class='ocr_par' dir='ltr' id='par_1_56' title="bbox 455 5460 2029 5530">
     <span class='ocr_line' id='line_1_56' title="bbox 455 5460 2029 5530; baseline 0.001 -16"><span class='ocrx_word' id='word_1_445' title='bbox 455 5460 687 5514; x_wconf 78' lang='lat' dir='ltr'><strong>maxime</strong></span> <span class='ocrx_word' id='word_1_446' title='bbox 712 5475 808 5515; x_wconf 79' lang='lat' dir='ltr'><strong>nos</strong></span> <span class='ocrx_word' id='word_1_447' title='bbox 839 5474 1073 5529; x_wconf 87' lang='lat' dir='ltr'><strong>pungere</strong></span> <span class='ocrx_word' id='word_1_448' title='bbox 1116 5460 1412 5525; x_wconf 89' lang='lat' dir='ltr'><strong>consuevit,</strong></span> <span class='ocrx_word' id='word_1_449' title='bbox 1457 5461 1729 5530; x_wconf 79' lang='lat' dir='ltr'><strong>magisque</strong></span> <span class='ocrx_word' id='word_1_450' title='bbox 1754 5476 1911 5529; x_wconf 89' lang='lat' dir='ltr'><strong>quam</strong></span> <span class='ocrx_word' id='word_1_451' title='bbox 1942 5476 2029 5515; x_wconf 90' lang='lat' dir='ltr'><strong>ca-</strong></span> 
     </span>
    </p>
   </div>
   <div class='ocr_carea' id='block_1_57' title="bbox 459 5549 2028 5621">
    <p class='ocr_par' dir='ltr' id='par_1_57' title="bbox 459 5549 2028 5621">
     <span class='ocr_line' id='line_1_57' title="bbox 459 5549 2028 5621; baseline 0.002 -18"><span class='ocrx_word' id='word_1_452' title='bbox 459 5549 725 5605; x_wconf 80' lang='lat' dir='ltr'><strong>lamitates</strong></span> <span class='ocrx_word' id='word_1_453' title='bbox 772 5551 920 5619; x_wconf 57' lang='lat' dir='ltr'><strong>ipsa}.</strong></span> <span class='ocrx_word' id='word_1_454' title='bbox 952 5550 1185 5613; x_wconf 90' lang='lat' dir='ltr'><strong>Etenim,</strong></span> <span class='ocrx_word' id='word_1_455' title='bbox 1234 5550 1279 5605; x_wconf 91' lang='lat' dir='ltr'><strong>si</strong></span> <span class='ocrx_word' id='word_1_456' title='bbox 1308 5550 1395 5604; x_wconf 92' lang='lat' dir='ltr'><strong>ubi</strong></span> <span class='ocrx_word' id='word_1_457' title='bbox 1440 5551 1492 5604; x_wconf 93' lang='lat' dir='ltr'><strong>in</strong></span> <span class='ocrx_word' id='word_1_458' title='bbox 1538 5551 1692 5604; x_wconf 89' lang='lat' dir='ltr'><strong>malis</strong></span> <span class='ocrx_word' id='word_1_459' title='bbox 1721 5551 1913 5605; x_wconf 92' lang='lat' dir='ltr'><strong>adsunt</strong></span> <span class='ocrx_word' id='word_1_460' title='bbox 1940 5552 2028 5621; x_wconf 92' lang='lat' dir='ltr'><strong>qui</strong></span> 
     </span>
    </p>
   </div>
   <div class='ocr_carea' id='block_1_58' title="bbox 460 5643 2027 5713">
    <p class='ocr_par' dir='ltr' id='par_1_58' title="bbox 460 5643 2027 5713">
     <span class='ocr_line' id='line_1_58' title="bbox 460 5643 2027 5713; baseline 0.001 -17"><span class='ocrx_word' id='word_1_461' title='bbox 460 5658 559 5697; x_wconf 91' lang='lat' dir='ltr'><strong>nos</strong></span> <span class='ocrx_word' id='word_1_462' title='bbox 583 5644 925 5699; x_wconf 90' lang='lat' dir='ltr'><strong>consolentur</strong></span> <span class='ocrx_word' id='word_1_463' title='bbox 948 5659 1012 5699; x_wconf 91' lang='lat' dir='ltr'><strong>ac</strong></span> <span class='ocrx_word' id='word_1_464' title='bbox 1052 5644 1289 5699; x_wconf 89' lang='lat' dir='ltr'><strong>dolorem</strong></span> <span class='ocrx_word' id='word_1_465' title='bbox 1319 5644 1540 5707; x_wconf 89' lang='lat' dir='ltr'><strong>leniant,</strong></span> <span class='ocrx_word' id='word_1_466' title='bbox 1574 5643 1845 5713; x_wconf 91' lang='lat' dir='ltr'><strong>bonasque</strong></span> <span class='ocrx_word' id='word_1_467' title='bbox 1875 5643 2027 5698; x_wconf 82' lang='lat' dir='ltr'><strong>nobis</strong></span> 
     </span>
    </p>
   </div>
   <div class='ocr_carea' id='block_1_59' title="bbox 455 5735 2024 5805">
    <p class='ocr_par' dir='ltr' id='par_1_59' title="bbox 455 5735 2024 5805">
     <span class='ocr_line' id='line_1_59' title="bbox 455 5735 2024 5805; baseline -0.002 -14"><span class='ocrx_word' id='word_1_468' title='bbox 455 5750 579 5803; x_wconf 87' lang='lat' dir='ltr'><strong>spes</strong></span> <span class='ocrx_word' id='word_1_469' title='bbox 607 5735 859 5804; x_wconf 89' lang='lat' dir='ltr'><strong>injiciant,</strong></span> <span class='ocrx_word' id='word_1_470' title='bbox 894 5747 1071 5791; x_wconf 90' lang='lat' dir='ltr'><strong>tamen</strong></span> <span class='ocrx_word' id='word_1_471' title='bbox 1098 5736 1233 5791; x_wconf 89' lang='lat' dir='ltr'><strong>adeo</strong></span> <span class='ocrx_word' id='word_1_472' title='bbox 1271 5735 1563 5805; x_wconf 79' lang='lat' dir='ltr'><strong>frangimur</strong></span> <span class='ocrx_word' id='word_1_473' title='bbox 1601 5744 1763 5804; x_wconf 90' lang='lat' dir='ltr'><strong>atque</strong></span> <span class='ocrx_word' id='word_1_474' title='bbox 1791 5736 2024 5791; x_wconf 84' lang='lat' dir='ltr'><strong>animum</strong></span> 
     </span>
    </p>
   </div>
   <div class='ocr_carea' id='block_1_60' title="bbox 457 5824 2023 5899">
    <p class='ocr_par' dir='ltr' id='par_1_60' title="bbox 457 5824 2023 5899">
     <span class='ocr_line' id='line_1_60' title="bbox 457 5824 2023 5899; baseline 0.003 -19"><span class='ocrx_word' id='word_1_475' title='bbox 457 5824 849 5897; x_wconf 86' lang='lat' dir='ltr'><strong>despondemus</strong></span> <span class='ocrx_word' id='word_1_476' title='bbox 876 5846 888 5882; x_wconf 92' lang='lat'><strong>:</strong></span> <span class='ocrx_word' id='word_1_477' title='bbox 918 5828 1089 5898; x_wconf 81' lang='lat' dir='ltr'><strong>cogita</strong></span> <span class='ocrx_word' id='word_1_478' title='bbox 1117 5837 1369 5899; x_wconf 88' lang='lat' dir='ltr'><strong>quantum</strong></span> <span class='ocrx_word' id='word_1_479' title='bbox 1424 5826 1554 5883; x_wconf 88' lang='lat' dir='ltr'><strong>illud</strong></span> <span class='ocrx_word' id='word_1_480' title='bbox 1600 5826 1795 5893; x_wconf 87' lang='lat' dir='ltr'><strong>fuerit,</strong></span> <span class='ocrx_word' id='word_1_481' title='bbox 1828 5843 2023 5898; x_wconf 81' lang='lat' dir='ltr'><strong>expro-</strong></span> 
     </span>
    </p>
   </div>
   <div class='ocr_carea' id='block_1_61' title="bbox 1122 370 2917 440">
    <p class='ocr_par' dir='ltr' id='par_1_61' title="bbox 1122 370 2917 440">
     <span class='ocr_line' id='line_1_61' title="bbox 1122 370 2917 440; baseline -0.006 -3"><span class='ocrx_word' id='word_1_482' title='bbox 1122 383 1181 440; x_wconf 91' lang='lat' dir='ltr'><strong>S.</strong></span> <span class='ocrx_word' id='word_1_483' title='bbox 1219 378 1494 437; x_wconf 75' lang='lat' dir='ltr'><strong>JOANNIS</strong></span> <span class='ocrx_word' id='word_1_484' title='bbox 1528 371 2005 434; x_wconf 75' lang='lat' dir='ltr'><strong>CliRYSOSTOMI</strong></span> <span class='ocrx_word' id='word_1_485' title='bbox 2046 370 2361 427; x_wconf 79' lang='lat' dir='ltr'><strong>ARCHIEP.</strong></span> <span class='ocrx_word' id='word_1_486' title='bbox 2389 370 2917 429; x_wconf 82' lang='lat' dir='ltr'><strong>CONSTANTINOP.</strong></span> 
     </span>
    </p>
   </div>
   <div class='ocr_carea' id='block_1_62' title="bbox 3574 378 3679 433">
    <p class='ocr_par' dir='ltr' id='par_1_62' title="bbox 3574 378 3679 433">
     <span class='ocr_line' id='line_1_62' title="bbox 3574 378 3679 433; baseline 0.01 -1"><span class='ocrx_word' id='word_1_487' title='bbox 3574 378 3679 433; x_wconf 71' lang='grc' dir='ltr'>ΞΗ</span> 
     </span>
    </p>
   </div>
   <div class='ocr_carea' id='block_1_63' title="bbox 2105 483 3678 559">
    <p class='ocr_par' dir='ltr' id='par_1_63' title="bbox 2105 483 3678 559">
     <span class='ocr_line' id='line_1_63' title="bbox 2105 483 3678 559; baseline 0.006 -22"><span class='ocrx_word' id='word_1_488' title='bbox 2105 483 2321 540; x_wconf 89' lang='lat' dir='ltr'><strong>brantcs</strong></span> <span class='ocrx_word' id='word_1_489' title='bbox 2346 486 2562 543; x_wconf 87' lang='lat' dir='ltr'><strong>habere.</strong></span> <span class='ocrx_word' id='word_1_490' title='bbox 2586 488 2641 545; x_wconf 89' lang='lat' dir='ltr'><strong>Si</strong></span> <span class='ocrx_word' id='word_1_491' title='bbox 2676 491 2827 553; x_wconf 90' lang='lat' dir='ltr'><strong>illud,</strong></span> <span class='ocrx_word' id='word_1_492' title='bbox 2860 490 3096 545; x_wconf 88' lang='lat' dir='ltr'><strong>Sustinui</strong></span> <span class='ocrx_word' id='word_1_493' title='bbox 3119 490 3206 559; x_wconf 87' lang='lat' dir='ltr'><strong>qui</strong></span> <span class='ocrx_word' id='word_1_494' title='bbox 3232 491 3390 545; x_wconf 81' lang='lat' dir='ltr'><strong>simul</strong></span> <span class='ocrx_word' id='word_1_495' title='bbox 3416 494 3678 546; x_wconf 84' lang='lat' dir='ltr'><strong>contrista-</strong></span> 
     </span>
    </p>
   </div>
   <div class='ocr_carea' id='block_1_64' title="bbox 2099 583 3683 654">
    <p class='ocr_par' dir='ltr' id='par_1_64' title="bbox 2099 583 3683 654">
     <span class='ocr_line' id='line_1_64' title="bbox 2099 583 3683 654; baseline 0.005 -26"><span class='ocrx_word' id='word_1_496' title='bbox 2099 586 2257 643; x_wconf 85' lang='lat' dir='ltr'><strong>retur,</strong></span> <span class='ocrx_word' id='word_1_497' title='bbox 2286 589 2332 631; x_wconf 85' lang='lat' dir='ltr'><strong>et</strong></span> <span class='ocrx_word' id='word_1_498' title='bbox 2375 597 2475 635; x_wconf 88' lang='lat' dir='ltr'><strong>non</strong></span> <span class='ocrx_word' id='word_1_499' title='bbox 2501 583 2633 652; x_wconf 83' lang='lat' dir='ltr'><strong>fuit;</strong></span> <span class='ocrx_word' id='word_1_500' title='bbox 2682 593 2726 636; x_wconf 91' lang='lat' dir='ltr'><strong>et</strong></span> <span class='ocrx_word' id='word_1_501' title='bbox 2759 584 2849 654; x_wconf 86' lang='lat' dir='ltr'><strong>qui</strong></span> <span class='ocrx_word' id='word_1_502' title='bbox 2887 584 3251 650; x_wconf 87' lang='lat' dir='ltr'><strong>consolaretur,</strong></span> <span class='ocrx_word' id='word_1_503' title='bbox 3282 586 3469 638; x_wconf 70' lang='lat' dir='ltr'><strong>etnon</strong></span> <span class='ocrx_word' id='word_1_504' title='bbox 3516 586 3683 639; x_wconf 84' lang='lat' dir='ltr'><strong>inveni</strong></span> 
     </span>
    </p>
   </div>
   <div class='ocr_carea' id='block_1_65' title="bbox 2102 667 3679 747">
    <p class='ocr_par' dir='ltr' id='par_1_65' title="bbox 2102 667 3679 747">
     <span class='ocr_line' id='line_1_65' title="bbox 2102 667 3679 747; baseline 0.007 -27"><span class='ocrx_word' id='word_1_505' title='bbox 2102 667 2274 738; x_wconf 86' lang='lat' dir='ltr'><strong>(Psal.</strong></span> <span class='ocrx_word' id='word_1_506' title='bbox 2308 671 2395 725; x_wconf 87' lang='lat'><strong>68.</strong></span> <span class='ocrx_word' id='word_1_507' title='bbox 2425 671 2540 743; x_wconf 71' lang='lat' dir='ltr'><strong>2i),</strong></span> <span class='ocrx_word' id='word_1_508' title='bbox 2573 689 2736 743; x_wconf 88' lang='lat' dir='ltr'><strong>grave</strong></span> <span class='ocrx_word' id='word_1_509' title='bbox 2766 685 2926 745; x_wconf 87' lang='lat' dir='ltr'><strong>atque</strong></span> <span class='ocrx_word' id='word_1_510' title='bbox 2950 675 3287 731; x_wconf 87' lang='lat' dir='ltr'><strong>intolerabile</strong></span> <span class='ocrx_word' id='word_1_511' title='bbox 3316 686 3432 731; x_wconf 86' lang='lat' dir='ltr'><strong>erat</strong></span> <span class='ocrx_word' id='word_1_512' title='bbox 3468 694 3481 731; x_wconf 94' lang='lat'>:</span> <span class='ocrx_word' id='word_1_513' title='bbox 3510 692 3679 747; x_wconf 87' lang='lat' dir='ltr'><strong>quan-</strong></span> 
     </span>
    </p>
   </div>
   <div class='ocr_carea' id='block_1_66' title="bbox 2101 762 3679 838">
    <p class='ocr_par' dir='ltr' id='par_1_66' title="bbox 2101 762 3679 838">
     <span class='ocr_line' id='line_1_66' title="bbox 2101 762 3679 838; baseline 0.006 -24"><span class='ocrx_word' id='word_1_514' title='bbox 2101 762 2212 816; x_wconf 88' lang='lat' dir='ltr'><strong>tum</strong></span> <span class='ocrx_word' id='word_1_515' title='bbox 2243 763 2457 819; x_wconf 85' lang='lat' dir='ltr'><strong>tandem</strong></span> <span class='ocrx_word' id='word_1_516' title='bbox 2491 768 2613 820; x_wconf 91' lang='lat' dir='ltr'><strong>mali</strong></span> <span class='ocrx_word' id='word_1_517' title='bbox 2650 768 2752 822; x_wconf 91' lang='lat' dir='ltr'><strong>erit</strong></span> <span class='ocrx_word' id='word_1_518' title='bbox 2780 783 2879 838; x_wconf 88' lang='lat' dir='ltr'><strong>pro</strong></span> <span class='ocrx_word' id='word_1_519' title='bbox 2917 768 3319 823; x_wconf 85' lang='lat' dir='ltr'><strong>consolantibus</strong></span> <span class='ocrx_word' id='word_1_520' title='bbox 3362 768 3598 824; x_wconf 91' lang='lat' dir='ltr'><strong>incidere</strong></span> <span class='ocrx_word' id='word_1_521' title='bbox 3627 770 3679 823; x_wconf 92' lang='lat' dir='ltr'><strong>in</strong></span> 
     </span>
    </p>
   </div>
   <div class='ocr_carea' id='block_1_67' title="bbox 2102 856 3683 931">
    <p class='ocr_par' dir='ltr' id='par_1_67' title="bbox 2102 856 3683 931">
     <span class='ocr_line' id='line_1_67' title="bbox 2102 856 3683 931; baseline 0.005 -22"><span class='ocrx_word' id='word_1_522' title='bbox 2102 856 2529 923; x_wconf 88' lang='lat' dir='ltr'><strong>exprobrantes:</strong></span> <span class='ocrx_word' id='word_1_523' title='bbox 2561 857 2931 926; x_wconf 80' lang='lat' dir='ltr'><strong>Consolatores,</strong></span> <span class='ocrx_word' id='word_1_524' title='bbox 2974 861 3164 931; x_wconf 90' lang='lat' dir='ltr'><strong>inquit,</strong></span> <span class='ocrx_word' id='word_1_525' title='bbox 3214 862 3465 916; x_wconf 89' lang='lat' dir='ltr'><strong>malorum</strong></span> <span class='ocrx_word' id='word_1_526' title='bbox 3510 879 3683 917; x_wconf 85' lang='lat' dir='ltr'><strong>omnes</strong></span> 
     </span>
    </p>
   </div>
   <div class='ocr_carea' id='block_1_68' title="bbox 2102 944 2465 1020">
    <p class='ocr_par' dir='ltr' id='par_1_68' title="bbox 2102 944 2465 1020">
     <span class='ocr_line' id='line_1_68' title="bbox 2102 944 2465 1020; baseline 0.014 -23"><span class='ocrx_word' id='word_1_527' title='bbox 2102 944 2246 1017; x_wconf 81' lang='lat' dir='ltr'><strong>(Job.</strong></span> <span class='ocrx_word' id='word_1_528' title='bbox 2274 946 2465 1020; x_wconf 72' lang='lat'><strong>16.2).</strong></span> 
     </span>
    </p>
   </div>
   <div class='ocr_carea' id='block_1_69' title="bbox 2174 1038 3683 1110">
    <p class='ocr_par' dir='ltr' id='par_1_69' title="bbox 2174 1038 3683 1110">
     <span class='ocr_line' id='line_1_69' title="bbox 2174 1038 3683 1110; baseline 0.005 -18"><span class='ocrx_word' id='word_1_529' title='bbox 2174 1038 2228 1092; x_wconf 79' lang='grc'><strong>4.</strong></span> <span class='ocrx_word' id='word_1_530' title='bbox 2259 1038 2313 1093; x_wconf 93' lang='lat' dir='ltr'><strong>Si</strong></span> <span class='ocrx_word' id='word_1_531' title='bbox 2351 1039 2466 1094; x_wconf 83' lang='lat' dir='ltr'><strong>haec</strong></span> <span class='ocrx_word' id='word_1_532' title='bbox 2494 1040 2704 1096; x_wconf 81' lang='lat' dir='ltr'><strong>assidue</strong></span> <span class='ocrx_word' id='word_1_533' title='bbox 2730 1058 3082 1110; x_wconf 89' lang='lat' dir='ltr'><strong>versaremus,</strong></span> <span class='ocrx_word' id='word_1_534' title='bbox 3110 1044 3155 1100; x_wconf 91' lang='lat' dir='ltr'><strong>si</strong></span> <span class='ocrx_word' id='word_1_535' title='bbox 3184 1045 3297 1101; x_wconf 68' lang='lat' dir='ltr'><strong>htec</strong></span> <span class='ocrx_word' id='word_1_536' title='bbox 3326 1061 3566 1102; x_wconf 88' lang='lat' dir='ltr'><strong>essemus</strong></span> <span class='ocrx_word' id='word_1_537' title='bbox 3588 1062 3683 1101; x_wconf 87' lang='lat' dir='ltr'><strong>ra-</strong></span> 
     </span>
    </p>
   </div>
   <div class='ocr_carea' id='block_1_70' title="bbox 2105 1127 3684 1203">
    <p class='ocr_par' dir='ltr' id='par_1_70' title="bbox 2105 1127 3684 1203">
     <span class='ocr_line' id='line_1_70' title="bbox 2105 1127 3684 1203; baseline 0.006 -22"><span class='ocrx_word' id='word_1_538' title='bbox 2105 1127 2370 1195; x_wconf 88' lang='lat' dir='ltr'><strong>tiocinati,</strong></span> <span class='ocrx_word' id='word_1_539' title='bbox 2410 1131 2554 1185; x_wconf 90' lang='lat' dir='ltr'><strong>nulla</strong></span> <span class='ocrx_word' id='word_1_540' title='bbox 2601 1147 2730 1188; x_wconf 86' lang='lat' dir='ltr'><strong>sane</strong></span> <span class='ocrx_word' id='word_1_541' title='bbox 2774 1136 3114 1203; x_wconf 81' lang='lat' dir='ltr'><strong>praesentium</strong></span> <span class='ocrx_word' id='word_1_542' title='bbox 3156 1153 3334 1192; x_wconf 91' lang='lat' dir='ltr'><strong>rerum</strong></span> <span class='ocrx_word' id='word_1_543' title='bbox 3373 1137 3559 1193; x_wconf 90' lang='lat' dir='ltr'><strong>dolore</strong></span> <span class='ocrx_word' id='word_1_544' title='bbox 3586 1153 3684 1193; x_wconf 92' lang='lat' dir='ltr'><strong>nos</strong></span> 
     </span>
    </p>
   </div>
   <div class='ocr_carea' id='block_1_71' title="bbox 2106 1218 3685 1296">
    <p class='ocr_par' dir='ltr' id='par_1_71' title="bbox 2106 1218 3685 1296">
     <span class='ocr_line' id='line_1_71' title="bbox 2106 1218 3685 1296; baseline 0.008 -24"><span class='ocrx_word' id='word_1_545' title='bbox 2106 1218 2401 1285; x_wconf 78' lang='lat' dir='ltr'><strong>affecisset,</strong></span> <span class='ocrx_word' id='word_1_546' title='bbox 2430 1224 2483 1275; x_wconf 92' lang='lat' dir='ltr'><strong>in</strong></span> <span class='ocrx_word' id='word_1_547' title='bbox 2514 1223 2664 1277; x_wconf 91' lang='lat' dir='ltr'><strong>illum</strong></span> <span class='ocrx_word' id='word_1_548' title='bbox 2695 1225 2964 1281; x_wconf 90' lang='lat' dir='ltr'><strong>intuentes</strong></span> <span class='ocrx_word' id='word_1_549' title='bbox 2990 1228 3276 1296; x_wconf 86' lang='lat' dir='ltr'><strong>athletam,</strong></span> <span class='ocrx_word' id='word_1_550' title='bbox 3307 1230 3356 1283; x_wconf 93' lang='lat' dir='ltr'><strong>in</strong></span> <span class='ocrx_word' id='word_1_551' title='bbox 3388 1229 3685 1284; x_wconf 86' lang='lat' dir='ltr'><strong>adamanti-</strong></span> 
     </span>
    </p>
   </div>
   <div class='ocr_carea' id='block_1_72' title="bbox 2107 1313 3683 1392">
    <p class='ocr_par' dir='ltr' id='par_1_72' title="bbox 2107 1313 3683 1392">
     <span class='ocr_line' id='line_1_72' title="bbox 2107 1313 3683 1392; baseline 0.008 -29"><span class='ocrx_word' id='word_1_552' title='bbox 2107 1327 2227 1364; x_wconf 91' lang='lat' dir='ltr'><strong>nam</strong></span> <span class='ocrx_word' id='word_1_553' title='bbox 2259 1313 2402 1366; x_wconf 91' lang='lat' dir='ltr'><strong>illam</strong></span> <span class='ocrx_word' id='word_1_554' title='bbox 2430 1315 2693 1379; x_wconf 89' lang='lat' dir='ltr'><strong>animam,</strong></span> <span class='ocrx_word' id='word_1_555' title='bbox 2721 1317 2772 1371; x_wconf 92' lang='lat' dir='ltr'><strong>in</strong></span> <span class='ocrx_word' id='word_1_556' title='bbox 2802 1328 3033 1373; x_wconf 89' lang='lat' dir='ltr'><strong>mentem</strong></span> <span class='ocrx_word' id='word_1_557' title='bbox 3077 1321 3221 1374; x_wconf 90' lang='lat' dir='ltr'><strong>illam</strong></span> <span class='ocrx_word' id='word_1_558' title='bbox 3259 1337 3462 1375; x_wconf 72' lang='lat' dir='ltr'><strong>teneam</strong></span> <span class='ocrx_word' id='word_1_559' title='bbox 3487 1331 3541 1377; x_wconf 90' lang='lat' dir='ltr'><strong>et</strong></span> <span class='ocrx_word' id='word_1_560' title='bbox 3566 1339 3683 1392; x_wconf 62' lang='lat' dir='ltr'><strong>qua:</strong></span> 
     </span>
    </p>
   </div>
   <div class='ocr_carea' id='block_1_73' title="bbox 2108 1402 3686 1484">
    <p class='ocr_par' dir='ltr' id='par_1_73' title="bbox 2108 1402 3686 1484">
     <span class='ocr_line' id='line_1_73' title="bbox 2108 1402 3686 1484; baseline 0.009 -28"><span class='ocrx_word' id='word_1_561' title='bbox 2108 1402 2273 1475; x_wconf 84' lang='lat' dir='ltr'><strong>frangi</strong></span> <span class='ocrx_word' id='word_1_562' title='bbox 2318 1422 2422 1460; x_wconf 90' lang='lat' dir='ltr'><strong>non</strong></span> <span class='ocrx_word' id='word_1_563' title='bbox 2455 1418 2633 1475; x_wconf 90' lang='lat' dir='ltr'><strong>posset</strong></span> <span class='ocrx_word' id='word_1_564' title='bbox 2663 1426 2675 1461; x_wconf 90' lang='lat'><strong>:</strong></span> <span class='ocrx_word' id='word_1_565' title='bbox 2712 1411 2928 1478; x_wconf 88' lang='lat' dir='ltr'><strong>perinde</strong></span> <span class='ocrx_word' id='word_1_566' title='bbox 2956 1413 3103 1481; x_wconf 91' lang='lat' dir='ltr'><strong>quasi</strong></span> <span class='ocrx_word' id='word_1_567' title='bbox 3132 1429 3308 1481; x_wconf 71' lang='lat' dir='ltr'><strong>aereo,</strong></span> <span class='ocrx_word' id='word_1_568' title='bbox 3349 1415 3431 1468; x_wconf 91' lang='lat' dir='ltr'><strong>vel</strong></span> <span class='ocrx_word' id='word_1_569' title='bbox 3476 1415 3686 1484; x_wconf 89' lang='lat' dir='ltr'><strong>lapideo</strong></span> 
     </span>
    </p>
   </div>
   <div class='ocr_carea' id='block_1_74' title="bbox 2108 1498 3689 1577">
    <p class='ocr_par' dir='ltr' id='par_1_74' title="bbox 2108 1498 3689 1577">
     <span class='ocr_line' id='line_1_74' title="bbox 2108 1498 3689 1577; baseline 0.009 -28"><span class='ocrx_word' id='word_1_570' title='bbox 2108 1510 2332 1564; x_wconf 90' lang='lat' dir='ltr'><strong>corpore</strong></span> <span class='ocrx_word' id='word_1_571' title='bbox 2356 1498 2713 1554; x_wconf 85' lang='lat' dir='ltr'><strong>circumdatus</strong></span> <span class='ocrx_word' id='word_1_572' title='bbox 2734 1511 2896 1567; x_wconf 88' lang='lat' dir='ltr'><strong>esset,</strong></span> <span class='ocrx_word' id='word_1_573' title='bbox 2925 1503 2994 1556; x_wconf 93' lang='lat' dir='ltr'><strong>ita</strong></span> <span class='ocrx_word' id='word_1_574' title='bbox 3022 1506 3195 1558; x_wconf 91' lang='lat' dir='ltr'><strong>omnia</strong></span> <span class='ocrx_word' id='word_1_575' title='bbox 3221 1521 3481 1575; x_wconf 87' lang='lat' dir='ltr'><strong>generose</strong></span> <span class='ocrx_word' id='word_1_576' title='bbox 3507 1523 3568 1561; x_wconf 91' lang='lat' dir='ltr'><strong>ac</strong></span> <span class='ocrx_word' id='word_1_577' title='bbox 3597 1524 3689 1577; x_wconf 87' lang='lat' dir='ltr'><strong>pa-</strong></span> 
     </span>
    </p>
   </div>
   <div class='ocr_carea' id='block_1_75' title="bbox 2110 1587 3689 1663">
    <p class='ocr_par' dir='ltr' id='par_1_75' title="bbox 2110 1587 3689 1663">
     <span class='ocr_line' id='line_1_75' title="bbox 2110 1587 3689 1663; baseline 0.011 -25"><span class='ocrx_word' id='word_1_578' title='bbox 2110 1588 2303 1641; x_wconf 90' lang='lat' dir='ltr'><strong>tienter</strong></span> <span class='ocrx_word' id='word_1_579' title='bbox 2325 1587 2546 1645; x_wconf 88' lang='lat' dir='ltr'><strong>ferebat.</strong></span> <span class='ocrx_word' id='word_1_580' title='bbox 2573 1591 2696 1647; x_wconf 68' lang='lat' dir='ltr'><strong>ﬂare</strong></span> <span class='ocrx_word' id='word_1_581' title='bbox 2719 1596 3032 1663; x_wconf 89' lang='lat' dir='ltr'><strong>cogitantes,</strong></span> <span class='ocrx_word' id='word_1_582' title='bbox 3056 1598 3233 1651; x_wconf 84' lang='lat' dir='ltr'><strong>omnia</strong></span> <span class='ocrx_word' id='word_1_583' title='bbox 3257 1599 3374 1654; x_wconf 90' lang='lat' dir='ltr'><strong>sine</strong></span> <span class='ocrx_word' id='word_1_584' title='bbox 3398 1616 3689 1656; x_wconf 89' lang='lat' dir='ltr'><strong>murmura-</strong></span> 
     </span>
    </p>
   </div>
   <div class='ocr_carea' id='block_1_76' title="bbox 2110 1678 3685 1761">
    <p class='ocr_par' dir='ltr' id='par_1_76' title="bbox 2110 1678 3685 1761">
     <span class='ocr_line' id='line_1_76' title="bbox 2110 1678 3685 1761; baseline 0.008 -30"><span class='ocrx_word' id='word_1_585' title='bbox 2110 1678 2343 1733; x_wconf 89' lang='lat' dir='ltr'><strong>tionibus</strong></span> <span class='ocrx_word' id='word_1_586' title='bbox 2370 1691 2528 1751; x_wconf 90' lang='lat' dir='ltr'><strong>atque</strong></span> <span class='ocrx_word' id='word_1_587' title='bbox 2562 1682 2898 1740; x_wconf 75' lang='lat' dir='ltr'><strong>hzesitatione</strong></span> <span class='ocrx_word' id='word_1_588' title='bbox 2940 1686 3214 1742; x_wconf 89' lang='lat' dir='ltr'><strong>faciamus.</strong></span> <span class='ocrx_word' id='word_1_589' title='bbox 3255 1689 3386 1743; x_wconf 90' lang='lat' dir='ltr'><strong>Boni</strong></span> <span class='ocrx_word' id='word_1_590' title='bbox 3418 1691 3685 1761; x_wconf 80' lang='lat' dir='ltr'><strong>quidpiam</strong></span> 
     </span>
    </p>
   </div>
   <div class='ocr_carea' id='block_1_77' title="bbox 2109 1768 3687 1851">
    <p class='ocr_par' dir='ltr' id='par_1_77' title="bbox 2109 1768 3687 1851">
     <span class='ocr_line' id='line_1_77' title="bbox 2109 1768 3687 1851; baseline 0.01 -28"><span class='ocrx_word' id='word_1_591' title='bbox 2109 1768 2271 1835; x_wconf 80' lang='lat' dir='ltr'><strong>facis,</strong></span> <span class='ocrx_word' id='word_1_592' title='bbox 2312 1785 2374 1829; x_wconf 87' lang='lat' dir='ltr'><strong>ac</strong></span> <span class='ocrx_word' id='word_1_593' title='bbox 2408 1776 2745 1828; x_wconf 88' lang='lat' dir='ltr'><strong>murmuras?</strong></span> <span class='ocrx_word' id='word_1_594' title='bbox 2782 1777 2916 1831; x_wconf 89' lang='lat' dir='ltr'><strong>cur?</strong></span> <span class='ocrx_word' id='word_1_595' title='bbox 2954 1795 3078 1833; x_wconf 92' lang='lat' dir='ltr'><strong>num</strong></span> <span class='ocrx_word' id='word_1_596' title='bbox 3122 1778 3261 1835; x_wconf 90' lang='lat' dir='ltr'><strong>forte</strong></span> <span class='ocrx_word' id='word_1_597' title='bbox 3299 1782 3545 1851; x_wconf 85' lang='lat' dir='ltr'><strong>imposita</strong></span> <span class='ocrx_word' id='word_1_598' title='bbox 3594 1784 3687 1838; x_wconf 83' lang='lat' dir='ltr'><strong>tibi</strong></span> 
     </span>
    </p>
   </div>
   <div class='ocr_carea' id='block_1_78' title="bbox 2111 1862 3689 1942">
    <p class='ocr_par' dir='ltr' id='par_1_78' title="bbox 2111 1862 3689 1942">
     <span class='ocr_line' id='line_1_78' title="bbox 2111 1862 3689 1942; baseline 0.01 -28"><span class='ocrx_word' id='word_1_599' title='bbox 2111 1862 2401 1916; x_wconf 89' lang='lat' dir='ltr'><strong>necessitas</strong></span> <span class='ocrx_word' id='word_1_600' title='bbox 2429 1866 2553 1919; x_wconf 88' lang='lat' dir='ltr'><strong>est?</strong></span> <span class='ocrx_word' id='word_1_601' title='bbox 2591 1866 2743 1932; x_wconf 88' lang='lat' dir='ltr'><strong>Novi,</strong></span> <span class='ocrx_word' id='word_1_602' title='bbox 2774 1868 2966 1938; x_wconf 87' lang='lat' dir='ltr'><strong>inquit,</strong></span> <span class='ocrx_word' id='word_1_603' title='bbox 2997 1871 3212 1935; x_wconf 91' lang='lat' dir='ltr'><strong>multos,</strong></span> <span class='ocrx_word' id='word_1_604' title='bbox 3242 1874 3330 1942; x_wconf 93' lang='lat' dir='ltr'><strong>qui</strong></span> <span class='ocrx_word' id='word_1_605' title='bbox 3361 1875 3560 1928; x_wconf 84' lang='lat' dir='ltr'><strong>circum</strong></span> <span class='ocrx_word' id='word_1_606' title='bbox 3592 1890 3689 1929; x_wconf 87' lang='lat' dir='ltr'><strong>vos</strong></span> 
     </span>
    </p>
   </div>
   <div class='ocr_carea' id='block_1_79' title="bbox 2111 1964 3693 2033">
    <p class='ocr_par' dir='ltr' id='par_1_79' title="bbox 2111 1964 3693 2033">
     <span class='ocr_line' id='line_1_79' title="bbox 2111 1964 3693 2033; baseline 0.008 -26"><span class='ocrx_word' id='word_1_607' title='bbox 2111 1964 2256 2021; x_wconf 90' lang='lat' dir='ltr'><strong>sunt,</strong></span> <span class='ocrx_word' id='word_1_608' title='bbox 2287 1970 2382 2009; x_wconf 93' lang='lat' dir='ltr'><strong>vos</strong></span> <span class='ocrx_word' id='word_1_609' title='bbox 2405 1971 2544 2026; x_wconf 90' lang='lat' dir='ltr'><strong>pene</strong></span> <span class='ocrx_word' id='word_1_610' title='bbox 2569 1972 2761 2029; x_wconf 91' lang='lat' dir='ltr'><strong>cogere</strong></span> <span class='ocrx_word' id='word_1_611' title='bbox 2793 1971 2845 2014; x_wconf 91' lang='lat' dir='ltr'><strong>ut</strong></span> <span class='ocrx_word' id='word_1_612' title='bbox 2874 1964 3217 2018; x_wconf 92' lang='lat' dir='ltr'><strong>murmuretis</strong></span> <span class='ocrx_word' id='word_1_613' title='bbox 3243 1964 3371 2033; x_wconf 88' lang='lat' dir='ltr'><strong>(hoc</strong></span> <span class='ocrx_word' id='word_1_614' title='bbox 3397 1968 3538 2019; x_wconf 91' lang='lat' dir='ltr'><strong>enim</strong></span> <span class='ocrx_word' id='word_1_615' title='bbox 3567 1967 3693 2021; x_wconf 88' lang='lat' dir='ltr'><strong>sub-</strong></span> 
     </span>
    </p>
   </div>
   <div class='ocr_carea' id='block_1_80' title="bbox 2113 2047 3689 2127">
    <p class='ocr_par' dir='ltr' id='par_1_80' title="bbox 2113 2047 3689 2127">
     <span class='ocr_line' id='line_1_80' title="bbox 2113 2047 3689 2127; baseline 0.008 -26"><span class='ocrx_word' id='word_1_616' title='bbox 2113 2047 2311 2103; x_wconf 89' lang='lat' dir='ltr'><strong>indicat</strong></span> <span class='ocrx_word' id='word_1_617' title='bbox 2335 2050 2439 2104; x_wconf 90' lang='lat' dir='ltr'><strong>illis</strong></span> <span class='ocrx_word' id='word_1_618' title='bbox 2462 2051 2660 2117; x_wconf 85' lang='lat' dir='ltr'><strong>verbis,</strong></span> <span class='ocrx_word' id='word_1_619' title='bbox 2685 2051 2753 2107; x_wconf 84' lang='lat' dir='ltr'><strong>In</strong></span> <span class='ocrx_word' id='word_1_620' title='bbox 2780 2054 2944 2108; x_wconf 89' lang='lat' dir='ltr'><strong>medio</strong></span> <span class='ocrx_word' id='word_1_621' title='bbox 2973 2055 3192 2110; x_wconf 85' lang='lat' dir='ltr'><strong>nationis</strong></span> <span class='ocrx_word' id='word_1_622' title='bbox 3219 2073 3387 2127; x_wconf 72' lang='lat' dir='ltr'><strong>pravta</strong></span> <span class='ocrx_word' id='word_1_623' title='bbox 3415 2068 3460 2112; x_wconf 89' lang='lat' dir='ltr'><strong>et</strong></span> <span class='ocrx_word' id='word_1_624' title='bbox 3487 2075 3689 2127; x_wconf 86' lang='lat' dir='ltr'><strong>perver-</strong></span> 
     </span>
    </p>
   </div>
   <div class='ocr_carea' id='block_1_81' title="bbox 2113 2139 3688 2217">
    <p class='ocr_par' dir='ltr' id='par_1_81' title="bbox 2113 2139 3688 2217">
     <span class='ocr_line' id='line_1_81' title="bbox 2113 2139 3688 2217; baseline 0.008 -25"><span class='ocrx_word' id='word_1_625' title='bbox 2113 2139 2206 2209; x_wconf 75' lang='lat' dir='ltr'><strong>sw)</strong></span> <span class='ocrx_word' id='word_1_626' title='bbox 2232 2158 2245 2192; x_wconf 90' lang='lat'><strong>:</strong></span> <span class='ocrx_word' id='word_1_627' title='bbox 2273 2150 2327 2193; x_wconf 93' lang='lat' dir='ltr'><strong>at</strong></span> <span class='ocrx_word' id='word_1_628' title='bbox 2347 2141 2449 2196; x_wconf 93' lang='lat' dir='ltr'><strong>hoc</strong></span> <span class='ocrx_word' id='word_1_629' title='bbox 2474 2141 2686 2197; x_wconf 92' lang='lat' dir='ltr'><strong>demum</strong></span> <span class='ocrx_word' id='word_1_630' title='bbox 2715 2143 3028 2201; x_wconf 90' lang='lat' dir='ltr'><strong>admirabile</strong></span> <span class='ocrx_word' id='word_1_631' title='bbox 3057 2156 3158 2210; x_wconf 87' lang='lat' dir='ltr'><strong>est,</strong></span> <span class='ocrx_word' id='word_1_632' title='bbox 3183 2163 3355 2217; x_wconf 92' lang='lat' dir='ltr'><strong>neque</strong></span> <span class='ocrx_word' id='word_1_633' title='bbox 3380 2148 3539 2202; x_wconf 91' lang='lat' dir='ltr'><strong>etiam</strong></span> <span class='ocrx_word' id='word_1_634' title='bbox 3567 2164 3688 2205; x_wconf 91' lang='lat' dir='ltr'><strong>cum</strong></span> 
     </span>
    </p>
   </div>
   <div class='ocr_carea' id='block_1_82' title="bbox 2115 2233 3691 2305">
    <p class='ocr_par' dir='ltr' id='par_1_82' title="bbox 2115 2233 3691 2305">
     <span class='ocr_line' id='line_1_82' title="bbox 2115 2233 3691 2305; baseline 0.006 -18"><span class='ocrx_word' id='word_1_635' title='bbox 2115 2233 2365 2302; x_wconf 87' lang='lat' dir='ltr'><strong>pungaris</strong></span> <span class='ocrx_word' id='word_1_636' title='bbox 2390 2244 2549 2304; x_wconf 91' lang='lat' dir='ltr'><strong>atque</strong></span> <span class='ocrx_word' id='word_1_637' title='bbox 2580 2235 2869 2305; x_wconf 89' lang='lat' dir='ltr'><strong>impellaris</strong></span> <span class='ocrx_word' id='word_1_638' title='bbox 2888 2278 2903 2303; x_wconf 93' lang='lat'><strong>,</strong></span> <span class='ocrx_word' id='word_1_639' title='bbox 2929 2252 2995 2292; x_wconf 92' lang='lat' dir='ltr'><strong>eo</strong></span> <span class='ocrx_word' id='word_1_640' title='bbox 3021 2238 3237 2293; x_wconf 86' lang='lat' dir='ltr'><strong>adduci.</strong></span> <span class='ocrx_word' id='word_1_641' title='bbox 3275 2239 3409 2295; x_wconf 87' lang='lat' dir='ltr'><strong>Nam</strong></span> <span class='ocrx_word' id='word_1_642' title='bbox 3435 2248 3489 2295; x_wconf 93' lang='lat' dir='ltr'><strong>et</strong></span> <span class='ocrx_word' id='word_1_643' title='bbox 3517 2241 3691 2296; x_wconf 86' lang='lat' dir='ltr'><strong>sidera</strong></span> 
     </span>
    </p>
   </div>
   <div class='ocr_carea' id='block_1_83' title="bbox 2115 2326 3694 2403">
    <p class='ocr_par' dir='ltr' id='par_1_83' title="bbox 2115 2326 3694 2403">
     <span class='ocr_line' id='line_1_83' title="bbox 2115 2326 3694 2403; baseline 0.004 -22"><span class='ocrx_word' id='word_1_644' title='bbox 2115 2326 2169 2381; x_wconf 91' lang='lat' dir='ltr'><strong>in</strong></span> <span class='ocrx_word' id='word_1_645' title='bbox 2196 2337 2351 2382; x_wconf 89' lang='lat' dir='ltr'><strong>nocte</strong></span> <span class='ocrx_word' id='word_1_646' title='bbox 2377 2326 2596 2398; x_wconf 83' lang='lat' dir='ltr'><strong>fulgent,</strong></span> <span class='ocrx_word' id='word_1_647' title='bbox 2627 2329 2680 2382; x_wconf 92' lang='lat' dir='ltr'><strong>in</strong></span> <span class='ocrx_word' id='word_1_648' title='bbox 2709 2330 2944 2385; x_wconf 90' lang='lat' dir='ltr'><strong>tenebris</strong></span> <span class='ocrx_word' id='word_1_649' title='bbox 2971 2331 3234 2396; x_wconf 87' lang='lat' dir='ltr'><strong>emicant;</strong></span> <span class='ocrx_word' id='word_1_650' title='bbox 3262 2340 3572 2403; x_wconf 91' lang='lat' dir='ltr'><strong>tantumque</strong></span> <span class='ocrx_word' id='word_1_651' title='bbox 3596 2333 3694 2387; x_wconf 87' lang='lat' dir='ltr'><strong>ab-</strong></span> 
     </span>
    </p>
   </div>
   <div class='ocr_carea' id='block_1_84' title="bbox 2115 2419 3694 2492">
    <p class='ocr_par' dir='ltr' id='par_1_84' title="bbox 2115 2419 3694 2492">
     <span class='ocr_line' id='line_1_84' title="bbox 2115 2419 3694 2492; baseline 0.006 -21"><span class='ocrx_word' id='word_1_652' title='bbox 2115 2428 2233 2483; x_wconf 93' lang='lat' dir='ltr'><strong>est,</strong></span> <span class='ocrx_word' id='word_1_653' title='bbox 2259 2428 2316 2472; x_wconf 95' lang='lat' dir='ltr'><strong>ut</strong></span> <span class='ocrx_word' id='word_1_654' title='bbox 2338 2419 2494 2473; x_wconf 72' lang='lat' dir='ltr'><strong>ullam</strong></span> <span class='ocrx_word' id='word_1_655' title='bbox 2521 2420 2926 2488; x_wconf 91' lang='lat' dir='ltr'><strong>pulchritudinis</strong></span> <span class='ocrx_word' id='word_1_656' title='bbox 2952 2437 3063 2476; x_wconf 71' lang='lat' dir='ltr'><strong>sum</strong></span> <span class='ocrx_word' id='word_1_657' title='bbox 3097 2422 3358 2492; x_wconf 86' lang='lat' dir='ltr'><strong>jacturam</strong></span> <span class='ocrx_word' id='word_1_658' title='bbox 3388 2424 3610 2488; x_wconf 88' lang='lat' dir='ltr'><strong>faciant,</strong></span> <span class='ocrx_word' id='word_1_659' title='bbox 3635 2434 3694 2480; x_wconf 93' lang='lat' dir='ltr'><strong>ut</strong></span> 
     </span>
    </p>
   </div>
   <div class='ocr_carea' id='block_1_85' title="bbox 2116 2509 3690 2585">
    <p class='ocr_par' dir='ltr' id='par_1_85' title="bbox 2116 2509 3690 2585">
     <span class='ocr_line' id='line_1_85' title="bbox 2116 2509 3690 2585; baseline 0.004 -21"><span class='ocrx_word' id='word_1_660' title='bbox 2116 2509 2477 2578; x_wconf 89' lang='lat' dir='ltr'><strong>splendidiora</strong></span> <span class='ocrx_word' id='word_1_661' title='bbox 2498 2511 2655 2566; x_wconf 91' lang='lat' dir='ltr'><strong>etiam</strong></span> <span class='ocrx_word' id='word_1_662' title='bbox 2678 2523 2969 2582; x_wconf 88' lang='lat' dir='ltr'><strong>appareant</strong></span> <span class='ocrx_word' id='word_1_663' title='bbox 2990 2533 3002 2568; x_wconf 91' lang='lat'>:</span> <span class='ocrx_word' id='word_1_664' title='bbox 3022 2514 3109 2568; x_wconf 89' lang='lat' dir='ltr'><strong>ubi</strong></span> <span class='ocrx_word' id='word_1_665' title='bbox 3128 2514 3269 2569; x_wconf 92' lang='lat' dir='ltr'><strong>enim</strong></span> <span class='ocrx_word' id='word_1_666' title='bbox 3291 2515 3378 2570; x_wconf 87' lang='lat' dir='ltr'><strong>lux</strong></span> <span class='ocrx_word' id='word_1_667' title='bbox 3397 2516 3690 2585; x_wconf 88' lang='lat' dir='ltr'><strong>advenerit,</strong></span> 
     </span>
    </p>
   </div>
   <div class='ocr_carea' id='block_1_86' title="bbox 2118 2603 3692 2677">
    <p class='ocr_par' dir='ltr' id='par_1_86' title="bbox 2118 2603 3692 2677">
     <span class='ocr_line' id='line_1_86' title="bbox 2118 2603 3692 2677; baseline 0.005 -22"><span class='ocrx_word' id='word_1_668' title='bbox 2118 2618 2224 2656; x_wconf 89' lang='lat' dir='ltr'><strong>non</strong></span> <span class='ocrx_word' id='word_1_669' title='bbox 2263 2618 2414 2673; x_wconf 64' lang='lat' dir='ltr'><strong>seque</strong></span> <span class='ocrx_word' id='word_1_670' title='bbox 2457 2612 2737 2673; x_wconf 91' lang='lat' dir='ltr'><strong>apparent.</strong></span> <span class='ocrx_word' id='word_1_671' title='bbox 2777 2603 2851 2659; x_wconf 89' lang='lat' dir='ltr'><strong>lta</strong></span> <span class='ocrx_word' id='word_1_672' title='bbox 2890 2605 3049 2660; x_wconf 86' lang='lat' dir='ltr'><strong>etiam</strong></span> <span class='ocrx_word' id='word_1_673' title='bbox 3074 2614 3151 2671; x_wconf 90' lang='lat' dir='ltr'><strong>tu,</strong></span> <span class='ocrx_word' id='word_1_674' title='bbox 3175 2606 3220 2661; x_wconf 88' lang='lat' dir='ltr'><strong>si</strong></span> <span class='ocrx_word' id='word_1_675' title='bbox 3247 2606 3389 2662; x_wconf 90' lang='lat' dir='ltr'><strong>inter</strong></span> <span class='ocrx_word' id='word_1_676' title='bbox 3411 2622 3692 2677; x_wconf 88' lang='lat' dir='ltr'><strong>perversos</strong></span> 
     </span>
    </p>
   </div>
   <div class='ocr_carea' id='block_1_87' title="bbox 2119 2696 3694 2771">
    <p class='ocr_par' dir='ltr' id='par_1_87' title="bbox 2119 2696 3694 2771">
     <span class='ocr_line' id='line_1_87' title="bbox 2119 2696 3694 2771; baseline 0.003 -21"><span class='ocrx_word' id='word_1_677' title='bbox 2119 2696 2363 2752; x_wconf 91' lang='lat' dir='ltr'><strong>homines</strong></span> <span class='ocrx_word' id='word_1_678' title='bbox 2405 2705 2582 2752; x_wconf 90' lang='lat' dir='ltr'><strong>rectus</strong></span> <span class='ocrx_word' id='word_1_679' title='bbox 2623 2699 2913 2765; x_wconf 90' lang='lat' dir='ltr'><strong>manseris,</strong></span> <span class='ocrx_word' id='word_1_680' title='bbox 2952 2698 3155 2753; x_wconf 92' lang='lat' dir='ltr'><strong>lucebis</strong></span> <span class='ocrx_word' id='word_1_681' title='bbox 3193 2700 3393 2770; x_wconf 89' lang='lat' dir='ltr'><strong>magis,</strong></span> <span class='ocrx_word' id='word_1_682' title='bbox 3431 2700 3694 2771; x_wconf 88' lang='lat' dir='ltr'><strong>longeque</strong></span> 
     </span>
    </p>
   </div>
   <div class='ocr_carea' id='block_1_88' title="bbox 2119 2788 3694 2862">
    <p class='ocr_par' dir='ltr' id='par_1_88' title="bbox 2119 2788 3694 2862">
     <span class='ocr_line' id='line_1_88' title="bbox 2119 2788 3694 2862; baseline 0.003 -21"><span class='ocrx_word' id='word_1_683' title='bbox 2119 2788 2483 2843; x_wconf 88' lang='lat' dir='ltr'><strong>admirabilius</strong></span> <span class='ocrx_word' id='word_1_684' title='bbox 2524 2789 2625 2844; x_wconf 91' lang='lat' dir='ltr'><strong>erit</strong></span> <span class='ocrx_word' id='word_1_685' title='bbox 2669 2791 2784 2845; x_wconf 91' lang='lat' dir='ltr'><strong>sine</strong></span> <span class='ocrx_word' id='word_1_686' title='bbox 2825 2790 3239 2859; x_wconf 88' lang='lat' dir='ltr'><strong>reprehensione</strong></span> <span class='ocrx_word' id='word_1_687' title='bbox 3278 2806 3418 2846; x_wconf 90' lang='lat' dir='ltr'><strong>esse.</strong></span> <span class='ocrx_word' id='word_1_688' title='bbox 3461 2792 3600 2862; x_wconf 84' lang='lat' dir='ltr'><strong>Ergo</strong></span> <span class='ocrx_word' id='word_1_689' title='bbox 3628 2807 3694 2845; x_wconf 90' lang='lat' dir='ltr'><strong>ne</strong></span> 
     </span>
    </p>
   </div>
   <div class='ocr_carea' id='block_1_89' title="bbox 2120 2879 3694 2951">
    <p class='ocr_par' dir='ltr' id='par_1_89' title="bbox 2120 2879 3694 2951">
     <span class='ocr_line' id='line_1_89' title="bbox 2120 2879 3694 2951; baseline 0.001 -18"><span class='ocrx_word' id='word_1_690' title='bbox 2120 2881 2222 2935; x_wconf 87' lang='lat' dir='ltr'><strong>hoc</strong></span> <span class='ocrx_word' id='word_1_691' title='bbox 2246 2879 2489 2946; x_wconf 74' lang='lat' dir='ltr'><strong>afferant,</strong></span> <span class='ocrx_word' id='word_1_692' title='bbox 2522 2895 2792 2951; x_wconf 90' lang='lat' dir='ltr'><strong>occupans</strong></span> <span class='ocrx_word' id='word_1_693' title='bbox 2827 2882 2937 2950; x_wconf 85' lang='lat' dir='ltr'><strong>ipse</strong></span> <span class='ocrx_word' id='word_1_694' title='bbox 2972 2882 3022 2935; x_wconf 93' lang='lat' dir='ltr'><strong>id</strong></span> <span class='ocrx_word' id='word_1_695' title='bbox 3050 2882 3246 2935; x_wconf 90' lang='lat' dir='ltr'><strong>attulit.</strong></span> <span class='ocrx_word' id='word_1_696' title='bbox 3269 2882 3405 2949; x_wconf 92' lang='lat' dir='ltr'><strong>Quid</strong></span> <span class='ocrx_word' id='word_1_697' title='bbox 3429 2893 3531 2947; x_wconf 91' lang='lat' dir='ltr'><strong>est,</strong></span> <span class='ocrx_word' id='word_1_698' title='bbox 3567 2882 3694 2935; x_wconf 84' lang='lat' dir='ltr'><strong>Ver-</strong></span> 
     </span>
    </p>
   </div>
   <div class='ocr_carea' id='block_1_90' title="bbox 2121 2972 3695 3043">
    <p class='ocr_par' dir='ltr' id='par_1_90' title="bbox 2121 2972 3695 3043">
     <span class='ocr_line' id='line_1_90' title="bbox 2121 2972 3695 3043; baseline 0.002 -17"><span class='ocrx_word' id='word_1_699' title='bbox 2121 2973 2237 3026; x_wconf 87' lang='lat' dir='ltr'><strong>bum</strong></span> <span class='ocrx_word' id='word_1_700' title='bbox 2275 2974 2390 3027; x_wconf 78' lang='lat' dir='ltr'><strong>vita:</strong></span> <span class='ocrx_word' id='word_1_701' title='bbox 2434 2974 2782 3027; x_wconf 84' lang='lat' dir='ltr'><strong>continentes?</strong></span> <span class='ocrx_word' id='word_1_702' title='bbox 2824 2972 2877 3027; x_wconf 87' lang='lat' dir='ltr'><strong>Id</strong></span> <span class='ocrx_word' id='word_1_703' title='bbox 2913 2984 3018 3037; x_wconf 90' lang='lat' dir='ltr'><strong>est,</strong></span> <span class='ocrx_word' id='word_1_704' title='bbox 3058 2974 3144 3043; x_wconf 91' lang='lat' dir='ltr'><strong>qui</strong></span> <span class='ocrx_word' id='word_1_705' title='bbox 3183 2974 3249 3028; x_wconf 91' lang='lat' dir='ltr'><strong>ad</strong></span> <span class='ocrx_word' id='word_1_706' title='bbox 3288 2974 3449 3028; x_wconf 89' lang='lat' dir='ltr'><strong>vitam</strong></span> <span class='ocrx_word' id='word_1_707' title='bbox 3486 2976 3695 3029; x_wconf 84' lang='lat' dir='ltr'><strong>venturi</strong></span> 
     </span>
    </p>
   </div>
   <div class='ocr_carea' id='block_1_91' title="bbox 2121 3054 3696 3136">
    <p class='ocr_par' dir='ltr' id='par_1_91' title="bbox 2121 3054 3696 3136">
     <span class='ocr_line' id='line_1_91' title="bbox 2121 3054 3696 3136; baseline 0 -16"><span class='ocrx_word' id='word_1_708' title='bbox 2121 3067 2270 3130; x_wconf 91' lang='lat' dir='ltr'><strong>estis,</strong></span> <span class='ocrx_word' id='word_1_709' title='bbox 2299 3066 2388 3136; x_wconf 91' lang='lat' dir='ltr'><strong>qui</strong></span> <span class='ocrx_word' id='word_1_710' title='bbox 2416 3080 2481 3120; x_wconf 86' lang='lat' dir='ltr'><strong>ex</strong></span> <span class='ocrx_word' id='word_1_711' title='bbox 2506 3080 2729 3120; x_wconf 90' lang='lat' dir='ltr'><strong>numero</strong></span> <span class='ocrx_word' id='word_1_712' title='bbox 2753 3054 2937 3119; x_wconf 89' lang='lat' dir='ltr'><strong>eorum</strong></span> <span class='ocrx_word' id='word_1_713' title='bbox 2964 3066 3112 3131; x_wconf 88' lang='lat' dir='ltr'><strong>estis,</strong></span> <span class='ocrx_word' id='word_1_714' title='bbox 3141 3066 3228 3135; x_wconf 91' lang='lat' dir='ltr'><strong>qui</strong></span> <span class='ocrx_word' id='word_1_715' title='bbox 3256 3066 3476 3120; x_wconf 89' lang='lat' dir='ltr'><strong>salutem</strong></span> <span class='ocrx_word' id='word_1_716' title='bbox 3500 3081 3696 3121; x_wconf 87' lang='lat' dir='ltr'><strong>conse-</strong></span> 
     </span>
    </p>
   </div>
   <div class='ocr_carea' id='block_1_92' title="bbox 2120 3158 3692 3230">
    <p class='ocr_par' dir='ltr' id='par_1_92' title="bbox 2120 3158 3692 3230">
     <span class='ocr_line' id='line_1_92' title="bbox 2120 3158 3692 3230; baseline 0 -17"><span class='ocrx_word' id='word_1_717' title='bbox 2120 3172 2373 3230; x_wconf 90' lang='lat' dir='ltr'><strong>quuntur.</strong></span> <span class='ocrx_word' id='word_1_718' title='bbox 2416 3158 2551 3214; x_wconf 80' lang='lat' dir='ltr'><strong>Vide</strong></span> <span class='ocrx_word' id='word_1_719' title='bbox 2599 3174 2755 3229; x_wconf 92' lang='lat' dir='ltr'><strong>quam</strong></span> <span class='ocrx_word' id='word_1_720' title='bbox 2802 3160 3055 3213; x_wconf 90' lang='lat' dir='ltr'><strong>continuo</strong></span> <span class='ocrx_word' id='word_1_721' title='bbox 3092 3158 3378 3229; x_wconf 82' lang='lat' dir='ltr'><strong>subjecerit</strong></span> <span class='ocrx_word' id='word_1_722' title='bbox 3420 3159 3635 3228; x_wconf 69' lang='lat' dir='ltr'><strong>praemia</strong></span> <span class='ocrx_word' id='word_1_723' title='bbox 3679 3178 3692 3213; x_wconf 90' lang='lat'><strong>:</strong></span> 
     </span>
    </p>
   </div>
   <div class='ocr_carea' id='block_1_93' title="bbox 2122 3250 3699 3320">
    <p class='ocr_par' dir='ltr' id='par_1_93' title="bbox 2122 3250 3699 3320">
     <span class='ocr_line' id='line_1_93' title="bbox 2122 3250 3699 3320; baseline -0.003 -13"><span class='ocrx_word' id='word_1_724' title='bbox 2122 3252 2448 3317; x_wconf 89' lang='lat' dir='ltr'><strong>Luminaria,</strong></span> <span class='ocrx_word' id='word_1_725' title='bbox 2478 3251 2668 3320; x_wconf 87' lang='lat' dir='ltr'><strong>inquit,</strong></span> <span class='ocrx_word' id='word_1_726' title='bbox 2697 3250 2958 3306; x_wconf 90' lang='lat' dir='ltr'><strong>rationem</strong></span> <span class='ocrx_word' id='word_1_727' title='bbox 2987 3265 3049 3305; x_wconf 92' lang='lat' dir='ltr'><strong>ac</strong></span> <span class='ocrx_word' id='word_1_728' title='bbox 3076 3250 3374 3305; x_wconf 89' lang='lat' dir='ltr'><strong>facultatem</strong></span> <span class='ocrx_word' id='word_1_729' title='bbox 3411 3251 3543 3304; x_wconf 88' lang='lat' dir='ltr'><strong>lucis</strong></span> <span class='ocrx_word' id='word_1_730' title='bbox 3569 3266 3699 3305; x_wconf 87' lang='lat' dir='ltr'><strong>cou-</strong></span> 
     </span>
    </p>
   </div>
   <div class='ocr_carea' id='block_1_94' title="bbox 2123 3340 3699 3409">
    <p class='ocr_par' dir='ltr' id='par_1_94' title="bbox 2123 3340 3699 3409">
     <span class='ocr_line' id='line_1_94' title="bbox 2123 3340 3699 3409; baseline -0.001 -12"><span class='ocrx_word' id='word_1_731' title='bbox 2123 3344 2313 3398; x_wconf 91' lang='lat' dir='ltr'><strong>tinent.</strong></span> <span class='ocrx_word' id='word_1_732' title='bbox 2340 3341 2477 3409; x_wconf 77' lang='lat' dir='ltr'><strong>Quid</strong></span> <span class='ocrx_word' id='word_1_733' title='bbox 2513 3350 2615 3408; x_wconf 91' lang='lat' dir='ltr'><strong>est,</strong></span> <span class='ocrx_word' id='word_1_734' title='bbox 2654 3340 2866 3395; x_wconf 89' lang='lat' dir='ltr'><strong>Verbum</strong></span> <span class='ocrx_word' id='word_1_735' title='bbox 2896 3342 3049 3396; x_wconf 73' lang='lat' dir='ltr'><strong>vine?</strong></span> <span class='ocrx_word' id='word_1_736' title='bbox 3079 3341 3273 3396; x_wconf 90' lang='lat' dir='ltr'><strong>Semen</strong></span> <span class='ocrx_word' id='word_1_737' title='bbox 3309 3342 3432 3395; x_wconf 68' lang='lat' dir='ltr'><strong>vita:</strong></span> <span class='ocrx_word' id='word_1_738' title='bbox 3468 3341 3518 3395; x_wconf 89' lang='lat' dir='ltr'><strong>in</strong></span> <span class='ocrx_word' id='word_1_739' title='bbox 3548 3341 3699 3396; x_wconf 90' lang='lat' dir='ltr'><strong>vobis</strong></span> 
     </span>
    </p>
   </div>
   <div class='ocr_carea' id='block_1_95' title="bbox 2124 3433 3695 3504">
    <p class='ocr_par' dir='ltr' id='par_1_95' title="bbox 2124 3433 3695 3504">
     <span class='ocr_line' id='line_1_95' title="bbox 2124 3433 3695 3504; baseline -0.002 -15"><span class='ocrx_word' id='word_1_740' title='bbox 2124 3435 2359 3501; x_wconf 89' lang='lat' dir='ltr'><strong>habetis,</strong></span> <span class='ocrx_word' id='word_1_741' title='bbox 2406 3433 2508 3488; x_wconf 90' lang='lat' dir='ltr'><strong>hoc</strong></span> <span class='ocrx_word' id='word_1_742' title='bbox 2550 3441 2660 3499; x_wconf 88' lang='lat' dir='ltr'><strong>est,</strong></span> <span class='ocrx_word' id='word_1_743' title='bbox 2690 3434 2909 3504; x_wconf 86' lang='lat' dir='ltr'><strong>pignora</strong></span> <span class='ocrx_word' id='word_1_744' title='bbox 2947 3443 3003 3488; x_wconf 94' lang='lat' dir='ltr'><strong>et</strong></span> <span class='ocrx_word' id='word_1_745' title='bbox 3036 3448 3219 3488; x_wconf 91' lang='lat' dir='ltr'><strong>semen</strong></span> <span class='ocrx_word' id='word_1_746' title='bbox 3250 3435 3371 3488; x_wconf 62' lang='lat' dir='ltr'><strong>vitae</strong></span> <span class='ocrx_word' id='word_1_747' title='bbox 3404 3433 3695 3488; x_wconf 86' lang='lat' dir='ltr'><strong>habentes:</strong></span> 
     </span>
    </p>
   </div>
   <div class='ocr_carea' id='block_1_96' title="bbox 2123 3528 3697 3598">
    <p class='ocr_par' dir='ltr' id='par_1_96' title="bbox 2123 3528 3697 3598">
     <span class='ocr_line' id='line_1_96' title="bbox 2123 3528 3697 3598; baseline -0.001 -15"><span class='ocrx_word' id='word_1_748' title='bbox 2123 3529 2227 3583; x_wconf 90' lang='lat' dir='ltr'><strong>hoc</strong></span> <span class='ocrx_word' id='word_1_749' title='bbox 2253 3537 2408 3583; x_wconf 90' lang='lat' dir='ltr'><strong>vocat</strong></span> <span class='ocrx_word' id='word_1_750' title='bbox 2443 3530 2661 3584; x_wconf 91' lang='lat' dir='ltr'><strong>verbum</strong></span> <span class='ocrx_word' id='word_1_751' title='bbox 2696 3530 2839 3583; x_wconf 62' lang='lat' dir='ltr'><strong>vitae.</strong></span> <span class='ocrx_word' id='word_1_752' title='bbox 2871 3529 3006 3598; x_wconf 86' lang='lat' dir='ltr'><strong>Ergo</strong></span> <span class='ocrx_word' id='word_1_753' title='bbox 3034 3530 3213 3584; x_wconf 61' lang='lat' dir='ltr'><strong>caeteri</strong></span> <span class='ocrx_word' id='word_1_754' title='bbox 3239 3544 3425 3583; x_wconf 91' lang='lat' dir='ltr'><strong>omnes</strong></span> <span class='ocrx_word' id='word_1_755' title='bbox 3462 3528 3651 3582; x_wconf 90' lang='lat' dir='ltr'><strong>mortui</strong></span> <span class='ocrx_word' id='word_1_756' title='bbox 3680 3543 3697 3582; x_wconf 89' lang='lat'><strong>:</strong></span> 
     </span>
    </p>
   </div>
   <div class='ocr_carea' id='block_1_97' title="bbox 2126 3622 3700 3691">
    <p class='ocr_par' dir='ltr' id='par_1_97' title="bbox 2126 3622 3700 3691">
     <span class='ocr_line' id='line_1_97' title="bbox 2126 3622 3700 3691; baseline -0.003 -14"><span class='ocrx_word' id='word_1_757' title='bbox 2126 3624 2176 3677; x_wconf 91' lang='lat' dir='ltr'><strong>id</strong></span> <span class='ocrx_word' id='word_1_758' title='bbox 2201 3626 2342 3679; x_wconf 92' lang='lat' dir='ltr'><strong>enim</strong></span> <span class='ocrx_word' id='word_1_759' title='bbox 2367 3623 2543 3678; x_wconf 89' lang='lat' dir='ltr'><strong>verbis</strong></span> <span class='ocrx_word' id='word_1_760' title='bbox 2569 3623 2683 3677; x_wconf 89' lang='lat' dir='ltr'><strong>istis</strong></span> <span class='ocrx_word' id='word_1_761' title='bbox 2710 3624 2963 3677; x_wconf 90' lang='lat' dir='ltr'><strong>indicavit</strong></span> <span class='ocrx_word' id='word_1_762' title='bbox 2990 3640 3002 3675; x_wconf 90' lang='lat'>:</span> <span class='ocrx_word' id='word_1_763' title='bbox 3031 3624 3266 3691; x_wconf 87' lang='lat' dir='ltr'><strong>alioquin</strong></span> <span class='ocrx_word' id='word_1_764' title='bbox 3291 3631 3344 3677; x_wconf 91' lang='lat' dir='ltr'><strong>et</strong></span> <span class='ocrx_word' id='word_1_765' title='bbox 3368 3622 3455 3676; x_wconf 92' lang='lat' dir='ltr'><strong>alii</strong></span> <span class='ocrx_word' id='word_1_766' title='bbox 3477 3622 3700 3677; x_wconf 87' lang='lat' dir='ltr'><strong>verbum</strong></span> 
     </span>
    </p>
   </div>
   <div class='ocr_carea' id='block_1_98' title="bbox 2125 3712 3702 3785">
    <p class='ocr_par' dir='ltr' id='par_1_98' title="bbox 2125 3712 3702 3785">
     <span class='ocr_line' id='line_1_98' title="bbox 2125 3712 3702 3785; baseline 0 -18"><span class='ocrx_word' id='word_1_767' title='bbox 2125 3717 2246 3769; x_wconf 61' lang='lat' dir='ltr'><strong>vitae</strong></span> <span class='ocrx_word' id='word_1_768' title='bbox 2280 3715 2688 3769; x_wconf 88' lang='lat' dir='ltr'><strong>continuissent.</strong></span> <span class='ocrx_word' id='word_1_769' title='bbox 2728 3714 2808 3767; x_wconf 91' lang='lat' dir='ltr'><strong>Ad</strong></span> <span class='ocrx_word' id='word_1_770' title='bbox 2842 3715 3086 3785; x_wconf 89' lang='lat' dir='ltr'><strong>gloriam,</strong></span> <span class='ocrx_word' id='word_1_771' title='bbox 3118 3714 3318 3784; x_wconf 90' lang='lat' dir='ltr'><strong>inquit,</strong></span> <span class='ocrx_word' id='word_1_772' title='bbox 3350 3730 3529 3767; x_wconf 87' lang='lat' dir='ltr'><strong>meam.</strong></span> <span class='ocrx_word' id='word_1_773' title='bbox 3563 3712 3702 3780; x_wconf 87' lang='lat' dir='ltr'><strong>Quid</strong></span> 
     </span>
    </p>
   </div>
   <div class='ocr_carea' id='block_1_99' title="bbox 2126 3805 3703 3876">
    <p class='ocr_par' dir='ltr' id='par_1_99' title="bbox 2126 3805 3703 3876">
     <span class='ocr_line' id='line_1_99' title="bbox 2126 3805 3703 3876; baseline -0.001 -15"><span class='ocrx_word' id='word_1_774' title='bbox 2126 3806 2228 3861; x_wconf 89' lang='lat' dir='ltr'><strong>hoc</strong></span> <span class='ocrx_word' id='word_1_775' title='bbox 2252 3807 2375 3861; x_wconf 91' lang='lat' dir='ltr'><strong>est?</strong></span> <span class='ocrx_word' id='word_1_776' title='bbox 2400 3806 2467 3860; x_wconf 90' lang='lat' dir='ltr'><strong>Et</strong></span> <span class='ocrx_word' id='word_1_777' title='bbox 2492 3822 2610 3876; x_wconf 89' lang='lat' dir='ltr'><strong>ego,</strong></span> <span class='ocrx_word' id='word_1_778' title='bbox 2636 3807 2825 3875; x_wconf 90' lang='lat' dir='ltr'><strong>inquit,</strong></span> <span class='ocrx_word' id='word_1_779' title='bbox 2854 3807 3114 3875; x_wconf 87' lang='lat' dir='ltr'><strong>particeps</strong></span> <span class='ocrx_word' id='word_1_780' title='bbox 3142 3820 3259 3860; x_wconf 92' lang='lat' dir='ltr'><strong>sum</strong></span> <span class='ocrx_word' id='word_1_781' title='bbox 3282 3816 3576 3860; x_wconf 82' lang='lat' dir='ltr'><strong>vestrorum</strong></span> <span class='ocrx_word' id='word_1_782' title='bbox 3602 3805 3703 3860; x_wconf 89' lang='lat' dir='ltr'><strong>bo-</strong></span> 
     </span>
    </p>
   </div>
   <div class='ocr_carea' id='block_1_100' title="bbox 2125 3896 3703 3963">
    <p class='ocr_par' dir='ltr' id='par_1_100' title="bbox 2125 3896 3703 3963">
     <span class='ocr_line' id='line_1_100' title="bbox 2125 3896 3703 3963; baseline -0.001 -11"><span class='ocrx_word' id='word_1_783' title='bbox 2125 3915 2338 3952; x_wconf 88' lang='lat' dir='ltr'><strong>norum.</strong></span> <span class='ocrx_word' id='word_1_784' title='bbox 2361 3898 2529 3952; x_wconf 88' lang='lat' dir='ltr'><strong>Tanta</strong></span> <span class='ocrx_word' id='word_1_785' title='bbox 2550 3906 2633 3952; x_wconf 86' lang='lat' dir='ltr'><strong>est</strong></span> <span class='ocrx_word' id='word_1_786' title='bbox 2658 3908 2829 3951; x_wconf 84' lang='lat' dir='ltr'><strong>veSIra</strong></span> <span class='ocrx_word' id='word_1_787' title='bbox 2858 3897 3047 3963; x_wconf 90' lang='lat' dir='ltr'><strong>virtus,</strong></span> <span class='ocrx_word' id='word_1_788' title='bbox 3071 3907 3251 3951; x_wconf 93' lang='lat' dir='ltr'><strong>utnon</strong></span> <span class='ocrx_word' id='word_1_789' title='bbox 3280 3897 3451 3951; x_wconf 93' lang='lat' dir='ltr'><strong>solum</strong></span> <span class='ocrx_word' id='word_1_790' title='bbox 3476 3896 3703 3950; x_wconf 86' lang='lat' dir='ltr'><strong>salutem</strong></span> 
     </span>
    </p>
   </div>
   <div class='ocr_carea' id='block_1_101' title="bbox 2127 3985 3704 4056">
    <p class='ocr_par' dir='ltr' id='par_1_101' title="bbox 2127 3985 3704 4056">
     <span class='ocr_line' id='line_1_101' title="bbox 2127 3985 3704 4056; baseline -0.002 -13"><span class='ocrx_word' id='word_1_791' title='bbox 2127 3989 2216 4043; x_wconf 92' lang='lat' dir='ltr'><strong>det</strong></span> <span class='ocrx_word' id='word_1_792' title='bbox 2242 3989 2393 4043; x_wconf 90' lang='lat' dir='ltr'><strong>vobis</strong></span> <span class='ocrx_word' id='word_1_793' title='bbox 2417 4031 2431 4055; x_wconf 95' lang='lat'><strong>,</strong></span> <span class='ocrx_word' id='word_1_794' title='bbox 2462 3987 2553 4042; x_wconf 90' lang='lat' dir='ltr'><strong>sed</strong></span> <span class='ocrx_word' id='word_1_795' title='bbox 2584 4004 2668 4041; x_wconf 91' lang='lat' dir='ltr'><strong>me</strong></span> <span class='ocrx_word' id='word_1_796' title='bbox 2695 3988 2851 4041; x_wconf 90' lang='lat' dir='ltr'><strong>etiam</strong></span> <span class='ocrx_word' id='word_1_797' title='bbox 2878 3985 3077 4041; x_wconf 87' lang='lat' dir='ltr'><strong>clarum</strong></span> <span class='ocrx_word' id='word_1_798' title='bbox 3106 3985 3281 4041; x_wconf 89' lang='lat' dir='ltr'><strong>faciat.</strong></span> <span class='ocrx_word' id='word_1_799' title='bbox 3310 3987 3561 4054; x_wconf 64' lang='lat' dir='ltr'><strong>Quasnam</strong></span> <span class='ocrx_word' id='word_1_800' title='bbox 3589 3987 3704 4056; x_wconf 83' lang='lat' dir='ltr'><strong>glo-</strong></span> 
     </span>
    </p>
   </div>
   <div class='ocr_carea' id='block_1_102' title="bbox 2128 4080 3704 4150">
    <p class='ocr_par' dir='ltr' id='par_1_102' title="bbox 2128 4080 3704 4150">
     <span class='ocr_line' id='line_1_102' title="bbox 2128 4080 3704 4150; baseline -0.001 -15"><span class='ocrx_word' id='word_1_801' title='bbox 2128 4082 2227 4145; x_wconf 83' lang='lat' dir='ltr'><strong>ria.</strong></span> <span class='ocrx_word' id='word_1_802' title='bbox 2253 4096 2285 4134; x_wconf 90' lang='grc' dir='ltr'>ο</span> <span class='ocrx_word' id='word_1_803' title='bbox 2311 4081 2461 4135; x_wconf 91' lang='lat' dir='ltr'><strong>beate</strong></span> <span class='ocrx_word' id='word_1_804' title='bbox 2489 4081 2689 4136; x_wconf 86' lang='lat' dir='ltr'><strong>Paule?</strong></span> <span class='ocrx_word' id='word_1_805' title='bbox 2720 4080 2964 4150; x_wconf 83' lang='lat' dir='ltr'><strong>Flagellis</strong></span> <span class='ocrx_word' id='word_1_806' title='bbox 2989 4080 3231 4148; x_wconf 84' lang='lat' dir='ltr'><strong>caederis,</strong></span> <span class='ocrx_word' id='word_1_807' title='bbox 3251 4081 3557 4149; x_wconf 86' lang='lat' dir='ltr'><strong>expelleris,</strong></span> <span class='ocrx_word' id='word_1_808' title='bbox 3576 4096 3704 4135; x_wconf 90' lang='lat' dir='ltr'><strong>con-</strong></span> 
     </span>
    </p>
   </div>
   <div class='ocr_carea' id='block_1_103' title="bbox 2129 4171 3705 4242">
    <p class='ocr_par' dir='ltr' id='par_1_103' title="bbox 2129 4171 3705 4242">
     <span class='ocr_line' id='line_1_103' title="bbox 2129 4171 3705 4242; baseline 0 -16"><span class='ocrx_word' id='word_1_809' title='bbox 2129 4172 2360 4227; x_wconf 91' lang='lat' dir='ltr'><strong>tumeliis</strong></span> <span class='ocrx_word' id='word_1_810' title='bbox 2394 4171 2620 4226; x_wconf 83' lang='lat' dir='ltr'><strong>afficeris</strong></span> <span class='ocrx_word' id='word_1_811' title='bbox 2659 4180 2839 4225; x_wconf 88' lang='lat' dir='ltr'><strong>nostra</strong></span> <span class='ocrx_word' id='word_1_812' title='bbox 2866 4186 3023 4227; x_wconf 87' lang='lat' dir='ltr'><strong>causa</strong></span> <span class='ocrx_word' id='word_1_813' title='bbox 3055 4188 3068 4223; x_wconf 91' lang='lat'><strong>:</strong></span> <span class='ocrx_word' id='word_1_814' title='bbox 3099 4181 3377 4241; x_wconf 89' lang='lat' dir='ltr'><strong>pr0pterea</strong></span> <span class='ocrx_word' id='word_1_815' title='bbox 3405 4172 3603 4242; x_wconf 90' lang='lat' dir='ltr'><strong>inquit,</strong></span> <span class='ocrx_word' id='word_1_816' title='bbox 3637 4172 3705 4226; x_wconf 87' lang='lat' dir='ltr'><strong>In</strong></span> 
     </span>
    </p>
   </div>
   <div class='ocr_carea' id='block_1_104' title="bbox 2129 4262 3706 4333">
    <p class='ocr_par' dir='ltr' id='par_1_104' title="bbox 2129 4262 3706 4333">
     <span class='ocr_line' id='line_1_104' title="bbox 2129 4262 3706 4333; baseline 0.001 -17"><span class='ocrx_word' id='word_1_817' title='bbox 2129 4264 2262 4316; x_wconf 87' lang='lat' dir='ltr'><strong>diem</strong></span> <span class='ocrx_word' id='word_1_818' title='bbox 2292 4262 2497 4327; x_wconf 82' lang='lat' dir='ltr'><strong>Christi,</strong></span> <span class='ocrx_word' id='word_1_819' title='bbox 2525 4264 2643 4333; x_wconf 90' lang='lat' dir='ltr'><strong>quia</strong></span> <span class='ocrx_word' id='word_1_820' title='bbox 2673 4278 2773 4315; x_wconf 89' lang='lat' dir='ltr'><strong>non</strong></span> <span class='ocrx_word' id='word_1_821' title='bbox 2803 4264 2855 4315; x_wconf 87' lang='lat' dir='ltr'><strong>in</strong></span> <span class='ocrx_word' id='word_1_822' title='bbox 2883 4279 3096 4315; x_wconf 89' lang='lat' dir='ltr'><strong>vacuum</strong></span> <span class='ocrx_word' id='word_1_823' title='bbox 3116 4264 3334 4323; x_wconf 82' lang='lat' dir='ltr'><strong>cucurri.</strong></span> <span class='ocrx_word' id='word_1_824' title='bbox 3358 4280 3515 4333; x_wconf 87' lang='lat' dir='ltr'><strong>neque</strong></span> <span class='ocrx_word' id='word_1_825' title='bbox 3542 4266 3593 4318; x_wconf 88' lang='lat' dir='ltr'><strong>in</strong></span> <span class='ocrx_word' id='word_1_826' title='bbox 3626 4281 3706 4317; x_wconf 87' lang='lat' dir='ltr'><strong>va-</strong></span> 
     </span>
    </p>
   </div>
   <div class='ocr_carea' id='block_1_105' title="bbox 2129 4354 3702 4424">
    <p class='ocr_par' dir='ltr' id='par_1_105' title="bbox 2129 4354 3702 4424">
     <span class='ocr_line' id='line_1_105' title="bbox 2129 4354 3702 4424; baseline 0.001 -16"><span class='ocrx_word' id='word_1_827' title='bbox 2129 4373 2280 4409; x_wconf 86' lang='lat' dir='ltr'><strong>cuum</strong></span> <span class='ocrx_word' id='word_1_828' title='bbox 2318 4355 2541 4409; x_wconf 87' lang='lat' dir='ltr'><strong>laboravi</strong></span> <span class='ocrx_word' id='word_1_829' title='bbox 2564 4370 2582 4418; x_wconf 90' lang='lat'><strong>;</strong></span> <span class='ocrx_word' id='word_1_830' title='bbox 2608 4354 2701 4408; x_wconf 89' lang='lat' dir='ltr'><strong>sed</strong></span> <span class='ocrx_word' id='word_1_831' title='bbox 2731 4370 2943 4423; x_wconf 85' lang='lat' dir='ltr'><strong>semper</strong></span> <span class='ocrx_word' id='word_1_832' title='bbox 2971 4366 3052 4409; x_wconf 92' lang='lat' dir='ltr'><strong>est</strong></span> <span class='ocrx_word' id='word_1_833' title='bbox 3082 4355 3221 4409; x_wconf 91' lang='lat' dir='ltr'><strong>unde</strong></span> <span class='ocrx_word' id='word_1_834' title='bbox 3261 4356 3457 4424; x_wconf 87' lang='lat' dir='ltr'><strong>glorier</strong></span> <span class='ocrx_word' id='word_1_835' title='bbox 3488 4372 3573 4411; x_wconf 92' lang='lat' dir='ltr'><strong>me</strong></span> <span class='ocrx_word' id='word_1_836' title='bbox 3600 4372 3702 4411; x_wconf 93' lang='lat' dir='ltr'><strong>non</strong></span> 
     </span>
    </p>
   </div>
   <div class='ocr_carea' id='block_1_106' title="bbox 2130 4447 3702 4512">
    <p class='ocr_par' dir='ltr' id='par_1_106' title="bbox 2130 4447 3702 4512">
     <span class='ocr_line' id='line_1_106' title="bbox 2130 4447 3702 4512; baseline -0.002 -7"><span class='ocrx_word' id='word_1_837' title='bbox 2130 4450 2323 4505; x_wconf 87' lang='lat' dir='ltr'><strong>frustra</strong></span> <span class='ocrx_word' id='word_1_838' title='bbox 2355 4449 2673 4504; x_wconf 89' lang='lat' dir='ltr'><strong>cucurrisse.</strong></span> <span class='ocrx_word' id='word_1_839' title='bbox 2705 4449 2789 4501; x_wconf 84' lang='lat' dir='ltr'><strong>i7.</strong></span> <span class='ocrx_word' id='word_1_840' title='bbox 2817 4447 2921 4502; x_wconf 81' lang='lat' dir='ltr'><strong>Sed</strong></span> <span class='ocrx_word' id='word_1_841' title='bbox 2967 4449 3061 4501; x_wconf 84' lang='lat' dir='ltr'><strong>etsi</strong></span> <span class='ocrx_word' id='word_1_842' title='bbox 3110 4450 3362 4503; x_wconf 89' lang='lat' dir='ltr'><strong>immolor.</strong></span> <span class='ocrx_word' id='word_1_843' title='bbox 3391 4449 3503 4503; x_wconf 84' lang='lat' dir='ltr'><strong>Non</strong></span> <span class='ocrx_word' id='word_1_844' title='bbox 3532 4448 3702 4512; x_wconf 90' lang='lat' dir='ltr'><strong>dixit,</strong></span> 
     </span>
    </p>
   </div>
   <div class='ocr_carea' id='block_1_107' title="bbox 2130 4540 3706 4610">
    <p class='ocr_par' dir='ltr' id='par_1_107' title="bbox 2130 4540 3706 4610">
     <span class='ocr_line' id='line_1_107' title="bbox 2130 4540 3706 4610; baseline -0.001 -14"><span class='ocrx_word' id='word_1_845' title='bbox 2130 4544 2289 4596; x_wconf 89' lang='lat' dir='ltr'><strong>etiam</strong></span> <span class='ocrx_word' id='word_1_846' title='bbox 2314 4541 2358 4596; x_wconf 91' lang='lat' dir='ltr'><strong>si</strong></span> <span class='ocrx_word' id='word_1_847' title='bbox 2381 4540 2576 4594; x_wconf 84' lang='lat' dir='ltr'><strong>moriar</strong></span> <span class='ocrx_word' id='word_1_848' title='bbox 2596 4559 2608 4595; x_wconf 75' lang='grc' dir='ltr'><em>τ</em></span> <span class='ocrx_word' id='word_1_849' title='bbox 2628 4541 3072 4610; x_wconf 88' lang='lat' dir='ltr'><strong>quemadmodum</strong></span> <span class='ocrx_word' id='word_1_850' title='bbox 3092 4557 3262 4610; x_wconf 89' lang='lat' dir='ltr'><strong>neque</strong></span> <span class='ocrx_word' id='word_1_851' title='bbox 3281 4541 3347 4594; x_wconf 90' lang='lat' dir='ltr'><strong>ad</strong></span> <span class='ocrx_word' id='word_1_852' title='bbox 3366 4540 3706 4595; x_wconf 90' lang='lat' dir='ltr'><strong>Timotheum</strong></span> 
     </span>
    </p>
   </div>
   <div class='ocr_carea' id='block_1_108' title="bbox 2130 4632 3705 4703">
    <p class='ocr_par' dir='ltr' id='par_1_108' title="bbox 2130 4632 3705 4703">
     <span class='ocr_line' id='line_1_108' title="bbox 2130 4632 3705 4703; baseline -0.003 -15"><span class='ocrx_word' id='word_1_853' title='bbox 2130 4634 2366 4688; x_wconf 90' lang='lat' dir='ltr'><strong>scribens</strong></span> <span class='ocrx_word' id='word_1_854' title='bbox 2391 4650 2404 4698; x_wconf 93' lang='lat'><strong>;</strong></span> <span class='ocrx_word' id='word_1_855' title='bbox 2438 4648 2559 4686; x_wconf 88' lang='lat' dir='ltr'><strong>nam</strong></span> <span class='ocrx_word' id='word_1_856' title='bbox 2588 4644 2640 4687; x_wconf 92' lang='lat' dir='ltr'><strong>et</strong></span> <span class='ocrx_word' id='word_1_857' title='bbox 2670 4632 2741 4687; x_wconf 92' lang='lat' dir='ltr'><strong>ibi</strong></span> <span class='ocrx_word' id='word_1_858' title='bbox 2775 4632 2960 4687; x_wconf 90' lang='lat' dir='ltr'><strong>eadem</strong></span> <span class='ocrx_word' id='word_1_859' title='bbox 2986 4632 3134 4692; x_wconf 89' lang='lat' dir='ltr'><strong>dicit.</strong></span> <span class='ocrx_word' id='word_1_860' title='bbox 3164 4633 3276 4703; x_wconf 86' lang='lat' dir='ltr'><strong>Ego</strong></span> <span class='ocrx_word' id='word_1_861' title='bbox 3302 4633 3433 4685; x_wconf 86' lang='lat' dir='ltr'><strong>enim</strong></span> <span class='ocrx_word' id='word_1_862' title='bbox 3462 4634 3575 4702; x_wconf 87' lang='lat' dir='ltr'><strong>jam</strong></span> <span class='ocrx_word' id='word_1_863' title='bbox 3605 4634 3705 4685; x_wconf 87' lang='lat' dir='ltr'><strong>im-</strong></span> 
     </span>
    </p>
   </div>
   <div class='ocr_carea' id='block_1_109' title="bbox 2131 4724 3706 4797">
    <p class='ocr_par' dir='ltr' id='par_1_109' title="bbox 2131 4724 3706 4797">
     <span class='ocr_line' id='line_1_109' title="bbox 2131 4724 3706 4797; baseline 0 -18"><span class='ocrx_word' id='word_1_864' title='bbox 2131 4727 2292 4779; x_wconf 90' lang='lat' dir='ltr'><strong>molor</strong></span> <span class='ocrx_word' id='word_1_865' title='bbox 2321 4724 2395 4797; x_wconf 77' lang='lat'><strong>(&#39;2.</strong></span> <span class='ocrx_word' id='word_1_866' title='bbox 2429 4725 2559 4777; x_wconf 87' lang='lat' dir='ltr'><strong>Tim.</strong></span> <span class='ocrx_word' id='word_1_867' title='bbox 2590 4725 2643 4779; x_wconf 75' lang='grc'><strong>4.</strong></span> <span class='ocrx_word' id='word_1_868' title='bbox 2675 4724 2763 4793; x_wconf 90' lang='grc'><strong>6);</strong></span> <span class='ocrx_word' id='word_1_869' title='bbox 2800 4726 2990 4793; x_wconf 90' lang='lat' dir='ltr'><strong>partim</strong></span> <span class='ocrx_word' id='word_1_870' title='bbox 3034 4726 3317 4780; x_wconf 87' lang='lat' dir='ltr'><strong>consolans</strong></span> <span class='ocrx_word' id='word_1_871' title='bbox 3360 4726 3478 4779; x_wconf 92' lang='lat' dir='ltr'><strong>illos</strong></span> <span class='ocrx_word' id='word_1_872' title='bbox 3514 4725 3581 4779; x_wconf 94' lang='lat' dir='ltr'><strong>de</strong></span> <span class='ocrx_word' id='word_1_873' title='bbox 3611 4740 3706 4779; x_wconf 87' lang='lat' dir='ltr'><strong>sua</strong></span> 
     </span>
    </p>
   </div>
   <div class='ocr_carea' id='block_1_110' title="bbox 2132 4816 3709 4888">
    <p class='ocr_par' dir='ltr' id='par_1_110' title="bbox 2132 4816 3709 4888">
     <span class='ocr_line' id='line_1_110' title="bbox 2132 4816 3709 4888; baseline -0.001 -16"><span class='ocrx_word' id='word_1_874' title='bbox 2132 4819 2296 4888; x_wconf 92' lang='lat' dir='ltr'><strong>ipsius</strong></span> <span class='ocrx_word' id='word_1_875' title='bbox 2318 4828 2509 4883; x_wconf 90' lang='lat' dir='ltr'><strong>morte,</strong></span> <span class='ocrx_word' id='word_1_876' title='bbox 2536 4819 2725 4886; x_wconf 88' lang='lat' dir='ltr'><strong>partim</strong></span> <span class='ocrx_word' id='word_1_877' title='bbox 2754 4818 3033 4871; x_wconf 91' lang='lat' dir='ltr'><strong>instituens</strong></span> <span class='ocrx_word' id='word_1_878' title='bbox 3055 4825 3110 4870; x_wconf 89' lang='lat' dir='ltr'><strong>ut</strong></span> <span class='ocrx_word' id='word_1_879' title='bbox 3131 4826 3354 4872; x_wconf 92' lang='lat' dir='ltr'><strong>mortem</strong></span> <span class='ocrx_word' id='word_1_880' title='bbox 3378 4832 3474 4886; x_wconf 80' lang='lat' dir='ltr'><strong>pro</strong></span> <span class='ocrx_word' id='word_1_881' title='bbox 3496 4816 3709 4871; x_wconf 89' lang='lat' dir='ltr'><strong>Christo</strong></span> 
     </span>
    </p>
   </div>
   <div class='ocr_carea' id='block_1_111' title="bbox 2132 4907 3767 4979">
    <p class='ocr_par' dir='ltr' id='par_1_111' title="bbox 2132 4907 3767 4979">
     <span class='ocr_line' id='line_1_111' title="bbox 2132 4907 3767 4979; baseline -0.001 -16"><span class='ocrx_word' id='word_1_882' title='bbox 2132 4909 2405 4963; x_wconf 89' lang='lat' dir='ltr'><strong>moderate</strong></span> <span class='ocrx_word' id='word_1_883' title='bbox 2449 4907 2637 4963; x_wconf 77' lang='lat' dir='ltr'><strong>ferant.</strong></span> <span class='ocrx_word' id='word_1_884' title='bbox 2668 4908 2890 4962; x_wconf 86' lang='lat' dir='ltr'><strong>Victima</strong></span> <span class='ocrx_word' id='word_1_885' title='bbox 2912 4950 2925 4972; x_wconf 92' lang='lat'><strong>,</strong></span> <span class='ocrx_word' id='word_1_886' title='bbox 2956 4909 3153 4978; x_wconf 92' lang='lat' dir='ltr'><strong>inquit,</strong></span> <span class='ocrx_word' id='word_1_887' title='bbox 3184 4908 3423 4979; x_wconf 69' lang='lat' dir='ltr'><strong>quaedam</strong></span> <span class='ocrx_word' id='word_1_888' title='bbox 3452 4916 3506 4962; x_wconf 89' lang='lat' dir='ltr'><strong>et</strong></span> <span class='ocrx_word' id='word_1_889' title='bbox 3536 4909 3709 4965; x_wconf 86' lang='lat' dir='ltr'><strong>hostia</strong></span> <span class='ocrx_word' id='word_1_890' title='bbox 3766 4958 3767 4961; x_wconf 44' lang='grc' dir='ltr'><strong>η</strong></span> 
     </span>
    </p>
   </div>
   <div class='ocr_carea' id='block_1_112' title="bbox 2132 5001 3710 5056">
    <p class='ocr_par' dir='ltr' id='par_1_112' title="bbox 2132 5001 3710 5056">
     <span class='ocr_line' id='line_1_112' title="bbox 2132 5001 3710 5056; baseline -0.004 0"><span class='ocrx_word' id='word_1_891' title='bbox 2132 5003 2319 5056; x_wconf 86' lang='lat' dir='ltr'><strong>evado.</strong></span> <span class='ocrx_word' id='word_1_892' title='bbox 2348 5001 2392 5056; x_wconf 94' lang='grc' dir='ltr'>Ο</span> <span class='ocrx_word' id='word_1_893' title='bbox 2420 5002 2624 5055; x_wconf 84' lang='lat' dir='ltr'><strong>beatam</strong></span> <span class='ocrx_word' id='word_1_894' title='bbox 2664 5001 2928 5055; x_wconf 89' lang='lat' dir='ltr'><strong>animam!</strong></span> <span class='ocrx_word' id='word_1_895' title='bbox 2963 5001 3196 5055; x_wconf 90' lang='lat' dir='ltr'><strong>Hostiam</strong></span> <span class='ocrx_word' id='word_1_896' title='bbox 3227 5011 3381 5055; x_wconf 88' lang='lat' dir='ltr'><strong>vocat</strong></span> <span class='ocrx_word' id='word_1_897' title='bbox 3422 5001 3710 5054; x_wconf 86' lang='lat' dir='ltr'><strong>institutio-</strong></span> 
     </span>
    </p>
   </div>
   <div class='ocr_carea' id='block_1_113' title="bbox 2133 5091 3707 5159">
    <p class='ocr_par' dir='ltr' id='par_1_113' title="bbox 2133 5091 3707 5159">
     <span class='ocr_line' id='line_1_113' title="bbox 2133 5091 3707 5159; baseline -0.004 -12"><span class='ocrx_word' id='word_1_898' title='bbox 2133 5109 2253 5147; x_wconf 90' lang='lat' dir='ltr'><strong>nem</strong></span> <span class='ocrx_word' id='word_1_899' title='bbox 2296 5093 2521 5147; x_wconf 91' lang='lat' dir='ltr'><strong>illorum.</strong></span> <span class='ocrx_word' id='word_1_900' title='bbox 2556 5091 2720 5144; x_wconf 86' lang='lat' dir='ltr'><strong>Multo</strong></span> <span class='ocrx_word' id='word_1_901' title='bbox 2763 5092 2928 5145; x_wconf 89' lang='lat' dir='ltr'><strong>satius</strong></span> <span class='ocrx_word' id='word_1_902' title='bbox 2959 5092 3232 5145; x_wconf 89' lang='lat' dir='ltr'><strong>immolare</strong></span> <span class='ocrx_word' id='word_1_903' title='bbox 3265 5091 3518 5155; x_wconf 90' lang='lat' dir='ltr'><strong>animam,</strong></span> <span class='ocrx_word' id='word_1_904' title='bbox 3550 5106 3707 5159; x_wconf 90' lang='lat' dir='ltr'><strong>quam</strong></span> 
     </span>
    </p>
   </div>
   <div class='ocr_carea' id='block_1_114' title="bbox 2137 5182 3711 5253">
    <p class='ocr_par' dir='ltr' id='par_1_114' title="bbox 2137 5182 3711 5253">
     <span class='ocr_line' id='line_1_114' title="bbox 2137 5182 3711 5253; baseline -0.001 -15"><span class='ocrx_word' id='word_1_905' title='bbox 2137 5186 2324 5238; x_wconf 91' lang='lat' dir='ltr'><strong>bovem</strong></span> <span class='ocrx_word' id='word_1_906' title='bbox 2356 5184 2651 5238; x_wconf 89' lang='lat' dir='ltr'><strong>immolare.</strong></span> <span class='ocrx_word' id='word_1_907' title='bbox 2686 5183 3020 5253; x_wconf 85' lang='lat' dir='ltr'><strong>Quapropter</strong></span> <span class='ocrx_word' id='word_1_908' title='bbox 3046 5184 3088 5237; x_wconf 90' lang='lat' dir='ltr'><strong>si</strong></span> <span class='ocrx_word' id='word_1_909' title='bbox 3126 5185 3177 5237; x_wconf 88' lang='lat' dir='ltr'><strong>in</strong></span> <span class='ocrx_word' id='word_1_910' title='bbox 3208 5183 3308 5237; x_wconf 88' lang='lat' dir='ltr'><strong>hoc</strong></span> <span class='ocrx_word' id='word_1_911' title='bbox 3336 5182 3595 5237; x_wconf 78' lang='lat' dir='ltr'><strong>sacrificio</strong></span> <span class='ocrx_word' id='word_1_912' title='bbox 3625 5197 3711 5236; x_wconf 86' lang='lat' dir='ltr'><strong>me</strong></span> 
     </span>
    </p>
   </div>
   <div class='ocr_carea' id='block_1_115' title="bbox 2134 5272 3706 5345">
    <p class='ocr_par' dir='ltr' id='par_1_115' title="bbox 2134 5272 3706 5345">
     <span class='ocr_line' id='line_1_115' title="bbox 2134 5272 3706 5345; baseline -0.006 -15"><span class='ocrx_word' id='word_1_913' title='bbox 2134 5277 2304 5345; x_wconf 90' lang='lat' dir='ltr'><strong>ipsum</strong></span> <span class='ocrx_word' id='word_1_914' title='bbox 2348 5274 2649 5336; x_wconf 87' lang='lat' dir='ltr'><strong>tradidero,</strong></span> <span class='ocrx_word' id='word_1_915' title='bbox 2695 5274 2895 5343; x_wconf 86' lang='lat' dir='ltr'><strong>inquit,</strong></span> <span class='ocrx_word' id='word_1_916' title='bbox 2934 5274 3083 5343; x_wconf 90' lang='lat' dir='ltr'><strong>quasi</strong></span> <span class='ocrx_word' id='word_1_917' title='bbox 3124 5274 3425 5337; x_wconf 89' lang='lat' dir='ltr'><strong>victimam;</strong></span> <span class='ocrx_word' id='word_1_918' title='bbox 3469 5272 3706 5342; x_wconf 87' lang='lat' dir='ltr'><strong>gaudeo,</strong></span> 
     </span>
    </p>
   </div>
   <div class='ocr_carea' id='block_1_116' title="bbox 2134 5365 3713 5436">
    <p class='ocr_par' dir='ltr' id='par_1_116' title="bbox 2134 5365 3713 5436">
     <span class='ocr_line' id='line_1_116' title="bbox 2134 5365 3713 5436; baseline -0.003 -14"><span class='ocrx_word' id='word_1_919' title='bbox 2134 5370 2339 5436; x_wconf 89' lang='lat' dir='ltr'><strong>inquit,</strong></span> <span class='ocrx_word' id='word_1_920' title='bbox 2368 5366 2435 5421; x_wconf 90' lang='lat' dir='ltr'><strong>de</strong></span> <span class='ocrx_word' id='word_1_921' title='bbox 2478 5381 2595 5419; x_wconf 90' lang='lat' dir='ltr'><strong>mea</strong></span> <span class='ocrx_word' id='word_1_922' title='bbox 2638 5374 2810 5420; x_wconf 92' lang='lat' dir='ltr'><strong>morte</strong></span> <span class='ocrx_word' id='word_1_923' title='bbox 2840 5383 2852 5418; x_wconf 95' lang='lat'>:</span> <span class='ocrx_word' id='word_1_924' title='bbox 2880 5365 2982 5419; x_wconf 90' lang='lat' dir='ltr'><strong>hoc</strong></span> <span class='ocrx_word' id='word_1_925' title='bbox 3010 5366 3151 5420; x_wconf 92' lang='lat' dir='ltr'><strong>enim</strong></span> <span class='ocrx_word' id='word_1_926' title='bbox 3184 5366 3283 5420; x_wconf 90' lang='lat' dir='ltr'><strong>ista</strong></span> <span class='ocrx_word' id='word_1_927' title='bbox 3314 5366 3473 5419; x_wconf 87' lang='lat' dir='ltr'><strong>verba</strong></span> <span class='ocrx_word' id='word_1_928' title='bbox 3511 5366 3713 5435; x_wconf 84' lang='lat' dir='ltr'><strong>signiti-</strong></span> 
     </span>
    </p>
   </div>
   <div class='ocr_carea' id='block_1_117' title="bbox 2134 5458 3709 5528">
    <p class='ocr_par' dir='ltr' id='par_1_117' title="bbox 2134 5458 3709 5528">
     <span class='ocr_line' id='line_1_117' title="bbox 2134 5458 3709 5528; baseline -0.003 -15"><span class='ocrx_word' id='word_1_929' title='bbox 2134 5469 2276 5523; x_wconf 89' lang='lat' dir='ltr'><strong>cant,</strong></span> <span class='ocrx_word' id='word_1_930' title='bbox 2309 5459 2481 5528; x_wconf 84' lang='lat' dir='ltr'><strong>Supra</strong></span> <span class='ocrx_word' id='word_1_931' title='bbox 2503 5459 2807 5526; x_wconf 83' lang='lat' dir='ltr'><strong>sacri/icium</strong></span> <span class='ocrx_word' id='word_1_932' title='bbox 2830 5468 2875 5511; x_wconf 88' lang='lat' dir='ltr'><strong>et</strong></span> <span class='ocrx_word' id='word_1_933' title='bbox 2899 5459 3185 5527; x_wconf 86' lang='lat' dir='ltr'><strong>obsequium</strong></span> <span class='ocrx_word' id='word_1_934' title='bbox 3208 5458 3325 5527; x_wconf 84' lang='lat' dir='ltr'><strong>ﬁdei</strong></span> <span class='ocrx_word' id='word_1_935' title='bbox 3352 5467 3548 5520; x_wconf 69' lang='lat' dir='ltr'><strong>vestras,</strong></span> <span class='ocrx_word' id='word_1_936' title='bbox 3574 5473 3709 5527; x_wconf 84' lang='lat' dir='ltr'><strong>gau-</strong></span> 
     </span>
    </p>
   </div>
   <div class='ocr_carea' id='block_1_118' title="bbox 2135 5548 3711 5619">
    <p class='ocr_par' dir='ltr' id='par_1_118' title="bbox 2135 5548 3711 5619">
     <span class='ocr_line' id='line_1_118' title="bbox 2135 5548 3711 5619; baseline -0.002 -16"><span class='ocrx_word' id='word_1_937' title='bbox 2135 5551 2226 5603; x_wconf 88' lang='lat' dir='ltr'><strong>deo</strong></span> <span class='ocrx_word' id='word_1_938' title='bbox 2248 5560 2293 5603; x_wconf 90' lang='lat' dir='ltr'><strong>et</strong></span> <span class='ocrx_word' id='word_1_939' title='bbox 2318 5552 2638 5619; x_wconf 88' lang='lat' dir='ltr'><strong>congratulor</strong></span> <span class='ocrx_word' id='word_1_940' title='bbox 2667 5548 2895 5602; x_wconf 88' lang='lat' dir='ltr'><strong>omnibus</strong></span> <span class='ocrx_word' id='word_1_941' title='bbox 2918 5549 3054 5603; x_wconf 84' lang='lat' dir='ltr'><strong>vobis</strong></span> <span class='ocrx_word' id='word_1_942' title='bbox 3078 5564 3097 5601; x_wconf 86' lang='lat'><strong>.&#39;</strong></span> <span class='ocrx_word' id='word_1_943' title='bbox 3127 5550 3212 5604; x_wconf 76' lang='grc'><strong>18,</strong></span> <span class='ocrx_word' id='word_1_944' title='bbox 3232 5550 3450 5619; x_wconf 87' lang='lat' dir='ltr'><strong>idipsum</strong></span> <span class='ocrx_word' id='word_1_945' title='bbox 3472 5559 3637 5601; x_wconf 85' lang='lat' dir='ltr'><strong>autem</strong></span> <span class='ocrx_word' id='word_1_946' title='bbox 3664 5555 3711 5600; x_wconf 90' lang='lat' dir='ltr'><strong>et</strong></span> 
     </span>
    </p>
   </div>
   <div class='ocr_carea' id='block_1_119' title="bbox 2134 5640 3709 5712">
    <p class='ocr_par' dir='ltr' id='par_1_119' title="bbox 2134 5640 3709 5712">
     <span class='ocr_line' id='line_1_119' title="bbox 2134 5640 3709 5712; baseline -0.003 -16"><span class='ocrx_word' id='word_1_947' title='bbox 2134 5658 2220 5696; x_wconf 88' lang='lat' dir='ltr'><strong>vos</strong></span> <span class='ocrx_word' id='word_1_948' title='bbox 2263 5642 2475 5712; x_wconf 86' lang='lat' dir='ltr'><strong>gaudete</strong></span> <span class='ocrx_word' id='word_1_949' title='bbox 2515 5651 2561 5693; x_wconf 91' lang='lat' dir='ltr'><strong>et</strong></span> <span class='ocrx_word' id='word_1_950' title='bbox 2605 5641 3022 5711; x_wconf 84' lang='lat' dir='ltr'><strong>congratulamini</strong></span> <span class='ocrx_word' id='word_1_951' title='bbox 3069 5642 3212 5694; x_wconf 84' lang='lat' dir='ltr'><strong>mihi.</strong></span> <span class='ocrx_word' id='word_1_952' title='bbox 3245 5640 3380 5709; x_wconf 84' lang='lat' dir='ltr'><strong>Quid</strong></span> <span class='ocrx_word' id='word_1_953' title='bbox 3420 5648 3709 5708; x_wconf 78' lang='lat' dir='ltr'><strong>c0ng-ratn-</strong></span> 
     </span>
    </p>
   </div>
   <div class='ocr_carea' id='block_1_120' title="bbox 2133 5730 3709 5806">
    <p class='ocr_par' dir='ltr' id='par_1_120' title="bbox 2133 5730 3709 5806">
     <span class='ocr_line' id='line_1_120' title="bbox 2133 5730 3709 5806; baseline -0.005 -15"><span class='ocrx_word' id='word_1_954' title='bbox 2133 5737 2302 5793; x_wconf 86' lang='lat' dir='ltr'><strong>laris?</strong></span> <span class='ocrx_word' id='word_1_955' title='bbox 2326 5734 2483 5789; x_wconf 76' lang='lat' dir='ltr'><strong>Vides</strong></span> <span class='ocrx_word' id='word_1_956' title='bbox 2510 5734 2778 5806; x_wconf 88' lang='lat' dir='ltr'><strong>quomodo</strong></span> <span class='ocrx_word' id='word_1_957' title='bbox 2802 5735 3046 5790; x_wconf 89' lang='lat' dir='ltr'><strong>ostendat</strong></span> <span class='ocrx_word' id='word_1_958' title='bbox 3069 5734 3404 5803; x_wconf 89' lang='lat' dir='ltr'><strong>gaudendum</strong></span> <span class='ocrx_word' id='word_1_959' title='bbox 3427 5733 3532 5787; x_wconf 87' lang='lat' dir='ltr'><strong>illis</strong></span> <span class='ocrx_word' id='word_1_960' title='bbox 3551 5730 3709 5786; x_wconf 78' lang='lat' dir='ltr'><strong>esse?</strong></span> 
     </span>
    </p>
   </div>
   <div class='ocr_carea' id='block_1_121' title="bbox 2136 5822 3710 5900">
    <p class='ocr_par' dir='ltr' id='par_1_121' title="bbox 2136 5822 3710 5900">
     <span class='ocr_line' id='line_1_121' title="bbox 2136 5822 3710 5900; baseline -0.004 -17"><span class='ocrx_word' id='word_1_961' title='bbox 2136 5826 2352 5884; x_wconf 86' lang='lat' dir='ltr'><strong>Gaudeo</strong></span> <span class='ocrx_word' id='word_1_962' title='bbox 2380 5829 2555 5900; x_wconf 89' lang='lat' dir='ltr'><strong>igitur,</strong></span> <span class='ocrx_word' id='word_1_963' title='bbox 2589 5827 2775 5897; x_wconf 89' lang='lat' dir='ltr'><strong>inquit,</strong></span> <span class='ocrx_word' id='word_1_964' title='bbox 2808 5841 2893 5881; x_wconf 90' lang='lat' dir='ltr'><strong>me</strong></span> <span class='ocrx_word' id='word_1_965' title='bbox 2923 5826 3150 5881; x_wconf 87' lang='lat' dir='ltr'><strong>libamen</strong></span> <span class='ocrx_word' id='word_1_966' title='bbox 3188 5824 3296 5881; x_wconf 86' lang='lat' dir='ltr'><strong>fieri</strong></span> <span class='ocrx_word' id='word_1_967' title='bbox 3323 5841 3337 5892; x_wconf 90' lang='lat'><strong>;</strong></span> <span class='ocrx_word' id='word_1_968' title='bbox 3367 5822 3710 5894; x_wconf 82' lang='lat' dir='ltr'><strong>congratulor</strong></span> 
     </span>
    </p>
   </div>
  </div>
