4130 6386
450 341 560 398 243

447 455 559 510 τῶν
583 455 834 524 ἐλέφαντι
861 461 1241 533 κατεχομένων
1277 465 1474 536 χείρων
1497 466 1592 521 ὧν.
1608 462 1763 522 Οὗτοι
1796 469 1892 538 μὲν
1917 469 2025 539 γάρ

449 549 544 602 καὶ
574 552 654 613 είς
691 551 868 614 οἰκίας
893 553 1114 620 είσίασι,
1146 557 1239 610 καὶ
1271 558 1726 625 συναγελάζονται
1753 561 2020 632 ἀλλήλοις⁸

447 638 656 702 ἐκεῖνος
709 640 765 692 δὲ
811 639 1022 712 αἴθριος
1058 641 1497 716 ’διανυκτερεύων
1540 648 1634 702 ἐπὶ
1662 649 1762 718 τῆς
1794 651 2026 721 κοπρίας

445 729 682 798 γυμνὸς,
727 729 848 782 οὐδὲ
899 732 1114 800 ἱμάτιον
1163 734 1555 806 περιϐαλέσθαι
1601 737 1854 808 ἠδύνατο.
1897 740 2023 820 ῌῶς

444 821 586 893 γάρ;
622 823 749 886 ἴσως
781 821 848 876 ἂν
877 825 972 877 καὶ
1005 826 1308 897 προσετέθη
1361 827 1526 896 ἄλγος
1571 832 1693 893 ταῖς
1739 829 2017 900 ἀλγηδόσι.

451 914 617 982 Τήκω
639 915 745 986 γὰρ
769 914 1056 984 ,ϐώλακας
1079 918 1213 988 γῆς,
1242 921 1428 989 φησὶν,
1459 921 1578 976 ἀπὸ
1607 923 1820 992 ἰχῶρος
1843 926 2015 989 ξέων.

457 1002 680 1075 Ὶχῶρας
709 1005 856 1076 αὐτῷ
881 1007 936 1060 αἱ
971 1009 1172 1078 σάρκες
1202 1007 1293 1062 καί
1326 1009 1614 1080 σκώληκας
1658 1012 1887 1078 ἔτικτον,
1924 1017 2018 1070 καὶ

441 1097 603 1149 τοῦτο
649 1097 930 1168 διηνεκῶς.
960 1099 1121 1172 Ὁρᾷς
1178 1100 1296 1164 πῶς
1341 1101 1570 1166 ἕκαστος
1632 1105 1787 1175 ἡμῶν
1841 1112 2017 1181 ναρκᾷ

440 1184 614 1240 ταῦτα
666 1187 911 1251 ἀκούων;
957 1190 1020 1242 Εἰ
1064 1190 1121 1243 δὲ
1167 1189 1397 1244 ἀκοῦσαι
1432 1193 1532 1246 οὐκ
1577 1194 1777 1248 ἀνεκτά
1818 1198 2011 1264 ταῦτα,

441 1279 570 1332 ίδεῖν
598 1280 830 1345 ἀνεκτά;
869 1283 931 1335 EI
963 1282 1020 1335 δὲ
1066 1284 1193 1337 ἰδεῖν
1220 1285 1320 1338 οὐκ
1353 1285 1574 1351 ἀνεκτὰ,
1603 1287 1784 1358 πολλῷ
1815 1289 2012 1359 μᾶλλον

437 1371 647 1426 παθεῖν.
706 1373 845 1428 Ἀλλ’
871 1375 1020 1446 ὅμως
1049 1377 1250 1430 ἔπαθεν
1289 1380 1318 1430 ὁ
1365 1378 1595 1442 δίκαιος.
1624 1379 1718 1434 καὶ
1761 1383 1861 1434 οὐκ
1917 1381 2011 1436 ἐπὶ

435 1462 528 1516 δύο
560 1464 829 1536 ἡμέραςῆ
859 1468 1029 1536 τρεῖς,
1058 1467 1173 1520 ἀλλ’
1209 1469 1302 1522 ἐπὶ
1332 1469 1505 1541 χρόνῳ
1546 1471 1745 1542 πολλῷ,
1777 1473 1871 1526 καὶ
1911 1475 2009 1546 οὐχ

435 1551 703 1622 ἥμαρτεν,
735 1553 854 1606 οὐδὲ
897 1556 954 1606 ἐν
1001 1559 1114 1619 τοῖς
1165 1558 1401 1626 χείλεσιν
1446 1559 1630 1614 αὑτοῦ.
1669 1561 1832 1615 Ποίαν
1865 1562 2008 1632 ἔχεις

437 1658 526 1710 μοι
559 1642 816 1714 τοιαύτην
855 1644 1006 1699 νόσον
1047 1648 1242 1706 εἰπεῖν.
1274 1647 1466 1713 ὀδύνας
1502 1649 1733 1720 ἔχουσαν
1764 1652 2004 1716 πολλάςς

432 1733 733 1804 πηρώσεως
763 1734 872 1807 γὰρ
900 1737 961 1789 ού
990 1739 1168 1808 χεῖρον
1197 1737 1354 1793 τοῦτο
1378 1736 1475 1810 ἧνς
1502 1741 1708 1812 Βρόμον
1737 1744 1845 1814 γὰρ
1871 1745 2002 1814 ὁρῶ,

430 1827 585 1896 φησὶ,
617 1826 686 1880 τὰ
717 1828 837 1882 σῖτά
871 1845 994 1898 μου.
1025 1829 1134 1883 Καὶ
1173 1831 1294 1885 οὐδὲ
1332 1831 1492 1885 τοῦτο
1532 1833 1714 1902 μόνον,
1740 1835 1854 1888 ἀλλ’
1885 1837 2005 1890 οὐδὲ

427 1915 456 1969 δ
502 1918 613 1979 τοῖς
656 1917 836 1981 ἄλλοις
869 1920 1176 1984 ἀνάπαυσίς
1224 1922 1372 1976 ἐστιν
1419 1925 1451 1992 ὴ
1500 1923 1597 1989 νὺξ
1625 1925 1720 1977 καὶ
1749 1927 1778 1978 ό
1815 1926 2002 1992 ὕπνος,

425 2006 584 2060 τοῦτο
627 2007 819 2078 ἐκείνῳ
853 2009 1204 2080 παραμυθίαν
1245 2011 1366 2064 τινὰ
1410 2011 1624 2085 ἔφερεν,
1658 2014 1795 2068 ἀλλὰ
1842 2017 2002 2086 χαλε-

428 2099 648 2170 πωτέρα
675 2095 743 2168 ἦν
773 2101 954 2171 πάσης
991 2101 1242 2170 βασάνου.
1278 2102 1389 2156 Καὶ
1425 2103 1593 2157 ἄκουε
1622 2106 1787 2160 αὑτοῦ
1821 2108 2004 2176 λέγον-

424 2209 514 2256 τος
534 2208 548 2222 ’
585 2193 720 2248 Ἵνα
742 2194 798 2246 τί
828 2211 900 2260 με
929 2194 1130 2263 φοϐεῖς
1153 2194 1482 2262 ἐνυπνίοις,
1507 2197 1605 2250 καὶ
1643 2199 1714 2252 ἐν
1744 2201 2003 2270 όρὰμασί

417 2300 494 2351 με
513 2284 970 2352 καταπλήσσεις
985 2301 1004 2348 ;
1032 2284 1173 2340 Ἐὰν
1195 2285 1434 2355 γένηται
1461 2288 1628 2355 πρωῒ,
1654 2289 1824 2357 λέγω,
1850 2293 2001 2346 Πότε

420 2373 683 2442 ἐσπέρα;
715 2377 824 2430 Καὶ
869 2378 1094 2431 τοιαῦτα
1144 2380 1368 2450 πάσχων
1420 2379 1522 2434 ούκ
1571 2383 1890 2452 ἐγόγγυσεν.
1922 2386 1997 2440 Οὐ

420 2466 577 2520 τοῦτο
607 2467 664 2521 δὲ
698 2469 856 2539 μόνον
900 2465 968 2542 ἦν
1010 2472 1071 2524 τὸ
1107 2471 1302 2536 δεινὸν,
1337 2474 1472 2528 ἀλλά
1509 2478 1605 2529 καὶ
1635 2479 1667 2548 ή
1701 2482 1852 2550 παρὰ
1889 2481 1998 2534 τῶν

421 2558 630 2614 πολλῶν
676 2561 891 2631 πονηρά
920 2561 1044 2627 δόξα
1069 2579 1083 2594 ·
1113 2563 1188 2628 ὡς
1213 2566 1321 2637 γάρ
1350 2568 1560 2638 μυρίων
1600 2569 1782 2642 ἔνοχον
1815 2573 1997 2628 κακῶν

417 2645 565 2722 εῐχον
588 2651 794 2720 λοιπὸν,
824 2656 915 2724 ἀφ’
945 2651 1019 2709 ῶν
1047 2656 1274 2728 ἔπασχε.
1303 2660 1472 2715 Τοῦτο
1499 2663 1630 2732 γοῦν
1663 2667 1755 2719 καὶ
1780 2670 1828 2720 οἰ
1853 2669 1996 2736 φίλοι

419 2745 567 2816 αὐτῷ
586 2745 790 2815 ἔλεγον·
813 2749 926 2802 Ούκ
953 2749 1079 2816 ἄξια
1101 2745 1176 2805 ὧν
1201 2752 1532 2825 ἡμάρτηκας
1557 2761 1991 2830 μεμαστίγωσαι.

417 2837 509 2890 Διδ
538 2840 632 2891 καὶ
659 2839 822 2904 αὐτὸς
851 2840 1006 2910 ἔλεγε
1024 2858 1037 2872 ·
1059 2842 1168 2896 Καὶ
1193 2848 1551 2902 νουθετοῦσί
1565 2849 1990 2921 μεέλάχιστοι,

412 2929 524 2995 οὓς
566 2931 677 2984 οὐκ
721 2931 931 2999 ἀξίους
961 2934 1286 3004 ἡγησάμην
1319 2937 1522 2993 κυνῶν
1564 2940 1683 2994 τῶν
1714 2943 1872 3012 ἐμῶν
1895 2964 1994 3000 νο-

411 3020 635 3090 μάδων.
670 3024 856 3078 Πόσων
877 3024 1033 3078 τοῦτο
1063 3026 1307 3082 θανάτων
1332 3028 1558 3103 [261]ού
1588 3035 1802 3106 χεῖρον;
1833 3036 1992 3092 Ἀλλά

414 3112 652 3185 τοσούτῳ
679 3113 908 3169 κλύδωνι
931 3117 1192 3171 πάντοθεν
1223 3119 1568 3191 βαλλόμενος,
1601 3127 1694 3178 καὶ
1729 3127 1990 3182 πάντοθεν

415 3207 702 3278 αἰρομένου
721 3209 813 3262 τοῦ
833 3209 1097 3279 χειμῶνος
1126 3213 1382 3282 χαλεποῦ,
1401 3219 1736 3286 συννεφείας,
1755 3220 1920 3291 ζάλης
1938 3234 1986 3289 ⁸,

419 3299 694 3368 σκηπτῶν,
728 3300 965 3370 ἰλίγγων,
996 3303 1311 3373 στροϐίλων,
1335 3305 1528 3377 ἔμενεν
1556 3310 1717 3375 αὐτὸς
1739 3313 1984 3385 ἀκλινὴς,

415 3391 666 3464 καθάπερ
706 3396 764 3446 ἐν
810 3395 1018 3468 γαλήνῃ
1067 3397 1370 3468 καθήμενος
1410 3401 1488 3472 τῷ
1515 3402 1743 3458 κλύδωνι
1768 3405 1846 3476 τῷ
1872 3424 1987 3460 τοσ-

413 3483 574 3554 ούτῳ,
605 3485 683 3556 τῷ
710 3485 852 3539 οὕτω
877 3487 1114 3558 χαλεπῷ,
1136 3492 1229 3543 καὶ
1250 3491 1349 3544 ούκ
1371 3492 1636 3562 ἐγόγγυσε
1657 3513 1672 3530 ο
1701 3497 1795 3551 καὶ
1816 3497 1986 3552 ταῦτα

415 3570 520 3640 πρὸ
547 3571 645 3640 τῆς
689 3572 929 3644 χάριτος,
963 3575 1090 3645 πρὶν
1118 3575 1150 3646 ἢ
1178 3579 1306 3647 περὶ
1335 3580 1684 3646 ἀναστάσεως
1711 3601 1764 3637 τι
1789 3584 1986 3656 λεχθῆ-

414 3675 521 3721 ναι,
548 3659 676 3730 πρὶν
706 3661 738 3732 ἢ
763 3663 889 3732 περὶ
908 3663 1132 3733 γεέννης
1164 3664 1257 3717 καὶ
1283 3666 1554 3730 κολάσεως
1575 3670 1669 3723 καὶ
1692 3672 1980 3742 τιμωρίας.

424 3744 614 3816 Ἡμεῖς
646 3746 702 3800 δὲ
735 3749 828 3812 καὶ
859 3749 1154 3820 προφητῶν
1197 3753 1292 3804 καὶ
1337 3753 1648 3828 ἀποστόλων
1690 3758 1786 3810 καὶ
1819 3759 1984 3828 εὐαγ-

412 3833 674 3900 γελιστῶν
719 3836 1026 3903 ἀκούοντες,
1057 3841 1150 3892 καὶ
1191 3840 1362 3911 μυρία
1411 3843 1644 3914 ὁρῶντες
1687 3846 1984 3916 παραδείγ-

416 3938 583 3991 ματα,
615 3925 709 3976 καὶ
769 3926 894 3988 τοὺς
926 3927 1052 3997 περὶ
1080 3929 1430 3994 ἀναστάσεως
1481 3931 1742 4002 μαθόντες
1768 3934 1979 4004 λόγους,

411 4009 750 4081 ἀσχάλλομεν
783 4012 883 4074 ἔτι,
919 4013 1098 4068 καίτοι
1127 4015 1302 4080 οὐδεὶς
1334 4016 1400 4070 ἂν
1435 4017 1548 4088 ἔχοι
1600 4019 1778 4088 λέγειν
1807 4022 1981 4094 ἐαυτῷ

411 4096 646 4151 τοσαῦτα
697 4102 1152 4170 συμπεπτωκότα.
1183 4105 1248 4157 Εἰ
1299 4105 1407 4176 γάρ
1459 4108 1553 4161 καὶ
1599 4111 1854 4179 χρήματά
1897 4128 1982 4175 τις

410 4185 710 4249 ἀπώλεσεν,
743 4187 857 4240 ἀλλ’
883 4188 944 4242 οὐ
978 4189 1176 4253 παῖδας
1206 4191 1302 4244 καὶ
1347 4191 1648 4264 θυγατέρας
1693 4197 1978 4264 τοσαύτας,

410 4273 504 4326 καὶ
529 4275 577 4326 εί
609 4273 906 4339 ἀπώλεσεν,
931 4274 1062 4339 ἴσως
1081 4278 1342 4349 ἁμαρτών
1361 4297 1374 4310 ο
1406 4282 1612 4346 ἐκεῖνος
1640 4282 1697 4336 δὲ
1724 4284 1981 4356 ἐξαίφνης

412 4363 468 4413 ἐν
495 4363 684 4432 μέσαις
703 4367 821 4428 ταῖς
850 4365 1082 4433 θυσίαις,
1110 4368 1166 4420 ἐν
1198 4369 1339 4439 μέσῃ
1366 4372 1432 4441 τῇ
1463 4369 1731 4443 θεραπείᾳ
1756 4377 1821 4444 τῇ
1845 4375 1980 4446 πρὸς

409 4449 500 4501 τὸν
527 4449 659 4503 Θεόν
683 4467 698 4480 ο
724 4452 817 4504 καὶ
845 4453 893 4504 εί
921 4454 1118 4517 παῖδας
1144 4455 1236 4508 καὶ
1269 4457 1526 4527 χρήματα
1557 4459 1691 4528 όμοῦ
1721 4461 1975 4525 τοσαῦτα,

409 4539 546 4608 ὅπερ
579 4538 864 4604 ἀδύνατον,
889 4542 1004 4595 ἀλλ’
1030 4544 1150 4613 ούχὶ
1182 4545 1275 4598 καὶ
1305 4547 1517 4618 ἥλκωτο
1550 4549 1857 4613 διαπαντὸς.
1885 4553 1978 4606 καὶ

403 4625 617 4696 ἰχῶρας
644 4626 793 4692 ἔξεεν
812 4646 828 4662 °
873 4630 922 4682 εί
951 4629 1007 4682 δὲ
1037 4632 1130 4684 καὶ
1162 4633 1338 4700 τοῦτο,
1371 4633 1488 4688 ἀλλ’
1512 4635 1632 4706 ούχὶ
1657 4639 1782 4700 τοὺς
1815 4641 1978 4710 έπεμ-

410 4713 694 4778 ϐαίνοντας
720 4714 830 4786 εἶχε
868 4717 964 4770 καὶ⁸
996 4719 1378 4785 ὁνειδίζοντας’
1410 4723 1546 4794 ὅπερ
1576 4723 1810 4792 μάλιστα
1842 4731 1976 4781 πάν-

409 4817 516 4854 των
568 4801 782 4856 δάκνειν
827 4805 974 4874 ἡμᾶς
1021 4806 1288 4880 είωθεν,ἢ
1343 4811 1398 4863 αἱ
1448 4813 1741 4883 συμφοραί.
1771 4814 1830 4866 Εἰ
1867 4817 1976 4886 γάρ

408 4889 534 4948 τοὺς
565 4890 1015 4961 παρακαλοῦντας
1047 4893 1262 4964 ἔχοντες
1289 4900 1347 4949 ἐν
1375 4900 1488 4960 τοῖς
1520 4903 1710 4964 κακοῖς
1742 4904 1834 4954 καὶ
1869 4920 1974 4956 πα-

411 4977 856 5050 ραμυθουμένους
887 4982 982 5035 καὶ
1014 4983 1236 5048 ἐλπίδας
1267 4987 1398 5056 ἡμῖν
1437 4988 1817 5053 ύποτείνοντας
1842 5009 1974 5062 χρη-

412 5065 564 5129 στάς,
615 5066 790 5132 οὓτως
837 5067 1091 5140 ἀλύομεν,
1129 5073 1381 5144 ἐννόησον
1421 5075 1474 5128 τί
1516 5071 1584 5146 ἦν
1624 5077 1973 5143 ὀνειδίζοντας

410 5152 572 5223 ἔχειν.
607 5156 670 5208 Εἰ
700 5155 779 5221 τὸ,
809 5157 1122 5228 ’Υπέμεινα
1150 5165 1680 5233 συλλυπούμενον,
1715 5168 1813 5220 καὶ
1860 5170 1972 5237 οὐχ

411 5239 677 5308 ὑπῆρξε,
722 5243 821 5298 καὶ
860 5249 1400 5316 παρακαλοῦντας,
1455 5252 1553 5305 καὶ
1606 5255 1718 5323 οὐχ
1771 5250 1971 5323 εὗρον,

407 5327 577 5382 δεινὸν
620 5331 715 5383 καὶ
756 5331 1048 5402 ἀφόρητον,
1089 5337 1151 5388 τὸ
1200 5337 1321 5390 ἀντὶ
1361 5339 1468 5391 τῶν
1519 5342 1973 5412 παρακαλούντων

408 5416 769 5484 ὀνειδίζοντας
816 5421 994 5490 εὑρεῖν
1037 5424 1200 5478 πόσον
1245 5428 1439 5494 κακόν;
1495 5432 1969 5502 Παρακλήτορες,

409 5504 560 5572 φησὶ,
592 5505 792 5560 κακῶν
819 5507 1058 5575 πάντες.

471 5753 500 5784 ³
523 5752 741 5818 Coiinn.,
765 5757 975 5821 χαλεποῦ
996 5763 1075 5810 καὶ
1101 5763 1319 5822 τοιαύτης
1343 5765 1498 5824 ζάλης.

1353 350 1424 403 IN
1457 349 1678 406 EPIST.
1723 352 1812 406 AD
1849 353 2138 411 PHILIPP.
2171 359 2321 418 CAP.
2363 363 2429 418 Il.
2471 365 2703 425 IIOMIL.
2732 370 2861 427 VIII.

3589 381 3696 437 ΞΜ

2197 475 2260 529 δ’.
2283 476 2348 530 Εἰ
2366 480 2538 534 ταῦτα
2553 482 2844 549 διαπαντὸς
2869 486 3225 557 ἐστρέφομεν,
3250 492 3297 544 εἰ
3323 491 3493 548 ταῦτα
3515 495 3696 566 ἐλογιε

2123 562 2347 634 ζόμεθα,
2380 570 2479 623 ούκ
2519 573 2586 626 ἂν
2615 575 2762 644 ἡμᾶς
2797 576 3032 648 ἐλύπησέ
3067 596 3119 631 τι
3148 580 3257 633 τῶν
3284 583 3583 651 παρόντων,
3614 562 3695 651 είς

2120 657 2325 713 ἐκεῖνον
2369 662 2610 730 ὁρῶντας
2651 665 2742 718 τὸν
2771 666 3031 739 ἀθλητὴν,
3077 671 3158 732 είς
3196 670 3296 742 τὴν
3327 673 3694 748 ἀδαμαντίνην

2118 744 2318 818 ψυχὴν,
2350 751 2428 813 εἰς
2453 750 2552 822 τὴν
2584 754 2801 827 ἀρραγῆ
2832 757 2927 810 καὶ
2949 757 3176 826 χάλκεον
3203 760 3439 817 διάνοιαν
3464 781 3476 794 ·
3506 744 3694 838 ῶσπερ

2118 838 2226 908 γὰρ
2264 839 2500 909 χαλκοῦν
2541 843 2573 913 ἢ
2617 845 2816 900 λίθινον
2870 850 3248 920 περικείμενος
3299 852 3480 922 σῶμα,
3532 856 3694 921 αὐτὸς

2119 929 2336 984 ἅπαντα
2383 932 2545 1006 ἔφερε
2576 937 2838 1004 γενναίως
2862 941 2955 993 καὶ
2992 942 3353 1013 καρτερικῶς.
3387 944 3572 998 Ταῦτα
3600 948 3690 1001 ἐν·

2116 1019 2394 1085 νοοῦντες,
2451 1025 2630 1080 πάντα
2680 1028 2923 1099 ποιῶμεν
2987 1032 3154 1103 χωρὶς
3210 1036 3540 1104 γογγυσμῶν
3595 1037 3690 1092 καὶ

2114 1108 2497 1183 διαλογισμῶν.
2554 1119 2734 1182 Ποιεῖς
2771 1137 2822 1172 τι
2864 1122 3085 1189 ἀγαθὸν,
3121 1123 3215 1176 καὶ
3257 1125 3572 1194 γογγύζεις;
3601 1129 3706 1181 διὰ

2113 1200 2195 1263 τί;
2251 1205 2466 1278 ἀνάγκη
2519 1209 2627 1280 γάρ
2667 1228 2749 1264 σοι
2805 1213 3114 1279 ἐπίκειται;
3160 1213 3322 1280 Οἶδα,
3385 1221 3568 1288 φησὶν,
3604 1221 3688 1274 ὅτι

2113 1294 2297 1348 πολλοὶ
2323 1297 2551 1367 πλησίον
2573 1301 2600 1340 b
2618 1302 3018 1370 ἀναγκάζουσιν
3036 1308 3179 1377 ὑμᾶς
3202 1308 3490 1378 γογγύζειν
3509 1311 3689 1377 (τοῦτο

2109 1383 2218 1454 γὰρ
2246 1385 2484 1456 ᾐνίξατο,
2521 1391 2688 1444 εἰπὼν
2719 1394 2799 1458 τὲ,
2840 1395 2944 1448 Ἐν
2967 1396 3134 1464 μέσῳ
3174 1398 3374 1468 γενεᾶς
3430 1402 3686 1471 σκολιᾶς

2108 1476 2206 1527 καὶ
2237 1475 2726 1553 διεστραμμένης)
2749 1502 2762 1515 ·
2788 1486 2923 1540 ἀλλὰ
2947 1489 3105 1540 τοῦτό
3131 1491 3322 1544 ἔστιτὸ
3348 1491 3682 1562 θαυμαστὸν,

2107 1564 2167 1616 τὸ
2196 1567 2286 1619 καὶ
2316 1572 2778 1644 παρακνιζόμενον
2809 1577 2972 1646 μηδὲν
3012 1580 3237 1650 πάσχειν
3265 1581 3525 1637 τοιοῦτον.
3576 1585 3685 1639 Καὶ

2104 1655 2213 1725 γὰρ
2237 1659 2284 1710 οἱ
2311 1660 2539 1732 ἀστέρες
2571 1665 2628 1716 ἐν
2677 1667 2833 1719 νυκτὶ
2864 1667 3191 1739 λάμπουσιν,
3236 1672 3295 1724 ἐν
3347 1675 3521 1746 σκότῳ
3553 1677 3676 1745 φαί-

2105 1765 2196 1800 νου
2205 1767 2275 1814 σι,
2297 1753 2390 1805 καὶ⁸
2406 1754 2556 1807 οὐδὲν
2569 1773 2592 1808 ε
2603 1757 2650 1819 ίς
2664 1758 2725 1810 τὸ
2740 1760 2938 1813 οἰκεῖον
2958 1762 3437 1832 παραϐλάπτονται
3455 1767 3674 1832 κάλλος,

2102 1841 2238 1897 ἀλλὰ
2261 1845 2353 1897 καὶ
2380 1844 2744 1919 λαμπρότεροι
2772 1851 3050 1919 φαίνονται
3077 1870 3090 1883 ο
3122 1855 3249 1908 ὅταν
3281 1855 3336 1909 δὲ
3361 1857 3475 1926 φῶς
3496 1853 3552 1930 ᾗ,
3574 1859 3674 1929 οὐχ

2100 1932 2242 1986 οὕτω
2275 1935 2576 2003 φαίνονται.
2618 1939 2772 1994 Οὕτω
2819 1943 2912 1995 καὶ
2960 1943 3044 2011 σὺ,
3096 1946 3223 1998 ὃταν
3275 1948 3411 2014 μετὰ
3449 1949 3678 2002 σκολιῶν

2097 2024 2194 2086 ὣν,
2219 2026 2381 2090 εὐθὺς
2415 2028 2604 2101 μένῃς,
2639 2030 2838 2101 μᾶλλον
2861 2034 3208 2103 ἀπολάμπεις
3233 2053 3246 2065 ·
3280 2038 3339 2090 τὸ
3365 2037 3677 2108 θαυμαστὸν

2095 2115 2254 2168 τοῦτό
2285 2118 2421 2183 ἐστι,
2459 2117 2698 2192 [2621τὸ
2733 2123 3054 2193 ἀμέμπτους
3095 2127 3366 2194 γενέσθαι.
3408 2130 3526 2184 Ἵνα
3565 2130 3676 2201 γάρ

2099 2203 2174 2274 μὴ
2201 2205 2358 2259 τοῦτο
2391 2208 2610 2277 λέγωσι,
2646 2213 2934 2284 προλαϐὼν
2959 2216 3119 2280 αὐτὸς
3146 2218 3304 2271 τοῦτο
3334 2219 3564 2275 τέθεικε.
3601 2221 3668 2274 Τί

2095 2296 2234 2363 ἐστι,
2267 2299 2462 2368 Λόγον
2499 2299 2649 2368 ζωῆς
2680 2303 3040 2374 ἐπέχοντες;
3073 2308 3352 2376 Τουτέστι,
3385 2311 3671 2380 μέλλοντες

2095 2386 2378 2456 ζήσεσθαι,
2411 2391 2518 2445 τῶν
2553 2392 2878 2463 σωζομένων
2903 2397 3074 2461 ὅντες.
3119 2401 3260 2469 Ὅρα
3305 2401 3421 2464 πῶς
3471 2403 3671 2468 εύθέως

2092 2477 2273 2548 τίθησι
2305 2481 2372 2534 τά
2403 2481 2632 2536 ἔπαθλα·
2667 2486 2727 2536 Οί
2759 2487 3067 2558 φωστῆρες,
3104 2489 3258 2558 φησὶ,
3294 2489 3453 2558 λόγον
3494 2493 3670 2561 φωτὸς

2091 2571 2381 2641 ἐπέχουσιν
2407 2589 2422 2605 ·
2457 2577 2617 2644 ὑμεῖς
2648 2577 2805 2646 λόγον
2836 2578 3002 2650 ζωῆς.
3026 2580 3090 2631 Τί
3111 2582 3246 2644 ἐστι,
3270 2582 3466 2653 Λόγον
3484 2581 3667 2653 ζωῆς;

2093 2663 2322 2736 Σπέρμα
2368 2666 2513 2737 ζωῆς
2569 2668 2819 2738 ἔχοντες,
2875 2670 3192 2739 τουτέστιν,
3248 2673 3480 2745 ἐνέχυρα
3523 2674 3670 2747 ζωῆς

2092 2754 2342 2824 ἔχοντες,
2406 2759 2575 2829 αὐτὴν
2640 2761 2962 2830 κατέχοντες
3017 2761 3114 2834 τὴν
3169 2762 3312 2835 ζωὴν
3338 2806 3354 2830 ,
3397 2766 3664 2834 τουτέστι,

2092 2850 2312 2920 σπέρμα
2353 2848 2496 2919 ζωῆς
2530 2852 2586 2902 ἐν
2619 2852 2747 2921 ὑμῖν
2785 2852 2999 2923 ἔχοντες
3023 2870 3038 2884 ·
3069 2853 3227 2907 τοῦτο
3272 2855 3440 2922 λέγει,
3471 2860 3666 2929 Λόγον

2089 2938 2260 3007 ζωῆς.
2294 2942 2435 3012 ’Ἃρα
2466 2937 2559 2995 οὖν
2595 2943 2644 2995 οἱ
2676 2943 2824 2998 ἄλλοι
2873 2946 3077 3008 πάντες
3109 2946 3293 3017 νεκροί
3314 2965 3329 2979 ο
3364 2948 3521 3002 τοῦτο
3553 2951 3662 3020 γὰρ

2086 3031 2256 3085 εἰπὼν
2285 3033 2459 3098 οὕτως
2487 3036 2773 3107 ὲδήλωσεν’
2807 3037 2840 3107 ἢ
2873 3038 2980 3110 γάρ
3011 3037 3075 3091 ἂν
3111 3041 3203 3092 καὶ
3227 3041 3275 3094 οί
3315 3040 3462 3095 ἄλλοι
3506 3042 3663 3111 λόγον

2085 3116 2232 3189 ζωῆς
2277 3122 2515 3191 ἐπεῖχον.
2554 3126 2656 3189 Εἰς
2700 3126 2981 3194 καύχημα
3026 3126 3177 3194 ἐμοὶ,
3237 3129 3389 3198 φησί.
3447 3130 3512 3182 Τί
3545 3132 3662 3184 ἐστι

2081 3210 2273 3275 τοῦτο;
2307 3213 2415 3265 Καὶ
2446 3213 2557 3280 ἐγὼ
2588 3215 2847 3280 κοινωνῶ,
2888 3218 3042 3288 φησι,
3075 3217 3182 3270 τῶν
3218 3218 3495 3292 ὑμετέρων
3525 3223 3660 3291 ἀγα·

2083 3303 2211 3358 θῶν.
2247 3305 2492 3377 Τοσαύτη
2541 3307 2756 3378 ὑμῶνή
2797 3308 2985 3378 ἀρετὴ,
3038 3308 3112 3371 ὡς
3162 3309 3236 3380 μὴ
3280 3311 3422 3380 ὑμᾶς
3465 3312 3659 3377 σώζειν

2085 3396 2264 3466 μόνον,
2299 3397 2433 3449 ἀλλά
2490 3399 2585 3451 καὶ
2623 3398 2724 3466 ἐμὲ
2780 3398 3030 3469 λαμπρὸν
3079 3406 3276 3456 ποιεῖν.
3332 3403 3488 3456 Ποῖον
3522 3402 3657 3456 καύο

2079 3507 2251 3560 χημα,
2282 3484 2326 3542 ὦ
2356 3491 2591 3560 μακάριε
2626 3491 2839 3556 Παῦλε;
2876 3493 3148 3564 Μαστίζῃ,
3195 3493 3414 3564 ἐλαύνῃ,
3456 3494 3657 3569 ὑϐρίζῃ

2079 3582 2144 3635 δι’
2171 3584 2316 3652 ἡμᾶς
2343 3599 2356 3613 ⁶
2405 3582 2490 3635 διὰ
2540 3583 2696 3636 τοῦτό
2742 3601 2922 3654 φησιν,
2957 3587 3061 3649 Εἰς
3105 3585 3333 3654 ἡμέραν
3375 3587 3652 3655 Χριστοῦ,

2081 3672 2170 3726 ὅτι
2197 3674 2307 3726 οὐκ
2334 3675 2421 3738 εὶς
2449 3674 2645 3736 κενὸν,
2679 3675 2860 3742 φησὶν,
2891 3673 3167 3743 ἔδραμον,
3192 3675 3334 3729 οὐδὲ
3361 3679 3447 3742 εἰς
3475 3677 3654 3731 κενὸν

2079 3764 2378 3818 ἐκοπίασα
2405 3782 2420 3796 ο
2453 3765 2570 3816 ἀλλ’
2599 3766 2684 3817 ἀεὶ
2717 3764 2824 3834 ἔχω
2866 3766 3194 3834 καυχᾶσθαι,
3241 3767 3422 3836 φησὶν,
3463 3768 3544 3820 ὅτι
3588 3767 3650 3820 ού

2083 3855 2258 3924 μάτην
2287 3855 2538 3926 ἔδραμον.
2576 3855 2730 3909 Ἀλλ’
2759 3857 2808 3908 εἱ
2837 3856 2932 3908 καὶ
2961 3855 3311 3926 σπένδομαι.
3344 3859 3456 3912 Οὐκ
3477 3855 3648 3925 εἶπεν,

2091 3944 2230 3998 Ἀλλ’
2264 3947 2312 3997 εἰ
2345 3946 2436 3998 καὶ
2455 3945 2804 4016 ἀποθνήσκω,
2840 3945 3027 4018 ῶσπερ
3071 3947 3190 4000 οὐδὲ
3218 3947 3468 4018 Τιμοθέῳ
3507 3949 3648 4019 γρά-

2082 4052 2198 4102 φων
2223 4050 2238 4066 ·
2275 4036 2372 4087 καὶ
2421 4035 2530 4106 γάρ
2581 4035 2674 4088 καὶ
2728 4037 2842 4089 ἐκεῖ
2874 4035 2952 4106 τῷ
2989 4035 3136 4108 αύτῷ
3189 4038 3451 4108 κέχρηται
3485 4039 3646 4110 λόγῳ,

2077 4127 2270 4195 λέγων,
2313 4127 2461 4198 Ἐγὼ
2514 4128 2622 4198 τὰρ
2657 4127 2773 4196 ἤδη
2820 4129 3151 4199 σπένδομαι
3181 4145 3194 4159 ·
3243 4134 3337 4184 καὶ
3385 4149 3646 4202 παραμυ-

2080 4219 2345 4289 θούμενος
2383 4220 2581 4282 αὐτοὺς
2633 4221 2724 4272 ἐπὶ
2756 4222 2820 4291 τῇ
2872 4221 3047 4291 οἰκείᾳ
3091 4221 3334 4292 τελευτῇ,
3387 4224 3478 4275 καὶ
3519 4240 3648 4276 παι-

2074 4310 2241 4364 δεύων
2283 4311 2533 4380 ἀσμένως
2570 4311 2755 4380 φέρειν
2801 4311 2891 4364 τὸν
2928 4311 3065 4382 ὑπὲρ
3116 4311 3350 4382 Χριστοῦ
3392 4313 3638 4368 θάνατον.

2077 4401 2285 4472 Ὥσπερ
2327 4401 2526 4474 σπονδὴ
2561 4403 2654 4454 καὶ
2681 4402 2858 4462 θυσία,
2901 4404 3053 4472 φησι,
3093 4403 3335 4472 γίνομαι.
3370 4403 3435 4456 Ὢ
3470 4421 3643 4478 μακα-

2074 4493 2196 4563 ρίας
2230 4493 2436 4563 ψυχῆςι
2481 4492 2669 4545 θυσίαν
2716 4492 2872 4544 καλεῖ
2911 4493 3009 4562 τὴν
3043 4492 3406 4563 προσαγωγὴν
3440 4495 3638 4550 αὐτῶν.

2078 4585 2218 4655 Ἀρα
2241 4583 2419 4655 πολλῷ
2447 4584 2652 4654 βέλτιον
2683 4582 2776 4636 τοῦ
2809 4583 2936 4653 βοῦς
2971 4588 3353 4654 προσενεγκεῖν
3374 4586 3434 4637 τὸ
3464 4585 3641 4659 ψυχὴν

2074 4679 2477 4747 προσενεγκεῖν.
2517 4679 2616 4728 Ἂν
2646 4677 2824 4730 τοίνυν
2875 4677 3008 4745 πρὸς
3049 4678 3113 4747 τῇ
3157 4679 3440 4750 προσφορᾷ
3469 4679 3638 4752 ταύτῃ

2073 4770 2169 4822 καὶ
2196 4769 2430 4838 ἐμαυτὸν
2462 4768 2647 4831 ἐπιδῶ,
2689 4770 2874 4837 φησὶν,
2910 4767 3102 4838 ῶσπερ
3145 4769 3398 4840 σπονδὴν,
3440 4771 3636 4843 χαίρω,

2073 4861 2226 4928 φησὶ,
2256 4859 2333 4928 τῷ
2363 4859 2577 4931 θανάτῳ
2603 4859 2683 4930 τῷ
2710 4859 2828 4931 ἐμῷ
2851 4876 2863 4890 ·
2894 4860 3051 4913 τοῦτο
3089 4859 3197 4930 γὰρ
3228 4861 3523 4915 αἰνίττεται
3552 4861 3638 4914 λέ-

2070 4969 2202 5020 γων’
2255 4953 2380 5006 Ἐπί
2418 4951 2492 5022 τῇ
2528 4955 2709 5019 θυσίᾳ
2754 4953 2848 5005 καὶ
2882 4953 3217 5022 λειτουργίᾳ
3253 4951 3357 5020 τῆς
3381 4954 3637 5020 πίστεως

2070 5043 2273 5111 χαίρω,
2304 5043 2402 5097 καὶ
2425 5045 2728 5112 συγχαίρω
2754 5042 2945 5096 πᾶσιν
2970 5042 3112 5112 ὑμῖν
3133 5059 3147 5074 ο
3178 5043 3246 5097 τὸ
3275 5046 3421 5098 αὐτὸ
3440 5043 3506 5097 δὲ
3533 5045 3632 5099 καὶ

2068 5136 2237 5204 ὑμεῖς
2261 5137 2495 5207 χαίρετε
2526 5137 2624 5190 καί
2654 5135 3013 5206 συγχαίρετέ
3027 5154 3150 5205 μοι.
3181 5136 3250 5188 Τί
3286 5137 3630 5207 συγχαίρειςς

2080 5229 2241 5300 Ὁρᾷς
2271 5230 2384 5294 πῶς
2421 5230 2691 5283 δείκνυσιν
2719 5232 2800 5283 ὄτι
2829 5228 2906 5281 δεῖ
2936 5229 3149 5300 χαίρειν
3178 5227 3406 5294 αύτούς;
3443 5228 3634 5298 Χαίρω

2071 5322 2168 5390 μὲν
2201 5317 2314 5387 οὖν,
2359 5324 2545 5392 φησὶν,
2578 5323 2658 5375 ὄτι
2709 5320 2906 5391 σπονδὴ
2939 5320 3192 5392 γίνομαι·
3233 5319 3511 5390 συγχαίρω
3550 5319 3629 5383 δὲ,

2067 5413 2147 5465 ὅτι
2177 5411 2365 5465 θυσίαν
2396 5413 2796 5484 προσενεγκὼν.
2833 5412 2902 5466 Τὸ
2926 5411 2994 5465 δὲ
3023 5411 3166 5466 αὐτὸ
3190 5410 3289 5467 καὶ
3313 5409 3479 5476 ὑμεῖς
3501 5411 3633 5479 καί·

2062 5519 2196 5574 ρετε
2225 5503 2323 5557 καὶ
2357 5505 2734 5575 συγχαίρετε,
2761 5505 2842 5559 ὅτι
2880 5501 3274 5576 προσηνέχθην.
3313 5499 3630 5572 Συγχάρητέ

2129 5767 2155 5807 ὶι
2184 5768 2290 5816 Τῶν
2311 5766 2510 5825 πλησίον
2533 5764 2557 5814 ?
