4108 6410
463 348 572 403 Ξίδ

462 473 579 528 μοι,
610 454 767 524 φησὶ,
817 454 1062 525 χαίροντι
1094 454 1187 507 ἐπὶ
1228 453 1305 524 τῷ
1338 452 1460 524 ἐμῷ
1501 455 1737 524 θανάτῳ.
1783 454 1897 507 Οὐκ
1930 454 2038 525 ἄρα

462 544 715 616 δακρύων
740 544 869 611 ἀξία
910 546 946 614 ἡ
988 544 1214 616 τελευτὴ
1255 544 1365 597 τῶν
1404 545 1650 609 δικαίων,
1678 544 1812 597 ἀλλά
1840 545 2033 615 χαρᾶς.

465 638 529 691 EE
557 636 712 689 αὐτοὶ
739 636 1045 708 χαίρουσιν,
1082 638 1401 707 συγχαίρειν
1430 638 1617 699 αὐτοῖς
1655 636 1737 689 δεῖ
1766 652 1780 667 ·
1815 635 1909 689 καὶ
1929 636 2039 707 γὰρ

466 729 691 791 ἄτοπον,
720 728 944 782 ἐκείνων
967 728 1288 801 χαιρόντων,
1323 729 1530 783 κλαίειν
1550 729 1718 799 ἡμᾶς.
1762 727 1922 782 Ἀλλά
1940 729 2039 800 τὴν

469 819 758 891 συνήθειαν
792 818 1182 891 ἐπιζητοῦμεν,
1224 820 1375 891 φησί.
1418 819 1628 890 Σκῆψις
1676 820 1873 886 ταῦτα,
1904 820 2036 891 πρό·

468 926 651 976 φασις.
717 910 860 981 Ὅρα
897 910 1031 979 γοῦν
1082 911 1136 963 τί
1193 910 1567 982 παραγγέλλει
1635 911 2036 982 Φιλιππησίοις,

468 1000 830 1069 Συτχαίρετέ
879 1019 981 1071 μοι
1032 1002 1132 1055 καὶ
1160 1003 1436 1071 χαίρετε“
1502 1004 1599 1057 καὶ
1638 1004 1702 1056 σὺ
1752 1004 2041 1074 συνήθειαν

467 1091 783 1163 ἐπιζητεῖς;
830 1094 893 1145 Ei
948 1093 1048 1164 μὲν
1098 1094 1323 1165 ἔμελλες
1365 1096 1526 1157 αὐτὸς
1571 1095 1805 1151 ἐνταῦθα
1839 1098 2039 1167 μένειν,

469 1185 694 1247 εἰκότως
733 1186 913 1254 λέγεις
940 1201 953 1214 ·
983 1188 1031 1239 εί
1066 1186 1121 1239 δὲ
1158 1187 1354 1257 μικρὸν
1379 1186 1603 1257 ὕστερον
1631 1186 1918 1261 καταλήψῃ
1949 1189 2041 1242 τὸν

468 1276 793 1343 ἀπελθόντα,
835 1277 995 1331 ποίαν
1030 1278 1321 1348 συνήθειαν
1368 1279 1581 1348 ζητεῖςς
1611 1279 1906 1348 Συνὴθειαν
1933 1279 2041 1350 γάρ

471 1366 722 1439 ἐπιζητεῖ
746 1386 850 1432 τις,
882 1368 1012 1421 ὅταν
1041 1366 1387 1441 διαπαντὸςῇ
1418 1386 1500 1432 τις
1528 1368 1923 1439 διεσπασμένος
1947 1387 1959 1401 ·
1993 1371 2042 1423 εἰ

469 1458 528 1512 δὲ
560 1460 657 1529 τὴν
685 1458 853 1529 αὐτὴν
888 1459 1007 1511 ὁδὸν
1053 1460 1137 1512 σοὶ
1184 1462 1529 1529 πορεύσεται,
1569 1460 1727 1512 ποίαν
1762 1459 2043 1529 συνήθειαν

474 1546 777 1617 ὲπιζητεῖς;
830 1549 968 1611 Τοὺς
1034 1549 1092 1600 ἐν
1148 1549 1479 1619 ἀποδημίαις
1534 1550 1694 1612 ὄντας
1744 1548 1833 1602 διὰ
1861 1550 1913 1602 τί
1967 1550 2043 1621 μὴ

472 1637 814 1706 δακρύομεν;
847 1639 968 1707 οὐχὶ
1000 1638 1196 1711 μικρὸν
1233 1638 1623 1710 δακρύσαντες,
1666 1639 1869 1703 εὐθέως
1906 1640 2045 1711 μετὰ

472 1730 571 1799 τὴν
627 1728 851 1799 πρώτην
896 1730 928 1801 ἢ
976 1730 1236 1801 δευτέραν
1296 1731 1616 1802 παυόμεθα;
1654 1732 1716 1784 EE
1758 1733 2046 1804 συνήθειαν

476 1819 779 1889 ἐπιζητεῖς,
816 1820 1068 1873 τοσοῦτον
1116 1821 1350 1875 κλαῦσον
1400 1824 1579 1891 μόνον,
1629 1823 1752 1875 ὅσον
1786 1822 2046 1887 ἐπιδεῖξαι

475 1914 576 1979 τὴν
605 1910 755 1983 [265]
786 1910 943 1980 φύσιν
966 1928 981 1943 ’
1015 1913 1077 1965 τὸ
1121 1914 1178 1967 δὲ
1223 1915 1360 1984 μετά
1388 1914 1547 1966 τοῦτο
1577 1917 1756 1984 χαῖρε,
1793 1915 2042 1987 καθάπερ

478 2002 651 2068 λέγων
679 2003 706 2054 ὁ
726 2004 955 2069 Παῦλος,
980 2005 1143 2058 Οὐδὲν
1166 2007 1362 2077 πάσχω
1390 2007 1579 2067 δεινὸν,
1609 2007 1746 2060 ἀλλά
1766 2009 1857 2060 καὶ
1875 2008 2049 2080 χαίρω

482 2092 618 2160 πρὸς
643 2092 732 2145 τὸν
759 2092 991 2163 Χριστὸν
1011 2095 1382 2165 ἀπερχόμενος
1401 2112 1414 2125 ο
1450 2095 1560 2148 Καὶ
1588 2095 1759 2166 ὑμεῖς
1784 2098 2042 2165 χαίρετε,

1174 345 1231 400 S.
1274 342 1563 398 JOANNIS
1594 342 2082 401 CiIRYSOSTOMI
2124 342 2443 399 ARCHIEP.
2481 341 3027 400 CONSTANTINOP.

3603 343 3707 398 246

2142 454 2487 523 συγχὰρητέ
2519 470 2667 522 μοι,
2722 453 2875 523 φησί.
2930 452 3225 524 Χαίρωμεν
3279 452 3567 524 τοιγαροῦν
3621 458 3714 507 καὶ

2143 546 2326 615 ἡμεῖς,
2356 545 2485 597 ὅταν
2534 544 2733 615 ἴδωμεν
2773 544 2979 597 δίκαιον
3008 542 3367 607 τελευτῶντα,
3420 544 3619 615 μᾶλλον
3658 545 3714 596 δὲ

2144 637 2239 690 καὶ
2253 637 2380 689 ὅταν
2402 637 2525 688 τινὰ
2554 635 2663 689 τῶν
2687 635 3142 706 ἀπεγνωσμένων.
3185 636 3243 688 Ὀ
3271 636 3369 704 μὲν
3398 635 3506 705 γάρ
3531 636 3715 689 ἄπεισι

2149 727 2339 797 μισθὸν
2384 727 2795 798 ἀποληψόμενος
2848 727 2957 780 τῶν
3008 728 3208 788 πόνων,
3237 730 3265 780 ό
3305 727 3362 780 δέ
3406 728 3629 797 ἐνέκοψὲ
3661 745 3715 780 τι

2144 816 2252 870 τῶν
2280 818 2692 889 ἁμαρτημάτων
2722 816 2908 872 αὐτοῦ.
2948 817 3099 870 Ἀλλ’
3131 818 3260 880 ἴσως
3305 817 3392 882 ἂν,
3428 819 3583 888 φησὶ,
3619 835 3717 889 με·

2144 908 2400 963 τεδάλετο
2422 909 2550 973 ζῶν.
2597 909 2736 961 Ἀλλ’
2769 910 2868 961 οὐκ
2899 908 2965 961 ἂν
3006 908 3168 962 αὐτὸν
3212 907 3401 961 ἐλαϐεν
3428 910 3456 960 ὁ
3480 909 3632 972 Θεὸς,
3667 909 3721 961 εῖ

2143 1017 2208 1070 γε
2240 1000 2637 1071 μεταϐαλέσθαι
2660 999 2903 1070 ἔμελλεν.
2949 1000 3009 1053 '0
3030 1000 3137 1069 γὰρ
3162 1000 3336 1052 πάντα
3366 1000 3504 1069 ὑπὲρ
3538 1019 3716 1072 σωτη-

2150 1092 2269 1162 ρίας
2297 1094 2330 1162 ἡ
2340 1092 2454 1159 μῶν
2483 1092 2803 1162 οἰκονομῶν,
2846 1092 2991 1155 τίνος
3034 1093 3218 1146 ἕνεκεν
3247 1092 3408 1147 αὐτὸν
3441 1094 3541 1145 οὐκ
3566 1094 3716 1145 εἴασε

2149 1183 2410 1254 μέλλοντα
2448 1185 2801 1259 εὐαρεστεῖν;
2851 1185 2900 1235 εί
2940 1184 3064 1246 τοὺς
3093 1184 3167 1254 μὴ
3214 1183 3717 1255 μεταϐαλλομένους

2148 1280 2362 1348 ἀφίησι,
2396 1280 2576 1350 πολλῷ
2614 1279 2809 1350 μᾶλλον
2842 1280 2969 1343 τοὺς
3010 1280 3531 1350 μεταϐαλλομένους.
3576 1282 3718 1333 Πάν-

2147 1373 2300 1423 τοθεν
2342 1367 2437 1424 οῦν
2471 1373 2603 1442 ἡμῖν
2638 1373 2667 1426 ό
2717 1370 2949 1433 κοπετδς
3002 1372 3340 1442 ἐκκεκόφθω,
3388 1371 3650 1425 πάντοθεν
3689 1373 3718 1424 ό

2150 1460 2344 1531 θρῆνος
2371 1460 2613 1515 λυέσθω·
2655 1463 2747 1515 ἐπὶ
2795 1463 2959 1515 πᾶσιν
3008 1463 3419 1533 εὐχαριστῶμεν
3455 1463 3533 1534 τῷ
3575 1462 3712 1532 Θεῷ,

2150 1553 2317 1623 χωρὶς
2342 1552 2670 1624 γογγυσμῶν
2690 1553 2866 1607 πάντα
2889 1554 3215 1624 πράττωμεν
3240 1571 3254 1584 °
3277 1554 3716 1625 εὐφραινώμεθα,

2152 1645 2437 1715 εὐάρεστοι
2470 1648 2528 1699 ἐν
2581 1647 2750 1699 πᾶσιν
2784 1645 2934 1715 αὐτῷ
2985 1645 3283 1716 γινώμεθα,
3330 1647 3416 1699 ἵνα
3466 1646 3561 1698 καὶ
3612 1645 3716 1697 τῶν

2152 1737 2453 1805 μελλόντων
2500 1738 2844 1807 ἐπιτύχωμεν
2875 1738 3117 1807 ἀγαθῶν,
3161 1738 3341 1807 χάριτι
3390 1738 3485 1790 καὶ
3530 1737 3716 1805 φιλαν-

2150 1828 2364 1899 θρωπία
2389 1829 2484 1882 τοῦ
2518 1829 2724 1899 Κυρίου
2770 1828 2926 1899 ἡμῶν
2963 1828 3158 1899 Ἰησοῦ,
3202 1829 3459 1899 Χριστοῦ,
3511 1829 3626 1898 μεθ’
3655 1820 3718 1881 οὗ

2146 1919 2225 1989 τῷ
2264 1922 2438 1992 Πατρὶ
2488 1922 2605 1991 ἅμα
2657 1922 2735 1993 τῷ
2773 1923 2911 1993 ἁγίῳ
2969 1921 3250 1992 Πνεύματι
3297 1921 3445 1987 δόξα,
3493 1922 3713 1992 κράτος,

2148 2009 2303 2080 τιμὴ,
2334 2011 2428 2065 νῦν
2457 2012 2551 2064 καὶ
2578 2013 2687 2076 ἀεὶ,
2713 2014 2805 2065 καὶ
2834 2013 2913 2078 είς
2946 2012 3073 2075 τοὺς
3110 2012 3313 2074 αἰῶνας
3349 2010 3457 2064 τῶν
3485 2009 3716 2066 αἰώνων.

2162 2099 2221 2152 Ἀ
2228 2102 2352 2172 μήν.

1944 2597 2185 2651 OMIAIA
2220 2597 2299 2654 ϐ’.

502 2752 749 2815 Ἐλπίζω
795 2753 864 2807 δὲ
912 2754 981 2808 ἐν
1007 2755 1199 2823 Κυρίῳ
1240 2752 1446 2819 Ἰησοῦ
1508 2754 1787 2822 Τιμόθεον
1827 2749 2054 2821 ταχέως

558 2846 789 2916 πέμψαι
808 2846 969 2914 ὑμῖν,
993 2847 1093 2899 ἵνα
1124 2844 1285 2912 κάγὼ
1309 2842 1581 2913 εὐψυχῶ,
1612 2843 1797 2913 γνοὺς
1823 2841 1898 2895 τὰ
1926 2843 2059 2910 περὶ

558 2938 744 3006 ὑμῶν.
784 2937 1013 2990 Οὐδένα
1041 2938 1150 3006 γὰρ
1187 2937 1304 3005 ἔχω
1349 2936 1684 3003 ἰσόψυχον,
1722 2934 1890 2999 ὅστις
1919 2950 2061 3003 γνη-

561 3030 708 3095 σίως
736 3030 809 3083 τὰ
849 3029 982 3096 περὶ
1013 3028 1180 3097 ὑμῶν
1199 3026 1572 3097 μεριμνήσει.
1608 3028 1673 3079 Οἱ
1701 3024 1924 3091 πάντες
1949 3024 2061 3094 γὰρ

562 3121 634 3176 τὰ
658 3118 885 3176 ἑαυτῶν
904 3120 1201 3188 ζητοῦσιν,
1225 3121 1297 3173 οὐ
1327 3119 1400 3173 τὰ
1421 3119 1527 3172 τοῦ
1543 3116 1799 3186 Χριστοῦ
1834 3115 2055 3185 Ἰησοῦ.

562 3298 836 3366 α’.Εἶπεν,
854 3301 1019 3355 ὅτιτά
1037 3303 1156 3355 κατ’
1180 3300 1278 3371 ἐμὲ
1304 3302 1382 3365 εἰς
1403 3302 1687 3371 προκοπὴν
1698 3299 1788 3352 τοῦ
1816 3301 2061 3368 Εὐαγγε-

493 3396 609 3450 λίου
645 3394 939 3467 ἐλήλυθεν,
984 3395 1165 3448 Ὥστε
1206 3393 1347 3459 τοὺς
1398 3393 1666 3458 δεσμούς
1709 3410 1827 3461 μου
1879 3407 2060 3460 φανε-

487 3487 639 3557 ροὺς
668 3485 945 3556 γενέσθαι
978 3484 1046 3537 ἐν
1072 3484 1193 3551 ὅλῳ
1231 3482 1311 3548 τῷ
1343 3483 1674 3551 πραιτωρίῳ
1708 3498 1723 3512 ο
1775 3477 1952 3546 εἷπεν,
1981 3483 2064 3535 ὅτι

496 3588 567 3639 El
595 3584 693 3636 καὶ
741 3581 1071 3649 σπένδομαι
1107 3581 1203 3633 ἐπὶ
1256 3578 1331 3647 τῇ
1374 3579 1553 3645 θυσίᾳ
1596 3578 1694 3630 καί
1728 3577 2066 3645 λειτουργίᾳ

497 3676 609 3743 τῆς
652 3675 911 3738 πίστεως
937 3672 1105 3742 ὑμῶν
1127 3688 1140 3701 ·
1173 3671 1457 3741 ἐστήριξεν
1499 3670 1693 3731 αὐτοὺς
1731 3668 1819 3721 διὰ
1838 3667 2063 3721 τούτων.

502 3766 661 3828 Ἴσως
682 3764 746 3818 ἂν
772 3762 1135 3817 ὑπώπτευσαν
1163 3761 1229 3813 τὰ
1253 3760 1494 3830 πρότερα
1516 3756 1868 3829 παραμυθίας
1885 3757 2068 3810 ἕνεκεν

496 3856 771 3928 εἰρῆσθαι.
806 3855 870 3908 Τί
892 3851 982 3908 οὖν
1017 3856 1180 3918 ποιεῖ,
1209 3853 1304 3905 καὶ
1350 3852 1467 3914 πῶς
1495 3850 1612 3903 λύει
1655 3849 1753 3920 τὴν
1800 3848 2064 3917 ὑποψίανς

500 3948 764 4018 Τιμόθεον
790 3948 992 4017 πέμπω
1020 3946 1154 4015 πρὸς
1185 3946 1348 4015 ὑμᾶς,
1382 3942 1513 4013 φησί
1539 3959 1551 3972 ·
1584 3943 1679 3994 καὶ
1704 3940 1811 4010 γάρ
1845 3939 2071 3993 ἐπόθουν

497 4039 682 4093 πάντα
707 4037 931 4090 ἀκοῦσαι
959 4036 1027 4088 τά
1060 4034 1180 4088 κατ’
1204 4032 1384 4086 αὐτόν.
1429 4032 1539 4085 Καὶ
1581 4029 1724 4092 τίνος
1759 4028 1943 4081 ἐνεκεν
1971 4027 2072 4079 οὐκ

504 4130 678 4195 εἶπεν,
714 4132 832 4184 ’Ἱνα
860 4128 1033 4194 γνῶτε
1072 4127 1140 4179 τά
1184 4124 1312 4195 περὶ
1339 4121 1494 4193 ἐμοῦ,
1523 4120 1656 4185 ἀλλ’,
1710 4121 1827 4173 Ἵνα
1860 4118 1973 4187 γνῶ
2004 4117 2073 4170 τὰ

508 4224 746 4296 ὑμέτερα
769 4240 785 4285 ς
813 4221 893 4274 Τά
922 4220 1019 4291 μὲν
1038 4219 1145 4288 γὰρ
1174 4214 1338 4270 αὐτοῦ
1376 4214 1759 4285 Ἐπαφρόδιτος
1783 4212 1889 4281 πρὸ
1910 4212 2076 4281 Τιμο-

504 4317 634 4372 θέου
658 4314 879 4386 ἔμελλεν
907 4310 1301 4379 ἀπαγγέλλεινο
1332 4308 1411 4361 διδ
1458 4304 1665 4371 προϊών
1697 4321 1883 4374 φησιν,
1917 4304 2077 4358 Ἀνα-

510 4408 717 4480 γκαῖον
748 4406 815 4459 δὲ
852 4404 1173 4473 ἡγησάμην
1216 4397 1647 4468 Ἐπαφρόδιτον
1675 4397 1781 4450 τὸν
1809 4395 2078 4464 ἀδελφὸν

510 4502 740 4568 πέμψαι
772 4496 921 4565 πρὸς
952 4494 1129 4565 ὑμᾶς.
1152 4494 1233 4547 Τά
1256 4493 1312 4546 δὲ
1344 4492 1584 4564 ὑμέτερα
1612 4490 1893 4561 βούλομαι,
1920 4490 2075 4559 φησι,

518 4593 728 4664 μαθεῖν.
766 4591 939 4644 Πολὺν
976 4590 1081 4661 γὰρ
1120 4587 1264 4651 εἰκὸς
1297 4585 1458 4640 αὐτὸν
1502 4581 1858 4652 πεποιηκέναι
1889 4582 2080 4653 χρόνον

515 4686 668 4754 παρὰ
708 4682 783 4752 τῷ
812 4681 1009 4751 Παύλῳ
1046 4680 1134 4733 διά
1161 4680 1259 4750 τὴν
1291 4677 1574 4732 ἀσθένειαν
1607 4676 1705 4745 τὴν
1739 4676 2079 4745 σωματικήν.

517 4778 680 4828 Ὥστε
726 4774 1037 4842 ἀναγκαίως
1070 4763 1354 4841 βούλομαι,
1401 4770 1555 4837 φησὶ,
1615 4766 1804 4838 μαθεῖν
1846 4767 1915 4819 τὰ
1958 4764 2081 4819 καθ’

519 4868 681 4937 ὑμᾶς.
719 4867 862 4936 Ὅρα
892 4865 1009 4928 πῶς
1053 4864 1228 4918 πάντα
1273 4861 1557 4929 ἀνατίθησι
1598 4859 1676 4930 τῷ
1710 4858 1952 4930 Χριστῷ,
1989 4858 2085 4912 καὶ

518 4960 626 5030 τὴν
654 4956 955 5027 ἀποστολὴν
1006 4955 1099 5009 τοῦ
1153 4952 1439 5025 Τιμοθέου,
1472 4951 1665 5019 λέγων,
1713 4949 1963 5009 Ἐλπίζω
2014 4948 2085 5002 δὲ

520 5051 589 5104 ἐν
618 5049 811 5118 Κυρίῳ
849 5047 1075 5115 Ἰησοῦ,
1109 5047 1378 5108 τουτέστι,
1410 5042 1561 5116 [τοι]
1591 5042 1798 5115 θαρρῶ,
1831 5043 1911 5096 ὅτι
1937 5041 2087 5106 ἐξευ-

526 5141 745 5212 μαρίσει
776 5156 862 5211 μοι
889 5141 916 5192 ό
937 5140 1067 5201 Θεὸς
1088 5138 1266 5201 τοῦτο,
1291 5137 1392 5189 ἵνα
1428 5136 1588 5205 κάγὼ
1613 5134 1882 5204 εὐψυχῶ,
1905 5134 2087 5204 γνοὺς

521 5233 594 5286 τὰ
623 5230 754 5301 περί
798 5229 981 5299 ὑμῶν.
1016 5229 1226 5300 Ὠσπερ
1260 5229 1423 5299 ὑμᾶς,
1475 5228 1658 5298 φησὶν,
1698 5228 2088 5298 ἀνεκτησάμην

519 5323 694 5375 ταῦτα
719 5321 1077 5384 ἀκούσαντας,
1109 5318 1251 5388 άπερ
1290 5316 1519 5388 ηὐχεσθε
1551 5317 1676 5386 περὶ
1716 5315 1874 5387 ἐμοῦ,
1919 5316 1998 5369 ὃτι
2028 5316 2089 5369 τὸ

528 5413 854 5483 Εὐαγγέλιον
893 5410 1183 5474 ἐπέδωκεν,
1236 5410 1317 5463 ὅτι
1368 5408 1819 5479 κατῃσχύνθησαν
1873 5409 2087 5474 ἐκεῖνοι,

526 5508 608 5559 ότι
638 5505 707 5558 δι’
734 5498 815 5559 ὧν
848 5501 1096 5574 ἐνόμιζον
1129 5502 1403 5572 βλάπτειν,
1431 5501 1520 5555 διά
1547 5501 1750 5555 τούτων
1785 5500 2087 5571 εὐφραναΨ

527 5596 669 5650 οὕτω
708 5595 963 5666 βούλομαι
990 5594 1086 5649 καὶ
1107 5594 1173 5647 τά
1206 5592 1327 5647 καθ’
1372 5594 1514 5661 ὑμᾶς
1550 5594 1761 5663 μαθεῖν,
1801 5593 1902 5648 ἵνα
1931 5592 2091 5657 κάγὼ

528 5687 795 5756 εὐψυχῶ,
831 5686 1013 5755 γνοὺς
1050 5686 1123 5738 τὰ
1149 5685 1281 5752 περὶ
1316 5685 1501 5754 ὑμῶν.
1547 5684 1792 5738 Δεικνύει
1832 5683 2087 5747 ἐνταῦθα,

531 5780 614 5833 δτι
645 5777 883 5841 ἐκείνους
911 5778 1120 5851 χαίρειν
1152 5777 1256 5831 ἔδει
1304 5779 1411 5847 ἐπὶ,
1432 5780 1545 5843 τοῖς
1573 5778 1811 5848 δεσμοῖς,
1846 5778 1938 5830 καὶ
1965 5778 2090 5831 τού-

2156 2770 2270 2817 τοις
2298 2753 2715 2808 κατακολουθεῖν
2742 2770 2757 2787 ·
2796 2755 2998 2827 πολλὴν
3027 2756 3137 2828 γάρ
3185 2756 3394 2810 ἔτικτον
3434 2756 3579 2828 αὐτῷ
3622 2757 3719 2829 τὴν

2160 2845 2352 2915 ἡδονήν
2375 2861 2389 2876 ο
2420 2845 2481 2897 τὸ
2508 2846 2636 2916 γὰρ,
2676 2847 2811 2899 Ἵνα
2850 2846 3010 2917 κάγὼ
3050 2846 3319 2917 εὐψυχῶ,
3350 2849 3507 2902 τοῦτό
3554 2851 3721 2911 ἐστιν,

2163 2936 2373 3006 Ὠσπερ
2396 2937 2572 3006 ὑμεῖς.
2602 2938 2795 3003 Βαϐαὶ,
2823 2939 2985 2992 πόσον
3011 2935 3120 3009 εἶχε
3144 2940 3243 3010 τῆς
3270 2941 3599 3004 Μακεδονίας
3628 2941 3725 2993 πό⁴⁵

2162 3026 2283 3079 00v!
2320 3028 2426 3079 Καὶ
2454 3028 2905 3083 Θεσσαλονικεῦσι
2937 3030 2997 3083 τὸ
3024 3030 3154 3083 αὐτὸ
3186 3033 3470 3102 μαρτυρεῖ,
3495 3031 3570 3094 ὡς
3601 3032 3726 3085 ὅταν

2162 3119 2328 3190 λέγῃ,
2375 3120 2565 3188 Ἡμεῖς
2600 3120 2669 3173 δὲ
2694 3122 3209 3190 ἀποφανισθέντες
3243 3122 3343 3191 ἀφ’
3388 3121 3554 3191 ὑμῶν
3581 3122 3728 3189 πρὸς

2162 3211 2373 3278 καιρὸν
2394 3209 2567 3279 ὥρας.
2597 3213 2704 3265 Καὶ
2734 3212 2987 3277 ἐνταῦθα,
3027 3211 3288 3279 Ἐλπίζω,
3320 3213 3470 3284 φησὶ,
3502 3213 3732 3282 πέμψαι

2170 3305 2466 3371 Τιμόθεον,
2498 3304 2583 3355 ἵνα
2614 3304 2726 3371 γνῶ
2768 3303 2836 3357 τά
2868 3304 2997 3376 περὶ
3025 3304 3178 3372 ὐμῶν
3203 3322 3217 3336 ·
3246 3305 3274 3358 ὃ
3306 3304 3629 3375 κηδεμονίας
3662 3297 3732 3372 ἦν

2170 3395 2450 3465 μεγίστης.
2477 3396 2604 3448 Ὅτε
2641 3394 2750 3466 γάρ
2788 3396 2950 3458 αὐτὸς
2992 3395 3092 3447 οὐκ
3160 3395 3381 3448 ἐδύνατο
3426 3392 3731 3465 παραγενέ-

2169 3487 2313 3550 σθαι,
2345 3488 2470 3551 τοὺς
2504 3486 2750 3559 μαθητὰς
2782 3487 3015 3558 ἔπεμπε,
3047 3487 3120 3559 μὴ
3152 3486 3430 3558 καρτερῶν
3457 3486 3591 3557 μηδὲ
3623 3484 3733 3537 όλί-

2168 3596 2262 3647 γον
2291 3579 2479 3651 χρόνον
2521 3580 2734 3648 ἀγνοεῖν
2764 3579 2833 3632 τά
2885 3581 3005 3632 κατ’
3034 3578 3231 3643 αὐτούς
3260 3598 3272 3612 ο
3314 3580 3374 3631 οὐ
3415 3580 3523 3649 γὰρ
3566 3574 3735 3647 δὴτῷ

2172 3669 2439 3739 πνεύματι
2468 3670 2643 3722 πάντα
2666 3670 2933 3741 ἐμάνθανε
2956 3688 2969 3701 ο
2998 3672 3091 3723 καὶ
3115 3670 3273 3723 τοῦτο
3299 3670 3353 3722 δὲ
3377 3670 3597 3732 εἰκότως
3630 3669 3737 3735 ἐγί-

2170 3777 2309 3813 νετο.
2358 3761 2420 3812 Εἰ
2465 3760 2574 3831 γάρ
2628 3759 2786 3813 τοῦτο
2816 3760 3147 3831 ἐπείσθησαν
3197 3762 3247 3813 οἱ
3286 3759 3545 3830 μαθηταὶ,
3585 3758 3736 3811 ἀναί-

2175 3870 2391 3923 σχυντοι
2441 3853 2508 3906 ἂν
2547 3854 2820 3922 ἐγένοντοο
2865 3853 2960 3906 νῦν
2997 3853 3051 3906 δὲ
3092 3852 3494 3921 προσδοκῶντες
3539 3850 3736 3904 λανθά-

2176 3961 2308 4009 νειν,
2347 3946 2475 4016 ῥᾷον
2516 3946 2999 4016 ἐπανωρθώσαντο.
3048 3946 3157 3998 Καὶ
3202 3944 3373 4014 τούτῳ
3406 3944 3601 4006 αὐτοὺς
3638 3942 3739 4013 μά-

2172 4036 2331 4091 λιστα
2372 4037 2691 4108 ἐπέστρεψε,
2733 4038 2811 4108 τῷ
2854 4040 3050 4101 εἰπεῖν,
3091 4038 3226 4092 Ἵνα
3257 4036 3416 4107 κάγὼ
3467 4033 3736 4106 εὐψυχῶ,

2174 4129 2268 4181 καὶ¹
2318 4129 2765 4200 σπουδαιοτέρους
2797 4130 2995 4193 αὐτοὺς
3028 4132 3306 4200 ἐποίησεν,
3361 4130 3498 4184 ὥστε
3547 4129 3622 4201 μὴ
3650 4130 3739 4181 ἐλ-

2176 4218 2337 4272 θόντα
2368 4218 2652 4289 Τιμόθεον,
2692 4219 2831 4273 ἀλλά
2866 4236 2988 4273 τινα
3032 4220 3235 4291 εὑρεῖν,
3267 4221 3363 4274 καὶ
3412 4220 3739 4289 ἀπαγγεῖλαι

2176 4308 2344 4380 αὐτῷ.
2380 4309 2629 4363 Φαίνεται
2659 4310 2715 4363 δὲ
2749 4310 2842 4363 καὶ
2876 4309 3038 4374 αὐτὸς
3078 4310 3255 4381 τούτῳ
3285 4312 3622 4383 κεχρημένος
3663 4310 3741 4381 τῷ

2175 4401 2380 4472 τρόπῳ,
2430 4401 2526 4453 καὶ
2564 4400 2994 4470 ἀναϐαλλόμενος
3045 4402 3212 4455 αὑτοῦ
3262 4403 3364 4474 τὴν
3420 4404 3740 4473 παρουσίαν,

2176 4494 2315 4548 ὥστε
2342 4493 2736 4565 μεταϐαλέσθαι
2760 4495 3098 4565 Κορινθίους.
3117 4495 3216 4548 Διά
3234 4495 3393 4549 τοῦτο
3409 4496 3502 4549 καὶ
3517 4496 3740 4565 ἔγραφε·

2179 4588 2532 4657 Φειδόμενος
2584 4586 2773 4656 ὑμῶν,
2812 4589 3012 4641 οὐκέτι
3066 4584 3257 4658 ἦλθον
3292 4590 3378 4655 εὶς
3434 4591 3740 4656 Κόρινθον.

2180 4680 2255 4733 Οὐ
2283 4681 2392 4751 γὰρ
2419 4678 2593 4749 τούτῳ
2622 4679 2780 4749 μόνον
2800 4681 2835 4749 ἡ
2853 4679 3041 4751 ἀγάπη
3062 4679 3359 4744 δείκνυται,
3383 4679 3460 4751 τῷ
3481 4680 3551 4733 τά
3572 4682 3746 4733 οἰκεῖα

2181 4772 2565 4840 ἀπαγγέλλειν,
2593 4769 2729 4824 ἀλλά
2757 4771 2853 4825 καὶ
2874 4770 2951 4841 τῷ
2970 4772 3039 4824 τὰ
3071 4771 3295 4824 ἐκείνων
3319 4770 3501 4842 ζητεῖν
3530 4771 3741 4843 μαθεῖν·

2186 4861 2535 4934 μεριμνώσης
2572 4862 2681 4933 γὰρ
2717 4862 2874 4915 τοῦτο
2909 4862 3083 4932 ψυχῆς
3139 4863 3235 4915 καὶ
3277 4864 3748 4934 πεφροντισμένης

2182 4956 2277 5008 καὶ
2308 4956 2394 5008 ἀεὶ
2426 4954 2719 5022 ἐναγωνίου
2757 4952 2945 5023 οὔσης.
2986 4955 3134 5024 Ἀμα
3163 4954 3221 5006 δὲ
3251 4954 3345 5006 καὶ
3370 4955 3507 5025 τιμᾷ
3527 4954 3748 5016 αὐτοὺς.

2184 5048 2444 5118 Τιμόθεον
2470 5049 2723 5119 πέμπων.
2756 5048 2821 5101 Τί
2861 5047 3074 5116 λέγεις;
3112 5045 3373 5116 Τιμόθεον
3402 5046 3640 5115 πέμπεις
3662 5062 3675 5111 ;
3697 5044 3749 5096 τί

2182 5140 2382 5212 δήποτε
2400 5158 2415 5207 ;
2438 5139 2566 5204 Ναὶ,
2591 5138 2772 5209 φησίν·
2790 5140 3019 5193 Οὐδένα
3029 5138 3138 5208 γὰρ
3152 5140 3269 5208 ἔχω
3288 5139 3613 5207 ἰσόψυχον,
3626 5153 3750 5188 του-

2186 5232 2361 5296 τέστι,
2390 5231 2498 5285 τῶν
2521 5231 2720 5301 ὁμοίως
2750 5247 2839 5301 μοι
2870 5230 3278 5302 μεριμνώντων,
3302 5230 3470 5295 ὅστις
3492 5229 3753 5299 γνησίοις

2190 5324 2262 5378 τὰ
2283 5323 2413 5391 περὶ
2443 5321 2611 5393 ὑμῶν
2631 5323 3002 5393 μεριμνήσει.
3033 5323 3236 5377 Οὐδένα
3266 5319 3360 5376 οῦν
3386 5322 3484 5375 οὐκ
3513 5315 3625 5391 εἶχε
3646 5320 3753 5373 τῶν

2197 5418 2311 5487 μετ’
2337 5415 2500 5470 αὐτοῦ
2520 5415 2795 5485 ίσόψυχον;
2823 5415 3045 5468 Οὐδένα.
3066 5415 3129 5468 Τί
3151 5415 3205 5468 δὲ
3222 5412 3377 5468 τοῦτό
3402 5414 3581 5479 ἐστιν;
3609 5412 3754 5464 Ἀντὶ

2192 5506 2310 5575 τοῦ,
2340 5506 2570 5577 Ὁμοίως
2605 5506 2728 5576 ἐμοὶ
2761 5506 3054 5575 κηδόμενον
3088 5506 3239 5575 ὑμῶν
3268 5505 3362 5559 καὶ
3380 5502 3751 5575 φροντίζοντα.

2197 5599 2310 5651 Οὐκ
2334 5599 2397 5652 ἀν
2421 5616 2505 5661 τις
2536 5597 2767 5661 εὐκόλως
2798 5597 2987 5662 ἕλοιτο,
3032 5597 3184 5667 φησὶ,
3214 5595 3415 5665 ταύτης
3447 5595 3629 5648 ἕνεκεν
3657 5593 3756 5662 τῆς

2196 5690 2373 5752 αἰτίας
2398 5687 2701 5758 ὁδοιπορίαν
2720 5687 2988 5757 τοσαύτην
3000 5686 3345 5758 ποιήσασθαι.
3364 5687 3421 5739 '0
3438 5686 3602 5755 φιλῶν
3618 5686 3758 5754 ὑμᾶς

2200 5781 2316 5851 μετ’
2349 5779 2502 5851 ἐμοῦ,
2526 5778 2783 5849 Τιμόθεός
2820 5779 2964 5831 ἐστιν
2985 5795 2999 5809 ’
3036 5778 3162 5849 ἐνῆν
3193 5778 3289 5849 μὲν
3315 5779 3423 5849 γάρ
3447 5778 3541 5831 καὶ
3566 5777 3758 5836 ἄλλους
