  <div class='ocr_page' id='page_1' title='image "/cluster/home/n/w/nwhite01/storage/ocr_20150623/62/nnc1.0046979654/252.png"; bbox 0 0 4108 6410; ppageno 0'>
   <div class='ocr_carea' id='block_1_1' title="bbox 362 335 469 392">
    <p class='ocr_par' dir='ltr' id='par_1_1' title="bbox 362 335 469 392">
     <span class='ocr_line' id='line_1_1' title="bbox 362 335 469 392; baseline 0.019 -2"><span class='ocrx_word' id='word_1_1' title='bbox 362 335 469 392; x_wconf 66' lang='grc'><strong>245</strong></span> 
     </span>
    </p>
   </div>
   <div class='ocr_carea' id='block_1_2' title="bbox 365 439 1945 518">
    <p class='ocr_par' dir='ltr' id='par_1_2' title="bbox 365 439 1945 518">
     <span class='ocr_line' id='line_1_2' title="bbox 365 439 1945 518; baseline -0.011 -14"><span class='ocrx_word' id='word_1_2' title='bbox 365 459 540 504; x_wconf 87' lang='lat' dir='ltr'><strong>autem</strong></span> <span class='ocrx_word' id='word_1_3' title='bbox 563 448 702 518; x_wconf 89' lang='lat' dir='ltr'><strong>quod</strong></span> <span class='ocrx_word' id='word_1_4' title='bbox 731 447 888 502; x_wconf 81' lang='lat' dir='ltr'><strong>simul</strong></span> <span class='ocrx_word' id='word_1_5' title='bbox 917 443 1234 500; x_wconf 90' lang='lat' dir='ltr'><strong>sacriﬁcium</strong></span> <span class='ocrx_word' id='word_1_6' title='bbox 1256 442 1497 497; x_wconf 73' lang='lat' dir='ltr'><strong>offeram.</strong></span> <span class='ocrx_word' id='word_1_7' title='bbox 1523 439 1757 508; x_wconf 83' lang='lat' dir='ltr'><strong>Idipsum</strong></span> <span class='ocrx_word' id='word_1_8' title='bbox 1777 447 1945 489; x_wconf 88' lang='lat' dir='ltr'><strong>autem</strong></span> 
     </span>
    </p>
   </div>
   <div class='ocr_carea' id='block_1_3' title="bbox 364 533 1946 613">
    <p class='ocr_par' dir='ltr' id='par_1_3' title="bbox 364 533 1946 613">
     <span class='ocr_line' id='line_1_3' title="bbox 364 533 1946 613; baseline -0.009 -15"><span class='ocrx_word' id='word_1_9' title='bbox 364 554 412 598; x_wconf 90' lang='lat' dir='ltr'><strong>et</strong></span> <span class='ocrx_word' id='word_1_10' title='bbox 451 559 536 597; x_wconf 85' lang='lat' dir='ltr'><strong>vos</strong></span> <span class='ocrx_word' id='word_1_11' title='bbox 578 542 788 613; x_wconf 76' lang='lat' dir='ltr'><strong>gaudete</strong></span> <span class='ocrx_word' id='word_1_12' title='bbox 822 551 871 596; x_wconf 88' lang='lat' dir='ltr'><strong>et</strong></span> <span class='ocrx_word' id='word_1_13' title='bbox 914 538 1336 608; x_wconf 86' lang='lat' dir='ltr'><strong>congratulamini</strong></span> <span class='ocrx_word' id='word_1_14' title='bbox 1363 535 1520 601; x_wconf 89' lang='lat' dir='ltr'><strong>mihi,</strong></span> <span class='ocrx_word' id='word_1_15' title='bbox 1557 534 1696 604; x_wconf 89' lang='lat' dir='ltr'><strong>quod</strong></span> <span class='ocrx_word' id='word_1_16' title='bbox 1735 533 1946 587; x_wconf 89' lang='lat' dir='ltr'><strong>oblatus</strong></span> 
     </span>
    </p>
   </div>
   <div class='ocr_carea' id='block_1_4' title="bbox 363 633 1947 710">
    <p class='ocr_par' dir='ltr' id='par_1_4' title="bbox 363 633 1947 710">
     <span class='ocr_line' id='line_1_4' title="bbox 363 633 1947 710; baseline -0.008 -12"><span class='ocrx_word' id='word_1_17' title='bbox 363 657 503 698; x_wconf 92' lang='lat' dir='ltr'><strong>sum.</strong></span> <span class='ocrx_word' id='word_1_18' title='bbox 525 639 1000 710; x_wconf 82' lang='lat' dir='ltr'><strong>Congratnlamiui,</strong></span> <span class='ocrx_word' id='word_1_19' title='bbox 1024 638 1212 706; x_wconf 91' lang='lat' dir='ltr'><strong>inquit,</strong></span> <span class='ocrx_word' id='word_1_20' title='bbox 1232 635 1358 689; x_wconf 91' lang='lat' dir='ltr'><strong>mihi</strong></span> <span class='ocrx_word' id='word_1_21' title='bbox 1382 635 1432 687; x_wconf 94' lang='lat' dir='ltr'><strong>in</strong></span> <span class='ocrx_word' id='word_1_22' title='bbox 1453 649 1565 688; x_wconf 90' lang='lat' dir='ltr'><strong>mea</strong></span> <span class='ocrx_word' id='word_1_23' title='bbox 1591 633 1754 702; x_wconf 84' lang='lat' dir='ltr'><strong>ipsius</strong></span> <span class='ocrx_word' id='word_1_24' title='bbox 1777 640 1947 686; x_wconf 91' lang='lat' dir='ltr'><strong>morte</strong></span> 
     </span>
    </p>
   </div>
   <div class='ocr_carea' id='block_1_5' title="bbox 365 726 1946 806">
    <p class='ocr_par' dir='ltr' id='par_1_5' title="bbox 365 726 1946 806">
     <span class='ocr_line' id='line_1_5' title="bbox 365 726 1946 806; baseline -0.008 -18"><span class='ocrx_word' id='word_1_25' title='bbox 365 734 639 806; x_wconf 85' lang='lat' dir='ltr'><strong>gaudenti.</strong></span> <span class='ocrx_word' id='word_1_26' title='bbox 685 731 803 786; x_wconf 90' lang='lat' dir='ltr'><strong>Non</strong></span> <span class='ocrx_word' id='word_1_27' title='bbox 846 731 1003 801; x_wconf 79' lang='lat' dir='ltr'><strong>igitur</strong></span> <span class='ocrx_word' id='word_1_28' title='bbox 1047 729 1294 799; x_wconf 87' lang='lat' dir='ltr'><strong>lacrymis</strong></span> <span class='ocrx_word' id='word_1_29' title='bbox 1332 726 1523 797; x_wconf 85' lang='lat' dir='ltr'><strong>dignus</strong></span> <span class='ocrx_word' id='word_1_30' title='bbox 1561 735 1643 780; x_wconf 91' lang='lat' dir='ltr'><strong>est</strong></span> <span class='ocrx_word' id='word_1_31' title='bbox 1680 726 1946 794; x_wconf 88' lang='lat' dir='ltr'><strong>justorum</strong></span> 
     </span>
    </p>
   </div>
   <div class='ocr_carea' id='block_1_6' title="bbox 367 815 1946 889">
    <p class='ocr_par' dir='ltr' id='par_1_6' title="bbox 367 815 1946 889">
     <span class='ocr_line' id='line_1_6' title="bbox 367 815 1946 889; baseline -0.006 -11"><span class='ocrx_word' id='word_1_32' title='bbox 367 826 563 887; x_wconf 88' lang='lat' dir='ltr'><strong>obitus,</strong></span> <span class='ocrx_word' id='word_1_33' title='bbox 593 823 686 877; x_wconf 87' lang='lat' dir='ltr'><strong>sed</strong></span> <span class='ocrx_word' id='word_1_34' title='bbox 718 822 919 876; x_wconf 65' lang='lat' dir='ltr'><strong>laetitia.</strong></span> <span class='ocrx_word' id='word_1_35' title='bbox 949 821 1004 875; x_wconf 92' lang='lat' dir='ltr'><strong>Si</strong></span> <span class='ocrx_word' id='word_1_36' title='bbox 1046 820 1145 889; x_wconf 87' lang='lat' dir='ltr'><strong>ipsi</strong></span> <span class='ocrx_word' id='word_1_37' title='bbox 1184 817 1431 888; x_wconf 88' lang='lat' dir='ltr'><strong>gaudent,</strong></span> <span class='ocrx_word' id='word_1_38' title='bbox 1466 815 1798 887; x_wconf 86' lang='lat' dir='ltr'><strong>gaudendum</strong></span> <span class='ocrx_word' id='word_1_39' title='bbox 1825 830 1946 868; x_wconf 92' lang='lat' dir='ltr'><strong>cum</strong></span> 
     </span>
    </p>
   </div>
   <div class='ocr_carea' id='block_1_7' title="bbox 369 910 1948 987">
    <p class='ocr_par' dir='ltr' id='par_1_7' title="bbox 369 910 1948 987">
     <span class='ocr_line' id='line_1_7' title="bbox 369 910 1948 987; baseline -0.006 -15"><span class='ocrx_word' id='word_1_40' title='bbox 369 920 497 987; x_wconf 88' lang='lat' dir='ltr'><strong>ipsis</strong></span> <span class='ocrx_word' id='word_1_41' title='bbox 524 927 606 972; x_wconf 90' lang='lat' dir='ltr'><strong>est</strong></span> <span class='ocrx_word' id='word_1_42' title='bbox 636 933 648 970; x_wconf 92' lang='lat'><strong>:</strong></span> <span class='ocrx_word' id='word_1_43' title='bbox 677 915 966 971; x_wconf 90' lang='lat' dir='ltr'><strong>absurdum</strong></span> <span class='ocrx_word' id='word_1_44' title='bbox 995 916 1135 969; x_wconf 91' lang='lat' dir='ltr'><strong>enim</strong></span> <span class='ocrx_word' id='word_1_45' title='bbox 1163 913 1319 967; x_wconf 88' lang='lat' dir='ltr'><strong>fuerit</strong></span> <span class='ocrx_word' id='word_1_46' title='bbox 1346 911 1693 981; x_wconf 77' lang='lat' dir='ltr'><strong>gaudentibus</strong></span> <span class='ocrx_word' id='word_1_47' title='bbox 1725 910 1825 963; x_wconf 87' lang='lat' dir='ltr'><strong>illis</strong></span> <span class='ocrx_word' id='word_1_48' title='bbox 1851 922 1948 962; x_wconf 92' lang='lat' dir='ltr'><strong>nos</strong></span> 
     </span>
    </p>
   </div>
   <div class='ocr_carea' id='block_1_8' title="bbox 369 1001 1952 1080">
    <p class='ocr_par' dir='ltr' id='par_1_8' title="bbox 369 1001 1952 1080">
     <span class='ocr_line' id='line_1_8' title="bbox 369 1001 1952 1080; baseline -0.007 -15"><span class='ocrx_word' id='word_1_49' title='bbox 369 1011 566 1080; x_wconf 89' lang='lat' dir='ltr'><strong>lugere.</strong></span> <span class='ocrx_word' id='word_1_50' title='bbox 601 1009 706 1064; x_wconf 90' lang='lat' dir='ltr'><strong>Sed</strong></span> <span class='ocrx_word' id='word_1_51' title='bbox 735 1009 1175 1063; x_wconf 91' lang='lat' dir='ltr'><strong>consuetudinem</strong></span> <span class='ocrx_word' id='word_1_52' title='bbox 1206 1005 1544 1074; x_wconf 89' lang='lat' dir='ltr'><strong>requirimus,</strong></span> <span class='ocrx_word' id='word_1_53' title='bbox 1575 1003 1762 1072; x_wconf 92' lang='lat' dir='ltr'><strong>inquit.</strong></span> <span class='ocrx_word' id='word_1_54' title='bbox 1791 1001 1952 1055; x_wconf 84' lang='lat' dir='ltr'><strong>Com-</strong></span> 
     </span>
    </p>
   </div>
   <div class='ocr_carea' id='block_1_9' title="bbox 371 1095 1950 1169">
    <p class='ocr_par' dir='ltr' id='par_1_9' title="bbox 371 1095 1950 1169">
     <span class='ocr_line' id='line_1_9' title="bbox 371 1095 1950 1169; baseline -0.004 -13"><span class='ocrx_word' id='word_1_55' title='bbox 371 1116 547 1157; x_wconf 89' lang='lat' dir='ltr'><strong>menta</strong></span> <span class='ocrx_word' id='word_1_56' title='bbox 579 1101 764 1155; x_wconf 67' lang='lat' dir='ltr'><strong>isthmc</strong></span> <span class='ocrx_word' id='word_1_57' title='bbox 789 1109 913 1155; x_wconf 92' lang='lat' dir='ltr'><strong>sunt</strong></span> <span class='ocrx_word' id='word_1_58' title='bbox 951 1109 1004 1154; x_wconf 92' lang='lat' dir='ltr'><strong>et</strong></span> <span class='ocrx_word' id='word_1_59' title='bbox 1044 1109 1331 1169; x_wconf 71' lang='lat' dir='ltr'><strong>praetextus</strong></span> <span class='ocrx_word' id='word_1_60' title='bbox 1362 1119 1375 1150; x_wconf 87' lang='lat'><strong>:</strong></span> <span class='ocrx_word' id='word_1_61' title='bbox 1410 1096 1533 1150; x_wconf 83' lang='lat' dir='ltr'><strong>vide</strong></span> <span class='ocrx_word' id='word_1_62' title='bbox 1553 1138 1566 1159; x_wconf 95' lang='lat'><strong>,</strong></span> <span class='ocrx_word' id='word_1_63' title='bbox 1597 1096 1722 1165; x_wconf 88' lang='lat' dir='ltr'><strong>quid</strong></span> <span class='ocrx_word' id='word_1_64' title='bbox 1754 1095 1950 1150; x_wconf 78' lang='lat' dir='ltr'><strong>Paulus</strong></span> 
     </span>
    </p>
   </div>
   <div class='ocr_carea' id='block_1_10' title="bbox 369 1189 1951 1264">
    <p class='ocr_par' dir='ltr' id='par_1_10' title="bbox 369 1189 1951 1264">
     <span class='ocr_line' id='line_1_10' title="bbox 369 1189 1951 1264; baseline -0.004 -16"><span class='ocrx_word' id='word_1_65' title='bbox 369 1196 654 1251; x_wconf 90' lang='lat' dir='ltr'><strong>admoneat</strong></span> <span class='ocrx_word' id='word_1_66' title='bbox 701 1195 1106 1264; x_wconf 86' lang='lat' dir='ltr'><strong>Philippenses,</strong></span> <span class='ocrx_word' id='word_1_67' title='bbox 1159 1191 1386 1246; x_wconf 80' lang='lat' dir='ltr'><strong>Gaudete</strong></span> <span class='ocrx_word' id='word_1_68' title='bbox 1431 1201 1478 1244; x_wconf 86' lang='lat' dir='ltr'><strong>et</strong></span> <span class='ocrx_word' id='word_1_69' title='bbox 1525 1189 1951 1261; x_wconf 87' lang='lat' dir='ltr'><strong>congratulamini</strong></span> 
     </span>
    </p>
   </div>
   <div class='ocr_carea' id='block_1_11' title="bbox 369 1275 1951 1355">
    <p class='ocr_par' dir='ltr' id='par_1_11' title="bbox 369 1275 1951 1355">
     <span class='ocr_line' id='line_1_11' title="bbox 369 1275 1951 1355; baseline -0.003 -13"><span class='ocrx_word' id='word_1_70' title='bbox 369 1290 532 1353; x_wconf 84' lang='lat' dir='ltr'><strong>mihi;</strong></span> <span class='ocrx_word' id='word_1_71' title='bbox 558 1297 612 1342; x_wconf 93' lang='lat' dir='ltr'><strong>et</strong></span> <span class='ocrx_word' id='word_1_72' title='bbox 640 1295 696 1342; x_wconf 93' lang='lat' dir='ltr'><strong>tu</strong></span> <span class='ocrx_word' id='word_1_73' title='bbox 727 1287 1163 1342; x_wconf 81' lang='lat' dir='ltr'><strong>consuetudinem</strong></span> <span class='ocrx_word' id='word_1_74' title='bbox 1205 1286 1468 1355; x_wconf 77' lang='lat' dir='ltr'><strong>requiris?</strong></span> <span class='ocrx_word' id='word_1_75' title='bbox 1508 1275 1565 1340; x_wconf 90' lang='lat' dir='ltr'><strong>Si</strong></span> <span class='ocrx_word' id='word_1_76' title='bbox 1606 1284 1698 1338; x_wconf 92' lang='lat' dir='ltr'><strong>tibi</strong></span> <span class='ocrx_word' id='word_1_77' title='bbox 1736 1283 1951 1354; x_wconf 86' lang='lat' dir='ltr'><strong>quidem</strong></span> 
     </span>
    </p>
   </div>
   <div class='ocr_carea' id='block_1_12' title="bbox 373 1378 1952 1450">
    <p class='ocr_par' dir='ltr' id='par_1_12' title="bbox 373 1378 1952 1450">
     <span class='ocr_line' id='line_1_12' title="bbox 373 1378 1952 1450; baseline -0.003 -14"><span class='ocrx_word' id='word_1_78' title='bbox 373 1383 472 1450; x_wconf 83' lang='lat' dir='ltr'><strong>ipsi</strong></span> <span class='ocrx_word' id='word_1_79' title='bbox 503 1382 586 1436; x_wconf 90' lang='lat' dir='ltr'><strong>hic</strong></span> <span class='ocrx_word' id='word_1_80' title='bbox 614 1381 932 1434; x_wconf 89' lang='lat' dir='ltr'><strong>manendum</strong></span> <span class='ocrx_word' id='word_1_81' title='bbox 964 1381 1065 1442; x_wconf 89' lang='lat' dir='ltr'><strong>sit,</strong></span> <span class='ocrx_word' id='word_1_82' title='bbox 1094 1390 1238 1435; x_wconf 88' lang='lat' dir='ltr'><strong>recte</strong></span> <span class='ocrx_word' id='word_1_83' title='bbox 1267 1379 1434 1440; x_wconf 86' lang='lat' dir='ltr'><strong>dicis;</strong></span> <span class='ocrx_word' id='word_1_84' title='bbox 1467 1378 1547 1432; x_wconf 91' lang='lat' dir='ltr'><strong>sin</strong></span> <span class='ocrx_word' id='word_1_85' title='bbox 1589 1389 1762 1432; x_wconf 90' lang='lat' dir='ltr'><strong>autem</strong></span> <span class='ocrx_word' id='word_1_86' title='bbox 1797 1379 1952 1445; x_wconf 87' lang='lat' dir='ltr'><strong>paulo</strong></span> 
     </span>
    </p>
   </div>
   <div class='ocr_carea' id='block_1_13' title="bbox 374 1472 1953 1544">
    <p class='ocr_par' dir='ltr' id='par_1_13' title="bbox 374 1472 1953 1544">
     <span class='ocr_line' id='line_1_13' title="bbox 374 1472 1953 1544; baseline -0.001 -15"><span class='ocrx_word' id='word_1_87' title='bbox 374 1482 491 1544; x_wconf 88' lang='lat' dir='ltr'><strong>post</strong></span> <span class='ocrx_word' id='word_1_88' title='bbox 516 1474 581 1527; x_wconf 91' lang='lat' dir='ltr'><strong>ad</strong></span> <span class='ocrx_word' id='word_1_89' title='bbox 610 1474 756 1526; x_wconf 92' lang='lat' dir='ltr'><strong>illum</strong></span> <span class='ocrx_word' id='word_1_90' title='bbox 783 1474 868 1542; x_wconf 89' lang='lat' dir='ltr'><strong>qui</strong></span> <span class='ocrx_word' id='word_1_91' title='bbox 901 1472 1027 1527; x_wconf 91' lang='lat' dir='ltr'><strong>abiit</strong></span> <span class='ocrx_word' id='word_1_92' title='bbox 1062 1482 1410 1540; x_wconf 85' lang='lat' dir='ltr'><strong>perventurus</strong></span> <span class='ocrx_word' id='word_1_93' title='bbox 1435 1489 1513 1537; x_wconf 88' lang='lat' dir='ltr'><strong>es,</strong></span> <span class='ocrx_word' id='word_1_94' title='bbox 1541 1489 1699 1543; x_wconf 90' lang='lat' dir='ltr'><strong>quam</strong></span> <span class='ocrx_word' id='word_1_95' title='bbox 1726 1474 1953 1544; x_wconf 84' lang='lat' dir='ltr'><strong>requiris</strong></span> 
     </span>
    </p>
   </div>
   <div class='ocr_carea' id='block_1_14' title="bbox 372 1562 1952 1621">
    <p class='ocr_par' dir='ltr' id='par_1_14' title="bbox 372 1562 1952 1621">
     <span class='ocr_line' id='line_1_14' title="bbox 372 1562 1952 1621; baseline 0.002 -3"><span class='ocrx_word' id='word_1_96' title='bbox 372 1565 858 1618; x_wconf 84' lang='lat' dir='ltr'><strong>consuetudinem?</strong></span> <span class='ocrx_word' id='word_1_97' title='bbox 887 1562 979 1619; x_wconf 89' lang='lat' dir='ltr'><strong>Ille</strong></span> <span class='ocrx_word' id='word_1_98' title='bbox 1004 1564 1145 1618; x_wconf 89' lang='lat' dir='ltr'><strong>enim</strong></span> <span class='ocrx_word' id='word_1_99' title='bbox 1176 1566 1366 1620; x_wconf 91' lang='lat' dir='ltr'><strong>merito</strong></span> <span class='ocrx_word' id='word_1_100' title='bbox 1399 1565 1837 1621; x_wconf 84' lang='lat' dir='ltr'><strong>consuetudinem</strong></span> <span class='ocrx_word' id='word_1_101' title='bbox 1868 1583 1952 1621; x_wconf 87' lang='lat' dir='ltr'><strong>re—</strong></span> 
     </span>
    </p>
   </div>
   <div class='ocr_carea' id='block_1_15' title="bbox 372 1657 1952 1727">
    <p class='ocr_par' dir='ltr' id='par_1_15' title="bbox 372 1657 1952 1727">
     <span class='ocr_line' id='line_1_15' title="bbox 372 1657 1952 1727; baseline 0.003 -18"><span class='ocrx_word' id='word_1_102' title='bbox 372 1658 568 1725; x_wconf 84' lang='lat' dir='ltr'><strong>quirat,</strong></span> <span class='ocrx_word' id='word_1_103' title='bbox 599 1657 689 1724; x_wconf 88' lang='lat' dir='ltr'><strong>qui</strong></span> <span class='ocrx_word' id='word_1_104' title='bbox 717 1657 783 1711; x_wconf 89' lang='lat' dir='ltr'><strong>ab</strong></span> <span class='ocrx_word' id='word_1_105' title='bbox 811 1657 990 1727; x_wconf 91' lang='lat' dir='ltr'><strong>aliquo</strong></span> <span class='ocrx_word' id='word_1_106' title='bbox 1021 1657 1072 1711; x_wconf 92' lang='lat' dir='ltr'><strong>in</strong></span> <span class='ocrx_word' id='word_1_107' title='bbox 1106 1667 1417 1726; x_wconf 87' lang='lat' dir='ltr'><strong>perpetuum</strong></span> <span class='ocrx_word' id='word_1_108' title='bbox 1447 1659 1754 1724; x_wconf 88' lang='lat' dir='ltr'><strong>divellitur;</strong></span> <span class='ocrx_word' id='word_1_109' title='bbox 1784 1661 1876 1713; x_wconf 90' lang='lat' dir='ltr'><strong>sed</strong></span> <span class='ocrx_word' id='word_1_110' title='bbox 1908 1660 1952 1714; x_wconf 88' lang='lat' dir='ltr'><strong>si</strong></span> 
     </span>
    </p>
   </div>
   <div class='ocr_carea' id='block_1_16' title="bbox 375 1747 1952 1820">
    <p class='ocr_par' dir='ltr' id='par_1_16' title="bbox 375 1747 1952 1820">
     <span class='ocr_line' id='line_1_16' title="bbox 375 1747 1952 1820; baseline 0.004 -20"><span class='ocrx_word' id='word_1_111' title='bbox 375 1747 514 1800; x_wconf 89' lang='lat' dir='ltr'><strong>idem</strong></span> <span class='ocrx_word' id='word_1_112' title='bbox 543 1748 630 1801; x_wconf 87' lang='lat' dir='ltr'><strong>tibi</strong></span> <span class='ocrx_word' id='word_1_113' title='bbox 660 1749 762 1802; x_wconf 91' lang='lat' dir='ltr'><strong>iter</strong></span> <span class='ocrx_word' id='word_1_114' title='bbox 786 1748 1174 1803; x_wconf 88' lang='lat' dir='ltr'><strong>conﬁciendum</strong></span> <span class='ocrx_word' id='word_1_115' title='bbox 1202 1759 1302 1814; x_wconf 90' lang='lat' dir='ltr'><strong>est,</strong></span> <span class='ocrx_word' id='word_1_116' title='bbox 1333 1766 1491 1820; x_wconf 90' lang='lat' dir='ltr'><strong>quam</strong></span> <span class='ocrx_word' id='word_1_117' title='bbox 1515 1751 1952 1807; x_wconf 86' lang='lat' dir='ltr'><strong>consuetudinem</strong></span> 
     </span>
    </p>
   </div>
   <div class='ocr_carea' id='block_1_17' title="bbox 374 1842 1956 1914">
    <p class='ocr_par' dir='ltr' id='par_1_17' title="bbox 374 1842 1956 1914">
     <span class='ocr_line' id='line_1_17' title="bbox 374 1842 1956 1914; baseline 0.001 -18"><span class='ocrx_word' id='word_1_118' title='bbox 374 1842 640 1911; x_wconf 81' lang='lat' dir='ltr'><strong>requiris?</strong></span> <span class='ocrx_word' id='word_1_119' title='bbox 664 1842 790 1906; x_wconf 88' lang='lat' dir='ltr'><strong>Eos,</strong></span> <span class='ocrx_word' id='word_1_120' title='bbox 819 1843 906 1913; x_wconf 93' lang='lat' dir='ltr'><strong>qui</strong></span> <span class='ocrx_word' id='word_1_121' title='bbox 934 1858 1154 1914; x_wconf 75' lang='lat' dir='ltr'><strong>peregre</strong></span> <span class='ocrx_word' id='word_1_122' title='bbox 1182 1844 1392 1907; x_wconf 89' lang='lat' dir='ltr'><strong>absunt,</strong></span> <span class='ocrx_word' id='word_1_123' title='bbox 1424 1860 1519 1898; x_wconf 90' lang='lat' dir='ltr'><strong>cur</strong></span> <span class='ocrx_word' id='word_1_124' title='bbox 1546 1860 1649 1899; x_wconf 90' lang='lat' dir='ltr'><strong>non</strong></span> <span class='ocrx_word' id='word_1_125' title='bbox 1682 1845 1956 1913; x_wconf 83' lang='lat' dir='ltr'><strong>lugemus‘!</strong></span> 
     </span>
    </p>
   </div>
   <div class='ocr_carea' id='block_1_18' title="bbox 376 1934 1956 2009">
    <p class='ocr_par' dir='ltr' id='par_1_18' title="bbox 376 1934 1956 2009">
     <span class='ocr_line' id='line_1_18' title="bbox 376 1934 1956 2009; baseline 0.003 -21"><span class='ocrx_word' id='word_1_126' title='bbox 376 1949 554 1988; x_wconf 89' lang='lat' dir='ltr'><strong>nonne</strong></span> <span class='ocrx_word' id='word_1_127' title='bbox 579 1934 762 2003; x_wconf 91' lang='lat' dir='ltr'><strong>paucis</strong></span> <span class='ocrx_word' id='word_1_128' title='bbox 791 1935 1002 1990; x_wconf 89' lang='lat' dir='ltr'><strong>emissis</strong></span> <span class='ocrx_word' id='word_1_129' title='bbox 1025 1937 1294 2006; x_wconf 89' lang='lat' dir='ltr'><strong>lacrymis,</strong></span> <span class='ocrx_word' id='word_1_130' title='bbox 1326 1937 1602 1991; x_wconf 81' lang='lat' dir='ltr'><strong>confestim</strong></span> <span class='ocrx_word' id='word_1_131' title='bbox 1639 1946 1761 2009; x_wconf 92' lang='lat' dir='ltr'><strong>post</strong></span> <span class='ocrx_word' id='word_1_132' title='bbox 1792 1954 1956 1993; x_wconf 90' lang='lat' dir='ltr'><strong>unum</strong></span> 
     </span>
    </p>
   </div>
   <div class='ocr_carea' id='block_1_19' title="bbox 375 2025 1954 2083">
    <p class='ocr_par' dir='ltr' id='par_1_19' title="bbox 375 2025 1954 2083">
     <span class='ocr_line' id='line_1_19' title="bbox 375 2025 1954 2083; baseline 0.003 -5"><span class='ocrx_word' id='word_1_133' title='bbox 375 2033 467 2079; x_wconf 91' lang='lat' dir='ltr'><strong>aut</strong></span> <span class='ocrx_word' id='word_1_134' title='bbox 487 2025 710 2080; x_wconf 89' lang='lat' dir='ltr'><strong>alterum</strong></span> <span class='ocrx_word' id='word_1_135' title='bbox 737 2025 878 2080; x_wconf 88' lang='lat' dir='ltr'><strong>diem</strong></span> <span class='ocrx_word' id='word_1_136' title='bbox 905 2041 932 2078; x_wconf 91' lang='lat' dir='ltr'><strong>a</strong></span> <span class='ocrx_word' id='word_1_137' title='bbox 963 2026 1088 2081; x_wconf 87' lang='lat' dir='ltr'><strong>ﬁetu</strong></span> <span class='ocrx_word' id='word_1_138' title='bbox 1112 2029 1419 2082; x_wconf 77' lang='lat' dir='ltr'><strong>cessamus?</strong></span> <span class='ocrx_word' id='word_1_139' title='bbox 1445 2029 1497 2083; x_wconf 92' lang='lat' dir='ltr'><strong>Si</strong></span> <span class='ocrx_word' id='word_1_140' title='bbox 1521 2029 1954 2083; x_wconf 87' lang='lat' dir='ltr'><strong>consuetudinem</strong></span> 
     </span>
    </p>
   </div>
   <div class='ocr_carea' id='block_1_20' title="bbox 377 2116 1956 2188">
    <p class='ocr_par' dir='ltr' id='par_1_20' title="bbox 377 2116 1956 2188">
     <span class='ocr_line' id='line_1_20' title="bbox 377 2116 1956 2188; baseline 0.004 -19"><span class='ocrx_word' id='word_1_141' title='bbox 377 2116 622 2184; x_wconf 86' lang='lat' dir='ltr'><strong>requiris,</strong></span> <span class='ocrx_word' id='word_1_142' title='bbox 654 2125 855 2170; x_wconf 88' lang='lat' dir='ltr'><strong>tantum</strong></span> <span class='ocrx_word' id='word_1_143' title='bbox 887 2116 1162 2172; x_wconf 83' lang='lat' dir='ltr'><strong>dumtaxat</strong></span> <span class='ocrx_word' id='word_1_144' title='bbox 1187 2117 1329 2182; x_wconf 85' lang='lat' dir='ltr'><strong>ﬂeto,</strong></span> <span class='ocrx_word' id='word_1_145' title='bbox 1363 2129 1616 2188; x_wconf 89' lang='lat' dir='ltr'><strong>quantum</strong></span> <span class='ocrx_word' id='word_1_146' title='bbox 1641 2121 1766 2174; x_wconf 85' lang='lat' dir='ltr'><strong>satis</strong></span> <span class='ocrx_word' id='word_1_147' title='bbox 1797 2122 1866 2175; x_wconf 92' lang='lat' dir='ltr'><strong>sit</strong></span> <span class='ocrx_word' id='word_1_148' title='bbox 1890 2119 1956 2175; x_wconf 89' lang='lat' dir='ltr'><strong>ad</strong></span> 
     </span>
    </p>
   </div>
   <div class='ocr_carea' id='block_1_21' title="bbox 376 2207 1958 2273">
    <p class='ocr_par' dir='ltr' id='par_1_21' title="bbox 376 2207 1958 2273">
     <span class='ocr_line' id='line_1_21' title="bbox 376 2207 1958 2273; baseline 0.004 -13"><span class='ocrx_word' id='word_1_149' title='bbox 376 2207 785 2273; x_wconf 90' lang='lat' dir='ltr'><strong>ostendendum,</strong></span> <span class='ocrx_word' id='word_1_150' title='bbox 817 2217 868 2261; x_wconf 91' lang='lat' dir='ltr'><strong>te</strong></span> <span class='ocrx_word' id='word_1_151' title='bbox 904 2220 1088 2263; x_wconf 90' lang='lat' dir='ltr'><strong>natura</strong></span> <span class='ocrx_word' id='word_1_152' title='bbox 1121 2209 1388 2264; x_wconf 90' lang='lat' dir='ltr'><strong>hominem</strong></span> <span class='ocrx_word' id='word_1_153' title='bbox 1421 2225 1539 2265; x_wconf 90' lang='lat' dir='ltr'><strong>esse</strong></span> <span class='ocrx_word' id='word_1_154' title='bbox 1570 2229 1582 2264; x_wconf 92' lang='lat'><strong>:</strong></span> <span class='ocrx_word' id='word_1_155' title='bbox 1612 2211 1806 2266; x_wconf 88' lang='lat' dir='ltr'><strong>deinde</strong></span> <span class='ocrx_word' id='word_1_156' title='bbox 1832 2228 1958 2267; x_wconf 89' lang='lat' dir='ltr'><strong>vero</strong></span> 
     </span>
    </p>
   </div>
   <div class='ocr_carea' id='block_1_22' title="bbox 375 2296 1956 2370">
    <p class='ocr_par' dir='ltr' id='par_1_22' title="bbox 375 2296 1956 2370">
     <span class='ocr_line' id='line_1_22' title="bbox 375 2296 1956 2370; baseline 0.004 -20"><span class='ocrx_word' id='word_1_157' title='bbox 375 2296 568 2367; x_wconf 87' lang='lat' dir='ltr'><strong>gaude,</strong></span> <span class='ocrx_word' id='word_1_158' title='bbox 597 2299 1042 2367; x_wconf 84' lang='lat' dir='ltr'><strong>quemadmodum</strong></span> <span class='ocrx_word' id='word_1_159' title='bbox 1072 2299 1288 2366; x_wconf 90' lang='lat' dir='ltr'><strong>Paulus,</strong></span> <span class='ocrx_word' id='word_1_160' title='bbox 1319 2301 1408 2370; x_wconf 90' lang='lat' dir='ltr'><strong>qui</strong></span> <span class='ocrx_word' id='word_1_161' title='bbox 1435 2301 1506 2355; x_wconf 91' lang='lat' dir='ltr'><strong>ita</strong></span> <span class='ocrx_word' id='word_1_162' title='bbox 1534 2301 1744 2357; x_wconf 89' lang='lat' dir='ltr'><strong>dicebat</strong></span> <span class='ocrx_word' id='word_1_163' title='bbox 1771 2320 1783 2354; x_wconf 91' lang='lat'>:</span> <span class='ocrx_word' id='word_1_164' title='bbox 1815 2302 1956 2356; x_wconf 81' lang='lat' dir='ltr'><strong>Nihil</strong></span> 
     </span>
    </p>
   </div>
   <div class='ocr_carea' id='block_1_23' title="bbox 1243 317 2012 380">
    <p class='ocr_par' dir='ltr' id='par_1_23' title="bbox 1243 317 2012 380">
     <span class='ocr_line' id='line_1_23' title="bbox 1243 317 2012 380; baseline -0.01 -2"><span class='ocrx_word' id='word_1_165' title='bbox 1243 323 1306 380; x_wconf 83' lang='lat' dir='ltr'><strong>IN</strong></span> <span class='ocrx_word' id='word_1_166' title='bbox 1349 324 1557 380; x_wconf 81' lang='lat' dir='ltr'><strong>EPIST.</strong></span> <span class='ocrx_word' id='word_1_167' title='bbox 1601 323 1691 377; x_wconf 83' lang='lat' dir='ltr'><strong>AD</strong></span> <span class='ocrx_word' id='word_1_168' title='bbox 1730 317 2012 376; x_wconf 82' lang='lat' dir='ltr'><strong>PlllLlPP.</strong></span> 
     </span>
    </p>
   </div>
   <div class='ocr_carea' id='block_1_24' title="bbox 2053 312 3635 372">
    <p class='ocr_par' dir='ltr' id='par_1_24' title="bbox 2053 312 3635 372">
     <span class='ocr_line' id='line_1_24' title="bbox 2053 312 3635 372; baseline -0.004 0"><span class='ocrx_word' id='word_1_169' title='bbox 2053 317 2204 372; x_wconf 82' lang='lat' dir='ltr'><strong>CAP.</strong></span> <span class='ocrx_word' id='word_1_170' title='bbox 2248 315 2308 370; x_wconf 88' lang='lat' dir='ltr'><strong>ll.</strong></span> <span class='ocrx_word' id='word_1_171' title='bbox 2351 314 2580 370; x_wconf 78' lang='lat' dir='ltr'><strong>IIOMIL.</strong></span> <span class='ocrx_word' id='word_1_172' title='bbox 2625 312 2712 366; x_wconf 76' lang='lat' dir='ltr'><strong>IX.</strong></span> <span class='ocrx_word' id='word_1_173' title='bbox 3527 313 3635 367; x_wconf 64' lang='grc'><strong>216</strong></span> 
     </span>
    </p>
   </div>
   <div class='ocr_carea' id='block_1_25' title="bbox 2051 427 3632 498">
    <p class='ocr_par' dir='ltr' id='par_1_25' title="bbox 2051 427 3632 498">
     <span class='ocr_line' id='line_1_25' title="bbox 2051 427 3632 498; baseline -0.001 -12"><span class='ocrx_word' id='word_1_174' title='bbox 2051 431 2182 486; x_wconf 90' lang='lat' dir='ltr'><strong>mihi</strong></span> <span class='ocrx_word' id='word_1_175' title='bbox 2211 430 2420 485; x_wconf 83' lang='lat' dir='ltr'><strong>molesti</strong></span> <span class='ocrx_word' id='word_1_176' title='bbox 2449 429 2675 491; x_wconf 90' lang='lat' dir='ltr'><strong>accidit,</strong></span> <span class='ocrx_word' id='word_1_177' title='bbox 2709 427 2804 484; x_wconf 91' lang='lat' dir='ltr'><strong>sed</strong></span> <span class='ocrx_word' id='word_1_178' title='bbox 2840 430 2999 484; x_wconf 89' lang='lat' dir='ltr'><strong>etiam</strong></span> <span class='ocrx_word' id='word_1_179' title='bbox 3037 429 3245 498; x_wconf 88' lang='lat' dir='ltr'><strong>gaudeo</strong></span> <span class='ocrx_word' id='word_1_180' title='bbox 3271 429 3337 483; x_wconf 89' lang='lat' dir='ltr'><strong>ad</strong></span> <span class='ocrx_word' id='word_1_181' title='bbox 3363 429 3632 484; x_wconf 86' lang='lat' dir='ltr'><strong>Christum</strong></span> 
     </span>
    </p>
   </div>
   <div class='ocr_carea' id='block_1_26' title="bbox 2051 519 3631 591">
    <p class='ocr_par' dir='ltr' id='par_1_26' title="bbox 2051 519 3631 591">
     <span class='ocr_line' id='line_1_26' title="bbox 2051 519 3631 591; baseline -0.001 -16"><span class='ocrx_word' id='word_1_182' title='bbox 2051 522 2269 586; x_wconf 89' lang='lat' dir='ltr'><strong>abiens,</strong></span> <span class='ocrx_word' id='word_1_183' title='bbox 2305 521 2369 574; x_wconf 87' lang='lat' dir='ltr'><strong>Et</strong></span> <span class='ocrx_word' id='word_1_184' title='bbox 2407 537 2493 574; x_wconf 87' lang='lat' dir='ltr'><strong>vos</strong></span> <span class='ocrx_word' id='word_1_185' title='bbox 2517 521 2763 591; x_wconf 85' lang='lat' dir='ltr'><strong>gaudete,</strong></span> <span class='ocrx_word' id='word_1_186' title='bbox 2794 519 2998 589; x_wconf 91' lang='lat' dir='ltr'><strong>inquit,</strong></span> <span class='ocrx_word' id='word_1_187' title='bbox 3027 520 3453 590; x_wconf 84' lang='lat' dir='ltr'><strong>congratulamini</strong></span> <span class='ocrx_word' id='word_1_188' title='bbox 3486 521 3631 574; x_wconf 84' lang='lat' dir='ltr'><strong>mihi.</strong></span> 
     </span>
    </p>
   </div>
   <div class='ocr_carea' id='block_1_27' title="bbox 2051 610 3637 682">
    <p class='ocr_par' dir='ltr' id='par_1_27' title="bbox 2051 610 3637 682">
     <span class='ocr_line' id='line_1_27' title="bbox 2051 610 3637 682; baseline -0.003 -14"><span class='ocrx_word' id='word_1_189' title='bbox 2051 613 2388 668; x_wconf 85' lang='lat' dir='ltr'><strong>Gaudeamus</strong></span> <span class='ocrx_word' id='word_1_190' title='bbox 2415 613 2572 682; x_wconf 80' lang='lat' dir='ltr'><strong>igitur</strong></span> <span class='ocrx_word' id='word_1_191' title='bbox 2593 621 2647 666; x_wconf 90' lang='lat' dir='ltr'><strong>et</strong></span> <span class='ocrx_word' id='word_1_192' title='bbox 2673 626 2772 666; x_wconf 90' lang='lat' dir='ltr'><strong>nos</strong></span> <span class='ocrx_word' id='word_1_193' title='bbox 2797 626 2916 666; x_wconf 93' lang='lat' dir='ltr'><strong>cum</strong></span> <span class='ocrx_word' id='word_1_194' title='bbox 2934 610 3134 680; x_wconf 86' lang='lat' dir='ltr'><strong>justum</strong></span> <span class='ocrx_word' id='word_1_195' title='bbox 3164 610 3451 664; x_wconf 87' lang='lat' dir='ltr'><strong>viderimus</strong></span> <span class='ocrx_word' id='word_1_196' title='bbox 3473 612 3637 664; x_wconf 88' lang='lat' dir='ltr'><strong>inter-</strong></span> 
     </span>
    </p>
   </div>
   <div class='ocr_carea' id='block_1_28' title="bbox 2053 701 3634 773">
    <p class='ocr_par' dir='ltr' id='par_1_28' title="bbox 2053 701 3634 773">
     <span class='ocr_line' id='line_1_28' title="bbox 2053 701 3634 773; baseline -0.002 -16"><span class='ocrx_word' id='word_1_197' title='bbox 2053 704 2200 770; x_wconf 79' lang='lat' dir='ltr'><strong>iisse,</strong></span> <span class='ocrx_word' id='word_1_198' title='bbox 2224 704 2304 758; x_wconf 80' lang='lat' dir='ltr'><strong>vel</strong></span> <span class='ocrx_word' id='word_1_199' title='bbox 2334 705 2508 773; x_wconf 88' lang='lat' dir='ltr'><strong>potius</strong></span> <span class='ocrx_word' id='word_1_200' title='bbox 2533 703 2747 773; x_wconf 87' lang='lat' dir='ltr'><strong>quando</strong></span> <span class='ocrx_word' id='word_1_201' title='bbox 2768 703 2997 772; x_wconf 89' lang='lat' dir='ltr'><strong>aliquem</strong></span> <span class='ocrx_word' id='word_1_202' title='bbox 3026 703 3185 757; x_wconf 87' lang='lat' dir='ltr'><strong>etiam</strong></span> <span class='ocrx_word' id='word_1_203' title='bbox 3212 716 3277 756; x_wconf 80' lang='lat' dir='ltr'><strong>ex</strong></span> <span class='ocrx_word' id='word_1_204' title='bbox 3304 701 3634 771; x_wconf 82' lang='lat' dir='ltr'><strong>desperatis:</strong></span> 
     </span>
    </p>
   </div>
   <div class='ocr_carea' id='block_1_29' title="bbox 2053 796 3635 862">
    <p class='ocr_par' dir='ltr' id='par_1_29' title="bbox 2053 796 3635 862">
     <span class='ocr_line' id='line_1_29' title="bbox 2053 796 3635 862; baseline -0.001 -12"><span class='ocrx_word' id='word_1_205' title='bbox 2053 812 2173 850; x_wconf 90' lang='lat' dir='ltr'><strong>nam</strong></span> <span class='ocrx_word' id='word_1_206' title='bbox 2198 798 2285 852; x_wconf 89' lang='lat' dir='ltr'><strong>ille</strong></span> <span class='ocrx_word' id='word_1_207' title='bbox 2310 797 2521 862; x_wconf 89' lang='lat' dir='ltr'><strong>quidem</strong></span> <span class='ocrx_word' id='word_1_208' title='bbox 2547 797 2789 862; x_wconf 86' lang='lat' dir='ltr'><strong>discedit,</strong></span> <span class='ocrx_word' id='word_1_209' title='bbox 2821 797 3060 850; x_wconf 92' lang='lat' dir='ltr'><strong>laborum</strong></span> <span class='ocrx_word' id='word_1_210' title='bbox 3089 811 3305 849; x_wconf 91' lang='lat' dir='ltr'><strong>suorum</strong></span> <span class='ocrx_word' id='word_1_211' title='bbox 3333 796 3635 849; x_wconf 87' lang='lat' dir='ltr'><strong>mercedem</strong></span> 
     </span>
    </p>
   </div>
   <div class='ocr_carea' id='block_1_30' title="bbox 2051 887 3638 958">
    <p class='ocr_par' dir='ltr' id='par_1_30' title="bbox 2051 887 3638 958">
     <span class='ocr_line' id='line_1_30' title="bbox 2051 887 3638 958; baseline -0.001 -17"><span class='ocrx_word' id='word_1_212' title='bbox 2051 899 2402 958; x_wconf 88' lang='lat' dir='ltr'><strong>accepturus;</strong></span> <span class='ocrx_word' id='word_1_213' title='bbox 2434 888 2520 943; x_wconf 92' lang='lat' dir='ltr'><strong>hic</strong></span> <span class='ocrx_word' id='word_1_214' title='bbox 2548 903 2677 942; x_wconf 89' lang='lat' dir='ltr'><strong>vero</strong></span> <span class='ocrx_word' id='word_1_215' title='bbox 2709 887 2980 958; x_wconf 89' lang='lat' dir='ltr'><strong>quidpiam</strong></span> <span class='ocrx_word' id='word_1_216' title='bbox 3018 887 3086 942; x_wconf 91' lang='lat' dir='ltr'><strong>de</strong></span> <span class='ocrx_word' id='word_1_217' title='bbox 3130 896 3468 956; x_wconf 85' lang='lat' dir='ltr'><strong>peccatorum</strong></span> <span class='ocrx_word' id='word_1_218' title='bbox 3508 902 3638 940; x_wconf 87' lang='lat' dir='ltr'><strong>suo-</strong></span> 
     </span>
    </p>
   </div>
   <div class='ocr_carea' id='block_1_31' title="bbox 2053 978 3641 1048">
    <p class='ocr_par' dir='ltr' id='par_1_31' title="bbox 2053 978 3641 1048">
     <span class='ocr_line' id='line_1_31' title="bbox 2053 978 3641 1048; baseline -0.001 -15"><span class='ocrx_word' id='word_1_219' title='bbox 2053 996 2172 1033; x_wconf 92' lang='lat' dir='ltr'><strong>rum</strong></span> <span class='ocrx_word' id='word_1_220' title='bbox 2211 994 2434 1034; x_wconf 90' lang='lat' dir='ltr'><strong>numero</strong></span> <span class='ocrx_word' id='word_1_221' title='bbox 2471 980 2721 1034; x_wconf 81' lang='lat' dir='ltr'><strong>detraxit.</strong></span> <span class='ocrx_word' id='word_1_222' title='bbox 2765 979 2871 1034; x_wconf 89' lang='lat' dir='ltr'><strong>Sed</strong></span> <span class='ocrx_word' id='word_1_223' title='bbox 2913 981 3140 1034; x_wconf 81' lang='lat' dir='ltr'><strong>fortasse</strong></span> <span class='ocrx_word' id='word_1_224' title='bbox 3165 1020 3178 1041; x_wconf 89' lang='lat'><strong>,</strong></span> <span class='ocrx_word' id='word_1_225' title='bbox 3213 979 3416 1048; x_wconf 89' lang='lat' dir='ltr'><strong>inquit,</strong></span> <span class='ocrx_word' id='word_1_226' title='bbox 3453 978 3641 1032; x_wconf 81' lang='lat' dir='ltr'><strong>vivens</strong></span> 
     </span>
    </p>
   </div>
   <div class='ocr_carea' id='block_1_32' title="bbox 2054 1072 3637 1141">
    <p class='ocr_par' dir='ltr' id='par_1_32' title="bbox 2054 1072 3637 1141">
     <span class='ocr_line' id='line_1_32' title="bbox 2054 1072 3637 1141; baseline -0.001 -15"><span class='ocrx_word' id='word_1_227' title='bbox 2054 1072 2213 1126; x_wconf 87' lang='lat' dir='ltr'><strong>vitam</strong></span> <span class='ocrx_word' id='word_1_228' title='bbox 2259 1082 2516 1126; x_wconf 86' lang='lat' dir='ltr'><strong>mutasset</strong></span> <span class='ocrx_word' id='word_1_229' title='bbox 2543 1089 2714 1127; x_wconf 92' lang='lat' dir='ltr'><strong>suam.</strong></span> <span class='ocrx_word' id='word_1_230' title='bbox 2743 1073 2813 1126; x_wconf 87' lang='lat' dir='ltr'><strong>At</strong></span> <span class='ocrx_word' id='word_1_231' title='bbox 2840 1087 2944 1126; x_wconf 93' lang='lat' dir='ltr'><strong>non</strong></span> <span class='ocrx_word' id='word_1_232' title='bbox 2989 1072 3135 1126; x_wconf 91' lang='lat' dir='ltr'><strong>illum</strong></span> <span class='ocrx_word' id='word_1_233' title='bbox 3167 1073 3431 1141; x_wconf 89' lang='lat' dir='ltr'><strong>rapuisset</strong></span> <span class='ocrx_word' id='word_1_234' title='bbox 3462 1072 3637 1136; x_wconf 88' lang='lat' dir='ltr'><strong>Deus,</strong></span> 
     </span>
    </p>
   </div>
   <div class='ocr_carea' id='block_1_33' title="bbox 2053 1162 3640 1232">
    <p class='ocr_par' dir='ltr' id='par_1_33' title="bbox 2053 1162 3640 1232">
     <span class='ocr_line' id='line_1_33' title="bbox 2053 1162 3640 1232; baseline -0.003 -13"><span class='ocrx_word' id='word_1_235' title='bbox 2053 1166 2096 1219; x_wconf 90' lang='lat' dir='ltr'><strong>si</strong></span> <span class='ocrx_word' id='word_1_236' title='bbox 2126 1164 2285 1218; x_wconf 87' lang='lat' dir='ltr'><strong>vitam</strong></span> <span class='ocrx_word' id='word_1_237' title='bbox 2316 1164 2404 1218; x_wconf 90' lang='lat' dir='ltr'><strong>ille</strong></span> <span class='ocrx_word' id='word_1_238' title='bbox 2431 1173 2729 1218; x_wconf 88' lang='lat' dir='ltr'><strong>mutaturus</strong></span> <span class='ocrx_word' id='word_1_239' title='bbox 2756 1163 2960 1217; x_wconf 77' lang='lat' dir='ltr'><strong>fuisset.</strong></span> <span class='ocrx_word' id='word_1_240' title='bbox 2989 1164 3194 1219; x_wconf 86' lang='lat' dir='ltr'><strong>Etenim</strong></span> <span class='ocrx_word' id='word_1_241' title='bbox 3222 1162 3309 1232; x_wconf 91' lang='lat' dir='ltr'><strong>qui</strong></span> <span class='ocrx_word' id='word_1_242' title='bbox 3339 1163 3517 1216; x_wconf 81' lang='lat' dir='ltr'><strong>omnia</strong></span> <span class='ocrx_word' id='word_1_243' title='bbox 3543 1177 3640 1232; x_wconf 87' lang='lat' dir='ltr'><strong>pro</strong></span> 
     </span>
    </p>
   </div>
   <div class='ocr_carea' id='block_1_34' title="bbox 2055 1256 3638 1325">
    <p class='ocr_par' dir='ltr' id='par_1_34' title="bbox 2055 1256 3638 1325">
     <span class='ocr_line' id='line_1_34' title="bbox 2055 1256 3638 1325; baseline 0.001 -16"><span class='ocrx_word' id='word_1_244' title='bbox 2055 1256 2225 1310; x_wconf 90' lang='lat' dir='ltr'><strong>salute</strong></span> <span class='ocrx_word' id='word_1_245' title='bbox 2252 1265 2431 1310; x_wconf 89' lang='lat' dir='ltr'><strong>nostra</strong></span> <span class='ocrx_word' id='word_1_246' title='bbox 2463 1257 2588 1311; x_wconf 90' lang='lat' dir='ltr'><strong>facit</strong></span> <span class='ocrx_word' id='word_1_247' title='bbox 2615 1271 2678 1311; x_wconf 87' lang='lat' dir='ltr'><strong>ac</strong></span> <span class='ocrx_word' id='word_1_248' title='bbox 2706 1256 2979 1325; x_wconf 89' lang='lat' dir='ltr'><strong>disponit,</strong></span> <span class='ocrx_word' id='word_1_249' title='bbox 3009 1272 3105 1311; x_wconf 91' lang='lat' dir='ltr'><strong>cur</strong></span> <span class='ocrx_word' id='word_1_250' title='bbox 3135 1272 3239 1310; x_wconf 91' lang='lat' dir='ltr'><strong>non</strong></span> <span class='ocrx_word' id='word_1_251' title='bbox 3275 1272 3394 1310; x_wconf 90' lang='lat' dir='ltr'><strong>eum</strong></span> <span class='ocrx_word' id='word_1_252' title='bbox 3423 1257 3638 1311; x_wconf 82' lang='lat' dir='ltr'><strong>sivisset</strong></span> 
     </span>
    </p>
   </div>
   <div class='ocr_carea' id='block_1_35' title="bbox 2056 1347 3642 1417">
    <p class='ocr_par' dir='ltr' id='par_1_35' title="bbox 2056 1347 3642 1417">
     <span class='ocr_line' id='line_1_35' title="bbox 2056 1347 3642 1417; baseline 0 -17"><span class='ocrx_word' id='word_1_253' title='bbox 2056 1348 2234 1402; x_wconf 86' lang='lat' dir='ltr'><strong>vivere</strong></span> <span class='ocrx_word' id='word_1_254' title='bbox 2259 1347 2348 1416; x_wconf 92' lang='lat' dir='ltr'><strong>qui</strong></span> <span class='ocrx_word' id='word_1_255' title='bbox 2378 1348 2665 1417; x_wconf 88' lang='lat' dir='ltr'><strong>aliquando</strong></span> <span class='ocrx_word' id='word_1_256' title='bbox 2696 1349 2815 1402; x_wconf 86' lang='lat' dir='ltr'><strong>talis</strong></span> <span class='ocrx_word' id='word_1_257' title='bbox 2844 1348 3050 1402; x_wconf 90' lang='lat' dir='ltr'><strong>futurus</strong></span> <span class='ocrx_word' id='word_1_258' title='bbox 3088 1358 3250 1411; x_wconf 88' lang='lat' dir='ltr'><strong>esset,</strong></span> <span class='ocrx_word' id='word_1_259' title='bbox 3282 1358 3338 1401; x_wconf 89' lang='lat' dir='ltr'><strong>ut</strong></span> <span class='ocrx_word' id='word_1_260' title='bbox 3367 1348 3642 1417; x_wconf 77' lang='lat' dir='ltr'><strong>placeret?</strong></span> 
     </span>
    </p>
   </div>
   <div class='ocr_carea' id='block_1_36' title="bbox 2057 1439 3642 1508">
    <p class='ocr_par' dir='ltr' id='par_1_36' title="bbox 2057 1439 3642 1508">
     <span class='ocr_line' id='line_1_36' title="bbox 2057 1439 3642 1508; baseline 0 -15"><span class='ocrx_word' id='word_1_261' title='bbox 2057 1440 2101 1493; x_wconf 91' lang='lat' dir='ltr'><strong>si</strong></span> <span class='ocrx_word' id='word_1_262' title='bbox 2141 1439 2269 1492; x_wconf 89' lang='lat' dir='ltr'><strong>sinit</strong></span> <span class='ocrx_word' id='word_1_263' title='bbox 2297 1453 2389 1492; x_wconf 90' lang='lat' dir='ltr'><strong>eos</strong></span> <span class='ocrx_word' id='word_1_264' title='bbox 2418 1439 2507 1508; x_wconf 93' lang='lat' dir='ltr'><strong>qui</strong></span> <span class='ocrx_word' id='word_1_265' title='bbox 2551 1455 2657 1493; x_wconf 90' lang='lat' dir='ltr'><strong>non</strong></span> <span class='ocrx_word' id='word_1_266' title='bbox 2703 1449 3120 1504; x_wconf 84' lang='lat' dir='ltr'><strong>convertuntur,</strong></span> <span class='ocrx_word' id='word_1_267' title='bbox 3155 1440 3323 1493; x_wconf 90' lang='lat' dir='ltr'><strong>multo</strong></span> <span class='ocrx_word' id='word_1_268' title='bbox 3354 1440 3521 1508; x_wconf 81' lang='lat' dir='ltr'><strong>magis</strong></span> <span class='ocrx_word' id='word_1_269' title='bbox 3547 1454 3642 1493; x_wconf 85' lang='lat' dir='ltr'><strong>eos</strong></span> 
     </span>
    </p>
   </div>
   <div class='ocr_carea' id='block_1_37' title="bbox 2057 1531 3644 1604">
    <p class='ocr_par' dir='ltr' id='par_1_37' title="bbox 2057 1531 3644 1604">
     <span class='ocr_line' id='line_1_37' title="bbox 2057 1531 3644 1604; baseline 0.003 -22"><span class='ocrx_word' id='word_1_270' title='bbox 2057 1531 2144 1600; x_wconf 92' lang='lat' dir='ltr'><strong>qui</strong></span> <span class='ocrx_word' id='word_1_271' title='bbox 2172 1541 2578 1587; x_wconf 88' lang='lat' dir='ltr'><strong>convertuntur.</strong></span> <span class='ocrx_word' id='word_1_272' title='bbox 2610 1532 2858 1603; x_wconf 89' lang='lat' dir='ltr'><strong>Undique</strong></span> <span class='ocrx_word' id='word_1_273' title='bbox 2899 1533 3060 1604; x_wconf 89' lang='lat' dir='ltr'><strong>igitur</strong></span> <span class='ocrx_word' id='word_1_274' title='bbox 3087 1535 3256 1589; x_wconf 88' lang='lat' dir='ltr'><strong>fletus.</strong></span> <span class='ocrx_word' id='word_1_275' title='bbox 3273 1533 3424 1588; x_wconf 91' lang='lat' dir='ltr'><strong>nobis</strong></span> <span class='ocrx_word' id='word_1_276' title='bbox 3452 1550 3644 1602; x_wconf 83' lang='lat' dir='ltr'><strong>ampu-</strong></span> 
     </span>
    </p>
   </div>
   <div class='ocr_carea' id='block_1_38' title="bbox 2059 1623 3644 1694">
    <p class='ocr_par' dir='ltr' id='par_1_38' title="bbox 2059 1623 3644 1694">
     <span class='ocr_line' id='line_1_38' title="bbox 2059 1623 3644 1694; baseline 0.003 -19"><span class='ocrx_word' id='word_1_277' title='bbox 2059 1630 2199 1676; x_wconf 90' lang='lat' dir='ltr'><strong>tatus</strong></span> <span class='ocrx_word' id='word_1_278' title='bbox 2225 1623 2313 1687; x_wconf 90' lang='lat' dir='ltr'><strong>sit,</strong></span> <span class='ocrx_word' id='word_1_279' title='bbox 2345 1624 2577 1693; x_wconf 88' lang='lat' dir='ltr'><strong>undique</strong></span> <span class='ocrx_word' id='word_1_280' title='bbox 2607 1624 2835 1679; x_wconf 87' lang='lat' dir='ltr'><strong>lamenta</strong></span> <span class='ocrx_word' id='word_1_281' title='bbox 2863 1626 3069 1680; x_wconf 88' lang='lat' dir='ltr'><strong>sublata</strong></span> <span class='ocrx_word' id='word_1_282' title='bbox 3098 1643 3115 1681; x_wconf 91' lang='lat'><strong>:</strong></span> <span class='ocrx_word' id='word_1_283' title='bbox 3142 1640 3491 1694; x_wconf 63' lang='lat' dir='ltr'><strong>quascumque</strong></span> <span class='ocrx_word' id='word_1_284' title='bbox 3520 1641 3644 1679; x_wconf 84' lang='lat' dir='ltr'><strong>eve-</strong></span> 
     </span>
    </p>
   </div>
   <div class='ocr_carea' id='block_1_39' title="bbox 2059 1716 3644 1788">
    <p class='ocr_par' dir='ltr' id='par_1_39' title="bbox 2059 1716 3644 1788">
     <span class='ocr_line' id='line_1_39' title="bbox 2059 1716 3644 1788; baseline 0.002 -19"><span class='ocrx_word' id='word_1_285' title='bbox 2059 1716 2241 1781; x_wconf 88' lang='lat' dir='ltr'><strong>niant,</strong></span> <span class='ocrx_word' id='word_1_286' title='bbox 2273 1717 2340 1771; x_wconf 93' lang='lat' dir='ltr'><strong>de</strong></span> <span class='ocrx_word' id='word_1_287' title='bbox 2374 1718 2624 1771; x_wconf 90' lang='lat' dir='ltr'><strong>omnibus</strong></span> <span class='ocrx_word' id='word_1_288' title='bbox 2667 1719 2864 1787; x_wconf 85' lang='lat' dir='ltr'><strong>gratias</strong></span> <span class='ocrx_word' id='word_1_289' title='bbox 2892 1734 3111 1788; x_wconf 86' lang='lat' dir='ltr'><strong>agamus</strong></span> <span class='ocrx_word' id='word_1_290' title='bbox 3144 1719 3285 1780; x_wconf 89' lang='lat' dir='ltr'><strong>Deo,</strong></span> <span class='ocrx_word' id='word_1_291' title='bbox 3319 1719 3497 1772; x_wconf 86' lang='lat' dir='ltr'><strong>omnia</strong></span> <span class='ocrx_word' id='word_1_292' title='bbox 3527 1718 3644 1772; x_wconf 86' lang='lat' dir='ltr'><strong>sine</strong></span> 
     </span>
    </p>
   </div>
   <div class='ocr_carea' id='block_1_40' title="bbox 2059 1808 3642 1878">
    <p class='ocr_par' dir='ltr' id='par_1_40' title="bbox 2059 1808 3642 1878">
     <span class='ocr_line' id='line_1_40' title="bbox 2059 1808 3642 1878; baseline 0 -18"><span class='ocrx_word' id='word_1_293' title='bbox 2059 1809 2567 1862; x_wconf 90' lang='lat' dir='ltr'><strong>murmurationibus</strong></span> <span class='ocrx_word' id='word_1_294' title='bbox 2609 1808 2865 1862; x_wconf 81' lang='lat' dir='ltr'><strong>faciamus</strong></span> <span class='ocrx_word' id='word_1_295' title='bbox 2897 1827 2908 1860; x_wconf 93' lang='lat'><strong>:</strong></span> <span class='ocrx_word' id='word_1_296' title='bbox 2941 1810 3182 1862; x_wconf 83' lang='lat' dir='ltr'><strong>laetemur</strong></span> <span class='ocrx_word' id='word_1_297' title='bbox 3215 1827 3227 1862; x_wconf 92' lang='lat'>:</span> <span class='ocrx_word' id='word_1_298' title='bbox 3257 1819 3414 1878; x_wconf 89' lang='lat' dir='ltr'><strong>atque</strong></span> <span class='ocrx_word' id='word_1_299' title='bbox 3443 1810 3494 1862; x_wconf 92' lang='lat' dir='ltr'><strong>in</strong></span> <span class='ocrx_word' id='word_1_300' title='bbox 3522 1824 3642 1860; x_wconf 88' lang='lat' dir='ltr'><strong>om-</strong></span> 
     </span>
    </p>
   </div>
   <div class='ocr_carea' id='block_1_41' title="bbox 2059 1899 3646 1969">
    <p class='ocr_par' dir='ltr' id='par_1_41' title="bbox 2059 1899 3646 1969">
     <span class='ocr_line' id='line_1_41' title="bbox 2059 1899 3646 1969; baseline 0.001 -16"><span class='ocrx_word' id='word_1_301' title='bbox 2059 1900 2214 1953; x_wconf 89' lang='lat' dir='ltr'><strong>nibus</strong></span> <span class='ocrx_word' id='word_1_302' title='bbox 2259 1899 2330 1952; x_wconf 92' lang='lat' dir='ltr'><strong>illi</strong></span> <span class='ocrx_word' id='word_1_303' title='bbox 2384 1900 2719 1968; x_wconf 86' lang='lat' dir='ltr'><strong>placeamus,</strong></span> <span class='ocrx_word' id='word_1_304' title='bbox 2749 1910 2806 1954; x_wconf 93' lang='lat' dir='ltr'><strong>ut</strong></span> <span class='ocrx_word' id='word_1_305' title='bbox 2849 1900 3023 1954; x_wconf 90' lang='lat' dir='ltr'><strong>futura</strong></span> <span class='ocrx_word' id='word_1_306' title='bbox 3069 1903 3226 1955; x_wconf 91' lang='lat' dir='ltr'><strong>etiam</strong></span> <span class='ocrx_word' id='word_1_307' title='bbox 3255 1916 3646 1969; x_wconf 86' lang='lat' dir='ltr'><strong>consequamur</strong></span> 
     </span>
    </p>
   </div>
   <div class='ocr_carea' id='block_1_42' title="bbox 2061 1987 3647 2061">
    <p class='ocr_par' dir='ltr' id='par_1_42' title="bbox 2061 1987 3647 2061">
     <span class='ocr_line' id='line_1_42' title="bbox 2061 1987 3647 2061; baseline 0.003 -21"><span class='ocrx_word' id='word_1_308' title='bbox 2061 1987 2196 2042; x_wconf 89' lang='lat' dir='ltr'><strong>bona</strong></span> <span class='ocrx_word' id='word_1_309' title='bbox 2225 2031 2238 2054; x_wconf 94' lang='lat'><strong>,</strong></span> <span class='ocrx_word' id='word_1_310' title='bbox 2267 1990 2435 2059; x_wconf 88' lang='lat' dir='ltr'><strong>gratia</strong></span> <span class='ocrx_word' id='word_1_311' title='bbox 2465 1999 2519 2044; x_wconf 83' lang='lat' dir='ltr'><strong>et</strong></span> <span class='ocrx_word' id='word_1_312' title='bbox 2545 1991 2870 2061; x_wconf 82' lang='lat' dir='ltr'><strong>benignitate</strong></span> <span class='ocrx_word' id='word_1_313' title='bbox 2900 1991 3109 2046; x_wconf 87' lang='lat' dir='ltr'><strong>Domini</strong></span> <span class='ocrx_word' id='word_1_314' title='bbox 3142 1992 3308 2046; x_wconf 82' lang='lat' dir='ltr'><strong>nostri</strong></span> <span class='ocrx_word' id='word_1_315' title='bbox 3339 1992 3465 2046; x_wconf 87' lang='lat' dir='ltr'><strong>Jesu</strong></span> <span class='ocrx_word' id='word_1_316' title='bbox 3494 1991 3647 2045; x_wconf 85' lang='lat' dir='ltr'><strong>Chri-</strong></span> 
     </span>
    </p>
   </div>
   <div class='ocr_carea' id='block_1_43' title="bbox 2060 2082 3644 2154">
    <p class='ocr_par' dir='ltr' id='par_1_43' title="bbox 2060 2082 3644 2154">
     <span class='ocr_line' id='line_1_43' title="bbox 2060 2082 3644 2154; baseline -0.001 -19"><span class='ocrx_word' id='word_1_317' title='bbox 2060 2082 2162 2144; x_wconf 92' lang='lat' dir='ltr'><strong>sti,</strong></span> <span class='ocrx_word' id='word_1_318' title='bbox 2191 2098 2310 2136; x_wconf 89' lang='lat' dir='ltr'><strong>cum</strong></span> <span class='ocrx_word' id='word_1_319' title='bbox 2341 2098 2446 2152; x_wconf 94' lang='lat' dir='ltr'><strong>quo</strong></span> <span class='ocrx_word' id='word_1_320' title='bbox 2473 2084 2650 2149; x_wconf 87' lang='lat' dir='ltr'><strong>Patri,</strong></span> <span class='ocrx_word' id='word_1_321' title='bbox 2685 2084 2951 2154; x_wconf 86' lang='lat' dir='ltr'><strong>simulque</strong></span> <span class='ocrx_word' id='word_1_322' title='bbox 2979 2093 3164 2138; x_wconf 87' lang='lat' dir='ltr'><strong>sancto</strong></span> <span class='ocrx_word' id='word_1_323' title='bbox 3191 2082 3407 2152; x_wconf 90' lang='lat' dir='ltr'><strong>Spiritui</strong></span> <span class='ocrx_word' id='word_1_324' title='bbox 3438 2082 3604 2151; x_wconf 87' lang='lat' dir='ltr'><strong>gloria</strong></span> <span class='ocrx_word' id='word_1_325' title='bbox 3628 2122 3644 2144; x_wconf 89' lang='lat'><strong>,</strong></span> 
     </span>
    </p>
   </div>
   <div class='ocr_carea' id='block_1_44' title="bbox 2063 2175 3643 2246">
    <p class='ocr_par' dir='ltr' id='par_1_44' title="bbox 2063 2175 3643 2246">
     <span class='ocr_line' id='line_1_44' title="bbox 2063 2175 3643 2246; baseline 0.002 -21"><span class='ocrx_word' id='word_1_326' title='bbox 2063 2182 2318 2243; x_wconf 85' lang='lat' dir='ltr'><strong>potestas,</strong></span> <span class='ocrx_word' id='word_1_327' title='bbox 2351 2175 2542 2243; x_wconf 92' lang='lat' dir='ltr'><strong>honor,</strong></span> <span class='ocrx_word' id='word_1_328' title='bbox 2572 2191 2714 2231; x_wconf 92' lang='lat' dir='ltr'><strong>nunc</strong></span> <span class='ocrx_word' id='word_1_329' title='bbox 2739 2186 2794 2231; x_wconf 89' lang='lat' dir='ltr'><strong>et</strong></span> <span class='ocrx_word' id='word_1_330' title='bbox 2821 2191 3054 2246; x_wconf 85' lang='lat' dir='ltr'><strong>semper,</strong></span> <span class='ocrx_word' id='word_1_331' title='bbox 3084 2185 3139 2231; x_wconf 88' lang='lat' dir='ltr'><strong>et</strong></span> <span class='ocrx_word' id='word_1_332' title='bbox 3167 2176 3220 2230; x_wconf 93' lang='lat' dir='ltr'><strong>in</strong></span> <span class='ocrx_word' id='word_1_333' title='bbox 3245 2177 3440 2230; x_wconf 70' lang='lat' dir='ltr'><strong>sarcula</strong></span> <span class='ocrx_word' id='word_1_334' title='bbox 3473 2189 3643 2230; x_wconf 86' lang='lat' dir='ltr'><strong>s:ccu-</strong></span> 
     </span>
    </p>
   </div>
   <div class='ocr_carea' id='block_1_45' title="bbox 2064 2267 2472 2322">
    <p class='ocr_par' dir='ltr' id='par_1_45' title="bbox 2064 2267 2472 2322">
     <span class='ocr_line' id='line_1_45' title="bbox 2064 2267 2472 2322; baseline 0.007 -3"><span class='ocrx_word' id='word_1_335' title='bbox 2064 2267 2255 2321; x_wconf 85' lang='lat' dir='ltr'><strong>lorum.</strong></span> <span class='ocrx_word' id='word_1_336' title='bbox 2279 2269 2472 2322; x_wconf 81' lang='lat' dir='ltr'><strong>Amen.</strong></span> 
     </span>
    </p>
   </div>
   <div class='ocr_carea' id='block_1_46' title="bbox 1722 2511 2224 2579">
    <p class='ocr_par' dir='ltr' id='par_1_46' title="bbox 1722 2511 2224 2579">
     <span class='ocr_line' id='line_1_46' title="bbox 1722 2511 2224 2579; baseline 0.01 -7"><span class='ocrx_word' id='word_1_337' title='bbox 1722 2511 2064 2578; x_wconf 87' lang='lat' dir='ltr'><strong>HOMILIA</strong></span> <span class='ocrx_word' id='word_1_338' title='bbox 2110 2519 2224 2579; x_wconf 80' lang='lat' dir='ltr'><strong>IX.</strong></span> 
     </span>
    </p>
   </div>
   <div class='ocr_carea' id='block_1_47' title="bbox 374 2649 1955 2720">
    <p class='ocr_par' dir='ltr' id='par_1_47' title="bbox 374 2649 1955 2720">
     <span class='ocr_line' id='line_1_47' title="bbox 374 2649 1955 2720; baseline 0.005 -16"><span class='ocrx_word' id='word_1_339' title='bbox 374 2649 504 2705; x_wconf 72' lang='lat' dir='ltr'><strong>CAP.</strong></span> <span class='ocrx_word' id='word_1_340' title='bbox 527 2650 580 2704; x_wconf 77' lang='lat'><strong>2.</strong></span> <span class='ocrx_word' id='word_1_341' title='bbox 607 2665 659 2703; x_wconf 93' lang='lat' dir='ltr'><strong>v.</strong></span> <span class='ocrx_word' id='word_1_342' title='bbox 684 2651 772 2706; x_wconf 84' lang='grc'><strong>19.</strong></span> <span class='ocrx_word' id='word_1_343' title='bbox 796 2651 959 2720; x_wconf 89' lang='lat' dir='ltr'><strong>Spero</strong></span> <span class='ocrx_word' id='word_1_344' title='bbox 981 2661 1146 2705; x_wconf 88' lang='lat' dir='ltr'><strong>autem</strong></span> <span class='ocrx_word' id='word_1_345' title='bbox 1174 2653 1225 2705; x_wconf 89' lang='lat' dir='ltr'><strong>in</strong></span> <span class='ocrx_word' id='word_1_346' title='bbox 1254 2651 1470 2706; x_wconf 88' lang='lat' dir='ltr'><strong>Domino</strong></span> <span class='ocrx_word' id='word_1_347' title='bbox 1491 2653 1522 2705; x_wconf 85' lang='lat' dir='ltr'><strong><em>J</em></strong></span> <span class='ocrx_word' id='word_1_348' title='bbox 1531 2670 1614 2707; x_wconf 86' lang='lat' dir='ltr'><strong>esu</strong></span> <span class='ocrx_word' id='word_1_349' title='bbox 1639 2654 1955 2712; x_wconf 88' lang='lat' dir='ltr'><strong>Timotheum</strong></span> 
     </span>
    </p>
   </div>
   <div class='ocr_carea' id='block_1_48' title="bbox 449 2745 1954 2818">
    <p class='ocr_par' dir='ltr' id='par_1_48' title="bbox 449 2745 1954 2818">
     <span class='ocr_line' id='line_1_48' title="bbox 449 2745 1954 2818; baseline 0.003 -22"><span class='ocrx_word' id='word_1_350' title='bbox 449 2759 526 2796; x_wconf 88' lang='lat' dir='ltr'><strong>me</strong></span> <span class='ocrx_word' id='word_1_351' title='bbox 554 2745 651 2796; x_wconf 86' lang='lat' dir='ltr'><strong>cito</strong></span> <span class='ocrx_word' id='word_1_352' title='bbox 691 2745 886 2797; x_wconf 78' lang='lat' dir='ltr'><strong>mittere</strong></span> <span class='ocrx_word' id='word_1_353' title='bbox 921 2745 987 2798; x_wconf 86' lang='lat' dir='ltr'><strong>ad</strong></span> <span class='ocrx_word' id='word_1_354' title='bbox 1023 2761 1110 2798; x_wconf 88' lang='lat' dir='ltr'><strong>vos</strong></span> <span class='ocrx_word' id='word_1_355' title='bbox 1133 2787 1148 2810; x_wconf 94' lang='lat'><strong>,</strong></span> <span class='ocrx_word' id='word_1_356' title='bbox 1181 2755 1236 2797; x_wconf 91' lang='lat' dir='ltr'><strong>ut</strong></span> <span class='ocrx_word' id='word_1_357' title='bbox 1269 2757 1314 2797; x_wconf 90' lang='lat' dir='ltr'><strong>et</strong></span> <span class='ocrx_word' id='word_1_358' title='bbox 1343 2762 1434 2814; x_wconf 88' lang='lat' dir='ltr'><strong>ego</strong></span> <span class='ocrx_word' id='word_1_359' title='bbox 1463 2746 1590 2799; x_wconf 86' lang='lat' dir='ltr'><strong>bono</strong></span> <span class='ocrx_word' id='word_1_360' title='bbox 1619 2748 1789 2801; x_wconf 84' lang='lat' dir='ltr'><strong>animo</strong></span> <span class='ocrx_word' id='word_1_361' title='bbox 1821 2751 1916 2801; x_wconf 83' lang='lat' dir='ltr'><strong>sint</strong></span> <span class='ocrx_word' id='word_1_362' title='bbox 1935 2789 1954 2818; x_wconf 84' lang='lat'><strong>,</strong></span> 
     </span>
    </p>
   </div>
   <div class='ocr_carea' id='block_1_49' title="bbox 447 2835 1960 2906">
    <p class='ocr_par' dir='ltr' id='par_1_49' title="bbox 447 2835 1960 2906">
     <span class='ocr_line' id='line_1_49' title="bbox 447 2835 1960 2906; baseline 0.003 -18"><span class='ocrx_word' id='word_1_363' title='bbox 447 2835 662 2904; x_wconf 87' lang='lat' dir='ltr'><strong>cognitis</strong></span> <span class='ocrx_word' id='word_1_364' title='bbox 692 2851 804 2906; x_wconf 66' lang='lat' dir='ltr'><strong>quia</strong></span> <span class='ocrx_word' id='word_1_365' title='bbox 828 2836 962 2888; x_wconf 85' lang='lat' dir='ltr'><strong>circa</strong></span> <span class='ocrx_word' id='word_1_366' title='bbox 991 2850 1077 2889; x_wconf 88' lang='lat' dir='ltr'><strong>vos</strong></span> <span class='ocrx_word' id='word_1_367' title='bbox 1117 2845 1254 2889; x_wconf 87' lang='lat' dir='ltr'><strong>sunt.</strong></span> <span class='ocrx_word' id='word_1_368' title='bbox 1285 2836 1372 2890; x_wconf 75' lang='lat'><strong>9.0.</strong></span> <span class='ocrx_word' id='word_1_369' title='bbox 1404 2835 1674 2891; x_wconf 84' lang='lat' dir='ltr'><strong>Neminem</strong></span> <span class='ocrx_word' id='word_1_370' title='bbox 1699 2840 1831 2892; x_wconf 89' lang='lat' dir='ltr'><strong>enim</strong></span> <span class='ocrx_word' id='word_1_371' title='bbox 1871 2844 1960 2893; x_wconf 84' lang='lat' dir='ltr'><strong>ha-</strong></span> 
     </span>
    </p>
   </div>
   <div class='ocr_carea' id='block_1_50' title="bbox 450 2927 1956 2997">
    <p class='ocr_par' dir='ltr' id='par_1_50' title="bbox 450 2927 1956 2997">
     <span class='ocr_line' id='line_1_50' title="bbox 450 2927 1956 2997; baseline 0.003 -18"><span class='ocrx_word' id='word_1_372' title='bbox 450 2927 536 2979; x_wconf 92' lang='lat' dir='ltr'><strong>beo</strong></span> <span class='ocrx_word' id='word_1_373' title='bbox 564 2937 667 2979; x_wconf 84' lang='lat' dir='ltr'><strong>tant</strong></span> <span class='ocrx_word' id='word_1_374' title='bbox 703 2928 1022 2991; x_wconf 88' lang='lat' dir='ltr'><strong>unanintem,</strong></span> <span class='ocrx_word' id='word_1_375' title='bbox 1054 2929 1138 2996; x_wconf 92' lang='lat' dir='ltr'><strong>qui</strong></span> <span class='ocrx_word' id='word_1_376' title='bbox 1171 2929 1367 2982; x_wconf 81' lang='lat' dir='ltr'><strong>sincera</strong></span> <span class='ocrx_word' id='word_1_377' title='bbox 1404 2927 1668 2990; x_wconf 76' lang='lat' dir='ltr'><strong>a/Tectione</strong></span> <span class='ocrx_word' id='word_1_378' title='bbox 1701 2947 1790 2997; x_wconf 87' lang='lat' dir='ltr'><strong>pro</strong></span> <span class='ocrx_word' id='word_1_379' title='bbox 1818 2931 1956 2984; x_wconf 86' lang='lat' dir='ltr'><strong>vobis</strong></span> 
     </span>
    </p>
   </div>
   <div class='ocr_carea' id='block_1_51' title="bbox 448 3017 1957 3090">
    <p class='ocr_par' dir='ltr' id='par_1_51' title="bbox 448 3017 1957 3090">
     <span class='ocr_line' id='line_1_51' title="bbox 448 3017 1957 3090; baseline 0.003 -20"><span class='ocrx_word' id='word_1_380' title='bbox 448 3018 694 3070; x_wconf 80' lang='lat' dir='ltr'><strong>sollicitus</strong></span> <span class='ocrx_word' id='word_1_381' title='bbox 731 3022 933 3087; x_wconf 83' lang='lat' dir='ltr'><strong>futurus</strong></span> <span class='ocrx_word' id='word_1_382' title='bbox 959 3019 1041 3072; x_wconf 86' lang='lat' dir='ltr'><strong>sit.</strong></span> <span class='ocrx_word' id='word_1_383' title='bbox 1078 3017 1167 3072; x_wconf 72' lang='lat'><strong>21.</strong></span> <span class='ocrx_word' id='word_1_384' title='bbox 1201 3018 1386 3072; x_wconf 89' lang='lat' dir='ltr'><strong>Omnes</strong></span> <span class='ocrx_word' id='word_1_385' title='bbox 1412 3020 1543 3073; x_wconf 88' lang='lat' dir='ltr'><strong>enim</strong></span> <span class='ocrx_word' id='word_1_386' title='bbox 1580 3037 1693 3090; x_wconf 77' lang='lat' dir='ltr'><strong>qua:</strong></span> <span class='ocrx_word' id='word_1_387' title='bbox 1719 3037 1813 3074; x_wconf 86' lang='lat' dir='ltr'><strong>sua</strong></span> <span class='ocrx_word' id='word_1_388' title='bbox 1841 3031 1957 3075; x_wconf 85' lang='lat' dir='ltr'><strong>sunt</strong></span> 
     </span>
    </p>
   </div>
   <div class='ocr_carea' id='block_1_52' title="bbox 448 3111 1490 3181">
    <p class='ocr_par' dir='ltr' id='par_1_52' title="bbox 448 3111 1490 3181">
     <span class='ocr_line' id='line_1_52' title="bbox 448 3111 1490 3181; baseline 0.003 -17"><span class='ocrx_word' id='word_1_389' title='bbox 448 3121 697 3181; x_wconf 69' lang='lat' dir='ltr'><strong>quaerunt,</strong></span> <span class='ocrx_word' id='word_1_390' title='bbox 727 3128 826 3165; x_wconf 90' lang='lat' dir='ltr'><strong>non</strong></span> <span class='ocrx_word' id='word_1_391' title='bbox 855 3127 966 3181; x_wconf 68' lang='lat' dir='ltr'><strong>qua:</strong></span> <span class='ocrx_word' id='word_1_392' title='bbox 990 3121 1105 3165; x_wconf 85' lang='lat' dir='ltr'><strong>sunt</strong></span> <span class='ocrx_word' id='word_1_393' title='bbox 1130 3112 1254 3166; x_wconf 82' lang='lat' dir='ltr'><strong>Jesu</strong></span> <span class='ocrx_word' id='word_1_394' title='bbox 1285 3111 1490 3167; x_wconf 80' lang='lat' dir='ltr'><strong>Christi.</strong></span> 
     </span>
    </p>
   </div>
   <div class='ocr_carea' id='block_1_53' title="bbox 452 3204 1955 3276">
    <p class='ocr_par' dir='ltr' id='par_1_53' title="bbox 452 3204 1955 3276">
     <span class='ocr_line' id='line_1_53' title="bbox 452 3204 1955 3276; baseline 0 -16"><span class='ocrx_word' id='word_1_395' title='bbox 452 3206 504 3260; x_wconf 92' lang='grc'><strong>1.</strong></span> <span class='ocrx_word' id='word_1_396' title='bbox 541 3205 682 3259; x_wconf 81' lang='lat' dir='ltr'><strong>Dixit</strong></span> <span class='ocrx_word' id='word_1_397' title='bbox 710 3221 828 3272; x_wconf 71' lang='lat' dir='ltr'><strong>qua:</strong></span> <span class='ocrx_word' id='word_1_398' title='bbox 867 3205 967 3258; x_wconf 90' lang='lat' dir='ltr'><strong>sibi</strong></span> <span class='ocrx_word' id='word_1_399' title='bbox 995 3215 1284 3259; x_wconf 91' lang='lat' dir='ltr'><strong>evenerant</strong></span> <span class='ocrx_word' id='word_1_400' title='bbox 1309 3204 1375 3258; x_wconf 89' lang='lat' dir='ltr'><strong>ad</strong></span> <span class='ocrx_word' id='word_1_401' title='bbox 1405 3206 1662 3276; x_wconf 79' lang='lat' dir='ltr'><strong>evangelii</strong></span> <span class='ocrx_word' id='word_1_402' title='bbox 1707 3221 1955 3275; x_wconf 85' lang='lat' dir='ltr'><strong>progres-</strong></span> 
     </span>
    </p>
   </div>
   <div class='ocr_carea' id='block_1_54' title="bbox 382 3296 1962 3368">
    <p class='ocr_par' dir='ltr' id='par_1_54' title="bbox 382 3296 1962 3368">
     <span class='ocr_line' id='line_1_54' title="bbox 382 3296 1962 3368; baseline 0.001 -17"><span class='ocrx_word' id='word_1_403' title='bbox 382 3312 498 3351; x_wconf 87' lang='lat' dir='ltr'><strong>sum</strong></span> <span class='ocrx_word' id='word_1_404' title='bbox 525 3296 845 3352; x_wconf 87' lang='lat' dir='ltr'><strong>conduxisse</strong></span> <span class='ocrx_word' id='word_1_405' title='bbox 865 3337 880 3362; x_wconf 94' lang='lat'><strong>,</strong></span> <span class='ocrx_word' id='word_1_406' title='bbox 913 3297 999 3350; x_wconf 88' lang='lat' dir='ltr'><strong>Ita</strong></span> <span class='ocrx_word' id='word_1_407' title='bbox 1023 3306 1076 3349; x_wconf 90' lang='lat' dir='ltr'><strong>ut</strong></span> <span class='ocrx_word' id='word_1_408' title='bbox 1104 3298 1302 3350; x_wconf 82' lang='lat' dir='ltr'><strong>vincula</strong></span> <span class='ocrx_word' id='word_1_409' title='bbox 1341 3314 1449 3350; x_wconf 87' lang='lat' dir='ltr'><strong>mea</strong></span> <span class='ocrx_word' id='word_1_410' title='bbox 1479 3300 1747 3368; x_wconf 74' lang='lat' dir='ltr'><strong>manifesta</strong></span> <span class='ocrx_word' id='word_1_411' title='bbox 1787 3302 1962 3367; x_wconf 83' lang='lat' dir='ltr'><strong>ﬁerent</strong></span> 
     </span>
    </p>
   </div>
   <div class='ocr_carea' id='block_1_55' title="bbox 382 3387 1962 3459">
    <p class='ocr_par' dir='ltr' id='par_1_55' title="bbox 382 3387 1962 3459">
     <span class='ocr_line' id='line_1_55' title="bbox 382 3387 1962 3459; baseline 0.001 -17"><span class='ocrx_word' id='word_1_412' title='bbox 382 3389 437 3442; x_wconf 87' lang='lat' dir='ltr'><strong>in</strong></span> <span class='ocrx_word' id='word_1_413' title='bbox 473 3389 610 3442; x_wconf 89' lang='lat' dir='ltr'><strong>omni</strong></span> <span class='ocrx_word' id='word_1_414' title='bbox 649 3389 883 3458; x_wconf 76' lang='lat' dir='ltr'><strong>prwtorio</strong></span> <span class='ocrx_word' id='word_1_415' title='bbox 922 3387 1199 3459; x_wconf 81' lang='lat' dir='ltr'><strong>(Philipp.</strong></span> <span class='ocrx_word' id='word_1_416' title='bbox 1233 3389 1283 3443; x_wconf 90' lang='grc'><strong>1.</strong></span> <span class='ocrx_word' id='word_1_417' title='bbox 1321 3390 1426 3457; x_wconf 81' lang='grc'>15)</span> <span class='ocrx_word' id='word_1_418' title='bbox 1458 3408 1468 3443; x_wconf 95' lang='lat'><strong>:</strong></span> <span class='ocrx_word' id='word_1_419' title='bbox 1497 3389 1665 3455; x_wconf 87' lang='lat' dir='ltr'><strong>dixit,</strong></span> <span class='ocrx_word' id='word_1_420' title='bbox 1711 3390 1816 3444; x_wconf 86' lang='lat' dir='ltr'><strong>Sed</strong></span> <span class='ocrx_word' id='word_1_421' title='bbox 1849 3392 1962 3444; x_wconf 78' lang='lat' dir='ltr'><strong>etsi</strong></span> 
     </span>
    </p>
   </div>
   <div class='ocr_carea' id='block_1_56' title="bbox 384 3482 1963 3552">
    <p class='ocr_par' dir='ltr' id='par_1_56' title="bbox 384 3482 1963 3552">
     <span class='ocr_line' id='line_1_56' title="bbox 384 3482 1963 3552; baseline 0 -16"><span class='ocrx_word' id='word_1_422' title='bbox 384 3483 617 3536; x_wconf 84' lang='lat' dir='ltr'><strong>immofor</strong></span> <span class='ocrx_word' id='word_1_423' title='bbox 658 3499 816 3551; x_wconf 88' lang='lat' dir='ltr'><strong>supra</strong></span> <span class='ocrx_word' id='word_1_424' title='bbox 860 3482 1165 3550; x_wconf 80' lang='lat' dir='ltr'><strong>sacriﬁcium</strong></span> <span class='ocrx_word' id='word_1_425' title='bbox 1203 3491 1252 3535; x_wconf 85' lang='lat' dir='ltr'><strong>et</strong></span> <span class='ocrx_word' id='word_1_426' title='bbox 1290 3483 1579 3552; x_wconf 78' lang='lat' dir='ltr'><strong>obsequium</strong></span> <span class='ocrx_word' id='word_1_427' title='bbox 1605 3483 1724 3550; x_wconf 81' lang='lat' dir='ltr'><strong>ﬁdei</strong></span> <span class='ocrx_word' id='word_1_428' title='bbox 1749 3493 1963 3547; x_wconf 62' lang='lat' dir='ltr'><strong>vestrae;</strong></span> 
     </span>
    </p>
   </div>
   <div class='ocr_carea' id='block_1_57' title="bbox 385 3573 1966 3646">
    <p class='ocr_par' dir='ltr' id='par_1_57' title="bbox 385 3573 1966 3646">
     <span class='ocr_line' id='line_1_57' title="bbox 385 3573 1966 3646; baseline -0.001 -16"><span class='ocrx_word' id='word_1_429' title='bbox 385 3575 635 3646; x_wconf 90' lang='lat' dir='ltr'><strong>ipsosque</strong></span> <span class='ocrx_word' id='word_1_430' title='bbox 659 3591 752 3644; x_wconf 91' lang='lat' dir='ltr'><strong>per</strong></span> <span class='ocrx_word' id='word_1_431' title='bbox 774 3574 887 3629; x_wconf 62' lang='lat' dir='ltr'><strong>haec</strong></span> <span class='ocrx_word' id='word_1_432' title='bbox 911 3573 1265 3628; x_wconf 88' lang='lat' dir='ltr'><strong>conﬁrmavit.</strong></span> <span class='ocrx_word' id='word_1_433' title='bbox 1297 3575 1402 3629; x_wconf 90' lang='lat' dir='ltr'><strong>Sed</strong></span> <span class='ocrx_word' id='word_1_434' title='bbox 1428 3575 1565 3629; x_wconf 90' lang='lat' dir='ltr'><strong>forte</strong></span> <span class='ocrx_word' id='word_1_435' title='bbox 1591 3575 1848 3644; x_wconf 90' lang='lat' dir='ltr'><strong>suspicari</strong></span> <span class='ocrx_word' id='word_1_436' title='bbox 1873 3591 1966 3644; x_wconf 85' lang='lat' dir='ltr'><strong>po-</strong></span> 
     </span>
    </p>
   </div>
   <div class='ocr_carea' id='block_1_58' title="bbox 386 3665 1966 3738">
    <p class='ocr_par' dir='ltr' id='par_1_58' title="bbox 386 3665 1966 3738">
     <span class='ocr_line' id='line_1_58' title="bbox 386 3665 1966 3738; baseline -0.003 -15"><span class='ocrx_word' id='word_1_437' title='bbox 386 3676 562 3724; x_wconf 89' lang='lat' dir='ltr'><strong>terant</strong></span> <span class='ocrx_word' id='word_1_438' title='bbox 589 3669 762 3738; x_wconf 91' lang='lat' dir='ltr'><strong>priora</strong></span> <span class='ocrx_word' id='word_1_439' title='bbox 788 3668 888 3721; x_wconf 88' lang='lat' dir='ltr'><strong>ista</strong></span> <span class='ocrx_word' id='word_1_440' title='bbox 913 3665 1295 3722; x_wconf 89' lang='lat' dir='ltr'><strong>consolationis</strong></span> <span class='ocrx_word' id='word_1_441' title='bbox 1316 3681 1472 3720; x_wconf 88' lang='lat' dir='ltr'><strong>causa</strong></span> <span class='ocrx_word' id='word_1_442' title='bbox 1505 3681 1624 3721; x_wconf 90' lang='lat' dir='ltr'><strong>esse</strong></span> <span class='ocrx_word' id='word_1_443' title='bbox 1645 3667 1804 3721; x_wconf 90' lang='lat' dir='ltr'><strong>dicta.</strong></span> <span class='ocrx_word' id='word_1_444' title='bbox 1830 3665 1966 3733; x_wconf 84' lang='lat' dir='ltr'><strong>Quid</strong></span> 
     </span>
    </p>
   </div>
   <div class='ocr_carea' id='block_1_59' title="bbox 389 3759 1967 3832">
    <p class='ocr_par' dir='ltr' id='par_1_59' title="bbox 389 3759 1967 3832">
     <span class='ocr_line' id='line_1_59' title="bbox 389 3759 1967 3832; baseline -0.003 -15"><span class='ocrx_word' id='word_1_445' title='bbox 389 3764 546 3832; x_wconf 84' lang='lat' dir='ltr'><strong>igitur</strong></span> <span class='ocrx_word' id='word_1_446' title='bbox 576 3762 698 3816; x_wconf 90' lang='lat' dir='ltr'><strong>facit</strong></span> <span class='ocrx_word' id='word_1_447' title='bbox 717 3803 732 3826; x_wconf 94' lang='lat'><strong>,</strong></span> <span class='ocrx_word' id='word_1_448' title='bbox 765 3770 818 3815; x_wconf 91' lang='lat' dir='ltr'><strong>et</strong></span> <span class='ocrx_word' id='word_1_449' title='bbox 843 3759 1113 3830; x_wconf 92' lang='lat' dir='ltr'><strong>quomodo</strong></span> <span class='ocrx_word' id='word_1_450' title='bbox 1142 3759 1496 3829; x_wconf 90' lang='lat' dir='ltr'><strong>suspicionem</strong></span> <span class='ocrx_word' id='word_1_451' title='bbox 1536 3759 1762 3814; x_wconf 81' lang='lat' dir='ltr'><strong>adimit?</strong></span> <span class='ocrx_word' id='word_1_452' title='bbox 1786 3759 1967 3813; x_wconf 90' lang='lat' dir='ltr'><strong>Timo-</strong></span> 
     </span>
    </p>
   </div>
   <div class='ocr_carea' id='block_1_60' title="bbox 389 3851 1969 3923">
    <p class='ocr_par' dir='ltr' id='par_1_60' title="bbox 389 3851 1969 3923">
     <span class='ocr_line' id='line_1_60' title="bbox 389 3851 1969 3923; baseline -0.001 -14"><span class='ocrx_word' id='word_1_453' title='bbox 389 3854 591 3919; x_wconf 89' lang='lat' dir='ltr'><strong>theum,</strong></span> <span class='ocrx_word' id='word_1_454' title='bbox 621 3853 807 3923; x_wconf 88' lang='lat' dir='ltr'><strong>inquit,</strong></span> <span class='ocrx_word' id='word_1_455' title='bbox 837 3853 989 3907; x_wconf 92' lang='lat' dir='ltr'><strong>mitto</strong></span> <span class='ocrx_word' id='word_1_456' title='bbox 1018 3851 1083 3906; x_wconf 89' lang='lat' dir='ltr'><strong>ad</strong></span> <span class='ocrx_word' id='word_1_457' title='bbox 1113 3868 1207 3906; x_wconf 93' lang='lat' dir='ltr'><strong>vos</strong></span> <span class='ocrx_word' id='word_1_458' title='bbox 1237 3870 1251 3904; x_wconf 93' lang='lat'><strong>:</strong></span> <span class='ocrx_word' id='word_1_459' title='bbox 1283 3853 1509 3908; x_wconf 84' lang='lat' dir='ltr'><strong>avebant</strong></span> <span class='ocrx_word' id='word_1_460' title='bbox 1536 3853 1677 3907; x_wconf 91' lang='lat' dir='ltr'><strong>enim</strong></span> <span class='ocrx_word' id='word_1_461' title='bbox 1707 3852 1774 3906; x_wconf 90' lang='lat' dir='ltr'><strong>de</strong></span> <span class='ocrx_word' id='word_1_462' title='bbox 1804 3853 1969 3906; x_wconf 89' lang='lat' dir='ltr'><strong>Paulo</strong></span> 
     </span>
    </p>
   </div>
   <div class='ocr_carea' id='block_1_61' title="bbox 389 3945 1968 4017">
    <p class='ocr_par' dir='ltr' id='par_1_61' title="bbox 389 3945 1968 4017">
     <span class='ocr_line' id='line_1_61' title="bbox 389 3945 1968 4017; baseline -0.001 -17"><span class='ocrx_word' id='word_1_463' title='bbox 389 3947 563 4001; x_wconf 89' lang='lat' dir='ltr'><strong>omnia</strong></span> <span class='ocrx_word' id='word_1_464' title='bbox 595 3961 934 4017; x_wconf 87' lang='lat' dir='ltr'><strong>cognoscere.</strong></span> <span class='ocrx_word' id='word_1_465' title='bbox 967 3946 1075 4002; x_wconf 89' lang='lat' dir='ltr'><strong>Cur</strong></span> <span class='ocrx_word' id='word_1_466' title='bbox 1113 3960 1240 4001; x_wconf 90' lang='lat' dir='ltr'><strong>vero</strong></span> <span class='ocrx_word' id='word_1_467' title='bbox 1278 3960 1385 4000; x_wconf 90' lang='lat' dir='ltr'><strong>non</strong></span> <span class='ocrx_word' id='word_1_468' title='bbox 1428 3946 1594 4010; x_wconf 86' lang='lat' dir='ltr'><strong>dixit,</strong></span> <span class='ocrx_word' id='word_1_469' title='bbox 1628 3945 1697 4000; x_wconf 89' lang='lat' dir='ltr'><strong>Ut</strong></span> <span class='ocrx_word' id='word_1_470' title='bbox 1727 3960 1842 3999; x_wconf 88' lang='lat' dir='ltr'><strong>mea</strong></span> <span class='ocrx_word' id='word_1_471' title='bbox 1873 3960 1968 4000; x_wconf 88' lang='lat' dir='ltr'><strong>co-</strong></span> 
     </span>
    </p>
   </div>
   <div class='ocr_carea' id='block_1_62' title="bbox 389 4036 1968 4108">
    <p class='ocr_par' dir='ltr' id='par_1_62' title="bbox 389 4036 1968 4108">
     <span class='ocr_line' id='line_1_62' title="bbox 389 4036 1968 4108; baseline -0.001 -16"><span class='ocrx_word' id='word_1_472' title='bbox 389 4039 687 4108; x_wconf 88' lang='lat' dir='ltr'><strong>gnoscatis,</strong></span> <span class='ocrx_word' id='word_1_473' title='bbox 717 4038 809 4092; x_wconf 87' lang='lat' dir='ltr'><strong>sed</strong></span> <span class='ocrx_word' id='word_1_474' title='bbox 831 4078 844 4099; x_wconf 92' lang='lat'><strong>,</strong></span> <span class='ocrx_word' id='word_1_475' title='bbox 877 4037 943 4093; x_wconf 91' lang='lat' dir='ltr'><strong>Ut</strong></span> <span class='ocrx_word' id='word_1_476' title='bbox 969 4052 1070 4107; x_wconf 89' lang='lat' dir='ltr'><strong>ego</strong></span> <span class='ocrx_word' id='word_1_477' title='bbox 1098 4052 1416 4106; x_wconf 84' lang='lat' dir='ltr'><strong>cognoscam</strong></span> <span class='ocrx_word' id='word_1_478' title='bbox 1455 4036 1672 4090; x_wconf 88' lang='lat' dir='ltr'><strong>vestra?</strong></span> <span class='ocrx_word' id='word_1_479' title='bbox 1708 4036 1968 4103; x_wconf 86' lang='lat' dir='ltr'><strong>Quoniam</strong></span> 
     </span>
    </p>
   </div>
   <div class='ocr_carea' id='block_1_63' title="bbox 393 4129 1971 4198">
    <p class='ocr_par' dir='ltr' id='par_1_63' title="bbox 393 4129 1971 4198">
     <span class='ocr_line' id='line_1_63' title="bbox 393 4129 1971 4198; baseline -0.001 -15"><span class='ocrx_word' id='word_1_480' title='bbox 393 4130 540 4183; x_wconf 83' lang='lat' dir='ltr'><strong>Pauli</strong></span> <span class='ocrx_word' id='word_1_481' title='bbox 573 4144 656 4183; x_wconf 87' lang='lat' dir='ltr'><strong>res</strong></span> <span class='ocrx_word' id='word_1_482' title='bbox 688 4129 1078 4198; x_wconf 84' lang='lat' dir='ltr'><strong>Epaphroditus</strong></span> <span class='ocrx_word' id='word_1_483' title='bbox 1106 4137 1229 4183; x_wconf 89' lang='lat' dir='ltr'><strong>ante</strong></span> <span class='ocrx_word' id='word_1_484' title='bbox 1268 4129 1604 4183; x_wconf 83' lang='lat' dir='ltr'><strong>Timotheum</strong></span> <span class='ocrx_word' id='word_1_485' title='bbox 1633 4129 1971 4182; x_wconf 87' lang='lat' dir='ltr'><strong>nuntiaturus</strong></span> 
     </span>
    </p>
   </div>
   <div class='ocr_carea' id='block_1_64' title="bbox 394 4219 1972 4292">
    <p class='ocr_par' dir='ltr' id='par_1_64' title="bbox 394 4219 1972 4292">
     <span class='ocr_line' id='line_1_64' title="bbox 394 4219 1972 4292; baseline -0.003 -15"><span class='ocrx_word' id='word_1_486' title='bbox 394 4232 508 4277; x_wconf 85' lang='lat' dir='ltr'><strong>erat</strong></span> <span class='ocrx_word' id='word_1_487' title='bbox 540 4241 552 4275; x_wconf 93' lang='lat'>:</span> <span class='ocrx_word' id='word_1_488' title='bbox 585 4223 930 4292; x_wconf 89' lang='lat' dir='ltr'><strong>quamobrem</strong></span> <span class='ocrx_word' id='word_1_489' title='bbox 977 4222 1322 4291; x_wconf 85' lang='lat' dir='ltr'><strong>progrediens</strong></span> <span class='ocrx_word' id='word_1_490' title='bbox 1371 4221 1576 4289; x_wconf 88' lang='lat' dir='ltr'><strong>inquit,</strong></span> <span class='ocrx_word' id='word_1_491' title='bbox 1619 4219 1972 4274; x_wconf 83' lang='lat' dir='ltr'><strong>Necessarium</strong></span> 
     </span>
    </p>
   </div>
   <div class='ocr_carea' id='block_1_65' title="bbox 392 4313 1972 4384">
    <p class='ocr_par' dir='ltr' id='par_1_65' title="bbox 392 4313 1972 4384">
     <span class='ocr_line' id='line_1_65' title="bbox 392 4313 1972 4384; baseline -0.001 -18"><span class='ocrx_word' id='word_1_492' title='bbox 392 4326 560 4367; x_wconf 83' lang='lat' dir='ltr'><strong>autem</strong></span> <span class='ocrx_word' id='word_1_493' title='bbox 585 4315 863 4368; x_wconf 76' lang='lat' dir='ltr'><strong>existimavi</strong></span> <span class='ocrx_word' id='word_1_494' title='bbox 903 4313 1310 4383; x_wconf 82' lang='lat' dir='ltr'><strong>Epaphroditum</strong></span> <span class='ocrx_word' id='word_1_495' title='bbox 1341 4316 1548 4384; x_wconf 80' lang='lat' dir='ltr'><strong>fratrem</strong></span> <span class='ocrx_word' id='word_1_496' title='bbox 1576 4317 1769 4366; x_wconf 82' lang='lat' dir='ltr'><strong>mittere</strong></span> <span class='ocrx_word' id='word_1_497' title='bbox 1791 4315 1860 4366; x_wconf 87' lang='lat' dir='ltr'><strong>ad</strong></span> <span class='ocrx_word' id='word_1_498' title='bbox 1886 4328 1972 4366; x_wconf 87' lang='lat' dir='ltr'><strong>vos</strong></span> 
     </span>
    </p>
   </div>
   <div class='ocr_carea' id='block_1_66' title="bbox 395 4402 1973 4475">
    <p class='ocr_par' dir='ltr' id='par_1_66' title="bbox 395 4402 1973 4475">
     <span class='ocr_line' id='line_1_66' title="bbox 395 4402 1973 4475; baseline -0.001 -16"><span class='ocrx_word' id='word_1_499' title='bbox 395 4406 466 4474; x_wconf 80' lang='grc' dir='ltr'><strong>(υ.</strong></span> <span class='ocrx_word' id='word_1_500' title='bbox 496 4406 590 4475; x_wconf 75' lang='lat'><strong>25)</strong></span> <span class='ocrx_word' id='word_1_501' title='bbox 618 4426 630 4459; x_wconf 89' lang='lat'><strong>:</strong></span> <span class='ocrx_word' id='word_1_502' title='bbox 657 4406 762 4460; x_wconf 88' lang='lat' dir='ltr'><strong>Sed</strong></span> <span class='ocrx_word' id='word_1_503' title='bbox 790 4415 986 4469; x_wconf 86' lang='lat' dir='ltr'><strong>vestra,</strong></span> <span class='ocrx_word' id='word_1_504' title='bbox 1015 4406 1204 4474; x_wconf 89' lang='lat' dir='ltr'><strong>inquit,</strong></span> <span class='ocrx_word' id='word_1_505' title='bbox 1232 4419 1557 4474; x_wconf 80' lang='lat' dir='ltr'><strong>cognoscere</strong></span> <span class='ocrx_word' id='word_1_506' title='bbox 1598 4405 1775 4473; x_wconf 92' lang='lat' dir='ltr'><strong>cupio.</strong></span> <span class='ocrx_word' id='word_1_507' title='bbox 1815 4402 1973 4458; x_wconf 78' lang='lat' dir='ltr'><strong>Veri-</strong></span> 
     </span>
    </p>
   </div>
   <div class='ocr_carea' id='block_1_67' title="bbox 397 4496 1975 4566">
    <p class='ocr_par' dir='ltr' id='par_1_67' title="bbox 397 4496 1975 4566">
     <span class='ocr_line' id='line_1_67' title="bbox 397 4496 1975 4566; baseline -0.001 -16"><span class='ocrx_word' id='word_1_508' title='bbox 397 4499 573 4552; x_wconf 88' lang='lat' dir='ltr'><strong>simile</strong></span> <span class='ocrx_word' id='word_1_509' title='bbox 602 4498 743 4552; x_wconf 90' lang='lat' dir='ltr'><strong>enim</strong></span> <span class='ocrx_word' id='word_1_510' title='bbox 774 4506 855 4550; x_wconf 86' lang='lat' dir='ltr'><strong>est</strong></span> <span class='ocrx_word' id='word_1_511' title='bbox 883 4497 972 4551; x_wconf 90' lang='lat' dir='ltr'><strong>diu</strong></span> <span class='ocrx_word' id='word_1_512' title='bbox 1013 4498 1157 4550; x_wconf 90' lang='lat' dir='ltr'><strong>illum</strong></span> <span class='ocrx_word' id='word_1_513' title='bbox 1201 4497 1460 4550; x_wconf 86' lang='lat' dir='ltr'><strong>mansisse</strong></span> <span class='ocrx_word' id='word_1_514' title='bbox 1489 4496 1630 4566; x_wconf 88' lang='lat' dir='ltr'><strong>apud</strong></span> <span class='ocrx_word' id='word_1_515' title='bbox 1659 4496 1878 4549; x_wconf 88' lang='lat' dir='ltr'><strong>Paulum</strong></span> <span class='ocrx_word' id='word_1_516' title='bbox 1906 4497 1975 4549; x_wconf 92' lang='lat' dir='ltr'><strong>ob</strong></span> 
     </span>
    </p>
   </div>
   <div class='ocr_carea' id='block_1_68' title="bbox 397 4587 1977 4657">
    <p class='ocr_par' dir='ltr' id='par_1_68' title="bbox 397 4587 1977 4657">
     <span class='ocr_line' id='line_1_68' title="bbox 397 4587 1977 4657; baseline -0.003 -13"><span class='ocrx_word' id='word_1_517' title='bbox 397 4590 638 4657; x_wconf 75' lang='lat' dir='ltr'><strong>Corporis</strong></span> <span class='ocrx_word' id='word_1_518' title='bbox 669 4589 1103 4642; x_wconf 90' lang='lat' dir='ltr'><strong>imbecillitatem.</strong></span> <span class='ocrx_word' id='word_1_519' title='bbox 1134 4588 1490 4656; x_wconf 85' lang='lat' dir='ltr'><strong>Quamobrem</strong></span> <span class='ocrx_word' id='word_1_520' title='bbox 1527 4588 1862 4654; x_wconf 82' lang='lat' dir='ltr'><strong>necessario,</strong></span> <span class='ocrx_word' id='word_1_521' title='bbox 1896 4587 1977 4641; x_wconf 89' lang='lat' dir='ltr'><strong>in-</strong></span> 
     </span>
    </p>
   </div>
   <div class='ocr_carea' id='block_1_69' title="bbox 398 4680 1977 4752">
    <p class='ocr_par' dir='ltr' id='par_1_69' title="bbox 398 4680 1977 4752">
     <span class='ocr_line' id='line_1_69' title="bbox 398 4680 1977 4752; baseline 0 -18"><span class='ocrx_word' id='word_1_522' title='bbox 398 4682 550 4752; x_wconf 89' lang='lat' dir='ltr'><strong>quit,</strong></span> <span class='ocrx_word' id='word_1_523' title='bbox 587 4691 764 4736; x_wconf 89' lang='lat' dir='ltr'><strong>vestra</strong></span> <span class='ocrx_word' id='word_1_524' title='bbox 809 4681 967 4750; x_wconf 89' lang='lat' dir='ltr'><strong>cupio</strong></span> <span class='ocrx_word' id='word_1_525' title='bbox 1011 4697 1351 4750; x_wconf 85' lang='lat' dir='ltr'><strong>cognoscere.</strong></span> <span class='ocrx_word' id='word_1_526' title='bbox 1407 4680 1538 4735; x_wconf 79' lang='lat' dir='ltr'><strong>Vide</strong></span> <span class='ocrx_word' id='word_1_527' title='bbox 1575 4688 1752 4734; x_wconf 88' lang='lat' dir='ltr'><strong>autem</strong></span> <span class='ocrx_word' id='word_1_528' title='bbox 1775 4721 1790 4745; x_wconf 95' lang='lat'><strong>,</strong></span> <span class='ocrx_word' id='word_1_529' title='bbox 1818 4695 1977 4749; x_wconf 89' lang='lat' dir='ltr'><strong>quam</strong></span> 
     </span>
    </p>
   </div>
   <div class='ocr_carea' id='block_1_70' title="bbox 397 4773 1976 4845">
    <p class='ocr_par' dir='ltr' id='par_1_70' title="bbox 397 4773 1976 4845">
     <span class='ocr_line' id='line_1_70' title="bbox 397 4773 1976 4845; baseline -0.001 -17"><span class='ocrx_word' id='word_1_530' title='bbox 397 4774 574 4830; x_wconf 87' lang='lat' dir='ltr'><strong>omnia</strong></span> <span class='ocrx_word' id='word_1_531' title='bbox 604 4773 671 4828; x_wconf 84' lang='lat' dir='ltr'><strong>ad</strong></span> <span class='ocrx_word' id='word_1_532' title='bbox 699 4773 966 4829; x_wconf 87' lang='lat' dir='ltr'><strong>Christum</strong></span> <span class='ocrx_word' id='word_1_533' title='bbox 998 4775 1223 4840; x_wconf 77' lang='lat' dir='ltr'><strong>referat,</strong></span> <span class='ocrx_word' id='word_1_534' title='bbox 1255 4786 1310 4830; x_wconf 90' lang='lat' dir='ltr'><strong>et</strong></span> <span class='ocrx_word' id='word_1_535' title='bbox 1347 4775 1514 4842; x_wconf 86' lang='lat' dir='ltr'><strong>ipsam</strong></span> <span class='ocrx_word' id='word_1_536' title='bbox 1552 4789 1764 4845; x_wconf 90' lang='lat' dir='ltr'><strong>quoque</strong></span> <span class='ocrx_word' id='word_1_537' title='bbox 1793 4774 1976 4828; x_wconf 88' lang='lat' dir='ltr'><strong>Timo-</strong></span> 
     </span>
    </p>
   </div>
   <div class='ocr_carea' id='block_1_71' title="bbox 401 4865 1978 4936">
    <p class='ocr_par' dir='ltr' id='par_1_71' title="bbox 401 4865 1978 4936">
     <span class='ocr_line' id='line_1_71' title="bbox 401 4865 1978 4936; baseline -0.001 -15"><span class='ocrx_word' id='word_1_538' title='bbox 401 4868 508 4923; x_wconf 89' lang='lat' dir='ltr'><strong>thei</strong></span> <span class='ocrx_word' id='word_1_539' title='bbox 538 4867 845 4922; x_wconf 90' lang='lat' dir='ltr'><strong>missionem</strong></span> <span class='ocrx_word' id='word_1_540' title='bbox 868 4908 882 4934; x_wconf 90' lang='lat'><strong>,</strong></span> <span class='ocrx_word' id='word_1_541' title='bbox 915 4867 985 4920; x_wconf 90' lang='lat' dir='ltr'><strong>ita</strong></span> <span class='ocrx_word' id='word_1_542' title='bbox 1012 4867 1229 4931; x_wconf 88' lang='lat' dir='ltr'><strong>dicens,</strong></span> <span class='ocrx_word' id='word_1_543' title='bbox 1264 4866 1426 4936; x_wconf 87' lang='lat' dir='ltr'><strong>Spero</strong></span> <span class='ocrx_word' id='word_1_544' title='bbox 1460 4874 1626 4920; x_wconf 81' lang='lat' dir='ltr'><strong>autem</strong></span> <span class='ocrx_word' id='word_1_545' title='bbox 1662 4867 1714 4919; x_wconf 88' lang='lat' dir='ltr'><strong>in</strong></span> <span class='ocrx_word' id='word_1_546' title='bbox 1758 4865 1978 4920; x_wconf 88' lang='lat' dir='ltr'><strong>Domino</strong></span> 
     </span>
    </p>
   </div>
   <div class='ocr_carea' id='block_1_72' title="bbox 399 4958 1976 5028">
    <p class='ocr_par' dir='ltr' id='par_1_72' title="bbox 399 4958 1976 5028">
     <span class='ocr_line' id='line_1_72' title="bbox 399 4958 1976 5028; baseline -0.001 -15"><span class='ocrx_word' id='word_1_547' title='bbox 399 4961 561 5024; x_wconf 84' lang='lat' dir='ltr'><strong>Jesu;</strong></span> <span class='ocrx_word' id='word_1_548' title='bbox 594 4960 642 5015; x_wconf 91' lang='lat' dir='ltr'><strong>id</strong></span> <span class='ocrx_word' id='word_1_549' title='bbox 685 4970 799 5024; x_wconf 88' lang='lat' dir='ltr'><strong>est,</strong></span> <span class='ocrx_word' id='word_1_550' title='bbox 829 4960 1038 5014; x_wconf 90' lang='lat' dir='ltr'><strong>conﬁdo</strong></span> <span class='ocrx_word' id='word_1_551' title='bbox 1069 4968 1126 5014; x_wconf 92' lang='lat' dir='ltr'><strong>ut</strong></span> <span class='ocrx_word' id='word_1_552' title='bbox 1164 4959 1266 5014; x_wconf 89' lang='lat' dir='ltr'><strong>hoc</strong></span> <span class='ocrx_word' id='word_1_553' title='bbox 1292 4961 1418 5013; x_wconf 90' lang='lat' dir='ltr'><strong>mihi</strong></span> <span class='ocrx_word' id='word_1_554' title='bbox 1452 4960 1592 5014; x_wconf 91' lang='lat' dir='ltr'><strong>Deus</strong></span> <span class='ocrx_word' id='word_1_555' title='bbox 1618 4958 1976 5028; x_wconf 88' lang='lat' dir='ltr'><strong>gratiﬁcetur,</strong></span> 
     </span>
    </p>
   </div>
   <div class='ocr_carea' id='block_1_73' title="bbox 402 5051 1980 5122">
    <p class='ocr_par' dir='ltr' id='par_1_73' title="bbox 402 5051 1980 5122">
     <span class='ocr_line' id='line_1_73' title="bbox 402 5051 1980 5122; baseline -0.003 -15"><span class='ocrx_word' id='word_1_556' title='bbox 402 5053 561 5122; x_wconf 87' lang='lat' dir='ltr'><strong>idque</strong></span> <span class='ocrx_word' id='word_1_557' title='bbox 591 5053 719 5107; x_wconf 90' lang='lat' dir='ltr'><strong>mihi</strong></span> <span class='ocrx_word' id='word_1_558' title='bbox 750 5070 813 5107; x_wconf 88' lang='lat' dir='ltr'><strong>ex</strong></span> <span class='ocrx_word' id='word_1_559' title='bbox 841 5053 1100 5108; x_wconf 87' lang='lat' dir='ltr'><strong>sententia</strong></span> <span class='ocrx_word' id='word_1_560' title='bbox 1127 5053 1398 5107; x_wconf 87' lang='lat' dir='ltr'><strong>succedat.</strong></span> <span class='ocrx_word' id='word_1_561' title='bbox 1431 5051 1499 5108; x_wconf 90' lang='lat' dir='ltr'><strong>Ut</strong></span> <span class='ocrx_word' id='word_1_562' title='bbox 1522 5061 1566 5106; x_wconf 88' lang='lat' dir='ltr'><strong>et</strong></span> <span class='ocrx_word' id='word_1_563' title='bbox 1594 5068 1686 5122; x_wconf 88' lang='lat' dir='ltr'><strong>ego</strong></span> <span class='ocrx_word' id='word_1_564' title='bbox 1716 5051 1843 5104; x_wconf 86' lang='lat' dir='ltr'><strong>bona</strong></span> <span class='ocrx_word' id='word_1_565' title='bbox 1867 5052 1980 5104; x_wconf 88' lang='lat' dir='ltr'><strong>ani-</strong></span> 
     </span>
    </p>
   </div>
   <div class='ocr_carea' id='block_1_74' title="bbox 403 5143 1975 5217">
    <p class='ocr_par' dir='ltr' id='par_1_74' title="bbox 403 5143 1975 5217">
     <span class='ocr_line' id='line_1_74' title="bbox 403 5143 1975 5217; baseline -0.001 -19"><span class='ocrx_word' id='word_1_566' title='bbox 403 5163 483 5199; x_wconf 88' lang='lat' dir='ltr'><strong>mo</strong></span> <span class='ocrx_word' id='word_1_567' title='bbox 510 5147 604 5200; x_wconf 88' lang='lat' dir='ltr'><strong>sim</strong></span> <span class='ocrx_word' id='word_1_568' title='bbox 626 5189 641 5212; x_wconf 90' lang='lat'><strong>,</strong></span> <span class='ocrx_word' id='word_1_569' title='bbox 671 5147 880 5217; x_wconf 78' lang='lat' dir='ltr'><strong>cognitis</strong></span> <span class='ocrx_word' id='word_1_570' title='bbox 906 5161 1018 5215; x_wconf 74' lang='lat' dir='ltr'><strong>quae</strong></span> <span class='ocrx_word' id='word_1_571' title='bbox 1042 5147 1177 5200; x_wconf 85' lang='lat' dir='ltr'><strong>circa</strong></span> <span class='ocrx_word' id='word_1_572' title='bbox 1204 5162 1290 5200; x_wconf 89' lang='lat' dir='ltr'><strong>vos</strong></span> <span class='ocrx_word' id='word_1_573' title='bbox 1323 5155 1458 5199; x_wconf 83' lang='lat' dir='ltr'><strong>sunt.</strong></span> <span class='ocrx_word' id='word_1_574' title='bbox 1488 5143 1943 5213; x_wconf 89' lang='lat' dir='ltr'><strong>Quemadmodum</strong></span> <span class='ocrx_word' id='word_1_575' title='bbox 1960 5185 1975 5208; x_wconf 91' lang='lat'><strong>,</strong></span> 
     </span>
    </p>
   </div>
   <div class='ocr_carea' id='block_1_75' title="bbox 404 5235 1981 5307">
    <p class='ocr_par' dir='ltr' id='par_1_75' title="bbox 404 5235 1981 5307">
     <span class='ocr_line' id='line_1_75' title="bbox 404 5235 1981 5307; baseline 0 -17"><span class='ocrx_word' id='word_1_576' title='bbox 404 5238 614 5307; x_wconf 89' lang='lat' dir='ltr'><strong>inquit,</strong></span> <span class='ocrx_word' id='word_1_577' title='bbox 646 5238 882 5292; x_wconf 85' lang='lat' dir='ltr'><strong>recreavi</strong></span> <span class='ocrx_word' id='word_1_578' title='bbox 931 5251 1024 5291; x_wconf 80' lang='lat' dir='ltr'><strong>vos</strong></span> <span class='ocrx_word' id='word_1_579' title='bbox 1072 5238 1196 5291; x_wconf 89' lang='lat' dir='ltr'><strong>dum</strong></span> <span class='ocrx_word' id='word_1_580' title='bbox 1241 5252 1301 5291; x_wconf 90' lang='lat' dir='ltr'><strong>ea</strong></span> <span class='ocrx_word' id='word_1_581' title='bbox 1346 5238 1621 5293; x_wconf 88' lang='lat' dir='ltr'><strong>audivistis</strong></span> <span class='ocrx_word' id='word_1_582' title='bbox 1649 5252 1767 5306; x_wconf 73' lang='lat' dir='ltr'><strong>qua:</strong></span> <span class='ocrx_word' id='word_1_583' title='bbox 1793 5235 1862 5291; x_wconf 89' lang='lat' dir='ltr'><strong>de</strong></span> <span class='ocrx_word' id='word_1_584' title='bbox 1894 5253 1981 5290; x_wconf 91' lang='lat' dir='ltr'><strong>me</strong></span> 
     </span>
    </p>
   </div>
   <div class='ocr_carea' id='block_1_76' title="bbox 404 5327 1979 5400">
    <p class='ocr_par' dir='ltr' id='par_1_76' title="bbox 404 5327 1979 5400">
     <span class='ocr_line' id='line_1_76' title="bbox 404 5327 1979 5400; baseline 0 -19"><span class='ocrx_word' id='word_1_585' title='bbox 404 5330 600 5400; x_wconf 85' lang='lat' dir='ltr'><strong>precati</strong></span> <span class='ocrx_word' id='word_1_586' title='bbox 626 5330 775 5396; x_wconf 88' lang='lat' dir='ltr'><strong>estis,</strong></span> <span class='ocrx_word' id='word_1_587' title='bbox 805 5330 1052 5384; x_wconf 89' lang='lat' dir='ltr'><strong>nimirum</strong></span> <span class='ocrx_word' id='word_1_588' title='bbox 1079 5329 1409 5400; x_wconf 87' lang='lat' dir='ltr'><strong>evangelium</strong></span> <span class='ocrx_word' id='word_1_589' title='bbox 1437 5343 1746 5398; x_wconf 89' lang='lat' dir='ltr'><strong>progressus</strong></span> <span class='ocrx_word' id='word_1_590' title='bbox 1770 5327 1979 5392; x_wconf 89' lang='lat' dir='ltr'><strong>fecisse,</strong></span> 
     </span>
    </p>
   </div>
   <div class='ocr_carea' id='block_1_77' title="bbox 407 5418 1980 5486">
    <p class='ocr_par' dir='ltr' id='par_1_77' title="bbox 407 5418 1980 5486">
     <span class='ocr_line' id='line_1_77' title="bbox 407 5418 1980 5486; baseline -0.003 -11"><span class='ocrx_word' id='word_1_591' title='bbox 407 5421 636 5475; x_wconf 88' lang='lat' dir='ltr'><strong>dedecus</strong></span> <span class='ocrx_word' id='word_1_592' title='bbox 660 5421 710 5474; x_wconf 91' lang='lat' dir='ltr'><strong>in</strong></span> <span class='ocrx_word' id='word_1_593' title='bbox 739 5421 859 5475; x_wconf 90' lang='lat' dir='ltr'><strong>illos</strong></span> <span class='ocrx_word' id='word_1_594' title='bbox 886 5419 1141 5476; x_wconf 87' lang='lat' dir='ltr'><strong>recidisse</strong></span> <span class='ocrx_word' id='word_1_595' title='bbox 1163 5461 1178 5486; x_wconf 92' lang='lat'><strong>,</strong></span> <span class='ocrx_word' id='word_1_596' title='bbox 1207 5428 1261 5475; x_wconf 90' lang='lat' dir='ltr'><strong>et</strong></span> <span class='ocrx_word' id='word_1_597' title='bbox 1286 5419 1425 5474; x_wconf 87' lang='lat' dir='ltr'><strong>unde</strong></span> <span class='ocrx_word' id='word_1_598' title='bbox 1450 5418 1576 5473; x_wconf 89' lang='lat' dir='ltr'><strong>mihi</strong></span> <span class='ocrx_word' id='word_1_599' title='bbox 1603 5433 1796 5474; x_wconf 90' lang='lat' dir='ltr'><strong>nocere</strong></span> <span class='ocrx_word' id='word_1_600' title='bbox 1824 5427 1980 5486; x_wconf 86' lang='lat' dir='ltr'><strong>puta—</strong></span> 
     </span>
    </p>
   </div>
   <div class='ocr_carea' id='block_1_78' title="bbox 407 5509 1980 5580">
    <p class='ocr_par' dir='ltr' id='par_1_78' title="bbox 407 5509 1980 5580">
     <span class='ocr_line' id='line_1_78' title="bbox 407 5509 1980 5580; baseline -0.003 -14"><span class='ocrx_word' id='word_1_601' title='bbox 407 5511 572 5577; x_wconf 86' lang='lat' dir='ltr'><strong>bant,</strong></span> <span class='ocrx_word' id='word_1_602' title='bbox 613 5511 736 5567; x_wconf 84' lang='lat' dir='ltr'><strong>inde</strong></span> <span class='ocrx_word' id='word_1_603' title='bbox 779 5513 1012 5567; x_wconf 69' lang='lat' dir='ltr'><strong>laetitiam</strong></span> <span class='ocrx_word' id='word_1_604' title='bbox 1056 5511 1341 5566; x_wconf 84' lang='lat' dir='ltr'><strong>attulisse:</strong></span> <span class='ocrx_word' id='word_1_605' title='bbox 1377 5511 1447 5564; x_wconf 83' lang='lat' dir='ltr'><strong>ita</strong></span> <span class='ocrx_word' id='word_1_606' title='bbox 1491 5511 1646 5580; x_wconf 91' lang='lat' dir='ltr'><strong>cupio</strong></span> <span class='ocrx_word' id='word_1_607' title='bbox 1692 5509 1757 5563; x_wconf 91' lang='lat' dir='ltr'><strong>de</strong></span> <span class='ocrx_word' id='word_1_608' title='bbox 1804 5524 1980 5563; x_wconf 90' lang='lat' dir='ltr'><strong>rerum</strong></span> 
     </span>
    </p>
   </div>
   <div class='ocr_carea' id='block_1_79' title="bbox 404 5602 1979 5676">
    <p class='ocr_par' dir='ltr' id='par_1_79' title="bbox 404 5602 1979 5676">
     <span class='ocr_line' id='line_1_79' title="bbox 404 5602 1979 5676; baseline -0.002 -20"><span class='ocrx_word' id='word_1_609' title='bbox 404 5617 700 5661; x_wconf 85' lang='lat' dir='ltr'><strong>vestrarum</strong></span> <span class='ocrx_word' id='word_1_610' title='bbox 726 5615 866 5660; x_wconf 87' lang='lat' dir='ltr'><strong>statu</strong></span> <span class='ocrx_word' id='word_1_611' title='bbox 885 5621 1229 5676; x_wconf 84' lang='lat' dir='ltr'><strong>cognoscere,</strong></span> <span class='ocrx_word' id='word_1_612' title='bbox 1257 5604 1324 5660; x_wconf 88' lang='lat' dir='ltr'><strong>Ut</strong></span> <span class='ocrx_word' id='word_1_613' title='bbox 1347 5614 1391 5658; x_wconf 91' lang='lat' dir='ltr'><strong>et</strong></span> <span class='ocrx_word' id='word_1_614' title='bbox 1411 5619 1504 5674; x_wconf 85' lang='lat' dir='ltr'><strong>ego</strong></span> <span class='ocrx_word' id='word_1_615' title='bbox 1528 5603 1656 5657; x_wconf 88' lang='lat' dir='ltr'><strong>bono</strong></span> <span class='ocrx_word' id='word_1_616' title='bbox 1675 5602 1845 5655; x_wconf 87' lang='lat' dir='ltr'><strong>animo</strong></span> <span class='ocrx_word' id='word_1_617' title='bbox 1865 5602 1979 5664; x_wconf 84' lang='lat' dir='ltr'><strong>sim,</strong></span> 
     </span>
    </p>
   </div>
   <div class='ocr_carea' id='block_1_80' title="bbox 408 5692 1983 5766">
    <p class='ocr_par' dir='ltr' id='par_1_80' title="bbox 408 5692 1983 5766">
     <span class='ocr_line' id='line_1_80' title="bbox 408 5692 1983 5766; baseline -0.001 -18"><span class='ocrx_word' id='word_1_618' title='bbox 408 5698 618 5764; x_wconf 83' lang='lat' dir='ltr'><strong>cognitis</strong></span> <span class='ocrx_word' id='word_1_619' title='bbox 636 5713 748 5766; x_wconf 72' lang='lat' dir='ltr'><strong>quc</strong></span> <span class='ocrx_word' id='word_1_620' title='bbox 765 5698 898 5750; x_wconf 86' lang='lat' dir='ltr'><strong>circa</strong></span> <span class='ocrx_word' id='word_1_621' title='bbox 923 5713 1008 5750; x_wconf 79' lang='lat' dir='ltr'><strong>vos</strong></span> <span class='ocrx_word' id='word_1_622' title='bbox 1033 5708 1166 5750; x_wconf 85' lang='lat' dir='ltr'><strong>sunt.</strong></span> <span class='ocrx_word' id='word_1_623' title='bbox 1192 5695 1285 5750; x_wconf 86' lang='lat' dir='ltr'><strong>His</strong></span> <span class='ocrx_word' id='word_1_624' title='bbox 1307 5695 1481 5750; x_wconf 89' lang='lat' dir='ltr'><strong>verbis</strong></span> <span class='ocrx_word' id='word_1_625' title='bbox 1501 5692 1732 5749; x_wconf 87' lang='lat' dir='ltr'><strong>ostendit</strong></span> <span class='ocrx_word' id='word_1_626' title='bbox 1749 5692 1983 5762; x_wconf 86' lang='lat' dir='ltr'><strong>gaudere</strong></span> 
     </span>
    </p>
   </div>
   <div class='ocr_carea' id='block_1_81' title="bbox 412 5787 1978 5859">
    <p class='ocr_par' dir='ltr' id='par_1_81' title="bbox 412 5787 1978 5859">
     <span class='ocr_line' id='line_1_81' title="bbox 412 5787 1978 5859; baseline 0.001 -19"><span class='ocrx_word' id='word_1_627' title='bbox 412 5787 530 5844; x_wconf 81' lang='lat' dir='ltr'><strong>illus</strong></span> <span class='ocrx_word' id='word_1_628' title='bbox 557 5789 805 5846; x_wconf 87' lang='lat' dir='ltr'><strong>debuisse</strong></span> <span class='ocrx_word' id='word_1_629' title='bbox 831 5789 896 5843; x_wconf 90' lang='lat' dir='ltr'><strong>de</strong></span> <span class='ocrx_word' id='word_1_630' title='bbox 923 5789 1148 5844; x_wconf 89' lang='lat' dir='ltr'><strong>vinculis</strong></span> <span class='ocrx_word' id='word_1_631' title='bbox 1168 5833 1183 5856; x_wconf 89' lang='lat'><strong>,</strong></span> <span class='ocrx_word' id='word_1_632' title='bbox 1216 5803 1384 5859; x_wconf 87' lang='lat' dir='ltr'><strong>eaque</strong></span> <span class='ocrx_word' id='word_1_633' title='bbox 1423 5787 1708 5858; x_wconf 86' lang='lat' dir='ltr'><strong>subsequi;</strong></span> <span class='ocrx_word' id='word_1_634' title='bbox 1754 5791 1978 5843; x_wconf 88' lang='lat' dir='ltr'><strong>multum</strong></span> 
     </span>
    </p>
   </div>
   <div class='ocr_carea' id='block_1_82' title="bbox 754 5892 1427 5964">
    <p class='ocr_par' dir='ltr' id='par_1_82' title="bbox 754 5892 1427 5964">
     <span class='ocr_line' id='line_1_82' title="bbox 754 5892 1427 5964; baseline 0.018 -12"><span class='ocrx_word' id='word_1_635' title='bbox 754 5892 1024 5957; x_wconf 77' lang='lat' dir='ltr'><strong>PATROL.</strong></span> <span class='ocrx_word' id='word_1_636' title='bbox 1073 5900 1188 5961; x_wconf 84' lang='lat' dir='ltr'><strong>Gn.</strong></span> <span class='ocrx_word' id='word_1_637' title='bbox 1240 5902 1427 5964; x_wconf 73' lang='lat' dir='ltr'><strong>LXII.</strong></span> 
     </span>
    </p>
   </div>
   <div class='ocr_carea' id='block_1_83' title="bbox 2063 2661 3646 2733">
    <p class='ocr_par' dir='ltr' id='par_1_83' title="bbox 2063 2661 3646 2733">
     <span class='ocr_line' id='line_1_83' title="bbox 2063 2661 3646 2733; baseline 0.002 -19"><span class='ocrx_word' id='word_1_638' title='bbox 2063 2665 2207 2714; x_wconf 92' lang='lat' dir='ltr'><strong>enim</strong></span> <span class='ocrx_word' id='word_1_639' title='bbox 2237 2661 2336 2730; x_wconf 92' lang='lat' dir='ltr'><strong>ipsi</strong></span> <span class='ocrx_word' id='word_1_640' title='bbox 2367 2661 2651 2732; x_wconf 88' lang='lat' dir='ltr'><strong>voluptatis</strong></span> <span class='ocrx_word' id='word_1_641' title='bbox 2680 2663 2924 2718; x_wconf 88' lang='lat' dir='ltr'><strong>attulisse</strong></span> <span class='ocrx_word' id='word_1_642' title='bbox 2953 2682 2967 2718; x_wconf 91' lang='lat'>:</span> <span class='ocrx_word' id='word_1_643' title='bbox 2999 2680 3120 2719; x_wconf 91' lang='lat' dir='ltr'><strong>nam</strong></span> <span class='ocrx_word' id='word_1_644' title='bbox 3172 2663 3323 2727; x_wconf 91' lang='lat' dir='ltr'><strong>illud,</strong></span> <span class='ocrx_word' id='word_1_645' title='bbox 3352 2663 3420 2718; x_wconf 88' lang='lat' dir='ltr'><strong>Ut</strong></span> <span class='ocrx_word' id='word_1_646' title='bbox 3465 2672 3509 2717; x_wconf 87' lang='lat' dir='ltr'><strong>et</strong></span> <span class='ocrx_word' id='word_1_647' title='bbox 3554 2680 3646 2733; x_wconf 89' lang='lat' dir='ltr'><strong>ego</strong></span> 
     </span>
    </p>
   </div>
   <div class='ocr_carea' id='block_1_84' title="bbox 2064 2755 3644 2828">
    <p class='ocr_par' dir='ltr' id='par_1_84' title="bbox 2064 2755 3644 2828">
     <span class='ocr_line' id='line_1_84' title="bbox 2064 2755 3644 2828; baseline 0.004 -20"><span class='ocrx_word' id='word_1_648' title='bbox 2064 2756 2192 2808; x_wconf 88' lang='lat' dir='ltr'><strong>bono</strong></span> <span class='ocrx_word' id='word_1_649' title='bbox 2221 2757 2390 2810; x_wconf 88' lang='lat' dir='ltr'><strong>animo</strong></span> <span class='ocrx_word' id='word_1_650' title='bbox 2421 2756 2516 2809; x_wconf 87' lang='lat' dir='ltr'><strong>sim</strong></span> <span class='ocrx_word' id='word_1_651' title='bbox 2537 2798 2550 2819; x_wconf 94' lang='lat'><strong>,</strong></span> <span class='ocrx_word' id='word_1_652' title='bbox 2581 2755 2683 2811; x_wconf 87' lang='lat' dir='ltr'><strong>hoc</strong></span> <span class='ocrx_word' id='word_1_653' title='bbox 2723 2757 3016 2828; x_wconf 91' lang='lat' dir='ltr'><strong>signiﬁcat,</strong></span> <span class='ocrx_word' id='word_1_654' title='bbox 3045 2757 3490 2827; x_wconf 89' lang='lat' dir='ltr'><strong>quemadmodum</strong></span> <span class='ocrx_word' id='word_1_655' title='bbox 3527 2772 3644 2814; x_wconf 85' lang='lat' dir='ltr'><strong>vos.</strong></span> 
     </span>
    </p>
   </div>
   <div class='ocr_carea' id='block_1_85' title="bbox 2064 2846 3640 2918">
    <p class='ocr_par' dir='ltr' id='par_1_85' title="bbox 2064 2846 3640 2918">
     <span class='ocr_line' id='line_1_85' title="bbox 2064 2846 3640 2918; baseline 0.001 -18"><span class='ocrx_word' id='word_1_656' title='bbox 2064 2847 2252 2917; x_wconf 73' lang='lat' dir='ltr'><strong>I’apze!</strong></span> <span class='ocrx_word' id='word_1_657' title='bbox 2293 2857 2490 2917; x_wconf 90' lang='lat' dir='ltr'><strong>quanto</strong></span> <span class='ocrx_word' id='word_1_658' title='bbox 2525 2846 2884 2902; x_wconf 84' lang='lat' dir='ltr'><strong>Macedoniam</strong></span> <span class='ocrx_word' id='word_1_659' title='bbox 2925 2863 3108 2903; x_wconf 88' lang='lat' dir='ltr'><strong>amore</strong></span> <span class='ocrx_word' id='word_1_660' title='bbox 3148 2849 3640 2918; x_wconf 84' lang='lat' dir='ltr'><strong>complectebatur!</strong></span> 
     </span>
    </p>
   </div>
   <div class='ocr_carea' id='block_1_86' title="bbox 2065 2938 3651 3009">
    <p class='ocr_par' dir='ltr' id='par_1_86' title="bbox 2065 2938 3651 3009">
     <span class='ocr_line' id='line_1_86' title="bbox 2065 2938 3651 3009; baseline 0.001 -19"><span class='ocrx_word' id='word_1_661' title='bbox 2065 2938 2208 2992; x_wconf 90' lang='lat' dir='ltr'><strong>ldetn</strong></span> <span class='ocrx_word' id='word_1_662' title='bbox 2262 2953 2391 2993; x_wconf 86' lang='lat' dir='ltr'><strong>vero</strong></span> <span class='ocrx_word' id='word_1_663' title='bbox 2431 2938 3001 2994; x_wconf 85' lang='lat' dir='ltr'><strong>Thessalonicensibus</strong></span> <span class='ocrx_word' id='word_1_664' title='bbox 3042 2955 3254 3009; x_wconf 88' lang='lat' dir='ltr'><strong>quoque</strong></span> <span class='ocrx_word' id='word_1_665' title='bbox 3305 2939 3453 3003; x_wconf 89' lang='lat' dir='ltr'><strong>dicit,</strong></span> <span class='ocrx_word' id='word_1_666' title='bbox 3484 2948 3538 2992; x_wconf 91' lang='lat' dir='ltr'><strong>ut</strong></span> <span class='ocrx_word' id='word_1_667' title='bbox 3583 2954 3651 2993; x_wconf 93' lang='lat' dir='ltr'><strong>eo</strong></span> 
     </span>
    </p>
   </div>
   <div class='ocr_carea' id='block_1_87' title="bbox 2065 3029 3649 3098">
    <p class='ocr_par' dir='ltr' id='par_1_87' title="bbox 2065 3029 3649 3098">
     <span class='ocr_line' id='line_1_87' title="bbox 2065 3029 3649 3098; baseline 0.001 -16"><span class='ocrx_word' id='word_1_668' title='bbox 2065 3029 2222 3094; x_wconf 92' lang='lat' dir='ltr'><strong>loco,</strong></span> <span class='ocrx_word' id='word_1_669' title='bbox 2255 3029 2367 3083; x_wconf 85' lang='lat' dir='ltr'><strong>Nos</strong></span> <span class='ocrx_word' id='word_1_670' title='bbox 2407 3039 2572 3082; x_wconf 87' lang='lat' dir='ltr'><strong>autem</strong></span> <span class='ocrx_word' id='word_1_671' title='bbox 2625 3030 2838 3084; x_wconf 84' lang='lat' dir='ltr'><strong>desolati</strong></span> <span class='ocrx_word' id='word_1_672' title='bbox 2892 3048 2923 3083; x_wconf 94' lang='lat' dir='ltr'><strong>a</strong></span> <span class='ocrx_word' id='word_1_673' title='bbox 2969 3031 3104 3085; x_wconf 85' lang='lat' dir='ltr'><strong>vobis</strong></span> <span class='ocrx_word' id='word_1_674' title='bbox 3151 3032 3220 3084; x_wconf 88' lang='lat' dir='ltr'><strong>ad</strong></span> <span class='ocrx_word' id='word_1_675' title='bbox 3262 3041 3455 3098; x_wconf 84' lang='lat' dir='ltr'><strong>tempus</strong></span> <span class='ocrx_word' id='word_1_676' title='bbox 3509 3031 3649 3084; x_wconf 71' lang='lat' dir='ltr'><strong>hort:</strong></span> 
     </span>
    </p>
   </div>
   <div class='ocr_carea' id='block_1_88' title="bbox 2064 3120 3650 3194">
    <p class='ocr_par' dir='ltr' id='par_1_88' title="bbox 2064 3120 3650 3194">
     <span class='ocr_line' id='line_1_88' title="bbox 2064 3120 3650 3194; baseline 0.001 -19"><span class='ocrx_word' id='word_1_677' title='bbox 2064 3123 2142 3188; x_wconf 92' lang='grc'><strong>(1.</strong></span> <span class='ocrx_word' id='word_1_678' title='bbox 2169 3120 2345 3177; x_wconf 83' lang='lat' dir='ltr'><strong>Thess.</strong></span> <span class='ocrx_word' id='word_1_679' title='bbox 2375 3122 2429 3176; x_wconf 75' lang='grc'><strong>2.</strong></span> <span class='ocrx_word' id='word_1_680' title='bbox 2465 3124 2578 3186; x_wconf 84' lang='grc'><strong>17).</strong></span> <span class='ocrx_word' id='word_1_681' title='bbox 2613 3123 2680 3176; x_wconf 89' lang='lat' dir='ltr'><strong>Et</strong></span> <span class='ocrx_word' id='word_1_682' title='bbox 2717 3123 2802 3177; x_wconf 88' lang='lat' dir='ltr'><strong>hic</strong></span> <span class='ocrx_word' id='word_1_683' title='bbox 2826 3165 2842 3188; x_wconf 91' lang='lat'><strong>,</strong></span> <span class='ocrx_word' id='word_1_684' title='bbox 2868 3123 3033 3193; x_wconf 88' lang='lat' dir='ltr'><strong>Spero</strong></span> <span class='ocrx_word' id='word_1_685' title='bbox 3053 3166 3067 3190; x_wconf 93' lang='lat'><strong>,</strong></span> <span class='ocrx_word' id='word_1_686' title='bbox 3098 3124 3302 3194; x_wconf 89' lang='lat' dir='ltr'><strong>inquit,</strong></span> <span class='ocrx_word' id='word_1_687' title='bbox 3333 3124 3650 3177; x_wconf 86' lang='lat' dir='ltr'><strong>Timotheum</strong></span> 
     </span>
    </p>
   </div>
   <div class='ocr_carea' id='block_1_89' title="bbox 2064 3211 3646 3285">
    <p class='ocr_par' dir='ltr' id='par_1_89' title="bbox 2064 3211 3646 3285">
     <span class='ocr_line' id='line_1_89' title="bbox 2064 3211 3646 3285; baseline 0.003 -21"><span class='ocrx_word' id='word_1_688' title='bbox 2064 3213 2294 3275; x_wconf 85' lang='lat' dir='ltr'><strong>mittere,</strong></span> <span class='ocrx_word' id='word_1_689' title='bbox 2335 3221 2394 3266; x_wconf 92' lang='lat' dir='ltr'><strong>ut</strong></span> <span class='ocrx_word' id='word_1_690' title='bbox 2432 3211 2499 3266; x_wconf 90' lang='lat' dir='ltr'><strong>de</strong></span> <span class='ocrx_word' id='word_1_691' title='bbox 2540 3228 2724 3268; x_wconf 90' lang='lat' dir='ltr'><strong>rerum</strong></span> <span class='ocrx_word' id='word_1_692' title='bbox 2763 3224 3058 3269; x_wconf 88' lang='lat' dir='ltr'><strong>vestrarum</strong></span> <span class='ocrx_word' id='word_1_693' title='bbox 3102 3225 3243 3269; x_wconf 90' lang='lat' dir='ltr'><strong>statu</strong></span> <span class='ocrx_word' id='word_1_694' title='bbox 3284 3231 3599 3285; x_wconf 84' lang='lat' dir='ltr'><strong>cognoscam</strong></span> <span class='ocrx_word' id='word_1_695' title='bbox 3635 3234 3646 3268; x_wconf 95' lang='lat'>:</span> 
     </span>
    </p>
   </div>
   <div class='ocr_carea' id='block_1_90' title="bbox 2065 3305 3651 3374">
    <p class='ocr_par' dir='ltr' id='par_1_90' title="bbox 2065 3305 3651 3374">
     <span class='ocr_line' id='line_1_90' title="bbox 2065 3305 3651 3374; baseline 0.002 -17"><span class='ocrx_word' id='word_1_696' title='bbox 2065 3305 2204 3374; x_wconf 89' lang='lat' dir='ltr'><strong>quod</strong></span> <span class='ocrx_word' id='word_1_697' title='bbox 2221 3305 2434 3374; x_wconf 89' lang='lat' dir='ltr'><strong>quidem</strong></span> <span class='ocrx_word' id='word_1_698' title='bbox 2453 3306 2736 3359; x_wconf 86' lang='lat' dir='ltr'><strong>maximam</strong></span> <span class='ocrx_word' id='word_1_699' title='bbox 2758 3306 3022 3361; x_wconf 89' lang='lat' dir='ltr'><strong>iudicabat</strong></span> <span class='ocrx_word' id='word_1_700' title='bbox 3038 3321 3244 3362; x_wconf 92' lang='lat' dir='ltr'><strong>curam.</strong></span> <span class='ocrx_word' id='word_1_701' title='bbox 3267 3307 3492 3374; x_wconf 87' lang='lat' dir='ltr'><strong>Quando</strong></span> <span class='ocrx_word' id='word_1_702' title='bbox 3510 3307 3651 3361; x_wconf 87' lang='lat' dir='ltr'><strong>enim</strong></span> 
     </span>
    </p>
   </div>
   <div class='ocr_carea' id='block_1_91' title="bbox 2067 3395 3654 3468">
    <p class='ocr_par' dir='ltr' id='par_1_91' title="bbox 2067 3395 3654 3468">
     <span class='ocr_line' id='line_1_91' title="bbox 2067 3395 3654 3468; baseline 0 -18"><span class='ocrx_word' id='word_1_703' title='bbox 2067 3397 2181 3466; x_wconf 85' lang='lat' dir='ltr'><strong>ipse</strong></span> <span class='ocrx_word' id='word_1_704' title='bbox 2210 3395 2399 3451; x_wconf 88' lang='lat' dir='ltr'><strong>adesse</strong></span> <span class='ocrx_word' id='word_1_705' title='bbox 2431 3412 2536 3451; x_wconf 92' lang='lat' dir='ltr'><strong>non</strong></span> <span class='ocrx_word' id='word_1_706' title='bbox 2570 3408 2794 3466; x_wconf 87' lang='lat' dir='ltr'><strong>poterat,</strong></span> <span class='ocrx_word' id='word_1_707' title='bbox 2824 3397 3111 3468; x_wconf 89' lang='lat' dir='ltr'><strong>discipulos</strong></span> <span class='ocrx_word' id='word_1_708' title='bbox 3151 3400 3435 3454; x_wconf 88' lang='lat' dir='ltr'><strong>mittebat:</strong></span> <span class='ocrx_word' id='word_1_709' title='bbox 3467 3400 3535 3452; x_wconf 88' lang='lat' dir='ltr'><strong>ita</strong></span> <span class='ocrx_word' id='word_1_710' title='bbox 3568 3415 3654 3452; x_wconf 89' lang='lat' dir='ltr'><strong>res</strong></span> 
     </span>
    </p>
   </div>
   <div class='ocr_carea' id='block_1_92' title="bbox 2069 3489 3652 3560">
    <p class='ocr_par' dir='ltr' id='par_1_92' title="bbox 2069 3489 3652 3560">
     <span class='ocr_line' id='line_1_92' title="bbox 2069 3489 3652 3560; baseline 0.002 -19"><span class='ocrx_word' id='word_1_711' title='bbox 2069 3489 2277 3542; x_wconf 88' lang='lat' dir='ltr'><strong>illorum</strong></span> <span class='ocrx_word' id='word_1_712' title='bbox 2306 3489 2404 3543; x_wconf 90' lang='lat' dir='ltr'><strong>sibi</strong></span> <span class='ocrx_word' id='word_1_713' title='bbox 2437 3490 2641 3559; x_wconf 83' lang='lat' dir='ltr'><strong>ignotas</strong></span> <span class='ocrx_word' id='word_1_714' title='bbox 2667 3505 2787 3544; x_wconf 90' lang='lat' dir='ltr'><strong>esse</strong></span> <span class='ocrx_word' id='word_1_715' title='bbox 2812 3505 2879 3544; x_wconf 90' lang='lat' dir='ltr'><strong>ne</strong></span> <span class='ocrx_word' id='word_1_716' title='bbox 2906 3490 2971 3544; x_wconf 90' lang='lat' dir='ltr'><strong>ad</strong></span> <span class='ocrx_word' id='word_1_717' title='bbox 3005 3490 3163 3546; x_wconf 87' lang='lat' dir='ltr'><strong>breve</strong></span> <span class='ocrx_word' id='word_1_718' title='bbox 3194 3491 3407 3560; x_wconf 91' lang='lat' dir='ltr'><strong>quidem</strong></span> <span class='ocrx_word' id='word_1_719' title='bbox 3442 3501 3652 3559; x_wconf 87' lang='lat' dir='ltr'><strong>tempus</strong></span> 
     </span>
    </p>
   </div>
   <div class='ocr_carea' id='block_1_93' title="bbox 2071 3581 3651 3651">
    <p class='ocr_par' dir='ltr' id='par_1_93' title="bbox 2071 3581 3651 3651">
     <span class='ocr_line' id='line_1_93' title="bbox 2071 3581 3651 3651; baseline 0 -18"><span class='ocrx_word' id='word_1_720' title='bbox 2071 3581 2210 3634; x_wconf 87' lang='lat' dir='ltr'><strong>ferre</strong></span> <span class='ocrx_word' id='word_1_721' title='bbox 2240 3589 2467 3650; x_wconf 89' lang='lat' dir='ltr'><strong>poterat.</strong></span> <span class='ocrx_word' id='word_1_722' title='bbox 2500 3581 2616 3635; x_wconf 90' lang='lat' dir='ltr'><strong>Non</strong></span> <span class='ocrx_word' id='word_1_723' title='bbox 2647 3581 2788 3635; x_wconf 90' lang='lat' dir='ltr'><strong>enim</strong></span> <span class='ocrx_word' id='word_1_724' title='bbox 2829 3581 3020 3650; x_wconf 90' lang='lat' dir='ltr'><strong>spiritu</strong></span> <span class='ocrx_word' id='word_1_725' title='bbox 3055 3583 3230 3636; x_wconf 87' lang='lat' dir='ltr'><strong>omnia</strong></span> <span class='ocrx_word' id='word_1_726' title='bbox 3261 3582 3651 3651; x_wconf 81' lang='lat' dir='ltr'><strong>cognoscebat;</strong></span> 
     </span>
    </p>
   </div>
   <div class='ocr_carea' id='block_1_94' title="bbox 2071 3673 3653 3743">
    <p class='ocr_par' dir='ltr' id='par_1_94' title="bbox 2071 3673 3653 3743">
     <span class='ocr_line' id='line_1_94' title="bbox 2071 3673 3653 3743; baseline 0 -17"><span class='ocrx_word' id='word_1_727' title='bbox 2071 3673 2229 3742; x_wconf 87' lang='lat' dir='ltr'><strong>idque</strong></span> <span class='ocrx_word' id='word_1_728' title='bbox 2247 3673 2366 3742; x_wconf 89' lang='lat' dir='ltr'><strong>jure</strong></span> <span class='ocrx_word' id='word_1_729' title='bbox 2395 3673 2570 3727; x_wconf 83' lang='lat' dir='ltr'><strong>fiebat.</strong></span> <span class='ocrx_word' id='word_1_730' title='bbox 2601 3673 2808 3727; x_wconf 88' lang='lat' dir='ltr'><strong>Etenim</strong></span> <span class='ocrx_word' id='word_1_731' title='bbox 2837 3673 2881 3727; x_wconf 92' lang='lat' dir='ltr'><strong>si</strong></span> <span class='ocrx_word' id='word_1_732' title='bbox 2907 3673 3009 3728; x_wconf 89' lang='lat' dir='ltr'><strong>hoc</strong></span> <span class='ocrx_word' id='word_1_733' title='bbox 3033 3674 3132 3727; x_wconf 90' lang='lat' dir='ltr'><strong>sibi</strong></span> <span class='ocrx_word' id='word_1_734' title='bbox 3160 3673 3405 3743; x_wconf 82' lang='lat' dir='ltr'><strong>discipuli</strong></span> <span class='ocrx_word' id='word_1_735' title='bbox 3436 3689 3653 3742; x_wconf 88' lang='lat' dir='ltr'><strong>persna-</strong></span> 
     </span>
    </p>
   </div>
   <div class='ocr_carea' id='block_1_95' title="bbox 2071 3764 3658 3835">
    <p class='ocr_par' dir='ltr' id='par_1_95' title="bbox 2071 3764 3658 3835">
     <span class='ocr_line' id='line_1_95' title="bbox 2071 3764 3658 3835; baseline 0.001 -16"><span class='ocrx_word' id='word_1_736' title='bbox 2071 3765 2291 3830; x_wconf 86' lang='lat' dir='ltr'><strong>sissent,</strong></span> <span class='ocrx_word' id='word_1_737' title='bbox 2321 3765 2654 3833; x_wconf 89' lang='lat' dir='ltr'><strong>impudentes</strong></span> <span class='ocrx_word' id='word_1_738' title='bbox 2682 3764 2804 3819; x_wconf 88' lang='lat' dir='ltr'><strong>facti</strong></span> <span class='ocrx_word' id='word_1_739' title='bbox 2830 3775 3042 3830; x_wconf 87' lang='lat' dir='ltr'><strong>essent;</strong></span> <span class='ocrx_word' id='word_1_740' title='bbox 3070 3781 3211 3820; x_wconf 91' lang='lat' dir='ltr'><strong>nunc</strong></span> <span class='ocrx_word' id='word_1_741' title='bbox 3236 3781 3365 3820; x_wconf 88' lang='lat' dir='ltr'><strong>vero</strong></span> <span class='ocrx_word' id='word_1_742' title='bbox 3392 3782 3510 3820; x_wconf 91' lang='lat' dir='ltr'><strong>eum</strong></span> <span class='ocrx_word' id='word_1_743' title='bbox 3537 3783 3658 3835; x_wconf 88' lang='lat' dir='ltr'><strong>spe-</strong></span> 
     </span>
    </p>
   </div>
   <div class='ocr_carea' id='block_1_96' title="bbox 2072 3855 3657 3927">
    <p class='ocr_par' dir='ltr' id='par_1_96' title="bbox 2072 3855 3657 3927">
     <span class='ocr_line' id='line_1_96' title="bbox 2072 3855 3657 3927; baseline 0.001 -17"><span class='ocrx_word' id='word_1_744' title='bbox 2072 3865 2254 3910; x_wconf 89' lang='lat' dir='ltr'><strong>rarent</strong></span> <span class='ocrx_word' id='word_1_745' title='bbox 2295 3855 2460 3910; x_wconf 88' lang='lat' dir='ltr'><strong>latere</strong></span> <span class='ocrx_word' id='word_1_746' title='bbox 2486 3897 2499 3920; x_wconf 97' lang='lat'><strong>,</strong></span> <span class='ocrx_word' id='word_1_747' title='bbox 2533 3855 2738 3910; x_wconf 82' lang='lat' dir='ltr'><strong>facilius</strong></span> <span class='ocrx_word' id='word_1_748' title='bbox 2774 3857 3196 3927; x_wconf 86' lang='lat' dir='ltr'><strong>corrigebantur.</strong></span> <span class='ocrx_word' id='word_1_749' title='bbox 3231 3857 3343 3911; x_wconf 88' lang='lat' dir='ltr'><strong>Hoc</strong></span> <span class='ocrx_word' id='word_1_750' title='bbox 3383 3858 3499 3926; x_wconf 90' lang='lat' dir='ltr'><strong>ipso</strong></span> <span class='ocrx_word' id='word_1_751' title='bbox 3530 3873 3657 3912; x_wconf 84' lang='lat' dir='ltr'><strong>vero</strong></span> 
     </span>
    </p>
   </div>
   <div class='ocr_carea' id='block_1_97' title="bbox 2072 3949 3658 4020">
    <p class='ocr_par' dir='ltr' id='par_1_97' title="bbox 2072 3949 3658 4020">
     <span class='ocr_line' id='line_1_97' title="bbox 2072 3949 3658 4020; baseline 0 -18"><span class='ocrx_word' id='word_1_752' title='bbox 2072 3949 2195 4003; x_wconf 91' lang='lat' dir='ltr'><strong>illos</strong></span> <span class='ocrx_word' id='word_1_753' title='bbox 2235 3949 2568 4018; x_wconf 90' lang='lat' dir='ltr'><strong>potissimum</strong></span> <span class='ocrx_word' id='word_1_754' title='bbox 2606 3957 2841 4004; x_wconf 90' lang='lat' dir='ltr'><strong>attentos</strong></span> <span class='ocrx_word' id='word_1_755' title='bbox 2869 3950 3074 4016; x_wconf 87' lang='lat' dir='ltr'><strong>reddit,</strong></span> <span class='ocrx_word' id='word_1_756' title='bbox 3099 3950 3240 4020; x_wconf 91' lang='lat' dir='ltr'><strong>quod</strong></span> <span class='ocrx_word' id='word_1_757' title='bbox 3281 3952 3484 4020; x_wconf 88' lang='lat' dir='ltr'><strong>inquit,</strong></span> <span class='ocrx_word' id='word_1_758' title='bbox 3519 3949 3583 4004; x_wconf 85' lang='lat' dir='ltr'><strong>Ut</strong></span> <span class='ocrx_word' id='word_1_759' title='bbox 3612 3959 3658 4002; x_wconf 88' lang='lat' dir='ltr'><strong>et</strong></span> 
     </span>
    </p>
   </div>
   <div class='ocr_carea' id='block_1_98' title="bbox 2071 4041 3657 4112">
    <p class='ocr_par' dir='ltr' id='par_1_98' title="bbox 2071 4041 3657 4112">
     <span class='ocr_line' id='line_1_98' title="bbox 2071 4041 3657 4112; baseline 0.001 -18"><span class='ocrx_word' id='word_1_760' title='bbox 2071 4057 2164 4111; x_wconf 90' lang='lat' dir='ltr'><strong>ego</strong></span> <span class='ocrx_word' id='word_1_761' title='bbox 2189 4041 2316 4094; x_wconf 82' lang='lat' dir='ltr'><strong>bona</strong></span> <span class='ocrx_word' id='word_1_762' title='bbox 2342 4041 2513 4093; x_wconf 89' lang='lat' dir='ltr'><strong>animo</strong></span> <span class='ocrx_word' id='word_1_763' title='bbox 2548 4041 2642 4094; x_wconf 80' lang='lat' dir='ltr'><strong>sint</strong></span> <span class='ocrx_word' id='word_1_764' title='bbox 2662 4083 2676 4104; x_wconf 94' lang='lat'><strong>,</strong></span> <span class='ocrx_word' id='word_1_765' title='bbox 2719 4041 3038 4112; x_wconf 87' lang='lat' dir='ltr'><strong>illorttmque</strong></span> <span class='ocrx_word' id='word_1_766' title='bbox 3078 4043 3310 4097; x_wconf 89' lang='lat' dir='ltr'><strong>studium</strong></span> <span class='ocrx_word' id='word_1_767' title='bbox 3344 4057 3406 4096; x_wconf 90' lang='lat' dir='ltr'><strong>ac</strong></span> <span class='ocrx_word' id='word_1_768' title='bbox 3430 4043 3657 4111; x_wconf 85' lang='lat' dir='ltr'><strong>diligen-</strong></span> 
     </span>
    </p>
   </div>
   <div class='ocr_carea' id='block_1_99' title="bbox 2073 4135 3656 4200">
    <p class='ocr_par' dir='ltr' id='par_1_99' title="bbox 2073 4135 3656 4200">
     <span class='ocr_line' id='line_1_99' title="bbox 2073 4135 3656 4200; baseline -0.001 -12"><span class='ocrx_word' id='word_1_769' title='bbox 2073 4135 2200 4188; x_wconf 88' lang='lat' dir='ltr'><strong>tiam</strong></span> <span class='ocrx_word' id='word_1_770' title='bbox 2231 4135 2404 4199; x_wconf 89' lang='lat' dir='ltr'><strong>acuit,</strong></span> <span class='ocrx_word' id='word_1_771' title='bbox 2433 4135 2502 4189; x_wconf 92' lang='lat' dir='ltr'><strong>ita</strong></span> <span class='ocrx_word' id='word_1_772' title='bbox 2533 4143 2620 4200; x_wconf 92' lang='lat' dir='ltr'><strong>ut,</strong></span> <span class='ocrx_word' id='word_1_773' title='bbox 2662 4136 2872 4189; x_wconf 90' lang='lat' dir='ltr'><strong>tametsi</strong></span> <span class='ocrx_word' id='word_1_774' title='bbox 2914 4135 3226 4190; x_wconf 90' lang='lat' dir='ltr'><strong>Timotheus</strong></span> <span class='ocrx_word' id='word_1_775' title='bbox 3263 4151 3367 4189; x_wconf 89' lang='lat' dir='ltr'><strong>non</strong></span> <span class='ocrx_word' id='word_1_776' title='bbox 3411 4135 3656 4200; x_wconf 89' lang='lat' dir='ltr'><strong>venerit,</strong></span> 
     </span>
    </p>
   </div>
   <div class='ocr_carea' id='block_1_100' title="bbox 2074 4226 3660 4296">
    <p class='ocr_par' dir='ltr' id='par_1_100' title="bbox 2074 4226 3660 4296">
     <span class='ocr_line' id='line_1_100' title="bbox 2074 4226 3660 4296; baseline 0.001 -17"><span class='ocrx_word' id='word_1_777' title='bbox 2074 4227 2238 4280; x_wconf 89' lang='lat' dir='ltr'><strong>alium</strong></span> <span class='ocrx_word' id='word_1_778' title='bbox 2280 4236 2456 4281; x_wconf 87' lang='lat' dir='ltr'><strong>tamen</strong></span> <span class='ocrx_word' id='word_1_779' title='bbox 2498 4227 2809 4280; x_wconf 91' lang='lat' dir='ltr'><strong>inventurus</strong></span> <span class='ocrx_word' id='word_1_780' title='bbox 2851 4227 2921 4281; x_wconf 93' lang='lat' dir='ltr'><strong>sit</strong></span> <span class='ocrx_word' id='word_1_781' title='bbox 2965 4229 3051 4296; x_wconf 91' lang='lat' dir='ltr'><strong>qui</strong></span> <span class='ocrx_word' id='word_1_782' title='bbox 3089 4228 3187 4296; x_wconf 85' lang='lat' dir='ltr'><strong>ipsi</strong></span> <span class='ocrx_word' id='word_1_783' title='bbox 3229 4229 3512 4281; x_wconf 88' lang='lat' dir='ltr'><strong>renuntiet.</strong></span> <span class='ocrx_word' id='word_1_784' title='bbox 3549 4226 3660 4281; x_wconf 87' lang='lat' dir='ltr'><strong>Hac</strong></span> 
     </span>
    </p>
   </div>
   <div class='ocr_carea' id='block_1_101' title="bbox 2075 4318 3659 4387">
    <p class='ocr_par' dir='ltr' id='par_1_101' title="bbox 2075 4318 3659 4387">
     <span class='ocr_line' id='line_1_101' title="bbox 2075 4318 3659 4387; baseline 0.001 -16"><span class='ocrx_word' id='word_1_785' title='bbox 2075 4328 2254 4373; x_wconf 91' lang='lat' dir='ltr'><strong>autem</strong></span> <span class='ocrx_word' id='word_1_786' title='bbox 2285 4319 2398 4387; x_wconf 92' lang='lat' dir='ltr'><strong>ipse</strong></span> <span class='ocrx_word' id='word_1_787' title='bbox 2427 4318 2584 4372; x_wconf 87' lang='lat' dir='ltr'><strong>etiam</strong></span> <span class='ocrx_word' id='word_1_788' title='bbox 2626 4321 2831 4373; x_wconf 91' lang='lat' dir='ltr'><strong>ratione</strong></span> <span class='ocrx_word' id='word_1_789' title='bbox 2867 4320 3146 4387; x_wconf 81' lang='lat' dir='ltr'><strong>perspicue</strong></span> <span class='ocrx_word' id='word_1_790' title='bbox 3177 4333 3305 4373; x_wconf 91' lang='lat' dir='ltr'><strong>usus</strong></span> <span class='ocrx_word' id='word_1_791' title='bbox 3333 4328 3412 4373; x_wconf 88' lang='lat' dir='ltr'><strong>est</strong></span> <span class='ocrx_word' id='word_1_792' title='bbox 3432 4361 3446 4384; x_wconf 93' lang='lat'><strong>,</strong></span> <span class='ocrx_word' id='word_1_793' title='bbox 3473 4335 3659 4372; x_wconf 92' lang='lat' dir='ltr'><strong>suum-</strong></span> 
     </span>
    </p>
   </div>
   <div class='ocr_carea' id='block_1_102' title="bbox 2076 4409 3659 4478">
    <p class='ocr_par' dir='ltr' id='par_1_102' title="bbox 2076 4409 3659 4478">
     <span class='ocr_line' id='line_1_102' title="bbox 2076 4409 3659 4478; baseline 0.001 -16"><span class='ocrx_word' id='word_1_794' title='bbox 2076 4425 2178 4478; x_wconf 84' lang='lat' dir='ltr'><strong>que</strong></span> <span class='ocrx_word' id='word_1_795' title='bbox 2215 4409 2501 4464; x_wconf 90' lang='lat' dir='ltr'><strong>adventum</strong></span> <span class='ocrx_word' id='word_1_796' title='bbox 2532 4409 2739 4463; x_wconf 84' lang='lat' dir='ltr'><strong>distulit</strong></span> <span class='ocrx_word' id='word_1_797' title='bbox 2760 4452 2777 4473; x_wconf 84' lang='lat'><strong>,</strong></span> <span class='ocrx_word' id='word_1_798' title='bbox 2811 4419 2866 4462; x_wconf 90' lang='lat' dir='ltr'><strong>ut</strong></span> <span class='ocrx_word' id='word_1_799' title='bbox 2899 4409 3160 4464; x_wconf 90' lang='lat' dir='ltr'><strong>Corinthii</strong></span> <span class='ocrx_word' id='word_1_800' title='bbox 3195 4419 3659 4465; x_wconf 88' lang='lat' dir='ltr'><strong>converterentur.</strong></span> 
     </span>
    </p>
   </div>
   <div class='ocr_carea' id='block_1_103' title="bbox 2079 4500 3664 4569">
    <p class='ocr_par' dir='ltr' id='par_1_103' title="bbox 2079 4500 3664 4569">
     <span class='ocr_line' id='line_1_103' title="bbox 2079 4500 3664 4569; baseline 0.001 -15"><span class='ocrx_word' id='word_1_801' title='bbox 2079 4500 2366 4569; x_wconf 77' lang='lat' dir='ltr'><strong>Propterea</strong></span> <span class='ocrx_word' id='word_1_802' title='bbox 2387 4504 2547 4555; x_wconf 89' lang='lat' dir='ltr'><strong>etiam</strong></span> <span class='ocrx_word' id='word_1_803' title='bbox 2575 4502 2860 4566; x_wconf 86' lang='lat' dir='ltr'><strong>scribebat,</strong></span> <span class='ocrx_word' id='word_1_804' title='bbox 2890 4500 3111 4554; x_wconf 86' lang='lat' dir='ltr'><strong>Parcens</strong></span> <span class='ocrx_word' id='word_1_805' title='bbox 3140 4503 3277 4555; x_wconf 86' lang='lat' dir='ltr'><strong>vobis</strong></span> <span class='ocrx_word' id='word_1_806' title='bbox 3305 4503 3529 4555; x_wconf 87' lang='lat' dir='ltr'><strong>nondum</strong></span> <span class='ocrx_word' id='word_1_807' title='bbox 3553 4503 3664 4555; x_wconf 83' lang='lat' dir='ltr'><strong>veni</strong></span> 
     </span>
    </p>
   </div>
   <div class='ocr_carea' id='block_1_104' title="bbox 2080 4592 3662 4662">
    <p class='ocr_par' dir='ltr' id='par_1_104' title="bbox 2080 4592 3662 4662">
     <span class='ocr_line' id='line_1_104' title="bbox 2080 4592 3662 4662; baseline -0.001 -14"><span class='ocrx_word' id='word_1_808' title='bbox 2080 4593 2378 4648; x_wconf 85' lang='lat' dir='ltr'><strong>Corinthum</strong></span> <span class='ocrx_word' id='word_1_809' title='bbox 2403 4594 2483 4662; x_wconf 74' lang='lat'><strong>(2.</strong></span> <span class='ocrx_word' id='word_1_810' title='bbox 2516 4593 2633 4646; x_wconf 83' lang='lat' dir='ltr'><strong>Cor.</strong></span> <span class='ocrx_word' id='word_1_811' title='bbox 2665 4594 2714 4646; x_wconf 89' lang='grc'><strong>1.</strong></span> <span class='ocrx_word' id='word_1_812' title='bbox 2747 4592 2862 4660; x_wconf 72' lang='lat'><strong>23).</strong></span> <span class='ocrx_word' id='word_1_813' title='bbox 2893 4592 3007 4646; x_wconf 88' lang='lat' dir='ltr'><strong>Non</strong></span> <span class='ocrx_word' id='word_1_814' title='bbox 3038 4593 3179 4647; x_wconf 89' lang='lat' dir='ltr'><strong>enim</strong></span> <span class='ocrx_word' id='word_1_815' title='bbox 3213 4592 3315 4648; x_wconf 90' lang='lat' dir='ltr'><strong>hoc</strong></span> <span class='ocrx_word' id='word_1_816' title='bbox 3343 4594 3459 4648; x_wconf 80' lang='lat' dir='ltr'><strong>solo</strong></span> <span class='ocrx_word' id='word_1_817' title='bbox 3488 4604 3662 4648; x_wconf 91' lang='lat' dir='ltr'><strong>osten-</strong></span> 
     </span>
    </p>
   </div>
   <div class='ocr_carea' id='block_1_105' title="bbox 2079 4683 3665 4754">
    <p class='ocr_par' dir='ltr' id='par_1_105' title="bbox 2079 4683 3665 4754">
     <span class='ocr_line' id='line_1_105' title="bbox 2079 4683 3665 4754; baseline 0 -15"><span class='ocrx_word' id='word_1_818' title='bbox 2079 4686 2223 4739; x_wconf 90' lang='lat' dir='ltr'><strong>ditur</strong></span> <span class='ocrx_word' id='word_1_819' title='bbox 2262 4686 2454 4739; x_wconf 89' lang='lat' dir='ltr'><strong>caritas</strong></span> <span class='ocrx_word' id='word_1_820' title='bbox 2475 4727 2490 4750; x_wconf 97' lang='lat'><strong>,</strong></span> <span class='ocrx_word' id='word_1_821' title='bbox 2523 4683 2664 4754; x_wconf 89' lang='lat' dir='ltr'><strong>quod</strong></span> <span class='ocrx_word' id='word_1_822' title='bbox 2711 4699 2806 4737; x_wconf 90' lang='lat' dir='ltr'><strong>sua</strong></span> <span class='ocrx_word' id='word_1_823' title='bbox 2846 4683 3087 4748; x_wconf 84' lang='lat' dir='ltr'><strong>nuntiet,</strong></span> <span class='ocrx_word' id='word_1_824' title='bbox 3117 4684 3211 4738; x_wconf 90' lang='lat' dir='ltr'><strong>sed</strong></span> <span class='ocrx_word' id='word_1_825' title='bbox 3242 4685 3400 4738; x_wconf 88' lang='lat' dir='ltr'><strong>etiam</strong></span> <span class='ocrx_word' id='word_1_826' title='bbox 3427 4685 3567 4754; x_wconf 88' lang='lat' dir='ltr'><strong>quod</strong></span> <span class='ocrx_word' id='word_1_827' title='bbox 3599 4686 3665 4739; x_wconf 87' lang='lat' dir='ltr'><strong>de</strong></span> 
     </span>
    </p>
   </div>
   <div class='ocr_carea' id='block_1_106' title="bbox 2083 4775 3667 4843">
    <p class='ocr_par' dir='ltr' id='par_1_106' title="bbox 2083 4775 3667 4843">
     <span class='ocr_line' id='line_1_106' title="bbox 2083 4775 3667 4843; baseline 0 -13"><span class='ocrx_word' id='word_1_828' title='bbox 2083 4777 2294 4831; x_wconf 90' lang='lat' dir='ltr'><strong>illorum</strong></span> <span class='ocrx_word' id='word_1_829' title='bbox 2320 4783 2461 4828; x_wconf 83' lang='lat' dir='ltr'><strong>statu</strong></span> <span class='ocrx_word' id='word_1_830' title='bbox 2482 4776 2658 4843; x_wconf 87' lang='lat' dir='ltr'><strong>cupiat</strong></span> <span class='ocrx_word' id='word_1_831' title='bbox 2684 4789 3009 4842; x_wconf 77' lang='lat' dir='ltr'><strong>cognoscere</strong></span> <span class='ocrx_word' id='word_1_832' title='bbox 3038 4793 3050 4827; x_wconf 95' lang='lat'><strong>:</strong></span> <span class='ocrx_word' id='word_1_833' title='bbox 3077 4776 3176 4828; x_wconf 89' lang='lat' dir='ltr'><strong>hoc</strong></span> <span class='ocrx_word' id='word_1_834' title='bbox 3203 4775 3342 4829; x_wconf 89' lang='lat' dir='ltr'><strong>enim</strong></span> <span class='ocrx_word' id='word_1_835' title='bbox 3370 4777 3560 4830; x_wconf 78' lang='lat' dir='ltr'><strong>anima:</strong></span> <span class='ocrx_word' id='word_1_836' title='bbox 3584 4787 3667 4830; x_wconf 88' lang='lat' dir='ltr'><strong>est</strong></span> 
     </span>
    </p>
   </div>
   <div class='ocr_carea' id='block_1_107' title="bbox 2082 4865 3664 4936">
    <p class='ocr_par' dir='ltr' id='par_1_107' title="bbox 2082 4865 3664 4936">
     <span class='ocr_line' id='line_1_107' title="bbox 2082 4865 3664 4936; baseline 0 -16"><span class='ocrx_word' id='word_1_837' title='bbox 2082 4867 2235 4922; x_wconf 85' lang='lat' dir='ltr'><strong>valde</strong></span> <span class='ocrx_word' id='word_1_838' title='bbox 2263 4865 2500 4919; x_wconf 89' lang='lat' dir='ltr'><strong>curantis</strong></span> <span class='ocrx_word' id='word_1_839' title='bbox 2539 4876 2595 4920; x_wconf 89' lang='lat' dir='ltr'><strong>et</strong></span> <span class='ocrx_word' id='word_1_840' title='bbox 2630 4865 2937 4936; x_wconf 87' lang='lat' dir='ltr'><strong>satageutis,</strong></span> <span class='ocrx_word' id='word_1_841' title='bbox 2971 4875 3023 4919; x_wconf 90' lang='lat' dir='ltr'><strong>et</strong></span> <span class='ocrx_word' id='word_1_842' title='bbox 3061 4866 3110 4918; x_wconf 91' lang='lat' dir='ltr'><strong>in</strong></span> <span class='ocrx_word' id='word_1_843' title='bbox 3155 4877 3404 4935; x_wconf 73' lang='lat' dir='ltr'><strong>perpetua</strong></span> <span class='ocrx_word' id='word_1_844' title='bbox 3436 4866 3664 4936; x_wconf 89' lang='lat' dir='ltr'><strong>quadam</strong></span> 
     </span>
    </p>
   </div>
   <div class='ocr_carea' id='block_1_108' title="bbox 2084 4956 3666 5013">
    <p class='ocr_par' dir='ltr' id='par_1_108' title="bbox 2084 4956 3666 5013">
     <span class='ocr_line' id='line_1_108' title="bbox 2084 4956 3666 5013; baseline 0 -1"><span class='ocrx_word' id='word_1_845' title='bbox 2084 4957 2443 5012; x_wconf 82' lang='lat' dir='ltr'><strong>Sollicitudiue</strong></span> <span class='ocrx_word' id='word_1_846' title='bbox 2486 4957 2768 5011; x_wconf 85' lang='lat' dir='ltr'><strong>versantis.</strong></span> <span class='ocrx_word' id='word_1_847' title='bbox 2817 4956 2983 5011; x_wconf 90' lang='lat' dir='ltr'><strong>Simul</strong></span> <span class='ocrx_word' id='word_1_848' title='bbox 3027 4969 3153 5011; x_wconf 85' lang='lat' dir='ltr'><strong>vero</strong></span> <span class='ocrx_word' id='word_1_849' title='bbox 3196 4965 3249 5011; x_wconf 91' lang='lat' dir='ltr'><strong>et</strong></span> <span class='ocrx_word' id='word_1_850' title='bbox 3297 4957 3500 5013; x_wconf 89' lang='lat' dir='ltr'><strong>honore</strong></span> <span class='ocrx_word' id='word_1_851' title='bbox 3549 4959 3666 5012; x_wconf 89' lang='lat' dir='ltr'><strong>illos</strong></span> 
     </span>
    </p>
   </div>
   <div class='ocr_carea' id='block_1_109' title="bbox 2084 5047 3665 5115">
    <p class='ocr_par' dir='ltr' id='par_1_109' title="bbox 2084 5047 3665 5115">
     <span class='ocr_line' id='line_1_109' title="bbox 2084 5047 3665 5115; baseline -0.002 -12"><span class='ocrx_word' id='word_1_852' title='bbox 2084 5050 2249 5104; x_wconf 89' lang='lat' dir='ltr'><strong>afﬁcit</strong></span> <span class='ocrx_word' id='word_1_853' title='bbox 2268 5048 2604 5103; x_wconf 86' lang='lat' dir='ltr'><strong>Timotheum</strong></span> <span class='ocrx_word' id='word_1_854' title='bbox 2637 5048 2870 5102; x_wconf 88' lang='lat' dir='ltr'><strong>mittens.</strong></span> <span class='ocrx_word' id='word_1_855' title='bbox 2896 5047 3031 5115; x_wconf 86' lang='lat' dir='ltr'><strong>Quid</strong></span> <span class='ocrx_word' id='word_1_856' title='bbox 3054 5048 3171 5101; x_wconf 83' lang='lat' dir='ltr'><strong>ais?</strong></span> <span class='ocrx_word' id='word_1_857' title='bbox 3191 5047 3527 5102; x_wconf 88' lang='lat' dir='ltr'><strong>Timotheum</strong></span> <span class='ocrx_word' id='word_1_858' title='bbox 3554 5050 3665 5100; x_wconf 89' lang='lat' dir='ltr'><strong>mit-</strong></span> 
     </span>
    </p>
   </div>
   <div class='ocr_carea' id='block_1_110' title="bbox 2086 5138 3665 5212">
    <p class='ocr_par' dir='ltr' id='par_1_110' title="bbox 2086 5138 3665 5212">
     <span class='ocr_line' id='line_1_110' title="bbox 2086 5138 3665 5212; baseline -0.003 -16"><span class='ocrx_word' id='word_1_859' title='bbox 2086 5142 2186 5196; x_wconf 85' lang='lat' dir='ltr'><strong>tis?</strong></span> <span class='ocrx_word' id='word_1_860' title='bbox 2215 5141 2585 5212; x_wconf 84' lang='lat' dir='ltr'><strong>quapropter?</strong></span> <span class='ocrx_word' id='word_1_861' title='bbox 2613 5139 2753 5196; x_wconf 90' lang='lat' dir='ltr'><strong>Sane</strong></span> <span class='ocrx_word' id='word_1_862' title='bbox 2772 5182 2786 5206; x_wconf 92' lang='lat'><strong>,</strong></span> <span class='ocrx_word' id='word_1_863' title='bbox 2815 5140 2984 5210; x_wconf 91' lang='lat' dir='ltr'><strong>inquit</strong></span> <span class='ocrx_word' id='word_1_864' title='bbox 3009 5157 3023 5205; x_wconf 91' lang='lat'><strong>;</strong></span> <span class='ocrx_word' id='word_1_865' title='bbox 3053 5138 3322 5194; x_wconf 88' lang='lat' dir='ltr'><strong>Neminem</strong></span> <span class='ocrx_word' id='word_1_866' title='bbox 3347 5141 3478 5194; x_wconf 88' lang='lat' dir='ltr'><strong>enim</strong></span> <span class='ocrx_word' id='word_1_867' title='bbox 3510 5140 3665 5192; x_wconf 84' lang='lat' dir='ltr'><strong>habeo</strong></span> 
     </span>
    </p>
   </div>
   <div class='ocr_carea' id='block_1_111' title="bbox 2086 5231 3664 5301">
    <p class='ocr_par' dir='ltr' id='par_1_111' title="bbox 2086 5231 3664 5301">
     <span class='ocr_line' id='line_1_111' title="bbox 2086 5231 3664 5301; baseline -0.002 -15"><span class='ocrx_word' id='word_1_868' title='bbox 2086 5235 2413 5297; x_wconf 86' lang='lat' dir='ltr'><strong>unanimem;</strong></span> <span class='ocrx_word' id='word_1_869' title='bbox 2439 5233 2489 5287; x_wconf 92' lang='lat' dir='ltr'><strong>id</strong></span> <span class='ocrx_word' id='word_1_870' title='bbox 2523 5242 2634 5296; x_wconf 90' lang='lat' dir='ltr'><strong>est,</strong></span> <span class='ocrx_word' id='word_1_871' title='bbox 2667 5231 2754 5300; x_wconf 91' lang='lat' dir='ltr'><strong>qui</strong></span> <span class='ocrx_word' id='word_1_872' title='bbox 2785 5245 2936 5301; x_wconf 62' lang='lat' dir='ltr'><strong>atque</strong></span> <span class='ocrx_word' id='word_1_873' title='bbox 2965 5240 3121 5300; x_wconf 88' lang='lat' dir='ltr'><strong>atque</strong></span> <span class='ocrx_word' id='word_1_874' title='bbox 3149 5247 3248 5300; x_wconf 86' lang='lat' dir='ltr'><strong>ego</strong></span> <span class='ocrx_word' id='word_1_875' title='bbox 3273 5237 3449 5285; x_wconf 87' lang='lat' dir='ltr'><strong>vestra</strong></span> <span class='ocrx_word' id='word_1_876' title='bbox 3479 5240 3664 5294; x_wconf 87' lang='lat' dir='ltr'><strong>curet;</strong></span> 
     </span>
    </p>
   </div>
   <div class='ocr_carea' id='block_1_112' title="bbox 2085 5321 3665 5392">
    <p class='ocr_par' dir='ltr' id='par_1_112' title="bbox 2085 5321 3665 5392">
     <span class='ocr_line' id='line_1_112' title="bbox 2085 5321 3665 5392; baseline -0.001 -15"><span class='ocrx_word' id='word_1_877' title='bbox 2085 5326 2171 5392; x_wconf 89' lang='lat' dir='ltr'><strong>qui</strong></span> <span class='ocrx_word' id='word_1_878' title='bbox 2212 5325 2406 5378; x_wconf 83' lang='lat' dir='ltr'><strong>sincera</strong></span> <span class='ocrx_word' id='word_1_879' title='bbox 2450 5322 2716 5390; x_wconf 70' lang='lat' dir='ltr'><strong>alfectione</strong></span> <span class='ocrx_word' id='word_1_880' title='bbox 2759 5333 2850 5392; x_wconf 80' lang='lat' dir='ltr'><strong>pro</strong></span> <span class='ocrx_word' id='word_1_881' title='bbox 2889 5323 3023 5376; x_wconf 84' lang='lat' dir='ltr'><strong>vobis</strong></span> <span class='ocrx_word' id='word_1_882' title='bbox 3061 5323 3306 5376; x_wconf 73' lang='lat' dir='ltr'><strong>sollicitus</strong></span> <span class='ocrx_word' id='word_1_883' title='bbox 3340 5321 3541 5390; x_wconf 83' lang='lat' dir='ltr'><strong>futurus</strong></span> <span class='ocrx_word' id='word_1_884' title='bbox 3579 5323 3665 5376; x_wconf 88' lang='lat' dir='ltr'><strong>sit.</strong></span> 
     </span>
    </p>
   </div>
   <div class='ocr_carea' id='block_1_113' title="bbox 2087 5414 3670 5486">
    <p class='ocr_par' dir='ltr' id='par_1_113' title="bbox 2087 5414 3670 5486">
     <span class='ocr_line' id='line_1_113' title="bbox 2087 5414 3670 5486; baseline -0.001 -15"><span class='ocrx_word' id='word_1_885' title='bbox 2087 5417 2365 5471; x_wconf 86' lang='lat' dir='ltr'><strong>Neminem</strong></span> <span class='ocrx_word' id='word_1_886' title='bbox 2410 5428 2537 5486; x_wconf 88' lang='lat' dir='ltr'><strong>ergo</strong></span> <span class='ocrx_word' id='word_1_887' title='bbox 2581 5431 2762 5471; x_wconf 86' lang='lat' dir='ltr'><strong>secum</strong></span> <span class='ocrx_word' id='word_1_888' title='bbox 2811 5415 3069 5479; x_wconf 88' lang='lat' dir='ltr'><strong>habebat,</strong></span> <span class='ocrx_word' id='word_1_889' title='bbox 3103 5414 3193 5484; x_wconf 89' lang='lat' dir='ltr'><strong>qui</strong></span> <span class='ocrx_word' id='word_1_890' title='bbox 3223 5415 3470 5468; x_wconf 86' lang='lat' dir='ltr'><strong>eumdem</strong></span> <span class='ocrx_word' id='word_1_891' title='bbox 3509 5424 3670 5485; x_wconf 80' lang='lat' dir='ltr'><strong>atque</strong></span> 
     </span>
    </p>
   </div>
   <div class='ocr_carea' id='block_1_114' title="bbox 2091 5504 3668 5578">
    <p class='ocr_par' dir='ltr' id='par_1_114' title="bbox 2091 5504 3668 5578">
     <span class='ocr_line' id='line_1_114' title="bbox 2091 5504 3668 5578; baseline 0 -18"><span class='ocrx_word' id='word_1_892' title='bbox 2091 5509 2204 5575; x_wconf 78' lang='lat' dir='ltr'><strong>ipse</strong></span> <span class='ocrx_word' id='word_1_893' title='bbox 2246 5509 2484 5562; x_wconf 89' lang='lat' dir='ltr'><strong>animum</strong></span> <span class='ocrx_word' id='word_1_894' title='bbox 2528 5517 2756 5578; x_wconf 85' lang='lat' dir='ltr'><strong>gereret.</strong></span> <span class='ocrx_word' id='word_1_895' title='bbox 2805 5505 3103 5559; x_wconf 85' lang='lat' dir='ltr'><strong>Neminem.</strong></span> <span class='ocrx_word' id='word_1_896' title='bbox 3143 5504 3278 5572; x_wconf 89' lang='lat' dir='ltr'><strong>Quid</strong></span> <span class='ocrx_word' id='word_1_897' title='bbox 3323 5505 3374 5559; x_wconf 89' lang='lat' dir='ltr'><strong>id</strong></span> <span class='ocrx_word' id='word_1_898' title='bbox 3414 5506 3540 5560; x_wconf 85' lang='lat' dir='ltr'><strong>est?</strong></span> <span class='ocrx_word' id='word_1_899' title='bbox 3568 5507 3668 5571; x_wconf 88' lang='lat' dir='ltr'><strong>Qui</strong></span> 
     </span>
    </p>
   </div>
   <div class='ocr_carea' id='block_1_115' title="bbox 2091 5598 3664 5669">
    <p class='ocr_par' dir='ltr' id='par_1_115' title="bbox 2091 5598 3664 5669">
     <span class='ocr_line' id='line_1_115' title="bbox 2091 5598 3664 5669; baseline 0 -16"><span class='ocrx_word' id='word_1_900' title='bbox 2091 5600 2340 5654; x_wconf 89' lang='lat' dir='ltr'><strong>nimirum</strong></span> <span class='ocrx_word' id='word_1_901' title='bbox 2361 5615 2510 5669; x_wconf 66' lang='lat' dir='ltr'><strong>atque</strong></span> <span class='ocrx_word' id='word_1_902' title='bbox 2531 5607 2692 5668; x_wconf 84' lang='lat' dir='ltr'><strong>atque</strong></span> <span class='ocrx_word' id='word_1_903' title='bbox 2707 5613 2806 5668; x_wconf 81' lang='lat' dir='ltr'><strong>ego</strong></span> <span class='ocrx_word' id='word_1_904' title='bbox 2822 5613 2915 5652; x_wconf 90' lang='lat' dir='ltr'><strong>vos</strong></span> <span class='ocrx_word' id='word_1_905' title='bbox 2935 5605 3108 5662; x_wconf 91' lang='lat' dir='ltr'><strong>curet,</strong></span> <span class='ocrx_word' id='word_1_906' title='bbox 3128 5598 3382 5667; x_wconf 81' lang='lat' dir='ltr'><strong>vobisque</strong></span> <span class='ocrx_word' id='word_1_907' title='bbox 3403 5601 3664 5654; x_wconf 90' lang='lat' dir='ltr'><strong>consulat.</strong></span> 
     </span>
    </p>
   </div>
   <div class='ocr_carea' id='block_1_116' title="bbox 2091 5688 3669 5762">
    <p class='ocr_par' dir='ltr' id='par_1_116' title="bbox 2091 5688 3669 5762">
     <span class='ocr_line' id='line_1_116' title="bbox 2091 5688 3669 5762; baseline 0.002 -17"><span class='ocrx_word' id='word_1_908' title='bbox 2091 5691 2204 5746; x_wconf 89' lang='lat' dir='ltr'><strong>Non</strong></span> <span class='ocrx_word' id='word_1_909' title='bbox 2249 5691 2401 5746; x_wconf 89' lang='lat' dir='ltr'><strong>facile</strong></span> <span class='ocrx_word' id='word_1_910' title='bbox 2421 5735 2436 5757; x_wconf 97' lang='lat'><strong>,</strong></span> <span class='ocrx_word' id='word_1_911' title='bbox 2480 5690 2678 5760; x_wconf 88' lang='lat' dir='ltr'><strong>inquit,</strong></span> <span class='ocrx_word' id='word_1_912' title='bbox 2710 5690 2971 5760; x_wconf 87' lang='lat' dir='ltr'><strong>quispiam</strong></span> <span class='ocrx_word' id='word_1_913' title='bbox 3004 5688 3302 5745; x_wconf 82' lang='lat' dir='ltr'><strong>inveniatur</strong></span> <span class='ocrx_word' id='word_1_914' title='bbox 3334 5691 3425 5762; x_wconf 92' lang='lat' dir='ltr'><strong>qui</strong></span> <span class='ocrx_word' id='word_1_915' title='bbox 3473 5693 3574 5746; x_wconf 87' lang='lat' dir='ltr'><strong>hac</strong></span> <span class='ocrx_word' id='word_1_916' title='bbox 3601 5694 3669 5748; x_wconf 83' lang='lat' dir='ltr'><strong>de</strong></span> 
     </span>
    </p>
   </div>
   <div class='ocr_carea' id='block_1_117' title="bbox 2088 5782 3669 5857">
    <p class='ocr_par' dir='ltr' id='par_1_117' title="bbox 2088 5782 3669 5857">
     <span class='ocr_line' id='line_1_117' title="bbox 2088 5782 3669 5857; baseline 0.003 -21"><span class='ocrx_word' id='word_1_917' title='bbox 2088 5795 2248 5840; x_wconf 84' lang='lat' dir='ltr'><strong>causa</strong></span> <span class='ocrx_word' id='word_1_918' title='bbox 2278 5794 2480 5840; x_wconf 87' lang='lat' dir='ltr'><strong>tantum</strong></span> <span class='ocrx_word' id='word_1_919' title='bbox 2511 5782 2712 5839; x_wconf 84' lang='lat' dir='ltr'><strong>itineris</strong></span> <span class='ocrx_word' id='word_1_920' title='bbox 2745 5784 2872 5837; x_wconf 86' lang='lat' dir='ltr'><strong>veht</strong></span> <span class='ocrx_word' id='word_1_921' title='bbox 2897 5782 3192 5836; x_wconf 83' lang='lat' dir='ltr'><strong>conficere:</strong></span> <span class='ocrx_word' id='word_1_922' title='bbox 3221 5785 3309 5853; x_wconf 94' lang='lat' dir='ltr'><strong>qui</strong></span> <span class='ocrx_word' id='word_1_923' title='bbox 3331 5798 3482 5856; x_wconf 80' lang='lat' dir='ltr'><strong>:rque</strong></span> <span class='ocrx_word' id='word_1_924' title='bbox 3509 5794 3669 5857; x_wconf 81' lang='lat' dir='ltr'><strong>atque</strong></span> 
     </span>
    </p>
   </div>
   <div class='ocr_carea' id='block_1_118' title="bbox 3257 5908 3330 5967">
    <p class='ocr_par' dir='ltr' id='par_1_118' title="bbox 3257 5908 3330 5967">
     <span class='ocr_line' id='line_1_118' title="bbox 3257 5908 3330 5967; baseline 0.041 -3"><span class='ocrx_word' id='word_1_925' title='bbox 3257 5908 3330 5967; x_wconf 88' lang='grc'><strong>16</strong></span> 
     </span>
    </p>
   </div>
  </div>
