4108 6410
429 291 535 347 M1

433 425 535 477 ego
573 423 673 463 vos
714 414 859 462 amat
882 450 897 469 ,
939 404 1251 462 Timetbeus
1286 415 1370 461 est
1402 413 1594 462 :erant
1623 415 1799 458 autem
1829 411 1884 458 et
1921 402 2010 457 alii

434 516 572 572 quos
614 500 881 555 mitterem
904 540 919 565 ,
956 496 1051 552 sed
1090 512 1252 553 nemo
1280 498 1401 551 talis
1427 505 1532 552 est.
1573 497 1713 566 Ergo
1756 494 1857 549 hoc
1892 503 2010 560 est,

438 593 744 646 unanimem
766 605 908 657 esse,
930 588 1218 658 discipulos
1246 587 1466 658 perinde
1485 597 1645 657 atque
1670 588 1786 657 ipse
1810 600 2011 641 amare.

438 684 541 749 Qui
567 684 785 748 sincera,
814 682 1004 751 inquit,
1034 679 1300 747 affectione
1326 696 1419 749 pro
1445 679 1581 733 vobis
1603 678 1847 733 sollicitus
1876 677 2016 747 futu-

434 791 523 828 rus
550 774 651 839 sit;
683 772 734 828 id
760 780 1109 841 est,paterna.
1135 769 1325 825 Omnes
1344 771 1477 823 enim
1496 785 1609 833 qua:
1627 786 1720 824 sua
1743 778 1861 823 sunt
1879 782 2017 838 qua:-

434 877 577 931 runt,
601 882 702 921 non
725 881 839 936 qua:
858 865 983 919 Jesu
1006 864 1234 932 Christi;
1260 864 1311 919 id
1336 872 1438 928 est,
1458 864 1843 934 jncunditatem
1865 877 2014 918 suam

434 975 499 1014 ac
518 959 863 1015 securitatem
889 975 904 1012 :
925 957 1066 1028 quod
1092 957 1253 1012 etiam
1275 955 1341 1011 ad
1363 955 1701 1011 Timotheum
1723 954 2011 1010 scribebat.
2067 972 2078 980 ·

437 1052 545 1107 Sed
571 1066 669 1106 cur
706 1051 893 1105 istbaac
929 1049 1311 1119 conqueritur?
1338 1048 1449 1103 Nos
1476 1047 1674 1103 docens
1698 1089 1714 1113 ,
1744 1047 1869 1102 dum
1903 1046 2016 1100 haec

434 1144 683 1202 audimus
702 1184 718 1208 ,
750 1158 818 1197 ne
845 1142 1036 1197 eodem
1068 1140 1451 1211 prolabamur;
1480 1138 1682 1194 docens
1709 1138 1978 1193 auditores
1998 1176 2014 1202 ,

438 1253 508 1293 ne
533 1236 947 1294 oblectationem
986 1249 1049 1290 ac
1090 1234 1331 1304 requiem
1357 1243 1620 1303 quaerant.
1650 1231 1783 1286 Nam
1813 1230 1902 1301 qui
1933 1246 2018 1285 rc-

439 1329 619 1401 quiem
643 1330 856 1400 quaarit,
885 1343 990 1383 non
1013 1343 1133 1398 qua:
1153 1327 1348 1381 Christi
1375 1336 1519 1389 sunt,
1544 1325 1636 1379 sed
1664 1339 1758 1379 sua
1781 1322 1973 1395 quaerit
1998 1338 2013 1377 :

437 1429 653 1489 oportet
678 1420 822 1475 enim
852 1428 1066 1489 paratos
1094 1432 1192 1471 nos
1221 1430 1341 1471 esse
1367 1415 1432 1470 ad
1462 1416 1704 1486 quemvis
1744 1415 1979 1469 laborem
1998 1451 2014 1477 ,

441 1512 509 1566 ad
537 1513 780 1583 quamvis
807 1510 1075 1565 miseriam
1104 1506 1454 1563 subeundam.
1479 1506 1570 1560 2‘2.
1599 1506 2017 1576 Experimentum

441 1615 640 1670 autem,
669 1605 838 1674 inquit
857 1645 872 1667 ,
909 1603 1021 1673 ejus
1057 1602 1372 1673 coynoscite,
1403 1601 1522 1670 quia
1553 1601 1682 1654 sicut
1720 1598 1853 1668 patri
1879 1598 2019 1666 ﬁlius

441 1713 631 1752 mecum
656 1697 854 1751 servivit
877 1697 931 1750 in
959 1695 1291 1767 evangelium.
1329 1694 1406 1748 Ne
1438 1694 1488 1748 id
1516 1709 1544 1747 a
1573 1709 1659 1748 me
1686 1702 1886 1747 temere
1912 1690 2018 1745 dici

440 1790 639 1859 putetis
661 1830 679 1857 ,
708 1804 805 1843 vos
828 1804 1039 1859 quoque
1059 1831 1075 1855 ,
1109 1789 1310 1858 inquit,
1340 1788 1441 1842 hoc
1466 1786 1677 1851 sciatis,
1709 1785 1857 1839 illum
1888 1784 2017 1838 mihi

440 1891 498 1936 ut
541 1883 681 1954 patri
727 1882 893 1936 tilium
938 1882 991 1936 in
1036 1881 1368 1952 evangelium
1411 1881 1664 1935 servisse.
1706 1878 1894 1934 Merito
1932 1876 2020 1932 hic

437 1973 778 2029 Timotheum
805 1972 1180 2038 commendat,
1210 1981 1268 2025 ut
1294 1970 1434 2040 apud
1466 1970 1585 2026 illos
1614 1984 1805 2040 magno
1834 1968 1887 2022 in
1916 1967 2017 2022 ho-

438 2080 572 2121 nore
624 2064 900 2120 habeatur.
955 2064 1070 2119 Hoc
1129 2064 1287 2119 etiam
1328 2063 1393 2117 ad
1431 2061 1738 2118 Corinthios
1779 2060 2021 2116 scribens

438 2156 564 2211 facit
602 2155 718 2210 istis
760 2154 968 2221 verbis,
1000 2153 1086 2210 Ne
1118 2156 1232 2225 quis
1268 2154 1417 2208 illum
1442 2162 1693 2224 spernat:
1720 2168 1848 2222 opus
1889 2150 2021 2205 enim

440 2250 648 2303 Domini
688 2258 961 2318 operatur,
992 2248 1119 2303 sicut
1148 2258 1197 2301 et
1226 2264 1315 2316 ego
1349 2248 1440 2320 (1.
1469 2247 1586 2301 Cor.
1618 2246 1705 2301 16.
1737 2243 1840 2317 10)
1870 2263 1885 2300 :
1915 2259 2019 2300 non

438 2352 547 2397 tam
576 2342 649 2397 illi
683 2342 1036 2413 prospiciens,
1064 2356 1222 2411 quam
1252 2341 1316 2395 iis
1340 2344 1431 2412 qui
1453 2342 1624 2410 ipsum
1650 2340 1935 2411 recipiunt,
1964 2349 2021 2393 ut

440 2448 684 2504 magnam
709 2443 984 2503 reportent
1005 2433 1325 2488 mercedem.
1343 2431 1433 2487 25.
1456 2431 1609 2487 Hunc
1626 2432 1802 2503 igitur,
1827 2430 2016 2501 inquit,

437 2542 585 2596 spero
614 2527 827 2592 mittere,
859 2541 976 2579 mox
1001 2533 1053 2578 ut
1078 2524 1249 2578 videro
1271 2539 1385 2594 qua:
1407 2524 1543 2577 circa
1566 2538 1646 2577 me
1672 2532 1806 2577 sunt.
1832 2522 1889 2577 ld
1915 2529 2017 2585 est,

439 2617 530 2673 ubi
557 2617 743 2673 videro
768 2616 889 2687 quis
919 2617 988 2671 sit
1021 2624 1191 2669 status
1228 2629 1409 2669 rerum
1440 2629 1679 2669 mearum
1702 2653 1720 2680 ,
1756 2627 2021 2684 quemque

438 2712 547 2768 sint
570 2711 771 2769 exitum
803 2710 1083 2765 habiturae.
1110 2708 1199 2763 24.
1233 2706 1449 2778 Conﬁdo
1479 2716 1646 2762 autem
1675 2698 1730 2760 in
1768 2706 2018 2770 Domino,

438 2806 675 2876 quoniam
698 2813 745 2859 et
772 2804 880 2876 ipse
919 2802 1112 2857 veniam
1137 2801 1205 2855 ad
1234 2816 1321 2856 vos
1345 2802 1466 2854 cito.
1497 2800 1613 2855 Non
1652 2808 1929 2870 propterea
1959 2798 2022 2853 il-

438 2901 549 2955 lum
575 2898 751 2962 mitto,
780 2893 923 2968 quod
949 2896 1062 2964 ipse
1087 2902 1348 2950 venturus
1374 2909 1478 2948 non
1509 2895 1631 2958 sim,
1664 2894 1760 2950 sed
1796 2893 1863 2948 Ut
1892 2894 2020 2948 bono

439 2994 612 3047 animo
651 2992 783 3057 sim,
822 2988 1035 3060 cognitis
1083 3003 1196 3058 quae
1240 2988 1375 3041 circa
1417 3003 1505 3041 vos
1543 3002 1563 3041 :
1604 2995 1663 3040 nt
1704 3000 1772 3040 ne
1817 2986 2018 3039 interea

440 3083 603 3139 etiam
623 3094 807 3137 verser
832 3081 884 3135 in
907 3088 1203 3135 vestrarum
1225 3094 1402 3133 rerum
1427 3078 1776 3148 ignoratione.
1804 3077 2021 3147 Conﬁdo

439 3188 627 3238 autem.
658 3174 849 3246 inquit,
876 3174 930 3228 in
959 3172 1217 3239 Domino;
1248 3172 1299 3227 id
1325 3180 1429 3237 est,
1456 3172 1502 3227 si
1530 3172 1672 3227 Deus
1697 3171 1945 3227 voluerit.

508 3269 565 3324 2.
602 3266 737 3323 Vide
759 3282 917 3337 quam
959 3266 1052 3322 ille
1077 3266 1325 3321 omnibus
1361 3266 1411 3320 in
1443 3266 1604 3321 rebus
1644 3264 1713 3322 de
1739 3265 1850 3321 Deo
1872 3281 2008 3337 pen-

439 3360 595 3424 deat.
638 3368 695 3415 et
722 3358 852 3414 nihil
893 3374 958 3414 ex
991 3373 1085 3414 sua
1116 3358 1383 3414 sententia
1409 3360 1737 3428 pronuntiet.
1775 3359 1869 3415 25.
1911 3356 2020 3414 Ne—

439 3455 712 3510 cessarium
754 3462 921 3507 autem
951 3452 1232 3506 existimaui
1271 3451 1680 3523 Epaphroditum
1723 3454 1934 3523 fratrem
1972 3460 2020 3506 et

440 3552 814 3613 cooperatorem
841 3552 888 3596 et
916 3542 1309 3596 commilitonem
1348 3557 1532 3596 meum.
1566 3540 1636 3595 Et
1661 3540 1805 3597 hunc
1832 3556 2019 3598 rursus

440 3630 629 3686 iisdem
650 3646 713 3687 ac
736 3630 1075 3686 Timotheum
1098 3631 1355 3686 encomiis
1378 3640 1622 3686 ornatum
1650 3632 1834 3687 mittit.
1865 3632 2016 3686 Illum

441 3724 584 3778 enim
632 3721 842 3778 duobus
882 3721 965 3778 his
995 3723 1300 3778 nominibus
1324 3723 1753 3789 commendavit,
1791 3724 1933 3795 quod
1964 3735 2017 3780 et

440 3831 536 3871 eos
552 3824 727 3879 amet;
751 3817 886 3872 dixit
916 3817 1080 3882 enim,
1109 3818 1211 3882 Qui
1229 3817 1426 3871 sincera
1445 3815 1713 3884 aﬁ'ectione
1732 3828 1897 3873 vestra
1921 3835 2016 3872 cu-

440 3916 644 3962 raturus
672 3909 736 3961 sit
755 3925 773 3971 ;
789 3917 844 3964 et
870 3908 1013 3978 quod
1039 3908 1091 3962 in
1120 3908 1398 3978 evangelio
1420 3908 1571 3963 valde
1592 3922 1650 3964 se
1675 3908 2013 3977 probaverit:

446 4000 588 4056 lumc
614 4001 772 4072 igitur
799 4010 853 4056 et
884 4001 1074 4056 iisdem
1113 4015 1270 4071 quam
1301 4000 1446 4054 illum
1473 3999 1779 4055 nominibus
1814 4000 2014 4055 laudat.

440 4092 764 4158 Quomodo?
794 4092 1057 4159 Quoniam
1087 4092 1354 4163 appellare
1381 4090 1599 4146 fratrem
1626 4100 1678 4146 et
1700 4099 2017 4160 cooperato-

441 4200 554 4241 rem
576 4226 593 4251 ,
622 4200 797 4255 neque
823 4185 925 4240 hoc
960 4193 1300 4245 contentum,
1332 4182 1530 4238 addere
1563 4183 1724 4238 etiam
1748 4182 2015 4238 commili-

443 4289 622 4331 tonem
643 4316 659 4343 ,
688 4274 1019 4330 ostendentis
1045 4284 1127 4330 est
1157 4275 1231 4329 illi
1263 4289 1475 4344 quoque
1504 4288 1684 4329 secum
1710 4274 2016 4329 communia

441 4367 607 4423 fuisse
645 4367 917 4439 pericula,
960 4376 1121 4437 atque
1151 4365 1337 4421 eadem
1381 4364 1449 4419 de
1478 4364 1570 4419 illo
1607 4378 1670 4419 ac
1696 4363 1767 4420 de
1808 4378 1870 4420 se
1898 4364 2016 4434 ipso

441 4461 798 4515 testilicantis.
837 4458 991 4527 Quod
1035 4459 1204 4529 inquit
1241 4457 1683 4523 Commilitonem,
1734 4456 1855 4527 plus
1896 4467 2014 4523 est,

439 4567 601 4620 quam
647 4551 1055 4621 (Imperatorem.
1099 4549 1323 4615 Quidam
1372 4549 1515 4604 enim
1554 4548 1777 4604 fortasse
1814 4548 2012 4615 fuerit,

440 4642 531 4711 qui
554 4642 605 4696 in
633 4640 836 4696 levibus
858 4641 1071 4711 quidem
1096 4640 1319 4711 negotiis
1342 4642 1545 4695 socium
1573 4654 1633 4695 se
1656 4640 1846 4710 agendi
1872 4655 2011 4710 prse-

440 4735 600 4801 beat,
652 4733 705 4788 in
747 4733 888 4788 bello
933 4745 1110 4789 autem
1154 4749 1218 4789 ac
1246 4733 1497 4803 periculis
1542 4746 1648 4787 non
1698 4732 2014 4787 itemzdum

440 4841 569 4881 vero
611 4824 775 4889 dixit,
822 4824 1253 4893 Commilitonem,
1297 4826 1397 4879 hoc
1435 4838 1645 4895 quoque
1673 4823 2013 4893 significavit.

450 4917 683 4971 Vestrum
710 4926 917 4984 autem,
946 4916 1150 4986 inquit,
1178 4914 1465 4987 apostolum
1484 4955 1500 4981 ,
1532 4924 1579 4969 et
1604 4916 1892 4969 ministrum
1927 4931 2015 4968 ne-

435 5009 688 5064 cessitatis
732 5025 888 5075 mete,
930 5010 1126 5063 mittere
1163 5008 1230 5061 ad
1256 5023 1360 5062 vos.
1395 5006 1457 5061 ld'
1480 5019 1597 5072 ρει,
1634 5006 1823 5061 Vestra
1860 5006 2014 5060 vobis

435 5102 737 5166 donamus,
778 5100 903 5155 dum
935 5101 1016 5155 vel
1056 5108 1290 5154 vestrum
1330 5097 1601 5152 hominem
1632 5096 1698 5150 ad
1726 5112 1821 5151 vos
1844 5097 2012 5151 mitti-

438 5208 581 5261 mus,
604 5195 687 5250 vel
712 5208 836 5249 eum
862 5194 951 5262 qui
991 5207 1087 5247 vos
1113 5193 1318 5248 doceat.
1346 5191 1551 5245 Rursus
1582 5190 1743 5244 multa
1774 5189 1842 5246 de
1872 5189 2013 5245 illius

437 5288 663 5343 caritate
691 5286 906 5355 subjicit
930 5286 1149 5351 dicens,
1189 5285 1280 5339 26.
1324 5283 1577 5350 Quoniam
1611 5282 1812 5350 quidem
1841 5298 2013 5337 omnes

438 5396 527 5435 vos
551 5379 902 5442 desiderabat;
929 5387 973 5432 et
999 5389 1199 5432 maestus
1223 5386 1327 5430 erat
1371 5385 1637 5447 propterea
1662 5375 1797 5448 quod
1833 5374 2012 5428 audie-

433 5474 561 5527 ratis
585 5471 735 5527 illum
763 5472 1097 5541 inﬁrmatam.
1125 5469 1216 5523 ‘27.
1259 5468 1395 5521 Nam
1422 5477 1469 5522 et
1498 5469 1785 5536 tnﬁrmatus
1821 5475 1895 5522 est
1925 5482 2012 5520 usu

433 5584 529 5633 que
547 5566 615 5621 ad
642 5574 880 5631 mortem,
906 5563 996 5619 sed
1024 5562 1163 5618 Dens
1191 5560 1425 5615 misertus
1454 5569 1527 5614 est
1555 5561 1694 5631 ejus,
1726 5575 1825 5613 non
1846 5558 2011 5612 solum

434 5667 602 5711 autem
634 5659 777 5727 ejus,
814 5672 984 5711 verum
1022 5657 1173 5709 etiam
1201 5663 1249 5708 et
1288 5652 1418 5719 mei,
1460 5668 1523 5705 ne
1560 5651 1817 5705 tristitiam
1855 5664 2012 5717 super

433 5748 685 5804 tristitiam
728 5748 979 5804 haberem.
1026 5744 1138 5803 Hoc
1169 5744 1288 5803 loco
1328 5751 1384 5801 et
1422 5741 1568 5801 aliud
1612 5741 1865 5814 quiddam
1894 5741 2005 5812 agit

1148 286 1207 345 8.
1248 286 1522 346 JOANNIS
1555 283 2023 344 CllRYSOSTOMl
2063 282 2373 343 ARCIIIEP.
2411 287 2943 349 CONSTANTINOP.

3597 299 3705 360 248

2128 405 2437 470 ostendens,
2460 406 2823 479 Epaphrodito
2846 412 3007 466 etiam
3028 411 3184 468 valde
3202 414 3535 485 exploratum
3555 435 3700 488 esse,

2122 500 2288 553 amari
2320 513 2379 554 se
2408 515 2436 554 a
2459 502 2635 556 vobis.
2677 503 2789 559 lloc
2814 520 2943 559 vero
2969 520 3076 560 non
3105 523 3288 575 parum
3315 510 3382 563 ad
3411 512 3700 567 amandum

2121 590 2260 645 solet
2288 592 2524 648 allicere.
2549 596 2830 662 Quomodo
2850 598 2874 651 ?
2894 597 3198 668 Egrotavit
3219 642 3234 664 ,
3258 599 3464 672 inquit,
3484 614 3540 659 et
3559 620 3699 660 mte-

2121 684 2189 754 sti
2222 683 2431 752 fuistis;
2459 687 2748 754 convaluit,
2782 698 2837 743 et
2862 704 2958 744 vos
2984 705 3215 746 maerore
3240 692 3517 759 liberavit,
3538 712 3700 767 quem

2121 789 2189 830 ex
2238 776 2403 847 ipsius
2443 778 2804 847 invaletudine
2844 780 3174 852 capiebatis:
3210 798 3312 838 nec
3351 795 3528 840 tamen
3568 803 3698 856 pro-

2120 876 2305 937 pterea
2348 869 2463 938 ipse
2492 884 2723 925 mterere
2749 870 2940 936 desiit,
2969 872 3062 926 sed
3089 872 3305 928 dolebat
3334 891 3438 929 non
3467 891 3546 943 se,
3575 893 3700 932 cum

2121 959 2407 1024 valuisset,
2443 974 2541 1014 vos
2569 961 2790 1016 vidisse.
2824 961 2920 1017 Hic
2945 973 2998 1017 et
3026 964 3168 1019 aliud
3196 966 3339 1035 agit,
3380 967 3445 1020 ad
3486 969 3568 1023 sui
3598 969 3696 1023 dc-

2124 1050 2416 1106 fensionem
2447 1067 2662 1107 causam
2688 1053 2917 1109 aﬂ‘erens
2937 1096 2952 1120 ,
2985 1055 3055 1109 ob
3080 1072 3238 1125 quam
3268 1059 3441 1111 serius
3469 1059 3535 1113 ad
3578 1060 3700 1114 illus

2122 1147 2297 1199 mittat
2324 1163 2337 1199 :
2366 1161 2469 1199 non
2494 1146 2636 1201 enim
2666 1147 2719 1201 id
2759 1163 2825 1202 ex
2852 1149 3172 1219 negligentia
3220 1151 3368 1219 fieri,
3400 1153 3494 1208 sed
3525 1154 3701 1208 Timo-

2123 1237 2305 1292 theum
2335 1236 2549 1307 quidem
2573 1254 2603 1292 a
2633 1253 2693 1293 se
2718 1240 2970 1307 retineri,
3008 1241 3261 1310 quoniam
3302 1242 3570 1298 neminem
3600 1245 3695 1298 ha-

2122 1328 2282 1397 beat;
2312 1330 2581 1385 Neminem
2600 1332 2761 1398 enim,
2787 1332 2990 1402 inquit,
3023 1332 3179 1385 habeo
3205 1335 3529 1402 unanimem;
3556 1337 3698 1406 Epa-

2126 1424 2431 1494 phroditum
2460 1440 2585 1479 vero
2613 1424 2682 1479 ob
2709 1425 3147 1480 invaletudinem.
3179 1427 3381 1482 Deinde
3409 1429 3702 1486 ostendens

2125 1517 2335 1587 longam
2364 1531 2428 1572 ac
2460 1516 2765 1571 diuturnam
2806 1516 3001 1583 fuisse,
3026 1517 3266 1573 addidit:
3300 1519 3440 1574 Nam
3465 1530 3512 1574 et
3548 1523 3697 1589 inﬁr—

2123 1620 2290 1663 matus
2335 1619 2409 1662 est
2450 1625 2608 1678 usque
2644 1610 2712 1662 ad
2751 1621 2984 1663 mortem.
3031 1609 3192 1665 Vides
3234 1623 3491 1681 quantum
3538 1614 3697 1669 studii

2114 1699 2374 1754 ‘adhibeat
2406 1699 2634 1765 Paulus,
2664 1716 2731 1755 ne
2761 1700 3035 1770 discipulis
3065 1704 3176 1755 suis
3195 1700 3483 1773 quidquam
3510 1704 3609 1759 loci
3638 1719 3701 1760 se

2123 1792 2283 1847 ullius
2313 1793 2647 1863 negligentim
2670 1808 2731 1846 ac
2758 1794 3016 1849 socordia:
3045 1794 3384 1852 insimulandi
3410 1797 3696 1868 relinquat,

2124 1901 2297 1955 neque
2325 1884 2629 1955 suspicandi
2654 1885 2789 1950 ideo,
2814 1886 2957 1955 quod
2983 1887 3126 1955 ipsos
3150 1896 3557 1954 comtemneret,
3590 1905 3698 1944 non

2124 1977 2421 2050 profectum
2451 1978 2611 2033 esse?
2631 1977 2783 2032 Nulla
2812 1979 2953 2033 enim
2979 1993 3038 2034 re
3068 1994 3219 2048 mque
3236 1979 3382 2035 allici
3405 1980 3700 2052 discipulus

2125 2080 2339 2141 potest,
2393 2085 2456 2125 ac
2486 2070 2832 2139 persuasione
2862 2069 2992 2134 hac,
3037 2084 3179 2125 cura:
3221 2085 3281 2127 se
3326 2087 3447 2128 esse
3492 2088 3696 2143 praece-

2124 2163 2261 2232 ptori
2280 2203 2296 2227 ,
2320 2177 2522 2233 suaque
2547 2176 2705 2218 causa
2734 2162 2886 2217 illum
2910 2176 3163 2230 niterere,
3187 2162 3329 2232 quod
3358 2164 3698 2221 exuberantis

2123 2254 2361 2311 caritatis
2403 2264 2507 2309 est.
2553 2254 2877 2321 Audieratis,
2908 2254 3114 2325 inquit,
3157 2255 3302 2308 illum
3343 2256 3651 2324 inﬁrmatam
3676 2272 3699 2312 :

2124 2361 2246 2399 nam
2269 2355 2318 2400 et
2341 2346 2628 2414 inﬁrmatus
2654 2356 2726 2400 est
2756 2361 2913 2413 usque
2951 2344 3019 2398 ad
3062 2354 3294 2398 mortem.
3325 2347 3402 2399 Ac
3437 2361 3505 2401 ne
3543 2357 3700 2416 putes

2125 2440 2225 2495 ista
2248 2439 2376 2495 mihi
2408 2455 2502 2510 per
2522 2440 2919 2495 simulationem
2944 2438 3049 2493 dici
3066 2478 3081 2503 ,
3105 2439 3229 2493 audi
3253 2441 3526 2508 sequentia
3553 2462 3566 2494 :
3591 2441 3699 2495 Sed

2124 2532 2262 2589 Deus
2301 2534 2534 2588 misertus
2561 2541 2632 2587 est
2672 2533 2801 2604 ejus.
2832 2530 2970 2599 Quid
3010 2532 3126 2599 ais,
3168 2530 3421 2587 hatretice
3447 2531 3560 2601 (a)?
3586 2532 3700 2587 Hoc

2124 2629 2246 2685 loco
2288 2628 2712 2684 misericordiam
2756 2627 2850 2681 Dei
2898 2634 3084 2691 vocat,
3136 2625 3373 2681 retinere
3413 2624 3564 2680 illum
3607 2624 3699 2694 qui

2124 2720 2363 2777 abiturus
2390 2729 2536 2785 erat,
2568 2729 2623 2774 et
2647 2718 2714 2773 ad
2738 2718 2905 2773 vitam
2927 2731 3199 2771 revocare.
3226 2717 3381 2785 Quod
3399 2718 3445 2772 si
3468 2716 3698 2772 mundus

2124 2825 2269 2872 esset
2295 2816 2345 2870 in
2369 2814 2543 2881 malis,
2563 2830 2668 2867 non
2695 2811 3059 2868 misericordia
3087 2810 3201 2865 Ι]ωο
3226 2819 3373 2867 esset
3394 2810 3699 2879 relinquere

2124 2909 2179 2963 in
2210 2907 2371 2962 malo.
2397 2906 2661 2961 Caeterum
2687 2903 2946 2959 adversus
2972 2902 3282 2959 hiereticum
3304 2902 3519 2974 quidem
3544 2901 3700 2959 facile

2123 3007 2208 3055 est
2240 2998 2420 3053 dicere
2444 3037 2459 3061 ,
2492 3012 2619 3066 erga
2648 2993 3013 3050 Christianum
3042 3001 3219 3049 autem
3259 2993 3385 3065 quid
3410 2993 3649 3049 dicemus
3674 2994 3699 3048 ἒ)

2123 3090 2257 3145 Nam
2283 3089 2371 3144 hic
2403 3087 2630 3144 fortasse
2657 3086 2954 3153 haesitabit,
2983 3100 3047 3141 ac
3072 3086 3215 3141 dicet
3241 3101 3256 3140 :
3287 3084 3425 3153 Quid
3444 3084 3469 3136 ?
3496 3086 3542 3141 si
3584 3085 3698 3141 dis-

2124 3183 2257 3239 solvi
2288 3191 2344 3237 et
2370 3196 2492 3237 esse
2517 3195 2638 3235 cum
2659 3179 2875 3235 Christo
2900 3182 3067 3233 multo
3093 3177 3446 3250 praestabilius
3462 3217 3480 3244 ,
3502 3192 3597 3234 cur
3618 3177 3701 3232 in-

2122 3275 2239 3347 quit
2268 3276 2439 3345 ipsum
2483 3271 2900 3328 misericordiam
2945 3285 3065 3325 esse
3098 3269 3531 3340 consequutum?
3573 3268 3690 3340 Ego

2125 3382 2255 3422 vero
2280 3364 2491 3419 dicam:
2519 3362 2656 3432 Quid
2687 3370 2799 3429 est,
2846 3361 2989 3432 quod
3019 3361 3134 3431 ipse
3173 3361 3371 3430 inquit,
3403 3359 3572 3431 magis
3598 3375 3699 3415 ne-
3772 3390 3777 3395 ι

2123 3456 2414 3514 cessarium
2442 3469 2562 3509 esse
2585 3467 2805 3508 manere
2847 3463 3066 3523 propter
3110 3451 3241 3506 vos?
3271 3449 3404 3506 Nam
3432 3449 3698 3521 quemad-

2124 3549 2341 3605 modum
2368 3546 2533 3603 Paulo
2555 3545 2655 3601 hoc
2676 3544 3038 3600 necessarium
3069 3552 3205 3610 erat,
3238 3543 3309 3598 ita
3340 3552 3394 3598 et
3423 3541 3701 3614 Epaphro-

2124 3643 2237 3698 dito
2265 3659 2280 3698 :
2304 3641 2501 3711 quippe
2524 3639 2613 3711 qui
2637 3638 2986 3709 amplioribus
3013 3653 3133 3693 cum
3163 3636 3365 3693 divitiis
3389 3636 3700 3707 maioreque

2124 3736 2343 3793 ﬁdentia
2385 3750 2449 3791 ac
2494 3736 2779 3790 securitate
2817 3734 2885 3790 ad
2924 3735 3090 3789 Deum
3129 3734 3369 3789 abiturus
3403 3745 3566 3791 esset.
3596 3737 3698 3791 Et-

2122 3829 2266 3885 enim
2288 3828 2419 3883 illud
2443 3828 2658 3899 quidem
2684 3827 2892 3883 etiamsi
2913 3826 3181 3897 paululum
3209 3825 3696 3894 diil‘erreturJutn-

2123 3936 2244 3975 rum
2274 3929 2448 3975 tamen
2478 3920 2697 3975 omnino
2722 3927 2866 3984 erat;
2896 3918 3092 3974 lucrari
3132 3933 3264 3975 vero
3292 3920 3515 3985 animas,
3546 3930 3697 3991 post-

2121 4030 2280 4085 quam
2305 4014 2432 4069 illuc
2447 4014 2687 4080 abiisset,
2704 4028 2810 4068 non
2832 4021 3062 4084 poterat.
3089 4012 3203 4068 Huc
3222 4012 3449 4080 accedit,
3475 4012 3696 4069 Paulum

2123 4107 2290 4162 multa
2326 4122 2392 4162 ex
2429 4107 2699 4162 communi
2732 4106 3058 4161 audientium
3088 4120 3250 4161 sensu
3277 4106 3546 4177 proferre,
3596 4123 3697 4162 ne-

2121 4215 2226 4271 que
2251 4199 2446 4269 ubique
2475 4198 2839 4269 pliilOSOphari
2868 4215 2885 4253 :
2912 4199 2980 4254 ad
3020 4198 3318 4253 mundanus
3345 4198 3488 4254 enim
3520 4199 3698 4254 homi-

2122 4306 2220 4346 nes
2239 4305 2419 4346 sermo
2448 4290 2547 4360 ipsi
2575 4299 2692 4346 erat
2714 4290 3011 4355 institutus,
3034 4299 3262 4345 mortem
3292 4289 3469 4346 adhuc
3499 4291 3695 4345 timen-

2122 4393 2223 4439 tes.
2246 4384 2511 4440 Prmterea
2537 4383 2792 4448 ostendit,
2814 4384 2999 4455 quanti
3024 4384 3441 4454 Epaphroditum
3461 4384 3693 4439 faceret:

2122 4476 2352 4547 hincque
2378 4476 2451 4531 illi
2491 4476 2845 4532 reverentiam
2875 4477 3161 4547 quamdam
3188 4478 3474 4543 conciliat,
3511 4487 3695 4548 utpote

2119 4570 2272 4639 cujus
2298 4569 2522 4624 salutem
2552 4567 2690 4624 adeo
2714 4567 2816 4625 sibi
2859 4568 3041 4623 utilem
3081 4582 3203 4623 esse
3242 4577 3485 4630 testetur.
3520 4581 3576 4622 ut
3602 4585 3693 4623 se-

2120 4676 2241 4717 cum
2268 4674 2483 4731 quoque
2508 4674 2575 4714 ex
2602 4658 2744 4713 illius
2773 4659 3138 4715 incolumitate
3165 4659 3582 4716 misericorditer
3604 4675 3696 4716 ac-

2119 4764 2231 4808 tum
2275 4762 2443 4821 putet.
2475 4752 2741 4807 Praeterea
2772 4766 2937 4817 vero,
2971 4761 3027 4805 ut
3061 4751 3163 4807 hoc
3200 4752 3507 4819 mittamus,
3535 4752 3693 4807 aliam

2118 4862 2333 4919 quoque
2371 4846 2442 4901 ob
2470 4860 2685 4901 causam
2714 4844 2853 4899 bona
2896 4854 2979 4900 est
3008 4860 3246 4914 praesens
3271 4844 3399 4899 vita.
3425 4844 3559 4899 Nam
3589 4845 3694 4900 nisi

2120 4940 2317 4994 bonum
2343 4946 2519 5004 esset,
2549 4952 2647 4992 cur
2687 4937 2808 4992 loco
2844 4936 3224 5006 suppliciorum
3256 4946 3565 4991 numeraret
3590 4936 3694 4991 im-

2118 5040 2356 5085 maturas
2376 5029 2619 5084 mortes?
2641 5028 3087 5097 quemadmodum
3119 5028 3207 5082 ubi
3231 5027 3431 5098 inquit,
3461 5027 3591 5082 Ideo
3612 5028 3695 5082 in-

2119 5132 2194 5175 ter
2232 5138 2319 5176 vos
2348 5121 2493 5175 multi
2532 5118 2725 5190 inﬁrmi
2755 5129 2801 5174 et
2834 5118 3105 5174 imbecilles
3125 5160 3140 5184 ,
3180 5127 3226 5173 et
3266 5120 3522 5173 dormiunt
3548 5120 3695 5173 multi

2119 5217 2198 5285 (l.
2229 5215 2348 5270 Cor.
2379 5216 2466 5270 ll.
2496 5214 2612 5284 50).
2645 5214 2846 5269 Futura
2873 5214 3022 5270 enim
3057 5214 3164 5267 vita
3204 5211 3432 5283 improbi
3463 5211 3695 5266 hominis

2120 5325 2224 5363 non
2253 5308 2461 5371 melior,
2496 5307 2605 5361 imo
2633 5307 2772 5362 mala
2799 5316 2917 5373 est;
2965 5306 3117 5377 probi
3145 5313 3323 5361 autem
3362 5306 3571 5362 melior.
3609 5304 3696 5359 Ne

2120 5400 2414 5466 tristitiam,
2461 5398 2667 5468 inquit,
2712 5414 2868 5468 super
2908 5398 3165 5453 tristitiam
3207 5396 3475 5463 haberem,
3517 5412 3588 5453 ne
3624 5397 3693 5452 ad

2118 5506 2403 5546 mwrorem
2428 5533 2442 5555 ,
2482 5505 2639 5561 quem
2675 5504 2743 5545 ex
2769 5489 2939 5561 ipsius
2964 5488 3327 5546 invaletudine
3368 5490 3644 5559 capiebam
3670 5531 3688 5555 ,

2116 5585 2400 5642 accederet
2424 5600 2625 5641 mceror
2644 5600 2710 5641 ex
2740 5593 2934 5640 morte.
2961 5582 3039 5638 Ita
3057 5585 3241 5655 quanti
3266 5583 3692 5656 Epaphroditum

2180 5747 2254 5811 (a)
2278 5744 2484 5799 Videtur
2505 5744 2585 5797 hic
2607 5743 2883 5796 Manichacus
2903 5741 3228 5807 redarguere.
