4108 6410
392 370 497 425 257

395 486 632 556 πέμψας,
689 485 800 539 ἀλλ’
859 486 1034 550 οὐδεὶς
1090 486 1328 549 τοιοῦτός
1386 488 1553 541 ἐστιν.
1606 488 1748 555 Ἄρα
1799 483 1956 537 τοῦτο

396 579 654 648 ίσοψύχου
684 579 820 642 ἐστὶ,
846 579 907 631 τὸ
935 580 1058 642 τοὺς
1100 578 1571 649 μαθητευομένους
1594 578 1741 647 αὑτῷ
1762 576 1959 647 ὁμοίως

393 669 586 739 φιλεῖν.
631 668 857 733 Ὅστις,
896 670 1051 739 φησὶ,
1092 671 1356 738 γνησίως
1389 670 1461 722 τὰ
1498 669 1627 736 περὶ
1660 666 1825 734 ὑμῶν
1853 682 1958 735 με-

384 759 671 830 ριμνήσει
700 776 713 788 ·
754 761 1022 827 τουτέστι,
1066 762 1365 831 πατρικῶς.
1394 764 1459 815 Οἱ
1501 762 1721 825 πάντες
1751 761 1859 829 γὰρ
1888 758 1961 811 τὰ

390 852 621 908 ἑαυτῶν
646 852 945 921 ζητοῦσιν,
997 856 1070 906 οὐ
1106 853 1177 906 τὰ
1228 852 1420 920 Ἰησοῦ
1470 852 1760 919 Χριστοῦ·
1803 867 1957 902 τουτ-

393 946 532 1011 έστι,
598 945 698 1015 τὴν
746 945 954 997 οἰκείαν
999 945 1305 998 ἀνάπαυσιν
1344 944 1440 998 καὶ
1482 943 1542 995 τὸ
1583 943 1641 996 ὲν
1691 940 1961 1010 ἀσφαλείᾳ

391 1032 547 1089 εἶναι.
584 1034 757 1088 Τοῦτο
786 1036 877 1088 καὶ
906 1035 1156 1105 Τιμοθέῳ
1192 1035 1418 1106 γράφων
1458 1034 1627 1103 λέγει.
1659 1031 1723 1084 Τί
1760 1032 1958 1101 δήποτε

390 1127 446 1179 δὲ
476 1126 804 1197 ἀποδύρεται
829 1125 1002 1179 ταῦτα
1028 1143 1042 1191 ;
1076 1126 1350 1179 Παιδεύων
1388 1127 1532 1197 ἡμᾶς
1564 1125 1692 1189 τοὺς
1727 1122 1952 1179 ἀκούον-

390 1237 488 1283 τας
522 1219 598 1290 μὴ
635 1221 745 1281 τοῖς
778 1219 961 1281 αὑτοῖς
992 1220 1328 1288 περιπεσεῖν,
1363 1216 1516 1290 [265]
1542 1216 1812 1299 παιδεύων
1832 1215 1957 1277 τοὺς

390 1310 687 1374 ἀκούοντας
718 1310 794 1381 μὴ
826 1308 1010 1380 ζητεῖν
1054 1310 1256 1362 ἀνεσιν.
1310 1309 1368 1361 Ὁ
1398 1311 1506 1379 γὰρ
1540 1309 1721 1362 ἄνεσιν
1755 1305 1955 1376 ζητῶν,

389 1402 452 1455 οὐ
488 1401 639 1470 ζητεῖ
674 1399 743 1453 τὰ
770 1398 1025 1470 Χριστοῦ,
1053 1399 1188 1453 ἀλλὰ
1214 1399 1282 1452 τά
1307 1399 1501 1452 ἑαυτοῦ
1522 1414 1537 1428 ’
1562 1399 1643 1451 δεῖ
1669 1397 1778 1467 γάρ
1816 1414 1958 1467 παρ-

390 1491 876 1563 εσκευάσθαιπρὸς
907 1492 1084 1545 πάντα
1113 1491 1293 1556 πόνον,
1323 1492 1459 1562 πρὸς
1485 1493 1666 1544 πᾶσαν
1681 1489 1957 1542 ταλαιπω-

394 1586 535 1657 ρίαν.
572 1584 695 1653 Τὴν
736 1583 805 1637 δὲ
845 1582 1099 1652 δοκιμὴν
1136 1582 1349 1646 αὑτοῦ,
1409 1581 1565 1653 φησι,
1612 1580 1955 1651 γινώσκετε,

388 1678 480 1731 ὅτι
511 1677 590 1743 ὡς
614 1676 790 1745 πατρὶ
808 1675 1043 1739 τέκνον,
1078 1674 1199 1729 σὺν
1224 1675 1352 1744 ἐμοὶ
1381 1674 1745 1729 ἐδούλευσεν
1782 1676 1869 1739 είς
1888 1675 1955 1726 τὸ

389 1771 781 1839 Εὐαγγέλιον.
812 1768 921 1821 Καὶ
940 1767 1020 1820 ὅτι
1045 1768 1144 1837 οὑχ
1165 1766 1351 1829 ἁπλῶς
1372 1767 1538 1834 λέγω,
1563 1767 1742 1837 ὑμεῖς,
1768 1765 1952 1835 φησὶν,

391 1860 547 1915 αὐτοὶ
582 1858 894 1924 ἐπίστασθε,
923 1860 1027 1924 ὅτι,
1084 1858 1159 1922 ὡς
1202 1861 1372 1931 πατρὶ
1421 1860 1633 1924 τέκνον,
1685 1859 1783 1911 σὺν
1832 1858 1957 1927 ἐμοὶ

390 1950 700 2005 ἐδούλευσεν
732 1952 812 2015 είς
840 1950 900 2003 τὸ
932 1951 1283 2019 Εὑαγγέλιον.
1327 1949 1690 2022 Παρατίθεται
1720 1948 1954 2002 ἐνταῦθα

389 2044 482 2097 τὸν
505 2044 790 2115 Τιμόθεον,
819 2043 1067 2109 εἰκότως,
1085 2041 1224 2096 ὥστε
1264 2042 1463 2114 πολλῆς
1496 2040 1802 2095 ἀπολαῦσαι
1822 2040 1953 2111 παρ’

389 2135 568 2191 αὐτῶν
608 2136 795 2205 τιμῆς.
839 2134 1009 2187 Τοῦτο
1042 2134 1138 2187 καὶ
1172 2133 1311 2205 πρὸς
1348 2132 1666 2203 Κορινθίους
1706 2130 1956 2184 ἐπιστέλ-

388 2226 496 2281 λων
531 2229 692 2288 ποιεῖ,
729 2226 921 2293 λέγων,
952 2225 1047 2293 Μή
1072 2242 1161 2291 τις
1181 2224 1366 2279 αὑτοῦ
1393 2221 1852 2291 καταφρονήσῃ·
1886 2218 1954 2272 τὸ

389 2321 501 2391 γὰρ
548 2321 726 2390 ἔργον
772 2320 993 2389 Κυρίου
1036 2316 1354 2389 ἐργάζεται,
1389 2318 1470 2382 ώς
1517 2317 1617 2371 καὶ
1648 2316 1763 2386 ἐγώ
1792 2332 1806 2346 ο
1855 2313 1956 2367 οὑκ

388 2411 602 2465 ἐκείνου
626 2409 944 2480 κηδόμενος,
975 2408 1112 2463 ἀλλὰ
1140 2408 1247 2461 τῶν
1273 2407 1575 2479 δεχομένων
1606 2407 1790 2468 αὑτὸν,
1814 2404 1955 2457 ὥστε

388 2503 556 2556 πολὺν
604 2500 1008 2570 ἀπενέγκασθαι
1037 2499 1129 2554 τὸν
1166 2500 1374 2572 μισθόν.
1415 2498 1632 2567 Τοῦτον
1664 2498 1781 2567 μὲν
1820 2493 1953 2559 οὖν,

389 2595 576 2665 φησὶν,
603 2592 819 2653 ἐλπίζω
852 2593 1105 2663 πέμψαι,
1138 2592 1218 2658 ὡς
1244 2591 1320 2646 ἂν
1348 2591 1540 2646 ἀπίδω
1569 2591 1639 2644 τὰ
1668 2589 1801 2657 περὶ
1827 2588 1952 2658 ἐμὲ,

388 2687 458 2753 ἐξ
486 2686 694 2755 αὐτῆς.
722 2686 1032 2749 Τουτέστιν,
1057 2686 1223 2739 Ὅταν
1253 2687 1346 2739 ίδω
1366 2686 1423 2737 ἐν
1455 2685 1561 2738 τίνι
1596 2684 1822 2754 ἕστηκα,
1861 2682 1956 2734 καὶ

390 2782 541 2833 ποῖον
571 2778 680 2844 ἕξει
700 2778 850 2842 τέλος
881 2779 948 2832 τὰ
972 2778 1091 2831 κατ’
1119 2778 1239 2848 ἐμέ.
1272 2777 1532 2831 Πέποιθα
1556 2774 1624 2828 δὲ
1652 2775 1721 2828 ἐν
1739 2773 1952 2843 Κυρίῳ,

388 2869 597 2925 ὅτικαὶ
634 2870 817 2934 αὐτὸς
866 2867 1088 2937 ταχέως
1134 2869 1456 2938 ἐλεύσομαι
1483 2867 1634 2936 πρὸς
1666 2864 1842 2936 ὑμᾶς.
1880 2867 1954 2919 0'6

386 2961 473 3015 διὰ
495 2961 654 3015 τοῦτο
678 2961 882 3032 πέμπω
897 2960 1080 3025 αὑτὸν,
1104 2960 1179 3023 ὡς
1198 2962 1272 3031 μὴ
1295 2960 1665 3029 ὲλευσόμενος,
1690 2958 1804 3011 ἀλλ’
1822 2958 1957 3012 Ἵνα

385 3053 656 3123 εὐψυχῶ,
700 3052 886 3123 γνοὺς
922 3053 994 3108 τὰ
1015 3051 1149 3121 περὶ
1173 3051 1358 3122 ὑμῶν,
1391 3052 1480 3106 ἵνα
1511 3051 1649 3122 μηδὲ
1673 3049 1765 3103 τὸν
1797 3052 1853 3102 ὲν
1877 3048 1955 3119 τῷ

390 3147 593 3217 μεταξὺ
632 3146 823 3218 χρόνον
853 3139 899 3199 ὦ
926 3146 985 3198 ὲν
1010 3144 1224 3217 ἀγνοίᾳ.
1254 3144 1514 3198 Πέποιθα
1549 3141 1615 3196 δὲ
1644 3143 1715 3196 ἐν
1740 3141 1953 3209 Κυρίῳ,

388 3239 521 3310 φησί
548 3256 562 3270 ·
597 3239 895 3305 τουτέστιν,
922 3237 991 3293 ἂν
1014 3240 1045 3293 6
1080 3238 1210 3301 Θεὸς
1245 3236 1526 3308 βούληται.

461 3329 528 3399 β’.
549 3329 690 3400 Ὅρα
709 3329 825 3393 πῶς
854 3329 1031 3383 πάντα
1065 3328 1267 3400 ὲξαρτᾷ
1294 3327 1388 3382 τοῦ
1419 3328 1576 3394 Θεοῦ,
1598 3329 1694 3382 καὶ
1710 3328 1864 3382 οὐδὲν
1896 3327 1956 3391 ἐξ

395 3422 602 3483 οἰκείας
617 3420 912 3489 φθέγγεται
938 3420 1195 3484 διανοίας.
1249 3420 1591 3490 Ἀναγκαῖον
1616 3419 1685 3473 δὲ
1720 3419 1954 3490 ἡγησά-

383 3529 509 3582 μην
550 3511 971 3581 Ἐπαφρόδιτον
996 3512 1105 3567 τὸν
1124 3512 1392 3583 ἀδελφὸν
1418 3511 1833 3582 καίσυνεργόν
1854 3512 1955 3565 καὶ

387 3601 835 3670 συστρατιώτην
840 3620 980 3672 μου.
1005 3603 1115 3657 Καὶ
1129 3601 1316 3657 τοῦτον
1333 3603 1494 3655 πάλιν
1511 3602 1649 3674 μετά
1665 3603 1957 3672 ἐγκωμίων

388 3695 496 3749 τῶν
506 3694 702 3761 αὐτῶν,
728 3687 802 3749 ὧν
822 3696 915 3748 καὶ
934 3694 1026 3748 τὸν
1046 3694 1330 3765 Τιμόθεον,
1347 3692 1685 3748 ἀποστέλλει.
1719 3692 1958 3745 Ἐκεῖνον

388 3788 497 3857 γὰρ
531 3787 636 3841 ἀπὸ
661 3785 755 3839 δύο
781 3785 990 3840 τούτων
1020 3786 1372 3855 συνέστησεν,
1403 3785 1485 3837 ὅτι
1512 3801 1571 3837 τε
1599 3784 1798 3847 αὑτοὺς
1826 3783 1958 3849 ἁγα-

390 3881 486 3951 πᾷ,
512 3878 702 3943 εἰπὼν,
726 3878 936 3944 Ὅστις
956 3877 1219 3948 γνησίως
1237 3877 1310 3930 τὰ
1338 3876 1471 3945 περὶ
1491 3874 1659 3945 ὑμῶν
1678 3872 1957 3944 μεριμνή-

391 3988 515 4036 σει,
541 3970 634 4024 καὶ
659 3972 741 4024 ὅτι
771 3970 830 4024 ὲν
856 3970 936 4040 τῷ
963 3969 1283 4040 Εὑαγγελίῳ
1306 3968 1661 4039 ηὐδοκίμησε·
1703 3968 1800 4021 καὶ
1832 3965 1957 4019 τοῦ·

390 4081 483 4118 τον
509 4062 617 4117 ἀπὸ
641 4062 752 4115 τῶν
786 4061 968 4116 αὐτῶν
1008 4061 1171 4115 πάλιν
1215 4060 1303 4113 διὰ
1330 4060 1429 4131 τὴν
1456 4060 1625 4129 αὐτὴν
1655 4058 1855 4123 αἰτίαν,
1889 4057 1957 4128 ῆν

389 4156 487 4209 καὶ
520 4157 749 4221 ἐκεῖνον,
776 4153 1028 4224 ἐπῄνεσε.
1065 4153 1221 4219 Πῶς;
1270 4152 1346 4205 Τὸ
1372 4148 1482 4223 γὰρ
1523 4152 1700 4203 εἰπεῖν
1725 4150 1957 4218 ἀδελφὸν

389 4248 484 4300 καὶ
512 4245 794 4316 συνεργὸν,
845 4245 940 4297 καὶ
980 4243 1056 4315 μὴ
1100 4243 1265 4315 μέχρι
1316 4242 1509 4295 τούτου
1551 4242 1711 4312 μόνον
1742 4241 1953 4310 στῆναι,

387 4337 525 4392 ἀλλά
560 4337 656 4389 καὶ
684 4334 1097 4406 συστρατιώτην
1124 4334 1465 4404 προσθεῖναι,
1495 4331 1809 4395 δεικνύντος
1834 4332 1952 4384 ἐστὶ

387 4427 487 4500 τὴν
521 4425 723 4496 πολλὴν
767 4426 933 4479 αὑτοῦ
978 4424 1264 4479 κοινωνίαν
1286 4424 1385 4496 τὴν
1426 4424 1487 4478 ὲν
1530 4426 1640 4488 τοῖς
1668 4424 1954 4486 κινδύνοις,

389 4522 485 4575 καὶ
510 4520 579 4574 τὰ
623 4519 765 4573 αὐτὰ
814 4518 965 4589 αὑτῷ
1006 4518 1432 4590 μαρτυροῦντος,
1462 4518 1606 4589 ἀπερ
1637 4519 1732 4570 καὶ
1755 4516 1953 4586 ἐαυτῷ.

391 4615 465 4668 Τὸ
490 4613 567 4678 δὲ,
601 4610 1080 4680 Συστρατιώτην,
1114 4608 1277 4663 πλέον
1311 4609 1432 4663 ἐστὶ
1474 4609 1592 4673 τοῦ,
1628 4611 1952 4678 Συνεργόν.

394 4708 555 4767 Ἴσως
577 4704 686 4775 γάρ
708 4721 793 4766 τις
835 4704 893 4757 ὲν
917 4703 1016 4773 μὲν
1043 4701 1218 4771 ψιλοῖς
1243 4702 1535 4774 πράγμασι
1586 4701 1953 4771 συνήργησεν,

388 4793 450 4845 ὲν
479 4790 538 4844 δὲ
585 4791 811 4861 πολέμῳ
854 4792 950 4843 καὶ
996 4790 1260 4854 κινδύνοις
1303 4789 1517 4843 ούκέτι’
1552 4789 1631 4860 τῷ
1662 4789 1719 4842 δὲ
1757 4792 1954 4851 εἰπεῖν,

389 4885 878 4954 Συστρατιώτην,
911 4884 1008 4937 καὶ
1046 4883 1205 4936 τοῦτο
1259 4882 1548 4954 ἐδήλωσεν.
1625 4882 1684 4935 Ὺ
1677 4881 1810 4952 μῶν
1864 4882 1955 4945 δὲ,

391 4978 574 5049 φησὶν,
594 4977 963 5040 ἀπόστολον,
988 4974 1085 5029 καὶ
1104 4975 1455 5045 λειτουργὸν
1468 4973 1579 5042 τῆς
1593 4974 1800 5043 χρείας
1812 4992 1953 5043 μου,

392 5073 623 5141 πέμψαι
680 5070 831 5138 πρὸς
883 5067 1058 5137 ὑμᾶς.
1100 5065 1379 5130 Τουτέστι,
1409 5065 1491 5119 Τά
1536 5066 1777 5136 ὑμέτερα
1827 5065 1956 5136 ὑμῖν

390 5164 703 5235 χαρίζομαι.
730 5164 889 5216 Ἤτοι
915 5162 1008 5215 τὸν
1038 5162 1299 5233 ὑμέτερον
1321 5161 1448 5231 ὑμῖν
1474 5160 1789 5231 πέμπομεν,
1814 5157 1958 5230 ἢτὸν

392 5256 539 5323 ὑμᾶς
585 5254 924 5308 διδάσκοντα.
972 5253 1141 5307 Πάλιν
1194 5252 1365 5306 πολλά
1397 5253 1527 5323 περὶ
1582 5250 1683 5321 τῆς
1733 5250 1957 5319 ἀγάπης

392 5347 558 5401 αὑτοῦ
610 5346 955 5419 προστίθησι,
1002 5346 1206 5414 λέγων’
1277 5344 1516 5413 Ἐπειδὴ
1549 5341 1852 5399 ἐπιποθῶν
1878 5339 1958 5414 ἧν

393 5439 624 5505 πάντας
650 5437 823 5509 ὑμᾶς,
846 5439 945 5493 καὶ
992 5437 1330 5507 ἀδημονῶν,
1358 5437 1505 5491 διότι
1534 5437 1837 5505 ἠκούσατε
1866 5435 1955 5489 ὅτι

388 5531 715 5599 ἠσθένησε.
741 5530 850 5584 Καὶ
867 5530 977 5599 γὰρ
997 5529 1303 5596 ἠσθένησε
1330 5527 1757 5597 παραπλήσιον
1780 5525 1932 5581 θανά

391 5638 497 5676 του
517 5638 531 5651 ·
548 5620 686 5677 ἀλλ’
704 5624 736 5675 ό
760 5621 901 5687 Θεὸς
919 5620 1106 5674 αὑτὸν
1118 5620 1406 5689 ἠλέησεν,
1420 5621 1530 5674 οὐκ
1555 5619 1739 5673 αὑτὸν
1761 5618 1829 5671 δὲ
1845 5620 1953 5687 μό-

392 5725 523 5771 νον,
556 5708 719 5763 ἀλλὰ
742 5707 841 5761 καὶ
869 5708 992 5777 ἐμὲ,
1029 5708 1130 5762 ἵνα
1150 5707 1235 5778 μὴ
1258 5708 1464 5775 λύπην
1488 5707 1587 5761 ἐπὶ
1615 5707 1779 5775 λύπῃ
1800 5705 1950 5774 σχῶ.

397 5799 662 5855 Ἐνταῦθα
681 5800 747 5879 δὲ.
773 5801 868 5855 καὶ
896 5800 1080 5872 ἕτερον
1102 5800 1518 5868 κατασκευάζει,
1550 5798 1724 5871 δηλῶν
1752 5800 1833 5852 ὅτι
1860 5799 1953 5852 καὶ

1322 370 1385 425 IN
1425 367 1641 425 EPIST.
1685 370 1775 422 AD
1812 364 2099 423 ΡιιιιιΡΡ.
2138 366 2289 424 CAP.
2327 366 2643 426 ILHOMIL.
2686 371 2775 427 IX.

3522 371 3628 428 ‘368

2065 482 2225 547 αὐτὸς
2262 486 2465 557 σφόδρα
2492 484 2619 553 οἶδε,
2647 487 2833 558 φησὶν,
2853 486 2937 540 ὅτι
2973 486 3249 555 ἀγαπᾶται
3279 486 3409 558 παρ’
3450 487 3625 557 ὑμῶν.

2064 574 2137 625 Οὑ
2156 574 2352 647 μικρὸν
2370 576 2425 629 δὲ
2445 577 2604 647 τοῦτο
2630 581 2710 642 είς
2733 578 2793 631 τὸ
2814 577 2989 646 φιλεῖν
3017 576 3443 631 ἐπισπάσασθαι.
3465 577 3625 641 Πῶς;

2072 664 2389 737 Ἠσθένησε,
2420 669 2573 738 φησὶ,
2596 669 2691 723 καὶ
2721 668 2935 739 ὴλγεῖτε
2956 685 2971 699 ο
2999 668 3231 738 ὑγίαινε,
3262 669 3354 723 καὶ
3383 669 3627 740 ἀπήλλα-

2061 756 2148 819 ξεν
2171 757 2315 827 ὑμᾶς
2331 759 2427 828 τῆς
2455 759 2651 831 λύπης,
2671 762 2737 833 ἢν
2754 764 2927 831 εῐχετε
2953 761 3103 833 [9.66]
3124 761 3212 815 διὰ
3228 762 3326 830 τὴν
3341 761 3625 815 ἀσθένειαν

2058 846 2251 899 αὑτοῦ·
2275 850 2335 901 οὐ
2364 850 2470 920 μὴν
2499 852 2617 905 οὐδὲ
2648 852 2821 916 οὕτως
2848 853 2952 919 ἔξω
2978 854 3152 923 λύπης
3173 849 3263 924 ἦν,
3298 852 3414 906 ἀλλ’
3445 853 3621 923 ῆλγει,

2057 935 2189 988 διότι
2234 938 2459 1006 ὑγιάνας
2493 942 2594 995 οὑκ
2639 938 2777 995 εἶδεν
2824 943 2989 1013 ὑμᾶς.
3043 943 3305 995 Ἐνταῦθα
3356 944 3451 996 καὶ
3495 942 3622 995 ἄλλο

2058 1032 2473 1097 κατασκευάζει,
2513 1035 2943 1105 ἀπολογούμενος
2978 1038 3061 1091 ὃτι
3088 1035 3174 1089 διὰ
3190 1036 3382 1105 χρόνου
3416 1034 3627 1106 πέμπει

2058 1122 2194 1191 πρὸς
2222 1126 2440 1190 αὐτοὺς,
2476 1129 2548 1181 Οὐ
2583 1141 2609 1169 ει
2641 1130 2730 1185 διὰ
2784 1131 3078 1202 ῥᾳθυμίαν,
3129 1132 3314 1203 φησὶν,
3349 1129 3486 1184 ἀλλά
3534 1131 3626 1183 τὸν

2060 1216 2158 1286 μὲν
2186 1218 2448 1290 Τιμόθεον
2499 1221 2589 1276 διὰ
2633 1224 2693 1275 τὸ
2750 1225 2953 1295 μηδένα
2980 1225 3124 1295 ἔχειν
3172 1227 3453 1295 κατεῖχον·
3500 1226 3623 1278 Οὐκ

2056 1307 2173 1376 ἔχω
2203 1310 2333 1379 γὰρ,
2382 1315 2566 1384 φησὶν,
2625 1317 2956 1385 ἰσόψυχον
3011 1317 3101 1370 τὸν
3138 1317 3195 1370 δὲ
3235 1316 3626 1386 Ἐπαφρόδιτον

2057 1398 2146 1453 διὰ
2184 1400 2281 1473 τὴν
2311 1404 2612 1460 ἀσθένειαν.
2672 1404 2806 1460 Εἶτα
2851 1407 3088 1471 δεικνὺς,
3123 1408 3211 1460 ὅτι
3262 1406 3448 1478 μακρά
3484 1405 3625 1477 αῦτη

2058 1491 2269 1561 γέγονε,
2302 1497 2394 1549 καὶ
2437 1498 2603 1553 πολὺν
2639 1500 2829 1569 χρόνον
2867 1500 3131 1564 ἀνάλωσε,
3168 1498 3331 1569 φησί·
3364 1499 3477 1552 Καὶ
3510 1497 3624 1568 γὰρ

2056 1584 2360 1654 ἠσθένησε
2413 1590 2840 1657 παραπλήσιον
2892 1589 3171 1645 θανάτου.
3242 1590 3405 1661 Ὁρᾷς
3491 1591 3623 1659 ὅσην

2057 1680 2287 1733 ποιεῖται
2310 1681 2520 1746 Παῦλος
2562 1683 2796 1754 σπουδὴν
2827 1684 2965 1755 ὑπὲρ
2995 1682 3089 1736 τοῦ
3140 1681 3321 1753 πάσης
3348 1681 3623 1752 ῥᾳθυμίας

2057 1767 2149 1821 καὶ
2182 1768 2472 1840 ὀλιγωρίας
2495 1772 2770 1843 πρόφασιν
2816 1774 3044 1843 ἐκκόψαι
3070 1774 3135 1827 ἐκ
3168 1773 3270 1842 τῆς
3302 1773 3410 1826 τῶν
3444 1772 3623 1845 μαθη-

2055 1860 2163 1915 τῶν
2200 1861 2460 1929 διανοίας,
2511 1865 2606 1918 καὶ
2653 1865 2729 1936 μὴ
2765 1866 3196 1936 ὑποπτευθῆναι,
3227 1866 3312 1919 ὅτι
3341 1883 3621 1937 καταφρο-

2055 1951 2162 2005 νῶν
2186 1952 2366 2006 αὐτῶν
2393 1955 2492 2008 οὑκ
2518 1951 2712 2027 mea;
2743 1956 2909 2010 Οὐδὲν
2948 1957 3056 2029 γάρ
3083 1956 3227 2011 οὕτω
3251 1957 3343 2011 τὸν
3371 1957 3621 2028 μαθητὴν

2055 2044 2429 2113 ἐπαγαγέσθαι
2458 2046 2779 2118 δυνησεται,
2836 2047 2912 2110 ὡς
2956 2047 3018 2099 τὸ
3060 2046 3375 2110 πεπεῖσθαι,
3408 2049 3503 2100 καὶ
3535 2047 3617 2099 ὃτι

2056 2135 2329 2204 φροντίζει
2363 2137 2528 2191 αὑτοῦ
2560 2139 2589 2191 6
2623 2136 2922 2210 προεστὼς,
2952 2137 3045 2192 καὶ
3075 2139 3155 2191 ὃτι
3188 2138 3447 2209 ἀδημονεῖ
3482 2137 3622 2209 ὑπὲρ

2055 2226 2242 2293 αὑτοῦ,
2265 2228 2399 2300 ὅπερ
2432 2229 2877 2301 ὑπερϐαλλούσης
2915 2229 3134 2299 ἀγάπης
3176 2230 3345 2284 ἐστίν.
3410 2228 3621 2283 Ἠκού-

2055 2333 2224 2383 σατε,
2254 2322 2438 2390 φησὶν,
2490 2320 2580 2374 ὅτι
2616 2322 2955 2389 ἠσθένησεο
3014 2319 3113 2374 καί
3155 2320 3268 2388 γὰρ
3315 2320 3623 2388 ἠσθένησε

2055 2412 2486 2481 παραπλήσιον
2515 2413 2798 2468 θανάτου.
2837 2414 2948 2467 Καὶ
2974 2413 3057 2465 ὅτι
3101 2413 3163 2465 οὑ
3192 2411 3621 2484 προφασίζομαι,

2054 2502 2320 2557 ἀκούσατε
2340 2520 2353 2534 ·
2394 2505 2555 2559 Ἀλλ’
2585 2508 2618 2558 ό
2651 2504 2796 2570 Θεὸς
2821 2504 3009 2558 αὑτὸν
3034 2502 3288 2571 ἠλέησε.
3322 2502 3388 2555 Τί
3415 2501 3618 2571 λέγεις,

2055 2588 2100 2647 ὧ
2130 2596 2407 2669 αἱρετικέ;
2446 2594 2709 2649 Ἐνταῦθα
2733 2594 2884 2648 ἔλεόν
2918 2610 3052 2665 φησι
3087 2592 3183 2647 τοῦ
3226 2593 3360 2647 Θεοῦ
3399 2589 3539 2646 εἶναι
3562 2593 3626 2646 τὸ

2054 2686 2146 2739 τὸν
2178 2685 2441 2757 μέλλοντα
2472 2685 2693 2740 ἀπιέναι
2726 2685 2978 2755 κατέχειν
3012 2684 3107 2738 καὶ
3151 2683 3491 2753 ὑποστρέψαι
3520 2683 3626 2736 πά-

2055 2777 2158 2834 λιν.
2200 2778 2309 2831 Καὶ
2347 2777 2455 2850 μὴν
2484 2778 2534 2830 εί
2564 2777 2797 2848 πονηρὸν
2826 2778 2855 2831 6
2879 2775 3102 2846 κόσμος,
3145 2775 3247 2828 οὑκ
3292 2773 3439 2838 ἔλεος
3472 2768 3625 2838 οὗτός

2054 2868 2171 2920 ἐστι
2199 2867 2262 2921 τὸ
2293 2869 2352 2922 ὲν
2375 2867 2453 2939 τῷ
2486 2868 2708 2940 πονηρῷ
2740 2866 2978 2937 ἀφιέναι.
3042 2866 3205 2920 Ἀλλὰ
3241 2866 3379 2936 πρὸς
3414 2866 3513 2935 μὲν
3532 2865 3627 2920 τὸν

2055 2958 2331 3030 αἱρετικὸν
2351 2957 2575 3012 εὔκολον
2607 2960 2802 3022 εἰπεῖν,
2833 2957 2972 3028 πρὸς
3002 2956 3060 3010 δὲ
3087 2957 3179 3009 τὸν
3213 2954 3542 3028 Χριστιανὸν
3571 2955 3625 3008 τί

2056 3048 2321 3120 ὲροῦμεν;
2356 3050 2467 3103 Καὶ
2514 3049 2623 3121 γὰρ
2673 3050 2704 3104 6
2754 3035 2914 3112 αὑτὸς
2950 3049 2979 3089 δ
3026 3046 3438 3119 ἀμφισϐητήσει
3471 3046 3623 3110 ἴσως,

2057 3141 2151 3194 καὶ
2174 3143 2291 3212 ὲρεῖ
2308 3156 2325 3171 ο
2357 3143 2421 3196 Εί
2453 3141 2516 3195 τὸ
2543 3140 2807 3196 ἀναλῦσαι
2836 3143 2932 3195 σὺν
2956 3140 3177 3211 Χριστῷ
3203 3138 3382 3210 πολλῷ
3416 3136 3620 3210 μᾶλλον

2057 3234 2329 3303 κρεῖσσον,
2352 3233 2495 3297 τίνος
2527 3232 2718 3287 ἕνεκέν
2751 3250 2916 3303 φησιν
2943 3232 3104 3286 αὑτὸν
3138 3230 3441 3297 ὲλεεῖσθαι;
3484 3226 3627 3297 Ἐγὼ

2054 3323 2113 3377 δὲ
2158 3324 2361 3394 μᾶλλον
2406 3325 2699 3396 ἐρήσομαιο
2750 3325 2908 3388 Τίνος
2951 3324 3136 3377 ’ένεκεν
3179 3324 3209 3376 ὁ
3247 3320 3408 3384 αὑτός
3460 3336 3627 3389 φησιν

2056 3417 2480 3488 ἀναγκαιότερον
2506 3415 2646 3472 εἷναι
2678 3418 2738 3471 τὸ
2765 3417 3043 3487 ἐπιμεῖναι
3075 3415 3141 3468 δι’
3184 3414 3363 3484 ὑμᾶςς
3402 3413 3620 3481 ’Ὠσπερ

2057 3508 2168 3581 γὰρ
2197 3509 2347 3580 αὑτῷ
2408 3511 2708 3577 ἀναγκαῖον
2758 3504 2827 3580 ἦν
2880 3510 3080 3571 ἐκεῖνο,
3130 3505 3273 3560 οὕτω
3312 3506 3408 3559 καὶ
3444 3504 3626 3573 τούτῳ

2061 3600 2199 3673 μετά
2249 3601 2494 3666 πλείονος
2543 3601 2777 3655 πλούτου
2842 3600 2937 3653 καὶ
3006 3599 3254 3670 μείζονος
3309 3594 3626 3667 παρρησίας

2060 3690 2308 3761 μέλλοντι
2346 3691 2483 3762 πρὸς
2514 3691 2606 3743 τὸν
2656 3689 2790 3744 Θεὸν
2834 3689 3075 3743 ἀπιέναι.
3146 3688 3353 3741 Ἐκεῖνο
3392 3689 3490 3756 μὲν
3513 3685 3626 3757 γὰρ

2059 3783 2163 3836 κᾶν
2195 3784 2270 3854 μὴ
2299 3783 2391 3837 νῦν
2411 3794 2433 3822 ο
2463 3782 2699 3851 ἐγένετο,
2730 3782 2956 3851 ὕστερον
2984 3780 3205 3852 ἔμελλε·
3249 3779 3311 3833 τὸ
3338 3779 3395 3832 δὲ
3425 3778 3623 3849 κερδᾶ-

2059 3894 2145 3931 ναι
2168 3875 2346 3946 ψυχὰς
2371 3876 2473 3928 οὑκ
2504 3876 2582 3928 ἔνι
2612 3875 2796 3929 λοιπὸν
2819 3874 3151 3936 ἀπελθόντας
3195 3874 3328 3927 ἐκεῖ.
3350 3870 3431 3924 Τά
3452 3869 3625 3923 πολλά

2059 3970 2155 4024 καὶ
2184 3969 2324 4024 κατὰ
2370 3968 2469 4038 τὴν
2510 3969 2692 4038 κοινὴν
2746 3967 3035 4038 συνήθειαν
3090 3966 3200 4018 τῶν
3250 3963 3559 4018 ἀκουόντων
3591 3961 3622 4012 6

2060 4058 2268 4122 Παῦλος
2297 4056 2613 4127 φθέγγεται,
2643 4058 2738 4110 καὶ
2763 4057 2826 4112 οὑ
2844 4053 3118 4124 πανταχοῦ
3142 4052 3419 4121 φιλοσοφεῖ
3444 4064 3456 4077 ·
3486 4047 3623 4119 πρὸς

2057 4151 2166 4222 γὰρ
2197 4149 2517 4220 ἀνθρώπους
2549 4148 2846 4217 κοσμικοὺς
2875 4147 2904 4199 6
2927 4145 3083 4212 λόγος
3109 4137 3178 4215 ἦν
3225 4140 3395 4211 αὐτῷ,
3448 4138 3619 4192 δεδοι-

2058 4242 2221 4306 κότας
2243 4240 2323 4294 ἐτι
2350 4240 2442 4294 τὸν
2466 4239 2713 4293 θάνατον.
2751 4234 2884 4290 Εἶτα
2927 4233 3198 4289 δείκνυσιν
3231 4231 3288 4283 ὲν
3334 4229 3445 4298 ὅσῳ
3479 4226 3623 4295 λόγῳ

2059 4332 2207 4385 ἐστὶν
2242 4329 2391 4400 αὑτῷ
2419 4330 2447 4382 6
2498 4329 2909 4400 Ἐπαφρόδιτος,
2949 4325 3043 4379 καὶ
3074 4321 3181 4377 άπὸ
3201 4319 3389 4374 τούτου
3420 4316 3623 4371 αἰδέσι-

2061 4441 2161 4494 μον
2190 4423 2352 4478 αὑτὸν
2396 4422 2584 4486 ποιῶν,
2628 4422 2681 4474 εί
2715 4437 2779 4489 γε
2805 4419 2902 4489 τὴν
2927 4417 3136 4472 ἐκείνου
3178 4410 3451 4483 σωτηρίαν
3481 4407 3624 4461 οὕτω

2059 4515 2333 4587 χρησίμην
2362 4513 2539 4583 ἑαυτῷ
2566 4530 2732 4582 φησιν
2757 4507 2917 4576 εἶναι,
2948 4510 3022 4573 ὡς
3050 4506 3311 4579 ὴλεῆσθαι
3340 4503 3434 4557 καὶ
3457 4501 3621 4556 αὑτὸν

2057 4609 2123 4661 δι’
2156 4606 2385 4661 ἐκείνου.
2439 4605 2645 4668 Ἄλλως
2679 4603 2759 4666 δὲ,
2811 4603 2908 4656 καὶ
2943 4602 3111 4672 χωρὶς
3155 4597 3347 4651 τούτου
3382 4592 3547 4648 καλὸν
3577 4594 3612 4663 ἡ

2059 4695 2312 4768 παροῦσα
2337 4694 2482 4764 ζωήο
2522 4695 2644 4747 ἐπεὶ
2693 4693 2745 4747 εί
2795 4692 2869 4762 μὴ
2917 4689 3102 4751 καλὸν,
3157 4687 3246 4740 διὰ
3277 4685 3331 4740 τί
3359 4686 3419 4739 ὲν
3462 4682 3620 4746 τάξει

2058 4789 2327 4861 τιμωρίας
2360 4786 2542 4857 τίθησι
2590 4786 2716 4848 τοὺς
2760 4784 2973 4854 ἀώρους
3017 4781 3311 4845 θανάτους;
3364 4778 3438 4842 ὡς
3494 4777 3621 4829 ὅταν

2058 4884 2225 4953 λέγῃ,
2259 4880 2363 4935 Διὰ
2393 4880 2567 4934 τοῦτο
2628 4879 2696 4932 ἐν
2742 4877 2884 4947 ὑμῖν
2933 4876 3149 4939 πολλοὶ
3193 4870 3471 4936 ἀσθενεῖς
3521 4868 3621 4921 καί

2059 4976 2371 5045 ἄρρωστοι,
2434 4972 2536 5027 καὶ
2592 4970 2909 5040 κοιμῶνται
2963 4967 3179 5023 ἱκανοί.
3247 4965 3313 5017 'll
3362 4963 3460 5032 μὲν
3512 4959 3623 5027 γὰρ

2063 5066 2328 5137 μέλλουσα
2380 5064 2493 5134 ζωὴ
2546 5063 2666 5133 οὐχ).
2704 5057 2941 5129 πονηροῦ
2986 5059 3277 5129 κρείττων,
3345 5052 3466 5105 ἐπεὶ
3521 5049 3624 5100 οὑκ

2059 5156 2258 5226 ἀγαθὴ,
2292 5153 2426 5207 ἀλλά
2467 5153 2631 5208 καλοῦ
2659 5153 2946 5224 κρείττων.
2988 5151 3122 5204 Ἵνα
3146 5148 3229 5217 μὴ
3264 5146 3490 5211 λύπην,
3520 5161 3624 5211 φη-

2061 5247 2166 5311 σὶν,
2209 5245 2308 5299 ἐπὶ
2348 5245 2514 5314 λύπῃ
2542 5242 2695 5313 σχῶ,
2743 5243 2843 5315 τὴν
2886 5241 2994 5296 ἀπὸ
3032 5240 3132 5309 τῆς
3173 5234 3324 5309 [267]
3366 5234 3623 5302 τελευτῆς

2060 5338 2151 5391 ἐπὶ
2180 5339 2245 5408 τῇ
2283 5336 2373 5389 διὰ
2400 5335 2501 5408 τὴν
2531 5334 2843 5409 ἀρρωστίαν
2869 5331 3139 5402 γενομένῃ
3171 5325 3337 5395 αὐτῷ.
3369 5324 3469 5375 Διά
3497 5321 3623 5375 τοὺ-

2115 5631 2142 5688 ,ο
2174 5618 2306 5669 Unus
2338 5620 2513 5688 godex,
2540 5617 2929 5680 ἀπολογούμενος.
2977 5616 3110 5672 Τίνος
3150 5615 3305 5663 ἕνεκεν
3327 5615 3405 5663 διὰ
3452 5614 3622 5679 χρόνον

2058 5684 2235 5739 πέμπει
2262 5695 2275 5740 ;
2310 5684 2381 5729 οὐ.

2121 5742 2145 5779 ιι
2176 5743 2317 5792 Forte
2344 5744 2494 5798 οὗτος.

2119 5802 2142 5830 °
2171 5805 2351 5856 Mavult
2376 5806 2588 5856 Duuaaus
2620 5804 2705 5852 κᾶν
2728 5803 2766 5850 εἰ
2790 5802 2854 5866 μὴ
2878 5801 2974 5850 νῦν.
