  <div class='ocr_page' id='page_1' title='image "/cluster/home/n/w/nwhite01/storage/ocr_20150623/62/nnc1.0046979654/255.png"; bbox 0 0 4108 6410; ppageno 0'>
   <div class='ocr_carea' id='block_1_1' title="bbox 413 367 536 442">
    <p class='ocr_par' dir='ltr' id='par_1_1' title="bbox 413 367 536 442">
     <span class='ocr_line' id='line_1_1' title="bbox 413 367 536 442; baseline 0.008 -2"><span class='ocrx_word' id='word_1_1' title='bbox 413 367 536 442; x_wconf 69' lang='lat'>949</span> 
     </span>
    </p>
   </div>
   <div class='ocr_carea' id='block_1_2' title="bbox 430 492 1993 565">
    <p class='ocr_par' dir='ltr' id='par_1_2' title="bbox 430 492 1993 565">
     <span class='ocr_line' id='line_1_2' title="bbox 430 492 1993 565; baseline -0.002 -13"><span class='ocrx_word' id='word_1_2' title='bbox 430 516 537 552; x_wconf 90' lang='grc' dir='ltr'>των</span> <span class='ocrx_word' id='word_1_3' title='bbox 594 493 887 558; x_wconf 80' lang='grc' dir='ltr'>δείκνυσιν,</span> <span class='ocrx_word' id='word_1_4' title='bbox 961 492 1087 546; x_wconf 82' lang='grc' dir='ltr'>ὅσου</span> <span class='ocrx_word' id='word_1_5' title='bbox 1134 495 1360 565; x_wconf 80' lang='grc' dir='ltr'>τιμᾶται</span> <span class='ocrx_word' id='word_1_6' title='bbox 1410 494 1501 548; x_wconf 81' lang='grc' dir='ltr'>τὸν</span> <span class='ocrx_word' id='word_1_7' title='bbox 1582 494 1993 565; x_wconf 73' lang='grc' dir='ltr'>Ἐπαφρόδιτον.</span> 
     </span>
    </p>
   </div>
   <div class='ocr_carea' id='block_1_3' title="bbox 430 580 1996 659">
    <p class='ocr_par' dir='ltr' id='par_1_3' title="bbox 430 580 1996 659">
     <span class='ocr_line' id='line_1_3' title="bbox 430 580 1996 659; baseline -0.002 -16"><span class='ocrx_word' id='word_1_8' title='bbox 430 585 913 655; x_wconf 79' lang='grc' dir='ltr'>Σπουδαιοτέρως</span> <span class='ocrx_word' id='word_1_9' title='bbox 963 580 1077 639; x_wconf 85' lang='grc' dir='ltr'>οὖν</span> <span class='ocrx_word' id='word_1_10' title='bbox 1143 585 1387 655; x_wconf 74' lang='grc' dir='ltr'>ἔπεμψα</span> <span class='ocrx_word' id='word_1_11' title='bbox 1458 587 1665 640; x_wconf 86' lang='grc' dir='ltr'>αὐτόν.</span> <span class='ocrx_word' id='word_1_12' title='bbox 1738 586 1996 659; x_wconf 63' lang='grc' dir='ltr'>Τίέστι,</span> 
     </span>
    </p>
   </div>
   <div class='ocr_carea' id='block_1_4' title="bbox 429 676 1999 749">
    <p class='ocr_par' dir='ltr' id='par_1_4' title="bbox 429 676 1999 749">
     <span class='ocr_line' id='line_1_4' title="bbox 429 676 1999 749; baseline -0.004 -14"><span class='ocrx_word' id='word_1_13' title='bbox 429 677 941 747; x_wconf 77' lang='grc' dir='ltr'>Σπουδαιοτέρως;</span> <span class='ocrx_word' id='word_1_14' title='bbox 1000 677 1317 740; x_wconf 89' lang='grc' dir='ltr'>Τουτέστιν,</span> <span class='ocrx_word' id='word_1_15' title='bbox 1357 676 1785 747; x_wconf 83' lang='grc' dir='ltr'>Ἀνυπερθέτως,</span> <span class='ocrx_word' id='word_1_16' title='bbox 1831 678 1999 749; x_wconf 74' lang='grc' dir='ltr'>χωρὶς</span> 
     </span>
    </p>
   </div>
   <div class='ocr_carea' id='block_1_5' title="bbox 432 768 2001 842">
    <p class='ocr_par' dir='ltr' id='par_1_5' title="bbox 432 768 2001 842">
     <span class='ocr_line' id='line_1_5' title="bbox 432 768 2001 842; baseline -0.001 -18"><span class='ocrx_word' id='word_1_17' title='bbox 432 772 763 842; x_wconf 84' lang='grc' dir='ltr'>μελλήσεως,</span> <span class='ocrx_word' id='word_1_18' title='bbox 796 769 935 840; x_wconf 83' lang='grc' dir='ltr'>μετὰ</span> <span class='ocrx_word' id='word_1_19' title='bbox 959 768 1156 822; x_wconf 86' lang='grc' dir='ltr'>πολλοῦ</span> <span class='ocrx_word' id='word_1_20' title='bbox 1176 768 1272 822; x_wconf 88' lang='grc' dir='ltr'>τοῦ</span> <span class='ocrx_word' id='word_1_21' title='bbox 1294 769 1514 841; x_wconf 83' lang='grc' dir='ltr'>τάχους,</span> <span class='ocrx_word' id='word_1_22' title='bbox 1539 769 1802 834; x_wconf 87' lang='grc' dir='ltr'>κελεύσας</span> <span class='ocrx_word' id='word_1_23' title='bbox 1825 769 2001 824; x_wconf 83' lang='grc' dir='ltr'>πάντα</span> 
     </span>
    </p>
   </div>
   <div class='ocr_carea' id='block_1_6' title="bbox 428 860 2001 933">
    <p class='ocr_par' dir='ltr' id='par_1_6' title="bbox 428 860 2001 933">
     <span class='ocr_line' id='line_1_6' title="bbox 428 860 2001 933; baseline -0.001 -17"><span class='ocrx_word' id='word_1_24' title='bbox 428 861 799 933; x_wconf 80' lang='grc' dir='ltr'>ὑπερθέμενον</span> <span class='ocrx_word' id='word_1_25' title='bbox 838 860 1014 914; x_wconf 78' lang='grc' dir='ltr'>ἐλθεῖν</span> <span class='ocrx_word' id='word_1_26' title='bbox 1052 861 1189 929; x_wconf 88' lang='grc' dir='ltr'>πρὸς</span> <span class='ocrx_word' id='word_1_27' title='bbox 1229 861 1393 931; x_wconf 82' lang='grc' dir='ltr'>ὑμᾶς,</span> <span class='ocrx_word' id='word_1_28' title='bbox 1426 861 1516 915; x_wconf 86' lang='grc' dir='ltr'>ἴνα</span> <span class='ocrx_word' id='word_1_29' title='bbox 1556 863 1655 932; x_wconf 84' lang='grc' dir='ltr'>τῆς</span> <span class='ocrx_word' id='word_1_30' title='bbox 1703 860 2001 932; x_wconf 84' lang='grc' dir='ltr'>ἀδημονίας</span> 
     </span>
    </p>
   </div>
   <div class='ocr_carea' id='block_1_7' title="bbox 427 948 2001 1022">
    <p class='ocr_par' dir='ltr' id='par_1_7' title="bbox 427 948 2001 1022">
     <span class='ocr_line' id='line_1_7' title="bbox 427 948 2001 1022; baseline -0.001 -17"><span class='ocrx_word' id='word_1_31' title='bbox 427 952 738 1022; x_wconf 77' lang='grc' dir='ltr'>ἀπαλλαγῇ.</span> <span class='ocrx_word' id='word_1_32' title='bbox 768 950 843 1003; x_wconf 84' lang='grc' dir='ltr'>Ού</span> <span class='ocrx_word' id='word_1_33' title='bbox 869 949 977 1021; x_wconf 83' lang='grc' dir='ltr'>γὰρ</span> <span class='ocrx_word' id='word_1_34' title='bbox 1002 948 1146 1003; x_wconf 84' lang='grc' dir='ltr'>οῦτω</span> <span class='ocrx_word' id='word_1_35' title='bbox 1173 952 1297 1013; x_wconf 84' lang='grc' dir='ltr'>τοὺς</span> <span class='ocrx_word' id='word_1_36' title='bbox 1322 949 1487 1003; x_wconf 89' lang='grc' dir='ltr'>ποθου</span> <span class='ocrx_word' id='word_1_37' title='bbox 1498 950 1690 1021; x_wconf 82' lang='grc' dir='ltr'>μένους</span> <span class='ocrx_word' id='word_1_38' title='bbox 1713 950 2001 1014; x_wconf 89' lang='grc' dir='ltr'>ἀκούοντες</span> 
     </span>
    </p>
   </div>
   <div class='ocr_carea' id='block_1_8' title="bbox 427 1042 2002 1115">
    <p class='ocr_par' dir='ltr' id='par_1_8' title="bbox 427 1042 2002 1115">
     <span class='ocr_line' id='line_1_8' title="bbox 427 1042 2002 1115; baseline -0.001 -17"><span class='ocrx_word' id='word_1_39' title='bbox 427 1048 485 1098; x_wconf 85' lang='grc' dir='ltr'>ἐν</span> <span class='ocrx_word' id='word_1_40' title='bbox 518 1045 677 1115; x_wconf 77' lang='grc' dir='ltr'>ὑγεία</span> <span class='ocrx_word' id='word_1_41' title='bbox 709 1043 869 1106; x_wconf 77' lang='grc' dir='ltr'>ὄντας</span> <span class='ocrx_word' id='word_1_42' title='bbox 905 1042 1190 1113; x_wconf 87' lang='grc' dir='ltr'>χαίρομεν,</span> <span class='ocrx_word' id='word_1_43' title='bbox 1225 1042 1301 1105; x_wconf 86' lang='grc' dir='ltr'>ὡς</span> <span class='ocrx_word' id='word_1_44' title='bbox 1328 1044 1471 1097; x_wconf 75' lang='grc' dir='ltr'>τόταν</span> <span class='ocrx_word' id='word_1_45' title='bbox 1506 1042 1724 1113; x_wconf 84' lang='grc' dir='ltr'>ίδωμεν,</span> <span class='ocrx_word' id='word_1_46' title='bbox 1770 1042 1864 1096; x_wconf 79' lang='grc' dir='ltr'>καὶ</span> <span class='ocrx_word' id='word_1_47' title='bbox 1895 1042 2002 1113; x_wconf 89' lang='grc' dir='ltr'>μά-</span> 
     </span>
    </p>
   </div>
   <div class='ocr_carea' id='block_1_9' title="bbox 426 1134 1999 1206">
    <p class='ocr_par' dir='ltr' id='par_1_9' title="bbox 426 1134 1999 1206">
     <span class='ocr_line' id='line_1_9' title="bbox 426 1134 1999 1206; baseline 0.001 -18"><span class='ocrx_word' id='word_1_48' title='bbox 426 1135 602 1198; x_wconf 88' lang='grc' dir='ltr'>λιστα,</span> <span class='ocrx_word' id='word_1_49' title='bbox 644 1137 771 1189; x_wconf 85' lang='grc' dir='ltr'>ὅταν</span> <span class='ocrx_word' id='word_1_50' title='bbox 796 1134 928 1206; x_wconf 88' lang='grc' dir='ltr'>παρ’</span> <span class='ocrx_word' id='word_1_51' title='bbox 952 1135 1175 1199; x_wconf 79' lang='grc' dir='ltr'>ἐλπίδας</span> <span class='ocrx_word' id='word_1_52' title='bbox 1205 1134 1340 1206; x_wconf 82' lang='grc' dir='ltr'>ἐκϐῇ</span> <span class='ocrx_word' id='word_1_53' title='bbox 1367 1134 1427 1187; x_wconf 84' lang='grc' dir='ltr'>τὸ</span> <span class='ocrx_word' id='word_1_54' title='bbox 1453 1136 1683 1205; x_wconf 81' lang='grc' dir='ltr'>πρᾶγμα</span> <span class='ocrx_word' id='word_1_55' title='bbox 1705 1150 1718 1164; x_wconf 82' lang='lat'><strong><em>°</em></strong></span> <span class='ocrx_word' id='word_1_56' title='bbox 1750 1134 1886 1205; x_wconf 84' lang='grc' dir='ltr'>ὅπερ</span> <span class='ocrx_word' id='word_1_57' title='bbox 1907 1135 1999 1189; x_wconf 77' lang='grc' dir='ltr'>ἐπὶ</span> 
     </span>
    </p>
   </div>
   <div class='ocr_carea' id='block_1_10' title="bbox 439 1217 1998 1296">
    <p class='ocr_par' dir='ltr' id='par_1_10' title="bbox 439 1217 1998 1296">
     <span class='ocr_line' id='line_1_10' title="bbox 439 1217 1998 1296; baseline -0.001 -18"><span class='ocrx_word' id='word_1_58' title='bbox 439 1225 830 1296; x_wconf 82' lang='grc' dir='ltr'>Ἐπαφροδίτου</span> <span class='ocrx_word' id='word_1_59' title='bbox 880 1225 1001 1278; x_wconf 85' lang='grc' dir='ltr'>τότε</span> <span class='ocrx_word' id='word_1_60' title='bbox 1046 1225 1258 1293; x_wconf 90' lang='grc' dir='ltr'>γέγονε.</span> <span class='ocrx_word' id='word_1_61' title='bbox 1310 1222 1795 1291; x_wconf 86' lang='grc' dir='ltr'>Σπουδαιοτέρως</span> <span class='ocrx_word' id='word_1_62' title='bbox 1864 1217 1998 1287; x_wconf 86' lang='grc' dir='ltr'>οὖν,</span> 
     </span>
    </p>
   </div>
   <div class='ocr_carea' id='block_1_11' title="bbox 427 1312 1998 1387">
    <p class='ocr_par' dir='ltr' id='par_1_11' title="bbox 427 1312 1998 1387">
     <span class='ocr_line' id='line_1_11' title="bbox 427 1312 1998 1387; baseline -0.001 -19"><span class='ocrx_word' id='word_1_63' title='bbox 427 1316 613 1387; x_wconf 77' lang='grc' dir='ltr'>φησὶν,</span> <span class='ocrx_word' id='word_1_64' title='bbox 642 1317 883 1386; x_wconf 74' lang='grc' dir='ltr'>ἔπεμψα</span> <span class='ocrx_word' id='word_1_65' title='bbox 914 1316 1120 1382; x_wconf 83' lang='grc' dir='ltr'>αὐτὸν,</span> <span class='ocrx_word' id='word_1_66' title='bbox 1151 1317 1252 1372; x_wconf 79' lang='grc' dir='ltr'>ἵνα</span> <span class='ocrx_word' id='word_1_67' title='bbox 1280 1315 1511 1381; x_wconf 84' lang='grc' dir='ltr'>ίδόντες</span> <span class='ocrx_word' id='word_1_68' title='bbox 1538 1313 1727 1368; x_wconf 84' lang='grc' dir='ltr'>αὐτὸν</span> <span class='ocrx_word' id='word_1_69' title='bbox 1759 1312 1998 1383; x_wconf 83' lang='grc' dir='ltr'>χαρῆτε,</span> 
     </span>
    </p>
   </div>
   <div class='ocr_carea' id='block_1_12' title="bbox 427 1403 2001 1479">
    <p class='ocr_par' dir='ltr' id='par_1_12' title="bbox 427 1403 2001 1479">
     <span class='ocr_line' id='line_1_12' title="bbox 427 1403 2001 1479; baseline -0.002 -17"><span class='ocrx_word' id='word_1_70' title='bbox 427 1408 589 1479; x_wconf 77' lang='grc' dir='ltr'>κάγὼ</span> <span class='ocrx_word' id='word_1_71' title='bbox 624 1410 997 1477; x_wconf 74' lang='grc' dir='ltr'>ἀλυπότερος</span> <span class='ocrx_word' id='word_1_72' title='bbox 1038 1403 1104 1462; x_wconf 87' lang='grc' dir='ltr'>ὦ.</span> <span class='ocrx_word' id='word_1_73' title='bbox 1154 1408 1279 1469; x_wconf 89' lang='grc' dir='ltr'>Πῶς</span> <span class='ocrx_word' id='word_1_74' title='bbox 1335 1406 1700 1477; x_wconf 89' lang='grc' dir='ltr'>ἀλυπότερος;</span> <span class='ocrx_word' id='word_1_75' title='bbox 1739 1406 1860 1459; x_wconf 86' lang='grc' dir='ltr'>Ὅτι</span> <span class='ocrx_word' id='word_1_76' title='bbox 1904 1405 2001 1459; x_wconf 74' lang='grc' dir='ltr'>ἐὰν</span> 
     </span>
    </p>
   </div>
   <div class='ocr_carea' id='block_1_13' title="bbox 426 1493 2003 1572">
    <p class='ocr_par' dir='ltr' id='par_1_13' title="bbox 426 1493 2003 1572">
     <span class='ocr_line' id='line_1_13' title="bbox 426 1493 2003 1572; baseline -0.001 -19"><span class='ocrx_word' id='word_1_77' title='bbox 426 1499 583 1571; x_wconf 82' lang='grc' dir='ltr'>ὑμεῖς</span> <span class='ocrx_word' id='word_1_78' title='bbox 607 1502 861 1572; x_wconf 89' lang='grc' dir='ltr'>χαίρητε,</span> <span class='ocrx_word' id='word_1_79' title='bbox 911 1499 1065 1568; x_wconf 87' lang='grc' dir='ltr'>κάγὼ</span> <span class='ocrx_word' id='word_1_80' title='bbox 1103 1499 1298 1570; x_wconf 86' lang='grc' dir='ltr'>χαίρω,</span> <span class='ocrx_word' id='word_1_81' title='bbox 1350 1499 1443 1552; x_wconf 80' lang='grc' dir='ltr'>καὶ</span> <span class='ocrx_word' id='word_1_82' title='bbox 1489 1493 1642 1562; x_wconf 73' lang='grc' dir='ltr'>οὗτος</span> <span class='ocrx_word' id='word_1_83' title='bbox 1693 1498 1872 1568; x_wconf 84' lang='grc' dir='ltr'>χαίρει</span> <span class='ocrx_word' id='word_1_84' title='bbox 1910 1498 2003 1552; x_wconf 78' lang='grc' dir='ltr'>ἐπὶ</span> 
     </span>
    </p>
   </div>
   <div class='ocr_carea' id='block_1_14' title="bbox 423 1587 2003 1665">
    <p class='ocr_par' dir='ltr' id='par_1_14' title="bbox 423 1587 2003 1665">
     <span class='ocr_line' id='line_1_14' title="bbox 423 1587 2003 1665; baseline -0.002 -21"><span class='ocrx_word' id='word_1_85' title='bbox 423 1592 650 1665; x_wconf 81' lang='grc' dir='ltr'>τοιαύτῃ</span> <span class='ocrx_word' id='word_1_86' title='bbox 674 1593 856 1663; x_wconf 80' lang='grc' dir='ltr'>ἡδονῇ,</span> <span class='ocrx_word' id='word_1_87' title='bbox 889 1593 982 1644; x_wconf 76' lang='grc' dir='ltr'>καὶ</span> <span class='ocrx_word' id='word_1_88' title='bbox 1014 1589 1122 1659; x_wconf 84' lang='grc' dir='ltr'>ἐγὼ</span> <span class='ocrx_word' id='word_1_89' title='bbox 1143 1589 1475 1659; x_wconf 83' lang='grc' dir='ltr'>ἀλυπότερος</span> <span class='ocrx_word' id='word_1_90' title='bbox 1520 1588 1737 1658; x_wconf 74' lang='grc' dir='ltr'>ἔσομαι.</span> <span class='ocrx_word' id='word_1_91' title='bbox 1771 1587 1883 1642; x_wconf 76' lang='grc' dir='ltr'>Καὶ</span> <span class='ocrx_word' id='word_1_92' title='bbox 1903 1588 2003 1641; x_wconf 85' lang='grc' dir='ltr'>οὐκ</span> 
     </span>
    </p>
   </div>
   <div class='ocr_carea' id='block_1_15' title="bbox 425 1680 2003 1750">
    <p class='ocr_par' dir='ltr' id='par_1_15' title="bbox 425 1680 2003 1750">
     <span class='ocr_line' id='line_1_15' title="bbox 425 1680 2003 1750; baseline -0.003 -13"><span class='ocrx_word' id='word_1_93' title='bbox 425 1680 600 1746; x_wconf 82' lang='grc' dir='ltr'>εἶπεν,</span> <span class='ocrx_word' id='word_1_94' title='bbox 625 1685 887 1750; x_wconf 82' lang='grc' dir='ltr'>Ἀλυπος,</span> <span class='ocrx_word' id='word_1_95' title='bbox 906 1684 1045 1748; x_wconf 80' lang='grc' dir='ltr'>ἀλλ’,</span> <span class='ocrx_word' id='word_1_96' title='bbox 1071 1685 1489 1750; x_wconf 78' lang='grc' dir='ltr'>Ἀλυπότερος,</span> <span class='ocrx_word' id='word_1_97' title='bbox 1520 1682 1731 1743; x_wconf 80' lang='grc' dir='ltr'>δεικνὺς</span> <span class='ocrx_word' id='word_1_98' title='bbox 1752 1681 1834 1735; x_wconf 85' lang='grc' dir='ltr'>ὅτι</span> <span class='ocrx_word' id='word_1_99' title='bbox 1858 1681 2003 1734; x_wconf 84' lang='grc' dir='ltr'>οὐδέ-</span> 
     </span>
    </p>
   </div>
   <div class='ocr_carea' id='block_1_16' title="bbox 428 1772 1997 1849">
    <p class='ocr_par' dir='ltr' id='par_1_16' title="bbox 428 1772 1997 1849">
     <span class='ocr_line' id='line_1_16' title="bbox 428 1772 1997 1849; baseline -0.004 -18"><span class='ocrx_word' id='word_1_100' title='bbox 428 1794 559 1831; x_wconf 89' lang='grc' dir='ltr'>ποτε</span> <span class='ocrx_word' id='word_1_101' title='bbox 592 1777 626 1849; x_wconf 85' lang='grc' dir='ltr'><strong>ή</strong></span> <span class='ocrx_word' id='word_1_102' title='bbox 664 1776 814 1848; x_wconf 80' lang='grc' dir='ltr'>ψυχὴ</span> <span class='ocrx_word' id='word_1_103' title='bbox 846 1777 1009 1830; x_wconf 83' lang='grc' dir='ltr'>αὐτοῦ</span> <span class='ocrx_word' id='word_1_104' title='bbox 1039 1772 1107 1847; x_wconf 84' lang='grc' dir='ltr'>ἦν</span> <span class='ocrx_word' id='word_1_105' title='bbox 1130 1777 1309 1847; x_wconf 84' lang='grc' dir='ltr'>λύπης</span> <span class='ocrx_word' id='word_1_106' title='bbox 1336 1776 1514 1837; x_wconf 79' lang='grc' dir='ltr'>ἐκτός.</span> <span class='ocrx_word' id='word_1_107' title='bbox 1557 1774 1616 1828; x_wconf 87' lang='lat'><strong>&#39;0</strong></span> <span class='ocrx_word' id='word_1_108' title='bbox 1652 1774 1760 1844; x_wconf 85' lang='grc' dir='ltr'>γὰρ</span> <span class='ocrx_word' id='word_1_109' title='bbox 1802 1774 1997 1842; x_wconf 86' lang='grc' dir='ltr'>λέγων,</span> 
     </span>
    </p>
   </div>
   <div class='ocr_carea' id='block_1_17' title="bbox 430 1861 2000 1934">
    <p class='ocr_par' dir='ltr' id='par_1_17' title="bbox 430 1861 2000 1934">
     <span class='ocr_line' id='line_1_17' title="bbox 430 1861 2000 1934; baseline -0.004 -11"><span class='ocrx_word' id='word_1_110' title='bbox 430 1871 529 1934; x_wconf 85' lang='grc' dir='ltr'>Τίς</span> <span class='ocrx_word' id='word_1_111' title='bbox 557 1867 818 1929; x_wconf 85' lang='grc' dir='ltr'>ἀσθενεῖ,</span> <span class='ocrx_word' id='word_1_112' title='bbox 852 1867 951 1920; x_wconf 79' lang='grc' dir='ltr'>καὶ</span> <span class='ocrx_word' id='word_1_113' title='bbox 981 1868 1090 1920; x_wconf 82' lang='grc' dir='ltr'>οὐκ</span> <span class='ocrx_word' id='word_1_114' title='bbox 1119 1864 1355 1920; x_wconf 80' lang='grc' dir='ltr'>ἀσθενῶ</span> <span class='ocrx_word' id='word_1_115' title='bbox 1377 1883 1395 1930; x_wconf 90' lang='grc'><strong><em>;</em></strong></span> <span class='ocrx_word' id='word_1_116' title='bbox 1418 1865 1507 1931; x_wconf 86' lang='grc' dir='ltr'>τίς</span> <span class='ocrx_word' id='word_1_117' title='bbox 1525 1861 2000 1928; x_wconf 76' lang='grc' dir='ltr'>σκανδαλίζεται,</span> 
     </span>
    </p>
   </div>
   <div class='ocr_carea' id='block_1_18' title="bbox 424 1944 2000 2026">
    <p class='ocr_par' dir='ltr' id='par_1_18' title="bbox 424 1944 2000 2026">
     <span class='ocr_line' id='line_1_18' title="bbox 424 1944 2000 2026; baseline -0.006 -15"><span class='ocrx_word' id='word_1_118' title='bbox 424 1959 524 2012; x_wconf 81' lang='grc' dir='ltr'>καί</span> <span class='ocrx_word' id='word_1_119' title='bbox 575 1959 687 2012; x_wconf 83' lang='grc' dir='ltr'>οὐκ</span> <span class='ocrx_word' id='word_1_120' title='bbox 733 1957 847 2026; x_wconf 70' lang='grc' dir='ltr'>ἐγὼ</span> <span class='ocrx_word' id='word_1_121' title='bbox 894 1955 1193 2023; x_wconf 86' lang='grc' dir='ltr'>πυροῦμαι</span> <span class='ocrx_word' id='word_1_122' title='bbox 1209 1971 1228 2021; x_wconf 88' lang='grc'><em>;</em></span> <span class='ocrx_word' id='word_1_123' title='bbox 1286 1953 1416 2007; x_wconf 87' lang='grc' dir='ltr'>πότε</span> <span class='ocrx_word' id='word_1_124' title='bbox 1466 1952 1640 2022; x_wconf 82' lang='grc' dir='ltr'>λύπης</span> <span class='ocrx_word' id='word_1_125' title='bbox 1690 1951 1845 2014; x_wconf 82' lang='grc' dir='ltr'>ἐκτὸς</span> <span class='ocrx_word' id='word_1_126' title='bbox 1900 1944 2000 2022; x_wconf 78' lang='grc' dir='ltr'>ἦνς</span> 
     </span>
    </p>
   </div>
   <div class='ocr_carea' id='block_1_19' title="bbox 436 2044 2003 2119">
    <p class='ocr_par' dir='ltr' id='par_1_19' title="bbox 436 2044 2003 2119">
     <span class='ocr_line' id='line_1_19' title="bbox 436 2044 2003 2119; baseline -0.004 -16"><span class='ocrx_word' id='word_1_127' title='bbox 436 2050 583 2103; x_wconf 73' lang='grc' dir='ltr'>Ὧςεὶ</span> <span class='ocrx_word' id='word_1_128' title='bbox 605 2049 759 2119; x_wconf 85' lang='grc' dir='ltr'>έλεγε</span> <span class='ocrx_word' id='word_1_129' title='bbox 776 2065 792 2080; x_wconf 85' lang='grc'><strong>·</strong></span> <span class='ocrx_word' id='word_1_130' title='bbox 816 2048 1036 2118; x_wconf 85' lang='grc' dir='ltr'>Ταύτην</span> <span class='ocrx_word' id='word_1_131' title='bbox 1063 2047 1389 2116; x_wconf 88' lang='grc' dir='ltr'>ἀποτίθεμαι</span> <span class='ocrx_word' id='word_1_132' title='bbox 1422 2045 1519 2117; x_wconf 85' lang='grc' dir='ltr'>τὴν</span> <span class='ocrx_word' id='word_1_133' title='bbox 1536 2044 1794 2114; x_wconf 85' lang='grc' dir='ltr'>ἀθυμίαν.</span> <span class='ocrx_word' id='word_1_134' title='bbox 1813 2047 2003 2111; x_wconf 86' lang='grc' dir='ltr'>Προσ-</span> 
     </span>
    </p>
   </div>
   <div class='ocr_carea' id='block_1_20' title="bbox 422 2133 1999 2209">
    <p class='ocr_par' dir='ltr' id='par_1_20' title="bbox 422 2133 1999 2209">
     <span class='ocr_line' id='line_1_20' title="bbox 422 2133 1999 2209; baseline -0.004 -15"><span class='ocrx_word' id='word_1_135' title='bbox 422 2141 673 2209; x_wconf 79' lang='grc' dir='ltr'>δέχεσθε</span> <span class='ocrx_word' id='word_1_136' title='bbox 697 2134 810 2194; x_wconf 83' lang='grc' dir='ltr'>οὖν</span> <span class='ocrx_word' id='word_1_137' title='bbox 832 2138 1020 2192; x_wconf 79' lang='grc' dir='ltr'>αὑτὸν</span> <span class='ocrx_word' id='word_1_138' title='bbox 1050 2138 1119 2191; x_wconf 82' lang='grc' dir='ltr'>ἐν</span> <span class='ocrx_word' id='word_1_139' title='bbox 1155 2138 1347 2205; x_wconf 81' lang='grc' dir='ltr'>Κυρίῳ</span> <span class='ocrx_word' id='word_1_140' title='bbox 1367 2137 1518 2206; x_wconf 81' lang='grc' dir='ltr'>μετὰ</span> <span class='ocrx_word' id='word_1_141' title='bbox 1553 2135 1757 2202; x_wconf 82' lang='grc' dir='ltr'>πάσης</span> <span class='ocrx_word' id='word_1_142' title='bbox 1786 2133 1999 2204; x_wconf 80' lang='grc' dir='ltr'>χαρᾶς.</span> 
     </span>
    </p>
   </div>
   <div class='ocr_carea' id='block_1_21' title="bbox 438 2210 2004 2297">
    <p class='ocr_par' dir='ltr' id='par_1_21' title="bbox 438 2210 2004 2297">
     <span class='ocr_line' id='line_1_21' title="bbox 438 2210 2004 2297; baseline -0.003 -14"><span class='ocrx_word' id='word_1_143' title='bbox 438 2230 541 2284; x_wconf 84' lang='grc' dir='ltr'>Ἐν</span> <span class='ocrx_word' id='word_1_144' title='bbox 565 2230 784 2297; x_wconf 85' lang='grc' dir='ltr'>Κυρίῳ,</span> <span class='ocrx_word' id='word_1_145' title='bbox 824 2227 854 2282; x_wconf 84' lang='grc' dir='ltr'><strong>ὃ</strong></span> <span class='ocrx_word' id='word_1_146' title='bbox 894 2229 1031 2292; x_wconf 81' lang='grc' dir='ltr'>ἐστι,</span> <span class='ocrx_word' id='word_1_147' title='bbox 1071 2210 1483 2297; x_wconf 84' lang='grc' dir='ltr'>πνευματικῶς.</span> <span class='ocrx_word' id='word_1_148' title='bbox 1535 2227 1814 2291; x_wconf 87' lang='grc' dir='ltr'>Τουτέστι,</span> <span class='ocrx_word' id='word_1_149' title='bbox 1865 2226 2004 2297; x_wconf 86' lang='grc' dir='ltr'>μετά</span> 
     </span>
    </p>
   </div>
   <div class='ocr_carea' id='block_1_22' title="bbox 426 2318 2001 2391">
    <p class='ocr_par' dir='ltr' id='par_1_22' title="bbox 426 2318 2001 2391">
     <span class='ocr_line' id='line_1_22' title="bbox 426 2318 2001 2391; baseline -0.003 -17"><span class='ocrx_word' id='word_1_150' title='bbox 426 2320 629 2391; x_wconf 85' lang='grc' dir='ltr'>πολλῆς</span> <span class='ocrx_word' id='word_1_151' title='bbox 679 2319 782 2389; x_wconf 86' lang='grc' dir='ltr'>τῆς</span> <span class='ocrx_word' id='word_1_152' title='bbox 839 2320 1113 2389; x_wconf 79' lang='grc' dir='ltr'>σπουδῆςο</span> <span class='ocrx_word' id='word_1_153' title='bbox 1174 2318 1373 2388; x_wconf 81' lang='grc' dir='ltr'>μᾶλλον</span> <span class='ocrx_word' id='word_1_154' title='bbox 1418 2318 1476 2371; x_wconf 87' lang='grc' dir='ltr'>δέ</span> <span class='ocrx_word' id='word_1_155' title='bbox 1514 2318 1597 2383; x_wconf 85' lang='grc' dir='ltr'>τὸ,</span> <span class='ocrx_word' id='word_1_156' title='bbox 1650 2319 1747 2371; x_wconf 82' lang='grc' dir='ltr'>Ἐν</span> <span class='ocrx_word' id='word_1_157' title='bbox 1774 2318 2001 2386; x_wconf 85' lang='grc' dir='ltr'>Κυρίῳ,</span> 
     </span>
    </p>
   </div>
   <div class='ocr_carea' id='block_1_23' title="bbox 425 2409 2003 2477">
    <p class='ocr_par' dir='ltr' id='par_1_23' title="bbox 425 2409 2003 2477">
     <span class='ocr_line' id='line_1_23' title="bbox 425 2409 2003 2477; baseline -0.001 -13"><span class='ocrx_word' id='word_1_158' title='bbox 425 2411 584 2465; x_wconf 86' lang='grc' dir='ltr'>τοῦτό</span> <span class='ocrx_word' id='word_1_159' title='bbox 613 2411 750 2476; x_wconf 84' lang='grc' dir='ltr'>ἐστι,</span> <span class='ocrx_word' id='word_1_160' title='bbox 786 2410 878 2464; x_wconf 86' lang='grc' dir='ltr'>τοῦ</span> <span class='ocrx_word' id='word_1_161' title='bbox 923 2410 1059 2463; x_wconf 87' lang='grc' dir='ltr'>Θεοῦ</span> <span class='ocrx_word' id='word_1_162' title='bbox 1121 2410 1385 2473; x_wconf 82' lang='grc' dir='ltr'>θέλοντος.</span> <span class='ocrx_word' id='word_1_163' title='bbox 1439 2409 1629 2473; x_wconf 81' lang='grc' dir='ltr'>Ἀξίως</span> <span class='ocrx_word' id='word_1_164' title='bbox 1678 2409 1786 2462; x_wconf 90' lang='grc' dir='ltr'>τῶν</span> <span class='ocrx_word' id='word_1_165' title='bbox 1834 2410 2003 2477; x_wconf 85' lang='grc' dir='ltr'>ἁγίων</span> 
     </span>
    </p>
   </div>
   <div class='ocr_carea' id='block_1_24' title="bbox 428 2500 1999 2573">
    <p class='ocr_par' dir='ltr' id='par_1_24' title="bbox 428 2500 1999 2573">
     <span class='ocr_line' id='line_1_24' title="bbox 428 2500 1999 2573; baseline -0.001 -17"><span class='ocrx_word' id='word_1_166' title='bbox 428 2501 785 2567; x_wconf 80' lang='grc' dir='ltr'>ὑποδέξασθε,</span> <span class='ocrx_word' id='word_1_167' title='bbox 846 2502 941 2555; x_wconf 62' lang='grc' dir='ltr'>καί⁵</span> <span class='ocrx_word' id='word_1_168' title='bbox 994 2500 1183 2573; x_wconf 84' lang='grc' dir='ltr'>ὥσπερ</span> <span class='ocrx_word' id='word_1_169' title='bbox 1238 2502 1365 2565; x_wconf 82' lang='grc' dir='ltr'>τοὺς</span> <span class='ocrx_word' id='word_1_170' title='bbox 1409 2501 1599 2570; x_wconf 84' lang='grc' dir='ltr'>ἁγίους</span> <span class='ocrx_word' id='word_1_171' title='bbox 1638 2501 1999 2573; x_wconf 82' lang='grc' dir='ltr'>ὑποδέχεσθαι</span> 
     </span>
    </p>
   </div>
   <div class='ocr_carea' id='block_1_25' title="bbox 427 2593 1565 2667">
    <p class='ocr_par' dir='ltr' id='par_1_25' title="bbox 427 2593 1565 2667">
     <span class='ocr_line' id='line_1_25' title="bbox 427 2593 1565 2667; baseline 0.001 -19"><span class='ocrx_word' id='word_1_172' title='bbox 427 2596 694 2667; x_wconf 82' lang='grc' dir='ltr'>προσῆκε,</span> <span class='ocrx_word' id='word_1_173' title='bbox 719 2595 884 2648; x_wconf 85' lang='grc' dir='ltr'>Μετὰ</span> <span class='ocrx_word' id='word_1_174' title='bbox 910 2593 1135 2661; x_wconf 83' lang='grc' dir='ltr'>πάσης,</span> <span class='ocrx_word' id='word_1_175' title='bbox 1173 2595 1327 2664; x_wconf 72' lang='grc' dir='ltr'>φησὶ,</span> <span class='ocrx_word' id='word_1_176' title='bbox 1356 2594 1565 2663; x_wconf 85' lang='grc' dir='ltr'>χαρᾶς.</span> 
     </span>
    </p>
   </div>
   <div class='ocr_carea' id='block_1_26' title="bbox 496 2684 2003 2757">
    <p class='ocr_par' dir='ltr' id='par_1_26' title="bbox 496 2684 2003 2757">
     <span class='ocr_line' id='line_1_26' title="bbox 496 2684 2003 2757; baseline -0.001 -18"><span class='ocrx_word' id='word_1_177' title='bbox 496 2685 757 2751; x_wconf 84' lang='grc' dir='ltr'>γ’.Ταῦτα</span> <span class='ocrx_word' id='word_1_178' title='bbox 774 2686 951 2739; x_wconf 86' lang='grc' dir='ltr'>πάντα</span> <span class='ocrx_word' id='word_1_179' title='bbox 969 2688 1112 2739; x_wconf 85' lang='grc' dir='ltr'>ποιεῖ</span> <span class='ocrx_word' id='word_1_180' title='bbox 1137 2686 1273 2757; x_wconf 81' lang='grc' dir='ltr'>ὑπὲρ</span> <span class='ocrx_word' id='word_1_181' title='bbox 1297 2685 1476 2739; x_wconf 76' lang='grc' dir='ltr'>αὐτῶν</span> <span class='ocrx_word' id='word_1_182' title='bbox 1491 2685 1731 2752; x_wconf 88' lang='grc' dir='ltr'>ἐκείνων,</span> <span class='ocrx_word' id='word_1_183' title='bbox 1748 2687 1845 2757; x_wconf 85' lang='grc' dir='ltr'>ούχ</span> <span class='ocrx_word' id='word_1_184' title='bbox 1862 2684 2003 2757; x_wconf 79' lang='grc' dir='ltr'>ὑπὲρ</span> 
     </span>
    </p>
   </div>
   <div class='ocr_carea' id='block_1_27' title="bbox 425 2777 1998 2849">
    <p class='ocr_par' dir='ltr' id='par_1_27' title="bbox 425 2777 1998 2849">
     <span class='ocr_line' id='line_1_27' title="bbox 425 2777 1998 2849; baseline 0.001 -19"><span class='ocrx_word' id='word_1_185' title='bbox 425 2778 535 2830; x_wconf 90' lang='grc' dir='ltr'>τῶν</span> <span class='ocrx_word' id='word_1_186' title='bbox 565 2777 956 2848; x_wconf 88' lang='grc' dir='ltr'>πεμπομένων.</span> <span class='ocrx_word' id='word_1_187' title='bbox 983 2778 1184 2842; x_wconf 78' lang='grc' dir='ltr'>Μεῖζον</span> <span class='ocrx_word' id='word_1_188' title='bbox 1210 2780 1317 2849; x_wconf 90' lang='grc' dir='ltr'>γὰρ</span> <span class='ocrx_word' id='word_1_189' title='bbox 1338 2778 1399 2831; x_wconf 81' lang='grc' dir='ltr'>τὸ</span> <span class='ocrx_word' id='word_1_190' title='bbox 1426 2778 1614 2848; x_wconf 83' lang='grc' dir='ltr'>κέρδος</span> <span class='ocrx_word' id='word_1_191' title='bbox 1633 2778 1711 2849; x_wconf 87' lang='grc' dir='ltr'>τῷ</span> <span class='ocrx_word' id='word_1_192' title='bbox 1737 2779 1998 2842; x_wconf 87' lang='grc' dir='ltr'>ποιοῦντι,</span> 
     </span>
    </p>
   </div>
   <div class='ocr_carea' id='block_1_28' title="bbox 425 2862 2005 2940">
    <p class='ocr_par' dir='ltr' id='par_1_28' title="bbox 425 2862 2005 2940">
     <span class='ocr_line' id='line_1_28' title="bbox 425 2862 2005 2940; baseline 0 -19"><span class='ocrx_word' id='word_1_193' title='bbox 425 2868 460 2940; x_wconf 81' lang='grc' dir='ltr'><strong>ἢ</strong></span> <span class='ocrx_word' id='word_1_194' title='bbox 493 2868 571 2939; x_wconf 82' lang='grc' dir='ltr'>τῷ</span> <span class='ocrx_word' id='word_1_195' title='bbox 606 2869 871 2937; x_wconf 86' lang='grc' dir='ltr'>πάσχοντι</span> <span class='ocrx_word' id='word_1_196' title='bbox 918 2862 998 2921; x_wconf 78' lang='grc' dir='ltr'>εὖ.</span> <span class='ocrx_word' id='word_1_197' title='bbox 1027 2869 1322 2935; x_wconf 65' lang='grc' dir='ltr'>Καίιτοὺς</span> <span class='ocrx_word' id='word_1_198' title='bbox 1362 2870 1673 2935; x_wconf 81' lang='grc' dir='ltr'>τοιούτους</span> <span class='ocrx_word' id='word_1_199' title='bbox 1724 2869 2005 2938; x_wconf 80' lang='grc' dir='ltr'>ἐντίμους</span> 
     </span>
    </p>
   </div>
   <div class='ocr_carea' id='block_1_29' title="bbox 425 2958 2000 3031">
    <p class='ocr_par' dir='ltr' id='par_1_29' title="bbox 425 2958 2000 3031">
     <span class='ocr_line' id='line_1_29' title="bbox 425 2958 2000 3031; baseline 0 -17"><span class='ocrx_word' id='word_1_200' title='bbox 425 2962 614 3029; x_wconf 68' lang='grc' dir='ltr'>ἔχετε.</span> <span class='ocrx_word' id='word_1_201' title='bbox 637 2961 918 3025; x_wconf 89' lang='grc' dir='ltr'>Τουτέστι,</span> <span class='ocrx_word' id='word_1_202' title='bbox 940 2960 1310 3031; x_wconf 88' lang='grc' dir='ltr'>Προσδέχεσθε</span> <span class='ocrx_word' id='word_1_203' title='bbox 1328 2960 1490 3014; x_wconf 78' lang='grc' dir='ltr'>αὐτὸν</span> <span class='ocrx_word' id='word_1_204' title='bbox 1506 2958 1670 3025; x_wconf 82' lang='grc' dir='ltr'>ἀξίως</span> <span class='ocrx_word' id='word_1_205' title='bbox 1687 2960 1795 3015; x_wconf 89' lang='grc' dir='ltr'>τῶν</span> <span class='ocrx_word' id='word_1_206' title='bbox 1810 2960 2000 3028; x_wconf 83' lang='grc' dir='ltr'>ἁγίων.</span> 
     </span>
    </p>
   </div>
   <div class='ocr_carea' id='block_1_30' title="bbox 428 3050 2003 3121">
    <p class='ocr_par' dir='ltr' id='par_1_30' title="bbox 428 3050 2003 3121">
     <span class='ocr_line' id='line_1_30' title="bbox 428 3050 2003 3121; baseline 0.001 -16"><span class='ocrx_word' id='word_1_207' title='bbox 428 3053 560 3105; x_wconf 83' lang='grc' dir='ltr'>Ὀτι</span> <span class='ocrx_word' id='word_1_208' title='bbox 587 3051 683 3106; x_wconf 82' lang='grc' dir='ltr'>διὰ</span> <span class='ocrx_word' id='word_1_209' title='bbox 716 3051 783 3105; x_wconf 87' lang='grc' dir='ltr'>τὸ</span> <span class='ocrx_word' id='word_1_210' title='bbox 843 3053 1021 3121; x_wconf 72' lang='grc' dir='ltr'>ἔργον</span> <span class='ocrx_word' id='word_1_211' title='bbox 1074 3051 1182 3105; x_wconf 89' lang='grc' dir='ltr'>τοῦ</span> <span class='ocrx_word' id='word_1_212' title='bbox 1230 3051 1492 3119; x_wconf 83' lang='grc' dir='ltr'>Χριστοῦ</span> <span class='ocrx_word' id='word_1_213' title='bbox 1532 3050 1710 3121; x_wconf 79' lang='grc' dir='ltr'>μέχρι</span> <span class='ocrx_word' id='word_1_214' title='bbox 1742 3051 2003 3107; x_wconf 84' lang='grc' dir='ltr'>θανάτου</span> 
     </span>
    </p>
   </div>
   <div class='ocr_carea' id='block_1_31' title="bbox 423 3142 2004 3215">
    <p class='ocr_par' dir='ltr' id='par_1_31' title="bbox 423 3142 2004 3215">
     <span class='ocr_line' id='line_1_31' title="bbox 423 3142 2004 3215; baseline -0.001 -18"><span class='ocrx_word' id='word_1_215' title='bbox 423 3143 660 3215; x_wconf 74' lang='grc' dir='ltr'>ἧγγισε,</span> <span class='ocrx_word' id='word_1_216' title='bbox 696 3142 1345 3213; x_wconf 79' lang='grc' dir='ltr'>παραόουλευσάμενος</span> <span class='ocrx_word' id='word_1_217' title='bbox 1382 3143 1457 3212; x_wconf 79' lang='grc' dir='ltr'>τῇ</span> <span class='ocrx_word' id='word_1_218' title='bbox 1484 3142 1682 3212; x_wconf 70' lang='grc' dir='ltr'>ψυχῇ,</span> <span class='ocrx_word' id='word_1_219' title='bbox 1720 3143 1822 3197; x_wconf 82' lang='grc' dir='ltr'>ἵνα</span> <span class='ocrx_word' id='word_1_220' title='bbox 1854 3144 2004 3198; x_wconf 83' lang='grc' dir='ltr'>ἁνα-</span> 
     </span>
    </p>
   </div>
   <div class='ocr_carea' id='block_1_32' title="bbox 426 3234 2006 3305">
    <p class='ocr_par' dir='ltr' id='par_1_32' title="bbox 426 3234 2006 3305">
     <span class='ocr_line' id='line_1_32' title="bbox 426 3234 2006 3305; baseline 0.001 -17"><span class='ocrx_word' id='word_1_221' title='bbox 426 3235 719 3304; x_wconf 81' lang='grc' dir='ltr'>πληρώσῃ</span> <span class='ocrx_word' id='word_1_222' title='bbox 754 3235 822 3288; x_wconf 86' lang='grc' dir='ltr'>τὸ</span> <span class='ocrx_word' id='word_1_223' title='bbox 854 3234 1020 3304; x_wconf 85' lang='grc' dir='ltr'>ὑμῶν</span> <span class='ocrx_word' id='word_1_224' title='bbox 1039 3234 1352 3305; x_wconf 82' lang='grc' dir='ltr'>ὑστέρημα</span> <span class='ocrx_word' id='word_1_225' title='bbox 1398 3234 1512 3304; x_wconf 84' lang='grc' dir='ltr'>τῆς</span> <span class='ocrx_word' id='word_1_226' title='bbox 1536 3235 1687 3303; x_wconf 85' lang='grc' dir='ltr'>πρὸς</span> <span class='ocrx_word' id='word_1_227' title='bbox 1715 3235 1821 3305; x_wconf 84' lang='grc' dir='ltr'>ἐμὲ</span> <span class='ocrx_word' id='word_1_228' title='bbox 1847 3239 2006 3290; x_wconf 84' lang='grc' dir='ltr'>λειτ-</span> 
     </span>
    </p>
   </div>
   <div class='ocr_carea' id='block_1_33' title="bbox 428 3319 2003 3400">
    <p class='ocr_par' dir='ltr' id='par_1_33' title="bbox 428 3319 2003 3400">
     <span class='ocr_line' id='line_1_33' title="bbox 428 3319 2003 3400; baseline 0.002 -20"><span class='ocrx_word' id='word_1_229' title='bbox 428 3328 700 3397; x_wconf 77' lang='grc' dir='ltr'>ουργίας.</span> <span class='ocrx_word' id='word_1_230' title='bbox 753 3319 922 3390; x_wconf 74' lang='grc' dir='ltr'>Οὗτος</span> <span class='ocrx_word' id='word_1_231' title='bbox 975 3330 1129 3399; x_wconf 81' lang='grc' dir='ltr'>κοινῇ</span> <span class='ocrx_word' id='word_1_232' title='bbox 1185 3327 1338 3400; x_wconf 83' lang='grc' dir='ltr'>παρὰ</span> <span class='ocrx_word' id='word_1_233' title='bbox 1386 3327 1486 3399; x_wconf 84' lang='grc' dir='ltr'>τῆς</span> <span class='ocrx_word' id='word_1_234' title='bbox 1531 3328 1737 3392; x_wconf 89' lang='grc' dir='ltr'>πόλεως</span> <span class='ocrx_word' id='word_1_235' title='bbox 1777 3324 1847 3399; x_wconf 82' lang='grc' dir='ltr'>ἦν</span> <span class='ocrx_word' id='word_1_236' title='bbox 1894 3330 2003 3383; x_wconf 88' lang='grc' dir='ltr'>ἀπ-</span> 
     </span>
    </p>
   </div>
   <div class='ocr_carea' id='block_1_34' title="bbox 430 3418 2008 3492">
    <p class='ocr_par' dir='ltr' id='par_1_34' title="bbox 430 3418 2008 3492">
     <span class='ocr_line' id='line_1_34' title="bbox 430 3418 2008 3492; baseline -0.001 -18"><span class='ocrx_word' id='word_1_237' title='bbox 430 3419 765 3492; x_wconf 86' lang='grc' dir='ltr'>εσταλμένος</span> <span class='ocrx_word' id='word_1_238' title='bbox 786 3419 896 3473; x_wconf 83' lang='grc' dir='ltr'>τῶν</span> <span class='ocrx_word' id='word_1_239' title='bbox 919 3419 1317 3490; x_wconf 83' lang='grc' dir='ltr'>Φιλιππησίων,</span> <span class='ocrx_word' id='word_1_240' title='bbox 1340 3418 1481 3474; x_wconf 79' lang='grc' dir='ltr'>ὥστε</span> <span class='ocrx_word' id='word_1_241' title='bbox 1508 3420 1587 3492; x_wconf 87' lang='grc' dir='ltr'>τῷ</span> <span class='ocrx_word' id='word_1_242' title='bbox 1612 3420 1810 3492; x_wconf 86' lang='grc' dir='ltr'>Παύλῳ</span> <span class='ocrx_word' id='word_1_243' title='bbox 1833 3421 2008 3474; x_wconf 81' lang='grc' dir='ltr'>διακοο</span> 
     </span>
    </p>
   </div>
   <div class='ocr_carea' id='block_1_35' title="bbox 427 3510 1999 3584">
    <p class='ocr_par' dir='ltr' id='par_1_35' title="bbox 427 3510 1999 3584">
     <span class='ocr_line' id='line_1_35' title="bbox 427 3510 1999 3584; baseline 0.001 -19"><span class='ocrx_word' id='word_1_244' title='bbox 427 3513 561 3576; x_wconf 85' lang='grc' dir='ltr'>νεῖν,</span> <span class='ocrx_word' id='word_1_245' title='bbox 600 3510 635 3582; x_wconf 84' lang='grc' dir='ltr'>ἡ</span> <span class='ocrx_word' id='word_1_246' title='bbox 686 3511 782 3563; x_wconf 74' lang='grc' dir='ltr'>καὶ</span> <span class='ocrx_word' id='word_1_247' title='bbox 836 3510 966 3574; x_wconf 76' lang='grc' dir='ltr'>ἴσως</span> <span class='ocrx_word' id='word_1_248' title='bbox 1015 3528 1069 3564; x_wconf 91' lang='grc' dir='ltr'>τι</span> <span class='ocrx_word' id='word_1_249' title='bbox 1110 3510 1468 3581; x_wconf 77' lang='grc' dir='ltr'>ἁποκομίξων</span> <span class='ocrx_word' id='word_1_250' title='bbox 1521 3511 1674 3582; x_wconf 81' lang='grc' dir='ltr'>αὐτῷ</span> <span class='ocrx_word' id='word_1_251' title='bbox 1725 3511 1999 3584; x_wconf 87' lang='grc' dir='ltr'>ἐληλύθει.</span> 
     </span>
    </p>
   </div>
   <div class='ocr_carea' id='block_1_36' title="bbox 429 3601 2005 3675">
    <p class='ocr_par' dir='ltr' id='par_1_36' title="bbox 429 3601 2005 3675">
     <span class='ocr_line' id='line_1_36' title="bbox 429 3601 2005 3675; baseline 0 -20"><span class='ocrx_word' id='word_1_252' title='bbox 429 3604 556 3657; x_wconf 79' lang='grc' dir='ltr'>Ὀτι</span> <span class='ocrx_word' id='word_1_253' title='bbox 586 3603 695 3674; x_wconf 84' lang='grc' dir='ltr'>γὰρ</span> <span class='ocrx_word' id='word_1_254' title='bbox 735 3602 832 3655; x_wconf 73' lang='grc' dir='ltr'>καὶ</span> <span class='ocrx_word' id='word_1_255' title='bbox 878 3602 1136 3672; x_wconf 87' lang='grc' dir='ltr'>χρήματα</span> <span class='ocrx_word' id='word_1_256' title='bbox 1180 3602 1425 3673; x_wconf 86' lang='grc' dir='ltr'>ἐκόμισε,</span> <span class='ocrx_word' id='word_1_257' title='bbox 1465 3601 1704 3657; x_wconf 90' lang='grc' dir='ltr'>δείκνυσι</span> <span class='ocrx_word' id='word_1_258' title='bbox 1746 3603 1885 3675; x_wconf 81' lang='grc' dir='ltr'>πρὸς</span> <span class='ocrx_word' id='word_1_259' title='bbox 1926 3602 2005 3673; x_wconf 82' lang='grc' dir='ltr'>τῷ</span> 
     </span>
    </p>
   </div>
   <div class='ocr_carea' id='block_1_37' title="bbox 426 3690 2004 3762">
    <p class='ocr_par' dir='ltr' id='par_1_37' title="bbox 426 3690 2004 3762">
     <span class='ocr_line' id='line_1_37' title="bbox 426 3690 2004 3762; baseline 0.001 -15"><span class='ocrx_word' id='word_1_260' title='bbox 426 3694 571 3747; x_wconf 87' lang='grc' dir='ltr'>τέλει</span> <span class='ocrx_word' id='word_1_261' title='bbox 602 3693 776 3762; x_wconf 87' lang='grc' dir='ltr'>λέγων</span> <span class='ocrx_word' id='word_1_262' title='bbox 799 3709 814 3722; x_wconf 90' lang='grc'><strong>·</strong></span> <span class='ocrx_word' id='word_1_263' title='bbox 849 3690 1183 3761; x_wconf 81' lang='grc' dir='ltr'>Δεξάμενος</span> <span class='ocrx_word' id='word_1_264' title='bbox 1210 3690 1322 3762; x_wconf 81' lang='grc' dir='ltr'>τὰρ</span> <span class='ocrx_word' id='word_1_265' title='bbox 1368 3693 1534 3761; x_wconf 85' lang='grc' dir='ltr'>παρὰ</span> <span class='ocrx_word' id='word_1_266' title='bbox 1574 3693 2004 3762; x_wconf 71' lang='grc' dir='ltr'>Ἐπαφροδίτου</span> 
     </span>
    </p>
   </div>
   <div class='ocr_carea' id='block_1_38' title="bbox 427 3779 2005 3857">
    <p class='ocr_par' dir='ltr' id='par_1_38' title="bbox 427 3779 2005 3857">
     <span class='ocr_line' id='line_1_38' title="bbox 427 3779 2005 3857; baseline 0 -19"><span class='ocrx_word' id='word_1_267' title='bbox 427 3784 502 3838; x_wconf 87' lang='grc' dir='ltr'>τὰ</span> <span class='ocrx_word' id='word_1_268' title='bbox 537 3785 674 3852; x_wconf 80' lang='grc' dir='ltr'>παρ’</span> <span class='ocrx_word' id='word_1_269' title='bbox 707 3782 894 3853; x_wconf 85' lang='grc' dir='ltr'>ὑμῶν.</span> <span class='ocrx_word' id='word_1_270' title='bbox 919 3783 1079 3846; x_wconf 81' lang='grc' dir='ltr'><strong>Εἰκὸς</strong></span> <span class='ocrx_word' id='word_1_271' title='bbox 1111 3779 1205 3837; x_wconf 79' lang='grc' dir='ltr'>οὖν</span> <span class='ocrx_word' id='word_1_272' title='bbox 1235 3784 1398 3837; x_wconf 82' lang='grc' dir='ltr'>αὑτὸν</span> <span class='ocrx_word' id='word_1_273' title='bbox 1433 3784 1729 3838; x_wconf 74' lang='grc' dir='ltr'>ἐπιστάντα</span> <span class='ocrx_word' id='word_1_274' title='bbox 1754 3786 1819 3857; x_wconf 78' lang='grc' dir='ltr'>τῇ</span> <span class='ocrx_word' id='word_1_275' title='bbox 1852 3785 2005 3839; x_wconf 87' lang='grc' dir='ltr'>πόλει</span> 
     </span>
    </p>
   </div>
   <div class='ocr_carea' id='block_1_39' title="bbox 441 3873 2003 3948">
    <p class='ocr_par' dir='ltr' id='par_1_39' title="bbox 441 3873 2003 3948">
     <span class='ocr_line' id='line_1_39' title="bbox 441 3873 2003 3948; baseline 0.001 -19"><span class='ocrx_word' id='word_1_276' title='bbox 441 3873 747 3943; x_wconf 86' lang='grc' dir='ltr'>Ῥωμαίων,</span> <span class='ocrx_word' id='word_1_277' title='bbox 775 3876 833 3928; x_wconf 89' lang='grc' dir='ltr'>ἐν</span> <span class='ocrx_word' id='word_1_278' title='bbox 861 3873 1005 3928; x_wconf 79' lang='grc' dir='ltr'>οὕτω</span> <span class='ocrx_word' id='word_1_279' title='bbox 1036 3874 1217 3946; x_wconf 85' lang='grc' dir='ltr'>πολλῷ</span> <span class='ocrx_word' id='word_1_280' title='bbox 1240 3875 1332 3928; x_wconf 78' lang='grc' dir='ltr'>τὸν</span> <span class='ocrx_word' id='word_1_281' title='bbox 1348 3875 1562 3929; x_wconf 78' lang='grc' dir='ltr'>Παῦλον</span> <span class='ocrx_word' id='word_1_282' title='bbox 1583 3876 1810 3948; x_wconf 85' lang='grc' dir='ltr'>κινδύνῳ</span> <span class='ocrx_word' id='word_1_283' title='bbox 1831 3895 2003 3931; x_wconf 85' lang='grc' dir='ltr'>κατα-</span> 
     </span>
    </p>
   </div>
   <div class='ocr_carea' id='block_1_40' title="bbox 427 3965 2005 4040">
    <p class='ocr_par' dir='ltr' id='par_1_40' title="bbox 427 3965 2005 4040">
     <span class='ocr_line' id='line_1_40' title="bbox 427 3965 2005 4040; baseline 0.001 -20"><span class='ocrx_word' id='word_1_284' title='bbox 427 3967 614 4021; x_wconf 89' lang='grc' dir='ltr'>λαϐεῖν</span> <span class='ocrx_word' id='word_1_285' title='bbox 635 3967 729 4020; x_wconf 73' lang='grc' dir='ltr'>καὶ</span> <span class='ocrx_word' id='word_1_286' title='bbox 756 3965 989 4038; x_wconf 84' lang='grc' dir='ltr'>σφοδρῷ,</span> <span class='ocrx_word' id='word_1_287' title='bbox 1019 3967 1096 4030; x_wconf 83' lang='grc' dir='ltr'>ῶς</span> <span class='ocrx_word' id='word_1_288' title='bbox 1125 3967 1260 4038; x_wconf 86' lang='grc' dir='ltr'>μηδέ</span> <span class='ocrx_word' id='word_1_289' title='bbox 1280 3968 1409 4030; x_wconf 83' lang='grc' dir='ltr'>τοὺς</span> <span class='ocrx_word' id='word_1_290' title='bbox 1434 3968 1832 4039; x_wconf 77' lang='grc' dir='ltr'>πλησιάζοντας</span> <span class='ocrx_word' id='word_1_291' title='bbox 1852 3967 2005 4040; x_wconf 83' lang='grc' dir='ltr'>αὐτῷ</span> 
     </span>
    </p>
   </div>
   <div class='ocr_carea' id='block_1_41' title="bbox 432 4059 2006 4129">
    <p class='ocr_par' dir='ltr' id='par_1_41' title="bbox 432 4059 2006 4129">
     <span class='ocr_line' id='line_1_41' title="bbox 432 4059 2006 4129; baseline 0.003 -19"><span class='ocrx_word' id='word_1_292' title='bbox 432 4059 573 4129; x_wconf 86' lang='grc' dir='ltr'>μετά</span> <span class='ocrx_word' id='word_1_293' title='bbox 622 4059 921 4129; x_wconf 87' lang='grc' dir='ltr'>ἀσφαλείας</span> <span class='ocrx_word' id='word_1_294' title='bbox 960 4060 1220 4114; x_wconf 88' lang='grc' dir='ltr'>δύνασθαι</span> <span class='ocrx_word' id='word_1_295' title='bbox 1272 4060 1431 4114; x_wconf 88' lang='grc' dir='ltr'>τοῦτο</span> <span class='ocrx_word' id='word_1_296' title='bbox 1481 4062 1676 4126; x_wconf 87' lang='grc' dir='ltr'>ποιεῖν,</span> <span class='ocrx_word' id='word_1_297' title='bbox 1722 4060 1862 4114; x_wconf 88' lang='grc' dir='ltr'>ἀλλὰ</span> <span class='ocrx_word' id='word_1_298' title='bbox 1909 4062 2006 4115; x_wconf 76' lang='grc' dir='ltr'>καὶ</span> 
     </span>
    </p>
   </div>
   <div class='ocr_carea' id='block_1_42' title="bbox 428 4147 2003 4220">
    <p class='ocr_par' dir='ltr' id='par_1_42' title="bbox 428 4147 2003 4220">
     <span class='ocr_line' id='line_1_42' title="bbox 428 4147 2003 4220; baseline 0 -19"><span class='ocrx_word' id='word_1_299' title='bbox 428 4149 627 4213; x_wconf 80' lang='grc' dir='ltr'>αὐτοὺς</span> <span class='ocrx_word' id='word_1_300' title='bbox 665 4148 980 4217; x_wconf 70' lang='grc' dir='ltr'>ἐπισφαλῶς</span> <span class='ocrx_word' id='word_1_301' title='bbox 1009 4148 1326 4219; x_wconf 79' lang='grc' dir='ltr'>προσιέναιο</span> <span class='ocrx_word' id='word_1_302' title='bbox 1367 4148 1505 4220; x_wconf 80' lang='grc' dir='ltr'>ὅπερ</span> <span class='ocrx_word' id='word_1_303' title='bbox 1540 4150 1700 4201; x_wconf 85' lang='grc' dir='ltr'>είωθε</span> <span class='ocrx_word' id='word_1_304' title='bbox 1754 4147 2003 4217; x_wconf 89' lang='grc' dir='ltr'>γίνεσθαι</span> 
     </span>
    </p>
   </div>
   <div class='ocr_carea' id='block_1_43' title="bbox 436 4238 2002 4311">
    <p class='ocr_par' dir='ltr' id='par_1_43' title="bbox 436 4238 2002 4311">
     <span class='ocr_line' id='line_1_43' title="bbox 436 4238 2002 4311; baseline 0 -18"><span class='ocrx_word' id='word_1_305' title='bbox 436 4239 670 4311; x_wconf 86' lang='grc' dir='ltr'>μάλιστα</span> <span class='ocrx_word' id='word_1_306' title='bbox 697 4240 755 4294; x_wconf 85' lang='grc' dir='ltr'>ἐν</span> <span class='ocrx_word' id='word_1_307' title='bbox 798 4241 911 4303; x_wconf 89' lang='grc' dir='ltr'>τοῖς</span> <span class='ocrx_word' id='word_1_308' title='bbox 961 4238 1227 4303; x_wconf 90' lang='grc' dir='ltr'>κινδύνοις</span> <span class='ocrx_word' id='word_1_309' title='bbox 1274 4241 1390 4303; x_wconf 87' lang='grc' dir='ltr'>τοῖς</span> <span class='ocrx_word' id='word_1_310' title='bbox 1435 4240 1713 4309; x_wconf 87' lang='grc' dir='ltr'>μεγάλοις,</span> <span class='ocrx_word' id='word_1_311' title='bbox 1754 4240 1849 4295; x_wconf 67' lang='grc' dir='ltr'>καὶ</span> <span class='ocrx_word' id='word_1_312' title='bbox 1881 4242 2002 4305; x_wconf 86' lang='grc' dir='ltr'>ταῖς</span> 
     </span>
    </p>
   </div>
   <div class='ocr_carea' id='block_1_44' title="bbox 429 4327 2003 4402">
    <p class='ocr_par' dir='ltr' id='par_1_44' title="bbox 429 4327 2003 4402">
     <span class='ocr_line' id='line_1_44' title="bbox 429 4327 2003 4402; baseline 0 -19"><span class='ocrx_word' id='word_1_313' title='bbox 429 4330 621 4402; x_wconf 80' lang='grc' dir='ltr'>ὀργαῖς</span> <span class='ocrx_word' id='word_1_314' title='bbox 644 4328 752 4384; x_wconf 87' lang='grc' dir='ltr'>τῶν</span> <span class='ocrx_word' id='word_1_315' title='bbox 776 4327 1040 4399; x_wconf 87' lang='grc' dir='ltr'>βασιλέων</span> <span class='ocrx_word' id='word_1_316' title='bbox 1056 4331 1175 4392; x_wconf 88' lang='grc' dir='ltr'>ταῖς</span> <span class='ocrx_word' id='word_1_317' title='bbox 1197 4328 1680 4399; x_wconf 83' lang='grc' dir='ltr'>ὑπερϐαλλούσαις.</span> <span class='ocrx_word' id='word_1_318' title='bbox 1705 4329 1874 4382; x_wconf 83' lang='grc' dir='ltr'>Ὅταν</span> <span class='ocrx_word' id='word_1_319' title='bbox 1894 4329 2003 4401; x_wconf 89' lang='grc' dir='ltr'>γάρ</span> 
     </span>
    </p>
   </div>
   <div class='ocr_carea' id='block_1_45' title="bbox 431 4418 2000 4494">
    <p class='ocr_par' dir='ltr' id='par_1_45' title="bbox 431 4418 2000 4494">
     <span class='ocr_line' id='line_1_45' title="bbox 431 4418 2000 4494; baseline 0.003 -22"><span class='ocrx_word' id='word_1_320' title='bbox 431 4436 517 4483; x_wconf 84' lang='grc' dir='ltr'>τις</span> <span class='ocrx_word' id='word_1_321' title='bbox 542 4419 749 4490; x_wconf 84' lang='grc' dir='ltr'>βασιλεῖ</span> <span class='ocrx_word' id='word_1_322' title='bbox 763 4418 1220 4490; x_wconf 86' lang='grc' dir='ltr'>προσκεκρουκὼς</span> <span class='ocrx_word' id='word_1_323' title='bbox 1242 4421 1321 4483; x_wconf 89' lang='grc' dir='ltr'>εἰς</span> <span class='ocrx_word' id='word_1_324' title='bbox 1338 4420 1711 4491; x_wconf 88' lang='grc' dir='ltr'>δεσμωτήριον</span> <span class='ocrx_word' id='word_1_325' title='bbox 1726 4421 2000 4494; x_wconf 75' lang='grc' dir='ltr'>ἐμϐληθῇ,</span> 
     </span>
    </p>
   </div>
   <div class='ocr_carea' id='block_1_46' title="bbox 430 4510 1998 4587">
    <p class='ocr_par' dir='ltr' id='par_1_46' title="bbox 430 4510 1998 4587">
     <span class='ocr_line' id='line_1_46' title="bbox 430 4510 1998 4587; baseline 0.003 -23"><span class='ocrx_word' id='word_1_326' title='bbox 430 4513 524 4564; x_wconf 64' lang='grc' dir='ltr'>καὶ</span> <span class='ocrx_word' id='word_1_327' title='bbox 547 4514 605 4565; x_wconf 88' lang='grc' dir='ltr'>ἐν</span> <span class='ocrx_word' id='word_1_328' title='bbox 620 4510 787 4583; x_wconf 73' lang='grc' dir='ltr'>πολλῇ</span> <span class='ocrx_word' id='word_1_329' title='bbox 808 4511 1031 4583; x_wconf 87' lang='grc' dir='ltr'>γένηται</span> <span class='ocrx_word' id='word_1_330' title='bbox 1053 4511 1287 4583; x_wconf 83' lang='grc' dir='ltr'>φυλακῇ,</span> <span class='ocrx_word' id='word_1_331' title='bbox 1310 4511 1432 4566; x_wconf 88' lang='grc' dir='ltr'>τότε</span> <span class='ocrx_word' id='word_1_332' title='bbox 1449 4512 1543 4566; x_wconf 78' lang='grc' dir='ltr'>καὶ</span> <span class='ocrx_word' id='word_1_333' title='bbox 1568 4515 1679 4576; x_wconf 89' lang='grc' dir='ltr'>τοῖς</span> <span class='ocrx_word' id='word_1_334' title='bbox 1697 4514 1936 4579; x_wconf 79' lang='grc' dir='ltr'>οἰκέταις</span> <span class='ocrx_word' id='word_1_335' title='bbox 1964 4517 1998 4587; x_wconf 90' lang='grc' dir='ltr'>ἡ</span> 
     </span>
    </p>
   </div>
   <div class='ocr_carea' id='block_1_47' title="bbox 431 4603 2004 4676">
    <p class='ocr_par' dir='ltr' id='par_1_47' title="bbox 431 4603 2004 4676">
     <span class='ocr_line' id='line_1_47' title="bbox 431 4603 2004 4676; baseline 0.003 -20"><span class='ocrx_word' id='word_1_336' title='bbox 431 4604 692 4676; x_wconf 83' lang='grc' dir='ltr'>πρόσοδος</span> <span class='ocrx_word' id='word_1_337' title='bbox 716 4604 1176 4674; x_wconf 87' lang='grc' dir='ltr'>ἀποτετείχισται,</span> <span class='ocrx_word' id='word_1_338' title='bbox 1201 4604 1337 4675; x_wconf 84' lang='grc' dir='ltr'>ὅπερ</span> <span class='ocrx_word' id='word_1_339' title='bbox 1357 4603 1502 4669; x_wconf 75' lang='grc' dir='ltr'>εἰκὸς</span> <span class='ocrx_word' id='word_1_340' title='bbox 1530 4604 1620 4659; x_wconf 84' lang='grc' dir='ltr'>τὸν</span> <span class='ocrx_word' id='word_1_341' title='bbox 1643 4604 1857 4659; x_wconf 82' lang='grc' dir='ltr'>Παῦλον</span> <span class='ocrx_word' id='word_1_342' title='bbox 1882 4609 2004 4661; x_wconf 90' lang='grc' dir='ltr'>τότε</span> 
     </span>
    </p>
   </div>
   <div class='ocr_carea' id='block_1_48' title="bbox 433 4696 2001 4770">
    <p class='ocr_par' dir='ltr' id='par_1_48' title="bbox 433 4696 2001 4770">
     <span class='ocr_line' id='line_1_48' title="bbox 433 4696 2001 4770; baseline 0.003 -20"><span class='ocrx_word' id='word_1_343' title='bbox 433 4698 686 4768; x_wconf 83' lang='grc' dir='ltr'>πάσχειν·</span> <span class='ocrx_word' id='word_1_344' title='bbox 721 4697 812 4751; x_wconf 77' lang='grc' dir='ltr'>τὸν</span> <span class='ocrx_word' id='word_1_345' title='bbox 839 4696 897 4750; x_wconf 80' lang='grc' dir='ltr'>δὲ</span> <span class='ocrx_word' id='word_1_346' title='bbox 952 4697 1340 4769; x_wconf 86' lang='grc' dir='ltr'>Ἐπαφρόδιτον</span> <span class='ocrx_word' id='word_1_347' title='bbox 1382 4697 1551 4770; x_wconf 79' lang='grc' dir='ltr'>ἄνδρα</span> <span class='ocrx_word' id='word_1_348' title='bbox 1579 4702 1826 4768; x_wconf 86' lang='grc' dir='ltr'>γενναῖον</span> <span class='ocrx_word' id='word_1_349' title='bbox 1848 4700 2001 4769; x_wconf 74' lang='grc' dir='ltr'>ὄντα,</span> 
     </span>
    </p>
   </div>
   <div class='ocr_carea' id='block_1_49' title="bbox 434 4788 2004 4866">
    <p class='ocr_par' dir='ltr' id='par_1_49' title="bbox 434 4788 2004 4866">
     <span class='ocr_line' id='line_1_49' title="bbox 434 4788 2004 4866; baseline 0.005 -25"><span class='ocrx_word' id='word_1_350' title='bbox 434 4788 639 4853; x_wconf 78' lang='grc' dir='ltr'>παντὸς</span> <span class='ocrx_word' id='word_1_351' title='bbox 698 4791 1111 4861; x_wconf 76' lang='grc' dir='ltr'>καταφρονῆσαι</span> <span class='ocrx_word' id='word_1_352' title='bbox 1165 4791 1433 4857; x_wconf 88' lang='grc' dir='ltr'>κινδύνου,</span> <span class='ocrx_word' id='word_1_353' title='bbox 1483 4792 1625 4846; x_wconf 82' lang='grc' dir='ltr'>ὥστε</span> <span class='ocrx_word' id='word_1_354' title='bbox 1686 4794 2004 4866; x_wconf 86' lang='grc' dir='ltr'>προσελθεῖν</span> 
     </span>
    </p>
   </div>
   <div class='ocr_carea' id='block_1_50' title="bbox 433 4881 2001 4961">
    <p class='ocr_par' dir='ltr' id='par_1_50' title="bbox 433 4881 2001 4961">
     <span class='ocr_line' id='line_1_50' title="bbox 433 4881 2001 4961; baseline 0.006 -27"><span class='ocrx_word' id='word_1_355' title='bbox 433 4881 529 4935; x_wconf 74' lang='grc' dir='ltr'>καὶ</span> <span class='ocrx_word' id='word_1_356' title='bbox 556 4881 1020 4954; x_wconf 81' lang='grc' dir='ltr'>ὑπηρετήσασθαι,</span> <span class='ocrx_word' id='word_1_357' title='bbox 1049 4884 1145 4937; x_wconf 73' lang='grc' dir='ltr'>καὶ</span> <span class='ocrx_word' id='word_1_358' title='bbox 1180 4883 1356 4937; x_wconf 87' lang='grc' dir='ltr'>πάντα</span> <span class='ocrx_word' id='word_1_359' title='bbox 1385 4884 1612 4955; x_wconf 82' lang='grc' dir='ltr'>πρᾶξαι,</span> <span class='ocrx_word' id='word_1_360' title='bbox 1643 4886 1787 4959; x_wconf 79' lang='grc' dir='ltr'>ἀπερ</span> <span class='ocrx_word' id='word_1_361' title='bbox 1814 4889 2001 4961; x_wconf 83' lang='grc' dir='ltr'>ἐχρῆν.</span> 
     </span>
    </p>
   </div>
   <div class='ocr_carea' id='block_1_51' title="bbox 432 4969 2001 5051">
    <p class='ocr_par' dir='ltr' id='par_1_51' title="bbox 432 4969 2001 5051">
     <span class='ocr_line' id='line_1_51' title="bbox 432 4969 2001 5051; baseline 0.004 -27"><span class='ocrx_word' id='word_1_362' title='bbox 432 4972 540 5026; x_wconf 85' lang='grc' dir='ltr'>Δύο</span> <span class='ocrx_word' id='word_1_363' title='bbox 568 4971 750 5026; x_wconf 86' lang='grc' dir='ltr'>τοίνυν</span> <span class='ocrx_word' id='word_1_364' title='bbox 801 4973 1036 5043; x_wconf 85' lang='grc' dir='ltr'>τίθησιν,</span> <span class='ocrx_word' id='word_1_365' title='bbox 1075 4975 1169 5045; x_wconf 80' lang='grc' dir='ltr'>ἀφ’</span> <span class='ocrx_word' id='word_1_366' title='bbox 1216 4969 1292 5029; x_wconf 85' lang='grc' dir='ltr'>ὧν</span> <span class='ocrx_word' id='word_1_367' title='bbox 1327 4978 1472 5029; x_wconf 87' lang='grc' dir='ltr'>ποιεῖ</span> <span class='ocrx_word' id='word_1_368' title='bbox 1498 4975 1662 5030; x_wconf 78' lang='grc' dir='ltr'>αὐτὸν</span> <span class='ocrx_word' id='word_1_369' title='bbox 1705 4978 2001 5051; x_wconf 78' lang='grc' dir='ltr'>αἰδέσιμον·</span> 
     </span>
    </p>
   </div>
   <div class='ocr_carea' id='block_1_52' title="bbox 433 5061 2004 5139">
    <p class='ocr_par' dir='ltr' id='par_1_52' title="bbox 433 5061 2004 5139">
     <span class='ocr_line' id='line_1_52' title="bbox 433 5061 2004 5139; baseline 0.004 -23"><span class='ocrx_word' id='word_1_370' title='bbox 433 5061 493 5116; x_wconf 77' lang='grc' dir='ltr'>ἓν</span> <span class='ocrx_word' id='word_1_371' title='bbox 537 5061 657 5134; x_wconf 88' lang='grc' dir='ltr'>μέν,</span> <span class='ocrx_word' id='word_1_372' title='bbox 716 5063 798 5117; x_wconf 82' lang='grc' dir='ltr'>ὅτι</span> <span class='ocrx_word' id='word_1_373' title='bbox 841 5064 999 5136; x_wconf 84' lang='grc' dir='ltr'>μέχρι</span> <span class='ocrx_word' id='word_1_374' title='bbox 1056 5063 1286 5119; x_wconf 91' lang='grc' dir='ltr'>θανάτου</span> <span class='ocrx_word' id='word_1_375' title='bbox 1343 5064 1705 5132; x_wconf 84' lang='grc' dir='ltr'>ἐκινδύνευσε,</span> <span class='ocrx_word' id='word_1_376' title='bbox 1749 5070 1902 5139; x_wconf 74' lang='grc' dir='ltr'>φησὶ,</span> <span class='ocrx_word' id='word_1_377' title='bbox 1938 5069 2004 5123; x_wconf 87' lang='grc' dir='ltr'>δι’</span> 
     </span>
    </p>
   </div>
   <div class='ocr_carea' id='block_1_53' title="bbox 434 5154 2004 5230">
    <p class='ocr_par' dir='ltr' id='par_1_53' title="bbox 434 5154 2004 5230">
     <span class='ocr_line' id='line_1_53' title="bbox 434 5154 2004 5230; baseline 0.005 -23"><span class='ocrx_word' id='word_1_378' title='bbox 434 5154 535 5225; x_wconf 88' lang='grc' dir='ltr'>ἐμέ</span> <span class='ocrx_word' id='word_1_379' title='bbox 553 5170 569 5186; x_wconf 74' lang='grc' dir='ltr'><strong>ο</strong></span> <span class='ocrx_word' id='word_1_380' title='bbox 596 5154 846 5227; x_wconf 83' lang='grc' dir='ltr'>δεύτερον</span> <span class='ocrx_word' id='word_1_381' title='bbox 872 5155 950 5221; x_wconf 85' lang='grc' dir='ltr'>δὲ,</span> <span class='ocrx_word' id='word_1_382' title='bbox 983 5156 1146 5213; x_wconf 83' lang='grc' dir='ltr'>ὅτιτὸ</span> <span class='ocrx_word' id='word_1_383' title='bbox 1172 5156 1462 5226; x_wconf 84' lang='grc' dir='ltr'>πρόσωπον</span> <span class='ocrx_word' id='word_1_384' title='bbox 1486 5155 1638 5230; x_wconf 78' lang='lat'>[268]</span> <span class='ocrx_word' id='word_1_385' title='bbox 1670 5159 1771 5229; x_wconf 80' lang='grc' dir='ltr'>τῆς</span> <span class='ocrx_word' id='word_1_386' title='bbox 1796 5160 2004 5226; x_wconf 88' lang='grc' dir='ltr'>πόλεως</span> 
     </span>
    </p>
   </div>
   <div class='ocr_carea' id='block_1_54' title="bbox 436 5243 2004 5322">
    <p class='ocr_par' dir='ltr' id='par_1_54' title="bbox 436 5243 2004 5322">
     <span class='ocr_line' id='line_1_54' title="bbox 436 5243 2004 5322; baseline 0.004 -25"><span class='ocrx_word' id='word_1_387' title='bbox 436 5243 798 5316; x_wconf 82' lang='grc' dir='ltr'>περιθέμενος</span> <span class='ocrx_word' id='word_1_388' title='bbox 857 5244 1031 5299; x_wconf 86' lang='grc' dir='ltr'>ταῦτα</span> <span class='ocrx_word' id='word_1_389' title='bbox 1104 5245 1326 5313; x_wconf 75' lang='grc' dir='ltr'>ἔπαθεν,</span> <span class='ocrx_word' id='word_1_390' title='bbox 1374 5245 1452 5310; x_wconf 85' lang='grc' dir='ltr'>ὡς</span> <span class='ocrx_word' id='word_1_391' title='bbox 1499 5248 1558 5299; x_wconf 85' lang='grc' dir='ltr'>ἐν</span> <span class='ocrx_word' id='word_1_392' title='bbox 1624 5247 1700 5318; x_wconf 84' lang='grc' dir='ltr'>τῷ</span> <span class='ocrx_word' id='word_1_393' title='bbox 1776 5250 2004 5322; x_wconf 79' lang='grc' dir='ltr'>κινδύνῳ</span> 
     </span>
    </p>
   </div>
   <div class='ocr_carea' id='block_1_55' title="bbox 437 5337 2003 5411">
    <p class='ocr_par' dir='ltr' id='par_1_55' title="bbox 437 5337 2003 5411">
     <span class='ocr_line' id='line_1_55' title="bbox 437 5337 2003 5411; baseline 0.004 -22"><span class='ocrx_word' id='word_1_394' title='bbox 437 5337 631 5407; x_wconf 86' lang='grc' dir='ltr'>ἐκείνῳ</span> <span class='ocrx_word' id='word_1_395' title='bbox 666 5339 778 5403; x_wconf 86' lang='grc' dir='ltr'>τοῖς</span> <span class='ocrx_word' id='word_1_396' title='bbox 835 5337 1083 5408; x_wconf 73' lang='grc' dir='ltr'>πέμψασι</span> <span class='ocrx_word' id='word_1_397' title='bbox 1147 5337 1464 5407; x_wconf 86' lang='grc' dir='ltr'>λογίσασθαι</span> <span class='ocrx_word' id='word_1_398' title='bbox 1521 5338 1613 5393; x_wconf 79' lang='grc' dir='ltr'>τὸν</span> <span class='ocrx_word' id='word_1_399' title='bbox 1670 5340 1877 5411; x_wconf 83' lang='grc' dir='ltr'>μισθὸν,</span> <span class='ocrx_word' id='word_1_400' title='bbox 1927 5343 2003 5408; x_wconf 85' lang='grc' dir='ltr'>ὼς</span> 
     </span>
    </p>
   </div>
   <div class='ocr_carea' id='block_1_56' title="bbox 435 5428 2010 5503">
    <p class='ocr_par' dir='ltr' id='par_1_56' title="bbox 435 5428 2010 5503">
     <span class='ocr_line' id='line_1_56' title="bbox 435 5428 2010 5503; baseline 0.004 -22"><span class='ocrx_word' id='word_1_401' title='bbox 435 5428 503 5481; x_wconf 85' lang='grc' dir='ltr'>ἂν</span> <span class='ocrx_word' id='word_1_402' title='bbox 543 5429 578 5499; x_wconf 83' lang='grc' dir='ltr'>ἡ</span> <span class='ocrx_word' id='word_1_403' title='bbox 631 5428 782 5495; x_wconf 87' lang='grc' dir='ltr'>πόλις</span> <span class='ocrx_word' id='word_1_404' title='bbox 835 5430 1174 5501; x_wconf 82' lang='grc' dir='ltr'>πρεσϐευτὴν</span> <span class='ocrx_word' id='word_1_405' title='bbox 1227 5429 1491 5500; x_wconf 77' lang='grc' dir='ltr'>ἐπεμψεν.</span> <span class='ocrx_word' id='word_1_406' title='bbox 1539 5430 1705 5482; x_wconf 84' lang='grc' dir='ltr'>Ὥστε</span> <span class='ocrx_word' id='word_1_407' title='bbox 1754 5430 1815 5484; x_wconf 83' lang='grc' dir='ltr'>τὸ</span> <span class='ocrx_word' id='word_1_408' title='bbox 1868 5433 2010 5503; x_wconf 82' lang='grc' dir='ltr'>μετὰ</span> 
     </span>
    </p>
   </div>
   <div class='ocr_carea' id='block_1_57' title="bbox 437 5519 2004 5593">
    <p class='ocr_par' dir='ltr' id='par_1_57' title="bbox 437 5519 2004 5593">
     <span class='ocr_line' id='line_1_57' title="bbox 437 5519 2004 5593; baseline 0.004 -22"><span class='ocrx_word' id='word_1_409' title='bbox 437 5520 737 5590; x_wconf 82' lang='grc' dir='ltr'>θεραπείας</span> <span class='ocrx_word' id='word_1_410' title='bbox 763 5521 1142 5586; x_wconf 80' lang='grc' dir='ltr'>ὑποδέξασθαι,</span> <span class='ocrx_word' id='word_1_411' title='bbox 1175 5520 1269 5574; x_wconf 73' lang='grc' dir='ltr'>καὶ</span> <span class='ocrx_word' id='word_1_412' title='bbox 1292 5521 1430 5591; x_wconf 76' lang='grc' dir='ltr'>ὑπὲρ</span> <span class='ocrx_word' id='word_1_413' title='bbox 1461 5519 1568 5573; x_wconf 89' lang='grc' dir='ltr'>τῶν</span> <span class='ocrx_word' id='word_1_414' title='bbox 1622 5526 2004 5593; x_wconf 83' lang='grc' dir='ltr'>γεγενημένων</span> 
     </span>
    </p>
   </div>
   <div class='ocr_carea' id='block_1_58' title="bbox 439 5598 2006 5684">
    <p class='ocr_par' dir='ltr' id='par_1_58' title="bbox 439 5598 2006 5684">
     <span class='ocr_line' id='line_1_58' title="bbox 439 5598 2006 5684; baseline 0.006 -23"><span class='ocrx_word' id='word_1_415' title='bbox 439 5611 848 5684; x_wconf 75' lang='grc' dir='ltr'>εὐχαριστῆσαι,</span> <span class='ocrx_word' id='word_1_416' title='bbox 895 5614 1093 5683; x_wconf 83' lang='grc' dir='ltr'>μᾶλλόν</span> <span class='ocrx_word' id='word_1_417' title='bbox 1127 5614 1242 5665; x_wconf 89' lang='grc' dir='ltr'>ἐστι</span> <span class='ocrx_word' id='word_1_418' title='bbox 1276 5598 1603 5683; x_wconf 83' lang='grc' dir='ltr'>κοινωνῆσαι</span> <span class='ocrx_word' id='word_1_419' title='bbox 1656 5616 1768 5677; x_wconf 89' lang='grc' dir='ltr'>τοῖς</span> <span class='ocrx_word' id='word_1_420' title='bbox 1819 5616 2006 5670; x_wconf 84' lang='grc' dir='ltr'>τετολ-⁸</span> 
     </span>
    </p>
   </div>
   <div class='ocr_carea' id='block_1_59' title="bbox 441 5702 2001 5775">
    <p class='ocr_par' dir='ltr' id='par_1_59' title="bbox 441 5702 2001 5775">
     <span class='ocr_line' id='line_1_59' title="bbox 441 5702 2001 5775; baseline 0.002 -18"><span class='ocrx_word' id='word_1_421' title='bbox 441 5704 724 5773; x_wconf 82' lang='grc' dir='ltr'>μημένοις.</span> <span class='ocrx_word' id='word_1_422' title='bbox 756 5705 868 5757; x_wconf 83' lang='grc' dir='ltr'>Καὶ</span> <span class='ocrx_word' id='word_1_423' title='bbox 898 5707 999 5759; x_wconf 80' lang='grc' dir='ltr'>οὐκ</span> <span class='ocrx_word' id='word_1_424' title='bbox 1035 5702 1178 5769; x_wconf 83' lang='grc' dir='ltr'>είπε,</span> <span class='ocrx_word' id='word_1_425' title='bbox 1207 5705 1284 5758; x_wconf 85' lang='grc' dir='ltr'>Δι’</span> <span class='ocrx_word' id='word_1_426' title='bbox 1318 5706 1439 5775; x_wconf 83' lang='grc' dir='ltr'>ἐμὲ,</span> <span class='ocrx_word' id='word_1_427' title='bbox 1489 5704 1607 5758; x_wconf 78' lang='grc' dir='ltr'>ἀλλ’</span> <span class='ocrx_word' id='word_1_428' title='bbox 1631 5704 2001 5772; x_wconf 81' lang='grc' dir='ltr'>ἀξιοπιστότε-</span> 
     </span>
    </p>
   </div>
   <div class='ocr_carea' id='block_1_60' title="bbox 444 5795 1998 5868">
    <p class='ocr_par' dir='ltr' id='par_1_60' title="bbox 444 5795 1998 5868">
     <span class='ocr_line' id='line_1_60' title="bbox 444 5795 1998 5868; baseline 0.007 -23"><span class='ocrx_word' id='word_1_429' title='bbox 444 5808 534 5863; x_wconf 80' lang='grc' dir='ltr'>ρον</span> <span class='ocrx_word' id='word_1_430' title='bbox 564 5795 693 5849; x_wconf 81' lang='grc' dir='ltr'>αὐτὸ</span> <span class='ocrx_word' id='word_1_431' title='bbox 728 5798 873 5849; x_wconf 85' lang='grc' dir='ltr'>ποιεῖ</span> <span class='ocrx_word' id='word_1_432' title='bbox 898 5796 1089 5868; x_wconf 79' lang='grc' dir='ltr'>λέγων,</span> <span class='ocrx_word' id='word_1_433' title='bbox 1124 5798 1203 5852; x_wconf 84' lang='grc' dir='ltr'>ὅτι</span> <span class='ocrx_word' id='word_1_434' title='bbox 1233 5797 1334 5852; x_wconf 84' lang='grc' dir='ltr'>Διὰ</span> <span class='ocrx_word' id='word_1_435' title='bbox 1378 5796 1446 5851; x_wconf 86' lang='grc' dir='ltr'>τὸ</span> <span class='ocrx_word' id='word_1_436' title='bbox 1482 5795 1660 5868; x_wconf 73' lang='grc' dir='ltr'>ἔργον</span> <span class='ocrx_word' id='word_1_437' title='bbox 1694 5797 1801 5853; x_wconf 86' lang='grc' dir='ltr'>τοῦ</span> <span class='ocrx_word' id='word_1_438' title='bbox 1831 5800 1998 5856; x_wconf 86' lang='grc' dir='ltr'>Θεοῦ.</span> 
     </span>
    </p>
   </div>
   <div class='ocr_carea' id='block_1_61' title="bbox 1067 378 2889 438">
    <p class='ocr_par' dir='ltr' id='par_1_61' title="bbox 1067 378 2889 438">
     <span class='ocr_line' id='line_1_61' title="bbox 1067 378 2889 438; baseline -0.001 -1"><span class='ocrx_word' id='word_1_439' title='bbox 1067 380 1124 437; x_wconf 90' lang='lat' dir='ltr'>S.</span> <span class='ocrx_word' id='word_1_440' title='bbox 1164 378 1445 438; x_wconf 83' lang='lat' dir='ltr'>JOANNIS</span> <span class='ocrx_word' id='word_1_441' title='bbox 1473 378 1959 438; x_wconf 78' lang='lat' dir='ltr'>CHRYSOSTOMI</span> <span class='ocrx_word' id='word_1_442' title='bbox 1984 378 2301 437; x_wconf 78' lang='lat' dir='ltr'>ARCHIEP.</span> <span class='ocrx_word' id='word_1_443' title='bbox 2338 379 2889 437; x_wconf 71' lang='lat' dir='ltr'>CONSTANTINOP.</span> 
     </span>
    </p>
   </div>
   <div class='ocr_carea' id='block_1_62' title="bbox 3562 384 3669 441">
    <p class='ocr_par' dir='ltr' id='par_1_62' title="bbox 3562 384 3669 441">
     <span class='ocr_line' id='line_1_62' title="bbox 3562 384 3669 441; baseline 0.019 -2"><span class='ocrx_word' id='word_1_444' title='bbox 3562 384 3669 441; x_wconf 76' lang='lat'><strong>250</strong></span> 
     </span>
    </p>
   </div>
   <div class='ocr_carea' id='block_1_63' title="bbox 2102 490 3669 566">
    <p class='ocr_par' dir='ltr' id='par_1_63' title="bbox 2102 490 3669 566">
     <span class='ocr_line' id='line_1_63' title="bbox 2102 490 3669 566; baseline 0.001 -18"><span class='ocrx_word' id='word_1_445' title='bbox 2102 494 2236 548; x_wconf 82' lang='grc' dir='ltr'>Οὐδὲ</span> <span class='ocrx_word' id='word_1_446' title='bbox 2266 494 2373 566; x_wconf 79' lang='grc' dir='ltr'>γὰρ</span> <span class='ocrx_word' id='word_1_447' title='bbox 2395 495 2461 547; x_wconf 87' lang='grc' dir='ltr'>δι’</span> <span class='ocrx_word' id='word_1_448' title='bbox 2508 492 2607 564; x_wconf 79' lang='grc' dir='ltr'>ἐμὲ</span> <span class='ocrx_word' id='word_1_449' title='bbox 2641 495 2804 558; x_wconf 88' lang='grc' dir='ltr'>ποιεῖ,</span> <span class='ocrx_word' id='word_1_450' title='bbox 2848 490 2984 545; x_wconf 90' lang='grc' dir='ltr'>ἀλλά</span> <span class='ocrx_word' id='word_1_451' title='bbox 3022 490 3110 545; x_wconf 87' lang='grc' dir='ltr'>διὰ</span> <span class='ocrx_word' id='word_1_452' title='bbox 3157 490 3249 543; x_wconf 72' lang='grc' dir='ltr'>τὸν</span> <span class='ocrx_word' id='word_1_453' title='bbox 3288 491 3421 546; x_wconf 75' lang='grc' dir='ltr'>Θεὸν</span> <span class='ocrx_word' id='word_1_454' title='bbox 3456 491 3669 564; x_wconf 76' lang='grc' dir='ltr'>ἣγγισε</span> 
     </span>
    </p>
   </div>
   <div class='ocr_carea' id='block_1_64' title="bbox 2093 582 3667 655">
    <p class='ocr_par' dir='ltr' id='par_1_64' title="bbox 2093 582 3667 655">
     <span class='ocr_line' id='line_1_64' title="bbox 2093 582 3667 655; baseline 0.001 -16"><span class='ocrx_word' id='word_1_455' title='bbox 2093 587 2267 654; x_wconf 84' lang='grc' dir='ltr'>μέχρι</span> <span class='ocrx_word' id='word_1_456' title='bbox 2294 584 2572 640; x_wconf 78' lang='grc' dir='ltr'>θανάτου.</span> <span class='ocrx_word' id='word_1_457' title='bbox 2609 584 2675 637; x_wconf 90' lang='grc' dir='ltr'>Τί</span> <span class='ocrx_word' id='word_1_458' title='bbox 2723 584 2872 655; x_wconf 87' lang='grc' dir='ltr'>γὰρ;</span> <span class='ocrx_word' id='word_1_459' title='bbox 2916 585 2964 636; x_wconf 88' lang='grc' dir='ltr'>εί</span> <span class='ocrx_word' id='word_1_460' title='bbox 3000 584 3075 654; x_wconf 86' lang='grc' dir='ltr'>μὴ</span> <span class='ocrx_word' id='word_1_461' title='bbox 3112 582 3372 648; x_wconf 87' lang='grc' dir='ltr'>ἀπέθανε,</span> <span class='ocrx_word' id='word_1_462' title='bbox 3411 584 3505 638; x_wconf 88' lang='grc' dir='ltr'>τοῦ</span> <span class='ocrx_word' id='word_1_463' title='bbox 3531 586 3667 640; x_wconf 82' lang='grc' dir='ltr'>Θεοῦ</span> 
     </span>
    </p>
   </div>
   <div class='ocr_carea' id='block_1_65' title="bbox 2097 674 3671 748">
    <p class='ocr_par' dir='ltr' id='par_1_65' title="bbox 2097 674 3671 748">
     <span class='ocr_line' id='line_1_65' title="bbox 2097 674 3671 748; baseline 0.001 -18"><span class='ocrx_word' id='word_1_464' title='bbox 2097 678 2567 748; x_wconf 84' lang='grc' dir='ltr'>οἰκονομήσαντος,</span> <span class='ocrx_word' id='word_1_465' title='bbox 2597 676 2712 730; x_wconf 88' lang='grc' dir='ltr'>ἀλλ’</span> <span class='ocrx_word' id='word_1_466' title='bbox 2743 675 2905 739; x_wconf 82' lang='grc' dir='ltr'>αὐτὸς</span> <span class='ocrx_word' id='word_1_467' title='bbox 2942 674 3417 746; x_wconf 88' lang='grc' dir='ltr'>παρεϐουλεύσατο</span> <span class='ocrx_word' id='word_1_468' title='bbox 3446 679 3542 730; x_wconf 73' lang='grc' dir='ltr'>καὶ</span> <span class='ocrx_word' id='word_1_469' title='bbox 3584 677 3671 744; x_wconf 80' lang='grc' dir='ltr'>ἐξ·</span> 
     </span>
    </p>
   </div>
   <div class='ocr_carea' id='block_1_66' title="bbox 2100 766 3671 838">
    <p class='ocr_par' dir='ltr' id='par_1_66' title="bbox 2100 766 3671 838">
     <span class='ocr_line' id='line_1_66' title="bbox 2100 766 3671 838; baseline 0.001 -17"><span class='ocrx_word' id='word_1_470' title='bbox 2100 767 2300 822; x_wconf 88' lang='grc' dir='ltr'>έδωκεν</span> <span class='ocrx_word' id='word_1_471' title='bbox 2331 769 2544 835; x_wconf 82' lang='grc' dir='ltr'>ἐαυτὸν,</span> <span class='ocrx_word' id='word_1_472' title='bbox 2593 769 2670 833; x_wconf 87' lang='grc' dir='ltr'>ὼς</span> <span class='ocrx_word' id='word_1_473' title='bbox 2697 768 2800 822; x_wconf 85' lang='grc' dir='ltr'>κᾶν</span> <span class='ocrx_word' id='word_1_474' title='bbox 2828 766 3003 820; x_wconf 79' lang='grc' dir='ltr'>ὁτιοῦν</span> <span class='ocrx_word' id='word_1_475' title='bbox 3036 766 3131 838; x_wconf 75' lang='grc' dir='ltr'>δέη</span> <span class='ocrx_word' id='word_1_476' title='bbox 3157 767 3370 828; x_wconf 90' lang='grc' dir='ltr'>παθεῖν,</span> <span class='ocrx_word' id='word_1_477' title='bbox 3406 768 3503 821; x_wconf 83' lang='grc' dir='ltr'>οὑκ</span> <span class='ocrx_word' id='word_1_478' title='bbox 3530 768 3671 822; x_wconf 85' lang='grc' dir='ltr'>ἀπο-</span> 
     </span>
    </p>
   </div>
   <div class='ocr_carea' id='block_1_67' title="bbox 2102 856 3670 931">
    <p class='ocr_par' dir='ltr' id='par_1_67' title="bbox 2102 856 3670 931">
     <span class='ocr_line' id='line_1_67' title="bbox 2102 856 3670 931; baseline -0.001 -19"><span class='ocrx_word' id='word_1_479' title='bbox 2102 860 2433 931; x_wconf 78' lang='grc' dir='ltr'>στησάμενος</span> <span class='ocrx_word' id='word_1_480' title='bbox 2457 861 2555 930; x_wconf 82' lang='grc' dir='ltr'>τῆς</span> <span class='ocrx_word' id='word_1_481' title='bbox 2584 859 2719 931; x_wconf 88' lang='grc' dir='ltr'>πρός</span> <span class='ocrx_word' id='word_1_482' title='bbox 2756 876 2822 930; x_wconf 92' lang='grc' dir='ltr'>με</span> <span class='ocrx_word' id='word_1_483' title='bbox 2851 858 3166 929; x_wconf 75' lang='grc' dir='ltr'>θεραπείας.</span> <span class='ocrx_word' id='word_1_484' title='bbox 3210 860 3272 912; x_wconf 87' lang='grc' dir='ltr'>Εἰ</span> <span class='ocrx_word' id='word_1_485' title='bbox 3316 858 3374 911; x_wconf 85' lang='grc' dir='ltr'>δὲ</span> <span class='ocrx_word' id='word_1_486' title='bbox 3398 858 3538 926; x_wconf 79' lang='grc' dir='ltr'>ὑπὲρ</span> <span class='ocrx_word' id='word_1_487' title='bbox 3572 856 3670 911; x_wconf 86' lang='grc' dir='ltr'>τοῦ</span> 
     </span>
    </p>
   </div>
   <div class='ocr_carea' id='block_1_68' title="bbox 2099 949 3668 1024">
    <p class='ocr_par' dir='ltr' id='par_1_68' title="bbox 2099 949 3668 1024">
     <span class='ocr_line' id='line_1_68' title="bbox 2099 949 3668 1024; baseline -0.002 -19"><span class='ocrx_word' id='word_1_488' title='bbox 2099 952 2314 1006; x_wconf 89' lang='grc' dir='ltr'>Παύλου</span> <span class='ocrx_word' id='word_1_489' title='bbox 2366 952 2701 1024; x_wconf 88' lang='grc' dir='ltr'>θεραπεῦσαι</span> <span class='ocrx_word' id='word_1_490' title='bbox 2749 952 2829 1015; x_wconf 89' lang='grc' dir='ltr'>εἰς</span> <span class='ocrx_word' id='word_1_491' title='bbox 2879 950 3109 1004; x_wconf 86' lang='grc' dir='ltr'>θάνατον</span> <span class='ocrx_word' id='word_1_492' title='bbox 3164 949 3356 1003; x_wconf 83' lang='grc' dir='ltr'>ἐαυτὸν</span> <span class='ocrx_word' id='word_1_493' title='bbox 3415 949 3668 1015; x_wconf 79' lang='grc' dir='ltr'>ἐξέδωκε,</span> 
     </span>
    </p>
   </div>
   <div class='ocr_carea' id='block_1_69' title="bbox 2101 1042 3659 1118">
    <p class='ocr_par' dir='ltr' id='par_1_69' title="bbox 2101 1042 3659 1118">
     <span class='ocr_line' id='line_1_69' title="bbox 2101 1042 3659 1118; baseline -0.003 -18"><span class='ocrx_word' id='word_1_494' title='bbox 2101 1047 2279 1118; x_wconf 83' lang='grc' dir='ltr'>πολλῷ</span> <span class='ocrx_word' id='word_1_495' title='bbox 2308 1048 2506 1118; x_wconf 80' lang='grc' dir='ltr'>μᾶλλον</span> <span class='ocrx_word' id='word_1_496' title='bbox 2529 1048 2670 1118; x_wconf 80' lang='grc' dir='ltr'>ὑπὲρ</span> <span class='ocrx_word' id='word_1_497' title='bbox 2690 1046 2781 1100; x_wconf 88' lang='grc' dir='ltr'>τοῦ</span> <span class='ocrx_word' id='word_1_498' title='bbox 2809 1045 3162 1118; x_wconf 86' lang='grc' dir='ltr'>κηρύγματος</span> <span class='ocrx_word' id='word_1_499' title='bbox 3183 1044 3340 1098; x_wconf 86' lang='grc' dir='ltr'>τοῦτο</span> <span class='ocrx_word' id='word_1_500' title='bbox 3373 1042 3438 1097; x_wconf 84' lang='grc' dir='ltr'>ἂν</span> <span class='ocrx_word' id='word_1_501' title='bbox 3467 1043 3659 1097; x_wconf 74' lang='grc' dir='ltr'>ἔπαθε·</span> 
     </span>
    </p>
   </div>
   <div class='ocr_carea' id='block_1_70' title="bbox 2107 1130 3671 1209">
    <p class='ocr_par' dir='ltr' id='par_1_70' title="bbox 2107 1130 3671 1209">
     <span class='ocr_line' id='line_1_70' title="bbox 2107 1130 3671 1209; baseline -0.004 -17"><span class='ocrx_word' id='word_1_502' title='bbox 2107 1138 2305 1209; x_wconf 81' lang='grc' dir='ltr'>μᾶλλον</span> <span class='ocrx_word' id='word_1_503' title='bbox 2342 1138 2399 1192; x_wconf 83' lang='grc' dir='ltr'>δὲ</span> <span class='ocrx_word' id='word_1_504' title='bbox 2432 1140 2526 1192; x_wconf 70' lang='grc' dir='ltr'>καὶ</span> <span class='ocrx_word' id='word_1_505' title='bbox 2566 1138 2722 1191; x_wconf 89' lang='grc' dir='ltr'>τοῦτο</span> <span class='ocrx_word' id='word_1_506' title='bbox 2757 1138 2897 1207; x_wconf 77' lang='grc' dir='ltr'>ὑπὲρ</span> <span class='ocrx_word' id='word_1_507' title='bbox 2934 1136 3028 1189; x_wconf 89' lang='grc' dir='ltr'>τοῦ</span> <span class='ocrx_word' id='word_1_508' title='bbox 3071 1135 3426 1206; x_wconf 85' lang='grc' dir='ltr'>κηρύγματος</span> <span class='ocrx_word' id='word_1_509' title='bbox 3467 1130 3557 1205; x_wconf 78' lang='grc' dir='ltr'>ἦν,</span> <span class='ocrx_word' id='word_1_510' title='bbox 3609 1134 3671 1187; x_wconf 85' lang='grc' dir='ltr'>τὸ</span> 
     </span>
    </p>
   </div>
   <div class='ocr_carea' id='block_1_71' title="bbox 2103 1225 3670 1300">
    <p class='ocr_par' dir='ltr' id='par_1_71' title="bbox 2103 1225 3670 1300">
     <span class='ocr_line' id='line_1_71' title="bbox 2103 1225 3670 1300; baseline -0.003 -18"><span class='ocrx_word' id='word_1_511' title='bbox 2103 1229 2244 1300; x_wconf 83' lang='grc' dir='ltr'>ὑπὲρ</span> <span class='ocrx_word' id='word_1_512' title='bbox 2266 1229 2473 1283; x_wconf 85' lang='grc' dir='ltr'>ἐκείνου</span> <span class='ocrx_word' id='word_1_513' title='bbox 2505 1229 2814 1282; x_wconf 84' lang='grc' dir='ltr'>ἀποθανεῖν.</span> <span class='ocrx_word' id='word_1_514' title='bbox 2848 1228 2921 1281; x_wconf 78' lang='grc' dir='ltr'>Οὐ</span> <span class='ocrx_word' id='word_1_515' title='bbox 2947 1226 3054 1298; x_wconf 85' lang='grc' dir='ltr'>γὰρ</span> <span class='ocrx_word' id='word_1_516' title='bbox 3103 1227 3263 1297; x_wconf 90' lang='grc' dir='ltr'>μόνον</span> <span class='ocrx_word' id='word_1_517' title='bbox 3293 1226 3432 1297; x_wconf 82' lang='grc' dir='ltr'>ὑπὲρ</span> <span class='ocrx_word' id='word_1_518' title='bbox 3468 1225 3561 1279; x_wconf 87' lang='grc' dir='ltr'>τοῦ</span> <span class='ocrx_word' id='word_1_519' title='bbox 3596 1225 3670 1297; x_wconf 79' lang='grc' dir='ltr'>μὴ</span> 
     </span>
    </p>
   </div>
   <div class='ocr_carea' id='block_1_72' title="bbox 2100 1318 3672 1391">
    <p class='ocr_par' dir='ltr' id='par_1_72' title="bbox 2100 1318 3672 1391">
     <span class='ocr_line' id='line_1_72' title="bbox 2100 1318 3672 1391; baseline -0.001 -17"><span class='ocrx_word' id='word_1_520' title='bbox 2100 1319 2260 1374; x_wconf 86' lang='grc' dir='ltr'>θῦσαι</span> <span class='ocrx_word' id='word_1_521' title='bbox 2310 1320 2604 1391; x_wconf 86' lang='grc' dir='ltr'>μαρτυρίου</span> <span class='ocrx_word' id='word_1_522' title='bbox 2645 1319 2904 1386; x_wconf 86' lang='grc' dir='ltr'>στέφανον</span> <span class='ocrx_word' id='word_1_523' title='bbox 2940 1318 3084 1373; x_wconf 75' lang='grc' dir='ltr'>ἔστιν</span> <span class='ocrx_word' id='word_1_524' title='bbox 3117 1319 3507 1389; x_wconf 87' lang='grc' dir='ltr'>ἀναδήσασθαι,</span> <span class='ocrx_word' id='word_1_525' title='bbox 3537 1319 3672 1373; x_wconf 87' lang='grc' dir='ltr'>ἀλλά</span> 
     </span>
    </p>
   </div>
   <div class='ocr_carea' id='block_1_73' title="bbox 2102 1408 3671 1481">
    <p class='ocr_par' dir='ltr' id='par_1_73' title="bbox 2102 1408 3671 1481">
     <span class='ocr_line' id='line_1_73' title="bbox 2102 1408 3671 1481; baseline -0.002 -15"><span class='ocrx_word' id='word_1_526' title='bbox 2102 1412 2195 1466; x_wconf 78' lang='grc' dir='ltr'>καὶ</span> <span class='ocrx_word' id='word_1_527' title='bbox 2229 1413 2285 1466; x_wconf 89' lang='grc' dir='ltr'>αἰ</span> <span class='ocrx_word' id='word_1_528' title='bbox 2316 1410 2560 1465; x_wconf 84' lang='grc' dir='ltr'>τοιαῦται</span> <span class='ocrx_word' id='word_1_529' title='bbox 2589 1410 2888 1481; x_wconf 84' lang='grc' dir='ltr'>προφάσεις</span> <span class='ocrx_word' id='word_1_530' title='bbox 2939 1408 3239 1480; x_wconf 87' lang='grc' dir='ltr'>μαρτύριον</span> <span class='ocrx_word' id='word_1_531' title='bbox 3290 1408 3502 1463; x_wconf 86' lang='grc' dir='ltr'>ποιοῦσι</span> <span class='ocrx_word' id='word_1_532' title='bbox 3529 1425 3542 1438; x_wconf 84' lang='lat'><strong><em>°</em></strong></span> <span class='ocrx_word' id='word_1_533' title='bbox 3576 1410 3671 1463; x_wconf 60' lang='grc' dir='ltr'>καὶ⁵</span> 
     </span>
    </p>
   </div>
   <div class='ocr_carea' id='block_1_74' title="bbox 2102 1500 3667 1573">
    <p class='ocr_par' dir='ltr' id='par_1_74' title="bbox 2102 1500 3667 1573">
     <span class='ocr_line' id='line_1_74' title="bbox 2102 1500 3667 1573; baseline -0.001 -18"><span class='ocrx_word' id='word_1_534' title='bbox 2102 1506 2149 1557; x_wconf 92' lang='grc' dir='ltr'>εἰ</span> <span class='ocrx_word' id='word_1_535' title='bbox 2168 1504 2248 1557; x_wconf 87' lang='grc' dir='ltr'>δεῖ</span> <span class='ocrx_word' id='word_1_536' title='bbox 2267 1520 2318 1556; x_wconf 89' lang='grc' dir='ltr'>τι</span> <span class='ocrx_word' id='word_1_537' title='bbox 2345 1502 2654 1573; x_wconf 87' lang='grc' dir='ltr'>θαυμαστὸν</span> <span class='ocrx_word' id='word_1_538' title='bbox 2678 1504 2871 1565; x_wconf 88' lang='grc' dir='ltr'>εἰπεῖν,</span> <span class='ocrx_word' id='word_1_539' title='bbox 2899 1500 3076 1571; x_wconf 83' lang='grc' dir='ltr'>πολλῷ</span> <span class='ocrx_word' id='word_1_540' title='bbox 3100 1500 3298 1571; x_wconf 85' lang='grc' dir='ltr'>μᾶλλον</span> <span class='ocrx_word' id='word_1_541' title='bbox 3325 1501 3380 1554; x_wconf 90' lang='grc' dir='ltr'>αἰ</span> <span class='ocrx_word' id='word_1_542' title='bbox 3404 1501 3667 1565; x_wconf 85' lang='grc' dir='ltr'>τοιαῦται,</span> 
     </span>
    </p>
   </div>
   <div class='ocr_carea' id='block_1_75' title="bbox 2101 1590 3667 1666">
    <p class='ocr_par' dir='ltr' id='par_1_75' title="bbox 2101 1590 3667 1666">
     <span class='ocr_line' id='line_1_75' title="bbox 2101 1590 3667 1666; baseline -0.001 -19"><span class='ocrx_word' id='word_1_543' title='bbox 2101 1594 2134 1666; x_wconf 81' lang='grc' dir='ltr'>ἢ</span> <span class='ocrx_word' id='word_1_544' title='bbox 2169 1595 2389 1647; x_wconf 88' lang='grc' dir='ltr'>ἐκεῖναι.</span> <span class='ocrx_word' id='word_1_545' title='bbox 2430 1594 2488 1647; x_wconf 87' lang='lat'>&#39;0</span> <span class='ocrx_word' id='word_1_546' title='bbox 2517 1593 2625 1664; x_wconf 91' lang='grc' dir='ltr'>γάρ</span> <span class='ocrx_word' id='word_1_547' title='bbox 2671 1593 2812 1664; x_wconf 80' lang='grc' dir='ltr'>ὑπὲρ</span> <span class='ocrx_word' id='word_1_548' title='bbox 2846 1590 2937 1644; x_wconf 89' lang='grc' dir='ltr'>τοῦ</span> <span class='ocrx_word' id='word_1_549' title='bbox 2979 1591 3260 1655; x_wconf 82' lang='grc' dir='ltr'>ἐλάττονος</span> <span class='ocrx_word' id='word_1_550' title='bbox 3306 1592 3667 1661; x_wconf 85' lang='grc' dir='ltr'>κατατολμῶν</span> 
     </span>
    </p>
   </div>
   <div class='ocr_carea' id='block_1_76' title="bbox 2100 1679 3667 1752">
    <p class='ocr_par' dir='ltr' id='par_1_76' title="bbox 2100 1679 3667 1752">
     <span class='ocr_line' id='line_1_76' title="bbox 2100 1679 3667 1752; baseline -0.001 -16"><span class='ocrx_word' id='word_1_551' title='bbox 2100 1683 2194 1736; x_wconf 88' lang='grc' dir='ltr'>τοῦ</span> <span class='ocrx_word' id='word_1_552' title='bbox 2252 1682 2501 1748; x_wconf 85' lang='grc' dir='ltr'>θανάτου,</span> <span class='ocrx_word' id='word_1_553' title='bbox 2568 1680 2746 1752; x_wconf 84' lang='grc' dir='ltr'>πολλῷ</span> <span class='ocrx_word' id='word_1_554' title='bbox 2807 1681 3003 1751; x_wconf 83' lang='grc' dir='ltr'>μᾶλλον</span> <span class='ocrx_word' id='word_1_555' title='bbox 3052 1680 3195 1752; x_wconf 83' lang='grc' dir='ltr'>ὑπὲρ</span> <span class='ocrx_word' id='word_1_556' title='bbox 3243 1680 3337 1733; x_wconf 86' lang='grc' dir='ltr'>τοῦ</span> <span class='ocrx_word' id='word_1_557' title='bbox 3401 1679 3667 1751; x_wconf 77' lang='grc' dir='ltr'>μείζονος.</span> 
     </span>
    </p>
   </div>
   <div class='ocr_carea' id='block_1_77' title="bbox 2104 1773 3672 1846">
    <p class='ocr_par' dir='ltr' id='par_1_77' title="bbox 2104 1773 3672 1846">
     <span class='ocr_line' id='line_1_77' title="bbox 2104 1773 3672 1846; baseline -0.003 -16"><span class='ocrx_word' id='word_1_558' title='bbox 2104 1777 2265 1830; x_wconf 83' lang='grc' dir='ltr'>Ὥστε</span> <span class='ocrx_word' id='word_1_559' title='bbox 2292 1776 2387 1829; x_wconf 78' lang='grc' dir='ltr'>καὶ</span> <span class='ocrx_word' id='word_1_560' title='bbox 2424 1776 2605 1846; x_wconf 89' lang='grc' dir='ltr'>ἡμεῖς,</span> <span class='ocrx_word' id='word_1_561' title='bbox 2650 1776 2777 1829; x_wconf 80' lang='grc' dir='ltr'>ὅταν</span> <span class='ocrx_word' id='word_1_562' title='bbox 2813 1773 3009 1844; x_wconf 74' lang='grc' dir='ltr'>ἴδωμεν</span> <span class='ocrx_word' id='word_1_563' title='bbox 3054 1774 3241 1842; x_wconf 86' lang='grc' dir='ltr'>ἁγίους</span> <span class='ocrx_word' id='word_1_564' title='bbox 3274 1775 3330 1825; x_wconf 84' lang='grc' dir='ltr'>ἐν</span> <span class='ocrx_word' id='word_1_565' title='bbox 3383 1773 3672 1838; x_wconf 84' lang='grc' dir='ltr'>κινδύνοις,</span> 
     </span>
    </p>
   </div>
   <div class='ocr_carea' id='block_1_78' title="bbox 2101 1864 3672 1937">
    <p class='ocr_par' dir='ltr' id='par_1_78' title="bbox 2101 1864 3672 1937">
     <span class='ocr_line' id='line_1_78' title="bbox 2101 1864 3672 1937; baseline -0.002 -17"><span class='ocrx_word' id='word_1_566' title='bbox 2101 1865 2654 1937; x_wconf 88' lang='grc' dir='ltr'>παραϐουλευώμεθα.</span> <span class='ocrx_word' id='word_1_567' title='bbox 2702 1867 2775 1919; x_wconf 84' lang='grc' dir='ltr'>Οὐ</span> <span class='ocrx_word' id='word_1_568' title='bbox 2824 1864 2932 1936; x_wconf 82' lang='grc' dir='ltr'>γὰρ</span> <span class='ocrx_word' id='word_1_569' title='bbox 2987 1865 3065 1918; x_wconf 81' lang='grc' dir='ltr'>ένι</span> <span class='ocrx_word' id='word_1_570' title='bbox 3096 1865 3170 1935; x_wconf 85' lang='grc' dir='ltr'>μὴ</span> <span class='ocrx_word' id='word_1_571' title='bbox 3222 1864 3527 1935; x_wconf 87' lang='grc' dir='ltr'>τολμῶντα,</span> <span class='ocrx_word' id='word_1_572' title='bbox 3556 1882 3672 1934; x_wconf 86' lang='grc' dir='ltr'>γεν-</span> 
     </span>
    </p>
   </div>
   <div class='ocr_carea' id='block_1_79' title="bbox 2102 1955 3672 2032">
    <p class='ocr_par' dir='ltr' id='par_1_79' title="bbox 2102 1955 3672 2032">
     <span class='ocr_line' id='line_1_79' title="bbox 2102 1955 3672 2032; baseline -0.002 -18"><span class='ocrx_word' id='word_1_573' title='bbox 2102 1961 2250 2015; x_wconf 90' lang='grc' dir='ltr'>ναῖόν</span> <span class='ocrx_word' id='word_1_574' title='bbox 2276 1979 2327 2013; x_wconf 89' lang='grc' dir='ltr'>τι</span> <span class='ocrx_word' id='word_1_575' title='bbox 2344 1960 2559 2032; x_wconf 79' lang='grc' dir='ltr'>πρᾶξαί</span> <span class='ocrx_word' id='word_1_576' title='bbox 2583 1977 2734 2027; x_wconf 90' lang='grc' dir='ltr'>ποτε,</span> <span class='ocrx_word' id='word_1_577' title='bbox 2753 1959 2886 2013; x_wconf 87' lang='grc' dir='ltr'>ἀλλά</span> <span class='ocrx_word' id='word_1_578' title='bbox 2903 1959 3114 2029; x_wconf 85' lang='grc' dir='ltr'>ἀνάγκη</span> <span class='ocrx_word' id='word_1_579' title='bbox 3135 1955 3274 2030; x_wconf 84' lang='grc' dir='ltr'>τὸ[ν]</span> <span class='ocrx_word' id='word_1_580' title='bbox 3306 1959 3405 2028; x_wconf 86' lang='grc' dir='ltr'>τῆς</span> <span class='ocrx_word' id='word_1_581' title='bbox 3438 1957 3672 2011; x_wconf 81' lang='grc' dir='ltr'>ἐνταῦθα</span> 
     </span>
    </p>
   </div>
   <div class='ocr_carea' id='block_1_80' title="bbox 2101 2048 3668 2124">
    <p class='ocr_par' dir='ltr' id='par_1_80' title="bbox 2101 2048 3668 2124">
     <span class='ocr_line' id='line_1_80' title="bbox 2101 2048 3668 2124; baseline -0.003 -19"><span class='ocrx_word' id='word_1_582' title='bbox 2101 2052 2397 2121; x_wconf 88' lang='grc' dir='ltr'>ἀσφαλείας</span> <span class='ocrx_word' id='word_1_583' title='bbox 2449 2051 2845 2124; x_wconf 89' lang='grc' dir='ltr'>προνοούμενον</span> <span class='ocrx_word' id='word_1_584' title='bbox 2895 2051 3144 2104; x_wconf 81' lang='grc' dir='ltr'>ἐκπεσεῖν</span> <span class='ocrx_word' id='word_1_585' title='bbox 3205 2049 3304 2119; x_wconf 80' lang='grc' dir='ltr'>τῆς</span> <span class='ocrx_word' id='word_1_586' title='bbox 3348 2048 3668 2120; x_wconf 74' lang='grc' dir='ltr'>μελλούσηςο</span> 
     </span>
    </p>
   </div>
   <div class='ocr_carea' id='block_1_81' title="bbox 2103 2140 3673 2213">
    <p class='ocr_par' dir='ltr' id='par_1_81' title="bbox 2103 2140 3673 2213">
     <span class='ocr_line' id='line_1_81' title="bbox 2103 2140 3673 2213; baseline -0.003 -15"><span class='ocrx_word' id='word_1_587' title='bbox 2103 2142 2237 2199; x_wconf 82' lang='grc' dir='ltr'>Ἵνα</span> <span class='ocrx_word' id='word_1_588' title='bbox 2265 2144 2697 2211; x_wconf 80' lang='grc' dir='ltr'>ἀναπληρώσῃ,</span> <span class='ocrx_word' id='word_1_589' title='bbox 2744 2143 2908 2213; x_wconf 70' lang='grc' dir='ltr'>φησὶ,</span> <span class='ocrx_word' id='word_1_590' title='bbox 2943 2142 3009 2196; x_wconf 85' lang='grc' dir='ltr'>τὸ</span> <span class='ocrx_word' id='word_1_591' title='bbox 3033 2140 3201 2211; x_wconf 82' lang='grc' dir='ltr'>ὑμῶν</span> <span class='ocrx_word' id='word_1_592' title='bbox 3223 2142 3531 2210; x_wconf 86' lang='grc' dir='ltr'>ὑστέρημα</span> <span class='ocrx_word' id='word_1_593' title='bbox 3560 2140 3673 2209; x_wconf 86' lang='grc' dir='ltr'>τῆς</span> 
     </span>
    </p>
   </div>
   <div class='ocr_carea' id='block_1_82' title="bbox 2102 2230 3670 2304">
    <p class='ocr_par' dir='ltr' id='par_1_82' title="bbox 2102 2230 3670 2304">
     <span class='ocr_line' id='line_1_82' title="bbox 2102 2230 3670 2304; baseline -0.004 -17"><span class='ocrx_word' id='word_1_594' title='bbox 2102 2235 2250 2303; x_wconf 80' lang='grc' dir='ltr'>πρός</span> <span class='ocrx_word' id='word_1_595' title='bbox 2266 2250 2343 2304; x_wconf 84' lang='grc' dir='ltr'>με</span> <span class='ocrx_word' id='word_1_596' title='bbox 2374 2235 2763 2302; x_wconf 80' lang='grc' dir='ltr'>λειτουργίας.</span> <span class='ocrx_word' id='word_1_597' title='bbox 2795 2232 2859 2285; x_wconf 90' lang='grc' dir='ltr'>Τί</span> <span class='ocrx_word' id='word_1_598' title='bbox 2906 2234 3021 2285; x_wconf 86' lang='grc' dir='ltr'>ἐστι</span> <span class='ocrx_word' id='word_1_599' title='bbox 3072 2231 3268 2298; x_wconf 87' lang='grc' dir='ltr'>τοῦτο;</span> <span class='ocrx_word' id='word_1_600' title='bbox 3311 2230 3384 2282; x_wconf 81' lang='grc' dir='ltr'><strong>Οὐ</strong></span> <span class='ocrx_word' id='word_1_601' title='bbox 3412 2232 3593 2301; x_wconf 80' lang='grc' dir='ltr'>παρῆν</span> <span class='ocrx_word' id='word_1_602' title='bbox 3634 2231 3670 2301; x_wconf 80' lang='grc' dir='ltr'>ἡ</span> 
     </span>
    </p>
   </div>
   <div class='ocr_carea' id='block_1_83' title="bbox 2104 2323 3671 2397">
    <p class='ocr_par' dir='ltr' id='par_1_83' title="bbox 2104 2323 3671 2397">
     <span class='ocr_line' id='line_1_83' title="bbox 2104 2323 3671 2397; baseline -0.003 -17"><span class='ocrx_word' id='word_1_603' title='bbox 2104 2328 2278 2391; x_wconf 86' lang='grc' dir='ltr'>πόλις,</span> <span class='ocrx_word' id='word_1_604' title='bbox 2309 2325 2422 2379; x_wconf 80' lang='grc' dir='ltr'>ἀλλ’</span> <span class='ocrx_word' id='word_1_605' title='bbox 2454 2325 2832 2397; x_wconf 85' lang='grc' dir='ltr'>ἐλειτούργησέ</span> <span class='ocrx_word' id='word_1_606' title='bbox 2858 2343 2946 2395; x_wconf 88' lang='grc' dir='ltr'>μοι</span> <span class='ocrx_word' id='word_1_607' title='bbox 2975 2324 3040 2377; x_wconf 88' lang='grc' dir='ltr'>δι’</span> <span class='ocrx_word' id='word_1_608' title='bbox 3064 2325 3270 2377; x_wconf 86' lang='grc' dir='ltr'>ἐκείνου</span> <span class='ocrx_word' id='word_1_609' title='bbox 3317 2324 3497 2376; x_wconf 83' lang='grc' dir='ltr'>πᾶσαν</span> <span class='ocrx_word' id='word_1_610' title='bbox 3528 2323 3671 2375; x_wconf 84' lang='grc' dir='ltr'>λειτ-</span> 
     </span>
    </p>
   </div>
   <div class='ocr_carea' id='block_1_84' title="bbox 2102 2411 3671 2490">
    <p class='ocr_par' dir='ltr' id='par_1_84' title="bbox 2102 2411 3671 2490">
     <span class='ocr_line' id='line_1_84' title="bbox 2102 2411 3671 2490; baseline -0.002 -20"><span class='ocrx_word' id='word_1_611' title='bbox 2102 2418 2330 2490; x_wconf 88' lang='grc' dir='ltr'>ουργίαν</span> <span class='ocrx_word' id='word_1_612' title='bbox 2367 2417 2444 2488; x_wconf 80' lang='grc' dir='ltr'>τῷ</span> <span class='ocrx_word' id='word_1_613' title='bbox 2503 2419 2707 2471; x_wconf 85' lang='grc' dir='ltr'>ἐκεῖνον</span> <span class='ocrx_word' id='word_1_614' title='bbox 2742 2416 2974 2487; x_wconf 70' lang='grc' dir='ltr'>πέμψαι.</span> <span class='ocrx_word' id='word_1_615' title='bbox 3012 2416 3085 2468; x_wconf 86' lang='grc' dir='ltr'>Τὸ</span> <span class='ocrx_word' id='word_1_616' title='bbox 3119 2411 3212 2469; x_wconf 82' lang='grc' dir='ltr'>οὖν</span> <span class='ocrx_word' id='word_1_617' title='bbox 3256 2414 3539 2486; x_wconf 84' lang='grc' dir='ltr'>ὑστέρημα</span> <span class='ocrx_word' id='word_1_618' title='bbox 3572 2414 3671 2485; x_wconf 83' lang='grc' dir='ltr'>τῆς</span> 
     </span>
    </p>
   </div>
   <div class='ocr_carea' id='block_1_85' title="bbox 2102 2507 3665 2582">
    <p class='ocr_par' dir='ltr' id='par_1_85' title="bbox 2102 2507 3665 2582">
     <span class='ocr_line' id='line_1_85' title="bbox 2102 2507 3665 2582; baseline -0.003 -16"><span class='ocrx_word' id='word_1_619' title='bbox 2102 2512 2373 2582; x_wconf 84' lang='grc' dir='ltr'>ὑμετέρας</span> <span class='ocrx_word' id='word_1_620' title='bbox 2405 2511 2747 2580; x_wconf 87' lang='grc' dir='ltr'>λειτουργίας</span> <span class='ocrx_word' id='word_1_621' title='bbox 2771 2510 2931 2573; x_wconf 81' lang='grc' dir='ltr'>αὐτὸς</span> <span class='ocrx_word' id='word_1_622' title='bbox 2962 2508 3359 2580; x_wconf 86' lang='grc' dir='ltr'>ἐνεπλήρωσεν,</span> <span class='ocrx_word' id='word_1_623' title='bbox 3399 2507 3538 2561; x_wconf 84' lang='grc' dir='ltr'>ὥστε</span> <span class='ocrx_word' id='word_1_624' title='bbox 3570 2507 3665 2561; x_wconf 77' lang='grc' dir='ltr'>καὶ</span> 
     </span>
    </p>
   </div>
   <div class='ocr_carea' id='block_1_86' title="bbox 2104 2600 3666 2674">
    <p class='ocr_par' dir='ltr' id='par_1_86' title="bbox 2104 2600 3666 2674">
     <span class='ocr_line' id='line_1_86' title="bbox 2104 2600 3666 2674; baseline -0.002 -17"><span class='ocrx_word' id='word_1_625' title='bbox 2104 2605 2247 2659; x_wconf 89' lang='grc' dir='ltr'>κατὰ</span> <span class='ocrx_word' id='word_1_626' title='bbox 2286 2604 2441 2657; x_wconf 88' lang='grc' dir='ltr'>τοῦτο</span> <span class='ocrx_word' id='word_1_627' title='bbox 2467 2605 2672 2666; x_wconf 82' lang='grc' dir='ltr'>δίκαιος</span> <span class='ocrx_word' id='word_1_628' title='bbox 2703 2601 2767 2656; x_wconf 86' lang='grc' dir='ltr'>ἂν</span> <span class='ocrx_word' id='word_1_629' title='bbox 2798 2603 2880 2674; x_wconf 81' lang='grc' dir='ltr'>εἰη</span> <span class='ocrx_word' id='word_1_630' title='bbox 2919 2601 3226 2656; x_wconf 84' lang='grc' dir='ltr'>ἀπολαῦσαι</span> <span class='ocrx_word' id='word_1_631' title='bbox 3249 2602 3417 2671; x_wconf 86' lang='grc' dir='ltr'>τιμῆς</span> <span class='ocrx_word' id='word_1_632' title='bbox 3446 2600 3666 2672; x_wconf 86' lang='grc' dir='ltr'>πολλῆς,</span> 
     </span>
    </p>
   </div>
   <div class='ocr_carea' id='block_1_87' title="bbox 2101 2690 3672 2768">
    <p class='ocr_par' dir='ltr' id='par_1_87' title="bbox 2101 2690 3672 2768">
     <span class='ocr_line' id='line_1_87' title="bbox 2101 2690 3672 2768; baseline -0.004 -18"><span class='ocrx_word' id='word_1_633' title='bbox 2101 2698 2182 2750; x_wconf 86' lang='grc' dir='ltr'>ὅτι</span> <span class='ocrx_word' id='word_1_634' title='bbox 2207 2698 2342 2767; x_wconf 85' lang='grc' dir='ltr'>ὅπερ</span> <span class='ocrx_word' id='word_1_635' title='bbox 2366 2696 2532 2768; x_wconf 82' lang='grc' dir='ltr'>ἐχρῆν</span> <span class='ocrx_word' id='word_1_636' title='bbox 2563 2696 2767 2757; x_wconf 85' lang='grc' dir='ltr'>πάντας</span> <span class='ocrx_word' id='word_1_637' title='bbox 2790 2697 3032 2764; x_wconf 84' lang='grc' dir='ltr'>ποιῆσαι,</span> <span class='ocrx_word' id='word_1_638' title='bbox 3064 2692 3222 2746; x_wconf 81' lang='grc' dir='ltr'>τοῦτο</span> <span class='ocrx_word' id='word_1_639' title='bbox 3245 2691 3479 2762; x_wconf 77' lang='grc' dir='ltr'>ἔπραξεν</span> <span class='ocrx_word' id='word_1_640' title='bbox 3509 2690 3672 2756; x_wconf 83' lang='grc' dir='ltr'>αὐτὸς</span> 
     </span>
    </p>
   </div>
   <div class='ocr_carea' id='block_1_88' title="bbox 2103 2780 3671 2858">
    <p class='ocr_par' dir='ltr' id='par_1_88' title="bbox 2103 2780 3671 2858">
     <span class='ocr_line' id='line_1_88' title="bbox 2103 2780 3671 2858; baseline -0.004 -16"><span class='ocrx_word' id='word_1_641' title='bbox 2103 2788 2242 2858; x_wconf 84' lang='grc' dir='ltr'>ὑπὲρ</span> <span class='ocrx_word' id='word_1_642' title='bbox 2267 2788 2437 2857; x_wconf 86' lang='grc' dir='ltr'>ὑμῶν.</span> <span class='ocrx_word' id='word_1_643' title='bbox 2465 2788 2575 2840; x_wconf 69' lang='grc' dir='ltr'>Καὶ</span> <span class='ocrx_word' id='word_1_644' title='bbox 2603 2786 2837 2839; x_wconf 86' lang='grc' dir='ltr'>δείκνυσι</span> <span class='ocrx_word' id='word_1_645' title='bbox 2863 2785 2956 2838; x_wconf 76' lang='grc' dir='ltr'>καὶ</span> <span class='ocrx_word' id='word_1_646' title='bbox 2984 2784 3208 2856; x_wconf 84' lang='grc' dir='ltr'>πρώτην</span> <span class='ocrx_word' id='word_1_647' title='bbox 3237 2780 3401 2838; x_wconf 77' lang='grc' dir='ltr'>οὖσαν</span> <span class='ocrx_word' id='word_1_648' title='bbox 3431 2784 3671 2855; x_wconf 88' lang='grc' dir='ltr'>λειτουρ-</span> 
     </span>
    </p>
   </div>
   <div class='ocr_carea' id='block_1_89' title="bbox 2102 2876 3671 2951">
    <p class='ocr_par' dir='ltr' id='par_1_89' title="bbox 2102 2876 3671 2951">
     <span class='ocr_line' id='line_1_89' title="bbox 2102 2876 3671 2951; baseline -0.003 -18"><span class='ocrx_word' id='word_1_649' title='bbox 2102 2881 2237 2949; x_wconf 78' lang='grc' dir='ltr'>γίαν</span> <span class='ocrx_word' id='word_1_650' title='bbox 2255 2880 2406 2951; x_wconf 87' lang='grc' dir='ltr'>παρὰ</span> <span class='ocrx_word' id='word_1_651' title='bbox 2423 2880 2529 2935; x_wconf 86' lang='grc' dir='ltr'>τῶν</span> <span class='ocrx_word' id='word_1_652' title='bbox 2559 2882 2618 2932; x_wconf 89' lang='grc' dir='ltr'>ἐν</span> <span class='ocrx_word' id='word_1_653' title='bbox 2641 2878 2908 2949; x_wconf 78' lang='grc' dir='ltr'>ἀσφαλείᾳ</span> <span class='ocrx_word' id='word_1_654' title='bbox 2936 2881 3046 2941; x_wconf 91' lang='grc' dir='ltr'>τοῖς</span> <span class='ocrx_word' id='word_1_655' title='bbox 3067 2876 3455 2932; x_wconf 88' lang='grc' dir='ltr'>κινδυνεύουσι·</span> <span class='ocrx_word' id='word_1_656' title='bbox 3475 2876 3543 2930; x_wconf 88' lang='grc' dir='ltr'>Τὸ</span> <span class='ocrx_word' id='word_1_657' title='bbox 3565 2876 3671 2948; x_wconf 84' lang='grc' dir='ltr'>γὰρ</span> 
     </span>
    </p>
   </div>
   <div class='ocr_carea' id='block_1_90' title="bbox 2102 2965 3673 3041">
    <p class='ocr_par' dir='ltr' id='par_1_90' title="bbox 2102 2965 3673 3041">
     <span class='ocr_line' id='line_1_90' title="bbox 2102 2965 3673 3041; baseline -0.004 -16"><span class='ocrx_word' id='word_1_658' title='bbox 2102 2972 2411 3041; x_wconf 83' lang='grc' dir='ltr'>ὑστέρημα</span> <span class='ocrx_word' id='word_1_659' title='bbox 2431 2970 2541 3039; x_wconf 80' lang='grc' dir='ltr'>τῆς</span> <span class='ocrx_word' id='word_1_660' title='bbox 2575 2970 2947 3039; x_wconf 60' lang='grc' dir='ltr'>λειτουργίας</span> <span class='ocrx_word' id='word_1_661' title='bbox 2975 2968 3148 3032; x_wconf 86' lang='grc' dir='ltr'>οῦτως</span> <span class='ocrx_word' id='word_1_662' title='bbox 3178 2968 3413 3040; x_wconf 74' lang='grc' dir='ltr'>εἴρηται,</span> <span class='ocrx_word' id='word_1_663' title='bbox 3436 2966 3511 3029; x_wconf 86' lang='grc' dir='ltr'>ὼς</span> <span class='ocrx_word' id='word_1_664' title='bbox 3537 2965 3673 3037; x_wconf 80' lang='grc' dir='ltr'>πρὸς</span> 
     </span>
    </p>
   </div>
   <div class='ocr_carea' id='block_1_91' title="bbox 2103 3058 3673 3131">
    <p class='ocr_par' dir='ltr' id='par_1_91' title="bbox 2103 3058 3673 3131">
     <span class='ocr_line' id='line_1_91' title="bbox 2103 3058 3673 3131; baseline -0.002 -17"><span class='ocrx_word' id='word_1_665' title='bbox 2103 3061 2339 3130; x_wconf 89' lang='grc' dir='ltr'>ἐκείνην.</span> <span class='ocrx_word' id='word_1_666' title='bbox 2404 3061 2564 3130; x_wconf 81' lang='grc' dir='ltr'>Ὁρᾷς</span> <span class='ocrx_word' id='word_1_667' title='bbox 2610 3061 2863 3131; x_wconf 89' lang='grc' dir='ltr'>φρόνημα</span> <span class='ocrx_word' id='word_1_668' title='bbox 2917 3059 3305 3127; x_wconf 87' lang='grc' dir='ltr'>ἀποστολικόν;</span> <span class='ocrx_word' id='word_1_669' title='bbox 3363 3058 3533 3111; x_wconf 87' lang='grc' dir='ltr'>Τοῦτο</span> <span class='ocrx_word' id='word_1_670' title='bbox 3572 3058 3673 3111; x_wconf 84' lang='grc' dir='ltr'>οὐκ</span> 
     </span>
    </p>
   </div>
   <div class='ocr_carea' id='block_1_92' title="bbox 2102 3147 3664 3219">
    <p class='ocr_par' dir='ltr' id='par_1_92' title="bbox 2102 3147 3664 3219">
     <span class='ocr_line' id='line_1_92' title="bbox 2102 3147 3664 3219; baseline 0.002 -19"><span class='ocrx_word' id='word_1_671' title='bbox 2102 3147 2163 3211; x_wconf 75' lang='grc' dir='ltr'>ἐξ</span> <span class='ocrx_word' id='word_1_672' title='bbox 2193 3148 2450 3211; x_wconf 87' lang='grc' dir='ltr'>ἀπονοίας</span> <span class='ocrx_word' id='word_1_673' title='bbox 2487 3148 2719 3216; x_wconf 87' lang='grc' dir='ltr'>γίνεται,</span> <span class='ocrx_word' id='word_1_674' title='bbox 2751 3148 2887 3203; x_wconf 88' lang='grc' dir='ltr'>ἀλλά</span> <span class='ocrx_word' id='word_1_675' title='bbox 2924 3149 3032 3202; x_wconf 86' lang='grc' dir='ltr'>ἀπὸ</span> <span class='ocrx_word' id='word_1_676' title='bbox 3080 3149 3280 3219; x_wconf 83' lang='grc' dir='ltr'>πολλῆς</span> <span class='ocrx_word' id='word_1_677' title='bbox 3316 3148 3664 3219; x_wconf 86' lang='grc' dir='ltr'>κηδεμονίας.</span> 
     </span>
    </p>
   </div>
   <div class='ocr_carea' id='block_1_93' title="bbox 2105 3236 3674 3309">
    <p class='ocr_par' dir='ltr' id='par_1_93' title="bbox 2105 3236 3674 3309">
     <span class='ocr_line' id='line_1_93' title="bbox 2105 3236 3674 3309; baseline 0 -18"><span class='ocrx_word' id='word_1_678' title='bbox 2105 3237 2224 3291; x_wconf 86' lang='grc' dir='ltr'>’Ὶνα</span> <span class='ocrx_word' id='word_1_679' title='bbox 2242 3237 2349 3308; x_wconf 78' lang='grc' dir='ltr'>γὰρ</span> <span class='ocrx_word' id='word_1_680' title='bbox 2377 3237 2451 3308; x_wconf 86' lang='grc' dir='ltr'>μὴ</span> <span class='ocrx_word' id='word_1_681' title='bbox 2468 3237 2822 3309; x_wconf 86' lang='grc' dir='ltr'>ἐπαίρωνται,</span> <span class='ocrx_word' id='word_1_682' title='bbox 2843 3236 2979 3291; x_wconf 88' lang='grc' dir='ltr'>ἀλλὰ</span> <span class='ocrx_word' id='word_1_683' title='bbox 2997 3236 3351 3309; x_wconf 73' lang='grc' dir='ltr'>μετριάζωσι,</span> <span class='ocrx_word' id='word_1_684' title='bbox 3380 3238 3513 3308; x_wconf 81' lang='grc' dir='ltr'>μηδὲ</span> <span class='ocrx_word' id='word_1_685' title='bbox 3533 3238 3674 3307; x_wconf 84' lang='grc' dir='ltr'>μέγα</span> 
     </span>
    </p>
   </div>
   <div class='ocr_carea' id='block_1_94' title="bbox 2103 3327 3663 3401">
    <p class='ocr_par' dir='ltr' id='par_1_94' title="bbox 2103 3327 3663 3401">
     <span class='ocr_line' id='line_1_94' title="bbox 2103 3327 3663 3401; baseline -0.001 -19"><span class='ocrx_word' id='word_1_686' title='bbox 2103 3346 2155 3383; x_wconf 88' lang='grc' dir='ltr'>τι</span> <span class='ocrx_word' id='word_1_687' title='bbox 2224 3329 2628 3401; x_wconf 88' lang='grc' dir='ltr'>παρεσχηκέναι</span> <span class='ocrx_word' id='word_1_688' title='bbox 2678 3327 2991 3400; x_wconf 77' lang='grc' dir='ltr'>νομίζωσιν,</span> <span class='ocrx_word' id='word_1_689' title='bbox 3071 3329 3207 3382; x_wconf 83' lang='grc' dir='ltr'>ἀλλά</span> <span class='ocrx_word' id='word_1_690' title='bbox 3274 3328 3663 3393; x_wconf 83' lang='grc' dir='ltr'>ταπεινῶνται,</span> 
     </span>
    </p>
   </div>
   <div class='ocr_carea' id='block_1_95' title="bbox 2104 3419 3672 3494">
    <p class='ocr_par' dir='ltr' id='par_1_95' title="bbox 2104 3419 3672 3494">
     <span class='ocr_line' id='line_1_95' title="bbox 2104 3419 3672 3494; baseline 0 -19"><span class='ocrx_word' id='word_1_691' title='bbox 2104 3422 2446 3494; x_wconf 89' lang='grc' dir='ltr'>λειτουργίαν</span> <span class='ocrx_word' id='word_1_692' title='bbox 2494 3420 2554 3474; x_wconf 86' lang='grc' dir='ltr'>τὸ</span> <span class='ocrx_word' id='word_1_693' title='bbox 2594 3422 2827 3493; x_wconf 83' lang='grc' dir='ltr'>πρᾶγμα</span> <span class='ocrx_word' id='word_1_694' title='bbox 2884 3420 3040 3474; x_wconf 88' lang='grc' dir='ltr'>καλεῖ</span> <span class='ocrx_word' id='word_1_695' title='bbox 3079 3420 3174 3474; x_wconf 77' lang='grc' dir='ltr'>καὶ</span> <span class='ocrx_word' id='word_1_696' title='bbox 3217 3419 3527 3490; x_wconf 84' lang='grc' dir='ltr'>ὑστέρημα.</span> <span class='ocrx_word' id='word_1_697' title='bbox 3578 3420 3672 3493; x_wconf 71' lang='grc' dir='ltr'>Μὴ</span> 
     </span>
    </p>
   </div>
   <div class='ocr_carea' id='block_1_96' title="bbox 2102 3510 3676 3584">
    <p class='ocr_par' dir='ltr' id='par_1_96' title="bbox 2102 3510 3676 3584">
     <span class='ocr_line' id='line_1_96' title="bbox 2102 3510 3676 3584; baseline -0.001 -18"><span class='ocrx_word' id='word_1_698' title='bbox 2102 3512 2285 3566; x_wconf 87' lang='grc' dir='ltr'>τοίνυν</span> <span class='ocrx_word' id='word_1_699' title='bbox 2313 3512 2446 3583; x_wconf 83' lang='grc' dir='ltr'>μηδὲ</span> <span class='ocrx_word' id='word_1_700' title='bbox 2476 3514 2639 3582; x_wconf 87' lang='grc' dir='ltr'>ἡμεῖς</span> <span class='ocrx_word' id='word_1_701' title='bbox 2674 3514 2818 3582; x_wconf 86' lang='grc' dir='ltr'>μέγα</span> <span class='ocrx_word' id='word_1_702' title='bbox 2851 3510 3158 3583; x_wconf 86' lang='grc' dir='ltr'>φρονῶμεν,</span> <span class='ocrx_word' id='word_1_703' title='bbox 3192 3511 3308 3573; x_wconf 88' lang='grc' dir='ltr'>τοῖς</span> <span class='ocrx_word' id='word_1_704' title='bbox 3332 3511 3506 3578; x_wconf 87' lang='grc' dir='ltr'>ἁγίοις</span> <span class='ocrx_word' id='word_1_705' title='bbox 3534 3527 3676 3584; x_wconf 70' lang='grc' dir='ltr'>παρ⁸</span> 
     </span>
    </p>
   </div>
   <div class='ocr_carea' id='block_1_97' title="bbox 2104 3600 3672 3675">
    <p class='ocr_par' dir='ltr' id='par_1_97' title="bbox 2104 3600 3672 3675">
     <span class='ocr_line' id='line_1_97' title="bbox 2104 3600 3672 3675; baseline -0.002 -17"><span class='ocrx_word' id='word_1_706' title='bbox 2104 3606 2341 3675; x_wconf 81' lang='grc' dir='ltr'>έχοντες,</span> <span class='ocrx_word' id='word_1_707' title='bbox 2380 3604 2515 3675; x_wconf 88' lang='grc' dir='ltr'>μηδέ</span> <span class='ocrx_word' id='word_1_708' title='bbox 2552 3602 2871 3674; x_wconf 76' lang='grc' dir='ltr'>χαρίζεσθαι</span> <span class='ocrx_word' id='word_1_709' title='bbox 2901 3603 3086 3665; x_wconf 82' lang='grc' dir='ltr'>αὐτοῖς</span> <span class='ocrx_word' id='word_1_710' title='bbox 3128 3603 3185 3656; x_wconf 87' lang='grc' dir='ltr'>ἐν</span> <span class='ocrx_word' id='word_1_711' title='bbox 3223 3601 3398 3672; x_wconf 88' lang='grc' dir='ltr'>τούτῳ</span> <span class='ocrx_word' id='word_1_712' title='bbox 3433 3600 3672 3671; x_wconf 78' lang='grc' dir='ltr'>νομίζω-</span> 
     </span>
    </p>
   </div>
   <div class='ocr_carea' id='block_1_98' title="bbox 2107 3691 3670 3766">
    <p class='ocr_par' dir='ltr' id='par_1_98' title="bbox 2107 3691 3670 3766">
     <span class='ocr_line' id='line_1_98' title="bbox 2107 3691 3670 3766; baseline -0.002 -18"><span class='ocrx_word' id='word_1_713' title='bbox 2107 3712 2206 3766; x_wconf 90' lang='grc' dir='ltr'>μεν</span> <span class='ocrx_word' id='word_1_714' title='bbox 2228 3712 2243 3726; x_wconf 87' lang='grc'><strong>·</strong></span> <span class='ocrx_word' id='word_1_715' title='bbox 2280 3694 2375 3749; x_wconf 75' lang='grc' dir='ltr'>καὶ</span> <span class='ocrx_word' id='word_1_716' title='bbox 2412 3695 2521 3765; x_wconf 85' lang='grc' dir='ltr'>γὰρ</span> <span class='ocrx_word' id='word_1_717' title='bbox 2571 3693 2847 3764; x_wconf 85' lang='grc' dir='ltr'>ὀφείλεται</span> <span class='ocrx_word' id='word_1_718' title='bbox 2888 3696 2999 3757; x_wconf 88' lang='grc' dir='ltr'>τοῖς</span> <span class='ocrx_word' id='word_1_719' title='bbox 3032 3693 3205 3760; x_wconf 84' lang='grc' dir='ltr'>ἁγίοις</span> <span class='ocrx_word' id='word_1_720' title='bbox 3252 3695 3382 3764; x_wconf 74' lang='grc' dir='ltr'>παρ’</span> <span class='ocrx_word' id='word_1_721' title='bbox 3424 3693 3582 3764; x_wconf 78' lang='grc' dir='ltr'>ἡμῶν</span> <span class='ocrx_word' id='word_1_722' title='bbox 3608 3691 3670 3746; x_wconf 78' lang='grc' dir='ltr'>τὸ</span> 
     </span>
    </p>
   </div>
   <div class='ocr_carea' id='block_1_99' title="bbox 2103 3781 3673 3858">
    <p class='ocr_par' dir='ltr' id='par_1_99' title="bbox 2103 3781 3673 3858">
     <span class='ocr_line' id='line_1_99' title="bbox 2103 3781 3673 3858; baseline -0.004 -17"><span class='ocrx_word' id='word_1_723' title='bbox 2103 3788 2359 3858; x_wconf 81' lang='grc' dir='ltr'>πρᾶγμα,</span> <span class='ocrx_word' id='word_1_724' title='bbox 2395 3786 2490 3840; x_wconf 76' lang='grc' dir='ltr'>καὶ</span> <span class='ocrx_word' id='word_1_725' title='bbox 2513 3785 2663 3839; x_wconf 79' lang='grc' dir='ltr'>οῦδὲν</span> <span class='ocrx_word' id='word_1_726' title='bbox 2708 3786 2891 3849; x_wconf 77' lang='grc' dir='ltr'>αὐτοῖς</span> <span class='ocrx_word' id='word_1_727' title='bbox 2922 3782 3279 3855; x_wconf 77' lang='grc' dir='ltr'>χαριζόμεθα.</span> <span class='ocrx_word' id='word_1_728' title='bbox 3308 3784 3519 3853; x_wconf 82' lang='grc' dir='ltr'>Ὠσπερ</span> <span class='ocrx_word' id='word_1_729' title='bbox 3560 3781 3673 3853; x_wconf 74' lang='grc' dir='ltr'>γὰρ</span> 
     </span>
    </p>
   </div>
   <div class='ocr_carea' id='block_1_100' title="bbox 2103 3872 3667 3949">
    <p class='ocr_par' dir='ltr' id='par_1_100' title="bbox 2103 3872 3667 3949">
     <span class='ocr_line' id='line_1_100' title="bbox 2103 3872 3667 3949; baseline -0.004 -16"><span class='ocrx_word' id='word_1_730' title='bbox 2103 3882 2215 3943; x_wconf 88' lang='grc' dir='ltr'>τοῖς</span> <span class='ocrx_word' id='word_1_731' title='bbox 2248 3879 2307 3932; x_wconf 85' lang='grc' dir='ltr'>ἐν</span> <span class='ocrx_word' id='word_1_732' title='bbox 2335 3876 2681 3949; x_wconf 87' lang='grc' dir='ltr'>στρατοπέδῳ</span> <span class='ocrx_word' id='word_1_733' title='bbox 2710 3876 2906 3929; x_wconf 79' lang='grc' dir='ltr'>ἑστῶσι</span> <span class='ocrx_word' id='word_1_734' title='bbox 2933 3876 3029 3929; x_wconf 82' lang='grc' dir='ltr'>καὶ</span> <span class='ocrx_word' id='word_1_735' title='bbox 3054 3873 3347 3945; x_wconf 89' lang='grc' dir='ltr'>πολεμοῦσι</span> <span class='ocrx_word' id='word_1_736' title='bbox 3380 3874 3532 3946; x_wconf 84' lang='grc' dir='ltr'>παρά</span> <span class='ocrx_word' id='word_1_737' title='bbox 3555 3872 3667 3927; x_wconf 88' lang='grc' dir='ltr'>τῶν</span> 
     </span>
    </p>
   </div>
   <div class='ocr_carea' id='block_1_101' title="bbox 2104 3963 3672 4041">
    <p class='ocr_par' dir='ltr' id='par_1_101' title="bbox 2104 3963 3672 4041">
     <span class='ocr_line' id='line_1_101' title="bbox 2104 3963 3672 4041; baseline -0.002 -19"><span class='ocrx_word' id='word_1_738' title='bbox 2104 3970 2162 4022; x_wconf 85' lang='grc' dir='ltr'>ἐν</span> <span class='ocrx_word' id='word_1_739' title='bbox 2189 3969 2377 4041; x_wconf 80' lang='grc' dir='ltr'>εἰρήνῃ</span> <span class='ocrx_word' id='word_1_740' title='bbox 2406 3967 2577 4021; x_wconf 74' lang='grc' dir='ltr'>ὄντων</span> <span class='ocrx_word' id='word_1_741' title='bbox 2619 3968 2715 4020; x_wconf 80' lang='grc' dir='ltr'>καὶ</span> <span class='ocrx_word' id='word_1_742' title='bbox 2766 3966 2841 4037; x_wconf 81' lang='grc' dir='ltr'>μὴ</span> <span class='ocrx_word' id='word_1_743' title='bbox 2869 3965 3249 4034; x_wconf 89' lang='grc' dir='ltr'>πολεμούντων</span> <span class='ocrx_word' id='word_1_744' title='bbox 3296 3964 3569 4034; x_wconf 83' lang='grc' dir='ltr'>ὀφείλεται</span> <span class='ocrx_word' id='word_1_745' title='bbox 3601 3963 3672 4019; x_wconf 77' lang='grc' dir='ltr'>τὰ</span> 
     </span>
    </p>
   </div>
   <div class='ocr_carea' id='block_1_102' title="bbox 2102 4050 3672 4131">
    <p class='ocr_par' dir='ltr' id='par_1_102' title="bbox 2102 4050 3672 4131">
     <span class='ocr_line' id='line_1_102' title="bbox 2102 4050 3672 4131; baseline -0.003 -18"><span class='ocrx_word' id='word_1_746' title='bbox 2102 4060 2411 4131; x_wconf 83' lang='grc' dir='ltr'>τελέσματα</span> <span class='ocrx_word' id='word_1_747' title='bbox 2434 4059 2597 4130; x_wconf 79' lang='grc' dir='ltr'>(ὑπὲρ</span> <span class='ocrx_word' id='word_1_748' title='bbox 2615 4058 2724 4129; x_wconf 83' lang='grc' dir='ltr'>γὰρ</span> <span class='ocrx_word' id='word_1_749' title='bbox 2746 4056 2969 4111; x_wconf 83' lang='grc' dir='ltr'>ἐκείνων</span> <span class='ocrx_word' id='word_1_750' title='bbox 3001 4056 3294 4126; x_wconf 77' lang='grc' dir='ltr'>ἑστήκασιν</span> <span class='ocrx_word' id='word_1_751' title='bbox 3314 4050 3503 4125; x_wconf 79' lang='grc' dir='ltr'>οῦτοι),</span> <span class='ocrx_word' id='word_1_752' title='bbox 3524 4053 3672 4108; x_wconf 77' lang='grc' dir='ltr'>οὕτω</span> 
     </span>
    </p>
   </div>
   <div class='ocr_carea' id='block_1_103' title="bbox 2104 4144 3675 4220">
    <p class='ocr_par' dir='ltr' id='par_1_103' title="bbox 2104 4144 3675 4220">
     <span class='ocr_line' id='line_1_103' title="bbox 2104 4144 3675 4220; baseline -0.004 -16"><span class='ocrx_word' id='word_1_753' title='bbox 2104 4151 2200 4204; x_wconf 70' lang='grc' dir='ltr'>καὶ</span> <span class='ocrx_word' id='word_1_754' title='bbox 2224 4149 2480 4205; x_wconf 85' lang='grc' dir='ltr'>ἐνταῦθα.</span> <span class='ocrx_word' id='word_1_755' title='bbox 2508 4149 2571 4202; x_wconf 86' lang='grc' dir='ltr'>Εἰ</span> <span class='ocrx_word' id='word_1_756' title='bbox 2603 4148 2680 4220; x_wconf 83' lang='grc' dir='ltr'>μὴ</span> <span class='ocrx_word' id='word_1_757' title='bbox 2708 4148 2816 4220; x_wconf 85' lang='grc' dir='ltr'>γὰρ</span> <span class='ocrx_word' id='word_1_758' title='bbox 2849 4147 3125 4201; x_wconf 86' lang='grc' dir='ltr'>ἐδίδασκεν</span> <span class='ocrx_word' id='word_1_759' title='bbox 3155 4146 3185 4197; x_wconf 85' lang='grc' dir='ltr'>ὁ</span> <span class='ocrx_word' id='word_1_760' title='bbox 3230 4144 3461 4208; x_wconf 89' lang='grc' dir='ltr'>Παῦλος,</span> <span class='ocrx_word' id='word_1_761' title='bbox 3496 4144 3580 4207; x_wconf 90' lang='grc' dir='ltr'>τίς</span> <span class='ocrx_word' id='word_1_762' title='bbox 3607 4144 3675 4197; x_wconf 81' lang='grc' dir='ltr'>ἂν</span> 
     </span>
    </p>
   </div>
   <div class='ocr_carea' id='block_1_104' title="bbox 2104 4235 3674 4309">
    <p class='ocr_par' dir='ltr' id='par_1_104' title="bbox 2104 4235 3674 4309">
     <span class='ocr_line' id='line_1_104' title="bbox 2104 4235 3674 4309; baseline -0.004 -15"><span class='ocrx_word' id='word_1_763' title='bbox 2104 4240 2267 4295; x_wconf 79' lang='grc' dir='ltr'>αὐτὸν</span> <span class='ocrx_word' id='word_1_764' title='bbox 2293 4241 2414 4293; x_wconf 83' lang='grc' dir='ltr'>τότε</span> <span class='ocrx_word' id='word_1_765' title='bbox 2442 4240 2696 4293; x_wconf 86' lang='grc' dir='ltr'>ἐνέϐαλεν</span> <span class='ocrx_word' id='word_1_766' title='bbox 2724 4241 2803 4303; x_wconf 91' lang='grc' dir='ltr'>εἰς</span> <span class='ocrx_word' id='word_1_767' title='bbox 2831 4238 3203 4309; x_wconf 83' lang='grc' dir='ltr'>δεσμωτήριον</span> <span class='ocrx_word' id='word_1_768' title='bbox 3224 4253 3238 4303; x_wconf 89' lang='grc'><strong>;</strong></span> <span class='ocrx_word' id='word_1_769' title='bbox 3256 4236 3416 4288; x_wconf 84' lang='grc' dir='ltr'>Ὥστε</span> <span class='ocrx_word' id='word_1_770' title='bbox 3433 4235 3674 4305; x_wconf 84' lang='grc' dir='ltr'>λειτουρ-</span> 
     </span>
    </p>
   </div>
   <div class='ocr_carea' id='block_1_105' title="bbox 2105 4326 3673 4403">
    <p class='ocr_par' dir='ltr' id='par_1_105' title="bbox 2105 4326 3673 4403">
     <span class='ocr_line' id='line_1_105' title="bbox 2105 4326 3673 4403; baseline -0.004 -18"><span class='ocrx_word' id='word_1_771' title='bbox 2105 4333 2221 4401; x_wconf 86' lang='grc' dir='ltr'>γεῖν</span> <span class='ocrx_word' id='word_1_772' title='bbox 2243 4329 2395 4403; x_wconf 70' lang='grc'><strong>[269]</strong></span> <span class='ocrx_word' id='word_1_773' title='bbox 2426 4331 2532 4402; x_wconf 83' lang='grc' dir='ltr'>χρὴ</span> <span class='ocrx_word' id='word_1_774' title='bbox 2569 4332 2683 4394; x_wconf 86' lang='grc' dir='ltr'>τοῖς</span> <span class='ocrx_word' id='word_1_775' title='bbox 2713 4330 2908 4397; x_wconf 89' lang='grc' dir='ltr'>ἁγίοις.</span> <span class='ocrx_word' id='word_1_776' title='bbox 2944 4328 3071 4391; x_wconf 87' lang='grc' dir='ltr'>Πῶς</span> <span class='ocrx_word' id='word_1_777' title='bbox 3096 4327 3205 4398; x_wconf 84' lang='grc' dir='ltr'>γὰρ</span> <span class='ocrx_word' id='word_1_778' title='bbox 3242 4327 3342 4379; x_wconf 77' lang='grc' dir='ltr'>οὐκ</span> <span class='ocrx_word' id='word_1_779' title='bbox 3360 4326 3560 4380; x_wconf 86' lang='grc' dir='ltr'>ἄτοπον</span> <span class='ocrx_word' id='word_1_780' title='bbox 3592 4326 3673 4397; x_wconf 80' lang='grc' dir='ltr'>τῷ</span> 
     </span>
    </p>
   </div>
   <div class='ocr_carea' id='block_1_106' title="bbox 2108 4418 3673 4497">
    <p class='ocr_par' dir='ltr' id='par_1_106' title="bbox 2108 4418 3673 4497">
     <span class='ocr_line' id='line_1_106' title="bbox 2108 4418 3673 4497; baseline -0.003 -20"><span class='ocrx_word' id='word_1_781' title='bbox 2108 4426 2208 4497; x_wconf 91' lang='grc' dir='ltr'>μὲν</span> <span class='ocrx_word' id='word_1_782' title='bbox 2248 4422 2661 4494; x_wconf 87' lang='grc' dir='ltr'>στρατευομένῳ</span> <span class='ocrx_word' id='word_1_783' title='bbox 2690 4421 2898 4492; x_wconf 89' lang='grc' dir='ltr'>βασιλεῖ</span> <span class='ocrx_word' id='word_1_784' title='bbox 2919 4423 2997 4491; x_wconf 88' lang='grc' dir='ltr'>τῷ</span> <span class='ocrx_word' id='word_1_785' title='bbox 3024 4422 3252 4490; x_wconf 85' lang='grc' dir='ltr'>ἐπιγείῳ</span> <span class='ocrx_word' id='word_1_786' title='bbox 3288 4418 3463 4472; x_wconf 85' lang='grc' dir='ltr'>πάντα</span> <span class='ocrx_word' id='word_1_787' title='bbox 3488 4418 3673 4487; x_wconf 72' lang='grc' dir='ltr'>εἰσφέ-</span> 
     </span>
    </p>
   </div>
   <div class='ocr_carea' id='block_1_107' title="bbox 2108 4509 3671 4589">
    <p class='ocr_par' dir='ltr' id='par_1_107' title="bbox 2108 4509 3671 4589">
     <span class='ocr_line' id='line_1_107' title="bbox 2108 4509 3671 4589; baseline -0.004 -20"><span class='ocrx_word' id='word_1_788' title='bbox 2108 4534 2244 4589; x_wconf 90' lang='grc' dir='ltr'>ρειν,</span> <span class='ocrx_word' id='word_1_789' title='bbox 2286 4517 2378 4569; x_wconf 77' lang='grc' dir='ltr'>καὶ</span> <span class='ocrx_word' id='word_1_790' title='bbox 2415 4514 2690 4586; x_wconf 86' lang='grc' dir='ltr'>ἐνδύματα</span> <span class='ocrx_word' id='word_1_791' title='bbox 2714 4513 2808 4567; x_wconf 75' lang='grc' dir='ltr'>καὶ</span> <span class='ocrx_word' id='word_1_792' title='bbox 2838 4513 3065 4586; x_wconf 85' lang='grc' dir='ltr'>τροφὰς,</span> <span class='ocrx_word' id='word_1_793' title='bbox 3097 4514 3158 4565; x_wconf 79' lang='grc' dir='ltr'>οὐ</span> <span class='ocrx_word' id='word_1_794' title='bbox 3179 4512 3319 4565; x_wconf 87' lang='grc' dir='ltr'>κατά</span> <span class='ocrx_word' id='word_1_795' title='bbox 3350 4510 3448 4582; x_wconf 80' lang='grc' dir='ltr'>τὴν</span> <span class='ocrx_word' id='word_1_796' title='bbox 3480 4509 3671 4582; x_wconf 89' lang='grc' dir='ltr'>χρείαν</span> 
     </span>
    </p>
   </div>
   <div class='ocr_carea' id='block_1_108' title="bbox 2110 4602 3675 4679">
    <p class='ocr_par' dir='ltr' id='par_1_108' title="bbox 2110 4602 3675 4679">
     <span class='ocr_line' id='line_1_108' title="bbox 2110 4602 3675 4679; baseline -0.005 -17"><span class='ocrx_word' id='word_1_797' title='bbox 2110 4609 2291 4679; x_wconf 89' lang='grc' dir='ltr'>μόνον,</span> <span class='ocrx_word' id='word_1_798' title='bbox 2324 4607 2459 4662; x_wconf 86' lang='grc' dir='ltr'>ἀλλά</span> <span class='ocrx_word' id='word_1_799' title='bbox 2482 4607 2739 4661; x_wconf 79' lang='grc' dir='ltr'>καὶκατὰ</span> <span class='ocrx_word' id='word_1_800' title='bbox 2770 4604 2870 4677; x_wconf 81' lang='grc' dir='ltr'>τὴν</span> <span class='ocrx_word' id='word_1_801' title='bbox 2914 4604 3255 4676; x_wconf 87' lang='grc' dir='ltr'>περιουσίαν,</span> <span class='ocrx_word' id='word_1_802' title='bbox 3288 4602 3367 4674; x_wconf 86' lang='grc' dir='ltr'>τῷ</span> <span class='ocrx_word' id='word_1_803' title='bbox 3406 4602 3462 4655; x_wconf 79' lang='grc' dir='ltr'>δὲ</span> <span class='ocrx_word' id='word_1_804' title='bbox 3510 4618 3675 4673; x_wconf 75' lang='grc' dir='ltr'>στρα-</span> 
     </span>
    </p>
   </div>
   <div class='ocr_carea' id='block_1_109' title="bbox 2104 4690 3666 4768">
    <p class='ocr_par' dir='ltr' id='par_1_109' title="bbox 2104 4690 3666 4768">
     <span class='ocr_line' id='line_1_109' title="bbox 2104 4690 3666 4768; baseline -0.005 -17"><span class='ocrx_word' id='word_1_805' title='bbox 2104 4697 2379 4768; x_wconf 85' lang='grc' dir='ltr'>τευομένῳ</span> <span class='ocrx_word' id='word_1_806' title='bbox 2412 4696 2619 4767; x_wconf 84' lang='grc' dir='ltr'>βασιλεῖ</span> <span class='ocrx_word' id='word_1_807' title='bbox 2647 4695 2724 4767; x_wconf 84' lang='grc' dir='ltr'>τῷ</span> <span class='ocrx_word' id='word_1_808' title='bbox 2754 4694 3087 4766; x_wconf 85' lang='grc' dir='ltr'>ἐπουρανίῳ,</span> <span class='ocrx_word' id='word_1_809' title='bbox 3118 4694 3214 4747; x_wconf 67' lang='grc' dir='ltr'>καὶ</span> <span class='ocrx_word' id='word_1_810' title='bbox 3250 4690 3666 4762; x_wconf 80' lang='grc' dir='ltr'>παραταττομέ-</span> 
     </span>
    </p>
   </div>
   <div class='ocr_carea' id='block_1_110' title="bbox 2105 4782 3675 4860">
    <p class='ocr_par' dir='ltr' id='par_1_110' title="bbox 2105 4782 3675 4860">
     <span class='ocr_line' id='line_1_110' title="bbox 2105 4782 3675 4860; baseline -0.001 -18"><span class='ocrx_word' id='word_1_811' title='bbox 2105 4805 2181 4860; x_wconf 88' lang='grc' dir='ltr'>νῳ</span> <span class='ocrx_word' id='word_1_812' title='bbox 2205 4788 2343 4860; x_wconf 84' lang='grc' dir='ltr'>πρὸς</span> <span class='ocrx_word' id='word_1_813' title='bbox 2370 4788 2550 4858; x_wconf 84' lang='grc' dir='ltr'>πολλῷ</span> <span class='ocrx_word' id='word_1_814' title='bbox 2588 4786 3003 4859; x_wconf 89' lang='grc' dir='ltr'>χαλεπωτέρους</span> <span class='ocrx_word' id='word_1_815' title='bbox 3050 4785 3154 4857; x_wconf 83' lang='grc' dir='ltr'>(Ἡ</span> <span class='ocrx_word' id='word_1_816' title='bbox 3188 4784 3350 4850; x_wconf 83' lang='grc' dir='ltr'>πάλη</span> <span class='ocrx_word' id='word_1_817' title='bbox 3394 4782 3525 4851; x_wconf 75' lang='grc' dir='ltr'>γὰρ,</span> <span class='ocrx_word' id='word_1_818' title='bbox 3570 4799 3675 4851; x_wconf 82' lang='grc' dir='ltr'>φη-</span> 
     </span>
    </p>
   </div>
   <div class='ocr_carea' id='block_1_111' title="bbox 2107 4875 3674 4950">
    <p class='ocr_par' dir='ltr' id='par_1_111' title="bbox 2107 4875 3674 4950">
     <span class='ocr_line' id='line_1_111' title="bbox 2107 4875 3674 4950; baseline -0.006 -14"><span class='ocrx_word' id='word_1_819' title='bbox 2107 4883 2210 4948; x_wconf 83' lang='grc' dir='ltr'>σὶν,</span> <span class='ocrx_word' id='word_1_820' title='bbox 2239 4883 2310 4936; x_wconf 84' lang='grc' dir='ltr'>οὐ</span> <span class='ocrx_word' id='word_1_821' title='bbox 2333 4882 2482 4950; x_wconf 83' lang='grc' dir='ltr'>πρὸς</span> <span class='ocrx_word' id='word_1_822' title='bbox 2511 4876 2654 4949; x_wconf 78' lang='grc' dir='ltr'>αἷμα</span> <span class='ocrx_word' id='word_1_823' title='bbox 2685 4879 2784 4933; x_wconf 79' lang='grc' dir='ltr'>καὶ</span> <span class='ocrx_word' id='word_1_824' title='bbox 2809 4878 3052 4949; x_wconf 81' lang='grc' dir='ltr'>σάρκα),</span> <span class='ocrx_word' id='word_1_825' title='bbox 3083 4877 3218 4947; x_wconf 82' lang='grc' dir='ltr'>μηδέ</span> <span class='ocrx_word' id='word_1_826' title='bbox 3250 4875 3349 4948; x_wconf 79' lang='grc' dir='ltr'>τὴν</span> <span class='ocrx_word' id='word_1_827' title='bbox 3369 4875 3674 4944; x_wconf 83' lang='grc' dir='ltr'>ἀναγκαίαν</span> 
     </span>
    </p>
   </div>
   <div class='ocr_carea' id='block_1_112' title="bbox 2104 4964 3666 5044">
    <p class='ocr_par' dir='ltr' id='par_1_112' title="bbox 2104 4964 3666 5044">
     <span class='ocr_line' id='line_1_112' title="bbox 2104 4964 3666 5044; baseline -0.004 -19"><span class='ocrx_word' id='word_1_828' title='bbox 2104 4972 2292 5044; x_wconf 85' lang='grc' dir='ltr'>χρείαν</span> <span class='ocrx_word' id='word_1_829' title='bbox 2329 4973 2619 5042; x_wconf 88' lang='grc' dir='ltr'>χορηγεῖν;</span> <span class='ocrx_word' id='word_1_830' title='bbox 2651 4972 2823 5041; x_wconf 88' lang='grc' dir='ltr'>πόσης</span> <span class='ocrx_word' id='word_1_831' title='bbox 2849 4968 3263 5040; x_wconf 87' lang='grc' dir='ltr'>ἀγνωμοσύνης,</span> <span class='ocrx_word' id='word_1_832' title='bbox 3300 4966 3473 5037; x_wconf 87' lang='grc' dir='ltr'>πόσης</span> <span class='ocrx_word' id='word_1_833' title='bbox 3508 4964 3666 5019; x_wconf 86' lang='grc' dir='ltr'>τοῦτο</span> 
     </span>
    </p>
   </div>
   <div class='ocr_carea' id='block_1_113' title="bbox 2108 5060 3079 5137">
    <p class='ocr_par' dir='ltr' id='par_1_113' title="bbox 2108 5060 3079 5137">
     <span class='ocr_line' id='line_1_113' title="bbox 2108 5060 3079 5137; baseline 0.005 -19"><span class='ocrx_word' id='word_1_834' title='bbox 2108 5064 2451 5137; x_wconf 87' lang='grc' dir='ltr'>ἀχαριστίας,</span> <span class='ocrx_word' id='word_1_835' title='bbox 2492 5063 2664 5134; x_wconf 87' lang='grc' dir='ltr'>πόσης</span> <span class='ocrx_word' id='word_1_836' title='bbox 2698 5060 3079 5133; x_wconf 70' lang='grc' dir='ltr'>μικρολογίαςς</span> 
     </span>
    </p>
   </div>
   <div class='ocr_carea' id='block_1_114' title="bbox 2175 5142 3673 5218">
    <p class='ocr_par' dir='ltr' id='par_1_114' title="bbox 2175 5142 3673 5218">
     <span class='ocr_line' id='line_1_114' title="bbox 2175 5142 3673 5218; baseline -0.008 -10"><span class='ocrx_word' id='word_1_837' title='bbox 2175 5152 2415 5217; x_wconf 82' lang='grc' dir='ltr'>δ’.Ἀλλ’,</span> <span class='ocrx_word' id='word_1_838' title='bbox 2450 5154 2525 5216; x_wconf 86' lang='grc' dir='ltr'>ὡς</span> <span class='ocrx_word' id='word_1_839' title='bbox 2555 5151 2719 5218; x_wconf 75' lang='grc' dir='ltr'>ἔοικε,</span> <span class='ocrx_word' id='word_1_840' title='bbox 2752 5151 2914 5205; x_wconf 90' lang='grc' dir='ltr'>πλέον</span> <span class='ocrx_word' id='word_1_841' title='bbox 2952 5152 2980 5203; x_wconf 89' lang='grc' dir='ltr'><strong>ὀ</strong></span> <span class='ocrx_word' id='word_1_842' title='bbox 3024 5150 3132 5203; x_wconf 91' lang='grc' dir='ltr'>τῶν</span> <span class='ocrx_word' id='word_1_843' title='bbox 3156 5146 3459 5216; x_wconf 86' lang='grc' dir='ltr'>ἀνθρώπων</span> <span class='ocrx_word' id='word_1_844' title='bbox 3499 5142 3673 5215; x_wconf 80' lang='grc' dir='ltr'>ἰσχύει</span> 
     </span>
    </p>
   </div>
   <div class='ocr_carea' id='block_1_115' title="bbox 2106 5235 3677 5317">
    <p class='ocr_par' dir='ltr' id='par_1_115' title="bbox 2106 5235 3677 5317">
     <span class='ocr_line' id='line_1_115' title="bbox 2106 5235 3677 5317; baseline -0.006 -17"><span class='ocrx_word' id='word_1_845' title='bbox 2106 5246 2268 5317; x_wconf 87' lang='grc' dir='ltr'>φόϐος</span> <span class='ocrx_word' id='word_1_846' title='bbox 2284 5264 2358 5299; x_wconf 89' lang='grc' dir='ltr'>πα</span> <span class='ocrx_word' id='word_1_847' title='bbox 2367 5248 2410 5317; x_wconf 79' lang='grc' dir='ltr'>ρ’</span> <span class='ocrx_word' id='word_1_848' title='bbox 2433 5248 2565 5315; x_wconf 84' lang='grc' dir='ltr'>ἡμῖν</span> <span class='ocrx_word' id='word_1_849' title='bbox 2584 5245 2684 5314; x_wconf 82' lang='grc' dir='ltr'>τῆς</span> <span class='ocrx_word' id='word_1_850' title='bbox 2704 5244 2929 5313; x_wconf 85' lang='grc' dir='ltr'>γεέννης</span> <span class='ocrx_word' id='word_1_851' title='bbox 2949 5242 3045 5295; x_wconf 75' lang='grc' dir='ltr'>καὶ</span> <span class='ocrx_word' id='word_1_852' title='bbox 3059 5240 3166 5293; x_wconf 88' lang='grc' dir='ltr'>τῶν</span> <span class='ocrx_word' id='word_1_853' title='bbox 3190 5236 3496 5310; x_wconf 85' lang='grc' dir='ltr'>μελλουσῶν</span> <span class='ocrx_word' id='word_1_854' title='bbox 3521 5235 3677 5291; x_wconf 86' lang='grc' dir='ltr'>κολά-</span> 
     </span>
    </p>
   </div>
   <div class='ocr_carea' id='block_1_116' title="bbox 2108 5327 3675 5408">
    <p class='ocr_par' dir='ltr' id='par_1_116' title="bbox 2108 5327 3675 5408">
     <span class='ocr_line' id='line_1_116' title="bbox 2108 5327 3675 5408; baseline -0.007 -16"><span class='ocrx_word' id='word_1_855' title='bbox 2108 5356 2265 5392; x_wconf 89' lang='grc' dir='ltr'>σεων.</span> <span class='ocrx_word' id='word_1_856' title='bbox 2290 5340 2388 5392; x_wconf 84' lang='grc' dir='ltr'>Διά</span> <span class='ocrx_word' id='word_1_857' title='bbox 2417 5337 2481 5408; x_wconf 83' lang='grc' dir='ltr'>δὴ</span> <span class='ocrx_word' id='word_1_858' title='bbox 2506 5336 2666 5389; x_wconf 86' lang='grc' dir='ltr'>τοῦτο</span> <span class='ocrx_word' id='word_1_859' title='bbox 2694 5336 2872 5389; x_wconf 81' lang='grc' dir='ltr'>πάντα</span> <span class='ocrx_word' id='word_1_860' title='bbox 2901 5333 3319 5404; x_wconf 85' lang='grc' dir='ltr'>ἀνατέτραπται,</span> <span class='ocrx_word' id='word_1_861' title='bbox 3360 5332 3442 5384; x_wconf 83' lang='grc' dir='ltr'>ὅτι</span> <span class='ocrx_word' id='word_1_862' title='bbox 3476 5328 3543 5382; x_wconf 83' lang='grc' dir='ltr'>τὰ</span> <span class='ocrx_word' id='word_1_863' title='bbox 3576 5327 3675 5399; x_wconf 78' lang='grc' dir='ltr'>μὲν</span> 
     </span>
    </p>
   </div>
   <div class='ocr_carea' id='block_1_117' title="bbox 2107 5418 3672 5502">
    <p class='ocr_par' dir='ltr' id='par_1_117' title="bbox 2107 5418 3672 5502">
     <span class='ocr_line' id='line_1_117' title="bbox 2107 5418 3672 5502; baseline -0.008 -17"><span class='ocrx_word' id='word_1_864' title='bbox 2107 5430 2358 5485; x_wconf 87' lang='grc' dir='ltr'>πολιτικὰ</span> <span class='ocrx_word' id='word_1_865' title='bbox 2384 5431 2682 5502; x_wconf 88' lang='grc' dir='ltr'>πράγματα</span> <span class='ocrx_word' id='word_1_866' title='bbox 2706 5427 2843 5498; x_wconf 88' lang='grc' dir='ltr'>μετὰ</span> <span class='ocrx_word' id='word_1_867' title='bbox 2866 5426 3065 5496; x_wconf 85' lang='grc' dir='ltr'>πολλῆς</span> <span class='ocrx_word' id='word_1_868' title='bbox 3087 5426 3186 5494; x_wconf 80' lang='grc' dir='ltr'>τῆς</span> <span class='ocrx_word' id='word_1_869' title='bbox 3217 5421 3526 5493; x_wconf 86' lang='grc' dir='ltr'>έντρεχείας</span> <span class='ocrx_word' id='word_1_870' title='bbox 3549 5418 3672 5473; x_wconf 88' lang='grc' dir='ltr'>καθ’</span> 
     </span>
    </p>
   </div>
   <div class='ocr_carea' id='block_1_118' title="bbox 2109 5509 3671 5594">
    <p class='ocr_par' dir='ltr' id='par_1_118' title="bbox 2109 5509 3671 5594">
     <span class='ocr_line' id='line_1_118' title="bbox 2109 5509 3671 5594; baseline -0.009 -18"><span class='ocrx_word' id='word_1_871' title='bbox 2109 5523 2346 5593; x_wconf 76' lang='grc' dir='ltr'>ἑκάστην</span> <span class='ocrx_word' id='word_1_872' title='bbox 2374 5522 2588 5594; x_wconf 85' lang='grc' dir='ltr'>ἡμέραν</span> <span class='ocrx_word' id='word_1_873' title='bbox 2625 5519 2866 5583; x_wconf 86' lang='grc' dir='ltr'>ἀνύεται,</span> <span class='ocrx_word' id='word_1_874' title='bbox 2903 5517 2998 5571; x_wconf 73' lang='grc' dir='ltr'>καὶ</span> <span class='ocrx_word' id='word_1_875' title='bbox 3022 5513 3364 5583; x_wconf 86' lang='grc' dir='ltr'>ἐλλειφθῆναι</span> <span class='ocrx_word' id='word_1_876' title='bbox 3408 5513 3509 5565; x_wconf 81' lang='grc' dir='ltr'>οὐκ</span> <span class='ocrx_word' id='word_1_877' title='bbox 3555 5509 3671 5563; x_wconf 76' lang='grc' dir='ltr'>ἐνιο</span> 
     </span>
    </p>
   </div>
   <div class='ocr_carea' id='block_1_119' title="bbox 2106 5599 3674 5684">
    <p class='ocr_par' dir='ltr' id='par_1_119' title="bbox 2106 5599 3674 5684">
     <span class='ocr_line' id='line_1_119' title="bbox 2106 5599 3674 5684; baseline -0.011 -13"><span class='ocrx_word' id='word_1_878' title='bbox 2106 5616 2216 5671; x_wconf 84' lang='grc' dir='ltr'>τῶν</span> <span class='ocrx_word' id='word_1_879' title='bbox 2245 5614 2302 5669; x_wconf 87' lang='grc' dir='ltr'>δέ</span> <span class='ocrx_word' id='word_1_880' title='bbox 2337 5612 2716 5684; x_wconf 85' lang='grc' dir='ltr'>πνευματικῶν</span> <span class='ocrx_word' id='word_1_881' title='bbox 2746 5609 2921 5672; x_wconf 70' lang='grc' dir='ltr'>οὐδεὶς</span> <span class='ocrx_word' id='word_1_882' title='bbox 2951 5606 3184 5677; x_wconf 81' lang='grc' dir='ltr'>οὐδαμοῦ</span> <span class='ocrx_word' id='word_1_883' title='bbox 3213 5606 3370 5673; x_wconf 90' lang='grc' dir='ltr'>λόγος</span> <span class='ocrx_word' id='word_1_884' title='bbox 3391 5620 3404 5634; x_wconf 80' lang='grc'><em>’</em></span> <span class='ocrx_word' id='word_1_885' title='bbox 3436 5601 3572 5657; x_wconf 85' lang='grc' dir='ltr'>ἀλλὰ</span> <span class='ocrx_word' id='word_1_886' title='bbox 3605 5599 3674 5654; x_wconf 74' lang='grc' dir='ltr'>τὰ</span> 
     </span>
    </p>
   </div>
   <div class='ocr_carea' id='block_1_120' title="bbox 2111 5691 3669 5780">
    <p class='ocr_par' dir='ltr' id='par_1_120' title="bbox 2111 5691 3669 5780">
     <span class='ocr_line' id='line_1_120' title="bbox 2111 5691 3669 5780; baseline -0.013 -18"><span class='ocrx_word' id='word_1_887' title='bbox 2111 5709 2208 5780; x_wconf 79' lang='grc' dir='ltr'>μὲν</span> <span class='ocrx_word' id='word_1_888' title='bbox 2233 5708 2349 5778; x_wconf 85' lang='grc' dir='ltr'>μετ’</span> <span class='ocrx_word' id='word_1_889' title='bbox 2382 5706 2624 5776; x_wconf 86' lang='grc' dir='ltr'>ἀνάγκης</span> <span class='ocrx_word' id='word_1_890' title='bbox 2644 5701 3019 5771; x_wconf 87' lang='grc' dir='ltr'>ἀπαιτούμενα</span> <span class='ocrx_word' id='word_1_891' title='bbox 3040 5698 3132 5751; x_wconf 74' lang='grc' dir='ltr'>καὶ</span> <span class='ocrx_word' id='word_1_892' title='bbox 3162 5696 3431 5766; x_wconf 84' lang='grc' dir='ltr'>βασάνων,</span> <span class='ocrx_word' id='word_1_893' title='bbox 3467 5693 3563 5746; x_wconf 75' lang='grc' dir='ltr'>καὶ</span> <span class='ocrx_word' id='word_1_894' title='bbox 3592 5691 3669 5753; x_wconf 88' lang='grc' dir='ltr'>ὡς</span> 
     </span>
    </p>
   </div>
   <div class='ocr_carea' id='block_1_121' title="bbox 2114 5782 3672 5874">
    <p class='ocr_par' dir='ltr' id='par_1_121' title="bbox 2114 5782 3672 5874">
     <span class='ocr_line' id='line_1_121' title="bbox 2114 5782 3672 5874; baseline -0.014 -17"><span class='ocrx_word' id='word_1_895' title='bbox 2114 5800 2265 5874; x_wconf 85' lang='grc' dir='ltr'>παρὰ</span> <span class='ocrx_word' id='word_1_896' title='bbox 2285 5799 2485 5855; x_wconf 87' lang='grc' dir='ltr'>δούλων</span> <span class='ocrx_word' id='word_1_897' title='bbox 2512 5799 2606 5852; x_wconf 64' lang='grc' dir='ltr'>καὶ</span> <span class='ocrx_word' id='word_1_898' title='bbox 2636 5795 2897 5861; x_wconf 84' lang='grc' dir='ltr'>ἀκόντων,</span> <span class='ocrx_word' id='word_1_899' title='bbox 2924 5790 3269 5848; x_wconf 84' lang='grc' dir='ltr'>κατατίθεται</span> <span class='ocrx_word' id='word_1_900' title='bbox 3309 5784 3446 5859; x_wconf 83' lang='grc' dir='ltr'>μετά</span> <span class='ocrx_word' id='word_1_901' title='bbox 3474 5782 3672 5853; x_wconf 83' lang='grc' dir='ltr'>πολλῆς</span> 
     </span>
    </p>
   </div>
  </div>
