  <div class='ocr_page' id='page_1' title='image "/cluster/home/n/w/nwhite01/storage/ocr_20150623/62/nnc1.0046979654/256.png"; bbox 0 0 4108 6410; ppageno 0'>
   <div class='ocr_carea' id='block_1_1' title="bbox 410 344 517 401">
    <p class='ocr_par' dir='ltr' id='par_1_1' title="bbox 410 344 517 401">
     <span class='ocr_line' id='line_1_1' title="bbox 410 344 517 401; baseline 0.019 -2"><span class='ocrx_word' id='word_1_1' title='bbox 410 344 517 401; x_wconf 66' lang='grc'><strong>249</strong></span> 
     </span>
    </p>
   </div>
   <div class='ocr_carea' id='block_1_2' title="bbox 407 448 1976 524">
    <p class='ocr_par' dir='ltr' id='par_1_2' title="bbox 407 448 1976 524">
     <span class='ocr_line' id='line_1_2' title="bbox 407 448 1976 524; baseline -0.009 -9"><span class='ocrx_word' id='word_1_2' title='bbox 407 461 562 515; x_wconf 77' lang='lat' dir='ltr'><strong>faciat</strong></span> <span class='ocrx_word' id='word_1_3' title='bbox 586 455 836 510; x_wconf 91' lang='lat' dir='ltr'><strong>ostendit.</strong></span> <span class='ocrx_word' id='word_1_4' title='bbox 865 454 957 511; x_wconf 74' lang='lat'><strong>28.</strong></span> <span class='ocrx_word' id='word_1_5' title='bbox 999 452 1348 508; x_wconf 82' lang='lat' dir='ltr'><strong>Festinantius</strong></span> <span class='ocrx_word' id='word_1_6' title='bbox 1368 462 1485 524; x_wconf 80' lang='lat' dir='ltr'><strong>ergo</strong></span> <span class='ocrx_word' id='word_1_7' title='bbox 1508 452 1623 505; x_wconf 86' lang='lat' dir='ltr'><strong>misi</strong></span> <span class='ocrx_word' id='word_1_8' title='bbox 1642 448 1809 504; x_wconf 88' lang='lat' dir='ltr'><strong>illum.</strong></span> <span class='ocrx_word' id='word_1_9' title='bbox 1836 448 1976 515; x_wconf 84' lang='lat' dir='ltr'><strong>Quid</strong></span> 
     </span>
    </p>
   </div>
   <div class='ocr_carea' id='block_1_3' title="bbox 403 542 1973 614">
    <p class='ocr_par' dir='ltr' id='par_1_3' title="bbox 403 542 1973 614">
     <span class='ocr_line' id='line_1_3' title="bbox 403 542 1973 614; baseline -0.006 -10"><span class='ocrx_word' id='word_1_10' title='bbox 403 560 523 614; x_wconf 81' lang='lat' dir='ltr'><strong>est,</strong></span> <span class='ocrx_word' id='word_1_11' title='bbox 556 547 946 603; x_wconf 83' lang='lat' dir='ltr'><strong>Festinantius?</strong></span> <span class='ocrx_word' id='word_1_12' title='bbox 979 546 1106 601; x_wconf 86' lang='lat' dir='ltr'><strong>Sine</strong></span> <span class='ocrx_word' id='word_1_13' title='bbox 1134 546 1507 609; x_wconf 89' lang='lat' dir='ltr'><strong>cunctatione,</strong></span> <span class='ocrx_word' id='word_1_14' title='bbox 1551 542 1696 598; x_wconf 91' lang='lat' dir='ltr'><strong>nulla</strong></span> <span class='ocrx_word' id='word_1_15' title='bbox 1734 542 1973 612; x_wconf 87' lang='lat' dir='ltr'><strong>interpo-</strong></span> 
     </span>
    </p>
   </div>
   <div class='ocr_carea' id='block_1_4' title="bbox 406 632 1977 705">
    <p class='ocr_par' dir='ltr' id='par_1_4' title="bbox 406 632 1977 705">
     <span class='ocr_line' id='line_1_4' title="bbox 406 632 1977 705; baseline -0.006 -10"><span class='ocrx_word' id='word_1_16' title='bbox 406 642 505 696; x_wconf 89' lang='lat' dir='ltr'><strong>sita</strong></span> <span class='ocrx_word' id='word_1_17' title='bbox 529 652 679 693; x_wconf 89' lang='lat' dir='ltr'><strong>mora</strong></span> <span class='ocrx_word' id='word_1_18' title='bbox 695 679 708 700; x_wconf 90' lang='lat'><strong>,</strong></span> <span class='ocrx_word' id='word_1_19' title='bbox 729 636 922 705; x_wconf 90' lang='lat' dir='ltr'><strong>jubens</strong></span> <span class='ocrx_word' id='word_1_20' title='bbox 943 636 1120 691; x_wconf 85' lang='lat' dir='ltr'><strong>omnia</strong></span> <span class='ocrx_word' id='word_1_21' title='bbox 1148 648 1496 704; x_wconf 68' lang='lat' dir='ltr'><strong>quaecumque</strong></span> <span class='ocrx_word' id='word_1_22' title='bbox 1514 632 1731 689; x_wconf 87' lang='lat' dir='ltr'><strong>obstent</strong></span> <span class='ocrx_word' id='word_1_23' title='bbox 1756 632 1977 688; x_wconf 89' lang='lat' dir='ltr'><strong>vincen-</strong></span> 
     </span>
    </p>
   </div>
   <div class='ocr_carea' id='block_1_5' title="bbox 406 723 1980 800">
    <p class='ocr_par' dir='ltr' id='par_1_5' title="bbox 406 723 1980 800">
     <span class='ocr_line' id='line_1_5' title="bbox 406 723 1980 800; baseline -0.005 -13"><span class='ocrx_word' id='word_1_24' title='bbox 406 742 550 796; x_wconf 91' lang='lat' dir='ltr'><strong>tem,</strong></span> <span class='ocrx_word' id='word_1_25' title='bbox 581 744 737 800; x_wconf 89' lang='lat' dir='ltr'><strong>quam</strong></span> <span class='ocrx_word' id='word_1_26' title='bbox 766 728 1023 783; x_wconf 73' lang='lat' dir='ltr'><strong>citissime</strong></span> <span class='ocrx_word' id='word_1_27' title='bbox 1047 726 1114 782; x_wconf 92' lang='lat' dir='ltr'><strong>ad</strong></span> <span class='ocrx_word' id='word_1_28' title='bbox 1142 740 1239 780; x_wconf 91' lang='lat' dir='ltr'><strong>vos</strong></span> <span class='ocrx_word' id='word_1_29' title='bbox 1260 726 1471 790; x_wconf 91' lang='lat' dir='ltr'><strong>venire,</strong></span> <span class='ocrx_word' id='word_1_30' title='bbox 1501 732 1561 778; x_wconf 93' lang='lat' dir='ltr'><strong>ut</strong></span> <span class='ocrx_word' id='word_1_31' title='bbox 1586 740 1819 781; x_wconf 74' lang='lat' dir='ltr'><strong>maerore</strong></span> <span class='ocrx_word' id='word_1_32' title='bbox 1846 723 1980 779; x_wconf 90' lang='lat' dir='ltr'><strong>libe-</strong></span> 
     </span>
    </p>
   </div>
   <div class='ocr_carea' id='block_1_6' title="bbox 406 815 1975 889">
    <p class='ocr_par' dir='ltr' id='par_1_6' title="bbox 406 815 1975 889">
     <span class='ocr_line' id='line_1_6' title="bbox 406 815 1975 889; baseline -0.009 -9"><span class='ocrx_word' id='word_1_33' title='bbox 406 834 509 880; x_wconf 92' lang='lat' dir='ltr'><strong>ret.</strong></span> <span class='ocrx_word' id='word_1_34' title='bbox 538 822 651 877; x_wconf 88' lang='lat' dir='ltr'><strong>Non</strong></span> <span class='ocrx_word' id='word_1_35' title='bbox 675 821 817 875; x_wconf 91' lang='lat' dir='ltr'><strong>enim</strong></span> <span class='ocrx_word' id='word_1_36' title='bbox 841 819 887 874; x_wconf 88' lang='lat' dir='ltr'><strong>si</strong></span> <span class='ocrx_word' id='word_1_37' title='bbox 916 832 1012 874; x_wconf 91' lang='lat' dir='ltr'><strong>eos</strong></span> <span class='ocrx_word' id='word_1_38' title='bbox 1034 832 1170 889; x_wconf 89' lang='lat' dir='ltr'><strong>quos</strong></span> <span class='ocrx_word' id='word_1_39' title='bbox 1194 831 1435 871; x_wconf 90' lang='lat' dir='ltr'><strong>amamus</strong></span> <span class='ocrx_word' id='word_1_40' title='bbox 1467 817 1652 873; x_wconf 89' lang='lat' dir='ltr'><strong>valere</strong></span> <span class='ocrx_word' id='word_1_41' title='bbox 1678 815 1975 879; x_wconf 82' lang='lat' dir='ltr'><strong>audiamus,</strong></span> 
     </span>
    </p>
   </div>
   <div class='ocr_carea' id='block_1_7' title="bbox 406 906 1978 988">
    <p class='ocr_par' dir='ltr' id='par_1_7' title="bbox 406 906 1978 988">
     <span class='ocr_line' id='line_1_7' title="bbox 406 906 1978 988; baseline -0.008 -15"><span class='ocrx_word' id='word_1_42' title='bbox 406 931 561 988; x_wconf 64' lang='lat' dir='ltr'><strong>mque</strong></span> <span class='ocrx_word' id='word_1_43' title='bbox 601 917 846 971; x_wconf 70' lang='lat' dir='ltr'><strong>Iaatamur</strong></span> <span class='ocrx_word' id='word_1_44' title='bbox 891 927 955 967; x_wconf 87' lang='lat' dir='ltr'><strong>ac</strong></span> <span class='ocrx_word' id='word_1_45' title='bbox 1008 912 1053 966; x_wconf 97' lang='lat' dir='ltr'><strong>si</strong></span> <span class='ocrx_word' id='word_1_46' title='bbox 1102 910 1411 975; x_wconf 89' lang='lat' dir='ltr'><strong>videamus,</strong></span> <span class='ocrx_word' id='word_1_47' title='bbox 1453 911 1792 979; x_wconf 80' lang='lat' dir='ltr'><strong>maximeque</strong></span> <span class='ocrx_word' id='word_1_48' title='bbox 1835 907 1881 962; x_wconf 86' lang='lat' dir='ltr'><strong>si</strong></span> <span class='ocrx_word' id='word_1_49' title='bbox 1926 906 1978 961; x_wconf 98' lang='lat' dir='ltr'><strong>id</strong></span> 
     </span>
    </p>
   </div>
   <div class='ocr_carea' id='block_1_8' title="bbox 407 998 1980 1080">
    <p class='ocr_par' dir='ltr' id='par_1_8' title="bbox 407 998 1980 1080">
     <span class='ocr_line' id='line_1_8' title="bbox 407 998 1980 1080; baseline -0.008 -17"><span class='ocrx_word' id='word_1_50' title='bbox 407 1019 601 1080; x_wconf 63' lang='lat' dir='ltr'><strong>praeter</strong></span> <span class='ocrx_word' id='word_1_51' title='bbox 640 1022 791 1077; x_wconf 87' lang='lat' dir='ltr'><strong>spem</strong></span> <span class='ocrx_word' id='word_1_52' title='bbox 828 1004 1066 1068; x_wconf 76' lang='lat' dir='ltr'><strong>eveniat,</strong></span> <span class='ocrx_word' id='word_1_53' title='bbox 1108 1000 1556 1073; x_wconf 84' lang='lat' dir='ltr'><strong>quemadmodum</strong></span> <span class='ocrx_word' id='word_1_54' title='bbox 1598 1009 1724 1056; x_wconf 92' lang='lat' dir='ltr'><strong>tunc</strong></span> <span class='ocrx_word' id='word_1_55' title='bbox 1750 1000 1801 1055; x_wconf 91' lang='lat' dir='ltr'><strong>in</strong></span> <span class='ocrx_word' id='word_1_56' title='bbox 1840 998 1980 1067; x_wconf 88' lang='lat' dir='ltr'><strong>Epa-</strong></span> 
     </span>
    </p>
   </div>
   <div class='ocr_carea' id='block_1_9' title="bbox 410 1090 1981 1171">
    <p class='ocr_par' dir='ltr' id='par_1_9' title="bbox 410 1090 1981 1171">
     <span class='ocr_line' id='line_1_9' title="bbox 410 1090 1981 1171; baseline -0.006 -17"><span class='ocrx_word' id='word_1_57' title='bbox 410 1099 660 1171; x_wconf 88' lang='lat' dir='ltr'><strong>phrodito</strong></span> <span class='ocrx_word' id='word_1_58' title='bbox 706 1103 983 1152; x_wconf 78' lang='lat' dir='ltr'><strong>evenerat.</strong></span> <span class='ocrx_word' id='word_1_59' title='bbox 1031 1094 1381 1151; x_wconf 83' lang='lat' dir='ltr'><strong>Festinantius</strong></span> <span class='ocrx_word' id='word_1_60' title='bbox 1419 1111 1576 1167; x_wconf 83' lang='lat' dir='ltr'><strong>ergo,</strong></span> <span class='ocrx_word' id='word_1_61' title='bbox 1619 1093 1826 1163; x_wconf 87' lang='lat' dir='ltr'><strong>inquit,</strong></span> <span class='ocrx_word' id='word_1_62' title='bbox 1867 1090 1981 1145; x_wconf 84' lang='lat' dir='ltr'><strong>misi</strong></span> 
     </span>
    </p>
   </div>
   <div class='ocr_carea' id='block_1_10' title="bbox 407 1184 1983 1263">
    <p class='ocr_par' dir='ltr' id='par_1_10' title="bbox 407 1184 1983 1263">
     <span class='ocr_line' id='line_1_10' title="bbox 407 1184 1983 1263; baseline -0.007 -16"><span class='ocrx_word' id='word_1_63' title='bbox 407 1194 555 1247; x_wconf 87' lang='lat' dir='ltr'><strong>illum</strong></span> <span class='ocrx_word' id='word_1_64' title='bbox 580 1208 598 1244; x_wconf 90' lang='lat'><strong><em>:</em></strong></span> <span class='ocrx_word' id='word_1_65' title='bbox 621 1203 676 1243; x_wconf 90' lang='lat' dir='ltr'><strong>ut</strong></span> <span class='ocrx_word' id='word_1_66' title='bbox 700 1191 806 1244; x_wconf 83' lang='lat' dir='ltr'><strong>viso</strong></span> <span class='ocrx_word' id='word_1_67' title='bbox 840 1205 896 1244; x_wconf 86' lang='lat' dir='ltr'><strong>eo</strong></span> <span class='ocrx_word' id='word_1_68' title='bbox 922 1190 1220 1263; x_wconf 71' lang='lat' dir='ltr'><strong>gaudeatis,</strong></span> <span class='ocrx_word' id='word_1_69' title='bbox 1248 1198 1295 1244; x_wconf 89' lang='lat' dir='ltr'><strong>et</strong></span> <span class='ocrx_word' id='word_1_70' title='bbox 1323 1204 1414 1259; x_wconf 85' lang='lat' dir='ltr'><strong>ego</strong></span> <span class='ocrx_word' id='word_1_71' title='bbox 1450 1188 1608 1258; x_wconf 87' lang='lat' dir='ltr'><strong>magis</strong></span> <span class='ocrx_word' id='word_1_72' title='bbox 1636 1186 1744 1240; x_wconf 92' lang='lat' dir='ltr'><strong>sine</strong></span> <span class='ocrx_word' id='word_1_73' title='bbox 1777 1184 1983 1239; x_wconf 76' lang='lat' dir='ltr'><strong>tristitia</strong></span> 
     </span>
    </p>
   </div>
   <div class='ocr_carea' id='block_1_11' title="bbox 409 1277 1982 1355">
    <p class='ocr_par' dir='ltr' id='par_1_11' title="bbox 409 1277 1982 1355">
     <span class='ocr_line' id='line_1_11' title="bbox 409 1277 1982 1355; baseline -0.007 -16"><span class='ocrx_word' id='word_1_74' title='bbox 409 1286 525 1339; x_wconf 89' lang='lat' dir='ltr'><strong>sim.</strong></span> <span class='ocrx_word' id='word_1_75' title='bbox 552 1281 833 1352; x_wconf 85' lang='lat' dir='ltr'><strong>Quomodo</strong></span> <span class='ocrx_word' id='word_1_76' title='bbox 861 1285 1029 1355; x_wconf 89' lang='lat' dir='ltr'><strong>magis</strong></span> <span class='ocrx_word' id='word_1_77' title='bbox 1066 1283 1183 1338; x_wconf 90' lang='lat' dir='ltr'><strong>sine</strong></span> <span class='ocrx_word' id='word_1_78' title='bbox 1236 1280 1488 1336; x_wconf 83' lang='lat' dir='ltr'><strong>tristitia?</strong></span> <span class='ocrx_word' id='word_1_79' title='bbox 1526 1278 1786 1349; x_wconf 87' lang='lat' dir='ltr'><strong>Quoniam</strong></span> <span class='ocrx_word' id='word_1_80' title='bbox 1816 1277 1862 1331; x_wconf 91' lang='lat' dir='ltr'><strong>si</strong></span> <span class='ocrx_word' id='word_1_81' title='bbox 1886 1289 1982 1329; x_wconf 91' lang='lat' dir='ltr'><strong>vos</strong></span> 
     </span>
    </p>
   </div>
   <div class='ocr_carea' id='block_1_12' title="bbox 408 1364 1980 1446">
    <p class='ocr_par' dir='ltr' id='par_1_12' title="bbox 408 1364 1980 1446">
     <span class='ocr_line' id='line_1_12' title="bbox 408 1364 1980 1446; baseline -0.008 -16"><span class='ocrx_word' id='word_1_82' title='bbox 408 1374 672 1446; x_wconf 77' lang='lat' dir='ltr'><strong>gaudetis,</strong></span> <span class='ocrx_word' id='word_1_83' title='bbox 695 1386 750 1433; x_wconf 94' lang='lat' dir='ltr'><strong>et</strong></span> <span class='ocrx_word' id='word_1_84' title='bbox 778 1391 876 1446; x_wconf 88' lang='lat' dir='ltr'><strong>ego</strong></span> <span class='ocrx_word' id='word_1_85' title='bbox 903 1373 1167 1445; x_wconf 75' lang='lat' dir='ltr'><strong>gaudebo,</strong></span> <span class='ocrx_word' id='word_1_86' title='bbox 1198 1381 1252 1428; x_wconf 91' lang='lat' dir='ltr'><strong>et</strong></span> <span class='ocrx_word' id='word_1_87' title='bbox 1272 1371 1358 1426; x_wconf 91' lang='lat' dir='ltr'><strong>hic</strong></span> <span class='ocrx_word' id='word_1_88' title='bbox 1379 1370 1495 1439; x_wconf 91' lang='lat' dir='ltr'><strong>ipse</strong></span> <span class='ocrx_word' id='word_1_89' title='bbox 1523 1369 1593 1425; x_wconf 91' lang='lat' dir='ltr'><strong>de</strong></span> <span class='ocrx_word' id='word_1_90' title='bbox 1616 1375 1797 1422; x_wconf 90' lang='lat' dir='ltr'><strong>nostra</strong></span> <span class='ocrx_word' id='word_1_91' title='bbox 1827 1364 1980 1421; x_wconf 88' lang='lat' dir='ltr'><strong>volu-</strong></span> 
     </span>
    </p>
   </div>
   <div class='ocr_carea' id='block_1_13' title="bbox 413 1455 1984 1541">
    <p class='ocr_par' dir='ltr' id='par_1_13' title="bbox 413 1455 1984 1541">
     <span class='ocr_line' id='line_1_13' title="bbox 413 1455 1984 1541; baseline -0.01 -16"><span class='ocrx_word' id='word_1_92' title='bbox 413 1480 557 1541; x_wconf 87' lang='lat' dir='ltr'><strong>ptate</strong></span> <span class='ocrx_word' id='word_1_93' title='bbox 581 1468 859 1540; x_wconf 88' lang='lat' dir='ltr'><strong>gaudebit,</strong></span> <span class='ocrx_word' id='word_1_94' title='bbox 889 1475 943 1521; x_wconf 89' lang='lat' dir='ltr'><strong>et</strong></span> <span class='ocrx_word' id='word_1_95' title='bbox 970 1480 1068 1535; x_wconf 79' lang='lat' dir='ltr'><strong>ego</strong></span> <span class='ocrx_word' id='word_1_96' title='bbox 1094 1480 1124 1518; x_wconf 92' lang='lat' dir='ltr'><strong>a</strong></span> <span class='ocrx_word' id='word_1_97' title='bbox 1148 1477 1383 1518; x_wconf 78' lang='lat' dir='ltr'><strong>maerore</strong></span> <span class='ocrx_word' id='word_1_98' title='bbox 1408 1460 1627 1515; x_wconf 82' lang='lat' dir='ltr'><strong>liberior</strong></span> <span class='ocrx_word' id='word_1_99' title='bbox 1654 1472 1768 1513; x_wconf 89' lang='lat' dir='ltr'><strong>ero.</strong></span> <span class='ocrx_word' id='word_1_100' title='bbox 1801 1455 1984 1526; x_wconf 86' lang='lat' dir='ltr'><strong>Neque</strong></span> 
     </span>
    </p>
   </div>
   <div class='ocr_carea' id='block_1_14' title="bbox 412 1550 1982 1636">
    <p class='ocr_par' dir='ltr' id='par_1_14' title="bbox 412 1550 1982 1636">
     <span class='ocr_line' id='line_1_14' title="bbox 412 1550 1982 1636; baseline -0.009 -21"><span class='ocrx_word' id='word_1_101' title='bbox 412 1561 575 1625; x_wconf 78' lang='lat' dir='ltr'><strong>dixit,</strong></span> <span class='ocrx_word' id='word_1_102' title='bbox 604 1560 733 1636; x_wconf 83' lang='lat' dir='ltr'><strong>Sine</strong></span> <span class='ocrx_word' id='word_1_103' title='bbox 761 1557 973 1612; x_wconf 88' lang='lat' dir='ltr'><strong>tristitia</strong></span> <span class='ocrx_word' id='word_1_104' title='bbox 994 1597 1008 1619; x_wconf 89' lang='lat'><strong>,</strong></span> <span class='ocrx_word' id='word_1_105' title='bbox 1043 1554 1137 1611; x_wconf 89' lang='lat' dir='ltr'><strong>sed</strong></span> <span class='ocrx_word' id='word_1_106' title='bbox 1158 1553 1368 1633; x_wconf 80' lang='lat' dir='ltr'><strong>,_Magis</strong></span> <span class='ocrx_word' id='word_1_107' title='bbox 1397 1552 1504 1606; x_wconf 90' lang='lat' dir='ltr'><strong>sine</strong></span> <span class='ocrx_word' id='word_1_108' title='bbox 1532 1550 1767 1613; x_wconf 79' lang='lat' dir='ltr'><strong>tristitia,</strong></span> <span class='ocrx_word' id='word_1_109' title='bbox 1799 1555 1860 1603; x_wconf 90' lang='lat' dir='ltr'><strong>ut</strong></span> <span class='ocrx_word' id='word_1_110' title='bbox 1886 1560 1982 1602; x_wconf 82' lang='lat' dir='ltr'><strong>os-</strong></span> 
     </span>
    </p>
   </div>
   <div class='ocr_carea' id='block_1_15' title="bbox 413 1647 1979 1718">
    <p class='ocr_par' dir='ltr' id='par_1_15' title="bbox 413 1647 1979 1718">
     <span class='ocr_line' id='line_1_15' title="bbox 413 1647 1979 1718; baseline -0.01 -11"><span class='ocrx_word' id='word_1_111' title='bbox 413 1652 599 1708; x_wconf 87' lang='lat' dir='ltr'><strong>tendat</strong></span> <span class='ocrx_word' id='word_1_112' title='bbox 616 1663 903 1718; x_wconf 84' lang='lat' dir='ltr'><strong>numquam</strong></span> <span class='ocrx_word' id='word_1_113' title='bbox 926 1647 1156 1700; x_wconf 90' lang='lat' dir='ltr'><strong>animam</strong></span> <span class='ocrx_word' id='word_1_114' title='bbox 1178 1659 1326 1697; x_wconf 89' lang='lat' dir='ltr'><strong>suam</strong></span> <span class='ocrx_word' id='word_1_115' title='bbox 1348 1657 1580 1698; x_wconf 75' lang='lat' dir='ltr'><strong>mterore</strong></span> <span class='ocrx_word' id='word_1_116' title='bbox 1599 1654 1818 1695; x_wconf 78' lang='lat' dir='ltr'><strong>vacuam</strong></span> <span class='ocrx_word' id='word_1_117' title='bbox 1838 1652 1979 1694; x_wconf 91' lang='lat' dir='ltr'><strong>esse.</strong></span> 
     </span>
    </p>
   </div>
   <div class='ocr_carea' id='block_1_16' title="bbox 412 1732 1984 1813">
    <p class='ocr_par' dir='ltr' id='par_1_16' title="bbox 412 1732 1984 1813">
     <span class='ocr_line' id='line_1_16' title="bbox 412 1732 1984 1813; baseline -0.006 -18"><span class='ocrx_word' id='word_1_118' title='bbox 412 1744 515 1813; x_wconf 85' lang='lat' dir='ltr'><strong>Qui</strong></span> <span class='ocrx_word' id='word_1_119' title='bbox 542 1743 683 1798; x_wconf 88' lang='lat' dir='ltr'><strong>enim</strong></span> <span class='ocrx_word' id='word_1_120' title='bbox 712 1745 785 1795; x_wconf 90' lang='lat' dir='ltr'><strong>ita</strong></span> <span class='ocrx_word' id='word_1_121' title='bbox 812 1740 968 1803; x_wconf 90' lang='lat' dir='ltr'><strong>dicit,</strong></span> <span class='ocrx_word' id='word_1_122' title='bbox 1004 1738 1128 1804; x_wconf 89' lang='lat' dir='ltr'><strong>Quis</strong></span> <span class='ocrx_word' id='word_1_123' title='bbox 1152 1738 1463 1806; x_wconf 81' lang='lat' dir='ltr'><strong>inﬁrmatur,</strong></span> <span class='ocrx_word' id='word_1_124' title='bbox 1502 1744 1550 1789; x_wconf 88' lang='lat' dir='ltr'><strong>et</strong></span> <span class='ocrx_word' id='word_1_125' title='bbox 1583 1750 1673 1805; x_wconf 87' lang='lat' dir='ltr'><strong>ego</strong></span> <span class='ocrx_word' id='word_1_126' title='bbox 1714 1749 1815 1787; x_wconf 86' lang='lat' dir='ltr'><strong>non</strong></span> <span class='ocrx_word' id='word_1_127' title='bbox 1838 1732 1984 1801; x_wconf 78' lang='lat' dir='ltr'><strong>inﬁr-</strong></span> 
     </span>
    </p>
   </div>
   <div class='ocr_carea' id='block_1_17' title="bbox 415 1824 1981 1905">
    <p class='ocr_par' dir='ltr' id='par_1_17' title="bbox 415 1824 1981 1905">
     <span class='ocr_line' id='line_1_17' title="bbox 415 1824 1981 1905; baseline -0.006 -15"><span class='ocrx_word' id='word_1_128' title='bbox 415 1836 568 1890; x_wconf 81' lang='lat' dir='ltr'><strong>mor?</strong></span> <span class='ocrx_word' id='word_1_129' title='bbox 595 1836 705 1905; x_wconf 88' lang='lat' dir='ltr'><strong>quis</strong></span> <span class='ocrx_word' id='word_1_130' title='bbox 747 1831 1141 1894; x_wconf 78' lang='lat' dir='ltr'><strong>scandalizatur,</strong></span> <span class='ocrx_word' id='word_1_131' title='bbox 1174 1839 1220 1883; x_wconf 90' lang='lat' dir='ltr'><strong>et</strong></span> <span class='ocrx_word' id='word_1_132' title='bbox 1244 1845 1334 1900; x_wconf 81' lang='lat' dir='ltr'><strong>ego</strong></span> <span class='ocrx_word' id='word_1_133' title='bbox 1363 1844 1466 1881; x_wconf 91' lang='lat' dir='ltr'><strong>non</strong></span> <span class='ocrx_word' id='word_1_134' title='bbox 1507 1843 1627 1881; x_wconf 90' lang='lat' dir='ltr'><strong>uror</strong></span> <span class='ocrx_word' id='word_1_135' title='bbox 1648 1826 1722 1895; x_wconf 75' lang='lat'><strong>(2.</strong></span> <span class='ocrx_word' id='word_1_136' title='bbox 1747 1824 1864 1880; x_wconf 87' lang='lat' dir='ltr'><strong>Cor.</strong></span> <span class='ocrx_word' id='word_1_137' title='bbox 1892 1824 1981 1884; x_wconf 86' lang='lat' dir='ltr'><strong>II.</strong></span> 
     </span>
    </p>
   </div>
   <div class='ocr_carea' id='block_1_18' title="bbox 413 1916 1983 1997">
    <p class='ocr_par' dir='ltr' id='par_1_18' title="bbox 413 1916 1983 1997">
     <span class='ocr_line' id='line_1_18' title="bbox 413 1916 1983 1997; baseline -0.007 -16"><span class='ocrx_word' id='word_1_138' title='bbox 413 1927 545 1997; x_wconf 75' lang='lat'><strong>‘29)?</strong></span> <span class='ocrx_word' id='word_1_139' title='bbox 590 1924 859 1996; x_wconf 85' lang='lat' dir='ltr'><strong>quomodo</strong></span> <span class='ocrx_word' id='word_1_140' title='bbox 902 1922 1019 1978; x_wconf 89' lang='lat' dir='ltr'><strong>sine</strong></span> <span class='ocrx_word' id='word_1_141' title='bbox 1059 1935 1294 1977; x_wconf 65' lang='lat' dir='ltr'><strong>maerore</strong></span> <span class='ocrx_word' id='word_1_142' title='bbox 1332 1928 1387 1974; x_wconf 90' lang='lat' dir='ltr'><strong>et</strong></span> <span class='ocrx_word' id='word_1_143' title='bbox 1432 1918 1644 1973; x_wconf 86' lang='lat' dir='ltr'><strong>tristitia</strong></span> <span class='ocrx_word' id='word_1_144' title='bbox 1674 1918 1788 1973; x_wconf 89' lang='lat' dir='ltr'><strong>sit?</strong></span> <span class='ocrx_word' id='word_1_145' title='bbox 1842 1916 1983 1986; x_wconf 86' lang='lat' dir='ltr'><strong>Ergo</strong></span> 
     </span>
    </p>
   </div>
   <div class='ocr_carea' id='block_1_19' title="bbox 417 2008 1982 2086">
    <p class='ocr_par' dir='ltr' id='par_1_19' title="bbox 417 2008 1982 2086">
     <span class='ocr_line' id='line_1_19' title="bbox 417 2008 1982 2086; baseline -0.009 -12"><span class='ocrx_word' id='word_1_146' title='bbox 417 2034 734 2082; x_wconf 76' lang='lat' dir='ltr'><strong>mterorem,</strong></span> <span class='ocrx_word' id='word_1_147' title='bbox 788 2016 1003 2086; x_wconf 90' lang='lat' dir='ltr'><strong>inquit,</strong></span> <span class='ocrx_word' id='word_1_148' title='bbox 1053 2013 1210 2067; x_wconf 89' lang='lat' dir='ltr'><strong>istum</strong></span> <span class='ocrx_word' id='word_1_149' title='bbox 1259 2011 1543 2081; x_wconf 87' lang='lat' dir='ltr'><strong>deponam.</strong></span> <span class='ocrx_word' id='word_1_150' title='bbox 1599 2008 1692 2063; x_wconf 71' lang='lat'><strong>29.</strong></span> <span class='ocrx_word' id='word_1_151' title='bbox 1748 2008 1982 2078; x_wconf 71' lang='lat' dir='ltr'><strong>Excipite</strong></span> 
     </span>
    </p>
   </div>
   <div class='ocr_carea' id='block_1_20' title="bbox 416 2096 1984 2180">
    <p class='ocr_par' dir='ltr' id='par_1_20' title="bbox 416 2096 1984 2180">
     <span class='ocr_line' id='line_1_20' title="bbox 416 2096 1984 2180; baseline -0.009 -15"><span class='ocrx_word' id='word_1_152' title='bbox 416 2112 585 2180; x_wconf 85' lang='lat' dir='ltr'><strong>itaque</strong></span> <span class='ocrx_word' id='word_1_153' title='bbox 634 2108 781 2162; x_wconf 90' lang='lat' dir='ltr'><strong>illum</strong></span> <span class='ocrx_word' id='word_1_154' title='bbox 824 2107 878 2160; x_wconf 90' lang='lat' dir='ltr'><strong>in</strong></span> <span class='ocrx_word' id='word_1_155' title='bbox 917 2104 1137 2159; x_wconf 88' lang='lat' dir='ltr'><strong>Domino</strong></span> <span class='ocrx_word' id='word_1_156' title='bbox 1185 2119 1301 2157; x_wconf 86' lang='lat' dir='ltr'><strong>cum</strong></span> <span class='ocrx_word' id='word_1_157' title='bbox 1339 2101 1475 2155; x_wconf 92' lang='lat' dir='ltr'><strong>omni</strong></span> <span class='ocrx_word' id='word_1_158' title='bbox 1514 2101 1722 2171; x_wconf 87' lang='lat' dir='ltr'><strong>gaudio.</strong></span> <span class='ocrx_word' id='word_1_159' title='bbox 1764 2098 1831 2152; x_wconf 82' lang='lat' dir='ltr'><strong>In</strong></span> <span class='ocrx_word' id='word_1_160' title='bbox 1873 2096 1984 2151; x_wconf 91' lang='lat' dir='ltr'><strong>Do-</strong></span> 
     </span>
    </p>
   </div>
   <div class='ocr_carea' id='block_1_21' title="bbox 415 2194 1984 2271">
    <p class='ocr_par' dir='ltr' id='par_1_21' title="bbox 415 2194 1984 2271">
     <span class='ocr_line' id='line_1_21' title="bbox 415 2194 1984 2271; baseline -0.008 -14"><span class='ocrx_word' id='word_1_161' title='bbox 415 2205 586 2268; x_wconf 89' lang='lat' dir='ltr'><strong>mino,</strong></span> <span class='ocrx_word' id='word_1_162' title='bbox 633 2200 777 2271; x_wconf 91' lang='lat' dir='ltr'><strong>quod</strong></span> <span class='ocrx_word' id='word_1_163' title='bbox 822 2199 962 2255; x_wconf 90' lang='lat' dir='ltr'><strong>idem</strong></span> <span class='ocrx_word' id='word_1_164' title='bbox 1006 2207 1088 2252; x_wconf 91' lang='lat' dir='ltr'><strong>est</strong></span> <span class='ocrx_word' id='word_1_165' title='bbox 1112 2211 1174 2251; x_wconf 91' lang='lat' dir='ltr'><strong>ac</strong></span> <span class='ocrx_word' id='word_1_166' title='bbox 1203 2194 1569 2265; x_wconf 87' lang='lat' dir='ltr'><strong>spiritualiter.</strong></span> <span class='ocrx_word' id='word_1_167' title='bbox 1615 2194 1667 2249; x_wconf 89' lang='lat' dir='ltr'><strong>Id</strong></span> <span class='ocrx_word' id='word_1_168' title='bbox 1705 2200 1822 2259; x_wconf 89' lang='lat' dir='ltr'><strong>est,</strong></span> <span class='ocrx_word' id='word_1_169' title='bbox 1866 2206 1984 2246; x_wconf 88' lang='lat' dir='ltr'><strong>ma-</strong></span> 
     </span>
    </p>
   </div>
   <div class='ocr_carea' id='block_1_22' title="bbox 414 2282 1991 2365">
    <p class='ocr_par' dir='ltr' id='par_1_22' title="bbox 414 2282 1991 2365">
     <span class='ocr_line' id='line_1_22' title="bbox 414 2282 1991 2365; baseline -0.007 -17"><span class='ocrx_word' id='word_1_170' title='bbox 414 2308 520 2365; x_wconf 90' lang='lat' dir='ltr'><strong>gno</strong></span> <span class='ocrx_word' id='word_1_171' title='bbox 545 2308 663 2347; x_wconf 89' lang='lat' dir='ltr'><strong>cum</strong></span> <span class='ocrx_word' id='word_1_172' title='bbox 690 2289 899 2353; x_wconf 86' lang='lat' dir='ltr'><strong>studio;</strong></span> <span class='ocrx_word' id='word_1_173' title='bbox 924 2289 1007 2342; x_wconf 86' lang='lat' dir='ltr'><strong>vel</strong></span> <span class='ocrx_word' id='word_1_174' title='bbox 1038 2288 1210 2357; x_wconf 90' lang='lat' dir='ltr'><strong>potius</strong></span> <span class='ocrx_word' id='word_1_175' title='bbox 1230 2285 1332 2341; x_wconf 87' lang='lat' dir='ltr'><strong>hoc</strong></span> <span class='ocrx_word' id='word_1_176' title='bbox 1357 2284 1638 2354; x_wconf 91' lang='lat' dir='ltr'><strong>signiﬁcat,</strong></span> <span class='ocrx_word' id='word_1_177' title='bbox 1671 2283 1780 2338; x_wconf 89' lang='lat' dir='ltr'><strong>Deo</strong></span> <span class='ocrx_word' id='word_1_178' title='bbox 1804 2282 1991 2337; x_wconf 92' lang='lat' dir='ltr'><strong>volen-</strong></span> 
     </span>
    </p>
   </div>
   <div class='ocr_carea' id='block_1_23' title="bbox 419 2374 1983 2453">
    <p class='ocr_par' dir='ltr' id='par_1_23' title="bbox 419 2374 1983 2453">
     <span class='ocr_line' id='line_1_23' title="bbox 419 2374 1983 2453; baseline -0.006 -15"><span class='ocrx_word' id='word_1_179' title='bbox 419 2393 489 2438; x_wconf 89' lang='lat' dir='ltr'><strong>te.</strong></span> <span class='ocrx_word' id='word_1_180' title='bbox 519 2381 697 2453; x_wconf 84' lang='lat' dir='ltr'><strong>Itaque</strong></span> <span class='ocrx_word' id='word_1_181' title='bbox 754 2381 902 2435; x_wconf 90' lang='lat' dir='ltr'><strong>illum</strong></span> <span class='ocrx_word' id='word_1_182' title='bbox 948 2379 1176 2449; x_wconf 70' lang='lat' dir='ltr'><strong>excipite</strong></span> <span class='ocrx_word' id='word_1_183' title='bbox 1218 2392 1314 2447; x_wconf 89' lang='lat' dir='ltr'><strong>pro</strong></span> <span class='ocrx_word' id='word_1_184' title='bbox 1356 2385 1658 2432; x_wconf 90' lang='lat' dir='ltr'><strong>sanctorum</strong></span> <span class='ocrx_word' id='word_1_185' title='bbox 1693 2374 1983 2444; x_wconf 84' lang='lat' dir='ltr'><strong>dignitate,</strong></span> 
     </span>
    </p>
   </div>
   <div class='ocr_carea' id='block_1_24' title="bbox 417 2468 1986 2543">
    <p class='ocr_par' dir='ltr' id='par_1_24' title="bbox 417 2468 1986 2543">
     <span class='ocr_line' id='line_1_24' title="bbox 417 2468 1986 2543; baseline -0.006 -14"><span class='ocrx_word' id='word_1_186' title='bbox 417 2485 476 2529; x_wconf 94' lang='lat' dir='ltr'><strong>ut</strong></span> <span class='ocrx_word' id='word_1_187' title='bbox 494 2484 705 2530; x_wconf 88' lang='lat' dir='ltr'><strong>sanctos</strong></span> <span class='ocrx_word' id='word_1_188' title='bbox 744 2472 918 2543; x_wconf 81' lang='lat' dir='ltr'><strong>excipi</strong></span> <span class='ocrx_word' id='word_1_189' title='bbox 962 2487 1055 2542; x_wconf 90' lang='lat' dir='ltr'><strong>par</strong></span> <span class='ocrx_word' id='word_1_190' title='bbox 1100 2480 1210 2537; x_wconf 90' lang='lat' dir='ltr'><strong>est,</strong></span> <span class='ocrx_word' id='word_1_191' title='bbox 1250 2468 1378 2524; x_wconf 80' lang='lat' dir='ltr'><strong>Cum</strong></span> <span class='ocrx_word' id='word_1_192' title='bbox 1405 2468 1577 2535; x_wconf 90' lang='lat' dir='ltr'><strong>omni,</strong></span> <span class='ocrx_word' id='word_1_193' title='bbox 1620 2468 1826 2537; x_wconf 87' lang='lat' dir='ltr'><strong>inquit,</strong></span> <span class='ocrx_word' id='word_1_194' title='bbox 1856 2482 1986 2538; x_wconf 86' lang='lat' dir='ltr'><strong>gau-</strong></span> 
     </span>
    </p>
   </div>
   <div class='ocr_carea' id='block_1_25' title="bbox 418 2568 526 2619">
    <p class='ocr_par' dir='ltr' id='par_1_25' title="bbox 418 2568 526 2619">
     <span class='ocr_line' id='line_1_25' title="bbox 418 2568 526 2619; baseline -0.009 0"><span class='ocrx_word' id='word_1_195' title='bbox 418 2568 526 2619; x_wconf 89' lang='lat' dir='ltr'><strong>dio.</strong></span> 
     </span>
    </p>
   </div>
   <div class='ocr_carea' id='block_1_26' title="bbox 491 2649 1987 2723">
    <p class='ocr_par' dir='ltr' id='par_1_26' title="bbox 491 2649 1987 2723">
     <span class='ocr_line' id='line_1_26' title="bbox 491 2649 1987 2723; baseline -0.007 -10"><span class='ocrx_word' id='word_1_196' title='bbox 491 2658 547 2713; x_wconf 80' lang='lat'><strong>5.</strong></span> <span class='ocrx_word' id='word_1_197' title='bbox 585 2657 711 2712; x_wconf 58' lang='lat' dir='ltr'><strong>Haec</strong></span> <span class='ocrx_word' id='word_1_198' title='bbox 749 2656 926 2711; x_wconf 91' lang='lat' dir='ltr'><strong>omnia</strong></span> <span class='ocrx_word' id='word_1_199' title='bbox 967 2668 1061 2723; x_wconf 93' lang='lat' dir='ltr'><strong>pro</strong></span> <span class='ocrx_word' id='word_1_200' title='bbox 1102 2653 1167 2708; x_wconf 89' lang='lat' dir='ltr'><strong>iis</strong></span> <span class='ocrx_word' id='word_1_201' title='bbox 1204 2651 1328 2706; x_wconf 90' lang='lat' dir='ltr'><strong>facit</strong></span> <span class='ocrx_word' id='word_1_202' title='bbox 1356 2649 1424 2705; x_wconf 92' lang='lat' dir='ltr'><strong>ad</strong></span> <span class='ocrx_word' id='word_1_203' title='bbox 1464 2664 1599 2722; x_wconf 92' lang='lat' dir='ltr'><strong>quos</strong></span> <span class='ocrx_word' id='word_1_204' title='bbox 1647 2649 1848 2713; x_wconf 90' lang='lat' dir='ltr'><strong>mittit,</strong></span> <span class='ocrx_word' id='word_1_205' title='bbox 1882 2662 1987 2703; x_wconf 90' lang='lat' dir='ltr'><strong>non</strong></span> 
     </span>
    </p>
   </div>
   <div class='ocr_carea' id='block_1_27' title="bbox 420 2739 1988 2820">
    <p class='ocr_par' dir='ltr' id='par_1_27' title="bbox 420 2739 1988 2820">
     <span class='ocr_line' id='line_1_27' title="bbox 420 2739 1988 2820; baseline -0.006 -17"><span class='ocrx_word' id='word_1_206' title='bbox 420 2765 519 2820; x_wconf 90' lang='lat' dir='ltr'><strong>pro</strong></span> <span class='ocrx_word' id='word_1_207' title='bbox 542 2748 740 2802; x_wconf 89' lang='lat' dir='ltr'><strong>missis.</strong></span> <span class='ocrx_word' id='word_1_208' title='bbox 769 2745 937 2815; x_wconf 83' lang='lat' dir='ltr'><strong>Majus</strong></span> <span class='ocrx_word' id='word_1_209' title='bbox 958 2745 1099 2800; x_wconf 90' lang='lat' dir='ltr'><strong>enim</strong></span> <span class='ocrx_word' id='word_1_210' title='bbox 1124 2743 1249 2798; x_wconf 81' lang='lat' dir='ltr'><strong>facit</strong></span> <span class='ocrx_word' id='word_1_211' title='bbox 1279 2743 1484 2796; x_wconf 92' lang='lat' dir='ltr'><strong>lucrum</strong></span> <span class='ocrx_word' id='word_1_212' title='bbox 1509 2780 1525 2807; x_wconf 89' lang='lat'><strong>,</strong></span> <span class='ocrx_word' id='word_1_213' title='bbox 1557 2742 1648 2811; x_wconf 88' lang='lat' dir='ltr'><strong>qui</strong></span> <span class='ocrx_word' id='word_1_214' title='bbox 1671 2739 1988 2795; x_wconf 90' lang='lat' dir='ltr'><strong>beneﬁcium</strong></span> 
     </span>
    </p>
   </div>
   <div class='ocr_carea' id='block_1_28' title="bbox 420 2830 1989 2909">
    <p class='ocr_par' dir='ltr' id='par_1_28' title="bbox 420 2830 1989 2909">
     <span class='ocr_line' id='line_1_28' title="bbox 420 2830 1989 2909; baseline -0.007 -15"><span class='ocrx_word' id='word_1_215' title='bbox 420 2842 546 2908; x_wconf 90' lang='lat' dir='ltr'><strong>dat,</strong></span> <span class='ocrx_word' id='word_1_216' title='bbox 575 2854 732 2909; x_wconf 92' lang='lat' dir='ltr'><strong>quam</strong></span> <span class='ocrx_word' id='word_1_217' title='bbox 764 2837 853 2906; x_wconf 91' lang='lat' dir='ltr'><strong>qui</strong></span> <span class='ocrx_word' id='word_1_218' title='bbox 882 2835 1094 2904; x_wconf 89' lang='lat' dir='ltr'><strong>accipit.</strong></span> <span class='ocrx_word' id='word_1_219' title='bbox 1126 2833 1189 2887; x_wconf 89' lang='lat' dir='ltr'><strong>Et</strong></span> <span class='ocrx_word' id='word_1_220' title='bbox 1216 2832 1464 2903; x_wconf 86' lang='lat' dir='ltr'><strong>ejusmodi</strong></span> <span class='ocrx_word' id='word_1_221' title='bbox 1493 2831 1717 2884; x_wconf 83' lang='lat' dir='ltr'><strong>homines</strong></span> <span class='ocrx_word' id='word_1_222' title='bbox 1748 2846 1859 2883; x_wconf 88' lang='lat' dir='ltr'><strong>cum</strong></span> <span class='ocrx_word' id='word_1_223' title='bbox 1893 2830 1989 2883; x_wconf 86' lang='lat' dir='ltr'><strong>ho-</strong></span> 
     </span>
    </p>
   </div>
   <div class='ocr_carea' id='block_1_29' title="bbox 422 2922 1992 2992">
    <p class='ocr_par' dir='ltr' id='par_1_29' title="bbox 422 2922 1992 2992">
     <span class='ocr_line' id='line_1_29' title="bbox 422 2922 1992 2992; baseline -0.008 -7"><span class='ocrx_word' id='word_1_224' title='bbox 422 2947 543 2985; x_wconf 87' lang='lat' dir='ltr'><strong>nore</strong></span> <span class='ocrx_word' id='word_1_225' title='bbox 584 2930 827 2983; x_wconf 84' lang='lat' dir='ltr'><strong>habetote.</strong></span> <span class='ocrx_word' id='word_1_226' title='bbox 878 2926 934 2980; x_wconf 91' lang='lat' dir='ltr'><strong>Id</strong></span> <span class='ocrx_word' id='word_1_227' title='bbox 975 2934 1086 2991; x_wconf 91' lang='lat' dir='ltr'><strong>est,</strong></span> <span class='ocrx_word' id='word_1_228' title='bbox 1127 2924 1374 2992; x_wconf 77' lang='lat' dir='ltr'><strong>Excipite</strong></span> <span class='ocrx_word' id='word_1_229' title='bbox 1414 2922 1563 2975; x_wconf 92' lang='lat' dir='ltr'><strong>illum</strong></span> <span class='ocrx_word' id='word_1_230' title='bbox 1607 2929 1667 2974; x_wconf 90' lang='lat' dir='ltr'><strong>ut</strong></span> <span class='ocrx_word' id='word_1_231' title='bbox 1716 2929 1992 2975; x_wconf 88' lang='lat' dir='ltr'><strong>merentur</strong></span> 
     </span>
    </p>
   </div>
   <div class='ocr_carea' id='block_1_30' title="bbox 422 3011 1992 3084">
    <p class='ocr_par' dir='ltr' id='par_1_30' title="bbox 422 3011 1992 3084">
     <span class='ocr_line' id='line_1_30' title="bbox 422 3011 1992 3084; baseline -0.01 -8"><span class='ocrx_word' id='word_1_232' title='bbox 422 3022 611 3077; x_wconf 84' lang='lat' dir='ltr'><strong>sancti.</strong></span> <span class='ocrx_word' id='word_1_233' title='bbox 660 3020 749 3075; x_wconf 82' lang='lat'><strong>&#39;50.</strong></span> <span class='ocrx_word' id='word_1_234' title='bbox 796 3018 1046 3083; x_wconf 78' lang='lat' dir='ltr'><strong>Quoniam</strong></span> <span class='ocrx_word' id='word_1_235' title='bbox 1085 3023 1289 3084; x_wconf 84' lang='lat' dir='ltr'><strong>propter</strong></span> <span class='ocrx_word' id='word_1_236' title='bbox 1324 3029 1452 3080; x_wconf 87' lang='lat' dir='ltr'><strong>opus</strong></span> <span class='ocrx_word' id='word_1_237' title='bbox 1498 3011 1687 3065; x_wconf 83' lang='lat' dir='ltr'><strong>Christi</strong></span> <span class='ocrx_word' id='word_1_238' title='bbox 1728 3026 1883 3077; x_wconf 87' lang='lat' dir='ltr'><strong>usque</strong></span> <span class='ocrx_word' id='word_1_239' title='bbox 1924 3011 1992 3062; x_wconf 88' lang='lat' dir='ltr'><strong>ad</strong></span> 
     </span>
    </p>
   </div>
   <div class='ocr_carea' id='block_1_31' title="bbox 424 3102 1989 3175">
    <p class='ocr_par' dir='ltr' id='par_1_31' title="bbox 424 3102 1989 3175">
     <span class='ocr_line' id='line_1_31' title="bbox 424 3102 1989 3175; baseline -0.01 -6"><span class='ocrx_word' id='word_1_240' title='bbox 424 3126 633 3169; x_wconf 86' lang='lat' dir='ltr'><strong>mortem</strong></span> <span class='ocrx_word' id='word_1_241' title='bbox 657 3112 885 3175; x_wconf 85' lang='lat' dir='ltr'><strong>accessit,</strong></span> <span class='ocrx_word' id='word_1_242' title='bbox 914 3109 1117 3163; x_wconf 84' lang='lat' dir='ltr'><strong>tradens</strong></span> <span class='ocrx_word' id='word_1_243' title='bbox 1141 3107 1363 3161; x_wconf 89' lang='lat' dir='ltr'><strong>animam</strong></span> <span class='ocrx_word' id='word_1_244' title='bbox 1388 3120 1560 3168; x_wconf 89' lang='lat' dir='ltr'><strong>suam,</strong></span> <span class='ocrx_word' id='word_1_245' title='bbox 1587 3113 1643 3157; x_wconf 86' lang='lat' dir='ltr'><strong>ut</strong></span> <span class='ocrx_word' id='word_1_246' title='bbox 1666 3103 1893 3172; x_wconf 76' lang='lat' dir='ltr'><strong>impleret</strong></span> <span class='ocrx_word' id='word_1_247' title='bbox 1915 3102 1989 3165; x_wconf 89' lang='lat' dir='ltr'><strong>id,</strong></span> 
     </span>
    </p>
   </div>
   <div class='ocr_carea' id='block_1_32' title="bbox 423 3195 1992 3281">
    <p class='ocr_par' dir='ltr' id='par_1_32' title="bbox 423 3195 1992 3281">
     <span class='ocr_line' id='line_1_32' title="bbox 423 3195 1992 3281; baseline -0.011 -17"><span class='ocrx_word' id='word_1_248' title='bbox 423 3209 556 3281; x_wconf 85' lang='lat' dir='ltr'><strong>quod</strong></span> <span class='ocrx_word' id='word_1_249' title='bbox 594 3224 657 3261; x_wconf 79' lang='lat' dir='ltr'><strong>ea:</strong></span> <span class='ocrx_word' id='word_1_250' title='bbox 680 3204 818 3260; x_wconf 86' lang='lat' dir='ltr'><strong>vobis</strong></span> <span class='ocrx_word' id='word_1_251' title='bbox 847 3204 1015 3256; x_wconf 87' lang='lat' dir='ltr'><strong>deerat</strong></span> <span class='ocrx_word' id='word_1_252' title='bbox 1041 3217 1159 3270; x_wconf 89' lang='lat' dir='ltr'><strong>erga</strong></span> <span class='ocrx_word' id='word_1_253' title='bbox 1186 3215 1352 3253; x_wconf 85' lang='lat' dir='ltr'><strong>meum</strong></span> <span class='ocrx_word' id='word_1_254' title='bbox 1378 3196 1689 3267; x_wconf 87' lang='lat' dir='ltr'><strong>obsequium.</strong></span> <span class='ocrx_word' id='word_1_255' title='bbox 1719 3195 1817 3248; x_wconf 84' lang='lat' dir='ltr'><strong>Hic</strong></span> <span class='ocrx_word' id='word_1_256' title='bbox 1841 3209 1992 3249; x_wconf 90' lang='lat' dir='ltr'><strong>com-</strong></span> 
     </span>
    </p>
   </div>
   <div class='ocr_carea' id='block_1_33' title="bbox 425 3286 1994 3365">
    <p class='ocr_par' dir='ltr' id='par_1_33' title="bbox 425 3286 1994 3365">
     <span class='ocr_line' id='line_1_33' title="bbox 425 3286 1994 3365; baseline -0.008 -11"><span class='ocrx_word' id='word_1_257' title='bbox 425 3300 656 3355; x_wconf 88' lang='lat' dir='ltr'><strong>muniter</strong></span> <span class='ocrx_word' id='word_1_258' title='bbox 683 3312 710 3350; x_wconf 88' lang='lat' dir='ltr'><strong>a</strong></span> <span class='ocrx_word' id='word_1_259' title='bbox 740 3293 1161 3365; x_wconf 82' lang='lat' dir='ltr'><strong>Philippensium</strong></span> <span class='ocrx_word' id='word_1_260' title='bbox 1192 3292 1409 3346; x_wconf 88' lang='lat' dir='ltr'><strong>civitate</strong></span> <span class='ocrx_word' id='word_1_261' title='bbox 1441 3290 1634 3343; x_wconf 91' lang='lat' dir='ltr'><strong>missus</strong></span> <span class='ocrx_word' id='word_1_262' title='bbox 1662 3286 1871 3354; x_wconf 84' lang='lat' dir='ltr'><strong>fuerat,</strong></span> <span class='ocrx_word' id='word_1_263' title='bbox 1904 3290 1994 3355; x_wconf 88' lang='lat' dir='ltr'><strong>qui</strong></span> 
     </span>
    </p>
   </div>
   <div class='ocr_carea' id='block_1_34' title="bbox 427 3382 1993 3451">
    <p class='ocr_par' dir='ltr' id='par_1_34' title="bbox 427 3382 1993 3451">
     <span class='ocr_line' id='line_1_34' title="bbox 427 3382 1993 3451; baseline -0.008 -4"><span class='ocrx_word' id='word_1_264' title='bbox 427 3392 589 3447; x_wconf 87' lang='lat' dir='ltr'><strong>Paulo</strong></span> <span class='ocrx_word' id='word_1_265' title='bbox 620 3389 980 3451; x_wconf 87' lang='lat' dir='ltr'><strong>ministraret;</strong></span> <span class='ocrx_word' id='word_1_266' title='bbox 1012 3396 1102 3440; x_wconf 90' lang='lat' dir='ltr'><strong>aut</strong></span> <span class='ocrx_word' id='word_1_267' title='bbox 1146 3385 1368 3438; x_wconf 86' lang='lat' dir='ltr'><strong>fortasse</strong></span> <span class='ocrx_word' id='word_1_268' title='bbox 1396 3383 1556 3437; x_wconf 90' lang='lat' dir='ltr'><strong>etiam</strong></span> <span class='ocrx_word' id='word_1_269' title='bbox 1594 3382 1713 3436; x_wconf 89' lang='lat' dir='ltr'><strong>ideo</strong></span> <span class='ocrx_word' id='word_1_270' title='bbox 1739 3391 1993 3447; x_wconf 85' lang='lat' dir='ltr'><strong>venerat,</strong></span> 
     </span>
    </p>
   </div>
   <div class='ocr_carea' id='block_1_35' title="bbox 426 3475 1989 3553">
    <p class='ocr_par' dir='ltr' id='par_1_35' title="bbox 426 3475 1989 3553">
     <span class='ocr_line' id='line_1_35' title="bbox 426 3475 1989 3553; baseline -0.006 -16"><span class='ocrx_word' id='word_1_271' title='bbox 426 3495 485 3537; x_wconf 88' lang='lat' dir='ltr'><strong>ut</strong></span> <span class='ocrx_word' id='word_1_272' title='bbox 511 3482 778 3553; x_wconf 87' lang='lat' dir='ltr'><strong>quidpiam</strong></span> <span class='ocrx_word' id='word_1_273' title='bbox 805 3479 1017 3532; x_wconf 83' lang='lat' dir='ltr'><strong>alferret</strong></span> <span class='ocrx_word' id='word_1_274' title='bbox 1049 3496 1062 3532; x_wconf 91' lang='lat'><strong>:</strong></span> <span class='ocrx_word' id='word_1_275' title='bbox 1089 3476 1275 3531; x_wconf 88' lang='lat' dir='ltr'><strong>allatas</strong></span> <span class='ocrx_word' id='word_1_276' title='bbox 1300 3476 1442 3530; x_wconf 90' lang='lat' dir='ltr'><strong>enim</strong></span> <span class='ocrx_word' id='word_1_277' title='bbox 1473 3475 1541 3528; x_wconf 90' lang='lat' dir='ltr'><strong>ab</strong></span> <span class='ocrx_word' id='word_1_278' title='bbox 1568 3475 1658 3529; x_wconf 92' lang='lat' dir='ltr'><strong>illo</strong></span> <span class='ocrx_word' id='word_1_279' title='bbox 1687 3490 1806 3529; x_wconf 88' lang='lat' dir='ltr'><strong>esse</strong></span> <span class='ocrx_word' id='word_1_280' title='bbox 1834 3489 1989 3544; x_wconf 87' lang='lat' dir='ltr'><strong>pecu-</strong></span> 
     </span>
    </p>
   </div>
   <div class='ocr_carea' id='block_1_36' title="bbox 430 3566 1997 3639">
    <p class='ocr_par' dir='ltr' id='par_1_36' title="bbox 430 3566 1997 3639">
     <span class='ocr_line' id='line_1_36' title="bbox 430 3566 1997 3639; baseline -0.008 -10"><span class='ocrx_word' id='word_1_281' title='bbox 430 3575 544 3629; x_wconf 74' lang='lat' dir='ltr'><strong>nias</strong></span> <span class='ocrx_word' id='word_1_282' title='bbox 576 3575 627 3626; x_wconf 91' lang='lat' dir='ltr'><strong>in</strong></span> <span class='ocrx_word' id='word_1_283' title='bbox 654 3583 889 3627; x_wconf 81' lang='lat' dir='ltr'><strong>extrema</strong></span> <span class='ocrx_word' id='word_1_284' title='bbox 922 3569 1147 3639; x_wconf 89' lang='lat' dir='ltr'><strong>epistola</strong></span> <span class='ocrx_word' id='word_1_285' title='bbox 1169 3566 1403 3622; x_wconf 90' lang='lat' dir='ltr'><strong>ostendit</strong></span> <span class='ocrx_word' id='word_1_286' title='bbox 1430 3567 1512 3620; x_wconf 85' lang='lat' dir='ltr'><strong>his</strong></span> <span class='ocrx_word' id='word_1_287' title='bbox 1540 3566 1746 3631; x_wconf 87' lang='lat' dir='ltr'><strong>verbis,</strong></span> <span class='ocrx_word' id='word_1_288' title='bbox 1770 3566 1997 3635; x_wconf 84' lang='lat' dir='ltr'><strong>Acceptis</strong></span> 
     </span>
    </p>
   </div>
   <div class='ocr_carea' id='block_1_37' title="bbox 429 3656 1999 3736">
    <p class='ocr_par' dir='ltr' id='par_1_37' title="bbox 429 3656 1999 3736">
     <span class='ocr_line' id='line_1_37' title="bbox 429 3656 1999 3736; baseline -0.008 -13"><span class='ocrx_word' id='word_1_289' title='bbox 429 3669 492 3723; x_wconf 89' lang='lat' dir='ltr'><strong>ab</strong></span> <span class='ocrx_word' id='word_1_290' title='bbox 516 3656 867 3736; x_wconf 81' lang='lat' dir='ltr'><strong>Epaphrodito</strong></span> <span class='ocrx_word' id='word_1_291' title='bbox 897 3678 1007 3729; x_wconf 68' lang='lat' dir='ltr'><strong>qua:</strong></span> <span class='ocrx_word' id='word_1_292' title='bbox 1036 3661 1240 3714; x_wconf 81' lang='lat' dir='ltr'><strong>misistis</strong></span> <span class='ocrx_word' id='word_1_293' title='bbox 1273 3658 1438 3731; x_wconf 83' lang='lat' dir='ltr'><strong>(Phil.</strong></span> <span class='ocrx_word' id='word_1_294' title='bbox 1477 3659 1531 3713; x_wconf 78' lang='grc'><strong>4.</strong></span> <span class='ocrx_word' id='word_1_295' title='bbox 1572 3658 1999 3726; x_wconf 73' lang='lat' dir='ltr'><strong>18).Verisimile</strong></span> 
     </span>
    </p>
   </div>
   <div class='ocr_carea' id='block_1_38' title="bbox 432 3749 1997 3828">
    <p class='ocr_par' dir='ltr' id='par_1_38' title="bbox 432 3749 1997 3828">
     <span class='ocr_line' id='line_1_38' title="bbox 432 3749 1997 3828; baseline -0.006 -16"><span class='ocrx_word' id='word_1_296' title='bbox 432 3760 587 3828; x_wconf 76' lang='lat' dir='ltr'><strong>igitur</strong></span> <span class='ocrx_word' id='word_1_297' title='bbox 625 3766 707 3813; x_wconf 91' lang='lat' dir='ltr'><strong>est</strong></span> <span class='ocrx_word' id='word_1_298' title='bbox 749 3757 933 3821; x_wconf 91' lang='lat' dir='ltr'><strong>illum,</strong></span> <span class='ocrx_word' id='word_1_299' title='bbox 966 3768 1085 3809; x_wconf 91' lang='lat' dir='ltr'><strong>cum</strong></span> <span class='ocrx_word' id='word_1_300' title='bbox 1114 3752 1336 3807; x_wconf 81' lang='lat' dir='ltr'><strong>Romam</strong></span> <span class='ocrx_word' id='word_1_301' title='bbox 1384 3750 1749 3821; x_wconf 88' lang='lat' dir='ltr'><strong>pervenisset,</strong></span> <span class='ocrx_word' id='word_1_302' title='bbox 1778 3749 1997 3803; x_wconf 86' lang='lat' dir='ltr'><strong>Paulum</strong></span> 
     </span>
    </p>
   </div>
   <div class='ocr_carea' id='block_1_39' title="bbox 431 3842 1999 3920">
    <p class='ocr_par' dir='ltr' id='par_1_39' title="bbox 431 3842 1999 3920">
     <span class='ocr_line' id='line_1_39' title="bbox 431 3842 1999 3920; baseline -0.004 -17"><span class='ocrx_word' id='word_1_303' title='bbox 431 3851 484 3905; x_wconf 91' lang='lat' dir='ltr'><strong>in</strong></span> <span class='ocrx_word' id='word_1_304' title='bbox 516 3864 706 3920; x_wconf 85' lang='lat' dir='ltr'><strong>magno</strong></span> <span class='ocrx_word' id='word_1_305' title='bbox 740 3848 842 3902; x_wconf 90' lang='lat' dir='ltr'><strong>hoc</strong></span> <span class='ocrx_word' id='word_1_306' title='bbox 886 3846 1137 3916; x_wconf 82' lang='lat' dir='ltr'><strong>gravique</strong></span> <span class='ocrx_word' id='word_1_307' title='bbox 1175 3844 1414 3914; x_wconf 91' lang='lat' dir='ltr'><strong>periculo</strong></span> <span class='ocrx_word' id='word_1_308' title='bbox 1458 3843 1755 3913; x_wconf 85' lang='lat' dir='ltr'><strong>reperisse.</strong></span> <span class='ocrx_word' id='word_1_309' title='bbox 1809 3842 1867 3897; x_wconf 87' lang='lat' dir='ltr'><strong>ut</strong></span> <span class='ocrx_word' id='word_1_310' title='bbox 1910 3843 1999 3912; x_wconf 91' lang='lat' dir='ltr'><strong>qui</strong></span> 
     </span>
    </p>
   </div>
   <div class='ocr_carea' id='block_1_40' title="bbox 431 3934 2000 4007">
    <p class='ocr_par' dir='ltr' id='par_1_40' title="bbox 431 3934 2000 4007">
     <span class='ocr_line' id='line_1_40' title="bbox 431 3934 2000 4007; baseline -0.004 -11"><span class='ocrx_word' id='word_1_311' title='bbox 431 3944 579 3996; x_wconf 83' lang='lat' dir='ltr'><strong>adire</strong></span> <span class='ocrx_word' id='word_1_312' title='bbox 606 3941 754 3995; x_wconf 88' lang='lat' dir='ltr'><strong>illum</strong></span> <span class='ocrx_word' id='word_1_313' title='bbox 786 3940 977 3993; x_wconf 88' lang='lat' dir='ltr'><strong>vellent</strong></span> <span class='ocrx_word' id='word_1_314' title='bbox 1002 3980 1017 4005; x_wconf 91' lang='lat'><strong>,</strong></span> <span class='ocrx_word' id='word_1_315' title='bbox 1050 3938 1148 4007; x_wconf 88' lang='lat' dir='ltr'><strong>ipsi</strong></span> <span class='ocrx_word' id='word_1_316' title='bbox 1174 3951 1387 4007; x_wconf 88' lang='lat' dir='ltr'><strong>quoque</strong></span> <span class='ocrx_word' id='word_1_317' title='bbox 1415 3937 1633 3990; x_wconf 89' lang='lat' dir='ltr'><strong>minime</strong></span> <span class='ocrx_word' id='word_1_318' title='bbox 1659 3944 1773 3990; x_wconf 91' lang='lat' dir='ltr'><strong>tuto</strong></span> <span class='ocrx_word' id='word_1_319' title='bbox 1795 3934 1847 3989; x_wconf 88' lang='lat' dir='ltr'><strong>id</strong></span> <span class='ocrx_word' id='word_1_320' title='bbox 1874 3950 2000 4005; x_wconf 91' lang='lat' dir='ltr'><strong>pos-</strong></span> 
     </span>
    </p>
   </div>
   <div class='ocr_carea' id='block_1_41' title="bbox 433 4026 2004 4099">
    <p class='ocr_par' dir='ltr' id='par_1_41' title="bbox 433 4026 2004 4099">
     <span class='ocr_line' id='line_1_41' title="bbox 433 4026 2004 4099; baseline -0.005 -10"><span class='ocrx_word' id='word_1_321' title='bbox 433 4046 552 4089; x_wconf 90' lang='lat' dir='ltr'><strong>sent</strong></span> <span class='ocrx_word' id='word_1_322' title='bbox 583 4034 755 4087; x_wconf 87' lang='lat' dir='ltr'><strong>facere</strong></span> <span class='ocrx_word' id='word_1_323' title='bbox 776 4073 791 4098; x_wconf 92' lang='lat'><strong>,</strong></span> <span class='ocrx_word' id='word_1_324' title='bbox 821 4032 915 4086; x_wconf 89' lang='lat' dir='ltr'><strong>sed</strong></span> <span class='ocrx_word' id='word_1_325' title='bbox 940 4046 1038 4084; x_wconf 88' lang='lat' dir='ltr'><strong>suo</strong></span> <span class='ocrx_word' id='word_1_326' title='bbox 1062 4028 1302 4099; x_wconf 89' lang='lat' dir='ltr'><strong>periculo</strong></span> <span class='ocrx_word' id='word_1_327' title='bbox 1329 4027 1687 4082; x_wconf 88' lang='lat' dir='ltr'><strong>accederent:</strong></span> <span class='ocrx_word' id='word_1_328' title='bbox 1714 4026 1853 4096; x_wconf 93' lang='lat' dir='ltr'><strong>quod</strong></span> <span class='ocrx_word' id='word_1_329' title='bbox 1880 4042 2004 4081; x_wconf 88' lang='lat' dir='ltr'><strong>eve-</strong></span> 
     </span>
    </p>
   </div>
   <div class='ocr_carea' id='block_1_42' title="bbox 435 4121 1999 4189">
    <p class='ocr_par' dir='ltr' id='par_1_42' title="bbox 435 4121 1999 4189">
     <span class='ocr_line' id='line_1_42' title="bbox 435 4121 1999 4189; baseline -0.005 -10"><span class='ocrx_word' id='word_1_330' title='bbox 435 4126 551 4179; x_wconf 91' lang='lat' dir='ltr'><strong>nire</strong></span> <span class='ocrx_word' id='word_1_331' title='bbox 581 4125 810 4177; x_wconf 76' lang='lat' dir='ltr'><strong>maxime</strong></span> <span class='ocrx_word' id='word_1_332' title='bbox 831 4121 1109 4176; x_wconf 90' lang='lat' dir='ltr'><strong>consuevit</strong></span> <span class='ocrx_word' id='word_1_333' title='bbox 1129 4134 1320 4189; x_wconf 87' lang='lat' dir='ltr'><strong>magna</strong></span> <span class='ocrx_word' id='word_1_334' title='bbox 1344 4128 1611 4173; x_wconf 89' lang='lat' dir='ltr'><strong>commota</strong></span> <span class='ocrx_word' id='word_1_335' title='bbox 1644 4126 1959 4187; x_wconf 88' lang='lat' dir='ltr'><strong>tempestate</strong></span> <span class='ocrx_word' id='word_1_336' title='bbox 1984 4159 1999 4183; x_wconf 91' lang='lat'><strong>,</strong></span> 
     </span>
    </p>
   </div>
   <div class='ocr_carea' id='block_1_43' title="bbox 435 4209 1997 4286">
    <p class='ocr_par' dir='ltr' id='par_1_43' title="bbox 435 4209 1997 4286">
     <span class='ocr_line' id='line_1_43' title="bbox 435 4209 1997 4286; baseline -0.006 -17"><span class='ocrx_word' id='word_1_337' title='bbox 435 4225 594 4286; x_wconf 88' lang='lat' dir='ltr'><strong>atque</strong></span> <span class='ocrx_word' id='word_1_338' title='bbox 626 4215 711 4268; x_wconf 92' lang='lat' dir='ltr'><strong>ubi</strong></span> <span class='ocrx_word' id='word_1_339' title='bbox 750 4228 932 4284; x_wconf 91' lang='lat' dir='ltr'><strong>regum</strong></span> <span class='ocrx_word' id='word_1_340' title='bbox 963 4213 1040 4267; x_wconf 89' lang='lat' dir='ltr'><strong>ira</strong></span> <span class='ocrx_word' id='word_1_341' title='bbox 1070 4212 1326 4281; x_wconf 88' lang='lat' dir='ltr'><strong>majorem</strong></span> <span class='ocrx_word' id='word_1_342' title='bbox 1354 4211 1407 4264; x_wconf 92' lang='lat' dir='ltr'><strong>in</strong></span> <span class='ocrx_word' id='word_1_343' title='bbox 1438 4210 1652 4263; x_wconf 91' lang='lat' dir='ltr'><strong>modum</strong></span> <span class='ocrx_word' id='word_1_344' title='bbox 1681 4209 1997 4263; x_wconf 75' lang='lat' dir='ltr'><strong>effervescit.</strong></span> 
     </span>
    </p>
   </div>
   <div class='ocr_carea' id='block_1_44' title="bbox 437 4301 2003 4374">
    <p class='ocr_par' dir='ltr' id='par_1_44' title="bbox 437 4301 2003 4374">
     <span class='ocr_line' id='line_1_44' title="bbox 437 4301 2003 4374; baseline -0.004 -14"><span class='ocrx_word' id='word_1_345' title='bbox 437 4306 649 4360; x_wconf 86' lang='lat' dir='ltr'><strong>Etenim</strong></span> <span class='ocrx_word' id='word_1_346' title='bbox 680 4321 799 4358; x_wconf 88' lang='lat' dir='ltr'><strong>cum</strong></span> <span class='ocrx_word' id='word_1_347' title='bbox 830 4304 948 4374; x_wconf 84' lang='lat' dir='ltr'><strong>quis</strong></span> <span class='ocrx_word' id='word_1_348' title='bbox 970 4344 986 4369; x_wconf 90' lang='lat'><strong>,</strong></span> <span class='ocrx_word' id='word_1_349' title='bbox 1014 4303 1154 4373; x_wconf 89' lang='lat' dir='ltr'><strong>quod</strong></span> <span class='ocrx_word' id='word_1_350' title='bbox 1182 4304 1233 4356; x_wconf 94' lang='lat' dir='ltr'><strong>in</strong></span> <span class='ocrx_word' id='word_1_351' title='bbox 1274 4302 1415 4371; x_wconf 86' lang='lat' dir='ltr'><strong>regis</strong></span> <span class='ocrx_word' id='word_1_352' title='bbox 1443 4301 1793 4357; x_wconf 81' lang='lat' dir='ltr'><strong>oﬁ&#39;ensionem</strong></span> <span class='ocrx_word' id='word_1_353' title='bbox 1827 4302 2003 4356; x_wconf 87' lang='lat' dir='ltr'><strong>incur-</strong></span> 
     </span>
    </p>
   </div>
   <div class='ocr_carea' id='block_1_45' title="bbox 437 4392 2003 4461">
    <p class='ocr_par' dir='ltr' id='par_1_45' title="bbox 437 4392 2003 4461">
     <span class='ocr_line' id='line_1_45' title="bbox 437 4392 2003 4461; baseline -0.004 -10"><span class='ocrx_word' id='word_1_354' title='bbox 437 4398 606 4460; x_wconf 88' lang='lat' dir='ltr'><strong>rerit,</strong></span> <span class='ocrx_word' id='word_1_355' title='bbox 660 4396 710 4448; x_wconf 94' lang='lat' dir='ltr'><strong>in</strong></span> <span class='ocrx_word' id='word_1_356' title='bbox 760 4406 1029 4449; x_wconf 87' lang='lat' dir='ltr'><strong>carcerem</strong></span> <span class='ocrx_word' id='word_1_357' title='bbox 1073 4392 1395 4457; x_wconf 89' lang='lat' dir='ltr'><strong>detruditur,</strong></span> <span class='ocrx_word' id='word_1_358' title='bbox 1443 4402 1708 4461; x_wconf 84' lang='lat' dir='ltr'><strong>arctaeque</strong></span> <span class='ocrx_word' id='word_1_359' title='bbox 1747 4392 2003 4446; x_wconf 80' lang='lat' dir='ltr'><strong>custodiae</strong></span> 
     </span>
    </p>
   </div>
   <div class='ocr_carea' id='block_1_46' title="bbox 440 4481 2004 4551">
    <p class='ocr_par' dir='ltr' id='par_1_46' title="bbox 440 4481 2004 4551">
     <span class='ocr_line' id='line_1_46' title="bbox 440 4481 2004 4551; baseline -0.003 -10"><span class='ocrx_word' id='word_1_360' title='bbox 440 4487 665 4542; x_wconf 90' lang='lat' dir='ltr'><strong>traditur</strong></span> <span class='ocrx_word' id='word_1_361' title='bbox 684 4502 697 4547; x_wconf 86' lang='lat'><strong>;</strong></span> <span class='ocrx_word' id='word_1_362' title='bbox 724 4494 850 4539; x_wconf 89' lang='lat' dir='ltr'><strong>tunc</strong></span> <span class='ocrx_word' id='word_1_363' title='bbox 868 4485 949 4538; x_wconf 81' lang='lat' dir='ltr'><strong>vel</strong></span> <span class='ocrx_word' id='word_1_364' title='bbox 975 4483 1157 4537; x_wconf 89' lang='lat' dir='ltr'><strong>famuli</strong></span> <span class='ocrx_word' id='word_1_365' title='bbox 1188 4483 1286 4551; x_wconf 86' lang='lat' dir='ltr'><strong>ipsi</strong></span> <span class='ocrx_word' id='word_1_366' title='bbox 1310 4481 1454 4535; x_wconf 90' lang='lat' dir='ltr'><strong>aditu</strong></span> <span class='ocrx_word' id='word_1_367' title='bbox 1472 4483 1842 4551; x_wconf 89' lang='lat' dir='ltr'><strong>prohibentur,</strong></span> <span class='ocrx_word' id='word_1_368' title='bbox 1864 4483 2004 4550; x_wconf 90' lang='lat' dir='ltr'><strong>quod</strong></span> 
     </span>
    </p>
   </div>
   <div class='ocr_carea' id='block_1_47' title="bbox 439 4574 2008 4649">
    <p class='ocr_par' dir='ltr' id='par_1_47' title="bbox 439 4574 2008 4649">
     <span class='ocr_line' id='line_1_47' title="bbox 439 4574 2008 4649; baseline -0.003 -16"><span class='ocrx_word' id='word_1_369' title='bbox 439 4578 655 4649; x_wconf 83' lang='lat' dir='ltr'><strong>quidem</strong></span> <span class='ocrx_word' id='word_1_370' title='bbox 676 4576 839 4631; x_wconf 89' lang='lat' dir='ltr'><strong>Paulo</strong></span> <span class='ocrx_word' id='word_1_371' title='bbox 863 4586 986 4629; x_wconf 91' lang='lat' dir='ltr'><strong>tunc</strong></span> <span class='ocrx_word' id='word_1_372' title='bbox 1002 4575 1256 4635; x_wconf 88' lang='lat' dir='ltr'><strong>accidisse</strong></span> <span class='ocrx_word' id='word_1_373' title='bbox 1278 4574 1564 4628; x_wconf 87' lang='lat' dir='ltr'><strong>verisimile</strong></span> <span class='ocrx_word' id='word_1_374' title='bbox 1585 4584 1666 4628; x_wconf 88' lang='lat' dir='ltr'><strong>est</strong></span> <span class='ocrx_word' id='word_1_375' title='bbox 1691 4594 1703 4628; x_wconf 91' lang='lat'><strong>:</strong></span> <span class='ocrx_word' id='word_1_376' title='bbox 1729 4574 2008 4644; x_wconf 88' lang='lat' dir='ltr'><strong>Epaphro-</strong></span> 
     </span>
    </p>
   </div>
   <div class='ocr_carea' id='block_1_48' title="bbox 442 4667 2008 4738">
    <p class='ocr_par' dir='ltr' id='par_1_48' title="bbox 442 4667 2008 4738">
     <span class='ocr_line' id='line_1_48' title="bbox 442 4667 2008 4738; baseline -0.004 -12"><span class='ocrx_word' id='word_1_377' title='bbox 442 4672 610 4726; x_wconf 90' lang='lat' dir='ltr'><strong>ditum</strong></span> <span class='ocrx_word' id='word_1_378' title='bbox 631 4685 758 4725; x_wconf 93' lang='lat' dir='ltr'><strong>vero</strong></span> <span class='ocrx_word' id='word_1_379' title='bbox 778 4709 792 4734; x_wconf 93' lang='lat'><strong>,</strong></span> <span class='ocrx_word' id='word_1_380' title='bbox 825 4684 1018 4738; x_wconf 88' lang='lat' dir='ltr'><strong>magno</strong></span> <span class='ocrx_word' id='word_1_381' title='bbox 1048 4678 1206 4735; x_wconf 90' lang='lat' dir='ltr'><strong>atque</strong></span> <span class='ocrx_word' id='word_1_382' title='bbox 1232 4668 1445 4721; x_wconf 79' lang='lat' dir='ltr'><strong>excelso</strong></span> <span class='ocrx_word' id='word_1_383' title='bbox 1466 4667 1644 4720; x_wconf 90' lang='lat' dir='ltr'><strong>animo</strong></span> <span class='ocrx_word' id='word_1_384' title='bbox 1674 4668 1868 4734; x_wconf 87' lang='lat' dir='ltr'><strong>virum,</strong></span> <span class='ocrx_word' id='word_1_385' title='bbox 1893 4684 2008 4721; x_wconf 89' lang='lat' dir='ltr'><strong>om-</strong></span> 
     </span>
    </p>
   </div>
   <div class='ocr_carea' id='block_1_49' title="bbox 442 4759 2009 4832">
    <p class='ocr_par' dir='ltr' id='par_1_49' title="bbox 442 4759 2009 4832">
     <span class='ocr_line' id='line_1_49' title="bbox 442 4759 2009 4832; baseline -0.003 -14"><span class='ocrx_word' id='word_1_386' title='bbox 442 4765 527 4819; x_wconf 90' lang='lat' dir='ltr'><strong>nia</strong></span> <span class='ocrx_word' id='word_1_387' title='bbox 557 4764 963 4832; x_wconf 86' lang='lat' dir='ltr'><strong>comtempsisse</strong></span> <span class='ocrx_word' id='word_1_388' title='bbox 991 4761 1225 4829; x_wconf 90' lang='lat' dir='ltr'><strong>pericula</strong></span> <span class='ocrx_word' id='word_1_389' title='bbox 1249 4800 1266 4826; x_wconf 96' lang='lat'><strong>,</strong></span> <span class='ocrx_word' id='word_1_390' title='bbox 1314 4769 1371 4813; x_wconf 93' lang='lat' dir='ltr'><strong>ut</strong></span> <span class='ocrx_word' id='word_1_391' title='bbox 1408 4759 1628 4813; x_wconf 91' lang='lat' dir='ltr'><strong>Paulum</strong></span> <span class='ocrx_word' id='word_1_392' title='bbox 1655 4759 1825 4814; x_wconf 89' lang='lat' dir='ltr'><strong>adiret</strong></span> <span class='ocrx_word' id='word_1_393' title='bbox 1854 4760 2009 4829; x_wconf 90' lang='lat' dir='ltr'><strong>eique</strong></span> 
     </span>
    </p>
   </div>
   <div class='ocr_carea' id='block_1_50' title="bbox 440 4850 2006 4921">
    <p class='ocr_par' dir='ltr' id='par_1_50' title="bbox 440 4850 2006 4921">
     <span class='ocr_line' id='line_1_50' title="bbox 440 4850 2006 4921; baseline -0.004 -11"><span class='ocrx_word' id='word_1_394' title='bbox 440 4855 801 4918; x_wconf 87' lang='lat' dir='ltr'><strong>ministraret,</strong></span> <span class='ocrx_word' id='word_1_395' title='bbox 830 4862 987 4921; x_wconf 81' lang='lat' dir='ltr'><strong>atque</strong></span> <span class='ocrx_word' id='word_1_396' title='bbox 1030 4850 1208 4904; x_wconf 90' lang='lat' dir='ltr'><strong>omnia</strong></span> <span class='ocrx_word' id='word_1_397' title='bbox 1255 4866 1373 4921; x_wconf 78' lang='lat' dir='ltr'><strong>quae</strong></span> <span class='ocrx_word' id='word_1_398' title='bbox 1403 4865 1538 4920; x_wconf 90' lang='lat' dir='ltr'><strong>opus</strong></span> <span class='ocrx_word' id='word_1_399' title='bbox 1581 4860 1735 4904; x_wconf 90' lang='lat' dir='ltr'><strong>erant</strong></span> <span class='ocrx_word' id='word_1_400' title='bbox 1782 4850 2006 4906; x_wconf 82' lang='lat' dir='ltr'><strong>faceret.</strong></span> 
     </span>
    </p>
   </div>
   <div class='ocr_carea' id='block_1_51' title="bbox 443 4940 2008 5016">
    <p class='ocr_par' dir='ltr' id='par_1_51' title="bbox 443 4940 2008 5016">
     <span class='ocr_line' id='line_1_51' title="bbox 443 4940 2008 5016; baseline -0.004 -13"><span class='ocrx_word' id='word_1_401' title='bbox 443 4948 559 5005; x_wconf 89' lang='lat' dir='ltr'><strong>Duo</strong></span> <span class='ocrx_word' id='word_1_402' title='bbox 588 4947 747 5016; x_wconf 82' lang='lat' dir='ltr'><strong>igitur</strong></span> <span class='ocrx_word' id='word_1_403' title='bbox 777 4943 931 4999; x_wconf 81' lang='lat' dir='ltr'><strong>aﬁ&#39;ert</strong></span> <span class='ocrx_word' id='word_1_404' title='bbox 960 4942 1156 4997; x_wconf 87' lang='lat' dir='ltr'><strong>Paulus</strong></span> <span class='ocrx_word' id='word_1_405' title='bbox 1176 4982 1193 5009; x_wconf 91' lang='lat'><strong>,</strong></span> <span class='ocrx_word' id='word_1_406' title='bbox 1222 4957 1288 4997; x_wconf 80' lang='lat' dir='ltr'><strong>ex</strong></span> <span class='ocrx_word' id='word_1_407' title='bbox 1314 4942 1507 5011; x_wconf 86' lang='lat' dir='ltr'><strong>quibus</strong></span> <span class='ocrx_word' id='word_1_408' title='bbox 1537 4940 1613 4995; x_wconf 89' lang='lat' dir='ltr'><strong>illi</strong></span> <span class='ocrx_word' id='word_1_409' title='bbox 1639 4943 2008 4996; x_wconf 88' lang='lat' dir='ltr'><strong>auctoritatem</strong></span> 
     </span>
    </p>
   </div>
   <div class='ocr_carea' id='block_1_52' title="bbox 440 5032 2009 5102">
    <p class='ocr_par' dir='ltr' id='par_1_52' title="bbox 440 5032 2009 5102">
     <span class='ocr_line' id='line_1_52' title="bbox 440 5032 2009 5102; baseline -0.003 -9"><span class='ocrx_word' id='word_1_410' title='bbox 440 5057 506 5095; x_wconf 84' lang='lat' dir='ltr'><strong>ac</strong></span> <span class='ocrx_word' id='word_1_411' title='bbox 532 5038 885 5095; x_wconf 86' lang='lat' dir='ltr'><strong>reverentiam</strong></span> <span class='ocrx_word' id='word_1_412' title='bbox 916 5035 1166 5092; x_wconf 90' lang='lat' dir='ltr'><strong>conciliat</strong></span> <span class='ocrx_word' id='word_1_413' title='bbox 1193 5051 1206 5087; x_wconf 91' lang='lat'><strong>:</strong></span> <span class='ocrx_word' id='word_1_414' title='bbox 1237 5050 1398 5088; x_wconf 92' lang='lat' dir='ltr'><strong>unum</strong></span> <span class='ocrx_word' id='word_1_415' title='bbox 1442 5032 1689 5102; x_wconf 87' lang='lat' dir='ltr'><strong>quidem.</strong></span> <span class='ocrx_word' id='word_1_416' title='bbox 1723 5034 1811 5087; x_wconf 92' lang='lat' dir='ltr'><strong>ubi</strong></span> <span class='ocrx_word' id='word_1_417' title='bbox 1846 5033 2009 5099; x_wconf 87' lang='lat' dir='ltr'><strong>dicit,</strong></span> 
     </span>
    </p>
   </div>
   <div class='ocr_carea' id='block_1_53' title="bbox 442 5126 2003 5199">
    <p class='ocr_par' dir='ltr' id='par_1_53' title="bbox 442 5126 2003 5199">
     <span class='ocr_line' id='line_1_53' title="bbox 442 5126 2003 5199; baseline -0.002 -12"><span class='ocrx_word' id='word_1_418' title='bbox 442 5136 510 5187; x_wconf 81' lang='lat' dir='ltr'><strong>ad</strong></span> <span class='ocrx_word' id='word_1_419' title='bbox 538 5142 762 5186; x_wconf 89' lang='lat' dir='ltr'><strong>mortem</strong></span> <span class='ocrx_word' id='word_1_420' title='bbox 788 5144 955 5199; x_wconf 88' lang='lat' dir='ltr'><strong>usque</strong></span> <span class='ocrx_word' id='word_1_421' title='bbox 980 5142 1098 5181; x_wconf 91' lang='lat' dir='ltr'><strong>mea</strong></span> <span class='ocrx_word' id='word_1_422' title='bbox 1122 5142 1279 5181; x_wconf 90' lang='lat' dir='ltr'><strong>causa</strong></span> <span class='ocrx_word' id='word_1_423' title='bbox 1307 5126 1659 5196; x_wconf 89' lang='lat' dir='ltr'><strong>periclitatum</strong></span> <span class='ocrx_word' id='word_1_424' title='bbox 1685 5142 1803 5182; x_wconf 89' lang='lat' dir='ltr'><strong>esse</strong></span> <span class='ocrx_word' id='word_1_425' title='bbox 1826 5145 1841 5193; x_wconf 87' lang='lat'><strong>;</strong></span> <span class='ocrx_word' id='word_1_426' title='bbox 1870 5128 2003 5185; x_wconf 89' lang='lat' dir='ltr'><strong>alte-</strong></span> 
     </span>
    </p>
   </div>
   <div class='ocr_carea' id='block_1_54' title="bbox 445 5217 2016 5289">
    <p class='ocr_par' dir='ltr' id='par_1_54' title="bbox 445 5217 2016 5289">
     <span class='ocr_line' id='line_1_54' title="bbox 445 5217 2016 5289; baseline -0.001 -12"><span class='ocrx_word' id='word_1_427' title='bbox 445 5238 564 5277; x_wconf 87' lang='lat' dir='ltr'><strong>rum</strong></span> <span class='ocrx_word' id='word_1_428' title='bbox 607 5235 738 5275; x_wconf 87' lang='lat' dir='ltr'><strong>vero</strong></span> <span class='ocrx_word' id='word_1_429' title='bbox 757 5261 773 5286; x_wconf 93' lang='lat'><strong>,</strong></span> <span class='ocrx_word' id='word_1_430' title='bbox 802 5218 943 5289; x_wconf 91' lang='lat' dir='ltr'><strong>quod</strong></span> <span class='ocrx_word' id='word_1_431' title='bbox 972 5233 1253 5288; x_wconf 86' lang='lat' dir='ltr'><strong>personam</strong></span> <span class='ocrx_word' id='word_1_432' title='bbox 1281 5217 1510 5271; x_wconf 87' lang='lat' dir='ltr'><strong>civitatis</strong></span> <span class='ocrx_word' id='word_1_433' title='bbox 1535 5233 1728 5287; x_wconf 80' lang='lat' dir='ltr'><strong>gerens</strong></span> <span class='ocrx_word' id='word_1_434' title='bbox 1754 5217 1869 5273; x_wconf 68' lang='lat' dir='ltr'><strong>haec</strong></span> <span class='ocrx_word' id='word_1_435' title='bbox 1894 5236 2016 5289; x_wconf 91' lang='lat' dir='ltr'><strong>per-</strong></span> 
     </span>
    </p>
   </div>
   <div class='ocr_carea' id='block_1_55' title="bbox 447 5307 2014 5381">
    <p class='ocr_par' dir='ltr' id='par_1_55' title="bbox 447 5307 2014 5381">
     <span class='ocr_line' id='line_1_55' title="bbox 447 5307 2014 5381; baseline -0.001 -15"><span class='ocrx_word' id='word_1_436' title='bbox 447 5327 633 5381; x_wconf 86' lang='lat' dir='ltr'><strong>pessus</strong></span> <span class='ocrx_word' id='word_1_437' title='bbox 677 5308 838 5364; x_wconf 87' lang='lat' dir='ltr'><strong>fuerit</strong></span> <span class='ocrx_word' id='word_1_438' title='bbox 885 5327 898 5363; x_wconf 89' lang='lat'><strong>:</strong></span> <span class='ocrx_word' id='word_1_439' title='bbox 947 5317 1005 5362; x_wconf 88' lang='lat' dir='ltr'><strong>ut</strong></span> <span class='ocrx_word' id='word_1_440' title='bbox 1040 5309 1095 5362; x_wconf 90' lang='lat' dir='ltr'><strong>in</strong></span> <span class='ocrx_word' id='word_1_441' title='bbox 1134 5307 1372 5377; x_wconf 90' lang='lat' dir='ltr'><strong>periculo</strong></span> <span class='ocrx_word' id='word_1_442' title='bbox 1399 5307 1491 5361; x_wconf 91' lang='lat' dir='ltr'><strong>illo</strong></span> <span class='ocrx_word' id='word_1_443' title='bbox 1535 5308 1598 5361; x_wconf 92' lang='lat' dir='ltr'><strong>iis</strong></span> <span class='ocrx_word' id='word_1_444' title='bbox 1626 5307 1717 5377; x_wconf 92' lang='lat' dir='ltr'><strong>qui</strong></span> <span class='ocrx_word' id='word_1_445' title='bbox 1757 5309 2014 5364; x_wconf 90' lang='lat' dir='ltr'><strong>miserant</strong></span> 
     </span>
    </p>
   </div>
   <div class='ocr_carea' id='block_1_56' title="bbox 446 5398 2012 5471">
    <p class='ocr_par' dir='ltr' id='par_1_56' title="bbox 446 5398 2012 5471">
     <span class='ocr_line' id='line_1_56' title="bbox 446 5398 2012 5471; baseline -0.003 -12"><span class='ocrx_word' id='word_1_446' title='bbox 446 5418 655 5459; x_wconf 90' lang='lat' dir='ltr'><strong>merces</strong></span> <span class='ocrx_word' id='word_1_447' title='bbox 683 5402 989 5465; x_wconf 88' lang='lat' dir='ltr'><strong>deberetur,</strong></span> <span class='ocrx_word' id='word_1_448' title='bbox 1018 5399 1241 5470; x_wconf 90' lang='lat' dir='ltr'><strong>perinde</strong></span> <span class='ocrx_word' id='word_1_449' title='bbox 1266 5413 1328 5453; x_wconf 90' lang='lat' dir='ltr'><strong>ac</strong></span> <span class='ocrx_word' id='word_1_450' title='bbox 1360 5398 1406 5453; x_wconf 88' lang='lat' dir='ltr'><strong>si</strong></span> <span class='ocrx_word' id='word_1_451' title='bbox 1432 5399 1617 5454; x_wconf 89' lang='lat' dir='ltr'><strong>civitas</strong></span> <span class='ocrx_word' id='word_1_452' title='bbox 1646 5399 1879 5471; x_wconf 85' lang='lat' dir='ltr'><strong>legatum</strong></span> <span class='ocrx_word' id='word_1_453' title='bbox 1910 5402 2012 5455; x_wconf 83' lang='lat' dir='ltr'><strong>mi-</strong></span> 
     </span>
    </p>
   </div>
   <div class='ocr_carea' id='block_1_57' title="bbox 446 5491 2011 5563">
    <p class='ocr_par' dir='ltr' id='par_1_57' title="bbox 446 5491 2011 5563">
     <span class='ocr_line' id='line_1_57' title="bbox 446 5491 2011 5563; baseline -0.001 -13"><span class='ocrx_word' id='word_1_454' title='bbox 446 5496 623 5550; x_wconf 85' lang='lat' dir='ltr'><strong>sisset.</strong></span> <span class='ocrx_word' id='word_1_455' title='bbox 675 5494 815 5563; x_wconf 88' lang='lat' dir='ltr'><strong>Ergo</strong></span> <span class='ocrx_word' id='word_1_456' title='bbox 852 5494 1103 5561; x_wconf 78' lang='lat' dir='ltr'><strong>excipere</strong></span> <span class='ocrx_word' id='word_1_457' title='bbox 1145 5492 1291 5545; x_wconf 92' lang='lat' dir='ltr'><strong>illum</strong></span> <span class='ocrx_word' id='word_1_458' title='bbox 1331 5506 1451 5545; x_wconf 92' lang='lat' dir='ltr'><strong>cum</strong></span> <span class='ocrx_word' id='word_1_459' title='bbox 1481 5491 1708 5562; x_wconf 91' lang='lat' dir='ltr'><strong>quodam</strong></span> <span class='ocrx_word' id='word_1_460' title='bbox 1754 5493 2011 5561; x_wconf 87' lang='lat' dir='ltr'><strong>obsequio</strong></span> 
     </span>
    </p>
   </div>
   <div class='ocr_carea' id='block_1_58' title="bbox 445 5583 2011 5657">
    <p class='ocr_par' dir='ltr' id='par_1_58' title="bbox 445 5583 2011 5657">
     <span class='ocr_line' id='line_1_58' title="bbox 445 5583 2011 5657; baseline -0.001 -15"><span class='ocrx_word' id='word_1_461' title='bbox 445 5587 601 5657; x_wconf 84' lang='lat' dir='ltr'><strong>eique</strong></span> <span class='ocrx_word' id='word_1_462' title='bbox 643 5587 838 5655; x_wconf 77' lang='lat' dir='ltr'><strong>gratias</strong></span> <span class='ocrx_word' id='word_1_463' title='bbox 883 5600 1042 5656; x_wconf 88' lang='lat' dir='ltr'><strong>agere</strong></span> <span class='ocrx_word' id='word_1_464' title='bbox 1084 5584 1151 5639; x_wconf 92' lang='lat' dir='ltr'><strong>de</strong></span> <span class='ocrx_word' id='word_1_465' title='bbox 1190 5583 1382 5638; x_wconf 85' lang='lat' dir='ltr'><strong>ofﬁciis</strong></span> <span class='ocrx_word' id='word_1_466' title='bbox 1422 5584 1537 5653; x_wconf 89' lang='lat' dir='ltr'><strong>ejus</strong></span> <span class='ocrx_word' id='word_1_467' title='bbox 1562 5626 1577 5651; x_wconf 93' lang='lat'><strong>,</strong></span> <span class='ocrx_word' id='word_1_468' title='bbox 1609 5586 1744 5638; x_wconf 85' lang='lat' dir='ltr'><strong>ratio</strong></span> <span class='ocrx_word' id='word_1_469' title='bbox 1770 5585 2011 5656; x_wconf 74' lang='lat' dir='ltr'><strong>qttzedatn</strong></span> 
     </span>
    </p>
   </div>
   <div class='ocr_carea' id='block_1_59' title="bbox 447 5675 2009 5748">
    <p class='ocr_par' dir='ltr' id='par_1_59' title="bbox 447 5675 2009 5748">
     <span class='ocr_line' id='line_1_59' title="bbox 447 5675 2009 5748; baseline -0.002 -16"><span class='ocrx_word' id='word_1_470' title='bbox 447 5679 549 5733; x_wconf 86' lang='lat' dir='ltr'><strong>erit</strong></span> <span class='ocrx_word' id='word_1_471' title='bbox 590 5692 693 5748; x_wconf 90' lang='lat' dir='ltr'><strong>qua</strong></span> <span class='ocrx_word' id='word_1_472' title='bbox 737 5677 968 5746; x_wconf 89' lang='lat' dir='ltr'><strong>pericula</strong></span> <span class='ocrx_word' id='word_1_473' title='bbox 998 5684 1052 5730; x_wconf 89' lang='lat' dir='ltr'><strong>et</strong></span> <span class='ocrx_word' id='word_1_474' title='bbox 1082 5675 1215 5729; x_wconf 84' lang='lat' dir='ltr'><strong>facta</strong></span> <span class='ocrx_word' id='word_1_475' title='bbox 1245 5682 1427 5729; x_wconf 89' lang='lat' dir='ltr'><strong>nostra</strong></span> <span class='ocrx_word' id='word_1_476' title='bbox 1466 5676 1636 5743; x_wconf 82' lang='lat' dir='ltr'><strong>magis</strong></span> <span class='ocrx_word' id='word_1_477' title='bbox 1662 5675 1836 5730; x_wconf 88' lang='lat' dir='ltr'><strong>adhuc</strong></span> <span class='ocrx_word' id='word_1_478' title='bbox 1863 5691 2009 5730; x_wconf 82' lang='lat' dir='ltr'><strong>com-</strong></span> 
     </span>
    </p>
   </div>
   <div class='ocr_carea' id='block_1_60' title="bbox 454 5764 2008 5836">
    <p class='ocr_par' dir='ltr' id='par_1_60' title="bbox 454 5764 2008 5836">
     <span class='ocr_line' id='line_1_60' title="bbox 454 5764 2008 5836; baseline -0.001 -11"><span class='ocrx_word' id='word_1_479' title='bbox 454 5771 631 5825; x_wconf 91' lang='lat' dir='ltr'><strong>munia</strong></span> <span class='ocrx_word' id='word_1_480' title='bbox 661 5770 811 5825; x_wconf 89' lang='lat' dir='ltr'><strong>vobis</strong></span> <span class='ocrx_word' id='word_1_481' title='bbox 848 5766 1069 5823; x_wconf 77' lang='lat' dir='ltr'><strong>facietis.</strong></span> <span class='ocrx_word' id='word_1_482' title='bbox 1099 5765 1278 5836; x_wconf 81' lang='lat' dir='ltr'><strong>Neque</strong></span> <span class='ocrx_word' id='word_1_483' title='bbox 1315 5765 1480 5833; x_wconf 74' lang='lat' dir='ltr'><strong>dixit,</strong></span> <span class='ocrx_word' id='word_1_484' title='bbox 1525 5764 1635 5822; x_wconf 81' lang='lat' dir='ltr'><strong>Mea</strong></span> <span class='ocrx_word' id='word_1_485' title='bbox 1682 5782 1870 5836; x_wconf 89' lang='lat' dir='ltr'><strong>causa,</strong></span> <span class='ocrx_word' id='word_1_486' title='bbox 1914 5768 2008 5824; x_wconf 81' lang='lat' dir='ltr'><strong>sed</strong></span> 
     </span>
    </p>
   </div>
   <div class='ocr_carea' id='block_1_61' title="bbox 1298 333 2758 395">
    <p class='ocr_par' dir='ltr' id='par_1_61' title="bbox 1298 333 2758 395">
     <span class='ocr_line' id='line_1_61' title="bbox 1298 333 2758 395; baseline 0.002 -3"><span class='ocrx_word' id='word_1_487' title='bbox 1298 338 1364 395; x_wconf 87' lang='lat' dir='ltr'><strong>IN</strong></span> <span class='ocrx_word' id='word_1_488' title='bbox 1401 337 1610 395; x_wconf 82' lang='lat' dir='ltr'><strong>EPIST.</strong></span> <span class='ocrx_word' id='word_1_489' title='bbox 1650 337 1741 392; x_wconf 82' lang='lat' dir='ltr'><strong>AD</strong></span> <span class='ocrx_word' id='word_1_490' title='bbox 1780 333 2063 390; x_wconf 79' lang='lat' dir='ltr'><strong>PHILIPP.</strong></span> <span class='ocrx_word' id='word_1_491' title='bbox 2104 336 2255 391; x_wconf 74' lang='lat' dir='ltr'><strong>CAP.</strong></span> <span class='ocrx_word' id='word_1_492' title='bbox 2296 336 2357 390; x_wconf 91' lang='lat' dir='ltr'><strong>II.</strong></span> <span class='ocrx_word' id='word_1_493' title='bbox 2398 336 2625 393; x_wconf 82' lang='lat' dir='ltr'><strong>HOMIL.</strong></span> <span class='ocrx_word' id='word_1_494' title='bbox 2669 339 2758 395; x_wconf 86' lang='lat' dir='ltr'><strong>IX.</strong></span> 
     </span>
    </p>
   </div>
   <div class='ocr_carea' id='block_1_62' title="bbox 3549 343 3654 399">
    <p class='ocr_par' dir='ltr' id='par_1_62' title="bbox 3549 343 3654 399">
     <span class='ocr_line' id='line_1_62' title="bbox 3549 343 3654 399; baseline -0.019 0"><span class='ocrx_word' id='word_1_495' title='bbox 3549 343 3654 399; x_wconf 66' lang='lat'><strong>250</strong></span> 
     </span>
    </p>
   </div>
   <div class='ocr_carea' id='block_1_63' title="bbox 2083 449 3655 525">
    <p class='ocr_par' dir='ltr' id='par_1_63' title="bbox 2083 449 3655 525">
     <span class='ocr_line' id='line_1_63' title="bbox 2083 449 3655 525; baseline 0.004 -24"><span class='ocrx_word' id='word_1_496' title='bbox 2083 449 2309 503; x_wconf 89' lang='lat' dir='ltr'><strong>orationi</strong></span> <span class='ocrx_word' id='word_1_497' title='bbox 2338 449 2539 504; x_wconf 86' lang='lat' dir='ltr'><strong>addens</strong></span> <span class='ocrx_word' id='word_1_498' title='bbox 2569 452 2937 507; x_wconf 85' lang='lat' dir='ltr'><strong>auctoritatem</strong></span> <span class='ocrx_word' id='word_1_499' title='bbox 2963 467 3027 507; x_wconf 91' lang='lat' dir='ltr'><strong>ac</strong></span> <span class='ocrx_word' id='word_1_500' title='bbox 3060 452 3216 507; x_wconf 91' lang='lat' dir='ltr'><strong>ﬁdem</strong></span> <span class='ocrx_word' id='word_1_501' title='bbox 3238 494 3253 517; x_wconf 88' lang='lat'><strong>,</strong></span> <span class='ocrx_word' id='word_1_502' title='bbox 3278 453 3480 525; x_wconf 89' lang='lat' dir='ltr'><strong>inquit,</strong></span> <span class='ocrx_word' id='word_1_503' title='bbox 3526 453 3655 507; x_wconf 86' lang='lat' dir='ltr'><strong>Pro-</strong></span> 
     </span>
    </p>
   </div>
   <div class='ocr_carea' id='block_1_64' title="bbox 2082 540 3655 615">
    <p class='ocr_par' dir='ltr' id='par_1_64' title="bbox 2082 540 3655 615">
     <span class='ocr_line' id='line_1_64' title="bbox 2082 540 3655 615; baseline 0.004 -24"><span class='ocrx_word' id='word_1_504' title='bbox 2082 550 2193 610; x_wconf 81' lang='lat' dir='ltr'><strong>pter</strong></span> <span class='ocrx_word' id='word_1_505' title='bbox 2213 557 2340 608; x_wconf 86' lang='lat' dir='ltr'><strong>opus</strong></span> <span class='ocrx_word' id='word_1_506' title='bbox 2366 540 2484 597; x_wconf 89' lang='lat' dir='ltr'><strong>Dei.</strong></span> <span class='ocrx_word' id='word_1_507' title='bbox 2501 540 2623 595; x_wconf 84' lang='lat' dir='ltr'><strong>‘Non</strong></span> <span class='ocrx_word' id='word_1_508' title='bbox 2653 542 2796 597; x_wconf 89' lang='lat' dir='ltr'><strong>enim</strong></span> <span class='ocrx_word' id='word_1_509' title='bbox 2824 558 2942 598; x_wconf 89' lang='lat' dir='ltr'><strong>mea</strong></span> <span class='ocrx_word' id='word_1_510' title='bbox 2968 558 3125 599; x_wconf 88' lang='lat' dir='ltr'><strong>causa</strong></span> <span class='ocrx_word' id='word_1_511' title='bbox 3152 545 3294 611; x_wconf 83' lang='lat' dir='ltr'><strong>facit,</strong></span> <span class='ocrx_word' id='word_1_512' title='bbox 3324 545 3417 601; x_wconf 80' lang='lat' dir='ltr'><strong>sed</strong></span> <span class='ocrx_word' id='word_1_513' title='bbox 3440 555 3655 615; x_wconf 87' lang='lat' dir='ltr'><strong>propter</strong></span> 
     </span>
    </p>
   </div>
   <div class='ocr_carea' id='block_1_65' title="bbox 2085 631 3655 706">
    <p class='ocr_par' dir='ltr' id='par_1_65' title="bbox 2085 631 3655 706">
     <span class='ocr_line' id='line_1_65' title="bbox 2085 631 3655 706; baseline 0.002 -18"><span class='ocrx_word' id='word_1_514' title='bbox 2085 631 2275 688; x_wconf 90' lang='lat' dir='ltr'><strong>Deum.</strong></span> <span class='ocrx_word' id='word_1_515' title='bbox 2304 632 2474 705; x_wconf 88' lang='lat' dir='ltr'><strong>Usque</strong></span> <span class='ocrx_word' id='word_1_516' title='bbox 2495 635 2565 689; x_wconf 88' lang='lat' dir='ltr'><strong>ad</strong></span> <span class='ocrx_word' id='word_1_517' title='bbox 2589 646 2798 691; x_wconf 85' lang='lat' dir='ltr'><strong>mortem</strong></span> <span class='ocrx_word' id='word_1_518' title='bbox 2818 639 3044 692; x_wconf 87' lang='lat' dir='ltr'><strong>accessit.</strong></span> <span class='ocrx_word' id='word_1_519' title='bbox 3070 637 3208 706; x_wconf 86' lang='lat' dir='ltr'><strong>Quid</strong></span> <span class='ocrx_word' id='word_1_520' title='bbox 3232 638 3415 693; x_wconf 80' lang='lat' dir='ltr'><strong>enim?</strong></span> <span class='ocrx_word' id='word_1_521' title='bbox 3443 640 3655 693; x_wconf 75' lang='lat' dir='ltr'><strong>tametsi</strong></span> 
     </span>
    </p>
   </div>
   <div class='ocr_carea' id='block_1_66' title="bbox 2083 724 3650 799">
    <p class='ocr_par' dir='ltr' id='par_1_66' title="bbox 2083 724 3650 799">
     <span class='ocr_line' id='line_1_66' title="bbox 2083 724 3650 799; baseline 0.004 -22"><span class='ocrx_word' id='word_1_522' title='bbox 2083 724 2301 778; x_wconf 87' lang='lat' dir='ltr'><strong>minime</strong></span> <span class='ocrx_word' id='word_1_523' title='bbox 2340 724 2505 792; x_wconf 88' lang='lat' dir='ltr'><strong>obiit,</strong></span> <span class='ocrx_word' id='word_1_524' title='bbox 2540 727 2650 783; x_wconf 90' lang='lat' dir='ltr'><strong>Deo</strong></span> <span class='ocrx_word' id='word_1_525' title='bbox 2691 728 2744 782; x_wconf 91' lang='lat' dir='ltr'><strong>id</strong></span> <span class='ocrx_word' id='word_1_526' title='bbox 2787 726 3150 798; x_wconf 73' lang='lat' dir='ltr'><strong>gubernante,</strong></span> <span class='ocrx_word' id='word_1_527' title='bbox 3182 728 3298 799; x_wconf 89' lang='lat' dir='ltr'><strong>ipse</strong></span> <span class='ocrx_word' id='word_1_528' title='bbox 3324 738 3499 784; x_wconf 85' lang='lat' dir='ltr'><strong>tamen</strong></span> <span class='ocrx_word' id='word_1_529' title='bbox 3532 731 3650 787; x_wconf 83' lang='lat' dir='ltr'><strong>nqu</strong></span> 
     </span>
    </p>
   </div>
   <div class='ocr_carea' id='block_1_67' title="bbox 2085 812 3653 890">
    <p class='ocr_par' dir='ltr' id='par_1_67' title="bbox 2085 812 3653 890">
     <span class='ocr_line' id='line_1_67' title="bbox 2085 812 3653 890; baseline 0.005 -23"><span class='ocrx_word' id='word_1_530' title='bbox 2085 812 2190 868; x_wconf 89' lang='lat' dir='ltr'><strong>lam</strong></span> <span class='ocrx_word' id='word_1_531' title='bbox 2212 815 2335 869; x_wconf 64' lang='lat' dir='ltr'><strong>vitae</strong></span> <span class='ocrx_word' id='word_1_532' title='bbox 2355 831 2467 872; x_wconf 67' lang='lat' dir='ltr'><strong>suae</strong></span> <span class='ocrx_word' id='word_1_533' title='bbox 2491 819 2753 874; x_wconf 88' lang='lat' dir='ltr'><strong>rationem</strong></span> <span class='ocrx_word' id='word_1_534' title='bbox 2784 818 3006 885; x_wconf 89' lang='lat' dir='ltr'><strong>habuit,</strong></span> <span class='ocrx_word' id='word_1_535' title='bbox 3032 834 3095 875; x_wconf 90' lang='lat' dir='ltr'><strong>ac</strong></span> <span class='ocrx_word' id='word_1_536' title='bbox 3126 819 3343 875; x_wconf 90' lang='lat' dir='ltr'><strong>tradidit</strong></span> <span class='ocrx_word' id='word_1_537' title='bbox 3379 820 3613 890; x_wconf 87' lang='lat' dir='ltr'><strong>seipsum</strong></span> <span class='ocrx_word' id='word_1_538' title='bbox 3637 838 3653 885; x_wconf 89' lang='lat'><strong>;</strong></span> 
     </span>
    </p>
   </div>
   <div class='ocr_carea' id='block_1_68' title="bbox 2084 906 3657 981">
    <p class='ocr_par' dir='ltr' id='par_1_68' title="bbox 2084 906 3657 981">
     <span class='ocr_line' id='line_1_68' title="bbox 2084 906 3657 981; baseline 0.004 -18"><span class='ocrx_word' id='word_1_539' title='bbox 2084 917 2180 975; x_wconf 92' lang='lat' dir='ltr'><strong>ut,</strong></span> <span class='ocrx_word' id='word_1_540' title='bbox 2207 906 2459 979; x_wconf 90' lang='lat' dir='ltr'><strong>quidquid</strong></span> <span class='ocrx_word' id='word_1_541' title='bbox 2486 910 2821 967; x_wconf 88' lang='lat' dir='ltr'><strong>subeundum</strong></span> <span class='ocrx_word' id='word_1_542' title='bbox 2845 911 2975 981; x_wconf 90' lang='lat' dir='ltr'><strong>fuit,</strong></span> <span class='ocrx_word' id='word_1_543' title='bbox 3006 927 3111 968; x_wconf 92' lang='lat' dir='ltr'><strong>non</strong></span> <span class='ocrx_word' id='word_1_544' title='bbox 3140 927 3170 966; x_wconf 91' lang='lat' dir='ltr'><strong>a</strong></span> <span class='ocrx_word' id='word_1_545' title='bbox 3197 913 3503 981; x_wconf 59' lang='lat' dir='ltr'><strong>praestando</strong></span> <span class='ocrx_word' id='word_1_546' title='bbox 3525 914 3657 970; x_wconf 89' lang='lat' dir='ltr'><strong>mihi</strong></span> 
     </span>
    </p>
   </div>
   <div class='ocr_carea' id='block_1_69' title="bbox 2084 1002 3659 1073">
    <p class='ocr_par' dir='ltr' id='par_1_69' title="bbox 2084 1002 3659 1073">
     <span class='ocr_line' id='line_1_69' title="bbox 2084 1002 3659 1073; baseline 0.004 -17"><span class='ocrx_word' id='word_1_547' title='bbox 2084 1002 2380 1059; x_wconf 89' lang='lat' dir='ltr'><strong>ministerio</strong></span> <span class='ocrx_word' id='word_1_548' title='bbox 2419 1013 2747 1059; x_wconf 89' lang='lat' dir='ltr'><strong>cessaturus.</strong></span> <span class='ocrx_word' id='word_1_549' title='bbox 2778 1004 2931 1073; x_wconf 88' lang='lat' dir='ltr'><strong>Quod</strong></span> <span class='ocrx_word' id='word_1_550' title='bbox 2957 1006 3002 1065; x_wconf 88' lang='lat' dir='ltr'><strong>si</strong></span> <span class='ocrx_word' id='word_1_551' title='bbox 3032 1015 3088 1060; x_wconf 92' lang='lat' dir='ltr'><strong>ut</strong></span> <span class='ocrx_word' id='word_1_552' title='bbox 3122 1004 3287 1060; x_wconf 88' lang='lat' dir='ltr'><strong>Paulo</strong></span> <span class='ocrx_word' id='word_1_553' title='bbox 3328 1005 3659 1062; x_wconf 78' lang='lat' dir='ltr'><strong>ministraret</strong></span> 
     </span>
    </p>
   </div>
   <div class='ocr_carea' id='block_1_70' title="bbox 2084 1093 3658 1168">
    <p class='ocr_par' dir='ltr' id='par_1_70' title="bbox 2084 1093 3658 1168">
     <span class='ocr_line' id='line_1_70' title="bbox 2084 1093 3658 1168; baseline 0.003 -20"><span class='ocrx_word' id='word_1_554' title='bbox 2084 1093 2322 1163; x_wconf 89' lang='lat' dir='ltr'><strong>seipsum</strong></span> <span class='ocrx_word' id='word_1_555' title='bbox 2350 1096 2509 1150; x_wconf 88' lang='lat' dir='ltr'><strong>morti</strong></span> <span class='ocrx_word' id='word_1_556' title='bbox 2536 1097 2785 1165; x_wconf 79' lang='lat' dir='ltr'><strong>exposuit</strong></span> <span class='ocrx_word' id='word_1_557' title='bbox 2807 1138 2822 1163; x_wconf 91' lang='lat'><strong>,</strong></span> <span class='ocrx_word' id='word_1_558' title='bbox 2852 1097 3022 1152; x_wconf 91' lang='lat' dir='ltr'><strong>multo</strong></span> <span class='ocrx_word' id='word_1_559' title='bbox 3048 1098 3219 1168; x_wconf 85' lang='lat' dir='ltr'><strong>magis</strong></span> <span class='ocrx_word' id='word_1_560' title='bbox 3260 1113 3358 1168; x_wconf 91' lang='lat' dir='ltr'><strong>pro</strong></span> <span class='ocrx_word' id='word_1_561' title='bbox 3398 1097 3658 1168; x_wconf 66' lang='lat' dir='ltr'><strong>praedica-</strong></span> 
     </span>
    </p>
   </div>
   <div class='ocr_carea' id='block_1_71' title="bbox 2088 1184 3657 1258">
    <p class='ocr_par' dir='ltr' id='par_1_71' title="bbox 2088 1184 3657 1258">
     <span class='ocr_line' id='line_1_71' title="bbox 2088 1184 3657 1258; baseline 0.004 -21"><span class='ocrx_word' id='word_1_562' title='bbox 2088 1184 2233 1240; x_wconf 92' lang='lat' dir='ltr'><strong>tione</strong></span> <span class='ocrx_word' id='word_1_563' title='bbox 2262 1184 2314 1239; x_wconf 93' lang='lat' dir='ltr'><strong>id</strong></span> <span class='ocrx_word' id='word_1_564' title='bbox 2340 1184 2628 1251; x_wconf 89' lang='lat' dir='ltr'><strong>subiisset;</strong></span> <span class='ocrx_word' id='word_1_565' title='bbox 2658 1187 2767 1242; x_wconf 91' lang='lat' dir='ltr'><strong>imo</strong></span> <span class='ocrx_word' id='word_1_566' title='bbox 2810 1202 2944 1243; x_wconf 90' lang='lat' dir='ltr'><strong>vero</strong></span> <span class='ocrx_word' id='word_1_567' title='bbox 2986 1202 3084 1258; x_wconf 90' lang='lat' dir='ltr'><strong>pro</strong></span> <span class='ocrx_word' id='word_1_568' title='bbox 3129 1188 3296 1243; x_wconf 93' lang='lat' dir='ltr'><strong>Paulo</strong></span> <span class='ocrx_word' id='word_1_569' title='bbox 3323 1189 3482 1253; x_wconf 89' lang='lat' dir='ltr'><strong>mori,</strong></span> <span class='ocrx_word' id='word_1_570' title='bbox 3513 1187 3657 1243; x_wconf 90' lang='lat' dir='ltr'><strong>idem</strong></span> 
     </span>
    </p>
   </div>
   <div class='ocr_carea' id='block_1_72' title="bbox 2085 1277 3658 1346">
    <p class='ocr_par' dir='ltr' id='par_1_72' title="bbox 2085 1277 3658 1346">
     <span class='ocr_line' id='line_1_72' title="bbox 2085 1277 3658 1346; baseline 0.003 -16"><span class='ocrx_word' id='word_1_571' title='bbox 2085 1284 2201 1330; x_wconf 91' lang='lat' dir='ltr'><strong>erat</strong></span> <span class='ocrx_word' id='word_1_572' title='bbox 2222 1291 2285 1331; x_wconf 92' lang='lat' dir='ltr'><strong>ac</strong></span> <span class='ocrx_word' id='word_1_573' title='bbox 2310 1292 2406 1346; x_wconf 92' lang='lat' dir='ltr'><strong>pro</strong></span> <span class='ocrx_word' id='word_1_574' title='bbox 2432 1277 2827 1346; x_wconf 85' lang='lat' dir='ltr'><strong>praedicatione.</strong></span> <span class='ocrx_word' id='word_1_575' title='bbox 2850 1278 2998 1335; x_wconf 90' lang='lat' dir='ltr'><strong>Licet</strong></span> <span class='ocrx_word' id='word_1_576' title='bbox 3023 1280 3164 1335; x_wconf 89' lang='lat' dir='ltr'><strong>enim</strong></span> <span class='ocrx_word' id='word_1_577' title='bbox 3183 1321 3200 1346; x_wconf 90' lang='lat'><strong>,</strong></span> <span class='ocrx_word' id='word_1_578' title='bbox 3230 1295 3336 1335; x_wconf 89' lang='lat' dir='ltr'><strong>non</strong></span> <span class='ocrx_word' id='word_1_579' title='bbox 3362 1290 3567 1335; x_wconf 91' lang='lat' dir='ltr'><strong>tantum</strong></span> <span class='ocrx_word' id='word_1_580' title='bbox 3588 1296 3658 1335; x_wconf 87' lang='lat' dir='ltr'><strong>ne</strong></span> 
     </span>
    </p>
   </div>
   <div class='ocr_carea' id='block_1_73' title="bbox 2084 1368 3655 1444">
    <p class='ocr_par' dir='ltr' id='par_1_73' title="bbox 2084 1368 3655 1444">
     <span class='ocr_line' id='line_1_73' title="bbox 2084 1368 3655 1444; baseline 0.002 -21"><span class='ocrx_word' id='word_1_581' title='bbox 2084 1368 2244 1424; x_wconf 83' lang='lat' dir='ltr'><strong>idolis</strong></span> <span class='ocrx_word' id='word_1_582' title='bbox 2287 1369 2599 1440; x_wconf 79' lang='lat' dir='ltr'><strong>sacriﬁces,</strong></span> <span class='ocrx_word' id='word_1_583' title='bbox 2639 1372 2880 1444; x_wconf 81' lang='lat' dir='ltr'><strong>martyrii</strong></span> <span class='ocrx_word' id='word_1_584' title='bbox 2924 1387 3178 1428; x_wconf 90' lang='lat' dir='ltr'><strong>coronam</strong></span> <span class='ocrx_word' id='word_1_585' title='bbox 3224 1373 3514 1444; x_wconf 88' lang='lat' dir='ltr'><strong>consequi,</strong></span> <span class='ocrx_word' id='word_1_586' title='bbox 3560 1372 3655 1427; x_wconf 90' lang='lat' dir='ltr'><strong>sed</strong></span> 
     </span>
    </p>
   </div>
   <div class='ocr_carea' id='block_1_74' title="bbox 2086 1460 3658 1537">
    <p class='ocr_par' dir='ltr' id='par_1_74' title="bbox 2086 1460 3658 1537">
     <span class='ocr_line' id='line_1_74' title="bbox 2086 1460 3658 1537; baseline 0.003 -21"><span class='ocrx_word' id='word_1_587' title='bbox 2086 1460 2348 1531; x_wconf 83' lang='lat' dir='ltr'><strong>ejusmodi</strong></span> <span class='ocrx_word' id='word_1_588' title='bbox 2373 1465 2534 1518; x_wconf 89' lang='lat' dir='ltr'><strong>etiam</strong></span> <span class='ocrx_word' id='word_1_589' title='bbox 2565 1466 2877 1521; x_wconf 85' lang='lat' dir='ltr'><strong>occasiones</strong></span> <span class='ocrx_word' id='word_1_590' title='bbox 2900 1467 3214 1537; x_wconf 87' lang='lat' dir='ltr'><strong>martyrium</strong></span> <span class='ocrx_word' id='word_1_591' title='bbox 3241 1466 3474 1531; x_wconf 88' lang='lat' dir='ltr'><strong>faciunt;</strong></span> <span class='ocrx_word' id='word_1_592' title='bbox 3504 1481 3589 1531; x_wconf 89' lang='lat' dir='ltr'><strong>ac,</strong></span> <span class='ocrx_word' id='word_1_593' title='bbox 3610 1466 3658 1520; x_wconf 83' lang='lat' dir='ltr'><strong>si</strong></span> 
     </span>
    </p>
   </div>
   <div class='ocr_carea' id='block_1_75' title="bbox 2087 1553 3657 1630">
    <p class='ocr_par' dir='ltr' id='par_1_75' title="bbox 2087 1553 3657 1630">
     <span class='ocr_line' id='line_1_75' title="bbox 2087 1553 3657 1630; baseline 0.004 -24"><span class='ocrx_word' id='word_1_594' title='bbox 2087 1553 2397 1611; x_wconf 89' lang='lat' dir='ltr'><strong>admirabile</strong></span> <span class='ocrx_word' id='word_1_595' title='bbox 2423 1556 2672 1625; x_wconf 89' lang='lat' dir='ltr'><strong>quiddam</strong></span> <span class='ocrx_word' id='word_1_596' title='bbox 2702 1558 2987 1614; x_wconf 89' lang='lat' dir='ltr'><strong>dicendum</strong></span> <span class='ocrx_word' id='word_1_597' title='bbox 3015 1567 3103 1615; x_wconf 89' lang='lat' dir='ltr'><strong>est</strong></span> <span class='ocrx_word' id='word_1_598' title='bbox 3121 1600 3136 1625; x_wconf 96' lang='lat'><strong>,</strong></span> <span class='ocrx_word' id='word_1_599' title='bbox 3169 1559 3338 1629; x_wconf 82' lang='lat' dir='ltr'><strong>magis</strong></span> <span class='ocrx_word' id='word_1_600' title='bbox 3386 1559 3469 1614; x_wconf 68' lang='lat' dir='ltr'><strong>hae</strong></span> <span class='ocrx_word' id='word_1_601' title='bbox 3498 1575 3657 1630; x_wconf 84' lang='lat' dir='ltr'><strong>quam</strong></span> 
     </span>
    </p>
   </div>
   <div class='ocr_carea' id='block_1_76' title="bbox 2088 1645 3658 1717">
    <p class='ocr_par' dir='ltr' id='par_1_76' title="bbox 2088 1645 3658 1717">
     <span class='ocr_line' id='line_1_76' title="bbox 2088 1645 3658 1717; baseline 0.004 -18"><span class='ocrx_word' id='word_1_602' title='bbox 2088 1646 2211 1699; x_wconf 85' lang='lat' dir='ltr'><strong>illae.</strong></span> <span class='ocrx_word' id='word_1_603' title='bbox 2241 1645 2374 1701; x_wconf 89' lang='lat' dir='ltr'><strong>Nam</strong></span> <span class='ocrx_word' id='word_1_604' title='bbox 2398 1647 2489 1717; x_wconf 93' lang='lat' dir='ltr'><strong>qui</strong></span> <span class='ocrx_word' id='word_1_605' title='bbox 2513 1648 2720 1703; x_wconf 85' lang='lat' dir='ltr'><strong>minore</strong></span> <span class='ocrx_word' id='word_1_606' title='bbox 2742 1648 2808 1703; x_wconf 86' lang='lat' dir='ltr'><strong>de</strong></span> <span class='ocrx_word' id='word_1_607' title='bbox 2833 1663 2991 1704; x_wconf 86' lang='lat' dir='ltr'><strong>causa</strong></span> <span class='ocrx_word' id='word_1_608' title='bbox 3018 1658 3243 1704; x_wconf 89' lang='lat' dir='ltr'><strong>mortem</strong></span> <span class='ocrx_word' id='word_1_609' title='bbox 3275 1650 3457 1706; x_wconf 86' lang='lat' dir='ltr'><strong>subire</strong></span> <span class='ocrx_word' id='word_1_610' title='bbox 3476 1650 3658 1714; x_wconf 86' lang='lat' dir='ltr'><strong>audet,</strong></span> 
     </span>
    </p>
   </div>
   <div class='ocr_carea' id='block_1_77' title="bbox 2086 1739 3654 1813">
    <p class='ocr_par' dir='ltr' id='par_1_77' title="bbox 2086 1739 3654 1813">
     <span class='ocr_line' id='line_1_77' title="bbox 2086 1739 3654 1813; baseline 0.003 -20"><span class='ocrx_word' id='word_1_611' title='bbox 2086 1739 2255 1794; x_wconf 90' lang='lat' dir='ltr'><strong>multo</strong></span> <span class='ocrx_word' id='word_1_612' title='bbox 2273 1739 2439 1810; x_wconf 89' lang='lat' dir='ltr'><strong>magis</strong></span> <span class='ocrx_word' id='word_1_613' title='bbox 2464 1739 2698 1805; x_wconf 88' lang='lat' dir='ltr'><strong>audebit,</strong></span> <span class='ocrx_word' id='word_1_614' title='bbox 2731 1740 2819 1796; x_wconf 92' lang='lat' dir='ltr'><strong>ubi</strong></span> <span class='ocrx_word' id='word_1_615' title='bbox 2844 1755 2932 1797; x_wconf 87' lang='lat' dir='ltr'><strong>res</strong></span> <span class='ocrx_word' id='word_1_616' title='bbox 2958 1740 3125 1812; x_wconf 85' lang='lat' dir='ltr'><strong>major</strong></span> <span class='ocrx_word' id='word_1_617' title='bbox 3155 1750 3362 1813; x_wconf 86' lang='lat' dir='ltr'><strong>agatur.</strong></span> <span class='ocrx_word' id='word_1_618' title='bbox 3384 1742 3654 1810; x_wconf 87' lang='lat' dir='ltr'><strong>Quamob-</strong></span> 
     </span>
    </p>
   </div>
   <div class='ocr_carea' id='block_1_78' title="bbox 2090 1833 3663 1904">
    <p class='ocr_par' dir='ltr' id='par_1_78' title="bbox 2090 1833 3663 1904">
     <span class='ocr_line' id='line_1_78' title="bbox 2090 1833 3663 1904; baseline 0.003 -17"><span class='ocrx_word' id='word_1_619' title='bbox 2090 1847 2204 1888; x_wconf 90' lang='lat' dir='ltr'><strong>rem</strong></span> <span class='ocrx_word' id='word_1_620' title='bbox 2248 1840 2304 1888; x_wconf 91' lang='lat' dir='ltr'><strong>et</strong></span> <span class='ocrx_word' id='word_1_621' title='bbox 2339 1848 2469 1897; x_wconf 88' lang='lat' dir='ltr'><strong>nos,</strong></span> <span class='ocrx_word' id='word_1_622' title='bbox 2496 1848 2617 1889; x_wconf 92' lang='lat' dir='ltr'><strong>cum</strong></span> <span class='ocrx_word' id='word_1_623' title='bbox 2647 1841 2862 1889; x_wconf 89' lang='lat' dir='ltr'><strong>sanctos</strong></span> <span class='ocrx_word' id='word_1_624' title='bbox 2882 1833 2934 1887; x_wconf 92' lang='lat' dir='ltr'><strong>in</strong></span> <span class='ocrx_word' id='word_1_625' title='bbox 2960 1834 3212 1904; x_wconf 87' lang='lat' dir='ltr'><strong>periculis</strong></span> <span class='ocrx_word' id='word_1_626' title='bbox 3237 1835 3438 1890; x_wconf 85' lang='lat' dir='ltr'><strong>versari</strong></span> <span class='ocrx_word' id='word_1_627' title='bbox 3468 1835 3663 1892; x_wconf 80' lang='lat' dir='ltr'><strong>videri-</strong></span> 
     </span>
    </p>
   </div>
   <div class='ocr_carea' id='block_1_79' title="bbox 2088 1924 3661 1998">
    <p class='ocr_par' dir='ltr' id='par_1_79' title="bbox 2088 1924 3661 1998">
     <span class='ocr_line' id='line_1_79' title="bbox 2088 1924 3661 1998; baseline 0.002 -18"><span class='ocrx_word' id='word_1_628' title='bbox 2088 1939 2228 1989; x_wconf 89' lang='lat' dir='ltr'><strong>mus,</strong></span> <span class='ocrx_word' id='word_1_629' title='bbox 2254 1924 2379 1981; x_wconf 67' lang='lat' dir='ltr'><strong>vitae</strong></span> <span class='ocrx_word' id='word_1_630' title='bbox 2407 1941 2477 1981; x_wconf 93' lang='lat' dir='ltr'><strong>ne</strong></span> <span class='ocrx_word' id='word_1_631' title='bbox 2503 1940 2803 1996; x_wconf 88' lang='lat' dir='ltr'><strong>parcamus.</strong></span> <span class='ocrx_word' id='word_1_632' title='bbox 2824 1926 2941 1982; x_wconf 87' lang='lat' dir='ltr'><strong>Non</strong></span> <span class='ocrx_word' id='word_1_633' title='bbox 2963 1936 3140 1998; x_wconf 87' lang='lat' dir='ltr'><strong>potest</strong></span> <span class='ocrx_word' id='word_1_634' title='bbox 3158 1929 3298 1983; x_wconf 89' lang='lat' dir='ltr'><strong>enim</strong></span> <span class='ocrx_word' id='word_1_635' title='bbox 3323 1928 3388 1995; x_wconf 88' lang='lat' dir='ltr'><strong>is,</strong></span> <span class='ocrx_word' id='word_1_636' title='bbox 3418 1930 3507 1998; x_wconf 89' lang='lat' dir='ltr'><strong>qui</strong></span> <span class='ocrx_word' id='word_1_637' title='bbox 3528 1929 3661 1984; x_wconf 88' lang='lat' dir='ltr'><strong>nihil</strong></span> 
     </span>
    </p>
   </div>
   <div class='ocr_carea' id='block_1_80' title="bbox 2089 2017 3661 2091">
    <p class='ocr_par' dir='ltr' id='par_1_80' title="bbox 2089 2017 3661 2091">
     <span class='ocr_line' id='line_1_80' title="bbox 2089 2017 3661 2091; baseline 0.004 -19"><span class='ocrx_word' id='word_1_638' title='bbox 2089 2032 2209 2073; x_wconf 91' lang='lat' dir='ltr'><strong>cum</strong></span> <span class='ocrx_word' id='word_1_639' title='bbox 2228 2017 2465 2088; x_wconf 90' lang='lat' dir='ltr'><strong>pericqu</strong></span> <span class='ocrx_word' id='word_1_640' title='bbox 2480 2019 2707 2088; x_wconf 82' lang='lat' dir='ltr'><strong>experiri</strong></span> <span class='ocrx_word' id='word_1_641' title='bbox 2728 2019 3162 2090; x_wconf 69' lang='lat' dir='ltr'><strong>audet,praaclari</strong></span> <span class='ocrx_word' id='word_1_642' title='bbox 3177 2020 3449 2091; x_wconf 87' lang='lat' dir='ltr'><strong>quidpiam</strong></span> <span class='ocrx_word' id='word_1_643' title='bbox 3466 2023 3661 2088; x_wconf 87' lang='lat' dir='ltr'><strong>facere,</strong></span> 
     </span>
    </p>
   </div>
   <div class='ocr_carea' id='block_1_81' title="bbox 2088 2108 3664 2182">
    <p class='ocr_par' dir='ltr' id='par_1_81' title="bbox 2088 2108 3664 2182">
     <span class='ocr_line' id='line_1_81' title="bbox 2088 2108 3664 2182; baseline 0.005 -18"><span class='ocrx_word' id='word_1_644' title='bbox 2088 2108 2187 2166; x_wconf 88' lang='lat' dir='ltr'><strong>sed</strong></span> <span class='ocrx_word' id='word_1_645' title='bbox 2215 2124 2435 2165; x_wconf 87' lang='lat' dir='ltr'><strong>necesse</strong></span> <span class='ocrx_word' id='word_1_646' title='bbox 2474 2118 2560 2167; x_wconf 90' lang='lat' dir='ltr'><strong>est</strong></span> <span class='ocrx_word' id='word_1_647' title='bbox 2594 2113 2875 2182; x_wconf 70' lang='lat' dir='ltr'><strong>praesentis</strong></span> <span class='ocrx_word' id='word_1_648' title='bbox 2903 2113 3027 2169; x_wconf 82' lang='lat' dir='ltr'><strong>vitae</strong></span> <span class='ocrx_word' id='word_1_649' title='bbox 3055 2115 3331 2170; x_wconf 84' lang='lat' dir='ltr'><strong>securitati</strong></span> <span class='ocrx_word' id='word_1_650' title='bbox 3373 2117 3664 2172; x_wconf 74' lang='lat' dir='ltr'><strong>consulen—</strong></span> 
     </span>
    </p>
   </div>
   <div class='ocr_carea' id='block_1_82' title="bbox 2090 2202 3664 2276">
    <p class='ocr_par' dir='ltr' id='par_1_82' title="bbox 2090 2202 3664 2276">
     <span class='ocr_line' id='line_1_82' title="bbox 2090 2202 3664 2276; baseline 0.003 -19"><span class='ocrx_word' id='word_1_651' title='bbox 2090 2211 2199 2258; x_wconf 86' lang='lat' dir='ltr'><strong>tem</strong></span> <span class='ocrx_word' id='word_1_652' title='bbox 2217 2240 2235 2268; x_wconf 92' lang='lat'><strong>,</strong></span> <span class='ocrx_word' id='word_1_653' title='bbox 2263 2202 2511 2259; x_wconf 89' lang='lat' dir='ltr'><strong>amittere</strong></span> <span class='ocrx_word' id='word_1_654' title='bbox 2538 2203 2787 2259; x_wconf 88' lang='lat' dir='ltr'><strong>futuram.</strong></span> <span class='ocrx_word' id='word_1_655' title='bbox 2818 2203 2886 2259; x_wconf 87' lang='lat' dir='ltr'><strong>Ut</strong></span> <span class='ocrx_word' id='word_1_656' title='bbox 2912 2204 3180 2275; x_wconf 86' lang='lat' dir='ltr'><strong>impleret,</strong></span> <span class='ocrx_word' id='word_1_657' title='bbox 3205 2206 3407 2276; x_wconf 89' lang='lat' dir='ltr'><strong>inquit,</strong></span> <span class='ocrx_word' id='word_1_658' title='bbox 3432 2208 3504 2271; x_wconf 90' lang='lat' dir='ltr'><strong>id,</strong></span> <span class='ocrx_word' id='word_1_659' title='bbox 3528 2210 3664 2275; x_wconf 79' lang='lat' dir='ltr'><strong>quod</strong></span> 
     </span>
    </p>
   </div>
   <div class='ocr_carea' id='block_1_83' title="bbox 2090 2292 3666 2366">
    <p class='ocr_par' dir='ltr' id='par_1_83' title="bbox 2090 2292 3666 2366">
     <span class='ocr_line' id='line_1_83' title="bbox 2090 2292 3666 2366; baseline 0.005 -20"><span class='ocrx_word' id='word_1_660' title='bbox 2090 2308 2155 2347; x_wconf 81' lang='lat' dir='ltr'><strong>ea:</strong></span> <span class='ocrx_word' id='word_1_661' title='bbox 2177 2292 2316 2353; x_wconf 82' lang='lat' dir='ltr'><strong>vobis</strong></span> <span class='ocrx_word' id='word_1_662' title='bbox 2341 2294 2515 2348; x_wconf 88' lang='lat' dir='ltr'><strong>deerat</strong></span> <span class='ocrx_word' id='word_1_663' title='bbox 2542 2311 2662 2366; x_wconf 87' lang='lat' dir='ltr'><strong>erga</strong></span> <span class='ocrx_word' id='word_1_664' title='bbox 2703 2310 2871 2350; x_wconf 84' lang='lat' dir='ltr'><strong>meum</strong></span> <span class='ocrx_word' id='word_1_665' title='bbox 2895 2296 3204 2360; x_wconf 87' lang='lat' dir='ltr'><strong>obsequium.</strong></span> <span class='ocrx_word' id='word_1_666' title='bbox 3235 2298 3374 2365; x_wconf 88' lang='lat' dir='ltr'><strong>Quid</strong></span> <span class='ocrx_word' id='word_1_667' title='bbox 3419 2298 3520 2354; x_wconf 89' lang='lat' dir='ltr'><strong>hoc</strong></span> <span class='ocrx_word' id='word_1_668' title='bbox 3544 2310 3625 2354; x_wconf 87' lang='lat' dir='ltr'><strong>est</strong></span> <span class='ocrx_word' id='word_1_669' title='bbox 3640 2302 3666 2354; x_wconf 71' lang='lat'><strong>1&#39;</strong></span> 
     </span>
    </p>
   </div>
   <div class='ocr_carea' id='block_1_84' title="bbox 2090 2382 3662 2457">
    <p class='ocr_par' dir='ltr' id='par_1_84' title="bbox 2090 2382 3662 2457">
     <span class='ocr_line' id='line_1_84' title="bbox 2090 2382 3662 2457; baseline 0.004 -19"><span class='ocrx_word' id='word_1_670' title='bbox 2090 2382 2207 2438; x_wconf 81' lang='lat' dir='ltr'><strong>Non</strong></span> <span class='ocrx_word' id='word_1_671' title='bbox 2235 2384 2423 2441; x_wconf 92' lang='lat' dir='ltr'><strong>aderat</strong></span> <span class='ocrx_word' id='word_1_672' title='bbox 2446 2384 2667 2451; x_wconf 88' lang='lat' dir='ltr'><strong>civitas,</strong></span> <span class='ocrx_word' id='word_1_673' title='bbox 2694 2385 2789 2441; x_wconf 88' lang='lat' dir='ltr'><strong>sed</strong></span> <span class='ocrx_word' id='word_1_674' title='bbox 2818 2401 2913 2456; x_wconf 90' lang='lat' dir='ltr'><strong>per</strong></span> <span class='ocrx_word' id='word_1_675' title='bbox 2936 2386 3084 2441; x_wconf 90' lang='lat' dir='ltr'><strong>illum</strong></span> <span class='ocrx_word' id='word_1_676' title='bbox 3112 2388 3255 2442; x_wconf 90' lang='lat' dir='ltr'><strong>omni</strong></span> <span class='ocrx_word' id='word_1_677' title='bbox 3285 2404 3410 2457; x_wconf 90' lang='lat' dir='ltr'><strong>erga</strong></span> <span class='ocrx_word' id='word_1_678' title='bbox 3454 2403 3541 2444; x_wconf 91' lang='lat' dir='ltr'><strong>me</strong></span> <span class='ocrx_word' id='word_1_679' title='bbox 3577 2389 3662 2445; x_wconf 91' lang='lat' dir='ltr'><strong>of-</strong></span> 
     </span>
    </p>
   </div>
   <div class='ocr_carea' id='block_1_85' title="bbox 2094 2474 3663 2548">
    <p class='ocr_par' dir='ltr' id='par_1_85' title="bbox 2094 2474 3663 2548">
     <span class='ocr_line' id='line_1_85' title="bbox 2094 2474 3663 2548; baseline 0.003 -19"><span class='ocrx_word' id='word_1_680' title='bbox 2094 2474 2215 2529; x_wconf 90' lang='lat' dir='ltr'><strong>ﬁcio</strong></span> <span class='ocrx_word' id='word_1_681' title='bbox 2238 2489 2301 2531; x_wconf 92' lang='lat' dir='ltr'><strong>ac</strong></span> <span class='ocrx_word' id='word_1_682' title='bbox 2327 2475 2628 2533; x_wconf 90' lang='lat' dir='ltr'><strong>ministerio</strong></span> <span class='ocrx_word' id='word_1_683' title='bbox 2648 2475 2830 2533; x_wconf 90' lang='lat' dir='ltr'><strong>functa</strong></span> <span class='ocrx_word' id='word_1_684' title='bbox 2872 2485 2990 2541; x_wconf 85' lang='lat' dir='ltr'><strong>est,</strong></span> <span class='ocrx_word' id='word_1_685' title='bbox 3032 2479 3282 2534; x_wconf 90' lang='lat' dir='ltr'><strong>nimirum</strong></span> <span class='ocrx_word' id='word_1_686' title='bbox 3330 2480 3472 2548; x_wconf 90' lang='lat' dir='ltr'><strong>quod</strong></span> <span class='ocrx_word' id='word_1_687' title='bbox 3513 2480 3663 2535; x_wconf 86' lang='lat' dir='ltr'><strong>illum</strong></span> 
     </span>
    </p>
   </div>
   <div class='ocr_carea' id='block_1_86' title="bbox 2096 2566 3664 2638">
    <p class='ocr_par' dir='ltr' id='par_1_86' title="bbox 2096 2566 3664 2638">
     <span class='ocr_line' id='line_1_86' title="bbox 2096 2566 3664 2638; baseline 0.003 -18"><span class='ocrx_word' id='word_1_688' title='bbox 2096 2566 2262 2621; x_wconf 91' lang='lat' dir='ltr'><strong>misit.</strong></span> <span class='ocrx_word' id='word_1_689' title='bbox 2294 2566 2561 2636; x_wconf 91' lang='lat' dir='ltr'><strong>Quidquid</strong></span> <span class='ocrx_word' id='word_1_690' title='bbox 2593 2568 2751 2638; x_wconf 86' lang='lat' dir='ltr'><strong>igitur</strong></span> <span class='ocrx_word' id='word_1_691' title='bbox 2772 2569 2936 2623; x_wconf 87' lang='lat' dir='ltr'><strong>vestri</strong></span> <span class='ocrx_word' id='word_1_692' title='bbox 2970 2570 3251 2626; x_wconf 84' lang='lat' dir='ltr'><strong>ministerii</strong></span> <span class='ocrx_word' id='word_1_693' title='bbox 3280 2569 3412 2625; x_wconf 87' lang='lat' dir='ltr'><strong>mihi</strong></span> <span class='ocrx_word' id='word_1_694' title='bbox 3440 2571 3626 2626; x_wconf 86' lang='lat' dir='ltr'><strong>deerat</strong></span> <span class='ocrx_word' id='word_1_695' title='bbox 3648 2614 3664 2638; x_wconf 91' lang='lat'><strong>,</strong></span> 
     </span>
    </p>
   </div>
   <div class='ocr_carea' id='block_1_87' title="bbox 2094 2655 3668 2730">
    <p class='ocr_par' dir='ltr' id='par_1_87' title="bbox 2094 2655 3668 2730">
     <span class='ocr_line' id='line_1_87' title="bbox 2094 2655 3668 2730; baseline 0.006 -22"><span class='ocrx_word' id='word_1_696' title='bbox 2094 2655 2147 2709; x_wconf 90' lang='lat' dir='ltr'><strong>id</strong></span> <span class='ocrx_word' id='word_1_697' title='bbox 2178 2655 2293 2724; x_wconf 89' lang='lat' dir='ltr'><strong>ipse</strong></span> <span class='ocrx_word' id='word_1_698' title='bbox 2335 2656 2602 2723; x_wconf 80' lang='lat' dir='ltr'><strong>explevit,</strong></span> <span class='ocrx_word' id='word_1_699' title='bbox 2634 2657 2823 2713; x_wconf 90' lang='lat' dir='ltr'><strong>uthac</strong></span> <span class='ocrx_word' id='word_1_700' title='bbox 2864 2659 3028 2714; x_wconf 87' lang='lat' dir='ltr'><strong>etiam</strong></span> <span class='ocrx_word' id='word_1_701' title='bbox 3073 2660 3284 2715; x_wconf 88' lang='lat' dir='ltr'><strong>ratione</strong></span> <span class='ocrx_word' id='word_1_702' title='bbox 3323 2659 3668 2730; x_wconf 87' lang='lat' dir='ltr'><strong>dignissimus</strong></span> 
     </span>
    </p>
   </div>
   <div class='ocr_carea' id='block_1_88' title="bbox 2094 2746 3670 2822">
    <p class='ocr_par' dir='ltr' id='par_1_88' title="bbox 2094 2746 3670 2822">
     <span class='ocr_line' id='line_1_88' title="bbox 2094 2746 3670 2822; baseline 0.005 -23"><span class='ocrx_word' id='word_1_703' title='bbox 2094 2746 2165 2800; x_wconf 90' lang='lat' dir='ltr'><strong>sit</strong></span> <span class='ocrx_word' id='word_1_704' title='bbox 2190 2746 2280 2816; x_wconf 91' lang='lat' dir='ltr'><strong>qui</strong></span> <span class='ocrx_word' id='word_1_705' title='bbox 2309 2746 2530 2801; x_wconf 90' lang='lat' dir='ltr'><strong>multum</strong></span> <span class='ocrx_word' id='word_1_706' title='bbox 2555 2747 2776 2803; x_wconf 89' lang='lat' dir='ltr'><strong>honoris</strong></span> <span class='ocrx_word' id='word_1_707' title='bbox 2800 2760 3071 2818; x_wconf 90' lang='lat' dir='ltr'><strong>reportet,</strong></span> <span class='ocrx_word' id='word_1_708' title='bbox 3100 2752 3351 2821; x_wconf 87' lang='lat' dir='ltr'><strong>quoniam</strong></span> <span class='ocrx_word' id='word_1_709' title='bbox 3381 2751 3522 2822; x_wconf 92' lang='lat' dir='ltr'><strong>quod</strong></span> <span class='ocrx_word' id='word_1_710' title='bbox 3552 2768 3670 2807; x_wconf 88' lang='lat' dir='ltr'><strong>om-</strong></span> 
     </span>
    </p>
   </div>
   <div class='ocr_carea' id='block_1_89' title="bbox 2096 2837 3667 2914">
    <p class='ocr_par' dir='ltr' id='par_1_89' title="bbox 2096 2837 3667 2914">
     <span class='ocr_line' id='line_1_89' title="bbox 2096 2837 3667 2914; baseline 0.004 -23"><span class='ocrx_word' id='word_1_711' title='bbox 2096 2852 2191 2892; x_wconf 91' lang='lat' dir='ltr'><strong>nes</strong></span> <span class='ocrx_word' id='word_1_712' title='bbox 2234 2837 2413 2893; x_wconf 89' lang='lat' dir='ltr'><strong>facere</strong></span> <span class='ocrx_word' id='word_1_713' title='bbox 2437 2840 2751 2907; x_wconf 84' lang='lat' dir='ltr'><strong>oportebat,</strong></span> <span class='ocrx_word' id='word_1_714' title='bbox 2793 2840 2895 2896; x_wconf 93' lang='lat' dir='ltr'><strong>hoc</strong></span> <span class='ocrx_word' id='word_1_715' title='bbox 2938 2842 3053 2911; x_wconf 89' lang='lat' dir='ltr'><strong>ipse</strong></span> <span class='ocrx_word' id='word_1_716' title='bbox 3083 2858 3179 2911; x_wconf 90' lang='lat' dir='ltr'><strong>pro</strong></span> <span class='ocrx_word' id='word_1_717' title='bbox 3210 2843 3361 2898; x_wconf 90' lang='lat' dir='ltr'><strong>vobis</strong></span> <span class='ocrx_word' id='word_1_718' title='bbox 3400 2847 3667 2914; x_wconf 67' lang='lat' dir='ltr'><strong>praestitit.</strong></span> 
     </span>
    </p>
   </div>
   <div class='ocr_carea' id='block_1_90' title="bbox 2095 2928 3669 3004">
    <p class='ocr_par' dir='ltr' id='par_1_90' title="bbox 2095 2928 3669 3004">
     <span class='ocr_line' id='line_1_90' title="bbox 2095 2928 3669 3004; baseline 0.004 -21"><span class='ocrx_word' id='word_1_719' title='bbox 2095 2930 2267 2999; x_wconf 79' lang='lat' dir='ltr'><strong>Atque</strong></span> <span class='ocrx_word' id='word_1_720' title='bbox 2293 2928 2527 2984; x_wconf 88' lang='lat' dir='ltr'><strong>ostendit</strong></span> <span class='ocrx_word' id='word_1_721' title='bbox 2553 2930 2747 2986; x_wconf 89' lang='lat' dir='ltr'><strong>Paulus</strong></span> <span class='ocrx_word' id='word_1_722' title='bbox 2776 2933 2950 3000; x_wconf 90' lang='lat' dir='ltr'><strong>priora</strong></span> <span class='ocrx_word' id='word_1_723' title='bbox 2976 2948 3188 3003; x_wconf 92' lang='lat' dir='ltr'><strong>quoque</strong></span> <span class='ocrx_word' id='word_1_724' title='bbox 3216 2933 3392 2988; x_wconf 91' lang='lat' dir='ltr'><strong>ofﬁcia</strong></span> <span class='ocrx_word' id='word_1_725' title='bbox 3425 2935 3494 2990; x_wconf 91' lang='lat' dir='ltr'><strong>ab</strong></span> <span class='ocrx_word' id='word_1_726' title='bbox 3520 2936 3669 3004; x_wconf 79' lang='lat' dir='ltr'><strong>ipsis,</strong></span> 
     </span>
    </p>
   </div>
   <div class='ocr_carea' id='block_1_91' title="bbox 2094 3018 3667 3092">
    <p class='ocr_par' dir='ltr' id='par_1_91' title="bbox 2094 3018 3667 3092">
     <span class='ocr_line' id='line_1_91' title="bbox 2094 3018 3667 3092; baseline 0.005 -21"><span class='ocrx_word' id='word_1_727' title='bbox 2094 3019 2183 3088; x_wconf 90' lang='lat' dir='ltr'><strong>qui</strong></span> <span class='ocrx_word' id='word_1_728' title='bbox 2208 3018 2258 3072; x_wconf 91' lang='lat' dir='ltr'><strong>in</strong></span> <span class='ocrx_word' id='word_1_729' title='bbox 2289 3029 2403 3074; x_wconf 90' lang='lat' dir='ltr'><strong>tuto</strong></span> <span class='ocrx_word' id='word_1_730' title='bbox 2430 3028 2621 3085; x_wconf 88' lang='lat' dir='ltr'><strong>erant,</strong></span> <span class='ocrx_word' id='word_1_731' title='bbox 2650 3021 2883 3075; x_wconf 77' lang='lat' dir='ltr'><strong>exhibita</strong></span> <span class='ocrx_word' id='word_1_732' title='bbox 2910 3023 3336 3092; x_wconf 87' lang='lat' dir='ltr'><strong>periclitantibus</strong></span> <span class='ocrx_word' id='word_1_733' title='bbox 3359 3039 3480 3079; x_wconf 88' lang='lat' dir='ltr'><strong>esse</strong></span> <span class='ocrx_word' id='word_1_734' title='bbox 3508 3042 3519 3077; x_wconf 90' lang='lat'><strong>:</strong></span> <span class='ocrx_word' id='word_1_735' title='bbox 3544 3041 3667 3079; x_wconf 88' lang='lat' dir='ltr'><strong>nam</strong></span> 
     </span>
    </p>
   </div>
   <div class='ocr_carea' id='block_1_92' title="bbox 2097 3108 3668 3184">
    <p class='ocr_par' dir='ltr' id='par_1_92' title="bbox 2097 3108 3668 3184">
     <span class='ocr_line' id='line_1_92' title="bbox 2097 3108 3668 3184; baseline 0.003 -21"><span class='ocrx_word' id='word_1_736' title='bbox 2097 3108 2211 3163; x_wconf 74' lang='lat' dir='ltr'><strong>haec</strong></span> <span class='ocrx_word' id='word_1_737' title='bbox 2236 3108 2397 3163; x_wconf 79' lang='lat' dir='ltr'><strong>verba</strong></span> <span class='ocrx_word' id='word_1_738' title='bbox 2422 3150 2438 3173; x_wconf 89' lang='lat'><strong>,</strong></span> <span class='ocrx_word' id='word_1_739' title='bbox 2484 3109 2551 3163; x_wconf 84' lang='lat' dir='ltr'><strong>1d</strong></span> <span class='ocrx_word' id='word_1_740' title='bbox 2576 3110 2712 3179; x_wconf 87' lang='lat' dir='ltr'><strong>quod</strong></span> <span class='ocrx_word' id='word_1_741' title='bbox 2746 3128 2808 3165; x_wconf 74' lang='lat' dir='ltr'><strong>ea:</strong></span> <span class='ocrx_word' id='word_1_742' title='bbox 2836 3113 2971 3167; x_wconf 86' lang='lat' dir='ltr'><strong>vobis</strong></span> <span class='ocrx_word' id='word_1_743' title='bbox 2998 3113 3169 3166; x_wconf 85' lang='lat' dir='ltr'><strong>deerat</strong></span> <span class='ocrx_word' id='word_1_744' title='bbox 3208 3130 3329 3184; x_wconf 89' lang='lat' dir='ltr'><strong>erga</strong></span> <span class='ocrx_word' id='word_1_745' title='bbox 3353 3114 3668 3183; x_wconf 87' lang='lat' dir='ltr'><strong>obsequium,</strong></span> 
     </span>
    </p>
   </div>
   <div class='ocr_carea' id='block_1_93' title="bbox 2098 3198 3673 3271">
    <p class='ocr_par' dir='ltr' id='par_1_93' title="bbox 2098 3198 3673 3271">
     <span class='ocr_line' id='line_1_93' title="bbox 2098 3198 3673 3271; baseline 0.006 -19"><span class='ocrx_word' id='word_1_746' title='bbox 2098 3198 2335 3253; x_wconf 88' lang='lat' dir='ltr'><strong>indicant</strong></span> <span class='ocrx_word' id='word_1_747' title='bbox 2362 3211 2664 3270; x_wconf 78' lang='lat' dir='ltr'><strong>respectum</strong></span> <span class='ocrx_word' id='word_1_748' title='bbox 2692 3202 2974 3271; x_wconf 89' lang='lat' dir='ltr'><strong>quemdam</strong></span> <span class='ocrx_word' id='word_1_749' title='bbox 3006 3203 3073 3257; x_wconf 91' lang='lat' dir='ltr'><strong>ad</strong></span> <span class='ocrx_word' id='word_1_750' title='bbox 3096 3205 3235 3259; x_wconf 92' lang='lat' dir='ltr'><strong>illius</strong></span> <span class='ocrx_word' id='word_1_751' title='bbox 3263 3206 3492 3260; x_wconf 88' lang='lat' dir='ltr'><strong>civitatis</strong></span> <span class='ocrx_word' id='word_1_752' title='bbox 3514 3206 3673 3262; x_wconf 84' lang='lat' dir='ltr'><strong>obse-</strong></span> 
     </span>
    </p>
   </div>
   <div class='ocr_carea' id='block_1_94' title="bbox 2097 3290 3675 3367">
    <p class='ocr_par' dir='ltr' id='par_1_94' title="bbox 2097 3290 3675 3367">
     <span class='ocr_line' id='line_1_94' title="bbox 2097 3290 3675 3367; baseline 0.005 -23"><span class='ocrx_word' id='word_1_753' title='bbox 2097 3290 2305 3360; x_wconf 91' lang='lat' dir='ltr'><strong>quium.</strong></span> <span class='ocrx_word' id='word_1_754' title='bbox 2349 3291 2512 3346; x_wconf 80' lang='lat' dir='ltr'><strong>Vides</strong></span> <span class='ocrx_word' id='word_1_755' title='bbox 2562 3308 2775 3347; x_wconf 92' lang='lat' dir='ltr'><strong>sensum</strong></span> <span class='ocrx_word' id='word_1_756' title='bbox 2820 3296 2982 3348; x_wconf 89' lang='lat' dir='ltr'><strong>animi</strong></span> <span class='ocrx_word' id='word_1_757' title='bbox 3027 3310 3090 3349; x_wconf 92' lang='lat' dir='ltr'><strong>ac</strong></span> <span class='ocrx_word' id='word_1_758' title='bbox 3133 3298 3377 3365; x_wconf 83' lang='lat' dir='ltr'><strong>Spiritum</strong></span> <span class='ocrx_word' id='word_1_759' title='bbox 3418 3299 3675 3367; x_wconf 81' lang='lat' dir='ltr'><strong>apostoli-</strong></span> 
     </span>
    </p>
   </div>
   <div class='ocr_carea' id='block_1_95' title="bbox 2099 3382 3673 3455">
    <p class='ocr_par' dir='ltr' id='par_1_95' title="bbox 2099 3382 3673 3455">
     <span class='ocr_line' id='line_1_95' title="bbox 2099 3382 3673 3455; baseline 0.006 -20"><span class='ocrx_word' id='word_1_760' title='bbox 2099 3383 2260 3435; x_wconf 90' lang='lat' dir='ltr'><strong>cum?</strong></span> <span class='ocrx_word' id='word_1_761' title='bbox 2290 3382 2337 3435; x_wconf 90' lang='lat' dir='ltr'><strong>Is</strong></span> <span class='ocrx_word' id='word_1_762' title='bbox 2367 3398 2493 3436; x_wconf 88' lang='lat' dir='ltr'><strong>vero</strong></span> <span class='ocrx_word' id='word_1_763' title='bbox 2521 3400 2623 3438; x_wconf 88' lang='lat' dir='ltr'><strong>non</strong></span> <span class='ocrx_word' id='word_1_764' title='bbox 2668 3399 2735 3439; x_wconf 79' lang='lat' dir='ltr'><strong>ex</strong></span> <span class='ocrx_word' id='word_1_765' title='bbox 2761 3386 3063 3455; x_wconf 83' lang='lat' dir='ltr'><strong>arrogantia</strong></span> <span class='ocrx_word' id='word_1_766' title='bbox 3091 3388 3548 3454; x_wconf 84' lang='lat' dir='ltr'><strong>proﬁciscebatur,</strong></span> <span class='ocrx_word' id='word_1_767' title='bbox 3576 3390 3673 3444; x_wconf 90' lang='lat' dir='ltr'><strong>sed</strong></span> 
     </span>
    </p>
   </div>
   <div class='ocr_carea' id='block_1_96' title="bbox 2101 3475 3667 3545">
    <p class='ocr_par' dir='ltr' id='par_1_96' title="bbox 2101 3475 3667 3545">
     <span class='ocr_line' id='line_1_96' title="bbox 2101 3475 3667 3545; baseline 0.008 -21"><span class='ocrx_word' id='word_1_768' title='bbox 2101 3488 2166 3525; x_wconf 77' lang='lat' dir='ltr'><strong>ex</strong></span> <span class='ocrx_word' id='word_1_769' title='bbox 2196 3488 2383 3543; x_wconf 83' lang='lat' dir='ltr'><strong>magna</strong></span> <span class='ocrx_word' id='word_1_770' title='bbox 2409 3489 2564 3543; x_wconf 90' lang='lat' dir='ltr'><strong>quam</strong></span> <span class='ocrx_word' id='word_1_771' title='bbox 2595 3475 2805 3529; x_wconf 90' lang='lat' dir='ltr'><strong>illorum</strong></span> <span class='ocrx_word' id='word_1_772' title='bbox 2824 3476 3041 3545; x_wconf 84' lang='lat' dir='ltr'><strong>gerebat</strong></span> <span class='ocrx_word' id='word_1_773' title='bbox 3066 3493 3215 3532; x_wconf 88' lang='lat' dir='ltr'><strong>cura.</strong></span> <span class='ocrx_word' id='word_1_774' title='bbox 3250 3479 3459 3535; x_wconf 85' lang='lat' dir='ltr'><strong>Etenim</strong></span> <span class='ocrx_word' id='word_1_775' title='bbox 3485 3497 3554 3535; x_wconf 93' lang='lat' dir='ltr'><strong>ne</strong></span> <span class='ocrx_word' id='word_1_776' title='bbox 3582 3481 3667 3536; x_wconf 72' lang='lat' dir='ltr'><strong>ef-</strong></span> 
     </span>
    </p>
   </div>
   <div class='ocr_carea' id='block_1_97' title="bbox 2100 3561 3672 3639">
    <p class='ocr_par' dir='ltr' id='par_1_97' title="bbox 2100 3561 3672 3639">
     <span class='ocr_line' id='line_1_97' title="bbox 2100 3561 3672 3639; baseline 0.006 -24"><span class='ocrx_word' id='word_1_777' title='bbox 2100 3561 2363 3629; x_wconf 78' lang='lat' dir='ltr'><strong>ferantur,</strong></span> <span class='ocrx_word' id='word_1_778' title='bbox 2413 3564 2507 3618; x_wconf 87' lang='lat' dir='ltr'><strong>sed</strong></span> <span class='ocrx_word' id='word_1_779' title='bbox 2551 3564 2868 3620; x_wconf 89' lang='lat' dir='ltr'><strong>modestiam</strong></span> <span class='ocrx_word' id='word_1_780' title='bbox 2903 3576 3171 3633; x_wconf 87' lang='lat' dir='ltr'><strong>tueantur,</strong></span> <span class='ocrx_word' id='word_1_781' title='bbox 3204 3585 3376 3639; x_wconf 87' lang='lat' dir='ltr'><strong>neque</strong></span> <span class='ocrx_word' id='word_1_782' title='bbox 3422 3586 3672 3639; x_wconf 89' lang='lat' dir='ltr'><strong>magnum</strong></span> 
     </span>
    </p>
   </div>
   <div class='ocr_carea' id='block_1_98' title="bbox 2102 3653 3677 3723">
    <p class='ocr_par' dir='ltr' id='par_1_98' title="bbox 2102 3653 3677 3723">
     <span class='ocr_line' id='line_1_98' title="bbox 2102 3653 3677 3723; baseline 0.008 -17"><span class='ocrx_word' id='word_1_783' title='bbox 2102 3653 2353 3723; x_wconf 86' lang='lat' dir='ltr'><strong>quiddam</strong></span> <span class='ocrx_word' id='word_1_784' title='bbox 2382 3672 2441 3709; x_wconf 89' lang='lat' dir='ltr'><strong>se</strong></span> <span class='ocrx_word' id='word_1_785' title='bbox 2469 3657 2765 3723; x_wconf 71' lang='lat' dir='ltr'><strong>prmbuisse</strong></span> <span class='ocrx_word' id='word_1_786' title='bbox 2790 3658 3096 3714; x_wconf 77' lang='lat' dir='ltr'><strong>existiment</strong></span> <span class='ocrx_word' id='word_1_787' title='bbox 3116 3700 3130 3723; x_wconf 90' lang='lat'><strong>,</strong></span> <span class='ocrx_word' id='word_1_788' title='bbox 3166 3660 3260 3715; x_wconf 91' lang='lat' dir='ltr'><strong>sed</strong></span> <span class='ocrx_word' id='word_1_789' title='bbox 3296 3661 3362 3716; x_wconf 90' lang='lat' dir='ltr'><strong>ad</strong></span> <span class='ocrx_word' id='word_1_790' title='bbox 3406 3663 3677 3718; x_wconf 87' lang='lat' dir='ltr'><strong>humilita-</strong></span> 
     </span>
    </p>
   </div>
   <div class='ocr_carea' id='block_1_99' title="bbox 2104 3745 3673 3822">
    <p class='ocr_par' dir='ltr' id='par_1_99' title="bbox 2104 3745 3673 3822">
     <span class='ocr_line' id='line_1_99' title="bbox 2104 3745 3673 3822; baseline 0.006 -24"><span class='ocrx_word' id='word_1_791' title='bbox 2104 3753 2211 3798; x_wconf 90' lang='lat' dir='ltr'><strong>tem</strong></span> <span class='ocrx_word' id='word_1_792' title='bbox 2237 3745 2591 3813; x_wconf 90' lang='lat' dir='ltr'><strong>adducantur,</strong></span> <span class='ocrx_word' id='word_1_793' title='bbox 2621 3747 2852 3802; x_wconf 83' lang='lat' dir='ltr'><strong>olﬁcium</strong></span> <span class='ocrx_word' id='word_1_794' title='bbox 2879 3749 3007 3803; x_wconf 90' lang='lat' dir='ltr'><strong>illud</strong></span> <span class='ocrx_word' id='word_1_795' title='bbox 3052 3750 3139 3804; x_wconf 86' lang='lat' dir='ltr'><strong>his</strong></span> <span class='ocrx_word' id='word_1_796' title='bbox 3162 3752 3382 3807; x_wconf 88' lang='lat' dir='ltr'><strong>vocibus</strong></span> <span class='ocrx_word' id='word_1_797' title='bbox 3408 3755 3673 3822; x_wconf 88' lang='lat' dir='ltr'><strong>appellat,</strong></span> 
     </span>
    </p>
   </div>
   <div class='ocr_carea' id='block_1_100' title="bbox 2106 3836 3678 3914">
    <p class='ocr_par' dir='ltr' id='par_1_100' title="bbox 2106 3836 3678 3914">
     <span class='ocr_line' id='line_1_100' title="bbox 2106 3836 3678 3914; baseline 0.007 -25"><span class='ocrx_word' id='word_1_798' title='bbox 2106 3836 2349 3891; x_wconf 88' lang='lat' dir='ltr'><strong>Debitum</strong></span> <span class='ocrx_word' id='word_1_799' title='bbox 2378 3838 2757 3903; x_wconf 88' lang='lat' dir='ltr'><strong>ministerium,</strong></span> <span class='ocrx_word' id='word_1_800' title='bbox 2784 3849 2860 3903; x_wconf 87' lang='lat' dir='ltr'><strong>et,</strong></span> <span class='ocrx_word' id='word_1_801' title='bbox 2887 3839 2955 3894; x_wconf 87' lang='lat' dir='ltr'><strong>Id</strong></span> <span class='ocrx_word' id='word_1_802' title='bbox 2982 3843 3113 3911; x_wconf 90' lang='lat' dir='ltr'><strong>quod</strong></span> <span class='ocrx_word' id='word_1_803' title='bbox 3135 3844 3322 3896; x_wconf 87' lang='lat' dir='ltr'><strong>deerat.</strong></span> <span class='ocrx_word' id='word_1_804' title='bbox 3345 3844 3485 3913; x_wconf 89' lang='lat' dir='ltr'><strong>Ergo</strong></span> <span class='ocrx_word' id='word_1_805' title='bbox 3507 3861 3678 3914; x_wconf 89' lang='lat' dir='ltr'><strong>neque</strong></span> 
     </span>
    </p>
   </div>
   <div class='ocr_carea' id='block_1_101' title="bbox 2104 3931 3679 4005">
    <p class='ocr_par' dir='ltr' id='par_1_101' title="bbox 2104 3931 3679 4005">
     <span class='ocr_line' id='line_1_101' title="bbox 2104 3931 3679 4005; baseline 0.007 -24"><span class='ocrx_word' id='word_1_806' title='bbox 2104 3944 2203 3982; x_wconf 89' lang='lat' dir='ltr'><strong>nos</strong></span> <span class='ocrx_word' id='word_1_807' title='bbox 2234 3944 2454 3999; x_wconf 88' lang='lat' dir='ltr'><strong>magnos</strong></span> <span class='ocrx_word' id='word_1_808' title='bbox 2498 3931 2716 3999; x_wconf 86' lang='lat' dir='ltr'><strong>spiritus</strong></span> <span class='ocrx_word' id='word_1_809' title='bbox 2756 3946 3063 3998; x_wconf 88' lang='lat' dir='ltr'><strong>sumamus,</strong></span> <span class='ocrx_word' id='word_1_810' title='bbox 3093 3950 3214 3987; x_wconf 87' lang='lat' dir='ltr'><strong>cum</strong></span> <span class='ocrx_word' id='word_1_811' title='bbox 3253 3936 3451 3989; x_wconf 87' lang='lat' dir='ltr'><strong>sanctis</strong></span> <span class='ocrx_word' id='word_1_812' title='bbox 3479 3936 3679 4005; x_wconf 87' lang='lat' dir='ltr'><strong>aliquid</strong></span> 
     </span>
    </p>
   </div>
   <div class='ocr_carea' id='block_1_102' title="bbox 2105 4019 3678 4095">
    <p class='ocr_par' dir='ltr' id='par_1_102' title="bbox 2105 4019 3678 4095">
     <span class='ocr_line' id='line_1_102' title="bbox 2105 4019 3678 4095; baseline 0.005 -22"><span class='ocrx_word' id='word_1_813' title='bbox 2105 4019 2440 4089; x_wconf 82' lang='lat' dir='ltr'><strong>praebemus,</strong></span> <span class='ocrx_word' id='word_1_814' title='bbox 2485 4037 2660 4090; x_wconf 88' lang='lat' dir='ltr'><strong>neque</strong></span> <span class='ocrx_word' id='word_1_815' title='bbox 2689 4021 2790 4076; x_wconf 87' lang='lat' dir='ltr'><strong>hac</strong></span> <span class='ocrx_word' id='word_1_816' title='bbox 2831 4038 2891 4077; x_wconf 89' lang='lat' dir='ltr'><strong>re</strong></span> <span class='ocrx_word' id='word_1_817' title='bbox 2922 4038 3018 4077; x_wconf 90' lang='lat' dir='ltr'><strong>nos</strong></span> <span class='ocrx_word' id='word_1_818' title='bbox 3050 4024 3155 4077; x_wconf 91' lang='lat' dir='ltr'><strong>illis</strong></span> <span class='ocrx_word' id='word_1_819' title='bbox 3180 4024 3496 4080; x_wconf 86' lang='lat' dir='ltr'><strong>beneﬁcium</strong></span> <span class='ocrx_word' id='word_1_820' title='bbox 3528 4036 3678 4095; x_wconf 88' lang='lat' dir='ltr'><strong>pute-</strong></span> 
     </span>
    </p>
   </div>
   <div class='ocr_carea' id='block_1_103' title="bbox 2107 4114 3679 4188">
    <p class='ocr_par' dir='ltr' id='par_1_103' title="bbox 2107 4114 3679 4188">
     <span class='ocr_line' id='line_1_103' title="bbox 2107 4114 3679 4188; baseline 0.004 -21"><span class='ocrx_word' id='word_1_821' title='bbox 2107 4128 2225 4169; x_wconf 88' lang='lat' dir='ltr'><strong>mus</strong></span> <span class='ocrx_word' id='word_1_822' title='bbox 2254 4114 2383 4168; x_wconf 85' lang='lat' dir='ltr'><strong>dare</strong></span> <span class='ocrx_word' id='word_1_823' title='bbox 2411 4132 2425 4166; x_wconf 93' lang='lat'><strong>:</strong></span> <span class='ocrx_word' id='word_1_824' title='bbox 2457 4129 2486 4167; x_wconf 92' lang='lat' dir='ltr'><strong>a</strong></span> <span class='ocrx_word' id='word_1_825' title='bbox 2516 4114 2669 4169; x_wconf 91' lang='lat' dir='ltr'><strong>nobis</strong></span> <span class='ocrx_word' id='word_1_826' title='bbox 2698 4115 2841 4169; x_wconf 85' lang='lat' dir='ltr'><strong>enim</strong></span> <span class='ocrx_word' id='word_1_827' title='bbox 2872 4116 2923 4169; x_wconf 92' lang='lat' dir='ltr'><strong>id</strong></span> <span class='ocrx_word' id='word_1_828' title='bbox 2968 4116 3212 4183; x_wconf 88' lang='lat' dir='ltr'><strong>debetur,</strong></span> <span class='ocrx_word' id='word_1_829' title='bbox 3259 4132 3359 4172; x_wconf 92' lang='lat' dir='ltr'><strong>nec</strong></span> <span class='ocrx_word' id='word_1_830' title='bbox 3390 4118 3679 4188; x_wconf 87' lang='lat' dir='ltr'><strong>quidquam</strong></span> 
     </span>
    </p>
   </div>
   <div class='ocr_carea' id='block_1_104' title="bbox 2107 4206 3677 4279">
    <p class='ocr_par' dir='ltr' id='par_1_104' title="bbox 2107 4206 3677 4279">
     <span class='ocr_line' id='line_1_104' title="bbox 2107 4206 3677 4279; baseline 0.002 -19"><span class='ocrx_word' id='word_1_831' title='bbox 2107 4206 2211 4261; x_wconf 90' lang='lat' dir='ltr'><strong>illis</strong></span> <span class='ocrx_word' id='word_1_832' title='bbox 2232 4206 2514 4261; x_wconf 89' lang='lat' dir='ltr'><strong>donamus.</strong></span> <span class='ocrx_word' id='word_1_833' title='bbox 2545 4207 2673 4261; x_wconf 88' lang='lat' dir='ltr'><strong>Nam</strong></span> <span class='ocrx_word' id='word_1_834' title='bbox 2705 4208 3153 4278; x_wconf 88' lang='lat' dir='ltr'><strong>quemadmodum</strong></span> <span class='ocrx_word' id='word_1_835' title='bbox 3200 4210 3265 4263; x_wconf 90' lang='lat' dir='ltr'><strong>iis</strong></span> <span class='ocrx_word' id='word_1_836' title='bbox 3293 4210 3383 4279; x_wconf 89' lang='lat' dir='ltr'><strong>qui</strong></span> <span class='ocrx_word' id='word_1_837' title='bbox 3428 4209 3481 4265; x_wconf 90' lang='lat' dir='ltr'><strong>in</strong></span> <span class='ocrx_word' id='word_1_838' title='bbox 3522 4227 3677 4265; x_wconf 78' lang='lat' dir='ltr'><strong>exer-</strong></span> 
     </span>
    </p>
   </div>
   <div class='ocr_carea' id='block_1_105' title="bbox 2106 4297 3682 4370">
    <p class='ocr_par' dir='ltr' id='par_1_105' title="bbox 2106 4297 3682 4370">
     <span class='ocr_line' id='line_1_105' title="bbox 2106 4297 3682 4370; baseline 0.003 -19"><span class='ocrx_word' id='word_1_839' title='bbox 2106 4297 2214 4352; x_wconf 91' lang='lat' dir='ltr'><strong>citu</strong></span> <span class='ocrx_word' id='word_1_840' title='bbox 2243 4308 2367 4351; x_wconf 90' lang='lat' dir='ltr'><strong>sunt</strong></span> <span class='ocrx_word' id='word_1_841' title='bbox 2394 4314 2457 4351; x_wconf 93' lang='lat' dir='ltr'><strong>ac</strong></span> <span class='ocrx_word' id='word_1_842' title='bbox 2487 4298 2685 4352; x_wconf 93' lang='lat' dir='ltr'><strong>bellum</strong></span> <span class='ocrx_word' id='word_1_843' title='bbox 2713 4308 2945 4369; x_wconf 90' lang='lat' dir='ltr'><strong>gerunt,</strong></span> <span class='ocrx_word' id='word_1_844' title='bbox 2977 4300 3044 4354; x_wconf 92' lang='lat' dir='ltr'><strong>ab</strong></span> <span class='ocrx_word' id='word_1_845' title='bbox 3083 4299 3148 4353; x_wconf 88' lang='lat' dir='ltr'><strong>iis</strong></span> <span class='ocrx_word' id='word_1_846' title='bbox 3168 4300 3257 4368; x_wconf 91' lang='lat' dir='ltr'><strong>qui</strong></span> <span class='ocrx_word' id='word_1_847' title='bbox 3292 4300 3437 4355; x_wconf 91' lang='lat' dir='ltr'><strong>domi</strong></span> <span class='ocrx_word' id='word_1_848' title='bbox 3470 4302 3518 4354; x_wconf 88' lang='lat' dir='ltr'><strong>in</strong></span> <span class='ocrx_word' id='word_1_849' title='bbox 3550 4316 3682 4370; x_wconf 86' lang='lat' dir='ltr'><strong>pace</strong></span> 
     </span>
    </p>
   </div>
   <div class='ocr_carea' id='block_1_106' title="bbox 2105 4390 3679 4460">
    <p class='ocr_par' dir='ltr' id='par_1_106' title="bbox 2105 4390 3679 4460">
     <span class='ocr_line' id='line_1_106' title="bbox 2105 4390 3679 4460; baseline -0.001 -13"><span class='ocrx_word' id='word_1_850' title='bbox 2105 4393 2313 4456; x_wconf 74' lang='lat' dir='ltr'><strong>vivunt,</strong></span> <span class='ocrx_word' id='word_1_851' title='bbox 2336 4390 2597 4445; x_wconf 88' lang='lat' dir='ltr'><strong>debentur</strong></span> <span class='ocrx_word' id='word_1_852' title='bbox 2611 4391 2832 4456; x_wconf 89' lang='lat' dir='ltr'><strong>cibaria,</strong></span> <span class='ocrx_word' id='word_1_853' title='bbox 2851 4398 2904 4445; x_wconf 91' lang='lat' dir='ltr'><strong>et</strong></span> <span class='ocrx_word' id='word_1_854' title='bbox 2920 4391 3176 4460; x_wconf 91' lang='lat' dir='ltr'><strong>quidquid</strong></span> <span class='ocrx_word' id='word_1_855' title='bbox 3200 4392 3302 4446; x_wconf 88' lang='lat' dir='ltr'><strong>illis</strong></span> <span class='ocrx_word' id='word_1_856' title='bbox 3322 4393 3679 4448; x_wconf 60' lang='lat' dir='ltr'><strong>necessarium</strong></span> 
     </span>
    </p>
   </div>
   <div class='ocr_carea' id='block_1_107' title="bbox 2108 4480 3684 4551">
    <p class='ocr_par' dir='ltr' id='par_1_107' title="bbox 2108 4480 3684 4551">
     <span class='ocr_line' id='line_1_107' title="bbox 2108 4480 3684 4551; baseline 0.003 -16"><span class='ocrx_word' id='word_1_857' title='bbox 2108 4492 2190 4536; x_wconf 89' lang='lat' dir='ltr'><strong>est</strong></span> <span class='ocrx_word' id='word_1_858' title='bbox 2207 4483 2260 4536; x_wconf 91' lang='lat' dir='ltr'><strong>in</strong></span> <span class='ocrx_word' id='word_1_859' title='bbox 2283 4491 2582 4550; x_wconf 87' lang='lat' dir='ltr'><strong>sumptum;</strong></span> <span class='ocrx_word' id='word_1_860' title='bbox 2608 4480 2687 4535; x_wconf 90' lang='lat' dir='ltr'><strong>illi</strong></span> <span class='ocrx_word' id='word_1_861' title='bbox 2709 4482 2849 4535; x_wconf 91' lang='lat' dir='ltr'><strong>enim</strong></span> <span class='ocrx_word' id='word_1_862' title='bbox 2874 4497 2969 4551; x_wconf 88' lang='lat' dir='ltr'><strong>pro</strong></span> <span class='ocrx_word' id='word_1_863' title='bbox 2992 4481 3073 4535; x_wconf 89' lang='lat' dir='ltr'><strong>his</strong></span> <span class='ocrx_word' id='word_1_864' title='bbox 3096 4482 3146 4534; x_wconf 93' lang='lat' dir='ltr'><strong>in</strong></span> <span class='ocrx_word' id='word_1_865' title='bbox 3164 4482 3278 4535; x_wconf 88' lang='lat' dir='ltr'><strong>acie</strong></span> <span class='ocrx_word' id='word_1_866' title='bbox 3299 4490 3472 4535; x_wconf 84' lang='lat' dir='ltr'><strong>stant:</strong></span> <span class='ocrx_word' id='word_1_867' title='bbox 3492 4482 3562 4537; x_wconf 90' lang='lat' dir='ltr'><strong>ita</strong></span> <span class='ocrx_word' id='word_1_868' title='bbox 3584 4483 3684 4539; x_wconf 85' lang='lat' dir='ltr'><strong>hac</strong></span> 
     </span>
    </p>
   </div>
   <div class='ocr_carea' id='block_1_108' title="bbox 2116 4573 3684 4640">
    <p class='ocr_par' dir='ltr' id='par_1_108' title="bbox 2116 4573 3684 4640">
     <span class='ocr_line' id='line_1_108' title="bbox 2116 4573 3684 4640; baseline 0.003 -13"><span class='ocrx_word' id='word_1_869' title='bbox 2116 4574 2167 4627; x_wconf 91' lang='lat' dir='ltr'><strong>in</strong></span> <span class='ocrx_word' id='word_1_870' title='bbox 2199 4588 2380 4628; x_wconf 91' lang='lat' dir='ltr'><strong>causa.</strong></span> <span class='ocrx_word' id='word_1_871' title='bbox 2430 4573 2559 4640; x_wconf 89' lang='lat' dir='ltr'><strong>Quis</strong></span> <span class='ocrx_word' id='word_1_872' title='bbox 2603 4573 2746 4626; x_wconf 88' lang='lat' dir='ltr'><strong>enim</strong></span> <span class='ocrx_word' id='word_1_873' title='bbox 2780 4573 3026 4638; x_wconf 88' lang='lat' dir='ltr'><strong>Paulum,</strong></span> <span class='ocrx_word' id='word_1_874' title='bbox 3076 4574 3177 4627; x_wconf 91' lang='lat' dir='ltr'><strong>nisi</strong></span> <span class='ocrx_word' id='word_1_875' title='bbox 3218 4573 3444 4629; x_wconf 89' lang='lat' dir='ltr'><strong>docendi</strong></span> <span class='ocrx_word' id='word_1_876' title='bbox 3490 4592 3684 4631; x_wconf 88' lang='lat' dir='ltr'><strong>munus</strong></span> 
     </span>
    </p>
   </div>
   <div class='ocr_carea' id='block_1_109' title="bbox 2112 4664 3685 4734">
    <p class='ocr_par' dir='ltr' id='par_1_109' title="bbox 2112 4664 3685 4734">
     <span class='ocr_line' id='line_1_109' title="bbox 2112 4664 3685 4734; baseline 0.004 -16"><span class='ocrx_word' id='word_1_877' title='bbox 2112 4665 2388 4730; x_wconf 89' lang='lat' dir='ltr'><strong>obivisset,</strong></span> <span class='ocrx_word' id='word_1_878' title='bbox 2422 4664 2744 4732; x_wconf 91' lang='lat' dir='ltr'><strong>conjecisset</strong></span> <span class='ocrx_word' id='word_1_879' title='bbox 2771 4664 2824 4717; x_wconf 88' lang='lat' dir='ltr'><strong>in</strong></span> <span class='ocrx_word' id='word_1_880' title='bbox 2853 4680 3122 4719; x_wconf 89' lang='lat' dir='ltr'><strong>carcerem</strong></span> <span class='ocrx_word' id='word_1_881' title='bbox 3149 4667 3171 4719; x_wconf 86' lang='lat'><strong>?</strong></span> <span class='ocrx_word' id='word_1_882' title='bbox 3196 4666 3551 4734; x_wconf 90' lang='lat' dir='ltr'><strong>Quamobrem</strong></span> <span class='ocrx_word' id='word_1_883' title='bbox 3581 4669 3685 4724; x_wconf 91' lang='lat' dir='ltr'><strong>mi-</strong></span> 
     </span>
    </p>
   </div>
   <div class='ocr_carea' id='block_1_110' title="bbox 2113 4757 3686 4827">
    <p class='ocr_par' dir='ltr' id='par_1_110' title="bbox 2113 4757 3686 4827">
     <span class='ocr_line' id='line_1_110' title="bbox 2113 4757 3686 4827; baseline 0.002 -15"><span class='ocrx_word' id='word_1_884' title='bbox 2113 4758 2345 4813; x_wconf 89' lang='lat' dir='ltr'><strong>nistrare</strong></span> <span class='ocrx_word' id='word_1_885' title='bbox 2366 4762 2565 4812; x_wconf 84' lang='lat' dir='ltr'><strong>sanctis</strong></span> <span class='ocrx_word' id='word_1_886' title='bbox 2590 4766 2823 4826; x_wconf 90' lang='lat' dir='ltr'><strong>oportet.</strong></span> <span class='ocrx_word' id='word_1_887' title='bbox 2853 4757 2951 4825; x_wconf 86' lang='lat' dir='ltr'><strong>Qui</strong></span> <span class='ocrx_word' id='word_1_888' title='bbox 2979 4761 3122 4813; x_wconf 89' lang='lat' dir='ltr'><strong>enim</strong></span> <span class='ocrx_word' id='word_1_889' title='bbox 3152 4774 3259 4814; x_wconf 91' lang='lat' dir='ltr'><strong>non</strong></span> <span class='ocrx_word' id='word_1_890' title='bbox 3286 4760 3574 4815; x_wconf 90' lang='lat' dir='ltr'><strong>absurdum</strong></span> <span class='ocrx_word' id='word_1_891' title='bbox 3595 4764 3686 4827; x_wconf 89' lang='lat' dir='ltr'><strong>sit,</strong></span> 
     </span>
    </p>
   </div>
   <div class='ocr_carea' id='block_1_111' title="bbox 2114 4847 3684 4922">
    <p class='ocr_par' dir='ltr' id='par_1_111' title="bbox 2114 4847 3684 4922">
     <span class='ocr_line' id='line_1_111' title="bbox 2114 4847 3684 4922; baseline 0.001 -18"><span class='ocrx_word' id='word_1_892' title='bbox 2114 4851 2164 4904; x_wconf 90' lang='lat' dir='ltr'><strong>ei</strong></span> <span class='ocrx_word' id='word_1_893' title='bbox 2185 4849 2271 4919; x_wconf 91' lang='lat' dir='ltr'><strong>qui</strong></span> <span class='ocrx_word' id='word_1_894' title='bbox 2301 4859 2515 4903; x_wconf 88' lang='lat' dir='ltr'><strong>terreno</strong></span> <span class='ocrx_word' id='word_1_895' title='bbox 2541 4847 2850 4917; x_wconf 86' lang='lat' dir='ltr'><strong>Imperatori</strong></span> <span class='ocrx_word' id='word_1_896' title='bbox 2876 4850 3085 4914; x_wconf 91' lang='lat' dir='ltr'><strong>militat,</strong></span> <span class='ocrx_word' id='word_1_897' title='bbox 3114 4852 3292 4904; x_wconf 90' lang='lat' dir='ltr'><strong>omnia</strong></span> <span class='ocrx_word' id='word_1_898' title='bbox 3319 4853 3684 4922; x_wconf 88' lang='lat' dir='ltr'><strong>suppeditare,</strong></span> 
     </span>
    </p>
   </div>
   <div class='ocr_carea' id='block_1_112' title="bbox 2115 4941 3687 5013">
    <p class='ocr_par' dir='ltr' id='par_1_112' title="bbox 2115 4941 3687 5013">
     <span class='ocr_line' id='line_1_112' title="bbox 2115 4941 3687 5013; baseline 0.001 -17"><span class='ocrx_word' id='word_1_899' title='bbox 2115 4950 2169 4996; x_wconf 90' lang='lat' dir='ltr'><strong>et</strong></span> <span class='ocrx_word' id='word_1_900' title='bbox 2216 4941 2532 4996; x_wconf 90' lang='lat' dir='ltr'><strong>vestimenta</strong></span> <span class='ocrx_word' id='word_1_901' title='bbox 2561 4949 2616 4994; x_wconf 91' lang='lat' dir='ltr'><strong>et</strong></span> <span class='ocrx_word' id='word_1_902' title='bbox 2663 4942 2900 5007; x_wconf 89' lang='lat' dir='ltr'><strong>cibaria,</strong></span> <span class='ocrx_word' id='word_1_903' title='bbox 2952 4958 3055 4995; x_wconf 92' lang='lat' dir='ltr'><strong>non</strong></span> <span class='ocrx_word' id='word_1_904' title='bbox 3086 4942 3257 4995; x_wconf 88' lang='lat' dir='ltr'><strong>solum</strong></span> <span class='ocrx_word' id='word_1_905' title='bbox 3290 4954 3545 5013; x_wconf 90' lang='lat' dir='ltr'><strong>quantum</strong></span> <span class='ocrx_word' id='word_1_906' title='bbox 3594 4960 3687 4998; x_wconf 89' lang='lat' dir='ltr'><strong>ne—</strong></span> 
     </span>
    </p>
   </div>
   <div class='ocr_carea' id='block_1_113' title="bbox 2114 5032 3686 5104">
    <p class='ocr_par' dir='ltr' id='par_1_113' title="bbox 2114 5032 3686 5104">
     <span class='ocr_line' id='line_1_113' title="bbox 2114 5032 3686 5104; baseline 0.001 -17"><span class='ocrx_word' id='word_1_907' title='bbox 2114 5032 2336 5087; x_wconf 86' lang='lat' dir='ltr'><strong>cessitas</strong></span> <span class='ocrx_word' id='word_1_908' title='bbox 2365 5032 2629 5101; x_wconf 89' lang='lat' dir='ltr'><strong>postulat,</strong></span> <span class='ocrx_word' id='word_1_909' title='bbox 2659 5032 2753 5086; x_wconf 90' lang='lat' dir='ltr'><strong>sed</strong></span> <span class='ocrx_word' id='word_1_910' title='bbox 2799 5033 2958 5086; x_wconf 88' lang='lat' dir='ltr'><strong>etiam</strong></span> <span class='ocrx_word' id='word_1_911' title='bbox 2991 5034 3109 5102; x_wconf 92' lang='lat' dir='ltr'><strong>plus</strong></span> <span class='ocrx_word' id='word_1_912' title='bbox 3134 5050 3290 5104; x_wconf 91' lang='lat' dir='ltr'><strong>quam</strong></span> <span class='ocrx_word' id='word_1_913' title='bbox 3327 5035 3461 5089; x_wconf 88' lang='lat' dir='ltr'><strong>satis</strong></span> <span class='ocrx_word' id='word_1_914' title='bbox 3486 5047 3595 5099; x_wconf 89' lang='lat' dir='ltr'><strong>est;</strong></span> <span class='ocrx_word' id='word_1_915' title='bbox 3635 5037 3686 5089; x_wconf 92' lang='lat' dir='ltr'><strong>ei</strong></span> 
     </span>
    </p>
   </div>
   <div class='ocr_carea' id='block_1_114' title="bbox 2115 5123 3689 5195">
    <p class='ocr_par' dir='ltr' id='par_1_114' title="bbox 2115 5123 3689 5195">
     <span class='ocr_line' id='line_1_114' title="bbox 2115 5123 3689 5195; baseline 0.001 -18"><span class='ocrx_word' id='word_1_916' title='bbox 2115 5137 2244 5177; x_wconf 90' lang='lat' dir='ltr'><strong>vero</strong></span> <span class='ocrx_word' id='word_1_917' title='bbox 2271 5123 2363 5192; x_wconf 92' lang='lat' dir='ltr'><strong>qui</strong></span> <span class='ocrx_word' id='word_1_918' title='bbox 2408 5123 2603 5177; x_wconf 90' lang='lat' dir='ltr'><strong>militat</strong></span> <span class='ocrx_word' id='word_1_919' title='bbox 2650 5124 2851 5179; x_wconf 60' lang='lat' dir='ltr'><strong>caelesti</strong></span> <span class='ocrx_word' id='word_1_920' title='bbox 2884 5124 3232 5192; x_wconf 89' lang='lat' dir='ltr'><strong>Imperatori,</strong></span> <span class='ocrx_word' id='word_1_921' title='bbox 3282 5136 3441 5195; x_wconf 89' lang='lat' dir='ltr'><strong>atque</strong></span> <span class='ocrx_word' id='word_1_922' title='bbox 3491 5125 3545 5179; x_wconf 90' lang='lat' dir='ltr'><strong>in</strong></span> <span class='ocrx_word' id='word_1_923' title='bbox 3573 5126 3689 5179; x_wconf 73' lang='lat' dir='ltr'><strong>acie</strong></span> 
     </span>
    </p>
   </div>
   <div class='ocr_carea' id='block_1_115' title="bbox 2117 5216 3686 5291">
    <p class='ocr_par' dir='ltr' id='par_1_115' title="bbox 2117 5216 3686 5291">
     <span class='ocr_line' id='line_1_115' title="bbox 2117 5216 3686 5291; baseline 0.003 -22"><span class='ocrx_word' id='word_1_924' title='bbox 2117 5224 2222 5270; x_wconf 89' lang='lat' dir='ltr'><strong>stat</strong></span> <span class='ocrx_word' id='word_1_925' title='bbox 2248 5216 2506 5270; x_wconf 86' lang='lat' dir='ltr'><strong>adversus</strong></span> <span class='ocrx_word' id='word_1_926' title='bbox 2542 5218 2726 5271; x_wconf 88' lang='lat' dir='ltr'><strong>hostes</strong></span> <span class='ocrx_word' id='word_1_927' title='bbox 2755 5218 2912 5287; x_wconf 88' lang='lat' dir='ltr'><strong>longe</strong></span> <span class='ocrx_word' id='word_1_928' title='bbox 2950 5218 3268 5291; x_wconf 90' lang='lat' dir='ltr'><strong>graviorcs(</strong></span> <span class='ocrx_word' id='word_1_929' title='bbox 3303 5219 3556 5286; x_wconf 81' lang='lat' dir='ltr'><strong>Quoniam</strong></span> <span class='ocrx_word' id='word_1_930' title='bbox 3584 5237 3686 5273; x_wconf 87' lang='lat' dir='ltr'><strong>non</strong></span> 
     </span>
    </p>
   </div>
   <div class='ocr_carea' id='block_1_116' title="bbox 2117 5309 3687 5383">
    <p class='ocr_par' dir='ltr' id='par_1_116' title="bbox 2117 5309 3687 5383">
     <span class='ocr_line' id='line_1_116' title="bbox 2117 5309 3687 5383; baseline 0.003 -21"><span class='ocrx_word' id='word_1_931' title='bbox 2117 5319 2190 5363; x_wconf 90' lang='lat' dir='ltr'><strong>est</strong></span> <span class='ocrx_word' id='word_1_932' title='bbox 2226 5309 2518 5363; x_wconf 90' lang='lat' dir='ltr'><strong>colluctatio</strong></span> <span class='ocrx_word' id='word_1_933' title='bbox 2546 5311 2722 5376; x_wconf 86' lang='lat' dir='ltr'><strong>nobis,</strong></span> <span class='ocrx_word' id='word_1_934' title='bbox 2768 5310 2975 5381; x_wconf 88' lang='lat' dir='ltr'><strong>inquit,</strong></span> <span class='ocrx_word' id='word_1_935' title='bbox 3015 5312 3256 5366; x_wconf 82' lang='lat' dir='ltr'><strong>adversus</strong></span> <span class='ocrx_word' id='word_1_936' title='bbox 3297 5314 3598 5383; x_wconf 81' lang='lat' dir='ltr'><strong>sanguinem</strong></span> <span class='ocrx_word' id='word_1_937' title='bbox 3639 5324 3687 5367; x_wconf 83' lang='lat' dir='ltr'><strong>et</strong></span> 
     </span>
    </p>
   </div>
   <div class='ocr_carea' id='block_1_117' title="bbox 2116 5399 3687 5474">
    <p class='ocr_par' dir='ltr' id='par_1_117' title="bbox 2116 5399 3687 5474">
     <span class='ocr_line' id='line_1_117' title="bbox 2116 5399 3687 5474; baseline 0.003 -21"><span class='ocrx_word' id='word_1_938' title='bbox 2116 5417 2316 5454; x_wconf 87' lang='lat' dir='ltr'><strong>carnem</strong></span> <span class='ocrx_word' id='word_1_939' title='bbox 2343 5399 2557 5473; x_wconf 82' lang='lat' dir='ltr'><strong>[Ephes.</strong></span> <span class='ocrx_word' id='word_1_940' title='bbox 2584 5402 2637 5457; x_wconf 91' lang='lat'><strong>8.</strong></span> <span class='ocrx_word' id='word_1_941' title='bbox 2669 5402 2737 5455; x_wconf 76' lang='lat' dir='ltr'><strong>t9.</strong></span> <span class='ocrx_word' id='word_1_942' title='bbox 2770 5400 2837 5474; x_wconf 86' lang='lat'><strong>]),</strong></span> <span class='ocrx_word' id='word_1_943' title='bbox 2866 5418 3037 5473; x_wconf 89' lang='lat' dir='ltr'><strong>neque</strong></span> <span class='ocrx_word' id='word_1_944' title='bbox 3053 5403 3351 5458; x_wconf 90' lang='lat' dir='ltr'><strong>necessaria</strong></span> <span class='ocrx_word' id='word_1_945' title='bbox 3378 5403 3537 5456; x_wconf 86' lang='lat' dir='ltr'><strong>etiam</strong></span> <span class='ocrx_word' id='word_1_946' title='bbox 3558 5418 3687 5472; x_wconf 83' lang='lat' dir='ltr'><strong>sup-</strong></span> 
     </span>
    </p>
   </div>
   <div class='ocr_carea' id='block_1_118' title="bbox 2118 5491 3692 5565">
    <p class='ocr_par' dir='ltr' id='par_1_118' title="bbox 2118 5491 3692 5565">
     <span class='ocr_line' id='line_1_118' title="bbox 2118 5491 3692 5565; baseline 0.004 -20"><span class='ocrx_word' id='word_1_947' title='bbox 2118 5491 2397 5560; x_wconf 86' lang='lat' dir='ltr'><strong>peditare?</strong></span> <span class='ocrx_word' id='word_1_948' title='bbox 2425 5492 2579 5562; x_wconf 88' lang='lat' dir='ltr'><strong>cujus</strong></span> <span class='ocrx_word' id='word_1_949' title='bbox 2605 5492 2706 5547; x_wconf 89' lang='lat' dir='ltr'><strong>hoc</strong></span> <span class='ocrx_word' id='word_1_950' title='bbox 2735 5493 3027 5564; x_wconf 88' lang='lat' dir='ltr'><strong>iniquitatis</strong></span> <span class='ocrx_word' id='word_1_951' title='bbox 3048 5493 3175 5549; x_wconf 88' lang='lat' dir='ltr'><strong>est?</strong></span> <span class='ocrx_word' id='word_1_952' title='bbox 3197 5503 3456 5565; x_wconf 88' lang='lat' dir='ltr'><strong>quantum</strong></span> <span class='ocrx_word' id='word_1_953' title='bbox 3480 5494 3581 5551; x_wconf 89' lang='lat' dir='ltr'><strong>hoc</strong></span> <span class='ocrx_word' id='word_1_954' title='bbox 3609 5497 3692 5551; x_wconf 87' lang='lat' dir='ltr'><strong>in-</strong></span> 
     </span>
    </p>
   </div>
   <div class='ocr_carea' id='block_1_119' title="bbox 2117 5586 2956 5653">
    <p class='ocr_par' dir='ltr' id='par_1_119' title="bbox 2117 5586 2956 5653">
     <span class='ocr_line' id='line_1_119' title="bbox 2117 5586 2956 5653; baseline 0.006 -17"><span class='ocrx_word' id='word_1_955' title='bbox 2117 5588 2250 5653; x_wconf 80' lang='lat' dir='ltr'><strong>grati</strong></span> <span class='ocrx_word' id='word_1_956' title='bbox 2279 5592 2334 5637; x_wconf 89' lang='lat' dir='ltr'><strong>et</strong></span> <span class='ocrx_word' id='word_1_957' title='bbox 2363 5586 2506 5653; x_wconf 89' lang='lat' dir='ltr'><strong>parci</strong></span> <span class='ocrx_word' id='word_1_958' title='bbox 2534 5586 2699 5641; x_wconf 91' lang='lat' dir='ltr'><strong>animi</strong></span> <span class='ocrx_word' id='word_1_959' title='bbox 2728 5587 2956 5641; x_wconf 77' lang='lat' dir='ltr'><strong>vitium?</strong></span> 
     </span>
    </p>
   </div>
   <div class='ocr_carea' id='block_1_120' title="bbox 2190 5678 3688 5750">
    <p class='ocr_par' dir='ltr' id='par_1_120' title="bbox 2190 5678 3688 5750">
     <span class='ocr_line' id='line_1_120' title="bbox 2190 5678 3688 5750; baseline 0.003 -16"><span class='ocrx_word' id='word_1_960' title='bbox 2190 5680 2241 5734; x_wconf 77' lang='grc'><strong>4.</strong></span> <span class='ocrx_word' id='word_1_961' title='bbox 2275 5678 2561 5747; x_wconf 73' lang='lat' dir='ltr'><strong>Caeterum,</strong></span> <span class='ocrx_word' id='word_1_962' title='bbox 2593 5689 2848 5749; x_wconf 89' lang='lat' dir='ltr'><strong>quantum</strong></span> <span class='ocrx_word' id='word_1_963' title='bbox 2874 5680 3052 5747; x_wconf 90' lang='lat' dir='ltr'><strong>video,</strong></span> <span class='ocrx_word' id='word_1_964' title='bbox 3078 5679 3196 5750; x_wconf 89' lang='lat' dir='ltr'><strong>plus</strong></span> <span class='ocrx_word' id='word_1_965' title='bbox 3215 5680 3355 5750; x_wconf 88' lang='lat' dir='ltr'><strong>apud</strong></span> <span class='ocrx_word' id='word_1_966' title='bbox 3388 5697 3485 5737; x_wconf 92' lang='lat' dir='ltr'><strong>nos</strong></span> <span class='ocrx_word' id='word_1_967' title='bbox 3512 5681 3688 5738; x_wconf 88' lang='lat' dir='ltr'><strong>homi-</strong></span> 
     </span>
    </p>
   </div>
   <div class='ocr_carea' id='block_1_121' title="bbox 2124 5772 3691 5845">
    <p class='ocr_par' dir='ltr' id='par_1_121' title="bbox 2124 5772 3691 5845">
     <span class='ocr_line' id='line_1_121' title="bbox 2124 5772 3691 5845; baseline 0.001 -17"><span class='ocrx_word' id='word_1_968' title='bbox 2124 5787 2248 5828; x_wconf 92' lang='lat' dir='ltr'><strong>num</strong></span> <span class='ocrx_word' id='word_1_969' title='bbox 2278 5782 2449 5828; x_wconf 92' lang='lat' dir='ltr'><strong>metus</strong></span> <span class='ocrx_word' id='word_1_970' title='bbox 2477 5782 2671 5843; x_wconf 86' lang='lat' dir='ltr'><strong>potest,</strong></span> <span class='ocrx_word' id='word_1_971' title='bbox 2701 5788 2858 5845; x_wconf 90' lang='lat' dir='ltr'><strong>quam</strong></span> <span class='ocrx_word' id='word_1_972' title='bbox 2886 5772 3142 5844; x_wconf 67' lang='lat' dir='ltr'><strong>gehennre</strong></span> <span class='ocrx_word' id='word_1_973' title='bbox 3166 5782 3219 5830; x_wconf 83' lang='lat' dir='ltr'><strong>et</strong></span> <span class='ocrx_word' id='word_1_974' title='bbox 3241 5772 3537 5830; x_wconf 90' lang='lat' dir='ltr'><strong>futurorum</strong></span> <span class='ocrx_word' id='word_1_975' title='bbox 3563 5791 3691 5841; x_wconf 81' lang='lat' dir='ltr'><strong>sup-</strong></span> 
     </span>
    </p>
   </div>
  </div>
