4108 6410
453 377 552 435 ΞΞΙ

446 490 745 562 pliciorum.
763 487 1052 558 Propterea
1073 498 1201 540 sane
1222 481 1399 537 omnia
1425 489 1609 536 contra
1631 492 1787 549 quam
1811 476 2017 539 deccat,

444 598 505 639 se
534 583 760 646 habent,
791 574 847 634 ut
890 578 1066 634 civilia
1109 575 1321 645 quidem
1372 573 1583 644 negotia
1630 571 1842 642 singulo
1888 584 2020 640 quo-

444 689 551 742 que
598 671 687 727 die
747 669 1154 740 diligentissime
1208 664 1672 727 administrentur,
1714 676 1888 732 neque
1928 660 2019 715 illa

447 779 695 834 umquam
719 762 888 817 omitti
918 760 1100 816 videas
1125 775 1141 824 ;
1168 756 1520 830 spiritualium
1547 768 1677 809 vero
1701 754 1842 809 nulla
1867 752 2025 807 nobis

447 857 584 911 ratio
624 855 904 909 habeatur.
949 853 1025 907 ita
1046 893 1061 918 ,
1107 866 1226 922 qua:
1256 848 1570 904 necessitate
1594 846 1749 902 nobis
1775 844 2020 915 imposita

444 962 507 1002 ac
535 946 817 1002 tormentis
844 944 1150 1014 propositis,
1180 944 1504 1010 omninoque
1531 948 1800 1009 tamquam
1836 953 1866 993 a
1900 952 2022 993 sera

444 1040 525 1092 vis
550 1048 602 1093 et
642 1036 821 1092 invitis
846 1035 1149 1105 exiguntur,
1189 1048 1380 1104 magna
1414 1041 1733 1103 praestantur
1759 1045 1881 1087 cum
1908 1030 2018 1084 ala-

441 1130 634 1185 critate
666 1147 680 1184 :
713 1142 831 1197 quae
860 1141 988 1182 vero
1033 1142 1063 1180 a
1106 1124 1393 1181 libentibus
1432 1133 1592 1194 angue
1634 1134 1691 1179 ut
1731 1138 1762 1177 a
1814 1122 2015 1188 liberis,

445 1222 625 1275 omnia
654 1221 991 1275 omittuntur.
1021 1217 1139 1273 Non
1180 1218 1296 1274 haec
1337 1219 1390 1271 in
1434 1231 1624 1272 omnes
1654 1216 1795 1281 dico,
1841 1215 1935 1272 sed
1965 1214 2016 1270 in

444 1326 541 1367 eos
566 1311 654 1381 qui
690 1309 992 1380 huiusmodi
1020 1319 1261 1379 sumptus
1305 1310 1480 1364 facere
1521 1316 1787 1363 recusant.
1828 1308 2018 1362 Annon

443 1413 657 1474 poterat
679 1405 818 1459 Deus
849 1404 1221 1458 necessitatem
1246 1400 1470 1457 faciendi
1493 1400 1805 1470 imponere?
1824 1401 1891 1455 At
1913 1415 2019 1455 non

444 1496 559 1551 vult
585 1512 599 1548 :
634 1494 787 1550 vobis
814 1495 955 1549 enim
985 1494 1151 1564 magis
1175 1493 1427 1558 consulit,
1464 1507 1623 1563 quam
1663 1492 1729 1547 iis
1752 1492 1842 1561 qui
1867 1491 2020 1546 alun-

444 1596 553 1642 tur.
585 1586 712 1642 ldeo
738 1602 844 1641 non
883 1585 1001 1640 vult
1034 1585 1218 1640 istluec
1249 1598 1342 1638 vos
1367 1598 1431 1638 ex
1459 1583 1778 1638 necessitate
1806 1581 1980 1638 facere
2000 1623 2016 1647 ,

445 1679 695 1750 quoniam
727 1678 870 1733 nulla
900 1692 992 1731 vos
1019 1685 1257 1732 maneret
1302 1689 1527 1730 merces.
1578 1677 1825 1729 Attamen
1870 1675 2020 1730 multi

446 1788 635 1828 eorum
665 1770 753 1840 qui
781 1770 868 1824 hic
897 1780 1038 1835 sunt,
1078 1768 1279 1824 Judaeis
1316 1777 1439 1822 sunt
1470 1765 1752 1822 inferiores
1780 1780 1844 1821 ac
1869 1766 2020 1820 vilio-

445 1879 552 1918 res.
585 1863 767 1934 Cogita
788 1904 802 1927 ,
832 1871 960 1932 quot
998 1870 1151 1917 erant
1177 1876 1296 1931 qure
1325 1874 1356 1915 a
1385 1859 1583 1915 Judaeis
1608 1857 1891 1925 dabantur,
1923 1857 2018 1913 de-

444 1956 598 2009 cima:
620 1994 635 2017 ,
665 1952 912 2023 primitice
935 1992 949 2016 ,
982 1966 1167 2006 rursus
1195 1950 1449 2018 decimae,
1487 1959 1541 2006 et
1564 1964 1749 2005 rursus
1774 1949 1895 2004 alia:
1922 1948 2020 2004 de-

445 2049 621 2114 cimae,
663 2055 719 2101 et
758 2060 943 2101 rursus
967 2046 1087 2099 alia:
1115 2044 1532 2110 decimmtertize,
1562 2052 1617 2099 et
1643 2043 1832 2098 siclum
1870 2060 1884 2096 :
1922 2057 2021 2097 nec

446 2141 724 2210 quisquam
763 2148 898 2204 erat,
929 2138 1017 2209 qui
1057 2138 1277 2203 diceret,
1312 2136 1617 2193 sacerdotes
1656 2136 1819 2191 multa
1856 2134 2019 2190 devo-

448 2245 587 2285 rare.
639 2229 756 2297 Quo
807 2229 957 2298 plura
1006 2228 1287 2297 accipiunt,
1335 2242 1401 2282 eo
1442 2227 1605 2282 etiam
1655 2226 1747 2282 tibi
1792 2226 2020 2295 amplior

446 2334 673 2375 merces.
704 2318 819 2373 Non
847 2318 1131 2385 dicebant,
1160 2318 1319 2374 Multa
1350 2326 1566 2375 sumunt
1591 2359 1606 2384 ,
1638 2318 1812 2373 ventri
1840 2318 2017 2371 indul-

444 2418 606 2479 gent;
636 2425 755 2479 quae
793 2424 933 2464 nunc
958 2409 1217 2480 quosdam
1246 2409 1486 2465 dicentes
1517 2408 1696 2463 audio.
1724 2409 1898 2480 Atque
1933 2408 2018 2462 isti

442 2500 680 2569 quidem,
725 2501 815 2570 qui
860 2500 1053 2555 domos
1086 2499 1356 2556 aedificant
1394 2510 1555 2572 atque
1593 2515 1750 2570 agros
1788 2509 2015 2565 emunt,

443 2590 575 2645 nihil
604 2597 792 2660 putant
818 2605 879 2645 se
922 2589 1118 2646 habere
1152 2609 1167 2645 :
1205 2590 1357 2669 quod
1388 2590 1435 2647 si
1470 2592 1721 2647 sacerdos
1755 2592 2016 2663 quispiam

443 2685 603 2755 paulo
625 2684 987 2754 Splendidiorc
1016 2692 1165 2740 veste
1193 2683 1413 2740 indutus
1437 2684 1623 2750 fuerit,
1650 2693 1740 2740 aut
1760 2699 2015 2741 necessa-

443 2776 526 2832 rio
550 2777 805 2831 alimento
831 2791 933 2831 non
960 2784 1133 2846 egeat,
1156 2786 1248 2831 aut
1272 2776 1531 2831 famulum
1554 2776 1770 2843 habeat,
1809 2792 1877 2833 ne
1902 2778 2018 2847 ipse

442 2875 665 2936 cogatur
704 2881 733 2920 a
773 2866 968 2921 decore
993 2865 1305 2933 discedere;
1333 2866 1436 2922 hoc
1474 2866 1551 2922 illi
1583 2866 1796 2923 divitias
1835 2868 2016 2923 nomi-

444 2965 594 3011 nant.
634 2955 776 3012 Vere
819 2955 1017 3013 divitiis
1059 2957 1413 3025 abundamus,
1445 2956 1606 3028 idque
1633 2957 1722 3014 isti
1750 2958 1837 3016 vel
1867 2960 2017 3016 inviti

443 3048 695 3104 fatentur.
725 3046 835 3103 Nos
874 3048 1019 3104 enim
1062 3048 1272 3104 etiamsi
1304 3063 1473 3119 pauca
1502 3048 1813 3117 habeamus,
1844 3052 2017 3107 abun—

444 3141 634 3196 damus
669 3140 907 3205 divitiis;
949 3140 1023 3195 illi
1067 3155 1193 3196 vero
1229 3141 1438 3196 etiamsi
1467 3143 1647 3197 omnia
1674 3143 1775 3199 sibi
1803 3158 2018 3215 compa-

443 3241 599 3300 rent,
630 3234 807 3304 inopia
837 3234 1096 3290 laborant.
1128 3235 1415 3306 Quousque
1450 3236 1729 3293 dementes
1769 3239 1971 3295 erimus
1996 3242 2021 3296 ?

443 3344 552 3383 non
578 3328 710 3382 satis
740 3327 893 3382 vobis
921 3327 1130 3383 videtur
1167 3328 1235 3383 ad
1278 3329 1597 3399 supplicium
1621 3332 1772 3388 vobis
1797 3347 2018 3404 compa-

443 3418 689 3483 randum,
721 3419 862 3489 quod
888 3418 1095 3474 nullum
1125 3434 1260 3490 opus
1280 3420 1457 3487 editis,
1489 3421 1590 3476 nisi
1612 3422 1863 3480 damnum
1887 3425 2019 3481 illud

441 3511 596 3566 vobis
629 3510 973 3578 contrahatis,
1003 3512 1144 3582 quod
1176 3512 1243 3568 de
1263 3512 1382 3568 aliis
1413 3514 1744 3571 detrahendo
1765 3518 1971 3574 accedit
1996 3520 2020 3574 ?

442 3603 655 3658 Etenim
681 3603 724 3658 si
755 3612 807 3657 tu
829 3603 989 3659 etiam
1015 3618 1183 3671 esses,
1216 3605 1306 3674 qui
1334 3620 1395 3659 ea
1423 3621 1542 3676 quae
1569 3606 1728 3663 habet
1750 3610 2017 3665 sacerdoti

442 3694 705 3761 dedisses,
736 3704 912 3748 tamen
942 3710 1007 3750 eo
1032 3694 1151 3765 ipso
1179 3696 1481 3751 mercedem
1503 3698 1845 3767 perdidisses,
1876 3702 2018 3771 quod

442 3798 506 3840 ea
536 3787 590 3840 in
620 3786 821 3842 crimen
861 3800 1081 3841 vocares
1103 3829 1118 3854 ,
1146 3802 1265 3856 quae
1291 3796 1345 3842 tu
1373 3788 1486 3858 ipse
1532 3790 1772 3846 dedisses
1798 3809 1813 3847 :
1842 3795 2017 3848 omni-

444 3894 625 3948 noque
654 3878 699 3932 si
734 3887 789 3931 tu
819 3877 1010 3933 dedisti
1036 3920 1051 3944 ,
1082 3879 1206 3948 quid
1231 3880 1577 3935 criminaris?
1606 3883 1773 3937 Antea
1805 3884 2017 3954 quidem

442 3986 731 4041 pauperem
777 3971 924 4024 illum
963 3971 1128 4026 fuisse
1167 3972 1399 4038 testaris,
1431 3972 1563 4039 Qum
1608 3972 1785 4042 habet,
1818 3975 2016 4046 inquis,

443 4077 547 4133 ego
590 4062 709 4118 dedi
742 4080 755 4114 :
788 4061 911 4132 quid
954 4077 1081 4132 ergo
1131 4063 1477 4118 criminaris?
1516 4064 1755 4119 Dandum
1804 4067 2021 4122 minime

444 4154 640 4216 fuerat.
671 4154 716 4208 si
742 4168 862 4208 eras
891 4153 943 4207 in
970 4154 1173 4207 crimen
1196 4162 1497 4209 vocaturus.
1523 4157 1592 4209 At
1619 4170 1739 4210 cum
1764 4157 1902 4213 alter
1928 4158 2021 4213 de-

441 4246 541 4310 dit,
570 4247 670 4299 ista
701 4244 882 4301 dicis?
909 4244 1133 4301 Gravius
1168 4259 1296 4298 sane
1316 4244 1570 4299 delictum
1592 4285 1607 4311 ,
1633 4260 1755 4300 cum
1782 4256 1836 4301 tu
1864 4249 2024 4302 mini-

443 4353 531 4393 me
565 4336 816 4403 dederis,
848 4337 1067 4391 alterius
1111 4335 1385 4391 benefacta
1427 4337 1717 4391 criminari.
1758 4336 2019 4405 Quantam

440 4426 565 4484 illos
610 4427 913 4483 mercedem
950 4442 1167 4481 manere
1195 4437 1369 4495 putas,
1397 4427 1487 4497 qui
1528 4426 1715 4482 isthaac
1754 4428 2021 4485 audiunt?

444 4522 543 4578 Dei
568 4523 710 4577 enim
735 4536 895 4576 causa
922 4519 1037 4575 haec
1058 4520 1351 4590 patiuntur.
1375 4520 1511 4587 Quid
1535 4520 1605 4574 ita
1629 4522 1653 4573 1’
1680 4521 1949 4589 Poterant,
1974 4524 2020 4578 si

442 4620 758 4684 voluissent,
792 4634 1061 4690 caupones
1091 4619 1226 4686 fieri,
1260 4621 1469 4675 tametsi
1502 4620 1630 4675 nihil
1659 4621 1764 4677 illis
1790 4638 1819 4675 a
1846 4624 2020 4693 majo-

442 4714 591 4767 ribus
624 4714 867 4767 relictum
888 4720 1050 4767 esset.
1082 4712 1213 4766 Nam
1238 4721 1293 4767 et
1322 4712 1436 4768 haec
1463 4713 1657 4768 multos
1683 4713 2020 4785 impudenter

442 4803 682 4858 dicentes
720 4803 896 4869 audio,
945 4806 990 4858 si
1037 4805 1250 4873 quando
1290 4820 1389 4860 nos
1417 4806 1487 4859 ita
1516 4804 1743 4861 dicimus
1768 4847 1782 4873 ,
1816 4806 1913 4862 Hic
1934 4808 2019 4862 vel

443 4895 538 4948 ille
580 4908 781 4963 pauper
808 4904 891 4949 est
919 4913 932 4950 :
964 4894 1198 4961 Poterat,
1241 4896 1505 4965 inquiunt,
1546 4897 1589 4950 si
1638 4898 1909 4962 voluisset,
1950 4899 2018 4954 ad

443 4984 655 5038 divitias
676 4983 976 5053 pervenire.
1004 4985 1203 5040 Deinde
1229 4986 1579 5041 contumelias
1606 4986 1844 5053 addunt,
1875 4991 2022 5047 Avus

440 5075 596 5131 istius
621 5085 675 5131 et
696 5076 895 5131 abavus
918 5075 1052 5130 tales
1075 5075 1310 5140 fuerunt,
1339 5077 1423 5132 hic
1449 5094 1577 5133 vero
1599 5095 1738 5133 nunc
1762 5080 1853 5133 tali
1876 5091 2021 5136 veste

442 5167 661 5222 indutus
709 5176 812 5224 est.
861 5166 967 5222 Sed
1011 5167 1181 5237 quid?
1226 5168 1314 5223 dic
1353 5168 1519 5234 mihi;
1551 5170 1825 5226 nudumne
1871 5171 2019 5225 illum

443 5258 729 5313 circumire
756 5258 1033 5328 oportuit?
1073 5259 1216 5328 Ergo
1260 5259 1361 5314 ista
1406 5260 1620 5329 quidem
1654 5262 2021 5317 tu'subtiliter

442 5351 510 5404 ad
538 5350 773 5404 calculos
799 5364 1053 5411 revocas;
1078 5350 1172 5404 sed
1199 5351 1318 5404 vide
1346 5366 1415 5407 ne
1441 5361 1625 5406 contra
1654 5353 1879 5423 teipsum
1905 5354 2020 5409 haec

441 5441 592 5497 dicas
622 5460 636 5495 :
669 5451 828 5511 atque
854 5440 976 5494 audi
1006 5441 1150 5494 illam
1180 5440 1377 5495 Christi
1415 5442 1834 5499 admonitionem
1854 5488 1868 5510 ,
1902 5443 2020 5499 Νο-

442 5533 530 5587 lite
548 5533 808 5602 judicare,
842 5543 888 5585 et
916 5549 1017 5586 non
1038 5533 1396 5601 judicabimini
1425 5534 1638 5605 (Matth.
1665 5536 1720 5607 7,
1750 5537 1828 5607 1).
1861 5537 2023 5593 Pote-

441 5637 527 5681 rat
552 5627 729 5696 igitur,
758 5627 802 5681 si
838 5627 1112 5691 voluiSsct,
1152 5628 1529 5696 cauponariam
1556 5644 1619 5682 ac
1657 5640 2017 5684 mercaturam

444 5734 718 5782 exercere,
745 5721 1065 5787 omninoque
1092 5734 1198 5772 non
1223 5720 1488 5789 eguisset;
1530 5723 1621 5777 sed
1651 5724 1839 5776 noluit.
1872 5722 2008 5789 Quid

448 5811 626 5882 igitur,
669 5825 872 5880 quwso,
915 5809 1185 5865 lucratur?
1214 5827 1339 5866 num
1370 5813 1554 5869 sericis
1583 5814 1815 5869 induitur
1847 5816 2006 5868 vesti-

1146 367 1206 423 S.
1246 361 1523 424 JOANNIS
1551 354 2016 418 CllRYSOSTUMI
2056 353 2369 411 ARCHIEP.
2407 353 2939 414 CONSTANTINOP.

3594 365 3703 422 252

2133 470 2274 524 bus?
2298 486 2424 525 num
2451 481 2772 526 sectatorum
2803 468 3193 525 multitudinem
3223 486 3319 541 per
3348 471 3520 527 forum
3552 473 3701 528 inre-

2125 562 2259 618 dens
2282 563 2672 620 circumducit?
2699 580 2822 618 num
2853 580 2989 633 equo
3013 562 3261 619 vehitur?
3281 581 3409 621 num
3434 566 3579 622 aedes
3607 581 3702 622 ex-

2126 658 2305 723 struit,
2347 655 2549 713 habens
2588 657 2677 712 ubi
2708 657 2943 713 habitet?
2970 656 3027 713 Si
3058 657 3173 713 haec
3202 659 3367 724 facit,
3396 674 3497 729 ego
3536 660 3699 714 etiam

2127 747 2483 816 reprehendo,
2528 763 2703 818 neque
2730 749 2803 803 illi
2844 764 3027 819 parco,
3072 750 3167 804 sed
3209 749 3511 806 sacerdotio
3555 752 3697 807 indi-

2125 852 2285 908 gnum
2327 852 2449 894 esse
2476 838 2701 894 afﬁrmo.
2730 838 2861 893 Nam
2885 839 3150 909 quomodo
3178 855 3399 897 monere
3435 841 3570 897 alios
3596 857 3699 912 po-

2125 930 2288 998 terit,
2334 945 2403 986 ne
2440 930 2599 986 rebus
2628 930 2743 986 istis
2771 930 3043 986 inutilibus
3071 943 3293 997 vacent,
3327 933 3415 1003 qui
3461 933 3698 1003 seipsnm

2126 1037 2346 1077 monere
2384 1038 2491 1077 non
2538 1022 2751 1093 potest?
2788 1023 2883 1078 Sin
2912 1033 3089 1079 autem
3116 1024 3257 1095 quod
3301 1025 3461 1081 rebus
3490 1035 3698 1082 tantum

2124 1115 2191 1169 ad
2221 1114 2380 1169 vitam
2411 1115 2727 1171 necessariis
2751 1130 2856 1170 non
2885 1125 3023 1186 eget,
3058 1117 3160 1172 hoc
3182 1117 3298 1187 ipso
3329 1118 3508 1188 inique
3547 1120 3695 1189 agit;

2124 1220 2195 1260 an
2239 1205 2413 1275 ipsum
2455 1206 2735 1260 circumire
2772 1207 3072 1276 oportebat,
3119 1216 3174 1262 et
3218 1208 3560 1264 mendicare?
3600 1224 3698 1264 nec

2123 1296 2408 1366 quidquam
2441 1304 2527 1363 te,
2558 1311 2592 1353 ο
2620 1297 2912 1366 discipule,
2959 1297 3217 1368 puderet?
3258 1300 3335 1354 Ac
3374 1299 3419 1354 si
3460 1300 3696 1356 carnalis

2124 1396 2277 1455 pater
2299 1386 2350 1440 id
2372 1387 2551 1453 faciat,
2579 1387 2814 1443 dedecus
2843 1404 3092 1460 magnum
3119 1398 3303 1459 putes;
3332 1391 3414 1445 sin
3438 1391 3695 1461 spiritua-

2124 1480 2191 1535 lis
2219 1495 2284 1534 eo
2306 1479 2633 1536 descendere
2656 1490 2910 1550 cogatur,
2941 1497 3044 1537 non
3083 1483 3368 1538 erubesces
3391 1525 3407 1551 ,
3440 1498 3614 1554 neque
3644 1493 3697 1540 te

2126 1570 2359 1627 tenebris
2400 1570 2699 1627 abdendum
2729 1572 2976 1642 putabis?
3018 1572 3250 1627 Dedecus
3288 1575 3441 1640 enim,
3487 1573 3691 1646 inquit,

2126 1664 2349 1733 ﬁliorum
2374 1674 2516 1734 pater
2551 1665 2661 1721 sine
2688 1665 2876 1721 honore
2914 1665 3107 1739 (Eccli.
3135 1668 3185 1723 '5.
3217 1667 3330 1737 15).
3363 1668 3498 1735 Quid
3525 1682 3652 1739 ergo
3669 1668 3695 1722 ?

2124 1755 2454 1827 pereundum
2486 1755 2560 1810 illi
2607 1755 2748 1812 fame
2787 1756 2999 1813 fuerat?
3042 1756 3237 1812 Verum
3268 1774 3440 1828 neque
3482 1758 3583 1815 hoc
3620 1760 3693 1829 pii

2125 1846 2354 1902 hominis
2396 1856 2505 1914 est;
2547 1862 2720 1919 neque
2763 1848 2905 1903 enim
2954 1848 3207 1919 probatur
3249 1850 3379 1905 Deo.
3426 1849 3691 1905 Caeterum

2124 1938 2338 2008 quando
2383 1938 2496 1994 haec
2536 1939 2791 1995 adversus
2818 1940 2947 1996 istos
2983 1940 3272 2002 all'erimus,
3306 1943 3482 1997 subito
3515 1942 3692 2012 philo-

2125 2029 2418 2099 sophantur
2449 2048 2462 2084 :
2494 2030 2751 2101 scriptum
2776 2040 2891 2095 est,
2924 2032 3207 2103 inquiunt,
3237 2030 3410 2086 Nolite
3438 2034 3695 2104 possidere

2124 2139 2322 2188 aurum,
2351 2138 2507 2191 neque
2534 2133 2821 2194 argentum,
2848 2139 3005 2190 neque
3034 2122 3161 2177 duas
3189 2123 3404 2184 tunicas,
3433 2141 3591 2192 neque
3620 2140 3693 2179 ws

2123 2216 2175 2270 in
2199 2216 2340 2270 sonis
2364 2216 2536 2270 vestris
2558 2256 2573 2280 ,
2602 2231 2759 2285 neque
2782 2216 2975 2287 virgam
3007 2215 3219 2285 (Matth.
3249 2216 3335 2273 10.
3362 2216 3436 2284 9).
3468 2218 3531 2271 Hi
3560 2232 3692 2274 vero

2124 2316 2274 2361 terna
2303 2316 2357 2361 et
2385 2315 2640 2375 quaterna
2667 2305 2863 2361 habent
2890 2307 3203 2361 vestimenta
3228 2349 3244 2375 ,
3270 2318 3325 2362 et
3351 2308 3515 2363 lectos
3557 2323 3689 2363 con-

2122 2407 2337 2452 stratas.
2368 2397 2463 2452 llei
2488 2396 2651 2453 mihi!
2683 2412 2846 2467 cogor
2872 2414 2971 2468 ego
2998 2414 3138 2454 nunc
3162 2400 3465 2469 suspirare,
3496 2416 3558 2455 ac
3589 2402 3691 2457 nisi

2122 2488 2253 2545 mihi
2285 2487 2537 2545 decorum
2579 2489 2831 2545 tuendum
2862 2500 3027 2557 esset,
3067 2491 3257 2547 multas
3282 2492 3443 2548 etiam
3471 2492 3691 2563 profun-

2121 2581 2304 2637 derem
2345 2582 2626 2652 lacrymas.
2669 2579 2814 2638 Cur?
2839 2583 3098 2652 Quoniam
3127 2585 3179 2639 in
3225 2584 3452 2639 aliorum
3477 2585 3690 2655 quidem

2122 2674 2353 2730 festucas
2393 2675 2529 2733 adeo
2566 2675 2846 2747 diligenter
2896 2677 3212 2747 inquirimus
3237 2719 3253 2745 ,
3300 2688 3511 2735 nostras
3560 2694 3691 2735 vero

2123 2768 2322 2831 trabes,
2344 2782 2477 2839 quas
2494 2769 2548 2823 in
2573 2769 2742 2825 oculis
2768 2768 3027 2825 habemus
3043 2810 3059 2837 ,
3086 2786 3154 2826 ne
3172 2772 3431 2827 sentimus
3452 2770 3688 2842 quidem.

2124 2858 2220 2915 Dic
2262 2860 2415 2925 mihi,
2460 2874 2557 2915 cur
2603 2859 2787 2917 isthmc
2827 2860 2919 2917 tibi
2949 2861 3049 2931 ipsi
3089 2877 3195 2917 non
3225 2862 3397 2918 dicis?
3431 2862 3690 2932 Quoniam

2123 2952 2246 3018 hoc,
2275 2952 2464 3024 inquit,
2494 2953 2763 3024 magistris
2791 2952 3068 3009 dumtaxat
3087 2966 3407 3025 praeceptum
3429 2964 3529 3010 est.
3554 2954 3694 3026 Ergo

2121 3061 2242 3106 eum
2275 3045 2468 3102 Paulus
2497 3046 2702 3117 inquit,
2735 3045 2990 3103 Habentes
3014 3048 3253 3103 alimenta
3276 3059 3324 3103 et
3348 3048 3525 3119 quibus
3550 3060 3692 3120 tega-

2122 3154 2237 3195 mur
2254 3180 2271 3207 ,
2298 3141 2376 3195 his
2405 3141 2625 3195 contenti
2648 3140 2807 3195 simus
2832 3140 2923 3213 (Ι.
2949 3139 3081 3197 Tim.
3110 3140 3163 3197 6.
3191 3140 3290 3211 8),
3318 3140 3385 3197 ad
3410 3141 3554 3197 solos
3578 3157 3694 3197 ma-

2122 3233 2318 3305 gistros
2348 3234 2508 3289 verba
2534 3232 2700 3288 facit?
2722 3232 2970 3299 Minime;
2994 3232 3089 3289 sed
3117 3233 3184 3289 ad
3211 3248 3398 3290 omnes
3426 3234 3689 3290 homines.

2125 3326 2286 3396 quue
2311 3326 2439 3381 satis
2468 3325 2750 3391 constabit,
2769 3326 2812 3379 si
2838 3340 2869 3379 a
2889 3325 3061 3395 capite
3090 3325 3264 3381 locum
3288 3326 3432 3381 illum
3451 3327 3694 3396 inSpcsr-

2125 3418 2291 3473 rimus
2324 3435 2338 3472 :
2370 3433 2492 3472 nam
2521 3433 2641 3472 cum
2668 3417 2911 3485 dixisset,
2932 3417 3024 3473 Est
3046 3428 3212 3473 autem
3235 3430 3455 3489 qutestus
3482 3436 3693 3489 magnus

2124 3510 2282 3578 pietas
2308 3526 2421 3563 cum
2458 3509 2789 3579 sufficientia;
2826 3524 2891 3564 ac
2928 3508 3122 3565 deinde
3164 3509 3496 3577 addidisset,
3542 3509 3695 3565 Nihil

2123 3602 2254 3657 enim
2281 3601 2543 3655 intulimus
2580 3602 2635 3655 in
2672 3602 2806 3655 hunc
2844 3601 3120 3667 mundum,
3162 3601 3300 3655 haud
3327 3602 3532 3657 dubium
3559 3603 3695 3674 quod

2123 3711 2212 3748 nec
2235 3694 2436 3763 auferre
2470 3693 2593 3763 quid
2618 3708 2925 3763 possumus;
2950 3694 3205 3749 continuo
3238 3694 3507 3766 subjunxi‘t
3529 3737 3546 3762 ,
3578 3695 3691 3749 Ila-

2126 3789 2292 3840 bentes
2318 3795 2482 3840 autem
2509 3786 2750 3840 alimenta
2777 3794 2825 3838 et
2858 3786 3036 3856 quibus
3071 3795 3300 3857 tegamur
3321 3828 3338 3853 ,
3371 3787 3447 3842 his
3474 3788 3695 3841 contenti

2124 3879 2300 3932 simus.
2327 3877 2427 3943 Qui
2456 3887 2625 3931 autem
2648 3877 2821 3931 uolunt
2846 3876 3024 3931 divites
3051 3877 3183 3946 fieri,
3210 3878 3441 3931 incidunt
3462 3877 3516 3933 in
3534 3887 3697 3932 tenta-

2124 3979 2309 4031 tionem
2335 3984 2383 4030 et
2420 3976 2674 4043 laqueum,
2711 3982 2758 4027 et
2793 3973 3041 4028 desideria
3077 3974 3239 4028 multa
3265 3974 3419 4028 stulta
3444 3982 3491 4028 et
3518 3973 3696 4028 nociva

2124 4067 2287 4139 (Ibid.
2316 4084 2363 4121 υ.
2388 4066 2441 4121 6.
2472 4064 2551 4137 9).

2195 4161 2251 4217 5.
2286 4159 2448 4215 Vides
2475 4158 2542 4214 ad
2569 4173 2755 4213 omnes
2793 4158 3085 4214 orationem
3119 4157 3343 4214 haberi?
3365 4158 3501 4228 Quid
3530 4174 3695 4230 vero,

2125 4268 2247 4310 cum
2291 4267 2475 4308 rursus
2505 4252 2711 4321 inquit,
2735 4250 2917 4307 Carnis
2945 4267 3117 4304 curam
3144 4266 3206 4304 ne
3231 4251 3450 4321 feceritis
3478 4257 3531 4306 in
3558 4252 3695 4306 desi-

2125 4344 2279 4399 deriis
2304 4342 2479 4416 (Rom.
2508 4344 2596 4397 15.
2637 4343 2726 4413 14)
2751 4358 2766 4407 ;
2796 4358 2978 4398 nonne
3013 4342 3259 4398 omnibus
3297 4345 3588 4413 generatim
3619 4345 3699 4398 lo-

2125 4435 2344 4508 quitur?
2367 4433 2494 4504 quid
2524 4449 2673 4500 vero,
2706 4449 2827 4489 cum
2856 4433 3062 4504 inquit,
3091 4433 3225 4488 Esca
3251 4435 3428 4501 ventri,
3456 4443 3504 4488 et
3532 4446 3699 4490 venter

2126 4529 2251 4582 escis
2290 4542 2306 4579 :
2333 4525 2470 4580 Deus
2495 4535 2664 4579 autem
2687 4532 2735 4580 et
2769 4525 2903 4579 hunc
2929 4536 2976 4579 et
3002 4526 3094 4579 has
3122 4524 3342 4579 destruet
3368 4526 3387 4595 (
3408 4527 3458 4580 i.
3489 4525 3607 4580 Cor.
3639 4525 3695 4581 6.

2128 4618 2216 4691 l5)
2238 4618 2262 4673 ?
2287 4618 2411 4688 quid
2440 4631 2589 4683 vero,
2621 4616 2707 4671 ubi
2736 4616 2927 4686 inquit,
2963 4614 3089 4681 Quae
3108 4617 3161 4670 in
3185 4616 3380 4669 deliciis
3402 4626 3475 4670 est
3493 4656 3509 4681 ,
3534 4620 3700 4670 vivens

2125 4720 2327 4764 mortua
2347 4718 2439 4772 est,
2471 4708 2537 4762 de
2563 4707 2719 4761 vidua
2751 4707 3013 4777 loquens?
3042 4722 3167 4761 num
3200 4706 3428 4762 fortasse
3457 4716 3512 4762 et
3542 4707 3699 4762 vidua

2126 4802 2379 4872 magister
2417 4800 2544 4855 est?
2587 4815 2761 4854 annon
2798 4801 2912 4868 ipse
2942 4800 3059 4864 fuit,
3102 4799 3189 4869 qui
3221 4799 3290 4853 ita
3321 4800 3473 4865 dixit,
3503 4799 3703 4855 Docere

2127 4904 2295 4948 autem
2331 4893 2528 4946 mulieri
2556 4909 2657 4945 non
2696 4894 2948 4961 permitto,
2983 4897 3138 4962 neque
3165 4893 3416 4945 dominari
3455 4894 3509 4946 in
3534 4893 3701 4946 uirum

2131 4987 2206 5056 (l.
2233 4984 2367 5039 Tim.
2396 4986 2449 5040 5.
2479 4984 2534 5038 6.
2565 4994 2609 5038 et
2634 4983 2689 5036 2.
2723 4984 2808 5051 η)
2831 4984 2855 5036 ?
2878 4984 3027 5049 Quod
3058 4985 3100 5038 si
3142 4984 3297 5037 vidua
3318 5025 3334 5050 ,
3369 4984 3456 5037 ubi
3486 4993 3541 5039 et
3565 4992 3700 5039 aetas

2126 5077 2341 5141 senilis;
2384 5084 2633 5130 senectus
2662 5076 2801 5128 enim
2829 5090 3021 5144 magno
3055 5084 3175 5145 eget
3198 5075 3484 5145 obsequio,
3517 5084 3572 5130 et
3605 5089 3704 5127 na-

2128 5176 2244 5221 tura
2276 5169 2425 5236 ipsa;
2459 5166 2716 5221 muliebre
2738 5168 2877 5221 enim
2907 5181 3074 5236 genus
3104 5168 3307 5235 majore
3334 5176 3456 5236 eget
3484 5165 3699 5233 solatio,

2127 5263 2248 5332 quia
2276 5262 2542 5315 infirmum
2581 5270 2663 5316 est
2692 5280 2706 5316 :
2738 5262 2915 5331 igitur,
2947 5263 2991 5317 si
3025 5262 3114 5317 ubi
3143 5273 3274 5318 tetas
3301 5271 3355 5318 et
3384 5270 3568 5317 natura
3599 5262 3702 5317 ob-

2128 5355 2320 5418 stabat,
2350 5353 2570 5409 minitne
2600 5362 2774 5409 tamen
2808 5354 2949 5408 illam
2980 5354 3105 5411 sinit
3132 5354 3358 5410 delicate
3384 5364 3438 5410 et
3467 5356 3701 5411 molliter

2128 5446 2331 5506 vivere,
2378 5445 2472 5498 sed
2520 5445 2679 5499 etiam
2728 5454 2989 5499 mortuam
3036 5460 3157 5501 esse
3184 5445 3350 5515 inquit
3381 5445 3526 5517 (non
3556 5445 3700 5500 enim

2130 5546 2331 5591 tantum
2361 5537 2495 5590 dixit
2518 5578 2532 5599 ,
2565 5535 2641 5591 Ne
2665 5536 2893 5591 deliCate
2920 5537 3081 5603 vivat,
3122 5536 3241 5604 sed,
3272 5536 3398 5603 Qua:
3425 5538 3478 5590 in
3505 5537 3699 5591 deliciis

2130 5644 2222 5695 est,
2246 5645 2410 5683 vivens
2437 5640 2633 5682 mortua
2652 5641 2759 5695 est;
2787 5645 3011 5699 eamque
3041 5646 3072 5685 θ
3097 5629 3273 5685 medio
3296 5640 3551 5696 removit;
3575 5647 3702 5686 nam

2131 5738 2248 5791 qua:
2270 5733 2474 5775 mortua
2503 5732 2606 5787 est,
2638 5737 2671 5776 e
2700 5721 2874 5775 medio
2898 5722 3103 5778 sublata
3125 5720 3247 5795 est)
3274 5741 3288 5777 :
3312 5738 3469 5793 quam
3494 5723 3703 5778 veniam

2138 5815 2349 5872 habebit
2374 5814 2531 5871 homo
2556 5831 2620 5871 ea
2644 5814 2860 5881 faciens,
2882 5829 3110 5886 quorum
3133 5830 3291 5874 causa
3319 5815 3506 5873 mulier
3526 5821 3706 5873 vetula
