4108 6410
407 367 506 421 251

407 485 504 552 τῆς
528 482 944 553 εὐγνωμοσύνης
964 496 978 510 ·
1002 482 1070 536 τὰ
1088 482 1143 535 δέ
1166 500 1239 536 πα
1250 484 1316 555 ρά
1341 484 1593 550 ἐχόντων,
1619 487 1713 538 καὶ
1730 485 1805 547 ώς
1829 480 1979 552 παρά

407 572 740 641 ἐλευθέρων,
776 573 954 625 πάντα
1001 572 1409 642 ἐλλιμπάνεται.
1454 575 1527 627 Οὐ
1572 574 1715 626 κατὰ
1759 573 1977 627 πάντων

408 662 570 731 λέγω,
596 663 733 716 ἀλλά
766 663 907 718 κατά
949 664 1058 717 τῶν
1098 665 1165 718 τά
1206 665 1516 736 τελέσματα
1544 666 1717 720 ταῦτα
1748 666 1979 732 ἐγκατα-

406 754 806 824 λιμπανόντων.
840 756 930 827 Μή
965 755 1075 828 γάρ
1127 757 1225 810 οὐκ
1273 757 1502 827 ἠδύνατο
1536 761 1566 812 ό
1590 758 1721 822 Θεὸς
1764 758 1977 827 ἀνάγκῃ

406 846 579 900 ταῦτα
610 849 821 912 ποιεῖν;
854 847 993 900 Ἀλλ’
1012 848 1071 902 ού
1101 848 1349 918 βούλεται
1372 867 1386 881 ·
1420 851 1577 921 ὑμῶν
1607 851 1713 922 γάρ
1740 850 1978 921 φείδεται

412 937 632 1006 μᾶλλον,
648 937 681 1009 ἢ
698 937 806 991 τῶν
824 939 1191 1009 τρεφομένων.
1205 940 1303 993 Διά
1316 939 1475 994 τοῦτο
1491 941 1632 1012 ὑμᾶς
1648 942 1749 994 οὐκ
1764 940 1979 1012 ἀνάγκῃ

412 1026 659 1097 βούλεται
690 1027 1059 1092 κατατιθέναι,
1100 1030 1290 1101 ἐπειδὴ
1326 1034 1427 1084 οὐκ
1458 1030 1574 1085 ἐστι
1624 1031 1834 1102 μισθός.
1868 1032 1979 1084 Καὶ

408 1118 556 1188 ὅμως
578 1118 763 1172 πολλοὶ
789 1120 895 1173 τῶν
921 1120 1174 1187 ἐνταῦθα,
1197 1122 1306 1175 τῶν
1352 1122 1619 1176 Ἰουδαίων
1650 1124 1758 1177 εἰσὶ
1786 1140 1977 1177 ταπει-

409 1211 637 1282 νότεροι.
681 1212 960 1282 Ἐννόησον
988 1213 1091 1267 ὃσα
1128 1214 1367 1267 Ἰουδαῖοι
1405 1214 1674 1280 ἐδίδοσαν,
1722 1214 1973 1280 δεκάτας,

408 1302 683 1372 ἀπαρχάς,
716 1301 879 1356 πάλιν
906 1302 1159 1368 δεκάτας,
1192 1304 1285 1357 καὶ
1326 1304 1488 1359 πάλιν
1523 1304 1690 1369 άλλας
1720 1305 1973 1369 δεκάτας,

410 1394 503 1447 καὶ
529 1394 688 1447 πάλιν
712 1394 906 1464 ἐτέρας
937 1395 1416 1465 τρισκαιδεκάτας,
1441 1397 1536 1451 καὶ
1560 1396 1622 1450 τὸ
1649 1397 1829 1450 σίκλον
1846 1416 1857 1428 ·
1883 1398 1977 1451 καὶ

407 1484 580 1549 οὐδεὶς
611 1484 815 1553 ἔλεγεν,
836 1485 915 1538 ὅτι
936 1485 1104 1540 πολλά
1125 1486 1519 1541 κατεσθίουσιν.
1539 1488 1687 1559 Ὅσῳ
1713 1489 1779 1543 ἂν
1801 1488 1977 1541 πλείο-

408 1594 474 1627 να
526 1577 732 1631 λάϐωσι
757 1618 771 1643 ,
805 1577 1043 1649 τοσούτῳ
1074 1579 1168 1632 καὶ
1214 1579 1416 1633 πλείων
1442 1582 1469 1634 6
1500 1580 1710 1650 μισθός.
1730 1582 1843 1634 Οὐκ
1870 1579 1978 1633 ἐλε-

406 1681 524 1733 γον,
559 1667 736 1721 Πολλά
773 1668 1131 1739 λαμϐάνουσι,
1162 1667 1541 1741 γαστρίζονται
1566 1711 1581 1735 ,
1612 1670 1646 1726 ἀ
1671 1670 1767 1725 νῦν
1794 1672 1978 1727 ἀκούω

407 1758 671 1826 λεγόντων
690 1760 868 1814 τινῶν.
899 1762 1007 1814 Καὶ
1027 1762 1076 1815 οἱ
1102 1761 1201 1831 μὲν
1225 1761 1639 1833 οἰκοδομοῦντες
1666 1763 1861 1827 οἰκίας,
1884 1764 1978 1817 καὶ

407 1848 611 1920 ἀγροὺς
630 1849 947 1922 ὠνούμενοι,
968 1851 1119 1906 οὐδὲν
1139 1852 1397 1924 ἡγοῦνται
1421 1852 1583 1924 ἔχειν·
1604 1852 1671 1907 ἂν
1686 1854 1743 1907 δέ
1762 1872 1847 1919 τις
1868 1855 1976 1909 τῶν

410 1941 603 2012 ἱερέων
621 1941 998 2014 λαμπρότερον
1017 1943 1230 2014 ἱμάτιον
1251 1945 1634 2016 περιϐάληται,
1650 1946 1684 2017 ἢ
1703 1944 1799 2016 τῆς
1817 1947 1977 2016 ἀναγο

404 2032 568 2098 καίας
583 2034 862 2107 εὐπορήσῃ
880 2034 1107 2107 τροφῆς,
1136 2037 1169 2107 ἢ
1191 2036 1282 2090 τὸν
1310 2034 1721 2108 διακονούμενον
1742 2036 1861 2109 ἔχῃ,
1889 2038 1977 2091 ἵνα

409 2125 485 2196 μὴ
517 2125 893 2198 ἀναγκάζηται
921 2127 1082 2191 αὐτὸς
1107 2128 1460 2199 ἀσχημονεῖν,
1490 2126 1720 2181 πλοῦτον
1740 2130 1801 2182 τὸ
1832 2131 1975 2201 πρᾶ-

404 2234 522 2286 γμα
556 2217 816 2272 τίθενται.
841 2218 1048 2281 Ὄντως
1072 2218 1409 2289 πλουτοῦμεν
1436 2220 1529 2273 καὶ
1555 2221 1613 2272 ἐν
1630 2217 1859 2284 τούτοις,
1880 2219 1978 2274 καὶ

403 2311 630 2375 ἄκοντες
648 2309 1020 2381 ὁμολογοῦσιν.
1061 2310 1251 2381 Ἡμεῖς
1276 2310 1376 2382 μὲν
1395 2311 1505 2384 γάρ
1526 2311 1629 2364 κᾶν
1648 2311 1819 2382 μικρά
1842 2310 1979 2382 ἐχω-

405 2416 529 2470 μεν,
547 2400 883 2472 πλουτοῦμεν
896 2416 913 2434 ⁸
938 2402 1134 2455 ἐκεῖνοι
1158 2401 1215 2454 δὲ
1232 2401 1337 2455 κᾶν
1358 2402 1535 2457 πάντα
1550 2402 1974 2473 περιϐάλωνται,

403 2494 680 2548 πένονται.
722 2494 903 2564 Μέχρι
939 2492 1085 2557 τίνος
1122 2493 1548 2565 ἀνοηταίνομεν;
1583 2495 1685 2547 οὐκ
1712 2495 1873 2565 ἀρκεῖ
1916 2494 1977 2546 τὸ

401 2584 574 2656 μηδὲν
593 2585 766 2637 ποιεῖν
788 2585 870 2647 εἰς
888 2583 1112 2638 κόλασιν
1134 2583 1284 2655 ὑμῖν,
1312 2583 1450 2639 ἀλλά
1481 2584 1587 2656 χρὴ
1623 2585 1718 2639 καὶ
1737 2585 1836 2657 τήν
1865 2584 1976 2640 ἀπὸ

402 2679 501 2748 τῆς
527 2676 865 2747 κακηγορίας
890 2675 1233 2747 προστιθέναι
1264 2675 1504 2747 ζημίαν;
1537 2677 1599 2730 Εἰ
1630 2676 1729 2748 μὲν
1751 2676 1861 2748 γὰρ
1882 2677 1977 2730 αὐ-

401 2770 494 2833 τὸς
536 2768 746 2832 ἔδωκας
794 2759 965 2838 αὐτῷ,
1003 2767 1147 2839 άπερ
1188 2767 1471 2840 κέκτηται,
1517 2770 1610 2823 τὸν
1644 2769 1835 2840 μισθὸν
1872 2770 1976 2823 ἀπ-

400 2863 629 2928 ώλεσας,
649 2862 790 2933 ὑπὲρ
814 2855 887 2916 ὧν
925 2862 1128 2924 ἔδωκας
1160 2862 1427 2931 ἐγκαλῶν·
1445 2863 1580 2926 ὅλως
1604 2862 1661 2917 δὲ
1686 2865 1735 2916 εἰ
1756 2864 1820 2917 σὺ
1842 2862 1972 2916 ἐδω-

403 2972 525 3019 κας,
566 2954 619 3007 τί
666 2952 951 3022 ἐγκαλεῖς;
997 2954 1268 3025 Πρότερον
1300 2953 1401 3024 μὲν
1442 2949 1537 3008 οὖν
1588 2953 1737 3024 αὐτῷ
1784 2956 1976 3008 πενίαν

397 3045 752 3117 ἐμαρτύρεις,
769 3044 945 3113 λέγων
968 3044 1110 3116 άπερ
1133 3044 1247 3115 ἔχει
1274 3044 1565 3099 δεδωκέναι
1587 3046 1749 3110 αὐτός
1766 3060 1780 3074 ⁸
1802 3046 1854 3099 τί
1876 3048 1977 3100 τοί-

401 3154 498 3190 νυν
519 3136 797 3205 ἐγκαλεῖς;
823 3137 938 3189 Οὐκ
959 3137 1126 3207 ἐχρῆν
1154 3135 1359 3201 δοῦναι,
1385 3138 1440 3190 ετ
1463 3154 1527 3206 γε
1557 3135 1779 3207 ἔμελλες
1806 3139 1972 3206 ἐγκα-

401 3229 693 3284 λεῖν.’Ᾱλλ’
725 3229 912 3299 ἐτέρου
938 3228 1116 3291 δόντος
1142 3228 1315 3281 ταῦτα
1342 3228 1552 3297 λέγεις;
1582 3227 1975 3298 Χαλεπώτερον

400 3322 465 3376 τὸ
493 3323 747 3393 πρᾶγμα,
779 3323 861 3374 ὅτι
892 3321 1012 3374 ούδέ
1036 3320 1211 3385 διδοὺς
1241 3321 1492 3388 ἐγκαλεῖς
1515 3320 1654 3391 ὐπέρ
1685 3314 1759 3374 ὧν
1789 3320 1975 3390 ἕτερος

402 3414 551 3467 ποιεῖ
591 3410 675 3466 εὖ.
723 3413 893 3466 Πόσον
924 3412 1025 3466 οίει
1067 3412 1193 3476 τοὺς
1239 3412 1411 3465 ταῦτα
1451 3411 1749 3476 ἀκούοντας
1783 3412 1975 3483 μισθὸν

404 3503 555 3576 [270]
574 3504 754 3574 ἐχειν;
783 3504 883 3557 Διά
910 3504 1019 3573 γάρ
1050 3503 1142 3556 τὸν
1174 3503 1307 3556 Θεὸν
1329 3502 1501 3557 ταῦτα
1531 3502 1818 3573 πάσχουσι.
1852 3503 1975 3567 Πῶς

405 3597 502 3649 καὶ
521 3596 611 3649 διὰ
635 3595 723 3662 τί;
758 3595 936 3667 Ἐξῆν,
958 3598 1007 3649 εί
1031 3612 1094 3665 γε
1118 3595 1420 3660 ἐϐούλοντο,
1451 3595 1754 3666 καπηλικὸν
1786 3595 1975 3649 ἀναδέ-

405 3688 599 3753 ξασθαι
628 3688 763 3759 βίον,
786 3689 834 3741 εί
863 3689 958 3742 καὶ
989 3688 1063 3759 μὴ
1092 3688 1200 3741 ἀπὸ
1229 3688 1507 3758 προγόνων
1536 3683 1702 3759 εἶχον.
1728 3689 1835 3741 Καὶ
1865 3688 1975 3758 γάρ

400 3782 584 3836 ἀκούω
610 3783 707 3837 καὶ
747 3782 924 3835 ταῦτα
974 3781 1183 3835 πολλῶν
1234 3781 1503 3849 λεγόντων
1557 3781 1765 3853 ἰταμῶς
1785 3821 1801 3846 ν
1846 3783 1975 3837 ὅταν

401 3876 668 3946 εἴπωμεν,
692 3875 775 3928 ὅτι
792 3876 820 3927 6
846 3874 994 3927 δεῖνα
1015 3872 1340 3926 πένεται·Ἐί
1366 3872 1475 3944 γάρ
1490 3873 1760 3939 ἐϐούλετο,
1785 3875 1971 3945 φησὶν,

401 3967 634 4039 ῆδύνατο
649 3968 916 4021 πλουτεῖν·
936 3962 1056 4020 εἶτα
1072 3964 1422 4035 ὑϐριστικῶς,
1439 3966 1496 4019 ὐ
1510 3966 1770 4038 προγόνος
1784 3966 1969 4034 αὐτοῦ,

405 4060 498 4114 καὶ
517 4061 545 4113 6
564 4061 788 4123 πάππος
819 4057 1005 4123 αὐτοῦ,
1036 4059 1131 4111 καὶ
1158 4057 1187 4109 6
1210 4057 1387 4120 δεῖνα,
1420 4058 1626 4111 τοιόσδε
1655 4054 1753 4129 ἦν·
1790 4058 1884 4111 νῦν
1915 4058 1973 4112 δὲ

402 4151 657 4222 τοιαύτην
687 4151 893 4220 ἐσθῆτα
921 4149 1327 4220 περιϐέϐληται.
1370 4150 1533 4203 Ἀλλά
1573 4150 1656 4216 τί;
1706 4150 1827 4203 εἰπέ
1857 4168 1972 4224 μοι,

403 4240 611 4311 γυμνὸν
641 4240 801 4294 αὐτὸν
831 4240 997 4310 ἐχρῆν
1020 4240 1290 4311 περιιέναι
1311 4256 1325 4305 ;
1347 4240 1419 4293 Σὺ
1452 4240 1551 4311 μὲν
1572 4236 1666 4293 οῦν
1691 4240 1833 4312 ὑπὲρ
1851 4242 1973 4295 τού-⁸

402 4347 511 4384 των
534 4330 861 4401 ἀκριϐολογῇ
882 4346 895 4358 ·
918 4331 1019 4401 ὅρα
1038 4330 1096 4384 δὲ
1125 4330 1201 4402 μὴ
1221 4331 1360 4384 κατά
1379 4330 1575 4385 σαυτοῦ
1595 4332 1767 4387 ταῦτα
1784 4333 1967 4405 λέγῃς.

402 4422 547 4475 Ἀλλ’
576 4422 737 4475 άκουε
759 4422 855 4492 τῆς
876 4422 1249 4492 παραινέσεως
1276 4421 1372 4476 τοῦ
1400 4422 1638 4494 Χριστοῦ
1665 4427 1764 4495 τῆς
1784 4424 1973 4494 λεγού-

406 4531 529 4583 σης,
548 4512 643 4583 Μὴ
670 4514 921 4582 κρίνετε,
947 4514 1046 4567 ἵνα
1068 4513 1154 4583 μὴ
1182 4514 1443 4586 κριθῆτε.
1474 4516 1614 4569 Ἀλλ’
1647 4517 1797 4589 ἐξῆν,
1828 4517 1883 4571 εἴ
1907 4536 1971 4588 γε

405 4604 675 4669 ἐϐούλετο,
726 4604 1029 4674 καπηλικὸν
1059 4605 1151 4659 καὶ
1195 4606 1497 4678 ἐμπορικὸν
1544 4606 1658 4677 βίον
1703 4609 1824 4680 ζῇν,
1877 4610 1973 4663 καὶ

406 4699 621 4761 πάντως
642 4698 742 4751 οὐκ
772 4697 838 4751 ἂν
870 4697 1147 4768 ἠπόρησεν
1164 4714 1179 4730 ⁸
1207 4698 1319 4752 ἀλλ’
1346 4700 1447 4753 οὐκ
1475 4699 1727 4772 ἠθέλησε.
1763 4700 1831 4754 Τί
1877 4698 1972 4757 οὖν

403 4791 637 4846 ἐνταῦθα
657 4790 947 4861 κερδαίνει,
972 4790 1093 4843 εἰπέ
1125 4807 1245 4861 μοι;
1274 4792 1478 4862 σηρικὰ
1508 4793 1701 4863 ἱμάτια
1723 4794 1970 4865 περίκει-

402 4901 523 4950 ται;
549 4883 753 4953 πλῆθος
772 4880 1079 4935 ἀκολούθων
1096 4881 1233 4952 ἔχων
1260 4882 1408 4935 σοϐεῖ
1438 4882 1581 4937 κατά
1607 4885 1707 4955 τὴν
1729 4886 1969 4958 ἀγοράν;

403 4975 499 5028 ἐπὶ
530 4975 697 5028 ἵππου
722 4972 982 5046 φέρεται;
1018 4972 1197 5036 οἰκίας
1228 4972 1520 5044 οἰκοδομεῖ,
1549 4974 1689 5046 έχων
1714 4976 1847 5030 ὅπου
1873 4995 1973 5031 κα-

404 5068 676 5139 ταμείνῃ;
712 5068 810 5121 Ἂν
847 5065 1018 5120 ταῦτα
1056 5069 1206 5136 ποιῇ,
1247 5063 1340 5119 καὶ
1383 5065 1496 5135 ἐγὼ
1527 5068 1837 5140 κατηγορῶ,
1877 5072 1971 5124 καὶ

402 5161 467 5213 οὐ
496 5159 768 5228 φείδομαι,
793 5158 907 5211 ἀλλ’
936 5156 1152 5222 ἀνάξιον
1185 5156 1347 5211 αὐτὸν
1376 5153 1516 5212 εἶναι
1540 5160 1639 5230 τῆς
1674 5161 1969 5232 ἱερωσύνης

408 5248 571 5320 φημί.
600 5249 725 5312 Πῶς
746 5249 853 5317 γάρ
878 5246 1086 5318 ἐτέροις
1112 5247 1397 5318 δυνήσεται
1428 5252 1713 5319 παραινεῖν
1740 5252 1815 5325 μή
1841 5256 1971 5324 περὶ

406 5343 476 5394 τά
509 5340 735 5412 περιττά
754 5339 928 5393 ταῦτα
948 5338 1317 5409 ἐσχολακέναι,
1351 5339 1512 5402 αὐτὸς
1551 5341 1729 5413 ἐαυτῷ
1771 5360 1971 5415 παραι-

403 5433 558 5486 νέσαι
581 5431 657 5503 μὴ
679 5432 1005 5501 δυνάμενος;
1032 5431 1093 5483 Εἰ
1116 5429 1175 5483 δέ
1194 5430 1276 5483 ὅτι
1298 5430 1400 5501 τῆς
1427 5431 1730 5498 ἀναγκαίας
1748 5434 1972 5507 εὐπορεῖ

403 5524 631 5595 τροφῆς,
660 5524 749 5577 διά
775 5524 933 5578 τοῦτο
958 5522 1153 5577 ἀδικεῖ·
1185 5522 1321 5577 ἀλλά
1354 5524 1622 5595 περιιέναι
1658 5527 1827 5598 ἐχρῆν
1870 5528 1967 5581 αὐ-

404 5618 518 5680 τὸν,
558 5617 653 5669 καὶ
698 5618 1044 5686 προσαιτεῖν;
1092 5618 1189 5670 καὶ
1234 5616 1335 5669 οὐκ
1363 5615 1429 5670 ἂν
1469 5616 1536 5669 σὺ
1565 5619 1967 5692 κατῃσχύνθης,

404 5706 530 5759 εἰπέ
566 5722 681 5776 μοι,
709 5708 737 5759 6
764 5707 1041 5779 μαθητής;
1078 5705 1217 5760 Ἀλλ’
1240 5707 1269 5759 ό
1300 5705 1401 5777 μὲν
1426 5706 1607 5779 πατὴρ
1634 5710 1665 5763 6
1706 5711 1966 5781 σαρκικὸς

407 5793 475 5847 ἂν
503 5793 657 5847 τοῦτο
687 5797 811 5867 ποιῇ
834 5835 847 5860 ,
898 5796 1155 5866 αἰσχύνην
1192 5794 1254 5850 τὸ
1288 5798 1516 5867 πρᾶγμα
1553 5799 1692 5870 ἡγῇ·
1744 5799 1812 5856 ἂν
1854 5800 1910 5857 δὲ
1939 5804 1967 5855 6

1309 366 1377 422 IN
1412 366 1630 423 EPIST.
1684 367 1775 424 AD
1811 363 2097 422 PHILIPP.
2137 361 2290 419 CAP.
2328 360 2387 417 II.
2432 361 2667 418 llOMlL.
2709 362 2802 418 IX.

3548 362 3658 417 9.53

2084 478 2453 550 πνευματικὸς
2492 479 2870 550 ἀναγκάζηται
2907 476 3065 530 τοῦτο
3119 478 3289 529 ποιεῖν
3310 518 3324 539 ,
3352 476 3454 529 οὐκ
3488 478 3658 544 ἐγκα·

2082 573 2255 647 λύψῃ;
2289 573 2491 645 μᾶλλον
2521 573 2644 627 οὐδὲ
2676 573 2857 643 ἡγήσῃ
2892 571 3041 636 ἄξιον
3070 568 3436 623 καταδύεσθαι
3462 586 3478 632 ;
3503 568 3660 621 Ἀδο-

2084 664 2205 730 Eia,
2231 665 2385 737 φησὶ,
2416 665 2660 734 πατρὸς,
2711 664 2942 725 ὄνειδος
2970 661 3215 716 τέκνων.
3260 659 3421 714 Ἀλλά
3461 661 3515 713 τί
3539 678 3555 726 ;
3578 660 3660 731 τῷ

2082 754 2226 827 λιμῷ
2251 757 2572 827 φθείρεσθαι
2596 756 2736 816 έδεις
2778 755 2917 808 Ἀλλ’
2949 754 3070 807 οὐδὲ
3093 752 3251 806 τοῦτο
3276 750 3535 815 εὐσεϐοῦς
3553 768 3568 783 ⁸
3594 753 3659 805 οὐ

2081 849 2191 922 γάρ
2213 848 2461 919 βούλεται
2492 852 2522 903 ό
2554 849 2709 913 Θεός.
2746 847 2910 901 Ἀλλά
2948 848 3077 900 ὅταν
3116 846 3359 915 εἴπωμεν
3387 844 3526 916 πρὸς
3556 843 3658 899 αὐ-

2081 940 2205 1005 τοὺς
2236 941 2430 1006 ταῦτα,
2459 940 2662 1005 εὐθέως
2692 938 3046 1010 φιλοσοφοῦσι
3066 954 3082 968 ·
3131 937 3466 1008 Γέγραπται,
3498 934 3658 1007 φησι,

2082 1031 2179 1101 Μὴ
2210 1034 2523 1103 κτήσησθε
2557 1033 2813 1103 χρυσὸν,
2850 1031 3004 1102 μηδὲ
3045 1030 3329 1101 ἄργυρον,
3361 1028 3523 1099 μηδὲ
3548 1028 3661 1083 δύο

2082 1124 2357 1195 χιτῶνας,
2399 1125 2555 1195 μηδὲ
2589 1126 2827 1195 χαλκὸν
2872 1128 2957 1191 εἰς
2987 1122 3095 1190 τὰς
3126 1122 3311 1189 ζώνας
3341 1121 3532 1191 ὑμῶν,
3568 1120 3659 1190 μὴ

2076 1217 2323 1288 ῥάϐδον.
2382 1213 2542 1272 Οὗτοι
2594 1219 2653 1272 δὲ
2698 1217 2795 1272 καί⁵
2845 1218 2973 1289 τρία
3029 1216 3125 1270 καὶ
3167 1216 3408 1287 τέσσαρα
3464 1214 3659 1285 ἱμάτια

2083 1308 2290 1379 έχουσι,
2326 1309 2420 1363 καὶ
2451 1308 2638 1372 κλίνας
2664 1309 3033 1381 ἐστρωμένας.
3074 1306 3306 1376 Ἐπῆλθέ
3341 1322 3432 1377 μοι
3463 1305 3658 1359 στενά-

2083 1402 2170 1468 ξαι
2200 1402 2397 1473 πικρὸν
2439 1399 2535 1455 νῦν
2560 1418 2575 1434 ⁸
2606 1401 2734 1455 εἰδὲ
2787 1406 2865 1473 μὴ
2912 1402 3241 1472 ἀσχημονεῖν
3272 1398 3518 1471 ἔμελλον,
3551 1398 3659 1451 κάν

2082 1492 2385 1565 ἐδάκρυσα·
2420 1493 2473 1547 τί
2495 1493 2723 1564 δήποτε;
2764 1494 2891 1548 Ὀτι
2935 1493 3065 1565 περὶ
3114 1493 3215 1563 μὲν
3246 1492 3314 1547 τά
3341 1491 3452 1545 τῶν
3479 1489 3657 1546 ἀλλων

2082 1584 2268 1654 κάρφη
2292 1583 2463 1647 οὕτως
2491 1584 2658 1654 ἐσμὲν
2678 1583 2924 1655 ἀκριϐεῖς
2943 1582 3245 1648 ἐξετασταὶ,
3270 1581 3369 1643 τάς
3388 1581 3445 1635 δέ
3467 1580 3658 1643 δοκοὺς

2082 1672 2300 1743 ἔχοντες
2346 1673 2499 1726 αὐτοὶ
2529 1675 2588 1725 ἐν
2633 1676 2745 1737 τοῖς
2772 1672 3072 1743 ὀφθαλμοῖς
3109 1672 3229 1725 οὐδὲ
3262 1669 3653 1741 αἰσθανόμεθα.

2081 1764 2217 1817 Εἰπέ
2265 1781 2375 1835 μοι,
2408 1764 2497 1818 διά
2535 1764 2590 1818 τί
2634 1766 2743 1836 γάρ
2775 1763 2957 1836 σαυτῷ
2981 1764 3141 1817 τοῦτο
3185 1764 3261 1835 μὴ
3289 1762 3499 1832 λέγεις;
3533 1762 3656 1816 Ὀτι

2082 1858 2195 1918 τοῖς
2211 1856 2551 1920 διδασκάλοις
2570 1856 2968 1928 προστέτακται
2993 1856 3173 1927 μόνον,
3194 1854 3357 1926 φησίν
3370 1871 3384 1887 ⁸
3415 1855 3545 1908 ὅταν
3563 1850 3658 1908 οὖν

2081 1947 2110 1999 6
2138 1945 2351 2011 Παῦλος
2396 1948 2567 2021 λέγῃ,
2602 1949 2883 2018 Ἔχοντες
2929 1948 3251 2018 διατροφὰς
3287 1946 3385 2001 καὶ
3430 1945 3658 2001 σκεπά-

2081 2056 2300 2111 σματα,
2330 2041 2564 2107 τούτοις
2614 2041 3127 2109 ἀρκεσθησόμεθα,
3184 2039 3321 2111 πρὸς
3351 2038 3477 2103 τοὺς
3513 2038 3657 2092 διδα-

2084 2133 2313 2196 σκάλους
2342 2132 2490 2201 λέγει
2520 2132 2743 2203 μόνους
2779 2131 3065 2203 Οὐδαμῶς,
3104 2130 3241 2186 ἀλλά
3273 2130 3410 2202 πρὸς
3447 2131 3655 2195 πάντας

2082 2223 2426 2296 ἀνθρώπους.
2457 2225 2566 2279 Καὶ
2584 2224 2743 2294 δῆλον
2776 2223 2980 2279 ἀνωθεν
3009 2224 3068 2277 τὸ
3094 2224 3291 2295 χωρίον
3331 2223 3619 2290 διεξιοῦσιν
3638 2239 3651 2252 ⁸

2082 2314 2251 2369 εἰπὼν
2271 2315 2401 2387 γάρ,
2423 2317 2722 2385 Πορισμὸς
2737 2316 2925 2385 μέγας
2942 2315 3113 2369 ἐστὶν
3147 2314 3186 2383 ἡ
3215 2314 3486 2370 εὐσέϐεια
3505 2314 3658 2383 μετὰ

2080 2408 2469 2476 αὐταρκείας·
2518 2404 2661 2468 εἶτα,
2712 2406 2903 2463 οὐδὲν
2932 2407 3367 2477 εἰσηνέγκαμεν
3410 2408 3498 2473 εἰς
3548 2407 3657 2460 τόν

2081 2501 2316 2570 κόσμον
2336 2498 2574 2564 τοῦτον,
2605 2498 2799 2569 δῆλον
2826 2499 2915 2553 ὅτι
2939 2498 3083 2553 οὐδὲ
3111 2498 3452 2567 ἐξενεγκεῖν
3470 2515 3524 2551 τι
3551 2497 3657 2551 δυ-

2080 2587 2310 2658 νάμεθα
2329 2604 2345 2620 ⁸
2369 2588 2573 2652 εὐθέως
2599 2589 2878 2659 ἐπήγαγεν
2895 2604 2910 2616 ·
2936 2589 3226 2655 Ἔχοντες
3244 2586 3312 2640 δὲ
3334 2586 3657 2655 διατροφὰς

2082 2683 2180 2737 καὶ
2198 2681 2614 2754 σκεπάσματα,
2636 2683 2870 2749 τούτοις
2888 2682 3401 2751 ἀρκεσθησόμεθα.
3422 2680 3571 2753 [271]
3593 2684 3658 2735 Ol

2080 2774 2151 2828 66
2169 2776 2535 2844 βουλόμενοι
2557 2774 2866 2841 πλουτεῖν,
2896 2776 3303 2844 ἐμπίπτουσιν
3333 2777 3419 2841 εἰς
3452 2788 3655 2842 πειρα-

2081 2866 2242 2935 σμόν
2267 2866 2365 2919 καί
2384 2865 2627 2935 παγίδα,
2649 2866 2751 2921 καὶ
2770 2866 3083 2936 ἐπιθυμίας
3105 2865 3339 2934 πολλὰς
3358 2867 3657 2935 ἀνοήτους

2082 2959 2179 3012 καὶ
2200 2957 2527 3027 βλαϐεράς.

2150 3056 2210 3103 ε’.
2245 3046 2396 3114 Εἶδες
2432 3051 2517 3104 ὅτι
2554 3050 2691 3121 πρὸς
2734 3050 2943 3114 πάντας
2965 3052 2994 3105 6
3018 3050 3175 3119 λόγος
3197 3051 3445 3123 είρηται;
3473 3052 3540 3105 Τί
3560 3052 3652 3119 δέ;

2080 3139 2208 3193 ὅταν
2235 3139 2369 3212 λέγῃ
2399 3140 2582 3203 πάλιν,
2614 3138 2727 3209 Τῆς
2756 3141 2977 3209 σαρκός
3022 3142 3314 3209 πρόνοιαν
3344 3140 3432 3211 μὴ
3470 3141 3654 3195 ποιεῖ-

2081 3232 2190 3283 σθε
2216 3231 2299 3295 εἰς
2330 3230 2666 3301 ἐπιθυμίας,
2711 3231 2832 3301 οὐχὶ
2882 3232 3049 3285 πᾶσιν
3083 3232 3271 3297 ἁπλῶς
3310 3232 3653 3300 διαλέγεται;

2082 3321 2146 3373 Τί
2165 3321 2221 3373 δέ
2241 3322 2370 3376 ὅταν
2394 3321 2527 3393 λέγῃ
2553 3361 2569 3386 ,
2596 3325 2673 3376 Τὰ
2690 3322 2977 3393 ,ϐρώματα
2997 3322 3071 3392 τῇ
3098 3324 3316 3392 κοιλίᾳ,
3347 3325 3447 3379 καί
3473 3327 3512 3394 ἠ
3533 3343 3655 3379 κοι-

2079 3413 2184 3466 λία
2214 3413 2338 3479 τοῖς
2380 3412 2699 3483 ,βρώμασιν
2721 3431 2736 3445 ·
2772 3418 2805 3469 ό
2853 3415 2922 3468 δὲ
2952 3415 3092 3482 Θεὸς
3149 3416 3248 3469 καί
3277 3417 3525 3485 ταύτην,
3557 3417 3655 3471 καί

2080 3500 2269 3555 ταῦτα
2293 3500 2656 3571 καταργήσει
2679 3519 2699 3568 ;
2721 3501 2774 3555 τί
2802 3502 2856 3555 δέ
2884 3503 3012 3556 ὅταν
3036 3502 3190 3575 λέγῃ,
3236 3501 3311 3556 Ἦ
3327 3502 3396 3554 66
3422 3516 3655 3555 σπατα-

2079 3590 2270 3659 λῶσα,
2296 3593 2453 3653 ζῶσα
2484 3592 2752 3661 τέθνηκε,
2781 3595 2911 3665 περὶ
2941 3595 3111 3664 χήρας
3143 3592 3551 3664 διαλεγόμενοςς
3577 3594 3654 3665 μὴ

2080 3684 2175 3736 καὶ
2204 3686 2238 3754 ή
2266 3685 2411 3755 χήρα
2429 3685 2748 3748 διδάσκαλός
2777 3688 2925 3739 ἐστιν
2946 3703 2960 3751 ;
2985 3687 3106 3757 οὐχὶ
3150 3687 3310 3750 αὐτὸς
3348 3682 3525 3752 εἶπεν,
3571 3687 3653 3740 ὅτι

2080 3776 2330 3830 Γυναικὶ
2350 3776 2662 3830 διδάσκειν
2686 3780 2796 3832 οὐκ
2823 3777 3135 3846 ἐπιτρέπω,
3169 3777 3313 3832 οὐδὲ
3341 3778 3654 3833 αὐθεντεῖν

2080 3867 2333 3935 ἀνδρός;
2357 3868 2548 3939 Εἰδέή
2585 3870 2750 3940 χήρα,
2781 3869 2909 3922 ἔνθα
2945 3870 3039 3923 καὶ
3070 3872 3103 3941 ή
3132 3869 3318 3940 ἡλικία
3364 3870 3647 3942 γηραλέα·

2076 3958 2140 4012 τὸ
2174 3958 2282 4030 γάρ
2334 3961 2511 4031 γῆρας
2543 3960 2745 4032 πολλῆς
2772 3960 2941 4014 δεῖται
2977 3961 3293 4031 θεραπείας,
3324 3962 3418 4015 καὶ
3447 3963 3586 4033 αὐτὴ
3616 3965 3650 4035 ή

2080 4051 2267 4121 φύσις·
2314 4053 2375 4105 τὸ
2419 4052 2528 4124 γὰρ
2565 4053 2674 4107 τῶν
2700 4053 2976 4123 γυναικῶν
3006 4054 3162 4122 γένος
3206 4054 3451 4118 πλείονος
3482 4055 3651 4107 δεῖται

2077 4143 2455 4208 ἀναπαύσεως,
2484 4144 2577 4198 ἆτε
2606 4145 2831 4207 ἀσθενὲς
2862 4144 2921 4197 ὃν
2940 4161 2955 4176 ⁸
3002 4146 3050 4197 εί
3078 4146 3274 4209 τοίνυν,
3306 4146 3433 4199 ἔνθα
3478 4146 3573 4200 καὶ
3615 4148 3649 4217 ή

2078 4236 2260 4308 ήλικία
2293 4238 2388 4290 καὶ
2418 4237 2451 4307 ή
2476 4237 2639 4306 φύσις
2662 4237 2911 4308 κώλυμα,
2942 4239 3042 4292 οὐκ
3064 4238 3281 4307 ἀφίεται
3312 4238 3482 4310 αὐτὴν
3513 4256 3652 4291 σπα-

2076 4329 2243 4399 ταλᾷν
2268 4367 2284 4392 ,
2326 4328 2462 4382 ἀλλά
2504 4330 2598 4383 καὶ
2634 4329 2953 4399 τεθνηκέναι
3001 4331 3174 4401 αὐτήν
3210 4347 3374 4400 φησιν
3425 4330 3508 4400 (οὐ
3538 4330 3649 4401 γάρ

2079 4419 2265 4483 ἁπλῶς
2308 4415 2430 4473 εἷπε
2468 4420 2543 4490 μὴ
2580 4422 2879 4491 σπαταλᾷν,
2932 4420 3068 4484 ἀλλ’,
3133 4421 3205 4475 Ἠ
3249 4419 3646 4484 σπαταλῶσα,

2079 4515 2235 4576 ζῶσα
2261 4514 2534 4582 τέθνηκε·
2579 4514 2673 4567 καὶ
2723 4513 2978 4581 ἐξέκοψεν
3031 4515 3202 4585 αὐτήν
3223 4530 3236 4543 ·
3265 4516 3299 4585 ἡ
3323 4515 3429 4584 γάρ
3457 4517 3650 4585 τεθνη-

2078 4611 2206 4661 κυῖα
2237 4606 2588 4676 ἐκκέκοπται)
2609 4623 2623 4636 ⁸
2668 4607 2828 4661 ποίαν
2862 4608 2974 4674 ἕξει
3011 4607 3339 4678 συγγνώμην
3367 4608 3647 4678 ἄνθρωπος

2075 4701 2249 4755 ταῦτα
2290 4700 2479 4763 ποιῶν,
2525 4700 2611 4768 ἐφ’
2642 4696 2780 4769 οίςή
2815 4700 2950 4769 γυνὴ
2983 4701 3016 4771 ἡ
3049 4701 3392 4770 γεγηρακυῖα
3421 4699 3645 4764 κολάζε-

2076 4810 2197 4859 ται;
2238 4791 2401 4845 Ἀλλά
2430 4790 2609 4846 ταῦτα
2637 4792 2814 4857 οὐδεὶς
2852 4792 2972 4845 οὐδὲ
3006 4795 3086 4857 εἰς
3127 4794 3333 4848 ἔννοιαν
3358 4793 3642 4865 λαμϐάνει,

2075 4884 2247 4939 ταῦτα
2295 4883 2470 4948 οὐδεὶς
2525 4883 2790 4948 ἐξετάζει.
2837 4883 2979 4953 Ἐγὼ
3022 4884 3080 4937 δέ
3130 4884 3224 4938 νῦν
3257 4884 3429 4938 ταῦτα
3472 4886 3647 4937 εἰπεῖν

2076 4975 2430 5047 ἠναγκάσθην
2453 5016 2469 5042 ,
2499 4976 2617 5046 ούχὶ
2641 4977 2769 5039 τοὺς
2802 4977 2984 5048 ἱερέας
3016 4975 3321 5041 ἀπαλλάξαι
3363 4976 3646 5048 ἐγκλημάο

2074 5085 2184 5122 των
2212 5068 2552 5139 βουλόμενος,
2588 5067 2703 5121 ἀλλ’
2733 5066 2884 5139 ὑμῶν
2915 5068 3250 5138 φειδόμενος.
3294 5069 3523 5121 Ἐκεῖνοι
3548 5066 3647 5137 μὲν

2075 5154 2189 5225 οῦν,
2216 5158 2282 5212 ἂν
2315 5158 2415 5229 μὲν
2447 5159 2831 5229 προσηκόντως
2856 5160 2949 5211 καὶ
2974 5158 3204 5222 δικαίως
3230 5157 3403 5211 ταῦτα
3437 5157 3648 5209 ἀκούω-

2078 5270 2181 5315 σιν,
2209 5253 2304 5306 ate
2341 5249 2822 5322 χρηματιζόμενοι,
2850 5250 3003 5304 οὐδὲν
3028 5249 3157 5321 παρ’
3192 5249 3344 5319 ὑμῶν
3378 5247 3647 5317 βλάπτον-

2075 5359 2199 5397 ται·
2234 5343 2355 5396 ἀλλ’
2386 5343 2451 5397 ἄν
2480 5360 2539 5396 τε
2570 5344 2782 5413 εἴπητε,
2827 5342 2892 5396 άν
2930 5360 2989 5396 τε
3026 5342 3100 5413 μὴ
3138 5343 3348 5413 εἴπητε,
3375 5340 3533 5409 λόγον
3569 5340 3649 5410 τῷ

2074 5434 2300 5506 δικαστῇ
2328 5435 2562 5489 διδόασιν
2591 5438 2731 5488 ἐκεῖ·
2755 5434 2895 5488 ὥστε
2915 5434 3066 5488 οὐδὲν
3085 5434 3281 5498 αὐτοὺς
3312 5433 3381 5488 τά
3408 5435 3647 5514 ὑμέτερα

2078 5525 2302 5596 βλάπτει
2331 5525 2573 5596 ῥήματα.
2610 5526 2709 5579 “Av
2742 5524 2799 5578 δέ
2822 5524 2921 5577 καὶ
2951 5524 3121 5595 ψευδῆ
3220 5524 3289 5579 τά
3329 5526 3458 5596 παρ’
3492 5524 3645 5595 ὑμῶν

2075 5608 2365 5687 λεγόμενα,
2390 5618 2589 5669 ἐκεῖνοι
2623 5616 2722 5686 μὲν
2751 5612 2846 5670 οῦν
2882 5616 3172 5687 ἐκέρδανον
3203 5618 3643 5688 συκοφαντούμε-

2075 5726 2154 5762 νοι
2181 5709 2324 5779 εἰκῆ,
2349 5709 2506 5780 ὑμεῖς
2542 5710 2599 5763 δὲ
2627 5711 2854 5773 ἑαυτοὺς
2895 5708 3147 5764 ἐντεῦθεν
3189 5710 3475 5777 βλάπτετε.
3520 5714 3645 5773 Ἐπὶ

2075 5801 2129 5855 δὲ
2166 5802 2316 5875 ὐμῶν
2342 5804 2438 5874 οὐχ
2468 5801 2638 5866 οὕτως
2673 5802 2818 5857 ἐστίν
2843 5821 2855 5835 ·
2881 5803 2996 5859 ἀλλ’
3026 5804 3088 5859 ἀν
3115 5822 3173 5858 τε
3195 5805 3369 5878 ἀληθῆ
3397 5802 3452 5878 ᾖ,
3486 5806 3550 5861 ἀν
3584 5826 3641 5861 τε
