4108 6410
457 335 568 394 253

455 451 630 521 ψευδῆ
659 448 729 502 τα
761 448 880 502 κατ’
909 447 1108 513 αὐτῶν,
1145 446 1393 516 λέγοντες
1431 446 1626 511 αὐτοὺς
1666 446 1872 510 κακῶς,
1899 444 2026 516 βλά-

459 539 677 593 πτεσθε.
707 538 773 590 Τί
801 537 1040 608 δήποτε;
1073 537 1174 588 Ἂν
1213 553 1274 589 τε
1307 536 1416 606 γάρ
1444 535 1615 607 ἀληθῆ
1646 532 1712 610 ᾗ,
1754 535 1850 588 καὶ
1885 533 2026 587 οὕτω

459 628 782 703 βλάπτεσθε,
810 629 1085 699 κρίνοντες
1104 629 1229 691 τοὺς
1248 627 1618 692 διδασκάλους,
1645 629 1738 682 καὶ
1758 626 1855 699 τὴν
1873 627 2027 692 τάξιν

455 721 856 792 ἀνατρέποντες
876 737 890 750 ·
918 721 966 772 εί
994 719 1104 790 7&9
1130 719 1355 788 ἀδελφὸν
1387 721 1448 772 οὐ
1489 719 1568 772 δεῖ
1591 719 1814 790 κρίνειν,
1849 718 2027 788 πολλῷ

461 813 662 882 μᾶλλον
687 809 1005 863 διδάσκαλον
1023 826 1038 840 ·
1063 809 1129 862 ἂν
1151 809 1204 861 δέ
1227 809 1420 878 ψευδῆ,
1441 809 1715 880 ἀφόρητος
1741 809 1774 880 ὴ
1805 809 2026 873 κόλασις

457 905 552 956 καὶ
579 904 612 973 ή
639 900 909 972 τιμωρίαο
948 899 1148 964 παντὸς
1193 899 1302 968 γὰρ
1337 901 1578 970 ῥήματος
1615 899 1786 972 ἀργοῦ
1824 898 2024 954 δώσετε

457 995 632 1063 λόγον.
664 993 827 1046 Ὥστε
865 991 1018 1062 ὑμῶν
1061 991 1246 1045 ἕνεκεν
1283 990 1461 1044 πάντα
1503 990 1764 1062 ποιοῦμεν
1801 991 1895 1044 καὶ
1926 991 2026 1045 κά-

460 1102 683 1156 μνομεν.
721 1087 896 1155 Ὅπερ
925 1085 981 1137 δέ
1016 1083 1174 1154 ἔφην,
1207 1083 1380 1145 οὐδεὶς
1426 1081 1600 1137 ταῦτα
1645 1081 1908 1148 ἐξετάζει,
1935 1085 2025 1136 οὑ-

455 1177 567 1240 621;
594 1176 768 1229 ταῦτα
803 1175 1265 1245 πολυπραγμονεῖ,
1299 1175 1470 1240 οὐδεὶς
1498 1175 1645 1244 λέγει
1679 1174 1813 1245 πρὸς
1835 1175 2025 1230 ἐαυτὸν

455 1268 658 1321 τούτων
678 1267 849 1321 οὐδέν.
886 1265 1150 1319 Βούλεσθε
1178 1267 1271 1320 καὶ
1301 1267 1465 1338 ἕτερα
1497 1267 1715 1338 προσθῶ
1740 1283 1755 1332 ;
1789 1267 1923 1321 Ἐὰν
1936 1267 2022 1337 μή

457 1377 545 1424 τις
575 1358 977 1427 άποτάξηται,
1023 1359 1186 1429 φησὶν
1237 1361 1266 1412 6
1295 1358 1560 1429 Χριστὸς,
1608 1357 1800 1413 πᾶσιν
1837 1359 2024 1414 αὐτοῦ

457 1449 579 1515 τοῖς
607 1449 1012 1518 ὑπάρχουσιν,
1035 1451 1134 1503 οὑκ
1163 1449 1275 1503 ἐστι
1306 1467 1408 1520 μου
1428 1450 1594 1513 ἄξιος.
1621 1449 1686 1502 Τί
1715 1449 1842 1503 ὅταν
1868 1451 2020 1522 λέγῃ,

455 1543 772 1596 Δύσκολον
799 1541 1100 1595 πλούσιον
1121 1540 1420 1594 εἰσελθεῖν
1443 1543 1528 1607 εἰς
1555 1540 1670 1606 τὴν
1695 1541 2025 1606 ,ϐασιλείαν

455 1631 574 1686 τῶν
591 1632 897 1699 οὺρανῶν;
916 1634 970 1686 τί
985 1633 1043 1686 δέ
1063 1635 1190 1687 ὅταν
1208 1632 1516 1703 λέγῃ,οῠαί
1533 1631 1676 1701 ὑμῖν
1695 1633 1820 1700 τοῖς
1838 1637 2024 1688 πλου-

455 1721 634 1787 σίοις,
663 1720 752 1775 ὅτι
776 1721 1030 1789 ἀπέχετε
1050 1720 1166 1788 τὴν
1193 1720 1584 1790 παράκλησιν
1601 1720 1770 1791 ὑμῶν
1790 1739 1810 1787 ;
1834 1723 2023 1788 Οὐδεὶς

456 1810 616 1866 τοῦτο
639 1811 904 1877 ἐξετάζει,
933 1812 1108 1876 οὐδεὶς
1133 1811 1290 1865 τοῦτο
1313 1813 1504 1877 ἐννοεῖ,
1538 1813 1710 1875 οὐδεὶς
1737 1813 1872 1885 πρὸς
1894 1814 2021 1866 ἐαυ-

457 1903 550 1957 τὸν
567 1903 894 1972 διαλέγεται,
911 1902 1027 1956 ἀλλ’
1054 1903 1110 1956 ἐν
1134 1905 1246 1966 τοῖς
1277 1902 1479 1974 ἐτέρων
1508 1903 1730 1974 σφοδροὶ
1755 1902 2022 1974 κάθηνται

459 1996 660 2059 πάντες
693 1994 996 2060 ἐξετασταί.
1047 1993 1204 2046 Ἀλλὰ
1236 1994 1392 2047 τοῦτο
1435 1995 1534 2064 μέν
1565 1996 1681 2048 ἐστι
1734 1995 2023 2058 κοινωνοὺς

461 2084 683 2154 ποιῆσαι
703 2083 810 2137 τῶν
830 2082 1212 2153 ἐγκλημάτων.
1229 2083 1344 2137 Ἵνα
1370 2083 1426 2136 δὲ
1449 2085 1544 2137 καὶ
1571 2084 1768 2149 αύτιῖιν,
1787 2077 1860 2138 ὧν
1886 2101 2021 2154 φατε

459 2172 584 2235 τοὺς
621 2170 773 2242 [272]
823 2171 986 2240 ἱερεῖς
1039 2170 1373 2235 ὑπευθύνους
1404 2167 1543 2226 εἶναι
1565 2213 1582 2240 ,
1626 2171 1920 2239 ἀπαλλάξω
1954 2173 2021 2228 δι’

460 2267 626 2335 ὑμᾶς,
660 2266 927 2320 ἀκούσατε
950 2281 962 2294 ·
995 2265 1057 2319 τὸ
1081 2265 1191 2336 γάρ
1223 2265 1350 2336 περὶ
1371 2265 1574 2320 τοότων
1607 2266 1918 2331 πεπεῖσθαι,
1946 2267 2022 2330 ὡς

459 2357 906 2427 παραϐαινόντων
923 2355 1015 2409 τὸν
1048 2356 1210 2426 νόμον
1253 2356 1348 2409 τοῦ
1389 2357 1544 2421 Θεοῦ,
1579 2357 1747 2428 πολλὴ
1797 2358 1934 2428 πρὸς
1961 2357 2022 2411 τὸ

458 2447 626 2501 κακόν
650 2449 766 2500 ἐστι
783 2447 942 2518 ῥοπή.
962 2447 1098 2516 Φέρε
1118 2441 1210 2499 οὖν
1229 2447 1456 2500 κάκεῖνα
1474 2445 1838 2516 ἐξετάσωμεν·
1857 2443 2022 2500 Εἶπεν

457 2541 488 2594 6
508 2539 759 2609 Χριστὸς,
789 2539 887 2604 Μὴ
910 2538 1218 2607 κτήσησθε
1255 2537 1521 2606 χρυσὸν,
1549 2537 1707 2607 μηδὲ
1732 2537 2020 2607 ἄργυρον,

451 2629 607 2699 μηδὲ
631 2629 740 2683 δύο
787 2629 1061 2699 χιτῶνας,
1097 2627 1254 2697 μηδὲ
1289 2626 1662 2696 ὑποδήματα,
1690 2626 1778 2696 μὴ
1812 2625 2020 2696 ζώνην,

452 2721 539 2790 μὴ
554 2720 799 2788 ῥάϐδον.
821 2721 886 2773 Τί
906 2717 1022 2786 οὖν,
1049 2720 1171 2773 εἰπέ
1204 2736 1294 2790 μοι
1316 2737 1331 2785 ;
1357 2719 1560 2789 Πέτρος
1595 2720 1748 2789 παρὰ
1772 2720 1832 2774 τὸ
1852 2721 2020 2792 πρόσ-

455 2827 642 2881 ταγμα
675 2812 844 2864 ἐποίει
871 2827 887 2877 ;
927 2811 1044 2874 πῶς
1091 2812 1198 2882 γὰρ
1239 2809 1321 2876 οὒ,
1351 2813 1380 2864 6
1409 2811 1501 2864 καὶ
1534 2809 1710 2881 ζώνην
1755 2810 1893 2882 ἔχων
1927 2812 2024 2866 καὶ

459 2904 674 2974 ἰμάτιον
707 2904 801 2955 καὶ
850 2903 1204 2972 ὑποδήματα;
1240 2904 1320 2956 ὄτι
1372 2903 1481 2973 7&9
1531 2896 1698 2973 εἶχεν,
1737 2903 1900 2958 ἄκουε
1924 2903 2020 2959 τοῦ

457 2995 688 3063 ἀγγέλου
720 2995 966 3061 λέγοντος
1000 2995 1134 3066 πρὸς
1166 2995 1348 3059 αὑτὸν,
1377 2993 1699 3064 Περίζωσαι
1742 2996 1842 3050 καί
1878 2997 2025 3051 ὑπό-

457 3084 637 3152 δησαι
657 3086 728 3139 τὰ
763 3085 1063 3142 σανδάλιά
1096 3100 1213 3140 σου
1238 3104 1253 3119 ·
1288 3087 1466 3140 καίτοι
1499 3087 1557 3140 οὐ
1588 3085 1821 3159 τοσαύτη
1865 3090 2024 3159 χρεία

456 3177 660 3232 τούτων
685 3178 792 3231 τῶν
820 3179 1178 3250 ὑποδημάτων
1202 3174 1270 3250 ῆν
1291 3192 1307 3208 ⁶
1338 3178 1512 3233 ἔνεστι
1539 3180 1648 3251 γὰρ
1673 3180 1792 3234 κατ’
1816 3183 2022 3235 ἐκεῖνον

457 3271 546 3323 τὸν
579 3270 770 3342 καιρὸν
796 3272 888 3335 καὶ
918 3271 1240 3324 άνυπόδετον
1274 3265 1434 3338 εἶναι,
1483 3275 1516 3342 ἡ
1553 3271 1609 3326 δὲ
1647 3271 1816 3344 πολλὴ
1866 3271 2025 3344 χρεία

456 3363 515 3413 ἐν
542 3359 619 3430 τῷ
640 3359 870 3431 χειμῶνί
898 3362 1046 3412 ἐστιν
1066 3377 1079 3391 ο
1108 3360 1222 3414 ἀλλ’
1247 3361 1394 3430 ὅμως
1413 3355 1544 3430 εἶχε.
1570 3359 1635 3412 Τί
1654 3360 1710 3413 δὲ
1738 3361 1767 3413 6
1792 3360 2020 3426 Παῦλος;

459 3454 628 3507 Ὅταν
649 3453 784 3523 λέγῃ
807 3449 1055 3522 Τιμοθέῳ
1079 3450 1328 3521 γράφων,
1362 3449 1722 3505 Σπούδασον
1756 3452 1871 3518 πρὸ
1902 3468 2018 3521 χει-

457 3542 652 3613 μῶνος
701 3543 939 3597 ὲλθεῐνο
993 3538 1112 3596 εἷτα
1148 3542 1519 3614 παραγγέλλει
1556 3543 1651 3597 καὶ
1695 3543 1873 3613 λέγει·
1914 3545 2024 3598 Τὸν

455 3634 752 3704 ρενῑὼνην,
803 3634 876 3687 ὃν
903 3633 1199 3688 ἀπέλιπον
1228 3633 1298 3685 ἐν
1337 3633 1552 3701 Τρωάδι
1581 3634 1742 3703 παρὰ
1783 3634 2018 3704 Κάρπῳ,

455 3724 773 3792 ἐρχόμενος
792 3723 951 3792 φέρε,
980 3723 1080 3777 καί
1107 3723 1180 3776 τὰ
1203 3723 1432 3787 βιϐλία,
1453 3722 1719 3793 μάλιστα
1743 3722 1848 3790 τὰς
1872 3741 2021 3794 μεμ-

457 3814 676 3882 ϐράνας
699 3832 713 3845 ·
779 3816 910 3868 ’ἰδοὺ
946 3814 1191 3886 φελώνην
1221 3812 1342 3867 εἷπε
1368 3831 1380 3845 ·
1411 3817 1506 3869 καὶ
1539 3816 1640 3868 οὐκ
1671 3816 1736 3869 ἂν
1777 3815 1891 3886 ἔχοι
1937 3834 2021 3882 τις

457 3910 650 3971 εἰπεῖν,
683 3909 764 3960 ὅτι
800 3908 892 3960 καὶ
921 3907 1106 3978 ἕτερον
1155 3908 1255 3960 οὐκ
1299 3902 1463 3978 εἶχεν,
1498 3906 1558 3960 ὃν
1590 3908 1793 3978 ἐφόρει.
1830 3909 1893 3962 Εἰ
1922 3909 2022 3980 μέν

455 4001 563 4069 γάρ
593 4001 725 4070 μηδέ
752 3999 886 4061 ὅλως
907 3999 1112 4069 ἐφόρει,
1145 3999 1411 4068 περιττῶς
1433 3999 1683 4052 ἐκέλευσε
1707 3999 1893 4054 τοῦτον
1917 4002 2022 4056 άπ-

457 4093 738 4163 ενεχθῆναι
763 4109 776 4124 ·
799 4093 848 4144 εί
870 4091 926 4144 δέ
951 4093 1051 4144 οὐκ
1075 4091 1200 4162 ἐνῆν
1225 4091 1300 4162 μὴ
1320 4095 1524 4162 φορεῖν,
1554 4091 1709 4162 δῆλον
1730 4093 1812 4146 ὅτι
1836 4093 2022 4166 ἕτερον

457 4181 592 4256 εἶχε.
645 4185 710 4236 Τί
746 4183 824 4249 δὲ,
861 4184 944 4236 ὅτι
975 4182 1176 4236 διετίαν
1203 4182 1331 4252 ὅλην
1383 4185 1442 4237 ἐν
1487 4183 1672 4254 οἰκείῳ
1712 4185 2022 4256 μισθώματι

457 4278 688 4348 ἔμενενς
722 4272 832 4346 ἆρα
867 4276 1183 4347 παρήκουσε
1212 4274 1304 4328 τοῦ
1340 4276 1577 4346 Χριστοῦ
1611 4277 1671 4330 τὸ
1706 4277 1896 4341 σκεῦος
1923 4278 2023 4347 τῆς

458 4365 707 4436 ἐκλογῆς,
735 4368 763 4419 6
787 4365 958 4434 λέγων
979 4381 994 4396 σ
1022 4362 1114 4416 Ζῶ
1135 4362 1202 4416 δὲ
1229 4363 1430 4418 οὐκέτι
1452 4363 1588 4435 ἐγὼ,
1618 4364 1685 4434 ζῆ
1713 4365 1781 4418 δὲ
1803 4366 1873 4419 ἐν
1890 4368 2021 4436 ἐμοὶ

455 4459 745 4524 Χριστός;
770 4457 898 4526 περὶ
921 4449 984 4509 οὗ
1007 4456 1036 4508 6
1072 4455 1306 4526 Χριστὸς
1332 4455 1678 4527 ἐμαρτύρησε
1708 4455 1902 4526 λέγων,
1940 4459 2022 4511 ὅτι

457 4547 681 4612 Σκεῦος
714 4545 975 4614 ἐκλογῆς
1006 4545 1112 4613 μοί
1157 4545 1326 4597 ἐστιν
1371 4540 1586 4611 οὗτος;
1619 4545 1765 4599 Ἔδει
1817 4545 2021 4618 ταύτην

458 4638 674 4706 ἀφεῖναι
725 4635 824 4706 τὴν
879 4635 1208 4706 ἀμφιϐολίαν
1257 4638 1386 4704 παρ’
1413 4636 1562 4704 ὑμῖν,
1610 4636 1705 4689 καὶ
1750 4636 2022 4707 μηδεμίαν

458 4727 754 4796 ἐπαγαγεῖν
786 4725 865 4796 τῷ
901 4725 1175 4795 ζητήματι
1225 4725 1377 4779 λύσιν
1403 4766 1419 4791 ,
1453 4725 1587 4778 ἀλλὰ
1631 4725 1832 4797 ταύτην
1878 4727 2020 4797 ὑμᾶς

456 4820 610 4890 δίκην
636 4815 1032 4890 εἰσπράξασθαι
1058 4816 1159 4887 τῆς
1188 4818 1317 4888 περὶ
1338 4815 1434 4883 τὰς
1461 4817 1684 4888 Γραφὰς
1705 4818 2016 4891 ὀλιγωρίαςο

456 4909 633 4964 πάντα
661 4908 770 4978 7&9
803 4907 976 4961 ταῦτα
1003 4909 1068 4960 ἐκ
1096 4906 1286 4961 τούτου
1333 4908 1561 4975 γίνεται.
1595 4908 1696 4962 Διὰ
1742 4909 1899 4963 τοῦτο
1928 4913 2022 4966 καὶ

457 5005 512 5056 ἐν
533 5004 646 5061 τοῖς
672 5001 873 5071 ἐτέρων
901 4998 1289 5072 ἁμαρτήμασίν
1312 5001 1479 5070 ἐσμεν
1510 5001 1698 5070 πικροὶ
1716 5001 2019 5068 ἐξετασταὶ,

455 5095 681 5148 καὶτῶν
719 5093 1000 5165 ἡμετέρων
1033 5091 1220 5145 οὐδένα
1255 5090 1416 5159 λόγον
1451 5091 1775 5162 ποιούμεθα,
1805 5093 1886 5146 ὅτι
1923 5095 2021 5156 τὰς

455 5187 493 5239 Γ
501 5185 674 5259 ραφὰς
712 5186 813 5239 οὐκ
863 5185 1039 5252 ἴσμεν,
1067 5184 1146 5236 ὅτι
1198 5185 1322 5247 τοὺς
1360 5183 1537 5248 θείους
1565 5185 1625 5237 οὐ
1657 5185 2022 5256 παιδευόμεθα

454 5279 668 5348 νόμους.
703 5277 848 5330 Ἔδει
878 5277 976 5346 μὲν
1001 5272 1092 5329 οὖν
1121 5276 1322 5346 ταύτην
1345 5277 1488 5346 ὑμᾶς
1507 5277 1900 5349 εἰσπράξασθαι
1924 5279 2020 5350 τὴν

452 5371 638 5442 δίκην*
673 5368 808 5422 ἀλλὰ
831 5369 884 5423 τί
916 5351 1317 5440 πάθωξπατῆρ
1352 5371 1464 5439 εἰμι
1490 5387 1503 5398 ·
1540 5371 1720 5425 πολλὰ
1753 5373 1849 5426 καὶ
1877 5372 2020 5443 πέρα

451 5461 548 5516 τοῦ
593 5463 803 5526 δέοντος
847 5463 895 5515 οἰ
942 5461 1179 5532 πατέρες
1209 5460 1516 5532 χαρίζονται
1548 5465 1660 5525 τοῖς
1690 5464 1869 5529 παισὶ,
1910 5465 2021 5519 τῶν

456 5553 777 5624 σπλάγχνων
833 5553 1018 5617 αὐτοῖς
1062 5550 1589 5623 διαθερμαινομένων
1628 5552 1872 5626 [ἐκεῖνοι]
1912 5557 2020 5610 τῶν

455 5645 757 5715 πατρικῶνο
780 5644 880 5698 κᾶν
907 5644 1130 5700 ῖδωσιτὸ
1157 5645 1366 5697 παιδίον
1393 5646 1764 5716 κατηφιάσαν,
1782 5647 2018 5718 τηκόμε-

454 5755 565 5802 νον,
597 5738 747 5792 αὐτοὶ
774 5738 970 5808 μᾶλλον
996 5739 1202 5792 ἐκείνου
1233 5737 1537 5804 δάκνονται,
1579 5739 1672 5791 καὶ
1722 5738 1783 5790 οὺ
1822 5739 2019 5793 παύον-

1160 331 1218 387 S.
1260 330 1546 390 JUANNIS
1581 326 2074 388 CHRYSOSTOMI
2107 327 2432 386 ARCHIEP.
2473 323 3024 384 CONSTANTINOP.

3592 331 3704 391 254

2131 461 2240 507 ται,
2272 443 2375 506 ἓως
2401 442 2466 497 ἂν
2492 440 2594 512 τῆς
2614 439 2851 511 ἀθυμίας
2875 438 2975 510 τὴν
3003 435 3261 492 ὑπόθεσιν
3281 438 3532 497 άνὲλωσι.
3553 442 3702 515 Πλὴν

2130 535 2235 588 κᾶν
2265 533 2423 587 τοῦτο
2444 531 2705 601 γενέσθω,
2735 531 2838 584 κᾶν
2861 528 3237 600 κατηφιάσατε
3275 531 3369 583 ἐπὶ
3394 530 3473 603 τῷ
3503 535 3579 606 μὴ
3606 535 3701 588 λα.

2131 628 2264 691 ϐεῖν,
2288 625 2374 678 ἵνα
2398 623 2600 694 λάϐητε
2629 621 2833 686 καλῶς.

2203 715 2276 785 ς’.
2295 717 2361 771 Τί
2389 711 2481 771 οὖν
2508 715 2655 770 ἐστιν
2677 717 2873 780 εἰπεῖν;
2894 713 3009 767 Οὐκ
3037 711 3471 784 ἠναντιώθησαν,
3499 715 3575 787 μὴ
3603 716 3700 786 γέ-

2131 827 2293 876 νοιτο,
2319 809 2456 863 ἀλλὰ
2483 809 2577 863 καὶ
2598 806 2801 878 σφόδρα
2826 804 3200 877 ἠκολούθησαν
3225 808 3335 870 τοῖς
3362 807 3697 878 ἐπιτάγμασι

2130 899 2222 954 τοῦ
2254 897 2522 970 Χριστοῦο
2553 898 2622 950 τὰ
2649 897 2759 968 7&9
2791 897 3143 968 ἐπιτάγματα
3176 897 3361 950 ἐκεῖνα
3387 898 3698 972 πρόσκαιρα

2127 985 2218 1062 ἦν,
2267 990 2364 1043 καὶ
2407 991 2466 1042 οὐ
2497 988 2807 1052 διαπαντός.
2859 989 2969 1041 Καὶ
3020 987 3178 1041 τοῦτο
3205 988 3266 1041 οὐ
3307 989 3700 1060 στοχαζόμενος

2129 1081 2293 1151 λέγω,
2326 1081 2438 1135 ἀλλ’
2467 1081 2575 1134 άπὸ
2622 1080 2730 1135 τῶν
2759 1078 2918 1133 θείων
2963 1079 3216 1152 Γραφῶν.
3260 1080 3422 1148 Πῶς;
3461 1071 3628 1153 Φησὶν
3669 1085 3700 1138 6

2129 1173 2342 1236 Λουκᾶς
2365 1172 2645 1244 εἰρηκέναι
2671 1170 2762 1224 τὸν
2794 1170 3030 1241 Χριστὸν
3071 1173 3184 1234 τοῖς
3221 1171 3490 1242 μαθηταῖς
3511 1215 3526 1240 ,
3567 1173 3698 1227 Ὅτε

2128 1265 2456 1320 ἀπέστειλα
2488 1263 2644 1334 ὑμᾶς
2683 1263 2822 1331 ἄτερ
2850 1263 3187 1328 βαλανείου
3236 1264 3335 1317 καί
3368 1264 3566 1333 πήρας
3597 1265 3698 1318 καί

2130 1355 2312 1424 ζώνης
2365 1356 2464 1410 καί
2514 1354 2935 1424 ὑποδημάτων,
2963 1354 3107 1424 μήτι
3148 1355 3484 1424 ὑστέρησεν
3513 1355 3695 1426 ῠμῐν;

2129 1447 2426 1518 Λέγουσιν
2451 1446 2601 1520 [275]
2623 1447 2802 1513 αὐτῷ’
2833 1447 2937 1501 Οὔ.
2961 1446 3168 1501 Οὐκοῦν
3192 1447 3378 1501 λοιπὸν
3398 1449 3693 1520 κτήσασθε.

2143 1541 2300 1594 Ἀλλά
2333 1541 2386 1594 τί
2413 1541 2541 1606 ἔδει,
2594 1540 2716 1594 εἰπέ
2744 1557 2834 1609 μοι
2858 1557 2874 1606 ;
2909 1539 3006 1592 ἕνα
3029 1539 3232 1610 χιτῶνα
3257 1540 3438 1610 ἐχειν;
3469 1540 3534 1594 Τί
3560 1536 3692 1608 οὗνς

2129 1631 2177 1682 εἰ
2207 1628 2496 1682 πλύνεσθαι
2518 1627 2706 1682 τοῦτον
2727 1627 2856 1693 ἔδει,
2888 1628 3091 1699 γυμνὸν
3114 1617 3281 1700 ἐχρῆν
3305 1628 3444 1682 οίκοι
3471 1629 3695 1694 καθέζε-

2131 1719 2290 1784 σθαι;
2329 1719 2363 1789 ἢ
2409 1718 2615 1789 γυμνὸν
2659 1718 2927 1789 περιιέναι
2971 1719 3066 1772 καὶ
3107 1719 3467 1789 ἀσχημονεῖν,
3506 1720 3696 1792 χρείας

2129 1808 2433 1879 καλούσης;
2470 1808 2752 1878 Ἐννόησον
2777 1803 2890 1862 οἷον
2923 1803 2993 1880 ῆν
3021 1807 3235 1862 Παῦλον
3262 1809 3352 1863 τὸν
3395 1811 3485 1863 ἐπὶ
3511 1809 3686 1864 τοσού-

2128 1916 2242 1964 τοις
2265 1898 2651 1971 κατορθώμασι
2675 1899 2956 1970 περιιόντα
2981 1897 3076 1970 τὴν
3106 1900 3429 1972 οἰκουμένην
3459 1899 3547 1953 διὰ
3570 1902 3696 1970 ίμα-

2128 1989 2244 2042 τίου
2269 1987 2472 2041 ἔνδειαν
2501 1987 2639 2040 οἴκοι
2658 1986 2952 2058 καθῆσθαι,
2971 1987 3066 2040 καὶ
3085 1986 3422 2058 τηλικούτοις
3439 1988 3697 2059 πράγμα-

2131 2098 2214 2134 σιν
2247 2078 2580 2151 ἐμποδίζειν.
2631 2079 2696 2132 Τί
2724 2078 2780 2132 δέ
2807 2095 2822 2144 ;
2862 2080 2911 2131 εἰ
2951 2079 3160 2150 κρυμὸς
3189 2078 3418 2150 ἐπετέθη
3447 2079 3694 2148 σφοδρὸς,

2129 2171 2223 2224 καὶ
2251 2171 2597 2242 κατέϐρεξεν,
2649 2170 2684 2238 ἢ
2731 2169 2826 2223 καὶ
2862 2170 3138 2238 ἐπάγωσε,
3191 2169 3309 2233 πῶς
3344 2170 3694 2242 ξηραίνεσθαι

2129 2263 2293 2332 ἐνῆν;
2323 2261 2483 2315 πάλιν
2509 2260 2716 2331 γυμνὸν
2749 2261 2913 2332 ἐχρῆν
2938 2260 3244 2331 καθῆσθαι;
3267 2261 3319 2314 τί
3339 2261 3424 2328 δέ;
3459 2261 3506 2314 εἰ
3525 2261 3696 2332 ψῦχος

2129 2351 2404 2406 κατέτεινε
2426 2352 2487 2406 τὺ
2522 2353 2704 2425 σῶμα,
2757 2353 3020 2424 τήκεσθαι
3066 2352 3192 2419 ἔδει,
3239 2353 3432 2424 καὶμὴ
3464 2353 3696 2423 φθέγγε-

2131 2441 2285 2508 σθαι;
2318 2443 2438 2496 Ὅτι
2470 2441 2580 2513 7&9
2608 2443 2708 2496 οὐκ
2731 2442 3062 2513 ἀδαμάντινοι
3083 2442 3307 2513 σώματα
3343 2443 3525 2507 αὐτοῖς
3553 2459 3698 2496 κατ-

2129 2532 2443 2598 εσκεύαστο,
2494 2532 2723 2587 ἄκουσον
2766 2532 2820 2585 τί
2868 2549 3002 2603 φησι
3039 2534 3169 2602 περὶ
3198 2533 3463 2604 Τιμοθέου
3489 2551 3503 2564 ·
3543 2536 3699 2599 Οῖνῳ

2129 2625 2312 2693 ὀλίγῳ
2337 2622 2457 2693 χρῶ
2474 2623 2571 2680 διὰ
2594 2624 2702 2679 τὸν
2722 2623 3031 2693 στόμαχόν
3053 2641 3169 2678 σου
3211 2624 3311 2679 καί
3337 2624 3444 2692 τὰς
3463 2625 3698 2693 πυκνάς

2128 2730 2246 2768 σου
2266 2715 2611 2783 ἀσθενείας·
2640 2715 2734 2769 καὶ
2757 2715 2918 2770 πάλιν
2951 2716 3079 2786 περὶ
3115 2717 3323 2786 ἐτέρου,
3361 2719 3701 2789 Ἀναγκαῖον

2129 2806 2452 2876 ἡγησάμην
2479 2806 2832 2862 ἀποστεῖλαι
2855 2805 2998 2876 ὑμῖν
3028 2807 3135 2861 τὸν
3158 2809 3325 2878 ὑμῶν
3356 2810 3701 2865 ἀπόστολον

2129 2899 2227 2953 καί
2249 2897 2596 2969 λειτουργὸν
2619 2897 2730 2967 τῆς
2755 2900 2956 2968 χρείας
2972 2916 3112 2969 μου.
3137 2899 3250 2953 Καὶ
3265 2901 3374 2970 γὰρ
3393 2901 3701 2970 ἠσθένησε

2129 2989 2555 3059 παραπλήσιον
2578 2990 2858 3054 θανάτου,
2889 2991 3026 3046 ἀλλ’
3057 2995 3090 3046 ό
3131 2992 3275 3059 Θεὸς
3299 2980 3490 3048 αὐτόν
3514 2995 3699 3064 ἠλέη-

2129 3099 2277 3135 σεν·
2330 3083 2442 3137 οὐκ
2488 3081 2677 3136 αὐτὸν
2702 3081 2771 3134 δὲ
2803 3082 3015 3152 μόνον,
3050 3084 3211 3140 ἀλλὰ
3251 3085 3348 3138 καί
3378 3085 3502 3154 ἐμέ.
3535 3087 3698 3140 Ὥστε

2130 3173 2393 3244 ἁλώσιμοι
2413 3175 2578 3228 πᾶσιν
2600 3169 2738 3246 ἦσαν
2767 3177 2878 3237 τοῖς
2899 3175 3114 3230 πάθεσι.
3142 3177 3207 3230 Τί
3225 3175 3317 3232 οὖν
3337 3196 3350 3245 ;
3368 3180 3700 3235 ἀπόλλυσθαι

2129 3267 2295 3338 ἐχρῆν
2317 3285 2331 3332 ;
2357 3267 2641 3339 Οὐδαμῶς.
2663 3267 2821 3330 Τίνος
2848 3263 2940 3320 οῦν
2957 3268 3143 3321 ἕνεκεν
3163 3270 3284 3323 τότε
3313 3270 3474 3324 τοῦτο
3499 3271 3698 3324 ἐπέτα-

2129 3358 2221 3426 ξε;
2258 3359 2366 3431 Τὴν
2389 3359 2618 3431 δύναμιν
2663 3358 2826 3412 αὑτοῦ
2873 3357 3041 3413 θέλων
3068 3360 3274 3426 δεῖξαι,
3312 3363 3396 3415 ὅτι
3433 3363 3526 3415 καὶ
3561 3362 3698 3432 μετὰ

2127 3451 2300 3504 ταῦτα
2323 3450 2542 3504 ἐδύνατο
2569 3448 2714 3503 οὕτω
2742 3449 2986 3524 ποιῆσαι,
3008 3451 3121 3505 ἀλλ’
3138 3454 3238 3507 οὐκ
3266 3454 3512 3526 ἐποίησε.
3542 3455 3697 3519 Τίνος

2129 3537 2219 3597 οὖν
2238 3543 2421 3596 ἐνεκεν
2441 3544 2540 3597 οὐκ
2562 3544 2813 3614 ἐποίησε;
2843 3543 3028 3614 Πολλῷ
3049 3543 3158 3597 τῶν
3191 3545 3537 3617 Ἰσραηλιτῶν
3559 3542 3699 3617 ἦσαν

2128 3630 2272 3691 οὗτοι
2299 3635 2755 3708 θαυμασιώτεροι,
2794 3630 2868 3691 ὧν
2900 3637 2968 3692 τὰ
2993 3638 3320 3710 ὑποδήματα
3347 3639 3409 3692 οὐ
3445 3639 3698 3712 κατετρί-

2129 3728 2272 3793 ϐετο,
2303 3727 2422 3780 οὐδέ
2459 3727 2530 3794 τά
2557 3729 2766 3798 ἱμάτια,
2798 3729 2892 3781 καὶ
2928 3728 3102 3782 ταῦτα
3124 3730 3338 3801 ἐκείνην
3367 3731 3464 3802 τὴν
3489 3730 3697 3804 ἔρημον

2125 3819 2485 3886 διοδευόντων,
2516 3819 2645 3875 ἔνθα
2673 3820 2979 3894 θερμοτέρα
3007 3823 3374 3876 ἐπιπίπτουσα
3407 3825 3440 3895 ἡ
3474 3823 3633 3886 άκτὶς
3660 3825 3694 3896 η

2129 3912 2326 3984 ἡλιακὴ
2346 3913 2440 3967 καὶ
2464 3911 2643 3977 λίθους
2661 3913 2856 3978 αὐτοὺς
2881 3915 3252 3986 καταφρύγειν
3272 3915 3514 3970 δύναται.
3542 3915 3699 3979 Τίνος

2127 3999 2222 4056 οῦν
2266 4002 2450 4058 ἕνεκεν
2479 4001 2634 4055 τοῦτο
2675 4002 2936 4070 ἐποίησε;
2965 4004 3064 4057 Διά
3094 4005 3174 4060 σέ.
3221 4005 3436 4078 Ἐπειδὴ
3459 4005 3567 4078 γάρ
3600 4007 3699 4061 οὐκ

2130 4094 2353 4166 ἔμελλες
2379 4093 2660 4163 ὑγιαίνειν,
2689 4093 2824 4148 ἀλλὰ
2844 4095 3327 4168 τραυματίζεσθαι,
3347 4097 3454 4152 τῶν
3480 4099 3699 4171 φαρμά-

2129 4206 2240 4241 κων
2269 4204 2350 4240 σοι
2369 4187 2466 4258 τὴν
2493 4186 2747 4240 ὑπόθεσιν
2769 4188 3008 4259 παρέσχε
3029 4206 3043 4220 ·
3070 4189 3166 4242 καὶ
3191 4189 3347 4242 τοῦτο
3373 4190 3528 4262 δῆλον
3554 4192 3697 4245 ἐκεῖ·

2130 4280 2240 4333 θεν.
2272 4279 2404 4332 Εἰπὲ
2433 4279 2540 4350 γάρ
2564 4296 2674 4350 μοι,
2696 4279 2794 4332 οὐκ
2814 4279 3043 4349 ἠδύνατο
3060 4280 3220 4344 αὐτὸς
3244 4281 3438 4344 αὐτοὺς
3468 4281 3695 4352 θρέψαι;

2129 4373 2176 4424 εἰ
2206 4373 2286 4424 σοὶ
2311 4370 2388 4441 τῷ
2414 4371 2876 4442 προσκεκρουκὸτι
2904 4371 3102 4424 ἔδωκεν
3125 4412 3140 4435 ,
3187 4372 3247 4424 οὑ
3285 4371 3462 4443 πολλῷ
3498 4373 3697 4444 μᾶλλον

2130 4463 2324 4533 Παύλῳ
2351 4462 2416 4516 ἂν
2450 4463 2681 4530 ἐδωκεν;
2728 4463 2757 4514 6
2787 4465 2902 4526 τοῖς
2970 4462 3329 4534 Ἰσραηλίταις
3367 4464 3542 4529 διδοὺς
3583 4468 3696 4530 τοῖς

2129 4557 2478 4624 γογγυσταῖς,
2529 4556 2639 4618 τοῖς
2695 4555 2937 4625 πόρνοις,
2983 4557 3095 4619 τοῖς
3151 4555 3585 4630 εἰδωλολάτραις,
3629 4559 3693 4612 οῦ

2127 4642 2309 4712 πολλῷ
2349 4642 2548 4712 μᾶλλον
2576 4643 2641 4696 ἂν
2666 4642 2856 4714 Πέτρῳ
2884 4641 2962 4714 τῷ
2982 4643 3366 4714 καταλείψαντι
3390 4645 3605 4700 ἅπαντα
3627 4647 3695 4701 δι’

2127 4733 2290 4787 αὑτὸν
2341 4734 2583 4804 ἀφῆκεν;
2636 4734 2665 4786 ὁ
2703 4735 2940 4805 μιαροὺς
2987 4736 3145 4805 ἀφεὶς
3199 4735 3342 4806 ἔχειν
3379 4738 3597 4809 ἄνδρας,
3632 4738 3694 4791 οὐ

2127 4822 2308 4894 πολλῷ
2363 4824 2560 4894 μᾶλλον
2597 4821 2662 4876 ἂν
2709 4824 2926 4896 Ἰωάννῃ
2977 4825 3290 4897 ἐχαρίσατο,
3342 4825 3421 4898 τῷ
3467 4829 3560 4880 καὶ
3605 4827 3694 4883 τὸν

2128 4914 2338 4986 πατέρα
2369 4915 2436 4967 δι’
2469 4913 2629 4967 αὑτὸν
2664 4915 3080 4982 καταλείποντι;
3124 4916 3262 4970 Ἀλλ’
3285 4917 3384 4971 οὑκ
3407 4918 3693 4992 ἠθέλησενο

2127 5006 2263 5060 ἀλλὰ
2289 5005 2378 5059 διὰ
2408 5005 2501 5059 σοῦ
2546 5006 2740 5070 αὐτοὺς
2780 4993 2998 5078 τρέφει,
3029 5009 3115 5062 ἵνα
3149 5010 3216 5063 σὺ
3255 5009 3545 5083 άγιασθῇς.
3586 5013 3696 5066 Καὶ

2129 5096 2225 5150 θέα
2259 5115 2348 5169 μοι
2399 5097 2496 5172 τὴν
2545 5097 2848 5169 ὑπερϐολὴν
2891 5099 2990 5168 τῆς
3033 5100 3460 5170 φιλανθρωπίας.
3505 5101 3696 5156 Εἵλετο

2128 5190 2257 5254 τοὺς
2293 5189 2460 5243 αὐτοῦ
2513 5188 2762 5261 μαθητάς
2809 5190 3196 5260 ἐλαττωθῆναι,
3243 5192 3330 5247 ἵνα
3385 5194 3449 5248 σὺ
3503 5192 3695 5265 μικρὸν

2127 5281 2496 5352 ἀναπνεύσης.
2567 5281 2706 5334 Ἀλλ’
2760 5282 2808 5335 εί
2860 5283 3112 5353 ἐποίησεν
3165 5284 3360 5346 αὐτοὺς
3407 5285 3693 5352 ἁνενδεεῖς,

2129 5374 2281 5445 φησί,
2318 5371 2497 5443 πολλῷ
2531 5372 2963 5444 θαυμαστότεροι
2998 5373 3065 5426 ἂν
3096 5367 3236 5444 ἦσαν
3256 5414 3272 5439 ,
3302 5372 3482 5444 πολλῷ
3513 5375 3694 5428 ἐπιδο-

2129 5464 2353 5535 ξότεροι.
2387 5462 2550 5516 Ἀλλά
2576 5462 2722 5534 σοῦὴ
2746 5463 2987 5534 σωτηρία
3013 5463 3355 5528 ἐξεκέκοπτο.
3380 5466 3492 5534 Οὐχ
3524 5465 3696 5519 ετλετο

2125 5557 2304 5610 τοίνυν
2326 5555 2563 5619 ἐκείνους
2591 5557 2841 5625 γενέσθαι
2885 5555 3229 5625 θαυμαστοὺς
3251 5594 3266 5620 ,
3297 5554 3412 5608 ἀλλ’
3447 5555 3696 5610 ἐλαττοῦ-

2131 5649 2253 5702 σθαι
2287 5648 2486 5720 μᾶλλον
2510 5689 2524 5712 ,
2562 5649 2648 5702 ἵνα
2685 5647 2749 5702 σὺ
2781 5645 2958 5718 σωθῇς
2980 5660 2994 5674 ⁶
3031 5645 3124 5700 καὶ
3148 5645 3513 5718 ἐλαττωθῆναι
3549 5647 3692 5700 ἐκεί-

2131 5759 2252 5804 νους
2287 5740 2685 5813 συνεχώρησεν,
2722 5739 2806 5794 ἵνα
2838 5738 2903 5792 σὺ
2933 5737 3166 5809 δυνηθῇς
3196 5737 3450 5811 σωθῆναι.
3482 5737 3555 5793 Οὐ
3585 5737 3693 5807 γὰρ
