4108 6410
381 328 485 384 255

379 446 650 522 punitur?
705 446 903 502 Verum
956 445 1073 501 hinc
1118 457 1277 499 nemo
1325 456 1395 497 ne
1445 440 1680 512 cogitare
1734 438 1951 511 quidem

377 540 702 613 aggreditur,
727 539 841 594 haec
870 552 1027 593 nemo
1050 536 1334 590 examinat.
1360 533 1474 603 Ego
1499 547 1627 587 vero
1652 533 1749 586 ista
1775 531 1955 587 dicere

377 642 595 691 coactus
615 647 754 698 sum,
783 646 887 687 non
918 644 1047 685 sane
1073 629 1125 684 id
1150 643 1333 699 agens,
1361 635 1423 681 ut
1446 626 1752 683 sacerdotes
1775 623 1954 679 crimi-

379 726 536 781 nibus
562 724 782 780 liberem
807 765 823 789 ,
864 722 957 778 sed
983 730 1041 776 ut
1066 720 1217 776 vobis
1242 718 1540 775 consulam.
1573 716 1703 771 Nam
1730 715 1806 770 illi
1834 713 1955 785 qui-

378 821 500 874 dem
526 858 541 882 ,
571 817 617 872 si
646 830 768 871 cum
810 814 1046 885 pecunia:
1072 827 1290 882 operam
1320 809 1449 865 deut
1471 850 1486 873 ,
1527 808 1648 878 jure
1675 821 1737 860 ac
1765 805 1955 859 merito

379 913 477 966 ista
505 908 746 974 audiunt,
773 906 975 961 nullum
1005 921 1035 959 a
1067 904 1215 959 vobis
1239 902 1616 957 detrimentum
1645 904 1955 967 reportant;

379 1000 473 1055 sed
501 1000 613 1055 sive
637 996 880 1053 dixeritis
898 1038 914 1062 ,
946 996 1061 1051 sive
1102 993 1405 1058 tacueritis,
1436 990 1698 1046 rationem
1727 988 1833 1042 illic
1858 985 1954 1041 Ju-

380 1092 482 1146 dici
532 1090 756 1147 reddent
797 1106 812 1143 :
852 1086 1196 1158 quamobrem
1225 1084 1357 1139 nihil
1399 1082 1506 1137 illis
1550 1088 1722 1136 vestra
1765 1084 1958 1132 nocent

380 1186 564 1241 verba.
598 1184 691 1240 Sin
722 1194 902 1238 autem
933 1181 1068 1236 falso
1094 1196 1125 1235 a
1152 1179 1301 1234 vobis
1330 1178 1601 1242 dicuntur,
1633 1174 1708 1229 illi
1740 1172 1955 1243 quidem

381 1276 589 1332 lucrum
615 1275 776 1331 etiam
814 1280 1108 1343 reportant,
1137 1273 1252 1326 sine
1279 1283 1440 1326 causa
1466 1266 1801 1322 contumeliis
1829 1262 1958 1317 all‘e-

381 1370 487 1434 cti;
529 1383 626 1424 vos
664 1381 793 1423 vero
833 1365 986 1421 vobis
1015 1365 1142 1434 ipsis
1180 1363 1305 1417 hinc
1342 1361 1593 1417 damnum
1623 1356 1848 1413 infertis.
1881 1355 1957 1411 De

381 1462 533 1516 vobis
573 1475 703 1515 vero
742 1474 851 1513 non
898 1458 969 1512 ita
1014 1472 1102 1512 res
1144 1454 1342 1516 habet;
1390 1452 1485 1508 sed
1528 1451 1641 1506 sive
1669 1464 1816 1514 vera,
1846 1448 1960 1503 sive

381 1555 513 1613 falsa
559 1553 687 1618 sint,
734 1566 855 1621 qua:
900 1549 1155 1603 adversus
1194 1546 1313 1601 illos
1351 1544 1637 1610 dicuntur,
1668 1541 1770 1596 hoc
1801 1539 1955 1610 ipso,

385 1646 525 1718 quod
571 1646 676 1700 illis
718 1643 1052 1705 maledicitis,
1099 1655 1194 1695 vos
1240 1640 1385 1708 ipsos
1424 1636 1637 1693 laeditis.
1678 1634 1814 1703 Quid
1844 1634 1915 1688 ita
1935 1633 1960 1685 ?

383 1738 642 1815 Quoniam
671 1736 717 1791 si
755 1749 880 1789 vera
907 1734 1120 1804 quidem
1162 1732 1392 1796 iuerint,
1432 1728 1584 1783 vobis
1616 1726 1961 1781 nihilominus

384 1831 609 1895 nocetis,
651 1828 911 1898 judicium
947 1825 1015 1879 de
1046 1823 1313 1893 magistris
1352 1823 1605 1887 ferentes,
1634 1828 1687 1874 et
1716 1817 1960 1873 ordinem

385 1922 780 1987 disturbantes;
808 1934 932 1975 nam
968 1918 1013 1973 si
1039 1916 1107 1971 de
1131 1915 1297 1970 fratre
1319 1913 1559 1984 judicare
1586 1928 1692 1967 non
1723 1919 1958 1981 oportet,

385 2015 555 2070 multo
585 2016 760 2070 minus
786 2013 853 2068 de
876 2011 1167 2081 magistro:
1197 2009 1277 2064 sin
1317 2018 1494 2063 autem
1523 2005 1673 2073 falsa,
1706 2006 1959 2060 intolera-

386 2107 492 2162 bile
519 2107 739 2161 omnino
768 2104 1087 2174 supplicium
1122 2117 1186 2157 ac
1216 2116 1373 2171 poma
1399 2100 1521 2154 erit.
1552 2098 1627 2154 De
1647 2098 1791 2153 omni
1818 2097 1959 2151 enim

386 2198 552 2252 verbo
572 2198 744 2252 otioso
765 2196 1022 2249 rationem
1043 2193 1272 2248 reddetis
1292 2190 1507 2261 (Matth.
1528 2190 1615 2245 12.
1637 2191 1749 2255 56).
1773 2188 1962 2256 Quam-

385 2292 571 2346 obrem
613 2297 788 2344 vestra
832 2303 991 2343 causa
1036 2288 1214 2342 omnia
1263 2285 1488 2340 facimus
1530 2299 1593 2340 ac
1635 2285 1959 2339 laboramus.

387 2386 673 2449 Caeterum,
702 2382 843 2452 quod
872 2380 1137 2447 dicebam,
1165 2394 1323 2433 nemo
1350 2379 1462 2432 hinc
1489 2377 1777 2443 examinat,
1802 2389 1964 2431 nemo

388 2479 443 2534 in
486 2477 571 2532 his
611 2476 820 2531 curiose
862 2476 1080 2545 satagit,
1125 2487 1280 2527 nemo
1324 2470 1613 2541 quidquam
1643 2471 1831 2525 horum
1862 2469 1962 2523 sibi

387 2569 489 2640 ipsi
519 2568 668 2622 dicit.
708 2567 876 2621 Vultis
906 2574 960 2620 et
984 2566 1084 2618 alia
1125 2563 1357 2619 addam?
1387 2562 1565 2616 Omnis
1603 2577 1667 2615 ea:
1691 2560 1846 2625 vobis,
1878 2562 1964 2630 qui

388 2679 491 2717 non
515 2660 786 2723 renuntiat,
814 2659 984 2728 inquit
1013 2657 1282 2721 Christus,
1316 2653 1547 2709 omnibus
1574 2669 1688 2723 qute
1718 2653 1960 2722 possidet,

389 2771 495 2811 non
518 2764 600 2810 est
627 2768 712 2807 me
736 2752 926 2821 dignus
948 2749 1097 2820 (Luc.
1134 2749 1217 2802 14.
1259 2746 1372 2817 35).
1402 2747 1540 2813 Quid
1569 2761 1696 2801 vero
1716 2786 1730 2810 ,
1759 2744 1847 2799 ubi
1880 2746 1965 2798 in-

390 2837 532 2916 quit,
577 2843 794 2914 Di/ﬁcile
818 2851 890 2896 est
919 2842 1121 2895 divitem
1148 2841 1339 2893 intrare
1376 2839 1430 2891 in
1476 2854 1685 2908 regnum
1726 2837 1965 2890 etelorum

391 2938 605 3010 (Matth.
636 2938 725 2991 19.
753 2936 882 3005 23)?
906 2935 1032 3005 quid
1060 2949 1207 2999 vero,
1240 2948 1358 2986 cum
1382 2930 1571 3000 inquit,
1610 2929 1696 2984 Va:
1721 2929 1858 2982 vobis
1884 2929 1966 2982 di-

391 3032 590 3094 vitibus,
623 3030 739 3101 quia
784 3029 974 3082 habetis
1019 3027 1410 3081 consolationem
1454 3037 1669 3081 vestram
1711 3024 1859 3097 (Luc.
1908 3024 1963 3079 6.

390 3125 525 3195 24)?
559 3124 726 3178 Nemo
753 3123 853 3176 hoc
880 3120 1190 3191 perpendit,
1236 3136 1393 3174 nemo
1422 3123 1639 3188 cogitat,
1683 3134 1842 3173 nemo
1872 3133 1963 3172 se-

392 3232 513 3272 cum
541 3217 657 3287 ipse
676 3216 909 3269 rationes
930 3213 1195 3277 subducit,
1225 3212 1317 3266 sed
1342 3221 1544 3265 tantum
1570 3212 1619 3265 in
1651 3226 1738 3265 res
1764 3210 1966 3263 alienas

391 3310 738 3365 vehementes
763 3322 968 3362 sumus.
996 3307 1064 3359 At
1090 3305 1191 3359 hoc
1216 3304 1343 3358 nihil
1366 3303 1506 3358 aliud
1529 3312 1631 3369 est,
1657 3318 1813 3373 quam
1842 3317 1965 3372 par-

394 3403 580 3471 ticipes
618 3399 897 3454 criminum
944 3395 1078 3451 ﬁeri.
1121 3395 1339 3459 Verum,
1391 3404 1445 3447 ut
1491 3403 1748 3463 prasterea
1790 3403 1966 3446 vestra

393 3509 554 3549 causa
573 3534 589 3560 ,
621 3491 811 3562 quibus
837 3487 1148 3546 criminibus
1177 3486 1365 3540 afﬁnes
1390 3500 1511 3539 esse
1548 3485 1852 3539 sacerdotes
1880 3484 1966 3538 di-

394 3589 534 3653 citis,
573 3602 635 3641 ea
675 3585 895 3645 diluam,
948 3581 1125 3636 audite
1154 3599 1169 3633 :
1196 3579 1335 3633 hanc
1360 3579 1502 3633 enim
1533 3578 1601 3631 de
1631 3578 1733 3631 illis
1761 3577 1969 3646 opinio-

395 3696 516 3737 nem
558 3677 815 3743 induisse,
850 3674 1101 3730 nimirum
1133 3672 1254 3727 illos
1285 3671 1485 3725 violare
1516 3670 1684 3739 legem
1716 3669 1831 3735 Dei,
1862 3683 1967 3722 non

395 3774 513 3830 leve
543 3772 700 3828 habet
725 3770 792 3825 ad
824 3767 1219 3837 improbitatem
1248 3772 1597 3818 momentum.
1631 3765 1743 3833 Age
1772 3762 1931 3831 igitur
1950 3801 1966 3826 ,

394 3878 450 3925 et
477 3868 564 3922 illa
593 3864 974 3935 expendamus.
1019 3860 1160 3913 Dixit
1200 3857 1445 3912 Christus
1465 3898 1480 3921 ,
1516 3856 1690 3909 Nolite
1718 3855 1970 3925 possidere

395 3976 595 4022 aurum,
641 3973 799 4027 neque
840 3962 1122 4025 argentum,
1169 3967 1324 4020 neque
1370 3950 1498 4001 duas
1546 3948 1759 4011 tunicas,
1815 3962 1972 4014 neque

395 4051 753 4111 calceamenta,
782 4064 884 4100 non
909 4061 1109 4110 zonam,
1143 4060 1245 4096 non
1270 4042 1463 4111 virgam
1491 4040 1508 4109 (
1538 4038 1725 4093 Matth.
1756 4039 1841 4093 10.
1872 4036 1968 4107 9).

396 4140 533 4210 Quid
553 4140 742 4209 igitur?
763 4138 846 4192 dic
869 4136 997 4190 mihi
1024 4154 1035 4188 :
1062 4149 1188 4189 num
1216 4133 1403 4187 Petrus
1431 4138 1614 4185 contra
1647 4137 1970 4199 praeceptum

397 4234 664 4288 faciebat?
688 4230 954 4298 quomodo
977 4229 1118 4284 enim
1147 4242 1276 4289 non,
1300 4240 1422 4279 cum
1447 4235 1499 4278 et
1527 4237 1713 4277 zonam
1750 4221 1973 4276 haberet

398 4335 452 4380 et
480 4324 853 4378 vestimentum
884 4330 936 4375 et
964 4320 1322 4373 calceamenta
1346 4317 1369 4369 Ἰ
1392 4314 1515 4369 audi
1540 4314 1682 4369 enim
1703 4312 1878 4383 angeli
1904 4311 1973 4366 ad

398 4416 572 4484 ipsum
617 4412 803 4477 verba,
850 4410 1189 4480 Prazcingere,
1236 4418 1285 4462 et
1324 4407 1494 4461 calceo
1536 4416 1582 4459 te
1626 4406 1816 4477 caligas
1859 4416 1972 4459 tuas

399 4508 555 4580 (Act.
594 4505 681 4561 l2.
711 4503 806 4575 8).
836 4503 1163 4572 Quamquam
1208 4497 1513 4569 hujusmodi
1557 4497 1859 4552 calceorum
1903 4511 1973 4550 ne

398 4614 589 4671 magna
615 4608 742 4653 tunc
766 4596 979 4666 quidem
1016 4595 1200 4649 aderat
1227 4593 1518 4647 necessitas
1550 4607 1564 4643 :
1593 4606 1715 4644 nam
1743 4589 1836 4643 illo
1856 4588 1976 4659 qui-

399 4692 524 4747 dem
550 4700 790 4759 tempore
816 4688 898 4742 vel
929 4686 1083 4741 nudis
1105 4686 1184 4741 ire
1213 4684 1433 4755 pedibus
1460 4683 1583 4738 licet
1618 4700 1631 4737 :
1663 4681 1838 4737 hieme
1864 4692 1976 4736 tan-

401 4796 511 4840 tum
543 4782 831 4838 necessarii
870 4788 992 4834 sunt
1025 4797 1038 4833 :
1069 4786 1304 4832 attamen
1345 4775 1540 4844 caligas
1585 4774 1788 4829 habuit.
1835 4772 1970 4841 Quid

398 4893 528 4933 vero
560 4876 794 4931 Paulus?
816 4874 948 4929 Cum
994 4874 1059 4927 ad
1094 4871 1430 4928 Timotheum
1458 4868 1697 4925 scribens
1722 4869 1968 4933 dixisset,

405 4971 613 5027 Festina
642 4979 758 5023 ante
799 4968 1009 5021 hiemem
1046 4964 1213 5019 venire
1236 4962 1328 5032 (2.
1359 4960 1490 5015 Tim.
1520 4962 1574 5016 ι.
1602 4959 1665 5014 21
1694 4959 1713 5029 )
1738 5000 1752 5024 ,
1779 4958 1975 5014 deinde

399 5062 648 5120 mandata
693 5062 803 5123 dat,
853 5066 1010 5128 atque
1058 5055 1250 5126 inquit,
1292 5052 1578 5117 Penulam,
1611 5068 1761 5123 quam
1794 5050 1975 5120 reliqui

403 5156 601 5213 Troade
624 5152 762 5226 apud
788 5150 1009 5222 Carpam
1031 5189 1045 5212 ,
1079 5147 1280 5202 veniens
1308 5143 1437 5212 alfer
1462 5154 1622 5197 tecum
1646 5185 1663 5209 ,
1693 5152 1740 5196 et
1776 5142 1930 5197 libros
1956 5181 1973 5206 ,

401 5247 619 5301 maxime
646 5254 814 5298 autem
858 5241 1175 5295 membranas
1201 5239 1220 5308 (
1245 5234 1330 5291 1b.
1358 5253 1407 5291 υ.
1440 5236 1508 5290 15
1529 5233 1573 5307 ).
1614 5234 1695 5290 En
1725 5233 1975 5303 penulam

402 5337 739 5403 tuemoravit,
769 5349 867 5389 nec
891 5334 1169 5403 quisquam
1190 5329 1403 5393 dixerit,
1433 5326 1588 5381 aliam
1617 5325 1692 5380 illi
1716 5340 1819 5379 non
1840 5323 1975 5378 fuis-

401 5445 496 5496 se,
540 5444 698 5500 quam
738 5432 992 5497 gestaret.
1038 5421 1251 5478 Etenim
1291 5420 1338 5474 si
1366 5418 1585 5474 omnino
1627 5416 1815 5471 solitus
1861 5423 1979 5469 erat

402 5539 509 5579 non
540 5530 768 5591 gestare,
801 5528 1254 5587 supervacaneum
1278 5511 1435 5581 plane
1458 5517 1575 5564 erat
1598 5516 1653 5562 ut
1676 5508 1790 5561 haec
1817 5504 1981 5560 alier-

402 5629 552 5676 retur
573 5616 763 5685 jubere
792 5631 806 5667 :
838 5612 921 5666 sin
947 5620 1125 5664 autem
1158 5605 1274 5660 fieri
1317 5603 1534 5673 nequit,
1566 5601 1691 5670 quin
1732 5598 1979 5669 gestarit,

405 5714 562 5768 aliam
588 5724 802 5781 quoque
842 5708 916 5763 illi
946 5706 1110 5761 fuisse
1136 5699 1474 5757 manifestum
1504 5704 1606 5752 est.
1633 5693 1771 5763 Quid
1809 5709 1940 5750 vero
1959 5734 1975 5761 ,

405 5805 546 5875 quod
578 5805 840 5873 integrum
868 5799 1140 5857 biennium
1172 5794 1223 5849 in
1266 5788 1596 5847 merccnario
1623 5786 1807 5844 labore
1849 5799 1977 5841 con-

1329 324 1397 382 IN
1435 324 1649 382 EPIST.
1689 322 1781 381 AD
1821 319 2105 379 PlilLlPP.
2144 321 2295 381 CAP.
2335 322 2400 380 ll.
2434 321 2666 381 HOMIL.
2709 322 2803 380 IX.

3527 325 3637 386 254

2061 439 2256 495 tinuit?
2288 439 2430 511 Ergo
2457 443 2771 511 repugnavit
2796 439 3014 499 Christo
3041 457 3136 500 vas
3164 441 3294 499 illud
3332 443 3631 511 electionis,

2059 529 2152 585 ille
2177 531 2267 600 qui
2307 531 2559 595 dicebat,
2596 531 2719 586 Vivo
2744 542 2912 588 autem
2940 534 3057 603 jam
3085 551 3186 589 non
3215 552 3329 606 ego,
3369 536 3489 590 vivit
3518 552 3637 593 vero

2059 620 2115 674 in
2152 638 2231 675 me
2257 619 2486 677 Christus
2512 623 2531 693 (
2549 621 2666 677 Gal.
2693 624 2748 679 2.
2773 622 2882 695 20)
2904 624 2928 679 ?
2954 624 3041 681 ille
3064 625 3132 681 de
3173 640 3281 696 quo
3324 627 3637 686 testiﬁcatus

2060 722 2141 767 est
2159 712 2423 781 Christus,
2449 716 2517 768 ita
2536 715 2741 781 dicens,
2766 716 3018 781 Quoniam
3035 733 3123 774 vas
3150 718 3405 776 electionis
3424 730 3497 775 est
3512 722 3637 777 mihi

2059 802 2495 874 iste(Act.9.15)?
2515 805 2807 874 Oportebat
2823 821 2917 860 vos
2938 807 2990 860 iu
3004 803 3446 865 hacdubitatione
3468 811 3635 867 relin-

2060 906 2255 961 quere,
2288 894 2595 965 nullamque
2632 896 2823 951 allerre
2848 898 3159 967 quaestionis
3187 900 3595 971 explicationem
3619 944 3636 970 ,

2058 984 2155 1038 sed
2198 984 2335 1040 hanc
2372 1002 2403 1040 a
2453 987 2603 1043 vobis
2644 1002 2856 1057 poenam
2892 989 3111 1060 exigere
3146 1005 3245 1060 pro
3287 1006 3384 1058 ea,
3432 1009 3537 1063 qua
3582 994 3639 1050 in

2060 1074 2351 1145 Scripturis
2402 1079 2631 1145 utimini,
2677 1080 2994 1151 negligentia
3036 1100 3050 1137 :
3096 1083 3218 1139 inde
3263 1085 3406 1140 enim
3458 1088 3640 1143 omnia

2063 1169 2177 1225 brec
2225 1172 2509 1226 exsismnt.
2549 1172 2835 1243 Propterea
2865 1175 2916 1228 in
2942 1175 3169 1231 aliorum
3200 1178 3432 1248 peccatis
3457 1179 3640 1236 acerbi

2062 1262 2403 1331 inquisitores
2440 1279 2646 1330 sumus,
2677 1264 2747 1320 de
2787 1266 2984 1321 nostris
3019 1277 3196 1322 autem
3236 1283 3305 1323 ne
3342 1269 3639 1340 cogitamus

2062 1354 2299 1422 quidem,
2337 1357 2588 1426 quoniam
2613 1357 2916 1429 Scripturas
2954 1374 3061 1416 non
3092 1370 3358 1430 tenemus,
3386 1363 3640 1434 quoniam

2062 1445 2117 1500 in
2156 1446 2350 1503 divinis
2376 1447 2585 1519 legibus
2624 1465 2731 1505 non
2760 1450 3057 1507 erudimur.
3092 1452 3217 1508 Erat
3260 1454 3417 1524 igitur
3458 1454 3573 1511 hzec
3608 1471 3641 1511 τι

2064 1536 2217 1594 vobis
2242 1554 2399 1609 poena
2424 1542 2737 1611 repetenda.
2770 1542 2877 1599 Sed
2914 1544 3041 1614 quid
3066 1545 3261 1615 agam?
3289 1546 3447 1602 Pater
3473 1562 3591 1603 sum
3622 1566 3637 1603 :

2064 1631 2229 1687 multa
2254 1631 2415 1689 etiam
2441 1634 2578 1691 ultra
2602 1675 2619 1700 ,
2645 1649 2803 1705 quam
2834 1644 3083 1706 oportet,
3113 1635 3237 1692 ﬁliis
3274 1638 3642 1708 gratiﬁcantur

2065 1734 2267 1795 patres,
2299 1724 2425 1781 dum
2452 1735 2673 1798 paterna
2699 1728 2936 1797 ipsorum
2964 1729 3296 1785 incalescunt
3320 1733 3558 1799 viscera;
3585 1742 3642 1789 et

2063 1817 2110 1871 si
2133 1817 2298 1873 lilium
2322 1820 2527 1874 tristem
2552 1834 2616 1875 ac
2636 1819 2995 1877 tabescentem
3014 1822 3242 1889 videant,
3263 1824 3408 1894 ipsos
3428 1840 3642 1896 quoque

2066 1906 2184 1977 plus
2208 1922 2368 1981 quam
2394 1909 2542 1965 illum
2574 1911 2756 1980 pungit
2784 1911 2957 1978 dolor,
2989 1928 3089 1968 nec
3124 1914 3428 1983 quiescunt,
3470 1916 3642 1972 donec

2065 1999 2314 2054 maeroris
2341 2014 2555 2055 causam
2576 2001 2909 2058 sustulerint.
2940 2000 3203 2059 Caeterum
3224 2004 3349 2060 licet
3387 2006 3490 2062 hoc
3515 2022 3643 2063 eve-

2067 2089 2225 2153 nerit,
2253 2088 2377 2144 licet
2401 2090 2670 2161 paulisper
2690 2106 2786 2147 vos
2814 2107 3043 2148 manere
3068 2094 3285 2149 siverim
3305 2110 3371 2151 ex
3403 2112 3468 2151 eo
3497 2097 3643 2167 quod

2068 2199 2175 2238 non
2204 2186 2520 2254 acceperitis
2550 2204 2565 2242 :
2594 2186 2865 2254 nimirum,
2899 2197 2956 2243 ut
2982 2189 3118 2244 bene
3144 2204 3285 2244 nunc
3315 2191 3606 2260 accipiatis.

2138 2276 2193 2331 6.
2222 2277 2357 2344 Quid
2380 2278 2538 2348 igitur
2557 2278 2842 2335 dicendum
2863 2280 2981 2335 est?
3004 2279 3121 2336 Non
3145 2292 3461 2352 repugnant,
3483 2285 3641 2349 absit,

2067 2368 2163 2424 sed
2189 2369 2341 2424 valde
2364 2371 2704 2426 consentiunt
2731 2387 2851 2426 cum
2880 2373 3160 2442 praeceptis
3186 2373 3383 2429 Christi
3406 2392 3420 2428 :
3445 2390 3646 2445 praece-

2068 2473 2156 2533 pta
2180 2463 2322 2517 enim
2349 2463 2438 2517 illa
2465 2462 2532 2518 ad
2559 2472 2766 2533 tempus
2786 2476 2939 2520 erant
2957 2475 3012 2521 et
3033 2480 3139 2520 non
3166 2475 3441 2536 perpetua.
3462 2467 3645 2537 Neque

2068 2553 2123 2608 id
2147 2569 2214 2608 ex
2238 2555 2565 2623 conjectura,
2593 2555 2685 2610 sed
2711 2571 2775 2611 ex
2801 2556 2994 2611 divinis
3019 2556 3306 2627 Scripturis
3330 2558 3473 2614 dico.
3501 2558 3647 2626 Quo-

2068 2645 2273 2701 modo?
2329 2646 2519 2701 Narrat
2562 2646 2734 2703 Lucas
2774 2648 2973 2704 dixisse
3013 2648 3284 2705 Christum
3331 2651 3643 2721 discipulis,

2073 2736 2289 2805 Quando
2320 2738 2431 2793 misi
2462 2755 2549 2793 vos
2573 2740 2682 2793 sine
2707 2742 2908 2795 sacculo
2933 2750 2979 2795 et
3006 2758 3130 2811 pera
3152 2752 3202 2797 et
3226 2760 3356 2798 zona
3379 2755 3428 2799 et
3453 2747 3649 2799 calcea-

2068 2830 2272 2896 mentis,
2294 2831 2539 2901 numquid
2567 2832 2761 2899 aliquid
2786 2832 2946 2901 defuit
2973 2834 3150 2889 vobis?
3176 2835 3242 2888 At
3271 2835 3349 2889 illi
3373 2836 3647 2905 dixerunt,

2072 2918 2222 2974 Nihil
2238 2921 2388 2992 (Luc.
2407 2921 2495 2976 22.
2513 2922 2602 2978 '55.
2620 2922 2732 2993 56).
2756 2923 2899 2993 Ergo
2915 2924 3136 2993 posthac
3154 2927 3302 2982 vobis
3318 2939 3646 2998 comparate.

2070 3013 2175 3069 Sed
2226 3014 2353 3085 quid
2396 3013 2535 3070 facto
2576 3031 2710 3085 opus
2759 3016 2893 3070 fuit?
2911 3018 2996 3073 dic
3024 3017 3200 3085 mihi;
3236 3035 3395 3075 unam
3451 3020 3651 3078 habere

2071 3105 2344 3160 tunicam?
2373 3106 2509 3173 Quid
2538 3108 2703 3177 ergo?
2730 3124 2851 3162 cum
2893 3108 3117 3164 lavanda
3161 3110 3275 3167 haec
3308 3121 3461 3180 erat,
3504 3113 3651 3170 domi

2072 3197 2271 3251 nudum
2300 3198 2492 3253 sedere
2516 3199 2787 3267 oportuit,
2816 3200 2896 3253 vel
2926 3200 3125 3255 nudum
3153 3201 3435 3258 circumire
3460 3219 3651 3260 neces-

2071 3290 2229 3344 sitate
2258 3290 2514 3345 invitante
2534 3332 2550 3355 ,
2581 3291 2888 3361 nullamque
2912 3292 3093 3346 decori
3124 3293 3321 3349 habere
3347 3297 3652 3352 rationem?

2071 3382 2275 3452 Cogita,
2304 3382 2599 3451 cujusmodi
2627 3382 2678 3437 id
2722 3383 2930 3451 luisset,
2964 3384 3183 3439 Paulum
3209 3388 3299 3456 qui
3330 3388 3514 3442 orbem
3541 3400 3653 3444 ter-

2072 3489 2251 3529 rarum
2280 3475 2401 3529 ideo
2428 3475 2757 3544 peragrabat,
2789 3484 2847 3528 ut
2874 3483 2954 3529 tot
2978 3477 3232 3545 praeclara
3259 3492 3420 3548 opera
3446 3480 3651 3547 ederet,

2074 3566 2251 3635 inopia
2281 3565 2445 3621 vestis
2473 3574 2712 3620 coactum
2744 3564 2889 3621 domi
2927 3567 3115 3621 sedere
3138 3608 3153 3632 ,
3199 3582 3262 3621 ac
3292 3570 3452 3623 tantis
3486 3570 3650 3627 rebus

2073 3657 2509 3728 impedimentum
2548 3656 2745 3712 allerri.
2790 3656 2927 3723 Quid
2967 3673 3095 3712 vero
3118 3700 3134 3723 ,
3167 3658 3213 3713 si
3242 3658 3533 3717 vehemens
3567 3662 3652 3717 in-

2071 3751 2305 3821 gruisset
2345 3749 2515 3804 hiems
2534 3790 2549 3813 ,
2575 3764 2637 3803 ac
2666 3749 2888 3818 pluisset
2914 3759 3005 3803 aut
3032 3751 3192 3804 etiam
3222 3752 3608 3822 conglaciasset
3633 3795 3650 3822 ,

2074 3841 2345 3912 quomodo
2379 3856 2497 3896 eam
2531 3842 2733 3896 siccare
2769 3841 3044 3897 licuisset?
3080 3859 3205 3897 num
3239 3859 3421 3899 rursus
3450 3846 3651 3903 nudum

2075 3934 2267 3990 sedere
2293 3933 2565 4003 oportuit?
2599 3932 2726 4003 quid
2751 3948 2899 3997 vero,
2934 3935 2979 3988 si
3004 3933 3215 4005 frigoris
3240 3935 3292 3989 vi
3322 3952 3515 4006 corpus
3540 3940 3656 3993 col-

2076 4024 2377 4091 laberetur,
2410 4039 2535 4078 num
2564 4024 2942 4079 tabescendum
2970 4023 3068 4079 fuit
3092 4033 3251 4095 atque
3276 4026 3653 4083 obmutescen-

2075 4117 2238 4172 dum?
2257 4117 2335 4173 Ne
2361 4119 2502 4172 enim
2531 4128 2682 4187 putes
2710 4118 3045 4173 adamantina
3072 4118 3176 4173 illis
3202 4118 3365 4175 fuisse
3390 4136 3653 4192 corpora:

2075 4213 2198 4267 andi
2220 4212 2345 4284 quid
2368 4213 2435 4267 de
2454 4210 2736 4267 Timotheo
2757 4212 2915 4277 dicat,
2939 4211 3142 4265 Modico
3162 4214 3275 4267 vino
3296 4224 3433 4267 utere
3450 4226 3655 4286 propter

2077 4308 2391 4361 stomachum
2411 4316 2569 4369 tuum,
2588 4314 2636 4359 et
2658 4307 2936 4375 frequentes
2954 4314 3066 4357 tuas
3086 4305 3402 4372 inﬁrmitates
3422 4308 3468 4378 (l
3485 4346 3497 4359 .
3517 4307 3653 4364 Tim.

2078 4402 2130 4456 5.
2161 4398 2307 4470 25);
2339 4414 2403 4454 ac
2442 4412 2626 4453 rursus
2653 4398 2721 4452 de
2756 4398 2925 4451 altero
2946 4438 2960 4462 ,
2995 4395 3349 4450 Necessarium
3378 4401 3659 4454 existimaui

2079 4494 2273 4547 mittere
2297 4492 2364 4545 ad
2390 4508 2475 4546 vos
2499 4501 2714 4545 vestrum
2741 4488 3047 4558 apostolum,
3072 4497 3120 4542 et
3140 4488 3423 4542 ministrum
3444 4493 3658 4545 necessi-

2080 4587 2197 4640 tatis
2224 4600 2364 4640 mete.
2398 4574 2539 4637 Nam
2562 4593 2609 4636 et
2636 4583 2923 4650 inﬁrmatus
2945 4589 3019 4634 est
3039 4595 3195 4650 usque
3213 4579 3280 4632 ad
3299 4589 3505 4634 mortem
3528 4597 3548 4634 :
3566 4582 3660 4636 sed

2077 4679 2217 4735 Deus
2246 4679 2476 4733 misertus
2512 4684 2584 4730 est
2613 4677 2721 4746 ejus
2752 4689 2771 4728 :
2795 4689 2895 4727 non
2923 4672 3086 4726 solum
3116 4680 3281 4725 autem
3306 4672 3416 4742 ejus
3438 4714 3455 4740 ,
3487 4688 3658 4728 verum

2079 4774 2228 4828 etiam
2256 4780 2303 4825 et
2326 4769 2425 4822 mei
2446 4766 2703 4837 (Philipp.
2728 4765 2779 4818 2.
2808 4765 2899 4820 25.
2926 4762 3042 4834 27).
3069 4762 3251 4832 Itaque
3274 4763 3442 4817 cuivis
3467 4765 3664 4820 morbo

2080 4874 2240 4934 atque
2261 4858 2604 4915 invaletudini
2626 4866 2779 4913 erant
2797 4856 3042 4925 expositi.
3064 4854 3198 4922 Quid
3216 4853 3409 4924 igitur?
3429 4869 3661 4925 pereun-

2080 4958 2278 5014 dunme
2303 4955 2405 5010 illis
2429 4953 2581 5008 erat?
2606 4951 2967 5020 Nequaquam.
2995 4946 3131 5015 Quid
3157 4947 3317 5017 igitur
3338 4962 3513 5002 causai
3534 4957 3661 5003 tunc

2081 5051 2183 5105 l‘uit
2199 5064 2295 5104 cur
2316 5048 2368 5101 id
2393 5044 2743 5116 prteciperet?
2763 5042 3062 5097 Potentiam
3086 5055 3233 5095 suam
3252 5041 3463 5096 volebat
3482 5049 3662 5095 osten-

2081 5143 2232 5206 dere,
2259 5140 2417 5209 idque
2442 5148 2622 5207 postea
2648 5136 2807 5191 etiam
2832 5134 3067 5204 praestari
3091 5148 3122 5188 a
3145 5148 3203 5187 se
3225 5148 3403 5203 posse.
3425 5132 3534 5186 Cur
3552 5148 3661 5188 non

2084 5230 2364 5303 praestitit?
2408 5229 2572 5283 Multo
2615 5237 2769 5282 erant
2811 5223 2865 5278 hi
2904 5223 3327 5279 admirabiliores
3368 5221 3661 5290 lsraelitis,

2083 5340 2306 5396 quorum
2337 5332 2513 5376 tamen
2543 5335 2716 5389 neque
2740 5316 2905 5372 calcei
2932 5329 3104 5386 neque
3128 5321 3306 5369 vestes
3339 5328 3435 5367 usu
3463 5328 3661 5368 consu-

2084 5409 2365 5466 mebantur
2385 5424 2399 5461 :
2418 5418 2735 5476 quamquam
2762 5401 3102 5457 solitudinem
3128 5398 3273 5452 illam
3295 5407 3659 5467 peragrarent,

2084 5505 2173 5561 ubi
2200 5502 2529 5557 ardentiores
2556 5496 2858 5552 incidebant
2882 5495 3010 5549 solis
3038 5492 3203 5558 radii,
3231 5492 3319 5562 qui
3344 5491 3429 5547 Vel
3459 5490 3663 5560 lapides

2085 5598 2231 5666 ipsos
2256 5600 2475 5664 possent
2498 5592 2550 5646 in
2578 5590 2813 5645 cinerem
2841 5598 3068 5642 vertere.
3098 5583 3212 5651 Qua
3238 5584 3398 5655 igitur
3413 5582 3482 5640 de
3500 5596 3661 5639 causa

2086 5688 2189 5744 hoc
2216 5686 2379 5741 fecit?
2406 5684 2504 5739 Tui
2530 5698 2710 5739 causa.
2738 5681 2869 5736 Nam
2897 5680 3149 5751 quoniam
3180 5676 3415 5731 futurum
3432 5684 3577 5739 crat,
3605 5687 3665 5730 ut

2086 5798 2192 5839 non
2233 5787 2494 5850 perpetuo
2529 5777 2735 5833 valeres
2761 5818 2774 5842 ,
2801 5775 2893 5831 scd
2934 5774 3154 5829 vulnera
3195 5771 3494 5842 acciperes;
3534 5762 3661 5839 pro-'-
