4108 6410
375 289 485 346 255
1143 279 1201 334 S.
1241 274 1515 333 JOANNIS
1549 265 2019 328 CHRYSOSTOMI
2061 264 2374 319 ARCIIIEP.
2413 261 2945 318 CONSTANTiNOP.

379 412 557 471 ptetea
598 396 895 451 facultatem
931 391 1024 445 tibi
1065 374 1570 443 medicamentorum
1597 378 1954 471 parandarum

380 469 606 563 praebuit
634 505 647 542 :
676 485 816 558 quod
856 482 979 539 hinc
1006 481 1136 537 satis
1163 487 1412 533 constare
1449 480 1644 544 potest.
1682 469 1950 563 DicAenim

383 557 533 645 inihi,
564 592 741 633 annor.
768 575 883 645 ipse
912 581 1117 642 poterat
1147 570 1266 623 illos
1296 565 1537 621 nutrire?
1570 559 1838 633 quomodo
1863 557 1952 628 qui

3522 264 3630 324 256

2062 391 2149 430 res
2187 392 2200 427 :
2243 381 2301 427 ut
2338 371 2633 427 abundares
2662 372 2887 427 enim'in
2927 370 3318 440 spiritualibus,
3350 382 3630 442 propterea

2056 466 2146 522 ille
2166 473 2287 534 eget
2308 464 2359 518 in
2389 464 2474 530 iis,
2497 479 2616 533 quae
2640 463 2707 517 ad
2732 463 2867 517 hanc
2886 463 3048 516 vitam
3075 464 3360 533 pertinent.
3388 464 3631 520 Potuisse

2056 556 2215 628 igitur
2262 557 2425 611 Deum
2472 555 2592 609 illos
2635 554 2829 609 nullius
2872 553 3077 625 indiges
3120 563 3414 623 praestare,
3450 556 3635 610 multis

2057 647 2385 718 argumentis
2413 645 2569 699 docui
2597 663 2613 699 :
2644 654 2731 699 tua
2763 656 2939 700 tamen
2968 660 3129 700 causa
3158 645 3210 699 in
3241 654 3478 716 egestate
3506 648 3634 702 reli-

383 675 477 729 tibi
500 668 866 743 praevaricanti
888 666 1055 730 dedit,
1079 662 1238 716 Paulo
1261 676 1364 714 non
1384 656 1568 712 daret?
1588 654 1677 726 qui
1701 649 1955 708 lsraelitis

384 767 534 822 dedit
583 759 1064 818 murmuratoribus
1089 798 1105 822 ,
1149 751 1566 815 scortatoribus,
1614 743 1911 802 idololatris
1937 782 1954 809 ,

387 873 565 914 nonne
610 857 775 910 multo
820 852 989 921 magis
1035 848 1193 904 Petro
1234 844 1605 916 permitteret,
1646 839 1735 909 qui
1781 836 1959 890 omnia

392 960 607 1020 propter
650 948 823 1016 ipsum
867 940 1197 1011 reliquerat?
1238 938 1327 1004 qui
1357 933 1629 991 sceleratis
1659 929 1962 1020 hominibus

390 1018 708 1111 potestatem
750 1033 975 1090 habendi
1016 1031 1139 1086 fecit
1166 1072 1181 1096 ,
1220 1045 1325 1084 non
1369 1028 1537 1082 multo
1576 1023 1742 1094 magis
1769 1018 1961 1077 Joanni

391 1131 773 1201 gratiﬁcaretur
796 1167 813 1191 ,
855 1124 945 1195 qui
982 1122 1098 1192 ejus
1126 1136 1287 1175 causa
1320 1128 1521 1188 patrem
1553 1127 1760 1185 quoque
1791 1113 1964 1182 ipsum

393 1220 719 1291 reliquerat?
758 1220 1001 1271 Attamen
1035 1213 1205 1267 noluit
1227 1253 1242 1274 ,
1274 1211 1366 1265 sed
1396 1225 1488 1279 per
1516 1217 1567 1262 te
1595 1208 1736 1275 ipsos
1765 1205 1963 1266 nutrit,

396 1321 455 1365 ut
492 1321 548 1364 tu
578 1307 941 1364 sanctiﬁceris.
988 1302 1054 1356 Et
1088 1300 1445 1356 animadverte
1475 1298 1601 1351 mihi
1633 1293 1969 1365 benignitatis

396 1399 849 1469 exsuperantiam.
896 1396 1080 1451 Voluit
1118 1391 1404 1460 discipulos
1443 1403 1568 1443 suos
1602 1400 1759 1456 egere
1782 1425 1799 1449 ,
1830 1393 1888 1438 ut
1916 1392 1971 1436 tu

398 1492 778 1564 aliquantulum
819 1490 1131 1559 respirares.
1162 1485 1267 1542 Sed
1298 1485 1341 1538 si
1378 1484 1497 1537 illos
1534 1481 1731 1536 nullius
1765 1477 1974 1547 indiges

401 1585 755 1655 przcstitisset,
789 1581 989 1651 inquit,
1015 1580 1181 1634 tnulto
1208 1592 1336 1631 sane
1365 1572 1787 1629 admirabiliores
1812 1569 1974 1624 futuri

403 1682 557 1730 erant
581 1714 596 1739 ,
630 1673 793 1726 multo
820 1670 1093 1726 clariores.
1124 1671 1195 1721 At
1221 1666 1379 1721 saluti
1418 1673 1520 1719 tuae
1550 1662 1845 1718 subsidium
1874 1658 1974 1713 de-

405 1774 633 1821 tractum
655 1772 815 1818 esset.
842 1762 1017 1816 Noluit
1040 1760 1196 1831 igitur
1222 1757 1341 1823 illos
1364 1756 1477 1810 ﬁeri
1501 1752 1857 1815 admirabiles,
1881 1749 1977 1805 sed

408 1856 597 1911 maluit
635 1854 872 1925 indigere
894 1894 910 1919 ,
939 1860 996 1906 ut
1024 1862 1080 1906 tu
1104 1851 1328 1905 salutem
1357 1844 1679 1902 nanciscaris
1702 1886 1718 1911 ,
1747 1852 1801 1899 et
1822 1856 1979 1912 egere

407 1950 527 2003 illos
556 1962 744 2019 passus
767 1954 849 2000 est
871 1985 886 2011 ,
918 1955 976 2000 ut
1005 1953 1059 1999 tu
1086 1944 1310 1999 salutem
1338 1939 1592 2009 consequi
1632 1951 1835 2008 posses.
1863 1934 1979 1989 Non

409 2044 553 2096 enim
580 2054 730 2110 atque
752 2054 811 2093 se
830 2037 1187 2111 venerandum
1214 2034 1414 2105 praebet
1437 2033 1623 2088 doctor
1644 2029 1733 2100 qui
1759 2028 1980 2097 accipit;

412 2132 507 2186 sed
535 2132 623 2185 ille
649 2130 982 2199 potissimum
1008 2127 1209 2182 honore
1234 2124 1481 2185 afﬁcitur.
1510 2122 1599 2192 qui
1626 2136 1730 2174 non
1756 2117 1982 2187 accipit:

412 2236 595 2275 verum
642 2220 844 2275 interea
882 2233 987 2271 non
1025 2217 1238 2287 juvatur
1277 2213 1591 2284 discipulus,
1624 2210 1717 2266 sed
1757 2210 1984 2263 fructum

414 2311 798 2367 amittit.Vides
822 2309 1131 2380 sapientiam
1149 2307 1421 2361 hominum
1444 2303 1672 2359 amantis
1697 2301 1829 2355 Dei?
1856 2299 1986 2354 Nam

416 2404 862 2474 quemadmodum
892 2403 1004 2472 ipse
1042 2401 1311 2471 propriam
1335 2399 1554 2469 gloriam
1588 2412 1693 2451 non
1723 2394 1985 2465 quaesivit,

417 2513 517 2552 nec
542 2510 635 2551 sua
665 2497 942 2565 spectavit,
970 2493 1063 2548 sed
1091 2507 1212 2547 cum
1238 2491 1292 2546 in
1319 2490 1488 2560 gloria
1518 2495 1680 2553 esset,
1704 2484 1871 2540 voluit
1901 2493 1989 2538 tua

416 2603 575 2642 causa
614 2588 734 2641 vilis
762 2586 912 2651 ﬁeri;
943 2584 1083 2640 idem
1107 2584 1267 2639 etiam
1304 2582 1358 2636 in
1385 2578 1691 2635 doctoribus
1726 2576 1989 2641 servavit;

421 2689 480 2733 ut
519 2680 640 2734 cum
681 2693 775 2733 eos
814 2676 1144 2732 venerandos
1189 2684 1444 2745 prmstare
1488 2680 1704 2742 posset,
1747 2669 1995 2724 maluerit

419 2770 655 2838 abiectus
678 2783 798 2823 esse
821 2777 910 2823 tua
936 2781 1094 2823 causa
1119 2806 1136 2832 ,
1165 2775 1223 2821 ut
1255 2773 1310 2819 tu
1335 2763 1561 2819 haberes
1586 2761 1728 2817 unde
1755 2761 1989 2816 ditesce-

2059 750 2176 794 ctos
2212 752 2332 793 esse
2367 737 2613 795 similiter
2644 747 2918 791 ostensum
2944 745 3045 792 est.
3091 738 3214 792 llaac
3253 736 3413 806 igitur
3436 752 3639 807 cogno-

2061 840 2291 897 scentes,
2323 845 2428 885 non
2453 829 2519 884 ad
2548 830 2936 893 accusationes,
2964 829 3056 885 sed
3084 829 3149 883 ad
3176 828 3429 884 beneﬁcia
3456 831 3639 885 confe-

2065 926 2230 980 renda
2274 939 2371 979 nos
2410 934 2782 978 convertamus
2815 940 2829 976 :
2859 938 2963 977 non
2999 922 3221 976 aliorum
3258 923 3397 976 mala
3426 924 3640 978 curiose

2066 1027 2384 1081 scrutemur,
2408 1016 2500 1071 sed
2528 1026 2704 1069 nostra
2735 1030 3106 1069 recenseamus
3131 1032 3143 1069 :
3167 1015 3391 1069 aliorum
3420 1014 3639 1070 benefa-

2067 1120 2150 1166 cta
2173 1110 2486 1180 cogitemus,
2509 1108 2579 1163 do
2599 1110 2794 1163 nostris
2815 1117 2992 1162 autem
3014 1109 3244 1178 peccatis
3264 1110 3642 1178 recogitemus,

2070 1215 2229 1273 atque
2270 1204 2337 1257 ita
2370 1202 2695 1271 placebimus
2722 1201 2849 1255 Deo.
2891 1199 3021 1254 Nam
3049 1200 3138 1269 qui
3172 1200 3396 1255 aliorum
3427 1201 3642 1271 quidem

2074 1304 2286 1364 peccata
2317 1293 2503 1361 videt,
2543 1301 2598 1346 et
2640 1306 2735 1345 sua
2780 1300 2923 1346 recte
2965 1291 3101 1345 facta
3127 1332 3142 1356 ,
3172 1291 3366 1360 duplex
3394 1293 3646 1348 damnum

2074 1394 2353 1455 reportat:
2389 1383 2473 1438 his
2510 1383 2651 1437 enim
2692 1383 2743 1435 in
2783 1383 3136 1451 arrogantiam
3179 1382 3416 1447 tollitur,
3448 1384 3553 1440 illis
3594 1388 3648 1440 in

2075 1474 2452 1545 negligentiam
2480 1474 2683 1528 incidit.
2713 1474 2844 1527 Dum
2872 1474 3014 1527 enim
3039 1474 3293 1543 cogitabit
3318 1474 3465 1528 illum
3491 1484 3649 1544 atque

2078 1568 2229 1622 illum
2259 1580 2526 1636 peccasse,
2554 1565 2704 1619 facile
2729 1573 2783 1620 et
2812 1564 2924 1633 ipse
2951 1565 3225 1633 peccabit:
3249 1563 3374 1619 dum
3400 1565 3653 1633 cogitabit

2079 1673 2140 1713 se
2164 1658 2300 1713 bene
2324 1657 2502 1712 ofﬁcio
2531 1656 2802 1720 functum,
2836 1656 2990 1711 facile
3013 1656 3261 1725 superbia
3287 1656 3554 1713 offeretur.
3584 1660 3655 1711 At

2080 1750 2171 1821 qui
2211 1765 2306 1803 sua
2346 1749 2560 1819 quidem
2605 1757 2749 1803 recte
2790 1748 2923 1802 facta
2964 1748 3217 1803 oblivioni
3254 1751 3508 1817 mandat,
3540 1750 3653 1804 sola

2083 1850 2259 1896 autem
2304 1849 2520 1909 peccata
2549 1848 2823 1909 aspectat,
2851 1840 3075 1894 aliorum
3106 1856 3234 1896 vero
3261 1856 3367 1896 non
3397 1852 3611 1912 peccata
3637 1884 3655 1910 ,

2084 1932 2179 1988 sed
2204 1931 2387 1986 virtuti
2416 1942 2804 1987 consentaneas
2830 1933 3068 1987 actiones
3093 1933 3329 1989 studiose
3354 1945 3621 1990 scrutatur
3639 1977 3655 2001 ,

2085 2023 2266 2078 multis
2308 2021 2481 2077 modis
2525 2021 2733 2077 lucrum
2776 2021 2954 2078 faciet.
3000 2024 3311 2092 Quomodo,
3352 2026 3493 2080 audi.
3524 2026 3658 2081 Nam

2087 2133 2207 2173 cum
2249 2118 2398 2172 illum
2442 2127 2588 2172 recte
2624 2132 2684 2172 se
2717 2117 2946 2188 gessisse
2972 2117 3197 2186 viderit,
3229 2119 3566 2175 aanmlatione
3591 2121 3659 2174 ad

2091 2208 2401 2264 imitandum
2446 2216 2722 2273 movetur;
2751 2223 2872 2263 cum
2901 2223 2962 2262 se
2990 2224 3240 2277 peccasse
3267 2209 3660 2266 animadverte-

2091 2302 2186 2365 rit,
2215 2299 2457 2355 demittet
2491 2298 2760 2365 animum,
2791 2313 2856 2354 ac
2882 2300 3193 2354 modestiam
3232 2301 3482 2356 tuebitur.
3517 2303 3664 2358 llanc

2093 2392 2351 2446 rationem
2380 2392 2424 2446 si
2455 2399 2752 2456 teneamus,
2781 2400 2938 2461 atque
2966 2391 3065 2449 hoc
3090 2393 3248 2448 modo
3276 2405 3456 2451 nostra
3480 2395 3666 2465 dispo-

2094 2497 2304 2545 namus,
2336 2484 2594 2553 promissa
2625 2485 2915 2554 poterimus
2943 2487 3194 2557 consequi
3221 2487 3358 2543 bona
3376 2530 3392 2555 ,
3419 2490 3586 2559 gratia
3611 2498 3670 2545 et

2095 2576 2423 2647 benignitate
2450 2578 2657 2632 Domini
2682 2581 2851 2633 nostri
2876 2579 3001 2634 Jesu
3022 2580 3241 2647 ChriSti,
3262 2581 3345 2637 cui
3368 2597 3487 2637 cum
3510 2582 3668 2639 Patre

2097 2678 2153 2725 et
2189 2670 2387 2740 Spiritu
2416 2682 2600 2727 sancto
2625 2672 2795 2742 gloria
2817 2714 2835 2740 ,
2862 2674 3141 2743 imperium
3166 2717 3182 2743 ,
3212 2676 3384 2733 honor
3404 2718 3422 2745 ,
3449 2692 3589 2734 nunc
3615 2686 3670 2735 et

2096 2774 2311 2831 semper
2329 2802 2345 2828 ,
2370 2770 2428 2817 'et
2455 2762 2508 2816 in
2537 2763 2727 2818 saecula
2754 2766 3093 2823 saeculorum.
3121 2767 3315 2823 Amen.

433 2892 3668 2921 m

1860 2971 2204 3036 HOMILIA
2246 2976 2331 3037 X.

427 3124 555 3181 Car.
596 3126 649 3179 5.
688 3139 739 3178 v.
784 3125 831 3178 l.
872 3120 950 3176 De
974 3132 1186 3185 uetera,
1217 3124 1397 3191 fratres
1423 3120 1554 3185 mei,
1576 3118 1789 3190 gaudete
1814 3118 1866 3171 in
1892 3116 2001 3171 Do-

499 3216 655 3269 mino.
685 3212 877 3267 Eadem
896 3213 1031 3267 vobis
1050 3213 1264 3268 scribere
1282 3211 1406 3264 mihi
1426 3210 1626 3281 quidem
1645 3226 1744 3263 non
1767 3210 1998 3280 pigrum,

500 3310 636 3362 vobis
676 3319 842 3362 autem
887 3316 1067 3362 tutum.
1107 3305 1163 3360 2.
1212 3304 1387 3360 Videte
1432 3322 1580 3359 canes
1603 3346 1619 3370 ,
1648 3304 1817 3358 uidete
1841 3304 2003 3358 malos

500 3401 757 3470 operarios
782 3440 798 3465 ,
825 3398 985 3453 uidete
1025 3397 1377 3451 concisionem.
1421 3397 1475 3452 5.
1522 3394 1631 3457 Nos
1670 3395 1804 3449 enim
1830 3411 2003 3449 sumus

500 3493 811 3546 circumcisio
832 3533 845 3556 ,
875 3491 960 3561 qui
984 3490 1165 3561 spiritu
1194 3488 1302 3543 Deo
1331 3490 1572 3542 servimus
1597 3529 1612 3553 ,
1652 3498 1699 3542 et
1727 3489 2005 3559 gloriamur

502 3586 557 3635 in
582 3582 780 3635 Christo
806 3581 961 3648 Iesu,
992 3590 1037 3635 et
1062 3597 1164 3634 non
1191 3581 1244 3634 in
1272 3596 1422 3633 came
1447 3580 1686 3647 ﬁduciam
1711 3580 1968 3633 habentes.

510 3679 560 3728 ί.
600 3674 855 3728 Mmrores
883 3681 939 3727 et
966 3671 1349 3727 sollicitudines
1371 3713 1387 3737 ,
1417 3687 1537 3726 cum
1567 3681 1761 3743 praeter
1789 3672 2006 3727 modum

435 3767 667 3821 animam
703 3764 1044 3833 distrahunt,
1073 3779 1172 3820 suo
1200 3765 1393 3820 robore
1429 3764 1571 3819 illam
1612 3766 1838 3834 privant.
1873 3765 2008 3820 Pro-

439 3868 621 3927 pterea
666 3857 858 3911 Paulus
901 3856 1062 3911 etiam
1087 3896 1103 3922 ,
1146 3870 1266 3909 cum
1308 3854 1674 3924 Philippenses
1720 3856 1772 3909 in
1817 3869 2010 3926 magno

440 3966 670 4007 mwrore
717 3957 934 4012 essent,
982 3961 1075 4001 eos
1116 3947 1312 4001 excitat
1357 3954 1412 4000 et
1452 3947 1670 4000 relevat.
1718 3946 2011 4002 Manebant

439 4055 614 4097 autem
635 4083 652 4108 ,
683 4040 824 4111 quod
848 4039 1114 4110 quomodo
1139 4054 1199 4093 se
1228 4052 1313 4093 res
1344 4038 1488 4093 Pauli
1520 4038 1775 4093 haberent
1801 4040 2010 4109 ignora-

442 4138 601 4199 bant;
633 4133 926 4188 mazrebant
946 4173 960 4197 ,
1001 4130 1142 4201 quod
1173 4130 1343 4199 ipsum
1373 4130 1570 4184 obiisse
1595 4129 1967 4184 existimabant
1992 4144 2007 4194 ;

443 4226 742 4281 mmrebant
767 4224 835 4277 ob
859 4221 1286 4293 praedicationem
1303 4260 1318 4284 ,
1347 4219 1417 4274 ob
1442 4218 1880 4289 Epaphroditum.
1909 4217 2013 4288 lgi-

442 4328 527 4372 tur
554 4317 620 4371 de
649 4315 893 4370 omnibus
925 4314 1007 4367 his
1036 4312 1195 4367 rebus
1222 4312 1458 4365 animum
1489 4310 1592 4365 illis
1618 4310 1856 4380 explens,
1887 4310 2013 4365 sub-

439 4411 614 4480 jnugit
643 4425 656 4461 :
688 4407 761 4460 De
787 4416 985 4468 caetero,
1016 4409 1197 4476 fratres
1226 4404 1344 4471 mei,
1374 4403 1607 4475 gaudete.
1638 4403 1754 4458 Non
1783 4404 2011 4472 habetis,

444 4500 632 4571 inquit,
654 4498 893 4569 posthac,
911 4513 1006 4552 cur
1026 4496 1326 4552 maneatis:
1347 4496 1553 4551 habetis
1572 4497 2010 4566 Epaphroditum,

442 4594 512 4647 ob
555 4606 711 4663 quem
745 4589 1041 4655 dolebatis;
1083 4587 1289 4642 habetis
1324 4587 1693 4653 Timotheum;
1726 4604 1825 4658 ego
1852 4590 2010 4643 etiam

442 4683 667 4739 advenio
688 4680 1047 4750 :evangelium
1068 4678 1326 4749 procedit.
1348 4678 1483 4745 Quid
1503 4682 1614 4747 jam
1633 4679 1783 4734 vobis
1803 4678 2014 4734 deﬁcit?

445 4777 689 4831 Gaudete.
721 4776 799 4828 Ac
826 4773 1038 4828 Galatas
1064 4772 1278 4842 quidem
1307 4772 1443 4826 ﬁlios
1472 4781 1625 4826 vocat
1648 4771 1789 4842 (Gal.
1814 4772 1869 4825 4.
1896 4771 2012 4843 l9),

445 4870 545 4924 hos
574 4875 748 4922 autem
776 4865 989 4921 fratres.
1023 4864 1153 4919 Nam
1179 4865 1611 4934 quotiescumque
1640 4865 1722 4919 vel
1748 4866 2015 4936 corrigere

444 4958 644 5029 aliquid
680 4956 793 5011 vult
827 4956 912 5011 vel
942 4955 1314 5011 vehementem
1338 4956 1536 5010 amoris
1563 4956 1808 5012 allectum
1836 4966 2016 5012 esten.

444 5055 597 5117 dere,
624 5051 759 5105 tilios
780 5060 933 5105 vocat
956 5065 1051 5104 :ac
1071 5065 1190 5105 cum
1212 5049 1331 5119 plus
1352 5049 1572 5104 honoris
1593 5052 1677 5117 iis,
1701 5051 2015 5121 quibuscum

449 5146 614 5202 verba
641 5144 783 5207 facit,
809 5142 1107 5198 habendum
1132 5152 1235 5209 est,
1266 5142 1476 5197 fratres.
1507 5142 1585 5196 De
1609 5153 1808 5211 caetero,
1836 5147 2018 5215 fratres

450 5238 547 5292 mei
571 5278 589 5303 ,
616 5236 784 5306 inquit
802 5276 817 5301 ,
844 5234 1055 5305 gaudete
1079 5234 1133 5287 in
1160 5231 1401 5287 Domino.
1431 5233 1594 5288 Recte
1619 5233 1782 5300 dixit,
1813 5232 1879 5287 1η
1907 5233 2016 5288 υθ-

447 5329 586 5382 mino
609 5366 626 5393 ,
653 5342 760 5381 non
797 5325 1065 5380 mundano
1102 5324 1295 5395 gaudio
1323 5345 1336 5380 :
1368 5339 1486 5378 nam
1520 5324 1619 5379 hoc
1648 5339 1752 5379 non
1778 5335 1861 5380 est
1886 5340 2017 5395 gau-

448 5419 601 5474 dere.
647 5417 919 5472 .‘Erumna:
942 5457 958 5482 ,
989 5416 1196 5487 inquit,
1239 5431 1358 5485 quae
1395 5416 1688 5471 secundum
1713 5415 2018 5484 Christum,

450 5509 580 5577 ipsa:
607 5508 854 5579 gaudium
884 5507 1096 5562 habent.
1130 5506 1322 5560 Eadem
1346 5506 1483 5561 vobis
1507 5507 1721 5562 scribere
1746 5508 1868 5562 mihi
1903 5509 2020 5579 qui-

446 5601 562 5652 dem
602 5616 702 5653 non
742 5600 982 5670 pigrum,
1020 5599 1156 5654 vobis
1198 5608 1365 5653 autem
1403 5608 1587 5653 tutum.
1635 5599 1807 5654 Videte
1846 5617 2013 5655 canes.

450 5691 609 5748 Vides
634 5708 738 5747 non
759 5691 873 5756 ipso
894 5692 1117 5748 exordio
1144 5692 1407 5751 inductam
1430 5707 1548 5749 esse
1573 5690 2009 5759 admonitionem,

2104 3119 2200 3175 sed
2230 3130 2509 3192 postquam
2539 3122 2658 3180 illos
2685 3124 2865 3179 multis
2893 3125 3193 3182 nominibus
3223 3126 3493 3195 laudavit,
3522 3136 3674 3201 post-

2104 3226 2262 3280 quam
2286 3216 2542 3284 suspexit,
2567 3225 2691 3270 tunc
2712 3216 2814 3272 hoc
2839 3216 2983 3287 facit,
3005 3233 3067 3273 ac
3091 3234 3275 3273 rursus
3295 3218 3452 3274 etiam
3475 3219 3673 3276 laudat.

2108 3300 2396 3385 Videbatur
2423 3307 2566 3360 enim
2607 3306 2709 3361 hoc
2736 3308 2991 3364 orationis
3018 3324 3187 3379 genus
3212 3324 3333 3366 esse
3360 3311 3633 3366 molestius
3659 3326 3673 3363 :

2105 3395 2451 3463 quamobrem
2490 3397 2722 3467 undique
2751 3398 2900 3454 lenit.
2940 3400 3084 3467 Quos
3112 3409 3286 3455 autem
3316 3401 3444 3456 dicit
3471 3417 3630 3457 canes
3653 3403 3679 3455 τ

2110 3485 2208 3541 llic
2225 3496 2378 3542 erant
2392 3488 2572 3559 aliqui,
2597 3505 2730 3560 quos
2755 3490 2807 3544 in
2827 3492 3076 3546 omnibus
3098 3493 3337 3562 epistolis
3356 3494 3675 3559 subindicat,

2107 3577 2301 3646 Judaei,
2329 3580 2544 3649 impuri,
2568 3583 2899 3651 exsecrandi,
2926 3585 3093 3653 turpis
3117 3585 3245 3639 lucri
3276 3593 3329 3639 et
3354 3587 3679 3656 principatus

2111 3671 2309 3741 cupidi,
2336 3673 2567 3742 quicum
2594 3675 2788 3730 multos
2808 3691 2874 3731 ex
2898 3675 3141 3731 ﬁdelibus
3163 3675 3228 3729 ad
3251 3691 3311 3730 se
3330 3676 3543 3730 allicere
3566 3678 3680 3731 vel-

2113 3761 2253 3827 lent,
2280 3772 2336 3817 et
2363 3762 2825 3819 Christianismum
2851 3776 2904 3820 et
2929 3765 3257 3821 Judaismum
3287 3767 3675 3837 prmdieahant,

2111 3866 2516 3927 corrumpentes
2558 3858 2912 3929 evangelium.
2952 3858 3212 3927 Quoniam
3253 3860 3410 3931 igitur
3441 3860 3683 3918 difﬁciles

2113 3946 2179 4000 ad
2209 3946 2711 4016 deprehendendum
2738 3958 2892 4004 erant
2914 3989 2930 4016 ,
2959 3960 3239 4020 propterea
3267 3953 3470 4021 inquit,
3512 3952 3685 4008 Videte

2112 4052 2284 4093 canes.
2312 4037 2428 4093 Jam
2450 4054 2556 4093 non
2584 4038 2753 4094 Judmi
2783 4050 2906 4095 sunt
2933 4041 3045 4095 lilii.
3074 4040 3212 4097 Olim
3240 4042 3342 4097 isto
3367 4059 3555 4098 canum
3587 4061 3684 4099 no-

2116 4128 2261 4184 mine
2284 4128 2483 4183 ethnici
2507 4131 2849 4197 vocabantur,
2874 4148 3013 4187 nunc
3038 4142 3213 4189 autem
3243 4135 3338 4189 illi.
3364 4136 3507 4197 Cur?
3535 4138 3682 4205 Quo-

2116 4221 2259 4275 niam
2279 4262 2296 4288 ,
2326 4222 2775 4292 quemadmodum
2802 4224 2999 4279 ethnici
3035 4233 3091 4280 et
3126 4242 3156 4280 a
3196 4227 3307 4281 Deo
3335 4236 3390 4283 et
3416 4244 3446 4282 a
3472 4228 3689 4285 Christo

2114 4313 2277 4368 alieni
2301 4323 2472 4381 erant,
2501 4315 2571 4369 ita
2594 4315 2763 4370 Judaei
2790 4330 2929 4370 nunc
2952 4331 3012 4371 se
3036 4317 3469 4374 abalienaverant
3493 4337 3505 4373 :
3528 4330 3688 4390 atque

2117 4404 2242 4460 hinc
2263 4405 2471 4459 illorum
2498 4405 2876 4475 impudentiam
2898 4415 2952 4462 et
2972 4408 3389 4478 improbitatem,
3416 4426 3687 4480 magnam-

2116 4512 2220 4566 que
2262 4512 2293 4551 a
2338 4497 2459 4551 ﬁliis
2499 4496 2908 4566 disiunctionem
2957 4512 3020 4552 ac
3065 4498 3343 4554 dissidium
3392 4501 3461 4555 ob
3504 4502 3689 4556 oculos

2119 4589 2285 4659 ponit.
2312 4590 2445 4644 Nam
2467 4589 2593 4642 olim
2617 4589 2830 4657 quidem
2856 4589 3100 4645 ethnicos
3123 4601 3340 4646 vocatos
3362 4607 3483 4647 esse
3505 4608 3687 4659 canes,

2116 4681 2239 4736 audi
2278 4681 2404 4751 quid
2433 4680 2730 4736 Chananma
2755 4680 2896 4736 dicat
2929 4698 2942 4734 :
2975 4681 3143 4735 Etiam
3166 4723 3183 4749 ,
3210 4680 3426 4736 Domine
3451 4699 3469 4737 :
3495 4700 3611 4736 nam
3642 4693 3691 4738 et

2119 4774 2289 4827 catelli
2315 4772 2465 4827 edunt
2485 4773 2548 4826 de
2572 4773 2733 4838 micis,
2756 4787 2868 4843 quw
2889 4773 3076 4827 cadunt
3100 4773 3163 4827 de
3181 4790 3351 4828 mensa
3371 4774 3691 4828 dominorum

2117 4880 2323 4918 suorum
2351 4862 2565 4935 (Matth.
2597 4864 2684 4920 15.
2713 4863 2829 4934 27).
2856 4866 3119 4919 Cancrum
3140 4903 3156 4928 ,
3184 4873 3241 4918 ut
3270 4880 3440 4934 neque
3472 4866 3573 4919 hoc
3603 4866 3689 4919 isti

2120 4963 2506 5026 assequantur;
2536 4970 2656 5010 nam
2678 4971 2839 5012 canes
2859 4956 3072 5026 quidam
3098 4967 3240 5022 sunt,
3263 4959 3352 5027 qui
3376 4957 3516 5012 circa
3539 4973 3691 5012 men-

2122 5063 2238 5103 sam
2279 5058 2453 5113 stant;
2482 5048 2630 5104 addit
2658 5050 2806 5116 haac,
2836 5052 3031 5121 quibus
3060 5052 3203 5121 ipsos
3227 5052 3443 5105 omnino
3467 5050 3645 5121 abigat
3672 5068 3689 5107 :

2133 5138 2308 5194 Videte
2329 5139 2491 5194 malos
2515 5145 2793 5211 operarios.
2819 5143 2896 5196 Ac
2920 5142 3143 5197 miriﬁce
3163 5141 3315 5207 dixit,
3344 5140 3516 5195 Videte
3530 5142 3694 5195 malos

2123 5232 2419 5302 operarios:
2445 5248 2567 5287 nam
2592 5242 2881 5301 operantur
2904 5233 3139 5301 quidem,
3167 5234 3354 5302 inquit,
3377 5235 3472 5288 sed
3496 5233 3694 5287 malam

2126 5325 2179 5379 in
2207 5334 2409 5394 partem
2431 5342 2446 5392 ;
2474 5340 2714 5395 opusque
2735 5326 2843 5381 otio
2871 5326 3025 5396 longe
3047 5325 3280 5381 deterius
3303 5334 3405 5391 est,
3427 5325 3553 5380 dum
3575 5341 3695 5395 qua)

2126 5426 2270 5471 recte
2296 5427 2420 5471 sunt
2444 5418 2730 5472 constituta
2757 5417 3046 5486 disjiciunt.
3083 5415 3278 5484 Videte,
3308 5416 3499 5487 inquit,
3527 5418 3698 5471 conci-

2124 5512 2334 5565 sionem.
2360 5510 2739 5566 llonorandum
2767 5511 3015 5580 quiddam
3042 5519 3159 5565 erat
3183 5510 3323 5579 apud
3352 5509 3567 5565 Juda-os
3593 5510 3698 5564 εἰτ-

2126 5600 2403 5668 cumcisio,
2421 5601 2848 5672 quandoquidem
2867 5610 2921 5656 et
2941 5601 3022 5655 lex
3043 5600 3093 5655 ci
3110 5599 3417 5668 decedebat,
3434 5610 3490 5656 et
3508 5600 3698 5655 sabba-

2126 5703 2234 5749 tum
2260 5693 2664 5753 circumcisione
2690 5694 2845 5752 vilius
2870 5702 3003 5751 erat.
3038 5694 3248 5752 Etenim
3275 5704 3332 5751 ut
3359 5691 3699 5751 circumcisio
