4130 6386
428 305 536 362 23⁷3

428 420 629 493 ὁμοίως
678 419 959 492 αίδέσιμός
1004 419 1124 475 ἐστι
1170 419 1488 484 διδάσκαλος
1536 420 1849 492 λαμϐάνων,
1887 418 2002 472 ἀλλ’

428 516 633 577 ἐκεῖνος
658 513 895 583 μάλιστα
919 516 1147 584 τιμᾶται
1171 513 1200 565 ὁ
1222 514 1297 585 μὴ
1322 512 1617 584 λαμϐάνων
1642 529 1659 545 ⁶
1688 512 1804 566 ἀλλ’
1836 514 1867 565 ό
1898 528 2003 580 μα-

430 605 597 676 θητὴς
624 605 723 657 οὐκ
767 604 1078 674 ώφελεῖται,
1112 604 1249 658 άλλά
1270 604 1365 658 τὸν
1410 603 1624 673 καρπὸν
1655 601 2001 671 ὲγκόπτεται.

442 696 603 767 Ὀρᾷς
620 697 719 768 τὴν
739 697 930 765 σοφίαν
950 696 1044 750 τοῦ
1068 696 1449 768 φιλανθρώπου
1469 695 1634 760 Θεοῦ;
1662 696 1872 765 Ὥσπερ
1894 694 2004 762 γάρ

432 786 582 860 [274]
614 787 775 852 αὐτὸς
806 790 928 859 οὐχί
966 788 1064 861 τὴν
1099 790 1237 843 ἰδίαν
1281 790 1439 855 δόξαν
1479 790 1763 858 ἐζήτησεν,
1796 787 2004 841 οὐδὲτὸ

430 879 627 933 ἑαυτοῦ
650 881 976 952 ἐσκόπησεν,
1002 880 1140 934 ἀλλὰ
1166 885 1223 935 ἐν
1251 881 1377 953 δόξῃ
1401 879 1476 934 ὣν
1498 879 1672 933 είλετο
1694 879 2001 949 ἀτιμασθῆ-

430 988 518 1025 ναι
542 970 631 1025 διὰ
662 972 745 1037 σὲ,
772 971 915 1025 οὕτω
943 974 1039 1026 καὶ
1063 972 1286 1025 ἐπὶτῶν
1315 971 1677 1025 διδασκάλων·
1706 970 2004 1041 δυνάμενος

430 1064 627 1127 αὐτοὺς
656 1063 885 1134 ποιῆσαι
915 1064 1247 1135 αἰδεσίμους,
1278 1064 1450 1117 είλετο
1491 1061 1631 1117 εἶναι
1661 1061 2003 1132 εὐκαταφρο-

430 1157 624 1228 νήτους
648 1155 735 1211 διά
770 1157 849 1221 σέ,
883 1157 970 1210 ἵνα
1002 1159 1066 1210 σὺ
1113 1158 1241 1228 ἔχῃς
1280 1156 1611 1229 κερδαίνειν,
1652 1155 1739 1208 ἴνα
1775 1153 1839 1207 σὺ
1874 1152 2005 1222 ἔχῃς

431 1249 700 1304 πλουτεῖν.
733 1250 852 1302 Ἵνα
880 1252 989 1321 γάρ
1023 1249 1087 1302 σὺ
1112 1250 1352 1321 εὐπορῇς
1380 1250 1438 1302 ἐν
1461 1251 1573 1312 τοῖς
1595 1246 2001 1318 πνευματικοῖς,

431 1340 519 1395 διὰ
546 1340 705 1393 τοῦτο
744 1342 951 1403 ἐκεῖνος
977 1342 1174 1412 ἀπορεῖ
1195 1344 1252 1394 ἐν
1288 1344 1398 1403 τοῖς
1423 1341 1715 1411 βιωτικοῖς.
1754 1338 1875 1391 Ὅτι
1894 1337 2005 1390 τοί-

432 1449 526 1484 νυν
556 1431 780 1485 ἐδύνατο
835 1431 1065 1501 ποιῆσαι
1118 1432 1316 1497 αὐτοὺς
1361 1434 1646 1498 ἀνενδεεῖς,
1702 1430 1872 1496 ἔδειξε
1916 1428 2005 1481 διὰ

432 1522 676 1576 πολλῶν·
737 1524 820 1577 ὅτι
872 1523 928 1576 δὲ
966 1523 1053 1576 διὰ
1106 1523 1165 1577 σὲ
1222 1525 1446 1594 ἀφίησιν
1497 1524 1692 1588 αὐτοὺς
1740 1524 1799 1577 ἐν
1828 1521 2006 1590 ἐνδείᾳ

433 1614 593 1680 εἶναι,
622 1615 715 1668 καὶ
739 1614 896 1667 τοῦτο
923 1599 1196 1668 δείκνυται
1220 1616 1441 1687 ὁμοίιος.
1464 1615 1648 1669 Ταῦτα
1667 1612 1760 1668 οὖν
1781 1613 2003 1678 εἰδότες,

437 1706 512 1777 μὴ
541 1706 676 1777 πρὸς
703 1706 1060 1778 κατηγορίας,
1090 1707 1226 1761 ἀλλά
1251 1708 1388 1778 πρὸς
1402 1707 1650 1769 εὐποιίας
1671 1705 1969 1777 τραπῶμεν
1988 1722 2005 1735 ο

438 1798 512 1868 μὴ
535 1797 603 1850 τά
636 1797 837 1867 ἐτέρων
866 1798 1012 1851 κακά
1043 1798 1540 1870 περιεργαζώμεθα
1566 1838 1580 1864 ,
1609 1797 1746 1851 ἀλλά
1778 1795 1847 1849 τὰ
1871 1794 2011 1865 ἡμέ-

432 1904 568 1958 τερα
592 1887 770 1940 αὐτῶν
787 1888 1236 1959 ἀναλογιςώμεθα
1254 1906 1269 1919 ο
1303 1889 1371 1943 τὰ
1386 1889 1586 1960 ἐτέρων
1606 1886 2009 1958 κατορθώματα

435 1979 727 2049 ἐννοῶμεν,
756 1979 823 2032 τά
846 1980 904 2032 δὲ
931 1980 1173 2052 ἡμέτερα
1201 1982 1577 2053 ἁμαρτήματα
1606 1976 2010 2047 ἀναλογιζώμε-

437 2070 507 2125 θα
526 2089 540 2103 ·
570 2072 664 2124 καὶ
699 2069 873 2134 οὕτως
901 2072 1342 2144 εὐαρεστήσομεν
1387 2072 1464 2144 τῷ
1494 2072 1634 2144 Θεῷ.
1681 2071 1739 2125 '0
1771 2070 1871 2141 μὲν
1901 2072 2011 2143 γάρ

1349 303 1416 361 IN
1457 302 1678 362 EPIST.
1721 303 1812 357 AD
1845 299 2132 357 PHILIPP.
2170 300 2327 357 CAP.
2365 300 2457 356 Ill.
2492 300 2732 359 IIOMIL.
2773 302 2842 361 Χ.

3574 309 3685 365 236

2108 414 2177 468 τὰ
2203 417 2409 488 ἐτέρων
2440 419 2814 491 ἁμαρτήματα
2860 419 3003 490 ὁρῶν
3024 459 3038 483 ,
3081 419 3174 473 καὶ
3204 418 3272 473 τά
3297 420 3463 474 αὐτοῦ
3494 440 3685 493 κατορ-

2107 505 2358 576 θώματα,
2402 509 2562 580 διπλῇ
2595 510 2929 579 βλάπτεται·
2966 511 3074 563 ἀπό
3120 527 3177 563 τε
3230 511 3342 581 γάρ
3375 512 3580 565 τούτων
3604 515 3684 575 εἰς

2106 597 2363 659 ἀπόνοιαν
2388 600 2621 670 αἴρεται,
2649 601 2758 654 ἀπό
2780 618 2839 653 τε
2864 602 3087 654 ἐκείνων
3112 601 3192 664 είς
3220 602 3493 672 ῥαθυμίαν
3516 604 3683 673 ἐμπί-

2107 706 2253 743 πτει.
2291 691 2462 745 Ὅταν
2493 692 2602 764 γὰρ
2627 694 2877 766 ἐννοήσῃ,
2906 695 2989 747 ὄτι
3012 696 3039 746 ό
3068 693 3218 747 δεῖνα
3237 695 3508 765 ἥμαρτεν,
3538 695 3689 748 εὐκό-

2104 778 2213 844 λως
2236 782 2547 853 ἁμαρτήσει
2582 784 2676 835 καὶ
2716 783 2913 846 αὐτός’
2942 784 3071 836 ὅταν
3102 784 3352 854 ἐννοήσῃ,
3398 785 3482 838 ὅτι
3523 784 3687 847 αὐτὸς

2104 870 2486 943 κατώρθωσεν,
2514 874 2749 937 εὐκόλως
2776 876 3106 929 ἀπονοεῖται.
3149 874 3207 928 '0
3227 874 3283 927 δὲ
3307 875 3377 928 τὰ
3400 874 3502 945 μὲν
3519 876 3686 929 αὐτοῦ

2103 964 2508 1035 κατορθώματα
2538 965 2675 1036 λήθῃ
2706 966 3030 1036 παραδιδοὺς
3052 1004 3069 1030 ,
3106 966 3176 1020 τὰ
3214 966 3273 1020 δὲ
3311 968 3687 1038 ἁμαρτήματα

2106 1056 2321 1127 βλέπων
2345 1057 2502 1127 μόνα,
2532 1058 2625 1109 καί⁵
2646 1057 2714 1111 τὰ
2734 1059 2937 1128 ἐτέρων
2960 1059 3178 1129 άμαρτή
3188 1076 3334 1129 ματα
3363 1059 3437 1130 μὴ
3459 1077 3687 1132 περιερ-

2103 1147 2427 1218 γαζόμενος,
2473 1149 2611 1204 ἀλλὰ
2649 1149 2720 1203 τὰ
2754 1149 3180 1221 κατορθώματα,
3217 1149 3388 1204 πολλά
3415 1151 3685 1222 κερδανεῖ.

2106 1241 2251 1307 Πῶς,
2282 1241 2466 1295 ἀκουε’
2498 1242 2669 1295 Ὅταν
2700 1242 2805 1315 ἴδῃ,
2832 1244 2914 1296 ὅτι
2939 1245 2967 1297 ὀ
2992 1243 3139 1305 δεῖνα
3171 1242 3526 1314 κατώρθωσε,
3551 1244 3686 1315 πρὸς

2104 1329 2195 1383 τὸν
2225 1331 2337 1383 ἴσον
2361 1331 2574 1402 αἴρεται
2610 1330 2773 1402 ζῆλον
2793 1351 2806 1366 ·
2840 1334 2968 1386 ὅταν
3011 1333 3114 1404 ίδῃ,
3149 1334 3231 1387 ὅτι
3260 1334 3421 1396 αὐτὸς
3444 1334 3685 1405 ἥμαρτε,

2103 1425 2592 1494 ταπεινοφρονήσει
2633 1424 2727 1476 καὶ
2761 1424 3064 1495 μετριάσει.
3101 1424 3197 1477 Ἂν
3228 1422 3372 1476 οὕτω
3421 1423 3686 1493 ποιῶμεν,

2106 1515 2199 1568 καὶ
2230 1514 2373 1568 οὕτω
2404 1515 2473 1569 τὰ
2507 1516 2628 1569 καθ’
2657 1517 2883 1579 ἑαυτοὺς
2905 1515 3282 1586 οίκονομῶμεν
3302 1556 3318 1580 ,
3346 1515 3686 1586 δυνησόμεθα

2104 1608 2215 1661 τῶν
2234 1607 2658 1679 ἐπηγγελμένων
2682 1610 2869 1679 τυχεῖν
2891 1608 3110 1678 ἀγαθῶν
3133 1649 3149 1673 ,
3174 1609 3354 1679 χάριτι
3382 1608 3478 1662 καὶ
3500 1608 3688 1677 φιλαν·

2103 1699 2321 1770 θρωπίᾳ
2361 1699 2456 1752 τοῦ
2502 1702 2709 1770 Κυρίου
2752 1701 2909 1771 ἡμῶν
2951 1700 3125 1770 Ἰησοῦ
3180 1700 3437 1771 Χριστοῦ,
3478 1700 3596 1770 μεθ’
3624 1692 3687 1752 οὗ

2100 1790 2179 1859 τῷ
2229 1791 2405 1861 Πατρί
2456 1791 2571 1862 ἅμα
2628 1792 2706 1862 τῷ
2755 1793 2899 1863 ἁγίῳ
2936 1793 3212 1863 ΙΙνεύματι
3264 1792 3410 1858 δόξα,
3463 1792 3687 1863 κράτος,

2102 1882 2259 1951 τιμὴ,
2293 1881 2386 1936 νῦν
2418 1885 2510 1938 καὶ
2542 1884 2651 1951 ἀεὶ,
2688 1885 2782 1938 καί
2803 1886 2884 1949 εἰς
2918 1885 3047 1949 τούς
3077 1884 3281 1948 αἰῶνας
3318 1883 3427 1937 τῶν
3454 1882 3684 1938 αἰώνων.

2119 1975 2310 2046 Ἀμήν.

1919 2638 2164 2693 OMIAIA
2202 2636 2261 2691 Ρ.

442 2812 515 2866 Τὸ
554 2808 793 2883 λοιπὸν,
829 2809 1083 2883 ἀδελφοί
1128 2829 1271 2883 μου,
1316 2811 1549 2883 χαίρετε
1578 2812 1650 2866 ἐν
1677 2813 1902 2880 Κυρίῳ·
1939 2811 2013 2865 τὰ

510 2880 661 2952 αὐτὰ
689 2880 935 2951 γράφειν
962 2880 1142 2951 ὑμῖν,
1159 2883 1287 2952 ἐμοὶ
1305 2880 1426 2951 μὲν
1442 2886 1551 2937 οὐκ
1577 2883 1855 2951 ὀκνηρὸν.
1874 2883 2016 2950 ὑμῖν

511 2951 581 3005 δὲ
630 2952 926 3020 ἀσφαλές.
959 2951 1221 3006 Βλέπετε
1268 2954 1411 3019 τοὺς
1478 2954 1701 3018 κύνας,
1751 2953 2015 3016 βλέπετε

512 3022 901 3092 τρὺςνκακοὺς
933 3022 1204 3090 ἐργάτας,
1234 3024 1495 3087 ,βλέπετε
1519 3024 1633 3092 τὴν
1652 3023 2010 3091 κατατομήν.

523 3085 712 3159 Ἡμεῖς
743 3092 853 3160 γάρ
878 3085 1096 3161 *ἐσμεν
1237 3085 1553 3161 περιτομὴ,
1578 3085 1589 3092 ’
1609 3096 1662 3147 οἱ
1725 3085 2017 3161 πνεύματι

516 3161 636 3225 Θεῷ
682 3163 1075 3229 λατρεύοντες
1099 3202 1114 3225 ,
1153 3163 1251 3216 καί
1283 3163 1653 3232 καυχώμενοι
1688 3163 1757 3215 ἐν
1788 3162 2019 3232 Χριστῷ

524 3232 740 3299 Ἰησοῦ,
768 3232 866 3287 καὶ
887 3235 997 3287 οὐκ
1031 3233 1101 3287 ἑν
1124 3233 1301 3302 σαρκί
1333 3234 1703 3300 πεποιθότες.

515 3362 1001 3432 α’.Λίάθυμίαικα¹ί
1020 3363 1076 3416 αἱ
1097 3362 1397 3433 φροντίδες,
1411 3363 1539 3415 ὅταν
1552 3359 1797 3433 πέρατοῦ
1821 3360 2017 3432 μέτρου

445 3454 545 3525 τὴν
574 3453 751 3524 ψυχὴν
799 3453 1175 3514 κατατείνωσι,
1202 3453 1300 3524 τῆς
1349 3455 1554 3516 οἰκείας
1603 3451 1771 3523 αὐτὴν
1794 3453 2023 3505 ἀποστε-

452 3546 638 3617 ροῦσιν
691 3546 890 3617 ἰσχύος.
922 3545 1019 3599 Διά
1056 3543 1212 3598 τοῦτο
1258 3547 1353 3599 καὶ
1383 3546 1412 3597 ὁ
1446 3544 1657 3607 Παῦλος
1684 3544 1808 3606 τοὺς
1833 3543 2023 3596 Φιλιπο

452 3638 683 3707 πησίους
716 3639 773 3690 ἐν
802 3636 969 3708 πολλῇ
997 3636 1156 3699 ὄντας
1191 3636 1400 3707 ἀθυμίᾳ
1430 3635 1728 3705 ἀνίστησιν.
1759 3631 1938 3687 Ἦσαν
1967 3635 2023 3688 δὲ

451 3729 512 3781 ἐν
541 3728 748 3798 ἀθυμίᾳ⁴
773 3728 861 3781 διά
883 3728 945 3782 τὸ
972 3728 1046 3798 μὴ
1073 3728 1363 3797 γινώσκειν
1388 3726 1504 3790 πῶς
1528 3726 1598 3779 τά
1628 3727 1766 3779 κατὰ
1791 3726 2018 3781 Παῦλον

449 3812 591 3889 ἦσαν
616 3819 675 3870 ἐν
706 3817 915 3888 ἀθυμίᾳ
964 3818 1053 3872 διὰ
1082 3816 1145 3871 τδ
1183 3818 1426 3888 νομίζειν
1458 3816 1619 3869 αὐτὸν
1650 3816 1751 3886 ἤδη
1778 3816 2022 3870 τετελευ-

451 3910 713 3987 τηκέναι,
743 3909 831 3962 διὰ
870 3910 930 3963 τδ
966 3912 1251 3981 κήρυγμα,
1283 3909 1371 3962 διὰ
1404 3907 1810 3979 Ἐπαφρόδιτον.
1854 3907 2023 3980 ’Υπὲρ

452 3999 517 4071 δὴ
541 3999 744 4053 τούτων
776 4000 1030 4054 ἁπάντων
1062 4000 1424 4072 πληροφορῶν
1451 4000 1646 4063 αὐτοὺς
1673 3998 1868 4068 ἐπάγει
1893 4016 1907 4030 ·
1951 3999 2024 4053 Τὸ

455 4089 605 4163 [275]
635 4091 866 4155 λοιπὸν,
902 4092 1155 4162 ἀδελφοί
1195 4110 1336 4160 μου,
1369 4090 1773 4165 χαίρετεκοὴ
1834 4090 2022 4161 ἔχετε,

454 4184 607 4253 φησί,
638 4183 820 4236 λοιπὸν
845 4182 1081 4252 ἀθυμίας
1114 4182 1395 4235 ὑπόθεσιν·
1427 4181 1579 4253 ἔχετε
1614 4181 2023 4253 Ἐπαφρόδιτοι,

453 4272 518 4326 δι’
554 4271 611 4325 ὃν
641 4273 886 4341 ὴλγεῖτεο
923 4271 1076 4342 ἔχετε
1120 4270 1404 4341 Τιμόθεον,
1457 4270 1686 4343 ἔρχομαι
1739 4267 1915 4338 καγὼ,
1960 4268 2026 4321 τὸ

454 4364 791 4433 Εὐαγγέλιον
827 4363 1127 4419 ἐπιδίδωσι.
1156 4362 1223 4415 Τί
1258 4363 1389 4432 ὑμῖν
1428 4361 1604 4415 λείπει
1640 4361 1861 4427 λοιπόν;
1891 4361 2027 4413 Χαί-

447 4473 604 4525 ρετε.
631 4454 875 4518 Γαλάτας
904 4455 1003 4525 μὲν
1035 4450 1127 4507 οῦν
1158 4454 1324 4508 τέκνα
1354 4454 1529 4516 καλεῖ,
1555 4452 1777 4516 τούτους
1797 4452 1853 4505 δὲ
1867 4450 2024 4504 ἀδελ-

456 4548 612 4617 φούς.
643 4547 817 4600 Ὅταν
867 4546 965 4616 μὲν
1003 4545 1113 4617 γὰρ
1151 4545 1183 4616 ἦ
1233 4544 1576 4617 διορθοῦσθαί
1604 4561 1656 4596 τι
1686 4543 1963 4614 βούληται,
1990 4542 2025 4613 ἦ

458 4638 835 4710 φιλοστοργίαν
866 4637 1223 4703 ἐνδείξασθαι,
1251 4635 1419 4688 τέκνα
1448 4634 1605 4688 καλεῖ
1629 4650 1643 4663 ⁸
1669 4635 1797 4687 ὅταν
1815 4631 2028 4703 δὲμετά

459 4728 703 4791 πλείονος
748 4730 913 4798 τιμῆς
963 4726 1301 4796 διαλέγηται,
1344 4723 1626 4793 ἀδελφούς.
1669 4724 1739 4778 Τὸ
1786 4725 2025 4786 λοιπὸν,

457 4820 707 4888 ἀδελφοί
735 4836 876 4888 μου,
911 4816 1086 4887 φησί,
1117 4816 1352 4887 χαίρετε
1381 4814 1450 4868 ἐν
1476 4815 1691 4883 Κυρίῳ.
1720 4812 1915 4876 Καλῶς
1945 4807 2025 4865 εἷ-

458 4928 581 4975 πεν,
623 4912 726 4964 Ἐν
754 4909 968 4977 Κυρίῳ,
1004 4910 1064 4961 οὐ
1094 4908 1232 4960 κατὰ
1259 4906 1352 4959 τὸν
1382 4906 1585 4975 κόσμον
1607 4921 1619 4937 ⁸
1645 4906 1745 4957 οὐκ
1777 4904 1891 4957 ἔστι
1919 4905 2027 4976 γὰρ

458 5001 693 5072 χαρῆναι
744 5000 922 5053 τοῦτο.
964 5000 1031 5051 Αἰ
1080 4998 1289 5069 θλίψεις
1320 4990 1504 5061 αὗται,
1560 4990 1745 5066 φησὶν,
1795 4996 1851 5048 αἱ
1886 4997 2028 5049 κατά

458 5091 715 5162 Χριστὸν,
768 5090 950 5160 ἔχουσι
981 5088 1174 5160 χαράν.
1220 5087 1298 5142 Τὰ
1350 5088 1503 5142 αὐτὰ
1561 5086 1811 5155 γράφειν
1850 5084 2026 5153 ὑμῖν,

458 5180 586 5249 ἐμοὶ
607 5179 724 5248 μὲν
752 5182 862 5232 οὐκ
884 5178 1162 5246 ὀκνηρὸν,
1188 5177 1330 5247 ὑμῖν
1346 5177 1413 5230 δὲ
1435 5177 1730 5245 ἀσφαλές.
1766 5176 2029 5230 Βλέπετε

457 5269 599 5333 τοὺς
640 5268 847 5333 κύνας.
889 5268 1053 5338 Ὁρᾷς
1092 5266 1207 5329 πῶς
1250 5266 1349 5319 οὐκ
1377 5267 1437 5317 ἐν
1478 5266 1619 5337 ἀρχῇ
1648 5265 1747 5335 τὴν
1771 5265 2031 5336 παραίνε-

463 5371 546 5406 σιν
575 5355 805 5422 εἰσάγει,
836 5352 948 5406 ἀλλ’
976 5354 1066 5406 ὅτε
1124 5353 1324 5416 αὐτοὺς
1386 5352 1558 5406 πολλὰ
1608 5353 1891 5425 ἐπῄνεσεν,
1938 5354 2029 5408 ὅτε

463 5444 778 5514 ἐθαύμασε,
829 5445 950 5497 τότε
1005 5443 1171 5497 τοῦτο
1223 5446 1385 5510 ποιεῖ,
1427 5444 1521 5499 καὶ
1581 5446 1741 5499 πάλιν
1793 5448 2028 5501 ἐπαινεῖ.

463 5537 620 5589 Δοκεῖ
675 5536 782 5607 γάρ
834 5530 987 5600 οὗτος
1031 5535 1430 5607 φορτικώτερος
1471 5531 1610 5588 εἶναι
1637 5538 1665 5590 ὁ
1686 5536 1841 5606 λόγος
1862 5554 1876 5566 ·
1907 5538 2031 5593 ὅθεν

464 5626 624 5678 αὐτὸν
674 5628 935 5681 πάντοθεν
966 5628 1266 5692 συσκιάζει.
1302 5628 1466 5691 Τίνας
1522 5628 1579 5680 δέ
1642 5646 1774 5699 φησι
1819 5630 2029 5695 κύνας;

476 5712 738 5771 Ἐνταῦθα
758 5713 897 5790 ἦσάν
924 5735 1089 5787 τινες,
1118 5716 1212 5782 οὓς
1246 5721 1304 5773 ἐν
1335 5718 1535 5782 πάσαις
1564 5721 1685 5783 ταῖς
1720 5720 2032 5784 ἐπιστολαῖς

2117 2807 2432 2872 αἰνίττεται,
2469 2805 2715 2860 Ἰουδαῖοι
2757 2804 2951 2878 μιαροὶ
3009 2804 3104 2859 καὶ
3157 2805 3545 2871 κατάπτυστοι,
3572 2806 3695 2860 αἰσο

2117 2898 2429 2970 χροκερδεῖς
2461 2898 2554 2952 καὶ
2594 2898 2867 2968 φίλαρχοι,
2892 2896 2943 2951 οῖ
2978 2896 3289 2967 βουλόμενοι
3333 2897 3443 2952 τῶν
3484 2899 3693 2952 πιστῶν

2120 2986 2348 3050 πολλοὺς
2408 2987 2790 3058 παρασπάσαι,
2829 2987 3130 3058 ἐκήρυττον
3178 2986 3388 3041 καὶτὸν
3428 2988 3691 3059 Χριστια-

2117 3081 2328 3153 νισμὸν,
2350 3082 2443 3135 καὶ
2461 3081 2553 3135 τὸν
2580 3080 2931 3153 Ἰουδαῖσμδν,
2951 3083 3417 3154 παραφθείροντες
3437 3085 3499 3138 τὸ
3520 3086 3695 3154 Εὐαγ-

2117 3174 2318 3243 γέλιον.
2358 3175 2511 3227 Ἐπεὶ
2570 3170 2664 3227 οὗν
2706 3170 2847 3244 ἦσαν
2894 3174 3348 3244 δυσδιάγνωστοι,
3398 3176 3485 3231 διά
3536 3179 3695 3231 τοῦτό

2121 3279 2273 3333 φησι·
2310 3262 2569 3317 Βλέπετε
2591 3263 2735 3330 τοὺς
2761 3264 2968 3329 κύνας.
2994 3264 3191 3318 υύκὲτι
3223 3266 3388 3321 τέκνα
3430 3268 3690 3322 Ἰουδαῖοι.

2125 3354 2262 3407 Ποτέ
2283 3355 2332 3407 οί
2364 3355 2566 3408 ἐθνικοὶ
2594 3355 2753 3407 τοῦτο
2786 3354 3097 3419 ἐκαλοῦντο,
3129 3355 3225 3409 νῦν
3263 3356 3320 3409 δέ
3347 3357 3564 3413 ἐκεῖνοι.
3595 3359 3694 3412 Διά

2120 3446 2173 3501 τί
2204 3463 2219 3512 ;
2252 3447 2373 3499 Ὀτι
2398 3445 2586 3517 ὥσπερ
2611 3447 2659 3498 οἱ
2685 3446 2998 3499 ἐθνικοίκαί
3017 3444 3110 3498 τοῦ
3139 3445 3274 3499 Θεοῦ
3298 3447 3391 3501 καὶ
3435 3447 3531 3500 τοῦ
3552 3450 3595 3501 Χ
3605 3467 3690 3518 ρι-

2123 3539 2251 3593 στοῦ
2295 3538 2563 3609 ἀλλότριοι
2598 3534 2760 3609 ἦσαν,
2793 3540 2933 3592 οὕτω
2962 3539 3057 3592 καὶ
3101 3532 3247 3593 οὗτοι
3284 3540 3541 3608 γεγόνασι
3574 3540 3690 3607 νῦν,

2122 3631 2218 3685 κς.ιί⁸
2259 3629 2321 3682 τὸ
2373 3629 2588 3693 ἀναιδὲς
2622 3628 2801 3682 αὐτῶν
2823 3629 2919 3683 καὶ
2949 3629 3009 3683 τὸ
3054 3631 3244 3701 ἰταμὸν
3276 3631 3524 3685 ἐντεῦθεν
3550 3648 3692 3702 παρ-

2125 3721 2305 3791 ίστησι
2332 3761 2347 3785 ,
2379 3721 2474 3773 καί
2504 3721 2603 3793 τὴν
2634 3720 2833 3792 πολλὴν
2883 3720 3019 3793 πρὸς
3048 3722 3215 3776 τέκνα
3246 3722 3544 3778 διάστασιν.
3571 3724 3694 3777 Ὀτι

2122 3813 2232 3882 γὰρ
2280 3813 2329 3865 οἱ
2384 3811 2584 3865 ἐθνικοί
2627 3829 2755 3865 ποτε
2803 3812 2963 3876 κύνες
3004 3812 3570 3879 ἐκαλοῦντο,άκουσον
3597 3815 3698 3886 τῆς

2126 3901 2460 3966 Χαναναίας,
2496 3901 2551 3953 τί
2602 3916 2779 3972 φησι·
2838 3901 2970 3967 Ναὶ,
3029 3903 3206 3970 Κύριε
3236 3918 3250 3933 ο
3301 3902 3402 3956 καί
3462 3902 3574 3973 γὰρ
3622 3904 3697 3957 τὰ

2125 3992 2381 4061 κυνάρια
2431 3993 2619 4047 ἐσθίει
2672 3992 2791 4046 ἀπὸ
2817 3992 2934 4046 τῶν
2964 3994 3185 4063 ’ψιχίων
3214 3992 3335 4047 τῶν
3361 3997 3698 4051 πιπτόντων

2124 4084 2243 4138 ἀπὸ
2270 4084 2378 4152 τῆς
2410 4082 2694 4153 τραπέζης
2714 4083 2831 4138 τῶν
2856 4086 3076 4153 κυρίων
3100 4085 3319 4143 αὐτῶν.
3348 4088 3463 4141 ἰνα
3485 4088 3541 4142 δὲ
3563 4089 3697 4159 μηδὲ

2124 4174 2284 4228 τοῦτο
2311 4175 2529 4245 ἔχωσιν,
2557 4176 2746 4246 ἐπειδὴ
2777 4178 2872 4230 καὶ
2909 4177 3069 4241 κύνες
3104 4179 3242 4232 εἰσὶν
3281 4181 3696 4251 ἐπιτραπέζιοι,

2126 4263 2346 4333 ἐπάγει,
2381 4264 2507 4319 ὅθεν
2536 4267 2736 4330 αὐτοὺς
2761 4268 2856 4321 καί⁸
2888 4268 3179 4339 άλλοτριοῖ,
3206 4269 3399 4338 λέγων,
3434 4271 3699 4326 Βλέπετε

2122 4355 2268 4422 τοὺς
2315 4356 2545 4423 κακοὺς
2589 4358 2862 4427 ἐργάτας.
2897 4360 3006 4413 Καὶ
3037 4360 3363 4430 θαυμαστῶς
3396 4358 3536 4428 εἷπε,
3559 4364 3700 4418 Βλέ-

2126 4462 2269 4501 πετε
2306 4448 2452 4513 τοὺς
2487 4449 2714 4515 κακοὺς
2744 4449 2995 4517 ἐργάτας
3031 4467 3047 4482 ο
3081 4452 3402 4524 ἐργάζονται
3435 4453 3534 4523 μὲν
3567 4454 3697 4527 γάρ,

2129 4541 2316 4610 φησὶν,
2346 4540 2463 4593 ἀλλ’
2517 4541 2608 4593 ἐπὶ
2666 4540 2844 4611 κακῷ,
2888 4542 2984 4593 καί
3026 4542 3223 4613 ἀργίας
3276 4544 3453 4614 πολλῷ
3519 4547 3700 4617 χεῖρον

2127 4629 2308 4701 ἔργον,
2361 4629 2711 4692 ἀνασπῶντες
2758 4630 2828 4683 τὰ
2873 4630 3052 4693 καλῶς
3106 4633 3351 4702 κείμενα.
3412 4634 3699 4701 Βλέπετε,

2129 4719 2261 4790 φησί
2284 4760 2300 4784 ,
2330 4722 2447 4787 τὴν
2482 4720 2847 4788 κατατομήν.
2893 4721 3099 4790 Σεμνὺν
3138 4718 3207 4794 ἦν
3234 4724 3385 4796 παρά
3427 4728 3702 4793 Ἰουδαίοις

2126 4811 2188 4864 τὸ
2224 4812 2321 4881 τῆς
2377 4814 2700 4884 περιτομῆς,
2724 4813 2859 4866 ὅπου
2898 4830 2963 4882 γε
2990 4813 3083 4868 κα)⁸
3106 4818 3135 4869 ὁ
3168 4816 3332 4887 νόμος
3365 4818 3502 4892 αὐτῇ
3533 4820 3700 4886 ὑπεξ-

2132 4903 2340 4968 ίστατο,
2357 4904 2453 4956 καὶ
2490 4904 2552 4958 τὸ
2575 4905 2844 4959 σάϐϐατον
2868 4900 2936 4977 ἦν
2956 4906 3333 4978 εὐτελέστερον
3358 4910 3547 4979 αὐτῆς.
3581 4913 3703 4966 Ἵνα

2135 4996 2234 5066 μὲν
2284 4996 2393 5065 γὰρ
2434 4997 2707 5069 περιτομὴ
2759 5000 3022 5066 γένηται,
3065 4999 3249 5053 ἐλύετο
3278 5001 3545 5056 σάϐϐατον
3577 5003 3703 5056 ’ἵνα

2127 5085 2187 5139 δὲ
2228 5085 2498 5139 σάϐϐατον
2527 5087 2809 5158 φυλαχθῇ,
2838 5088 3091 5141 οὐδέποτε
3118 5089 3304 5143 ἐλύετο
3330 5091 3364 5161 ή
3409 5094 3699 5163 περιτομή.

2130 5178 2238 5230 Καὶ
2268 5177 2365 5230 θέα
2413 5195 2504 5248 μοι
2557 5178 2655 5249 τὴν
2690 5178 2785 5232 τοῦ
2829 5178 2964 5232 Θεοῦ
3007 5180 3317 5251 οἰκονομίαν
3337 5197 3350 5211 ⁶
3382 5181 3578 5253 αῦτηή
3609 5182 3702 5236 τοῦ

2132 5266 2400 5320 σαϐϐάτου
2443 5267 2843 5337 αἰδεσιμωτὲρα
2866 5307 2882 5332 ,
2914 5268 3225 5338 εὑρίσκεται
3255 5268 3313 5323 ἐν
3350 5285 3462 5322 τισι
3495 5271 3705 5340 χρόνοις

2133 5355 2258 5429 [μὴ]
2289 5357 2738 5428 παραλειφθείσα.
2775 5358 2944 5413 Ὅταν
2973 5357 3065 5413 οὐν
3092 5359 3235 5428 αὐτὴ
3266 5357 3492 5429 λύηται,
3524 5359 3706 5431 πολλῷ

2139 5447 2340 5517 μᾶλλον
2387 5446 2449 5499 τὸ
2488 5447 2777 5502 σάϐϐατον.
2818 5450 2916 5503 Διά
2965 5448 3124 5502 τοῦτο
3181 5449 3243 5501 τὸ
3269 5448 3439 5520 ὄνομα
3486 5450 3707 5521 αὐτῆςὸ

2136 5538 2348 5602 Παῦλος
2378 5540 2732 5611 κατατέμνει,
2762 5541 2857 5594 καί
2886 5558 3018 5612 φησι
3040 5558 3054 5571 ·
3084 5544 3346 5595 Βλέπετε
3376 5542 3490 5610 τὴν
3524 5560 3706 5597 κατα-

2137 5628 2346 5700 τομήν.
2379 5630 2491 5683 Καὶ
2519 5632 2619 5683 οὐκ
2659 5627 2836 5696 εἶπεν,
2871 5632 2952 5684 ὅτι
2990 5632 3157 5685 κακὸν
3204 5634 3238 5702 ή
3280 5634 3570 5706 περιτομὴ,
3606 5653 3707 5687 πε-

2144 5724 2322 5793 ριττὸν
2346 5719 2383 5793 ἡ
2414 5724 2708 5795 περιτομὴ,
2738 5723 2823 5778 ἵνα
2856 5723 2930 5794 μὴ
2960 5722 3137 5796 πλήξῃ
3162 5725 3287 5788 τοὺς
3319 5726 3539 5800 ἄνδρας,
3568 5727 3705 5783 ἀλλά
