4108 6410
445 292 548 349 257

452 406 760 476 σοφώτερον
806 404 937 458 αὐτὸ
984 403 1134 476 {276]
1169 405 1460 474 οἰκονομεῖ,
1499 403 1593 457 τοῦ
1627 403 1726 473 μὲν
1763 400 2023 472 πράγμα-

447 516 540 561 τος
574 498 825 566 ἀπάγων,
859 496 937 567 τῷ
963 497 1021 550 δὲ
1058 498 1266 567 ῥήματι
1302 496 1658 567 χαριζόμενος
1682 534 1698 558 ,
1732 494 1930 565 μᾶλλον
1966 494 2023 547 δὲ

448 589 546 642 καὶ
574 587 651 658 τῷ
673 589 961 659 πράγματι
987 588 1420 659 σπουδαιότερον.
1441 587 1579 640 Ἀλλ’
1610 587 1710 640 οὑκ
1729 588 1822 639 ἐπὶ
1846 587 2022 639 Γαλα-

447 680 558 733 τῶν
591 680 784 742 οὕτως.
819 678 1036 750 Ἐπειδὴ
1061 680 1170 749 γὰρ
1204 679 1374 751 πολλὴ
1408 680 1562 742 νόσος
1582 675 1650 749 ἦν
1682 680 1820 742 ἐκεῖ,
1842 680 2021 749 γυμνῇ

448 775 515 842 τῇ
539 771 749 842 κεφαλῇ
773 770 958 825 λοιπὸν
992 770 1131 840 μετὰ
1163 770 1363 839 πολλῆς
1391 770 1490 839 τῆς
1520 769 1807 831 αὐθεντίας
1829 771 2024 837 ἐπάγει

452 867 556 934 τὴν
614 864 787 932 τομήν
821 875 836 891 ⁸
861 860 1099 914 ἐνταῦθα
1129 861 1185 913 δέ
1205 899 1219 923 ,
1254 860 1439 931 ἐπειδὴ
1473 860 1622 913 οὐδὲν
1648 860 1887 914 τοιοῦτον
1911 863 2025 931 είρ-

450 955 707 1022 γάσαντο,
742 953 925 1016 αὐτοῖς
951 954 1236 1023 χαρίζεται
1264 953 1363 1024 τὴν
1390 954 1496 1006 ἀπὸ
1528 956 1628 1025 τῆς
1650 955 2024 1026 προσηγορίας

452 1046 644 1116 ἡδονήν
670 1062 684 1077 ο
718 1046 1005 1107 κάκείνους
1033 1045 1305 1109 ἐκϐάλλει,
1341 1046 1435 1098 καὶ
1472 1045 1714 1110 τούτους,
1752 1047 1844 1100 καί
1868 1062 2020 1117 φησι*

451 1136 714 1191 Βλέπετε
768 1135 883 1204 τὴν
934 1136 1294 1205 κατατομήν.
1340 1135 1536 1205 Ἡμεῖς
1594 1139 1705 1208 γάρ
1760 1138 1948 1207 ἐσμεν
1983 1140 2022 1208 ἡ

451 1230 760 1297 περιτομή.
797 1229 961 1297 Πῶς;
999 1232 1065 1284 Ol
1102 1230 1393 1297 πνεύματι
1441 1229 1560 1294 Θεῷ
1609 1230 2021 1299 λατρεύοντες,

452 1321 553 1378 καί
579 1323 692 1375 οὐκ
720 1322 788 1376 ἐν
829 1323 1008 1390 σαρκὶ
1039 1324 1405 1388 πεποιθότες.
1438 1323 1552 1376 Ούκ
1572 1320 1725 1376 εἶπεν
1743 1363 1758 1386 ,
1783 1325 1863 1376 ὅτι
1883 1324 2025 1377 δοκι-

457 1414 704 1485 μάξομεν
762 1413 979 1486 ἐκείνην
1034 1415 1131 1485 τὴν
1179 1416 1499 1487 περιτομὴν,
1553 1418 1646 1470 καὶ
1685 1419 1909 1488 ταύτην,
1940 1418 2025 1481 τίς

457 1514 607 1565 ἐστιν
662 1512 920 1583 ἀμείνων,
964 1512 1079 1566 ἀλλ’
1117 1513 1239 1565 ούδέ
1272 1512 1364 1565 τοῦ
1409 1512 1669 1581 ὀνόματος
1702 1511 1839 1581 αὐτῇ
1894 1526 2022 1579 μετ-

454 1603 653 1656 έδωκεν
670 1621 685 1634 θ
717 1604 853 1657 ἀλλὰ
878 1605 930 1656 τί
958 1621 1121 1673 φησιν
1154 1621 1169 1669 ;
1216 1605 1276 1656 Ἦ
1304 1603 1571 1673 περιτομὴ
1596 1602 1776 1672 ἐκείνη
1806 1618 2025 1655 κατατοο

458 1696 532 1765 μή
588 1697 722 1748 ἐστι.
753 1694 960 1761 Διάτί;
997 1696 1163 1749 Οὐδὲν
1216 1694 1321 1765 γὰρ
1372 1695 1501 1749 ἄλλο
1551 1693 1880 1762 ποιοῦσιν,ἢ
1926 1690 2024 1763 τὴν

457 1789 637 1860 σάρκα
677 1788 1129 1859 κατατέμνουσιν.
1163 1789 1329 1842 Ὅταν
1375 1788 1483 1857 γὰρ
1536 1786 1609 1858 μὴ
1713 1786 1941 1857 νόμιμον
1966 1786 2027 1838 16

453 1882 757 1950 γινόμενον,
789 1882 939 1934 οὐδὲν
966 1881 1139 1950 ἄλλοῆ
1165 1880 1368 1951 σαρκὸς
1384 1882 1522 1950 τομή
1553 1882 1667 1932 ἐστι
1689 1880 1782 1931 καὶ
1799 1896 2027 1931 κατατο-

460 1974 555 2043 μή.
593 1973 661 2024 Ἦ
683 1968 776 2025 οὖν
828 1971 916 2025 διὰ
964 1972 1121 2024 τοῦτο
1174 1971 1346 2035 οὕτως
1375 1971 1541 2042 αὐτὴν
1567 1966 1740 2034 εἶπεν,
1768 1971 1904 2040 ἥὸτι
1927 1969 2026 2040 τὴν

473 2063 804 2133 Ἐκκλησίαν
891 2063 1188 2134 ἐπειρῶντο
1248 2063 1630 2133 κατατέμνειν.
1676 2062 1787 2114 Kal
1865 2062 2026 2132 ἡμεῖς

458 2154 515 2206 δὲ
547 2154 859 2226 κατατομήν
891 2153 1121 2224 λέγομεν
1152 2153 1244 2206 ἐπὶ
1272 2154 1379 2206 τῶν
1415 2154 1536 2222 εἰκῆ
1576 2152 1672 2206 καὶ
1703 2151 1888 2214 ἀπλῶς
1931 2153 2026 2205 καὶ

456 2246 585 2299 ἄνευ
618 2245 812 2316 τέχνης
837 2246 993 2299 τοῦτο
1038 2245 1354 2299 ποιούντων.
1379 2245 1441 2297 Et
1487 2243 1594 2316 γάρ
1619 2244 1700 2296 δεῖ
1727 2243 2027 2314 περιτομὴν

458 2337 710 2407 ζητῆσαι,
743 2337 897 2407 φησὶ,
936 2341 1067 2408 παρ’
1094 2339 1224 2407 ἡμῖν
1264 2337 1467 2407 ταύτην
1515 2336 1581 2388 ἂν
1645 2335 1927 2406 εὑρήσετε.
1963 2335 2028 2386 Ol

458 2428 747 2497 πνεύματι
774 2428 895 2492 Θεῷ
915 2430 1311 2496 λατρεύοντες
1338 2444 1355 2460 ο
1381 2426 1677 2490 τουτέστιν,
1712 2427 1760 2479 οἱ
1787 2442 2029 2496 πνευμα-

456 2520 623 2584 τικῶς
651 2520 1016 2591 λατρεύοντες.

530 2673 595 2745 β’.
615 2675 747 2728 Εἰπὲ
776 2675 882 2743 γάρ
910 2691 1021 2744 μοι,
1055 2674 1108 2727 τί
1136 2673 1366 2745 βέλτιον,
1386 2672 1531 2744 ψυχὴ
1562 2673 1594 2743 ἢ
1642 2671 1830 2743 σῶμα;
1858 2673 2027 2742 Δῆλον

456 2765 537 2818 ὅτι
568 2764 737 2836 ψυχή.
761 2764 969 2817 Ούκοῦν
996 2766 1089 2818 καὶ
1119 2766 1153 2834 ή
1186 2766 1455 2836 περιτομὴ
1486 2766 1668 2835 ἐκείνη
1692 2768 1752 2818 ού
1780 2766 2022 2835 βελτίων,

457 2857 575 2909 ἀλλ’
624 2855 765 2925 αῦτη
818 2856 951 2925 μόνη
1011 2857 1129 2908 ἐστὶ
1184 2858 1476 2928 περιτομή.
1510 2858 1654 2920 Ἕως
1718 2857 1816 2927 μὲν
1852 2857 1961 2928 γὰρ
1999 2858 2029 2909 6

457 2945 626 3008 τύπος
654 2947 916 3014 εἱστήκει,
959 2944 1181 3008 εἰκότως
1212 2945 1351 2999 κατὰ
1393 2943 1679 3014 σύγκρισιν
1704 2946 1934 3015 προῆγε,
1958 2946 2028 3001 Τὸ

458 3036 935 3107 περιτετμῆσθαι,
955 3038 1200 3108 γράφων,
1223 3037 1336 3106 τὴν
1351 3036 1877 3105 ἀκροϐυστίαντῆς
1893 3056 2030 3106 καρ-

459 3130 593 3195 δίας
621 3127 806 3196 ὺμῶν.
833 3128 985 3182 Οὖτω
1018 3130 1110 3182 καὶ
1141 3131 1197 3182 ἐν
1234 3134 1301 3201 τῇ
1350 3132 1487 3200 πρὸς
1532 3130 1835 3201 Ῥωμαίους
1874 3131 2030 3183 Ἐπι-

465 3219 625 3290 στολῇ
660 3220 873 3290 ἀναιρεῖ
932 3219 1120 3290 αὐτὴν,
1165 3221 1336 3288 λέγων
1368 3237 1382 3250 °
1418 3223 1500 3275 Οὐ
1526 3222 1634 3291 γὰρ
1666 3225 1698 3275 ὁ
1718 3222 1786 3275 ἐν
1813 3221 1893 3286 τῷ
1919 3238 2031 3291 φα·-

460 3311 611 3382 νερῴ
658 3311 934 3378 Ἰουδαῖός
997 3313 1201 3373 ἐστιν,
1233 3312 1374 3366 οὐδὲ
1431 3313 1470 3380 ἡ
1531 3314 1600 3367 ἐν
1651 3312 1730 3379 τῷ
1794 3312 2030 3382 φανερῷ

458 3402 531 3455 ἐν
579 3402 756 3470 σαρκὶ
788 3402 1093 3472 περιτομὴ,
1126 3403 1263 3457 ἀλλ’
1298 3406 1330 3458 ό
1367 3403 1438 3457 ἑν
1469 3403 1548 3468 τῷ
1598 3402 1838 3474 κρυπτῷ
1878 3404 2030 3459 Ἰου-

461 3493 646 3559 δαῖος,
688 3495 784 3548 καί
836 3495 1120 3563 περιτομὴ
1171 3496 1418 3564 καρδίας
1473 3498 1544 3550 ἐν
1591 3498 1909 3567 πνεύματι,
1957 3500 2029 3552 οὺ

462 3584 770 3653 ΊῬάμματι.
805 3586 1003 3638 Λοιπὸν
1042 3587 1097 3639 δέ
1146 3589 1239 3640 καὶ
1286 3587 1378 3640 τοῦ
1406 3589 1663 3659 ὀνόματος
1697 3589 1865 3658 αὐτὴν
1892 3591 2029 3643 άπο-

466 3679 666 3745 στερεῖ,
695 3676 828 3729 υἱιδέ
858 3677 972 3729 ἔστι
999 3678 1285 3749 περιτομὴ,
1324 3680 1477 3749 φησί.
1519 3682 1626 3734 Kal
1662 3681 1769 3753 γὰρ
1790 3682 1817 3733 ὁ
1840 3681 2027 3745 τύπος,

465 3766 568 3829 ἕως
620 3766 685 3820 ἂν
744 3767 911 3840 μέλλῃ
943 3768 1195 3838 ἔρχεσθαι
1224 3770 1257 3839 ή
1286 3769 1532 3839 ἀλήθεια,
1566 3769 1810 3823 καλεῖται
1831 3770 1989 3823 τοῦτο
2013 3787 2027 3801 ⁶

467 3856 685 3909 ἐπειδὰν
735 3858 789 3910 δὲ
828 3858 954 3929 ἔλθῃ
994 3861 1026 3928 ἡ
1076 3859 1322 3930 ἀλήθεια,
1367 3861 1549 3914 οὐκέτι
1600 3862 1865 3916 καλεῖται.
1906 3859 2031 3915 Οἷον

464 3948 557 3999 ἐπὶ
600 3948 993 4018 σκιατραφίας·
1028 3950 1312 4018 ὑπέγραφε
1376 3969 1461 4016 τις
1494 3951 1718 4021 βασιλέα
1764 3970 2033 4023 σκιαγρα-

467 4038 581 4107 φῶν
607 4057 621 4071 ο
657 4039 760 4103 ἕως
793 4041 856 4092 ἂν
884 4042 983 4094 οὐκ
1013 4042 1282 4111 ἐπάγηται
1311 4041 1380 4096 τὰ
1404 4041 1561 4112 ἄνθη,
1596 4044 1654 4095 οὺ
1682 4043 1898 4110 λέγεται
1924 4042 2025 4112 βα-

471 4130 648 4194 σιλεύς
683 4147 696 4160 ·
732 4133 950 4186 ἐπειδάν
982 4133 1036 4185 δὲ
1066 4126 1312 4203 ἐπιτεθῇ,
1344 4135 1646 4205 κρύπτεται
1677 4134 1775 4205 μὲν
1806 4138 1870 4205 τῇ
1896 4135 2032 4204 ἁλη-

468 4223 589 4294 θείᾳ
609 4225 636 4276 6
656 4222 843 4289 τύπος,
881 4226 972 4277 καὶ
1004 4225 1063 4277 οὺ
1096 4224 1348 4293 φαίνεται
1370 4241 1383 4253 ⁸
1425 4226 1543 4278 τότε
1572 4225 1626 4277 δέ
1652 4227 1747 4278 καὶ
1772 4226 2027 4296 λέγομεν,

480 4313 608 4366 Ἰδοὺ
634 4314 661 4364 6
688 4312 957 4383 βασιλεύς.
984 4314 1091 4367 Kal
1112 4315 1211 4366 οὐκ
1233 4310 1405 4383 εἶπεν,
1439 4315 1528 4369 Ἐν
1550 4317 1681 4386 ἡμῖν
1701 4317 1808 4387 γάρ
1830 4318 1976 4371 ἐστιν
1997 4321 2029 4388 ὴ

469 4401 767 4472 περιτομὴ,
798 4404 934 4470 ἀλλ’,
980 4403 1169 4473 Ἡμεῖς
1203 4404 1390 4474 ἐσμεν
1410 4419 1423 4433 °
1449 4407 1694 4467 εἰκότως.
1725 4407 1894 4460 Τοῦτο
1925 4411 2033 4479 γάρ

469 4494 616 4547 ἐστιν
681 4494 998 4564 ἄνθρωπος,
1038 4498 1072 4566 ή
1131 4494 1403 4566 περιτομὴ
1464 4498 1497 4566 ἡ
1546 4496 1817 4567 ἐνάρετος,
1879 4498 2036 4552 τοῦτό

470 4588 619 4639 ἐστιν
677 4586 890 4657 ἀληθῶς
925 4587 1229 4660 ἄνθρωπος.
1278 4589 1366 4645 Ἐν
1411 4592 1637 4654 ἐκείνοις
1665 4591 1722 4643 δὲ
1756 4591 1854 4643 οὐκ
1880 4587 2034 4645 εἶπεν

470 4676 662 4744 οὔτως,
695 4678 850 4745 ἀλλὰ,
890 4678 1147 4734 Βλέπετε
1191 4680 1305 4749 τὴν
1335 4682 1677 4751 κατατομήν
1700 4699 1715 4713 ·
1747 4683 1899 4736 αὐτοὶ
1925 4685 2034 4756 γὰρ

471 4770 655 4823 λοιπὸν
688 4772 745 4822 ἐν
768 4771 1012 4841 ἀπωλείᾳ
1032 4767 1172 4841 ἦσαν
1213 4776 1308 4826 καὶ
1332 4774 1519 4844 κακίᾳ.
1549 4769 1679 4826 Εἶτα
1728 4772 1904 4844 δηλῶν
1954 4776 2035 4829 ὅτι

472 4858 656 4911 οὐκέτι
714 4860 770 4912 ἐν
813 4858 1022 4935 σώματι
1045 4861 1253 4929 γίνεται
1274 4863 1308 4933 ή
1333 4863 1627 4935 περιτομὴ,
1654 4864 1771 4917 ἀλλ’
1800 4867 1858 4918 ἐν
1896 4882 2035 4936 καρ-

472 4952 583 5022 δίᾳ,
623 4952 788 5021 φησί·
821 4952 932 5005 Καὶ
961 4954 1070 5007 οὐκ
1106 4954 1175 5007 ἐν
1206 4955 1384 5023 σαρκί
1413 4957 1781 5022 πεποιθότες,
1820 4958 2033 5027 καίπερ

472 5041 587 5111 ἐγὼ
643 5044 799 5110 ἔχων
843 5044 1225 5112 πεποίθησιν,
1289 5046 1388 5099 καί
1442 5047 1511 5099 ἑν
1567 5048 1765 5115 σαρκί.
1825 5049 1892 5101 Τί
1950 5048 2037 5101 λέ-

473 5150 561 5203 γει
600 5134 832 5187 ἐνταῦθα
887 5137 1277 5204 Πεποίθησιν,
1326 5139 1420 5190 καὶ
1461 5138 1562 5191 Ἐν
1612 5140 1827 5208 σαρκί;
1884 5141 2037 5194 Καύ-

471 5242 633 5295 χησιν
665 5265 681 5289 ,
768 5227 1098 5298 παρρησίαν,
1177 5228 1554 5299 σεμνολόγημα
1600 5249 1616 5262 ·
1708 5232 1802 5284 καὶ
1863 5233 2039 5298 καλῶς

474 5319 633 5373 τοῦτο
698 5319 1053 5390 προσέθηκεν.
1111 5320 1171 5372 Εἰ
1257 5321 1351 5391 μὲν
1427 5324 1535 5393 γὰρ
1630 5323 1687 5388 ἐξ
1742 5325 1910 5378 ἐθνῶν
1966 5326 2039 5379 ὢν

478 5409 771 5479 κατηγόρει
829 5408 925 5477 τῆς
980 5410 1301 5480 περιτομῆς,
1353 5411 1413 5463 οὐ
1475 5414 1574 5484 τῆς
1624 5417 1923 5488 περιτομῆς
1980 5417 2037 5470 δὲ

479 5499 657 5567 μόνον,
703 5500 837 5553 ἀλλά
882 5502 974 5553 καὶ
1011 5501 1118 5554 τῶν
1158 5502 1400 5573 ἀκαίρως
1445 5506 1614 5575 αὐτὴν
1653 5506 1800 5579 [2771
1872 5527 2037 5579 μεταο

477 5592 838 5662 χειριζόντων,
867 5592 1042 5657 ἔδοξεν
1088 5594 1173 5658 ἂν,
1207 5594 1281 5657 ὡς
1330 5596 1771 5669 ἀπεστερημένος
1812 5603 1911 5671 τῆς
1938 5602 2031 5655 τοῦ

488 5680 815 5752 Ἰουδαϊσμοῦ
854 5682 1150 5751 εὐγενείας,
1193 5687 1545 5758 κατατρέχειν
1587 5691 1772 5762 αὐτῆς,
1813 5693 1889 5756 ὡς
1938 5694 2037 5748 οὐκ

1166 288 1226 343 S.
1266 285 1556 343 JOANNIS
1590 280 2079 341 CHRYSOSTOMI
2115 279 2439 339 ARCHIEP.
2479 277 3033 335 CONSTANTINOP.

3585 281 3691 338 258

2124 399 2279 462 είδὼς
2310 397 2379 451 τὰ
2414 395 2588 467 σεμνά
2611 435 2625 459 ,
2655 395 2775 448 οὐδὲ
2806 390 3157 464 μετεσχηκὼς
3196 391 3373 445 αὐτῶν
3397 407 3413 422 ο
3454 391 3549 445 νῦν
3573 392 3630 448 δέ
3660 395 3688 446 6

2126 489 2411 560 μετασχὼν
2461 488 2556 541 καί
2588 484 2937 555 κατηγορῶν,
2968 483 3029 535 ού
3056 481 3143 535 διὰ
3182 481 3337 534 τοῦτο
3375 484 3689 552 κατηγορεῖ,

2134 580 2210 643 ώς
2242 582 2303 633 οὐ
2346 578 2655 651 μετασχὼν,
2709 576 2821 630 ἀλλ’
2870 575 2945 638 ὡς
2997 574 3376 642 κατεγνωκὼς,
3410 574 3468 625 οὐ
3500 573 3566 625 δι’
3590 573 3691 640 ἀγ-

2124 686 2288 737 νοιαν,
2326 671 2460 725 ἀλλά
2515 669 2583 724 δι’
2645 669 2940 736 ἐπίγνωσιν
3003 665 3254 738 μάλιστα.
3293 666 3437 736 Ὅρα
3491 659 3585 719 οὖν
3638 664 3691 717 τί

2123 780 2257 833 φησι
2279 764 2371 815 καὶ
2395 762 2451 814 ἐν
2475 763 2543 833 τῇ
2578 760 2713 832 πρὸς
2735 759 2980 822 Γαλάτας
3002 797 3019 821 ,
3051 755 3307 828 ἐμπεσὼν
3335 756 3415 819 εἰς
3446 755 3694 825 ἀνάγκην

2123 852 2217 906 τοῦ
2269 854 2481 923 μεγάλα
2537 853 2667 923 περὶ
2699 851 2893 905 ἐαυτοῦ
2930 852 3125 917 εἰπεῖν,
3166 848 3283 912 πῶς
3316 849 3411 901 καὶ
3430 846 3571 900 οὕτω
3598 848 3694 901 καὶ

2126 943 2626 1016 ταπεινοφροσύνην
2709 944 3039 997 ἐνδείκνυται
3064 957 3077 971 ·
3148 941 3468 997 Ἠκούσατε
3541 940 3691 1009 γὰρ,

2126 1038 2281 1105 φησὶ,
2319 1036 2432 1101 τὴν
2462 1036 2617 1104 ἐμὴν
2646 1032 3041 1103 ἀναστροφήν
3070 1047 3216 1087 ποτε
3249 1032 3319 1085 ἐν
3339 1032 3419 1097 τῷ
3450 1031 3692 1086 Ἰουδαϊ-

2122 1126 2257 1198 σμῷ
2285 1144 2298 1156 ·
2335 1129 2427 1180 καὶ
2451 1127 2613 1181 πάλιν
2640 1126 2895 1194 ἐνταῦθα,
2925 1125 2999 1179 ΕΖ
3027 1142 3119 1190 τις
3159 1124 3327 1178 δοκεῖ
3359 1121 3548 1190 ἄλλος
3590 1139 3691 1175 πε-

2125 1217 2395 1273 ποιθέναι
2426 1219 2495 1271 ἐν
2534 1217 2735 1285 σαρκὶ,
2757 1215 2871 1285 ἐγὼ
2894 1214 3138 1285 μᾶλλον
3168 1230 3183 1246 ο
3224 1215 3320 1268 καὶ
3367 1213 3567 1276 εὐθέως
3595 1215 3693 1264 ἐπ-

2124 1310 2330 1381 ήγαγεν
2357 1324 2372 1339 ⁶
2416 1309 2683 1377 Ἐϐραῖος
2737 1308 2807 1372 ἐξ
2848 1308 3150 1377 Ἐϐραίων.
3195 1307 3308 1360 Ούκ
3363 1300 3485 1360 εἶπε
3534 1305 3695 1358 τοῦτο

2126 1405 2583 1475 προηγουμένως,
2611 1402 2748 1457 ἀλλά
2776 1401 2912 1473 μετά
2939 1402 3001 1454 16
3026 1401 3218 1465 εἰπεῖν,
3254 1398 3328 1453 Εἴ
3368 1416 3455 1466 τις
3480 1399 3692 1463 ἄλλος,

2124 1497 2340 1560 δεικνὺς
2367 1497 2466 1566 τὴν
2485 1495 2758 1565 ἀνάγκην,
2790 1494 3001 1557 δεικνὺς
3026 1494 3109 1547 ὅτι
3129 1492 3195 1545 δι’
3216 1490 3457 1555 ἐκείνους
3480 1489 3689 1559 ἔλεγεν.

2125 1590 2189 1642 Εἰ
2215 1587 2534 1651 πεποίθατε,
2568 1586 2723 1657 φησὶ,
2757 1584 2915 1655 καγὼ
2929 1583 3190 1653 μᾶλλον.
3220 1581 3389 1635 Τοῦτο
3404 1581 3497 1633 νῦν
3526 1581 3689 1649 λέγω,

2126 1681 2249 1735 ἐπεὶ
2279 1680 2550 1735 ἐσιώπων.
2586 1681 2695 1734 Kal
2723 1680 2825 1749 ὅρα
2853 1678 2913 1730 τὸ
2939 1674 3241 1745 ἀνεπαχθὲς
3269 1673 3377 1727 τῶν
3402 1672 3638 1743 ἐλέγχων
3672 1686 3687 1701 ο

2124 1774 2186 1828 16
2238 1775 2349 1843 γὰρ
2404 1774 2479 1844 μὴ
2511 1771 2771 1841 ὀνομαστὶ
2808 1769 2966 1823 τοῦτο
2990 1770 3183 1831 ποιεῖν,
3217 1765 3487 1827 κάκείνοις
3521 1763 3691 1817 ἐδίδου

2125 1866 2311 1938 χώραν
2342 1866 2694 1936 ἀναδραμεῖν.
2740 1863 2813 1917 ΕΖ
2852 1879 2942 1928 τις
2971 1859 3137 1915 δοκεῖ
3184 1860 3549 1911 πεποιθέναι.
3580 1855 3693 1909 Kal

2128 1954 2309 2017 καλῶς
2337 1950 2479 2018 εἶπε,
2514 1952 2703 2018 Δοκεῖ,
2733 1953 2766 2023 ἢ
2799 1953 2873 2014 ὼς
2904 1950 3003 2003 οὐκ
3030 1950 3265 2020 ἐχόντων
3296 1946 3565 2016 τοσαύτην
3591 1962 3690 1998 πε-

2129 2046 2403 2118 ποίθησιν,
2430 2044 2463 2116 ἢ
2492 2044 2567 2108 ὡς
2618 2043 2717 2114 τῆς
2754 2040 3132 2113 πεποιθήσεως
3161 2039 3374 2108 ἐκείνης
3396 2039 3496 2091 οὐκ
3520 2036 3691 2100 ὅντως

2129 2137 2503 2209 πεποιθήσεως
2540 2135 2744 2207 οῦσης·
2790 2135 2968 2188 πάντα
3026 2133 3134 2203 γάρ
3189 2132 3433 2201 ἀνάγκης
3496 2125 3585 2200 ἦν,
3626 2129 3687 2181 οὐ

2134 2225 2526 2297 προαιρέσεως.
2573 2223 2865 2292 Περιτομὴ
2899 2222 3283 2291 ὀκταήμερος.
3320 2222 3429 2275 Kal
3478 2219 3694 2289 πρῶτον

2126 2318 2339 2390 τίθησιν
2375 2317 2403 2370 ὃ
2438 2316 2674 2388 μάλιστα
2696 2314 2917 2385 ηὔχουν,
2957 2314 3019 2366 16
3056 2314 3153 2383 τῆς
3175 2312 3477 2385 περιτομῆς
3502 2328 3515 2339 ·
3544 2306 3693 2373 εἶτα,

2140 2410 2241 2462 Ἐκ
2272 2408 2487 2478 γένους
2526 2406 2786 2474 Ἰσραήλ.
2818 2405 2861 2457 Τ
2866 2404 2901 2458 ὰ
2921 2404 3204 2474 ἀμφότερα
3247 2401 3445 2466 ἔδειξεν
3466 2441 3480 2465 ,
3512 2403 3595 2455 ὅτι
3633 2402 3694 2453 ού

2127 2499 2486 2569 προσήλυτος,
2514 2497 2640 2550 οὔτε
2664 2499 2727 2549 ἐκ
2762 2495 3137 2567 προσηλύτων.
3177 2495 3309 2547 Ἀπὸ
3332 2494 3431 2563 μὲν
3459 2493 3565 2564 γὰρ
3602 2492 3694 2545 τοῦ

2128 2592 2469 2661 ὀκταήμερος
2507 2588 2954 2660 περιτμηθῆναι,
2989 2586 3111 2657 οὐχ).
3161 2585 3496 2656 προσήλυτος
3528 2599 3541 2612 ·
3587 2583 3697 2637 ἀπὸ

2127 2683 2183 2735 δέ
2211 2681 2330 2749 τοῦ,
2377 2683 2471 2735 Ἐκ
2520 2680 2735 2750 γένους
2792 2678 3059 2748 Ἰσραὴλ,
3084 2677 3205 2730 οὐδὲ
3231 2676 3580 2747 προσηλύτων
3603 2692 3695 2744 γο-

2129 2775 2285 2828 νέων.
2314 2772 2453 2825 Ἀλλ“
2481 2772 2566 2825 ἵνα
2591 2770 2664 2840 μή
2683 2769 2928 2841 νομίσῃς,
2946 2769 3049 2833 ὅτι,
3076 2769 3171 2822 Ἐκ
3197 2767 3411 2839 γένους
3435 2765 3694 2834 Ἰσραὴλ,

2132 2867 2196 2918 ἐκ
2225 2863 2336 2917 τῶν
2362 2863 2495 2917 δέκα
2541 2862 2743 2931 φυλῶν,
2782 2863 2934 2932 φησὶ,
2967 2859 3172 2929 Φυλῆς
3197 2860 3479 2929 Βενιαμίν
3504 2876 3516 2890 ·
3552 2859 3694 2911 ὥστε

2129 2956 2219 3009 τοῦ
2249 2956 2617 3026 δοκιμωτέρου
2653 2956 2849 3027 μέρους
2885 2971 2898 2983 ·
2942 2955 3013 3008 τά
3040 2954 3148 3025 γὰρ
3174 2954 3284 3007 τῶν
3310 2953 3497 3024 ίερέων
3526 2954 3582 3004 ἐν
3609 2951 3689 3022 τῷ

2129 3048 2318 3118 κλήρῳ
2350 3047 2551 3119 ταύτης
2571 3044 2640 3119 ῆν
2669 3051 2770 3118 τῆς
2800 3047 2989 3118 φυλῆς.
3007 3045 3273 3114 Ἐϐραῖος
3293 3046 3362 3108 ἐξ
3390 3044 3691 3113 Ἑϐραίων.

2146 3142 2418 3195 Ἐντεῦθεν
2477 3142 2767 3207 δείκνυσιν,
2826 3142 2909 3195 ὅτι
2958 3142 3079 3211 ούχὶ
3141 3142 3519 3213 προσήλυτος,
3576 3140 3693 3194 ἀλλ’

2129 3234 2336 3290 ἄνωθεν
2386 3233 2496 3287 τῶν
2544 3234 2845 3305 εὐδοκίμων
2883 3232 3166 3287 Ἰουδαίων.
3252 3231 3409 3302 Ἐνῆν
3465 3230 3695 3301 μὲνγὰρ

2129 3323 2269 3382 εἶναι
2294 3328 2387 3381 τοῦ
2437 3327 2674 3398 Ἰσραὴλ,
2719 3327 2836 3381 ἀλλ’
2868 3327 2969 3380 οὐκ
3010 3326 3258 3395 Ἐὂραῖον
3316 3325 3375 3389 ἐξ
3409 3324 3692 3395 Ἐϐραίων.

2131 3417 2325 3471 Πολλοὶ
2352 3417 2460 3488 γὰρ
2490 3419 2584 3470 καὶ
2607 3417 2915 3489 διέφθειρον
2948 3418 3047 3488 ἤδη
3078 3416 3137 3469 16
3172 3416 3405 3484 πρᾶγμα
3428 3454 3442 3478 ,
3477 3416 3570 3467 καὶ
3598 3415 3695 3482 τῆς

2130 3508 2381 3581 γλώσσης
2416 3506 2556 3581 ἦσαν
2590 3510 2851 3582 ἀμύητοι,
2889 3510 3095 3579 ἑτέροις
3119 3507 3437 3579 μιγνύμενοι
3465 3505 3690 3559 ἔθνεσιν.

2134 3603 2207 3654 Ἢ
2252 3600 2412 3654 τοῦτο
2458 3597 2573 3664 οὖν,
2617 3601 2649 3672 ἢ
2712 3602 2811 3673 τὴν
2867 3601 3065 3672 πολλὴν
3098 3600 3377 3668 εὐγένειαν
3428 3598 3695 3651 δείκνυσιν

2133 3692 2403 3749 ἐντεῦθεν.
2437 3694 2599 3748 Κατὰ
2632 3696 2819 3765 νόμον
2846 3693 3189 3764 Φαρισαῖος.
3222 3695 3478 3763 Ἔρχεται
3511 3691 3696 3744 λοιπὸν

2133 3787 2213 3849 είς
2266 3785 2333 3840 τά
2375 3788 2473 3857 τῆς
2518 3784 2683 3839 αὑτοῦ
2713 3785 3083 3857 προαιρέσεως
3113 3802 3127 3817 ·
3156 3786 3342 3837 ἐκεῖνα
3369 3782 3477 3854 γὰρ
3515 3782 3694 3836 πάντα

2133 3877 2488 3948 ἀπροαίρετα,
2540 3878 2651 3931 Καὶ
2703 3876 2813 3948 γάρ
2841 3877 2901 3930 τὸ
2942 3875 3345 3946 περιτμηθῆναι
3376 3874 3475 3929 οὐκ
3504 3871 3692 3938 αὑτοῦ,

2134 3970 2228 4023 καὶ
2252 3969 2335 4033 16,
2363 3970 2457 4023 Ἐκ
2484 3968 2696 4039 γένους
2725 3967 2982 4038 Ἰσραὴλ,
3012 3968 3106 4021 καὶ
3135 3966 3211 4031 τὸ,
3248 3967 3341 4020 Ἐκ
3370 3965 3573 4034 φυλῆς
3594 3966 3699 4017 Βε-

2132 4061 2368 4129 νιαμίν·
2403 4060 2543 4113 ὥστε
2586 4060 2681 4114 καὶ
2701 4061 2763 4113 ἐκ
2798 4058 3003 4112 τούτων
3052 4057 3249 4128 μᾶλλον
3277 4054 3615 4119 πλεονεκτεῖ,
3648 4055 3698 4107 εί

2134 4152 2229 4206 καὶ
2249 4152 2316 4205 τά
2344 4152 2579 4221 μάλιστα
2606 4151 2924 4205 ἐκοινώνουν
2952 4149 3098 4219 αὐτῷ
3132 4149 3333 4203 πολλοί.
3359 4146 3468 4201 Ποῦ
3492 4142 3585 4200 οὖν
3612 4146 3695 4212 16,

2132 4244 2428 4309 Μᾶλλον;
2459 4243 2711 4298 Μάλιστα
2745 4244 2842 4313 μὲν
2869 4243 2961 4295 καὶ
2994 4243 3051 4294 ἐν
3080 4242 3253 4312 τούτῳ
3294 4242 3372 4312 τῷ
3425 4240 3498 4310 μὴ
3529 4256 3698 4310 προσ-

2136 4334 2329 4405 ήλυτον
2362 4329 2520 4397 εἶναι,
2542 4333 2636 4386 καὶ
2663 4332 2739 4403 τῷ
2768 4334 2831 4386 ἐκ
2852 4334 2949 4402 τῆς
2982 4332 3359 4403 δοκιμωτάτης
3389 4330 3581 4400 φυλῆς,
3609 4328 3702 4381 καὶ

2133 4425 2213 4496 τῷ
2236 4426 2439 4480 ἄνωθεν
2460 4428 2523 4478 ἐκ
2552 4426 2852 4496 προγόνων,
2877 4425 3020 4495 ἅπερ
3048 4427 3110 4479 οὐ
3128 4424 3313 4477 πολλοὶ
3336 4418 3480 4492 εἶχον
3504 4441 3516 4453 ’
3556 4420 3697 4485 ἀλλ’,

2136 4518 2322 4587 ἐπειδὴ
2351 4519 2529 4572 πάντα
2554 4516 2917 4587 ἀπροαίρετα,
2940 4516 3156 4586 ἔρχεται
3184 4516 3263 4578 εἰς
3285 4512 3353 4566 τὰ
3376 4514 3473 4585 τῆς
3504 4529 3699 4583 προαι-

2140 4610 2360 4682 ρέσεως,
2382 4611 2515 4663 ὅπου
2539 4609 2617 4674 16,
2653 4608 2927 4674 Μᾶλλον,
2963 4608 3097 4661 ἐστί.
3130 4608 3292 4661 Κατὰ
3320 4607 3507 4675 νόμον
3526 4608 3699 4673 Φαρι-

2136 4702 2330 4768 σαῖος,
2357 4703 2510 4759 κατὰ
2536 4700 2719 4771 ζῆλον
2741 4700 2967 4754 διώκων
3004 4701 3117 4769 τὴν
3138 4698 3285 4772 [278]
3312 4699 3696 4766 Ἐκκλησίαν.

2137 4791 2307 4845 Τοῦτό
2318 4809 2470 4861 φησι,
2489 4791 2620 4844 διότι
2648 4791 2747 4843 οὐκ
2770 4791 2929 4861 ἀρκεῖ
2943 4788 3108 4855 δείξαι
3132 4790 3214 4855 16,
3238 4789 3512 4853 Μᾶλλον,
3538 4788 3700 4858 μόνον

2138 4884 2313 4935 ἐκεῖνο
2336 4898 2349 4912 ο
2379 4883 2493 4935 ἐστι
2517 4883 2624 4952 γὰρ
2645 4882 2738 4936 καὶ
2764 4884 3050 4954 Φαρισαῖον
3072 4878 3234 4946 εἶναι,
3262 4883 3356 4935 καὶ
3384 4882 3460 4952 μὴ
3498 4880 3701 4951 σφόδρα

2138 4970 2408 5043 ζηλωτήν.
2443 4974 2608 5027 Κατὰ
2637 4973 3057 5041 δικαιοσύνην.
3106 4975 3326 5045 Ἐπειδὴ
3357 4974 3434 5026 ἔνι
3463 4972 3702 5044 ῥιψοκίνο

2136 5066 2291 5118 δυνον
2316 5061 2455 5119 εἶναι
2481 5110 2495 5132 ,
2622 5066 2910 5139 φιλαρχίας
2941 5068 3126 5122 ἕνεκεν
3163 5068 3318 5122 τοῦτο
3346 5069 3553 5130 ποιεῖν,
3585 5064 3702 5120 ἀλλ’

2137 5158 2196 5209 οὐ
2243 5157 2320 5227 τῷ
2358 5158 2506 5228 νόμῳ
2551 5158 2840 5229 ζηλοῦντα,
2885 5162 3024 5232 ὅπερ
3082 5160 3298 5214 ἐποίουν
3329 5160 3376 5214 οί
3399 5161 3700 5230 ἀρχιερεῖς.

2151 5248 2289 5302 Ἀλλ’
2319 5251 2477 5314 αὐτὸς
2503 5252 2562 5303 οὐ
2597 5251 2837 5316 τοιοῦτος
2869 5268 2882 5283 ⁸
2926 5251 3081 5317 ἀλλά,
3114 5251 3272 5306 Κατὰ
3298 5251 3701 5317 δικαιοσύνην

2138 5341 2251 5409 τὴν
2280 5342 2351 5395 ἐν
2372 5344 2533 5410 νόμῳ
2557 5345 2878 5414 γενόμενος
2899 5344 3225 5415 ἄμεμπτος.
3268 5344 3330 5396 EE
3377 5343 3555 5397 τοίνυν
3604 5342 3700 5396 καὶ

2138 5432 2417 5499 εὐγενείας
2446 5433 2652 5499 ἕνεκεν,
2684 5436 2779 5488 καὶ
2824 5436 3154 5508 προθυμίας,
3182 5438 3277 5490 καὶ
3328 5438 3552 5506 τρόπου,
3604 5431 3700 5487 καὶ

2140 5521 2253 5591 βίου
2316 5523 2531 5576 πάντων
2581 5525 2881 5595 ἐκράτουν,
2952 5527 3102 5589 τίνος
3166 5526 3352 5579 ἕνεκεν
3403 5527 3470 5581 τά
3528 5524 3701 5595 σεμνά

2139 5615 2321 5667 ἐκεῖνα
2352 5613 2529 5676 εἴασα,
2553 5617 2737 5684 φησὶν,
2766 5615 2879 5669 ἀλλ’
2905 5616 2938 5686 ἢ
2974 5615 3063 5669 διὰ
3089 5617 3149 5669 16
3180 5617 3402 5687 μείζονα
3439 5615 3703 5687 εὑρεῖντά

2143 5704 2233 5758 τοῦ
2294 5704 2554 5776 Χριστοῦ,
2580 5707 2674 5760 καὶ
2731 5705 2909 5777 πολλῷ
2957 5706 3216 5777 μείζονα;
3251 5708 3341 5762 Διὸ
3374 5710 3651 5779 ἐπήγαγεν
3684 5718 3705 5739 ⁹
