4108 6410
416 288 523 345 25⁸1

415 404 598 467 tieret,
631 401 938 459 solvebatur
963 400 1244 455 sabbatum
1270 416 1284 453 :
1309 413 1600 469 numquam
1624 411 1751 452 vero
1778 405 1835 451 ut
1864 394 1988 450 sab-

414 494 595 547 batum
622 505 944 560 servaretur,
965 492 1272 547 solvebatur
1292 490 1649 545 circumcisio.
1674 491 1845 557 Atque
1865 502 1991 541 con-

411 585 589 640 sidera
634 585 764 640 mihi
803 585 896 640 Dei
925 584 1377 654 dispensationem
1405 600 1419 635 :
1447 581 1563 635 haec
1587 595 1705 650 qua:
1734 580 1988 648 majorem

408 693 571 746 quam
604 678 881 734 sabbatum
909 676 1138 731 habebat
1158 674 1553 730 venerationem
1582 671 1850 727 invenitur
1871 669 1992 740 qui-

410 765 642 823 busdam
688 768 1016 838 temporibus
1051 768 1269 820 omissa.
1308 763 1441 819 Cum
1480 764 1638 833 igitur
1670 763 1784 831 ipsa
1817 760 1988 815 soluta

409 859 499 923 sit,
531 860 699 915 multo
728 859 893 929 magis
918 858 1217 913 sabbatum.
1248 856 1370 910 Ideo
1394 855 1586 909 Paulus
1608 854 1772 923 ipsius
1792 866 1988 906 nomen

411 962 660 1018 resecat,
694 961 747 1007 et
783 952 986 1021 inquit,
1028 949 1199 1003 Videte
1224 949 1573 1002 concisionem.
1604 946 1786 1016 Neque
1812 944 1984 1011 dixit,

409 1047 613 1102 Malum
638 1054 723 1101 est
749 1044 1113 1109 circumcisio,
1144 1041 1479 1112 Supervacua
1508 1049 1590 1096 est
1614 1040 1949 1094 circumcisio
1966 1079 1981 1104 ,

416 1155 482 1194 ne
507 1140 650 1192 viros
679 1138 809 1192 istos
831 1145 1117 1207 pungeret,
1143 1135 1239 1190 sed
1264 1135 1554 1204 sapientius
1580 1133 1716 1188 idem
1741 1132 1983 1196 molitur,

413 1246 443 1284 a
473 1246 531 1285 re
557 1228 771 1299 quidem
817 1228 928 1299 ipsa
970 1227 1237 1282 abducens
1262 1267 1276 1293 ,
1307 1239 1501 1279 nomen
1529 1233 1702 1277 autem
1735 1222 1841 1276 illis
1867 1236 1986 1291 gra-

407 1321 679 1387 tilleatus;
721 1320 805 1375 vel
850 1318 1025 1389 potius
1066 1332 1179 1372 rem
1219 1331 1429 1386 quoque
1464 1316 1633 1384 ipsam
1674 1313 1983 1366 studiesius.

420 1415 610 1469 Verum
652 1428 756 1469 non
796 1413 867 1467 ita
899 1426 1024 1481 erga
1052 1410 1268 1467 Galatas
1291 1450 1305 1474 ,
1338 1407 1431 1462 sed
1462 1408 1617 1477 longe
1646 1420 1818 1460 secus.
1850 1403 1984 1459 Nam

413 1508 660 1578 quoniam
704 1506 776 1561 ibi
820 1521 1041 1576 magnus
1082 1512 1196 1559 erat
1231 1502 1446 1557 morbus
1468 1542 1485 1568 ,
1516 1498 1767 1554 audacter
1796 1513 1983 1567 magna

411 1617 531 1658 cum
562 1600 877 1657 auctoritate
907 1608 1053 1654 secat
1076 1615 1089 1652 :
1112 1596 1199 1653 hic
1225 1610 1372 1661 vero,
1401 1594 1651 1664 quoniam
1679 1591 1810 1646 nihil
1838 1591 1981 1659 ejus-

411 1693 555 1749 modi
584 1693 948 1757 admiserant,
991 1689 1120 1761 ipsis
1157 1702 1274 1743 eam
1310 1701 1428 1756 qua:
1458 1700 1524 1740 ex
1550 1682 1808 1737 vocabulo
1834 1681 1984 1735 volu-

410 1793 609 1855 ptatem
645 1782 975 1855 gratificatur
997 1822 1011 1846 ,
1044 1779 1142 1834 hos
1175 1779 1375 1833 interea
1405 1785 1459 1831 et
1494 1775 1614 1829 illos
1642 1774 1859 1843 abigens
1881 1812 1897 1838 ,
1928 1778 1982 1825 et

411 1879 603 1949 inquit,
632 1876 804 1931 Videte
823 1874 1177 1928 concisionem.
1198 1870 1336 1924 Nam
1353 1886 1443 1923 nos
1462 1883 1634 1922 sumus
1648 1865 1972 1919 circumcisio.

409 1967 724 2038 Quomodo?
766 1966 865 2032 Qui
902 1965 1081 2037 spiritu
1110 1962 1220 2017 Deo
1247 1963 1484 2016 servimus
1505 2000 1521 2027 ,
1550 1969 1596 2014 et
1625 1975 1724 2012 non
1750 1958 1804 2011 in
1832 1972 1982 2011 carne

411 2060 649 2130 ﬁduciam
679 2057 933 2111 habentes.
964 2055 1078 2110 Non
1107 2054 1273 2118 dixit,
1299 2052 1675 2107 Examinemus
1697 2049 1978 2103 circumci-

410 2154 614 2207 sionem
642 2149 785 2204 illam
808 2160 862 2204 et
886 2148 1044 2212 hanc,
1068 2156 1182 2200 utra
1209 2147 1277 2199 sit
1300 2145 1520 2209 melior;
1543 2143 1635 2199 sed
1664 2158 1730 2196 ne
1750 2143 1979 2195 nominis

411 2243 624 2315 quidem
654 2242 798 2296 illam
826 2240 1141 2311 participat;
1170 2237 1261 2292 sed
1294 2236 1419 2307 quid
1461 2235 1666 2306 inquit?
1690 2234 1979 2288 Circumci-

408 2337 491 2391 sio
519 2334 607 2389 illa
633 2332 866 2388 concisio
887 2340 989 2386 est.
1025 2329 1237 2397 Quare?
1256 2327 1395 2382 Nihil
1415 2327 1556 2381 enim
1585 2326 1728 2379 aliud
1757 2325 1973 2389 faciunt,

408 2440 566 2494 quam
590 2422 730 2493 quod
758 2436 973 2477 carnem
998 2420 1299 2476 concidunt.
1329 2417 1551 2486 Quando
1573 2418 1712 2472 enim
1734 2416 1873 2486 quod
1896 2414 1974 2481 ﬁt,

404 2516 701 2586 legitimum
730 2529 835 2569 non
864 2520 965 2578 est,
996 2511 1126 2566 nihil
1153 2509 1295 2564 aliud
1324 2524 1481 2579 quam
1510 2507 1685 2562 carnis
1710 2507 1877 2562 sectio
1896 2514 1979 2562 est

407 2616 463 2660 et
499 2605 752 2660 concisio.
795 2603 891 2659 Vel
918 2603 1075 2673 igitur
1102 2600 1172 2655 ob
1202 2600 1339 2653 hanc
1364 2611 1578 2652 causam
1609 2598 1680 2650 ita
1714 2597 1855 2651 illam
1883 2610 1977 2666 apo

406 2697 649 2768 pellavit;
670 2698 748 2751 vel
770 2695 909 2765 quod
932 2693 1223 2749 Ecclesiam
1242 2690 1521 2747 concidere
1538 2689 1970 2761 aggrederentur.

407 2792 538 2847 Nam
568 2799 621 2847 et
644 2805 741 2845 nos
769 2789 1088 2845 concisionis
1114 2787 1328 2841 nomine
1357 2785 1557 2839 utimur
1585 2785 1635 2838 in
1666 2784 1750 2847 iis,
1778 2784 1870 2853 qui
1895 2794 1974 2839 te-

408 2898 555 2938 mere
596 2891 651 2937 et
691 2882 808 2937 sine
846 2888 961 2934 arte
1002 2878 1105 2933 hoc
1150 2876 1367 2931 faciunt.
1407 2875 1537 2930 Nam
1566 2875 1609 2929 si
1640 2874 1974 2929 circumcisio

406 2973 693 3045 quierenda
721 2980 838 3035 est,
866 2969 1071 3041 inquit,
1099 2969 1237 3040 apud
1268 2983 1364 3023 nos
1389 2982 1505 3022 eam
1538 2966 1839 3021 invenietis.
1874 2965 1974 3033 Qui

406 3067 587 3137 spiritu
616 3063 727 3120 Deo
755 3064 996 3119 servimus
1020 3100 1035 3129 ,
1062 3060 1116 3117 id
1142 3070 1224 3115 est
1245 3101 1262 3128 ,
1294 3060 1383 3131 qui
1423 3059 1767 3129 spiritualiter
1800 3059 1973 3114 servi-

404 3175 544 3214 mus.

474 3249 529 3304 2.
565 3250 657 3304 Dic
677 3248 819 3304 enim
841 3245 991 3313 mihi,
1020 3253 1194 3300 utrum
1214 3242 1425 3310 melius,
1450 3241 1623 3297 anima
1650 3256 1716 3295 an
1738 3241 1973 3312 corpus?

406 3341 693 3398 Evidenter
720 3340 914 3393 anima.
947 3336 1113 3406 Igitur
1136 3335 1469 3390 circumcisio
1496 3333 1584 3387 illa
1616 3347 1722 3386 non
1751 3341 1833 3387 est
1856 3347 1973 3387 tne-

406 3436 535 3499 lior;
588 3433 826 3502 quinimo
878 3432 993 3484 haec
1042 3429 1153 3483 sola
1207 3427 1545 3482 circumcisio
1597 3434 1701 3481 est.
1761 3424 1973 3479 Etenim

405 3526 657 3599 quamdiu
683 3523 894 3595 quidem
917 3532 1072 3593 typus
1093 3519 1359 3585 manebat,
1381 3519 1571 3572 merito
1591 3514 1974 3585 comparationi

405 3622 555 3677 locus
583 3626 726 3683 erat;
760 3615 827 3673 Ut
853 3613 1259 3676 circumcidatur,
1292 3611 1493 3679 inquit,
1525 3608 1828 3680 prwputium
1855 3622 1973 3659 cor-

405 3714 483 3767 dis
506 3711 657 3766 vestri
681 3706 816 3778 (Jer.
842 3709 893 3762 4.
932 3706 1007 3775 4).
1037 3705 1108 3758 Ita
1137 3711 1193 3757 et
1231 3701 1284 3754 in
1325 3700 1559 3770 Epistula
1599 3698 1665 3752 ad
1704 3697 1974 3753 Romanos

403 3807 574 3875 ipsam
603 3801 742 3857 tollit
766 3798 852 3852 his
877 3796 1093 3852 verbis:
1128 3792 1251 3847 Non
1294 3792 1425 3846 enim
1469 3790 1555 3860 qui
1592 3791 1646 3843 in
1684 3789 1971 3858 manifesto,

403 3896 619 3951 Judteus
636 3902 729 3956 est,
756 3906 911 3961 neque
936 3903 1047 3959 quia
1068 3888 1120 3940 in
1144 3884 1410 3953 manifesto
1432 3883 1485 3936 in
1513 3897 1680 3945 carne,
1706 3879 1973 3932 circumci-

404 3990 498 4054 sio,
533 3987 620 4041 sed
642 3986 727 4056 qui
753 3984 805 4037 in
825 3980 1114 4035 abscondito
1138 3976 1369 4041 Iudaeus,
1398 3984 1443 4029 et
1467 3972 1781 4027 circumcisio
1807 3970 1974 4024 cordis

404 4083 459 4137 in
499 4079 700 4151 spiritu,
729 4093 829 4130 non
868 4075 1011 4128 litera
1040 4071 1215 4143 (Rom.
1239 4069 1294 4123 2.
1316 4068 1427 4139 28).
1458 4066 1606 4121 Nunc
1634 4080 1761 4119 vero
1800 4071 1854 4119 et
1880 4077 1975 4119 no.

408 4173 555 4228 mine
593 4170 703 4239 jam
752 4166 895 4222 illam
942 4164 1148 4234 privat,
1199 4168 1460 4231 negatque
1512 4154 1976 4212 circumcisionem

406 4278 546 4320 esse.
575 4260 706 4317 Nam
737 4268 892 4330 typus
915 4254 1125 4327 quidem
1148 4293 1162 4317 ,
1190 4251 1361 4306 donec
1383 4257 1606 4305 ventura
1634 4257 1716 4301 est
1739 4245 1936 4301 veritas
1955 4286 1971 4311 ,

405 4369 550 4411 veras
587 4352 666 4408 rei
713 4349 930 4406 nomine
969 4354 1219 4411 vocatur;
1266 4350 1542 4412 postquam
1587 4353 1717 4393 vero
1762 4336 1976 4392 advenit

404 4447 639 4513 veritas,
682 4457 787 4497 non
819 4435 1283 4510 amplius..Simile
1311 4432 1560 4504 quiddam
1590 4430 1770 4487 evenit
1792 4429 1846 4484 in
1875 4428 1974 4484 de-

406 4540 599 4596 lineata
629 4536 877 4607 pictura:
905 4529 1193 4585 delineavit
1229 4526 1491 4596 quispiam
1533 4537 1714 4592 regem
1746 4539 1761 4575 :
1804 4521 1974 4576 linea-

404 4641 586 4689 menta
613 4629 703 4685 illa
729 4623 1060 4686 adumbrata,
1090 4618 1340 4691 quamdiu
1370 4617 1762 4687 pigmentorum
1790 4612 1890 4668 ﬂos
1916 4627 1976 4669 se

404 4726 458 4782 in
486 4728 776 4793 conspectu
813 4731 921 4773 non
958 4714 1071 4774 dat.
1124 4726 1304 4783 regem
1334 4725 1439 4764 non
1476 4721 1762 4772 vocamus;
1794 4715 1849 4760 at
1886 4705 1976 4760 ubi

406 4820 509 4870 iste
534 4812 684 4869 color
709 4806 935 4864 accessit
951 4847 966 4869 ,
998 4803 1310 4859 obscuratur
1337 4799 1561 4854 veritate
1588 4805 1744 4866 typus
1760 4835 1777 4862 ,
1805 4810 1979 4865 neque

404 4914 627 4978 apparet
672 4920 688 4958 :
748 4910 980 4969 tuncque
1030 4894 1287 4958 dicimus,
1339 4891 1478 4979 Ecce
1522 4904 1666 4945 nunc
1719 4896 1802 4944 est
1849 4903 1973 4944 rex.

404 4998 515 5053 Nec
540 4996 700 5059 dicit,
736 4992 796 5048 ln
832 4989 987 5045 nobis
1015 4987 1157 5042 enim
1186 4997 1269 5041 est
1296 4978 1663 5043 circumcisio,
1695 4978 1820 5047 sed,
1865 4978 1978 5033 Nos

406 5102 617 5152 sumus;
645 5100 709 5141 ac
736 5083 927 5139 merito
950 5078 1186 5151 quidem.
1216 5076 1329 5131 Hoc
1352 5074 1492 5130 enim
1532 5080 1619 5129 est
1657 5070 1836 5137 homo,
1868 5071 1976 5126 cir-

406 5178 662 5236 cumcisio
687 5173 870 5231 virtuti
911 5183 1247 5241 congruens;
1277 5166 1379 5224 hoc
1415 5174 1499 5221 est
1530 5178 1658 5220 vere
1697 5162 1878 5219 homo.
1919 5162 1978 5217 ln

406 5272 515 5328 illis
556 5278 733 5324 autem
775 5279 881 5320 non
908 5261 1044 5317 dixit
1068 5260 1177 5325 sic,
1208 5259 1303 5313 sed
1324 5297 1339 5325 ,
1398 5254 1568 5310 Videte
1595 5255 1927 5309 concisionem
1957 5268 1978 5308 :

407 5363 508 5437 ipsi
527 5362 670 5419 enim
690 5358 911 5430 posthac
923 5362 1204 5410 versantur
1220 5351 1273 5406 in
1295 5351 1508 5405 interitu
1528 5363 1591 5405 ac
1608 5349 1754 5404 vitio.
1776 5349 1979 5406 Deinde

407 5453 696 5510 ostendens
725 5466 831 5507 non
856 5448 1084 5519 amplius
1122 5445 1177 5500 in
1220 5457 1445 5515 corpore
1473 5442 1588 5498 ﬁeri
1618 5442 1978 5498 circumcisio-

408 5562 554 5610 nem,
583 5544 677 5600 sed
709 5548 760 5598 in
786 5540 983 5606 corde,
1011 5538 1221 5609 inquit:
1252 5533 1323 5589 Et
1347 5550 1448 5589 non
1481 5534 1535 5587 in
1560 5549 1712 5587 carne
1737 5533 1978 5602 ﬁduciam

417 5638 688 5701 habentes;
716 5635 769 5689 4.
791 5646 1090 5704 quamquam
1115 5636 1162 5684 et
1197 5642 1289 5698 ego
1311 5626 1519 5680 habeam
1540 5623 1895 5693 conﬁdentiam
1921 5624 1977 5679 in

407 5746 576 5787 carne.
599 5725 734 5798 Quid
754 5726 880 5783 dicit
898 5726 1001 5784 hoc
1020 5724 1160 5791 loco,
1180 5717 1569 5790 Conﬁdentiam.
1594 5726 1669 5785 et,
1692 5714 1759 5773 In
1779 5716 1973 5773 carne?

1302 282 1369 338 IN
1404 282 1617 340 EPIST.
1658 281 1749 339 AD
1784 279 2071 338 PHILIPP.
2111 280 2263 337 CAP.
2308 281 2397 338 Ill.
2438 281 2670 340 HOMIL.
2712 285 2780 341 Χ.

3567 299 3670 356 2ΐὸ

2097 394 2301 466 Nempe
2342 398 2747 467 gloriationem,
2795 401 3006 470 plenam
3052 404 3317 476 ﬁdentim,
3362 417 3417 465 et
3456 426 3673 481 gravem

2097 489 2438 543 orationem:
2480 506 2544 545 ac
2588 492 2722 546 scite
2765 492 2906 548 istud
2955 494 3178 552 addidit.
3230 496 3360 553 Nam
3402 504 3445 556 si
3485 503 3673 567 fuisset

2095 576 2340 632 ethnicus
2387 589 2441 633 et
2480 592 2757 637 accusaret
2798 585 3295 654 circumcisionem,
3348 607 3518 662 neque
3562 597 3674 650 cir~

2094 669 2473 724 cumcisionem
2504 673 2673 726 solum
2697 715 2712 741 ,
2741 674 2836 729 sed
2867 690 2959 730 eos
2984 678 3071 746 qui
3100 678 3471 749 intempestive
3502 687 3669 757 ipsam

2093 760 2429 829 reciperent;
2459 763 2730 818 videretur
2750 780 2880 822 sane
2901 767 3019 822 ideo
3041 770 3092 823 in
3113 770 3255 825 illam
3276 773 3502 844 irruere,
3528 782 3672 847 quod

2095 852 2407 916 nobilitatis,
2436 870 2554 924 qua:
2583 855 2841 912 Judaismi
2870 870 2984 913 erat
3013 863 3245 930 propria,
3278 878 3471 937 expers
3495 880 3668 937 esset,

2092 942 2232 1010 quod
2263 945 2515 1013 praeclara
2546 948 2631 1002 illa
2662 959 2715 1003 et
2746 951 3039 1017 majestatis
3069 955 3221 1022 plena
3254 957 3540 1028 ignoraret,
3574 979 3672 1017 ne-

2091 1050 2193 1104 que
2234 1043 2467 1104 ipsorum
2508 1048 2650 1093 esset
2682 1043 2942 1112 particeps
2976 1061 2989 1098 :
3032 1061 3171 1101 nunc
3209 1063 3336 1102 vero
3374 1051 3462 1119 qui
3505 1054 3671 1121 parti-

2090 1138 2216 1194 ceps
2243 1135 2344 1189 est,
2376 1137 2429 1182 et
2458 1130 2833 1197 reprehendit,
2866 1144 3012 1188 certe
3045 1151 3148 1190 non
3183 1138 3252 1191 ita
3280 1141 3665 1211 reprehendit,

2091 1224 2357 1287 tamquam
2386 1220 2432 1274 is
2457 1221 2545 1290 qui
2577 1236 2683 1275 non
2712 1225 2782 1278 sit
2828 1225 3120 1295 particeps,
3150 1228 3242 1283 sed
3273 1238 3539 1301 tamquam
3575 1237 3667 1305 qui

2088 1309 2562 1379 condemnaverit,
2611 1329 2716 1369 non
2743 1330 2808 1370 ex
2836 1318 3162 1386 ignorantia,
3206 1322 3301 1377 sed
3338 1327 3569 1381 maxime
3598 1342 3666 1384 ex

2088 1404 2411 1473 cognitione.
2443 1404 2575 1461 Vide
2607 1407 2785 1477 igitur,
2817 1410 2938 1479 quid
2969 1412 3107 1466 dicat
3134 1414 3184 1467 in
3211 1415 3443 1484 Epistola
3470 1419 3536 1474 ad
3560 1419 3666 1475 Ga-

2087 1490 2253 1555 latas,
2299 1508 2417 1546 cum
2450 1494 2725 1551 incidisset
2764 1499 2815 1552 in
2862 1502 3229 1559 necessitatem
3262 1522 3450 1577 magna
3495 1510 3561 1565 de
3604 1528 3666 1568 se

2088 1580 2205 1649 ipso
2234 1582 2466 1649 dicendi,
2499 1588 2765 1656 quomodo
2796 1600 2847 1644 et
2876 1592 3223 1649 humilitatem
3254 1613 3359 1665 prae
3393 1614 3452 1654 se
3480 1600 3616 1656 feaat
3646 1620 3659 1657 :

2084 1674 2358 1731 Audivistis
2377 1679 2528 1744 enim,
2555 1680 2743 1750 inquit,
2767 1690 3187 1741 conversationem
3210 1706 3368 1744 meam
3388 1695 3662 1762 aliquando

2083 1766 2137 1819 in
2160 1767 2428 1823 Judaismo
2453 1770 2595 1841 (Gal.
2628 1775 2679 1829 1.
2709 1776 2832 1846 15);
2863 1787 2914 1832 et
2940 1795 3123 1835 rursus
3155 1782 3261 1849 hic,
3295 1784 3358 1840 Si
3384 1789 3495 1856 quis
3528 1792 3661 1846 alius

2083 1861 2276 1914 videtur
2306 1864 2559 1932 conlidere
2592 1866 2646 1920 in
2672 1884 2858 1932 carne,
2907 1888 2997 1942 ego
3028 1876 3225 1945 magis;
3252 1893 3315 1934 ac
3353 1883 3530 1937 statim
3557 1884 3658 1937 ad-

2079 1950 2290 2019 junxit,
2338 1953 2583 2010 Hebrazus
2630 1973 2692 2012 ea:
2723 1958 2968 2015 Ilebrwis.
3007 1963 3120 2018 Non
3154 1966 3253 2021 hoc
3297 1977 3560 2041 tamquam
3605 1975 3658 2029 id

2082 2043 2222 2113 quod
2266 2045 2364 2099 sibi
2411 2062 2505 2115 per
2546 2062 2604 2103 se
2630 2051 2960 2120 propositum
2999 2066 3161 2124 esset,
3194 2057 3343 2114 initio
3370 2062 3523 2127 dixit,
3561 2066 3657 2120 sed

2083 2143 2362 2203 postquam
2391 2136 2628 2205 dixerat,
2666 2139 2727 2195 Si
2768 2146 2879 2212 quis
2910 2141 3072 2212 alius,
3101 2150 3387 2204 ostendens
3417 2155 3653 2209 necessi-

2083 2236 2269 2294 tatem,
2298 2229 2619 2302 illorumque
2648 2249 2804 2288 causa
2836 2236 2949 2291 haec
2976 2253 3006 2292 a
3035 2253 3095 2293 se
3125 2239 3247 2295 dici.
3273 2242 3325 2298 Si
3355 2247 3650 2315 conﬁditis,

2081 2318 2272 2389 inquit,
2304 2319 2416 2391 Ego
2442 2324 2620 2394 magis.
2655 2324 2766 2379 Hoc
2794 2342 2934 2381 nunc
2960 2332 3261 2385 necessario
3290 2332 3429 2396 dico.
3458 2337 3654 2410 alioqui

2080 2412 2386 2467 tacuissem.
2420 2415 2649 2470 Attende
2673 2432 2802 2470 vero
2845 2420 3114 2487 quomodo
3145 2422 3196 2475 in
3227 2427 3499 2493 arguendo
3526 2431 3656 2485 vitet

2079 2506 2282 2573 odium,
2314 2506 2438 2562 dum
2470 2523 2572 2562 non
2600 2510 2912 2565 nominatim
2944 2516 3149 2581 arguit,
3180 2524 3234 2570 et
3259 2517 3360 2570 illis
3389 2519 3563 2574 locum
3595 2536 3655 2578 se

2078 2597 2366 2667 recipiendi
2391 2598 2500 2652 dat.
2529 2599 2589 2654 Si
2608 2601 2717 2670 quis
2737 2603 2929 2655 videtur
2949 2606 3224 2673 conﬁdere.
3248 2608 3313 2662 Et
3334 2620 3475 2665 recte
3497 2612 3651 2680 dixit,

2086 2690 2316 2758 Videtur,
2347 2692 2432 2747 vel
2463 2693 2603 2759 quod
2632 2703 2833 2749 tantum
2870 2696 3096 2753 fidentia:
3126 2715 3230 2753 non
3261 2700 3546 2770 haberent;
3569 2707 3654 2761 vel

2077 2783 2216 2853 quod
2246 2800 2369 2838 vera
2420 2783 2633 2840 ﬁdentia
2664 2801 2769 2840 non
2813 2798 2956 2842 esset
2986 2806 2998 2841 :
3032 2804 3193 2846 omne
3239 2794 3378 2847 enim
3411 2794 3513 2851 hoc
3556 2813 3654 2852 ne-

2077 2875 2341 2929 cessitatis
2368 2882 2520 2943 erat,
2550 2892 2657 2930 non
2694 2878 2994 2936 electionis.
3036 2881 3087 2935 5.
3121 2881 3456 2939 Circumcisus
3480 2897 3653 2943 octavo

2077 2967 2178 3020 die.
2232 2966 2468 3021 Primum
2513 2969 2663 3036 ponit
2704 2970 2845 3039 quod
2884 2973 3114 3027 maxime
3155 2974 3438 3044 optabant,
3482 2979 3531 3032 id
3572 2989 3657 3036 est

2076 3060 2577 3125 circumcisionem;
2637 3059 2831 3116 deinde
2884 3062 3051 3130 illud,
3104 3064 3188 3118 Ea:
3238 3084 3417 3137 genere
3462 3068 3650 3129 Israel.

2079 3150 2318 3221 Utraque
2345 3151 2457 3207 lucc
2481 3153 2735 3220 ostendit,
2761 3170 2933 3224 neque
2959 3158 3283 3229 proselytum
3312 3174 3370 3214 se
3390 3176 3529 3226 esse,
3558 3179 3657 3219 ne-

2075 3260 2181 3315 que
2208 3261 2273 3301 ex
2302 3246 2585 3317 proselytis
2606 3248 2910 3301 oriundum.
2938 3246 3067 3303 Nam
3091 3265 3154 3304 ex
3182 3266 3267 3314 eo,
3294 3253 3433 3322 quod
3463 3265 3653 3308 octavo

2076 3336 2163 3391 die
2189 3337 2537 3391 circumcisus
2565 3337 2654 3404 sit,
2688 3338 2992 3393 ostenditur
3015 3356 3119 3393 nou
3147 3355 3266 3396 esse
3293 3343 3649 3413 proselytum;

2075 3440 2137 3481 ex
2168 3441 2233 3481 eo
2259 3437 2458 3492 autem,
2481 3427 2621 3497 quod
2643 3442 2709 3483 ex
2735 3444 2931 3498 genere
2957 3430 3141 3496 Israel,
3166 3432 3462 3486 Ostenditur
3482 3450 3654 3504 neque

2075 3534 2146 3573 ex
2176 3518 2484 3589 parentibus
2516 3519 2800 3591 proselytis
2829 3535 2948 3575 esse
2973 3530 3173 3575 ortum.
3216 3522 3418 3579 Deinde
3447 3541 3512 3580 ne
3547 3542 3652 3596 pu-

2078 3618 2157 3665 tes
2177 3653 2191 3677 ,
2227 3609 2309 3664 Eo;
2329 3627 2508 3681 genere
2539 3610 2736 3677 Israel,
2768 3611 2869 3667 hoc
2897 3614 3197 3683 signiﬁcare
3226 3630 3346 3671 esse
3374 3617 3544 3686 ipsum
3584 3635 3651 3674 ex

2077 3699 2261 3755 decem
2305 3699 2575 3766 tribubus,
2604 3700 2812 3772 inquit,
2841 3700 2918 3755 De
2948 3702 3078 3756 tribu
3104 3701 3404 3776 Bcnjamin;
3434 3708 3652 3777 perinde

2077 3805 2138 3844 ac
2167 3792 2211 3844 si
2240 3790 2476 3854 diceret,
2522 3792 2599 3847 Ex
2626 3793 2930 3861 probatiore
2959 3805 3109 3864 parte
3135 3813 3148 3848 :
3182 3812 3303 3851 nam
3329 3814 3447 3868 quae
3475 3815 3652 3855 sacer-

2077 3883 2258 3937 dotum
2287 3891 2459 3948 erant,
2489 3882 2539 3936 in
2568 3893 2713 3938 sorte
2736 3895 2887 3939 erant
2914 3885 3070 3956 hujus
3094 3888 3279 3942 tribus.
3314 3888 3559 3945 Hebrwus
3588 3909 3651 3947 ea:

2077 3973 2326 4029 Hebraeis.
2356 3974 2489 4029 Hinc
2516 3974 2749 4029 ostendit
2774 3991 2833 4031 se
2862 3993 2967 4033 non
2994 3992 3114 4033 esse
3157 3981 3483 4052 proselytum
3506 4023 3522 4047 ,
3555 3984 3651 4038 sed

2076 4066 2367 4136 antiquitus
2381 4080 2444 4120 ex
2463 4066 2622 4121 claris
2638 4065 2869 4123 Iudaeis:
2896 4078 3103 4138 poterat
3120 4072 3261 4126 enim
3281 4074 3395 4141 quis
3411 4073 3653 4130 Israelita

2076 4170 2223 4223 esse,
2268 4171 2368 4211 nec
2411 4164 2588 4211 tamen
2621 4156 2875 4212 Hebrreus
2903 4173 2968 4213 ex
3000 4158 3238 4216 Hebraeis
3270 4180 3283 4214 :
3327 4163 3477 4216 mulli
3509 4164 3651 4219 enim

2072 4245 2182 4316 jam
2210 4256 2265 4301 et
2289 4261 2403 4302 rem
2425 4247 2594 4316 ipsam
2623 4258 2994 4318 corruperant,
3022 4259 3079 4304 et
3105 4250 3334 4321 linguam
3363 4268 3467 4306 non
3499 4263 3652 4309 tene-

2077 4337 2227 4405 bant,
2259 4337 2380 4392 aliis
2405 4337 2633 4393 admixti
2663 4339 2930 4409 gentibus.
2965 4338 3063 4395 Vel
3095 4339 3197 4396 hoc
3225 4341 3404 4413 igitur,
3428 4344 3510 4399 vel
3533 4361 3653 4401 ma-

2076 4444 2234 4501 gnam
2260 4429 2588 4485 nobilitatem
2631 4430 2755 4485 hinc
2787 4430 3135 4486 demonstrat.
3165 4432 3456 4488 Secundum
3495 4435 3652 4506 legem

2080 4519 2394 4575 Pharistrus.
2424 4519 2644 4574 Accedit
2671 4519 2864 4574 deinde
2893 4521 2959 4576 ad
2983 4536 3044 4576 ea
3066 4561 3083 4588 ,
3112 4537 3230 4592 qum
3258 4523 3324 4578 ad
3351 4524 3650 4582 institutum

2078 4628 2233 4669 suum
2261 4612 2636 4681 pertinebant:
2666 4614 2941 4683 superiora
2968 4614 3110 4669 enim
3141 4618 3319 4671 omnia
3356 4633 3461 4673 non
3498 4632 3658 4679 erant

2078 4704 2395 4761 consilii‘vel
2420 4705 2718 4760 electionis.
2750 4705 2933 4777 Neque
2958 4707 3099 4762 enim
3128 4723 3282 4764 suum
3322 4724 3459 4781 opus
3496 4725 3612 4767 erat
3633 4754 3650 4781 ,

2077 4797 2447 4852 circumcisum
2469 4810 2611 4864 esse,
2640 4805 2734 4851 aut
2763 4812 2829 4854 ex
2857 4813 3054 4868 genere
3082 4797 3245 4854 Israel
3266 4841 3281 4867 ,
3309 4810 3400 4856 aut
3419 4813 3483 4856 ex
3510 4804 3651 4860 tribu

2080 4889 2376 4959 Benjamin.
2403 4889 2483 4944 Ex
2508 4889 2592 4945 his
2617 4906 2744 4960 ergo
2775 4893 2943 4960 magis
2973 4892 3301 4960 excellebat,
3332 4894 3432 4949 etsi
3472 4895 3525 4949 in
3553 4895 3653 4950 hac

2080 4997 2138 5036 re
2165 4980 2359 5035 multos
2385 4979 2613 5035 habebat
2636 4980 2829 5037 socios.
2858 4981 2993 5049 Quid
3015 4997 3144 5054 ergo
3165 4992 3248 5039 est
3266 4984 3418 5052 illud,
3443 4984 3655 5057 Magis?

2078 5072 2236 5128 Certe
2265 5072 2317 5127 in
2347 5071 2449 5127 hoc
2476 5073 2811 5139 excellebat,
2843 5070 2985 5143 quod
3026 5090 3131 5129 non
3162 5086 3279 5130 erat
3315 5058 3650 5147 proselytus,

2079 5165 2219 5236 quod
2248 5173 2363 5220 erat
2387 5179 2452 5220 ex
2479 5162 2848 5235 probatissima
2883 5166 3051 5233 tribu,
3084 5166 3333 5238 quodque
3358 5167 3653 5239 antiquitus

2079 5257 2133 5313 id
2171 5257 2392 5313 haberet
2418 5271 2448 5311 a
2478 5256 2801 5327 majoribus,
2833 5273 2950 5328 qute
2980 5257 3195 5328 quidem
3235 5273 3343 5312 non
3383 5258 3531 5313 multi
3561 5258 3653 5314 ha-

2080 5350 2298 5406 bebant.
2342 5348 2449 5405 Sed
2492 5350 2740 5418 quoniam
2787 5349 2902 5405 haec
2939 5351 3116 5405 omnia
3152 5350 3219 5406 ab
3256 5350 3520 5406 electione
3558 5366 3653 5406 sua

2080 5442 2298 5497 minime
2342 5439 2576 5512 profecta
2618 5442 2862 5507 fuerant,
2893 5440 3099 5497 accedit
3122 5441 3188 5497 ad
3232 5457 3293 5497 ea
3324 5457 3441 5512 qua:
3487 5439 3653 5513 ipsius

2080 5540 2239 5587 secta:
2265 5539 2422 5597 sunt,
2452 5530 2542 5585 ubi
2570 5530 2744 5585 elucet
2782 5528 2915 5585 illud
2934 5570 2950 5597 ,
2980 5528 3152 5602 Magis
3193 5531 3467 5586 secundum
3495 5531 3654 5604 legem

2080 5623 2403 5688 Phariscus,
2436 5622 2489 5678 6.
2517 5621 2791 5677 secundum
2824 5622 3194 5677 mulationem
3229 5638 3523 5693 persequens
3547 5623 3654 5677 Ec-

2080 5717 2306 5773 clesium.
2346 5715 2509 5773 Addit
2547 5714 2678 5776 hoc.
2716 5714 2968 5779 quoniam
3010 5709 3142 5770 illud
3172 5710 3344 5768 solum
3378 5727 3482 5767 non
3518 5710 3651 5766 satis
