4108 6410
417 269 525 329 959

408 398 528 444 erat
565 386 633 443 ad
671 386 1005 460 probandum
1046 387 1209 455 illud,
1241 388 1451 460 Magis:
1482 404 1602 442 nam
1631 389 1756 442 licet
1797 386 1987 442 Phari-

412 492 582 535 susum
624 488 784 533 etiam
814 494 966 543 esse,
1009 494 1109 535 nec
1137 488 1314 535 tamen
1344 479 1646 535 vehementi
1691 477 1806 533 zelo
1833 477 2000 532 affici.

414 568 710 624 Secundum
728 569 1006 639 justitiam.
1032 570 1173 625 Fieri
1190 570 1332 625 enim
1357 579 1535 640 potest
1552 579 1609 623 ut
1628 570 1746 639 quis
1766 568 1998 639 pericula

412 668 723 715 contemnat
749 675 818 715 ex
851 660 1183 730 principatus
1203 674 1408 723 amore,
1436 669 1497 715 ut
1522 660 1790 731 principes
1814 672 1999 714 sacer-

414 749 600 805 dotum
630 750 929 815 faciebant,
960 766 1067 805 non
1094 760 1273 805 autem
1301 766 1367 806 ex
1395 751 1527 821 legis
1556 751 1753 805 studio.
1779 750 1874 806 llle
1902 764 2001 805 au-

417 853 526 897 tem
553 858 659 896 non
684 844 804 897 talis
829 852 976 906 erat,
1015 842 1135 910 sed,
1164 842 1458 898 Secundum
1480 844 1763 914 justitiam,
1798 842 2001 912 inquit,

414 948 527 1001 qua:
559 934 612 987 in
641 933 745 1003 lege
777 943 884 999 est,
915 944 1235 988 conuersatus
1270 935 1378 988 sine
1400 933 1625 1005 querela.
1656 934 1837 1004 Itaque
1866 932 1910 987 si
1949 944 2006 989 et

418 1024 713 1079 nobilitatis
742 1040 871 1095 ergo
905 1035 961 1080 et
993 1025 1151 1080 studii
1182 1025 1579 1096 alacritatisque
1613 1037 1667 1080 et
1702 1041 1910 1080 morum
1952 1034 2007 1080 et

421 1118 541 1170 vitae
566 1131 756 1171 omnes
787 1116 1172 1171 antecellebam
1193 1158 1211 1183 ,
1251 1132 1348 1172 cur
1374 1118 1628 1186 praeclara
1667 1117 1755 1171 illa
1782 1116 2005 1172 dimise—

422 1206 520 1259 rim
541 1247 556 1272 ,
593 1206 792 1277 inquit,
825 1208 927 1262 nisi
956 1206 1098 1277 quod
1124 1223 1209 1273 ea,
1240 1223 1359 1277 quae
1386 1206 1585 1263 Christi
1614 1217 1759 1273 sunt,
1784 1222 2007 1277 repere-

423 1296 520 1350 rim
562 1298 796 1365 majora,
837 1314 900 1353 ac
927 1298 1085 1370 longe
1127 1299 1341 1369 quidem
1381 1298 1623 1368 majora?
1652 1298 2008 1366 Quamobrem

423 1386 628 1441 addidit
654 1406 667 1441 :
698 1389 752 1444 7.
778 1387 885 1442 Sed
903 1404 1017 1459 qua:
1040 1390 1166 1442 mihi
1187 1394 1392 1460 fuerunt
1418 1390 1585 1457 lucra,
1607 1390 1714 1444 haec
1739 1390 2009 1444 arbitratus

423 1492 537 1530 sum
565 1489 774 1548 propter
795 1477 1049 1532 Christum
1077 1479 1396 1534 detrimenta.

494 1568 550 1622 5.
577 1568 735 1621 Amor
764 1569 991 1639 pecunia:
1011 1570 1313 1641 exagitatur.
1337 1600 1406 1611 —
1422 1570 1615 1627 Paulus
1635 1571 1850 1641 quidem
1874 1571 2013 1625 hanc

424 1660 546 1714 vitae
590 1661 854 1714 rationem
897 1660 1034 1716 adeo
1073 1662 1389 1732 exquisitam
1426 1672 1481 1718 et
1518 1663 1585 1718 ab
1613 1664 1831 1718 ineunte
1856 1672 2013 1717 aetate

424 1762 747 1822 susceptam,
777 1762 978 1808 tantam
1005 1754 1356 1819 nobilitatem,
1387 1764 1530 1810 tanta
1561 1756 1816 1824 pericula,
1841 1765 2015 1810 tantas

434 1843 680 1908 insidias,
716 1844 965 1909 labores,
993 1845 1169 1899 Studia
1203 1846 1427 1916 projecit
1454 1861 1516 1900 ac
1541 1847 1731 1901 damna
1774 1848 2012 1916 putavit,

430 1949 554 1988 cum
581 1943 736 1989 antea
767 1936 911 1989 lucra
934 1944 1137 2002 essent,
1170 1944 1228 1990 ut
1251 1935 1523 1991 Christum
1552 1937 1885 2003 lucraretur;
1918 1951 2016 1991 nos

435 2042 565 2082 vero
592 2043 765 2099 neque
789 2029 1067 2097 pecuniam
1089 2029 1502 2093 contemnimus,
1533 2037 1593 2083 ut
1619 2029 1892 2085 Christum
1921 2028 2019 2083 lu-

434 2134 671 2184 cremur,
700 2118 793 2173 sed
826 2119 1090 2173 malumus
1124 2118 1317 2175 futurae
1341 2121 1464 2174 vitae
1496 2119 1761 2189 iacturam
1798 2118 1976 2174 facere
1997 2158 2015 2186 ,

430 2225 589 2277 quam
618 2209 959 2278 prasentium
983 2225 1196 2265 rerum:
1225 2225 1542 2281 quamquam
1569 2209 1687 2265 haec
1715 2209 1846 2265 nihil
1874 2208 2018 2265 aliud

430 2308 556 2352 sunt
578 2313 737 2369 quam
771 2298 1047 2354 damnum.
1080 2300 1225 2355 Cedo
1257 2301 1401 2356 enim
1438 2301 1708 2372 sigillatim
1751 2302 2019 2372 expenda-

434 2404 555 2444 mus
578 2403 663 2455 ea,
685 2405 803 2459 qua:
832 2391 885 2444 in
926 2389 1127 2446 divitiis
1154 2392 1333 2447 insunt
1357 2410 1370 2444 :
1402 2407 1581 2448 annon
1606 2393 1858 2448 damnum
1885 2409 2019 2449 cen-

432 2481 541 2537 seri
567 2480 697 2536 illud
722 2481 911 2548 debet,
941 2483 1085 2552 quod
1125 2483 1363 2539 laborem
1407 2485 1676 2555 ingentem
1707 2485 1902 2550 habet,
1935 2484 2019 2540 lu-

433 2587 582 2627 crum
605 2586 735 2628 vero
763 2572 1004 2627 nullum?
1031 2573 1167 2641 Quid
1193 2574 1357 2637 enim,
1390 2574 1477 2630 dic
1505 2575 1656 2640 mihi,
1686 2575 1929 2630 utilitatis
1948 2590 2017 2629 ex

436 2666 616 2720 multis
655 2680 718 2719 ac
756 2664 1006 2735 pretiosis
1041 2665 1320 2720 vestibus?
1344 2676 1504 2736 atque
1530 2667 1646 2722 istis
1685 2666 1854 2721 induti
1894 2667 2021 2738 quid

437 2758 571 2815 lucri
613 2758 873 2813 facimus?
914 2757 1055 2812 Nihil
1101 2758 1292 2828 plane,
1333 2758 1429 2813 sed
1466 2759 1717 2815 damnum
1748 2759 2025 2817 dumtaxat

436 2856 795 2919 reportamus.
841 2847 1161 2917 Quomodo?
1206 2849 1469 2917 Quoniam
1511 2860 1566 2906 et
1615 2867 1818 2923 pauper
1862 2853 2020 2907 vilem

439 2943 723 3010 tritamque
751 2952 958 2997 vestem
985 2940 1164 2996 ferens
1191 2941 1242 2995 in
1268 2940 1515 2997 maximis
1535 2942 1824 3012 caloribus,
1856 2943 2024 3000 nihilo

437 3033 674 3089 deterius
702 3035 804 3088 fert
829 3042 1016 3088 aestum
1048 3048 1208 3104 quam
1246 3042 1339 3095 tu;
1376 3034 1616 3105 quinimo
1658 3035 1747 3092 ille
1774 3035 2020 3092 facilius:

440 3123 565 3177 trita
590 3122 732 3177 enim
759 3130 814 3177 et
836 3123 988 3177 unica
1012 3122 1218 3178 facilius
1242 3123 1370 3179 sinit
1394 3123 1685 3195 respirare,
1710 3141 1773 3182 ac
1792 3126 2023 3182 recreari

437 3227 704 3283 corpora;
747 3228 868 3284 quae
908 3222 1086 3268 autem
1116 3228 1305 3270 recens
1337 3214 1579 3271 confecta
1616 3225 1731 3282 est,
1773 3216 1936 3272 etiam
1977 3217 2025 3272 si

441 3322 756 3362 aranearum
785 3307 907 3361 telis
934 3307 1164 3373 tenuior,
1193 3322 1298 3362 non
1328 3307 1480 3364 item.
1510 3309 1588 3363 Ac
1618 3317 1672 3362 tu
1694 3309 1905 3379 quidem
1939 3309 2023 3364 ni-

442 3400 553 3454 mio
582 3399 751 3455 elatus
794 3401 931 3456 fastu
955 3440 971 3467 ,
1002 3409 1055 3455 et
1083 3400 1236 3456 binas
1270 3409 1558 3472 ternasque
1594 3403 1835 3469 tunicas,
1880 3417 2025 3473 sarpo

438 3504 571 3543 vero
592 3497 647 3544 et
666 3489 952 3544 amiculum
980 3499 1036 3545 et
1064 3505 1253 3545 zonam
1282 3498 1340 3546 et
1364 3491 1688 3562 subligacula
1713 3491 1917 3558 habes:
1953 3494 2024 3549 illi

440 3597 571 3637 vero
600 3596 758 3637 nemo
781 3582 994 3638 crimini
1033 3582 1155 3651 dat,
1193 3583 1337 3653 quod
1378 3585 1530 3640 unica
1570 3594 1779 3656 tegatur
1807 3587 1981 3643 tunica
2005 3627 2024 3654 ,

444 3672 674 3743 hincque
700 3672 911 3728 facilius
954 3671 1061 3728 fert
1096 3684 1307 3730 aestum.
1335 3675 1403 3730 Et
1441 3675 1561 3731 ideo
1589 3676 1780 3732 divites
1808 3678 2023 3747 quidem

439 3764 682 3818 videmus
722 3764 997 3820 madentes
1038 3765 1268 3833 sudore,
1311 3781 1573 3838 pauperes
1613 3784 1744 3825 vero
1782 3772 2021 3829 minime.

441 3854 665 3923 Quando
706 3855 865 3924 igitur
902 3855 1107 3910 homini
1155 3857 1403 3913 eumdem
1439 3859 1522 3915 vel
1565 3861 1727 3916 etiam
1762 3863 2024 3932 potiorem

441 3961 596 4000 usum
622 3946 861 4015 praebent
883 3947 1199 4001 vestimenta
1229 3949 1379 4014 vilia,
1407 3959 1462 4005 et
1487 3951 1635 4007 nullo
1661 3968 1828 4023 prope
1855 3957 2027 4025 pretio

443 4046 659 4106 empta;
692 4036 780 4091 illa
807 4053 937 4092 vero
957 4078 973 4103 ,
1005 4042 1060 4093 in
1088 4040 1280 4109 quibus
1311 4044 1615 4099 necessario
1641 4046 1865 4102 multum
1909 4049 2025 4103 auri

441 4129 822 4185 effundendum
851 4130 968 4195 fuit,
990 4132 1123 4187 nihil
1144 4133 1263 4202 plus
1284 4135 1554 4189 efficiunt:
1578 4151 1756 4193 nonne
1773 4137 2025 4197 damnum

444 4220 794 4275 estnimirum
817 4221 945 4276 illud
972 4237 1035 4277 ac
1062 4227 1554 4295 supervacaneum?
1580 4227 1722 4283 Nihil
1745 4231 1885 4286 enim
1910 4234 2028 4302 plus

445 4311 704 4375 afferunt,
735 4312 878 4383 quod
917 4313 984 4369 ad
1011 4330 1165 4371 usum
1194 4327 1248 4372 et
1271 4321 1615 4375 commodum
1640 4322 1902 4392 pertinet;
1931 4325 2027 4380 sed
2093 4310 2102 4345 "

445 4404 567 4474 plus
585 4406 700 4459 auri
722 4405 951 4461 effusum
972 4407 1066 4463 tibi
1083 4418 1188 4477 est,
1211 4408 1457 4466 eumdem
1484 4428 1612 4469 vero
1632 4428 1789 4470 usum
1806 4424 1861 4471 et
1880 4430 2029 4472 com-

448 4494 758 4550 moditatem
786 4496 945 4553 habet
973 4516 988 4554 :
1020 4507 1073 4553 tn
1100 4499 1316 4570 quidem
1343 4501 1493 4559 dives
1518 4513 1755 4571 centum,
1780 4516 1872 4562 aut
1891 4507 2028 4565 forte

444 4585 606 4640 etiam
627 4587 868 4657 pluribus
888 4589 1066 4645 aureis
1081 4591 1289 4659 emisti;
1321 4608 1521 4664 pauper
1540 4610 1668 4651 vero
1688 4600 1918 4667 pauculo
1933 4616 2023 4655 ar-

445 4686 629 4745 gento.
664 4678 823 4734 Vides
858 4680 1149 4737 damnum?
1176 4682 1283 4740 Sed
1329 4684 1497 4742 fastus
1526 4687 1711 4744 videre
1743 4706 1848 4745 non
1877 4693 2025 4747 sinit.

446 4766 613 4824 Visne
652 4771 763 4824 auri
801 4771 995 4838 etiam,
1034 4772 1177 4843 quod
1215 4784 1270 4829 et
1297 4778 1446 4847 equis
1487 4786 1543 4832 et
1580 4781 1890 4837 mulieribus
1922 4785 2028 4839 cir-

447 4859 735 4927 cumdant,
770 4863 1027 4918 rationem
1058 4866 1455 4923 subducamus?
1485 4869 1566 4924 Ad
1590 4872 1690 4926 alia
1719 4876 1858 4929 enim
1889 4878 2027 4933 mala

451 4951 555 5007 hoc
576 4951 736 5006 etiam
764 4952 989 5018 accedit,
1021 4955 1163 5025 quod
1185 4956 1387 5013 divitia:
1412 4972 1652 5017 amentes
1678 4963 1891 5019 faciant.
1920 4967 2026 5022 Eo-

451 5042 574 5097 dem
602 5042 743 5097 enim
790 5042 994 5099 honore
1033 5055 1089 5100 et
1117 5048 1372 5104 mulieres
1414 5059 1470 5104 et
1505 5066 1672 5121 equos
1700 5054 2025 5126 dignantur:

451 5150 591 5190 unus
610 5142 694 5189 est
718 5144 1061 5208 utrorumque
1084 5150 1335 5206 ornatus;
1367 5152 1529 5213 atque
1554 5160 1619 5201 ex
1648 5146 1834 5204 iisdem
1868 5150 2028 5207 rebus

449 5225 637 5280 volunt
676 5226 929 5282 mulieres
969 5229 1359 5297 splendidiores
1399 5248 1690 5306 apparere,
1732 5254 1799 5295 ex
1836 5242 2029 5312 quibus

451 5327 507 5372 rt
528 5316 803 5384 vehicula,
843 5332 912 5374 ex
939 5319 1134 5389 quibus
1157 5330 1211 5377 et
1238 5323 1405 5393 pelles
1433 5328 1758 5385 cortinarum
1778 5372 1794 5398 ,
1828 5334 1880 5387 in
1910 5335 2029 5405 qui-

448 5410 550 5466 bus
575 5409 860 5467 vehuntur.

518 5501 709 5558 Contra
732 5505 930 5560 luxum.
972 5505 1192 5562 (Edium
1220 5522 1446 5567 ornatus.
1472 5544 1543 5553 —
1571 5515 1665 5572 Dic
1695 5519 1824 5573 mihi
1843 5563 1858 5585 ,
1896 5523 2025 5592 quid

454 5593 588 5650 lucri
614 5607 719 5664 est,
743 5598 941 5653 mulum
963 5601 1044 5655 vei
1066 5615 1259 5671 equum
1287 5619 1416 5662 auro
1436 5611 1668 5665 ornare?
1686 5613 1878 5669 mulier
1903 5632 2028 5671 vero

456 5694 599 5741 tanta
626 5689 743 5745 auri
764 5688 1102 5764 lapidumque
1123 5696 1264 5754 mole
1284 5698 1629 5772 circumdata,
1649 5705 1775 5776 quid
1796 5711 2027 5780 amplius

1128 273 1187 331 S.
1228 274 1503 331 JOANNIS
1538 272 2011 330 CHRYSOSTOMI
2051 270 2368 329 ARCHIEP.
2408 272 2940 336 CONSTANTINOP.

3591 294 3699 349 260

2108 387 2315 443 habet?
2344 388 2417 445 At
2441 392 2585 445 enim
2631 407 2821 458 aurea,
2865 394 3077 464 inquit,
3125 411 3234 451 non
3276 410 3695 461 consumuntus.

2103 472 2356 539 Quinimo
2381 484 2437 529 et
2466 474 2567 529 hoc
2594 476 2702 530 illis
2728 477 2973 533 accidere
3012 479 3303 547 affirmant,
3331 485 3422 553 qui
3448 485 3546 540 ista
3575 489 3687 542 cale

2106 563 2217 619 lent
2239 607 2255 633 ,
2283 566 2428 636 quod
2456 567 2509 622 in
2536 567 2742 623 balneis
2780 579 2834 625 et
2857 571 2985 625 alibi
3013 585 3158 642 saepe
3182 583 3236 628 et
3266 574 3471 643 lapides
3510 587 3566 633 et
3590 594 3689 634 au-

2104 673 2197 713 rea
2242 658 2466 714 multum
2494 660 2563 715 de
2591 662 2766 731 pretio
2798 662 3026 732 perdunt
3050 681 3064 718 :
3099 679 3285 719 verum
3319 668 3389 722 sit
3416 668 3487 722 ita
3514 684 3644 725 sane
3667 710 3687 739 ,

2107 758 2165 802 ut
2193 748 2581 820 vis,,nihilque
2620 751 2920 817 lzedantur;
2947 753 3081 810 cedo
3124 756 3253 825 quid
3279 756 3412 812 lucri
3439 759 3464 811 ?
3505 760 3691 826 Quid?

2108 854 2231 894 cum
2274 840 2575 896 exciderint
2619 857 2684 899 ac
2732 845 3022 913 perierint,
3054 862 3232 902 annon
3277 849 3531 905 damnum
3560 856 3702 907 est?

2108 930 2246 998 Quid
2276 946 2438 999 vero,
2465 948 2590 988 cum
2617 934 2871 990 invidiam
2894 946 3056 1007 atque
3084 939 3307 994 insidias
3336 941 3388 995 in
3416 957 3479 998 se
3503 947 3691 999 conci-

2111 1026 2310 1092 tarint,
2342 1040 2523 1089 nonne
2565 1026 2864 1083 damnum?
2909 1029 3041 1085 Nam
3088 1033 3517 1104 quandoquidem
3560 1037 3697 1092 nihil

2111 1127 2337 1186 prosunt
2384 1119 2728 1175 circumdatas
2765 1121 3009 1188 mulieri,
3042 1122 3375 1181 inflammant
3406 1142 3533 1183 vero
3561 1129 3697 1182 invi-

2111 1208 2301 1263 dorum
2349 1210 2535 1265 oculos
2575 1220 2630 1265 et
2672 1212 2906 1267 latrones
2954 1214 3122 1284 magis
3175 1216 3409 1272 excitant
3456 1236 3470 1272 :
3517 1234 3697 1276 nonne

2111 1300 2365 1357 damnum
2410 1302 2680 1357 afferunt?
2718 1304 2858 1371 Quid
2884 1321 3016 1360 vero
3042 1348 3057 1372 ,
3090 1307 3176 1361 die
3214 1308 3383 1376 mihi,
3417 1325 3539 1365 cum
3568 1312 3697 1368 lice-

2113 1402 2201 1448 ret
2227 1394 2344 1448 viro
2367 1393 2450 1448 his
2480 1395 2552 1448 uti
2584 1394 2651 1449 ad
2681 1396 2950 1465 negotium
2975 1413 3167 1469 magno
3190 1416 3311 1454 cum
3334 1402 3698 1459 emolumento

2113 1488 2409 1556 gerendum
2431 1529 2446 1552 ,
2477 1503 2576 1543 nec
2608 1498 2785 1544 tamen
2810 1499 2987 1560 potest
3016 1492 3085 1547 ob
3107 1503 3432 1563 sumptuosae
3457 1496 3698 1553 mulieris

2116 1578 2298 1634 luxum
2324 1621 2342 1647 ,
2372 1580 2689 1651 cogiturque
2727 1582 2840 1652 ipse
2860 1598 2982 1637 cum
3014 1584 3153 1639 fame
3177 1584 3475 1640 conflictari
3497 1629 3514 1653 ,
3547 1596 3602 1642 et
3642 1589 3697 1643 in

2115 1687 2354 1728 summas
2396 1672 2590 1727 adduci
2614 1674 2890 1744 angustias
2913 1716 2928 1739 ,
2963 1676 3104 1730 illam
3134 1692 3262 1731 vero
3292 1687 3538 1748 spectare
3563 1695 3699 1736 auro

2117 1775 2400 1821 onustam:
2435 1781 2616 1821 nonne
2654 1765 2755 1821 hoc
2793 1766 3045 1822 damnum
3075 1769 3191 1823 est?
3227 1769 3513 1841 Propterea
3552 1773 3696 1827 enim

2120 1856 2358 1925 pecunia:
2386 1856 2542 1913 dictae
2572 1866 2697 1913 sunt
2720 1870 2969 1930 χρήματα,
2999 1859 3051 1914 id
3078 1870 3162 1916 est
3183 1862 3333 1917 utilia
3355 1902 3370 1928 ,
3400 1879 3507 1918 non
3536 1875 3591 1918 ut
3619 1865 3697 1934 ip-

2121 1948 2197 2003 sis
2222 1948 2300 2004 sic
2322 1964 2420 2003 nos
2448 1959 2680 2017 utamur,
2708 1952 3157 2021 quemadmodum
3183 1964 3403 2010 utuntur
3420 1955 3699 2012 auriticum

2123 2040 2390 2108 prothecze
2410 2082 2425 2106 ,
2454 2040 2548 2097 sed
2579 2051 2639 2097 ut
2661 2057 2728 2098 ex
2770 2044 2875 2098 illis
2903 2043 3114 2100 honesti
3142 2046 3414 2116 quidpiam
3456 2063 3699 2118 agamus.

2121 2131 2347 2200 Quando
2390 2132 2549 2203 igitur
2577 2134 2693 2188 auri
2745 2135 3009 2205 cupiditas
3057 2136 3108 2190 id
3157 2137 3377 2192 minime
3402 2138 3699 2207 permittit,

2123 2239 2301 2279 annon
2338 2240 2427 2280 res
2454 2233 2562 2280 tota
2600 2226 2857 2281 damnum
2886 2228 3007 2283 est?
3051 2228 3183 2284 Nam
3211 2229 3300 2301 qui
3333 2231 3463 2301 ipsis
3488 2232 3563 2286 uti
3592 2249 3701 2288 non

2123 2317 2320 2385 audet,
2366 2319 2589 2390 perinde
2620 2335 2683 2375 ac
2724 2320 2772 2375 si
2799 2322 2978 2395 aliena
2999 2335 3215 2391 essent,
3246 2324 3317 2379 ita
3356 2340 3463 2379 non
3493 2327 3700 2393 utitur;

2124 2411 2337 2466 sublato
2387 2422 2566 2468 autem
2618 2427 2717 2469 usu
2762 2414 2873 2484 jam
2915 2431 3021 2469 non
3064 2424 3190 2471 sunt
3235 2429 3500 2486 χρήματα,
3531 2419 3584 2474 id
3621 2430 3706 2475 est

2125 2501 2300 2556 utilia.
2332 2501 2469 2571 Quid
2518 2519 2646 2559 vero
2671 2545 2686 2569 ,
2725 2521 2847 2559 cum
2885 2506 3028 2561 ardes
3069 2509 3375 2577 splendidas
3400 2519 3456 2564 et
3483 2526 3705 2582 magnas

2125 2594 2455 2651 aedificamus
2477 2636 2493 2662 ,
2521 2598 2771 2668 ipsasque
2812 2609 2867 2654 et
2894 2602 3157 2656 columnis
3184 2612 3238 2657 et
3264 2604 3620 2658 marmoribus
3648 2614 3707 2660 et

2127 2688 2423 2759 porticibus
2485 2697 2541 2745 et
2591 2690 3068 2759 ambulationibus,
3131 2695 3408 2766 modisque
3458 2697 3708 2753 omnibus

2127 2794 2488 2847 exornamus,
2538 2780 2681 2835 idola
2738 2782 2938 2853 ubique
2991 2794 3045 2839 et
3089 2794 3291 2840 Statuas
3340 2787 3706 2845 collocantes‘l

2124 2870 2274 2925 Multi
2322 2870 2537 2941 quidem
2578 2886 2645 2928 ex
2691 2871 2775 2928 his
2820 2875 2980 2929 etiam
3026 2873 3300 2931 daemonas
3350 2890 3574 2947 vocant;
3608 2880 3708 2938 scd

2129 2963 2440 3018 omittamus
2469 2978 2609 3020 nunc
2652 2964 2811 3020 istud.
2841 2966 2978 3032 Quid
3008 2966 3108 3023 sibi
3152 2968 3265 3023 vult
3286 2977 3342 3024 et
3382 2979 3581 3026 tectum
3607 2989 3707 3029 au-

2126 3056 2321 3111 reum?
2369 3072 2549 3112 nonne
2593 3057 2825 3114 eundem
2856 3074 3009 3115 usum
3037 3075 3133 3116 sua
3161 3061 3237 3117 illi
3264 3062 3456 3119 domus
3482 3064 3705 3135 praebet,

2127 3147 2218 3217 qui
2239 3147 2340 3203 sibi
2370 3156 2548 3218 aptam
2576 3163 2639 3204 ac
2669 3150 2935 3206 modicam
2962 3151 3158 3209 habet?
3178 3156 3250 3209 At
3274 3155 3472 3222 habet,
3496 3156 3706 3227 inquit,

2127 3253 2372 3309 magnam
2393 3238 2823 3297 delectationem.
2845 3242 2987 3300 Sane
3005 3261 3166 3300 unum
3184 3255 3276 3301 aut
3293 3249 3520 3303 alterum
3541 3249 3705 3315 diem,

2128 3329 2330 3385 exinde
2359 3345 2487 3386 vero
2516 3332 2763 3390 minime.
2789 3332 2922 3389 Nam
2951 3337 2997 3391 si
3025 3338 3193 3394 solem
3224 3338 3398 3409 ipsum
3426 3356 3534 3397 non
3555 3341 3708 3398 valde

2127 3421 2460 3477 admiramur
2496 3462 2514 3489 ,
2570 3424 2713 3494 quod
2768 3428 2818 3482 ei
2869 3428 3099 3484 videndo
3143 3431 3512 3499 assnevimus,
3563 3443 3709 3489 certe

2128 3512 2300 3568 multo
2321 3514 2498 3569 minus
2527 3530 2690 3586 opera
2736 3520 2866 3574 artis
2891 3537 2906 3586 ;
2937 3520 3032 3575 sed
3073 3521 3241 3577 nihilo
3282 3524 3451 3594 magis
3475 3540 3633 3595 quam
3660 3527 3707 3581 si

2128 3603 2268 3659 lutea
2312 3616 2528 3672 essent,
2558 3609 2905 3665 attendimus.
2937 3611 3076 3679 Quid
3113 3614 3288 3680 enim,
3329 3614 3415 3671 dic
3441 3616 3611 3683 mihi,
3640 3618 3710 3673 ad

2127 3696 2501 3755 mdificationis
2522 3702 2955 3756 commoditatem
2983 3704 3269 3760 multitudo
3294 3707 3663 3764 columnarum
3689 3752 3706 3778 ,

2131 3797 2187 3844 et
2214 3789 2489 3860 signorum
2515 3792 2885 3862 pulchritudo,
2917 3802 2973 3849 et
2998 3810 3184 3851 aurum
3216 3799 3381 3871 muris
3410 3799 3708 3870 inspersum

2129 3879 2378 3936 confert?
2429 3882 2612 3951 Nihil,
2640 3883 2735 3939 sed
2780 3886 2961 3940 omnia
2994 3887 3149 3943 luxus
3170 3927 3186 3953 ,
3216 3891 3525 3958 petulantiae
3547 3935 3565 3962 ,
3594 3895 3706 3950 ela-

2132 3971 2294 4027 tionis
2318 3973 2497 4029 nimia:
2518 4014 2535 4041 ,
2564 3990 2627 4029 ac
2646 3974 2930 4033 dementiae
2954 3988 3099 4033 sunt.
3130 3979 3335 4052 Ubique
3375 3985 3517 4039 enim
3546 3987 3710 4043 rebus

2129 4064 2486 4131 necessariis,
2544 4065 2843 4137 quibusque
2889 4077 3135 4138 utamur,
3164 4071 3339 4130 danda
3379 4090 3543 4146 opera
3587 4088 3708 4147 est,

2129 4169 2239 4210 non
2284 4155 2581 4212 inutilibus.

2200 4247 2257 4302 4.
2297 4247 2460 4303 Vides
2505 4264 2619 4304 rem
2665 4250 2820 4306 istam
2854 4250 3107 4309 damnum
3134 4256 3298 4313 esse?
3326 4258 3477 4317 vides
3519 4276 3708 4332 super-

2130 4353 2415 4396 vacaneam
2437 4351 2490 4396 et
2512 4343 2750 4399 inutilem
2772 4346 2796 4396 ?
2819 4345 2949 4401 Nam
2973 4349 3017 4403 si
3041 4365 3215 4420 neque
3237 4352 3491 4423 majorem
3518 4372 3669 4411 usum
3684 4393 3710 4426 ,

2132 4445 2305 4501 neque
2350 4432 2761 4491 delectationem
2809 4438 2965 4494 affert
3015 4441 3362 4512 (procedente
3390 4448 3533 4501 enim
3567 4456 3706 4503 tem-

2133 4534 2261 4590 pore
2285 4526 2580 4580 satietatem
2609 4528 2765 4597 parit)
2791 4547 2804 4583 :
2834 4530 2963 4586 nihil
2986 4533 3127 4589 aliud
3153 4544 3234 4591 est
3253 4576 3269 4600 ,
3303 4537 3403 4592 nisi
3429 4538 3704 4595 damnum.

2130 4611 2237 4666 Sed
2267 4613 2486 4671 obstans
2521 4618 2690 4674 inanis
2715 4621 2900 4690 gloriae
2953 4625 3187 4680 studium
3218 4627 3376 4696 facit,
3409 4645 3478 4686 ne
3526 4633 3707 4688 videa-

2130 4718 2270 4759 mus.
2302 4704 2377 4759 lta
2404 4706 2598 4763 Paulus
2627 4711 2841 4779 quidem
2863 4728 2982 4783 quae
3009 4715 3155 4771 lucra
3181 4732 3301 4774 esse
3330 4720 3706 4790 arbitrabatur,

2132 4811 2194 4850 ea
2226 4799 2442 4869 reliquit
2468 4819 2483 4857 :
2518 4818 2615 4858 nos
2644 4819 2771 4859 vero
2800 4822 2974 4877 neque
3016 4824 3077 4865 ea
3099 4851 3113 4874 ,
3146 4827 3265 4881 qua:
3318 4814 3511 4870 damna
3541 4828 3705 4882 sunt,

2130 4905 2230 4960 pro
2275 4891 2490 4949 Christo
2534 4897 2936 4967 relinquemus?
2964 4902 3250 4975 Quousque
3296 4908 3511 4963 tandem
3558 4910 3707 4968 humi

2130 4982 2292 5038 deﬁxi
2324 4976 2689 5043 haerebimus?
2718 5006 3000 5064 quousque
3026 4996 3092 5051 ad
3123 4999 3315 5052 caelum
3347 5014 3456 5055 non
3489 5013 3707 5071 speeta-

2131 5073 2346 5131 bimus?
2372 5075 2489 5133 Non
2517 5079 2707 5135 videtis
2731 5097 2889 5141 senes
2912 5127 2930 5153 ,
2951 5103 3109 5158 quam
3130 5091 3331 5146 nullum
3354 5108 3538 5150 rerum
3562 5112 3707 5167 prae-

2134 5168 2409 5224 teritarum
2450 5184 2666 5226 sensum
2697 5174 2937 5232 habent?
2980 5196 3085 5236 non
3129 5183 3319 5241 videtis
3365 5190 3659 5246 morientes
3684 5232 3703 5257 ,

2132 5272 2254 5313 cum
2299 5275 2489 5330 senes,
2531 5273 2643 5319 tum
2668 5266 2938 5336 juvenes?
2983 5288 3089 5327 non
3120 5276 3311 5333 videtis
3355 5294 3485 5349 eos,
3530 5285 3619 5353 qui
3648 5285 3702 5339 in

2130 5350 2239 5406 vita
2260 5353 2376 5422 ipsa
2405 5356 2517 5411 suis
2545 5359 2707 5415 rebus
2731 5364 2941 5432 spoliati
2984 5368 3152 5423 sunt?
3176 5369 3287 5426 Cur
3330 5375 3489 5432 rebus
3534 5350 3701 5432 insta—

2132 5442 2327 5501 bilihus
2350 5446 2658 5505 inhiamus?
2681 5468 2779 5508 cur
2806 5455 3028 5511 infirmis
3075 5461 3359 5533 alligamur
3377 5468 3402 5520 ?
3427 5484 3703 5543 quousque

2131 5551 2239 5631 non
2272 5551 2654 5609 persequemur
2698 5560 2973 5605 manentes
3002 5567 3065 5608 ac
3103 5557 3371 5614 stabiles?
3413 5562 3548 5631 Quid
3595 5582 3698 5620 non

2130 5626 2323 5684 darent
2350 5645 2538 5699 senes,
2566 5652 2674 5706 quo
2699 5639 2883 5698 liceret
2910 5643 3179 5717 deponere
3222 5626 3595 5712 senectutem?
3637 5661 3702 5715 Et

2131 5727 2309 5777 tamen
2348 5737 2466 5795 quae
2495 5725 2681 5786 isthazc
2722 5732 2986 5795 dementia
3026 5751 3108 5797 est
3150 5742 3216 5799 ad
3249 5745 3520 5808 pristinam
3568 5752 3700 5807 velle
