4108 6410
378 284 489 347 2'59

397 398 560 452 Ἀλλ’
589 396 763 453 ἅτινα
785 393 865 470 ἦν
885 417 985 470 μοι
1024 397 1223 474 κέρδη,
1251 404 1439 462 ταῦτα
1479 408 1703 480 ἥγημαι
1729 408 1828 462 διὰ
1848 407 1957 462 τὸν

384 490 642 557 Χριστὸν
675 489 905 561 ζημίαν.

448 697 518 763 γ’.
528 694 739 756 Παῦλος
755 697 852 767 μὲν
864 699 1133 755 πολιτείαν
1147 702 1317 768 οὕτως
1332 706 1803 780 ὴκριϐωμένην,ἐκ
1817 706 1959 782 πρώ-

379 800 479 852 της
507 785 721 854 ἡλικίας
742 788 1073 861 ἀρξαμένην,
1108 795 1374 867 τοσαύτην
1422 800 1722 867 εὐγένειαν,
1765 802 1954 856 τοσού-

379 890 505 937 τους
528 876 823 945 κινδύνους,
846 881 1114 945 τοσαύτας
1147 885 1461 952 ἐπιϐουλὰς,
1492 890 1706 956 πόνους,
1722 893 1955 964 σπουδὴν

380 964 591 1036 ἔρριψε,
620 969 715 1021 καὶ
737 969 939 1041 ζημίαν
996 976 1260 1045 ἡγήσατο,
1298 979 1560 1050 πρότερον
1588 982 1719 1034 ὄντα
1764 983 1951 1053 κέρδη,

380 1057 466 1108 ἵνα
490 1059 721 1129 Χριστὸν
744 1061 998 1135 κερδήσῖγ
1038 1067 1195 1136 ἡμεῖς
1225 1068 1281 1122 δὲ
1304 1071 1421 1124 οὐδέ
1461 1075 1754 1143 χρημάτων
1785 1091 1954 1129 κατα-

379 1148 722 1219 φρονοῦμεν,
776 1153 863 1206 ’ίνα
927 1156 1161 1226 Χριστὸν
1194 1160 1567 1232 κερδήσωμεν,
1618 1164 1731 1217 ἀλλ’
1763 1167 1950 1236 αἰρού-

382 1238 522 1305 μεθα
563 1242 763 1311 μᾶλλον
798 1246 1051 1302 ἐκπεσεῖν
1097 1250 1195 1320 τῆς
1234 1252 1530 1324 μελλούσης
1573 1256 1739 1326 ζωῆς,
1780 1256 1952 1328 ἢτῶν

377 1330 664 1401 παρόντων
702 1336 1061 1406 πραγμάτων·
1104 1342 1279 1395 καίτοι
1334 1360 1397 1412 γε
1424 1345 1577 1398 οὐδὲν
1627 1346 1756 1400 ἄλλο
1796 1349 1952 1402 τοῦτό

377 1425 546 1491 ἐστιν,
598 1426 631 1498 ἢ
664 1428 855 1499 ζημία.
892 1432 1026 1485 Εἰπὲ
1054 1435 1164 1506 γάρ
1196 1454 1309 1506 μοι,
1357 1438 1479 1491 καθ’
1511 1440 1740 1496 ἕκαστον
1762 1444 1949 1509 ἐξετά-

380 1533 559 1588 σωμεν
591 1519 696 1573 τῶν
717 1519 809 1574 τοῦ
841 1522 1070 1578 πλούτου
1100 1530 1458 1599 πραγμάτων,
1485 1534 1533 1585 εί
1566 1536 1640 1604 μὴ
1671 1533 1840 1605 ζημία
1865 1538 1950 1602 τίς

378 1610 513 1672 ἐστι,
543 1611 701 1666 πόνον
743 1614 841 1683 μὲν
861 1616 1067 1685 ἄφατον
1105 1619 1322 1689 έχουσα,
1368 1624 1556 1694 κέρδος
1609 1626 1663 1679 δὲ
1684 1628 1855 1681 οὐδέν.
1882 1630 1949 1683 Τί

376 1699 507 1771 γάρ,
533 1700 653 1755 είπέ
683 1704 856 1773 μοι,τδ
880 1706 1068 1774 ὄφελος
1091 1708 1197 1762 ἀπὸ
1224 1710 1334 1764 τῶν
1358 1713 1568 1767 πολλῶν
1580 1715 1689 1767 τῶν
1715 1716 1948 1785 ἱματίων

376 1793 472 1845 καὶ
507 1793 844 1861 πολυτελῶν;
871 1796 923 1849 τί
968 1799 1328 1871 καρπούμεθα
1370 1804 1579 1874 κέρδος,
1641 1806 1769 1860 ὅταν
1809 1808 1948 1863 αὐτά

376 1877 525 1953 ὦμεν
557 1886 925 1956 περικείμενοι
952 1904 967 1954 ;
1025 1889 1212 1958 Οὐδὲν,
1246 1892 1360 1945 ἀλλ’
1388 1894 1421 1964 ἧ
1476 1894 1817 1967 ζημιούμεθα
1849 1900 1948 1969 μό-

377 1992 483 2028 νον.
513 1976 673 2043 Πῶς;
709 1976 830 2031 Ὅτι
851 1979 942 2031 καὶ
966 1982 993 2032 6
1022 1981 1189 2052 πένης
1219 1983 1431 2048 εὐτελὲς
1462 1986 1557 2040 καὶ
1588 1988 1949 2061 ἐκτετριμμέ-

375 2082 465 2118 νον
490 2068 688 2137 φορῶν,
719 2068 777 2120 ἐν
816 2068 893 2139 τῷ
917 2070 1109 2124 θάλπει
1141 2072 1292 2125 οὐδὲν
1338 2073 1432 2127 σοῦ
1464 2079 1645 2148 χεῖρον
1683 2078 1837 2149 φέρει
1885 2080 1948 2134 τὺ

373 2156 584 2227 καῦμα’
620 2158 821 2229 μᾶλλον
855 2160 912 2213 66
961 2163 1167 2226 ἐκεῖνος
1194 2164 1575 2237 εὐκολώτερον·
1608 2169 1676 2223 τά
1704 2170 1812 2241 γάρ
1850 2172 1944 2225 ἐκ-

372 2249 708 2320 τετριμμένα
740 2249 849 2304 τῶν
874 2251 1102 2321 ἱματίων
1139 2253 1233 2306 καὶ
1256 2255 1394 2325 μόνα
1412 2260 1786 2329 περικείμενα,
1811 2261 1946 2331 μᾶλ-

372 2336 464 2389 λον
492 2337 674 2409 ἀνίησι
717 2339 779 2392 τὸ
830 2339 1007 2411 σῶμα·
1048 2342 1116 2396 τά
1166 2342 1223 2396 66
1271 2347 1796 2413 νεοκατασκεύαστα,
1841 2350 1945 2404 κᾶν

368 2424 618 2498 ἀράχνῆς
687 2428 1003 2501 λεπτότερα,
1027 2432 1125 2504 οὐχ
1152 2434 1372 2503 ὁμοίως.
1400 2437 1511 2491 Καὶ
1536 2416 1598 2493 σὺ
1623 2440 1721 2510 μὲν
1745 2440 1835 2494 διά
1853 2441 1945 2495 τὸν

380 2519 553 2587 τῦφον
589 2519 682 2573 τὸν
708 2520 960 2590 περιττὸν
984 2523 1077 2576 καὶ
1112 2525 1463 2593 χιτωνίσκους
1502 2528 1614 2595 δύο,
1639 2531 1731 2583 καὶ
1772 2532 1941 2603 τρεῖς,

369 2607 631 2671 πολλάκις
648 2610 741 2663 καὶ
755 2610 972 2681 χλανίδα
991 2612 1084 2665 καὶ
1104 2612 1301 2682 ζώνην,
1324 2618 1416 2670 καὶ
1438 2618 1759 2690 ἀναξυρίδας
1778 2622 1940 2693 ἕχειςυ

368 2699 645 2783 ἐκείνῳδὲ
673 2701 846 2766 οὐδεὶς
862 2703 1080 2772 ἐγκαλεῖ
1110 2706 1203 2758 ἕνα
1237 2711 1600 2781 περικειμένῳ
1627 2714 1943 2783 χιτωνίσκον

370 2791 555 2860 μόνον’
574 2775 727 2845 ’ὥστε
755 2793 1115 2865 εὐκολώτερον
1143 2797 1297 2868 φέρει
1314 2775 1385 2852 ’τὸ
1413 2775 1792 2872 κάῦμάίύθπδ
1818 2806 1944 2859 τού-

365 2900 465 2935 του
493 2883 619 2947 τούς
665 2885 765 2955 μὲν
794 2887 1155 2951 πλουτοῦντας
1178 2890 1391 2963 ὁρῶμεν
1423 2893 1718 2965 ίδροῦντας,
1740 2898 1865 2961 τοὺς
1884 2899 1941 2952 δὲ

371 2974 607 3045 πένητας
643 2975 796 3031 οὐδὲν
840 2977 1044 3033 τούτων
1085 2981 1412 3052 πάσχοντας.
1467 2984 1637 3041 Ὅταν
1672 2982 1765 3041 οὖν
1792 2989 1940 3061 αὐτῷ

369 3069 467 3137 τὴν
486 3068 676 3139 αὐτὴν,
705 3069 738 3140 ἢ
769 3071 864 3125 καὶ
896 3072 1179 3141 κρείττονα
1205 3078 1510 3147 παρέχηται
1538 3079 1727 3151 χρείαν
1745 3081 1813 3135 τὰ
1852 3085 1941 3137 εὐ-

368 3158 499 3229 τελῆ
531 3159 721 3230 ἱμάτια
751 3162 958 3217 καὶτοῦ
1005 3166 1233 3237 μηδενὸς
1272 3167 1619 3242 πωλούμενα,
1654 3174 1839 3229 ἐκεῖνα
1883 3175 1941 3229 δὲ

366 3247 439 3300 τά
466 3247 600 3302 πολύ
633 3251 989 3307 καταϐάλλειν
1043 3255 1420 3325 ἀναγκάζοντα
1447 3262 1669 3331 χρυσίον
1696 3263 1756 3316 τὸ
1809 3265 1939 3319 αὐτὸ

369 3342 520 3412 ποιῇ,
553 3340 673 3413 οὐχὶ
705 3343 877 3413 ζημία
900 3345 962 3398 τὸ
989 3347 1123 3399 πολὺ
1154 3350 1436 3419 περιττόν;
1469 3352 1633 3406 Οὐδὲν
1655 3354 1763 3425 γὰρ
1778 3354 1937 3410 πλέον

368 3432 654 3503 είσήνεγκε
677 3436 816 3490 κατά
859 3437 951 3491 τὸν
968 3439 1066 3511 τῆς
1108 3442 1296 3512 χρείας
1315 3442 1469 3513 λόγον
1502 3446 1597 3498 καὶΙ
1635 3446 1735 3516 τῆς
1755 3447 1938 3502 διακο-

368 3524 508 3590 νίας,
540 3526 674 3580 ἀλλά
704 3528 864 3583 πλέον
893 3532 992 3601 μὲν
1016 3533 1238 3603 χρυσίον
1257 3536 1553 3592 κεκένωταί
1587 3555 1689 3604 σοι,
1722 3541 1820 3611 τὴν
1840 3542 1939 3595 αὐ-

368 3615 467 3687 τὴν
497 3616 556 3670 66
585 3618 775 3690 χρείαν
799 3620 896 3675 καὶ
925 3621 1227 3694 ὑπηρεσίαν
1248 3624 1383 3696 ἔχει’
1420 3627 1484 3681 σὺ
1513 3629 1610 3700 μὲν
1635 3629 1664 3681 6
1692 3631 1938 3687 πλουτῶν

366 3707 647 3779 ἠγόρασας
677 3711 913 3782 χρυσίων
959 3713 1149 3766 ἑκατὸν
1185 3716 1363 3784 τυχὸν,
1394 3716 1427 3788 ἢ
1459 3718 1555 3770 καὶ
1597 3719 1875 3788 πλειόνων,
1908 3722 1939 3775 6

362 3799 423 3853 66
444 3800 612 3871 πένης
641 3802 903 3874 ἀργυρίου
930 3803 1130 3873 ὀλίγου.
1155 3801 1308 3871 Εἶδες
1336 3808 1432 3879 τὴν
1465 3809 1703 3881 ζημίαν;
1745 3813 1883 3867 Ἀλλ’
1907 3815 1937 3869 6

365 3889 533 3959 τῦφος
563 3892 665 3946 οὐκ
678 3893 900 3965 ἀφίησιν
928 3895 1073 3951 ἰδεῖν.
1098 3894 1286 3951 Βούλει
1301 3900 1393 3952 καὶ
1422 3900 1515 3953 ἐπὶ
1538 3901 1646 3956 τῶν
1675 3905 1933 3974 χρυσίων,

367 3976 445 4036 ὧν
467 3983 562 4037 καί⁵
586 3986 699 4047 τοῖς
727 3984 914 4049 ἵπποις
936 3987 1030 4040 καὶ
1057 3990 1173 4051 ταῖς
1193 3989 1407 4056 γυναιξὶ
1433 3992 1794 4063 περιτιθέασι,
1810 3995 1938 4049 τοῦ-

364 4090 461 4126 τον
482 4072 821 4148 ἐξετάσωμεν
850 4078 940 4133 τὸν
969 4078 1161 4148 λόγον;
1187 4083 1341 4136 Μετά
1369 4085 1478 4157 γάρ
1500 4084 1607 4139 τῶν
1639 4087 1810 4144 ἄλλων
1844 4089 1938 4142 καὶ

366 4167 629 4239 ἀνοήτους
646 4171 789 4222 ποιεῖ
815 4170 875 4223 τὸ
897 4170 1167 4227 πλουτεῖν.
1200 4174 1311 4245 Τῆς
1331 4176 1440 4247 γὰρ
1471 4179 1639 4249 αὐτῆς
1657 4181 1821 4251 τιμῆς
1840 4183 1938 4247 τάς

368 4275 431 4312 τε
470 4262 733 4327 γυναῖκας
756 4261 965 4326 ἀξιοῦσι
990 4265 1083 4318 καὶ
1115 4267 1240 4330 τοὺς
1261 4266 1481 4332 ἵππους,
1510 4272 1605 4325 καὶ
1633 4267 1714 4333 εἷς
1745 4275 1773 4327 6
1803 4273 1936 4329 καλ-

369 4348 648 4421 λωπισμὸς
670 4349 819 4424 [279]
849 4354 1190 4427 ἀμφοτέρωνσ
1238 4360 1333 4412 καὶ
1360 4360 1467 4414 61:6
1482 4361 1590 4416 τῶν
1611 4367 1789 4420 αὐτῶν
1812 4369 1935 4439 βού-

369 4440 551 4533 λονται
570 4442 851 4511 φαίνεσθαι
872 4445 1265 4533 λαμπρότεραι,
1292 4452 1385 4520 ἀφ’
1423 4448 1499 4508 ὧν
1531 4460 1625 4511 καὶ
1648 4459 1717 4513 τά
1744 4460 1935 4533 ζεύγη,

370 4531 468 4600 ἀφ’
503 4524 579 4585 ὧν
607 4531 703 4586 καὶ
728 4533 799 4588 τά
840 4532 1082 4608 δέρματα
1104 4540 1213 4594 τῶν
1236 4548 1774 4620 παραπετασμάτων,
1809 4524 1939 4607 ἔνθα

371 4624 650 4693 φέρονται.

442 4856 612 4924 Είπέ,
643 4856 696 4913 τί
741 4859 803 4913 τὸ
838 4860 1046 4934 κέρδος,
1109 4865 1328 4937 ἡμίονον
1376 4868 1409 4940 ἢ
1439 4869 1603 4924 ἵππον
1638 4871 1716 4941 τῷ
1754 4874 1938 4946 χρυσῷ

372 4950 867 5020 κατακοσμεῖσθαι;
900 4954 934 5024 ἡ
962 4953 1020 5007 δέ
1058 4956 1197 5028 γυνὴ
1225 4959 1477 5015 τοσοῦτον
1500 4962 1663 5031 ὄγκον
1710 4968 1935 5036 χρυσίου

373 5042 729 5114 περικειμένη
776 5046 869 5099 καὶ
898 5046 1080 5112 λίθων,
1116 5050 1256 5104 τίτύ
1294 5052 1453 5106 πλέον
1480 5054 1627 5125 ἔχεις
1670 5058 1807 5111 Ἀλλ’
1838 5061 1938 5114 οὐκ

373 5132 681 5203 ἐκτρίϐεται
703 5134 772 5189 τά
809 5136 1028 5207 χρυσία,
1054 5140 1201 5211 φησί.
1233 5142 1483 5198 Μάλιστα
1515 5145 1614 5217 μὲν
1642 5147 1739 5202 καὶ
1782 5149 1937 5204 τοῦτο

373 5225 604 5296 πάσχειν
634 5229 795 5295 φασὶν
824 5230 875 5281 οἱ
895 5232 1023 5302 περὶ
1053 5232 1223 5287 ταῦτα
1244 5235 1425 5305 δεινοὶ,
1453 5238 1536 5292 ὅτι
1556 5240 1614 5293 ἐν
1640 5239 1936 5310 βαλανείοις

372 5319 466 5371 καὶ
512 5320 777 5392 πολλαχοῦ
808 5322 904 5377 καὶ
929 5322 1066 5378 λίθοι
1095 5327 1188 5379 καὶ
1217 5329 1413 5400 χρυσία
1459 5332 1592 5386 πολὺ
1637 5334 1739 5405 τῆς
1773 5337 1937 5408 τιμῆς

371 5410 714 5465 ἀποτίθεταιυ
742 5413 880 5485 πλὴν
924 5415 1039 5469 ἀλλ’
1078 5416 1219 5471 ἔστω
1246 5419 1422 5485 τοῦτο,
1466 5423 1560 5477 καὶ
1590 5425 1756 5497 μηδὲν
1804 5427 1935 5498 βλα-

372 5501 607 5556 πτέσθω·
638 5503 692 5557 τπί
714 5504 776 5558 τὸ
796 5506 1007 5577 κέρδος,
1035 5508 1157 5562 εἰπέ
1192 5528 1315 5580 μοι;
1349 5512 1402 5565 τί
1435 5512 1493 5567 δέ
1519 5532 1535 5581 ;
1581 5516 1708 5571 ὅταν
1728 5519 1935 5594 ἐκπέσῃ

334 5638 335 5641 η
372 5592 467 5645 καὶ
504 5593 792 5665 ἀπόληται,
829 5594 951 5669 οὐχ)¹
980 5598 1183 5670 ζημίας
1224 5602 1276 5653 τί
1300 5601 1356 5656 δέ
1386 5619 1402 5669 ;
1429 5604 1554 5659 ὅταν
1581 5606 1775 5675 φθόνον
1814 5592 1934 5663 ἐπιξ

362 5683 645 5759 ,σπάσηται
669 5687 761 5741 καὶ
804 5689 1115 5763 ἐπιϐουλὴν,
1161 5694 1283 5764 οὐχὶ
1337 5694 1546 5768 ζημίας
1606 5700 1774 5756 Ὅταν
1826 5704 1933 5778 γὰρ

1301 284 1371 341 ΙΝ
1408 283 1626 342 EPIST.
1657 284 1747 341 AD
1783 283 2073 345 PIIILIPP.
2110 285 2263 344 CAP.
2305 287 2391 346 Ill.
2429 290 2663 349 ΠΟΜΙΙ..
2697 292 2767 350 Χ.

3514 303 3623 359 260

2060 407 2240 482 ὠφελῇ
2271 412 2369 482 μὲν
2400 413 2567 485 μηδὲν
2592 416 2690 487 τὴν
2715 418 3121 490 περικειμένην,
3161 420 3359 494 ἐκκαίῃ
3403 420 3462 474 66
3492 426 3616 487 τοὺς

2055 503 2164 555 τῶν
2197 504 2469 576 φθονερῶν
2493 507 2825 579 ὀφθαλμοὺς,
2861 512 2955 563 καὶ
2990 512 3116 575 τοὺς
3139 511 3340 585 λῃστὰς
3375 514 3615 585 διεγείρῃ

2059 595 2280 664 μᾶλλον,
2328 598 2448 667 οὐχὶ
2474 599 2647 669 ζημία
2672 601 2913 669 γίνεται;
2972 604 3036 656 Τί
3062 603 3138 668 δὲ,
3178 605 3299 657 εἰπέ
3331 621 3420 674 μοι
3448 622 3463 671 ;
3490 605 3619 657 ὅταν

2055 686 2174 750 ἐξὸν
2196 687 2273 758 τῷ
2293 688 2443 757 ἀνδρὶ
2472 692 2778 762 χρήσασθαι
2808 692 3017 756 τούτοις
3059 697 3137 758 είς
3169 697 3400 766 πρᾶγμα
3432 695 3624 765 κέρδος

2057 774 2241 844 φέρον,
2273 777 2347 847 μὴ
2379 779 2600 853 δύνηται
2635 783 2691 835 δέ
2728 783 2813 836 διὰ
2857 785 2955 854 τὴν
2988 786 3085 855 τῆς
3111 787 3367 853 γυναικὸς
3399 786 3626 839 πολυτέ-

2055 863 2222 932 λειαν,
2260 868 2373 921 ἀλλ’
2412 872 2785 945 ἀναγκάζηται
2834 875 3123 946 λιμώττειν
3149 879 3239 930 καὶ
3273 882 3623 949 στενοχωρεῖ-

2056 956 2199 1022 σθαι,
2236 962 2494 1034 κάκείνην
2532 967 2663 1036 ὁρᾷν
2689 969 3149 1039 χρυσοφοροῦσαν,
3175 970 3297 1041 οὐχί
3340 970 3511 1041 ζημία
3560 972 3625 1024 τὸ

2053 1051 2318 1122 πρᾶγμας
2370 1056 2640 1127 Χρήματα
2666 1060 2772 1131 γὰρ
2798 1060 2885 1113 διὰ
2931 1061 3090 1115 τοῦτο
3121 1062 3358 1134 εἴρηται,
3390 1065 3485 1135 οὐχ
3537 1064 3625 1119 ἵνα

2054 1140 2197 1195 οὕτω
2219 1145 2479 1216 χρώμεθα
2501 1149 2704 1214 αὐτοῖς,
2728 1151 2978 1222 καθάπερ
2993 1154 3050 1206 αἱ
3077 1154 3353 1223 προθῆκαι
3376 1155 3484 1207 τῶν
3501 1174 3625 1226 χρυ-

2054 1235 2274 1304 σοχόων,
2323 1238 2435 1291 ἀλλ’
2469 1241 2554 1295 ἵνα
2600 1243 2963 1313 ἐργαζώμεθά
2994 1263 3047 1298 τι
3099 1246 3262 1301 καλὸν
3308 1250 3367 1300 ἐν
3416 1249 3619 1311 αὐτοῖς.

2051 1326 2218 1381 Ὅταν
2243 1327 2335 1382 οὖν
2370 1333 2399 1384 6
2443 1332 2537 1386 τοῦ
2566 1334 2765 1404 χρυσοῦ
2794 1337 2959 1399 πόθος
3004 1337 3078 1409 μὴ
3108 1339 3243 1409 ἀφῇ,
3279 1341 3399 1411 οὐχὶ
3448 1340 3623 1411 ζημία

2050 1419 2166 1473 ἐστὶ
2208 1421 2269 1473 τὸ
2305 1425 2444 1489 πᾶν;
2494 1426 2550 1478 ’0
2580 1428 2688 1498 γάρ
2748 1428 2823 1499 μὴ
2850 1429 3063 1500 τολμῶν
3089 1432 3271 1496 αὐτοῖς
3317 1433 3623 1504 χρήσασθαι

2048 1512 2237 1579 ῶσπερ
2274 1512 2593 1585 ἀλλοτρίοις,
2626 1518 2687 1569 οὐ
2727 1519 3011 1591 κέχρηται,
3068 1524 3162 1576 καὶ
3212 1524 3311 1577 οὐκ
3338 1524 3450 1578 ἔστι
3482 1526 3619 1595 χρῆ-

2050 1616 2134 1663 σις
2157 1601 2418 1673 οὐδαμοῦ.
2438 1607 2502 1658 Τί
2529 1607 2607 1667 δὲ,
2636 1608 2762 1661 ὅταν
2782 1611 2957 1675 οἰκίας
2974 1613 3343 1684 οἰκοδομῶμεν
3362 1615 3621 1686 λαμπρὰς

2050 1692 2144 1744 καὶ
2189 1695 2452 1763 μεγάλας,
2490 1700 2584 1752 καὶ
2632 1700 2775 1754 κίοσι
2807 1701 2904 1754 καὶ
2957 1705 3270 1775 μαρμάροις
3306 1706 3399 1760 καὶ
3439 1709 3621 1769 στοαῖς

2049 1781 2144 1834 καὶ
2176 1786 2498 1854 περιπάτοις
2521 1788 2724 1853 ταύτας
2751 1793 3210 1865 κατακοσμῶμεν,
3252 1796 3447 1850 εἴδωλα
3484 1815 3622 1851 παν-

2046 1873 2210 1941 ταχοῦ
2232 1876 2325 1927 καὶ
2363 1874 2522 1939 ξόανα
2558 1879 2840 1946 ίστῶντες;
2890 1883 3081 1937 Πολλοὶ
3107 1884 3205 1955 μέν
3241 1882 3335 1940 οὖν
3375 1887 3482 1939 ἀπὸ
3498 1886 3621 1940 τού-

2044 1981 2154 2018 των
2176 1968 2266 2019 καὶ
2304 1968 2563 2038 δαίμονας
2592 1973 2835 2027 καλοῦσι’
2876 1976 3013 2046 πλὴν
3043 1977 3180 2030 ἀλλά
3211 1978 3284 2049 μὴ
3316 1978 3488 2033 ταῦτα
3532 1980 3620 2045 ἐξ-

2046 2058 2345 2127 ετάσωμεν.
2386 2061 2452 2113 Τί
2485 2062 2733 2132 βούλεται
2784 2067 2876 2119 καὶ
2905 2069 2933 2119 6
2966 2068 3200 2138 χρυσοῦς
3230 2070 3452 2140 ὅροφος;
3498 2070 3621 2141 οὐχὶ

2043 2147 2143 2217 τὴν
2170 2147 2337 2220 αὐτὴν
2387 2151 2465 2222 τῷ
2501 2153 2640 2222 μετὰ
2672 2159 3013 2229 συμμετρίας
3045 2160 3223 2213 οὶκίαν
3260 2160 3436 2231 έχοντι
3477 2178 3622 2231 παρ-

2044 2239 2227 2309 έχεται
2256 2242 2356 2311 τὴν
2380 2243 2608 2312 χρῆσιν;
2648 2244 2787 2298 Ἀλλ’
2817 2247 2949 2317 ἔχει,
2981 2251 3136 2319 φησι,
3164 2250 3349 2323 τέρψιν
3395 2251 3614 2322 πολλήν.

2057 2329 2215 2385 Ἀλλά
2241 2331 2435 2403 μέχρις
2485 2335 2701 2405 ἡμέρας
2731 2338 2862 2404 μιᾶς
2890 2339 2985 2392 καὶ
3027 2338 3306 2411 δευτέρας,
3330 2341 3513 2395 λοιπὸν
3561 2342 3619 2394 δὲ

2041 2420 2245 2477 οὐκέτι.
2277 2424 2339 2475 Εἰ
2367 2423 2475 2493 γὰρ
2508 2426 2537 2477 ὁ
2558 2424 2710 2494 ἥλιος
2747 2428 2894 2497 ἡμᾶς
2917 2429 3017 2482 οὐκ
3049 2430 3337 2501 ἐκπλήττει
3363 2432 3451 2485 διά
3478 2432 3538 2484 τὸ
3561 2434 3622 2485 ἐν

2044 2510 2302 2583 συνηθείᾳ
2343 2508 2503 2578 εἶναι,
2533 2514 2711 2584 πολλῷ
2742 2516 2942 2586 μᾶλλον
2965 2518 3033 2571 τὰ
3087 2518 3222 2590 ἔργα
3253 2521 3351 2589 τῆς
3400 2521 3614 2591 τέχνης·

2043 2600 2156 2654 ἀλλ’
2186 2602 2385 2672 ὁμοίως
2426 2605 2540 2667 τοῖς
2590 2606 2857 2677 πηλίνοις,
2910 2611 3095 2673 αὐτοῖς
3141 2611 3501 2683 προσέχομεν.
3551 2612 3617 2664 Τί

2041 2692 2171 2762 γὰρ,
2205 2692 2327 2746 είπέ
2358 2710 2470 2763 μοι,
2526 2696 2604 2758 εἰς
2648 2696 2878 2769 ἀρίστην
2915 2699 3128 2769 οἴκησιν
3183 2700 3375 2755 κιόνων
3414 2702 3619 2772 πλῆθος

2041 2782 2137 2837 καὶ
2166 2782 2369 2849 ξοάνων
2397 2781 2566 2855 κάλλη
2600 2786 2700 2841 καὶ
2736 2789 2939 2858 χρυσὸς
2973 2792 3087 2854 τοῖς
3124 2792 3327 2863 τοίχοις
3359 2793 3617 2866 διεσπαρ-

2044 2869 2204 2938 μένος
2262 2872 2629 2943 συμϐάλλεται
2654 2887 2718 2941 ll;
2780 2877 2981 2943 Οὐδὲν,
3028 2878 3166 2933 ἀλλά
3212 2881 3467 2951 βλακείας
3519 2883 3617 2936 καὶ

2042 2961 2252 3032 ὐίϐρεως
2289 2965 2384 3017 καὶ
2409 2964 2578 3034 τύφου
2605 2968 2863 3038 περιττοῦ
2889 2969 2986 3025 καὶ
3025 2971 3209 3037 ἀνοίας
3232 2974 3370 3028 ἐστί.
3406 2975 3616 3029 Παντα-

2041 3053 2139 3123 χοῦ
2161 3053 2386 3124 δέήμᾶς
2412 3055 2524 3111 τῶν
2549 3057 2865 3126 ἀναγκαίων
2910 3058 3053 3116 εἶναι
3104 3063 3212 3135 χρὴ
3263 3067 3359 3119 καὶ
3401 3066 3510 3123 τῶν
3559 3069 3619 3122 ἐν

2040 3145 2219 3218 χρείᾳ,
2245 3148 2307 3200 οὐ
2335 3148 2447 3203 τῶν
2479 3151 2769 3223 περιττῶν.

2107 3345 2169 3399 δ’.
2188 3346 2621 3420 Ὀρᾷςὸτιζημία
2640 3350 2702 3404 :6
2726 3354 2979 3425 πράγμα;
2997 3354 3130 3426 ὁρᾷς
3148 3354 3229 3409 ὅτι
3249 3357 3504 3428 περιττὸν
3523 3361 3619 3413 καὶ

2038 3436 2294 3507 ἀνόνητόν
2321 3441 2467 3506 ἐστιν
2488 3457 2503 3506 ;
2542 3442 2603 3494 Εἰ
2625 3443 2732 3515 γάρ
2751 3446 2889 3515 μήτε
2910 3446 3101 3515 χρείαν
3121 3446 3352 3517 παρέχει
3372 3447 3615 3516 πλείονα,

2041 3529 2181 3599 μήτε
2205 3528 2395 3599 τέρψιν
2420 3530 2753 3604 (προσκορὴς
2790 3536 2900 3607 γὰρ
2923 3535 3002 3606 τῷ
3024 3538 3202 3609 χρόνῳ
3240 3538 3495 3611 γίνεται),
3525 3542 3618 3595 οὐ·

2036 3617 2123 3672 δέν
2179 3619 2363 3691 ἕτερόν
2409 3623 2557 3677 ἐστιν
2599 3624 2632 3695 ἢ
2675 3624 2871 3696 ζημία.
2914 3626 3054 3681 Ἀλλ’
3096 3628 3197 3682 οὐκ
3234 3630 3427 3702 ἀφίησι
3457 3631 3618 3684 τοῦτο

2036 3710 2169 3780 ὁρᾷν
2195 3712 2229 3780 ἡ
2258 3711 2535 3777 κενοδοξία
2566 3714 2876 3772 κωλύουσα.
2896 3714 3028 3773 Εἶτα
3054 3721 3084 3773 6
3112 3721 3212 3791 μὲν
3238 3722 3447 3789 Παῦλος
3470 3723 3617 3796 άπερ

2036 3800 2285 3871 ἐνόμιζεν
2318 3803 2468 3878 [280]
2522 3803 2661 3861 εἶναι
2688 3809 2876 3881 κέρδη,
2907 3813 3077 3866 ταῦτα
3131 3814 3334 3869 εἴασεν·
3370 3817 3531 3888 ἡμεῖς
3558 3818 3616 3872 δὲ

2035 3890 2157 3943 οὐδὲ
2202 3891 2302 3963 τὴν
2359 3892 2563 3965 ζημίαν
2610 3898 2838 3969 ἀφῶμεν
2886 3902 2976 3954 διὰ
3011 3904 3103 3957 τὸν
3130 3906 3394 3975 Χριστόν;
3437 3908 3615 3980 Μέχρι

2037 3981 2169 4035 πότε
2217 3987 2283 4055 τῇ
2310 3987 2379 4056 γῇ
2406 3986 2843 4059 προσηλώμεθα;
2877 3992 3039 4064 μέχρι
3075 3994 3222 4060 τίνος
3250 3997 3351 4051 οὐκ
3380 3998 3613 4053 ἀναϐλέ-

2035 4089 2210 4145 πομεν
2229 4077 2309 4139 είς
2333 4079 2423 4131 τὸν
2447 4079 2707 4150 οὐρανόν;
2740 4084 2850 4152 Οὐχ
2878 4086 3040 4155 ὁρᾶτε
3067 4086 3194 4149 τοὺς
3212 4092 3606 4161 γεγηρακότας,

2035 4165 2153 4229 πῶς
2174 4166 2425 4237 οὐδεμίαν
2440 4168 2547 4225 τῶν
2569 4172 2946 4242 παρελθόντων
2970 4175 3183 4246 ἔχουσιν
3205 4178 3489 4250 αῐσθησιν;
3514 4183 3613 4254 οὐχ

2034 4257 2199 4327 ὁρᾶτε
2230 4260 2357 4321 τοὺς
2386 4259 2771 4331 τελευτῶντας,
2800 4266 2926 4328 τοὺς
2966 4268 3025 4319 ἐν
3066 4269 3233 4340 γήρα,
3262 4272 3390 4334 τοὺς
3410 4273 3467 4324 ἐν
3493 4273 3612 4326 νεό-

2034 4364 2188 4418 τητι;
2213 4348 2311 4419 οὐχ
2342 4351 2504 4419 ὁρᾶτε
2527 4353 2652 4416 τοὺς
2681 4354 2740 4406 ἐν
2774 4354 2851 4425 τῷ
2878 4354 2978 4427 ζῇν
3010 4358 3487 4432 ἀπεστερημένους
3508 4365 3610 4417 αὐ-

2036 4439 2177 4505 τῶν;
2199 4441 2263 4493 Τί
2287 4444 2399 4505 τοῖς
2435 4442 2689 4509 ἀστάτοις
2717 4448 3208 4519 προστετὴκαμεν;
3241 4451 3295 4505 τι
3326 4454 3612 4525 προσδεδε-

2039 4530 2181 4599 μεθα
2203 4533 2313 4594 τοῖς
2351 4531 2665 4599 ἀϐεϐαίοις;
2721 4536 2882 4608 μέχρι
2919 4538 3062 4603 τίνος
3093 4541 3193 4595 οὐκ
3219 4542 3611 4617 ἀντιλαμϐανό-

2040 4621 2179 4692 μεθα
2206 4623 2314 4677 τῶν
2348 4625 2650 4694 μενόντων;
2688 4627 2756 4679 Τί
2779 4629 2879 4683 οὐκ
2906 4630 2972 4684 ἂν
3002 4632 3207 4687 ἔδωκαν
3233 4637 3285 4690 οἱ
3332 4640 3605 4712 γέροντες,

2036 4715 2090 4767 εί
2104 4731 2168 4783 γε
2186 4714 2311 4785 ἐνῆν
2331 4714 2594 4780 ἀποξέσαι
2618 4718 2679 4771 τὸ
2701 4719 2910 4790 γῆρας;
2950 4719 3082 4777 Εἶτα
3115 4727 3287 4797 πόσης
3326 4731 3426 4785 οὐκ
3461 4732 3608 4791 ἔστιν

2037 4807 2279 4876 ἀλογίας,
2303 4806 2583 4877 βούλεσθαι
2611 4811 2710 4881 μὲν
2730 4813 2822 4866 ἐπὶ
2848 4815 2947 4884 τὴν
2967 4818 3191 4890 νεότητα
3214 4821 3313 4892 τὴν
3337 4826 3609 4898 προτέραν

2037 4898 2371 4965 ἐπανελθεῖν,
2400 4900 2495 4954 καὶ
2544 4902 2722 4956 πάντα
2750 4905 2986 4970 εὐκόλως
3016 4908 3083 4962 ἂν
3118 4910 3255 4983 ὐπὲρ
3275 4916 3465 4968 τούτου
3488 4917 3608 4971 δοῦ-

2036 5005 2146 5054 ναι,
2167 4989 2309 5042 ὥστε
2335 4991 2593 5059 γενέσθαι
2639 4993 2921 5067 νεώτερον,
2976 5000 3149 5070 παρὸν
3180 5002 3237 5054 δὲ
3264 5006 3489 5075 νεότητα
3513 5007 3607 5060 λα-

2037 5079 2151 5135 ϐεῖν
2174 5080 2427 5135 οὐδέποτε
2458 5084 2634 5155 γῆρας
2664 5085 2895 5156 ἔχουσαν
2922 5090 3014 5142 καὶ
3029 5092 3254 5162 νεότητα
3286 5097 3423 5165 μετά
3445 5097 3607 5151 πλού-

2034 5188 2127 5227 τοι)
2160 5172 2354 5226 πολλοῦ
2377 5174 2511 5228 πολύ
2539 5180 3077 5251 πνευματικωτέραν,
3100 5184 3233 5254 μηδὲ
3261 5188 3455 5257 μικρὸν
3481 5189 3606 5258 βού-

2036 5261 2517 5336 λεσθαιπροέσθαι,
2541 5265 2677 5319 ἀλλά
2701 5269 2953 5339 κατέχειν
2969 5270 3039 5324 τὰ
3064 5274 3227 5343 μηδὲν
3242 5275 3322 5339 είς
3350 5277 3411 5329 τὸ
3431 5278 3606 5349 παρὸν

2036 5352 2381 5423 ώφελοῦντα;
2410 5354 2652 5413 Θανάτου
2686 5375 2745 5411 σε
2771 5360 3048 5425 ἐξελέσθαι
3092 5366 3153 5418 οὐ
3179 5365 3421 5434 δύναται,
3450 5370 3606 5425 νόσον

2097 5725 2122 5755 ⁸
2148 5712 2370 5780 C0islin.,
2395 5718 2495 5769 εἶπέ
2519 5735 2617 5783 μοι,
2636 5720 2682 5770 τί
2706 5723 3042 5786 συμϐάλλεται;
3067 5731 3173 5777 etc.
