4108 6410
485 305 584 361 20!

488 412 759 479 ἀπελάσαι
795 425 889 478 οὑκ
915 422 1111 495 ἰσχύει,
1141 425 1320 494 γῆρας
1343 435 1370 464 α
1393 420 1654 484 κωλῦσαι,
1684 418 1838 472 οὐδὲν
1853 414 2057 470 τούτων

486 515 595 568 τῶν
617 514 930 581 ἀναγκαίων
957 513 1207 567 καὶκατὰ
1231 513 1322 565 τὸν
1342 515 1441 582 τῆς
1468 511 1679 579 φύσεως
1705 509 1867 576 νόμον
1888 523 2059 575 παρα-

488 607 807 675 γινομένων*
863 605 956 657 καὶ
979 604 1058 656 ἔτι
1092 602 1268 657 αὑτῶν
1295 600 1421 674 έχῃ;
1475 600 1540 652 Τί
1571 599 1633 651 τὸ
1664 597 1872 668 κέρδος,
1937 594 2058 648 εἰπέ

490 712 622 767 μοις
681 693 960 749 Ἐντεῦθεν
993 693 1151 765 μέθη,
1187 692 1616 765 γαστριμαργία,
1640 689 1826 759 ἡδοναὶ
1869 690 2057 743 ἄτοποι

490 792 583 846 καὶ
636 791 1006 855 παντοδαπαὶ,
1069 788 1284 861 πικρῶν
1336 787 1611 841 δεσποτῶν
1663 782 1860 856 μᾶλλον
1910 782 2058 851 ἡμᾶς

487 879 924 936 κατατείνουσαι.
974 878 1157 932 Ταῦτα
1194 878 1302 931 ἀπὸ
1347 878 1442 931 τοῦ
1479 877 1709 930 πλούτου
1756 874 2057 944 κερδαίνειν

489 969 607 1023 ἔστι
641 969 819 1040 μόνον,
853 969 1040 1037 ἓτερον
1069 968 1125 1021 δὲ
1164 968 1336 1032 οὐδὲν,
1387 967 1573 1037 ἐπειδὴ
1621 967 1682 1019 οὑ
1738 962 2075 1036 βουλόμεθαο.

489 1060 610 1112 ἐπεὶ
626 1060 677 1111 εί
699 1075 762 1127 γε
790 1059 1072 1128 ἠθέλομεν,
1108 1058 1200 1112 τὸν
1236 1059 1462 1129 οὐρανὸν
1486 1057 1551 1111 ἂν
1578 1056 1739 1110 αὑτὸν
1768 1058 2055 1125 έκληρονο-

494 1150 745 1218 μήσαμεν
779 1147 887 1200 ἀπὸ
937 1147 1188 1203 πλούτου.
1249 1147 1457 1200 Οὑκοῦν
1506 1147 1669 1201 καλὸν
1714 1148 1744 1200 6
1806 1146 2054 1211 πλοῦτος,

491 1236 675 1308 φησιν.
701 1238 811 1306 Οὐχ
834 1240 861 1290 6
877 1237 1105 1301 πλοῦτος
1147 1238 1302 1292 τοῦτο
1319 1241 1479 1301 ποιεῖ,
1529 1238 1643 1291 ἀλλ’
1676 1237 1822 1309 ἡτοῦ
1859 1254 2057 1308 κεκτη-

495 1328 657 1399 μένου
684 1328 1020 1398 προαίρεσις·
1078 1330 1160 1382 ὅτι
1196 1329 1303 1399 γὰρ
1347 1329 1663 1399 προαίρεσις
1700 1328 1856 1381 τοῦτο
1892 1332 2055 1392 ποιεῖ,

492 1419 682 1474 σκόπει
713 1420 980 1473 ἐντεῦθεν·
1007 1422 1180 1473 ἔνεστι
1209 1421 1304 1474 καὶ
1331 1418 1423 1474 τὸν
1475 1419 1679 1489 πένητα
1711 1422 2055 1491 κατακληρο-

489 1512 722 1583 νομῆσαι
752 1511 845 1563 τὸν
871 1511 1118 1582 οὐρανόν.
1152 1512 1332 1584 Ὅπερ
1355 1512 1463 1585 γάρ
1497 1513 1754 1575 πολλάκις
1791 1509 1944 1565 εἷπον
1993 1514 2055 1567 οὑ

490 1600 568 1671 τῷ
598 1601 780 1672 μέτρῳ
808 1599 915 1653 τῶν
936 1600 1225 1671 διδομένων
1257 1605 1286 1655 6
1312 1603 1443 1667 Θεὸς
1480 1606 1757 1675 προσέχει,
1805 1603 1942 1657 ἀλλὰ
1988 1606 2053 1674 τῇ

490 1691 808 1761 προαιρέσει
838 1689 947 1743 τῶν
996 1692 1362 1764 παρεχόντων.
1402 1695 1615 1747 Ἐνεστι
1667 1695 1761 1748 καὶ
1811 1695 1869 1746 ὲν
1898 1694 2057 1764 πενίᾳ

489 1783 635 1847 ὄντα,
659 1783 755 1836 καὶ
777 1782 932 1850 ὀλίγα
954 1782 1130 1845 δόντα,
1158 1784 1220 1837 τὸ
1247 1786 1353 1838 πᾶν
1387 1786 1811 1854 ἀπενέγκασθαι.
1840 1787 1921 1840 Τά
1949 1786 2056 1858 γάρ

491 1873 632 1928 κατά
655 1872 882 1942 δύναμιν
910 1875 938 1925 6
958 1872 1089 1936 Θεὸς
1114 1874 1353 1927 ἀπαιτεῖ·
1382 1874 1505 1928 οὔτε
1535 1876 1763 1940 πλοῦτος
1807 1874 2059 1946 προξενεῖ

488 1965 580 2019 τὸν
608 1964 855 2035 οὐρανὸν,
886 1961 1009 2017 οὔτε
1057 1966 1218 2019 πενία
1255 1966 1351 2035 τὴν
1380 1966 1622 2033 γέενναν,
1680 1965 1794 2019 ἀλλ’
1824 1966 2057 2037 ἑκάτερα

491 2054 811 2126 προαίρεσις
855 2052 1033 2124 ἀγαθὴ
1063 2057 1157 2108 καὶ
1201 2057 1469 2127 μοχθηρά.
1520 2057 1737 2128 Ταύτην
1772 2054 1865 2112 οὖν
1910 2057 2056 2129 διορ-

490 2142 771 2212 θώσωμεν,
832 2147 1035 2215 ταύτην
1088 2145 1558 2215 ἀνακτησώμεθα,
1613 2148 1816 2218 ταύτην
1857 2149 2055 2219 ῥυθμί-

490 2251 692 2304 σωμεν,
734 2236 829 2289 καὶ
876 2237 1053 2290 πάντα
1079 2240 1207 2307 ἡμῖν
1228 2236 1377 2291 ἔσται
1406 2238 1622 2292 εὔκολα.
1658 2240 1923 2311 Καθάπερ
1950 2242 2057 2313 γὰρ

486 2323 516 2374 6
542 2324 812 2394 τεχνίτης,
852 2324 916 2379 ἄν
943 2343 1003 2379 τε
1042 2327 1314 2397 σιδηροῦν,
1366 2328 1432 2382 ἄν
1452 2346 1511 2380 τε
1543 2331 1774 2399 χρυσοῦν
1814 2332 2055 2402 σκέπαρ-

486 2430 577 2467 νον
609 2414 727 2487 έχῃ,
761 2416 961 2485 ὁμοίως
1005 2418 1294 2487 ἐργάζεται
1336 2419 1404 2473 τά
1455 2418 1607 2484 ξύλα,
1655 2421 1855 2491 μᾶλλον
1889 2423 1945 2476 δὲ
1998 2425 2056 2475 ὲν

484 2504 564 2577 τῷ
602 2508 806 2579 σιδηρῷ
841 2508 1023 2562 πλέον·
1074 2508 1218 2563 οὑτω
1261 2511 1355 2565 καὶ
1391 2512 1642 2579 ἐνταῦθα,
1694 2514 2056 2585 εὐκολώτερον

488 2596 687 2668 μᾶλλον
735 2598 822 2651 διὰ
845 2601 943 2670 τῆς
973 2600 1221 2672 πενίαςὴ
1270 2603 1437 2672 ἀρετὴ
1495 2602 1873 2675 κατορθοῦται.
1921 2606 2055 2677 Περὶ⁵

488 2690 588 2758 μὲν
619 2688 727 2758 γὰρ
754 2688 848 2741 τοῦ
890 2689 1119 2743 πλούτου
1149 2693 1310 2759 φησὶν
1342 2695 1371 2745 6
1419 2694 1675 2763 Χριστὸς,
1720 2695 2055 2758 Εὐκολώτε-

479 2793 591 2845 ρον
640 2776 914 2846 κάμηλον
939 2778 1034 2832 διὰ
1054 2781 1378 2849 τρυμαλιᾶς
1391 2782 1645 2849 ῥαφίδος
1675 2783 1988 2848 εἰσελθεῖν,
2013 2785 2051 2854 ἢ

483 2869 785 2922 πλούσιον
819 2871 907 2935 εὶς
934 2870 1049 2937 τὴν
1083 2871 1411 2935 ,ϐασιλείαν
1444 2871 1560 2925 τῶν
1594 2874 1884 2941 οὐρανῶν.
1920 2877 2054 2948 Περὶ

483 2958 544 3013 δὲ
576 2961 677 3031 τῆς
702 2960 894 3024 πενίας
940 2962 1093 3015 οὐδὲν
1126 2963 1364 3017 τοιοῦτον
1399 2965 1736 3036 ἀπεφήνατο,
1787 2966 1922 3021 ἀλλά
1960 2969 2053 3022 καὶ

484 3050 793 3106 τούναντίον
815 3068 829 3082 ·
852 3054 1147 3120 Πὼἁησον
1165 3055 1238 3108 τὰ
1258 3055 1626 3126 ὑπάρχοντα,
1653 3058 1751 3111 καὶ
1775 3058 1880 3125 δὸς
1902 3076 2053 3114 πτω-

485 3142 637 3210 χοῖς,
667 3143 767 3197 καὶ
797 3144 974 3213 δεῦρο
997 3146 1311 3202 ἀκολούθει
1332 3166 1455 3218 μοι,
1480 3150 1555 3215 ὼς
1581 3152 1646 3205 ὲκ
1668 3153 1765 3222 τῆς
1790 3154 2049 3226 προαιρέ-

486 3251 625 3300 σεως
652 3238 752 3308 τῆς
783 3236 1189 3310 ἀκολουθήσεως
1216 3241 1400 3314 οὑσης.

551 3444 615 3495 ε’.
632 3438 721 3511 Μὴ
741 3439 919 3493 τοίνυν
934 3441 1221 3513 φεύγωμεν
1240 3445 1338 3514 τήν
1360 3446 1570 3513 πενίαν,
1588 3448 1664 3513 ὡς
1685 3452 1938 3523 πονηρόν*
1956 3453 2051 3524 βα-

484 3528 684 3594 σιλείας
709 3531 818 3603 γάρ
853 3533 968 3586 ἐστι
998 3534 1252 3605 πρόξενος
1275 3552 1288 3566 ·
1330 3540 1427 3593 καὶ
1461 3540 1621 3594 πάλιν
1661 3542 1735 3614 μὴ
1761 3543 2048 3616 διώκωμεν

480 3621 573 3676 τὸν
601 3622 848 3689 πλοῦτον,
891 3622 968 3688 ῶς
1003 3626 1204 3694 ἀγαθόν
1224 3644 1238 3660 ο
1268 3629 1393 3692 τοὺς
1420 3630 1528 3702 γὰρ
1571 3633 1644 3703 μὴ
1684 3636 2047 3707 προσέχοντας

482 3713 777 3768 ἀπόλλυσιν
799 3730 812 3746 ·
852 3714 987 3770 ἀλλά
1020 3717 1296 3788 πανταχοῦ
1328 3720 1389 3772 τὸ
1429 3720 1583 3793 ὄμμα
1616 3724 1749 3794 πρὸς
1789 3725 1881 3780 τὸν
1914 3726 2047 3782 Θεὸν

483 3804 868 3868 ἀνατείνοντες,
887 3806 1145 3876 χρώμεθα
1161 3810 1238 3872 είς
1257 3809 1373 3863 δέον
1388 3815 1500 3875 τοῖς
1522 3813 1893 3885 ὑπηργμένοις
1915 3820 2045 3889 ἡμῖν

482 3890 632 3964 [281]
649 3894 776 3963 παρ’
797 3894 984 3959 αὑτοῦ,
1004 3896 1099 3948 καὶ
1121 3897 1344 3968 δυνάμει
1363 3900 1631 3972 σώματος,
1652 3904 1745 3958 καὶ
1763 3909 2046 3979 περιουσίᾳ

482 3985 798 4056 χρημάτων,
830 3986 926 4039 καὶ
957 3989 1069 4050 τοῖς
1089 3987 1265 4052 ἄλλοις
1294 3989 1515 4046 ἅπασιν.
1548 3995 1783 4050 Ἀτοπον
1811 3999 1919 4070 γὰρ
1953 4000 2044 4054 ὑπ’

481 4075 647 4131 αὑτοῦ
682 4077 1031 4147 γενομένους,
1061 4079 1267 4149 ἑτέροις
1293 4082 1464 4136 ταῦτα
1490 4085 1749 4156 παρέχειν
1774 4092 2041 4162 χρήσιμα,

479 4163 616 4217 ἀλλά
646 4164 719 4235 μὴ
751 4165 828 4235 τῷ
866 4167 1185 4237 πεποιηκότι
1215 4170 1383 4239 ἡμᾶς.
1427 4172 1680 4245 Ἐποίησέ
1724 4193 1804 4230 σοι
1847 4178 2044 4248 ὀφθαλ-

483 4256 615 4326 μούς
638 4274 654 4291 ο
690 4258 910 4322 τούτους
937 4258 1086 4330 αὑτῷ
1126 4262 1330 4331 πάρεχε
1360 4264 1684 4335 χρησίμους,
1720 4268 1793 4340 μὴ
1823 4270 1901 4341 τῷ
1924 4271 2043 4325 δια-

476 4349 637 4420 δόλῳ.
676 4350 802 4415 Πῶς
833 4351 891 4404 δὲ
927 4350 1076 4422 αὑτῷ
1108 4353 1396 4424 παρέξεις;
1443 4354 1524 4409 Ta
1567 4358 1841 4429 κτίσματα
1877 4364 2040 4418 αὑτοῦ

478 4441 698 4513 θεωρῶν
719 4482 734 4506 ,
765 4443 861 4496 καὶ
897 4443 1132 4510 δοξάζων
1165 4447 1355 4510 αὑτὸν,
1392 4448 1486 4501 καὶ
1526 4449 1754 4519 ἀπάγων
1794 4454 1892 4525 τῆς
1934 4456 2041 4511 τῶν

475 4532 748 4599 γυναικῶν
771 4532 965 4604 ὅψεως.
1009 4534 1149 4589 Ἀλλ’
1179 4536 1402 4606 ἐποίησέ
1446 4554 1527 4591 σοι
1569 4543 1789 4612 χεῖρας;
1827 4544 2041 4607 Ταύτας

475 4622 625 4694 αὑτῷ
651 4624 914 4695 κέκτησο,
952 4625 1026 4697 μὴ
1054 4626 1131 4698 τῷ
1158 4628 1409 4700 διαόόλῳ,
1448 4632 1523 4702 μὴ
1548 4635 1628 4696 είς
1661 4634 1915 4705 ἁρπαγὰς
1947 4638 2041 4692 καὶ

477 4707 818 4776 πλεονεξίας,
864 4710 979 4764 ἀλλ’
1013 4714 1093 4777 είς
1135 4715 1355 4780 ὲντολάς
1389 4718 1483 4771 καὶ
1521 4720 1796 4789 εὐποιίας,
1829 4722 1923 4776 καὶ
1962 4726 2041 4788 είς

474 4799 643 4871 εὑχάς
670 4802 908 4865 ἐκτενεῖς
942 4804 1236 4860 ἀνατείνων
1261 4808 1451 4872 αὑτὰς,
1487 4812 1565 4874 είς
1590 4811 1650 4864 τὸ
1682 4815 1792 4876 τοῖς
1826 4830 2040 4868 πεπτω-

476 4891 628 4946 κόσιν
650 4892 864 4962 ὀρέγειν
891 4895 1067 4964 χεῖρα.
1113 4896 1365 4968 Ἐποίησέ
1392 4916 1474 4953 σοι
1504 4894 1650 4967 ῶτα;
1682 4902 1867 4959 Ταῦτα
1890 4906 2038 4976 αὑτῷ

476 4981 704 5052 πάρεχε,
729 4982 865 5037 ἀλλὰ
906 4983 982 5057 μὴ
1013 4988 1126 5050 τοῖς
1155 4987 1635 5061 διακεκλασμένοις
1659 4994 1864 5065 μέλεσι,
1901 4998 2037 5069 μηδὲ

474 5076 593 5137 ταῖς
629 5074 881 5144 αἰσχραῖς
927 5077 1118 5140 ἀκοαῖς
1144 5092 1157 5107 ³
1192 5078 1368 5133 Πᾶσα
1409 5082 1517 5153 γὰρ
1556 5083 1839 5153 διήγησις
1885 5102 2033 5157 σου,

475 5164 667 5235 φησὶν,
699 5165 769 5218 ἐν
800 5166 960 5234 νόμῳ
999 5166 1294 5235 Ὑψίστου
1324 5170 1482 5225 ἔστω
1508 5189 1521 5202 ·
1564 5176 1660 5229 καὶ
1696 5176 1888 5244 πάλιν,
1941 5180 2038 5234 Ἐν

473 5252 710 5320 πλήθει,
740 5254 895 5324 φησὶ,
926 5259 1340 5326 πρεσϐυτέρων
1366 5260 1565 5331 στῆθι,
1604 5265 1780 5320 καίει
1802 5285 1893 5335 τις
1930 5286 2034 5324 σο-

471 5346 607 5415 φὸς,
654 5345 814 5412 αὐτῷ
863 5351 1371 5419 προσκολλήθητι.
1418 5354 1666 5427 Ἐποίησέ
1710 5376 1791 5413 σοι
1832 5361 2030 5432 στόμα;

472 5435 645 5491 τοῦτο
697 5438 863 5510 μηδὲν
901 5441 1188 5511 πραττέτω
1233 5442 1338 5499 τῶν
1391 5444 1467 5517 μὴ
1508 5446 1809 5507 δοκούντων
1850 5453 2029 5525 αὐτῷ»

536 5700 560 5729 ⁸
590 5700 737 5751 Forte
757 5702 812 5751 οὑ
829 5708 986 5764 γῆρας,

1254 305 1313 361 S.
1350 301 1633 361 JOANNIS
1668 293 2149 358 CHRYSOSTOMI
2189 292 2503 353 ARCHIEP.
2535 296 3083 355 CONSTANTINOP.

3610 298 3720 353 262

2163 412 2299 466 ἀλλὰ
2322 412 2661 484 ψαλμῳδίας,
2698 414 2920 486 ὕμνους,
2956 415 3094 486 ᾠδὰς
3126 416 3498 486 πνευματικὰς
3519 415 3723 487 ᾀδέτωο

2165 502 2288 558 Ἵνα
2318 504 2400 569 δῷ
2429 506 2639 575 χάριν,
2678 507 2839 577 φησὶ,
2872 507 2997 573 τοῖς
3027 507 3381 570 ἀκούουσιν,
3415 509 3495 570 είς
3526 509 3728 562 οἰκοδο-

2166 595 2304 665 μήν,
2338 598 2435 650 καὶ
2467 599 2540 669 μὴ
2566 601 2644 663 είς
2665 599 3062 671 καταστροφὴν,
3096 601 3173 662 είς
3197 599 3492 668 εὐφημίαν,
3526 600 3619 653 καὶ⁵
3652 600 3727 669 μὴ

2162 688 2242 749 εἰς
2274 688 2623 758 κατηγορίαν,
2678 690 2753 761 μὴ
2802 693 2881 754 είς
2920 689 3233 752 ὲπιὸουλάς,
3267 689 3405 743 ἀλλὰ
3454 691 3564 743 πᾶν
3604 690 3726 743 τοὺ-

2160 777 2391 831 ναντίον.
2437 780 2687 849 Ἐποίησέ
2718 798 2799 834 σοι
2832 780 3019 846 πόδας,
3043 782 3141 850 οὑχ
3171 780 3257 834 ἵνα
3284 780 3485 853 τρέχῃς
3512 781 3604 833 ἐπὶ
3629 798 3728 834 κα-

2160 867 2284 920 κίαν
2306 909 2321 933 ,
2352 869 2465 922 ἀλλ’
2500 870 2590 923 ἐπὶ
2622 871 2829 938 ἀγαθά’
2868 872 3089 943 ἐποίησέ
3123 889 3203 924 σοι
3227 871 3489 942 γαστέρα,
3513 872 3610 941 οὑχ
3640 872 3726 925 Eva

2160 959 2527 1032 διαῤῥηγνύῃς
2551 962 2749 1032 αὑτὴν,
2778 964 2895 1017 ἀλλ’
2921 963 3007 1017 ἴνα
3035 963 3330 1035 φιλοσοφῇς
3350 981 3363 994 ·
3394 964 3588 1034 έθηκεν
3610 966 3728 1017 ὲπι-

2162 1050 2360 1120 θυμίαν
2394 1054 2528 1123 πρὸς
2572 1055 2944 1119 παιδοποιίαν,
2993 1055 3110 1108 ἀλλ’
3141 1055 3201 1108 οὑ
3254 1055 3389 1125 πρὸς
3426 1056 3723 1126 πορνείαν,

2151 1142 2254 1194 ’καὶ
2294 1144 2537 1213 μοιχείαν
2561 1160 2574 1172 ·
2616 1145 2782 1198 έδωκέ
2807 1162 2891 1197 σοι
2924 1145 3047 1198 νοῦν
3067 1186 3081 1211 ,
3113 1147 3210 1216 οὑχ
3246 1146 3332 1199 Eva
3365 1146 3526 1200 αὑτὸν
3566 1147 3726 1216 βλασ-

2161 1237 2368 1305 φημῇς,
2393 1236 2490 1306 οὑχ
2519 1236 2604 1289 ἴνα
2636 1235 2872 1307 λοίδορος
2889 1233 2974 1310 ᾖς,
3001 1237 3114 1290 ἀλλ’
3140 1238 3228 1290 Eva
3249 1238 3501 1307 εὑφημῇς
3520 1254 3535 1269 ⁸
3560 1237 3728 1292 ἔδωκε

2162 1324 2256 1377 καὶ
2285 1326 2565 1396 χρήματα,
2603 1328 2691 1380 Eva
2729 1329 2806 1389 εἰς
2831 1328 2949 1381 δέον
2979 1328 3161 1392 αὐτοῖς
3193 1328 3451 1399 χρώμεθα
3472 1345 3487 1360 ο
3523 1332 3616 1383 καὶ
3646 1332 3726 1383 ίσ-

2161 1416 2282 1485 χὺν,
2334 1416 2420 1469 Eva
2478 1419 2573 1471 καὶ⁵
2631 1418 2803 1490 ταύτῃ
2867 1420 2948 1482 είς
3005 1418 3122 1472 δέον
3174 1414 3324 1489 ὦμεν
3374 1420 3724 1491 κεχρημένοι.

2175 1509 2427 1579 Ἐποίησε
2461 1510 2689 1580 τέχνας,
2724 1512 2812 1566 Eva
2852 1511 2964 1582 βίος
3001 1513 3326 1583 συνεστήκῃ,
3366 1513 3463 1582 οὑχ
3503 1513 3588 1566 ἵνα
3619 1514 3726 1567 τῶν

2162 1598 2546 1667 πνευματικῶν
2574 1599 3010 1670 ἀποχωρίσωμεν
3064 1601 3312 1665 ἑαυτοὺς,
3361 1602 3459 1672 οὐχ
3497 1602 3582 1654 ἴνα
3608 1605 3727 1666 ταῖς

2165 1687 2450 1759 βαναύσοις
2467 1691 2820 1762 προσέχωμεν
2832 1691 3065 1762 τέχναις,
3091 1691 3227 1745 ἀλλὰ
3244 1696 3363 1757 ταῖς
3380 1695 3723 1762 ἀναγκαίαιςο

2164 1779 2248 1832 ἵνα
2281 1779 2528 1851 ἀλλήλοις
2579 1782 2961 1854 ὑπηρετῶμεν,
2989 1784 3086 1854 οὑχ
3114 1784 3200 1837 ἵνα
3228 1783 3473 1854 ἀλλήλοις
3506 1786 3726 1840 ἐπιϐου-

2174 1869 2439 1942 λεύωμεν.
2475 1872 2709 1926 Ἔδωκεν
2730 1872 2945 1944 ὄροφον,
2972 1874 3059 1927 Eva
3098 1875 3261 1945 στέγῃ
3294 1875 3383 1928 τὸν
3421 1875 3572 1929 ὑετὸν
3604 1893 3726 1929 τοσ-

2163 1963 2319 2017 οῦτον
2369 1964 2561 2035 μόνον,
2608 1966 2704 2035 οὑχ
2738 1964 2827 2018 Eva
2874 1965 3281 2036 καλλωπίζηται
3319 1957 3474 2031 οὗτος
3520 1968 3619 2037 μὲν
3648 1967 3725 2038 τῷ

2163 2058 2382 2128 χρυσῷ,
2424 2059 2451 2110 ὁ
2476 2058 2534 2110 δὲ
2579 2058 2746 2129 πένης
2777 2058 3153 2130 διαφθείρηται
3192 2058 3270 2130 τῷ
3315 2058 3490 2131 λιμῷ·
3527 2061 3726 2115 ἔδωκεν

2166 2148 2373 2218 ἱμάτια,
2405 2148 2491 2201 Eva
2562 2148 2924 2219 σκεπώμεθα,
2967 2151 3065 2221 οὑχ
3110 2150 3195 2203 ἵνα
3235 2152 3724 2222 ἐπιδεικνυώμεθα,

2162 2242 2261 2311 οὑχ
2285 2241 2373 2293 ἵνα
2397 2239 2568 2293 ταῦτα
2608 2241 2705 2311 μὲν
2797 2243 2928 2296 πολὺ
2955 2241 3147 2313 ἔχοντα
3183 2244 3403 2314 χρυσίον
3423 2287 3438 2309 ,
3465 2246 3492 2298 6
3519 2245 3574 2298 δὲ
3594 2247 3637 2298 Χ
3648 2263 3727 2318 ρι-

2165 2332 2289 2396 στὸς
2316 2333 2522 2403 γυμνὸς
2552 2332 2885 2405 ἀπολλύηται
2903 2350 2916 2362 ·
2944 2333 3110 2388 ἔδωκε
3143 2339 3359 2406 στέγην,
3385 2337 3483 2407 οὑχ
3510 2338 3595 2391 ἵνα
3631 2338 3727 2407 μό-

2161 2441 2251 2487 νος
2286 2423 2445 2495 ἔχῃς,
2477 2423 2592 2477 ἀλλ’
2621 2425 2707 2478 Eva
2741 2425 2835 2479 καὶ
2868 2425 3047 2489 ἄλλοις
3079 2428 3321 2499 παρέχῃς
3344 2445 3359 2459 ·
3392 2429 3556 2482 ἔδωκε
3587 2431 3723 2500 γῆν,

2159 2512 2258 2585 οὑχ
2280 2516 2366 2567 ἵνα
2395 2516 2459 2569 σὺ
2483 2516 2545 2569 τὸ
2573 2516 2733 2570 πλέον
2760 2509 2928 2588 αὐτῆς
2956 2518 3387 2591 ὑποτεμνόμενος
3410 2523 3490 2585 είς
3521 2522 3722 2595 πόρνας

2161 2606 2255 2658 καὶ
2301 2606 2570 2676 ὀρχηστὰς
2616 2607 2711 2660 καὶ
2758 2608 2957 2677 μίμους
2998 2610 3092 2662 καὶ
3127 2610 3365 2682 αὐλητὰς
3407 2614 3499 2665 καὶ
3536 2613 3725 2683 κιθαρ-

2159 2698 2330 2768 ῳδοὺς
2357 2697 2652 2769 ἀναλίσκῃς
2683 2699 2751 2753 τὰ
2778 2699 2871 2752 τοῦ
2893 2700 3026 2754 Θεοῦ
3048 2702 3246 2770 ἀγαθὰ,
3263 2703 3376 2756 ἀλλ’
3394 2706 3468 2767 εἰς
3500 2704 3726 2758 πεινῶν-

2159 2805 2256 2851 τας
2280 2789 2375 2843 καὶ
2401 2791 2708 2861 δεομένους.
2754 2792 2962 2846 Ἔδωκέ
2991 2811 3071 2847 σοι
3101 2793 3387 2858 θάλατταν,
3416 2796 3503 2850 ἵνα
3530 2796 3721 2867 πλέῃς,

2158 2880 2246 2933 ἵνα
2290 2882 2364 2952 μὴ
2406 2884 2622 2954 κάμνῃς
2652 2883 2968 2955 ὁδοιπορῶν,
3006 2886 3102 2956 οὐχ
3144 2886 3229 2940 Eva
3258 2886 3595 2957 περιεργάζῃ
3624 2889 3722 2940 αὑ-

2157 2972 2258 3041 τῆς
2300 2973 2369 3026 τὰ
2409 2973 2570 3044 βάθη,
2617 2975 2712 3029 καὶ
2748 2974 2928 3039 λίθους
2971 2977 3063 3030 καὶ
3107 2978 3205 3032 ὅσα
3254 2978 3478 3032 τοιαῦτα
3512 2978 3722 3032 ἐκεῖθεν

2156 3065 2462 3138 ἀναφέρῃς,
2519 3066 2629 3120 οὐδ’
2669 3068 2757 3121 ἴνα
2800 3068 2958 3138 ἔργον
3001 3068 3160 3123 τοῦτο
3214 3074 3365 3142 ποιῇ.
3416 3070 3573 3134 Τίνος
3626 3066 3719 3125 οὖν

2156 3156 2371 3221 ἕνεκεν,
2427 3158 2622 3229 φησὶν,
2659 3160 2709 3212 οἱ
2750 3159 2919 3227 λίθοι;
2960 3160 3095 3215 Είπὲ
3143 3161 3205 3232 δή
3244 3179 3331 3231 μοι
3372 3160 3571 3231 μᾶλλον
3620 3162 3719 3229 σὺ,

2154 3246 2298 3310 τίνος
2333 3248 2517 3303 ’ένεκεν
2561 3251 2612 3302 οἱ
2648 3250 2817 3317 λίθοι,
2863 3254 2957 3306 καὶ
3002 3252 3117 3315 πῶς
3144 3251 3317 3315 οὓτως
3355 3254 3493 3307 εἰσὶν
3524 3255 3720 3307 ἐκεῖνοι

2157 3340 2479 3413 βαρύτιμοι;
2510 3336 2619 3414 ἆρα
2656 3348 2722 3416 τῇ
2761 3345 3016 3417 δυνάμεις
3062 3344 3170 3418 ἆρα
3206 3350 3271 3418 τῇ
3313 3349 3535 3419 χρήσει;
3570 3349 3720 3403 Μᾶλ-

2154 3432 2243 3485 λον
2267 3433 2363 3501 μὲν
2392 3428 2486 3487 οὖν
2510 3435 2561 3487 οἱ
2596 3436 2669 3508 μὴ
2692 3436 2919 3491 τοιοῦτοι
2948 3439 3226 3510 χρήσιμοι.
3260 3442 3321 3493 OE
3360 3442 3457 3511 μὲν
3481 3441 3589 3512 γὰρ
3615 3441 3717 3494 κᾶν

2155 3521 2288 3591 πρὸς
2314 3522 2598 3594 οἰκοδομὴν
2629 3525 3044 3595 συμϐάλλονται,
3083 3529 3279 3583 ἐκεῖνοι
3301 3528 3357 3583 δὲ
3380 3531 3516 3600 πρὸς
3542 3529 3712 3586 οὐδέν.

2152 3612 2263 3665 Καὶ
2287 3606 2433 3666 οὑτοι
2474 3615 2697 3668 ἐκείνων
2742 3618 3093 3690 ἰσχυρότεροι.
3134 3620 3272 3673 Ἀλλ’
3313 3622 3528 3686 ἐκεῖνοι,
3561 3622 3713 3693 φησὶ,

2153 3701 2346 3765 κάλλος
2374 3704 2715 3774 ἐργάζονται.
2762 3706 2914 3773 Πῶς;
2947 3708 3263 3779 ὑπολήψεώς
3304 3710 3419 3762 ἐστι
3461 3708 3614 3782 [9.82]
3650 3710 3713 3764 τὸ

2151 3792 2327 3863 ἔργον.
2372 3796 2693 3868 Λευκότεροί
2728 3799 2894 3862 είσιν;
2956 3797 3091 3851 Ἀλλ’
3128 3799 3225 3852 οὐκ
3271 3801 3376 3852 εἰσὶ
3420 3803 3712 3872 μαρμάρου

2149 3882 2245 3937 τοῦ
2279 3886 2486 3955 σφόδρα
2510 3886 2703 3941 λευκοῦ
2740 3889 3069 3961 λευκότεροι,
3099 3890 3212 3944 ἀλλ’
3242 3891 3363 3945 οὑδὲ
3403 3892 3525 3945 ἴσοι.
3574 3894 3695 3947 Ἀλλ

2153 3976 2527 4048 ίσχυρὸτεροι;
2577 3979 2714 4032 Ἀλλ’
2768 3981 2888 4033 οὐδὲ
2938 3981 3092 4035 τοῦτο
3141 3981 3252 4051 ἔχοι
3295 3999 3379 4043 τις
3415 3982 3480 4036 ἂν
3520 3986 3709 4039 εἰπεῖν.

2163 4068 2319 4121 Ἀλλά
2368 4068 2803 4143 χρησιμώτεροι;
2870 4073 3006 4127 ἀλλὰ
3064 4074 3322 4145 μείζουςς
3388 4075 3527 4128 Ἀλλ’
3589 4077 3711 4129 οὑδὲ

2146 4159 2324 4213 τοῦτο.
2353 4161 2523 4215 Πόθεν
2550 4158 2643 4216 οὖν
2668 4162 3119 4237 ὲθαυμάσθησαν;
3170 4167 3306 4220 Ἀλλ’
3335 4168 3435 4221 οὑκ
3467 4168 3707 4235 ἄλλοθεν,

2145 4250 2259 4303 ἀλλ’
2293 4250 2325 4321 ἢ
2367 4251 2474 4305 ἀπὸ
2513 4252 2851 4325 ὑπολήψεως.
2887 4256 2949 4309 EE
2976 4256 3084 4328 γὰρ
3121 4259 3254 4328 μήτε
3282 4259 3532 4322 καλλίους
3574 4261 3709 4313 εἰσὶν

2147 4337 2485 4410 (εὑρήσομεν
2517 4342 2625 4415 γὰρ
2666 4345 2842 4398 αὑτῶν
2871 4348 3363 4418 περιφανεστέρους
3400 4349 3494 4403 καὶ
3522 4351 3710 4403 λευκο-

2145 4427 2396 4498 τέρους),
2444 4432 2580 4502 μήτε
2615 4435 2907 4504 χρήσιμοι,
2945 4438 3083 4507 μήτε
3134 4438 3499 4511 ἰσχυρότεροι,
3546 4440 3709 4494 πόθεν

2145 4519 2319 4585 οὕτως
2360 4522 2816 4596 ὲθαυμάσθησανς
2849 4528 2969 4599 οὑχὶ
2997 4529 3105 4584 ἀπὸ
3142 4531 3459 4603 ὑπολήψεως
3504 4535 3705 4605 μόνης;

2146 4613 2300 4676 Τίνος
2322 4608 2413 4667 οῦν
2446 4614 2631 4669 ἕνεκεν
2659 4616 2857 4672 ἔδωκεν
2883 4620 3114 4686 αὑτούς;
3154 4623 3266 4676 Οὐκ
3295 4624 3455 4688 αὐτὸς
3484 4625 3702 4691 ἔδωκεν,

2145 4702 2281 4756 ἀλλὰ
2322 4704 2387 4756 σὺ
2420 4704 2675 4774 ἐνόμισας
2712 4709 2854 4777 μέγα
2883 4726 2936 4762 τι
2972 4706 3129 4764 εἶναι.
3171 4712 3235 4762 Τί
3266 4708 3377 4775 οὖν,
3410 4716 3591 4783 φησὶν.
3624 4717 3706 4769 ὃτι

2145 4796 2238 4848 καὶ
2269 4796 2302 4865 ή
2347 4795 2537 4867 Γραφὴ
2566 4797 2787 4862 τούτους
2825 4801 3123 4870 θαυμάζεις
3152 4802 3294 4871 Πρὸς
3314 4803 3410 4873 τὴν
3440 4806 3705 4875 ὑπόληψιν

2143 4886 2327 4939 λοιπὸν
2350 4887 2652 4956 διαλέγεται
2677 4890 2775 4958 τὴν
2800 4890 2917 4960 σήν.
2958 4892 3107 4944 Ἐπεὶ
3128 4891 3218 4946 καὶ
3247 4892 3559 4957 διδάσκαλος
3581 4912 3700 4947 παι-

2142 4980 2237 5051 δίῳ
2268 4980 2673 5050 διαλεγόμενος,
2707 4981 2776 5035 τά
2802 4981 2938 5035 αὑτά
2973 4983 3164 5055 ἐκείνῳ
3202 4984 3465 5056 πολλαχοῦ
3494 4985 3705 5055 θαυμά-

2142 5072 2261 5138 ζει,
2301 5073 2427 5125 ὅταν
2470 5073 2601 5126 αὑτὸ
2628 5072 2880 5144 βούληται
2918 5075 3321 5131 ἐπισπάσασθαι
3366 5078 3460 5131 καὶ
3492 5080 3704 5148 ὑπαγα-

2139 5164 2351 5233 γέσθαι.
2395 5164 2459 5216 Τί
2503 5164 2696 5228 κάλλος
2737 5164 3011 5236 ἐπιζητεῖς
3067 5168 3322 5238 ίματίων;
3375 5170 3595 5240 Ἰματίῳ
3642 5188 3701 5224 σε

2141 5253 2402 5324 περίδαλε
2438 5255 2531 5307 καὶ
2563 5255 2903 5327 ὑποδήμασιν
2922 5274 2939 5289 ο
2968 5258 3179 5324 τούτοις
3215 5261 3443 5332 κοσμοῦ,
3474 5263 3531 5316 ὲν
3575 5262 3699 5315 τού-

2137 5362 2248 5409 τοις
2291 5345 2483 5413 ἀρκοῦ.
2545 5346 2904 5417 Ἐπιθυμητὰ
2946 5352 2974 5404 6
3030 5350 3192 5405 Δαυῖδ
3244 5356 3395 5422 ὑπὲρ
3445 5355 3699 5423 χρυσίον

2138 5436 2293 5506 φησὶ,
2313 5438 2407 5490 καὶ
2423 5438 2596 5490 λίθον
2611 5438 2802 5507 τίμιον
2822 5440 3020 5495 πολὺν
3038 5442 3111 5495 τὰ
3125 5444 3377 5513 κρίματα
3398 5444 3505 5498 τοῦ
3529 5443 3694 5498 Θεοῦ.

2138 5526 2322 5582 Ταῦτα
2357 5527 2412 5581 δὲ
2440 5528 2542 5581 ποῦ
2580 5529 2736 5597 λόγον
2774 5530 2840 5585 ἂν
2872 5531 3018 5603 ἐχοι;
3047 5533 3162 5586 Οὑκ
3194 5534 3308 5588 ἐστι
3342 5534 3531 5600 ταῦτα,
3563 5536 3698 5604 ἁγα-

2140 5619 2332 5687 πητοὶ,
2363 5621 2604 5691 χρήσιμα
2625 5638 2639 5651 ·
2685 5622 2734 5674 εί
2766 5622 3008 5694 χρήσιμα
3042 5620 3133 5696 ἦν,
3179 5626 3277 5679 οὑκ
3311 5625 3375 5679 ἃν
3414 5626 3696 5680 ἐκέλευσεν

2140 5708 2318 5764 αὑτῶν
2350 5714 2706 5784 καταφρονεῖν
2730 5729 2744 5744 ο
2798 5713 2934 5769 ἀλλὰ
2978 5714 3115 5786 πρὸς
3148 5717 3246 5788 τήν
3294 5716 3559 5789 ὑπόληψιν
3596 5715 3695 5787 τὴν
