  <div class='ocr_page' id='page_1' title='image "/cluster/home/n/w/nwhite01/storage/ocr_20150623/62/nnc1.0046979654/268.png"; bbox 0 0 4108 6410; ppageno 0'>
   <div class='ocr_carea' id='block_1_1' title="bbox 378 299 480 356">
    <p class='ocr_par' dir='ltr' id='par_1_1' title="bbox 378 299 480 356">
     <span class='ocr_line' id='line_1_1' title="bbox 378 299 480 356; baseline 0.02 -2"><span class='ocrx_word' id='word_1_1' title='bbox 378 299 480 356; x_wconf 68' lang='lat'><strong>261</strong></span> 
     </span>
    </p>
   </div>
   <div class='ocr_carea' id='block_1_2' title="bbox 376 412 1958 487">
    <p class='ocr_par' dir='ltr' id='par_1_2' title="bbox 376 412 1958 487">
     <span class='ocr_line' id='line_1_2' title="bbox 376 412 1958 487; baseline 0 -17"><span class='ocrx_word' id='word_1_2' title='bbox 376 416 714 487; x_wconf 87' lang='lat' dir='ltr'><strong>juventntem</strong></span> <span class='ocrx_word' id='word_1_3' title='bbox 755 412 970 480; x_wconf 89' lang='lat' dir='ltr'><strong>redire,</strong></span> <span class='ocrx_word' id='word_1_4' title='bbox 1019 420 1182 484; x_wconf 89' lang='lat' dir='ltr'><strong>atque</strong></span> <span class='ocrx_word' id='word_1_5' title='bbox 1235 413 1391 484; x_wconf 84' lang='lat' dir='ltr'><strong>hujus</strong></span> <span class='ocrx_word' id='word_1_6' title='bbox 1440 413 1516 468; x_wconf 89' lang='lat' dir='ltr'><strong>rei</strong></span> <span class='ocrx_word' id='word_1_7' title='bbox 1567 416 1958 484; x_wconf 87' lang='lat' dir='ltr'><strong>consequendae</strong></span> 
     </span>
    </p>
   </div>
   <div class='ocr_carea' id='block_1_3' title="bbox 378 502 1962 576">
    <p class='ocr_par' dir='ltr' id='par_1_3' title="bbox 378 502 1962 576">
     <span class='ocr_line' id='line_1_3' title="bbox 378 502 1962 576; baseline 0 -16"><span class='ocrx_word' id='word_1_8' title='bbox 378 520 541 561; x_wconf 88' lang='lat' dir='ltr'><strong>causa</strong></span> <span class='ocrx_word' id='word_1_9' title='bbox 573 503 726 561; x_wconf 81' lang='lat' dir='ltr'><strong>facile</strong></span> <span class='ocrx_word' id='word_1_10' title='bbox 755 504 934 559; x_wconf 84' lang='lat' dir='ltr'><strong>omnia</strong></span> <span class='ocrx_word' id='word_1_11' title='bbox 963 502 1131 569; x_wconf 88' lang='lat' dir='ltr'><strong>dare;</strong></span> <span class='ocrx_word' id='word_1_12' title='bbox 1163 519 1285 559; x_wconf 92' lang='lat' dir='ltr'><strong>cum</strong></span> <span class='ocrx_word' id='word_1_13' title='bbox 1332 520 1461 558; x_wconf 92' lang='lat' dir='ltr'><strong>vero</strong></span> <span class='ocrx_word' id='word_1_14' title='bbox 1506 504 1667 559; x_wconf 90' lang='lat' dir='ltr'><strong>liceat</strong></span> <span class='ocrx_word' id='word_1_15' title='bbox 1703 506 1962 576; x_wconf 91' lang='lat' dir='ltr'><strong>consequi</strong></span> 
     </span>
    </p>
   </div>
   <div class='ocr_carea' id='block_1_4' title="bbox 374 596 1960 667">
    <p class='ocr_par' dir='ltr' id='par_1_4' title="bbox 374 596 1960 667">
     <span class='ocr_line' id='line_1_4' title="bbox 374 596 1960 667; baseline 0.001 -17"><span class='ocrx_word' id='word_1_16' title='bbox 374 598 743 667; x_wconf 90' lang='lat' dir='ltr'><strong>juventutem,</strong></span> <span class='ocrx_word' id='word_1_17' title='bbox 770 596 854 650; x_wconf 91' lang='lat' dir='ltr'><strong>cui</strong></span> <span class='ocrx_word' id='word_1_18' title='bbox 889 610 993 649; x_wconf 92' lang='lat' dir='ltr'><strong>non</strong></span> <span class='ocrx_word' id='word_1_19' title='bbox 1021 596 1274 651; x_wconf 92' lang='lat' dir='ltr'><strong>succedat</strong></span> <span class='ocrx_word' id='word_1_20' title='bbox 1310 605 1597 663; x_wconf 88' lang='lat' dir='ltr'><strong>senectus,</strong></span> <span class='ocrx_word' id='word_1_21' title='bbox 1624 596 1960 664; x_wconf 73' lang='lat' dir='ltr'><strong>iuventutem</strong></span> 
     </span>
    </p>
   </div>
   <div class='ocr_carea' id='block_1_5' title="bbox 378 688 1959 759">
    <p class='ocr_par' dir='ltr' id='par_1_5' title="bbox 378 688 1959 759">
     <span class='ocr_line' id='line_1_5' title="bbox 378 688 1959 759; baseline 0 -15"><span class='ocrx_word' id='word_1_22' title='bbox 378 690 559 744; x_wconf 87' lang='lat' dir='ltr'><strong>multis</strong></span> <span class='ocrx_word' id='word_1_23' title='bbox 581 704 705 746; x_wconf 87' lang='lat' dir='ltr'><strong>cum</strong></span> <span class='ocrx_word' id='word_1_24' title='bbox 731 689 932 744; x_wconf 77' lang='lat' dir='ltr'><strong>divitiis</strong></span> <span class='ocrx_word' id='word_1_25' title='bbox 956 688 1294 758; x_wconf 90' lang='lat' dir='ltr'><strong>conjunctam</strong></span> <span class='ocrx_word' id='word_1_26' title='bbox 1317 689 1594 759; x_wconf 88' lang='lat' dir='ltr'><strong>multoque</strong></span> <span class='ocrx_word' id='word_1_27' title='bbox 1618 689 1959 756; x_wconf 89' lang='lat' dir='ltr'><strong>vivaciorem,</strong></span> 
     </span>
    </p>
   </div>
   <div class='ocr_carea' id='block_1_6' title="bbox 378 780 1960 852">
    <p class='ocr_par' dir='ltr' id='par_1_6' title="bbox 378 780 1960 852">
     <span class='ocr_line' id='line_1_6' title="bbox 378 780 1960 852; baseline 0 -17"><span class='ocrx_word' id='word_1_28' title='bbox 378 796 480 836; x_wconf 92' lang='lat' dir='ltr'><strong>nec</strong></span> <span class='ocrx_word' id='word_1_29' title='bbox 519 782 739 851; x_wconf 88' lang='lat' dir='ltr'><strong>paulum</strong></span> <span class='ocrx_word' id='word_1_30' title='bbox 781 780 1034 852; x_wconf 83' lang='lat' dir='ltr'><strong>quiddam</strong></span> <span class='ocrx_word' id='word_1_31' title='bbox 1088 780 1229 835; x_wconf 84' lang='lat' dir='ltr'><strong>velle</strong></span> <span class='ocrx_word' id='word_1_32' title='bbox 1256 780 1423 848; x_wconf 88' lang='lat' dir='ltr'><strong>dare,</strong></span> <span class='ocrx_word' id='word_1_33' title='bbox 1467 780 1563 836; x_wconf 91' lang='lat' dir='ltr'><strong>sed</strong></span> <span class='ocrx_word' id='word_1_34' title='bbox 1591 795 1657 837; x_wconf 89' lang='lat' dir='ltr'><strong>ea</strong></span> <span class='ocrx_word' id='word_1_35' title='bbox 1686 781 1960 847; x_wconf 90' lang='lat' dir='ltr'><strong>retinere,</strong></span> 
     </span>
    </p>
   </div>
   <div class='ocr_carea' id='block_1_7' title="bbox 376 871 1965 944">
    <p class='ocr_par' dir='ltr' id='par_1_7' title="bbox 376 871 1965 944">
     <span class='ocr_line' id='line_1_7' title="bbox 376 871 1965 944; baseline -0.001 -16"><span class='ocrx_word' id='word_1_36' title='bbox 376 889 500 943; x_wconf 69' lang='lat' dir='ltr'><strong>quae</strong></span> <span class='ocrx_word' id='word_1_37' title='bbox 546 874 708 928; x_wconf 91' lang='lat' dir='ltr'><strong>etiam</strong></span> <span class='ocrx_word' id='word_1_38' title='bbox 763 873 818 927; x_wconf 92' lang='lat' dir='ltr'><strong>in</strong></span> <span class='ocrx_word' id='word_1_39' title='bbox 856 873 1107 944; x_wconf 69' lang='lat' dir='ltr'><strong>praesenti</strong></span> <span class='ocrx_word' id='word_1_40' title='bbox 1157 872 1289 928; x_wconf 87' lang='lat' dir='ltr'><strong>nihil</strong></span> <span class='ocrx_word' id='word_1_41' title='bbox 1340 872 1602 943; x_wconf 74' lang='lat' dir='ltr'><strong>prosunt?</strong></span> <span class='ocrx_word' id='word_1_42' title='bbox 1659 871 1739 927; x_wconf 83' lang='lat' dir='ltr'><strong>Ex</strong></span> <span class='ocrx_word' id='word_1_43' title='bbox 1791 881 1965 928; x_wconf 87' lang='lat' dir='ltr'><strong>morte</strong></span> 
     </span>
    </p>
   </div>
   <div class='ocr_carea' id='block_1_8' title="bbox 376 963 1962 1037">
    <p class='ocr_par' dir='ltr' id='par_1_8' title="bbox 376 963 1962 1037">
     <span class='ocr_line' id='line_1_8' title="bbox 376 963 1962 1037; baseline -0.002 -15"><span class='ocrx_word' id='word_1_44' title='bbox 376 966 618 1022; x_wconf 75' lang='lat' dir='ltr'><strong>eximere</strong></span> <span class='ocrx_word' id='word_1_45' title='bbox 662 975 715 1021; x_wconf 87' lang='lat' dir='ltr'><strong>te</strong></span> <span class='ocrx_word' id='word_1_46' title='bbox 744 980 850 1021; x_wconf 92' lang='lat' dir='ltr'><strong>non</strong></span> <span class='ocrx_word' id='word_1_47' title='bbox 880 974 1135 1037; x_wconf 89' lang='lat' dir='ltr'><strong>possunt,</strong></span> <span class='ocrx_word' id='word_1_48' title='bbox 1190 980 1294 1020; x_wconf 91' lang='lat' dir='ltr'><strong>non</strong></span> <span class='ocrx_word' id='word_1_49' title='bbox 1325 964 1571 1020; x_wconf 85' lang='lat' dir='ltr'><strong>morbum</strong></span> <span class='ocrx_word' id='word_1_50' title='bbox 1603 963 1918 1036; x_wconf 83' lang='lat' dir='ltr'><strong>propulsare</strong></span> <span class='ocrx_word' id='word_1_51' title='bbox 1943 1004 1962 1032; x_wconf 94' lang='lat'><strong>,</strong></span> 
     </span>
    </p>
   </div>
   <div class='ocr_carea' id='block_1_9' title="bbox 377 1056 1961 1131">
    <p class='ocr_par' dir='ltr' id='par_1_9' title="bbox 377 1056 1961 1131">
     <span class='ocr_line' id='line_1_9' title="bbox 377 1056 1961 1131; baseline -0.003 -15"><span class='ocrx_word' id='word_1_52' title='bbox 377 1076 486 1116; x_wconf 90' lang='lat' dir='ltr'><strong>non</strong></span> <span class='ocrx_word' id='word_1_53' title='bbox 522 1059 809 1131; x_wconf 79' lang='lat' dir='ltr'><strong>prohibere</strong></span> <span class='ocrx_word' id='word_1_54' title='bbox 836 1067 1164 1117; x_wconf 70' lang='lat' dir='ltr'><strong>senectutem</strong></span> <span class='ocrx_word' id='word_1_55' title='bbox 1185 1098 1204 1125; x_wconf 95' lang='lat'><strong>,</strong></span> <span class='ocrx_word' id='word_1_56' title='bbox 1235 1066 1328 1112; x_wconf 89' lang='lat' dir='ltr'><strong>aut</strong></span> <span class='ocrx_word' id='word_1_57' title='bbox 1366 1056 1661 1128; x_wconf 86' lang='lat' dir='ltr'><strong>quidquam</strong></span> <span class='ocrx_word' id='word_1_58' title='bbox 1690 1056 1835 1112; x_wconf 86' lang='lat' dir='ltr'><strong>aliud</strong></span> <span class='ocrx_word' id='word_1_59' title='bbox 1864 1070 1961 1111; x_wconf 91' lang='lat' dir='ltr'><strong>eo-</strong></span> 
     </span>
    </p>
   </div>
   <div class='ocr_carea' id='block_1_10' title="bbox 376 1149 1961 1221">
    <p class='ocr_par' dir='ltr' id='par_1_10' title="bbox 376 1149 1961 1221">
     <span class='ocr_line' id='line_1_10' title="bbox 376 1149 1961 1221; baseline -0.003 -14"><span class='ocrx_word' id='word_1_60' title='bbox 376 1168 530 1215; x_wconf 90' lang='lat' dir='ltr'><strong>rum,</strong></span> <span class='ocrx_word' id='word_1_61' title='bbox 583 1166 703 1221; x_wconf 78' lang='lat' dir='ltr'><strong>quze</strong></span> <span class='ocrx_word' id='word_1_62' title='bbox 756 1150 1147 1207; x_wconf 83' lang='lat' dir='ltr'><strong>necessarioet</strong></span> <span class='ocrx_word' id='word_1_63' title='bbox 1194 1149 1487 1205; x_wconf 90' lang='lat' dir='ltr'><strong>secundum</strong></span> <span class='ocrx_word' id='word_1_64' title='bbox 1536 1161 1741 1203; x_wconf 60' lang='lat' dir='ltr'><strong>natura;</strong></span> <span class='ocrx_word' id='word_1_65' title='bbox 1789 1150 1961 1219; x_wconf 86' lang='lat' dir='ltr'><strong>legem</strong></span> 
     </span>
    </p>
   </div>
   <div class='ocr_carea' id='block_1_11' title="bbox 374 1237 1963 1312">
    <p class='ocr_par' dir='ltr' id='par_1_11' title="bbox 374 1237 1963 1312">
     <span class='ocr_line' id='line_1_11' title="bbox 374 1237 1963 1312; baseline -0.001 -14"><span class='ocrx_word' id='word_1_66' title='bbox 374 1244 663 1310; x_wconf 90' lang='lat' dir='ltr'><strong>accidunt,</strong></span> <span class='ocrx_word' id='word_1_67' title='bbox 701 1251 758 1299; x_wconf 90' lang='lat' dir='ltr'><strong>et</strong></span> <span class='ocrx_word' id='word_1_68' title='bbox 785 1243 961 1298; x_wconf 88' lang='lat' dir='ltr'><strong>adhuc</strong></span> <span class='ocrx_word' id='word_1_69' title='bbox 1001 1243 1108 1297; x_wconf 90' lang='lat' dir='ltr'><strong>illis</strong></span> <span class='ocrx_word' id='word_1_70' title='bbox 1152 1241 1368 1299; x_wconf 73' lang='lat' dir='ltr'><strong>hzeres?</strong></span> <span class='ocrx_word' id='word_1_71' title='bbox 1400 1240 1600 1312; x_wconf 87' lang='lat' dir='ltr'><strong>Ecquid</strong></span> <span class='ocrx_word' id='word_1_72' title='bbox 1648 1237 1831 1296; x_wconf 76' lang='lat' dir='ltr'><strong>lucri?</strong></span> <span class='ocrx_word' id='word_1_73' title='bbox 1875 1241 1963 1297; x_wconf 91' lang='lat' dir='ltr'><strong>dic</strong></span> 
     </span>
    </p>
   </div>
   <div class='ocr_carea' id='block_1_12' title="bbox 374 1334 1959 1401">
    <p class='ocr_par' dir='ltr' id='par_1_12' title="bbox 374 1334 1959 1401">
     <span class='ocr_line' id='line_1_12' title="bbox 374 1334 1959 1401; baseline -0.003 -10"><span class='ocrx_word' id='word_1_74' title='bbox 374 1336 532 1392; x_wconf 89' lang='lat' dir='ltr'><strong>mihi.</strong></span> <span class='ocrx_word' id='word_1_75' title='bbox 578 1336 714 1390; x_wconf 82' lang='lat' dir='ltr'><strong>Hinc</strong></span> <span class='ocrx_word' id='word_1_76' title='bbox 754 1335 1018 1401; x_wconf 76' lang='lat' dir='ltr'><strong>ebrietas,</strong></span> <span class='ocrx_word' id='word_1_77' title='bbox 1050 1334 1318 1400; x_wconf 80' lang='lat' dir='ltr'><strong>edacitas,</strong></span> <span class='ocrx_word' id='word_1_78' title='bbox 1350 1334 1625 1390; x_wconf 57' lang='lat' dir='ltr'><strong>obscaena:</strong></span> <span class='ocrx_word' id='word_1_79' title='bbox 1664 1348 1728 1389; x_wconf 92' lang='lat' dir='ltr'><strong>ac</strong></span> <span class='ocrx_word' id='word_1_80' title='bbox 1776 1334 1959 1388; x_wconf 87' lang='lat' dir='ltr'><strong>multi-</strong></span> 
     </span>
    </p>
   </div>
   <div class='ocr_carea' id='block_1_13' title="bbox 374 1426 1959 1499">
    <p class='ocr_par' dir='ltr' id='par_1_13' title="bbox 374 1426 1959 1499">
     <span class='ocr_line' id='line_1_13' title="bbox 374 1426 1959 1499; baseline -0.003 -15"><span class='ocrx_word' id='word_1_81' title='bbox 374 1430 540 1499; x_wconf 78' lang='lat' dir='ltr'><strong>plices</strong></span> <span class='ocrx_word' id='word_1_82' title='bbox 582 1428 914 1498; x_wconf 77' lang='lat' dir='ltr'><strong>voluptates,</strong></span> <span class='ocrx_word' id='word_1_83' title='bbox 965 1443 1085 1498; x_wconf 82' lang='lat' dir='ltr'><strong>quae</strong></span> <span class='ocrx_word' id='word_1_84' title='bbox 1129 1428 1298 1497; x_wconf 88' lang='lat' dir='ltr'><strong>magis</strong></span> <span class='ocrx_word' id='word_1_85' title='bbox 1344 1441 1502 1498; x_wconf 89' lang='lat' dir='ltr'><strong>quam</strong></span> <span class='ocrx_word' id='word_1_86' title='bbox 1550 1428 1717 1481; x_wconf 91' lang='lat' dir='ltr'><strong>amari</strong></span> <span class='ocrx_word' id='word_1_87' title='bbox 1756 1426 1959 1481; x_wconf 91' lang='lat' dir='ltr'><strong>domini</strong></span> 
     </span>
    </p>
   </div>
   <div class='ocr_carea' id='block_1_14' title="bbox 375 1518 1957 1589">
    <p class='ocr_par' dir='ltr' id='par_1_14' title="bbox 375 1518 1957 1589">
     <span class='ocr_line' id='line_1_14' title="bbox 375 1518 1957 1589; baseline -0.001 -14"><span class='ocrx_word' id='word_1_88' title='bbox 375 1536 475 1575; x_wconf 92' lang='lat' dir='ltr'><strong>nos</strong></span> <span class='ocrx_word' id='word_1_89' title='bbox 504 1520 854 1575; x_wconf 87' lang='lat' dir='ltr'><strong>excruciant?</strong></span> <span class='ocrx_word' id='word_1_90' title='bbox 897 1519 1023 1573; x_wconf 68' lang='lat' dir='ltr'><strong>llmc</strong></span> <span class='ocrx_word' id='word_1_91' title='bbox 1050 1520 1224 1574; x_wconf 91' lang='lat' dir='ltr'><strong>solum</strong></span> <span class='ocrx_word' id='word_1_92' title='bbox 1253 1535 1319 1574; x_wconf 84' lang='lat' dir='ltr'><strong>ex</strong></span> <span class='ocrx_word' id='word_1_93' title='bbox 1369 1518 1571 1574; x_wconf 81' lang='lat' dir='ltr'><strong>divitiis</strong></span> <span class='ocrx_word' id='word_1_94' title='bbox 1602 1519 1798 1573; x_wconf 91' lang='lat' dir='ltr'><strong>lucrari</strong></span> <span class='ocrx_word' id='word_1_95' title='bbox 1832 1534 1957 1589; x_wconf 89' lang='lat' dir='ltr'><strong>pos-</strong></span> 
     </span>
    </p>
   </div>
   <div class='ocr_carea' id='block_1_15' title="bbox 373 1611 1956 1682">
    <p class='ocr_par' dir='ltr' id='par_1_15' title="bbox 373 1611 1956 1682">
     <span class='ocr_line' id='line_1_15' title="bbox 373 1611 1956 1682; baseline -0.001 -16"><span class='ocrx_word' id='word_1_96' title='bbox 373 1626 576 1677; x_wconf 89' lang='lat' dir='ltr'><strong>sumus,</strong></span> <span class='ocrx_word' id='word_1_97' title='bbox 603 1612 743 1666; x_wconf 90' lang='lat' dir='ltr'><strong>aliud</strong></span> <span class='ocrx_word' id='word_1_98' title='bbox 774 1627 904 1666; x_wconf 90' lang='lat' dir='ltr'><strong>vero</strong></span> <span class='ocrx_word' id='word_1_99' title='bbox 933 1612 1098 1679; x_wconf 91' lang='lat' dir='ltr'><strong>nihil,</strong></span> <span class='ocrx_word' id='word_1_100' title='bbox 1122 1611 1551 1682; x_wconf 81' lang='lat' dir='ltr'><strong>quandoquidem</strong></span> <span class='ocrx_word' id='word_1_101' title='bbox 1578 1612 1647 1665; x_wconf 89' lang='lat' dir='ltr'><strong>ita</strong></span> <span class='ocrx_word' id='word_1_102' title='bbox 1673 1612 1919 1666; x_wconf 91' lang='lat' dir='ltr'><strong>volumus</strong></span> <span class='ocrx_word' id='word_1_103' title='bbox 1943 1629 1956 1666; x_wconf 90' lang='lat'><strong>:</strong></span> 
     </span>
    </p>
   </div>
   <div class='ocr_carea' id='block_1_16' title="bbox 374 1701 1957 1771">
    <p class='ocr_par' dir='ltr' id='par_1_16' title="bbox 374 1701 1957 1771">
     <span class='ocr_line' id='line_1_16' title="bbox 374 1701 1957 1771; baseline -0.001 -14"><span class='ocrx_word' id='word_1_104' title='bbox 374 1717 498 1757; x_wconf 90' lang='lat' dir='ltr'><strong>nam</strong></span> <span class='ocrx_word' id='word_1_105' title='bbox 540 1703 587 1757; x_wconf 92' lang='lat' dir='ltr'><strong>si</strong></span> <span class='ocrx_word' id='word_1_106' title='bbox 639 1702 861 1766; x_wconf 83' lang='lat' dir='ltr'><strong>liberet,</strong></span> <span class='ocrx_word' id='word_1_107' title='bbox 913 1701 1104 1755; x_wconf 85' lang='lat' dir='ltr'><strong>caelum</strong></span> <span class='ocrx_word' id='word_1_108' title='bbox 1153 1716 1287 1756; x_wconf 87' lang='lat' dir='ltr'><strong>sane</strong></span> <span class='ocrx_word' id='word_1_109' title='bbox 1318 1702 1491 1771; x_wconf 89' lang='lat' dir='ltr'><strong>ipsum</strong></span> <span class='ocrx_word' id='word_1_110' title='bbox 1520 1701 1718 1757; x_wconf 89' lang='lat' dir='ltr'><strong>divitiis</strong></span> <span class='ocrx_word' id='word_1_111' title='bbox 1764 1716 1957 1756; x_wconf 90' lang='lat' dir='ltr'><strong>conse-</strong></span> 
     </span>
    </p>
   </div>
   <div class='ocr_carea' id='block_1_17' title="bbox 370 1794 1959 1866">
    <p class='ocr_par' dir='ltr' id='par_1_17' title="bbox 370 1794 1959 1866">
     <span class='ocr_line' id='line_1_17' title="bbox 370 1794 1959 1866; baseline -0.001 -17"><span class='ocrx_word' id='word_1_112' title='bbox 370 1811 677 1865; x_wconf 85' lang='lat' dir='ltr'><strong>queremur.</strong></span> <span class='ocrx_word' id='word_1_113' title='bbox 740 1796 880 1866; x_wconf 83' lang='lat' dir='ltr'><strong>Ergo</strong></span> <span class='ocrx_word' id='word_1_114' title='bbox 924 1794 1158 1861; x_wconf 90' lang='lat' dir='ltr'><strong>bonum,</strong></span> <span class='ocrx_word' id='word_1_115' title='bbox 1206 1795 1417 1865; x_wconf 84' lang='lat' dir='ltr'><strong>inquit,</strong></span> <span class='ocrx_word' id='word_1_116' title='bbox 1446 1794 1667 1849; x_wconf 86' lang='lat' dir='ltr'><strong>divitiae.</strong></span> <span class='ocrx_word' id='word_1_117' title='bbox 1713 1794 1827 1849; x_wconf 88' lang='lat' dir='ltr'><strong>Non</strong></span> <span class='ocrx_word' id='word_1_118' title='bbox 1858 1795 1959 1849; x_wconf 88' lang='lat' dir='ltr'><strong>hoc</strong></span> 
     </span>
    </p>
   </div>
   <div class='ocr_carea' id='block_1_18' title="bbox 370 1886 1959 1958">
    <p class='ocr_par' dir='ltr' id='par_1_18' title="bbox 370 1886 1959 1958">
     <span class='ocr_line' id='line_1_18' title="bbox 370 1886 1959 1958; baseline -0.002 -16"><span class='ocrx_word' id='word_1_119' title='bbox 370 1889 570 1942; x_wconf 74' lang='lat' dir='ltr'><strong>divitia:</strong></span> <span class='ocrx_word' id='word_1_120' title='bbox 594 1896 878 1958; x_wconf 64' lang='lat' dir='ltr'><strong>praestant,</strong></span> <span class='ocrx_word' id='word_1_121' title='bbox 903 1887 998 1942; x_wconf 91' lang='lat' dir='ltr'><strong>sed</strong></span> <span class='ocrx_word' id='word_1_122' title='bbox 1027 1887 1354 1958; x_wconf 86' lang='lat' dir='ltr'><strong>possessoris</strong></span> <span class='ocrx_word' id='word_1_123' title='bbox 1383 1886 1667 1941; x_wconf 89' lang='lat' dir='ltr'><strong>consilium</strong></span> <span class='ocrx_word' id='word_1_124' title='bbox 1689 1894 1743 1942; x_wconf 85' lang='lat' dir='ltr'><strong>et</strong></span> <span class='ocrx_word' id='word_1_125' title='bbox 1768 1887 1959 1940; x_wconf 82' lang='lat' dir='ltr'><strong>volun—</strong></span> 
     </span>
    </p>
   </div>
   <div class='ocr_carea' id='block_1_19' title="bbox 371 1978 1955 2049">
    <p class='ocr_par' dir='ltr' id='par_1_19' title="bbox 371 1978 1955 2049">
     <span class='ocr_line' id='line_1_19' title="bbox 371 1978 1955 2049; baseline -0.002 -14"><span class='ocrx_word' id='word_1_126' title='bbox 371 1988 476 2035; x_wconf 89' lang='lat' dir='ltr'><strong>tas.</strong></span> <span class='ocrx_word' id='word_1_127' title='bbox 509 1980 756 2035; x_wconf 88' lang='lat' dir='ltr'><strong>Liberum</strong></span> <span class='ocrx_word' id='word_1_128' title='bbox 797 1980 939 2034; x_wconf 71' lang='lat' dir='ltr'><strong>cutim</strong></span> <span class='ocrx_word' id='word_1_129' title='bbox 971 1980 1252 2034; x_wconf 89' lang='lat' dir='ltr'><strong>arbitrium</strong></span> <span class='ocrx_word' id='word_1_130' title='bbox 1283 1994 1405 2035; x_wconf 90' lang='lat' dir='ltr'><strong>esse</strong></span> <span class='ocrx_word' id='word_1_131' title='bbox 1454 1978 1597 2049; x_wconf 92' lang='lat' dir='ltr'><strong>quod</strong></span> <span class='ocrx_word' id='word_1_132' title='bbox 1627 1979 1729 2034; x_wconf 89' lang='lat' dir='ltr'><strong>hoc</strong></span> <span class='ocrx_word' id='word_1_133' title='bbox 1755 1978 1955 2046; x_wconf 92' lang='lat' dir='ltr'><strong>faciat,</strong></span> 
     </span>
    </p>
   </div>
   <div class='ocr_carea' id='block_1_20' title="bbox 372 2072 1959 2142">
    <p class='ocr_par' dir='ltr' id='par_1_20' title="bbox 372 2072 1959 2142">
     <span class='ocr_line' id='line_1_20' title="bbox 372 2072 1959 2142; baseline 0.001 -16"><span class='ocrx_word' id='word_1_134' title='bbox 372 2073 456 2128; x_wconf 95' lang='lat' dir='ltr'><strong>vel</strong></span> <span class='ocrx_word' id='word_1_135' title='bbox 506 2072 632 2128; x_wconf 89' lang='lat' dir='ltr'><strong>hinc</strong></span> <span class='ocrx_word' id='word_1_136' title='bbox 677 2074 799 2128; x_wconf 88' lang='lat' dir='ltr'><strong>licet</strong></span> <span class='ocrx_word' id='word_1_137' title='bbox 839 2072 1306 2139; x_wconf 84' lang='lat' dir='ltr'><strong>animadvertere,</strong></span> <span class='ocrx_word' id='word_1_138' title='bbox 1353 2072 1495 2141; x_wconf 90' lang='lat' dir='ltr'><strong>quod</strong></span> <span class='ocrx_word' id='word_1_139' title='bbox 1542 2072 1704 2128; x_wconf 91' lang='lat' dir='ltr'><strong>etiam</strong></span> <span class='ocrx_word' id='word_1_140' title='bbox 1757 2087 1959 2142; x_wconf 83' lang='lat' dir='ltr'><strong>pauper</strong></span> 
     </span>
    </p>
   </div>
   <div class='ocr_carea' id='block_1_21' title="bbox 370 2164 1959 2237">
    <p class='ocr_par' dir='ltr' id='par_1_21' title="bbox 370 2164 1959 2237">
     <span class='ocr_line' id='line_1_21' title="bbox 370 2164 1959 2237; baseline -0.002 -15"><span class='ocrx_word' id='word_1_141' title='bbox 370 2168 487 2223; x_wconf 55' lang='lat' dir='ltr'><strong>caeli</strong></span> <span class='ocrx_word' id='word_1_142' title='bbox 516 2166 666 2223; x_wconf 90' lang='lat' dir='ltr'><strong>adire</strong></span> <span class='ocrx_word' id='word_1_143' title='bbox 705 2166 1056 2220; x_wconf 83' lang='lat' dir='ltr'><strong>hereditatem</strong></span> <span class='ocrx_word' id='word_1_144' title='bbox 1103 2165 1295 2237; x_wconf 90' lang='lat' dir='ltr'><strong>possit.</strong></span> <span class='ocrx_word' id='word_1_145' title='bbox 1346 2165 1557 2220; x_wconf 84' lang='lat' dir='ltr'><strong>Etenim</strong></span> <span class='ocrx_word' id='word_1_146' title='bbox 1585 2206 1599 2230; x_wconf 88' lang='lat'><strong>,</strong></span> <span class='ocrx_word' id='word_1_147' title='bbox 1631 2164 1775 2235; x_wconf 91' lang='lat' dir='ltr'><strong>quod</strong></span> <span class='ocrx_word' id='word_1_148' title='bbox 1816 2181 1959 2235; x_wconf 65' lang='lat' dir='ltr'><strong>saepe</strong></span> 
     </span>
    </p>
   </div>
   <div class='ocr_carea' id='block_1_22' title="bbox 369 2256 1959 2327">
    <p class='ocr_par' dir='ltr' id='par_1_22' title="bbox 369 2256 1959 2327">
     <span class='ocr_line' id='line_1_22' title="bbox 369 2256 1959 2327; baseline -0.002 -14"><span class='ocrx_word' id='word_1_149' title='bbox 369 2258 479 2313; x_wconf 80' lang='lat' dir='ltr'><strong>dixi</strong></span> <span class='ocrx_word' id='word_1_150' title='bbox 508 2299 522 2323; x_wconf 91' lang='lat'><strong>,</strong></span> <span class='ocrx_word' id='word_1_151' title='bbox 552 2273 659 2313; x_wconf 90' lang='lat' dir='ltr'><strong>non</strong></span> <span class='ocrx_word' id='word_1_152' title='bbox 692 2271 1000 2312; x_wconf 89' lang='lat' dir='ltr'><strong>mensuram</strong></span> <span class='ocrx_word' id='word_1_153' title='bbox 1046 2272 1227 2311; x_wconf 91' lang='lat' dir='ltr'><strong>rerum</strong></span> <span class='ocrx_word' id='word_1_154' title='bbox 1275 2272 1394 2327; x_wconf 74' lang='lat' dir='ltr'><strong>qua:</strong></span> <span class='ocrx_word' id='word_1_155' title='bbox 1422 2256 1618 2311; x_wconf 87' lang='lat' dir='ltr'><strong>dantur</strong></span> <span class='ocrx_word' id='word_1_156' title='bbox 1647 2257 1787 2311; x_wconf 90' lang='lat' dir='ltr'><strong>Deus</strong></span> <span class='ocrx_word' id='word_1_157' title='bbox 1836 2272 1959 2327; x_wconf 86' lang='lat' dir='ltr'><strong>spe-</strong></span> 
     </span>
    </p>
   </div>
   <div class='ocr_carea' id='block_1_23' title="bbox 370 2348 1953 2419">
    <p class='ocr_par' dir='ltr' id='par_1_23' title="bbox 370 2348 1953 2419">
     <span class='ocr_line' id='line_1_23' title="bbox 370 2348 1953 2419; baseline -0.001 -15"><span class='ocrx_word' id='word_1_158' title='bbox 370 2359 520 2418; x_wconf 89' lang='lat' dir='ltr'><strong>ctat,</strong></span> <span class='ocrx_word' id='word_1_159' title='bbox 552 2348 650 2404; x_wconf 85' lang='lat' dir='ltr'><strong>sed</strong></span> <span class='ocrx_word' id='word_1_160' title='bbox 700 2349 937 2404; x_wconf 92' lang='lat' dir='ltr'><strong>animum</strong></span> <span class='ocrx_word' id='word_1_161' title='bbox 981 2348 1223 2403; x_wconf 87' lang='lat' dir='ltr'><strong>dantium</strong></span> <span class='ocrx_word' id='word_1_162' title='bbox 1267 2362 1282 2402; x_wconf 90' lang='lat'><strong>:</strong></span> <span class='ocrx_word' id='word_1_163' title='bbox 1332 2348 1457 2403; x_wconf 90' lang='lat' dir='ltr'><strong>licet</strong></span> <span class='ocrx_word' id='word_1_164' title='bbox 1507 2357 1563 2403; x_wconf 89' lang='lat' dir='ltr'><strong>et</strong></span> <span class='ocrx_word' id='word_1_165' title='bbox 1604 2348 1866 2419; x_wconf 90' lang='lat' dir='ltr'><strong>pauperi,</strong></span> <span class='ocrx_word' id='word_1_166' title='bbox 1898 2358 1953 2403; x_wconf 94' lang='lat' dir='ltr'><strong>ct</strong></span> 
     </span>
    </p>
   </div>
   <div class='ocr_carea' id='block_1_24' title="bbox 372 2437 1957 2512">
    <p class='ocr_par' dir='ltr' id='par_1_24' title="bbox 372 2437 1957 2512">
     <span class='ocr_line' id='line_1_24' title="bbox 372 2437 1957 2512; baseline -0.001 -19"><span class='ocrx_word' id='word_1_167' title='bbox 372 2455 541 2512; x_wconf 83' lang='lat' dir='ltr'><strong>pauca</strong></span> <span class='ocrx_word' id='word_1_168' title='bbox 570 2438 721 2494; x_wconf 86' lang='lat' dir='ltr'><strong>danti</strong></span> <span class='ocrx_word' id='word_1_169' title='bbox 769 2447 939 2494; x_wconf 89' lang='lat' dir='ltr'><strong>totum</strong></span> <span class='ocrx_word' id='word_1_170' title='bbox 972 2438 1251 2509; x_wconf 88' lang='lat' dir='ltr'><strong>consequi.</strong></span> <span class='ocrx_word' id='word_1_171' title='bbox 1284 2437 1466 2509; x_wconf 80' lang='lat' dir='ltr'><strong>Exigit</strong></span> <span class='ocrx_word' id='word_1_172' title='bbox 1508 2438 1656 2494; x_wconf 90' lang='lat' dir='ltr'><strong>enim</strong></span> <span class='ocrx_word' id='word_1_173' title='bbox 1689 2438 1829 2493; x_wconf 90' lang='lat' dir='ltr'><strong>Deus</strong></span> <span class='ocrx_word' id='word_1_174' title='bbox 1860 2453 1957 2507; x_wconf 92' lang='lat' dir='ltr'><strong>pro</strong></span> 
     </span>
    </p>
   </div>
   <div class='ocr_carea' id='block_1_25' title="bbox 370 2529 1951 2602">
    <p class='ocr_par' dir='ltr' id='par_1_25' title="bbox 370 2529 1951 2602">
     <span class='ocr_line' id='line_1_25' title="bbox 370 2529 1951 2602; baseline -0.001 -17"><span class='ocrx_word' id='word_1_175' title='bbox 370 2531 633 2602; x_wconf 86' lang='lat' dir='ltr'><strong>cujusque</strong></span> <span class='ocrx_word' id='word_1_176' title='bbox 659 2530 911 2585; x_wconf 82' lang='lat' dir='ltr'><strong>facultate</strong></span> <span class='ocrx_word' id='word_1_177' title='bbox 936 2546 949 2582; x_wconf 94' lang='lat'><strong>:</strong></span> <span class='ocrx_word' id='word_1_178' title='bbox 976 2546 1149 2600; x_wconf 89' lang='lat' dir='ltr'><strong>neque</strong></span> <span class='ocrx_word' id='word_1_179' title='bbox 1171 2529 1373 2584; x_wconf 81' lang='lat' dir='ltr'><strong>divitiae</strong></span> <span class='ocrx_word' id='word_1_180' title='bbox 1398 2545 1619 2600; x_wconf 78' lang='lat' dir='ltr'><strong>regnum</strong></span> <span class='ocrx_word' id='word_1_181' title='bbox 1643 2530 1951 2595; x_wconf 87' lang='lat' dir='ltr'><strong>conciliant,</strong></span> 
     </span>
    </p>
   </div>
   <div class='ocr_carea' id='block_1_26' title="bbox 373 2622 1959 2694">
    <p class='ocr_par' dir='ltr' id='par_1_26' title="bbox 373 2622 1959 2694">
     <span class='ocr_line' id='line_1_26' title="bbox 373 2622 1959 2694; baseline -0.001 -16"><span class='ocrx_word' id='word_1_182' title='bbox 373 2640 548 2693; x_wconf 86' lang='lat' dir='ltr'><strong>neque</strong></span> <span class='ocrx_word' id='word_1_183' title='bbox 578 2632 865 2694; x_wconf 85' lang='lat' dir='ltr'><strong>paupertas</strong></span> <span class='ocrx_word' id='word_1_184' title='bbox 909 2622 1211 2693; x_wconf 82' lang='lat' dir='ltr'><strong>gehennam</strong></span> <span class='ocrx_word' id='word_1_185' title='bbox 1233 2663 1250 2689; x_wconf 89' lang='lat'><strong>,</strong></span> <span class='ocrx_word' id='word_1_186' title='bbox 1281 2622 1373 2677; x_wconf 91' lang='lat' dir='ltr'><strong>sed</strong></span> <span class='ocrx_word' id='word_1_187' title='bbox 1407 2632 1631 2693; x_wconf 87' lang='lat' dir='ltr'><strong>utraque</strong></span> <span class='ocrx_word' id='word_1_188' title='bbox 1660 2622 1834 2677; x_wconf 91' lang='lat' dir='ltr'><strong>bonus</strong></span> <span class='ocrx_word' id='word_1_189' title='bbox 1853 2661 1870 2688; x_wconf 88' lang='lat'><strong>,</strong></span> <span class='ocrx_word' id='word_1_190' title='bbox 1902 2630 1959 2677; x_wconf 87' lang='lat' dir='ltr'><strong>et</strong></span> 
     </span>
    </p>
   </div>
   <div class='ocr_carea' id='block_1_27' title="bbox 373 2715 1952 2786">
    <p class='ocr_par' dir='ltr' id='par_1_27' title="bbox 373 2715 1952 2786">
     <span class='ocr_line' id='line_1_27' title="bbox 373 2715 1952 2786; baseline 0 -15"><span class='ocrx_word' id='word_1_191' title='bbox 373 2717 546 2771; x_wconf 89' lang='lat' dir='ltr'><strong>malus</strong></span> <span class='ocrx_word' id='word_1_192' title='bbox 574 2717 805 2772; x_wconf 89' lang='lat' dir='ltr'><strong>animus.</strong></span> <span class='ocrx_word' id='word_1_193' title='bbox 844 2716 996 2772; x_wconf 93' lang='lat' dir='ltr'><strong>llunc</strong></span> <span class='ocrx_word' id='word_1_194' title='bbox 1024 2716 1186 2786; x_wconf 78' lang='lat' dir='ltr'><strong>igitur</strong></span> <span class='ocrx_word' id='word_1_195' title='bbox 1214 2715 1579 2786; x_wconf 78' lang='lat' dir='ltr'><strong>corrigamus,</strong></span> <span class='ocrx_word' id='word_1_196' title='bbox 1608 2715 1753 2772; x_wconf 90' lang='lat' dir='ltr'><strong>hunc</strong></span> <span class='ocrx_word' id='word_1_197' title='bbox 1798 2731 1952 2771; x_wconf 90' lang='lat' dir='ltr'><strong>com-</strong></span> 
     </span>
    </p>
   </div>
   <div class='ocr_carea' id='block_1_28' title="bbox 372 2807 1956 2879">
    <p class='ocr_par' dir='ltr' id='par_1_28' title="bbox 372 2807 1956 2879">
     <span class='ocr_line' id='line_1_28' title="bbox 372 2807 1956 2879; baseline -0.001 -16"><span class='ocrx_word' id='word_1_198' title='bbox 372 2824 634 2879; x_wconf 85' lang='lat' dir='ltr'><strong>ponamus</strong></span> <span class='ocrx_word' id='word_1_199' title='bbox 652 2848 669 2876; x_wconf 88' lang='lat'><strong>,</strong></span> <span class='ocrx_word' id='word_1_200' title='bbox 700 2809 843 2863; x_wconf 88' lang='lat' dir='ltr'><strong>hunc</strong></span> <span class='ocrx_word' id='word_1_201' title='bbox 864 2808 1025 2863; x_wconf 91' lang='lat' dir='ltr'><strong>talem</strong></span> <span class='ocrx_word' id='word_1_202' title='bbox 1048 2807 1261 2879; x_wconf 91' lang='lat' dir='ltr'><strong>qualem</strong></span> <span class='ocrx_word' id='word_1_203' title='bbox 1282 2821 1402 2862; x_wconf 90' lang='lat' dir='ltr'><strong>esse</strong></span> <span class='ocrx_word' id='word_1_204' title='bbox 1425 2807 1582 2863; x_wconf 88' lang='lat' dir='ltr'><strong>decet</strong></span> <span class='ocrx_word' id='word_1_205' title='bbox 1605 2817 1956 2877; x_wconf 72' lang='lat' dir='ltr'><strong>praestemus;</strong></span> 
     </span>
    </p>
   </div>
   <div class='ocr_carea' id='block_1_29' title="bbox 376 2898 1959 2972">
    <p class='ocr_par' dir='ltr' id='par_1_29' title="bbox 376 2898 1959 2972">
     <span class='ocr_line' id='line_1_29' title="bbox 376 2898 1959 2972; baseline -0.001 -17"><span class='ocrx_word' id='word_1_206' title='bbox 376 2913 539 2972; x_wconf 89' lang='lat' dir='ltr'><strong>atque</strong></span> <span class='ocrx_word' id='word_1_207' title='bbox 560 2900 739 2955; x_wconf 81' lang='lat' dir='ltr'><strong>otnnia</strong></span> <span class='ocrx_word' id='word_1_208' title='bbox 760 2909 919 2956; x_wconf 92' lang='lat' dir='ltr'><strong>erunt</strong></span> <span class='ocrx_word' id='word_1_209' title='bbox 940 2900 1097 2955; x_wconf 91' lang='lat' dir='ltr'><strong>nobis</strong></span> <span class='ocrx_word' id='word_1_210' title='bbox 1125 2899 1320 2954; x_wconf 83' lang='lat' dir='ltr'><strong>facilia.</strong></span> <span class='ocrx_word' id='word_1_211' title='bbox 1352 2898 1486 2955; x_wconf 89' lang='lat' dir='ltr'><strong>Nam</strong></span> <span class='ocrx_word' id='word_1_212' title='bbox 1507 2898 1959 2969; x_wconf 89' lang='lat' dir='ltr'><strong>quemadmodum</strong></span> 
     </span>
    </p>
   </div>
   <div class='ocr_carea' id='block_1_30' title="bbox 378 2990 1947 3057">
    <p class='ocr_par' dir='ltr' id='par_1_30' title="bbox 378 2990 1947 3057">
     <span class='ocr_line' id='line_1_30' title="bbox 378 2990 1947 3057; baseline -0.001 -10"><span class='ocrx_word' id='word_1_213' title='bbox 378 2993 572 3050; x_wconf 80' lang='lat' dir='ltr'><strong>artifex</strong></span> <span class='ocrx_word' id='word_1_214' title='bbox 597 3033 612 3055; x_wconf 91' lang='lat'><strong>,</strong></span> <span class='ocrx_word' id='word_1_215' title='bbox 646 2993 761 3048; x_wconf 89' lang='lat' dir='ltr'><strong>sive</strong></span> <span class='ocrx_word' id='word_1_216' title='bbox 808 2991 1038 3047; x_wconf 88' lang='lat' dir='ltr'><strong>ferream</strong></span> <span class='ocrx_word' id='word_1_217' title='bbox 1063 2992 1178 3046; x_wconf 89' lang='lat' dir='ltr'><strong>sive</strong></span> <span class='ocrx_word' id='word_1_218' title='bbox 1207 3006 1425 3046; x_wconf 88' lang='lat' dir='ltr'><strong>auream</strong></span> <span class='ocrx_word' id='word_1_219' title='bbox 1457 2993 1689 3047; x_wconf 89' lang='lat' dir='ltr'><strong>securim</strong></span> <span class='ocrx_word' id='word_1_220' title='bbox 1716 2990 1910 3047; x_wconf 87' lang='lat' dir='ltr'><strong>habeat</strong></span> <span class='ocrx_word' id='word_1_221' title='bbox 1930 3032 1947 3057; x_wconf 91' lang='lat'><strong>,</strong></span> 
     </span>
    </p>
   </div>
   <div class='ocr_carea' id='block_1_31' title="bbox 376 3082 1959 3155">
    <p class='ocr_par' dir='ltr' id='par_1_31' title="bbox 376 3082 1959 3155">
     <span class='ocr_line' id='line_1_31' title="bbox 376 3082 1959 3155; baseline -0.001 -15"><span class='ocrx_word' id='word_1_222' title='bbox 376 3100 532 3155; x_wconf 62' lang='lat' dir='ltr'><strong>mque</strong></span> <span class='ocrx_word' id='word_1_223' title='bbox 553 3085 690 3155; x_wconf 88' lang='lat' dir='ltr'><strong>ligna</strong></span> <span class='ocrx_word' id='word_1_224' title='bbox 715 3083 877 3139; x_wconf 67' lang='lat' dir='ltr'><strong>caedit</strong></span> <span class='ocrx_word' id='word_1_225' title='bbox 903 3099 968 3139; x_wconf 89' lang='lat' dir='ltr'><strong>ac</strong></span> <span class='ocrx_word' id='word_1_226' title='bbox 997 3083 1173 3149; x_wconf 88' lang='lat' dir='ltr'><strong>dolat,</strong></span> <span class='ocrx_word' id='word_1_227' title='bbox 1207 3083 1316 3139; x_wconf 91' lang='lat' dir='ltr'><strong>imo</strong></span> <span class='ocrx_word' id='word_1_228' title='bbox 1341 3082 1552 3138; x_wconf 87' lang='lat' dir='ltr'><strong>facilius</strong></span> <span class='ocrx_word' id='word_1_229' title='bbox 1576 3083 1738 3139; x_wconf 91' lang='lat' dir='ltr'><strong>etiam</strong></span> <span class='ocrx_word' id='word_1_230' title='bbox 1767 3084 1820 3139; x_wconf 93' lang='lat' dir='ltr'><strong>in</strong></span> <span class='ocrx_word' id='word_1_231' title='bbox 1850 3083 1959 3139; x_wconf 86' lang='lat' dir='ltr'><strong>fer-</strong></span> 
     </span>
    </p>
   </div>
   <div class='ocr_carea' id='block_1_32' title="bbox 374 3176 1961 3247">
    <p class='ocr_par' dir='ltr' id='par_1_32' title="bbox 374 3176 1961 3247">
     <span class='ocr_line' id='line_1_32' title="bbox 374 3176 1961 3247; baseline -0.002 -13"><span class='ocrx_word' id='word_1_232' title='bbox 374 3194 475 3234; x_wconf 88' lang='lat' dir='ltr'><strong>ro:</strong></span> <span class='ocrx_word' id='word_1_233' title='bbox 510 3179 579 3233; x_wconf 90' lang='lat' dir='ltr'><strong>ita</strong></span> <span class='ocrx_word' id='word_1_234' title='bbox 611 3186 666 3232; x_wconf 89' lang='lat' dir='ltr'><strong>et</strong></span> <span class='ocrx_word' id='word_1_235' title='bbox 692 3177 779 3233; x_wconf 88' lang='lat' dir='ltr'><strong>hic</strong></span> <span class='ocrx_word' id='word_1_236' title='bbox 805 3176 969 3247; x_wconf 86' lang='lat' dir='ltr'><strong>longe</strong></span> <span class='ocrx_word' id='word_1_237' title='bbox 988 3176 1191 3232; x_wconf 90' lang='lat' dir='ltr'><strong>facilius</strong></span> <span class='ocrx_word' id='word_1_238' title='bbox 1220 3192 1316 3247; x_wconf 87' lang='lat' dir='ltr'><strong>per</strong></span> <span class='ocrx_word' id='word_1_239' title='bbox 1340 3185 1709 3247; x_wconf 88' lang='lat' dir='ltr'><strong>paupertatem</strong></span> <span class='ocrx_word' id='word_1_240' title='bbox 1742 3186 1961 3245; x_wconf 87' lang='lat' dir='ltr'><strong>paratur</strong></span> 
     </span>
    </p>
   </div>
   <div class='ocr_carea' id='block_1_33' title="bbox 372 3267 1960 3339">
    <p class='ocr_par' dir='ltr' id='par_1_33' title="bbox 372 3267 1960 3339">
     <span class='ocr_line' id='line_1_33' title="bbox 372 3267 1960 3339; baseline 0.001 -16"><span class='ocrx_word' id='word_1_241' title='bbox 372 3270 566 3325; x_wconf 87' lang='lat' dir='ltr'><strong>virtus.</strong></span> <span class='ocrx_word' id='word_1_242' title='bbox 600 3268 731 3324; x_wconf 84' lang='lat' dir='ltr'><strong>Nam</strong></span> <span class='ocrx_word' id='word_1_243' title='bbox 761 3269 829 3324; x_wconf 91' lang='lat' dir='ltr'><strong>de</strong></span> <span class='ocrx_word' id='word_1_244' title='bbox 850 3268 1050 3324; x_wconf 88' lang='lat' dir='ltr'><strong>divitiis</strong></span> <span class='ocrx_word' id='word_1_245' title='bbox 1076 3268 1291 3339; x_wconf 86' lang='lat' dir='ltr'><strong>quidem</strong></span> <span class='ocrx_word' id='word_1_246' title='bbox 1318 3268 1563 3323; x_wconf 79' lang='lat' dir='ltr'><strong>Christus</strong></span> <span class='ocrx_word' id='word_1_247' title='bbox 1586 3269 1695 3333; x_wconf 89' lang='lat' dir='ltr'><strong>ait,</strong></span> <span class='ocrx_word' id='word_1_248' title='bbox 1728 3267 1960 3324; x_wconf 73' lang='lat' dir='ltr'><strong>Facilius</strong></span> 
     </span>
    </p>
   </div>
   <div class='ocr_carea' id='block_1_34' title="bbox 372 3360 1961 3432">
    <p class='ocr_par' dir='ltr' id='par_1_34' title="bbox 372 3360 1961 3432">
     <span class='ocr_line' id='line_1_34' title="bbox 372 3360 1961 3432; baseline -0.002 -16"><span class='ocrx_word' id='word_1_249' title='bbox 372 3371 446 3416; x_wconf 84' lang='lat' dir='ltr'><strong>est</strong></span> <span class='ocrx_word' id='word_1_250' title='bbox 475 3360 723 3415; x_wconf 80' lang='lat' dir='ltr'><strong>cametum</strong></span> <span class='ocrx_word' id='word_1_251' title='bbox 753 3377 842 3431; x_wconf 87' lang='lat' dir='ltr'><strong>per</strong></span> <span class='ocrx_word' id='word_1_252' title='bbox 871 3364 1101 3432; x_wconf 79' lang='lat' dir='ltr'><strong>foramen</strong></span> <span class='ocrx_word' id='word_1_253' title='bbox 1129 3376 1254 3414; x_wconf 86' lang='lat' dir='ltr'><strong>acus</strong></span> <span class='ocrx_word' id='word_1_254' title='bbox 1283 3361 1527 3428; x_wconf 85' lang='lat' dir='ltr'><strong>transire,</strong></span> <span class='ocrx_word' id='word_1_255' title='bbox 1558 3376 1712 3430; x_wconf 87' lang='lat' dir='ltr'><strong>quam</strong></span> <span class='ocrx_word' id='word_1_256' title='bbox 1755 3361 1961 3415; x_wconf 83' lang='lat' dir='ltr'><strong>divitem</strong></span> 
     </span>
    </p>
   </div>
   <div class='ocr_carea' id='block_1_35' title="bbox 372 3451 1961 3524">
    <p class='ocr_par' dir='ltr' id='par_1_35' title="bbox 372 3451 1961 3524">
     <span class='ocr_line' id='line_1_35' title="bbox 372 3451 1961 3524; baseline 0.001 -19"><span class='ocrx_word' id='word_1_257' title='bbox 372 3452 429 3507; x_wconf 77' lang='lat' dir='ltr'><strong>in</strong></span> <span class='ocrx_word' id='word_1_258' title='bbox 457 3470 668 3524; x_wconf 70' lang='lat' dir='ltr'><strong>regnum</strong></span> <span class='ocrx_word' id='word_1_259' title='bbox 696 3453 935 3508; x_wconf 66' lang='lat' dir='ltr'><strong>calorum</strong></span> <span class='ocrx_word' id='word_1_260' title='bbox 980 3452 1194 3523; x_wconf 77' lang='lat' dir='ltr'><strong>(Matth.</strong></span> <span class='ocrx_word' id='word_1_261' title='bbox 1229 3452 1319 3507; x_wconf 83' lang='grc'><strong>19.</strong></span> <span class='ocrx_word' id='word_1_262' title='bbox 1348 3451 1445 3524; x_wconf 66' lang='lat'><strong>‘24)</strong></span> <span class='ocrx_word' id='word_1_263' title='bbox 1488 3468 1504 3506; x_wconf 88' lang='lat'><strong>:</strong></span> <span class='ocrx_word' id='word_1_264' title='bbox 1535 3451 1605 3507; x_wconf 89' lang='lat' dir='ltr'><strong>de</strong></span> <span class='ocrx_word' id='word_1_265' title='bbox 1650 3461 1961 3523; x_wconf 89' lang='lat' dir='ltr'><strong>paupertate</strong></span> 
     </span>
    </p>
   </div>
   <div class='ocr_carea' id='block_1_36' title="bbox 375 3544 1960 3616">
    <p class='ocr_par' dir='ltr' id='par_1_36' title="bbox 375 3544 1960 3616">
     <span class='ocr_line' id='line_1_36' title="bbox 375 3544 1960 3616; baseline 0.001 -19"><span class='ocrx_word' id='word_1_266' title='bbox 375 3561 505 3601; x_wconf 88' lang='lat' dir='ltr'><strong>vero</strong></span> <span class='ocrx_word' id='word_1_267' title='bbox 532 3546 661 3600; x_wconf 91' lang='lat' dir='ltr'><strong>nihil</strong></span> <span class='ocrx_word' id='word_1_268' title='bbox 711 3545 1018 3616; x_wconf 81' lang='lat' dir='ltr'><strong>bujusmodi</strong></span> <span class='ocrx_word' id='word_1_269' title='bbox 1059 3545 1453 3615; x_wconf 87' lang='lat' dir='ltr'><strong>pronuntiavit,</strong></span> <span class='ocrx_word' id='word_1_270' title='bbox 1482 3544 1579 3600; x_wconf 89' lang='lat' dir='ltr'><strong>sed</strong></span> <span class='ocrx_word' id='word_1_271' title='bbox 1609 3545 1786 3616; x_wconf 92' lang='lat' dir='ltr'><strong>potius</strong></span> <span class='ocrx_word' id='word_1_272' title='bbox 1826 3561 1960 3601; x_wconf 88' lang='lat' dir='ltr'><strong>cou-</strong></span> 
     </span>
    </p>
   </div>
   <div class='ocr_carea' id='block_1_37' title="bbox 374 3637 1961 3709">
    <p class='ocr_par' dir='ltr' id='par_1_37' title="bbox 374 3637 1961 3709">
     <span class='ocr_line' id='line_1_37' title="bbox 374 3637 1961 3709; baseline -0.001 -16"><span class='ocrx_word' id='word_1_273' title='bbox 374 3648 455 3693; x_wconf 92' lang='lat' dir='ltr'><strong>tra</strong></span> <span class='ocrx_word' id='word_1_274' title='bbox 485 3658 501 3695; x_wconf 92' lang='lat'><strong>:</strong></span> <span class='ocrx_word' id='word_1_275' title='bbox 546 3638 711 3693; x_wconf 81' lang='lat' dir='ltr'><strong>Vende</strong></span> <span class='ocrx_word' id='word_1_276' title='bbox 740 3640 912 3693; x_wconf 85' lang='lat' dir='ltr'><strong>omnia</strong></span> <span class='ocrx_word' id='word_1_277' title='bbox 940 3653 1054 3705; x_wconf 67' lang='lat' dir='ltr'><strong>qum</strong></span> <span class='ocrx_word' id='word_1_278' title='bbox 1082 3638 1235 3692; x_wconf 82' lang='lat' dir='ltr'><strong>habes</strong></span> <span class='ocrx_word' id='word_1_279' title='bbox 1256 3679 1272 3703; x_wconf 93' lang='lat'><strong>,</strong></span> <span class='ocrx_word' id='word_1_280' title='bbox 1305 3646 1349 3693; x_wconf 79' lang='lat' dir='ltr'><strong>et</strong></span> <span class='ocrx_word' id='word_1_281' title='bbox 1392 3638 1461 3691; x_wconf 93' lang='lat' dir='ltr'><strong>da</strong></span> <span class='ocrx_word' id='word_1_282' title='bbox 1507 3637 1819 3709; x_wconf 74' lang='lat' dir='ltr'><strong>pauperibus</strong></span> <span class='ocrx_word' id='word_1_283' title='bbox 1851 3678 1867 3703; x_wconf 93' lang='lat'><strong>,</strong></span> <span class='ocrx_word' id='word_1_284' title='bbox 1914 3649 1961 3691; x_wconf 86' lang='lat' dir='ltr'><strong>et</strong></span> 
     </span>
    </p>
   </div>
   <div class='ocr_carea' id='block_1_38' title="bbox 373 3728 1958 3802">
    <p class='ocr_par' dir='ltr' id='par_1_38' title="bbox 373 3728 1958 3802">
     <span class='ocr_line' id='line_1_38' title="bbox 373 3728 1958 3802; baseline 0.001 -18"><span class='ocrx_word' id='word_1_285' title='bbox 373 3731 508 3798; x_wconf 78' lang='lat' dir='ltr'><strong>ueni,</strong></span> <span class='ocrx_word' id='word_1_286' title='bbox 541 3739 587 3785; x_wconf 82' lang='lat' dir='ltr'><strong>et</strong></span> <span class='ocrx_word' id='word_1_287' title='bbox 634 3747 839 3801; x_wconf 79' lang='lat' dir='ltr'><strong>sequere</strong></span> <span class='ocrx_word' id='word_1_288' title='bbox 881 3745 961 3782; x_wconf 88' lang='lat' dir='ltr'><strong>me</strong></span> <span class='ocrx_word' id='word_1_289' title='bbox 984 3728 1178 3799; x_wconf 78' lang='lat' dir='ltr'><strong>(Marc.</strong></span> <span class='ocrx_word' id='word_1_290' title='bbox 1210 3728 1296 3785; x_wconf 79' lang='grc'><strong>10.</strong></span> <span class='ocrx_word' id='word_1_291' title='bbox 1337 3729 1465 3802; x_wconf 75' lang='lat'><strong>2|);</strong></span> <span class='ocrx_word' id='word_1_292' title='bbox 1513 3738 1698 3799; x_wconf 90' lang='lat' dir='ltr'><strong>utpote</strong></span> <span class='ocrx_word' id='word_1_293' title='bbox 1742 3744 1865 3785; x_wconf 92' lang='lat' dir='ltr'><strong>cum</strong></span> <span class='ocrx_word' id='word_1_294' title='bbox 1894 3744 1958 3786; x_wconf 69' lang='lat' dir='ltr'><strong>ex</strong></span> 
     </span>
    </p>
   </div>
   <div class='ocr_carea' id='block_1_39' title="bbox 374 3821 1814 3891">
    <p class='ocr_par' dir='ltr' id='par_1_39' title="bbox 374 3821 1814 3891">
     <span class='ocr_line' id='line_1_39' title="bbox 374 3821 1814 3891; baseline -0.001 -14"><span class='ocrx_word' id='word_1_295' title='bbox 374 3824 663 3879; x_wconf 87' lang='lat' dir='ltr'><strong>voluntatis</strong></span> <span class='ocrx_word' id='word_1_296' title='bbox 703 3823 967 3878; x_wconf 78' lang='lat' dir='ltr'><strong>electione</strong></span> <span class='ocrx_word' id='word_1_297' title='bbox 999 3821 1089 3875; x_wconf 88' lang='lat' dir='ltr'><strong>fiat</strong></span> <span class='ocrx_word' id='word_1_298' title='bbox 1135 3830 1193 3875; x_wconf 90' lang='lat' dir='ltr'><strong>ut</strong></span> <span class='ocrx_word' id='word_1_299' title='bbox 1220 3832 1479 3891; x_wconf 88' lang='lat' dir='ltr'><strong>sequatur</strong></span> <span class='ocrx_word' id='word_1_300' title='bbox 1510 3822 1814 3877; x_wconf 88' lang='lat' dir='ltr'><strong>Dominum.</strong></span> 
     </span>
    </p>
   </div>
   <div class='ocr_carea' id='block_1_40' title="bbox 444 3911 1952 3985">
    <p class='ocr_par' dir='ltr' id='par_1_40' title="bbox 444 3911 1952 3985">
     <span class='ocr_line' id='line_1_40' title="bbox 444 3911 1952 3985; baseline 0 -16"><span class='ocrx_word' id='word_1_301' title='bbox 444 3916 499 3969; x_wconf 89' lang='lat'><strong>5.</strong></span> <span class='ocrx_word' id='word_1_302' title='bbox 542 3916 684 3985; x_wconf 85' lang='lat' dir='ltr'><strong>Ergo</strong></span> <span class='ocrx_word' id='word_1_303' title='bbox 712 3922 1080 3985; x_wconf 89' lang='lat' dir='ltr'><strong>paupertatem</strong></span> <span class='ocrx_word' id='word_1_304' title='bbox 1112 3928 1179 3967; x_wconf 89' lang='lat' dir='ltr'><strong>ne</strong></span> <span class='ocrx_word' id='word_1_305' title='bbox 1228 3911 1491 3982; x_wconf 83' lang='lat' dir='ltr'><strong>fugiamus</strong></span> <span class='ocrx_word' id='word_1_306' title='bbox 1534 3922 1810 3983; x_wconf 88' lang='lat' dir='ltr'><strong>tamquam</strong></span> <span class='ocrx_word' id='word_1_307' title='bbox 1845 3930 1952 3969; x_wconf 88' lang='lat' dir='ltr'><strong>ma-</strong></span> 
     </span>
    </p>
   </div>
   <div class='ocr_carea' id='block_1_41' title="bbox 375 4003 1959 4076">
    <p class='ocr_par' dir='ltr' id='par_1_41' title="bbox 375 4003 1959 4076">
     <span class='ocr_line' id='line_1_41' title="bbox 375 4003 1959 4076; baseline 0.001 -16"><span class='ocrx_word' id='word_1_308' title='bbox 375 4007 523 4073; x_wconf 90' lang='lat' dir='ltr'><strong>lum;</strong></span> <span class='ocrx_word' id='word_1_309' title='bbox 549 4017 633 4062; x_wconf 90' lang='lat' dir='ltr'><strong>est</strong></span> <span class='ocrx_word' id='word_1_310' title='bbox 656 4007 799 4061; x_wconf 91' lang='lat' dir='ltr'><strong>enim</strong></span> <span class='ocrx_word' id='word_1_311' title='bbox 826 4003 1161 4060; x_wconf 81' lang='lat' dir='ltr'><strong>conciliatrix</strong></span> <span class='ocrx_word' id='word_1_312' title='bbox 1191 4004 1343 4075; x_wconf 89' lang='lat' dir='ltr'><strong>regni</strong></span> <span class='ocrx_word' id='word_1_313' title='bbox 1375 4020 1389 4057; x_wconf 94' lang='lat'><strong>:</strong></span> <span class='ocrx_word' id='word_1_314' title='bbox 1419 4020 1594 4074; x_wconf 89' lang='lat' dir='ltr'><strong>neque</strong></span> <span class='ocrx_word' id='word_1_315' title='bbox 1625 4006 1749 4059; x_wconf 89' lang='lat' dir='ltr'><strong>item</strong></span> <span class='ocrx_word' id='word_1_316' title='bbox 1776 4020 1959 4076; x_wconf 84' lang='lat' dir='ltr'><strong>perse—</strong></span> 
     </span>
    </p>
   </div>
   <div class='ocr_carea' id='block_1_42' title="bbox 374 4093 1953 4165">
    <p class='ocr_par' dir='ltr' id='par_1_42' title="bbox 374 4093 1953 4165">
     <span class='ocr_line' id='line_1_42' title="bbox 374 4093 1953 4165; baseline 0.001 -17"><span class='ocrx_word' id='word_1_317' title='bbox 374 4112 603 4165; x_wconf 91' lang='lat' dir='ltr'><strong>quamur</strong></span> <span class='ocrx_word' id='word_1_318' title='bbox 630 4095 844 4150; x_wconf 87' lang='lat' dir='ltr'><strong>divitias</strong></span> <span class='ocrx_word' id='word_1_319' title='bbox 869 4106 925 4149; x_wconf 91' lang='lat' dir='ltr'><strong>ut</strong></span> <span class='ocrx_word' id='word_1_320' title='bbox 955 4093 1153 4149; x_wconf 92' lang='lat' dir='ltr'><strong>bonum</strong></span> <span class='ocrx_word' id='word_1_321' title='bbox 1178 4108 1193 4159; x_wconf 90' lang='lat'>;</span> <span class='ocrx_word' id='word_1_322' title='bbox 1227 4093 1475 4149; x_wconf 87' lang='lat' dir='ltr'><strong>incautos</strong></span> <span class='ocrx_word' id='word_1_323' title='bbox 1501 4094 1646 4149; x_wconf 90' lang='lat' dir='ltr'><strong>enim</strong></span> <span class='ocrx_word' id='word_1_324' title='bbox 1678 4095 1910 4165; x_wconf 86' lang='lat' dir='ltr'><strong>perdunt</strong></span> <span class='ocrx_word' id='word_1_325' title='bbox 1938 4112 1953 4150; x_wconf 96' lang='lat'><strong>:</strong></span> 
     </span>
    </p>
   </div>
   <div class='ocr_carea' id='block_1_43' title="bbox 376 4184 1960 4257">
    <p class='ocr_par' dir='ltr' id='par_1_43' title="bbox 376 4184 1960 4257">
     <span class='ocr_line' id='line_1_43' title="bbox 376 4184 1960 4257; baseline -0.001 -15"><span class='ocrx_word' id='word_1_326' title='bbox 376 4187 470 4242; x_wconf 88' lang='lat' dir='ltr'><strong>sed</strong></span> <span class='ocrx_word' id='word_1_327' title='bbox 521 4187 719 4257; x_wconf 89' lang='lat' dir='ltr'><strong>ubique</strong></span> <span class='ocrx_word' id='word_1_328' title='bbox 762 4186 954 4241; x_wconf 90' lang='lat' dir='ltr'><strong>oculos</strong></span> <span class='ocrx_word' id='word_1_329' title='bbox 1001 4185 1070 4239; x_wconf 94' lang='lat' dir='ltr'><strong>ad</strong></span> <span class='ocrx_word' id='word_1_330' title='bbox 1121 4184 1289 4240; x_wconf 88' lang='lat' dir='ltr'><strong>Deum</strong></span> <span class='ocrx_word' id='word_1_331' title='bbox 1336 4184 1710 4250; x_wconf 90' lang='lat' dir='ltr'><strong>intendentes,</strong></span> <span class='ocrx_word' id='word_1_332' title='bbox 1744 4195 1960 4240; x_wconf 89' lang='lat' dir='ltr'><strong>utamur</strong></span> 
     </span>
    </p>
   </div>
   <div class='ocr_carea' id='block_1_44' title="bbox 376 4278 1957 4348">
    <p class='ocr_par' dir='ltr' id='par_1_44' title="bbox 376 4278 1957 4348">
     <span class='ocr_line' id='line_1_44' title="bbox 376 4278 1957 4348; baseline 0.001 -15"><span class='ocrx_word' id='word_1_333' title='bbox 376 4281 512 4334; x_wconf 87' lang='lat' dir='ltr'><strong>sicut</strong></span> <span class='ocrx_word' id='word_1_334' title='bbox 538 4280 791 4334; x_wconf 87' lang='lat' dir='ltr'><strong>convenit</strong></span> <span class='ocrx_word' id='word_1_335' title='bbox 845 4279 910 4333; x_wconf 90' lang='lat' dir='ltr'><strong>iis</strong></span> <span class='ocrx_word' id='word_1_336' title='bbox 932 4320 947 4343; x_wconf 88' lang='lat'><strong>,</strong></span> <span class='ocrx_word' id='word_1_337' title='bbox 978 4293 1101 4348; x_wconf 65' lang='lat' dir='ltr'><strong>quae</strong></span> <span class='ocrx_word' id='word_1_338' title='bbox 1143 4278 1211 4331; x_wconf 90' lang='lat' dir='ltr'><strong>ab</strong></span> <span class='ocrx_word' id='word_1_339' title='bbox 1239 4278 1332 4332; x_wconf 93' lang='lat' dir='ltr'><strong>illo</strong></span> <span class='ocrx_word' id='word_1_340' title='bbox 1376 4278 1534 4333; x_wconf 81' lang='lat' dir='ltr'><strong>nobis</strong></span> <span class='ocrx_word' id='word_1_341' title='bbox 1565 4278 1756 4332; x_wconf 88' lang='lat' dir='ltr'><strong>tributa</strong></span> <span class='ocrx_word' id='word_1_342' title='bbox 1789 4288 1917 4334; x_wconf 90' lang='lat' dir='ltr'><strong>sunt</strong></span> <span class='ocrx_word' id='word_1_343' title='bbox 1942 4320 1957 4344; x_wconf 91' lang='lat'><strong>,</strong></span> 
     </span>
    </p>
   </div>
   <div class='ocr_carea' id='block_1_45' title="bbox 373 4368 1960 4441">
    <p class='ocr_par' dir='ltr' id='par_1_45' title="bbox 373 4368 1960 4441">
     <span class='ocr_line' id='line_1_45' title="bbox 373 4368 1960 4441; baseline 0.001 -17"><span class='ocrx_word' id='word_1_344' title='bbox 373 4380 431 4425; x_wconf 88' lang='lat' dir='ltr'><strong>et</strong></span> <span class='ocrx_word' id='word_1_345' title='bbox 454 4370 694 4441; x_wconf 87' lang='lat' dir='ltr'><strong>corporis</strong></span> <span class='ocrx_word' id='word_1_346' title='bbox 717 4370 911 4425; x_wconf 89' lang='lat' dir='ltr'><strong>robore</strong></span> <span class='ocrx_word' id='word_1_347' title='bbox 931 4410 946 4433; x_wconf 90' lang='lat'><strong>,</strong></span> <span class='ocrx_word' id='word_1_348' title='bbox 985 4378 1037 4423; x_wconf 89' lang='lat' dir='ltr'><strong>et</strong></span> <span class='ocrx_word' id='word_1_349' title='bbox 1067 4368 1390 4424; x_wconf 81' lang='lat' dir='ltr'><strong>abundantia</strong></span> <span class='ocrx_word' id='word_1_350' title='bbox 1422 4370 1726 4425; x_wconf 88' lang='lat' dir='ltr'><strong>divitiarum</strong></span> <span class='ocrx_word' id='word_1_351' title='bbox 1752 4411 1767 4435; x_wconf 76' lang='lat'><strong>,</strong></span> <span class='ocrx_word' id='word_1_352' title='bbox 1798 4382 1960 4426; x_wconf 38' lang='lat' dir='ltr'><strong>caste-</strong></span> 
     </span>
    </p>
   </div>
   <div class='ocr_carea' id='block_1_46' title="bbox 377 4459 1956 4532">
    <p class='ocr_par' dir='ltr' id='par_1_46' title="bbox 377 4459 1956 4532">
     <span class='ocr_line' id='line_1_46' title="bbox 377 4459 1956 4532; baseline 0 -17"><span class='ocrx_word' id='word_1_353' title='bbox 377 4462 559 4532; x_wconf 90' lang='lat' dir='ltr'><strong>risque</strong></span> <span class='ocrx_word' id='word_1_354' title='bbox 605 4461 765 4515; x_wconf 89' lang='lat' dir='ltr'><strong>rebus</strong></span> <span class='ocrx_word' id='word_1_355' title='bbox 794 4461 1067 4516; x_wconf 83' lang='lat' dir='ltr'><strong>omnibus.</strong></span> <span class='ocrx_word' id='word_1_356' title='bbox 1101 4459 1409 4516; x_wconf 81' lang='lat' dir='ltr'><strong>Absurdum</strong></span> <span class='ocrx_word' id='word_1_357' title='bbox 1453 4461 1597 4516; x_wconf 89' lang='lat' dir='ltr'><strong>enim</strong></span> <span class='ocrx_word' id='word_1_358' title='bbox 1628 4463 1786 4531; x_wconf 87' lang='lat' dir='ltr'><strong>plane</strong></span> <span class='ocrx_word' id='word_1_359' title='bbox 1829 4472 1911 4516; x_wconf 80' lang='lat' dir='ltr'><strong>est</strong></span> <span class='ocrx_word' id='word_1_360' title='bbox 1941 4505 1956 4529; x_wconf 90' lang='lat'><strong>,</strong></span> 
     </span>
    </p>
   </div>
   <div class='ocr_carea' id='block_1_47' title="bbox 375 4551 1960 4622">
    <p class='ocr_par' dir='ltr' id='par_1_47' title="bbox 375 4551 1960 4622">
     <span class='ocr_line' id='line_1_47' title="bbox 375 4551 1960 4622; baseline 0.002 -16"><span class='ocrx_word' id='word_1_361' title='bbox 375 4566 497 4607; x_wconf 90' lang='lat' dir='ltr'><strong>cum</strong></span> <span class='ocrx_word' id='word_1_362' title='bbox 528 4554 595 4606; x_wconf 91' lang='lat' dir='ltr'><strong>ab</strong></span> <span class='ocrx_word' id='word_1_363' title='bbox 621 4553 736 4621; x_wconf 93' lang='lat' dir='ltr'><strong>ipso</strong></span> <span class='ocrx_word' id='word_1_364' title='bbox 763 4551 887 4606; x_wconf 84' lang='lat' dir='ltr'><strong>facti</strong></span> <span class='ocrx_word' id='word_1_365' title='bbox 914 4553 1116 4614; x_wconf 91' lang='lat' dir='ltr'><strong>simus,</strong></span> <span class='ocrx_word' id='word_1_366' title='bbox 1147 4567 1255 4607; x_wconf 84' lang='lat' dir='ltr'><strong>non</strong></span> <span class='ocrx_word' id='word_1_367' title='bbox 1297 4553 1347 4607; x_wconf 91' lang='lat' dir='ltr'><strong>ei</strong></span> <span class='ocrx_word' id='word_1_368' title='bbox 1388 4554 1475 4622; x_wconf 92' lang='lat' dir='ltr'><strong>qui</strong></span> <span class='ocrx_word' id='word_1_369' title='bbox 1507 4569 1607 4608; x_wconf 87' lang='lat' dir='ltr'><strong>nos</strong></span> <span class='ocrx_word' id='word_1_370' title='bbox 1651 4553 1817 4619; x_wconf 89' lang='lat' dir='ltr'><strong>fecit,</strong></span> <span class='ocrx_word' id='word_1_371' title='bbox 1863 4555 1960 4609; x_wconf 90' lang='lat' dir='ltr'><strong>scd</strong></span> 
     </span>
    </p>
   </div>
   <div class='ocr_carea' id='block_1_48' title="bbox 375 4643 1961 4715">
    <p class='ocr_par' dir='ltr' id='par_1_48' title="bbox 375 4643 1961 4715">
     <span class='ocr_line' id='line_1_48' title="bbox 375 4643 1961 4715; baseline 0.003 -17"><span class='ocrx_word' id='word_1_372' title='bbox 375 4645 495 4699; x_wconf 88' lang='lat' dir='ltr'><strong>aliis</strong></span> <span class='ocrx_word' id='word_1_373' title='bbox 536 4644 723 4699; x_wconf 65' lang='lat' dir='ltr'><strong>isthmc</strong></span> <span class='ocrx_word' id='word_1_374' title='bbox 749 4645 943 4699; x_wconf 90' lang='lat' dir='ltr'><strong>utenda</strong></span> <span class='ocrx_word' id='word_1_375' title='bbox 975 4643 1239 4715; x_wconf 82' lang='lat' dir='ltr'><strong>praebere.</strong></span> <span class='ocrx_word' id='word_1_376' title='bbox 1291 4644 1445 4700; x_wconf 82' lang='lat' dir='ltr'><strong>Fecit</strong></span> <span class='ocrx_word' id='word_1_377' title='bbox 1472 4647 1563 4701; x_wconf 90' lang='lat' dir='ltr'><strong>tibi</strong></span> <span class='ocrx_word' id='word_1_378' title='bbox 1592 4648 1825 4703; x_wconf 85' lang='lat' dir='ltr'><strong>oculos?</strong></span> <span class='ocrx_word' id='word_1_379' title='bbox 1854 4649 1961 4703; x_wconf 87' lang='lat' dir='ltr'><strong>llos</strong></span> 
     </span>
    </p>
   </div>
   <div class='ocr_carea' id='block_1_49' title="bbox 378 4737 1957 4810">
    <p class='ocr_par' dir='ltr' id='par_1_49' title="bbox 378 4737 1957 4810">
     <span class='ocr_line' id='line_1_49' title="bbox 378 4737 1957 4810; baseline 0 -18"><span class='ocrx_word' id='word_1_380' title='bbox 378 4739 479 4810; x_wconf 86' lang='lat' dir='ltr'><strong>ipsi</strong></span> <span class='ocrx_word' id='word_1_381' title='bbox 511 4749 703 4808; x_wconf 71' lang='lat' dir='ltr'><strong>prmsta</strong></span> <span class='ocrx_word' id='word_1_382' title='bbox 728 4780 743 4804; x_wconf 92' lang='lat'><strong>,</strong></span> <span class='ocrx_word' id='word_1_383' title='bbox 778 4739 961 4810; x_wconf 70' lang='lat' dir='ltr'><strong>prtebe</strong></span> <span class='ocrx_word' id='word_1_384' title='bbox 1005 4737 1257 4793; x_wconf 87' lang='lat' dir='ltr'><strong>utendqu</strong></span> <span class='ocrx_word' id='word_1_385' title='bbox 1280 4780 1295 4804; x_wconf 89' lang='lat'><strong>,</strong></span> <span class='ocrx_word' id='word_1_386' title='bbox 1342 4754 1449 4793; x_wconf 93' lang='lat' dir='ltr'><strong>nou</strong></span> <span class='ocrx_word' id='word_1_387' title='bbox 1499 4750 1677 4795; x_wconf 90' lang='lat' dir='ltr'><strong>autem</strong></span> <span class='ocrx_word' id='word_1_388' title='bbox 1722 4741 1957 4796; x_wconf 89' lang='lat' dir='ltr'><strong>diabolo.</strong></span> 
     </span>
    </p>
   </div>
   <div class='ocr_carea' id='block_1_50' title="bbox 377 4829 1960 4900">
    <p class='ocr_par' dir='ltr' id='par_1_50' title="bbox 377 4829 1960 4900">
     <span class='ocr_line' id='line_1_50' title="bbox 377 4829 1960 4900; baseline 0.001 -16"><span class='ocrx_word' id='word_1_389' title='bbox 377 4830 660 4898; x_wconf 83' lang='lat' dir='ltr'><strong>Quomodo</strong></span> <span class='ocrx_word' id='word_1_390' title='bbox 690 4839 867 4884; x_wconf 89' lang='lat' dir='ltr'><strong>autem</strong></span> <span class='ocrx_word' id='word_1_391' title='bbox 902 4830 1010 4884; x_wconf 92' lang='lat' dir='ltr'><strong>Deo</strong></span> <span class='ocrx_word' id='word_1_392' title='bbox 1037 4829 1344 4898; x_wconf 66' lang='lat' dir='ltr'><strong>praebebis?</strong></span> <span class='ocrx_word' id='word_1_393' title='bbox 1365 4830 1538 4900; x_wconf 86' lang='lat' dir='ltr'><strong>Opera</strong></span> <span class='ocrx_word' id='word_1_394' title='bbox 1567 4830 1735 4900; x_wconf 80' lang='lat' dir='ltr'><strong>ipsius</strong></span> <span class='ocrx_word' id='word_1_395' title='bbox 1777 4834 1960 4887; x_wconf 91' lang='lat' dir='ltr'><strong>consi-</strong></span> 
     </span>
    </p>
   </div>
   <div class='ocr_carea' id='block_1_51' title="bbox 376 4920 1961 4992">
    <p class='ocr_par' dir='ltr' id='par_1_51' title="bbox 376 4920 1961 4992">
     <span class='ocr_line' id='line_1_51' title="bbox 376 4920 1961 4992; baseline 0.001 -15"><span class='ocrx_word' id='word_1_396' title='bbox 376 4924 571 4979; x_wconf 71' lang='lat' dir='ltr'><strong>derans</strong></span> <span class='ocrx_word' id='word_1_397' title='bbox 597 4931 652 4978; x_wconf 91' lang='lat' dir='ltr'><strong>ct</strong></span> <span class='ocrx_word' id='word_1_398' title='bbox 692 4924 869 4992; x_wconf 89' lang='lat' dir='ltr'><strong>ipsum</strong></span> <span class='ocrx_word' id='word_1_399' title='bbox 914 4920 1257 4992; x_wconf 82' lang='lat' dir='ltr'><strong>gloriﬁcans,</strong></span> <span class='ocrx_word' id='word_1_400' title='bbox 1289 4921 1565 4977; x_wconf 88' lang='lat' dir='ltr'><strong>abducens</strong></span> <span class='ocrx_word' id='word_1_401' title='bbox 1592 4939 1719 4977; x_wconf 90' lang='lat' dir='ltr'><strong>vero</strong></span> <span class='ocrx_word' id='word_1_402' title='bbox 1762 4940 1793 4977; x_wconf 91' lang='lat' dir='ltr'><strong>a</strong></span> <span class='ocrx_word' id='word_1_403' title='bbox 1841 4940 1961 4979; x_wconf 82' lang='lat' dir='ltr'><strong>ntu-</strong></span> 
     </span>
    </p>
   </div>
   <div class='ocr_carea' id='block_1_52' title="bbox 381 5012 1958 5085">
    <p class='ocr_par' dir='ltr' id='par_1_52' title="bbox 381 5012 1958 5085">
     <span class='ocr_line' id='line_1_52' title="bbox 381 5012 1958 5085; baseline 0.002 -17"><span class='ocrx_word' id='word_1_404' title='bbox 381 5016 569 5071; x_wconf 86' lang='lat' dir='ltr'><strong>lierum</strong></span> <span class='ocrx_word' id='word_1_405' title='bbox 598 5025 839 5085; x_wconf 90' lang='lat' dir='ltr'><strong>aspectu.</strong></span> <span class='ocrx_word' id='word_1_406' title='bbox 869 5012 1020 5068; x_wconf 83' lang='lat' dir='ltr'><strong>Fecit</strong></span> <span class='ocrx_word' id='word_1_407' title='bbox 1038 5012 1136 5067; x_wconf 91' lang='lat' dir='ltr'><strong>tibi</strong></span> <span class='ocrx_word' id='word_1_408' title='bbox 1161 5017 1390 5071; x_wconf 79' lang='lat' dir='ltr'><strong>manus?</strong></span> <span class='ocrx_word' id='word_1_409' title='bbox 1414 5013 1518 5068; x_wconf 84' lang='lat' dir='ltr'><strong>llas</strong></span> <span class='ocrx_word' id='word_1_410' title='bbox 1540 5013 1636 5083; x_wconf 89' lang='lat' dir='ltr'><strong>ipsi</strong></span> <span class='ocrx_word' id='word_1_411' title='bbox 1663 5016 1958 5084; x_wconf 89' lang='lat' dir='ltr'><strong>possideto,</strong></span> 
     </span>
    </p>
   </div>
   <div class='ocr_carea' id='block_1_53' title="bbox 381 5103 1959 5176">
    <p class='ocr_par' dir='ltr' id='par_1_53' title="bbox 381 5103 1959 5176">
     <span class='ocr_line' id='line_1_53' title="bbox 381 5103 1959 5176; baseline 0.002 -16"><span class='ocrx_word' id='word_1_412' title='bbox 381 5123 485 5161; x_wconf 89' lang='lat' dir='ltr'><strong>non</strong></span> <span class='ocrx_word' id='word_1_413' title='bbox 512 5106 724 5160; x_wconf 83' lang='lat' dir='ltr'><strong>diabolo</strong></span> <span class='ocrx_word' id='word_1_414' title='bbox 754 5124 767 5161; x_wconf 93' lang='lat'><strong>:</strong></span> <span class='ocrx_word' id='word_1_415' title='bbox 800 5120 903 5160; x_wconf 93' lang='lat' dir='ltr'><strong>nou</strong></span> <span class='ocrx_word' id='word_1_416' title='bbox 931 5118 1025 5159; x_wconf 88' lang='lat' dir='ltr'><strong>eas</strong></span> <span class='ocrx_word' id='word_1_417' title='bbox 1060 5103 1127 5158; x_wconf 89' lang='lat' dir='ltr'><strong>ad</strong></span> <span class='ocrx_word' id='word_1_418' title='bbox 1158 5105 1375 5174; x_wconf 88' lang='lat' dir='ltr'><strong>rapinas</strong></span> <span class='ocrx_word' id='word_1_419' title='bbox 1399 5119 1463 5160; x_wconf 90' lang='lat' dir='ltr'><strong>ac</strong></span> <span class='ocrx_word' id='word_1_420' title='bbox 1492 5106 1701 5176; x_wconf 73' lang='lat' dir='ltr'><strong>prmdas</strong></span> <span class='ocrx_word' id='word_1_421' title='bbox 1722 5148 1738 5173; x_wconf 98' lang='lat'><strong>,</strong></span> <span class='ocrx_word' id='word_1_422' title='bbox 1768 5108 1863 5163; x_wconf 90' lang='lat' dir='ltr'><strong>sed</strong></span> <span class='ocrx_word' id='word_1_423' title='bbox 1894 5110 1959 5163; x_wconf 91' lang='lat' dir='ltr'><strong>ad</strong></span> 
     </span>
    </p>
   </div>
   <div class='ocr_carea' id='block_1_54' title="bbox 380 5182 1959 5270">
    <p class='ocr_par' dir='ltr' id='par_1_54' title="bbox 380 5182 1959 5270">
     <span class='ocr_line' id='line_1_54' title="bbox 380 5182 1959 5270; baseline 0.001 -17"><span class='ocrx_word' id='word_1_424' title='bbox 380 5200 629 5253; x_wconf 81' lang='lat' dir='ltr'><strong>mandata</strong></span> <span class='ocrx_word' id='word_1_425' title='bbox 660 5197 900 5254; x_wconf 91' lang='lat' dir='ltr'><strong>facienda</strong></span> <span class='ocrx_word' id='word_1_426' title='bbox 920 5182 941 5263; x_wconf 10' lang='lat' dir='ltr'><strong>,i</strong></span> <span class='ocrx_word' id='word_1_427' title='bbox 973 5196 1037 5251; x_wconf 92' lang='lat' dir='ltr'><strong>ad</strong></span> <span class='ocrx_word' id='word_1_428' title='bbox 1070 5195 1323 5251; x_wconf 84' lang='lat' dir='ltr'><strong>beneficia</strong></span> <span class='ocrx_word' id='word_1_429' title='bbox 1352 5198 1678 5253; x_wconf 86' lang='lat' dir='ltr'><strong>conferenda</strong></span> <span class='ocrx_word' id='word_1_430' title='bbox 1705 5209 1866 5270; x_wconf 86' lang='lat' dir='ltr'><strong>atque</strong></span> <span class='ocrx_word' id='word_1_431' title='bbox 1893 5202 1959 5255; x_wconf 88' lang='lat' dir='ltr'><strong>ad</strong></span> 
     </span>
    </p>
   </div>
   <div class='ocr_carea' id='block_1_55' title="bbox 381 5289 1964 5362">
    <p class='ocr_par' dir='ltr' id='par_1_55' title="bbox 381 5289 1964 5362">
     <span class='ocr_line' id='line_1_55' title="bbox 381 5289 1964 5362; baseline 0.002 -16"><span class='ocrx_word' id='word_1_432' title='bbox 381 5308 571 5362; x_wconf 89' lang='lat' dir='ltr'><strong>preces</strong></span> <span class='ocrx_word' id='word_1_433' title='bbox 612 5291 855 5346; x_wconf 88' lang='lat' dir='ltr'><strong>assiduas</strong></span> <span class='ocrx_word' id='word_1_434' title='bbox 900 5289 1201 5345; x_wconf 83' lang='lat' dir='ltr'><strong>extendens</strong></span> <span class='ocrx_word' id='word_1_435' title='bbox 1226 5330 1241 5354; x_wconf 93' lang='lat'><strong>,</strong></span> <span class='ocrx_word' id='word_1_436' title='bbox 1274 5290 1338 5343; x_wconf 91' lang='lat' dir='ltr'><strong>ad</strong></span> <span class='ocrx_word' id='word_1_437' title='bbox 1370 5305 1465 5345; x_wconf 92' lang='lat' dir='ltr'><strong>eos</strong></span> <span class='ocrx_word' id='word_1_438' title='bbox 1513 5293 1603 5361; x_wconf 90' lang='lat' dir='ltr'><strong>qui</strong></span> <span class='ocrx_word' id='word_1_439' title='bbox 1653 5294 1964 5349; x_wconf 88' lang='lat' dir='ltr'><strong>ceciderunt</strong></span> 
     </span>
    </p>
   </div>
   <div class='ocr_carea' id='block_1_56' title="bbox 381 5381 1961 5454">
    <p class='ocr_par' dir='ltr' id='par_1_56' title="bbox 381 5381 1961 5454">
     <span class='ocr_line' id='line_1_56' title="bbox 381 5381 1961 5454; baseline 0.003 -17"><span class='ocrx_word' id='word_1_440' title='bbox 381 5383 684 5454; x_wconf 80' lang='lat' dir='ltr'><strong>crigeudos.</strong></span> <span class='ocrx_word' id='word_1_441' title='bbox 737 5382 891 5439; x_wconf 81' lang='lat' dir='ltr'><strong>Fecit</strong></span> <span class='ocrx_word' id='word_1_442' title='bbox 941 5381 1032 5435; x_wconf 92' lang='lat' dir='ltr'><strong>tibi</strong></span> <span class='ocrx_word' id='word_1_443' title='bbox 1076 5381 1279 5436; x_wconf 86' lang='lat' dir='ltr'><strong>aures?</strong></span> <span class='ocrx_word' id='word_1_444' title='bbox 1327 5381 1432 5437; x_wconf 88' lang='lat' dir='ltr'><strong>llas</strong></span> <span class='ocrx_word' id='word_1_445' title='bbox 1462 5383 1560 5453; x_wconf 85' lang='lat' dir='ltr'><strong>ipsi</strong></span> <span class='ocrx_word' id='word_1_446' title='bbox 1607 5385 1821 5453; x_wconf 62' lang='lat' dir='ltr'><strong>praebe,</strong></span> <span class='ocrx_word' id='word_1_447' title='bbox 1854 5403 1961 5441; x_wconf 91' lang='lat' dir='ltr'><strong>non</strong></span> 
     </span>
    </p>
   </div>
   <div class='ocr_carea' id='block_1_57' title="bbox 382 5473 1963 5546">
    <p class='ocr_par' dir='ltr' id='par_1_57' title="bbox 382 5473 1963 5546">
     <span class='ocr_line' id='line_1_57' title="bbox 382 5473 1963 5546; baseline 0.001 -15"><span class='ocrx_word' id='word_1_448' title='bbox 382 5477 622 5531; x_wconf 85' lang='lat' dir='ltr'><strong>infractis</strong></span> <span class='ocrx_word' id='word_1_449' title='bbox 644 5490 708 5529; x_wconf 91' lang='lat' dir='ltr'><strong>ac</strong></span> <span class='ocrx_word' id='word_1_450' title='bbox 733 5474 985 5529; x_wconf 91' lang='lat' dir='ltr'><strong>mollibus</strong></span> <span class='ocrx_word' id='word_1_451' title='bbox 1013 5473 1319 5541; x_wconf 88' lang='lat' dir='ltr'><strong>cantilenis,</strong></span> <span class='ocrx_word' id='word_1_452' title='bbox 1344 5489 1452 5529; x_wconf 92' lang='lat' dir='ltr'><strong>non</strong></span> <span class='ocrx_word' id='word_1_453' title='bbox 1484 5476 1721 5546; x_wconf 90' lang='lat' dir='ltr'><strong>turpium</strong></span> <span class='ocrx_word' id='word_1_454' title='bbox 1750 5492 1963 5533; x_wconf 85' lang='lat' dir='ltr'><strong>sermo-</strong></span> 
     </span>
    </p>
   </div>
   <div class='ocr_carea' id='block_1_58' title="bbox 384 5566 1962 5641">
    <p class='ocr_par' dir='ltr' id='par_1_58' title="bbox 384 5566 1962 5641">
     <span class='ocr_line' id='line_1_58' title="bbox 384 5566 1962 5641; baseline 0.002 -18"><span class='ocrx_word' id='word_1_455' title='bbox 384 5586 511 5623; x_wconf 89' lang='lat' dir='ltr'><strong>num</strong></span> <span class='ocrx_word' id='word_1_456' title='bbox 560 5568 856 5634; x_wconf 89' lang='lat' dir='ltr'><strong>auditioni;</strong></span> <span class='ocrx_word' id='word_1_457' title='bbox 891 5566 1070 5621; x_wconf 82' lang='lat' dir='ltr'><strong>Omnis</strong></span> <span class='ocrx_word' id='word_1_458' title='bbox 1113 5566 1258 5622; x_wconf 91' lang='lat' dir='ltr'><strong>enim</strong></span> <span class='ocrx_word' id='word_1_459' title='bbox 1302 5569 1557 5624; x_wconf 82' lang='lat' dir='ltr'><strong>enarratio</strong></span> <span class='ocrx_word' id='word_1_460' title='bbox 1595 5580 1721 5639; x_wconf 87' lang='lat' dir='ltr'><strong>tua,</strong></span> <span class='ocrx_word' id='word_1_461' title='bbox 1753 5571 1962 5641; x_wconf 86' lang='lat' dir='ltr'><strong>inquit,</strong></span> 
     </span>
    </p>
   </div>
   <div class='ocr_carea' id='block_1_59' title="bbox 386 5658 1963 5734">
    <p class='ocr_par' dir='ltr' id='par_1_59' title="bbox 386 5658 1963 5734">
     <span class='ocr_line' id='line_1_59' title="bbox 386 5658 1963 5734; baseline 0.002 -20"><span class='ocrx_word' id='word_1_462' title='bbox 386 5662 439 5715; x_wconf 86' lang='lat' dir='ltr'><strong>in</strong></span> <span class='ocrx_word' id='word_1_463' title='bbox 467 5662 574 5731; x_wconf 78' lang='lat' dir='ltr'><strong>lege</strong></span> <span class='ocrx_word' id='word_1_464' title='bbox 603 5658 847 5714; x_wconf 83' lang='lat' dir='ltr'><strong>Atnssimi</strong></span> <span class='ocrx_word' id='word_1_465' title='bbox 870 5673 890 5722; x_wconf 88' lang='lat'><strong><em>;</em></strong></span> <span class='ocrx_word' id='word_1_466' title='bbox 918 5666 973 5713; x_wconf 91' lang='lat' dir='ltr'><strong>et</strong></span> <span class='ocrx_word' id='word_1_467' title='bbox 996 5673 1188 5713; x_wconf 86' lang='lat' dir='ltr'><strong>rursus</strong></span> <span class='ocrx_word' id='word_1_468' title='bbox 1213 5700 1229 5725; x_wconf 87' lang='lat'><strong>,</strong></span> <span class='ocrx_word' id='word_1_469' title='bbox 1258 5658 1326 5712; x_wconf 80' lang='lat' dir='ltr'><strong>In</strong></span> <span class='ocrx_word' id='word_1_470' title='bbox 1356 5659 1678 5716; x_wconf 81' lang='lat' dir='ltr'><strong>multitudine</strong></span> <span class='ocrx_word' id='word_1_471' title='bbox 1702 5703 1719 5728; x_wconf 90' lang='lat'><strong>,</strong></span> <span class='ocrx_word' id='word_1_472' title='bbox 1749 5662 1919 5734; x_wconf 88' lang='lat' dir='ltr'><strong>inquit</strong></span> <span class='ocrx_word' id='word_1_473' title='bbox 1946 5704 1963 5730; x_wconf 92' lang='lat'><strong>,</strong></span> 
     </span>
    </p>
   </div>
   <div class='ocr_carea' id='block_1_60' title="bbox 390 5750 1959 5831">
    <p class='ocr_par' dir='ltr' id='par_1_60' title="bbox 390 5750 1959 5831">
     <span class='ocr_line' id='line_1_60' title="bbox 390 5750 1959 5831; baseline 0.003 -24"><span class='ocrx_word' id='word_1_474' title='bbox 390 5753 641 5807; x_wconf 76' lang='lat' dir='ltr'><strong>seniorum</strong></span> <span class='ocrx_word' id='word_1_475' title='bbox 679 5761 759 5805; x_wconf 73' lang='lat' dir='ltr'><strong>sta</strong></span> <span class='ocrx_word' id='word_1_476' title='bbox 781 5792 797 5817; x_wconf 92' lang='lat'><strong>,</strong></span> <span class='ocrx_word' id='word_1_477' title='bbox 822 5750 937 5805; x_wconf 83' lang='lat' dir='ltr'><strong>etsi</strong></span> <span class='ocrx_word' id='word_1_478' title='bbox 978 5751 1091 5820; x_wconf 83' lang='lat' dir='ltr'><strong>quis</strong></span> <span class='ocrx_word' id='word_1_479' title='bbox 1137 5750 1340 5820; x_wconf 83' lang='lat' dir='ltr'><strong>sapiens</strong></span> <span class='ocrx_word' id='word_1_480' title='bbox 1366 5754 1519 5824; x_wconf 76' lang='lat' dir='ltr'><strong>fuerit</strong></span> <span class='ocrx_word' id='word_1_481' title='bbox 1547 5796 1563 5823; x_wconf 91' lang='lat'><strong>,</strong></span> <span class='ocrx_word' id='word_1_482' title='bbox 1595 5755 1642 5811; x_wconf 85' lang='lat' dir='ltr'><strong>ei</strong></span> <span class='ocrx_word' id='word_1_483' title='bbox 1666 5765 1713 5811; x_wconf 85' lang='lat' dir='ltr'><strong>te</strong></span> <span class='ocrx_word' id='word_1_484' title='bbox 1738 5757 1959 5831; x_wconf 65' lang='lat' dir='ltr'><strong>adiunge</strong></span> 
     </span>
    </p>
   </div>
   <div class='ocr_carea' id='block_1_61' title="bbox 696 5856 1365 5920">
    <p class='ocr_par' dir='ltr' id='par_1_61' title="bbox 696 5856 1365 5920">
     <span class='ocr_line' id='line_1_61' title="bbox 696 5856 1365 5920; baseline 0.01 -7"><span class='ocrx_word' id='word_1_485' title='bbox 696 5856 969 5916; x_wconf 70' lang='lat' dir='ltr'><strong>PtTllOL.</strong></span> <span class='ocrx_word' id='word_1_486' title='bbox 1012 5857 1057 5917; x_wconf 77' lang='grc' dir='ltr'><strong>Ο</strong></span> <span class='ocrx_word' id='word_1_487' title='bbox 1072 5876 1129 5917; x_wconf 81' lang='grc' dir='ltr'>ιι.</span> <span class='ocrx_word' id='word_1_488' title='bbox 1180 5857 1365 5920; x_wconf 79' lang='lat' dir='ltr'><strong>LXII.</strong></span> 
     </span>
    </p>
   </div>
   <div class='ocr_carea' id='block_1_62' title="bbox 1236 298 2727 365">
    <p class='ocr_par' dir='ltr' id='par_1_62' title="bbox 1236 298 2727 365">
     <span class='ocr_line' id='line_1_62' title="bbox 1236 298 2727 365; baseline 0.008 -12"><span class='ocrx_word' id='word_1_489' title='bbox 1236 298 1300 354; x_wconf 85' lang='lat' dir='ltr'><strong>IN</strong></span> <span class='ocrx_word' id='word_1_490' title='bbox 1340 298 1556 356; x_wconf 83' lang='lat' dir='ltr'><strong>EPIST.</strong></span> <span class='ocrx_word' id='word_1_491' title='bbox 1599 300 1691 357; x_wconf 86' lang='lat' dir='ltr'><strong>AD</strong></span> <span class='ocrx_word' id='word_1_492' title='bbox 1730 300 2017 359; x_wconf 63' lang='lat' dir='ltr'><strong>PHILIPIL</strong></span> <span class='ocrx_word' id='word_1_493' title='bbox 2058 304 2212 360; x_wconf 74' lang='lat' dir='ltr'><strong>CAP.</strong></span> <span class='ocrx_word' id='word_1_494' title='bbox 2258 306 2343 361; x_wconf 86' lang='lat' dir='ltr'><strong>lll.</strong></span> <span class='ocrx_word' id='word_1_495' title='bbox 2387 306 2617 364; x_wconf 83' lang='lat' dir='ltr'><strong>llOMlL.</strong></span> <span class='ocrx_word' id='word_1_496' title='bbox 2659 310 2727 365; x_wconf 83' lang='lat' dir='ltr'><strong>X.</strong></span> 
     </span>
    </p>
   </div>
   <div class='ocr_carea' id='block_1_63' title="bbox 3553 321 3662 377">
    <p class='ocr_par' dir='ltr' id='par_1_63' title="bbox 3553 321 3662 377">
     <span class='ocr_line' id='line_1_63' title="bbox 3553 321 3662 377; baseline 0 -1"><span class='ocrx_word' id='word_1_497' title='bbox 3553 321 3662 377; x_wconf 65' lang='lat'><strong>263</strong></span> 
     </span>
    </p>
   </div>
   <div class='ocr_carea' id='block_1_64' title="bbox 2073 416 3656 494">
    <p class='ocr_par' dir='ltr' id='par_1_64' title="bbox 2073 416 3656 494">
     <span class='ocr_line' id='line_1_64' title="bbox 2073 416 3656 494; baseline 0.016 -25"><span class='ocrx_word' id='word_1_498' title='bbox 2073 416 2264 487; x_wconf 80' lang='lat' dir='ltr'><strong>(Eccii.</strong></span> <span class='ocrx_word' id='word_1_499' title='bbox 2298 420 2348 475; x_wconf 90' lang='lat'><strong>9.</strong></span> <span class='ocrx_word' id='word_1_500' title='bbox 2381 420 2471 476; x_wconf 77' lang='grc'>25.</span> <span class='ocrx_word' id='word_1_501' title='bbox 2500 436 2548 477; x_wconf 85' lang='lat' dir='ltr'><strong>et</strong></span> <span class='ocrx_word' id='word_1_502' title='bbox 2583 424 2637 479; x_wconf 84' lang='lat'><strong>6.</strong></span> <span class='ocrx_word' id='word_1_503' title='bbox 2666 424 2777 494; x_wconf 80' lang='lat'><strong>55).</strong></span> <span class='ocrx_word' id='word_1_504' title='bbox 2823 425 2972 480; x_wconf 84' lang='lat' dir='ltr'><strong>Fecit</strong></span> <span class='ocrx_word' id='word_1_505' title='bbox 3003 427 3096 481; x_wconf 89' lang='lat' dir='ltr'><strong>tibi</strong></span> <span class='ocrx_word' id='word_1_506' title='bbox 3126 430 3229 483; x_wconf 85' lang='lat' dir='ltr'><strong>os?</strong></span> <span class='ocrx_word' id='word_1_507' title='bbox 3272 428 3347 484; x_wconf 83' lang='lat' dir='ltr'><strong>Ex</strong></span> <span class='ocrx_word' id='word_1_508' title='bbox 3380 429 3489 489; x_wconf 73' lang='lat' dir='ltr'><strong>&#39;hoc</strong></span> <span class='ocrx_word' id='word_1_509' title='bbox 3522 435 3656 494; x_wconf 87' lang='lat' dir='ltr'><strong>nihil</strong></span> 
     </span>
    </p>
   </div>
   <div class='ocr_carea' id='block_1_65' title="bbox 2073 511 3656 598">
    <p class='ocr_par' dir='ltr' id='par_1_65' title="bbox 2073 511 3656 598">
     <span class='ocr_line' id='line_1_65' title="bbox 2073 511 3656 598; baseline 0.011 -33"><span class='ocrx_word' id='word_1_510' title='bbox 2073 511 2338 580; x_wconf 89' lang='lat' dir='ltr'><strong>prodeat,</strong></span> <span class='ocrx_word' id='word_1_511' title='bbox 2368 516 2511 585; x_wconf 91' lang='lat' dir='ltr'><strong>quod</strong></span> <span class='ocrx_word' id='word_1_512' title='bbox 2542 517 2653 573; x_wconf 91' lang='lat' dir='ltr'><strong>Deo</strong></span> <span class='ocrx_word' id='word_1_513' title='bbox 2682 534 2788 572; x_wconf 92' lang='lat' dir='ltr'><strong>non</strong></span> <span class='ocrx_word' id='word_1_514' title='bbox 2826 519 3115 589; x_wconf 86' lang='lat' dir='ltr'><strong>probetur,</strong></span> <span class='ocrx_word' id='word_1_515' title='bbox 3151 522 3245 577; x_wconf 88' lang='lat' dir='ltr'><strong>sed</strong></span> <span class='ocrx_word' id='word_1_516' title='bbox 3291 525 3656 598; x_wconf 85' lang='lat' dir='ltr'><strong>psalmodias,</strong></span> 
     </span>
    </p>
   </div>
   <div class='ocr_carea' id='block_1_66' title="bbox 2071 601 3658 685">
    <p class='ocr_par' dir='ltr' id='par_1_66' title="bbox 2071 601 3658 685">
     <span class='ocr_line' id='line_1_66' title="bbox 2071 601 3658 685; baseline 0.013 -31"><span class='ocrx_word' id='word_1_517' title='bbox 2071 601 2332 673; x_wconf 90' lang='lat' dir='ltr'><strong>hymnos,</strong></span> <span class='ocrx_word' id='word_1_518' title='bbox 2364 606 2497 662; x_wconf 89' lang='lat' dir='ltr'><strong>odas</strong></span> <span class='ocrx_word' id='word_1_519' title='bbox 2525 620 2683 663; x_wconf 85' lang='lat' dir='ltr'><strong>canat</strong></span> <span class='ocrx_word' id='word_1_520' title='bbox 2711 610 3016 679; x_wconf 89' lang='lat' dir='ltr'><strong>spirituales</strong></span> <span class='ocrx_word' id='word_1_521' title='bbox 3037 652 3052 678; x_wconf 85' lang='lat'><strong>,</strong></span> <span class='ocrx_word' id='word_1_522' title='bbox 3087 612 3153 668; x_wconf 91' lang='lat' dir='ltr'><strong>Ut</strong></span> <span class='ocrx_word' id='word_1_523' title='bbox 3181 614 3262 668; x_wconf 88' lang='lat' dir='ltr'><strong>det</strong></span> <span class='ocrx_word' id='word_1_524' title='bbox 3290 620 3535 685; x_wconf 82' lang='lat' dir='ltr'><strong>gratiam,</strong></span> <span class='ocrx_word' id='word_1_525' title='bbox 3558 622 3658 675; x_wconf 85' lang='lat' dir='ltr'><strong>.in-</strong></span> 
     </span>
    </p>
   </div>
   <div class='ocr_carea' id='block_1_67' title="bbox 2070 694 3655 776">
    <p class='ocr_par' dir='ltr' id='par_1_67' title="bbox 2070 694 3655 776">
     <span class='ocr_line' id='line_1_67' title="bbox 2070 694 3655 776; baseline 0.013 -29"><span class='ocrx_word' id='word_1_526' title='bbox 2070 694 2224 763; x_wconf 87' lang='lat' dir='ltr'><strong>quit,</strong></span> <span class='ocrx_word' id='word_1_527' title='bbox 2252 698 2569 754; x_wconf 77' lang='lat' dir='ltr'><strong>audientibus</strong></span> <span class='ocrx_word' id='word_1_528' title='bbox 2601 699 2821 771; x_wconf 69' lang='lat' dir='ltr'><strong>(Ephes.</strong></span> <span class='ocrx_word' id='word_1_529' title='bbox 2851 702 2904 758; x_wconf 74' lang='grc'>4.</span> <span class='ocrx_word' id='word_1_530' title='bbox 2933 703 3049 776; x_wconf 72' lang='grc'><strong>29),</strong></span> <span class='ocrx_word' id='word_1_531' title='bbox 3081 704 3149 759; x_wconf 92' lang='lat' dir='ltr'><strong>ad</strong></span> <span class='ocrx_word' id='word_1_532' title='bbox 3176 707 3521 775; x_wconf 87' lang='lat' dir='ltr'><strong>fulciendum,</strong></span> <span class='ocrx_word' id='word_1_533' title='bbox 3552 728 3655 768; x_wconf 90' lang='lat' dir='ltr'><strong>non</strong></span> 
     </span>
    </p>
   </div>
   <div class='ocr_carea' id='block_1_68' title="bbox 2070 787 3659 867">
    <p class='ocr_par' dir='ltr' id='par_1_68' title="bbox 2070 787 3659 867">
     <span class='ocr_line' id='line_1_68' title="bbox 2070 787 3659 867; baseline 0.012 -25"><span class='ocrx_word' id='word_1_534' title='bbox 2070 787 2137 843; x_wconf 90' lang='lat' dir='ltr'><strong>ad</strong></span> <span class='ocrx_word' id='word_1_535' title='bbox 2176 791 2561 858; x_wconf 73' lang='lat' dir='ltr'><strong>avertendum;</strong></span> <span class='ocrx_word' id='word_1_536' title='bbox 2590 794 2655 848; x_wconf 94' lang='lat' dir='ltr'><strong>ad</strong></span> <span class='ocrx_word' id='word_1_537' title='bbox 2707 794 3164 867; x_wconf 85' lang='lat' dir='ltr'><strong>benedicendum,</strong></span> <span class='ocrx_word' id='word_1_538' title='bbox 3208 817 3314 857; x_wconf 92' lang='lat' dir='ltr'><strong>non</strong></span> <span class='ocrx_word' id='word_1_539' title='bbox 3346 804 3411 857; x_wconf 91' lang='lat' dir='ltr'><strong>ad</strong></span> <span class='ocrx_word' id='word_1_540' title='bbox 3437 807 3659 861; x_wconf 87' lang='lat' dir='ltr'><strong>maledi-</strong></span> 
     </span>
    </p>
   </div>
   <div class='ocr_carea' id='block_1_69' title="bbox 2070 879 3660 965">
    <p class='ocr_par' dir='ltr' id='par_1_69' title="bbox 2070 879 3660 965">
     <span class='ocr_line' id='line_1_69' title="bbox 2070 879 3660 965; baseline 0.014 -33"><span class='ocrx_word' id='word_1_541' title='bbox 2070 879 2333 948; x_wconf 88' lang='lat' dir='ltr'><strong>cendum;</strong></span> <span class='ocrx_word' id='word_1_542' title='bbox 2366 899 2473 937; x_wconf 91' lang='lat' dir='ltr'><strong>non</strong></span> <span class='ocrx_word' id='word_1_543' title='bbox 2499 885 2564 939; x_wconf 88' lang='lat' dir='ltr'><strong>ad</strong></span> <span class='ocrx_word' id='word_1_544' title='bbox 2594 888 2879 944; x_wconf 88' lang='lat' dir='ltr'><strong>struendas</strong></span> <span class='ocrx_word' id='word_1_545' title='bbox 2910 890 3165 959; x_wconf 93' lang='lat' dir='ltr'><strong>insidias,</strong></span> <span class='ocrx_word' id='word_1_546' title='bbox 3200 893 3297 950; x_wconf 88' lang='lat' dir='ltr'><strong>sed</strong></span> <span class='ocrx_word' id='word_1_547' title='bbox 3323 907 3509 951; x_wconf 86' lang='lat' dir='ltr'><strong>contra</strong></span> <span class='ocrx_word' id='word_1_548' title='bbox 3544 914 3660 965; x_wconf 76' lang='lat' dir='ltr'><strong>oru-</strong></span> 
     </span>
    </p>
   </div>
   <div class='ocr_carea' id='block_1_70' title="bbox 2069 969 3657 1054">
    <p class='ocr_par' dir='ltr' id='par_1_70' title="bbox 2069 969 3657 1054">
     <span class='ocr_line' id='line_1_70' title="bbox 2069 969 3657 1054; baseline 0.013 -31"><span class='ocrx_word' id='word_1_549' title='bbox 2069 969 2220 1026; x_wconf 92' lang='lat' dir='ltr'><strong>nino.</strong></span> <span class='ocrx_word' id='word_1_550' title='bbox 2249 972 2401 1028; x_wconf 89' lang='lat' dir='ltr'><strong>Fecit</strong></span> <span class='ocrx_word' id='word_1_551' title='bbox 2431 975 2525 1031; x_wconf 89' lang='lat' dir='ltr'><strong>tibi</strong></span> <span class='ocrx_word' id='word_1_552' title='bbox 2547 978 2711 1046; x_wconf 90' lang='lat' dir='ltr'><strong>pedes</strong></span> <span class='ocrx_word' id='word_1_553' title='bbox 2735 1018 2753 1043; x_wconf 92' lang='lat'><strong>,</strong></span> <span class='ocrx_word' id='word_1_554' title='bbox 2782 996 2886 1033; x_wconf 94' lang='lat' dir='ltr'><strong>non</strong></span> <span class='ocrx_word' id='word_1_555' title='bbox 2917 991 2974 1036; x_wconf 91' lang='lat' dir='ltr'><strong>ut</strong></span> <span class='ocrx_word' id='word_1_556' title='bbox 3001 997 3262 1054; x_wconf 87' lang='lat' dir='ltr'><strong>properes</strong></span> <span class='ocrx_word' id='word_1_557' title='bbox 3288 986 3362 1042; x_wconf 91' lang='lat' dir='ltr'><strong>ad</strong></span> <span class='ocrx_word' id='word_1_558' title='bbox 3393 989 3657 1045; x_wconf 83' lang='lat' dir='ltr'><strong>vitiosita-</strong></span> 
     </span>
    </p>
   </div>
   <div class='ocr_carea' id='block_1_71' title="bbox 2070 1066 3723 1153">
    <p class='ocr_par' dir='ltr' id='par_1_71' title="bbox 2070 1066 3723 1153">
     <span class='ocr_line' id='line_1_71' title="bbox 2070 1066 3723 1153; baseline 0.011 -36"><span class='ocrx_word' id='word_1_559' title='bbox 2070 1071 2208 1131; x_wconf 92' lang='lat' dir='ltr'><strong>tem,</strong></span> <span class='ocrx_word' id='word_1_560' title='bbox 2232 1066 2327 1121; x_wconf 88' lang='lat' dir='ltr'><strong>sed</strong></span> <span class='ocrx_word' id='word_1_561' title='bbox 2362 1066 2430 1122; x_wconf 89' lang='lat' dir='ltr'><strong>ad</strong></span> <span class='ocrx_word' id='word_1_562' title='bbox 2455 1070 2595 1124; x_wconf 87' lang='lat' dir='ltr'><strong>bona</strong></span> <span class='ocrx_word' id='word_1_563' title='bbox 2622 1089 2635 1125; x_wconf 90' lang='lat'><strong>:</strong></span> <span class='ocrx_word' id='word_1_564' title='bbox 2666 1070 2790 1127; x_wconf 91' lang='lat' dir='ltr'><strong>fecit</strong></span> <span class='ocrx_word' id='word_1_565' title='bbox 2820 1072 2914 1127; x_wconf 92' lang='lat' dir='ltr'><strong>tibi</strong></span> <span class='ocrx_word' id='word_1_566' title='bbox 2943 1083 3186 1130; x_wconf 90' lang='lat' dir='ltr'><strong>ventrem</strong></span> <span class='ocrx_word' id='word_1_567' title='bbox 3212 1117 3228 1144; x_wconf 91' lang='lat'><strong>,</strong></span> <span class='ocrx_word' id='word_1_568' title='bbox 3254 1093 3360 1135; x_wconf 82' lang='lat' dir='ltr'><strong>non</strong></span> <span class='ocrx_word' id='word_1_569' title='bbox 3391 1090 3445 1134; x_wconf 92' lang='lat' dir='ltr'><strong>ut</strong></span> <span class='ocrx_word' id='word_1_570' title='bbox 3479 1081 3653 1153; x_wconf 87' lang='lat' dir='ltr'><strong>ipsum</strong></span> <span class='ocrx_word' id='word_1_571' title='bbox 3720 1132 3723 1135; x_wconf 77' lang='lat'><strong>.</strong></span> 
     </span>
    </p>
   </div>
   <div class='ocr_carea' id='block_1_72' title="bbox 2066 1158 3653 1232">
    <p class='ocr_par' dir='ltr' id='par_1_72' title="bbox 2066 1158 3653 1232">
     <span class='ocr_line' id='line_1_72' title="bbox 2066 1158 3653 1232; baseline 0.012 -23"><span class='ocrx_word' id='word_1_572' title='bbox 2066 1169 2309 1226; x_wconf 86' lang='lat' dir='ltr'><strong>rumpas,</strong></span> <span class='ocrx_word' id='word_1_573' title='bbox 2333 1158 2429 1213; x_wconf 88' lang='lat' dir='ltr'><strong>sed</strong></span> <span class='ocrx_word' id='word_1_574' title='bbox 2453 1169 2511 1215; x_wconf 91' lang='lat' dir='ltr'><strong>ut</strong></span> <span class='ocrx_word' id='word_1_575' title='bbox 2538 1162 2965 1232; x_wconf 89' lang='lat' dir='ltr'><strong>philosophicam</strong></span> <span class='ocrx_word' id='word_1_576' title='bbox 2993 1180 3249 1231; x_wconf 84' lang='lat' dir='ltr'><strong>exerceas</strong></span> <span class='ocrx_word' id='word_1_577' title='bbox 3273 1169 3653 1227; x_wconf 89' lang='lat' dir='ltr'><strong>sobrietatem:</strong></span> 
     </span>
    </p>
   </div>
   <div class='ocr_carea' id='block_1_73' title="bbox 2068 1245 3653 1330">
    <p class='ocr_par' dir='ltr' id='par_1_73' title="bbox 2068 1245 3653 1330">
     <span class='ocr_line' id='line_1_73' title="bbox 2068 1245 3653 1330; baseline 0.013 -31"><span class='ocrx_word' id='word_1_578' title='bbox 2068 1245 2255 1301; x_wconf 92' lang='lat' dir='ltr'><strong>indidit</strong></span> <span class='ocrx_word' id='word_1_579' title='bbox 2285 1249 2633 1319; x_wconf 89' lang='lat' dir='ltr'><strong>cupiditatem</strong></span> <span class='ocrx_word' id='word_1_580' title='bbox 2657 1253 2723 1308; x_wconf 90' lang='lat' dir='ltr'><strong>ad</strong></span> <span class='ocrx_word' id='word_1_581' title='bbox 2758 1254 3050 1310; x_wconf 91' lang='lat' dir='ltr'><strong>liberorum</strong></span> <span class='ocrx_word' id='word_1_582' title='bbox 3077 1260 3529 1330; x_wconf 89' lang='lat' dir='ltr'><strong>procreationem,</strong></span> <span class='ocrx_word' id='word_1_583' title='bbox 3558 1265 3653 1319; x_wconf 86' lang='lat' dir='ltr'><strong>scd</strong></span> 
     </span>
    </p>
   </div>
   <div class='ocr_carea' id='block_1_74' title="bbox 2067 1337 3651 1410">
    <p class='ocr_par' dir='ltr' id='par_1_74' title="bbox 2067 1337 3651 1410">
     <span class='ocr_line' id='line_1_74' title="bbox 2067 1337 3651 1410; baseline 0.014 -22"><span class='ocrx_word' id='word_1_584' title='bbox 2067 1352 2171 1390; x_wconf 91' lang='lat' dir='ltr'><strong>non</strong></span> <span class='ocrx_word' id='word_1_585' title='bbox 2199 1337 2267 1393; x_wconf 83' lang='lat' dir='ltr'><strong>ad</strong></span> <span class='ocrx_word' id='word_1_586' title='bbox 2294 1342 2678 1399; x_wconf 86' lang='lat' dir='ltr'><strong>scortationem</strong></span> <span class='ocrx_word' id='word_1_587' title='bbox 2718 1355 2773 1399; x_wconf 83' lang='lat' dir='ltr'><strong>et</strong></span> <span class='ocrx_word' id='word_1_588' title='bbox 2800 1346 3123 1403; x_wconf 91' lang='lat' dir='ltr'><strong>adulterium</strong></span> <span class='ocrx_word' id='word_1_589' title='bbox 3150 1366 3166 1404; x_wconf 94' lang='lat'><strong>:</strong></span> <span class='ocrx_word' id='word_1_590' title='bbox 3196 1351 3345 1407; x_wconf 89' lang='lat' dir='ltr'><strong>dedit</strong></span> <span class='ocrx_word' id='word_1_591' title='bbox 3373 1354 3467 1409; x_wconf 88' lang='lat' dir='ltr'><strong>tibi</strong></span> <span class='ocrx_word' id='word_1_592' title='bbox 3498 1371 3651 1410; x_wconf 87' lang='lat' dir='ltr'><strong>men-</strong></span> 
     </span>
    </p>
   </div>
   <div class='ocr_carea' id='block_1_75' title="bbox 2066 1433 3656 1511">
    <p class='ocr_par' dir='ltr' id='par_1_75' title="bbox 2066 1433 3656 1511">
     <span class='ocr_line' id='line_1_75' title="bbox 2066 1433 3656 1511; baseline 0.013 -31"><span class='ocrx_word' id='word_1_593' title='bbox 2066 1436 2173 1482; x_wconf 91' lang='lat' dir='ltr'><strong>tem</strong></span> <span class='ocrx_word' id='word_1_594' title='bbox 2196 1470 2212 1494; x_wconf 88' lang='lat'><strong>,</strong></span> <span class='ocrx_word' id='word_1_595' title='bbox 2246 1446 2352 1485; x_wconf 90' lang='lat' dir='ltr'><strong>non</strong></span> <span class='ocrx_word' id='word_1_596' title='bbox 2376 1442 2435 1487; x_wconf 91' lang='lat' dir='ltr'><strong>ut</strong></span> <span class='ocrx_word' id='word_1_597' title='bbox 2478 1433 2867 1505; x_wconf 89' lang='lat' dir='ltr'><strong>blasphemiam</strong></span> <span class='ocrx_word' id='word_1_598' title='bbox 2912 1439 2963 1494; x_wconf 91' lang='lat' dir='ltr'><strong>iu</strong></span> <span class='ocrx_word' id='word_1_599' title='bbox 3002 1441 3175 1510; x_wconf 89' lang='lat' dir='ltr'><strong>ipsum</strong></span> <span class='ocrx_word' id='word_1_600' title='bbox 3216 1443 3421 1511; x_wconf 84' lang='lat' dir='ltr'><strong>jacias,</strong></span> <span class='ocrx_word' id='word_1_601' title='bbox 3458 1461 3564 1501; x_wconf 92' lang='lat' dir='ltr'><strong>non</strong></span> <span class='ocrx_word' id='word_1_602' title='bbox 3599 1459 3656 1501; x_wconf 90' lang='lat' dir='ltr'><strong>ut</strong></span> 
     </span>
    </p>
   </div>
   <div class='ocr_carea' id='block_1_76' title="bbox 2064 1517 3652 1606">
    <p class='ocr_par' dir='ltr' id='par_1_76' title="bbox 2064 1517 3652 1606">
     <span class='ocr_line' id='line_1_76' title="bbox 2064 1517 3652 1606; baseline 0.014 -35"><span class='ocrx_word' id='word_1_603' title='bbox 2064 1517 2140 1573; x_wconf 89' lang='lat' dir='ltr'><strong>sis</strong></span> <span class='ocrx_word' id='word_1_604' title='bbox 2167 1522 2536 1591; x_wconf 89' lang='lat' dir='ltr'><strong>conviciator,</strong></span> <span class='ocrx_word' id='word_1_605' title='bbox 2583 1527 2677 1581; x_wconf 91' lang='lat' dir='ltr'><strong>sed</strong></span> <span class='ocrx_word' id='word_1_606' title='bbox 2709 1537 2766 1582; x_wconf 91' lang='lat' dir='ltr'><strong>ut</strong></span> <span class='ocrx_word' id='word_1_607' title='bbox 2809 1528 2947 1586; x_wconf 88' lang='lat' dir='ltr'><strong>bene</strong></span> <span class='ocrx_word' id='word_1_608' title='bbox 2993 1531 3180 1595; x_wconf 82' lang='lat' dir='ltr'><strong>dicas:</strong></span> <span class='ocrx_word' id='word_1_609' title='bbox 3214 1534 3365 1589; x_wconf 89' lang='lat' dir='ltr'><strong>dedit</strong></span> <span class='ocrx_word' id='word_1_610' title='bbox 3391 1546 3445 1589; x_wconf 90' lang='lat' dir='ltr'><strong>et</strong></span> <span class='ocrx_word' id='word_1_611' title='bbox 3486 1553 3652 1606; x_wconf 78' lang='lat' dir='ltr'><strong>pecu-</strong></span> 
     </span>
    </p>
   </div>
   <div class='ocr_carea' id='block_1_77' title="bbox 2066 1610 3654 1698">
    <p class='ocr_par' dir='ltr' id='par_1_77' title="bbox 2066 1610 3654 1698">
     <span class='ocr_line' id='line_1_77' title="bbox 2066 1610 3654 1698; baseline 0.014 -36"><span class='ocrx_word' id='word_1_612' title='bbox 2066 1610 2213 1676; x_wconf 89' lang='lat' dir='ltr'><strong>nias,</strong></span> <span class='ocrx_word' id='word_1_613' title='bbox 2262 1623 2318 1668; x_wconf 92' lang='lat' dir='ltr'><strong>ut</strong></span> <span class='ocrx_word' id='word_1_614' title='bbox 2365 1630 2472 1684; x_wconf 89' lang='lat' dir='ltr'><strong>quo</strong></span> <span class='ocrx_word' id='word_1_615' title='bbox 2520 1627 2735 1688; x_wconf 89' lang='lat' dir='ltr'><strong>oportet</strong></span> <span class='ocrx_word' id='word_1_616' title='bbox 2784 1620 2914 1691; x_wconf 90' lang='lat' dir='ltr'><strong>ipsis</strong></span> <span class='ocrx_word' id='word_1_617' title='bbox 2964 1631 3207 1691; x_wconf 88' lang='lat' dir='ltr'><strong>utamur;</strong></span> <span class='ocrx_word' id='word_1_618' title='bbox 3240 1627 3539 1698; x_wconf 89' lang='lat' dir='ltr'><strong>eademque</strong></span> <span class='ocrx_word' id='word_1_619' title='bbox 3585 1632 3654 1686; x_wconf 84' lang='lat' dir='ltr'><strong>de</strong></span> 
     </span>
    </p>
   </div>
   <div class='ocr_carea' id='block_1_78' title="bbox 2063 1710 3648 1787">
    <p class='ocr_par' dir='ltr' id='par_1_78' title="bbox 2063 1710 3648 1787">
     <span class='ocr_line' id='line_1_78' title="bbox 2063 1710 3648 1787; baseline 0.01 -27"><span class='ocrx_word' id='word_1_620' title='bbox 2063 1720 2222 1761; x_wconf 85' lang='lat' dir='ltr'><strong>eausa</strong></span> <span class='ocrx_word' id='word_1_621' title='bbox 2256 1711 2401 1765; x_wconf 89' lang='lat' dir='ltr'><strong>vires</strong></span> <span class='ocrx_word' id='word_1_622' title='bbox 2442 1710 2613 1767; x_wconf 88' lang='lat' dir='ltr'><strong>dedit.</strong></span> <span class='ocrx_word' id='word_1_623' title='bbox 2644 1714 2793 1769; x_wconf 88' lang='lat' dir='ltr'><strong>Fecit</strong></span> <span class='ocrx_word' id='word_1_624' title='bbox 2819 1724 2966 1770; x_wconf 89' lang='lat' dir='ltr'><strong>artes</strong></span> <span class='ocrx_word' id='word_1_625' title='bbox 2989 1759 3004 1783; x_wconf 91' lang='lat'><strong>,</strong></span> <span class='ocrx_word' id='word_1_626' title='bbox 3030 1725 3089 1771; x_wconf 91' lang='lat' dir='ltr'><strong>ut</strong></span> <span class='ocrx_word' id='word_1_627' title='bbox 3136 1718 3241 1772; x_wconf 91' lang='lat' dir='ltr'><strong>vita</strong></span> <span class='ocrx_word' id='word_1_628' title='bbox 3270 1730 3603 1775; x_wconf 86' lang='lat' dir='ltr'><strong>sustentetur</strong></span> <span class='ocrx_word' id='word_1_629' title='bbox 3631 1764 3648 1787; x_wconf 88' lang='lat'><strong>,</strong></span> 
     </span>
    </p>
   </div>
   <div class='ocr_carea' id='block_1_79' title="bbox 2065 1804 3653 1883">
    <p class='ocr_par' dir='ltr' id='par_1_79' title="bbox 2065 1804 3653 1883">
     <span class='ocr_line' id='line_1_79' title="bbox 2065 1804 3653 1883; baseline 0.01 -32"><span class='ocrx_word' id='word_1_630' title='bbox 2065 1816 2170 1854; x_wconf 93' lang='lat' dir='ltr'><strong>non</strong></span> <span class='ocrx_word' id='word_1_631' title='bbox 2221 1811 2277 1856; x_wconf 90' lang='lat' dir='ltr'><strong>ut</strong></span> <span class='ocrx_word' id='word_1_632' title='bbox 2322 1818 2351 1855; x_wconf 91' lang='lat' dir='ltr'><strong>a</strong></span> <span class='ocrx_word' id='word_1_633' title='bbox 2381 1804 2547 1860; x_wconf 89' lang='lat' dir='ltr'><strong>rebus</strong></span> <span class='ocrx_word' id='word_1_634' title='bbox 2574 1806 2641 1860; x_wconf 90' lang='lat' dir='ltr'><strong>ad</strong></span> <span class='ocrx_word' id='word_1_635' title='bbox 2670 1807 2919 1877; x_wconf 79' lang='lat' dir='ltr'><strong>Spiritum</strong></span> <span class='ocrx_word' id='word_1_636' title='bbox 2949 1810 3342 1878; x_wconf 86' lang='lat' dir='ltr'><strong>pertinentibus</strong></span> <span class='ocrx_word' id='word_1_637' title='bbox 3372 1828 3473 1866; x_wconf 91' lang='lat' dir='ltr'><strong>nos</strong></span> <span class='ocrx_word' id='word_1_638' title='bbox 3506 1814 3653 1883; x_wconf 92' lang='lat' dir='ltr'><strong>ipsos</strong></span> 
     </span>
    </p>
   </div>
   <div class='ocr_carea' id='block_1_80' title="bbox 2062 1900 3647 1975">
    <p class='ocr_par' dir='ltr' id='par_1_80' title="bbox 2062 1900 3647 1975">
     <span class='ocr_line' id='line_1_80' title="bbox 2062 1900 3647 1975; baseline 0.011 -30"><span class='ocrx_word' id='word_1_639' title='bbox 2062 1906 2347 1951; x_wconf 80' lang='lat' dir='ltr'><strong>avocemus</strong></span> <span class='ocrx_word' id='word_1_640' title='bbox 2372 1936 2387 1957; x_wconf 89' lang='lat'><strong>,</strong></span> <span class='ocrx_word' id='word_1_641' title='bbox 2436 1912 2542 1952; x_wconf 90' lang='lat' dir='ltr'><strong>non</strong></span> <span class='ocrx_word' id='word_1_642' title='bbox 2574 1908 2633 1953; x_wconf 93' lang='lat' dir='ltr'><strong>ut</strong></span> <span class='ocrx_word' id='word_1_643' title='bbox 2674 1900 2908 1957; x_wconf 89' lang='lat' dir='ltr'><strong>sordidis</strong></span> <span class='ocrx_word' id='word_1_644' title='bbox 2938 1903 3146 1959; x_wconf 89' lang='lat' dir='ltr'><strong>artibus</strong></span> <span class='ocrx_word' id='word_1_645' title='bbox 3171 1919 3390 1975; x_wconf 89' lang='lat' dir='ltr'><strong>operam</strong></span> <span class='ocrx_word' id='word_1_646' title='bbox 3420 1905 3607 1963; x_wconf 87' lang='lat' dir='ltr'><strong>demus</strong></span> <span class='ocrx_word' id='word_1_647' title='bbox 3631 1950 3647 1974; x_wconf 92' lang='lat'><strong>,</strong></span> 
     </span>
    </p>
   </div>
   <div class='ocr_carea' id='block_1_81' title="bbox 2061 1984 3648 2065">
    <p class='ocr_par' dir='ltr' id='par_1_81' title="bbox 2061 1984 3648 2065">
     <span class='ocr_line' id='line_1_81' title="bbox 2061 1984 3648 2065; baseline 0.01 -29"><span class='ocrx_word' id='word_1_648' title='bbox 2061 1984 2155 2036; x_wconf 90' lang='lat' dir='ltr'><strong>sed</strong></span> <span class='ocrx_word' id='word_1_649' title='bbox 2203 1988 2522 2042; x_wconf 79' lang='lat' dir='ltr'><strong>necessariis</strong></span> <span class='ocrx_word' id='word_1_650' title='bbox 2544 2029 2560 2054; x_wconf 90' lang='lat'><strong>,</strong></span> <span class='ocrx_word' id='word_1_651' title='bbox 2591 1999 2648 2044; x_wconf 89' lang='lat' dir='ltr'><strong>ut</strong></span> <span class='ocrx_word' id='word_1_652' title='bbox 2690 1991 2847 2045; x_wconf 90' lang='lat' dir='ltr'><strong>nobis</strong></span> <span class='ocrx_word' id='word_1_653' title='bbox 2891 2004 3131 2048; x_wconf 90' lang='lat' dir='ltr'><strong>mutuam</strong></span> <span class='ocrx_word' id='word_1_654' title='bbox 3162 2010 3320 2065; x_wconf 91' lang='lat' dir='ltr'><strong>opem</strong></span> <span class='ocrx_word' id='word_1_655' title='bbox 3373 1997 3607 2053; x_wconf 76' lang='lat' dir='ltr'><strong>feramus</strong></span> <span class='ocrx_word' id='word_1_656' title='bbox 3631 2040 3648 2065; x_wconf 85' lang='lat'><strong>,</strong></span> 
     </span>
    </p>
   </div>
   <div class='ocr_carea' id='block_1_82' title="bbox 2065 2076 3654 2143">
    <p class='ocr_par' dir='ltr' id='par_1_82' title="bbox 2065 2076 3654 2143">
     <span class='ocr_line' id='line_1_82' title="bbox 2065 2076 3654 2143; baseline 0.011 -17"><span class='ocrx_word' id='word_1_657' title='bbox 2065 2089 2168 2126; x_wconf 90' lang='lat' dir='ltr'><strong>non</strong></span> <span class='ocrx_word' id='word_1_658' title='bbox 2218 2083 2275 2129; x_wconf 90' lang='grc' dir='ltr'><strong>ιιι</strong></span> <span class='ocrx_word' id='word_1_659' title='bbox 2319 2076 2660 2133; x_wconf 83' lang='lat' dir='ltr'><strong>insidientur.</strong></span> <span class='ocrx_word' id='word_1_660' title='bbox 2716 2080 2872 2136; x_wconf 88' lang='lat' dir='ltr'><strong>Dedit</strong></span> <span class='ocrx_word' id='word_1_661' title='bbox 2905 2092 3103 2137; x_wconf 91' lang='lat' dir='ltr'><strong>tectum</strong></span> <span class='ocrx_word' id='word_1_662' title='bbox 3158 2100 3225 2139; x_wconf 92' lang='lat' dir='ltr'><strong>eo</strong></span> <span class='ocrx_word' id='word_1_663' title='bbox 3269 2086 3548 2143; x_wconf 88' lang='lat' dir='ltr'><strong>dumtaxat</strong></span> <span class='ocrx_word' id='word_1_664' title='bbox 3595 2099 3654 2143; x_wconf 90' lang='lat' dir='ltr'><strong>ut</strong></span> 
     </span>
    </p>
   </div>
   <div class='ocr_carea' id='block_1_83' title="bbox 2061 2166 3649 2244">
    <p class='ocr_par' dir='ltr' id='par_1_83' title="bbox 2061 2166 3649 2244">
     <span class='ocr_line' id='line_1_83' title="bbox 2061 2166 3649 2244; baseline 0.01 -27"><span class='ocrx_word' id='word_1_665' title='bbox 2061 2174 2243 2219; x_wconf 86' lang='lat' dir='ltr'><strong>arceat</strong></span> <span class='ocrx_word' id='word_1_666' title='bbox 2272 2166 2547 2235; x_wconf 81' lang='lat' dir='ltr'><strong>pluviam,</strong></span> <span class='ocrx_word' id='word_1_667' title='bbox 2583 2185 2690 2224; x_wconf 91' lang='lat' dir='ltr'><strong>non</strong></span> <span class='ocrx_word' id='word_1_668' title='bbox 2716 2180 2774 2225; x_wconf 91' lang='lat' dir='ltr'><strong>ut</strong></span> <span class='ocrx_word' id='word_1_669' title='bbox 2800 2172 2972 2242; x_wconf 88' lang='lat' dir='ltr'><strong>ipsum</strong></span> <span class='ocrx_word' id='word_1_670' title='bbox 2998 2174 3218 2244; x_wconf 88' lang='lat' dir='ltr'><strong>quidem</strong></span> <span class='ocrx_word' id='word_1_671' title='bbox 3241 2186 3466 2232; x_wconf 88' lang='lat' dir='ltr'><strong>ornetur</strong></span> <span class='ocrx_word' id='word_1_672' title='bbox 3494 2195 3649 2244; x_wconf 86' lang='lat' dir='ltr'><strong>auro,</strong></span> 
     </span>
    </p>
   </div>
   <div class='ocr_carea' id='block_1_84' title="bbox 2064 2261 3648 2340">
    <p class='ocr_par' dir='ltr' id='par_1_84' title="bbox 2064 2261 3648 2340">
     <span class='ocr_line' id='line_1_84' title="bbox 2064 2261 3648 2340; baseline 0.011 -32"><span class='ocrx_word' id='word_1_673' title='bbox 2064 2271 2265 2325; x_wconf 84' lang='lat' dir='ltr'><strong>pauper</strong></span> <span class='ocrx_word' id='word_1_674' title='bbox 2295 2272 2422 2312; x_wconf 87' lang='lat' dir='ltr'><strong>vero</strong></span> <span class='ocrx_word' id='word_1_675' title='bbox 2453 2271 2635 2328; x_wconf 89' lang='lat' dir='ltr'><strong>pereat</strong></span> <span class='ocrx_word' id='word_1_676' title='bbox 2669 2261 2845 2318; x_wconf 86' lang='lat' dir='ltr'><strong>fame:</strong></span> <span class='ocrx_word' id='word_1_677' title='bbox 2877 2264 3026 2320; x_wconf 90' lang='lat' dir='ltr'><strong>dedit</strong></span> <span class='ocrx_word' id='word_1_678' title='bbox 3050 2276 3228 2321; x_wconf 91' lang='lat' dir='ltr'><strong>vestes</strong></span> <span class='ocrx_word' id='word_1_679' title='bbox 3248 2310 3263 2335; x_wconf 92' lang='lat'><strong>,</strong></span> <span class='ocrx_word' id='word_1_680' title='bbox 3298 2279 3354 2322; x_wconf 93' lang='lat' dir='ltr'><strong>ut</strong></span> <span class='ocrx_word' id='word_1_681' title='bbox 3386 2281 3648 2340; x_wconf 86' lang='lat' dir='ltr'><strong>tegamur,</strong></span> 
     </span>
    </p>
   </div>
   <div class='ocr_carea' id='block_1_85' title="bbox 2062 2354 3651 2426">
    <p class='ocr_par' dir='ltr' id='par_1_85' title="bbox 2062 2354 3651 2426">
     <span class='ocr_line' id='line_1_85' title="bbox 2062 2354 3651 2426; baseline 0.013 -29"><span class='ocrx_word' id='word_1_682' title='bbox 2062 2360 2169 2399; x_wconf 86' lang='lat' dir='ltr'><strong>non</strong></span> <span class='ocrx_word' id='word_1_683' title='bbox 2201 2355 2257 2400; x_wconf 94' lang='lat' dir='ltr'><strong>ut</strong></span> <span class='ocrx_word' id='word_1_684' title='bbox 2281 2356 2652 2418; x_wconf 90' lang='lat' dir='ltr'><strong>ostentemus,</strong></span> <span class='ocrx_word' id='word_1_685' title='bbox 2694 2366 2799 2407; x_wconf 93' lang='lat' dir='ltr'><strong>non</strong></span> <span class='ocrx_word' id='word_1_686' title='bbox 2834 2362 2891 2408; x_wconf 91' lang='lat' dir='ltr'><strong>ut</strong></span> <span class='ocrx_word' id='word_1_687' title='bbox 2934 2354 3039 2410; x_wconf 80' lang='lat' dir='ltr'><strong>ill:e</strong></span> <span class='ocrx_word' id='word_1_688' title='bbox 3067 2358 3284 2426; x_wconf 89' lang='lat' dir='ltr'><strong>quidem</strong></span> <span class='ocrx_word' id='word_1_689' title='bbox 3317 2360 3487 2414; x_wconf 90' lang='lat' dir='ltr'><strong>multo</strong></span> <span class='ocrx_word' id='word_1_690' title='bbox 3515 2377 3651 2416; x_wconf 91' lang='lat' dir='ltr'><strong>auro</strong></span> 
     </span>
    </p>
   </div>
   <div class='ocr_carea' id='block_1_86' title="bbox 2062 2436 3647 2522">
    <p class='ocr_par' dir='ltr' id='par_1_86' title="bbox 2062 2436 3647 2522">
     <span class='ocr_line' id='line_1_86' title="bbox 2062 2436 3647 2522; baseline 0.012 -32"><span class='ocrx_word' id='word_1_691' title='bbox 2062 2436 2323 2506; x_wconf 88' lang='lat' dir='ltr'><strong>ditentur,</strong></span> <span class='ocrx_word' id='word_1_692' title='bbox 2349 2439 2597 2497; x_wconf 89' lang='lat' dir='ltr'><strong>Christus</strong></span> <span class='ocrx_word' id='word_1_693' title='bbox 2624 2459 2752 2499; x_wconf 90' lang='lat' dir='ltr'><strong>vero</strong></span> <span class='ocrx_word' id='word_1_694' title='bbox 2778 2446 2954 2502; x_wconf 89' lang='lat' dir='ltr'><strong>nudus</strong></span> <span class='ocrx_word' id='word_1_695' title='bbox 2981 2459 3199 2519; x_wconf 89' lang='lat' dir='ltr'><strong>pereat:</strong></span> <span class='ocrx_word' id='word_1_696' title='bbox 3230 2452 3448 2507; x_wconf 89' lang='lat' dir='ltr'><strong>domum</strong></span> <span class='ocrx_word' id='word_1_697' title='bbox 3478 2455 3647 2522; x_wconf 88' lang='lat' dir='ltr'><strong>dedit,</strong></span> 
     </span>
    </p>
   </div>
   <div class='ocr_carea' id='block_1_87' title="bbox 2063 2525 3653 2612">
    <p class='ocr_par' dir='ltr' id='par_1_87' title="bbox 2063 2525 3653 2612">
     <span class='ocr_line' id='line_1_87' title="bbox 2063 2525 3653 2612; baseline 0.013 -31"><span class='ocrx_word' id='word_1_698' title='bbox 2063 2542 2168 2581; x_wconf 90' lang='lat' dir='ltr'><strong>non</strong></span> <span class='ocrx_word' id='word_1_699' title='bbox 2194 2539 2251 2583; x_wconf 89' lang='lat' dir='ltr'><strong>ut</strong></span> <span class='ocrx_word' id='word_1_700' title='bbox 2277 2530 2423 2586; x_wconf 91' lang='lat' dir='ltr'><strong>solus</strong></span> <span class='ocrx_word' id='word_1_701' title='bbox 2446 2531 2664 2603; x_wconf 87' lang='lat' dir='ltr'><strong>habeas,</strong></span> <span class='ocrx_word' id='word_1_702' title='bbox 2683 2535 2778 2591; x_wconf 91' lang='lat' dir='ltr'><strong>sed</strong></span> <span class='ocrx_word' id='word_1_703' title='bbox 2805 2547 2862 2591; x_wconf 91' lang='lat' dir='ltr'><strong>ut</strong></span> <span class='ocrx_word' id='word_1_704' title='bbox 2880 2538 3001 2593; x_wconf 90' lang='lat' dir='ltr'><strong>aliis</strong></span> <span class='ocrx_word' id='word_1_705' title='bbox 3017 2541 3181 2595; x_wconf 90' lang='lat' dir='ltr'><strong>ctiam</strong></span> <span class='ocrx_word' id='word_1_706' title='bbox 3206 2542 3443 2612; x_wconf 75' lang='lat' dir='ltr'><strong>pra-beas</strong></span> <span class='ocrx_word' id='word_1_707' title='bbox 3467 2563 3480 2597; x_wconf 92' lang='lat'><strong>:</strong></span> <span class='ocrx_word' id='word_1_708' title='bbox 3507 2525 3653 2601; x_wconf 81' lang='lat' dir='ltr'><strong>dedit</strong></span> 
     </span>
    </p>
   </div>
   <div class='ocr_carea' id='block_1_88' title="bbox 2065 2627 3646 2704">
    <p class='ocr_par' dir='ltr' id='par_1_88' title="bbox 2065 2627 3646 2704">
     <span class='ocr_line' id='line_1_88' title="bbox 2065 2627 3646 2704; baseline 0.013 -29"><span class='ocrx_word' id='word_1_709' title='bbox 2065 2629 2266 2676; x_wconf 90' lang='lat' dir='ltr'><strong>terram</strong></span> <span class='ocrx_word' id='word_1_710' title='bbox 2288 2663 2305 2689; x_wconf 94' lang='lat'><strong>,</strong></span> <span class='ocrx_word' id='word_1_711' title='bbox 2333 2639 2439 2679; x_wconf 92' lang='lat' dir='ltr'><strong>non</strong></span> <span class='ocrx_word' id='word_1_712' title='bbox 2473 2635 2532 2681; x_wconf 94' lang='lat' dir='ltr'><strong>ut</strong></span> <span class='ocrx_word' id='word_1_713' title='bbox 2572 2627 2776 2697; x_wconf 86' lang='lat' dir='ltr'><strong>majore</strong></span> <span class='ocrx_word' id='word_1_714' title='bbox 2806 2630 2948 2685; x_wconf 91' lang='lat' dir='ltr'><strong>illius</strong></span> <span class='ocrx_word' id='word_1_715' title='bbox 2978 2642 3130 2702; x_wconf 88' lang='lat' dir='ltr'><strong>parte</strong></span> <span class='ocrx_word' id='word_1_716' title='bbox 3159 2635 3224 2689; x_wconf 92' lang='lat' dir='ltr'><strong>ad</strong></span> <span class='ocrx_word' id='word_1_717' title='bbox 3260 2646 3311 2691; x_wconf 89' lang='lat' dir='ltr'><strong>te</strong></span> <span class='ocrx_word' id='word_1_718' title='bbox 3336 2636 3602 2694; x_wconf 88' lang='lat' dir='ltr'><strong>abstracta</strong></span> <span class='ocrx_word' id='word_1_719' title='bbox 3630 2681 3646 2704; x_wconf 91' lang='lat'><strong>,</strong></span> 
     </span>
    </p>
   </div>
   <div class='ocr_carea' id='block_1_89' title="bbox 2063 2711 3650 2799">
    <p class='ocr_par' dir='ltr' id='par_1_89' title="bbox 2063 2711 3650 2799">
     <span class='ocr_line' id='line_1_89' title="bbox 2063 2711 3650 2799; baseline 0.013 -32"><span class='ocrx_word' id='word_1_720' title='bbox 2063 2711 2117 2767; x_wconf 92' lang='lat' dir='ltr'><strong>in</strong></span> <span class='ocrx_word' id='word_1_721' title='bbox 2145 2723 2322 2769; x_wconf 91' lang='lat' dir='ltr'><strong>scorta</strong></span> <span class='ocrx_word' id='word_1_722' title='bbox 2347 2757 2362 2783; x_wconf 97' lang='lat'><strong>,</strong></span> <span class='ocrx_word' id='word_1_723' title='bbox 2391 2726 2446 2773; x_wconf 90' lang='lat' dir='ltr'><strong>et</strong></span> <span class='ocrx_word' id='word_1_724' title='bbox 2488 2719 2771 2788; x_wconf 89' lang='lat' dir='ltr'><strong>psaltrias,</strong></span> <span class='ocrx_word' id='word_1_725' title='bbox 2799 2732 2857 2777; x_wconf 91' lang='lat' dir='ltr'><strong>et</strong></span> <span class='ocrx_word' id='word_1_726' title='bbox 2897 2725 3090 2782; x_wconf 89' lang='lat' dir='ltr'><strong>mimos</strong></span> <span class='ocrx_word' id='word_1_727' title='bbox 3109 2767 3124 2793; x_wconf 94' lang='lat'><strong>,</strong></span> <span class='ocrx_word' id='word_1_728' title='bbox 3154 2738 3207 2783; x_wconf 94' lang='lat' dir='ltr'><strong>et</strong></span> <span class='ocrx_word' id='word_1_729' title='bbox 3258 2729 3503 2786; x_wconf 84' lang='lat' dir='ltr'><strong>tibicines</strong></span> <span class='ocrx_word' id='word_1_730' title='bbox 3525 2772 3544 2799; x_wconf 89' lang='lat'><strong>,</strong></span> <span class='ocrx_word' id='word_1_731' title='bbox 3594 2743 3650 2788; x_wconf 88' lang='lat' dir='ltr'><strong>et</strong></span> 
     </span>
    </p>
   </div>
   <div class='ocr_carea' id='block_1_90' title="bbox 2062 2805 3644 2884">
    <p class='ocr_par' dir='ltr' id='par_1_90' title="bbox 2062 2805 3644 2884">
     <span class='ocr_line' id='line_1_90' title="bbox 2062 2805 3644 2884; baseline 0.013 -23"><span class='ocrx_word' id='word_1_732' title='bbox 2062 2805 2391 2864; x_wconf 60' lang='lat' dir='ltr'><strong>citharoedos</strong></span> <span class='ocrx_word' id='word_1_733' title='bbox 2439 2810 2681 2868; x_wconf 90' lang='lat' dir='ltr'><strong>insumas</strong></span> <span class='ocrx_word' id='word_1_734' title='bbox 2728 2814 2820 2870; x_wconf 91' lang='lat' dir='ltr'><strong>Dei</strong></span> <span class='ocrx_word' id='word_1_735' title='bbox 2873 2816 3051 2884; x_wconf 91' lang='lat' dir='ltr'><strong>bona,</strong></span> <span class='ocrx_word' id='word_1_736' title='bbox 3096 2819 3192 2875; x_wconf 86' lang='lat' dir='ltr'><strong>sed</strong></span> <span class='ocrx_word' id='word_1_737' title='bbox 3245 2821 3297 2876; x_wconf 90' lang='lat' dir='ltr'><strong>in</strong></span> <span class='ocrx_word' id='word_1_738' title='bbox 3342 2824 3644 2881; x_wconf 89' lang='lat' dir='ltr'><strong>esurientes</strong></span> 
     </span>
    </p>
   </div>
   <div class='ocr_carea' id='block_1_91' title="bbox 2062 2905 3649 2983">
    <p class='ocr_par' dir='ltr' id='par_1_91' title="bbox 2062 2905 3649 2983">
     <span class='ocr_line' id='line_1_91' title="bbox 2062 2905 3649 2983; baseline 0.012 -30"><span class='ocrx_word' id='word_1_739' title='bbox 2062 2909 2222 2970; x_wconf 91' lang='lat' dir='ltr'><strong>atque</strong></span> <span class='ocrx_word' id='word_1_740' title='bbox 2245 2916 2469 2972; x_wconf 86' lang='lat' dir='ltr'><strong>egenos.</strong></span> <span class='ocrx_word' id='word_1_741' title='bbox 2512 2905 2670 2960; x_wconf 92' lang='lat' dir='ltr'><strong>Dedit</strong></span> <span class='ocrx_word' id='word_1_742' title='bbox 2708 2907 2800 2964; x_wconf 92' lang='lat' dir='ltr'><strong>tibi</strong></span> <span class='ocrx_word' id='word_1_743' title='bbox 2829 2923 3014 2977; x_wconf 88' lang='lat' dir='ltr'><strong>mare,</strong></span> <span class='ocrx_word' id='word_1_744' title='bbox 3060 2921 3119 2967; x_wconf 92' lang='lat' dir='ltr'><strong>ut</strong></span> <span class='ocrx_word' id='word_1_745' title='bbox 3143 2914 3406 2983; x_wconf 82' lang='lat' dir='ltr'><strong>naviges.</strong></span> <span class='ocrx_word' id='word_1_746' title='bbox 3462 2931 3531 2971; x_wconf 90' lang='lat' dir='ltr'><strong>ne</strong></span> <span class='ocrx_word' id='word_1_747' title='bbox 3560 2918 3649 2972; x_wconf 88' lang='lat' dir='ltr'><strong>iti-</strong></span> 
     </span>
    </p>
   </div>
   <div class='ocr_carea' id='block_1_92' title="bbox 2063 2992 3641 3063">
    <p class='ocr_par' dir='ltr' id='par_1_92' title="bbox 2063 2992 3641 3063">
     <span class='ocr_line' id='line_1_92' title="bbox 2063 2992 3641 3063; baseline 0.011 -17"><span class='ocrx_word' id='word_1_748' title='bbox 2063 3006 2194 3047; x_wconf 90' lang='lat' dir='ltr'><strong>nere</strong></span> <span class='ocrx_word' id='word_1_749' title='bbox 2217 2992 2464 3051; x_wconf 87' lang='lat' dir='ltr'><strong>faciendo</strong></span> <span class='ocrx_word' id='word_1_750' title='bbox 2494 2996 2707 3055; x_wconf 86' lang='lat' dir='ltr'><strong>labores</strong></span> <span class='ocrx_word' id='word_1_751' title='bbox 2727 3039 2743 3062; x_wconf 88' lang='lat'><strong>,</strong></span> <span class='ocrx_word' id='word_1_752' title='bbox 2775 3015 2881 3054; x_wconf 92' lang='lat' dir='ltr'><strong>nou</strong></span> <span class='ocrx_word' id='word_1_753' title='bbox 2910 3010 2967 3056; x_wconf 94' lang='lat' dir='ltr'><strong>ut</strong></span> <span class='ocrx_word' id='word_1_754' title='bbox 3006 3003 3219 3059; x_wconf 88' lang='lat' dir='ltr'><strong>curiose</strong></span> <span class='ocrx_word' id='word_1_755' title='bbox 3249 3006 3392 3060; x_wconf 88' lang='lat' dir='ltr'><strong>illius</strong></span> <span class='ocrx_word' id='word_1_756' title='bbox 3419 3008 3641 3063; x_wconf 80' lang='lat' dir='ltr'><strong>fundum</strong></span> 
     </span>
    </p>
   </div>
   <div class='ocr_carea' id='block_1_93' title="bbox 2063 3088 3647 3165">
    <p class='ocr_par' dir='ltr' id='par_1_93' title="bbox 2063 3088 3647 3165">
     <span class='ocr_line' id='line_1_93' title="bbox 2063 3088 3647 3165; baseline 0.009 -24"><span class='ocrx_word' id='word_1_757' title='bbox 2063 3088 2355 3156; x_wconf 88' lang='lat' dir='ltr'><strong>scruteris,</strong></span> <span class='ocrx_word' id='word_1_758' title='bbox 2386 3098 2444 3146; x_wconf 93' lang='lat' dir='ltr'><strong>et</strong></span> <span class='ocrx_word' id='word_1_759' title='bbox 2487 3091 2691 3162; x_wconf 86' lang='lat' dir='ltr'><strong>lapides</strong></span> <span class='ocrx_word' id='word_1_760' title='bbox 2732 3100 2791 3148; x_wconf 89' lang='lat' dir='ltr'><strong>et</strong></span> <span class='ocrx_word' id='word_1_761' title='bbox 2816 3094 2920 3149; x_wconf 90' lang='lat' dir='ltr'><strong>alia</strong></span> <span class='ocrx_word' id='word_1_762' title='bbox 2969 3096 3278 3165; x_wconf 89' lang='lat' dir='ltr'><strong>bujusmodi</strong></span> <span class='ocrx_word' id='word_1_763' title='bbox 3312 3098 3433 3155; x_wconf 91' lang='lat' dir='ltr'><strong>inde</strong></span> <span class='ocrx_word' id='word_1_764' title='bbox 3464 3111 3647 3156; x_wconf 79' lang='lat' dir='ltr'><strong>extra-</strong></span> 
     </span>
    </p>
   </div>
   <div class='ocr_carea' id='block_1_94' title="bbox 2061 3179 3641 3263">
    <p class='ocr_par' dir='ltr' id='par_1_94' title="bbox 2061 3179 3641 3263">
     <span class='ocr_line' id='line_1_94' title="bbox 2061 3179 3641 3263; baseline 0.008 -29"><span class='ocrx_word' id='word_1_765' title='bbox 2061 3179 2200 3247; x_wconf 89' lang='lat' dir='ltr'><strong>has,</strong></span> <span class='ocrx_word' id='word_1_766' title='bbox 2234 3197 2340 3236; x_wconf 93' lang='lat' dir='ltr'><strong>non</strong></span> <span class='ocrx_word' id='word_1_767' title='bbox 2385 3193 2445 3237; x_wconf 91' lang='lat' dir='ltr'><strong>ut</strong></span> <span class='ocrx_word' id='word_1_768' title='bbox 2473 3182 2579 3238; x_wconf 92' lang='lat' dir='ltr'><strong>hoc</strong></span> <span class='ocrx_word' id='word_1_769' title='bbox 2608 3184 2705 3239; x_wconf 90' lang='lat' dir='ltr'><strong>tibi</strong></span> <span class='ocrx_word' id='word_1_770' title='bbox 2732 3185 2909 3242; x_wconf 90' lang='lat' dir='ltr'><strong>studio</strong></span> <span class='ocrx_word' id='word_1_771' title='bbox 2939 3186 3158 3244; x_wconf 90' lang='lat' dir='ltr'><strong>habeas.</strong></span> <span class='ocrx_word' id='word_1_772' title='bbox 3188 3188 3301 3245; x_wconf 87' lang='lat' dir='ltr'><strong>Cur</strong></span> <span class='ocrx_word' id='word_1_773' title='bbox 3343 3206 3475 3263; x_wconf 88' lang='lat' dir='ltr'><strong>ergo</strong></span> <span class='ocrx_word' id='word_1_774' title='bbox 3499 3233 3513 3258; x_wconf 92' lang='lat'><strong>,</strong></span> <span class='ocrx_word' id='word_1_775' title='bbox 3562 3194 3641 3247; x_wconf 89' lang='lat' dir='ltr'><strong>in-</strong></span> 
     </span>
    </p>
   </div>
   <div class='ocr_carea' id='block_1_95' title="bbox 2062 3272 3648 3349">
    <p class='ocr_par' dir='ltr' id='par_1_95' title="bbox 2062 3272 3648 3349">
     <span class='ocr_line' id='line_1_95' title="bbox 2062 3272 3648 3349; baseline 0.007 -22"><span class='ocrx_word' id='word_1_776' title='bbox 2062 3272 2249 3342; x_wconf 87' lang='lat' dir='ltr'><strong>quies,</strong></span> <span class='ocrx_word' id='word_1_777' title='bbox 2296 3286 2422 3329; x_wconf 88' lang='lat' dir='ltr'><strong>sunt</strong></span> <span class='ocrx_word' id='word_1_778' title='bbox 2462 3275 2710 3345; x_wconf 88' lang='lat' dir='ltr'><strong>lapides?</strong></span> <span class='ocrx_word' id='word_1_779' title='bbox 2762 3276 3015 3344; x_wconf 85' lang='lat' dir='ltr'><strong>Quinimo</strong></span> <span class='ocrx_word' id='word_1_780' title='bbox 3049 3278 3138 3335; x_wconf 87' lang='lat' dir='ltr'><strong>dic</strong></span> <span class='ocrx_word' id='word_1_781' title='bbox 3176 3289 3231 3335; x_wconf 90' lang='lat' dir='ltr'><strong>tu</strong></span> <span class='ocrx_word' id='word_1_782' title='bbox 3262 3281 3432 3346; x_wconf 90' lang='lat' dir='ltr'><strong>mihi,</strong></span> <span class='ocrx_word' id='word_1_783' title='bbox 3462 3283 3648 3349; x_wconf 73' lang='lat' dir='ltr'><strong>.Quani</strong></span> 
     </span>
    </p>
   </div>
   <div class='ocr_carea' id='block_1_96' title="bbox 2061 3366 3649 3440">
    <p class='ocr_par' dir='ltr' id='par_1_96' title="bbox 2061 3366 3649 3440">
     <span class='ocr_line' id='line_1_96' title="bbox 2061 3366 3649 3440; baseline 0.007 -21"><span class='ocrx_word' id='word_1_784' title='bbox 2061 3366 2134 3419; x_wconf 90' lang='lat' dir='ltr'><strong>ob</strong></span> <span class='ocrx_word' id='word_1_785' title='bbox 2178 3380 2394 3422; x_wconf 88' lang='lat' dir='ltr'><strong>causam</strong></span> <span class='ocrx_word' id='word_1_786' title='bbox 2424 3367 2631 3440; x_wconf 88' lang='lat' dir='ltr'><strong>lapides</strong></span> <span class='ocrx_word' id='word_1_787' title='bbox 2678 3368 2757 3424; x_wconf 90' lang='lat' dir='ltr'><strong>illi</strong></span> <span class='ocrx_word' id='word_1_788' title='bbox 2806 3371 2860 3425; x_wconf 89' lang='lat' dir='ltr'><strong>in</strong></span> <span class='ocrx_word' id='word_1_789' title='bbox 2910 3380 3057 3427; x_wconf 90' lang='lat' dir='ltr'><strong>tanto</strong></span> <span class='ocrx_word' id='word_1_790' title='bbox 3107 3373 3278 3440; x_wconf 83' lang='lat' dir='ltr'><strong>pretio</strong></span> <span class='ocrx_word' id='word_1_791' title='bbox 3306 3375 3472 3430; x_wconf 78' lang='lat' dir='ltr'><strong>sunt?</strong></span> <span class='ocrx_word' id='word_1_792' title='bbox 3519 3391 3649 3430; x_wconf 70' lang='lat' dir='ltr'><strong>nam</strong></span> 
     </span>
    </p>
   </div>
   <div class='ocr_carea' id='block_1_97' title="bbox 2064 3454 3645 3533">
    <p class='ocr_par' dir='ltr' id='par_1_97' title="bbox 2064 3454 3645 3533">
     <span class='ocr_line' id='line_1_97' title="bbox 2064 3454 3645 3533; baseline 0.008 -25"><span class='ocrx_word' id='word_1_793' title='bbox 2064 3454 2314 3512; x_wconf 89' lang='lat' dir='ltr'><strong>facultate</strong></span> <span class='ocrx_word' id='word_1_794' title='bbox 2340 3457 2560 3527; x_wconf 86' lang='lat' dir='ltr'><strong>aliqua?</strong></span> <span class='ocrx_word' id='word_1_795' title='bbox 2581 3474 2707 3513; x_wconf 93' lang='lat' dir='ltr'><strong>num</strong></span> <span class='ocrx_word' id='word_1_796' title='bbox 2735 3462 2873 3515; x_wconf 88' lang='lat' dir='ltr'><strong>usu?</strong></span> <span class='ocrx_word' id='word_1_797' title='bbox 2894 3460 3037 3527; x_wconf 82' lang='lat' dir='ltr'><strong>Quin</strong></span> <span class='ocrx_word' id='word_1_798' title='bbox 3064 3462 3172 3516; x_wconf 91' lang='lat' dir='ltr'><strong>imo</strong></span> <span class='ocrx_word' id='word_1_799' title='bbox 3201 3464 3289 3533; x_wconf 90' lang='lat' dir='ltr'><strong>qui</strong></span> <span class='ocrx_word' id='word_1_800' title='bbox 3318 3479 3352 3519; x_wconf 87' lang='lat' dir='ltr'><strong>e</strong></span> <span class='ocrx_word' id='word_1_801' title='bbox 3380 3464 3512 3519; x_wconf 90' lang='lat' dir='ltr'><strong>mari</strong></span> <span class='ocrx_word' id='word_1_802' title='bbox 3538 3480 3645 3521; x_wconf 88' lang='lat' dir='ltr'><strong>non</strong></span> 
     </span>
    </p>
   </div>
   <div class='ocr_carea' id='block_1_98' title="bbox 2063 3547 3651 3614">
    <p class='ocr_par' dir='ltr' id='par_1_98' title="bbox 2063 3547 3651 3614">
     <span class='ocr_line' id='line_1_98' title="bbox 2063 3547 3651 3614; baseline 0.008 -14"><span class='ocrx_word' id='word_1_803' title='bbox 2063 3554 2192 3601; x_wconf 90' lang='lat' dir='ltr'><strong>sunt</strong></span> <span class='ocrx_word' id='word_1_804' title='bbox 2211 3588 2227 3614; x_wconf 92' lang='lat'><strong>,</strong></span> <span class='ocrx_word' id='word_1_805' title='bbox 2256 3547 2499 3604; x_wconf 90' lang='lat' dir='ltr'><strong>utiliores</strong></span> <span class='ocrx_word' id='word_1_806' title='bbox 2521 3559 2665 3604; x_wconf 92' lang='lat' dir='ltr'><strong>sunt.</strong></span> <span class='ocrx_word' id='word_1_807' title='bbox 2698 3550 2909 3607; x_wconf 87' lang='lat' dir='ltr'><strong>Etenim</strong></span> <span class='ocrx_word' id='word_1_808' title='bbox 2933 3551 2986 3606; x_wconf 93' lang='lat' dir='ltr'><strong>hi</strong></span> <span class='ocrx_word' id='word_1_809' title='bbox 3017 3552 3212 3608; x_wconf 84' lang='lat' dir='ltr'><strong>saltem</strong></span> <span class='ocrx_word' id='word_1_810' title='bbox 3243 3554 3310 3609; x_wconf 91' lang='lat' dir='ltr'><strong>ad</strong></span> <span class='ocrx_word' id='word_1_811' title='bbox 3338 3553 3651 3612; x_wconf 71' lang='lat' dir='ltr'><strong>auliticatio-</strong></span> 
     </span>
    </p>
   </div>
   <div class='ocr_carea' id='block_1_99' title="bbox 2066 3639 3653 3715">
    <p class='ocr_par' dir='ltr' id='par_1_99' title="bbox 2066 3639 3653 3715">
     <span class='ocr_line' id='line_1_99' title="bbox 2066 3639 3653 3715; baseline 0.006 -22"><span class='ocrx_word' id='word_1_812' title='bbox 2066 3653 2191 3693; x_wconf 88' lang='lat' dir='ltr'><strong>nem</strong></span> <span class='ocrx_word' id='word_1_813' title='bbox 2223 3639 2548 3705; x_wconf 89' lang='lat' dir='ltr'><strong>conferunt,</strong></span> <span class='ocrx_word' id='word_1_814' title='bbox 2581 3641 2658 3696; x_wconf 91' lang='lat' dir='ltr'><strong>illi</strong></span> <span class='ocrx_word' id='word_1_815' title='bbox 2708 3657 2840 3697; x_wconf 88' lang='lat' dir='ltr'><strong>vero</strong></span> <span class='ocrx_word' id='word_1_816' title='bbox 2887 3658 3186 3713; x_wconf 91' lang='lat' dir='ltr'><strong>nusquam:</strong></span> <span class='ocrx_word' id='word_1_817' title='bbox 3214 3654 3380 3715; x_wconf 90' lang='lat' dir='ltr'><strong>atque</strong></span> <span class='ocrx_word' id='word_1_818' title='bbox 3424 3645 3480 3700; x_wconf 90' lang='lat' dir='ltr'><strong>hi</strong></span> <span class='ocrx_word' id='word_1_819' title='bbox 3526 3657 3653 3703; x_wconf 86' lang='lat' dir='ltr'><strong>sunt</strong></span> 
     </span>
    </p>
   </div>
   <div class='ocr_carea' id='block_1_100' title="bbox 2065 3727 3650 3804">
    <p class='ocr_par' dir='ltr' id='par_1_100' title="bbox 2065 3727 3650 3804">
     <span class='ocr_line' id='line_1_100' title="bbox 2065 3727 3650 3804; baseline 0.005 -20"><span class='ocrx_word' id='word_1_820' title='bbox 2065 3728 2174 3784; x_wconf 89' lang='lat' dir='ltr'><strong>illis</strong></span> <span class='ocrx_word' id='word_1_821' title='bbox 2202 3727 2491 3785; x_wconf 90' lang='lat' dir='ltr'><strong>firmiores.</strong></span> <span class='ocrx_word' id='word_1_822' title='bbox 2525 3731 2597 3785; x_wconf 84' lang='lat' dir='ltr'><strong>At</strong></span> <span class='ocrx_word' id='word_1_823' title='bbox 2637 3731 2743 3797; x_wconf 90' lang='lat' dir='ltr'><strong>illi,</strong></span> <span class='ocrx_word' id='word_1_824' title='bbox 2778 3732 2992 3802; x_wconf 88' lang='lat' dir='ltr'><strong>inquit,</strong></span> <span class='ocrx_word' id='word_1_825' title='bbox 3040 3734 3490 3804; x_wconf 88' lang='lat' dir='ltr'><strong>pulchritudinem</strong></span> <span class='ocrx_word' id='word_1_826' title='bbox 3517 3738 3650 3792; x_wconf 82' lang='lat' dir='ltr'><strong>all‘e-</strong></span> 
     </span>
    </p>
   </div>
   <div class='ocr_carea' id='block_1_101' title="bbox 2069 3818 3651 3894">
    <p class='ocr_par' dir='ltr' id='par_1_101' title="bbox 2069 3818 3651 3894">
     <span class='ocr_line' id='line_1_101' title="bbox 2069 3818 3651 3894; baseline 0.005 -20"><span class='ocrx_word' id='word_1_827' title='bbox 2069 3830 2213 3874; x_wconf 90' lang='lat' dir='ltr'><strong>runt.</strong></span> <span class='ocrx_word' id='word_1_828' title='bbox 2243 3818 2564 3886; x_wconf 79' lang='lat' dir='ltr'><strong>Quomodo?</strong></span> <span class='ocrx_word' id='word_1_829' title='bbox 2590 3830 2762 3878; x_wconf 87' lang='lat' dir='ltr'><strong>totum</strong></span> <span class='ocrx_word' id='word_1_830' title='bbox 2790 3823 2842 3877; x_wconf 91' lang='lat' dir='ltr'><strong>id</strong></span> <span class='ocrx_word' id='word_1_831' title='bbox 2872 3824 3141 3894; x_wconf 89' lang='lat' dir='ltr'><strong>opinionis</strong></span> <span class='ocrx_word' id='word_1_832' title='bbox 3164 3836 3261 3879; x_wconf 91' lang='lat' dir='ltr'><strong>est.</strong></span> <span class='ocrx_word' id='word_1_833' title='bbox 3300 3825 3437 3882; x_wconf 92' lang='lat' dir='ltr'><strong>Sunt</strong></span> <span class='ocrx_word' id='word_1_834' title='bbox 3460 3827 3651 3883; x_wconf 63' lang='lat' dir='ltr'><strong>candi«</strong></span> 
     </span>
    </p>
   </div>
   <div class='ocr_carea' id='block_1_102' title="bbox 2064 3910 3650 3975">
    <p class='ocr_par' dir='ltr' id='par_1_102' title="bbox 2064 3910 3650 3975">
     <span class='ocr_line' id='line_1_102' title="bbox 2064 3910 3650 3975; baseline 0.005 -10"><span class='ocrx_word' id='word_1_835' title='bbox 2064 3910 2279 3967; x_wconf 87' lang='lat' dir='ltr'><strong>diores?</strong></span> <span class='ocrx_word' id='word_1_836' title='bbox 2324 3912 2395 3967; x_wconf 79' lang='lat' dir='ltr'><strong>At</strong></span> <span class='ocrx_word' id='word_1_837' title='bbox 2425 3929 2529 3967; x_wconf 92' lang='lat' dir='ltr'><strong>non</strong></span> <span class='ocrx_word' id='word_1_838' title='bbox 2556 3924 2704 3969; x_wconf 86' lang='lat' dir='ltr'><strong>certe</strong></span> <span class='ocrx_word' id='word_1_839' title='bbox 2733 3930 3002 3971; x_wconf 88' lang='lat' dir='ltr'><strong>marmore</strong></span> <span class='ocrx_word' id='word_1_840' title='bbox 3032 3917 3185 3972; x_wconf 89' lang='lat' dir='ltr'><strong>valde</strong></span> <span class='ocrx_word' id='word_1_841' title='bbox 3214 3920 3439 3975; x_wconf 91' lang='lat' dir='ltr'><strong>candido</strong></span> <span class='ocrx_word' id='word_1_842' title='bbox 3464 3921 3650 3975; x_wconf 83' lang='lat' dir='ltr'><strong>candi-</strong></span> 
     </span>
    </p>
   </div>
   <div class='ocr_carea' id='block_1_103' title="bbox 2067 4001 3647 4075">
    <p class='ocr_par' dir='ltr' id='par_1_103' title="bbox 2067 4001 3647 4075">
     <span class='ocr_line' id='line_1_103' title="bbox 2067 4001 3647 4075; baseline 0.007 -19"><span class='ocrx_word' id='word_1_843' title='bbox 2067 4001 2267 4068; x_wconf 84' lang='lat' dir='ltr'><strong>diores,</strong></span> <span class='ocrx_word' id='word_1_844' title='bbox 2296 4002 2587 4073; x_wconf 89' lang='lat' dir='ltr'><strong>quinetiam</strong></span> <span class='ocrx_word' id='word_1_845' title='bbox 2609 4020 2782 4075; x_wconf 84' lang='lat' dir='ltr'><strong>ueque</strong></span> <span class='ocrx_word' id='word_1_846' title='bbox 2806 4006 2873 4061; x_wconf 92' lang='lat' dir='ltr'><strong>ad</strong></span> <span class='ocrx_word' id='word_1_847' title='bbox 2900 4007 3040 4064; x_wconf 74' lang='lat' dir='ltr'><strong>illius</strong></span> <span class='ocrx_word' id='word_1_848' title='bbox 3052 4009 3343 4064; x_wconf 87' lang='lat' dir='ltr'><strong>candorem</strong></span> <span class='ocrx_word' id='word_1_849' title='bbox 3366 4012 3647 4067; x_wconf 79' lang='lat' dir='ltr'><strong>accedunt.</strong></span> 
     </span>
    </p>
   </div>
   <div class='ocr_carea' id='block_1_104' title="bbox 2066 4093 3653 4170">
    <p class='ocr_par' dir='ltr' id='par_1_104' title="bbox 2066 4093 3653 4170">
     <span class='ocr_line' id='line_1_104' title="bbox 2066 4093 3653 4170; baseline 0.007 -23"><span class='ocrx_word' id='word_1_850' title='bbox 2066 4094 2136 4147; x_wconf 84' lang='lat' dir='ltr'><strong>At</strong></span> <span class='ocrx_word' id='word_1_851' title='bbox 2160 4093 2484 4149; x_wconf 86' lang='lat' dir='ltr'><strong>solidiores?</strong></span> <span class='ocrx_word' id='word_1_852' title='bbox 2507 4094 2586 4150; x_wconf 86' lang='lat' dir='ltr'><strong>Ne</strong></span> <span class='ocrx_word' id='word_1_853' title='bbox 2612 4094 2664 4149; x_wconf 92' lang='lat' dir='ltr'><strong>id</strong></span> <span class='ocrx_word' id='word_1_854' title='bbox 2695 4096 2931 4166; x_wconf 89' lang='lat' dir='ltr'><strong>quidem.</strong></span> <span class='ocrx_word' id='word_1_855' title='bbox 2969 4100 3039 4153; x_wconf 81' lang='lat' dir='ltr'><strong>At</strong></span> <span class='ocrx_word' id='word_1_856' title='bbox 3069 4100 3356 4155; x_wconf 86' lang='lat' dir='ltr'><strong>utiliores?</strong></span> <span class='ocrx_word' id='word_1_857' title='bbox 3384 4111 3439 4155; x_wconf 92' lang='lat' dir='ltr'><strong>at</strong></span> <span class='ocrx_word' id='word_1_858' title='bbox 3481 4103 3653 4170; x_wconf 87' lang='lat' dir='ltr'><strong>majo-</strong></span> 
     </span>
    </p>
   </div>
   <div class='ocr_carea' id='block_1_105' title="bbox 2065 4185 3649 4264">
    <p class='ocr_par' dir='ltr' id='par_1_105' title="bbox 2065 4185 3649 4264">
     <span class='ocr_line' id='line_1_105' title="bbox 2065 4185 3649 4264; baseline 0.006 -24"><span class='ocrx_word' id='word_1_859' title='bbox 2065 4185 2195 4240; x_wconf 84' lang='lat' dir='ltr'><strong>res?</strong></span> <span class='ocrx_word' id='word_1_860' title='bbox 2246 4185 2589 4256; x_wconf 82' lang='lat' dir='ltr'><strong>Neutiquam.</strong></span> <span class='ocrx_word' id='word_1_861' title='bbox 2643 4186 2797 4243; x_wconf 89' lang='lat' dir='ltr'><strong>Unde</strong></span> <span class='ocrx_word' id='word_1_862' title='bbox 2863 4190 3026 4258; x_wconf 86' lang='lat' dir='ltr'><strong>igitur</strong></span> <span class='ocrx_word' id='word_1_863' title='bbox 3076 4192 3488 4261; x_wconf 86' lang='lat' dir='ltr'><strong>suspiciuntur‘?</strong></span> <span class='ocrx_word' id='word_1_864' title='bbox 3525 4194 3649 4264; x_wconf 57' lang='grc' dir='ltr'><strong>μου</strong></span> 
     </span>
    </p>
   </div>
   <div class='ocr_carea' id='block_1_106' title="bbox 2066 4274 3650 4355">
    <p class='ocr_par' dir='ltr' id='par_1_106' title="bbox 2066 4274 3650 4355">
     <span class='ocr_line' id='line_1_106' title="bbox 2066 4274 3650 4355; baseline 0.007 -26"><span class='ocrx_word' id='word_1_865' title='bbox 2066 4274 2281 4331; x_wconf 89' lang='lat' dir='ltr'><strong>aliunde</strong></span> <span class='ocrx_word' id='word_1_866' title='bbox 2304 4317 2319 4341; x_wconf 92' lang='lat'><strong>,</strong></span> <span class='ocrx_word' id='word_1_867' title='bbox 2345 4291 2503 4347; x_wconf 92' lang='lat' dir='ltr'><strong>quam</strong></span> <span class='ocrx_word' id='word_1_868' title='bbox 2534 4293 2600 4332; x_wconf 82' lang='lat' dir='ltr'><strong>ex</strong></span> <span class='ocrx_word' id='word_1_869' title='bbox 2628 4278 2741 4332; x_wconf 89' lang='lat' dir='ltr'><strong>sola</strong></span> <span class='ocrx_word' id='word_1_870' title='bbox 2769 4279 3187 4336; x_wconf 83' lang='lat' dir='ltr'><strong>existimatione.</strong></span> <span class='ocrx_word' id='word_1_871' title='bbox 3222 4282 3353 4336; x_wconf 89' lang='lat' dir='ltr'><strong>Nam</strong></span> <span class='ocrx_word' id='word_1_872' title='bbox 3382 4284 3427 4337; x_wconf 91' lang='lat' dir='ltr'><strong>si</strong></span> <span class='ocrx_word' id='word_1_873' title='bbox 3476 4300 3650 4355; x_wconf 87' lang='lat' dir='ltr'><strong>neque</strong></span> 
     </span>
    </p>
   </div>
   <div class='ocr_carea' id='block_1_107' title="bbox 2068 4370 3651 4438">
    <p class='ocr_par' dir='ltr' id='par_1_107' title="bbox 2068 4370 3651 4438">
     <span class='ocr_line' id='line_1_107' title="bbox 2068 4370 3651 4438; baseline 0.008 -15"><span class='ocrx_word' id='word_1_874' title='bbox 2068 4370 2401 4438; x_wconf 89' lang='lat' dir='ltr'><strong>pulchriores</strong></span> <span class='ocrx_word' id='word_1_875' title='bbox 2425 4381 2589 4437; x_wconf 89' lang='lat' dir='ltr'><strong>sunt;</strong></span> <span class='ocrx_word' id='word_1_876' title='bbox 2621 4372 2819 4427; x_wconf 90' lang='lat' dir='ltr'><strong>multos</strong></span> <span class='ocrx_word' id='word_1_877' title='bbox 2852 4373 2994 4428; x_wconf 89' lang='lat' dir='ltr'><strong>enim</strong></span> <span class='ocrx_word' id='word_1_878' title='bbox 3020 4374 3351 4430; x_wconf 89' lang='lat' dir='ltr'><strong>inveniemus</strong></span> <span class='ocrx_word' id='word_1_879' title='bbox 3378 4376 3486 4436; x_wconf 83' lang='lat' dir='ltr'><strong>illis</strong></span> <span class='ocrx_word' id='word_1_880' title='bbox 3516 4378 3651 4434; x_wconf 81' lang='lat' dir='ltr'><strong>luci-</strong></span> 
     </span>
    </p>
   </div>
   <div class='ocr_carea' id='block_1_108' title="bbox 2066 4464 3651 4542">
    <p class='ocr_par' dir='ltr' id='par_1_108' title="bbox 2066 4464 3651 4542">
     <span class='ocr_line' id='line_1_108' title="bbox 2066 4464 3651 4542; baseline 0.008 -24"><span class='ocrx_word' id='word_1_881' title='bbox 2066 4464 2245 4519; x_wconf 90' lang='lat' dir='ltr'><strong>diores</strong></span> <span class='ocrx_word' id='word_1_882' title='bbox 2272 4474 2327 4519; x_wconf 89' lang='lat' dir='ltr'><strong>et</strong></span> <span class='ocrx_word' id='word_1_883' title='bbox 2349 4465 2724 4532; x_wconf 85' lang='lat' dir='ltr'><strong>candidiores;</strong></span> <span class='ocrx_word' id='word_1_884' title='bbox 2751 4482 2925 4537; x_wconf 88' lang='lat' dir='ltr'><strong>neque</strong></span> <span class='ocrx_word' id='word_1_885' title='bbox 2947 4468 3211 4535; x_wconf 90' lang='lat' dir='ltr'><strong>utiliores,</strong></span> <span class='ocrx_word' id='word_1_886' title='bbox 3236 4486 3409 4542; x_wconf 88' lang='lat' dir='ltr'><strong>neque</strong></span> <span class='ocrx_word' id='word_1_887' title='bbox 3429 4473 3651 4530; x_wconf 87' lang='lat' dir='ltr'><strong>solidio-</strong></span> 
     </span>
    </p>
   </div>
   <div class='ocr_carea' id='block_1_109' title="bbox 2066 4557 3645 4630">
    <p class='ocr_par' dir='ltr' id='par_1_109' title="bbox 2066 4557 3645 4630">
     <span class='ocr_line' id='line_1_109' title="bbox 2066 4557 3645 4630; baseline 0.007 -20"><span class='ocrx_word' id='word_1_888' title='bbox 2066 4571 2155 4611; x_wconf 90' lang='lat' dir='ltr'><strong>res</strong></span> <span class='ocrx_word' id='word_1_889' title='bbox 2180 4574 2192 4610; x_wconf 96' lang='lat'><strong>:</strong></span> <span class='ocrx_word' id='word_1_890' title='bbox 2225 4557 2368 4611; x_wconf 91' lang='lat' dir='ltr'><strong>unde</strong></span> <span class='ocrx_word' id='word_1_891' title='bbox 2388 4598 2404 4624; x_wconf 95' lang='lat'><strong>,</strong></span> <span class='ocrx_word' id='word_1_892' title='bbox 2452 4558 2667 4628; x_wconf 87' lang='lat' dir='ltr'><strong>inquam</strong></span> <span class='ocrx_word' id='word_1_893' title='bbox 2695 4599 2712 4624; x_wconf 92' lang='lat'><strong>,</strong></span> <span class='ocrx_word' id='word_1_894' title='bbox 2742 4559 2879 4615; x_wconf 90' lang='lat' dir='ltr'><strong>adeo</strong></span> <span class='ocrx_word' id='word_1_895' title='bbox 2926 4560 3332 4630; x_wconf 83' lang='lat' dir='ltr'><strong>suspiciuntur?</strong></span> <span class='ocrx_word' id='word_1_896' title='bbox 3372 4580 3552 4619; x_wconf 90' lang='lat' dir='ltr'><strong>annon</strong></span> <span class='ocrx_word' id='word_1_897' title='bbox 3580 4583 3645 4621; x_wconf 78' lang='lat' dir='ltr'><strong>ex</strong></span> 
     </span>
    </p>
   </div>
   <div class='ocr_carea' id='block_1_110' title="bbox 2067 4647 3653 4721">
    <p class='ocr_par' dir='ltr' id='par_1_110' title="bbox 2067 4647 3653 4721">
     <span class='ocr_line' id='line_1_110' title="bbox 2067 4647 3653 4721; baseline 0.008 -21"><span class='ocrx_word' id='word_1_898' title='bbox 2067 4648 2180 4701; x_wconf 87' lang='lat' dir='ltr'><strong>sola</strong></span> <span class='ocrx_word' id='word_1_899' title='bbox 2222 4647 2665 4703; x_wconf 77' lang='lat' dir='ltr'><strong>existimatione“!</strong></span> <span class='ocrx_word' id='word_1_900' title='bbox 2713 4652 2885 4716; x_wconf 79' lang='lat' dir='ltr'><strong>Quam</strong></span> <span class='ocrx_word' id='word_1_901' title='bbox 2935 4652 3096 4721; x_wconf 83' lang='lat' dir='ltr'><strong>igitur</strong></span> <span class='ocrx_word' id='word_1_902' title='bbox 3142 4654 3215 4709; x_wconf 88' lang='lat' dir='ltr'><strong>ob</strong></span> <span class='ocrx_word' id='word_1_903' title='bbox 3268 4670 3484 4711; x_wconf 87' lang='lat' dir='ltr'><strong>causam</strong></span> <span class='ocrx_word' id='word_1_904' title='bbox 3533 4658 3653 4714; x_wconf 89' lang='lat' dir='ltr'><strong>illos</strong></span> 
     </span>
    </p>
   </div>
   <div class='ocr_carea' id='block_1_111' title="bbox 2067 4738 3651 4823">
    <p class='ocr_par' dir='ltr' id='par_1_111' title="bbox 2067 4738 3651 4823">
     <span class='ocr_line' id='line_1_111' title="bbox 2067 4738 3651 4823; baseline 0.011 -31"><span class='ocrx_word' id='word_1_905' title='bbox 2067 4738 2255 4794; x_wconf 87' lang='lat' dir='ltr'><strong>dedit?</strong></span> <span class='ocrx_word' id='word_1_906' title='bbox 2284 4739 2400 4794; x_wconf 89' lang='lat' dir='ltr'><strong>Non</strong></span> <span class='ocrx_word' id='word_1_907' title='bbox 2430 4742 2547 4811; x_wconf 90' lang='lat' dir='ltr'><strong>ipse</strong></span> <span class='ocrx_word' id='word_1_908' title='bbox 2594 4741 2743 4796; x_wconf 89' lang='lat' dir='ltr'><strong>dedit</strong></span> <span class='ocrx_word' id='word_1_909' title='bbox 2768 4784 2783 4809; x_wconf 92' lang='lat'><strong>,</strong></span> <span class='ocrx_word' id='word_1_910' title='bbox 2814 4743 2911 4799; x_wconf 92' lang='lat' dir='ltr'><strong>sed</strong></span> <span class='ocrx_word' id='word_1_911' title='bbox 2954 4756 3011 4799; x_wconf 90' lang='lat' dir='ltr'><strong>tu</strong></span> <span class='ocrx_word' id='word_1_912' title='bbox 3062 4762 3314 4818; x_wconf 83' lang='lat' dir='ltr'><strong>magnum</strong></span> <span class='ocrx_word' id='word_1_913' title='bbox 3343 4764 3466 4807; x_wconf 89' lang='lat' dir='ltr'><strong>esse</strong></span> <span class='ocrx_word' id='word_1_914' title='bbox 3497 4753 3651 4823; x_wconf 91' lang='lat' dir='ltr'><strong>quid-</strong></span> 
     </span>
    </p>
   </div>
   <div class='ocr_carea' id='block_1_112' title="bbox 2069 4831 3649 4915">
    <p class='ocr_par' dir='ltr' id='par_1_112' title="bbox 2069 4831 3649 4915">
     <span class='ocr_line' id='line_1_112' title="bbox 2069 4831 3649 4915; baseline 0.01 -30"><span class='ocrx_word' id='word_1_915' title='bbox 2069 4831 2209 4901; x_wconf 88' lang='lat' dir='ltr'><strong>piam</strong></span> <span class='ocrx_word' id='word_1_916' title='bbox 2238 4834 2457 4903; x_wconf 88' lang='lat' dir='ltr'><strong>putasti.</strong></span> <span class='ocrx_word' id='word_1_917' title='bbox 2489 4833 2626 4901; x_wconf 79' lang='lat' dir='ltr'><strong>Quid</strong></span> <span class='ocrx_word' id='word_1_918' title='bbox 2656 4836 2816 4906; x_wconf 89' lang='lat' dir='ltr'><strong>igitur</strong></span> <span class='ocrx_word' id='word_1_919' title='bbox 2838 4846 2925 4892; x_wconf 73' lang='lat' dir='ltr'><strong>est</strong></span> <span class='ocrx_word' id='word_1_920' title='bbox 2946 4879 2964 4905; x_wconf 92' lang='lat'><strong>,</strong></span> <span class='ocrx_word' id='word_1_921' title='bbox 2995 4839 3165 4909; x_wconf 89' lang='lat' dir='ltr'><strong>inquit</strong></span> <span class='ocrx_word' id='word_1_922' title='bbox 3190 4882 3204 4906; x_wconf 91' lang='lat'><strong>,</strong></span> <span class='ocrx_word' id='word_1_923' title='bbox 3235 4843 3377 4912; x_wconf 90' lang='lat' dir='ltr'><strong>quod</strong></span> <span class='ocrx_word' id='word_1_924' title='bbox 3408 4844 3649 4915; x_wconf 85' lang='lat' dir='ltr'><strong>Scriptu-</strong></span> 
     </span>
    </p>
   </div>
   <div class='ocr_carea' id='block_1_113' title="bbox 2068 4924 3652 4992">
    <p class='ocr_par' dir='ltr' id='par_1_113' title="bbox 2068 4924 3652 4992">
     <span class='ocr_line' id='line_1_113' title="bbox 2068 4924 3652 4992; baseline 0.009 -15"><span class='ocrx_word' id='word_1_925' title='bbox 2068 4938 2127 4977; x_wconf 87' lang='lat' dir='ltr'><strong>ra</strong></span> <span class='ocrx_word' id='word_1_926' title='bbox 2174 4924 2334 4979; x_wconf 89' lang='lat' dir='ltr'><strong>etiam</strong></span> <span class='ocrx_word' id='word_1_927' title='bbox 2366 4940 2460 4979; x_wconf 91' lang='lat' dir='ltr'><strong>eos</strong></span> <span class='ocrx_word' id='word_1_928' title='bbox 2508 4926 2783 4982; x_wconf 88' lang='lat' dir='ltr'><strong>celebrat?</strong></span> <span class='ocrx_word' id='word_1_929' title='bbox 2829 4928 3091 4985; x_wconf 87' lang='lat' dir='ltr'><strong>Nimirum</strong></span> <span class='ocrx_word' id='word_1_930' title='bbox 3137 4938 3542 4992; x_wconf 84' lang='lat' dir='ltr'><strong>accommodate</strong></span> <span class='ocrx_word' id='word_1_931' title='bbox 3585 4939 3652 4991; x_wconf 87' lang='lat' dir='ltr'><strong>ad</strong></span> 
     </span>
    </p>
   </div>
   <div class='ocr_carea' id='block_1_114' title="bbox 2072 5019 3655 5099">
    <p class='ocr_par' dir='ltr' id='par_1_114' title="bbox 2072 5019 3655 5099">
     <span class='ocr_line' id='line_1_114' title="bbox 2072 5019 3655 5099; baseline 0.009 -29"><span class='ocrx_word' id='word_1_932' title='bbox 2072 5027 2215 5072; x_wconf 84' lang='lat' dir='ltr'><strong>tuam</strong></span> <span class='ocrx_word' id='word_1_933' title='bbox 2244 5019 2551 5088; x_wconf 88' lang='lat' dir='ltr'><strong>opinionem</strong></span> <span class='ocrx_word' id='word_1_934' title='bbox 2581 5021 2837 5092; x_wconf 88' lang='lat' dir='ltr'><strong>loquitur.</strong></span> <span class='ocrx_word' id='word_1_935' title='bbox 2867 5021 3001 5077; x_wconf 87' lang='lat' dir='ltr'><strong>Nam</strong></span> <span class='ocrx_word' id='word_1_936' title='bbox 3031 5033 3086 5079; x_wconf 91' lang='lat' dir='ltr'><strong>et</strong></span> <span class='ocrx_word' id='word_1_937' title='bbox 3112 5037 3413 5097; x_wconf 74' lang='lat' dir='ltr'><strong>przcceptor</strong></span> <span class='ocrx_word' id='word_1_938' title='bbox 3438 5029 3505 5083; x_wconf 88' lang='lat' dir='ltr'><strong>ad</strong></span> <span class='ocrx_word' id='word_1_939' title='bbox 3530 5047 3655 5099; x_wconf 86' lang='lat' dir='ltr'><strong>pue-</strong></span> 
     </span>
    </p>
   </div>
   <div class='ocr_carea' id='block_1_115' title="bbox 2071 5113 3651 5192">
    <p class='ocr_par' dir='ltr' id='par_1_115' title="bbox 2071 5113 3651 5192">
     <span class='ocr_line' id='line_1_115' title="bbox 2071 5113 3651 5192; baseline 0.008 -28"><span class='ocrx_word' id='word_1_940' title='bbox 2071 5114 2244 5166; x_wconf 87' lang='lat' dir='ltr'><strong>rulum</strong></span> <span class='ocrx_word' id='word_1_941' title='bbox 2275 5113 2436 5168; x_wconf 89' lang='lat' dir='ltr'><strong>verba</strong></span> <span class='ocrx_word' id='word_1_942' title='bbox 2461 5115 2682 5179; x_wconf 85' lang='lat' dir='ltr'><strong>faciens,</strong></span> <span class='ocrx_word' id='word_1_943' title='bbox 2718 5116 2905 5170; x_wconf 89' lang='lat' dir='ltr'><strong>eadem</strong></span> <span class='ocrx_word' id='word_1_944' title='bbox 2933 5126 3091 5187; x_wconf 88' lang='lat' dir='ltr'><strong>atque</strong></span> <span class='ocrx_word' id='word_1_945' title='bbox 3121 5120 3211 5175; x_wconf 91' lang='lat' dir='ltr'><strong>ille</strong></span> <span class='ocrx_word' id='word_1_946' title='bbox 3236 5136 3381 5191; x_wconf 68' lang='lat' dir='ltr'><strong>saepe</strong></span> <span class='ocrx_word' id='word_1_947' title='bbox 3406 5123 3651 5192; x_wconf 86' lang='lat' dir='ltr'><strong>suspicit,</strong></span> 
     </span>
    </p>
   </div>
   <div class='ocr_carea' id='block_1_116' title="bbox 2072 5205 3651 5283">
    <p class='ocr_par' dir='ltr' id='par_1_116' title="bbox 2072 5205 3651 5283">
     <span class='ocr_line' id='line_1_116' title="bbox 2072 5205 3651 5283; baseline 0.008 -24"><span class='ocrx_word' id='word_1_948' title='bbox 2072 5214 2127 5259; x_wconf 92' lang='lat' dir='ltr'><strong>ut</strong></span> <span class='ocrx_word' id='word_1_949' title='bbox 2156 5206 2302 5259; x_wconf 90' lang='lat' dir='ltr'><strong>illum</strong></span> <span class='ocrx_word' id='word_1_950' title='bbox 2346 5205 2448 5260; x_wconf 90' lang='lat' dir='ltr'><strong>sibi</strong></span> <span class='ocrx_word' id='word_1_951' title='bbox 2493 5208 2777 5274; x_wconf 90' lang='lat' dir='ltr'><strong>conciliet,</strong></span> <span class='ocrx_word' id='word_1_952' title='bbox 2808 5223 2874 5263; x_wconf 91' lang='lat' dir='ltr'><strong>ac</strong></span> <span class='ocrx_word' id='word_1_953' title='bbox 2919 5210 3172 5280; x_wconf 87' lang='lat' dir='ltr'><strong>paulatim</strong></span> <span class='ocrx_word' id='word_1_954' title='bbox 3201 5212 3481 5268; x_wconf 89' lang='lat' dir='ltr'><strong>subvehat.</strong></span> <span class='ocrx_word' id='word_1_955' title='bbox 3514 5207 3651 5283; x_wconf 76' lang='lat' dir='ltr'><strong>Quid</strong></span> 
     </span>
    </p>
   </div>
   <div class='ocr_carea' id='block_1_117' title="bbox 2072 5300 3647 5371">
    <p class='ocr_par' dir='ltr' id='par_1_117' title="bbox 2072 5300 3647 5371">
     <span class='ocr_line' id='line_1_117' title="bbox 2072 5300 3647 5371; baseline 0.008 -19"><span class='ocrx_word' id='word_1_956' title='bbox 2072 5300 2524 5368; x_wconf 88' lang='lat' dir='ltr'><strong>pulchritudinem</strong></span> <span class='ocrx_word' id='word_1_957' title='bbox 2578 5304 2789 5371; x_wconf 82' lang='lat' dir='ltr'><strong>expetis</strong></span> <span class='ocrx_word' id='word_1_958' title='bbox 2820 5304 3090 5359; x_wconf 87' lang='lat' dir='ltr'><strong>vestium?</strong></span> <span class='ocrx_word' id='word_1_959' title='bbox 3142 5305 3353 5361; x_wconf 84' lang='lat' dir='ltr'><strong>Vestem</strong></span> <span class='ocrx_word' id='word_1_960' title='bbox 3400 5308 3493 5362; x_wconf 91' lang='lat' dir='ltr'><strong>tibi</strong></span> <span class='ocrx_word' id='word_1_961' title='bbox 3537 5312 3647 5365; x_wconf 86' lang='lat' dir='ltr'><strong>cir-</strong></span> 
     </span>
    </p>
   </div>
   <div class='ocr_carea' id='block_1_118' title="bbox 2070 5393 3651 5463">
    <p class='ocr_par' dir='ltr' id='par_1_118' title="bbox 2070 5393 3651 5463">
     <span class='ocr_line' id='line_1_118' title="bbox 2070 5393 3651 5463; baseline 0.007 -16"><span class='ocrx_word' id='word_1_962' title='bbox 2070 5393 2261 5447; x_wconf 89' lang='lat' dir='ltr'><strong>cnmda</strong></span> <span class='ocrx_word' id='word_1_963' title='bbox 2293 5404 2347 5447; x_wconf 90' lang='lat' dir='ltr'><strong>et</strong></span> <span class='ocrx_word' id='word_1_964' title='bbox 2390 5395 2637 5450; x_wconf 86' lang='lat' dir='ltr'><strong>calceos:</strong></span> <span class='ocrx_word' id='word_1_965' title='bbox 2674 5396 2755 5451; x_wconf 91' lang='lat' dir='ltr'><strong>his</strong></span> <span class='ocrx_word' id='word_1_966' title='bbox 2788 5406 2839 5451; x_wconf 90' lang='lat' dir='ltr'><strong>te</strong></span> <span class='ocrx_word' id='word_1_967' title='bbox 2878 5414 3010 5452; x_wconf 91' lang='lat' dir='ltr'><strong>orna</strong></span> <span class='ocrx_word' id='word_1_968' title='bbox 3034 5439 3050 5463; x_wconf 89' lang='lat'><strong>,</strong></span> <span class='ocrx_word' id='word_1_969' title='bbox 3080 5397 3196 5453; x_wconf 75' lang='lat' dir='ltr'><strong>haec</strong></span> <span class='ocrx_word' id='word_1_970' title='bbox 3224 5400 3315 5453; x_wconf 89' lang='lat' dir='ltr'><strong>tibi</strong></span> <span class='ocrx_word' id='word_1_971' title='bbox 3344 5402 3475 5455; x_wconf 88' lang='lat' dir='ltr'><strong>satis</strong></span> <span class='ocrx_word' id='word_1_972' title='bbox 3519 5404 3651 5458; x_wconf 91' lang='lat' dir='ltr'><strong>sint.</strong></span> 
     </span>
    </p>
   </div>
   <div class='ocr_carea' id='block_1_119' title="bbox 2071 5483 3653 5558">
    <p class='ocr_par' dir='ltr' id='par_1_119' title="bbox 2071 5483 3653 5558">
     <span class='ocr_line' id='line_1_119' title="bbox 2071 5483 3653 5558; baseline 0.008 -22"><span class='ocrx_word' id='word_1_973' title='bbox 2071 5483 2473 5550; x_wconf 84' lang='lat' dir='ltr'><strong>Desiderabilia,</strong></span> <span class='ocrx_word' id='word_1_974' title='bbox 2526 5486 2697 5556; x_wconf 90' lang='lat' dir='ltr'><strong>inquit</strong></span> <span class='ocrx_word' id='word_1_975' title='bbox 2750 5488 2945 5553; x_wconf 88' lang='lat' dir='ltr'><strong>David,</strong></span> <span class='ocrx_word' id='word_1_976' title='bbox 2990 5506 3143 5558; x_wconf 85' lang='lat' dir='ltr'><strong>super</strong></span> <span class='ocrx_word' id='word_1_977' title='bbox 3211 5506 3393 5544; x_wconf 81' lang='lat' dir='ltr'><strong>aurum</strong></span> <span class='ocrx_word' id='word_1_978' title='bbox 3452 5504 3497 5546; x_wconf 82' lang='lat' dir='ltr'><strong>et</strong></span> <span class='ocrx_word' id='word_1_979' title='bbox 3552 5512 3653 5549; x_wconf 87' lang='lat' dir='ltr'><strong>su-</strong></span> 
     </span>
    </p>
   </div>
   <div class='ocr_carea' id='block_1_120' title="bbox 2073 5576 3653 5655">
    <p class='ocr_par' dir='ltr' id='par_1_120' title="bbox 2073 5576 3653 5655">
     <span class='ocr_line' id='line_1_120' title="bbox 2073 5576 3653 5655; baseline 0.009 -26"><span class='ocrx_word' id='word_1_980' title='bbox 2073 5592 2162 5645; x_wconf 84' lang='lat' dir='ltr'><strong>per</strong></span> <span class='ocrx_word' id='word_1_981' title='bbox 2200 5576 2419 5646; x_wconf 83' lang='lat' dir='ltr'><strong>lapidem</strong></span> <span class='ocrx_word' id='word_1_982' title='bbox 2449 5579 2721 5647; x_wconf 84' lang='lat' dir='ltr'><strong>pretiosum</strong></span> <span class='ocrx_word' id='word_1_983' title='bbox 2758 5581 2970 5634; x_wconf 84' lang='lat' dir='ltr'><strong>multum</strong></span> <span class='ocrx_word' id='word_1_984' title='bbox 3009 5582 3210 5649; x_wconf 87' lang='lat' dir='ltr'><strong>judicia</strong></span> <span class='ocrx_word' id='word_1_985' title='bbox 3239 5582 3335 5636; x_wconf 88' lang='lat' dir='ltr'><strong>Dei</strong></span> <span class='ocrx_word' id='word_1_986' title='bbox 3364 5582 3534 5655; x_wconf 82' lang='lat' dir='ltr'><strong>(Psal.</strong></span> <span class='ocrx_word' id='word_1_987' title='bbox 3564 5588 3653 5643; x_wconf 80' lang='grc'><strong>18.</strong></span> 
     </span>
    </p>
   </div>
   <div class='ocr_carea' id='block_1_121' title="bbox 2075 5671 3653 5747">
    <p class='ocr_par' dir='ltr' id='par_1_121' title="bbox 2075 5671 3653 5747">
     <span class='ocr_line' id='line_1_121' title="bbox 2075 5671 3653 5747; baseline 0.009 -23"><span class='ocrx_word' id='word_1_988' title='bbox 2075 5671 2202 5741; x_wconf 76' lang='lat' dir='ltr'><strong>ll).</strong></span> <span class='ocrx_word' id='word_1_989' title='bbox 2269 5671 2507 5725; x_wconf 88' lang='lat' dir='ltr'><strong>Terrena</strong></span> <span class='ocrx_word' id='word_1_990' title='bbox 2559 5688 2687 5728; x_wconf 90' lang='lat' dir='ltr'><strong>vero</strong></span> <span class='ocrx_word' id='word_1_991' title='bbox 2750 5672 2866 5729; x_wconf 64' lang='lat' dir='ltr'><strong>hate</strong></span> <span class='ocrx_word' id='word_1_992' title='bbox 2932 5689 3109 5730; x_wconf 90' lang='lat' dir='ltr'><strong>annon</strong></span> <span class='ocrx_word' id='word_1_993' title='bbox 3176 5678 3653 5747; x_wconf 67' lang='lat' dir='ltr'><strong>parvipendenda?</strong></span> 
     </span>
    </p>
   </div>
   <div class='ocr_carea' id='block_1_122' title="bbox 2077 5761 3649 5841">
    <p class='ocr_par' dir='ltr' id='par_1_122' title="bbox 2077 5761 3649 5841">
     <span class='ocr_line' id='line_1_122' title="bbox 2077 5761 3649 5841; baseline 0.007 -23"><span class='ocrx_word' id='word_1_994' title='bbox 2077 5761 2192 5820; x_wconf 86' lang='lat' dir='ltr'><strong>Non</strong></span> <span class='ocrx_word' id='word_1_995' title='bbox 2221 5773 2345 5820; x_wconf 92' lang='lat' dir='ltr'><strong>sunt</strong></span> <span class='ocrx_word' id='word_1_996' title='bbox 2395 5764 2544 5831; x_wconf 74' lang='lat' dir='ltr'><strong>lucc,</strong></span> <span class='ocrx_word' id='word_1_997' title='bbox 2578 5780 2611 5822; x_wconf 92' lang='grc' dir='ltr'>ο</span> <span class='ocrx_word' id='word_1_998' title='bbox 2657 5765 2888 5834; x_wconf 87' lang='lat' dir='ltr'><strong>dilecte,</strong></span> <span class='ocrx_word' id='word_1_999' title='bbox 2921 5767 3110 5824; x_wconf 88' lang='lat' dir='ltr'><strong>utilia:</strong></span> <span class='ocrx_word' id='word_1_1000' title='bbox 3143 5769 3188 5823; x_wconf 89' lang='lat' dir='ltr'><strong>si</strong></span> <span class='ocrx_word' id='word_1_1001' title='bbox 3237 5770 3385 5826; x_wconf 72' lang='lat' dir='ltr'><strong>ufdia</strong></span> <span class='ocrx_word' id='word_1_1002' title='bbox 3428 5780 3649 5841; x_wconf 80' lang='lat' dir='ltr'><strong>essem,</strong></span> 
     </span>
    </p>
   </div>
   <div class='ocr_carea' id='block_1_123' title="bbox 3216 5864 3281 5925">
    <p class='ocr_par' dir='ltr' id='par_1_123' title="bbox 3216 5864 3281 5925">
     <span class='ocr_line' id='line_1_123' title="bbox 3216 5864 3281 5925; baseline 0 0"><span class='ocrx_word' id='word_1_1003' title='bbox 3216 5864 3281 5925; x_wconf 87' lang='lat'><strong>17</strong></span> 
     </span>
    </p>
   </div>
  </div>
