4108 6410
433 458 539 498 non
586 437 832 509 iussisset
875 441 1223 487 contemnere
1255 444 1268 480 :
1303 424 1395 480 sed
1425 423 1606 476 divina
1637 420 1911 488 Scriptura
1941 416 2006 469 ad

430 532 878 594 existimationem
931 533 1168 580 nostram
1195 519 1449 590 loquitur.
1481 517 1656 583 Atque
1702 513 1803 565 hoc
1845 512 2005 564 etiam

433 626 629 682 divinae
651 615 992 688 benignitatis
1021 624 1124 668 est.
1154 611 1322 678 Quam
1355 608 1514 675 igitur
1540 605 1610 658 ob
1640 616 1889 666 causam,
1919 601 2004 652 in-

427 721 578 792 quit,
612 726 896 786 purpuram
928 716 983 764 et
1025 715 1218 762 czetera
1267 696 1633 792 huiusmodi?
1659 694 1862 749 Divina:
1894 708 2007 746 ma-

427 789 749 882 gniﬁcentiae
799 802 915 856 11330
962 806 1089 853 sunt
1130 809 1312 864 opera.
1365 791 1498 882 Nam
1547 789 1666 882 aliis
1695 800 1920 882 quoque
1943 799 2008 838 ex

428 873 593 956 iebus
618 911 740 951 suas
765 890 935 947 voluit
967 887 1177 942 divitias
1217 881 1522 938 ostendere.
1571 878 1782 931 Etenim
1812 885 1865 928 et
1895 873 2008 926 fru-

429 998 671 1048 mentum
718 986 833 1054 ipse
876 979 1025 1037 dedit
1069 977 1280 1040 solum;
1315 983 1372 1028 tu
1402 987 1530 1026 vero
1577 984 1645 1024 ex
1694 968 1797 1022 hoc
1843 967 2009 1021 multa

429 1096 620 1154 paras,
652 1080 930 1148 placentas
949 1115 964 1140 ,
993 1069 1221 1126 bellaria
1249 1066 1399 1121 varia
1430 1080 1491 1118 ac
1520 1063 1686 1117 multa
1713 1103 1727 1126 ,
1762 1075 2010 1130 magnam

432 1151 709 1228 afferentia
739 1167 1093 1234 voluptatem.
1123 1158 1369 1228 Alioquin
1409 1163 1463 1210 et
1489 1155 1739 1222 voluptas
1764 1161 1816 1206 et
1842 1151 2013 1206 inanis

431 1265 615 1335 glorise
662 1275 815 1314 amor
857 1258 973 1312 haec
1012 1255 1190 1309 omnia
1240 1247 1821 1305 invexitzvidebantur
1867 1243 2011 1299 enim

435 1356 550 1408 hazc
595 1351 688 1406 tibi
719 1348 968 1405 omnibus
997 1344 1161 1399 rebus
1188 1337 1541 1412 pracferenda.
1592 1336 1892 1406 Caeteroqui
1918 1377 1933 1402 ,
1967 1336 2014 1389 si

435 1443 751 1514 peregrinus
777 1438 1040 1510 quispiam
1082 1443 1173 1488 aut
1211 1430 1442 1502 agricola
1491 1431 1676 1483 harum
1706 1441 1883 1482 rerum
1917 1426 2015 1480 im-

443 1535 645 1605 peritus
673 1541 726 1586 te
767 1531 1092 1597 interroget,
1132 1532 1290 1591 teque
1342 1521 1488 1574 illum
1521 1517 1899 1588 suspicientem
1937 1517 2015 1571 vi-

1143 313 1214 369 vS.
1253 307 1528 369 ébANNlS
1550 299 2018 363 CHRYSOSTOMI
2060 301 2371 356 ARClllEP.
2414 296 2938 353 CONSTANTINOP.

3594 282 3702 351 965

2115 414 2278 476 dens,
2333 413 2510 466 dicat:
2563 413 2671 465 Cur
2722 413 2819 465 ista
2869 411 3096 479 suspicis
3149 419 3308 480 atque
3369 410 3700 466 admiraris?

2117 504 2242 571 quid
2292 501 2516 556 habebis
2545 501 2688 571 quod
2721 501 3092 570 respondeas?
3136 501 3362 571 pulchra
3393 518 3512 556 esse
3543 519 3700 571 aspe-

2115 592 2245 646 ctu?
2275 590 2380 646 Sed
2429 606 2535 644 non
2566 592 2638 645 ita
2665 603 2768 645 est.
2803 593 3149 661 Deponamus
3199 593 3360 662 igitur
3405 593 3544 647 hanc
3585 595 3702 662 (ψί.

2118 684 2366 749 nionem,
2414 684 2661 753 verisque
2715 699 2906 753 reapse
2955 685 3112 739 bonis
3162 685 3539 740 inha-reamus.
3577 687 3702 740 Haec

2116 775 2258 828 enim
2308 772 2529 829 minime
2575 783 2730 840 sunt,
2762 774 2858 828 scd
2906 784 3111 830 temere
3143 786 3422 832 transeunt
3451 787 3699 843 tantum,

2116 866 2282 926 instar
2307 866 2540 920 ﬂuminis
2567 866 2876 921 dilabentia.
2902 867 3290 936 Quamobrem,
3315 871 3543 925 obsecro
3566 885 3661 924 vos
3681 910 3696 932 ,

2117 972 2442 1022 caveamus;
2472 974 2630 1028 supra
2663 971 2870 1027 petram
2920 975 3020 1014 nos
3055 961 3400 1028 collocemus,
3433 978 3501 1016 ne
3551 961 3702 1015 facile

2117 1053 2556 1109 circumferuntur
2575 1094 2590 1118 ,
2623 1065 2681 1108 ut
2711 1054 2885 1109 futura
2914 1057 3074 1110 etiam
3116 1071 3510 1126 consequamur
3537 1056 3699 1121 bona,

2119 1145 2288 1213 gratia
2315 1155 2367 1200 et
2392 1147 2718 1216 benignitate
2749 1148 2962 1203 Domini
2993 1149 3162 1203 nostri
3189 1148 3315 1204 Jesu
3340 1149 3560 1213 Christi,
3583 1166 3702 1203 cum

2119 1251 2226 1304 quo
2252 1236 2394 1290 Patri
2417 1280 2432 1305 ,
2457 1237 2721 1309 simulque
2748 1249 2934 1295 sancto
2959 1240 3182 1310 Spiritui
3208 1241 3374 1311 gloria
3397 1283 3412 1307 ,
3446 1251 3703 1310 potestas,

2090 1370 2093 1374 .
2126 1325 2300 1380 honor
2331 1369 2346 1392 ,
2396 1344 2536 1384 nunc
2565 1339 2620 1384 ct
2649 1345 2863 1400 semper
2893 1373 2908 1399 ,
2940 1340 2994 1386 et
3024 1332 3076 1385 in
3121 1331 3317 1386 saecula
3360 1332 3702 1386 saeculorum.

2123 1421 2315 1474 Amen.

482 1652 2307 1681 _____________._____—————_

2311 1656 3671 1681 _.__________________

1770 1743 2114 1805 HOMILIA
2159 1745 2273 1807 XI.

437 1912 561 1967 Car.
593 1910 649 1963 ’5.
675 1923 727 1962 ν.
759 1907 820 1964 7.
846 1901 952 1959 Sed
980 1914 1093 1970 qua:
1133 1899 1257 1950 mihi
1284 1896 1486 1966 fuerunt
1525 1893 1689 1954 lucra,
1738 1890 1844 1942 hwc
1873 1885 2012 1940 arbi-

511 2013 673 2057 tratus
693 2014 806 2054 sum
827 2004 1036 2068 propter
1055 1992 1310 2047 Christum
1327 1987 1695 2040 detrimentum.
1724 1982 1777 2038 8.
1812 1979 2022 2033 Verum-

513 2109 679 2150 tamen
711 2101 760 2147 et
795 2089 1024 2145 existimo
1065 2085 1234 2139 omnia
1275 2081 1633 2134 detrimentum
1671 2091 1778 2129 esse
1814 2081 2022 2143 propter

514 2192 812 2246 eminentem
842 2181 1103 2237 scientiam
1130 2176 1257 2230 Jcsu
1284 2173 1471 2227 Christi
1513 2169 1721 2225 Domini
1759 2168 1876 2231 mei,
1907 2181 2026 2235 pro—

514 2294 624 2353 pter
666 2293 811 2351 quem
845 2276 1014 2329 omnia
1053 2270 1409 2325 detrimentum
1446 2263 1541 2334 fect
1571 2271 1617 2316 et
1644 2259 1862 2356 arbitror
1889 2257 2026 2356 quis-

513 2350 698 2444 quilias
737 2384 863 2433 esse,
906 2374 962 2419 ut
999 2361 1254 2418 Christum
1279 2355 1617 2433 lucri[_aciam,
1641 2351 1696 2406 9.
1720 2363 1764 2404 et
1801 2350 2027 2402 inveniar

514 2442 567 2518 in
596 2464 687 2517 illo
713 2477 816 2514 non
843 2458 1028 2512 habens
1068 2467 1230 2506 meam
1252 2449 1531 2520 justitiam,
1573 2459 1684 2513 qua:
1713 2459 1776 2495 ea:
1799 2442 1906 2510 lege
1931 2449 2022 2503 est,

514 2555 602 2609 sed
642 2551 808 2616 illam,
839 2563 954 2620 qua:
990 2561 1053 2600 ea:
1081 2543 1183 2614 ﬁde
1208 2551 1281 2594 est
1304 2538 1431 2592 Jesu
1457 2535 1666 2595 Christi,
1697 2548 1807 2602 qua:
1830 2547 1892 2584 ea:
1916 2528 2026 2582 Deo

514 2653 589 2700 est
620 2643 826 2714 justitia
851 2641 905 2693 in
931 2636 1052 2708 ﬁde,
1088 2634 1175 2690 10.
1219 2631 1286 2685 ad
1330 2626 1732 2700 cognoscendum
1771 2623 1937 2685 illum,
1983 2629 2028 2674 et

516 2739 749 2791 virtutem
776 2726 1153 2785 resurrectionis
1180 2725 1310 2795 ejus.

519 2832 566 2883 t.
598 2827 654 2880 ln
687 2819 1090 2880 certaminibus,
1119 2831 1237 2886 qua:
1263 2812 1521 2866 adversus
1544 2807 1832 2863 haereticos
1863 2804 2033 2860 susci-

447 2924 691 2992 piuntur,
730 2921 972 2984 vegetam
1016 2907 1274 2963 adhibere
1320 2911 1557 2992 mentem
1601 2906 1831 2992 oportet,
1875 2908 2033 2992 atque

447 2988 660 3068 assidue
679 3007 730 3061 in
757 3019 818 3060 ea
845 3000 1167 3072 cogitatione
1187 2995 1437 3051 deﬁxam.
1466 2991 1542 3046 Ita
1563 2994 1704 3046 enim
1727 2988 2028 3044 disturbare

450 3104 662 3158 illorum
692 3096 907 3152 ordines
931 3090 1250 3162 poterimus,
1278 3095 1332 3142 et
1358 3085 1726 3156 plenissimam
1754 3089 2030 3151 reportare

449 3194 760 3255 victoriam,
808 3187 1012 3242 nullum
1057 3183 1165 3238 illis
1207 3178 1505 3251 respirandi
1551 3177 1779 3249 spatium
1820 3175 2029 3230 dantes.

451 3287 738 3355 Propterea
767 3295 887 3334 cum
911 3277 1071 3332 velim
1094 3287 1192 3328 vos
1224 3288 1290 3327 ex
1314 3270 1604 3341 Scripturis
1627 3269 1691 3324 ad
1729 3267 2031 3338 hujusmodi

449 3374 742 3432 certamina
767 3371 1056 3434 instruere,
1086 3373 1146 3420 ut
1170 3362 1298 3419 hinc
1323 3363 1484 3418 etiam
1517 3375 1612 3416 eos
1639 3361 1729 3431 qui
1761 3358 2033 3414 contradi-

453 3476 582 3523 cunt
621 3466 995 3519 obmutescere
1025 3455 1232 3511 faciatis
1261 3471 1275 3508 :
1308 3452 1489 3524 hujus,
1522 3467 1643 3522 quae
1678 3465 1820 3505 nunc
1845 3450 1894 3503 in
1925 3465 2034 3523 mae

453 3561 610 3615 nibus
636 3565 738 3621 est,
772 3549 1146 3623 disputationis
1185 3547 1396 3601 initium
1438 3559 1646 3598 sumam
1683 3558 1712 3596 a
1750 3541 1854 3596 [ine
1879 3555 2036 3607 supe-

451 3651 631 3709 rioris.
673 3647 805 3714 Quis
853 3652 1032 3698 autem
1072 3650 1190 3696 erat
1228 3639 1318 3694 ille
1349 3637 1520 3692 ﬁnis?
1563 3636 1696 3691 Cum
1734 3634 2038 3703 collegiSsct

453 3741 673 3798 Judaica
699 3735 880 3794 omnia
908 3749 1028 3804 qure
1056 3730 1318 3803 gloriandi
1338 3744 1554 3784 causam
1581 3728 1795 3792 dabant,
1829 3742 1892 3781 ea
1917 3740 2036 3794 qua:

453 3852 486 3889 a
516 3843 722 3894 natura,
772 3844 834 3883 ea
864 3841 985 3896 qua:
1009 3840 1040 3878 a
1068 3823 1295 3879 consilio
1331 3829 1386 3876 et
1418 3821 1680 3876 electione
1707 3818 1984 3871 addiderat
2021 3833 2036 3870 :

457 3926 567 3981 Sed
593 3938 707 3994 qua:
733 3920 855 3974 mihi
882 3919 1085 3988 fuerunt
1112 3916 1278 3978 lucra,
1307 3913 1413 3967 haec
1440 3912 1667 3966 existimo
1689 3911 2040 3962 detrimentum

455 4032 562 4070 esse
591 4022 796 4086 propter
831 4002 1130 4063 eminentem
1157 4005 1418 4060 scientiam
1445 4001 1572 4057 Jesu
1611 4003 1798 4056 Christi
1831 4001 2042 4054 Domini

457 4109 576 4172 mei,
603 4115 806 4176 propter
834 4119 979 4172 quem
1007 4100 1179 4154 omnia
1204 4098 1559 4152 detrimentum
1586 4097 1700 4164 feci,
1743 4105 1791 4149 et
1824 4097 2042 4149 arbitror

426 4180 756 4271 'quisquilias
797 4212 922 4259 esse,
968 4203 1022 4248 ut
1067 4191 1325 4248 Christum
1381 4191 1720 4260 lucrifaciam.
1783 4188 2044 4243 lnsnltant

463 4291 567 4345 hoc
593 4290 711 4343 loco
733 4285 993 4340 lneretici.
1027 4283 1156 4337 Nam
1185 4293 1238 4336 et
1266 4281 1368 4336 hoc
1389 4278 1668 4350 sapientiae
1688 4289 1770 4334 est
1789 4278 2042 4350 Spiritus,

463 4396 589 4453 spes
617 4381 722 4434 illis
751 4376 988 4432 victoria:
1016 4374 1355 4439 submittere,
1382 4380 1442 4426 ut
1479 4387 1710 4442 pugnam
1740 4382 2041 4440 capessant.

464 4473 677 4529 Etenim
703 4473 749 4524 si
773 4477 957 4538 aperte
983 4468 1234 4535 loquutus
1263 4471 1426 4530 esset,
1458 4462 1712 4519 fecissent
1734 4470 1789 4518 et
1814 4461 1867 4516 in
1895 4462 2009 4517 istis
2031 4505 2046 4530 ,

467 4562 610 4634 quod
643 4561 698 4614 in
737 4559 857 4613 aliis
889 4558 1173 4626 fecerunt;
1205 4554 1524 4610 deleverunt
1557 4552 1701 4608 enim
1732 4553 1934 4619 literas,
1967 4570 2050 4608 re-

467 4654 758 4726 pudiarunt
796 4649 1164 4720 Scripturatn,
1203 4662 1326 4702 cum
1376 4647 1634 4702 adversos
1683 4647 1826 4701 illius
1872 4649 2052 4702 radios

470 4748 612 4800 terre
642 4759 747 4797 non
779 4750 1018 4812 possent.
1048 4739 1156 4795 Sed
1183 4737 1329 4808 quod
1355 4738 1409 4792 in
1440 4738 1678 4808 piscibus
1707 4738 1784 4804 ﬁt,
1817 4748 1873 4793 ut
1901 4740 2050 4804 illud,

473 4838 618 4892 unde
656 4843 778 4890 sunt
826 4833 1092 4903 capiendi,
1131 4846 1236 4886 non
1276 4829 1560 4886 manifesto
1598 4831 1705 4887 illis
1749 4831 2052 4901 objiciatur,

474 4929 572 4984 sed
624 4926 938 4986 occultetur,
989 4934 1046 4978 ut
1095 4937 1376 4977 accurrere
1423 4936 1529 4976 non
1571 4933 1858 4977 vereantur
1885 4940 1899 4988 ;
1929 4924 1978 4979 id
2005 4934 2059 4978 et

476 5021 583 5075 hoc
620 5017 739 5073 loco
767 5015 980 5078 accidit,
1004 5014 1092 5067 ubi
1121 5029 1150 5066 a
1180 5014 1345 5067 Paulo
1375 5013 1458 5067 lex
1496 5013 1749 5067 damnum
1775 5014 1915 5069 dicta
1954 5027 2057 5069 est.

478 5114 644 5178 Sane,
684 5109 824 5180 quod
869 5107 1065 5161 Paulus
1114 5106 1264 5167 dicit,
1299 5087 1598 5176 linjusmodi
1653 5116 1736 5160 est
1768 5124 1782 5159 :
1812 5107 2062 5178 Quisqui-

479 5209 612 5272 lias,
653 5215 706 5259 et
754 5203 1005 5257 d‘amuum
1059 5201 1230 5269 legem
1283 5209 1479 5253 vocat:
1523 5216 1626 5253 non
1671 5200 1864 5254 licebat
1904 5202 2064 5255 Chri-

480 5308 622 5352 stum
668 5293 899 5356 lucrari,
954 5291 1054 5344 nisi
1110 5292 1246 5344 hanc
1301 5290 1552 5344 damnum
1602 5301 1895 5359 putassem.
1941 5291 2065 5345 llmc

2126 1891 2334 1958 quilim;
2364 1895 2632 1963 quomodo
2653 1897 2810 1966 igitur
2834 1897 2999 1966 ipsam
3021 1900 3110 1954 Dei
3135 1915 3256 1956 esse
3275 1901 3492 1956 dicitis?
3518 1903 3712 1958 Verum

2129 1980 2244 2036 hare
2273 1985 2451 2038 omnia
2481 2001 2578 2056 pro
2610 1987 2724 2056 lege
2751 1999 2874 2042 sunt
2898 2006 2912 2053 ;
2943 1991 3210 2058 quomodo
3229 2001 3426 2058 autem,
3454 1993 3575 2047 hinc
3595 2010 3714 2062 per-

2128 2073 2369 2141 spicuum
2401 2075 2538 2130 ﬁet?
2566 2077 2917 2133 Attendamus
2942 2081 3244 2152 diligenter,
3276 2101 3393 2154 qua-3
3420 2085 3668 2139 dicuntur
3698 2104 3709 2138 :

2131 2180 2233 2217 non
2264 2165 2416 2232 dixit,
2441 2166 2554 2221 Lex
2581 2179 2662 2222 est
2685 2169 3089 2237 detrimentum,
3113 2174 3206 2228 sed
3235 2175 3402 2244 ipsam
3428 2175 3716 2230 Arbitratus

2130 2273 2240 2309 sum
2270 2257 2668 2314 detrimentum:
2707 2271 2760 2316 et
2798 2263 2865 2317 de
2907 2264 3054 2319 lucro
3084 2267 3296 2336 quidem
3346 2268 3568 2337 loquens
3611 2284 3713 2322 non

2130 2348 2287 2414 dixit,
2311 2349 2616 2406 Arbitratus
2643 2367 2783 2418 sum,
2815 2355 2932 2420 sed,
2963 2355 3193 2410 Fuerunt
3215 2359 3358 2412 lucra
3391 2359 3498 2414 :de
3518 2360 3714 2414 damno

2131 2450 2307 2510 autem
2353 2441 2505 2510 dixit,
2549 2442 2835 2499 Arbitratus
2873 2464 2984 2500 sum
3011 2464 3028 2501 :
3057 2450 3268 2503 merito.
3313 2450 3445 2504 illud
3482 2453 3621 2504 enim
3664 2454 3714 2506 in

2135 2542 2320 2586 natura
2353 2544 2469 2588 erat
2501 2553 2512 2587 :
2545 2533 2646 2589 hoc
2690 2553 2817 2592 vero
2844 2537 2952 2606 jam
2991 2555 3055 2594 ex
3101 2540 3352 2612 opinione
3382 2553 3561 2597 nostra
3595 2559 3715 2612 pro-

2135 2623 2329 2676 fectum
2357 2632 2458 2678 est.
2487 2625 2623 2692 Quid
2654 2627 2810 2696 igitur
2839 2628 2862 2680 ?
2906 2646 3012 2683 non
3045 2639 3128 2685 est
3154 2673 3168 2694 ,
3211 2633 3420 2702 inquit,
3463 2633 3714 2688 damnum

2137 2713 2218 2767 lex
2249 2716 2273 2767 ἲ
2311 2714 2407 2770 Est
2434 2725 2579 2770 certe
2605 2734 2618 2782 ;
2650 2717 2742 2772 sed
2774 2730 2992 2788 propter
3017 2721 3290 2776 Christum
3325 2741 3338 2776 :
3369 2733 3423 2777 at
3467 2740 3608 2780 nunc
3639 2727 3717 2778 Iu-

2136 2823 2284 2861 crum
2317 2807 2452 2863 facta
2482 2818 2580 2863 est.
2622 2809 2737 2865 Non
2772 2814 3056 2880 putabatur
3091 2814 3306 2869 lucrum
3333 2857 3348 2879 ,
3383 2817 3592 2884 inquit,
3623 2819 3715 2872 sed

2137 2910 2286 2954 erat:
2318 2916 2381 2956 ac
2404 2901 2448 2955 si
2485 2901 2726 2957 diceret:
2755 2903 2936 2972 Cogita
2977 2917 3232 2974 quantum
3259 2906 3440 2972 fuerit,
3475 2907 3718 2961 homines

2140 2991 2387 3047 efferatos
2421 2993 2530 3064 jam
2557 3005 2744 3048 natura
2772 2995 2836 3048 ad
2870 2996 3155 3050 humanam
3184 2998 3304 3050 vita!
3331 2998 3593 3062 rationem
3625 2998 3718 3051 ad-

2137 3083 2377 3138 ducere:
2420 3085 2522 3138 nisi
2571 3085 2656 3140 lex
2703 3075 2930 3151 fuisset,
2980 3103 3152 3158 neque
3197 3090 3357 3143 etiam
3399 3091 3567 3159 gratia
3598 3091 3717 3144 data

2137 3183 2297 3228 esset.
2341 3176 2516 3242 Quare
2543 3177 2564 3230 7
2591 3177 2853 3244 Quoniam
2904 3180 3080 3248 pontis
3124 3181 3290 3233 instar
3334 3178 3455 3235 fuit.
3508 3181 3716 3234 Etenim

2137 3266 2386 3334 quoniam
2415 3268 2630 3321 minime
2661 3267 2740 3322 fas
2765 3279 2878 3322 erat
2903 3271 2968 3325 de
3009 3271 3194 3324 inﬁmo
3231 3273 3347 3328 loco
3371 3277 3422 3326 in
3449 3273 3716 3326 excelsum

2137 3357 2453 3425 ascendere,
2482 3358 2618 3412 facta
2649 3369 2730 3414 est
2755 3359 2917 3414 scala.
2968 3362 3035 3416 Et
3061 3364 3303 3432 quamvis
3343 3379 3446 3416 non
3495 3363 3720 3431 amplius

2137 3450 2278 3503 scala
2310 3465 2444 3518 opus
2475 3451 2543 3505 sit
2577 3469 2592 3518 ;
2640 3469 2743 3506 non
2789 3463 3070 3524 propterea
3099 3466 3275 3510 tamen
3319 3454 3461 3510 illam
3495 3461 3718 3526 spernit,

2140 3540 2231 3594 sed
2257 3543 2430 3610 potius
2450 3543 2496 3596 ei
2525 3544 2720 3612 gratias
2749 3542 2927 3599 habet.
2959 3545 3075 3614 Ipsa
3098 3547 3240 3600 enim
3264 3546 3377 3607 fuit,
3409 3563 3528 3617 qua:
3560 3547 3711 3600 illum

2139 3648 2205 3686 eo
2235 3633 2548 3701 adduxerit,
2582 3645 2643 3688 ut
2679 3636 2796 3705 ejus
2828 3636 3051 3705 posthac
3094 3654 3198 3691 non
3227 3648 3381 3708 egeat
3411 3657 3423 3690 :
3456 3654 3519 3692 ac
3544 3648 3722 3693 tamen

2147 3739 2247 3792 pro
2281 3726 2380 3778 hoc
2411 3727 2546 3795 ipso,
2579 3727 2718 3797 quod
2753 3727 2891 3782 illius
2919 3743 3024 3782 non
3051 3739 3192 3798 eget,
3219 3728 3535 3783 beneﬁcium
3567 3746 3624 3784 se
3646 3730 3723 3783 illi

2142 3817 2337 3871 debere
2385 3819 2576 3872 merito
2623 3820 2860 3874 fatetur:
2897 3819 3013 3874 sine
3060 3820 3149 3874 illa
3189 3823 3328 3875 enim
3382 3837 3488 3876 non
3535 3837 3725 3876 ascen-

2143 3911 2331 3964 disset.
2380 3909 2525 3964 ldem
2570 3909 2636 3965 de
2668 3911 2784 3980 lege
2829 3911 3115 3965 dicendum
3149 3922 3231 3966 est
3263 3928 3277 3964 :
3307 3914 3484 3967 evexit
3527 3929 3623 3966 nos
3673 3913 3725 3966 in

2146 4000 2413 4066 sublime;
2445 4016 2573 4072 ergo
2604 4002 2808 4056 lucrum
2835 4011 2952 4057 erat
2984 4022 2998 4058 :
3029 4003 3123 4059 sed
3145 4003 3253 4074 jam
3281 4005 3447 4075 ipsam
3481 4019 3728 4075 putamus

2147 4089 2421 4144 damnum.
2446 4091 2770 4159 Quomodo?
2805 4093 2919 4148 Non
2947 4095 3198 4163 quoniam
3221 4095 3470 4149 damntun
3501 4107 3601 4159 est,
3635 4096 3728 4150 sed

2149 4181 2398 4249 queniam
2425 4183 2582 4253 longe
2609 4184 2782 4253 potior
2805 4195 2888 4239 est
2911 4185 3100 4254 gratia.
3126 4185 3256 4240 Nam
3283 4187 3728 4257 quemadmodum

2151 4274 2293 4328 fame
2341 4273 2592 4331 laborans
2629 4292 2854 4346 pauper,
2902 4279 3155 4348 quamdiu
3198 4281 3412 4350 quidem
3454 4292 3731 4351 argentum

2153 4363 2334 4432 habet,
2364 4380 2428 4420 eo
2453 4375 2603 4421 arcet
2632 4368 2822 4422 famem
2855 4386 2868 4433 ;
2895 4380 3172 4440 postquam
3214 4387 3342 4426 vero
3369 4388 3555 4427 aurum
3585 4376 3733 4428 iuve-

2155 4458 2314 4524 nerit,
2343 4458 2387 4512 si
2411 4467 2694 4528 utrumque
2714 4461 2946 4516 retinere
2967 4478 3072 4516 non
3098 4463 3274 4530 liceat,
3306 4465 3557 4519 damnum
3589 4476 3738 4536 putat

2157 4550 2398 4605 retinere
2431 4560 2712 4619 argentum
2731 4591 2748 4616 ,
2780 4561 2939 4622 atque
2967 4553 3057 4607 illo
3083 4554 3305 4609 dimisso
3329 4571 3514 4610 aurum
3552 4557 3694 4626 capit
3722 4574 3735 4610 :

2156 4640 2378 4696 dimittit
2406 4651 2604 4707 autem,
2639 4660 2743 4698 non
2764 4645 2904 4714 quod
2927 4645 3178 4702 damnum
3206 4649 3274 4703 sit
3301 4661 3598 4720 argentum,
3632 4666 3737 4705 non

2159 4736 2303 4790 enim
2333 4745 2437 4803 est,
2487 4737 2582 4792 sed
2612 4739 2864 4806 quoniam
2897 4749 3180 4810 utrumque
3207 4743 3362 4796 simul
3404 4743 3600 4799 habere
3635 4761 3739 4797 nou

2163 4828 2307 4886 licet.
2339 4828 2432 4883 sed
2463 4832 2769 4884 necessario
2807 4831 3032 4886 alterum
3063 4844 3144 4887 est
3174 4833 3580 4905 relinquendum
3617 4855 3628 4889 :
3671 4837 3744 4890 ita

2163 4928 2216 4971 et
2245 4919 2352 4972 hic.
2393 4918 2506 4972 Non
2538 4919 2697 4988 igitur
2726 4921 2808 4974 lex
2851 4932 2933 4974 est
2970 4923 3371 4992 detrimentum,
3404 4927 3500 4982 sed
3532 4928 3635 4998 legi
3665 4927 3746 4981 in-

2169 5011 2459 5066 hzcrentem
2508 5012 2740 5068 deficere
2769 5030 2796 5066 a
2837 5014 3073 5070 Christo.
3108 5018 3470 5083 Quamobrem
3500 5036 3620 5075 cum
3650 5035 3748 5074 nos

2167 5103 2381 5156 abducit
2411 5118 2439 5156 a
2467 5103 2704 5170 Christo,
2738 5116 2862 5160 tunc
2892 5107 3142 5163 damnum
3173 5121 3256 5165 est
3285 5131 3296 5165 :
3325 5113 3466 5182 quod
3503 5113 3546 5167 si
3577 5112 3749 5166 addu-

2168 5202 2291 5257 cat,
2335 5209 2440 5247 non
2471 5195 2620 5250 item.
2666 5197 2955 5266 PrOpterea
2999 5200 3198 5271 inquit,
3233 5203 3453 5274 Pr0pter
3495 5204 3750 5259 Christum

2171 5284 2544 5338 detrimentum.
2576 5287 2632 5341 Si
2665 5300 2882 5357 propter
2921 5289 3227 5357 Christum,
3260 5310 3386 5364 ergo
3414 5306 3598 5349 natura
3644 5313 3753 5351 non

485 5389 664 5442 omnia
689 5385 929 5438 alliciunt
960 5381 1263 5447 haereticos,
1293 5388 1352 5436 ut
1381 5382 1554 5436 locum
1577 5383 1856 5452 recipiant,
1885 5384 2068 5438 existi-

486 5486 694 5533 mantes
723 5491 820 5544 pro
844 5488 904 5529 se
930 5471 1109 5528 facere
1137 5491 1152 5527 :
1181 5473 1396 5542 quando
1418 5489 1543 5528 vero
1575 5483 1918 5544 receperunt,
1945 5487 2069 5531 tunc

487 5572 614 5629 illos
669 5569 874 5624 retibus
923 5566 1159 5637 undique
1200 5566 1540 5636 constringit.
1592 5567 1730 5635 Quid
1777 5568 1935 5639 igitur
1985 5569 2071 5624 isti

489 5663 676 5717 dicunt
701 5659 1017 5714 insultantes
1043 5657 1119 5731 (τι)
1146 5657 1170 5711 ?
1195 5657 1272 5712 En
1296 5658 1379 5712 lex
1411 5667 1494 5713 est
1518 5657 1790 5729 damnum,
1822 5676 1888 5717 en
1929 5662 2077 5733 quis-

465 5787 475 5809 ,
553 5751 629 5813 (tt)
651 5742 941 5801 llamchaeos
957 5748 1230 5812 signiﬁcare
1253 5747 1464 5799 videtur.

2173 5384 2256 5430 est
2283 5375 2685 5432 detrimentum.
2715 5380 2824 5434 Cur
2863 5391 3042 5436 autem
3075 5397 3179 5436 non
3210 5384 3336 5436 sinit
3379 5385 3463 5438 lex
3502 5386 3566 5439 ad
3595 5385 3756 5440 Chri-

2176 5481 2314 5523 stum
2342 5470 2601 5526 accedere
2627 5472 2650 5524 ?
2673 5474 2749 5528 Ac
2774 5488 2905 5528 sane
2932 5475 2997 5528 ad
3025 5475 3146 5539 hoc,
3183 5478 3370 5546 inquit,
3400 5479 3518 5531 data
3552 5479 3755 5533 fuerat:

2179 5561 2455 5631 plenitudo
2481 5564 2624 5618 enim
2653 5565 2785 5634 legis
2811 5567 3079 5629 Christus,
3110 5580 3161 5620 et
3192 5568 3339 5621 Finis
3380 5571 3503 5640 legis
3534 5570 3760 5625 Christus

2183 5651 2358 5725 (Rom.
2391 5654 2482 5709 10.
2515 5656 2590 5726 4).
2621 5656 2778 5722 Sinit,
2812 5658 2856 5712 si
2886 5655 3028 5712 dicto
3055 5660 3335 5715 audientes
3366 5677 3485 5716 esse
3515 5664 3762 5717 velimus.

2181 5743 2281 5812 Qui
2311 5759 2436 5814 ergo
2463 5745 2564 5817 legi
2595 5746 2796 5816 obcdit,
2831 5749 2998 5819 ipsam
3030 5748 3199 5820 legem
3231 5751 3532 5821 relinquit?
3571 5753 3752 5807 ltelin~
