4108 6410
495 413 601 472 265

496 530 805 587 πείθεσθαι.
865 529 923 580 '0
958 527 1036 600 τῷ
1075 528 1226 599 νόμῳ
1269 527 1451 580 τοίνυν
1495 523 1847 594 πειθόμενος,
1912 518 2076 573 αὐτὸν

496 626 688 696 ἀφίησι
719 621 812 676 τὸν
862 620 1059 692 νόμον;
1112 618 1399 690 Ἀφίησιν,
1449 617 1544 671 ἐὰν
1585 614 1976 687 προσέχωμεν·
2009 610 2078 665 ἂν

499 720 682 788 μέντοι
710 713 787 786 μὴ
809 713 1183 785 προσέχωμεν,
1210 712 1310 764 οὐκ
1336 710 1579 780 ἀφίησιν.
1618 708 1804 763 Ἀλλὰ
1820 704 1938 776 μὲν
1964 702 2078 758 οὖν

496 811 598 865 καὶ
643 809 868 879 ἥγημαι
913 806 1112 860 πάντα
1148 801 1362 873 ζημίαν
1404 797 1577 856 εἶναι.
1615 798 1682 853 Τί
1710 798 1875 867 λέγω,
1910 796 2075 867 φησὶ,

494 903 654 956 τοῦτο
687 899 819 971 περὶ
862 897 957 951 τοῦ
1006 896 1205 966 νόμου;
1245 894 1363 964 οὐχὶ
1395 892 1560 947 καλὸν
1612 892 1642 945 0
1686 889 1925 960 κόσμος;
1954 885 2079 957 οὐχὶ

495 994 661 1048 καλὸν
705 993 739 1063 ή
773 988 1028 1061 παροῦσα
1067 987 1219 1057 (wh;
1261 984 1401 1039 ’A11’
1432 984 1527 1038 ἐάν
1561 999 1629 1054 με
1668 978 1937 1052 ἀπαγάγῃ
1980 974 2077 1030 τοῦ

494 1084 760 1157 Χριστοῦ,
783 1082 988 1153 ζημίαν
1003 1078 1177 1134 ταῦτα
1202 1077 1445 1149 τίθεμαι.
1471 1076 1571 1129 Διά
1584 1073 1668 1139 τίς
1694 1073 1801 1126 Διά
1815 1070 1881 1125 τὸ
1901 1074 2081 1138 ὑπερ-

494 1178 641 1248 έχον
672 1175 783 1243 τῆς
831 1171 1111 1243 γνώσεως
1148 1167 1357 1239 Ἰησοῦ
1393 1164 1656 1238 Χριστοῦ
1702 1162 1810 1218 τοῦ
1854 1161 2079 1230 Κυρίου

491 1288 631 1341 μου.
683 1266 792 1322 Τοῦ
833 1266 942 1339 709
985 1264 1139 1336 ἡλίου
1183 1260 1483 1333 φανέντος,
1531 1254 1949 1331 προσκαθῆσθαι
2000 1251 2081 1323 τῷ

495 1362 675 1433 λύχνῳ
703 1359 897 1432 ζημία.
940 1357 1105 1410 Ὥστε
1154 1354 1264 1409 07:0
1308 1353 1409 1425 τῆς
1455 1349 1777 1424 παραϐολῆς
1826 1348 1862 1420 ἠ
1904 1344 2081 1417 ζημία

496 1455 730 1524 γίνεται,
766 1449 874 1504 ἀπὸ
912 1447 1005 1502 τοῦ
1035 1446 1418 1519 ὑπερέχοντος.
1467 1443 1631 1514 Ὁρᾷς
1675 1441 1757 1495 0::
1793 1438 2083 1511 σύγκρισιν

496 1545 762 1608 ποιεῖται;
805 1540 906 1593 Διὰ
939 1540 1007 1593 τὸ
1050 1537 1373 1607 ὑπερέχον,
1405 1532 1590 1604 φησὶν,
1632 1532 1694 1586 οὐ
1724 1528 1812 1585 διὰ
1842 1529 1905 1583 :0
1934 1527 2082 1583 ἀλλό-

496 1650 651 1706 τριον
677 1648 689 1661 '
735 1631 799 1684 τὸ
841 1631 949 1700 709
1006 1627 1297 1698 ὑπερέχον,
1327 1623 1423 1678 τοῦ
1457 1622 1753 1695 ὁμογενοῦς
1796 1619 2077 1692 ὑπερέχει.

499 1727 665 1778 Ὥστε
691 1722 785 1792 ἀφ’
803 1716 876 1775 ὧν
904 1721 1142 1773 ποιεῖται
1173 1717 1272 1787 τὴν
1297 1715 1449 1771 κατά
1469 1715 1757 1785 σύγκρισιν
1783 1710 2079 1783 ὑπεροχὴν,

499 1816 606 1869 ἀπὸ
634 1812 843 1867 τούτων
865 1810 1108 1863 δείκνυσι
1135 1807 1234 1878 τὴν
1265 1804 1539 1859 οἰκείωσιν
1565 1807 1668 1874 τῆς
1689 1801 1966 1870 γνώσεως.
1997 1801 2081 1853 Δι’

501 1906 575 1959 δν
620 1905 695 1959 τὰ
736 1902 934 1957 πάντα
964 1898 1292 1969 ἐζημιώθην
1315 1935 1331 1961 ,
1374 1894 1475 1951 καὶ
1515 1893 1773 1964 ἠγοῦμαι
1804 1892 2083 1948 σκύϐαλα

499 1994 673 2061 εἶναι,
700 1996 803 2049 ἵνα
838 1992 1099 2061 Χριστὸν
1134 1988 1430 2059 κερδήσω.
1463 1986 1613 2060 [285]
1645 1984 1897 2040 Σκύϐαλα
1928 1983 2083 2038 ούπω

504 2089 602 2159 μὲν
633 2086 812 2156 δῆλον,
835 2084 884 2137 εί
911 2082 1041 2154 περὶ
1065 2081 1159 2135 τοῦ
1182 2081 1348 2151 νόμου
1371 2079 1507 2150 φησὶ
1528 2078 1599 2131 τά
1628 2075 1872 2131 σκύϐαλα
1896 2093 1909 2104 ·
1935 2074 2083 2139 εἰκὸς

500 2180 611 2249 709
645 2176 808 2232 00:0v
843 2174 973 2246 περὶ
1002 2171 1287 2243 κοσμικῶν
1314 2168 1658 2242 πραγμάτων
1683 2166 1842 2220 τοῦτο
1876 2164 2079 2235 λέγειν.

500 2268 685 2323 Εἰπὼν
720 2266 829 2337 709
849 2304 866 2329 ,
920 2265 1130 2318 Ἀτινα
1157 2258 1236 2331 ἦν
1255 2277 1359 2331 μοι
1391 2256 1603 2328 κέρδη,
1634 2255 1823 2311 ταῦτα
1858 2253 2082 2324 ἥγημαι

498 2363 600 2417 διὰ
620 2360 727 2415 τὸν
748 2357 1007 2428 Χριστὸν
1035 2353 1264 2424 ζημίαν,
1295 2348 1472 2406 Ἀλλὰ
1490 2347 1610 2420 μὲν
1634 2341 1743 2403 οὖν
1771 2344 1871 2400 καὶ
1900 2342 2083 2415 ητοῦο

497 2472 626 2525 μαι,
658 2450 813 2522 φησὶ,
845 2447 1045 2503 πάντα
1074 2444 1307 2516 ζημίαν.
1341 2441 1548 2498 Πάντα
1571 2435 1718 2505 εἷπε,
1751 2439 1850 2493 καὶ
1878 2437 1948 2491 τά
1974 2435 2083 2490 πά-

502 2549 615 2612 λαι,
661 2545 756 2600 καὶ
788 2542 858 2596 :0
903 2539 1168 2611 7:090v:0.
1207 2537 1270 2590 Εἰ
1303 2533 1361 2588 δὲ
1397 2531 1578 2605 βούλει
1611 2531 1708 2586 καὶ
1756 2530 1848 2584 τὸν
1891 2529 2080 2600 νόμον,

500 2639 623 2694 οὐδέ
639 2635 812 2698 οὕτως
836 2633 1112 2704 ὕϐρισται.
1139 2629 1214 2682 Τὸ
1239 2629 1348 2699 γὰρ
1380 2625 1647 2680 σκύϐαλον
1675 2623 1784 2678 07:0
1812 2616 1907 2676 τοῦ
1930 2621 2080 2675 σίτου

502 2732 640 2795 ἐστὶ,
670 2728 767 2783 καὶ
788 2727 851 2780 :0
881 2724 1102 2795 ίσχυρδν
1134 2721 1228 2775 τοῦ
1266 2721 1413 2775 σίτου
1451 2719 1514 2774 :0
1545 2716 1818 2771 σκύϐαλον
1850 2715 1991 2776 ἐστι,
2022 2716 2084 2767 :0

502 2822 704 2892 ἄχυρον
736 2816 903 2885 λέγω.
942 2815 1105 2867 Ὥστε
1134 2811 1241 2882 πρὸ
1268 2810 1461 2864 τούτου
1486 2807 1756 2879 χρήσιμον
1788 2806 1849 2859 :0
1878 2803 2084 2859 σκύϐα-

500 2915 591 2968 λον
616 2910 685 2985 ῆν
708 2931 722 2945 ο
766 2910 907 2982 μετά
932 2907 1042 2977 709
1077 2904 1171 2959 τοῦ
1212 2904 1361 2957 σίτου
1396 2901 1529 2957 00:0
1554 2900 1873 2971 ἐκλέγομεν,
1911 2899 2006 2952 καὶ
2036 2898 2085 2952 εἰ

504 3009 581 3078 μή
598 3024 651 3060 τι
677 3003 948 3058 σκύϐαλον
971 2996 1061 3072 ἦν,
1089 2998 1191 3052 οὐκ
1220 2996 1286 3051 ἂν
1306 2996 1336 3048 0
1360 2998 1505 3059 σῖτος
1534 2995 1775 3063 ἐγένετο.
1805 2990 1963 3047 Οῦτω
1988 2991 2087 3046 καὶ⁸

503 3101 598 3154 ἐπὶ
623 3097 717 3152 τοῦ
744 3096 932 3166 νόμου.

577 3286 641 3356 β’.
666 3284 832 3355 Ὀρᾷς
859 3280 978 3344 πῶς
1004 3276 1279 3346 πανταχοῦ
1321 3276 1423 3328 οὐκ
1454 3272 1586 3329 αὐτὸ
1613 3272 1773 3328 τοῦτο
1800 3272 2001 3343 ζημίαν
2027 3270 2091 3325 :0

504 3376 739 3443 πρᾶγμα
772 3368 950 3432 καλεῖ,
983 3364 1118 3419 ἀλλά
1169 3363 1258 3417 διὰ
1297 3362 1391 3416 τὸν
1434 3360 1700 3434 Χριστόν;
1742 3359 1928 3415 Ἀλλὰ
1970 3359 2088 3428 μὲν

504 3457 619 3515 οὖν
665 3457 765 3511 καὶ
811 3455 1013 3509 πάντα
1052 3452 1309 3523 ἠγοῦμαι
1360 3449 1590 3521 ζημίαν.
1625 3449 1724 3503 Διά
1767 3449 1856 3514 τί;
1892 3448 2082 3511 Πάλιν,

503 3548 609 3602 Διά
640 3546 708 3599 τὸ
742 3542 1043 3611 ὑπερέχον
1082 3539 1193 3607 τῆς
1237 3539 1532 3609 γνώσεως,
1568 3536 1643 3592 δι’
1668 3535 1742 3591 ὃν
1783 3537 1856 3591 τὰ
1890 3534 2089 3588 πάντα

503 3632 850 3703 ἐζημιώθην.
886 3625 1022 3683 Εἶτα
1057 3628 1273 3696 ἐπάγει,
1305 3629 1403 3682 Διὸ
1445 3627 1544 3680 καὶ
1588 3625 1845 3695 ἠγοῦμαι
1890 3623 2089 3678 πάντα

506 3723 719 3791 ζημίαν
762 3715 947 3781 εἷναι,
979 3718 1081 3771 ἵνα
1125 3715 1385 3783 Χριστὸν
1430 3712 1724 3782 κερδήσω.
1759 3713 1923 3784 Ὁρᾷς
1970 3712 2089 3776 πῶς

511 3807 945 3878 ἐπιλαμϐάνεται
987 3804 1256 3859 πάντοθεν
1304 3802 1397 3856 τοῦ
1446 3802 1771 3874 ἐρείσματος
1822 3800 1918 3853 τοῦ
1962 3801 2093 3871 Χρι-

509 3896 661 3962 στοῦ,
693 3894 787 3948 καὶ
824 3893 925 3946 οὐκ
953 3891 1179 3960 ἀφίησιν
1202 3888 1440 3961 οὐδαμοῦ
1470 3889 1823 3959 γυμνωθῆναι
1871 3888 1964 3941 τὸν
2004 3888 2090 3941 νό-

510 4001 633 4055 μον,
661 3982 783 4036 οὐδέ
811 3978 1027 4050 πληγὴν
1070 3979 1280 4042 λαϐεῖν,
1309 3978 1448 4032 ἀλλά
1476 3977 1792 4050 περιϐάλλει
1822 3976 2089 4031 πάντοθεν

507 4072 700 4136 αὐτόν;
727 4069 835 4123 Καὶ
855 4064 1078 4135 εὑρεθῶ
1107 4066 1178 4119 ἐν
1203 4064 1365 4131 αὐτῷ
1392 4063 1474 4133 μὴ
1498 4066 1655 4135 ἔχων
1686 4064 1840 4134 ἐμὴν
1868 4063 2090 4117 δικαιο-

505 4160 711 4226 σύνην
735 4155 853 4223 τὴν
880 4155 950 4208 ἐκ
974 4153 1083 4208 τοῦ
1107 4154 1317 4222 νόμου.
1354 4153 1418 4206 Εἰ
1456 4155 1485 4206 0
1527 4151 1877 4223 δικαιοσύνην
1926 4151 2091 4223 ἔχων,

507 4247 595 4301 διὰ
621 4245 683 4298 :0
716 4244 878 4315 μηδὲν
913 4242 1084 4313 αὐτὴν
1109 4237 1272 4308 εἶναι,
1299 4240 1436 4313 πρὸς
1460 4240 1662 4310 ταύτην
1694 4239 1793 4311 τὴν
1813 4238 2091 4293 δικαιοσύ-

508 4353 607 4405 νην
641 4333 900 4405 έδραμεν,
924 4331 979 4383 οί
1026 4329 1101 4400 μὴ
1144 4329 1361 4399 ἔχοντες
1411 4328 1527 4391 πῶς
1567 4329 1631 4383 οὐ
1680 4327 1861 4399 πολλῷ
1890 4328 2091 4399 μᾶλλον

508 4420 783 4492 δφείᾌουσι
830 4416 1189 4489 προστρέχειν
1235 4414 1423 4486 αὐτῷ;
1460 4417 1570 4470 Καὶ
1605 4415 1783 4481 καλῶς
1819 4410 1963 4479 εἷπε,
1992 4415 2091 4484 Μὴ

508 4514 698 4579 ἐχωνιτ
716 4508 873 4578 ἐμὴν
922 4506 1340 4572 δικαιοσύνην,
1371 4506 1471 4573 οὐχ
1520 4505 1588 4575 ἢν
1639 4506 1727 4560 0:0
1776 4505 1955 4561 πόνων
1998 4505 2091 4560 καὶ

512 4595 753 4666 ἱδρώτων
786 4593 1131 4664 ἐκτησάμην,
1155 4592 1290 4646 ἀλλὰ
1318 4593 1385 4664 ἢν
1411 4585 1569 4665 εὗρον
1594 4593 1705 4648 ἀπὸ
1729 4595 1828 4665 τῆς
1851 4595 2090 4666 χάριτος,

511 4685 695 4755 φησίν.
714 4684 777 4736 Εἰ
804 4681 984 4737 τοίνυν
1010 4682 1040 4735 0
1064 4680 1438 4751 κατορθώσας,
1458 4680 1565 4735 ἀπὸ
1588 4682 1811 4752 χάριτος
1836 4681 2089 4746 σώζεται,

512 4768 695 4839 πολλῴ
750 4768 951 4838 μᾶλλον
999 4768 1179 4838 ὑμεῖς.
1198 4767 1417 4838 Ἐπειδὴ
1450 4770 1560 4839 γὰρ
1590 4768 1735 4833 εἰκὸς
1782 4765 1852 4840 ἦν
1896 4769 2092 4835 αὐτοὺς

511 4859 712 4925 λέγειν,
743 4857 826 4909 ὅτι
872 4854 1073 4926 μείζων
1101 4853 1243 4925 αῦτη
1288 4857 1323 4926 ἡ
1355 4854 1667 4925 δικαιοσύνη
1701 4857 1735 4927 ἡ
1761 4855 1849 4909 διά
1888 4860 2088 4921 πόνων,

512 4947 786 5000 δείκνυσιν
827 4945 910 4997 ὅτι
956 4942 1226 4996 σκύϐαλον
1265 4942 1406 5014 αῦτη
1436 4944 1555 4997 ἐστὶ
1584 4945 1720 5015 πρὸς
1746 4940 1980 5016 ἐκείνην.
2014 4949 2086 5000 Οὐ

513 5036 624 5103 γάρ
670 5034 734 5086 ἄν
778 5048 911 5085 ποτε
956 5029 1066 5098 ἐγὼ
1117 5030 1492 5102 κατορθώσας,
1526 5032 1695 5100 αὐτὴν
1729 5032 1891 5102 ῥίψας
1921 5033 2090 5105 ταύτῃ

514 5125 902 5195 προσέτρεχον.
935 5121 1071 5173 Ποία
1100 5120 1158 5173 δέ
1187 5122 1335 5174 ἐστιν
1366 5120 1539 5192 αῦτης
1580 5122 1641 5176 Ἡ
1670 5122 1788 5175 ἀπὸ
1833 5124 2092 5190 πίστεως

513 5210 620 5264 τοῦ
648 5209 825 5264 6800‘
857 5208 1121 5270 τουτέστι,
1158 5208 1251 5261 καὶ
1297 5208 1436 5276 αῦτη
1476 5208 1626 5280 παρά
1667 5208 1803 5262 Θεοῦ
1847 5209 2095 5264 δέδοταιο

515 5297 650 5350 Θεοῦ
692 5299 839 5349 ἐστιν
887 5295 1025 5365 αὐτη
1070 5296 1104 5366 ὴ
1152 5293 1502 5365 δικαιοσύνη·
1536 5296 1710 5365 δῶρόν
1754 5300 1902 5352 ἐστιν
1954 5298 2092 5369 αῦτη

515 5383 828 5455 ὁλόκληρον.
852 5383 935 5436 T0
976 5383 1034 5436 δὲ
1066 5381 1161 5435 τοῦ
1189 5381 1324 5435 Θεοῦ
1367 5382 1515 5454 δῶρα
1565 5384 1745 5455 πολλῷ
1783 5384 1861 5456 τῷ
1912 5387 2096 5458 μέτρῳ

518 5472 838 5542 ὑπερϐαίνει
877 5470 977 5541 τὴν
1028 5469 1302 5524 εὐτέλειαν
1348 5470 1460 5525 τῶν
1495 5472 1937 5543 κατορθωμάτων
1987 5475 2096 5528 τῶν

518 5560 604 5615 διὰ
631 5562 729 5630 τῆς
754 5560 1032 5631 ἡμετέρας
1059 5559 1296 5630 σπουδῆς
1324 5561 1648 5631 γινομένων.
1683 5562 1749 5616 Τί
1794 5562 1852 5618 δέ
1889 5567 2037 5619 ἐστιν
2063 5568 2096 5636 ἡ

521 5648 738 5713 πίστις;
777 5647 909 5701 Ἐπὶ
939 5647 1015 5716 τῇ
1044 5648 1265 5711 πίστει,
1286 5648 1443 5717 φησὶ,
1483 5650 1591 5703 τοῦ
1622 5651 1844 5719 γνῶναι
1877 5653 2093 5707 αὐτόν.

526 5736 669 5803 Ἀρα
695 5733 782 5786 διὰ
819 5734 1056 5797 πίστεως
1090 5734 1124 5805 ἠ
1153 5734 1379 5802 γνῶσις,
1407 5737 1502 5791 καὶ
1531 5737 1767 5803 πίστεως
1800 5739 1928 5793 ἄνευ
1955 5741 2099 5809 γνῶ-

524 5836 611 5875 ντι
633 5819 793 5873 αὐτὸν
822 5820 921 5872 οὐκ
947 5819 1083 5874 ἔστι.
1107 5821 1228 5885 Πῶς
1253 5822 1345 5889 δέ;
1375 5824 1454 5879 Δι’
1478 5825 1647 5896 αὐτῆς
1669 5826 1751 5881 δεῖ
1775 5827 1976 5896 γνῶναι
1998 5830 2094 5901 τὴν

1164 405 1222 462 S.
1261 404 1548 463 JOANNIS
1584 397 2076 494 CHRYSOSTOMI
2112 397 2438 457 ARCHIEP.
2487 400 3041 461 CONSTANTINOP.

3650 411 3761 471 266

2179 518 2405 591 δύναμιν
2438 520 2534 591 τῆς
2567 521 2917 588 ἀναστάσεως
2945 524 3143 579 αὐτοῦ’
3176 527 3328 591 ποῖος
3358 525 3465 597 709
3497 527 3757 601 λογισμὸς

2178 608 2278 678 τὴν
2333 607 2629 663 ἀνάστασιν
2669 613 2804 682 ἡμῖν
2844 614 3220 685 παραστήσεις
3276 614 3412 668 Οὐδέ
3464 611 3567 681 εἷς,
3620 618 3758 674 ἀλλὰ

2179 697 2382 761 πίστις.
2424 699 2487 751 El
2527 698 2585 751 δὲ
2612 700 2645 770 ἡ
2673 701 2969 765 ἀνάστασις
2997 701 3094 755 τοῦ
3122 704 3265 756 κατά
3293 703 3474 775 σάρκα
3493 706 3755 776 Χριστοῦ,

2179 784 2362 838 πίστει
2386 785 2737 854 γινώσκεται,
2768 788 2889 851 πῶς
2929 791 2963 860 ἡ
3002 789 3258 861 γέννησις
3283 791 3380 845 τοῦ
3411 791 3548 846 Θεοῦ
3580 795 3757 862 Λόγου

2179 872 2457 942 λογισμοῖς
2480 875 2993 944 καταλαμϐάνεται;
3024 878 3125 947 τῆς
3147 876 3259 948 γάρ
3280 879 3586 951 γεννήσεως
3610 881 3762 935 ἐλάτ-

2179 976 2287 1013 των
2335 962 2371 1030 ἡ
2417 960 2737 1027 ἀνάστασις.
2767 963 2868 1018 Διά
2901 963 2988 1029 τί;
3020 964 3144 1020 Ὅτι
3177 966 3394 1037 ἐκείνης
3440 966 3545 1037 μὲν
3586 968 3761 1023 πολλά

2179 1046 2248 1101 τά
2265 1047 2638 1121 ὑποδείγματα
2652 1051 2867 1120 γέγονε,
2885 1050 3159 1124 ταύτηςδὲ
3182 1053 3304 1107 οὐδέ
3328 1054 3407 1109 ἐν.
3426 1055 3632 1127 Νεκροὶ
3660 1057 3763 1127 μὲν

2180 1135 2290 1208 γάρ
2332 1136 2638 1210 ἀνέστησαν
2664 1139 2853 1193 πολλοὶ
2882 1141 2990 1212 πρὸ
3020 1141 3114 1195 τοῦ
3138 1142 3401 1213 Χριστοῦ,
3435 1145 3485 1198 εί
3519 1146 3614 1199 καὶ
3640 1147 3761 1199 ἐτε-

2179 1222 2342 1296 λεύτη
2351 1241 2448 1279 σαν
2468 1226 2799 1292 ἀναστάντες
2818 1245 2835 1259 ο
2857 1228 2967 1283 07:0
2985 1228 3043 1283 δέ
3070 1229 3344 1301 παρθένου
3365 1231 3541 1297 οὐδεὶς
3562 1231 3764 1305 ἐτέχθη

2180 1311 2336 1372 ποτέ.
2373 1315 2439 1368 Et
2467 1315 2647 1369 τοίνυν
2674 1316 2703 1370 ὃ
2730 1318 2826 1371 καὶ
2854 1317 2955 1388 τῆς
2991 1317 3138 1373 κατὰ
3171 1318 3351 1389 σάρκα
3376 1318 3528 1392 [286]
3564 1324 3761 1393 γεννή-

2182 1418 2320 1465 σεως
2350 1402 2747 1474 εὐτελέστερον,
2770 1406 2930 1459 τοῦτο
2965 1406 3144 1460 πίστει
3173 1406 3256 1459 δεῖ
3285 1407 3760 1480 παραλαμϐάνειν,
3804 1410 3820 1424 ’

2180 1488 2242 1544 :0
2268 1489 2449 1562 πολλῷ
2492 1491 2700 1563 μεῖζον,
2728 1493 2822 1547 καὶ
2861 1493 3106 1565 ἀπείρως
3134 1496 3319 1567 μεῖζον
3348 1496 3445 1551 καλ⁵
3486 1497 3757 1569 0007x91-

2177 1592 2307 1645 τως,
2334 1578 2453 1644 πῶς
2473 1578 2717 1652 λογισμῷ
2736 1582 3245 1654 καταλαμϐάνεταις
3271 1584 3458 1639 Ταῦτα
3486 1587 3632 1638 ποιεῖ
3661 1584 3765 1657 τὴν

2179 1665 2543 1739 δικαιοσύνην.
2578 1667 2750 1722 Τοῦτο
2773 1668 2881 1741 γὰρ
2912 1669 2995 1723 δεῖ
3015 1670 3327 1738 πιστεῦσαι,
3358 1673 3441 1726 ὅτι
3482 1672 3714 1745 ἐδυνήθη
3739 1688 3755 1704 ·

2180 1752 2242 1807 :0
2285 1754 2343 1807 δέ
2391 1754 2510 1820 πῶς
2550 1755 2801 1829 ἐδυνήθη,
2828 1757 3012 1812 οὐκέτι
3064 1758 3180 1812 ἔστι
3227 1760 3621 1831 παραστῆσαι·
3652 1760 3765 1814 07:0

2181 1840 2290 1913 709
2324 1841 2564 1907 πίστεως
2596 1845 2629 1916 ἡ
2659 1844 2914 1899 κοινωνία
2955 1844 3064 1899 τῶν
3108 1845 3469 1917 παθημάτων,
3506 1846 3665 1915 Πῶς;
3693 1848 3759 1903 EE

2181 1930 2291 2002 709
2335 1932 2410 2003 μὴ
2444 1932 2825 2005 ἐπιστεύομεν,
2857 1933 2969 1988 οὐδ’
3000 1933 3068 1988 ἂν
3103 1934 3382 2005 ἐπάθομεν
3403 1952 3416 1965 ·
3449 1936 3498 1988 εί
3532 1935 3608 2009 μὴ
3634 1938 3759 1990 ἐπι-

2183 2017 2484 2090 στεύομεν,
2532 2019 2616 2074 0::
2671 2022 3139 2092 συνυπομένοντες
3211 2022 3762 2095 συμϐασιλεύσομεν,

2181 2105 2289 2159 οὐδ’
2322 2106 2390 2160 ἂν
2416 2106 2692 2179 ἐπάθομεν
2738 2109 2811 2163 τά
2860 2108 3337 2181 παθήματα.”Αρα
3372 2110 3555 2163 πίστει
3601 2110 3695 2164 καὶ
3724 2111 3765 2182 ἡ

2182 2196 2437 2268 γέννησις
2482 2196 2578 2251 καὶ
2626 2198 2660 2268 ἡ
2701 2197 2998 2263 ἀνάστασις
3057 2199 3559 2271 καταλαμϐάνεται.
3596 2200 3762 2271 Ὁρᾷς

2181 2285 2264 2338 0::
2295 2284 2396 2355 οὐχ
2421 2282 2610 2348 άπλῶς
2635 2284 2716 2338 δεῖ
2740 2286 2841 2358 τὴν
2868 2287 3052 2341 πίστιν
3077 2282 3239 2353 εἶναι,
3279 2287 3418 2343 ἀλλά
3448 2287 3519 2342 δι’
3546 2288 3762 2361 ἐργωνς

2182 2363 2354 2435 Οὗτος
2381 2372 2491 2443 γάρ
2524 2370 2757 2443 μάλιστα
2790 2374 3060 2438 πιστεύει,
3088 2376 3172 2429 ὄτι
3220 2375 3420 2445 ἀνέστη
3452 2376 3707 2448 Χριστὸς,
3733 2378 3764 2429 0

2182 2459 2507 2529 παραϐόλως
2537 2460 2729 2514 ἑαυτὸν
2773 2462 2887 2525 τοῖς
2918 2461 3187 2527 κινδύνοις
3222 2462 3484 2528 ἐκδιδοὺς,
3513 2465 3542 2517 0
3571 2480 3763 2516 κοινω-

2181 2544 2291 2599 νῶν
2319 2545 2468 2618 αὐτῷ
2508 2547 2566 2602 ἐν
2594 2550 2708 2611 τοῖς
2745 2548 3063 2621 παθήμασι·
3092 2550 3169 2621 τῷ
3201 2550 3309 2621 γάρ
3338 2550 3631 2605 ἀναστάντι
3658 2567 3765 2604 κοι-

2183 2636 2359 2701 νωνεῖ,
2392 2633 2471 2707 τῷ
2502 2634 2685 2699 ζῶντι.
2719 2635 2819 2691 Διά
2849 2638 3009 2691 τοῦτο
3040 2637 3224 2707 ἐλεγεο
3272 2638 3381 2693 Καὶ
3432 2637 3653 2708 εὑρεθῶ
3693 2640 3764 2692 ἐν

2181 2720 2342 2787 αὐτῷ
2360 2724 2447 2791 μὴ
2473 2722 2633 2792 ἔχων
2662 2722 2819 2793 ἐμὴν
2855 2724 3253 2795 δικαιοσύνην
3290 2726 3406 2795 τὴν
3436 2728 3504 2782 ἐκ
3530 2727 3638 2782 τοῦ
3666 2728 3767 2781 νό-

2178 2827 2321 2881 μου,
2341 2810 2501 2865 ἀλλὰ
2524 2810 2638 2879 τὴν
2664 2811 2762 2865 διὰ
2793 2813 3054 2880 πίστεως
3081 2815 3359 2882 Χριστοῦ,
3386 2814 3503 2883 τὴν
3523 2816 3591 2869 ἐκ
3616 2813 3766 2869 Θεοῦ

2182 2897 2582 2967 δικαιοσύνην
2615 2899 2717 2953 ἐπὶ
2765 2900 2840 2969 τῇ
2886 2902 3110 2969 πίστει,
3158 2902 3264 2957 τοῦ
3307 2902 3531 2973 γνῶναι
3579 2906 3766 2960 αὐτὸν

2182 2986 2281 3041 καὶ
2303 2986 2419 3056 τὴν
2445 2987 2704 3057 δύναμιν
2731 2986 2843 3057 τῆς
2870 2988 3267 3055 ἀναστάσεως
3290 2991 3499 3059 αὐτοῦ,
3524 2991 3623 3045 καὶ
3653 2994 3769 3059 τὴν

2182 3080 2504 3134 κοινωνίαν
2533 3080 2653 3134 τῶν
2675 3080 3039 3150 παθημάτων
3076 3082 3286 3149 αὑτοῦ,
3311 3080 3768 3154 συμμορφούμε-

2182 3186 2288 3233 νος
2314 3167 2395 3234 τῷ
2426 3169 2657 3234 θανάτῳ
2677 3171 2885 3235 αὐτοῦ,
2910 3172 2967 3225 εί
2989 3184 3116 3239 πως
3147 3173 3503 3239 καταντήσω
3531 3175 3619 3239 είς
3651 3172 3770 3241 τὴν

2181 3255 2595 3320 ἐξανάστασιν
2636 3256 2757 3311 τῶν
2797 3257 3047 3327 νεκρῶν.
3085 3288 3158 3299 -
3190 3260 3768 3329 Συμμορφούμενος,

2186 3346 2342 3415 φησὶ,
2356 3344 2435 3410 τῷ
2446 3346 2679 3411 θανάτῳ
2692 3347 2899 3402 αὐτοῦ’
2914 3347 3179 3413 τουτέστι,
3193 3348 3486 3403 κοινωνῶν.
3501 3348 3769 3419 Καθάπερ

2185 3432 2293 3502 γὰρ
2322 3434 2528 3496 ἐκεῖνος
2553 3434 2658 3487 ὑπὸ
2685 3436 2795 3489 τῶν
2823 3434 3126 3506 ἀνθρώπων
3156 3436 3378 3500 ἔπαθεν,
3402 3436 3546 3489 οὕτω
3575 3435 3730 3504 κάγώ
3748 3451 3764 3466 ’

2183 3523 2271 3576 0:0
2300 3522 2459 3576 τοῦτο
2481 3518 2624 3588 εἷπε,
2649 3525 3226 3595 Συμμορφούμενος·
3259 3527 3353 3579 καὶ
3384 3524 3622 3596 ἀλλαχοῦ
3659 3524 3767 3578 πά-

2186 3609 2268 3664 λιν
2284 3627 2297 3642 ·
2344 3612 2811 3681 Ἀνταναπληρῶ
2842 3612 2915 3667 τὰ
2942 3612 3327 3682 ὑστερήματα
3356 3612 3476 3667 τῶν
3503 3614 3772 3683 θλίψεων

2184 3703 2292 3758 τοῦ
2308 3704 2566 3773 Χριστοῦ
2592 3704 2663 3759 ἐν
2680 3704 2756 3775 τῇ
2777 3706 2961 3774 σαρκί
2983 3707 3443 3776 μου.Τουτέστιν,
3469 3707 3519 3760 οί
3540 3707 3771 3778 διωγμοὶ

2186 3796 2281 3850 καὶ
2312 3796 2381 3851 :0
2428 3798 2735 3870 παθήματα,
2772 3797 2967 3865 ταῦτα,
2995 3797 3095 3871 τὴν
3116 3800 3308 3853 εἰκόνα
3343 3800 3770 3871 δημιουργοῦσιν

2186 3891 2403 3962 ἐκείνην
2430 3891 2524 3945 τοῦ
2556 3891 2808 3947 θανάτου.
2842 3893 2919 3946 Οὐ
2945 3891 3055 3965 709
3086 3893 3147 3946 :0
3177 3892 3371 3946 ἐαυτοῦ
3404 3893 3605 3963 ἐζήτει,
3633 3893 3770 3951 0110

2186 3984 2248 4037 :0
2289 3983 2400 4039 τῶν
2446 3984 2847 4039 πολλῶν.”Ωστε
2877 3985 2973 4038 καὶ
3000 3985 3052 4037 οἱ
3079 3984 3310 4055 διωγμοὶ
3335 3985 3429 4038 καὶ
3469 3986 3527 4037 αί
3561 3985 3772 4055 θλίψεις

2189 4077 2283 4131 καὶ
2316 4079 2373 4131 αδ
2400 4079 2755 4149 στενοχωρίαι
2779 4078 2839 4131 ού
2874 4078 3035 4147 μόνον
3064 4078 3209 4149 ὑμᾶς
3244 4079 3345 4132 οὐκ
3371 4077 3647 4147 ὀφείλουσι
3679 4078 3771 4131 00-

2194 4168 2398 4240 ρυϐεῖν,
2430 4168 2567 4223 ἀλλὰ
2590 4170 2683 4223 καὶ
2706 4169 3034 4241 εὐφραίνειν,
3066 4170 3149 4223 ὅτι
3177 4168 3267 4224 0:0
3287 4168 3493 4222 τούτων
3525 4185 3773 4241 συμμορ-

2191 4260 2439 4332 φούμεθα
2466 4259 2545 4331 τῷ
2571 4260 2785 4332 θανάτῳ
2812 4260 2977 4315 αὐτοῦ
2998 4276 3012 4293 ·
3038 4261 3115 4324 ὡς
3138 4262 3204 4317 ἀν
3224 4262 3274 4315 εί
3299 4261 3505 4328 ἔλεγεν,
3534 4260 3772 4326 Ἐξεικο-

2190 4351 2451 4423 νιζόμεθα
2469 4368 2483 4383 ⁸
2515 4352 2544 4405 ὃ
2572 4352 2665 4406 καὶ
2698 4351 2930 4424 ἀλλαχοῦ
2956 4351 3105 4422 λέγει
3131 4352 3383 4423 γράφων.
3405 4351 3529 4420 Τὴν
3546 4351 3771 4420 νέκρω-

2189 4459 2294 4497 σιν
2322 4442 2432 4498 τοῦ
2459 4443 2681 4512 Κυρίου
2718 4443 2914 4514 Ἰησοῦ
2942 4444 3012 4498 ἐν
3046 4442 3128 4509 τῷ
3155 4442 3383 4514 σώματι
3413 4443 3767 4512 περιφέρον-

2189 4551 2311 4600 τες.
2341 4535 2448 4588 Καὶ
2495 4534 2654 4589 τοῦτο
2697 4536 2754 4590 δὲ
2798 4535 2907 4590 ἀπὸ
2948 4536 3185 4599 πίστεως
3211 4535 3411 4608 πολλῆς
3437 4536 3662 4604 γίνεται.
3689 4535 3776 4589 00

2191 4627 2338 4698 709,
2392 4628 2474 4681 0::
2524 4628 2721 4700 ἀνέστη
2776 4629 2959 4699 μόνον,
3007 4628 3359 4699 πιστεύομεν,
3404 4626 3518 4680 ἀλλ’
3544 4628 3627 4681 0::
3674 4627 3773 4680 καὶ

2194 4720 2331 4790 μετὰ
2355 4720 2651 4774 ἀνάστασιν
2676 4719 2876 4791 πολλὴν
2901 4719 3016 4790 ἔχει
3039 4719 3140 4790 τὴν
3172 4719 3348 4789 ἰσχύν.
3368 4720 3467 4773 Διὰ
3489 4718 3648 4773 τοῦτο
3670 4717 3775 4787 τὴν

2190 4812 2357 4883 αὐτὴν
2385 4812 2502 4865 ὁδὸν
2527 4812 2802 4883 όδεύομεν,
2840 4813 3017 4883 ἥνπερ
3045 4812 3268 4878 ὥδευσε,
3293 4813 3587 4876 τουτέστιν,
3620 4808 3779 4865 ἀδελ-

2192 4904 2279 4968 φοὶ
2311 4903 2573 4973 γινόμεθα
2596 4903 2744 4974 αὐτῷ
2771 4902 2865 4957 καὶ
2894 4905 3034 4958 κατά
3058 4903 3218 4957 τοῦτο
3236 4920 3249 4933 ·
3284 4903 3360 4966 ὡς
3402 4904 3468 4958 ἂν
3498 4904 3548 4957 εί
3577 4902 3729 4973 ἔλεγε
3754 4919 3776 4935 ο

2192 4996 2416 5064 Χριστοὶ
2437 4996 2697 5066 γινόμεθα
2725 4994 2868 5049 κατὰ
2894 4995 3073 5049 τοῦτο.
3103 4994 3298 5059 Βαϐαῖ,
3331 4995 3496 5047 πόσον
3521 4994 3630 5047 τῶν
3659 5012 3783 5047 πα·-

2194 5089 2302 5142 θῶν
2330 5090 2390 5146 :0
2418 5090 2664 5161 ἀξίωμαῐ
2700 5090 3029 5160 πιστεύομεν
3060 5091 3142 5144 0::
3178 5089 3649 5162 συμμορφούμεθα
3692 5089 3791 5161 τῷ

2193 5179 2407 5251 θανάτῳ
2438 5181 2601 5235 αὐτοῦ
2624 5182 2713 5235 διὰ
2739 5181 2849 5236 τῶν
2877 5183 3460 5254 παθημάτων.’Ὢσπερ
3487 5181 3595 5252 709
3618 5183 3674 5234 ἐν
3694 5181 3795 5252 τῷ

2196 5272 2527 5343 βαπτίσματι
2554 5274 2980 5343 Συνετάφημεν
3007 5274 3089 5342 τῷ
3116 5274 3431 5345 ὁμοιώματι
3466 5275 3570 5328 τοῦ
3595 5273 3800 5328 θανά-

2193 5383 2302 5421 του
2342 5368 2549 5432 αὐτοῦ,
2578 5368 2751 5431 οὕτως
2800 5368 3036 5423 ἐνταῦθα
3065 5369 3144 5440 τῷ
3171 5368 3385 5439 θανάτῳ
3416 5367 3799 5439 συμμορφού-

2198 5458 2335 5531 μεθα
2363 5460 2712 5514 αύτοῦ.Ἐκεῖ
2754 5461 2979 5523 εἰκότως
3021 5456 3165 5525 εἷπε,
3200 5457 3291 5526 Τῷ
3321 5458 3637 5529 ὁμοιώματι
3663 5458 3805 5514 τοῦ

2194 5551 2455 5607 θανάτου
2503 5552 2723 5607 αὐτοῦ’
2760 5553 2822 5606 οὐ
2859 5552 2969 5623 γὰρ
3000 5552 3121 5606 ὅλον
3157 5552 3251 5605 τὸν
3298 5552 3524 5606 θάνατον
3566 5549 3810 5605 άπεθὰ-

2194 5659 2358 5712 νομεν
2382 5658 2396 5672 ⁸
2446 5644 2507 5696 οὐ
2555 5642 2663 5715 709
2702 5643 2914 5713 σώματι
2943 5646 3001 5698 ἐν
3050 5644 3217 5716 σαρκὶ
3248 5643 3616 5713 ἀπεθάνομεν,
3644 5642 3771 5699 ἀλλ
3790 5647 3816 5671 ‘

2193 5734 2459 5806 ἁμαρτίᾳ.
2479 5736 2632 5789 Ἐπεὶ
2653 5730 2745 5789 οῦν
2765 5735 2992 5800 θάνατος
3015 5737 3108 5791 καὶ
3137 5736 3363 5800 θάνατος
3390 5737 3626 5805 λέγεται,
3645 5736 3775 5791 ἀλλ
3795 5741 3821 5765 "

2195 5826 2400 5891 ἐκεῖνος
2440 5828 2539 5899 μὲν
2568 5827 2803 5884 ἀπέθανε
2835 5828 3074 5901 σώματι,
3109 5830 3271 5902 ἡμεῖς
3299 5829 3355 5883 δέ
3386 5828 3654 5900 ἁμαρτίᾳ,
3678 5834 3821 5890 καὶ
