4108 6410
328 325 435 387 265

329 444 466 513 quit,
491 441 535 496 si
555 439 895 494 attendamus
918 452 932 489 :
960 433 1102 504 quod
1124 433 1168 486 si
1191 432 1411 487 minime
1426 428 1785 492 attendamus,
1806 430 1913 481 non

330 534 477 589 sinit.
516 531 869 586 Verumtamen
891 536 937 582 et
956 526 1188 583 existimo
1213 525 1384 579 omnia
1408 524 1759 578 detrimentum
1784 537 1908 574 esse.

332 626 468 694 Quid
510 624 651 691 hoc,
694 623 901 692 inquit,
942 620 1011 676 de
1038 619 1155 689 lege
1191 602 1356 671 dice?
1394 631 1570 670 nonne
1609 615 1803 668 bonum
1832 623 1915 666 est

331 719 559 773 mundus
586 718 609 771 ’ἒ
637 715 1041 772 nonne-bonum
1073 720 1155 766 est
1184 724 1419 781 praesens
1450 709 1555 761 vita
1582 707 1606 759 ?
1630 705 1913 760 Verumta-

332 827 451 866 men
481 810 527 866 si
555 809 826 863 abducant
852 823 883 862 a
914 806 1147 864 Christo,
1176 818 1275 874 pro
1304 802 1500 856 damno
1544 799 1737 854 habeo.
1768 798 1914 852 Cur?

334 903 553 973 Propter
581 902 881 955 eminentem
904 898 1163 952 scientiam
1189 894 1315 948 Jesu
1344 893 1531 949 Christi
1559 891 1766 945 Domini
1794 890 1909 943 mei.

331 995 429 1051 Ubi
466 994 609 1049 enim
650 994 729 1047 sol
770 992 976 1054 illuxit,
1007 990 1200 1063 lychno
1229 988 1491 1043 inhrerere
1517 985 1768 1041 damnum
1808 992 1908 1039 est.

332 1088 510 1158 Itaque
530 1102 595 1141 ex
616 1085 904 1140 collatione
931 1083 1183 1136 damnum
1215 1080 1292 1142 ﬁt,
1318 1079 1570 1132 nimirum
1596 1076 1667 1131 ob
1691 1075 1911 1130 alterius

331 1177 714 1248 prmstantiam.
748 1175 913 1231 Vides
957 1173 1180 1228 Paulum
1220 1170 1679 1240 comparationem
1712 1166 1907 1241 facere.

336 1272 553 1339 Propter
578 1269 895 1331 eminentem,
922 1264 1113 1335 inquit,
1140 1278 1247 1318 non
1265 1261 1407 1333 quod
1426 1261 1653 1315 alterum
1680 1258 1911 1313 alienum

328 1363 399 1417 sit
428 1379 440 1414 :
465 1376 588 1415 nam
619 1357 759 1429 quod
790 1357 991 1412 eminet
1014 1366 1068 1410 et
1093 1354 1330 1417 excellit,
1364 1353 1416 1408 in
1445 1367 1505 1407 re
1525 1366 1644 1422 quae
1671 1348 1911 1420 ejusdem

327 1454 398 1507 sit
429 1451 642 1521 generis
677 1448 911 1504 excellit.
948 1444 1098 1503 Unde
1130 1446 1290 1515 igitur
1335 1458 1430 1513 per
1457 1442 1912 1510 comparationem

332 1543 694 1615 praestantiam
739 1539 962 1595 alterius
993 1537 1292 1600 constituit,
1334 1535 1459 1591 inde
1498 1533 1717 1589 alterius
1751 1532 1911 1587 etiam

329 1637 699 1706 Cogitationetn
721 1642 775 1685 et
796 1630 1195 1684 similitudinem
1217 1627 1535 1699 cognitionis
1558 1626 1910 1681 demonstrat.

333 1728 550 1795 PrOpter
575 1742 719 1795 quem
746 1725 916 1777 omnia
940 1722 1296 1776 detrimentum
1317 1720 1431 1790 feci,
1461 1729 1508 1773 et
1533 1719 1752 1771 arbitror
1776 1718 1915 1787 quis-

328 1822 512 1892 quilias
541 1836 665 1885 esse,
701 1828 753 1871 ut
777 1816 1031 1871 Christum
1052 1814 1393 1885 lucrifaciam.
1422 1811 1669 1867 Nondum
1696 1810 1911 1878 quidem

331 1912 671 1967 manifestum
704 1917 787 1963 est
824 1906 1234 1978 quisquiliarum
1275 1920 1472 1960 nomen
1504 1904 1571 1959 de
1606 1903 1724 1974 lege
1758 1902 1863 1958 dici
1894 1920 1908 1956 :

330 2004 626 2060 verisimile
652 2003 795 2057 enim
827 2010 911 2055 est
938 1998 1160 2070 Paulum
1191 1997 1259 2052 de
1299 1995 1587 2051 mundanis
1632 1995 1794 2051 rebus
1826 1995 1912 2050 di-

328 2112 475 2153 cere.
504 2094 635 2149 Nam
662 2109 781 2147 cum
806 2091 1048 2153 dixisset,
1079 2089 1206 2155 Quae
1226 2088 1350 2142 mihi
1378 2092 1586 2159 fuerunt
1614 2087 1779 2154 lucra,
1808 2086 1915 2140 hcce

328 2188 605 2243 arbitratus
634 2201 747 2238 sum
782 2193 989 2255 prapter
1016 2179 1274 2235 Christum
1303 2178 1695 2245 detrimentum,
1724 2177 1911 2244 addit,

342 2279 694 2333 Verumtamen
718 2286 765 2330 et
792 2274 1023 2329 existimo
1050 2273 1220 2327 omnia
1244 2271 1598 2326 detrimentum
1626 2286 1753 2325 esse.
1776 2269 1911 2323 Dum

328 2369 485 2435 dicit,
535 2368 741 2434 Omnia,
796 2367 1058 2438 signiﬁcat
1095 2373 1151 2419 et
1197 2364 1464 2433 praatcrita
1513 2370 1566 2417 et
1604 2362 1910 2433 prasentia.

330 2463 485 2530 Quod
510 2462 555 2517 si
580 2461 710 2516 velis
726 2462 896 2531 legem
923 2457 1232 2529 signiﬁcari,
1252 2471 1424 2527 neque
1449 2454 1569 2511 ideo
1590 2462 1765 2510 tamen
1786 2469 1916 2510 con-

332 2554 550 2610 tumelia
576 2552 827 2608 afﬁcitur.
857 2549 1173 2619 Quisquiliue
1205 2547 1350 2604 enim
1376 2559 1442 2602 ex
1473 2545 1742 2602 frumento
1771 2546 1915 2601 exsi-

330 2658 499 2714 stunt,
535 2656 592 2701 et
629 2647 773 2716 quod
816 2644 866 2696 iu
915 2643 1181 2697 frumento
1223 2639 1375 2710 quasi
1419 2638 1691 2694 robustius
1734 2646 1836 2703 est,
1860 2636 1913 2692 id

328 2748 415 2796 est
458 2736 774 2810 quisquilia,
820 2734 1025 2805 paleam
1067 2733 1210 2788 dico.
1238 2731 1420 2802 Itaque
1464 2739 1750 2800 antequam
1798 2728 1911 2784 I'ru-

332 2840 571 2887 mentum
599 2828 923 2890 exsisteret,
964 2826 1110 2881 utilis
1139 2832 1256 2879 erat
1296 2823 1386 2878 illa
1412 2822 1686 2893 palearum
1717 2835 1873 2892 seges
1894 2862 1910 2886 ,

330 2933 387 2978 et
413 2937 515 2977 una
550 2936 671 2975 cum
703 2918 970 2972 frumento
1001 2918 1167 2985 ipsam
1196 2915 1501 2986 colligimus
1528 2932 1543 2969 :
1570 2912 1713 2985 quod
1751 2912 1796 2967 si
1826 2912 1914 2967 illa

334 3029 440 3068 non
468 3012 673 3077 fuisset,
706 3024 880 3080 neque
909 3008 1011 3064 hoc
1047 3017 1293 3062 exortum
1319 3014 1483 3063 esset.
1507 3006 1581 3061 Ita
1608 3015 1663 3060 et
1689 3006 1742 3061 in
1773 3006 1910 3077 lege.

402 3103 460 3158 2.
500 3102 663 3158 Vides
705 3102 900 3172 ubitpte
942 3100 1048 3154 no‘u
1083 3115 1195 3155 rem
1227 3100 1398 3171 ipsam
1427 3099 1606 3154 vocari
1634 3098 1912 3166 damnum,

331 3195 426 3252 sed
457 3203 675 3265 propter
700 3191 1012 3249 Christum?
1045 3190 1400 3246 Verumtamen
1421 3200 1468 3245 et
1495 3191 1665 3245 omnia
1686 3191 1915 3245 existimo

331 3290 685 3343 detrimentum
714 3302 838 3340 esse.
867 3285 1036 3353 Quam
1086 3284 1157 3339 ob
1198 3298 1413 3340 causam
1444 3283 1469 3337 ?
1496 3283 1701 3339 Rursus
1724 3324 1739 3349 ,
1773 3282 1912 3337 Pro-

334 3392 442 3453 pter
477 3381 775 3437 eminentem
814 3377 1092 3440 scientiam,
1138 3385 1344 3445 propter
1380 3391 1525 3444 quem
1561 3374 1730 3428 omnia
1757 3373 1916 3428 detri-

333 3484 556 3528 mentum
585 3473 701 3542 [αἱ.
748 3470 949 3526 Deinde
978 3468 1239 3538 adjungit,
1280 3466 1465 3521 Omnia
1494 3466 1729 3521 existimo
1755 3465 1915 3520 detri-

333 3576 552 3621 mentum
583 3581 717 3631 esse,
762 3573 818 3616 ut
858 3562 1112 3618 Christum
1155 3560 1494 3632 lucrifaciam.
1525 3559 1687 3614 Vides
1716 3559 1912 3629 ubique

332 3659 685 3714 inhaerentem
738 3658 1072 3710 ﬁrmamento
1106 3652 1346 3708 Christi?
1373 3666 1473 3708 nec
1516 3666 1737 3723 usquam
1785 3650 1920 3720 pati-

334 3764 421 3807 tur
463 3750 653 3805 nudari
703 3749 877 3820 legem
909 3763 972 3802 ac
1011 3747 1222 3817 plagam
1251 3746 1515 3816 accipere,
1555 3743 1650 3799 sed
1686 3743 1921 3813 undique

334 3846 503 3915 ipsam
534 3842 748 3897 munit?
774 3839 841 3894 Et
883 3839 1113 3895 inveniar
1149 3838 1203 3892 in
1248 3838 1370 3902 illo,
1399 3853 1500 3890 non
1540 3834 1727 3889 habens
1758 3851 1920 3889 meam

329 3935 583 4009 justitiam
619 3949 736 4003 qua:
760 3948 823 3986 ea:
862 3934 971 4001 lege
998 3940 1087 3985 est.
1133 3928 1191 3984 Si
1222 3929 1288 3993 is,
1328 3927 1418 3996 qui
1444 3926 1705 3997 justitiam
1754 3926 1920 3981 habe-

335 4027 448 4092 bat,
476 4024 619 4095 quod
659 4040 722 4080 ea
767 4038 877 4093 pra:
923 4022 1022 4076 hac
1045 4021 1248 4092 justitia
1292 4018 1427 4074 nlhil
1470 4027 1635 4086 esset,
1675 4018 1742 4073 ad
1785 4018 1922 4074 hanc

337 4115 617 4182 accurrit;
662 4116 753 4185 qui
794 4114 992 4169 nullam
1040 4113 1273 4179 habent,
1316 4110 1586 4181 quomodo
1616 4125 1722 4165 non
1751 4110 1921 4164 multo

344 4213 517 4281 magis
542 4223 824 4263 accurrere
846 4206 1115 4260 debebunt
1140 4205 1164 4259 ?
1194 4205 1258 4259 Et
1296 4213 1442 4260 recte
1470 4202 1628 4269 dixit,
1660 4200 1782 4256 Non
1824 4201 1921 4255 ha-

336 4303 458 4356 bens
487 4316 649 4354 meam
669 4300 969 4370 justitiam;
1011 4298 1061 4352 id
1103 4307 1187 4353 est
1226 4312 1334 4350 non
1374 4295 1521 4351 illam
1546 4336 1562 4362 ,
1602 4309 1760 4365 quam
1790 4293 1922 4349 mihi

339 4392 475 4447 meis
499 4390 769 4445 laboribus
790 4404 854 4443 ac
870 4388 1155 4443 sudoribus
1171 4401 1629 4457 comparaveram,
1647 4385 1739 4440 sed
1761 4400 1921 4456 quam

340 4499 406 4539 ex
450 4482 620 4553 gratia
665 4480 865 4548 iuveni.
905 4480 962 4534 Si
994 4480 1154 4550 igitur
1195 4478 1324 4545 ille,
1368 4479 1459 4549 qui
1502 4478 1716 4532 virtutis
1745 4477 1921 4532 ofﬁcia

342 4576 606 4641 obiverat,
629 4590 694 4629 ex
722 4574 891 4644 gratia
918 4573 1144 4627 salutem
1173 4582 1257 4627 est
1287 4571 1533 4642 adeptus,
1559 4571 1728 4625 multo
1756 4571 1925 4641 magis

341 4683 459 4722 vos.
491 4666 753 4735 Quoniam
781 4665 923 4721 enim
956 4663 1245 4719 verisimile
1282 4670 1399 4717 erat
1427 4662 1549 4717 illos
1574 4662 1774 4725 dicere,
1806 4676 1922 4716 ma-

339 4759 515 4831 jorem
542 4773 663 4814 esse
683 4757 942 4826 justitiam
963 4771 1083 4826 qua:
1113 4770 1180 4810 ex
1210 4753 1501 4819 laboribus,
1526 4753 1762 4808 ostendit
1786 4752 1925 4808 hanc

345 4865 458 4922 prae
485 4849 575 4904 illa
603 4850 810 4918 paleam
831 4863 952 4904 esse
978 4865 991 4899 :
1023 4846 1224 4915 alioqui
1252 4846 1393 4900 enim
1419 4859 1526 4899 non
1547 4884 1564 4910 ,
1593 4859 1715 4899 cum
1745 4844 1813 4898 ad
1844 4844 1926 4914 ip-

344 4958 457 4999 sam
490 4942 855 5013 pervenissem
876 4980 891 5003 ,
931 4953 994 4994 ea
1025 4937 1264 5009 projecta
1305 4936 1370 4991 ad
1411 4935 1548 4990 hanc
1577 4935 1798 4990 alteram
1836 4950 1927 4990 ac-

343 5035 655 5089 currissem.
688 5030 944 5099 Quzeuam
966 5043 1095 5084 vero
1115 5028 1233 5083 haec
1260 5038 1343 5083 est
1370 5028 1394 5079 ?
1422 5027 1550 5095 Qua:
1571 5043 1633 5081 ea:
1662 5026 1764 5094 ﬁde
1790 5025 1926 5091 Dei;

345 5127 398 5181 id
426 5135 509 5181 est
527 5166 542 5188 ,
582 5127 701 5180 haec
730 5125 842 5195 ipsa
871 5124 1032 5179 etiam
1059 5137 1089 5177 a
1134 5121 1246 5177 Deo
1275 5120 1396 5176 data
1419 5130 1540 5176 est:
1571 5120 1670 5175 Dei
1700 5127 1783 5174 est
1811 5118 1927 5174 hiPC

344 5220 456 5287 ipsa
477 5217 682 5287 justitia
706 5231 723 5279 ;
743 5218 941 5269 donum
964 5213 1175 5284 penitus
1206 5212 1298 5266 Dei
1325 5220 1407 5266 est
1431 5230 1442 5264 :
1474 5212 1566 5265 Dei
1589 5221 1765 5266 autem
1786 5209 1925 5265 dona

353 5313 514 5382 longo
540 5308 823 5364 intervallo
851 5305 1177 5362 antecedunt
1202 5303 1481 5359 utilitatem
1509 5302 1770 5357 bonorum
1797 5316 1929 5373 ope-

347 5418 487 5467 rum,
510 5416 630 5472 quae
655 5416 720 5455 ex
746 5408 929 5455 nostro
956 5396 1132 5453 studio
1157 5394 1394 5467 profecta
1423 5404 1567 5450 sttnt.
1590 5393 1728 5461 Quid
1748 5402 1924 5450 autem

345 5504 432 5551 cst
476 5494 613 5550 ﬁdes
638 5496 663 5547 '!
690 5492 758 5547 In
805 5493 938 5562 ﬁde,
964 5491 1170 5562 inquit,
1201 5491 1271 5543 ad
1309 5489 1707 5560 cognoscendum
1732 5488 1877 5543 illum
1902 5489 1929 5542 .’

351 5587 487 5657 Etgo
517 5600 614 5657 per
650 5585 808 5639 ﬁdem
844 5583 1076 5654 cognitio
1104 5599 1120 5648 ;
1149 5597 1250 5638 nec
1274 5582 1389 5637 sine
1415 5581 1519 5637 ﬁde
1547 5581 1696 5636 illum
1724 5595 1929 5650 cogno-

344 5692 497 5733 scere
513 5676 591 5732 Ias
615 5685 717 5733 est.
734 5674 1052 5744 Quomodo?
1076 5674 1178 5730 Per
1205 5674 1373 5745 ipsam
1399 5673 1542 5728 enim
1562 5670 1929 5743 cognoscenda

349 5781 431 5828 cst
460 5770 628 5827 virtus
669 5768 1078 5826 resurrectionis
1111 5766 1245 5837 ejus.
1282 5767 1495 5823 Etenim
1524 5781 1644 5837 qua:
1675 5780 1924 5836 umquam

1207 318 1273 376 IN
1312 316 1532 376 EPIST.
1574 317 1670 374 AD
1709 315 1997 373 PIIIUPP.
2038 314 2190 370 CAI’.
2236 313 2320 369 IlI.
2366 313 2594 370 IIUMIL.
2637 313 2728 368 XI.

2024 425 2356 481 ratiocinatio
2369 426 2812 480 resurrectionem
2832 425 2985 480 nobis
3001 425 3467 482 demonstrabitm
3473 427 3603 495 ulla,
3692 470 3695 471 ν

3497 313 3603 371 286

2022 515 2114 568 sed
2142 517 2255 569 sola
2289 515 2440 569 ﬁdes.
2460 515 2614 581 Quod
2640 515 2684 570 si
2712 514 2913 570 Christi
2940 517 3234 571 secundum
3262 533 3479 573 carnem
3514 535 3602 575 re-

2021 606 2283 660 surrectio
2327 606 2429 661 ﬁde
2474 607 2834 676 cognoscitur,
2883 607 3153 677 quomodo
3192 610 3467 678 generatio
3513 611 3605 666 Dei

2025 697 2185 753 Verbi
2233 698 2721 769 comprehendetur
2772 701 3321 757 ratiocinationibus?
3374 718 3601 772 genera-

2021 788 2168 843 tione
2200 789 2353 843 ‘enim
2398 790 2573 845 minor
2610 799 2693 846 est
2742 793 3087 846 resurrectio.
3139 790 3297 846 Cur?
3340 792 3601 858 Quoniam

2022 878 2163 932 illius
2189 879 2405 950 quidem
2438 882 2603 936 multa
2631 882 2873 952 exempla
2901 883 3225 938 exstiterunt
3248 925 3262 947 ,
3295 886 3602 953 generatim

2018 972 2101 1026 nis
2128 973 2332 1027 nullum
2366 992 2379 1029 :
2413 974 2607 1029 mortui
2645 974 2788 1030 enim
2829 974 2977 1029 multi
3020 986 3435 1031 resurrexerunt
3478 985 3604 1032 ante

2016 1064 2312 1133 Christum,
2337 1068 2582 1137 quamvis
2620 1077 2741 1138 post
2780 1069 3232 1125 resurrectionem
3264 1086 3450 1126 rursus
3486 1073 3605 1127 obis

2017 1158 2193 1213 vetint
2222 1175 2236 1223 ;
2266 1175 2425 1215 nemo
2452 1171 2629 1215 autem
2661 1176 2912 1231 umquam
2944 1161 3060 1227 fuit,
3088 1178 3245 1233 quem
3275 1163 3426 1234 virgo
3451 1180 3605 1234 pare-

2018 1260 2120 1303 ret.
2144 1250 2283 1321 Ergo
2310 1249 2355 1304 si
2387 1251 2521 1305 illud
2538 1252 2722 1317 etiam,
2752 1253 2893 1323 quod
2916 1262 3036 1308 ortu
3066 1254 3360 1309 secundum
3386 1270 3601 1310 carnem

2016 1342 2175 1397 vilius
2218 1350 2335 1407 est,
2370 1341 2472 1398 ﬁde
2511 1344 3073 1413 comprehendendum
3102 1354 3224 1410 est;
3264 1346 3407 1416 quod
3435 1347 3605 1400 multo

2025 1437 2197 1501 majus
2213 1444 2317 1500 est,
2337 1444 2389 1490 et
2408 1434 2614 1491 inﬁnite
2641 1438 2813 1505 majus
2833 1452 2895 1491 ac
2918 1451 2984 1492 ne
3006 1437 3369 1507 comparabile
3384 1439 3599 1508 quidem

2015 1535 2100 1580 est
2123 1566 2138 1590 ,
2183 1526 2284 1583 hoc
2312 1528 2584 1598 quomodo
2608 1530 3012 1586 ratiocinatione
3037 1532 3553 1601 compreltendemtts
3578 1534 3604 1588 τ

2020 1618 2143 1673 Ilrec
2191 1620 2389 1675 faciunt
2430 1621 2711 1691 justitiam.
2749 1622 2862 1678 Iloe
2900 1624 3045 1679 enim
3095 1635 3308 1694 oportet
3340 1627 3599 1692 credere,

2018 1711 2132 1765 ﬁeri
2165 1711 2401 1780 potuisse
2428 1730 2444 1779 ;
2476 1714 2747 1785 quomodo
2774 1730 2904 1771 vero
2934 1718 3192 1787 potuerit,
3220 1734 3328 1773 non
3350 1719 3460 1789 jam
3501 1736 3601 1789 po-

2018 1810 2121 1857 test
2149 1803 2397 1859 ostendi:
2429 1819 2500 1859 ex
2541 1804 2644 1861 ﬁde
2679 1806 2821 1861 enim
2855 1808 2913 1862 ﬁt
2952 1816 3012 1862 ut
3038 1823 3215 1863 rerum
3256 1811 3599 1865 molestarum

2015 1896 2161 1953 coire
2187 1898 2499 1955 societatem
2524 1899 2772 1956 velimus.
2804 1900 3123 1969 Quomodo?
3158 1903 3270 1959 Nisi
3312 1904 3456 1959 enim
3482 1920 3601 1960 cre-

2015 1986 2235 2054 damus,
2288 2005 2462 2061 neque
2512 1991 2672 2047 etiam
2724 1993 2863 2047 mala
2914 1995 3218 2064 patiemur;
3261 1996 3359 2051 nisi
3408 1996 3597 2052 creda-

2016 2094 2135 2134 mus
2173 2080 2286 2135 fore
2313 2090 2370 2135 ut
2400 2096 2501 2136 una
2525 2084 2811 2152 patientes,
2843 2085 3004 2140 simul
3033 2086 3194 2142 etiam
3226 2088 3595 2158 regnabimus,

2016 2171 2163 2226 nullo
2210 2182 2364 2241 pacto
2413 2174 2479 2228 ad
2533 2175 2807 2230 subeunda
2862 2178 3201 2234 incommoda
3245 2180 3594 2235 adducemur.

2016 2263 2154 2333 Ergo
2193 2263 2295 2345 ﬁde
2333 2276 2387 2320 et
2413 2267 2687 2335 generatio
2725 2277 2780 2322 et
2827 2271 3151 2325 resurrectio
3181 2272 3599 2341 comprehendi-

2016 2362 2122 2408 tur.
2148 2354 2312 2410 Vides
2340 2372 2445 2411 non
2473 2358 2667 2413 nudam
2697 2359 2895 2429 requiri
2924 2360 3079 2417 ﬁdem
3101 2404 3114 2426 ,
3144 2362 3239 2418 sed
3267 2379 3387 2418 cum
3416 2366 3596 2433 Operi-

2015 2445 2115 2501 hus
2146 2448 2531 2516 conjunctam?
2569 2451 2617 2504 Is
2653 2452 2795 2507 enim
2830 2453 3166 2521 potissimum
3212 2457 3385 2510 credit
3413 2472 3597 2511 resur-

2016 2538 2221 2593 rexisse
2248 2539 2520 2595 Christum
2540 2583 2555 2607 ,
2587 2545 2676 2613 qui
2708 2544 2961 2600 similiter
2986 2560 3045 2601 se
3071 2548 3326 2617 periculis
3353 2550 3594 2619 exponit,

2017 2629 2107 2698 qui
2162 2630 2211 2685 ei
2256 2646 2314 2685 se
2360 2632 2412 2687 in
2466 2634 2904 2704 perpessionibtts
2964 2639 3169 2693 socium
3224 2640 3429 2708 pra-bet
3476 2659 3488 2693 :
3542 2643 3599 2695 ﬁt

2014 2721 2156 2776 enim
2186 2724 2367 2778 socius
2391 2725 2439 2779 ei
2467 2727 2554 2796 qui
2584 2728 2912 2794 resurrexit,
2946 2728 2995 2783 ei
3018 2730 3106 2800 qui
3132 2730 3283 2785 vivit.
3310 2730 3596 2801 Propterea

2013 2816 2227 2871 dicebat
2244 2859 2260 2884 ,
2287 2817 2343 2874 9.
2373 2818 2439 2872 Et
2466 2820 2691 2874 inveniar
2709 2822 2763 2875 in
2790 2819 2901 2888 illo,
2927 2838 3030 2876 non
3055 2822 3242 2877 habens
3267 2840 3426 2877 meam
3439 2825 3600 2894 justi-

2015 2908 2138 2961 tiam
2163 2925 2276 2979 quw
2294 2927 2357 2964 ea:
2376 2911 2484 2982 lege
2503 2922 2594 2976 est,
2626 2913 2717 2967 sed
2744 2914 2889 2968 illam
2911 2930 3025 2984 qua:
3047 2931 3109 2969 ea:
3141 2916 3246 2985 ﬁde
3272 2927 3346 2971 est
3375 2917 3565 2971 Christi
3584 2958 3598 2979 ,

2014 3018 2127 3071 quae
2154 3019 2217 3056 ex
2244 3002 2349 3057 Deo
2380 3015 2471 3069 est,
2496 3005 2750 3075 justitiam
2770 3006 2823 3060 in
2845 3007 2966 3074 fide,
2999 3007 3087 3063 10.
3111 3008 3180 3063 ad
3199 3011 3601 3081 cognoscendum

2014 3094 2191 3159 illum,
2222 3105 2272 3149 et
2299 3097 2530 3151 virtutem
2556 3099 2964 3167 resurrectionis,
3002 3111 3051 3155 et
3085 3104 3374 3158 societatem
3401 3107 3601 3173 passio-

2015 3202 2135 3239 num
2164 3187 2323 3251 illius,
2353 3190 2701 3261 eonﬁgurutus
2720 3192 2870 3246 morti
2893 3194 3023 3264 ejus,
3050 3195 3136 3249 11.
3164 3196 3208 3251 si
3225 3213 3324 3266 quo
3346 3200 3496 3253 modo
3515 3217 3603 3255 oc-

2014 3294 2214 3333 curram
2230 3280 2297 3334 ad
2325 3284 2738 3338 resurrectionem
2761 3301 2875 3355 qua:
2901 3296 2975 3341 est
3001 3303 3067 3342 ea:
3090 3291 3320 3346 mortuis.
3355 3293 3601 3365 Con/igu-

2015 3381 2188 3438 ratus,
2231 3373 2432 3444 inquit,
2476 3377 2629 3430 morti
2668 3378 2812 3447 ejus;
2849 3377 2901 3433 id
2946 3388 3051 3444 est,
3069 3382 3353 3454 particeps.
3389 3386 3600 3443 Etenim

2016 3463 2467 3530 quemadmodum
2496 3466 2585 3522 ille
2607 3467 2675 3522 ab
2695 3467 3001 3524 hominibus
3027 3472 3164 3527 male
3193 3485 3444 3544 acceptus
3472 3489 3555 3533 est
3580 3516 3592 3538 ,

2018 3555 2090 3610 ita
2111 3567 2165 3612 et
2186 3572 2287 3628 ego
2309 3575 2323 3612 :
2348 3568 2629 3629 propterea
2649 3559 2806 3627 dixit,
2825 3559 3185 3634 Conﬁguratus
3197 3582 3217 3631 ;
3235 3578 3285 3621 et
3305 3584 3489 3626 rursus
3513 3574 3603 3625 ali-

2017 3645 2092 3711 bi,
2108 3644 2177 3699 Et
2198 3648 2451 3718 adimpleo
2466 3666 2526 3705 ea
2543 3666 2656 3721 quce
2671 3652 2848 3707 desunt
2865 3655 3155 3724 passionum
3176 3655 3363 3713 Christi
3378 3661 3432 3715 in
3452 3678 3603 3718 carne

2019 3755 2130 3793 mea
2160 3739 2379 3809 (Coloss.
2410 3743 2464 3798 I.
2492 3741 2608 3815 24).
2636 3743 2694 3799 Id
2722 3753 2826 3813 est,
2853 3748 3164 3803 vexationes
3190 3760 3239 3804 et
3271 3751 3603 3809 calamitates

2020 3829 2323 3900 hujusmodi
2347 3831 2576 3889 reddunt
2601 3834 2884 3907 imaginem
2907 3837 3192 3909 quamdam
3222 3841 3365 3899 illius
3390 3847 3600 3901 mortis.

2018 3920 2134 3977 Non
2156 3923 2299 3978 enim
2328 3924 2471 3997 quod
2491 3940 2647 3982 suum
2677 3936 2762 3983 est
2797 3931 3089 4001 quaerebat,
3111 3932 3207 3989 sed
3243 3936 3383 4005 quod
3419 3941 3609 3999 multis.

2022 4014 2324 4084 prodesset.
2355 4016 2712 4084 Quamobrem
2746 4029 2801 4075 et
2836 4022 3146 4084 vexationes
3175 4035 3229 4079 et
3268 4027 3604 4086 incommoda

2020 4113 2077 4160 et
2095 4106 2353 4177 angustiae
2380 4116 2583 4164 tantum
2611 4110 2764 4166 abest
2792 4119 2851 4167 ut
2876 4128 2972 4167 nos
3003 4118 3317 4184 perturbare
3342 4119 3603 4188 debeant,

2022 4206 2081 4252 ut
2102 4198 2278 4267 potius
2298 4198 2423 4255 inde
2449 4201 2738 4257 laetandum
2759 4204 2849 4271 sit,
2884 4206 3025 4275 quod
3049 4222 3145 4277 per
3166 4208 3279 4264 hinc
3300 4213 3608 4271 conformes

2021 4288 2295 4345 reddimur
2319 4290 2478 4346 morti
2501 4291 2619 4363 ejus
2647 4312 2659 4346 :
2692 4294 2914 4364 perinde
2939 4311 3000 4352 ac
3022 4298 3070 4352 si
3095 4296 3320 4367 diceret,
3352 4302 3432 4356 Ad
3463 4303 3608 4360 illius

2022 4381 2426 4438 similitudinem
2474 4384 2766 4454 ﬁngimur:
2812 4386 2957 4456 quod
3006 4396 3063 4443 et
3105 4389 3233 4444 alibi
3279 4392 3486 4463 inquit,
3535 4397 3609 4452 ita

2025 4475 2288 4541 scribens,
2316 4474 2766 4545 Mortiﬁcationem
2791 4476 3003 4533 Domini
3028 4478 3154 4535 Jesu
3187 4482 3240 4535 in
3265 4498 3479 4555 corpore
3504 4488 3607 4541 cir-

2023 4571 2355 4639 cumferenles
2398 4568 2486 4638 (2.
2517 4566 2637 4623 Cor.
2670 4570 2726 4624 4.
2759 4569 2872 4638 10).
2904 4571 2959 4625 Id
2995 4587 3123 4627 vero
3168 4589 3234 4630 ex
3275 4592 3467 4649 magna
3506 4582 3611 4638 ﬁde

2025 4660 2102 4714 ﬁt.
2129 4657 2244 4714 Non
2267 4659 2409 4717 enim
2432 4660 2606 4715 solum
2628 4662 2989 4718 resurrexisse
3012 4664 3303 4733 credimus,
3326 4670 3422 4726 sed
3448 4673 3609 4730 etiam

2024 4760 2147 4822 post
2172 4751 2621 4807 resurrectionem
2649 4751 2847 4809 habere
2871 4770 3116 4827 magnam
3145 4762 3455 4827 potentiam.
3479 4764 3610 4822 Pro-

2027 4852 2207 4913 pterea
2234 4842 2421 4898 eadem
2451 4843 2531 4897 via
2562 4842 2665 4899 iter
2692 4843 2915 4900 facimus
2934 4888 2947 4910 ,
2980 4863 3082 4918 qtta
3110 4849 3199 4906 ille
3231 4869 3245 4903 :
3279 4853 3331 4908 id
3360 4863 3480 4924 est,
3510 4857 3612 4914 hac

2026 4932 2187 4989 etiam
2214 4948 2279 5021 ex
2313 4942 2463 5002 parte
2494 4932 2684 4989 fratres
2712 4934 2857 4992 illius
2884 4938 3149 4994 elﬁciutur
3173 4959 3187 4996 :
3217 4943 3441 5012 perinde
3467 4962 3532 5005 ac
3557 4952 3605 5004 si

2028 5025 2253 5091 diceret,
2285 5025 2362 5079 Ex
2406 5024 2509 5080 hac
2545 5040 2605 5080 re
2634 5025 2899 5081 efﬁcimur
2926 5028 3112 5085 christi
3143 5034 3381 5103 quidam.
3412 5037 3609 5110 Papae!

2027 5128 2222 5188 quanta
2244 5128 2327 5173 est
2346 5131 2705 5172 aerumnarum
2727 5117 2986 5190 dignitas!
3010 5121 3289 5179 Credimus
3308 5129 3613 5190 eonformes

2028 5225 2127 5265 nos
2145 5210 2258 5265 ﬁeri
2277 5209 2432 5264 morti
2459 5210 2575 5280 ejus
2595 5226 2691 5280 per
2710 5226 2994 5269 aerumnas.
3011 5213 3144 5271 Nam
3164 5220 3615 5288 quemadmodum

2029 5301 2082 5356 in
2106 5299 2699 5373 baptismo,Consepulti
2718 5319 2896 5361 sumus
2913 5305 3235 5363 similitudini
3260 5313 3435 5367 mortis
3462 5316 3571 5385 eius
3597 5332 3617 5370 :

2030 5396 2103 5452 ita
2129 5396 2217 5452 hic
2242 5395 2417 5452 eidem
2458 5396 2619 5451 morti
2645 5396 2951 5454 conformes
2988 5398 3281 5456 reddimur.
3315 5404 3391 5460 Ibi
3421 5409 3617 5466 merito

2030 5488 2202 5553 dixit,
2231 5486 2572 5541 Similitudini
2602 5489 2778 5544 mortis
2802 5491 2951 5560 ejus;
2978 5504 3084 5545 non
3105 5491 3247 5547 enim
3272 5503 3437 5559 totam
3465 5512 3615 5553 mor-
3677 5516 3685 5525 ι

2035 5589 2142 5636 tem
2172 5578 2472 5645 obivimus;
2504 5593 2612 5633 non
2633 5580 2777 5635 enim
2803 5595 3030 5650 corpore
3054 5590 3109 5637 et
3134 5597 3293 5641 carne
3318 5591 3514 5645 mortui
3537 5608 3622 5646 su-

2034 5688 2176 5741 mus,
2205 5673 2300 5729 sed
2326 5680 2565 5743 peccato.
2598 5673 2857 5741 Quoniam
2884 5674 3047 5745 igitur
3071 5691 3217 5733 mors
3241 5681 3519 5753 utrobique
3541 5683 3620 5739 di-

2034 5764 2195 5833 citur,
2221 5762 2427 5851 sedille
2444 5762 2662 5834 quidem
2683 5779 2911 5835 corpore
2928 5775 3173 5824 mortuus
3194 5780 3295 5839 est,
3320 5786 3420 5830 nos
3438 5778 3616 5826 autem
