4108 6410
426 328 530 383 9.67

433 458 684 516 peccato;
720 455 771 501 et
803 445 909 499 illic
935 443 1098 497 homo
1129 451 1373 496 mortuus
1405 448 1520 500 est,
1563 453 1722 506 quem
1773 435 1885 502 ipse
1931 447 2018 486 as-

435 546 761 608 sumpserat,
785 536 874 607 qui
900 537 950 590 in
973 548 1202 604 corpore
1224 543 1408 586 nostro
1438 530 1568 594 fuit;
1601 529 1684 581 hic
1712 541 1836 579 vero
1862 524 2021 577 homo

433 630 686 702 peccati:
731 634 1014 698 propterea
1063 624 1134 678 ibi
1172 621 1388 693 quidem
1435 620 1634 689 inquit,
1683 613 2020 672 Similitudiui

433 722 611 775 mortis
637 722 780 790 ejus;
812 718 900 773 hic
918 731 1048 772 vero
1067 730 1171 769 non
1191 714 1302 784 jam
1329 709 1662 766 similitudini
1690 706 1897 771 mortis,
1927 703 2021 758 sed

436 815 650 885 ipsimet
680 812 858 866 morti.

511 907 567 962 '5.
605 904 804 959 Paulus
837 903 980 958 enim
1022 901 1075 955 in
1107 896 1480 955 vexationibus
1521 911 1626 951 non
1660 895 1770 964 jam
1803 900 2024 963 peccato

441 1008 680 1054 mortuus
709 1005 812 1061 est,
845 995 941 1050 sed
970 995 1087 1064 ipso
1105 1007 1331 1060 corpore
1360 1006 1376 1046 :
1405 989 1753 1060 quamobrem
1781 985 2024 1040 eamdem

439 1092 604 1147 subiit
634 1099 883 1144 mortem.
914 1087 975 1143 Si
1002 1103 1100 1158 quo
1131 1085 1280 1139 modo
1310 1099 1596 1148 occurram,
1630 1079 1820 1148 inquit,
1850 1077 1918 1130 ad
1942 1092 2024 1129 re-

439 1185 820 1247 surrectionem,
848 1197 961 1251 qua:
1004 1188 1076 1233 est
1116 1195 1179 1232 ea:
1223 1176 1454 1230 mortuis.
1500 1173 1637 1238 Quid
1680 1170 1799 1226 ais?
1841 1183 2026 1223 omnes

440 1278 585 1333 enim
617 1276 683 1330 ad
712 1276 869 1330 istam
900 1271 1217 1341 perveniunt
1251 1287 1263 1322 :
1297 1283 1442 1333 nam,
1479 1265 1599 1319 Non
1633 1279 1804 1316 omnes
1825 1259 2026 1330 quidem

439 1371 768 1432 dormiamus,
801 1364 992 1434 inquit,
1031 1362 1120 1416 sed
1162 1376 1334 1414 omnes
1374 1357 1752 1411 immutabimur
1796 1352 1870 1424 (l.
1905 1349 2025 1406 Cor.

441 1462 527 1515 15.
567 1461 689 1529 5|);
723 1473 896 1528 neque
931 1452 1344 1510 resurrectionis
1373 1452 1546 1506 solum
1583 1462 1774 1502 omnes
1811 1445 2028 1515 partici-

442 1568 539 1622 pes
565 1553 789 1614 erimus,
821 1548 914 1603 scd
949 1548 1110 1603 etiam
1152 1543 1592 1608 immortalitatis,
1631 1542 1683 1594 hi
1712 1539 1925 1610 quidem
1961 1538 2028 1592 ad

443 1648 724 1706 honorem,
776 1642 829 1696 hi
871 1656 1000 1696 vero
1033 1638 1097 1693 ad
1130 1638 1462 1692 occasionem
1500 1634 1764 1706 supplicii.
1808 1633 1949 1702 Ergo
1985 1631 2028 1685 si

444 1751 633 1790 omnes
692 1734 760 1788 ad
815 1731 1266 1787 resurrectionem
1325 1728 1676 1800 perveniunt,
1735 1739 1908 1794 neque
1964 1723 2032 1776 ad

442 1826 894 1883 resurrectionem
948 1823 1164 1889 solum,
1218 1820 1313 1878 sed
1368 1820 1529 1876 etiam
1594 1818 1660 1873 ad
1715 1815 2032 1872 immortali-

448 1929 650 1985 tatem,
702 1915 973 1988 quomodo
1029 1926 1300 1984 tamquam
1354 1912 1443 1981 qui
1495 1909 1823 1981 praecipuum
1875 1907 2032 1976 quid-

447 2013 588 2082 piam
619 2010 911 2078 adepturus
944 2021 1114 2072 esses,
1160 2003 1398 2068 dicebas,
1438 2002 1500 2057 Si
1525 2018 1622 2070 quo
1672 2001 1822 2054 modo
1859 2015 2036 2052 occur-

446 2105 602 2158 ram?
642 2103 954 2172 Propterea,
996 2099 1188 2168 inquit.
1243 2099 1359 2150 tunc
1409 2095 1597 2156 subeo,
1629 2092 1691 2148 Si
1742 2108 1842 2161 quo
1885 2090 2035 2144 modo

447 2210 708 2248 occurrant
733 2192 800 2246 ad
828 2190 1266 2250 resurrectionem,
1294 2201 1406 2256 quae
1436 2195 1506 2238 est
1547 2200 1609 2238 ea:
1638 2183 1852 2236 mortuis
1884 2197 1903 2236 :
1933 2181 2035 2234 nisi

447 2287 591 2340 enim
620 2295 862 2339 mortuus
894 2281 1080 2342 fueris,
1112 2295 1217 2333 non
1254 2292 1525 2347 resurges.
1557 2274 1696 2343 Quid
1737 2273 1897 2344 igitur
1934 2272 2040 2326 hoc

449 2378 574 2435 est?
620 2375 843 2432 V'idetur
884 2389 1137 2443 magnum
1180 2370 1434 2440 quiddam
1482 2368 1585 2422 hoc
1630 2368 1752 2422 loco
1793 2365 2039 2421 subindi-

451 2487 576 2525 care
608 2486 620 2521 :
654 2467 788 2521 adeo
815 2467 958 2521 enim
990 2479 1241 2534 magnum
1270 2472 1403 2525 erat,
1445 2470 1502 2513 ut
1529 2474 1705 2529 neque
1730 2471 2040 2512 asseverare

450 2575 613 2615 ausus
650 2559 831 2624 fuerit,
866 2557 960 2612 sed
993 2565 1199 2609 tantum
1237 2553 1447 2621 inquit:
1481 2551 1540 2605 Si
1579 2568 1677 2622 quo
1705 2549 1875 2604 modo.
1911 2549 2040 2603 Cre-

451 2653 560 2706 didi
613 2652 667 2705 in
713 2651 909 2720 ipsum,
939 2656 997 2702 et
1041 2645 1209 2716 ipsius
1257 2642 1744 2706 resurrectionem;
1785 2649 2043 2712 praeterea

453 2752 675 2814 propter
725 2743 896 2812 ipsum
952 2739 1172 2809 patior:
1207 2749 1307 2790 nec
1365 2743 1545 2789 tamen
1596 2733 1772 2788 adhuc
1824 2747 2040 2802 possum

455 2837 677 2890 omnino
721 2833 996 2888 confidere
1042 2831 1178 2893 fore,
1225 2840 1284 2884 ut
1329 2842 1696 2898 resurgamus.
1729 2829 1896 2892 Quam
1943 2824 2043 2879 hoc

456 2930 574 2982 loco
603 2927 1058 2982 resurrectionem
1087 2922 1256 2978 dicit?
1300 2921 1454 2986 Eam,
1483 2935 1602 2990 quae
1643 2919 1710 2972 ad
1747 2920 1919 2987 ipsqu
1948 2916 2046 2970 du-

455 3021 530 3074 cit
554 3018 846 3074 Christum.
896 3016 1060 3081 Dixit,
1096 3012 1313 3068 Credidi
1352 3012 1406 3066 in
1452 3025 1576 3064 eum
1629 3018 1684 3063 et
1732 3008 1916 3064 virtuti
1962 3023 2046 3062 re-

457 3111 807 3166 surrectionis
863 3109 1000 3178 ejus,
1051 3115 1105 3161 et
1158 3107 1363 3160 socium
1419 3119 1505 3158 me
1558 3118 1679 3158 esse
1737 3103 2046 3172 passionum

464 3219 685 3257 suarum
706 3243 722 3266 ,
765 3202 1266 3270 contiguratumque
1304 3212 1393 3252 me
1429 3211 1548 3251 esse
1579 3195 1738 3250 morti
1771 3195 1920 3265 ejus;
1952 3210 2044 3248 ve-

461 3307 766 3351 rumtamen
814 3305 934 3362 post
979 3291 1095 3346 haec
1138 3290 1318 3344 omnia
1368 3287 1603 3343 nondum
1653 3287 1864 3357 penitus
1913 3301 2048 3340 con-

463 3390 571 3443 fido
601 3406 614 3441 :
645 3387 788 3458 quod
820 3385 947 3439 alibi
992 3385 1143 3447 dixit,
1194 3383 1294 3450 Qui
1324 3398 1377 3436 se
1405 3382 1660 3436 existimat
1700 3389 1852 3446 sture,
1883 3379 2050 3432 videat

461 3496 527 3533 ne
547 3479 698 3533 cadat
731 3478 806 3549 (1.
835 3475 956 3530 Cor.
992 3474 1080 3530 i0.
1113 3475 1241 3544 12);
1272 3481 1326 3527 et
1354 3485 1562 3535 rursus,
1595 3468 1769 3524 Timeo
1807 3485 1870 3523 ne
1895 3473 2048 3538 forte,

461 3588 579 3625 cum
609 3570 727 3624 aliis
773 3566 1175 3638 prwdicauerim,
1208 3567 1316 3634 ipse
1343 3561 1586 3632 reprobus
1615 3561 1800 3631 e/ﬁciar
1825 3560 1900 3632 (1.
1930 3558 2048 3613 Cor.

463 3666 519 3719 9.
543 3664 661 3734 27).
683 3663 770 3716 12.
807 3659 928 3714 Νοη
946 3658 1079 3729 quod
1097 3660 1212 3728 jam
1239 3657 1538 3727 acceperim,
1565 3664 1651 3706 aut
1667 3654 1780 3722 jam
1807 3651 2053 3720 perfectus

464 3756 560 3810 sim
588 3771 608 3808 :
635 3769 816 3821 sequor
850 3761 1040 3816 autent,
1077 3751 1120 3804 si
1162 3765 1262 3819 quo
1302 3747 1452 3801 modo
1497 3743 1959 3809 comprehendam,
2001 3744 2055 3796 in

465 3867 565 3920 quo
610 3856 655 3902 et
693 3845 1082 3915 comprehensus
1119 3859 1233 3897 sum
1268 3858 1300 3894 a
1341 3840 1540 3895 Christo
1575 3838 1724 3893 Jesu.
1760 3836 1881 3891 Non
1919 3836 2055 3907 quod

460 3945 577 4012 jam
616 3941 918 4008 acceperim.
951 3934 1088 4002 Quid
1121 3943 1222 4000 est,
1263 3933 1386 3986 Jam
1429 3930 1752 4000 acceperim?
1781 3929 2053 3996 Bravium,

475 4033 668 4102 inquit.
705 4030 880 4098 Quod,
919 4028 965 4081 si
996 4025 1086 4096 qui
1119 4033 1263 4079 tanta
1295 4039 1582 4094 perpessus
1619 4024 1812 4088 fuerat,
1842 4023 1931 4092 qui
1959 4038 2055 4076 ve—

471 4123 718 4188 xabatur,
756 4121 848 4191 qui
894 4117 1362 4173 mortificationem
1407 4114 1657 4180 habebat,
1702 4115 1937 4169 nondum
1991 4114 2058 4169 de

470 4213 867 4269 resurrectione
906 4209 999 4263 ilia
1048 4208 1272 4272 fidenti,
1321 4214 1376 4260 et
1421 4220 1616 4261 securo
1671 4206 1849 4259 animo
1897 4212 2054 4259 erat:

472 4305 598 4375 quid
629 4303 841 4358 tandem
880 4301 1120 4355 dicemus
1151 4299 1284 4353 nos?
1322 4297 1458 4365 Quid
1495 4305 1599 4362 est,
1636 4296 1697 4350 Si
1732 4297 2060 4367 comprehen-

476 4396 638 4471 dam?
665 4395 816 4462 Quod
854 4402 1010 4447 antea
1049 4391 1281 4454 dixerat,
1333 4389 1396 4444 Si
1433 4405 1697 4442 occurram
1734 4389 1787 4441 in
1833 4404 2058 4442 resurre-

479 4491 714 4552 ctionem,
744 4503 856 4553 quae
885 4495 956 4540 est
993 4501 1055 4538 ea:
1092 4483 1322 4538 mortuis.
1361 4482 1418 4536 Si
1455 4480 1927 4551 comprehendam,
1974 4480 2058 4534 in-

474 4582 607 4650 quit,
658 4595 722 4634 ac
763 4589 971 4632 teneam
1026 4575 1194 4644 ipsius
1239 4573 1721 4631 resurrecnonem;
1769 4573 1817 4625 id
1868 4581 1969 4637 est,
2016 4575 2060 4625 si

478 4679 624 4724 tanta
668 4669 799 4739 pati,
835 4669 882 4723 si
920 4672 1092 4736 ipsum
1145 4665 1342 4719 imitari
1395 4673 1636 4732 potuero,
1685 4663 1729 4716 si
1770 4662 2062 4716 conformis

478 4763 579 4832 ipsi
619 4762 733 4816 fieri
782 4778 794 4814 :
837 4757 1286 4829 quemadmodum
1330 4757 1495 4810 multa
1538 4769 1728 4825 passus
1769 4764 1852 4808 est
1901 4754 2060 4809 Chri-

474 4867 610 4920 stus,
641 4853 811 4924 sputis
841 4851 1070 4907 fcedatus
1113 4859 1215 4915 est,
1257 4849 1427 4919 alapis
1470 4858 1525 4903 et
1563 4847 1726 4918 virgis
1765 4862 1959 4911 czcsus,
2000 4861 2063 4900 ac

478 4949 693 5001 demum
736 4953 966 4998 mortem
997 4941 1178 4996 subiit.
1228 4940 1342 4994 Hoc
1386 4939 1617 4994 stadium
1664 4945 1784 4992 est:
1815 4953 1912 5007 per
1948 4937 2064 4993 htec

478 5039 661 5092 onmia
695 5051 830 5106 opus
879 5044 962 5090 est
1005 5033 1072 5088 ad
1116 5033 1258 5087 illius
1299 5032 1753 5086 resurrectionem
1797 5046 1893 5084 vos
1937 5047 2062 5100 per-

475 5131 664 5185 \enire
701 5128 880 5183 omnia
911 5126 1205 5182 certamina
1242 5122 1597 5194 perferentes.
1637 5123 1733 5178 Vel
1777 5124 1936 5194 igitur
1963 5123 2066 5179 hoc

478 5223 580 5276 sibi
621 5219 754 5284 vult,
796 5218 878 5272 vel
919 5215 1060 5271 istud
1092 5234 1104 5269 :
1137 5215 1194 5270 Si
1243 5215 1437 5285 dignus
1466 5215 1641 5278 fuero,
1678 5214 1770 5284 qui
1806 5229 2066 5284 assequar

479 5314 758 5383 probatam
794 5310 938 5364 illam
968 5307 1418 5363 resurrectionem
1458 5321 1522 5361 ac
1562 5305 1798 5360 ﬁdentia:
1828 5306 2063 5376 plenam,

484 5405 550 5457 ad
602 5404 768 5473 ipsius
811 5399 1264 5456 resurrectionem
1303 5397 1638 5468 perveniam.
1679 5398 1808 5452 Nam
1865 5398 1910 5452 si
1950 5413 2067 5453 cer-

485 5498 717 5561 tamina,
763 5496 807 5549 si
858 5494 1069 5548 labores
1109 5506 1296 5546 omnes
1346 5489 1582 5560 perferre
1625 5500 1873 5560 potuero,
1923 5490 2066 5545 illius

484 5602 696 5656 quoque
730 5585 1178 5640 resurrectionem
1215 5581 1428 5651 assequi
1468 5590 1676 5652 potero,
1710 5592 1761 5634 et
1794 5597 1914 5636 cum
1957 5581 2067 5653 glo-

484 5679 561 5730 ria
609 5690 907 5745 resurgere.
954 5673 1199 5728 Nondum
1242 5673 1404 5738 enim,
1447 5666 1639 5740 inquit,
1688 5672 1879 5741 dignus
1924 5688 2063 5739 sum,

483 5767 682 5836 Sequor
730 5776 913 5835 autem,
958 5765 1001 5820 si
1044 5782 1139 5835 quo
1183 5763 1331 5819 modo
1374 5763 1816 5833 comprehendam.
1874 5763 2058 5818 Adhuc

1266 320 1323 374 S.
1353 315 1628 374 JOANNIS
1669 311 2140 370 CHRYSOSTOSH
2178 309 2492 367 ARCIIIEP.
2533 309 3065 370 CONSTANTINOP.

3612 315 3718 372 268

2130 429 2261 485 mihi
2309 429 2416 485 vita
2470 432 2524 485 in
2577 431 2874 485 ce’rtamiue
2928 439 3196 498 versatur,
3253 431 3428 486 adhuc
3486 447 3516 487 a
3572 450 3714 490 meta

2129 525 2286 594 longe
2321 525 2531 590 absum,
2578 523 2756 578 adhuc
2791 539 2820 577 a
2861 523 3060 579 braviis
3099 523 3264 591 disto,
3311 525 3487 580 adhuc
3531 540 3714 594 curro,

2128 617 2303 671 adhuc
2340 632 2556 688 sequor.
2606 616 2673 671 Et
2720 632 2830 670 non
2869 616 3026 682 dixit,
3078 615 3269 683 Curro,
3309 617 3425 682 sed,
3470 617 3716 688 Sequor:

2131 723 2195 763 ac
2246 710 2458 763 merito.
2507 707 2640 763 Nam
2688 709 2778 778 qui
2834 707 3191 778 persequitur,
3244 709 3416 762 nostis
3462 719 3716 779 quantam

2129 799 2533 854 contentionem
2577 800 2630 852 in
2678 800 2936 854 sectando
2981 798 3278 854 adhibeat:
3309 801 3580 854 neminem
3631 800 3716 852 in-

2132 899 2333 956 tuetur,
2365 905 2556 944 omnes
2597 891 2686 960 qui
2727 905 2942 944 cursum
2971 889 3114 943 illius
3155 891 3572 960 interrumpunt,
3604 907 3720 946 ma-

2131 998 2236 1053 gno
2275 983 2474 1052 impetu
2505 983 2784 1053 propellit;
2829 992 2884 1036 et
2917 990 3151 1036 mentem
3181 991 3237 1036 et
3264 983 3452 1038 oculos
3484 993 3540 1038 et
3567 984 3715 1038 vires

2133 1082 2189 1128 et
2242 1074 2474 1127 animam
2533 1085 2590 1128 et
2642 1089 2837 1142 corpus
2889 1073 3191 1138 contrahit,
3247 1075 3421 1129 solum
3476 1076 3720 1131 bravium

2135 1176 2407 1234 spectans.
2441 1164 2594 1232 Quod
2632 1165 2676 1219 si
2720 1166 2916 1221 Paulus
2961 1175 3139 1220 tantus
3183 1175 3418 1220 sectator
3461 1182 3524 1221 ac
3574 1175 3721 1222 tanta

2135 1273 2346 1327 passus,
2379 1258 2553 1313 adhuc
2587 1260 2778 1329 inquit,
2828 1259 2890 1314 Si
2932 1276 3030 1329 quo
3079 1260 3228 1313 modo
3271 1261 3720 1330 catttprehendam,
3790 1331 3793 1334 _

2135 1349 2260 1419 quid
2303 1349 2545 1404 dicemus
2585 1366 2683 1404 nos
2734 1353 2823 1420 qui
2868 1350 3236 1406 concidimus?
3282 1353 3486 1407 Deinde
3533 1363 3722 1407 osten-

2136 1443 2270 1499 dens
2322 1445 2560 1500 debitum
2609 1447 2710 1500 hoc
2752 1461 2895 1511 esse,
2943 1447 3136 1516 inquit,
3179 1445 3245 1499 In
3279 1464 3378 1517 quo
3419 1460 3463 1501 et
3501 1465 3724 1517 compre-

2138 1539 2324 1592 hensus
2367 1555 2479 1591 sum
2508 1556 2539 1591 a
2567 1537 2691 1592 Jesu
2719 1537 2942 1593 Christo.
2993 1539 3176 1603 Eram,
3211 1539 3399 1610 inquit,
3435 1557 3500 1594 ex
3549 1541 3727 1610 perdi-

2139 1638 2313 1684 torum
2346 1645 2594 1695 numero;
2625 1629 2952 1692 suﬂ’ocabar,
2987 1631 3318 1699 pereundum
3346 1631 3477 1684 mihi
3507 1633 3728 1686 ntunino

2140 1731 2290 1787 erat;
2340 1722 2752 1791 comprehendit
2809 1738 2896 1777 me
2947 1723 3089 1776 Deus
3130 1739 3144 1775 :
3186 1738 3308 1776 nam
3360 1733 3415 1778 et
3465 1723 3578 1794 ipse
3629 1740 3727 1778 nos

2140 1825 2378 1872 sectatus
2425 1829 2506 1872 est
2563 1817 2824 1886 fugientes
2884 1817 3060 1885 ipsum
3115 1832 3306 1886 magno
3360 1831 3480 1870 cum
3527 1818 3722 1872 studio.

2143 1909 2245 1964 Per
2283 1909 2384 1964 hoc
2417 1908 2596 1963 omnia
2627 1907 2745 1964 haec
2771 1907 2971 1962 indicat
3003 1925 3016 1961 :
3049 1907 3134 1963 his
3165 1907 3308 1962 enim
3348 1908 3545 1972 verbis,
3576 1909 3727 1962 Com-

2143 2002 2420 2073 prehensus
2463 2017 2596 2065 sum,
2644 2010 2699 2055 et
2752 1999 2991 2054 studium
3039 2000 3135 2055 Dei
3185 2000 3575 2054 demonstravit
3632 2017 3729 2056 nos

2142 2091 2602 2161 comprehendere
2653 2091 2917 2152 volentis,
2975 2100 3029 2146 et
3081 2100 3325 2146 nostrum
3381 2092 3728 2162 longEnquum

2147 2200 2419 2239 recessum
2453 2195 2612 2254 atque
2653 2185 3005 2251 errationem,
3042 2199 3248 2254 nosque
3286 2185 3503 2238 omnino
3533 2187 3600 2238 ab
3643 2186 3734 2239 illo

2145 2277 2405 2346 refugisse
2446 2275 2705 2331 ostendit.

2219 2369 2273 2423 5.
2315 2366 2676 2436 Quamobrem
2719 2382 2840 2422 cum
2887 2366 3021 2423 illud
3071 2368 3324 2440 lacrymis
3369 2368 3585 2439 dignum
3616 2378 3733 2432 est,

2145 2476 2334 2516 omnes
2375 2461 2442 2515 ad
2487 2460 2775 2532 pristinum
2817 2471 3014 2516 statum
3061 2463 3263 2528 relabi;
3309 2472 3419 2516 tum
3463 2478 3594 2518 vero
3633 2463 3736 2517 hoc

2146 2553 2330 2617 etiam,
2359 2567 2482 2607 cum
2521 2566 2716 2621 magno
2758 2550 2926 2606 simus
2963 2553 3145 2607 debito
3189 2552 3432 2618 obnoxii,
3467 2553 3735 2607 nemiuem

2149 2655 2327 2700 tamen
2379 2645 2584 2716 lugere,
2633 2646 2902 2700 neminem
2949 2646 3255 2718 lacrymari,
3313 2648 3586 2701 neminem
3644 2664 3736 2700 su-

2148 2739 2378 2808 spirare.
2415 2739 2496 2792 Ac
2527 2753 2595 2793 ne
2626 2748 2780 2808 putes
2812 2739 3014 2793 ironice
3042 2738 3228 2792 isthaec
3265 2753 3292 2791 a
3327 2755 3411 2792 me
3447 2739 3572 2793 dici.
3607 2739 3736 2792 Nam

2149 2829 2598 2902 quemadmodum
2631 2839 2754 2885 ante
2781 2829 2976 2886 Christi
3019 2830 3306 2884 adventum
3348 2847 3378 2884 a
3423 2831 3532 2885 Deo
3572 2830 3739 2901 fugie-

2153 2925 2369 2991 bamus,
2399 2923 2472 2978 ita
2521 2939 2666 2980 nunc
2712 2924 2779 2979 ab
2822 2925 2940 2993 ipso
2979 2923 3234 2994 fugimus.
3277 2923 3570 2978 Possumus
3597 2926 3738 2979 enim

2155 3016 2341 3088 fugere
2388 3031 2418 3070 a
2466 3017 2600 3082 Deo,
2653 3033 2759 3071 non
2791 3017 3004 3087 quidem
3048 3017 3190 3081 loco,
3245 3031 3366 3071 nam
3400 3017 3596 3087 ubique
3637 3027 3737 3084 cst,

2154 3109 2250 3164 sed
2291 3108 2566 3178 operibus.
2608 3109 2674 3162 Et
2702 3110 2844 3178 quod
2888 3108 2956 3163 ab
2995 3124 3058 3163 eo
3095 3107 3279 3178 fugere
3308 3125 3415 3164 nou
3455 3110 3739 3179 possimus,

2154 3202 2280 3258 audi
2311 3203 2628 3273 pr0phetam
2670 3202 2958 3266 dicentem,
2995 3200 3108 3267 Quo
3151 3202 3231 3256 ibo
3265 3219 3296 3254 a
3325 3204 3511 3270 spiritu
3541 3203 3672 3256 tuo?
3699 3213 3745 3256 et

2154 3311 2254 3364 quo
2306 3312 2338 3348 a
2386 3295 2518 3365 facie
2566 3305 2653 3347 tua
2707 3295 2902 3365 fugiam
2946 3292 3117 3364 (Psal.
3163 3295 3284 3348 158.
3339 3294 3435 3360 7)?
3466 3293 3744 3362 Quomodo

2156 3374 2316 3457 igitur
2361 3401 2647 3457 possumus
2690 3401 2722 3440 a
2774 3386 2882 3440 Deo
2926 3386 3153 3456 fugere?
3198 3387 3399 3442 Eodem
3430 3387 3610 3453 modo,
3640 3405 3748 3460 quo

2158 3492 2443 3547 possumus
2475 3476 2659 3546 procul
2690 3491 2719 3529 a
2751 3477 2863 3531 Deo
2894 3477 3182 3547 proficisci.
3231 3494 3291 3531 ac
3335 3478 3495 3548 longe
3535 3480 3744 3534 abesse.

2159 3568 2260 3635 Qui
2297 3584 2350 3622 se
2380 3566 2641 3638 clangunt,
2670 3568 2861 3638 inquit,
2892 3585 2923 3620 a
2952 3575 3019 3631 te,
3050 3570 3281 3638 peribunt
3309 3569 3482 3639 (Psal.
3512 3570 3599 3624 79..
3630 3571 3740 3640 27);

2158 3670 2214 3715 et
2252 3675 2464 3728 rursus,
2521 3658 2712 3714 Nonne
2755 3660 3043 3730 iniquitates
3081 3670 3258 3714 vestrm
3303 3661 3577 3714 diviserunt
3619 3663 3753 3715 inter

2159 3770 2238 3806 me
2280 3763 2326 3807 ct
2375 3770 2463 3808 vos
2511 3752 2667 3826 (Isai.
2719 3751 2809 3809 59.
2863 3752 2964 3823 2)?
3009 3753 3288 3819 Quomodo
3338 3755 3494 3825 igitur
3540 3755 3598 3809 fit
3649 3757 3750 3811 iste

2161 3845 2482 3916 longinquus
2519 3844 2816 3900 discessus?
2855 3855 2910 3900 et
2953 3845 3224 3916 quomodo
3266 3847 3546 3902 intercedit
3586 3848 3754 3903 inter-

2159 3937 2398 3992 vallum?
2426 3936 2725 4004 Electione,
2758 3946 2814 3992 et
2855 3938 3036 3991 animo
3064 3954 3076 3989 :
3105 3939 3226 3992 loco
3256 3939 3397 3992 enim
3427 3954 3532 3992 non
3564 3955 3754 4008 possu-

2164 4045 2283 4084 mus
2314 4047 2328 4083 :
2359 4028 2630 4098 quomodo
2656 4030 2797 4083 enim
2847 4029 2965 4098 quis
2994 4030 3062 4083 ab
3090 4045 3174 4092 eo,
3204 4031 3294 4099 qui
3327 4030 3520 4100 ubique
3557 4030 3746 4096 adest,

2165 4120 2357 4192 fugiat?
2380 4122 2636 4175 Peccator
2659 4120 2820 4191 igitur
2847 4119 2999 4190 fugit.
3033 4120 3145 4175 Hoc
3176 4131 3278 4186 est,
3306 4121 3448 4190 quod
3476 4121 3752 4192 Scriptura

2167 4215 2358 4285 inquit,
2407 4213 2562 4285 Fugit
2603 4214 2791 4282 impius
2829 4216 3025 4267 nemine
3073 4225 3396 4285 persequente
3435 4215 3616 4285 (Prov.
3657 4217 3750 4270 28.

2168 4306 2243 4376 1).
2279 4305 2446 4360 Valde
2475 4307 2705 4377 fugimus
2735 4307 2898 4360 Deum
2925 4323 2938 4371 ;
2969 4307 3181 4361 tametsi
3213 4321 3427 4376 semper
3455 4307 3548 4362 ille
3574 4318 3753 4363 secta-

2168 4407 2254 4451 tur
2290 4413 2407 4451 nos.
2448 4397 2742 4466 Apostolus
2771 4414 2988 4453 cursum
3029 4413 3186 4452 suum
3226 4415 3292 4453 eo
3327 4399 3670 4466 intendebat,
3700 4411 3756 4455 ut

2168 4503 2334 4558 prope
2361 4487 2425 4541 ad
2449 4488 2596 4541 illum
2627 4489 2906 4543 accederet
2929 4506 2942 4542 :
2967 4504 3065 4543 nos
3085 4504 3152 4544 eo
3181 4489 3525 4558 intendimus,
3550 4500 3608 4544 ut
3637 4508 3756 4562 pro-

2168 4579 2255 4633 cul
2281 4579 2619 4634 discedamus
2651 4597 2664 4634 :
2698 4596 2825 4650 ergo
2857 4596 2963 4634 non
2993 4580 3108 4636 haec
3143 4581 3304 4651 digna
3328 4582 3612 4638 lamentis?
3640 4586 3757 4650 Quo

2169 4677 2338 4748 fugis,
2368 4676 2551 4732 infelix
2590 4689 2645 4731 et
2685 4677 2892 4731 miser?
2933 4691 3040 4747 quo
3081 4675 3219 4748 fugis
3257 4692 3288 4731 a
3334 4679 3440 4732 vita
3485 4687 3540 4734 et
3583 4679 3757 4734 salute

2171 4770 2298 4824 tua?
2334 4769 2392 4825 Si
2425 4784 2456 4823 a
2498 4770 2606 4824 Deo
2635 4769 2825 4839 fugias,
2855 4768 2921 4823 ad
2960 4785 3118 4838 quem
3149 4770 3461 4841 confugies?
3491 4772 3537 4826 si
3567 4787 3596 4826 a
3638 4772 3757 4827 lucc

2170 4861 2364 4932 fugias,
2398 4876 2504 4930 quo
2541 4859 2839 4931 respicies?
2869 4861 2913 4915 si
2943 4877 2972 4913 ει
3005 4862 3108 4914 vita
3142 4860 3336 4930 fugias,
3362 4863 3504 4918 unde
3537 4863 3755 4934 posthac

2171 4953 2357 5008 vives?
2386 4952 2670 5023 Fugiamus
2701 4955 2911 5008 hostem
2942 4953 3130 5007 salutis
3160 4965 3377 5007 nostra}.
3403 4955 3533 5009 Cum
3563 4970 3755 5024 pecca-

2172 5061 2314 5113 mus,
2347 5061 2378 5100 a
2406 5046 2517 5100 Deo
2547 5045 2800 5116 fugimus,
2832 5045 3175 5115 fugitivorum
3205 5061 3356 5099 more
3394 5061 3658 5114 erramus,
3693 5045 3765 5100 ad

2172 5137 2402 5191 alienam
2434 5135 2772 5192 abscedimus
2801 5146 3000 5190 terram
3027 5154 3042 5189 :
3071 5135 3521 5205 quemadmodum
3553 5137 3642 5192 ille
3670 5138 3767 5206 qui

2172 5229 2481 5285 comederat
2522 5240 2743 5299 paterna
2773 5229 2932 5296 bona,
2967 5239 3022 5284 et
3051 5229 3256 5284 abierat
3297 5229 3351 5283 in
3381 5229 3612 5284 alienam
3651 5237 3761 5283 ter-

2173 5337 2311 5389 ram,
2338 5323 2426 5392 qui
2454 5329 2624 5376 totum
2655 5322 3030 5390 patrimonium
3062 5331 3490 5392 consumpserat,
3519 5334 3681 5393 atque
3706 5324 3762 5376 in

2174 5416 2313 5470 fame
2340 5415 2553 5470 vivebat
2583 5413 2732 5487 (Luc.
2769 5415 2884 5485 15).
2920 5414 3190 5469 ilabemus
3219 5429 3351 5470 vero
3377 5414 3762 5485 patrimonium

2173 5517 2228 5562 et
2266 5523 2382 5562 nos.
2425 5505 2736 5576 Cujusmodi
2772 5523 2900 5562 vero
2942 5505 3083 5561 hoc?
3111 5506 3389 5562 Liberavit
3427 5522 3526 5562 nos
3565 5523 3594 5560 a
3632 5522 3764 5576 pec-

2172 5601 2325 5665 catis,
2351 5597 2569 5654 donavit
2599 5599 2754 5654 nobis
2781 5600 2921 5654 vires
2943 5598 3010 5654 ad
3040 5599 3251 5653 virtutis
3276 5598 3448 5654 ofﬁcia
3491 5599 3763 5664 obeunda,

2173 5692 2392 5747 donavit
2421 5691 2574 5745 nobis
2611 5691 2972 5756 alacritatem,
3004 5689 3350 5758 patientiam;
3399 5691 3450 5743 in
3495 5691 3763 5759 baptismo

2175 5786 2394 5839 donavit
2426 5784 2576 5840 nobis
2599 5782 2850 5852 Spiritum
2874 5773 3116 5838 sanctum
3140 5799 3151 5835 :
3183 5782 3228 5836 si
3250 5781 3364 5837 lucc
3393 5782 3758 5855 absumpseri-
