4108 6410
416 291 523 346 267

418 403 531 454 ἐκεῖ
577 402 606 453 ὁ
636 399 920 470 ἄνθρωπος
971 399 1262 467 ἀπέθανεν,
1288 401 1346 455 ὃν
1375 401 1636 456 ἀνέλαϐεν
1663 402 1846 468 αὐτὸς,
1876 402 1904 454 6
1935 403 1992 452 ἐν

418 493 629 562 σώματι
664 492 843 562 ἡμῶν,
887 485 989 545 ὧδε
1015 493 1044 545 6
1075 493 1357 564 ἄνθρωπος
1404 494 1504 563 τῆς
1553 495 1854 567 ἁμαρτίας·
1907 495 1994 548 διὰ

413 585 572 637 τοῦτο
603 586 720 636 ἐκεῖ
761 583 859 654 μέν
906 601 1058 654 φησι,
1096 584 1178 648 Τῷ
1219 585 1537 655 ὁμοιώματι
1583 588 1688 640 τοῦ
1732 587 1990 642 θανάτου

415 675 623 738 αὐτοῦ,
653 674 884 728 ἐνταῦθα
914 675 970 728 δὲ
995 675 1177 728 οὐκέτι
1223 677 1526 748 ὁμοιώματι
1566 677 1819 742 θανάτου,
1851 679 1988 744 ἀλλ’,

418 765 566 836 αὐτῷ
600 765 677 836 τῷ
709 766 944 837 θανάτῳ.

491 877 643 950 [9.87]
682 877 752 947 γ’.
781 878 992 942 Παῦλος
1029 878 1135 948 γὰρ
1159 879 1342 931 οὐκέτι
1371 879 1616 950 ἁμαρτίᾳ
1649 879 1914 932 ἀπέθανεν
1934 879 1990 930 ἐν

415 976 526 1034 τοῖς
554 973 832 1043 διωγμοῖς,
857 973 972 1026 ἀλλ’
994 972 1141 1042 αὐτῷ
1169 971 1248 1043 τῷ
1277 971 1490 1042 σώματι
1514 989 1527 1001 ·
1548 972 1688 1025 ὥστε
1713 971 1804 1024 τὸν
1830 971 1991 1025 αὑτὸν

414 1065 674 1132 ὑπέμεινε
719 1063 964 1116 θάνατον.
997 1064 1071 1116 Εἴ
1103 1079 1226 1129 πως
1266 1062 1640 1130 καταντήσω,
1673 1063 1856 1132 φησὶν,
1902 1064 1989 1128 εἰς

414 1152 529 1221 τὴν
555 1153 965 1218 ἐξανάστασιν
996 1153 1112 1220 τὴν
1152 1154 1222 1207 ἐκ
1271 1152 1522 1222 νεκρῶν.
1560 1154 1624 1208 Τί
1644 1155 1863 1222 λέγειςς
1895 1155 1988 1207 καὶ

417 1248 524 1316 μὴν
555 1247 757 1308 πάντες
780 1245 952 1314 αὐτῆς
981 1245 1337 1314 τυγχάνουσι·
1368 1245 1597 1310 Πάντες
1640 1243 1758 1315 μὲν
1784 1244 1891 1314 γὰρ
1916 1247 1986 1298 οὺ

413 1337 912 1406 κοιμηθησόμεθα,
941 1338 1094 1404 φησὶ,
1123 1335 1344 1401 πάντες
1379 1336 1446 1388 δὲ
1481 1336 1944 1406 ἀλλαγησόμεθα
1967 1353 1980 1365 ·

414 1431 506 1482 καὶ
550 1429 650 1482 οῦκ
696 1431 1042 1491 ἀναστάσεως
1100 1429 1302 1498 μόνης,
1351 1427 1488 1481 ἀλλά
1535 1428 1628 1480 καὶ
1679 1428 1982 1496 ἀφθαρσίας

412 1519 633 1583 πάντες,
663 1520 711 1571 οί
743 1517 842 1589 μὲν
868 1519 948 1580 είς
975 1517 1161 1587 τιμὴν,
1191 1518 1240 1569 οί
1265 1515 1322 1568 δὲ
1351 1517 1432 1578 είς
1454 1515 1661 1582 ἐφόδιον
1687 1514 1979 1574 κολάσεως.

413 1612 473 1664 Εἰ
510 1611 688 1664 τοίνυν
720 1610 916 1672 πάντες
969 1610 1069 1673 τῆς
1111 1608 1464 1669 ’ἀναστάσεως
1505 1606 1852 1676 τυγχάνουσι,
1890 1607 1982 1659 καὶ

407 1703 467 1754 οὐ
496 1703 594 1772 τῆς
627 1699 976 1762 ἀναστάσεως
1009 1700 1194 1769 μόνης,
1226 1697 1361 1750 ἀλλά
1387 1698 1482 1750 καὶ
1514 1696 1842 1766 ἀφθαρσίας,
1867 1696 1982 1757 πῶς

408 1792 482 1853 ὡς
512 1791 718 1859 μέλλων
744 1789 1018 1857 ἐξαιρέτου
1043 1789 1186 1852 τινὸς
1215 1788 1504 1858 τυγχάνειν
1533 1787 1733 1855 ἔλεγες,
1757 1789 1827 1838 EZ
1857 1804 1982 1851 πως

408 1882 797 1948 κατανέήσοη
845 1882 942 1934 Διά
991 1880 1150 1933 τοῦτο
1197 1878 1367 1933 ταῦτα
1411 1879 1627 1948 πάσχω,
1671 1879 1855 1947 φησὶν,
1911 1879 1983 1930 ΕΖ

408 1988 532 2039 πως
554 1971 910 2035 καταντήσω
948 1973 1036 2034 εἰς
1063 1969 1179 2036 τὴν
1205 1970 1618 2034 ἐξανάστασιν
1645 1967 1761 2034 τὴν
1791 1969 1859 2020 ἐκ
1884 1985 1980 2021 νε-

408 2057 565 2125 κρῶν
590 2075 603 2088 ·
637 2060 687 2111 εἰ
735 2058 845 2130 γὰρ
896 2058 970 2129 μὴ
1020 2058 1313 2121 ἀπέθανες,
1345 2057 1443 2110 οὐκ
1486 2057 1763 2113 ἀνίστασο.
1796 2057 1861 2108 Τί
1887 2054 1981 2125 οὖν

406 2154 560 2216 iam;
595 2154 752 2203 Δοκεῖ
786 2151 928 2221 μέγα
964 2168 1018 2203 τι
1045 2148 1280 2202 ἐνταῦθα
1309 2149 1640 2202 αἰνίττεσθαι
1662 2167 1676 2179 ·
1708 2149 1851 2203 οὕτω
1873 2149 1980 2218 γὰρ

409 2244 549 2312 μέγα
567 2240 655 2316 ἦν,
683 2244 765 2296 ὅτι
799 2243 918 2296 οὐδὲ
947 2242 1254 2313 ἐθάρρησεν
1285 2242 1684 2312 ἀποφήνασθαι,
1711 2242 1847 2296 ἀλλά
1877 2260 1980 2312 φη·

409 2354 492 2389 σιν
527 2335 734 2399 ἁπλῶς,
762 2335 834 2387 El
866 2348 1012 2399 πως.
1031 2333 1356 2386 Ἐπίστευσα
1406 2334 1484 2396 εἰς
1527 2333 1690 2386 αὐτὸν
1743 2334 1837 2392 καὶ
1881 2335 1978 2403 τὴν

406 2426 570 2481 αὐτοῦ
611 2427 934 2487 ἀνάστασιν,
971 2423 1108 2478 ἀλλά
1152 2424 1246 2477 καὶ¹
1294 2424 1488 2494 πάσχω
1527 2424 1594 2476 δι’
1622 2424 1804 2488 αὑτὸν,
1855 2425 1979 2478 ἀλλ’

405 2520 557 2572 οὔπω
585 2519 817 2586 δύναμαι
839 2515 1108 2586 θαρρῆσαι
1137 2516 1266 2586 περὶ
1291 2517 1387 2586 τῆς
1415 2515 1784 2581 ἀναστάσεως.
1812 2519 1977 2572 Ποίαν

405 2610 636 2664 ἐνταῦθα
684 2608 976 2662 ἀνάστασίν
1010 2620 1174 2678 φησι;
1203 2606 1315 2676 Τὴν
1362 2605 1498 2676 πρὸς
1542 2606 1704 2659 αὐτὸν
1736 2605 1976 2674 ἄγουσαν

403 2706 495 2758 τὸν
534 2702 788 2774 Χριστόν.
829 2697 995 2754 Εἶπον
1025 2700 1105 2752 ὅτι
1148 2697 1440 2751 ἐπίστευσα
1482 2697 1629 2767 αὐτῷ
1660 2700 1752 2752 καὶ
1779 2701 1841 2770 τῇ
1877 2700 1977 2769 τῆς

402 2792 752 2853 ἀναστάσεως
798 2787 960 2842 αὐτοῦ
1016 2787 1267 2857 δυνάμει,
1304 2788 1396 2839 καὶ
1439 2787 1520 2841 ὅτι
1571 2789 1822 2851 κοινωνός
1860 2791 1976 2858 είμι

401 2883 511 2935 τῶν
552 2880 890 2951 παθημάτων
937 2877 1120 2941 αὐτοῦ,
1152 2878 1246 2931 καὶ
1296 2879 1376 2932 ὃτι
1428 2879 1856 2950 συμμορφοῦμαι
1897 2880 1975 2951 τῷ

404 2974 618 3044 θανάτῳ
655 2970 850 3025 αὐτοῦ·
886 2971 999 3024 ἀλλ’
1030 2971 1178 3040 ὅμως
1229 2969 1366 3040 μετὰ
1415 2969 1586 3023 ταῦτα
1621 2970 1799 3025 πάντα
1825 2971 1974 3025 οὔπω

402 3065 626 3135 θαρρῶ·
683 3065 819 3134 ὅπερ
869 3061 1101 3132 ἀλλαχοῦ
1152 3059 1323 3128 λέγει,
1361 3059 1422 3112 '0
1469 3059 1664 3114 δοκῶν
1703 3060 1971 3127 ἑστάναι,

395 3156 672 3221 ,ϐλεπέτω
707 3155 796 3224 μὴ’
842 3153 998 3222 πέσῃ
1020 3169 1033 3185 ο
1066 3153 1164 3207 καὶ
1208 3153 1391 3217 πάλιν,
1414 3153 1708 3222 Φοϐοῦμαι
1731 3154 1816 3224 μή
1848 3169 1974 3224 πως

402 3251 612 3314 ἄλλοις
659 3248 944 3316 κηρύξας,
989 3245 1171 3312 αὐτὸς
1209 3245 1491 3314 ἀδόκιμος
1537 3245 1813 3315 γένωμαι.
1848 3249 1971 3316 Οὐχ

402 3343 491 3394 ὅτι
530 3341 646 3409 ἤδη
691 3339 929 3402 ἔλαϐον,
964 3337 1002 3405 ἢ
1032 3336 1149 3405 ἤδη
1183 3336 1574 3405 τετελείωμαι,
1599 3335 1786 3390 διώκω
1824 3339 1893 3391 δὲ
1919 3341 1970 3392 εὶ

404 3433 503 3485 καὶ
523 3431 855 3491 καταλάϐω,
873 3429 963 3497 ἐφ’
979 3423 1027 3496 ᾧ
1049 3428 1146 3482 καὶ
1169 3429 1551 3496 κατελήφθην
1572 3430 1688 3482 ὑπὸ
1715 3431 1971 3498 Χριστοῦ

415 3523 639 3588 Ἰησοῦ.
658 3552 728 3562 ——
753 3525 874 3591 Οὐχ
902 3521 991 3574 ὅτι
1011 3519 1125 3588 ἤδη
1143 3520 1382 3574 ἔλαϐον.
1403 3519 1468 3571 Τί
1487 3520 1812 3588 ὲστιν,Ἤδη
1829 3521 1970 3576 ἐλα-

401 3618 544 3678 ϐον;
589 3614 662 3666 Τὸ
691 3612 942 3685 βραϐεῖόν
967 3628 1151 3681 φησιν.
1185 3611 1249 3667 Et
1271 3611 1329 3664 δέ
1356 3612 1385 3664 6
1416 3602 1650 3665 τοσαῦτα
1679 3611 1885 3675 παθὼν,
1922 3615 1969 3666 εἰ

398 3711 455 3763 δὲ
501 3711 528 3762 6
565 3706 910 3776 διωκόμενος,
938 3707 986 3757 εἰ
1035 3705 1092 3756 δὲ
1121 3704 1150 3755 6
1180 3703 1272 3775 τὴν
1318 3703 1583 3773 νέκρωσιν
1632 3702 1791 3773 ἔχων,
1817 3703 1972 3759 οὔπω

401 3804 619 3874 ἐθάρρει
645 3801 771 3872 περὶ
799 3799 895 3868 τῆς
920 3797 1266 3858 ἀναστάσεως
1293 3795 1528 3865 ἐκείνης,
1555 3795 1608 3848 τί
1631 3794 1698 3848 ἂν
1720 3797 1969 3866 εἴποιμεν

399 3895 589 3963 ήμεῖς;
621 3891 686 3943 Τί
718 3893 882 3948 ἐστιν,
907 3891 976 3941 El
997 3886 1340 3950 καταλάϐω;
1370 3885 1546 3956 Ὅπερ
1572 3887 1831 3956 πρότερον
1855 3887 1970 3950 ἔλε-

400 4002 515 4052 γον,
547 3985 617 4036 El
650 3981 1006 4049 καταντήσω
1041 3982 1129 4045 εἰς
1168 3979 1284 4046 τὴν
1311 3976 1721 4043 ἐξανάστασιν
1757 3980 1867 4048 τὴν
1897 3983 1966 4035 ἐκ

399 4075 647 4145 νεκρῶν.
678 4074 788 4146 Τὴν
825 4074 1009 4137 αὐτοῦ,
1043 4072 1226 4141 φησὶν,
1253 4071 1549 4125 ἀνάστασιν
1579 4073 1627 4123 εἰ
1651 4073 1961 4128 καταλάϐω.

399 4167 708 4232 Τουτέστιν,
739 4165 866 4220 Ἐἀν
893 4164 1103 4233 δυνηθῶ
1132 4163 1366 4217 τοσαῦτα
1395 4164 1609 4229 παθεῖν,
1633 4163 1728 4218 έάν
1755 4164 1966 4236 δυνηθῶ

402 4259 746 4330 μιμήσασθαι
796 4258 977 4323 αὐτὸν,
1007 4256 1073 4310 ἂν
1101 4256 1312 4328 δυνηθῶ
1343 4256 1660 4328 σύμμορφος
1689 4258 1838 4327 αύτῷ
1871 4276 1964 4324 γε-

397 4347 603 4402 νέσθαι.
640 4340 785 4412 υἷον,
815 4346 983 4400 πολλὰ
1017 4345 1214 4400 ἔπαθεν
1260 4347 1289 4399 6
1334 4346 1585 4417 Χριστὸς,
1636 4348 1960 4418 ἐνεπτύσθη,

397 4438 743 4511 ὲῤῥαπίσθη,
790 4437 1178 4508 ἐμαστιγῶθη,
1222 4436 1444 4508 ὕστερον
1495 4438 1751 4492 ἀπέθανε.
1797 4437 1964 4493 Τοῦτο

399 4529 611 4581 στάδιόν
654 4529 770 4580 ἐστι
788 4543 802 4556 ·
834 4527 922 4581 διὰ
951 4528 1166 4581 πάντων
1190 4527 1394 4581 τούτων
1420 4527 1500 4580 δεῖ
1529 4529 1663 4599 πρὸς
1699 4529 1796 4600 τὴν
1833 4531 1964 4585 ἀνά-

398 4637 586 4674 στασιν
600 4617 761 4672 αὐτοῦ
785 4618 1008 4687 φθάσαι,
1032 4617 1236 4681 πάντας
1262 4619 1386 4681 τοὺς
1406 4618 1600 4682 ἄθλους
1621 4620 1959 4688 ἐνεγκόντας.

398 4713 470 4765 Ἣ
484 4711 661 4765 τοίνυν
682 4709 838 4764 τοῦτό
866 4725 1049 4778 φησιν,
1068 4709 1100 4780 ἡ
1121 4710 1203 4763 ὅτι
1226 4710 1354 4763 Ἐάν
1379 4709 1698 4776 καταξιωθῶ
1717 4713 1816 4781 τῆς
1835 4714 1964 4766 ἀνα·

398 4805 639 4866 στάσεως
671 4804 849 4872 τυχεῖν
881 4800 1187 4870 εὐδοκίμου,
1232 4799 1541 4872 παρρησίαν
1586 4799 1836 4872 ἐχούσης,
1881 4803 1962 4866 είς

391 4895 492 4964 τὴν
537 4893 891 4958 ἐξανάστασιν
939 4891 1125 4960 φθάνω
1156 4890 1254 4962 τὴν
1292 4889 1580 4944 αὐτοῦ.Ἂν
1606 4891 1716 4960 γάρ
1751 4891 1961 4958 δυνηθῶ

394 4985 519 5048 τοὺς
573 4983 790 5052 ἀγῶνας
840 4985 1046 5043 πάντας
1089 4982 1352 5049 ἐνεγκεῖν,
1380 4982 1474 5034 καὶ
1516 4983 1616 5051 τὴν
1668 4982 1960 5036 ἀνάστασιν

396 5075 558 5130 αὒτοῦ
605 5075 902 5146 δυνήσομαι
950 5076 1118 5144 σχεῖν,
1143 5074 1237 5126 καὶ
1287 5073 1422 5143 μετά
1455 5072 1612 5142 δόξης
1641 5074 1954 5143 ἀναστῆναι.

395 5167 617 5220 Οὐδέπω
657 5167 784 5237 γάρ,
822 5166 1004 5236 φησὶν,
1040 5165 1188 5230 ἄξιός
1219 5165 1365 5232 εἰμι·
1409 5163 1601 5218 Διώκω
1645 5163 1732 5227 δὲ,
1762 5167 1813 5216 ει
1861 5167 1958 5218 καὶ

393 5260 721 5313 καταλάϐω.
733 5259 852 5311 Ἔτι
877 5256 1165 5326 ἐναγώνιός
1198 5274 1286 5328 μοι
1319 5257 1346 5309 6
1375 5256 1518 5327 βίος,
1549 5256 1628 5310 ἐτι
1655 5256 1748 5310 τοῦ
1774 5257 1960 5321 τέλους

393 5353 509 5422 εἰμὶ
542 5351 749 5422 πόρρω,
777 5349 858 5402 ἔτι
885 5349 994 5402 τῶν
1029 5348 1295 5419 βραϐείων
1319 5349 1622 5420 ἀφέστηκα,
1655 5347 1735 5401 ἔτι
1760 5348 1956 5420 τρέχω,

389 5445 472 5496 ἔτι
498 5441 694 5495 διώκω.
719 5442 826 5495 Καὶ
846 5441 944 5494 οὐκ
964 5435 1081 5494 εἷπε
1100 5480 1114 5500 ,
1133 5440 1342 5512 Τρέχω,
1375 5439 1528 5504 ἀλλὰ,
1557 5439 1750 5493 Διώκω
1775 5455 1788 5469 ⁸
1815 5441 1959 5494 εἰκός

390 5554 516 5598 τως.
533 5537 590 5589 ’0
608 5535 714 5606 γὰρ
738 5533 889 5606 [288]
904 5533 1132 5598 διώκων,
1153 5533 1265 5586 ἴστε
1299 5533 1416 5602 μεθ’
1433 5534 1557 5586 ὅσου
1576 5533 1727 5587 τόνου
1747 5533 1950 5587 διώκειο

389 5627 580 5679 οἰδένα
612 5628 733 5698 ὁρᾷ,
776 5629 979 5689 πάντας
1034 5626 1171 5696 μετά
1222 5624 1424 5694 πολλῆς
1470 5624 1568 5695 τῆς
1627 5622 1805 5695 ῥύμης
1832 5627 1958 5689 τοὺς

387 5716 777 5780 διακόπτοντας
804 5717 1123 5784 ἀπωθεῖται,
1159 5716 1252 5770 καὶ
1280 5715 1516 5771 διάνοιαν
1542 5715 1634 5770 καὶ
1673 5716 1826 5787 όμμα
1859 5718 1955 5772 καὶ

1339 288 1402 342 IN
1445 287 1664 344 EPIST.
1697 287 1787 340 AD
1824 283 2112 341 PHILIPP.
2145 285 2298 340 CAP.
2341 285 2426 342 Ill.
2465 287 2698 342 HOMIL.
2737 288 2832 343 XI.

3569 295 3676 351 268

2103 401 2256 469 ἰσχὺν
2305 401 2398 454 καὶ
2441 403 2617 473 ψυχὴν
2663 405 2753 457 καὶ
2795 405 2952 475 σῶμα
2983 406 3296 478 συστρέφει,
3323 409 3459 480 πρὸς
3490 412 3677 482 ἕτερον

2100 493 2196 561 μὲν
2233 494 2384 547 οὐδὲν
2412 494 2571 566 ὀρῶν,
2603 495 2739 567 πρὸς
2762 497 2819 550 δὲ
2867 497 2926 550 τὸ
2971 497 3221 568 βραϐεῖον
3249 500 3427 570 μόνον.
3458 503 3520 556 Εἰ
3553 504 3610 557 δὲ
3639 505 3668 556 6

2094 586 2304 640 διώκων
2336 588 2565 652 Παῦλος,
2593 590 2621 642 6
2651 588 2887 641 τοσαῦτα
2922 589 3131 654 παθὼν,
3164 590 3246 644 ἐτι
3284 592 3471 664 φησὶν,
3492 597 3561 648 El
3576 599 3674 650 καὶ

2095 677 2426 732 καταλάϐωδ
2458 679 2510 731 τί
2540 679 2605 734 ἂν
2632 681 2879 750 εἴποιμεν
2912 683 3074 751 ἡμεῖς
3103 683 3152 735 οἱ
3179 683 3634 752 ἀναπεπτωκότες
3659 706 3672 752 ;

2095 765 2226 824 Εἶτα
2272 771 2504 837 δεικνὺς,
2529 773 2610 825 ὅτι
2655 772 2878 844 όφειλῆς
2923 773 2982 826 τὸ
3031 776 3265 846 πρᾶγμά
3315 778 3452 841 ἐστι,
3487 782 3670 852 φησὶν,

2106 860 2224 930 Ἐφ’
2248 855 2297 929 ᾧ
2323 863 2423 916 καὶ
2455 862 2838 932 κατελήφθην
2863 863 2982 919 ὑπὸ
3015 865 3218 934 Ἰησοῦ
3242 869 3522 936 Χριστοῦ.
3551 872 3673 925 Τῶν

2092 953 2477 1024 ἀπολλυμένων
2503 957 2672 1026 ἡμην,
2702 956 2888 1027 φησὶν,
2914 957 3234 1030 ἐπνιγόμην,
3261 959 3485 1031 ἔμελλον
3507 965 3673 1017 ἀπόλ-

2091 1043 2283 1098 λυσθαι
2306 1061 2320 1074 °
2360 1046 2627 1100 κατέλαϐέ
2659 1064 2727 1117 με
2762 1049 2790 1100 6
2816 1047 2981 1112 Θεός·
3026 1049 3121 1104 καὶ
3156 1052 3266 1123 γὰρ
3313 1054 3475 1118 αὐτὸς
3523 1057 3672 1126 ἡμᾶς

2091 1133 2280 1187 ἐδίωκε
2314 1135 2617 1205 φεύγοντας
2665 1137 2828 1190 αὐτὸν
2864 1139 3002 1207 μετὰ
3036 1139 3237 1212 πολλῆς
3282 1143 3383 1214 τῆς
3411 1148 3666 1215 σπουδῆς,

2089 1223 2187 1278 Διά
2216 1226 2405 1279 τούτου
2444 1226 2618 1281 ταῦτα
2650 1227 2827 1282 πάντα
2860 1229 3156 1301 παρίστησι
3179 1248 3194 1262 ’
3228 1233 3306 1302 τῷ
3329 1236 3438 1308 γὰρ
3468 1239 3664 1301 εἰπεῖν,

2087 1316 2166 1368 ὅτι
2191 1319 2611 1387 Κατελήςρθην,
2645 1319 2812 1384 ἔδειξε
2841 1321 3044 1374 καὶτοῦ
3071 1322 3394 1395 βουλομένου
3425 1331 3663 1383 καταλα-

2089 1407 2201 1462 ϐεῖν
2243 1409 2343 1479 τὴν
2384 1410 2637 1481 σπουδὴν,
2671 1411 2764 1465 καὶ
2811 1412 2970 1483 ἡμῶν
3018 1413 3118 1486 τὴν
3165 1415 3517 1491 ἀποστροφὴν
3566 1423 3666 1492 τὴν

2087 1502 2288 1572 πολλὴν
2319 1503 2413 1556 καὶ
2444 1503 2542 1576 τὴν
2577 1504 2808 1576 πλάνην,
2838 1510 2931 1559 καὶ
2964 1507 3044 1559 ὅτι
3073 1508 3234 1562 αὐτὸν
3262 1511 3589 1584 ἐφεύγομεν.

2155 1595 2216 1648 δ’.
2242 1596 2332 1648 Διὸ
2359 1598 2452 1649 καὶ¹
2477 1596 2734 1668 δακρύειν
2757 1597 2924 1662 ἀξιον,
2943 1600 3022 1653 ὅτι
3050 1601 3268 1656 πάντων
3295 1605 3374 1667 εἰς
3401 1607 3499 1675 τὴν
3529 1625 3664 1677 προ-

2083 1685 2244 1756 τέραν
2289 1686 2622 1739 κατάστασιν
2675 1686 2838 1742 πάλιν
2888 1688 3172 1754 ἐλθόντων,
3202 1692 3296 1745 καὶ
3334 1694 3416 1747 ὅτι
3463 1697 3663 1768 πολλῆς

2083 1778 2305 1847 ὀφειλῆς
2327 1778 2494 1833 όντων
2525 1779 2681 1850 ἡμῶν
2707 1780 3044 1846 ὑπευθύνων,
3061 1783 3234 1848 οὐδεὶς
3261 1787 3467 1852 πενθεῖ,
3490 1791 3662 1854 οὐδεὶς

2081 1869 2326 1940 δακρύει,
2367 1871 2541 1934 οὐδεὶς
2589 1870 2854 1935 στενάζει.
2883 1874 2994 1927 Καὶ
3049 1876 3124 1946 μὴ
3175 1880 3464 1950 καταγνῷς
3502 1884 3662 1954 εἰρω-

2082 1961 2230 2014 νείαν
2260 1959 2354 2013 τοῦ
2382 1961 2540 2030 λόγου
2561 1977 2573 1992 ·
2606 1961 2794 2034 ὥσπερ
2821 1963 2930 2037 γὰρ
2965 1965 3070 2036 πρὸ
3099 1967 3198 2037 τῆς
3237 1973 3538 2040 παρουσίας
3566 1977 3661 2028 τοῦ

2082 2051 2316 2120 Χριστοῦ
2360 2053 2450 2106 τὸν
2497 2053 2629 2106 Θεὸν
2675 2055 2997 2126 ἐφεύγομεν,
3030 2055 3172 2111 οὕτω
3200 2060 3471 2133 φεύγομεν
3500 2067 3661 2120 αὑτὸν

2083 2142 2176 2194 καὶ
2203 2142 2327 2195 νῦν’
2362 2142 2585 2211 φεύγειν
2615 2143 2724 2215 γάρ
2765 2145 2879 2198 ἔστι
2909 2146 3000 2200 τὸν
3031 2146 3184 2210 Θεὸν,
3219 2150 3280 2202 οὐ
3307 2150 3457 2222 τόπῳ
3494 2153 3660 2224 (παν-

2081 2233 2246 2303 ταχοῦ
2276 2233 2387 2304 γάρ
2413 2235 2574 2305 ἐστι),
2610 2235 2746 2288 ἀλλά
2784 2238 2898 2300 τοῖς
2931 2236 3132 2308 ἔργοις.
3161 2239 3271 2293 Καὶ
3300 2242 3381 2295 ὅτι
3419 2243 3518 2296 ούκ
3543 2243 3661 2299 ἔστι

2081 2326 2504 2396 φεύγειντᾶκουε
2528 2326 2623 2380 τοῦ
2646 2329 2927 2399 προφήτου
2950 2329 3223 2398 λέγοντος,
3243 2333 3368 2387 Ποῦ
3389 2337 3659 2402 πορευθῶ

2079 2417 2196 2471 ἀπὸ
2226 2417 2332 2472 τοῦ
2365 2419 2704 2486 πνεύματός
2728 2432 2865 2484 σου,
2892 2419 2992 2474 καὶ
3028 2421 3147 2474 ἀπὸ
3192 2424 3298 2477 τοῦ
3332 2424 3657 2491 προσώπου

2079 2523 2196 2562 σου
2230 2509 2348 2564 ποῦ
2375 2509 2540 2578 φύγω
2558 2525 2576 2571 ;
2606 2509 2731 2572 Πῶς
2761 2506 2854 2563 οὖν
2883 2509 2996 2564 ἔστι
3030 2515 3222 2580 φυγεῖν
3250 2514 3340 2567 τὸν
3367 2516 3531 2582 Θεόν;
3569 2519 3656 2580 Ὠς

2079 2600 2192 2654 ἔστι
2233 2603 2420 2672 πόρρω
2446 2602 2702 2671 γενέσθαι
2731 2602 2822 2655 τοῦ
2851 2602 3006 2667 Θεοῦ,
3027 2605 3100 2668 ῶς
3122 2604 3233 2658 ἔστι
3260 2603 3654 2677 μακρυνθῆναιο

2083 2695 2146 2744 Οἱ
2195 2693 2305 2762 γὰρ
2353 2694 2765 2762 μακρύνοντες
2808 2693 3083 2759 ἑαυτοὺς,
3122 2697 3306 2767 φησὶν,
3346 2699 3464 2752 ἀπὸ
3514 2700 3650 2766 σοῦ,

2077 2783 2478 2836 ἀπολοῦνται·
2529 2783 2622 2836 καὶ
2673 2784 2870 2849 πάλιν,
2930 2786 3075 2854 Οὐχὶ
3131 2789 3204 2842 τὰ
3267 2789 3655 2859 ἁμαρτήματα

2077 2875 2244 2944 ὑμῶν
2285 2875 2599 2930 διιστῶσιν
2645 2877 2762 2932 ἀνὰ
2785 2879 3152 2952 μέσοντέμοῦ
3181 2882 3279 2934 καὶ
3301 2882 3502 2951 ὑμῶν;
3532 2886 3654 2950 Πῶς

2076 2962 2168 3020 οὖν
2201 2966 2410 3035 γίνεται
2434 2969 2494 3020 τὸ
2523 2969 2930 3040 μακρυνθῆναι;
2958 2970 3076 3034 πῶς
3102 2970 3310 3039 γίνεται
3338 2973 3648 3041 διάστασις;

2076 3058 2403 3129 Προαιρέσει
2453 3060 2546 3112 καὶ
2589 3059 2766 3132 ψυχῇ·
2804 3061 2952 3131 τόπῳ
2987 3061 3095 3132 γὰρ
3120 3064 3218 3116 ούκ
3250 3065 3325 3118 ἔνι
3353 3081 3367 3095 ⁸
3398 3067 3513 3130 πῶς
3543 3068 3651 3141 γὰρ

2074 3148 2139 3202 ἄν
2185 3166 2270 3212 τις
2318 3149 2408 3203 τὸν
2456 3150 2732 3221 πανταχοῦ
2782 3153 3032 3223 παρόντα
3076 3153 3299 3224 φεύγοι;
3367 3158 3426 3210 '0
3474 3159 3651 3214 τοίνυν

2076 3244 2397 3314 ἁμαρτωλὸς
2441 3243 2652 3312 φεύγει.
2691 3243 2862 3297 Τοῦτό
2904 3245 3049 3298 ἐστιν
3096 3246 3124 3298 ὅ
3172 3263 3334 3317 φησιν
3373 3250 3646 3324 ἡ-Γραφὴ,

2074 3338 2280 3407 Φεύγει
2311 3341 2344 3392 ό
2366 3337 2612 3405 ἀσεϐὴς,
2635 3337 2896 3408 μηδενὸς
2920 3335 3257 3406 διώκοντος.
3288 3342 3498 3411 Σφόδρα
3522 3345 3651 3412 φεύ-

2073 3446 2242 3500 γομεν
2282 3429 2374 3482 τὸν
2421 3430 2574 3494 Θεὸν,
2600 3429 2778 3482 καίτοι
2811 3427 2898 3481 ἀελ¹
2925 3426 3190 3484 διώκοντα
3217 3431 3362 3502 ἡμᾶς
3389 3434 3570 3489 αὐτόν.
3589 3437 3650 3486 ὐ

2075 3521 2394 3584 Ἀπόστολος
2422 3521 2664 3583 ἐδίωκεν,
2696 3521 2782 3574 ἵνα
2817 3523 2983 3590 ἐγγὺς
3003 3521 3165 3575 αὐτοῦ
3192 3523 3415 3594 γένηται
3435 3541 3449 3555 ο
3482 3527 3646 3596 ἡμεῖς

2071 3612 2359 3682 διώκομεν,
2391 3612 2478 3664 ἵνα
2505 3612 2692 3682 πόρρω
2721 3610 3006 3682 γενώμεθα
3025 3627 3037 3640 ·
3066 3609 3176 3684 ἆρα
3204 3613 3303 3667 οὐκ
3332 3614 3455 3680 ἄξια
3477 3615 3647 3669 ταῦτα

2073 3704 2316 3774 θρήνων;
2357 3699 2467 3774 ἆρα
2491 3702 2590 3756 οὐκ
2617 3702 2740 3769 ἄξια
2763 3703 3047 3774 δακρύων;
3078 3704 3187 3757 Ποῦ
3218 3705 3458 3775 φεύγεις,
3494 3707 3644 3760 ἄθλιε

2071 3798 2166 3851 καὶ
2193 3795 2535 3868 ταλαίπωρε;
2566 3793 2670 3847 ποῦ
2703 3794 2922 3864 φεύγεις
2966 3796 3064 3866 τὴν
3107 3796 3250 3870 ζωὴν
3281 3799 3374 3852 καὶ
3407 3800 3506 3872 τὴν
3537 3818 3641 3853 σω-

2069 3888 2266 3959 τηρίαν
2290 3888 2387 3958 τὴν
2422 3887 2562 3956 sfw;
2596 3887 2692 3940 Ἂν
2729 3886 2818 3939 τὸν
2845 3886 2975 3938 Θεὸν
3007 3887 3204 3960 φύγῃς,
3238 3889 3374 3960 πρὸς
3401 3890 3520 3944 τίνα
3546 3910 3644 3945 κα-

2067 3979 2343 4051 ταφεύξῃς
2379 3979 2445 4032 ἂν
2470 3978 2532 4031 τὸ
2563 3976 2679 4048 φῶς
2709 3978 2908 4051 φύγῃς,
2943 3979 3044 4032 ποῦ
3071 3981 3406 4052 διαϐλέψεις
3443 3985 3508 4039 ἂν
3543 3989 3641 4056 τὴν

2069 4073 2215 4142 ζωὴν
2239 4069 2438 4143 φύγῃς,
2461 4069 2623 4122 πόθεν
2649 4069 2786 4141 ζήσῃ
2813 4069 3026 4137 λοιπόν;
3053 4071 3316 4143 Φύγωμεν
3338 4076 3427 4129 τὸν
3449 4077 3641 4149 ἐχθρὸν

2065 4164 2164 4233 τῆς
2214 4163 2485 4233 σωτηρίας
2533 4161 2634 4231 τῆς
2678 4162 2972 4232 ἡμετέρας.
3002 4163 3167 4218 Ὅταν
3212 4165 3636 4238 ἀμαρτάνωμεν,

2069 4256 2342 4327 φεύγομεν
2365 4254 2472 4308 άπὸ
2493 4253 2585 4308 τοῦ
2614 4254 2770 4318 Θεοῦ,
2793 4255 3216 4327 δραπετεύομεν,
3246 4261 3326 4322 είς
3353 4260 3638 4332 ἀλλοτρίαν

2065 4346 2417 4419 ἀπερχόμεθα
2461 4347 2584 4416 γῆν,
2612 4347 2861 4416 καθάπερ
2890 4349 3096 4412 ἐκεῖνος
3133 4351 3162 4402 6
3205 4353 3541 4421 καταφαγὼν
3568 4355 3638 4408 τὰ

2067 4439 2377 4508 ὑπάρχοντα
2417 4436 2487 4490 τά
2528 4437 2775 4507 πατρῷα,
2809 4440 2905 4492 καὶ
2950 4439 3202 4493 ἀπελθὼν
3239 4445 3319 4506 είς
3352 4443 3638 4516 ἀλλοτρίαν

2064 4531 2188 4598 γῆν,
2215 4531 2243 4582 6
2267 4527 2652 4591 καταναλώσας
2675 4529 2855 4582 πᾶσαν
2884 4529 2982 4601 τὴν
3011 4533 3283 4601 πατρικὴν
3310 4535 3518 4601 οὐσίαν,
3543 4539 3638 4592 καὶ

2064 4625 2121 4675 ἐν
2143 4621 2285 4691 λιμῷ
2311 4619 2686 4688 ζῶν.Ἕχομεν
2713 4614 2804 4672 οὖν
2832 4621 3106 4691 πατρικὴν
3123 4623 3308 4678 οὐσίαν
3336 4627 3429 4679 καὶ
3450 4629 3630 4697 ἡμεῖς.

2064 4713 2229 4766 Ποίαν
2257 4711 2322 4783 δὴ
2357 4709 2598 4782 ταύτην;
2645 4710 2977 4782 Ἀπήλλαξεν
3003 4714 3151 4784 ἡμᾶς
3181 4716 3290 4770 τῶν
3315 4718 3638 4791 ἁμαρτημά-

2062 4823 2189 4868 των,
2237 4802 2527 4874 ἐχαρίσατο
2559 4803 2690 4873 ἡμῖν
2737 4803 2964 4874 δύναμιν
2986 4845 3001 4868 ,
3039 4807 3190 4876 ἰσχὺν
3235 4808 3372 4878 πρὸς
3403 4811 3503 4880 τὴν
3535 4813 3636 4883 τῆς

2062 4895 2262 4966 ἀρετῆς
2309 4893 2589 4966 ἐργασίαν,
2623 4893 2914 4965 ἐχαρίσατο
2963 4895 3097 4965 ἡμῖν
3147 4897 3474 4969 προθυμίαν,
3506 4903 3636 4955 ὑπο-

2063 4989 2253 5058 μονὴν,
2285 4989 2342 5040 ἐν
2386 4985 2465 5056 τῷ
2510 4985 2847 5056 βαπτίσματι
2888 4987 3180 5058 ἐχαρίσατο
3229 4993 3361 5060 ἡμῖν
3410 4994 3638 5064 Πνεῦμα

2061 5077 2214 5144 ἆγιον
2233 5093 2246 5108 ·
2276 5076 2342 5128 ἂν
2369 5073 2545 5128 ταῦτα
2578 5073 2726 5148 [289]
2755 5076 3242 5148 καταναλώσωμεν,
3273 5080 3330 5132 ἐν
3356 5079 3500 5150 λιμῷ
3521 5080 3658 5133 λοιο.

2062 5168 2162 5220 πὸν
2209 5166 2460 5237 ἐσόμεθα.
2488 5166 2754 5238 Καθάπερ
2799 5167 2909 5240 γὰρ
2958 5169 3007 5222 οι
3052 5169 3352 5237 νοσοῦντες,
3390 5173 3495 5235 ἕως
3536 5175 3635 5242 μὲν

2061 5258 2128 5313 ἂν
2170 5261 2425 5328 πυρετοῖς
2475 5257 2800 5328 ἐνοχλῶνται
2838 5259 2933 5312 καὶ
2965 5259 3153 5329 χυμῶν
3183 5261 3370 5331 κακίᾳ,
3398 5262 3520 5314 οὐδὲ
3553 5262 3633 5316 δι-

2059 5352 2376 5421 αναστῆναι,
2407 5350 2526 5403 οὐδὲ
2568 5351 2927 5422 ἐργάσασθαι,
2956 5352 3076 5404 οὐδὲ
3120 5352 3321 5420 πρᾶξαί
3356 5367 3407 5404 τι
3437 5352 3631 5405 δύναν-

2058 5459 2149 5496 ται
2169 5457 2182 5470 ⁸
2220 5441 2287 5495 ἂν
2312 5441 2370 5494 δέ
2393 5458 2478 5503 τις
2503 5442 2699 5505 αὐτοὺς
2721 5440 3002 5513 ἀπαλλάξῃ
3033 5443 3128 5495 καὶ
3164 5444 3242 5505 εἰς
3273 5442 3460 5509 ὑγείαν
3489 5443 3629 5510 ἀγά-

2059 5551 2152 5604 γῃ,
2179 5528 2298 5587 εἶτα
2345 5532 2421 5604 μὴ
2463 5534 2819 5606 ἐργάζωνται,
2855 5536 3008 5606 παρὰ
3055 5534 3154 5603 τὴν
3197 5535 3403 5589 οἰκείαν
3451 5537 3630 5590 αὐτῶν

2058 5621 2219 5676 τοῦτο
2240 5622 2450 5691 γίνεται
2486 5622 2757 5694 ρᾳθυμίαν
2777 5641 2789 5654 ·
2817 5623 2960 5677 οὕτω
2986 5622 3048 5694 δὴ
3078 5625 3171 5676 καὶ
3198 5625 3282 5692 ἐφ’
3305 5626 3336 5694 ἡ
3347 5624 3482 5693 μῶν.
3501 5626 3629 5679 Ἐπ-

2063 5715 2238 5769 ἐκειτο
2265 5715 2397 5785 ἡμῖν
2436 5713 2588 5779 νόσος
2621 5715 2827 5786 χαλεπὴ
2862 5714 2951 5770 καὶ
2980 5715 3212 5788 πυρετὸς
3238 5716 3462 5788 σφοδρός
3486 5734 3498 5748 ο
3536 5720 3629 5778 καὶ
