4108 6410
427 326 533 383 269

428 408 685 516 ἐκείεῗεθα
710 444 809 497 οὐκ
846 442 940 496 ἐπὶ
967 442 1176 512 κλίνης,
1208 443 1323 496 ἁλλ’
1346 444 1438 496 ἐπὶ
1466 444 1564 514 τῆς
1591 444 1789 505 κακίας
1814 443 2007 513 αὐτῆς,

425 538 683 607 καθάπερ
714 538 773 589 ἐν
803 536 1027 605 κοπρίᾳ,
1053 537 1120 606 τῇ
1169 536 1407 605 πονηρία
1437 535 1781 606 ἐρριμμένοι,
1830 535 2011 605 ἡλκω-

429 628 602 699 μένοι,
633 625 894 690 δυσωδίας
926 625 1203 695 ἀνάπλεῳ,
1230 624 1572 694 αὐχμῶντες,
1602 625 2013 695 κατατρυχόμε-

426 736 527 782 νοι,
560 717 754 771 εἴδωλα
786 716 987 788 μᾶλλον
1030 716 1203 781 ὅντες,
1235 716 1267 787 ἢ
1298 715 1593 788 ἄνθρωποι.
1627 716 2012 787 Περιειστήκε-

425 830 522 865 σαν
568 812 719 881 ἡμᾶς
765 810 1017 882 δ’ίμονες
1067 812 1334 883 πονηροὶ,
1372 813 1400 864 6
1436 810 1621 881 ἄρχων
1656 809 1751 862 τοῦ
1800 809 2008 880 κόσμου

423 904 612 958 τούτου
654 904 849 973 γελῶν,
883 901 1461 975 ἐπεμϐαίνων.*Η).θεν
1497 904 1526 955 6
1554 902 1649 956 τοῦ
1677 902 1812 956 Θεοῦ
1838 904 2009 956 Μονο-

424 997 604 1067 γενὴς.
633 996 815 1065 ἀφῆκε
860 994 960 1058 τὰς
988 996 1213 1058 ἀκτῖνας
1242 997 1341 1066 τῆς
1371 995 1673 1066 παρουσίας
1692 994 1880 1055 αὐτοῦ,
1916 992 2011 1048 καὶ

424 1088 513 1141 τὸν
544 1086 705 1154 ζόφον
732 1086 933 1149 εὐθέως
962 1086 1268 1157 ἀπήλασεψ
1299 1081 1429 1157 ἦλθε
1464 1084 1598 1156 πρὸς
1624 1086 1773 1156 ἡμᾶς
1801 1085 1830 1137 6
1857 1084 2010 1155 βασι-

424 1176 548 1240 λεὺς
582 1180 611 1230 6
651 1175 725 1229 ὢν
774 1178 831 1230 ἐν
882 1177 961 1248 τῷ
1011 1177 1185 1249 θρόνῳ
1216 1176 1489 1247 πατρικῷ,
1516 1177 1607 1230 τὸν
1634 1175 1823 1246 θρόνον
1847 1175 2009 1246 ἀφείς

424 1270 515 1324 τὸν
544 1270 806 1341 πατρικὸν
838 1270 988 1342 (ὅταν
1009 1270 1088 1335 δέ,
1114 1270 1295 1340 ἀφεὶς,
1325 1271 1464 1324 είπω
1484 1310 1498 1333 ,
1536 1270 1611 1341 μὴ
1649 1268 1809 1323 πάλιν
1839 1269 2007 1339 μετά-

426 1379 615 1416 στασιν
648 1362 907 1435 νομίσῃςο
946 1362 1039 1415 τὸν
1064 1363 1174 1432 γὰρ
1201 1362 1429 1434 οὐρανὸν
1461 1362 1555 1414 καὶ
1582 1362 1683 1432 τὴν
1713 1362 1815 1431 γῆν
1847 1360 2007 1425 αὐτὸς

424 1454 625 1525 πληροῖ
645 1471 658 1484 ο
692 1454 828 1526 ἀλλά
853 1454 943 1507 διὰ
970 1454 1068 1526 τὴν
1102 1455 1417 1526 οἰκονομίαν
1440 1454 1601 1508 τοῦτὸ
1635 1472 1777 1525 φημι
1798 1455 1846 1525 )·
1873 1450 2006 1526 ἦλθε

424 1523 563 1617 πρὸς
609 1523 802 1617 ἐχθρὸν
831 1546 921 1599 τὸν
955 1523 1215 1616 μισοῦντα
1245 1523 1430 1609 αὐτὸν,
1458 1547 1549 1599 τὸν
1590 1523 2006 1615 ἀποστρεφόμε-

422 1656 529 1701 νον,
548 1638 638 1691 τὸν
664 1638 783 1691 οὐδὲ
814 1639 942 1691 ίδεῖν
961 1638 1123 1691 αὐτὸν
1147 1638 1493 1709 ἀνεχόμενον,
1510 1638 1602 1690 τὸν
1624 1638 1744 1691 καθ’
1766 1638 2004 1707 ἐκάστην

423 1730 583 1783 αὐτὸν
640 1729 1063 1800 βλασφημοῦντα
1108 1730 1207 1800 τὴν
1252 1731 1486 1801 ἡμέραν.
1522 1724 1677 1783 Εἷδεν
1708 1731 1765 1782 ἐν
1801 1730 2006 1801 κοπρίᾳ

424 1822 695 1890 κείμενον,
726 1820 994 1890 σκώληξιν
1020 1822 1356 1892 ἡλκωμένον,
1389 1826 1660 1893 πυρετοῖς,
1692 1823 1837 1895 λιμῷ
1872 1842 2007 1877 κατ-

422 1915 702 1983 εχόμενον,
736 1916 844 1967 πᾶν
872 1908 1011 1977 εἶδος
1055 1914 1249 1985 ἔχοντα
1275 1916 1455 1972 νόσου.
1489 1916 1596 1969 Καὶ
1633 1916 1743 1986 γὰρ
1776 1917 1870 1969 καὶ
1900 1934 2006 1969 πυ-

426 2008 577 2075 ρεττις
630 2004 881 2076 ἠνώχλει,
929 2005 1088 2059 τοῦτο
1143 2005 1253 2077 γὰρ
1303 2006 1572 2077 ἐπιθυμίαν
1614 2008 1857 2080 πονηρὰ,
1910 2008 2007 2062 καὶ

423 2099 725 2182 φλεαμοναὶ
768 2100 1073 2163 ἐπέκειντο,
1102 2098 1260 2152 τοῦτο
1309 2100 1418 2170 γὰρ
1467 2096 1501 2171 ἡ
1550 2100 1800 2165 ἀπόνοια,
1835 2102 1930 2154 καὶ
1970 2102 2004 2173 ἡ

423 2191 677 2261 βουλιμία
704 2208 788 2254 τις
816 2192 850 2261 ή
884 2191 1150 2261 λεγομένη
1181 2194 1425 2262 κατεῖχε,
1447 2192 1604 2246 τοῦτο
1626 2193 1734 2264 γάρ
1757 2194 1790 2264 ἡ
1814 2192 2007 2246 πλεον-

420 2281 562 2347 εξία,
591 2283 686 2336 καὶ
721 2282 1014 2353 σηπεδὸνες
1044 2282 1329 2349 πάντοθεν,
1362 2283 1517 2337 τοῦτο
1546 2285 1655 2355 γὰρ
1687 2287 1720 2356 ὴ
1752 2286 2003 2357 πορνεία,

420 2374 516 2428 καὶ
557 2375 806 2445 πήρωσις
849 2372 1165 2444 ὀφθαλμῶν,
1203 2376 1362 2428 τοῦτο
1410 2376 1518 2447 γὰρ
1564 2376 2000 2449 είδωλολατρεία,

418 2466 514 2520 καὶ
539 2464 794 2536 κώφωσις
829 2465 922 2519 καὶ
967 2466 1345 2537 παραπληξία,
1375 2467 1533 2521 τοῦτο
1577 2468 1687 2539 γὰρ
1730 2468 1793 2520 τὸ
1831 2485 2002 2538 προσ-

418 2560 602 2610 κυνεῖν
624 2556 790 2621 λίθοις
813 2556 909 2611 καὶ
937 2556 1116 2623 ξύλοις
1136 2558 1229 2612 καὶ
1251 2559 1477 2622 ἐκείνοις
1500 2559 1999 2630 προσφθέγγεσθαι,

417 2650 515 2701 καὶ
545 2648 812 2702 δυσείδεια
847 2647 1041 2719 πολλὴ,
1072 2648 1233 2703 τοῦτο
1258 2649 1367 2720 γάρ
1393 2649 1592 2703 κακία·
1619 2650 1783 2720 ἀηδές
1809 2668 1883 2713 τι,
1908 2653 2001 2706 καὶ⁴

417 2740 570 2802 νόσος
588 2739 968 2810 χαλεπωτάτη.
990 2736 1112 2794 Εῐδε
1137 2742 1321 2811 χεῖρον
1345 2741 1506 2796 πάλιν
1527 2741 1637 2795 τῶν
1659 2744 2002 2813 μαινομένων

418 2830 824 2902 φθεγγομένους
870 2832 1036 2902 ἡμᾶς,
1071 2833 1167 2886 καὶ
1210 2832 1272 2885 τὸ
1318 2832 1475 2897 ξύλον
1511 2833 1632 2886 θεὸν
1676 2834 1998 2899 καλοῦντας,

418 2922 512 2974 καὶ
554 2923 649 2975 τὸν
690 2922 836 2976 λίθον
877 2922 1114 2993 ὁμοίως·
1158 2919 1298 2977 εἶδεν
1326 2926 1383 2977 ἐν
1414 2924 1651 3000 τοσαύτῃ
1673 2926 1862 2998 κακίᾳ,
1905 2927 2002 2981 καὶ

416 3016 519 3068 οὐκ
556 3014 900 3081 ἐϐδελύξατο,
931 3016 1031 3068 οὐκ
1081 3015 1464 3087 ἐδυσχέρανεν,
1494 3016 1597 3070 οὐκ
1647 3016 2001 3087 ἀπεστράφη,

416 3107 525 3160 οὐκ
552 3108 781 3177 ἐμίσησε
803 3126 817 3140 ·
850 3108 1129 3179 Δεσπότης
1166 3109 1272 3180 γάρ
1298 3104 1390 3179 ἦν,
1420 3109 1514 3162 καὶ
1534 3109 1595 3161 τὸ
1615 3109 1747 3162 ίδιον
1776 3108 2005 3180 πλάσμα

416 3196 518 3249 οὐκ
566 3197 635 3250 ἂν
680 3197 961 3267 ἐμίσησεν.
981 3197 1142 3250 Ἀλλά
1170 3199 1222 3250 τί
1251 3200 1428 3265 ποιεῖ;
1474 3198 1744 3268 Καθάπερ
1782 3197 2003 3269 ἄριστος

420 3287 605 3359 ἰατρὸς
662 3286 1060 3352 κατασκευάζει
1110 3288 1377 3360 φάρμακα
1428 3288 1626 3343 πολλοῦ
1682 3288 1807 3354 ἀξια
1835 3330 1852 3355 ,
1905 3289 2004 3344 καὶ

416 3383 633 3454 πρῶτος
684 3382 863 3436 αὐτῶν
918 3383 1278 3453 ἀπογεύεται·
1328 3383 1425 3457 τὴν
1472 3382 1581 3452 γάρ
1611 3383 1812 3455 ἀρετὴν
1838 3383 2002 3446 αὐτὸς

418 3475 637 3547 πρῶτος
667 3475 922 3546 μετῆλθε,
942 3476 1039 3531 καὶ
1065 3474 1237 3539 οὕτως
1266 3477 1397 3546 ἡμῖν
1431 3475 1620 3532 ἔδωκε.
1641 3476 1749 3527 Καὶ
1782 3475 2000 3546 πρῶτον

394 3566 670 3639 ’καθάπερ
712 3566 984 3620 ἀντίδοτόν
1014 3584 1067 3619 τι
1098 3568 1385 3637 φάρμακον
1435 3564 1604 3619 ἐδωκε
1650 3563 1710 3617 τὸ
1753 3564 1996 3636 λουτρὸν,

348 3704 349 3707 η
419 3658 513 3711 καὶ
537 3656 680 3711 οὕτω
705 3659 884 3711 πᾶσαν
912 3658 1201 3729 ἡμέσαμεν
1225 3656 1442 3720 κακίαν,
1468 3656 1563 3710 καὶ
1589 3656 1767 3709 πάντα
1794 3657 2000 3725 ἐφυγα-

417 3748 582 3820 δεύθη
609 3748 827 3819 ἀθρόον,
860 3749 954 3803 καὶ
976 3751 1009 3819 ἡ
1034 3749 1310 3819 φλεγμονὴ
1336 3746 1635 3814 ἐπαύσατο,
1660 3748 1755 3801 καὶ⁹
1775 3749 1804 3801 6
1826 3766 1996 3820 πυρε-

419 3843 510 3906 τὸς
528 3841 784 3912 ἐσῧέσθη,
806 3842 902 3894 καὶ
928 3843 982 3893 αί
1009 3841 1299 3912 σηπεδόνες
1322 3841 1653 3912 ἐκαύθησαν.
1673 3841 1861 3895 Πάντα
1886 3841 1997 3911 γὰρ

421 3933 515 3984 καὶ
557 3930 627 3984 τὰ
660 3930 770 3983 ἀπὸ
799 3931 1134 3997 πλεονεξίας,
1165 3930 1259 3983 καὶ
1301 3931 1368 3990 τὰ
1402 3931 1511 3984 ἀπὸ
1556 3930 1753 4001 θυμοῦ,
1783 3931 1877 3983 καί¹
1926 3931 1997 3984 τὰ

419 4021 557 4077 ἄλλα
589 4020 736 4076 κακά
762 4018 1003 4091 ἐκενώθη
1026 4020 1114 4075 διὰ
1139 4020 1233 4074 τοῦ
1269 4021 1581 4092 πνεύματος
1605 4038 1619 4052 ο
1646 4020 1997 4092 ἀνεῴχθησαν

1149 323 1199 379 S.
1240 323 1533 380 JOANNIS
1570 321 2067 381 CHRYSOSTOMI
2106 322 2427 379 ARCHIEP.
2463 317 3018 384 CONSTANTINOP.

3584 335 3694 391 270

2113 442 2162 495 οί
2189 441 2481 512 ὀφθαλμοὶ,
2515 443 2727 515 ἀνεῴγη
2758 446 2826 499 τὰ
2850 439 2986 509 ὦτα,
3018 446 3280 518 ἐλάλησεν
3306 448 3446 520 εὔφη
3457 468 3554 521 μον
3580 468 3693 518 φω-

2112 533 2211 603 νὴν
2241 537 2273 604 ἡ
2314 534 2554 602 γλῶσσα,
2591 536 2780 589 ἐλαϐεν
2813 538 2966 607 ίσχὺν
3009 541 3041 609 ἡ
3090 538 3257 610 ψυχὴ,
3289 540 3449 593 ἔλαϐε
3496 541 3693 607 κάλλος

2114 624 2207 676 καὶ
2240 622 2398 688 ἄνθος
2425 624 2486 677 τὸ
2526 626 2687 696 σῶμα
2738 628 2999 693 τοιοῦτον,
3027 623 3141 683 οἷον
3170 631 3316 695 εἰκὸς
3366 632 3493 686 Υἱὸν
3543 634 3683 687 Θεοῦ

2110 714 2371 785 τεχθέντα
2405 716 2601 781 κάλλος
2631 720 2777 789 ἔχειν
2799 719 2907 774 ἀπὸ
2933 726 3034 792 τῆς
3058 723 3153 776 τοῦ
3180 724 3500 793 Πνεύματος
3535 727 3693 798 χάρι-

2110 824 2221 871 τος,
2240 809 2359 862 οἵαν
2389 811 2536 873 είκὸς
2567 810 2724 875 δόξαν
2776 812 2921 883 ἔχειν
2956 815 3070 868 υἱὸν
3094 816 3217 886 ἄρτι
3430 819 3692 889 τεχθέντα

2112 895 2342 966 βασιλεῖ,
2365 900 2459 954 καὶ
2503 902 2561 953 ἐν
2600 902 2877 973 ἁλουργίδι
2918 905 3271 976 τρεφόμενον.
3309 910 3487 976 Οίμοι,
3515 909 3691 979 πόσην

2109 991 2389 1059 εὐγένειαν
2421 994 2552 1064 ἡμῖν
2584 995 2907 1066 ἐχαρίσατοί
2958 998 3120 1068 ἡμεῖς
3142 998 3199 1051 δὲ
3229 1000 3358 1072 περὶ
3399 1000 3489 1054 τὸν
3517 999 3690 1064 οὕτως

2109 1081 2257 1151 ἡμᾶς
2320 1081 2623 1152 φιλήσαντα
2682 1084 2966 1156 ἀχάριστοι
3028 1087 3284 1159 μένομεν.
3338 1090 3688 1162 Ἐτέχθημεν,

2110 1172 2453 1242 ἐτράφημεν,
2480 1174 2929 1246 εὐεργετήθημεν
2956 1192 2968 1204 ·
3001 1176 3055 1230 τί
3091 1178 3254 1231 πάλιν
3282 1179 3558 1249 φεύγομεν
3596 1181 3691 1250 τὸν

2109 1262 2439 1333 εὐεργέτην;
2486 1264 2545 1317 '0
2592 1264 2773 1318 τοίνυν
2819 1265 2991 1320 ταῦτα
3042 1268 3221 1322 πάντα
3271 1272 3542 1341 ποιήσας,
3593 1273 3690 1325 καὶ

2112 1353 2264 1423 ἰσχὺν
2310 1354 2554 1408 δίδωσιν
2586 1356 2647 1409 οὐ
2678 1356 2787 1428 γὰρ
2828 1358 2956 1428 ἐνῆν
3010 1361 3408 1431 κατεχομένους
3432 1362 3510 1434 τῷ
3531 1364 3691 1433 νοσή-

2111 1463 2239 1514 ματι
2284 1447 2549 1516 ἐνεγκεῖν,
2577 1451 2626 1502 εί
2676 1450 2750 1520 μὴ
2798 1451 2959 1517 αὐτὸς
3007 1454 3141 1522 ἡμῖν
3186 1453 3353 1507 ἔδωκε
3381 1454 3479 1525 τὴν
3513 1456 3685 1526 ίσχύν.

2111 1535 2319 1590 Ἔδωκε
2372 1540 2480 1591 τῶν
2530 1540 2944 1612 ἁμαρτημάτων
2970 1543 3068 1614 τὴν
3093 1545 3309 1613 ἄφεσιν,
3346 1546 3690 1617 ὴθετήσαμεν

2105 1629 2204 1699 τὴν
2252 1630 2498 1700 δωρεάν*
2545 1631 2745 1687 έδωκεν
2792 1636 2925 1705 ἡμῖν
2969 1634 3235 1700 πλοῦτον,
3282 1639 3689 1709 ἐσκορπίσαμεν

2109 1720 2313 1783 αὐτὸν,
2364 1721 2746 1793 κατεφάγομεν
2795 1722 3043 1777 ἅπαντα⁹
3089 1724 3289 1778 ἔδωκεν
3331 1728 3461 1796 ἡμῖν
3510 1727 3685 1796 ίσχὺν,

2107 1810 2465 1881 ἀνηλώσαμεν
2494 1814 2662 1883 αὐτήν
2683 1830 2696 1842 ’
2721 1813 2923 1869 ἔδωκεν
2946 1817 3077 1886 ἡμῖν
3100 1818 3367 1887 χάρισμα,
3386 1817 3689 1888 ἐσϐέσαμεν

2106 1902 2256 1959 αὐτό.
2290 1904 2443 1968 Πῶς;
2474 1904 2853 1975 Ἀνηλὼσαμεν
2882 1907 2963 1971 είς
2990 1908 3141 1960 οὐδὲν
3169 1908 3308 1971 δέον,
3333 1908 3688 1978 ἐχρησάμεθα

2105 1996 2162 2048 ἐν
2209 1997 2380 2049 οὐδενὶ
2426 1998 2703 2069 χρησίμῳ.
2745 1998 2933 2053 Ταῦτα
2982 2000 3131 2070 ἡμᾶς
3180 1999 3454 2064 ἀπώλεσε,
3483 2001 3579 2053 καὶ
3625 1999 3690 2052 τὸ

2104 2089 2323 2141 πάντων
2346 2089 2666 2165 δεινότερον,
2689 2091 2770 2143 ὅτι
2792 2092 2849 2145 ἐν
2874 2090 3130 2165 ἀλλοτρίᾳ
3152 2092 3325 2156 ὄντες,
3345 2093 3441 2146 καὶ
3461 2092 3691 2162 κεράτια

2104 2178 2397 2246 ἐσθίοντες,
2411 2180 2472 2233 οὐ
2485 2179 2737 2249 λέγομεν·
2753 2181 3204 2252 Ἐπιστρέψωμεν
3221 2182 3353 2253 πρὸς
3369 2181 3458 2235 τὸν
3472 2182 3691 2253 Πατέρα

2108 2272 2204 2325 καὶ
2228 2272 2474 2343 εἴπωμεν
2496 2290 2511 2304 ο
2544 2274 2894 2345 Ἠμάρτομεν
2914 2274 3099 2345 είςιτὸν
3121 2275 3350 2347 οὐρανὸν
3378 2275 3473 2329 καὶ
3500 2276 3579 2339 είς
3607 2275 3688 2343 σέ,

2109 2365 2205 2419 καὶ
2248 2366 2469 2437 Πατέρα
2510 2365 2685 2430 οὕτως
2714 2366 2930 2439 ἔχοντες
2956 2367 3329 2440 φιλόστοργον,
3357 2368 3562 2438 σφόδρα
3592 2384 3690 2421 πο-

2105 2456 2302 2511 θοῦντα
2332 2458 2489 2529 ἡμῶν
2521 2458 2621 2529 τὴν
2648 2458 2935 2513 ὲπάνοδονο
2960 2458 3037 2523 ὡς
3071 2459 3139 2513 ἂν
3176 2459 3340 2529 μόνον
3362 2457 3692 2526 ἀποστῶμεν

2101 2548 2201 2619 τῆς
2229 2547 2446 2611 κακίας,
2481 2548 2549 2602 ἂν
2581 2548 2718 2619 πρὸς
2754 2548 2918 2603 αὐτὸν
2943 2548 3331 2619 ἐπανέλθωμεν
3361 2548 3540 2620 μόνον,
3568 2546 3690 2600 οὐδέ

2102 2639 2397 2708 ἐγκαλέσαι
2416 2638 2602 2693 λοιπὸν
2624 2640 2765 2710 ὑπὲρ
2785 2640 2895 2694 τῶν
2917 2640 3201 2711 προτέρων
3221 2640 3506 2711 ἀνέχεται·
3529 2639 3690 2709 μόνον

2101 2729 2458 2800 ἀποστῶμεΨ
2492 2730 2653 2801 ἱκανὴ
2695 2731 2805 2803 γάρ
2850 2731 3115 2801 ἀπολογία
3161 2733 3224 2786 τὸ
3259 2733 3598 2787 ἐπανελθεῖν.
3624 2731 3691 2784 Τί

2101 2822 2265 2891 λέγω,
2301 2822 2596 2891 ἐγκαλέσαι
2628 2824 2729 2877 οὐκ
2761 2823 3047 2895 ἀνέχεται;
3088 2824 3149 2878 οὐ
3199 2825 3361 2896 μόνον
3394 2824 3557 2888 αὐτὸς
3588 2824 3689 2879 οὐκ

2104 2914 2350 2984 ἐγκαλεῖ,
2384 2914 2544 2979 ἀλλὰ,
2592 2914 2695 2969 κᾶν
2744 2915 2930 2988 ἕτερος
2982 2917 3209 2988 ἐγκαλῇ,
3259 2915 3687 2988 ἐπιστομίςεται,

2104 3005 2211 3061 κᾶν
2237 3004 2612 3077 εὐδοκιμηκὼς
2683 3007 2709 3059 6
2729 3007 2998 3075 ἐγκαλῶν.
3030 3008 3242 3062 Οὐκοῦν
3271 3007 3655 3079 ἐπανέλθωμεν
3670 3022 3686 3035 ⁸

2107 3097 2270 3169 μέχρι
2298 3097 2445 3161 τίνος
2471 3097 2854 3169 ἀφιστάμεθας
2881 3098 3138 3171 λάϐωμεν
3168 3099 3421 3171 αἴσθησιν
3448 3099 3547 3171 τῆς
3568 3101 3692 3154 ἀτι-

2109 3189 2259 3260 μίας,
2289 3187 2543 3258 λάϐωμεν
2576 3188 2830 3260 αἴσθησιν
2855 3190 2956 3260 τῆς
2983 3191 3289 3255 εὐτελείαςο
3324 3193 3358 3262 ή
3386 3192 3553 3245 κακία
3573 3192 3690 3262 χοί-

2109 3296 2234 3349 ρους
2286 3274 2425 3333 είναι
2474 3282 2638 3343 ποιεῖ,
2667 3281 2701 3351 ἡ
2749 3282 2918 3335 κακία
2960 3281 3159 3351 λιμδνα
3194 3282 3353 3354 φέρει
3399 3284 3464 3353 τῇ
3512 3282 3679 3353 ψυχῇ.

2120 3370 2581 3443 Ἀνακτησώμεθα
2605 3374 2831 3437 ἐαυτοὺς
2852 3373 2945 3427 καὶ
2975 3373 3360 3445 ἀναλήψωμεν,
3395 3374 3488 3429 καὶ
3518 3376 3689 3428 ἐπαν-

2106 3461 2347 3532 έλθωμεν
2396 3463 2487 3515 ἐπὶ
2533 3462 2632 3533 τὴν
2678 3462 2950 3533 προτέραν
2985 3463 3288 3533 εὐγένειαν,
3320 3463 3406 3517 ἵνα
3437 3464 3689 3534 τύχωμεν

2105 3554 2212 3607 τῶν
2246 3553 2548 3625 μελλόντων
2569 3554 2811 3624 ἀγαθῶν,
2842 3555 3025 3627 χάριτι
3059 3556 3154 3610 καὶ
3182 3556 3561 3628 φιλανθρωπίᾳ
3589 3554 3688 3609 τοῦ

2104 3645 2309 3715 Κυρίου
2338 3645 2495 3716 ἡμῶν
2528 3644 2702 3718 Ἰησοῦ
2733 3647 2968 3719 Χριστοῦ
2989 3688 3004 3714 ,
3037 3647 3154 3720 μεθ’
3174 3642 3235 3703 οὗ
3260 3648 3340 3719 τῷ
3368 3648 3546 3718 Πατρὶ
3568 3649 3686 3719 ἆμα

2101 3737 2181 3809 τῷ
2206 3739 2345 3809 ἀγίῳ
2374 3738 2653 3808 Πνεύματι
2683 3736 2831 3804 δόξα,
2864 3740 3084 3809 κράτος,
3113 3741 3270 3811 τιμὴ,
3299 3740 3395 3796 νῦν
3433 3740 3529 3795 καὶ
3571 3740 3684 3805 ἀεὶ,

2103 3831 2199 3885 καὶ
2225 3832 2306 3895 είς
2330 3832 2458 3896 τοὺς
2486 3832 2689 3896 αἰῶνας
2713 3832 2823 3887 τῶν
2851 3831 3083 3891 αἰώνων.
3102 3834 3296 3906 Ἀμήν.

2170 4031 2198 4059 ⁸
2223 4029 2513 4094 Legendum
2538 4030 2738 4083 videtur
2770 4034 2960 4097 λοιμόν.

420 4250 3664 4280 ——_._______.___________._______________________________

1848 4418 2093 4473 ΟΜΙΛΙΑ
2141 4420 2241 4473 IB'.

430 4555 718 4628 Ἅδελφοί,
747 4555 874 4628 Δ,ἐγὼ
893 4555 1179 4628 ,ἐμαυτὸν-λ
1198 4559 1269 4611 οὺ
1303 4558 1608 4628 λογίζομαι
1639 4559 1995 4628 κατειληφέ-

488 4643 586 4698 ναι
607 4624 717 4698 ’μέν
736 4624 822 4687 δὲ,
846 4625 916 4678 τὰ
944 4624 1055 4698 μέν
1078 4626 1270 4680 ὀπίσω
1287 4624 1853 4698 ἐπιλανθανόμενος,
1870 4624 1997 4695 τοῖς

488 4697 557 4748 δὲ
610 4694 949 4765 ἔμπροσθεν
992 4696 1477 4765 ἐπεκτεινόμενος
1499 4738 1513 4760 ,
1563 4694 1712 4754 κατὰ
1758 4694 1998 4753 σκοπὸν-

490 4765 693 4837 διώκω-
715 4764 813 4837 ἐπί
861 4764 927 4817 τὸ
964 4765 1250 4837 βραϐεῖον
1290 4764 1399 4836 τῆς
1427 4768 1550 4821 ἅνω
1587 4770 1861 4837 κλήσεως
1888 4769 1996 4822 τοῦ

495 4834 641 4887 Θεοῦ
670 4834 738 4887 ἐν
767 4834 996 4902 Χριστῷ
1033 4836 1255 4902 Ἰησοῦ.

492 5015 560 5059 α’.
577 5006 741 5059 Οὐόἐν
765 5004 907 5059 οὕτω
923 5008 1070 5059 κενοί
1084 5008 1483 5079 κατορθώματα
1505 5013 1600 5065 καὶ
1628 5013 1904 5085 ἀποφυσᾷ,
1918 5015 1995 5078 ὡς

424 5099 611 5171 μνήμη
630 5098 738 5151 τῶν
759 5098 1133 5169 εἰργασμένων
1158 5100 1549 5170 ἡμῖν’ἁγαθῶν.
1572 5103 1675 5157 Δύο
1694 5105 1803 5176 γὰρ
1821 5105 1996 5158 τίκτει

422 5191 568 5245 κακά
590 5231 604 5254 ,
637 5188 1040 5261 ρᾳθυμοτέρους
1064 5206 1124 5243 τε
1158 5191 1472 5260 ἐργάζεται,
1508 5196 1603 5248 καὶ
1630 5197 1711 5259 εἰς
1734 5197 1996 5251 ἀπόνοιαν

420 5284 589 5354 αἴρει.
610 5282 809 5352 Διόπερ
827 5282 856 5333 6
878 5282 1109 5346 Παῦλος,
1134 5282 1321 5354 ἐπειδὴ
1344 5280 1482 5338 οἶδεν
1507 5286 1805 5359 ὀξύρροπον
1826 5286 1995 5345 οὖσαν

421 5376 521 5446 τὴν
564 5375 843 5445 ἡμετέραν
894 5373 1056 5443 φύσιν
1106 5374 1241 5444 πρὸς
1293 5375 1584 5447 ῥᾳθυμίαν,
1622 5380 1718 5433 καὶ
1747 5380 1996 5436 πολλὰδέ

421 5470 549 5532 τοὺς
592 5467 984 5536 Φιλιππησίους
1011 5466 1273 5537 ἐπῄνεσεν
1292 5507 1306 5530 ,
1342 5469 1442 5538 ὅρα
1476 5471 1594 5535 πῶς
1621 5472 1802 5526 αὐτῶν
1832 5490 1998 5528 κατα-

427 5561 631 5616 στέλλει
679 5561 739 5613 τὺ
784 5561 1068 5630 φρόνημα,
1112 5560 1199 5612 διὰ
1248 5561 1456 5614 πολλῶν
1507 5566 1605 5634 μὲν
1651 5566 1746 5617 καὶ
1795 5566 1997 5635 ἐτέρων

425 5654 699 5722 ἀνωτέρω,
736 5653 967 5721 μάλιστα
1017 5652 1074 5704 δὲ
1119 5652 1205 5704 διὰ
1254 5651 1347 5706 τοῦ
1374 5655 1659 5725 παρόντος.
1689 5656 1753 5707 Τί
1781 5656 1991 5723 λέγων;

436 5728 731 5813 Ἀδελφοί,
777 5742 925 5815 [291]
962 5742 1074 5813 ἐγὼ
1099 5744 1355 5813 ἐμαυτὸν
1380 5747 1450 5800 οὐ
1478 5746 1778 5817 λογίζομαι
1808 5764 1995 5802 κατει-

2098 4558 2376 4627 ληφέναι.
2412 4560 2473 4611 EE
2502 4557 2557 4611 δέ
2590 4558 2801 4623 Παῦλος
2821 4560 3030 4614 οὐδέπω
3060 4563 3377 4634 κατέλαδεν,
3402 4569 3523 4623 οὐδὲ
3547 4570 3679 4645 θαρο

2100 4648 2185 4717 ῥεῖ
2205 4647 2334 4718 περὶ
2358 4648 2458 4718 τῆς
2489 4648 2858 4713 ἀναστάσεως,
2892 4651 3014 4703 ούδέ
3042 4653 3169 4723 περὶ
3200 4654 3308 4707 τῶν
3343 4658 3673 4726 μελλόντωνο

2099 4738 2261 4806 σχολῇ
2305 4737 2438 4805 γοῦν
2479 4740 2678 4792 ἐκεῖνοι
2728 4740 2861 4809 μηδέ
2890 4739 2953 4793 τὸ
2988 4740 3271 4796 πολλοστὸν
3302 4748 3467 4801 αὐτοῦ
3513 4752 3678 4822 μέρος

2096 4828 2520 4899 κατωρθωκότες
2544 4830 2702 4884 τοῦτο
2729 4830 2796 4885 ἃν
2844 4831 3108 4902 ἔπραξαν.
3142 4838 3205 4890 '0
3238 4838 3295 4891 δὲ
3323 4838 3488 4909 λέγει,
3520 4845 3679 4899 τοῦτό

2096 4922 2278 4974 ἐστιν·
2330 4922 2555 4976 Οὐδέπω
2598 4925 2984 4997 κατειληφέναι
3047 4928 3146 4999 τὴν
3194 4931 3395 5003 ἀρετὴν
3457 4937 3675 4992 ἅπασαν

2094 5011 2337 5083 ἡγοῦμαι
2354 5028 2370 5044 ·
2396 5010 2571 5078 οὕτως
2595 5014 2787 5083 εἰπὼν,
2811 5015 2887 5080 ὡς
2912 5018 2979 5070 ἂν
3007 5018 3055 5072 εἰ
3098 5019 3226 5091 περὶ
3253 5022 3498 5094 δρομέως
3530 5030 3675 5082 εἴποι

2096 5121 2198 5166 τις,
2232 5102 2401 5158 Οὔπω
2430 5105 2754 5161 κατέλαϐεν.
2786 5109 3011 5163 Οὐδέπω
3034 5110 3094 5164 τὺ
3126 5113 3233 5167 πᾶν
3265 5114 3460 5185 ἤνυσα,
3490 5121 3671 5190 φησίν.

2098 5193 2162 5247 Εί
2192 5195 2251 5247 δὲ
2280 5195 2427 5264 λέγει
2450 5196 2707 5267 ἀλλαχοῦ,
2740 5197 2857 5252 Τὸν
2878 5200 3079 5269 ἀγῶνα
3119 5206 3226 5259 τὸν
3251 5209 3444 5262 καλὸν
3464 5211 3676 5281 ἠγώνι-

2096 5302 2263 5355 σμαι,
2295 5287 2387 5339 καὶ
2419 5288 2675 5354 ἐνταῦθα,
2707 5289 2952 5344 Οὐδέπω
2989 5291 3294 5363 λογίζομαι
3329 5300 3675 5368 κατειληφέ-

2096 5392 2215 5436 ναι,
2246 5376 2513 5444 ἀναγνούς
2555 5394 2639 5442 τις
2672 5378 2977 5449 ἀμφότερα,
3008 5381 3215 5437 εἵσεται
3252 5386 3434 5451 καλῶς
3457 5390 3559 5461 τὴν
3588 5393 3673 5444 αἰ-

2095 5467 2217 5520 τίαν
2246 5468 2340 5521 καὶ
2364 5467 2590 5523 ἐκείνων
2631 5470 2724 5523 καὶ
2754 5472 2960 5525 τούτων
2997 5473 3105 5526 τῶν
3144 5477 3425 5547 ῥημάτων.
3453 5483 3527 5534 Οὐ
3563 5485 3672 5554 γὰρ

2095 5561 2176 5613 δεῖ
2210 5560 2447 5629 συνεχῶς
2473 5561 2541 5613 τὰ
2571 5561 2711 5615 αύτά
2740 5564 3010 5633 στρέφειν,
3046 5568 3140 5619 καὶ
3174 5569 3320 5639 ἡμᾶς
3372 5571 3549 5626 πάντα
3595 5575 3671 5627 δι..

2095 5653 2334 5716 δάσκειν,
2368 5653 2461 5706 καὶ
2488 5652 2570 5705 ὅτι
2600 5652 2771 5707 ταῦτα
2792 5656 2925 5708 πολὺ
2958 5657 3225 5728 πρότερον
3256 5662 3461 5730 ἔλεγεν,
3488 5667 3670 5721 ἐκεῖνα

2096 5746 2151 5799 δὲ
2187 5746 2322 5817 πρὸς
2349 5748 2426 5819 τῷ
2454 5749 2617 5805 τέλει.
2659 5749 2834 5805 Οὔπω
2880 5750 3177 5821 λογίζομαι
3225 5761 3667 5830 κατειληφέναι,
