4108 6410
431 347 536 403 2ῗί

430 463 618 531 φησὶν,
647 457 761 512 ἀλλ’
800 457 918 522 ἐνός
951 459 1064 529 εἰμι
1101 460 1285 528 μόνου,
1315 459 1409 512 τοῦ
1441 463 1552 524 τοῖς
1581 460 1890 530 ἔμπροσθεν
1917 463 2008 512 ἐπ·

431 548 788 603 εκτείνεσθαι.
824 550 993 603 Τοῦτο
1043 551 1150 621 γάρ
1199 553 1346 602 ἐστιν
1380 553 1406 604 ὃ
1441 555 1758 620 φησιν,Ἒν,
1787 553 1855 606 τὰ
1892 554 2009 619 μὲν

435 643 626 696 ὀπίσω
666 642 1234 710 ἐπιλανθανόμενος,
1269 642 1393 708 τοῖς
1432 644 1500 696 δὲ
1541 643 1879 711 ἔμπροσθεν
1905 644 1998 695 ἐπ-

430 733 869 800 εκτεινόμενος,
908 735 1058 784 κατά
1102 731 1340 785 σκοπὸν
1380 732 1569 786 διώκω
1613 733 1711 786 ἐπὶ
1753 733 1820 786 τὸ
1855 734 2008 801 ,βρα-

433 825 592 878 ϐεῖον
616 823 725 892 τῆς
753 823 874 876 ἅνω
911 823 1188 891 κλήσεως
1217 825 1325 878 τοῦ
1359 825 1505 880 Θεοῦ
1534 828 1606 879 ἐν
1629 825 1858 894 Χριστῷ
1893 827 2007 890 ’1η-

432 915 716 984 σοῦ.⁶Ὀρα
757 915 872 978 πῶς
905 914 1072 968 εἰπὼν
1121 915 1298 980 10510,
1331 917 1565 986 ἐδήλωσε
1595 917 1646 968 τί
1691 913 1758 986 ἦν
1788 918 1814 969 ὃ
1837 917 2009 970 ἐποίει

434 1007 595 1060 αὑτὸν
627 1010 740 1069 τοῖς
769 1006 1078 1076 ἔμπροσθεν
1107 1007 1532 1062 ἐπεκτείνεσθαι.
1550 1010 1607 1062 Ὀ
1647 1009 1744 1079 μὲν
1773 1005 1866 1061 οὖν
1908 1011 2008 1080 ἤδη

433 1099 810 1151 τετελειῶσθαι
844 1097 1100 1165 νομίζων,
1129 1098 1224 1151 καὶ
1260 1098 1424 1168 μηδὲν
1455 1098 1604 1168 αὐτῷ
1635 1099 1840 1150 λείπειν
1875 1100 2009 1170 πρὸς

435 1191 635 1259 ἀρετῆς
664 1190 1022 1261 κατόρθωσιν,
1045 1190 1145 1244 κᾶν
1169 1191 1444 1244 ἐπαύσατο
1469 1191 1697 1261 τρέχων,
1721 1191 1794 1254 ὼς
1821 1193 1881 1244 τὸ
1905 1193 2010 1245 πᾶν

436 1284 814 1353 κατειληφώς·
841 1286 867 1337 6
898 1284 954 1336 δὲ
990 1285 1285 1354 ἀφεστάναι
1322 1284 1415 1338 τοῦ
1444 1286 1712 1355 τέρματος
1745 1285 1824 1338 ἔτι
1857 1285 2010 1356 νομί-

437 1373 565 1437 ζων,
599 1375 851 1428 οὐδέποτε
884 1377 1148 1429 παύσεται
1177 1376 1404 1447 τρέχων.
1432 1377 1602 1430 Τοῦτο
1625 1375 1717 1432 05v
1751 1380 1896 1447 ἡμᾶς
1929 1378 2014 1430 ἀεὶ

436 1465 518 1516 δεῖ
541 1465 871 1532 λογίζεσθαι,
907 1467 1012 1519 κᾶν
1057 1467 1224 1538 μυρία
1255 1468 1686 1539 κατορθώσωμεν
1712 1469 1912 1537 ἀγαθά.
1950 1471 2012 1522 Εἰ

439 1556 546 1627 γάρ
576 1557 784 1620 Παῦλος
812 1557 950 1625 μετά
985 1559 1210 1628 μυρίους
1249 1559 1529 1623 θανάτους,
1567 1561 1702 1629 μετά
1728 1561 2014 1623 τοσούτους

439 1648 714 1712 κινδύνους
758 1650 915 1702 τοῦτο
954 1650 1253 1718 ἐλογίζετο,
1286 1651 1464 1721 πολλῷ
1495 1653 1694 1722 μᾶλλον
1726 1655 1902 1722 ἡμεῖς.
1939 1653 2012 1705 Οὐ

443 1738 548 1808 μὴν
597 1739 878 1802 ἀνέπεσον,
922 1743 1106 1812 φησὶν,
1131 1743 1318 1813 ἐπειδὴ
1351 1743 1600 1796 τοσοῦτον
1646 1745 1870 1814 δραμὼν
1916 1745 2016 1798 οὐκ

443 1827 657 1898 ῖσχυσα,
693 1830 813 1882 οὐδὲ
857 1831 1128 1900 ἀπέγνων,
1159 1833 1273 1886 ἀλλ’
1301 1833 1381 1886 ἔτι
1421 1837 1616 1905 τρέχω,
1645 1836 1722 1889 ἔτι
1753 1838 2014 1904 ἀγωνίζο-

447 1937 542 1989 μαι
562 1936 573 1948 ’
602 1919 759 1974 10510
786 1922 944 1990 μόνον
972 1924 1178 1987 σκοπῶ,
1197 1927 1344 1988 ὅπως
1368 1926 1432 1994 δὴ
1462 1929 2018 1998 προκόπτοιμι.υῦτω

444 2011 537 2063 καὶ
569 2011 716 2080 ἡμᾶς
754 2011 859 2082 χρὴ
893 2017 1084 2078 ποιεῖν,
1120 2018 1567 2072 ἐπιλανθάνεσθαι
1601 2019 1709 2072 τῶν
1741 2021 2018 2092 κατορθω-

447 2102 650 2169 μάτων,
685 2105 776 2156 καὶ
821 2105 1036 2173 ἀφιέναι
1081 2107 1221 2160 αὐτὰ
1266 2109 1457 2165 ὀπίσω.
1504 2111 1610 2164 Καὶ
1658 2113 1768 2182 γάρ
1820 2115 1848 2166 6
1897 2114 2020 2182 δρο-

449 2192 581 2259 μεὺς
626 2193 723 2262 οὐχ
755 2194 913 2256 ὅσους
943 2195 1140 2264 ἤνυσεν
1171 2197 1550 2266 ἀναλογίζεται
1583 2201 1860 2268 διαύλους,
1891 2204 2020 2256 ἀλλ’

446 2283 602 2346 ὅσους
644 2283 908 2341 λείπεται.
931 2289 1042 2341 Καὶ
1091 2291 1254 2359 ἡμεῖς
1303 2291 1378 2361 μὴ
1422 2293 1544 2345 ὅσον
1594 2294 1871 2366 ἠνύσαμεν
1924 2297 2020 2366 τῆς

447 2373 646 2443 ἀρετῆς
673 2375 1136 2448 ἀναλογιζώμεθα,
1175 2380 1287 2433 ἀλλ’
1321 2383 1443 2436 ὅσον
1469 2386 1599 2454 ἡμῖν
1626 2385 1890 2441 λείπει.Τί
1912 2387 2022 2458 γὰρ

449 2466 596 2536 ἡμᾶς
639 2467 838 2535 ὠφελεῖ
887 2471 946 2522 τὸ
987 2472 1240 2538 ἀνυσθέν,
1299 2475 1425 2529 ὃταν
1474 2478 1536 2529 τὸ
1585 2477 1898 2548 λειπόμενον
1945 2482 2019 2552 μὴ

451 2559 756 2629 προστεθῇ;
793 2561 902 2613 Καὶ
951 2562 1052 2614 οὐκ
1097 2559 1270 2628 εἶπεν,
1317 2566 1398 2618 ὅτι
1449 2569 1559 2621 Οὐκ
1613 2569 2018 2640 ἀναλογίζομαι,

450 2649 570 2702 οὐδὲ
592 2651 899 2722 μέμνημαι,
922 2653 1058 2717 ἀλλ’,
1091 2657 1659 2727 Ἐκλανθανόμενος,
1683 2663 1831 2730 ἡμᾶς
1857 2679 2024 2732 προσ-

451 2744 844 2814 εκτικωτέρους
890 2745 1080 2799 ποιῶν.
1113 2747 1268 2801 Οὕτω
1313 2748 1422 2820 γὰρ
1475 2752 1693 2821 σφοδροὶ
1737 2753 2020 2822 γινόμεθα,

451 2829 578 2883 ὅταν
620 2833 802 2884 πᾶσαν
851 2832 1158 2904 προθυμίαν
1191 2837 1270 2899 είς
1317 2836 1376 2889 τὸ
1422 2837 1609 2890 λεῖπον
1643 2838 2022 2907 ἀναλάϐωμεν,

450 2923 577 2976 ὅταν
599 2924 783 2977 ἐκεῖνα
821 2923 958 2995 λήθῃ
987 2925 1337 2997 παραδῶμεν.
1355 2928 1839 2998 Ἐπεκτεινόμενοι,
1869 2928 2024 2998 φησὶ,

454 3015 582 3083 πρὶν
630 3013 662 3084 ἢ
715 3015 1136 3084 παραγενέσθαι,
1177 3017 1359 3071 λαϐεῖν
1411 3019 1874 3091 σπουδάζομεν.’0
1919 3022 2027 3091 γὰρ

453 3105 897 3174 ἐπεκτεινόμενος
925 3102 1080 3169 οὗτός
1112 3109 1278 3172 ἐστιν,
1301 3111 1329 3161 6
1360 3111 1484 3173 τοὺς
1519 3111 1682 3174 πόδας
1712 3112 1886 3164 καίτοι
1908 3115 2026 3184 τρέ-

453 3213 645 3266 χοντας
673 3196 750 3267 τῷ
777 3198 947 3268 λοιπῷ
983 3198 1194 3269 σώματι
1221 3200 1510 3271 προλαϐεῖν
1563 3203 1898 3267 σπουδάζων,
1932 3206 2030 3256 ἐπι

455 3290 709 3342 εκτείνων
757 3289 945 3344 ἑαυτὸν
997 3291 1077 3353 εἰς
1119 3290 1181 3342 τὸ
1231 3290 1559 3362 ἔμπροσθεν,
1591 3293 1814 3355 καὶτὰς
1844 3296 2029 3364 χεῖρας

457 3380 731 3442 ἐκτείνων,
767 3381 854 3434 ἵνα
900 3382 996 3435 καὶ
1041 3381 1136 3436 τοῦ
1181 3383 1381 3453 δρόμου
1431 3384 1594 3437 πλέον
1622 3403 1674 3437 τι
1705 3387 2025 3456 ἐργάσηται.

455 3471 622 3525 Τοῦτο
654 3473 711 3524 δὲ
750 3474 856 3527 ἀπὸ
887 3474 1089 3544 πολλῆς
1117 3475 1423 3545 προθυμίας
1447 3477 1672 3544 γίνεται,
1701 3479 1808 3531 ἀπὸ
1831 3479 2031 3548 πολλῆς

459 3565 809 3636 θερμότητος.
847 3566 1002 3619 Οὕτω
1050 3567 1132 3619 δεῖ
1176 3562 1391 3636 τρέχειν
1436 3569 1526 3620 τὸν
1574 3569 1865 3638 τρέχοντα,
1893 3569 2032 3639 μετά

455 3658 724 3729 τοσαύτης
776 3659 1029 3730 σπουδῆς,
1063 3659 1200 3730 μετά
1248 3661 1515 3731 τοσαύτης
1566 3662 1889 3732 προθυμίας,
1934 3662 2034 3715 οὐκ

457 3751 1082 3807 ἀναπεπτωκότα.“οσον
1113 3752 1169 3805 δὲ
1200 3753 1294 3806 τοῦ
1333 3752 1475 3805 οὕτω
1500 3753 1784 3824 τρέχοντος
1813 3757 1905 3808 καὶ⁵
1935 3755 2031 3808 τοῦ

458 3842 646 3895 ὑπτίου
675 3843 928 3913 κειμένου
953 3843 1014 3895 τὸ
1042 3842 1222 3914 μέσον,
1253 3841 1502 3896 τοσοῦτον
1527 3843 1676 3915 [292]
1703 3845 1797 3898 105
1823 3845 2030 3899 Παύλου

461 3935 552 3986 καὶ
601 3933 780 4003 ἡμῶν.
816 3933 956 3986 Καθ’
988 3934 1198 4004 ἡμέραν
1243 3933 1584 4003 ἀπέθνησκεν
1633 3937 1856 3998 ἐκεῖνος,
1900 3937 2037 3989 καθ’

463 4024 673 4094 ἡμέραν
701 4025 972 4093 εὐδοκίμει
992 4038 1006 4052 ⁸
1035 4027 1136 4077 οὐκ
1162 4021 1230 4094 ἦν
1256 4027 1466 4096 καιρὸς,
1495 4027 1593 4078 οὕκ
1619 4021 1685 4095 ἦν
1717 4030 1928 4096 χρόνος,
1978 4030 2034 4080 ἐν

463 4109 506 4180 ᾧ
535 4117 634 4168 οὐκ
680 4115 872 4185 ηὕξετο
917 4115 1062 4186 αὕτῷ
1095 4118 1122 4168 6
1151 4117 1348 4187 δρόμος
1373 4133 1386 4148 ⁸
1419 4119 1478 4169 οὐ
1524 4117 1706 4170 λαϐεῖν
1751 4119 2032 4189 ⁴ἠθέλησεν,

467 4207 579 4259 ἀλλ’
615 4209 852 4278 ἁρπάσαι
894 4209 952 4260 τὸ
1003 4209 1283 4280 βραϐεῖον
1335 4210 1476 4264 οὕτω
1523 4211 1629 4283 γάρ
1679 4212 1794 4265 ἔστι
1834 4212 2031 4266 λαϐεῖν.

471 4301 618 4350 1’Λνω
662 4303 690 4351 6
734 4299 792 4352 16
840 4300 1090 4370 βραϐεῖον
1140 4303 1313 4366 διδοὺς
1345 4303 1594 4377 ἕστηκεν,
1627 4304 1738 4358 ἅνω
1768 4309 1943 4360 κεῖται
1976 4307 2036 4360 τὸ

472 4394 747 4462 βραϐεῖον.

544 4574 610 4643 β’.
636 4574 777 4644 Ὅρα
801 4574 966 4626 πόσον
992 4575 1054 4626 τὸ
1076 4573 1348 4645 διάστημα
1392 4574 1550 4627 τοῦτο
1571 4575 1904 4648 διαδραμεῖν,
1935 4579 2036 4649 δρα

472 4668 636 4721 πόσον
665 4667 726 4719 τὸ
757 4666 890 4735 ὕψος
908 4682 920 4694 ³
949 4667 1066 4718 ἐκεῖ
1084 4667 1164 4718 δεῖ
1191 4667 1521 4737 πετασθῆναι
1543 4671 1652 4730 τοῖς
1679 4668 1772 4720 τοῦ
1795 4669 2039 4741 πνεύμα-

472 4777 562 4822 τος
584 4760 801 4828 πτεροῖς
821 4775 834 4788 ·
859 4755 1058 4826 ἐτέρως
1073 4757 1182 4827 γάρ
1201 4758 1300 4809 οὐκ
1320 4757 1397 4809 ἔνι
1416 4757 1478 4809 τὸ
1503 4756 1634 4826 ὕψος
1653 4758 1809 4812 τοῦτο
1831 4765 2038 4831 τεμεῖν.

472 4849 626 4904 Μετά
672 4847 766 4900 τοῦ
817 4846 1067 4915 σώματος
1115 4848 1232 4899 ἐκεῖ
1277 4848 1358 4900 δεῖ
1401 4847 1644 4917 βαδίσαι·
1677 4849 1852 4914 ἔξεστι
1890 4853 2038 4923 γάρ’

484 4939 671 5008 Ἠμῶν
695 4939 802 5008 γὰρ
827 4937 893 4990 τὸ
919 4937 1265 5004 πολίτευμα,
1309 4956 1381 5008 φη
1393 4938 1493 4998 τὶν,
1529 4940 1596 4992 ἐν
1623 4943 1853 5008 οὐρανῷ
1872 4961 1887 4974 ·
1929 4947 2044 4998 ἐκεῖ

472 5029 533 5081 τὸ
564 5028 810 5099 βραϐεῖόν
855 5027 1202 5098 ὲστιν.⁶Ορᾷς
1246 5030 1371 5091 τοὺς
1413 5029 1706 5100 τρέχοντας
1751 5033 1865 5097 πῶς
1894 5037 2042 5104 νόμῳ

475 5119 646 5186 ζῶσι;
677 5120 790 5182 πῶς
818 5120 968 5171 οὐδὲν
1007 5120 1113 5171 τῶν
1145 5119 1444 5174 ἐκλυόντων
1483 5123 1580 5191 τὴν
1609 5125 1758 5194 ίσχὺν
1792 5127 2044 5196 προσίεν-

475 5231 599 5279 ται;
644 5212 760 5276 πῶς
803 5210 1158 5280 ἀγωνίζονται
1188 5211 1309 5265 καθ’
1335 5215 1572 5284 ἐκάστην
1608 5217 1824 5288 ἡμέραν
1851 5221 1908 5270 ἐν
1943 5237 2046 5273 πα-

476 5303 707 5372 λαίστρᾳ
731 5302 834 5355 ὑπὸ
863 5301 1178 5373 παιδοτρίϐῃ
1218 5302 1312 5355 καὶ
1341 5304 1522 5375 νόμῳ;
1556 5308 1806 5378 Μίμησαι
1823 5311 2046 5375 τούτους

479 5398 574 5449 καὶ
600 5398 684 5453 σὺ,
723 5395 919 5466 μᾶλλον
944 5396 1000 5449 δὲ
1030 5397 1123 5449 καὶ
1155 5396 1374 5449 πλείονα
1404 5399 1662 5465 ἐπίδειξαι
1691 5403 2000 5474 προθυμίαν
2027 5421 2042 5437 ⁶

479 5488 542 5538 ού
570 5486 676 5554 γὰρ
717 5486 829 5537 ἴσον
857 5485 915 5538 τὸ
947 5485 1225 5555 βραϐεῖον·
1254 5487 1434 5539 πολλοὶ
1455 5489 1503 5540 οί
1527 5489 1826 5555 κωλύοντες
1847 5509 1860 5522 ⁶
1897 5495 2047 5564 νόμῳ

483 5577 638 5649 ζῆθιο
686 5578 855 5632 πολλά
900 5578 1015 5631 ἐστι
1063 5579 1129 5630 τά
1181 5579 1439 5631 ἐκλύοντα
1467 5583 1565 5652 τὴν
1601 5583 1784 5652 ἰσχύν·
1815 5585 2046 5658 εὕσκελῆ

483 5669 707 5737 ποίησον
736 5670 902 5740 αὐτὴν
927 5669 1003 5738 τῷ
1034 5669 1154 5722 ποδί
1180 5685 1191 5696 ⁸
1228 5669 1401 5723 ἔνεστι
1431 5672 1536 5743 γάρ
1558 5688 1574 5704 ο
1615 5675 1676 5726 οὐ
1703 5674 1809 5746 γὰρ
1835 5677 2046 5744 φύσεώς

485 5763 649 5824 ἐστιν,
686 5760 818 5815 ἀλλά
870 5760 1256 5831 προαιρέσεως.
1317 5762 1540 5833 Κούφην
1589 5765 1760 5837 αὐτὴν
1805 5768 2046 5838 ἐργασώ-

1301 343 1366 398 IN
1405 343 1622 400 EPIST.
1665 345 1756 399 AD
1794 343 2085 400 PHILIPP.
2126 344 2278 400 CAP.
2321 346 2410 404 111.
2453 345 2686 402 IIOMIL.
2730 347 2847 402 ΧΠ.

3586 349 3694 387 οταν

3591 375 3696 404 212':

2117 461 2276 531 μεθα,
2304 463 2390 515 ἵνα
2445 462 2519 532 μὴ
2566 465 2632 534 τῇ
2673 461 2984 532 ταχύτητιει
3015 461 3124 514 τῶν
3173 461 3351 515 ποδῶν
3401 463 3462 516 τὸ
3507 463 3696 519 λοιπὸν

2114 552 2275 622 ἄχθος
2300 553 2561 624 ἐμποδίζῃ
2584 569 2597 582 '
2625 553 2833 618 δίδαξον
2862 549 3000 605 εἶναι
3025 553 3149 615 τοὺς
3179 553 3346 616 πόδας
3389 555 3650 621 ἀσφαλεῖς
3677 575 3691 588 ·

2115 640 2298 693 πολλοὶ
2325 642 2434 713 γὰρ
2458 642 2508 693 οἱ
2535 641 2735 694 ὄλισθοι
2761 659 2775 673 ο
2806 641 2910 695 κᾶν
2929 642 3268 712 καταπέσῃς,
3291 643 3460 695 πολλὰ
3483 643 3696 696 ἀπώλεο

2117 749 2235 794 σας.
2262 733 2409 802 Πλὴν
2439 733 2544 786 κᾶν
2574 733 2912 803 καταπέσῃς,
2947 733 3291 803 διανάστηθιο
3321 734 3396 786 ἔνι
3431 735 3527 786 καὶ
3554 733 3697 788 οὕτω

2114 825 2350 895 νικῆσαι.
2379 827 2661 896 Μηδέποτε
2703 829 2816 889 τοῖς
2847 826 3150 897 ὀλισθηροῖς
3185 827 3451 898 ἐπιχείρει
3506 828 3690 898 πράγ-

2118 933 2272 986 μασι,
2324 918 2418 971 καὶ
2464 918 2525 970 οὕ
2573 921 2893 988 καταπεσῇ·
2943 918 3034 970 ἐπὶ
3067 917 3136 970 τὰ
3183 917 3452 988 βεϐηκότα
3486 919 3648 988 τρέχε
3676 933 3691 947 ⁶

2115 1005 2227 1058 ἄνω
2253 1005 2351 1075 τὴν
2381 1007 2644 1077 κεφαλὴν,
2673 1008 2786 1062 ἀνω
2831 1007 2890 1060 τὸ
2913 1008 3088 1077 ὄμμα.
3119 1007 3288 1061 Τοῦτο
3323 1010 3416 1060 καὶ
3443 1010 3556 1070 τοῖς
3583 1004 3697 1076 τρέ-

2117 1113 2301 1165 χουσιν
2331 1099 2379 1149 οί
2409 1097 2757 1168 παιδοτρίϐαι
2793 1097 3290 1166 παρακελεύονταιο
3335 1096 3476 1151 οὕτω
3507 1098 3697 1150 διαϐα-

2119 1187 2372 1250 στάζεται
2425 1188 2702 1258 ἰσχύς.⁹⁶Αν
2731 1189 2786 1242 δὲ
2815 1189 2965 1242 κάτω
2993 1188 3207 1260 νεύσῃς,
3251 1191 3548 1252 κατέπεσες
3568 1231 3582 1253 ,
3613 1190 3699 1255 ἐξ·

2117 1276 2489 1347 ελύθης.“Ἀνω
2527 1279 2728 1348 βλέπε,
2771 1280 2905 1333 ὅπου
2943 1280 3003 1332 τὸ
3042 1279 3290 1350 βραϐεῖον
3339 1282 3512 1334 ἐστιν·
3557 1281 3697 1348 αὕτη

2116 1368 2211 1421 105
2245 1369 2502 1439 βραϐείου
2536 1372 2568 1440 ἡ
2607 1371 2728 1439 ὄψις
2762 1370 2987 1439 μείζονα
3023 1372 3292 1441 ποιεῖτὴν
3339 1370 3654 1440 προαίρεσιν
3679 1384 3694 1397 °

2117 1462 2216 1512 οὐκ
2245 1463 2469 1530 ἀφίησιν
2495 1461 2780 1514 αἰσθέσθαι
2811 1462 2917 1514 τῶν
2948 1462 3125 1515 πόνων
3157 1464 3192 1532 ἡ
3225 1462 3324 1531 τῆς
3355 1461 3586 1530 θλίψεως
3608 1460 3698 1511 ἐλ-

2120 1552 2230 1615 πὶς,
2263 1553 2322 1604 τὸ
2373 1553 2548 1622 μῆκος
2601 1552 2798 1622 μικρὸν
2841 1555 2987 1604 ποιεῖ
3026 1552 3327 1621 φαίνεσθαι.
3362 1553 3427 1605 Τί
3475 1555 3590 1604 ἐστι
3637 1551 3700 1603 τὸ

2122 1641 2405 1719 βραϐεῖον;
2459 1644 2531 1694 Οὕ
2575 1643 2766 1706 κλάδος
2823 1643 3094 1709 φοίνικος,
3130 1641 3264 1694 ἀλλὰ
3310 1642 3396 1708 τί;
3449 1640 3702 1695 Βασιλεία.

2119 1733 2384 1804 οὐρανῶν,
2427 1735 2735 1796 ἀνάπαυσις
2790 1735 3028 1799 αἰώνιος,
3078 1733 3203 1797 δόξα
3251 1736 3390 1802 μετά
3438 1732 3696 1804 Χριστοῦ,

2122 1825 2478 1894 κληρονομία,
2513 1826 2830 1896 ἀδελφότης,
2873 1827 3040 1896 μυρία
3070 1825 3266 1890 ἀγαθὰ,
3301 1824 3336 1878 ἃ
3373 1826 3472 1876 ούκ
3504 1824 3582 1876 ἔνι
3625 1825 3700 1875 εί-

2122 1921 2262 1970 πεῖν.
2298 1919 2410 1969 Οὐκ
2449 1916 2529 1968 ἕνι
2559 1918 2766 1970 ἐκείνου
2796 1917 2890 1970 τοῦ
2921 1917 3176 1988 βραϐείου
3205 1918 3265 1969 τὸ
3295 1917 3487 1980 κάλλος
3512 1915 3698 1985 διηγήρ

2125 2005 2354 2061 σασθαι·
2393 2007 2422 2058 6
2450 2007 2666 2077 κρατῶν
2715 2007 2845 2060 αὐτὸ
2898 2003 3005 2059 οἶδε
3059 2007 3240 2078 μόνος,
3272 2007 3363 2059 καὶ
3413 2008 3440 2058 6
3492 2006 3699 2074 μέλλων

2123 2099 2254 2152 αὐτὸ
2283 2098 2602 2168 λαμϐάνειν.
2626 2099 2738 2152 Ούκ
2766 2099 2881 2151 ἔστι
2908 2099 3277 2169 χρυσοῦν,οὕκ
3299 2098 3414 2150 ἔστι
3442 2097 3694 2151 διάλιθον’

2124 2191 2304 2260 πολλῷ
2331 2191 2534 2244 τούτων
2562 2190 2906 2261 τιμιώτερον.
2925 2193 2981 2244 ὐ
3009 2191 3209 2262 χρυσὸς
3251 2191 3506 2261 βόρϐορος
3563 2191 3698 2260 πρὸς

2125 2285 2300 2337 ἐκεῖνο
2346 2284 2407 2336 τὸ
2445 2284 2695 2355 βραϐεῖόν
2726 2285 2872 2336 ἐστι’
2908 2283 3048 2336 λίθοι
3097 2283 3266 2354 τίμιοι
3318 2281 3532 2344 πλίνθος
3564 2281 3700 2350 πρὸς

2125 2374 2185 2427 τὸ
2211 2374 2404 2438 κάλλος
2437 2375 2647 2428 ἐκείνου
2678 2373 2771 2428 105
2804 2373 3185 2445 βραϐείου.“Αν
3227 2374 3400 2425 ἐκεῖνο
3429 2372 3565 2441 ἔχων
3592 2372 3698 2423 ἀπ-

2127 2466 2288 2537 έλθῃς
2327 2467 2407 2529 είς
2450 2465 2541 2518 τὸν
2573 2465 2822 2537 οὐρανὸν,
2858 2465 2994 2536 μετά
3023 2464 3225 2534 πολλῆς
3251 2464 3350 2531 τῆς
3393 2463 3558 2532 τιμῆς
3587 2463 3705 2513 ἐκεῖ

2129 2557 2364 2628 βαδίζειν
2391 2558 2616 2628 δυνήσῃ,
2649 2557 2746 2610 καὶ
2776 2557 2995 2627 ἄγγελοί
3027 2573 3085 2608 σε
3120 2553 3704 2624 αἰδεσθήσονταιτοῦτο

2129 2649 2362 2720 φέροντα
2404 2647 2465 2701 τὸ
2497 2649 2780 2720 βραϐεῖον’
2831 2651 2964 2702 πᾶσι
3003 2649 3137 2719 μετά
3186 2646 3496 2718 παρρησίας
3531 2661 3701 2715 προσ-

2129 2740 2324 2811 ελεύσῃ
2353 2740 2572 2809 πολλῆς.
2592 2739 2686 2791 Ἐν
2714 2739 2945 2808 Χριστῷ
2977 2737 3351 2809 ’1ησοῦ.’ορα
3386 2734 3476 2790 τὸν
3506 2737 3706 2804 εὐγνώ-

2134 2833 2397 2902 μονα.“Εν
2428 2831 2646 2904 Χριστῷ
2678 2830 2850 2902 Ἰησοῦ
2893 2830 3050 2884 τοῦτο
3079 2831 3237 2895 ποιῶ,
3273 2829 3457 2900 φησίν.
3494 2828 3567 2881 Οὕ
3597 2829 3708 2898 γάρ

2133 2923 2211 2976 ἔνι
2247 2925 2412 2995 χωρὶς
2445 2925 2543 2995 τῆς
2575 2923 2785 2978 ἐκείνου
2817 2925 2988 2995 ῥοπῆς
3021 2921 3274 2975 τοσοῦτον
3322 2921 3548 2974 διελθεῖν
3589 2920 3708 2973 διά-

2134 3033 2318 3086 στημα
2338 3034 2351 3047 ·
2382 3017 2585 3084 πολλῆς
2613 3017 2694 3070 δεῖ
2722 3017 2818 3086 τῆς
2847 3014 3117 3085 βοηθείας,
3145 3013 3341 3081 πολλῆς
3363 3014 3460 3084 τῆς
3492 3030 3711 3082 συμμα-

2133 3109 2278 3180 χίας.
2317 3112 2481 3164 Κάτω
2528 3111 2626 3180 μέν
2657 3127 2717 3162 σε
2763 3109 3124 3178 ἀγωνίζεσθαι
3175 3108 3463 3179 ἐϐουλήθη,
3496 3108 3608 3161 ἄνω
3651 3106 3709 3158 δὲ

2138 3205 2428 3272 στεφανοῖ·
2465 3204 2562 3272 οὐχ
2589 3203 2662 3266 ὡς
2707 3202 3122 3265 ἐνταῦθα,⁶ένθα
3147 3203 3174 3253 6
3203 3201 3374 3270 ἁγὼν,
3415 3201 3532 3253 ἐκεῖ
3558 3199 3651 3252 καὶ
3681 3201 3712 3252 6

2137 3295 2418 3363 στέφανος,
2448 3294 2560 3346 ἀλλ’
2589 3296 2646 3348 ἐν
2675 3294 2751 3364 τῷ
2780 3293 3018 3364 λαμπρῷ
3055 3293 3239 3364 χωρίῳ
3267 3295 3294 3346 6
3326 3291 3584 3360 στέφανος
3616 3283 3708 3342 οὕ-

2134 3404 2246 3448 τος.
2278 3389 2389 3456 Οὐχ
2418 3388 2577 3457 ὁρᾶτε
2607 3387 2702 3439 καὶ
2733 3385 2989 3447 ἐνταῦθα,
3013 3386 3095 3438 ὃτι
3120 3386 3245 3446 τοὺς
3279 3384 3514 3454 μάλιστα
3540 3400 3714 3453 τιμῶ-

2139 3479 2331 3548 μένους
2360 3481 2452 3532 καὶ
2479 3479 2589 3531 τῶν
2617 3469 2876 3546 ἀθλητῶν
2911 3477 3003 3529 καὶ
3049 3477 3299 3547 ἡνιόχων,
3330 3476 3388 3528 οὐ
3419 3475 3712 3551 στεφανοῦ-

2139 3588 2224 3623 σιν
2271 3569 2420 3642 [295]
2470 3571 2528 3622 ἐν
2567 3570 2646 3640 τῷ
2690 3570 2889 3639 σταδίῳ
2917 3570 3088 3633 κάτω,
3114 3568 3229 3622 ἀλλ’
3259 3568 3371 3620 ἄνω
3419 3566 3652 3625 καλέσας
3684 3567 3714 3618 6

2140 3661 2392 3732 βασιλεὺς
2421 3665 2536 3715 ἐκεῖ
2566 3664 2852 3731 στεφανοῖ;
2903 3660 3060 3712 Οὕτω
3097 3662 3191 3712 καὶ
3221 3657 3474 3729 ἐνταῦθα,
3503 3659 3582 3720 είς
3621 3657 3714 3710 τὸν

2137 3754 2364 3826 οὐρανὸν
2415 3754 2712 3824 λαμϐάνεις
2739 3753 2800 3806 16
2845 3751 3290 3824 βραϐεῖον.”οσοι
3330 3746 3444 3805 οὖν
3475 3748 3712 3812 τέλειοι,

2140 3849 2294 3919 φησὶ,
2317 3847 2491 3901 τοῦτο
2514 3845 2855 3916 φρονῶμεν·
2888 3845 2988 3899 καὶ
3016 3844 3072 3898 εἰ
3102 3861 3157 3896 τι
3187 3841 3398 3912 ἑτέρως
3420 3841 3714 3911 φρονεῖτε,

2141 3939 2241 3993 καὶ
2268 3938 2442 3994 τοῦτο
2481 3942 2512 3993 ό
2542 3940 2686 4004 Θεὸς
2721 3937 2864 4008 ὑμῖν
2897 3936 3296 4004 ἀποκαλύψει.
3331 3935 3486 3987 Ποῖον
3518 3933 3714 4000 10510;

2141 4031 2236 4094 T6,
2264 4033 2345 4084 ὃτι
2394 4033 2476 4084 δεῖ
2521 4030 2630 4083 τῶν
2663 4029 2888 4082 ὄπισθεν
2934 4027 3418 4081 ἐπιλανθάνεσθαι·
3454 4025 3594 4078 ὥστε
3627 4042 3716 4077 τε-

2141 4123 2284 4176 λείου
2312 4123 2374 4176 τὸ
2405 4123 2479 4194 μὴ
2506 4122 2746 4193 νομίζειν
2767 4121 2957 4174 ἐαυτὸν
2984 4121 3186 4173 τέλειον
3213 4115 3371 4176 εἶναι.
3392 4117 3516 4180 Πῶς
3537 4115 3716 4170 τοίνυν

2147 4215 2525 4284 λέγεις,”οσοι
2557 4214 2813 4279 τέλειοι;
2851 4213 2970 4266 εἱπέ
3002 4213 3109 4282 γάρ
3147 4229 3256 4281 μοι,
3287 4209 3441 4263 τοῦτο
3487 4207 3716 4278 φρονοῦ-

2145 4326 2245 4378 μεν
2271 4308 2299 4360 δ
2330 4309 2392 4362 σὺ
2419 4308 2666 4378 φρονεῖς;
2696 4307 2759 4358 Et
2794 4305 2902 4376 γὰρ
2932 4305 3005 4375 μὴ
3037 4303 3246 4368 ἔλαϐες,
3277 4302 3409 4372 μηδέ
3441 4301 3718 4352 τετελείωο

2146 4418 2256 4461 σαι,
2291 4400 2407 4463 πῶς
2426 4401 2551 4462 τοὺς
2577 4399 2818 4461 τελείους
2841 4396 2999 4450 τοῦτο
3030 4394 3270 4456 κελεύεις
3302 4395 3538 4462 φρονεῖν,
3563 4391 3590 4443 ὃ
3624 4391 3719 4445 καὶ

2143 4492 2305 4555 αὐτὸς
2334 4493 2551 4560 φρονεῖς
2597 4489 2807 4542 οὐδέπω
2851 4488 3056 4549 τέλειος
3101 4485 3208 4551 ῶν;
3241 4483 3409 4538 T0510
3440 4485 3549 4554 γάρ
3579 4486 3718 4549 ἐστι,

2145 4584 2300 4654 φησὶ,
2339 4581 2614 4650 τελειότης
2642 4597 2657 4646 ;
2689 4579 2797 4634 Καὶ
2844 4578 2900 4632 εἴ
2942 4596 2996 4630 τι
3034 4577 3246 4644 ἑτέρως
3279 4577 3584 4645 φρονεῖτε,
3619 4577 3718 4629 καὶ

2145 4674 2321 4728 τοῦτο
2345 4676 2378 4728 ό
2399 4672 2542 4738 Θεὸς
2566 4671 2706 4742 ὑμῖν
2725 4670 3123 4736 ἀποκαλύψει.
3143 4668 3453 4734 Τουτέστιν,
3478 4669 3539 4720 Ei
3555 4667 3611 4720 δέ
3636 4684 3723 4733 τις

2148 4766 2356 4838 νομίζει
2389 4765 2448 4818 16
2477 4765 2586 4817 πᾶν
2616 4761 3058 4833 κατωρθωκέναι.
3077 4759 3459 4829 Ἀσφαλίζεται
3483 4759 3677 4823 αὐτούς
3699 4775 3717 4792 ο

2148 4860 2264 4914 ἀλλ’
2293 4860 2394 4911 οὐκ
2438 4853 2591 4910 εἶπεν
2635 4857 2830 4919 οὕτως,
2862 4853 2996 4906 ἀλλά
3042 4851 3094 4906 τί
3119 4869 3133 4884 ο
3171 4853 3280 4905 Καὶ
3323 4853 3378 4905 ετ
3422 4870 3475 4906 τι
3507 4850 3722 4919 ἑτέρως

2147 4950 2437 5021 φρονεῖτε,
2467 4949 2566 5003 καὶ
2613 4947 2789 5002 τοῦτο
2837 4949 2870 5000 ὀ
2926 4944 3070 5011 Θεὸς
3120 4945 3264 5014 ὑμῖν
3316 4945 3718 5012 ἀποκαλύψει.

2152 5047 2291 5114 Ὅρα
2316 5042 2433 5105 πῶς
2463 5039 2904 5109 συνεσταλμένως
2934 5037 3090 5090 τοῦτό
3119 5037 3379 5108 φησιν·Ὁ
3405 5037 3536 5100 Θεὸς
3577 5037 3721 5112 ὑμᾶς

2149 5138 2369 5202 διδάξεν
2395 5136 2691 5199 τουτέστιν,
2735 5135 2792 5186 Ὀ
2822 5132 2952 5195 Θεὸς
2982 5133 3124 5202 ὑμᾶς
3151 5130 3348 5194 πείσει,
3379 5129 3500 5197 οὐχὶ
3521 5129 3722 5191 διδάξει

2151 5231 2336 5294 ἁπλῶς
2359 5247 2372 5260 ·
2403 5230 2647 5282 ἐδίδασκε
2683 5227 2779 5298 μὲν
2813 5224 2922 5295 γὰρ
2955 5226 2984 5278 ὁ
3025 5222 3252 5288 Παῦλος,
3281 5221 3396 5274 ἀλλ’
3425 5224 3454 5274 6
3484 5220 3615 5280 Θεὸς
3641 5222 3696 5271 ἐν

2150 5327 2270 5392 ἦγε.
2294 5323 2402 5376 Καὶ
2429 5323 2527 5374 οὐκ
2559 5317 2734 5381 εἶπεν,
2752 5318 2982 5380 Ἐνάξει,
3009 5315 3146 5380 ἀλλ’,
3178 5314 3606 5381 Ἀποκαλύψει,
3635 5313 3723 5364 ’ίνα

2151 5409 2276 5479 δόξῃ
2303 5407 2499 5478 μᾶλλον
2529 5404 2747 5473 ἀγνοίας
2777 5399 2914 5455 εἶναι
2945 5401 3005 5453 τὸ
3033 5401 3281 5470 πρᾶγμα.
3317 5399 3388 5451 Οὕ
3437 5398 3563 5468 περὶ
3602 5397 3724 5466 δογ-

2156 5501 2339 5571 μάτων
2381 5498 2554 5552 ταῦτα
2591 5498 2824 5568 εἴρηται,
2858 5496 2992 5549 ἀλλά
3043 5495 3169 5565 περὶ
3209 5493 3322 5563 βίου
3370 5491 3721 5563 τελειότητος,

2155 5593 2246 5646 καὶ
2285 5591 2378 5644 105
2415 5591 2490 5662 μὴ
2520 5591 2759 5662 νομίζειν
2792 5591 3020 5652 ἐαυτοῦς
3046 5589 3282 5651 τελείους
3309 5582 3466 5640 εἶναι.
3485 5587 3572 5650 Ὠς
3597 5587 3625 5640 ὃ
3657 5603 3722 5655 γε

2215 5711 2232 5733 ⁸
2251 5712 2332 5761 Sic
2348 5711 2569 5766 Ωοίεὶίιι..
2599 5719 2650 5759 et
2683 5713 2749 5760 ita
2779 5707 2904 5772 legit
2949 5707 3213 5769 inlerwres,
3240 5714 3296 5758 ut.
3337 5711 3498 5759 series
3539 5715 3714 5772 ρυεῑιι-

2158 5777 2260 5824 lure
2290 5773 2499 5824 videtur.
2536 5772 2686 5834 Edili,
2709 5778 2766 5836 τῇ
2794 5772 3033 5834 βαρύτητι.
