4108 6410
352 286 476 351 ’2⁸⁵5

365 411 599 479 νομίζων
626 412 686 463 τὸ
721 413 828 464 πᾶν
867 411 1248 482 κατειληφέναι
1267 454 1283 476 ,
1312 412 1461 465 οὐδὲν
1486 411 1617 482 ἔχει.
1649 410 1824 480 Πλὴν
1850 411 1938 477 εἰς

365 503 397 556 ὃ
425 503 789 573 ἐφθάσαμεν,
822 502 902 568 τῷ
942 502 1102 570 αὐτῷ
1142 504 1411 572 στοιχεῖν
1449 504 1679 570 κανόνι,
1703 504 1769 556 τὸ
1798 502 1944 557 αὐτὸ

365 596 630 663 φρονεῖν.
682 596 854 663 Πλὴν
897 598 984 663 εἰς
1013 595 1045 649 6
1074 596 1442 665 ἐφθάσαμεν,
1495 596 1547 648 τί
1598 597 1751 662 ἐστι;
1793 595 1944 658 Τέως

366 689 552 759 φησιν,
573 688 602 740 6
627 688 1093 758 κατωρθώσαμεν,
1126 689 1465 758 κατέχωμεν,
1488 688 1550 741 τὸ
1574 689 1673 759 τῆς
1699 688 1942 757 ἀγάπης,

365 778 426 830 τὸ
473 784 571 851 τῆς
615 782 889 851 ὁμονοίας,
917 782 978 834 τὸ
1011 782 1109 851 τῆς
1156 783 1414 852 εἰρήνης·
1463 780 1621 833 τοῦτο
1647 781 1778 850 ἡμῖν
1810 796 1945 833 κατ-

367 872 639 943 ώρθωται.
685 876 789 938 Εἰς
836 872 867 925 ὃ
924 874 1291 942 ἐφθάσαμεν,
1342 872 1423 938 τῷ
1474 872 1637 938 αὐτῷ
1677 871 1946 940 στοιχεῖν

368 965 598 1027 κανόνι,
629 965 693 1018 τό
722 965 868 1019 αὐτὸ
897 966 1159 1034 φρονεῖν.
1191 968 1292 1031 Εἰς
1317 964 1348 1019 ὃ
1382 964 1761 1034 ἐφθάσαμεν*
1792 981 1946 1017 τουτ-

370 1057 690 1120 έστι,Τοῦτο
717 1058 848 1127 ἡμῖν
876 1058 975 1127 ἤδη
1006 1058 1385 1127 κατώρθωται.
1404 1058 1567 1127 Ὁρᾷς
1593 1058 1676 1110 ὄτι
1706 1056 1943 1109 κανόναα

370 1150 617 1219 βούλεται
666 1146 805 1203 εἶναι
846 1150 916 1203 τὰ
963 1150 1433 1220 παραγγέλματα;
1493 1150 1553 1202 Ὀ
1598 1148 1777 1202 κανὼν
1821 1147 1944 1201 οὔτε

370 1243 680 1314 πρόσθεσιν,
715 1244 837 1299 οὔτε
871 1246 1162 1317 ἀφαίρεσιν
1211 1246 1447 1317 δέχεται,
1482 1245 1605 1299 ἐπεὶ
1654 1245 1714 1298 τὸ
1764 1244 1947 1299 κανὼν

368 1330 508 1388 εἶναι
556 1337 837 1395 ἀπόλλυσι.
878 1338 962 1404 Τῷ
992 1338 1152 1405 αὐτῷ
1180 1341 1420 1394 κανόνι’
1451 1339 1695 1392 τουτέστι
1720 1340 1785 1409 τῇ
1809 1336 1946 1407 αὐτῇ

373 1428 579 1493 πίστει,
610 1431 687 1501 τῷ
712 1431 860 1501 αὐτῷ
887 1432 1015 1503 ὅρῳ.
1049 1432 1308 1500 Mummi
1329 1449 1447 1499 μου
1477 1432 1736 1499 γίνεσθε,
1770 1429 1947 1483 ἀδελ-

370 1520 493 1588 φοί,
521 1522 618 1574 καὶ
651 1523 932 1577 σκοπεῖτε
956 1523 1095 1590 τοὺς
1119 1525 1271 1577 οὕτω
1296 1523 1794 1592 περιπατοῦντας,
1813 1525 1951 1575 καθ-

372 1612 453 1679 ὼς
502 1613 669 1683 ἔχετε
720 1618 910 1670 τύπον
957 1617 1135 1687 ἡμᾶς.
1179 1612 1345 1671 Εἶπεν
1381 1617 1657 1687 ἀνωτέρω,
1691 1615 1949 1669 Βλέπετε

374 1705 514 1771 τοὺς
560 1708 766 1774 κύνας,
799 1709 1085 1780 ἀπήγαγεν
1131 1710 1329 1772 αὐτοὺς
1378 1708 1631 1762 ἐκείνων⁸
1682 1708 1949 1779 προσάγει

372 1798 607 1864 τούτοις,
639 1800 731 1864 οὓς
769 1800 850 1854 δεῖ
876 1801 1197 1872 μιμεῖσθαι,
1230 1802 1434 1857 λοιπόν.
1468 1803 1535 1854 EE
1559 1819 1644 1864 τις
1678 1801 1826 1871 ἡμᾶς
1863 1817 1951 1869 μι-

377 1892 589 1959 μεῖσθαι
639 1892 907 1962 βούλεται,
940 1896 1123 1965 φησὶν,
1159 1896 1213 1948 εί
1239 1912 1323 1955 τις
1365 1894 1465 1965 τὴν
1505 1893 1675 1963 αὐτὴν
1716 1891 1951 1961 βαδίζειν

372 1982 513 2045 ὁδὸν,
544 1984 769 2048 ἐκείνοις
818 1987 1147 2058 προσέχετεο
1196 1986 1244 2038 εἰ
1292 1986 1387 2039 καὶ
1429 1982 1540 2053 ἐγὼ
1591 1984 1665 2054 μὴ
1695 1984 1949 2054 πάρειμι,

376 2074 488 2125 ἀλλ’
521 2076 633 2128 ἴστε
680 2076 779 2146 τῆς
829 2078 971 2148 ἐμῆς
1018 2078 1280 2148 βαδίσεως
1311 2078 1400 2130 τὸν
1428 2076 1650 2145 τρόπον,
1678 2075 1950 2139 τουτέστι,

373 2166 471 2234 τῆς
502 2167 844 2240 ἀναστροφῆς
877 2170 970 2223 τοῦ
1003 2170 1140 2240 βίου.
1160 2172 1233 2223 Οὐ
1257 2172 1364 2240 γὰρ
1392 2168 1767 2242 διάιρημάτων
1795 2167 1953 2238 μόνον

374 2259 669 2322 ἐδίδασκεν,
716 2262 852 2315 ἀλλά
894 2264 988 2315 καὶ
1034 2262 1122 2316 διά
1166 2263 1543 2334 πραγμάτων·
1595 2260 1847 2330 καθάπερ
1895 2260 1953 2313 ἐν

374 2355 519 2424 χορῷ
553 2357 646 2409 καὶ
674 2358 1021 2427 στρατοπέδῳ
1048 2357 1139 2411 τὸν
1168 2357 1401 2427 χορηγὸν
1425 2356 1520 2411 καὶ
1549 2354 1855 2427 στρατηγὸν
1876 2354 1957 2406 δεῖ

379 2448 664 2518 μιμεῖσθαι
684 2452 808 2514 τοὺς
830 2451 1070 2514 λοιποὺς,
1099 2451 1191 2504 καὶ
1222 2449 1365 2503 οὕτω
1391 2448 1627 2519 βαδίζειν
1653 2449 1951 2510 εὐτάκτωςο

377 2539 455 2593 ἔνι
488 2542 595 2613 γάρ
619 2544 711 2596 καὶ
736 2543 842 2596 ἀπὸ
871 2544 1112 2606 στάσεως
1141 2542 1460 2611 διαλυθῆναι
1485 2541 1661 2606 τάξιν.

445 2640 514 2701 γ’.
540 2636 680 2705 Ἀρα
717 2636 883 2698 τύπος
909 2632 1048 2707 ἦσαν
1078 2637 1128 2688 οἰ
1161 2635 1473 2700 ἀπόστολοι,
1496 2632 1801 2704 ἀρχέτυπόν
1828 2648 1952 2684 τινα

376 2729 561 2782 εἰκόνα
580 2727 950 2792 διασώζοντες.
987 2728 1306 2800 Ἐννοήσατε
1338 2727 1454 2790 πῶς
1470 2727 1651 2787 αὐτοῖς
1671 2725 1698 2777 6
1720 2724 1833 2793 βίος
1852 2723 1957 2775 ἀπ-

378 2822 753 2893 ηκριὸωμένος
766 2816 855 2892 ἦν,
871 2821 944 2884 ώς
957 2820 1259 2891 ἀρχέτυπον
1280 2818 1477 2880 αὐτοὺς
1499 2817 1593 2870 καὶ
1610 2814 1957 2886 παράδειγμα

379 2912 530 2986 ί294]
560 2912 772 2965 κεῖσθαι
822 2912 916 2964 καὶ
959 2912 1157 2981 νόμους
1207 2908 1507 2979 ἐμψύχους.
1553 2908 1729 2976 Ἀπερ
1754 2906 1862 2975 γὰρ
1887 2904 1957 2957 τά

380 3003 684 3073 γράμματα
729 3002 902 3070 ἔλεγε,
952 3002 1124 3055 ταῦτα
1175 3001 1262 3055 διὰ
1285 3000 1392 3053 τῶν
1419 3000 1760 3071 πραγμάτων
1792 2997 1958 3048 πᾶσιν

382 3095 605 3165 ἐδήλουν
645 3088 808 3147 οὗτοι.
854 3090 1025 3145 Τοῦτό
1049 3094 1167 3145 ἐστι
1204 3091 1524 3145 διδασκαλία
1547 3090 1744 3162 ἀρίστη
1768 3105 1782 3119 ·
1816 3087 1959 3140 οὕτω

381 3186 474 3239 τὸν
523 3183 769 3256 μαθητὴν
815 3185 1028 3251 ἐνάγειν
1062 3185 1090 3236 6
1128 3183 1394 3235 διδάσκων
1427 3182 1734 3251 δυνήσεται.
1772 3180 1868 3231 Ἂν
1900 3178 1958 3231 δὲ

385 3278 547 3339 αὐτὸς
577 3277 675 3347 μὲν
709 3275 841 3347 λέγῃ
862 3275 952 3327 καὶ
974 3274 1259 3345 φιλοσοφῇ,
1284 3276 1395 3337 τοῖς
1417 3273 1472 3325 δὲ
1495 3272 1675 3344 ἔργοις
1692 3270 1953 3324 τάναντία

388 3377 537 3443 ποιῇ,
576 3371 727 3425 οὔπω
759 3368 1095 3432 διδάσκαλος.
1156 3367 1325 3422 Τοῦτο
1364 3366 1472 3437 γάρ
1502 3367 1598 3419 καὶ
1633 3364 1710 3435 τῷ
1746 3364 1958 3435 μαθητῇ

390 3466 608 3535 κοῦφον,
640 3466 697 3517 ἐν
730 3463 909 3533 λόγοις
939 3462 1250 3531 φιλοσοφεῖν
1275 3476 1288 3489 ·
1317 3459 1453 3514 ἀλλά
1491 3459 1573 3512 δεῖ
1604 3458 1703 3529 τῆς
1726 3457 1815 3510 διὰ
1853 3455 1963 3509 τῶν

390 3558 568 3627 ἔργων
612 3553 892 3618 νουθεσίας
940 3553 1034 3606 καὶ
1080 3554 1178 3623 τῆς
1232 3551 1490 3622 ἀγωγῆς’
1534 3548 1671 3621 αὕτη
1718 3549 1828 3621 γὰρ
1870 3548 1966 3601 καὶ

390 3647 709 3702 διδάσκαλον
776 3647 1051 3716 αἰδέσιμον
1106 3648 1281 3709 ποιεῖ,
1340 3645 1436 3698 καὶ
1495 3643 1744 3715 μαθητὴν
1796 3640 1966 3694 εἴκειν

395 3739 824 3810 παρασκευάζει.
872 3738 1024 3803 Πῶς;
1064 3738 1233 3791 Ὅταν
1276 3736 1374 3806 μὲν
1421 3734 1529 3805 γάρ
1570 3735 1654 3808 ίδῃ
1690 3737 1748 3789 ἐν
1782 3733 1963 3803 λόγοις

395 3831 803 3902 φιλοσοφοῦντα,
852 3833 997 3902 ἐρεῖ,
1039 3830 1120 3883 ὅτι
1164 3828 1401 3882 ἀδύνατα
1451 3827 1744 3891 ἐπέταξεν·
1790 3826 1873 3878 ὃτι
1911 3824 1969 3877 δὲ

396 3924 653 3988 ἀδύνατα,
700 3922 915 3991 πρῶτος
941 3921 1102 3984 αὐτὸς
1141 3921 1409 3973 δείκνυσιν
1454 3921 1482 3972 ὁ
1533 3917 1850 3980 διδάσκαλος
1893 3918 1970 3989 μὴ

398 4016 669 4087 πράττων.
699 4015 797 4067 Ἂν
821 4015 875 4067 δέ
900 4015 983 4088 ίδῃ
1009 4012 1096 4066 διά
1117 4012 1227 4064 τῶν
1255 4011 1431 4083 ἔργων
1463 4010 1561 4081 τὴν
1587 4009 1790 4081 ἀρετὴν
1819 4024 1971 4061 τετε-

397 4103 717 4174 λειωμένην,
749 4102 848 4156 οὐκ
878 4102 942 4155 ἂν
973 4102 1083 4171 ἔχοι
1106 4101 1277 4153 ταῦτα
1296 4099 1500 4168 λέγειν.
1537 4099 1684 4171 Πλὴν
1704 4097 1841 4152 ἀλλά
1868 4097 1972 4151 κᾶν

397 4194 739 4265 ἠμελημένος
781 4195 808 4246 r3
839 4188 932 4246 τοῦ
972 4192 1288 4247 διδασκάλου
1322 4189 1437 4261 βίος
1464 4185 1530 4266 ᾗ,
1572 4192 1732 4260 ἡμεῖς
1761 4190 1974 4252 ἑαυτοῖς

402 4290 756 4359 προσέχωμεν
781 4324 795 4345 ,
819 4284 911 4337 καὶ
941 4282 1227 4352 ἀκούωμεν
1260 4285 1355 4338 τοῦ
1388 4281 1670 4352 προφήτου
1701 4278 1971 4350 λέγοντος,

401 4380 483 4432 ὅτι
506 4380 783 4432 Ἔσονται
807 4375 1030 4440 πάντες
1071 4372 1340 4427 διδακτοί
1390 4371 1538 4426 Θεοῦ
1562 4389 1575 4401 ·
1615 4372 1732 4435 καὶ,
1772 4374 1855 4426 Οὐ
1886 4372 1974 4442 μὴ

402 4469 726 4531 διδάξωσιν
746 4468 1003 4532 ἕκαστος
1022 4468 1127 4519 τὸν
1147 4464 1410 4533 ἀδελφὸν
1439 4462 1647 4531 αὑτοῦ,
1671 4463 1974 4534 λέγοντες,

404 4559 598 4615 Γνῶθι
626 4559 733 4612 τὸν
754 4562 991 4627 Κύριον,
1026 4557 1115 4611 ὅτι
1152 4557 1370 4624 πάντες
1399 4556 1717 4623 εἰδήσουσί
1751 4572 1824 4626 με
1858 4555 1978 4610 ἀπὸ

399 4650 616 4721 μικροῦ
665 4651 775 4716 ἕως
803 4649 1064 4718 μεγάλου
1113 4648 1333 4703 αὐτῶν.
1387 4649 1501 4702 Οὐκ
1545 4648 1688 4719 ἔχεις
1726 4649 1980 4721 ἐνάρετον

405 4742 757 4808 διδάσκαλον;
804 4742 919 4794 ἀλλ’
958 4740 1101 4810 ἔχεις
1159 4740 1252 4793 τὸν
1311 4740 1479 4804 ὅντως
1537 4741 1873 4805 διδάσκαλον,
1921 4742 1981 4796 ὃν

409 4833 504 4887 καὶ
576 4831 736 4902 μόνον
799 4829 1113 4884 διδάσκαλον
1165 4830 1270 4899 χρὴ
1332 4829 1552 4882 καλεῖνο
1617 4828 1713 4881 ἀπ’
1770 4828 1978 4882 ἐκείνου

413 4924 610 4996 μάθετε
628 4941 641 4954 σ
673 4925 878 4986 ἐκεῖνος
909 4922 1097 4993 ἔφησε,
1114 4923 1341 4975 Μὰθετε
1362 4923 1462 4975 ἀπ’
1484 4922 1650 4991 ἐμοῦ,
1675 4921 1766 4975 ὅτι
1794 4920 1985 4990 πρᾶός

409 5019 543 5083 εἰμι.
573 5015 663 5085 Μὴ
702 5014 766 5085 δὴ
803 5014 1036 5084 πρόσεχε
1069 5013 1149 5083 τῷ
1171 5014 1497 5083 διδασκάλῳ,
1528 5013 1641 5066 ἀλλ’
1664 5011 1858 5083 ἐκείνῳ
1888 5012 1985 5066 καὶ

409 5111 523 5169 τοῖς
567 5107 773 5159 ἐκείνου
823 5104 1171 5176 μαθήμασιν·
1234 5104 1439 5157 ἐκεῖθεν
1484 5104 1615 5158 λά6ε
1656 5104 1748 5157 τὸν
1774 5103 1982 5157 τύπον·

414 5200 556 5270 ἔχεις
583 5198 765 5252 εἰκόνα
794 5199 1021 5269 ἀρίστην
1050 5213 1064 5225 ·
1097 5196 1232 5267 πρδς
1249 5197 1462 5266 ἐκείνην
1485 5196 1744 5267 ρύθμισον
1767 5197 1982 5251 σαυτόν.

414 5292 621 5363 Μυρίαι
667 5291 806 5345 εἰσὶν
855 5293 911 5344 αἱ
953 5290 1159 5352 εἰκόνες
1202 5291 1260 5342 ἐν
1292 5292 1411 5352 ταῖς
1457 5291 1700 5360 Γραφαῖς
1735 5289 1986 5361 κείμεναι

420 5388 549 5457 βίων
601 5387 867 5459 ἐναρέτων
886 5400 899 5413 ·
939 5380 1071 5448 οἷον,
1102 5385 1196 5438 ἐὰν
1227 5384 1406 5456 θέλῃς,
1442 5386 1561 5439 ἐλθὲ
1587 5385 1681 5440 καὶ
1710 5386 1847 5457 μετά
1894 5387 1988 5441 τὸν

416 5480 734 5534 διδάσκαλον
759 5481 816 5532 ἐν
848 5481 959 5542 τοῖς
991 5478 1257 5549 μαθηταῖς
1283 5498 1294 5507 ·
1326 5480 1355 5531 6
1387 5479 1486 5549 μὲν
1513 5478 1580 5533 δι’
1601 5478 1990 5551 ἀκτημοσύνης

481 5696 512 5728 ⁸
538 5698 619 5747 Sic
638 5694 836 5749 Coislin.
864 5691 994 5748 Editi
1015 5696 1161 5758 male,
1195 5697 1267 5746 ότι
1292 5696 1469 5745 κανόνι.

1045 294 1105 351 5.
1139 294 1426 353 JOANNIS
1458 289 1949 352 CIIRYSOSTOMI
1988 291 2312 349 ARCHIEP.
2351 279 2908 349 CONSTANTINOPQ

3510 287 3620 343 ττι

2049 410 2276 480 ἔλαμψε,
2303 410 2333 463 6
2363 410 2420 462 δὲ
2450 408 2537 462 διὰ
2566 406 2893 479 χρημάτωνο
2924 396 3038 459 οἷον
3059 405 3088 459 6
3125 403 3309 467 Ἠλίας
3345 401 3415 455 δι’
3446 402 3619 473 ἀκτη-

2047 502 2303 571 μοσύνης,
2335 503 2365 555 6
2417 499 2667 571 Ἀϐραάμ
2706 496 2795 550 διὰ
2843 495 3183 568 χρημάτων·
3218 495 3337 548 οῖαν
3375 492 3620 564 νομίζεις

2043 593 2377 662 κουφοτέραν
2434 591 2529 645 καὶ
2595 586 3132 657 εὐεπιτηδειοτέραν,
3197 582 3405 654 ταύτην
3477 582 3622 636 ἐλθέ.

2043 685 2213 739 Πάλιν
2251 687 2280 737 6
2339 683 2438 755 μὲν
2486 681 2574 737 διὰ
2617 682 2819 752 γάμου,
2876 680 2906 731 6
2950 678 3009 731 δὲ
3065 677 3156 730 διά
3210 674 3510 746 παρθενίας
3542 690 3557 706 ·
3596 674 3627 726 6

2055 771 2307 842 Ἀϐραὰμ
2348 770 2436 824 διά
2484 769 2699 839 γάμου,
2765 767 2973 829 ἐκεῖνος
3028 762 3118 818 διὰ
3168 760 3506 833 παρθενίας’
3559 758 3628 829 ῆν

2044 860 2246 925 θέλεις,
2318 858 2535 930 βάδισον
2564 872 2580 888 ·
2646 853 2883 925 ἐκατέρα
2960 850 3070 921 γάρ
3124 848 3283 919 φέρει
3340 846 3480 917 πρὸς
3531 843 3626 896 τὸν

2042 951 2290 1019 οὐρανόν.
2328 949 2388 1002 '0
2419 948 2517 1018 μὲν
2543 944 2632 1000 διά
2656 942 2931 1014 νηστείας,
2953 943 2982 995 6
3013 938 3286 1008 Ἰωάννης,
3308 938 3337 991 6
3365 936 3423 990 δὲ
3453 933 3626 1007 χωρὶς

2044 1042 2327 1112 νηστειῶν,
2364 1042 2393 1094 6
2437 1039 2580 1095 Ἰώό.
2619 1037 2787 1092 Πάλιν
2848 1033 3009 1096 αὐτὸς
3044 1026 3196 1095 οὗτος
3231 1029 3324 1085 καὶ
3369 1026 3625 1097 γυναικὸς

2044 1130 2343 1203 φροντίζων
2376 1128 2471 1183 καὶ
2490 1127 2698 1180 παίδων
2716 1124 2810 1179 καὶ
2836 1121 3151 1191 θυγατέρων
3174 1118 3269 1173 καὶ
3296 1116 3496 1182 οἰκίας,
3525 1114 3624 1168 καὶ

2046 1226 2212 1279 πολὺν
2260 1223 2397 1293 ἔχων
2421 1220 2681 1274 πλοῦτον·
2727 1219 2758 1270 6
2786 1216 2944 1276 ἄλλος
2977 1213 3131 1267 οὐδὲν
3162 1211 3449 1280 ἐκέκτητο,
3480 1207 3624 1278 πλὴν

2045 1316 2140 1371 τοῦ
2194 1314 2411 1386 ἱματίου
2454 1312 2549 1365 τοῦ
2593 1309 2856 1379 τριχίνου.
2899 1304 3012 1361 Καὶ
3052 1304 3107 1357 τί
3133 1303 3281 1371 λέγω
3322 1300 3500 1354 οἰκίαν
3524 1298 3622 1353 καὶ

2047 1406 2276 1461 πλοῦτον
2303 1405 2400 1458 καῖ
2427 1404 2532 1475 χρή
2542 1418 2708 1474 ματα,
2737 1400 2872 1454 ὅπου
2898 1414 2964 1467 γε
2991 1394 3088 1450 καὶ
3132 1394 3193 1448 ἐν
3223 1390 3471 1463 βασιλείᾳ
3496 1392 3625 1444 ὄντα

2046 1494 2271 1549 δυνατὸν
2299 1493 2399 1563 τῆς
2434 1490 2634 1564 ἀρετῆς
2662 1483 3051 1550 ἐπιλαϐέσθαι;
3081 1480 3271 1552 Πάσης
3306 1478 3415 1550 γάρ
3448 1476 3625 1541 οἰκίας

2053 1588 2329 1657 ἰδιωτικῆς
2357 1586 2424 1641 ἂν
2447 1582 2699 1656 εὑρεθείη
2718 1574 3333 1649 πολυπραγμονέστερος
3361 1573 3391 1624 6
3415 1566 3565 1635 οἰκος
3596 1573 3627 1624 6

2054 1678 2347 1751 βασιλικός.
2396 1676 2456 1729 Ὁ
2483 1674 2661 1729 τοίνυν
2683 1668 2846 1725 Δαυτδ
2880 1665 3121 1737 ἔλαμψεν
3146 1663 3205 1717 ἐν
3232 1661 3500 1735 βασιλείᾳ,
3530 1659 3627 1714 καὶ

2051 1749 2203 1825 οὐδὲν
2233 1766 2397 1824 αὑτὸν
2426 1765 2674 1831 ἐξέλυσεν
2695 1763 2729 1832 ὴ
2750 1757 3005 1830 ἁλουργὶς
3028 1754 3125 1810 καὶ
3142 1754 3206 1808 τὸ
3231 1752 3466 1823 διάδημα
3483 1768 3498 1783 ο
3531 1749 3627 1804 άλ-

2051 1862 2137 1926 λος
2166 1859 2461 1930 ὁλοκλήρου
2480 1856 2654 1927 δήμου
2685 1849 3021 1924 προστασίαν
3042 1841 3568 1918 ἐμπεπιστευμένος,
3597 1847 3627 1899 ὁ

2050 1952 2290 2022 Μωῦσῆς
2312 1949 2478 2016 λέγω,
2493 1946 2631 2016 ὅπερ
2657 1943 2752 1997 καὶ
2769 1936 3171 2008 δυσκολώτερον
3190 1933 3467 2004 τυγχάνει.
3507 1932 3627 1984 Ἐν-

2050 2042 2226 2097 ταῦθα
2247 2020 2375 2110 νγὰρ
2418 2034 2619 2106 μείζων
2656 2034 2689 2102 ἠ
2712 2029 2928 2099 ἐξουσία
2954 2024 3045 2099 ἦν,
3076 2025 3198 2079 ὅθεν
3238 2022 3333 2077 καὶ
3360 2020 3561 2073 πλείων
3590 2020 3624 2090 ἡ

2050 2132 2305 2190 δυσκολία
2339 2115 2569 2200 ἐγίνειῖο.
2605 2119 2757 2187 Εἶδες
2800 2123 2859 2175 ἐν
2908 2120 3127 2188 πλούτῳ
3168 2111 3625 2184 εὐδοκιμηκότας,

2051 2223 2188 2289 εἶδες
2209 2224 2305 2278 καὶ
2334 2224 2394 2277 ἐν
2425 2216 2621 2289 πενίᾳ,
2651 2210 2789 2276 εἶδες
2821 2214 2879 2266 ἐν
2917 2210 3101 2282 γάμῳ,
3123 2204 3261 2271 εἶδες
3289 2207 3382 2259 καί
3404 2205 3462 2257 ἐν
3490 2219 3629 2271 παρ-

2051 2318 2205 2390 θενίᾳ
2221 2332 2236 2347 ·
2264 2315 2362 2369 θέα
2380 2307 2690 2366 τούναντίον
2713 2304 2878 2359 πάλιν
2903 2302 2997 2357 καὶ
3016 2304 3074 2355 ἐν
3099 2299 3263 2371 γάμῳ
3292 2298 3388 2351 καὶ
3405 2296 3462 2348 ἐν
3492 2308 3629 2361 παρ-

2053 2380 2203 2478 θενίά
2223 2404 2588 2466 ἀπολωλότας,
2619 2399 2713 2453 καὶ
2739 2398 2796 2450 ἐν
2824 2395 3037 2464 πλούτῳ
3066 2391 3163 2446 καὶ
3202 2391 3262 2445 ἐν
3287 2387 3481 2459 πενία·
3517 2380 3628 2437 οἷον

2052 2500 2110 2551 ἐν
2156 2469 2319 2566 γάμῳ
2359 2492 2459 2564 μὲν
2494 2489 2680 2543 πολλοὶ
2711 2487 2819 2539 τών
2849 2482 3151 2554 ἀνθρώπων
3172 2477 3474 2538 ἀπώλοντο,
3515 2469 3628 2526 οἷον

2053 2563 2326 2655 Σαμψών,
2360 2563 2475 2636 ἀλλ’
2502 2581 2605 2633 οὐκ
2625 2575 2734 2630 ἀπὸ
2754 2573 2847 2627 τοῦ
2872 2573 3072 2640 γάμου,
3099 2570 3213 2624 ἀλλ’
3244 2567 3352 2620 ἀπὸ
3372 2567 3470 2634 τῆς
3496 2563 3629 2625 ἰδίας

2057 2653 2207 2748 [265]
2248 2670 2618 2743 προαιρέσεως
2642 2683 2656 2698 ο
2688 2667 2746 2718 ἐν
2797 2662 3064 2734 παρθενίᾳ
3104 2659 3182 2722 δὲ,
3223 2653 3336 2710 οἷον
3372 2656 3428 2708 αἰ
3469 2654 3632 2705 πέντε

2054 2744 2345 2836 παρθένοι⁹
2393 2763 2452 2815 ἐν
2509 2757 2745 2826 πλούτῳ,
2802 2757 2830 2808 6
2883 2753 3136 2815 πλούσιος
3186 2752 3214 2804 ὁ
3250 2748 3339 2801 τὸν
3386 2744 3633 2812 Λάζαρον

2055 2834 2342 2928 περιορῶν’
2358 2855 2416 2907 ἐν
2432 2850 2589 2920 πενίᾳ
2602 2848 2785 2919 μυρίοι
2802 2846 2882 2899 ἔτι
2902 2843 2997 2897 καὶ
3014 2841 3106 2895 νῦν
3126 2841 3355 2909 πένητες
3374 2834 3634 2889 ἀπόλλυν-

2054 2926 2164 3004 ται.
2211 2949 2298 3001 Ἐν
2334 2942 2577 3015 βασιλείᾳ
2619 2941 2867 3010 δείκνυμι
2899 2935 3126 2997 πολλοὺς
3164 2929 3527 2992 ἀπολωλότας,
3575 2926 3635 2979 ἐν

2054 3038 2401 3111 δημαγωγία.
2451 3032 2636 3097 Θέλεις
2661 3032 2831 3086 δὲκαὶ
2862 3030 2919 3082 ἐν
2939 3026 3296 3099 στρατιωτικῇ
3326 3021 3477 3085 τάξει
3509 3019 3633 3072 ἰδεῖν

2058 3108 2425 3199 σωζομένουςς
2480 3125 2583 3196 ὅρα
2625 3123 2718 3176 τὸν
2748 3117 3044 3191 Κορνήλιον
3069 3133 3085 3149 ·
3111 3116 3205 3168 καὶ
3242 3114 3299 3165 ἐν
3331 3108 3637 3183 προστασία

2056 3220 2264 3283 οἰκίας;
2296 3217 2459 3289 βλέπε
2499 3216 2591 3268 τὸν
2634 3212 2888 3282 εὐνοῦχον
2918 3210 3020 3278 τῆς
3060 3204 3438 3274 Αἰθιοπίσσης.
3480 3199 3635 3253 Ούτω

2057 3309 2323 3365 πάντοθεν
2376 3307 2470 3360 ἐὰν
2511 3308 2593 3369 εἰς
2620 3304 2738 3359 δέον
2776 3301 2854 3372 τῷ
2903 3298 3118 3368 πλούτῳ
3166 3292 3447 3367 χρώμεθα,
3486 3289 3639 3342 οὐδὲν

2059 3404 2207 3475 ἡμᾶς
2233 3398 2424 3454 ἀπολεῖ
2446 3414 2459 3428 ο
2491 3397 2589 3450 ἐὰν
2611 3395 2668 3448 δὲ
2707 3393 2804 3465 μὴ,
2850 3392 3067 3446 ἄπαντα
3105 3386 3320 3450 ἀπολεῖ,
3370 3384 3463 3436 καὶ
3489 3381 3639 3451 βασι-

2058 3493 2200 3557 λεία,
2245 3491 2340 3545 καὶ
2369 3487 2549 3552 πενία,
2592 3485 2687 3541 καὶ
2714 3482 2966 3544 πλοῦτος.
3017 3479 3123 3534 Τὸν
3175 3478 3358 3549 μέντοι
3402 3476 3640 3544 νήφοντα

2060 3587 2212 3641 οὐδὲν
2243 3583 2443 3656 βλάψαι
2472 3581 2783 3650 δυνήσεται.
2835 3575 2973 3631 Εἰπὲ
2999 3573 3109 3644 γάρ
3149 3588 3260 3642 μοι,
3292 3564 3641 3639 αἰχμαλωσία

2061 3680 2113 3733 τί
2142 3676 2410 3745 ἐΰλαψενς
2442 3672 2608 3727 Οὐδέν
2626 3688 2642 3703 ·
2672 3669 2842 3724 ἐννόει
2856 3666 2966 3738 γάρ
2993 3681 3084 3735 μοι
3108 3662 3199 3716 τὸν
3239 3659 3439 3731 Ἰωσὴφ
3458 3656 3643 3711 δοῦλον

2062 3771 2372 3841 γενόμενον,
2402 3765 2499 3820 καὶ
2536 3764 2639 3834 τὴν
2677 3761 2883 3835 ἀρετὴν
2928 3755 3261 3821 διασώζοντα
3284 3770 3297 3785 ·
3351 3749 3519 3805 ἐννόει
3553 3765 3643 3817 μοι.

2062 3864 2153 3918 τὸν
2181 3859 2399 3930 Δανιὴλ,
2430 3855 2674 3917 καὶτοὺς
2699 3854 2849 3924 τρεῖς
2877 3850 3071 3912 παῖδας
3090 3842 3466 3917 αἰχμαλώτους
3489 3856 3643 3908 γενο-

2070 3954 2285 4025 μένους,
2319 3927 2415 4004 καὶ
2454 3946 2573 4011 πῶς
2603 3942 2783 4015 πολλῷ
2815 3940 3014 4013 μᾶλλον
3041 3937 3312 4008 ἔλαμψαν.
3362 3927 3645 4001 Πανταχοῦ

2067 4021 2176 4114 γάρ
2205 4043 2240 4113 ή
2272 4038 2445 4112 ἀρετὴ
2482 4037 2713 4108 λάμπει,
2762 4033 2857 4087 καί⁸
2900 4025 3344 4097 ἀκαταγώνιστός
3383 4025 3521 4087 ἐστι,
3551 4021 3648 4074 καὶ

2068 4135 2220 4188 οὐδὲν
2240 4131 2444 4202 ταύτην
2469 4126 2757 4199 ἐμποδίσαι
2788 4123 3029 4178 δύναται.
3056 4119 3121 4173 Τί
3150 4118 3293 4187 λέγω
3331 4116 3521 4169 πενίαν
3554 4114 3648 4166 καὶ

2070 4224 2450 4296 αἰχμαλωσίαν
2475 4220 2570 4275 καὶ
2594 4217 2837 4271 δουλείαν
2858 4233 2875 4284 ;
2903 4215 3022 4271 οὐδὲ
3044 4212 3223 4283 λιμὸς,
3252 4209 3372 4263 οὐδὲ
3395 4207 3647 4271 ἕλκωσις,

2071 4319 2195 4372 οὑδέ
2245 4315 2399 4377 νόσος
2440 4311 2664 4366 δύναται
2720 4305 2954 4378 βλάψαιο
3009 4301 3252 4365 δουλείας
3317 4299 3426 4370 γάρ
3495 4296 3650 4357 νόσος

2072 4407 2474 4482 χαλεπώτερον.
2521 4400 2775 4462 Τοιοῦτος
2809 4394 2877 4468 ἦν
2909 4398 2938 4449 6
2966 4393 3235 4465 Λάζαρος,
3264 4387 3503 4450 τοιοῦτος
3531 4382 3599 4457 ἦν
3621 4387 3650 4437 6

2086 4480 2230 4566 Ἰὼϐ,
2248 4498 2494 4561 τοιοῦτος
2512 4491 2582 4568 ἦν
2611 4492 2702 4549 καὶ
2729 4494 2759 4546 6
2786 4488 3046 4561 Τιμόθεος
3077 4485 3308 4548 πυκναῖς
3344 4480 3650 4541 ἀσθενείαις

2078 4595 2458 4665 συνεχόμενος.

2157 4662 2321 4756 Ὁρᾷς
2352 4683 2434 4736 ὅτι
2462 4680 2560 4751 τῆς
2579 4678 2778 4751 ἀρετῆς
2803 4674 2954 4728 οὐδὲν
2976 4672 3197 4726 δύναται
3234 4662 3649 4738 περιγενέσθαις

2076 4777 2137 4831 οὺ
2168 4754 2418 4838 πλοῦτος,
2447 4772 2508 4826 οὐ
2548 4770 2727 4834 πενία,
2750 4767 2850 4820 οὐκ
2876 4763 3041 4835 ἀρχὴ,
3081 4761 3141 4815 οὐ
3185 4759 3247 4813 τὸ
3275 4756 3559 4830 ἄρχεσθαι,
3588 4754 3651 4807 οὐ

2075 4868 2138 4921 τὸ
2186 4866 2296 4920 τῶν
2352 4862 2694 4935 πραγμάτων
2757 4854 3138 4930 προΐστασθαι,
3194 4852 3255 4905 οὐ
3324 4849 3500 4911 νόσος,
3552 4846 3653 4899 οὐκ

2078 4958 2285 5023 ἀδοξία,
2317 4957 2379 5010 οὑ
2411 4956 2471 5009 τὸ
2499 4951 2835 5026 ἁπεῤῥῖφθαι
2857 4969 2870 4981 ο
2924 4947 3061 5002 ἀλλά
3095 4945 3266 5000 ταῦτα
3297 4943 3474 4996 πάντα
3504 4940 3655 4994 κάτω

2080 5049 2177 5103 καὶ
2196 5048 2290 5101 ἐπὶ
2314 5046 2417 5117 γῆς
2448 5046 2668 5114 ἀφεῖσα,
2703 5040 2894 5110 φθάνει
2919 5038 3053 5109 πρὸς
3083 5036 3173 5089 τὸν
3203 5032 3432 5098 οὐρανόν
3452 5046 3467 5061 ·
3496 5028 3655 5100 μόνον

2082 5139 2222 5193 ἔστω
2251 5135 2474 5206 γενναία
2500 5132 2666 5204 ψυχὴ,
2691 5131 2784 5185 καὶ
2812 5130 2873 5183 :6
2894 5128 3102 5182 κωλύον
3128 5125 3278 5178 οὐδὲν
3307 5118 3446 5175 εἶναι
3470 5119 3657 5187 ἐνάρε-

2082 5249 2194 5287 τον.
2223 5231 2392 5284 Ὅταν
2420 5226 2529 5299 γὰρ
2561 5227 2590 5277 6
2620 5224 2857 5295 ἐργάτης
2875 5221 3134 5293 ἔρρωται,
3157 5216 3308 5271 οὐδὲν
3331 5214 3439 5267 τῶν
3462 5211 3659 5277 ἔξωθεν

2084 5320 2383 5393 ἐμποδίζει.
2440 5318 2550 5372 Καὶ
2589 5317 2701 5386 γὰρ
2743 5315 2838 5369 καὶ
2873 5314 2967 5367 ἐπὶ
3004 5309 3115 5364 τῶν
3155 5305 3394 5377 τεχνῶν,
3451 5304 3577 5355 ὅταν
3630 5300 3660 5351 6

2084 5390 2335 5483 τεχνίτης
2361 5410 2625 5481 ἔμπειρος
2754 5406 2848 5459 καὶ
2878 5399 3203 5474 καρτερικὸς
3234 5398 3328 5451 καὶ
3352 5397 3532 5448 πᾶσαν
3562 5390 3659 5460 τὴν

2083 5505 2279 5573 τέχνην
2316 5499 2692 5568 ἐπιστάμενος.
2735 5495 2839 5548 κᾶν
2871 5493 3024 5555 νόσος
3046 5488 3278 5560 ἐπέλθῃ,
3330 5486 3441 5556 ἔχει
3467 5483 3658 5552 αὐτὴν,

2086 5596 2192 5649 κᾶν
2215 5593 2462 5664 πένηται,
2508 5589 2620 5660 ἔχει
2661 5586 2851 5658 αὐτὴν,
2883 5585 2986 5639 κᾶν
3028 5583 3125 5655 ἔχῃ
3171 5581 3231 5635 τὸ
3258 5579 3488 5650 ὄργανον
3522 5573 3661 5645 μετὰ

2089 5688 2295 5759 χεῖρας,
2320 5684 2423 5739 κᾶν
2444 5681 2517 5756 μὴ
2535 5682 2650 5754 ἔχῃ,
2672 5680 2774 5736 κᾶν
2789 5676 3105 5751 ἐργάζηται,
3124 5674 3226 5729 κᾶν
3249 5672 3325 5745 μὴ
3341 5666 3660 5744 ἐργάζηται,
