4108 6410
450 407 559 464 973

448 521 626 591 regula
655 536 675 574 :
693 520 826 574 idem
848 520 1129 590 sapiamus.
1182 517 1532 572 Verumtamen
1553 520 1622 572 ad
1640 518 1775 586 quod
1805 519 2031 586 perveni-

449 630 583 673 mus,
611 612 738 680 quid
769 610 870 664 hoc
897 611 1017 664 est?
1049 610 1276 675 interea,
1307 610 1498 680 inquit,
1514 610 1656 680 quod
1694 611 1818 663 boni
1840 624 2030 664 conse-

448 702 602 772 quuti
623 718 834 802 sumus,
858 713 1157 765 teneamus,
1186 704 1504 767 caritatem,
1534 704 1898 767 concordiam,
1930 716 2025 772 pa-

448 811 569 849 cem
601 814 613 849 :
643 796 745 850 hoc
775 795 931 850 nobis
955 805 1102 851 recte
1129 796 1433 851 confectum
1464 804 1566 851 est.
1598 796 1677 849 Ad
1702 795 1836 864 quod
1861 810 2033 861 perve-

449 888 641 951 nimus,
670 890 725 941 in
753 888 928 943 eadem
958 904 1342 958 permaneamus
1368 888 1562 959 regula,
1588 887 1722 940 idem
1749 886 2028 955 sapiamus.

450 978 529 1031 Ad
576 980 711 1048 quod
750 979 1105 1048 peruenimus;
1153 977 1205 1033 id
1246 988 1349 1045 est,
1397 979 1500 1033 hoc
1541 978 1696 1032 nobis
1731 978 1840 1047 jam
1887 986 2033 1031 recte

446 1072 751 1125 confectum
792 1079 895 1126 est.
930 1070 1092 1125 Vides
1120 1070 1343 1125 Paulum
1391 1070 1493 1125 hoc
1540 1070 1712 1133 velle,
1761 1078 2028 1139 prmcepta

447 1177 569 1217 esse
597 1163 873 1233 regulam?
902 1162 1103 1233 Regula
1142 1178 1315 1234 neque
1364 1161 1691 1217 additionem
1724 1177 1898 1232 neque
1929 1161 2025 1216 deo

449 1257 766 1309 tractioni-m
797 1256 942 1325 capit
965 1273 979 1321 ;
1004 1256 1203 1326 alioqui
1231 1257 1342 1325 jam
1374 1272 1478 1310 non
1505 1264 1589 1310 est
1616 1255 1820 1323 regula.
1848 1252 1913 1306 In
1938 1271 1996 1307 ea

446 1348 561 1401 dem
578 1348 790 1417 regula;
821 1348 871 1401 id
897 1357 1001 1410 est,
1028 1348 1079 1402 in
1107 1347 1296 1402 eadem
1327 1346 1449 1407 ﬁde,
1480 1347 1532 1400 in
1555 1346 1741 1400 eadem
1768 1345 2031 1399 consmu-

448 1440 616 1493 tione.
651 1442 739 1493 l7.
771 1438 1063 1493 lmitatores
1089 1440 1187 1493 mei
1212 1448 1368 1493 estote
1394 1480 1409 1504 ,
1437 1438 1620 1507 fratres
1656 1453 1675 1491 :
1702 1447 1747 1491 et
1776 1438 2031 1491 observate

445 1548 551 1595 eos,
583 1534 670 1601 qui
697 1534 770 1585 ita
795 1533 1078 1598 ambulant,
1109 1533 1240 1587 sicut
1275 1531 1467 1585 habetis
1504 1546 1596 1584 nos
1620 1532 1861 1601 formam.
1886 1529 2030 1582 Dixit

447 1626 719 1694 superius,
755 1624 929 1679 Videte
952 1640 1128 1691 canes,
1154 1624 1254 1679 hos
1275 1623 1344 1677 ab
1368 1623 1475 1677 illis
1499 1622 1772 1677 abducens
1798 1639 1812 1675 :
1836 1635 2030 1690 propo-

446 1718 527 1772 nit
556 1733 697 1771 nunc
730 1733 846 1783 eos,
884 1717 973 1787 qui
1000 1726 1127 1771 sunt
1154 1714 1422 1770 imitandi.
1455 1714 1511 1771 Si
1535 1715 1677 1784 quis,
1708 1713 1901 1784 inquit,
1932 1728 2028 1766 nos

446 1808 647 1863 imitari
689 1808 842 1872 vult,
876 1807 919 1861 si
966 1809 1087 1878 quis
1127 1807 1376 1862 eamdem
1420 1805 1866 1870 insistere-viam,
1900 1802 2027 1858 huic

445 1915 666 1969 cperam
695 1899 820 1954 date
851 1917 864 1954 :
895 1899 1139 1969 quamvis
1166 1914 1268 1969 ego
1296 1915 1401 1953 non
1438 1898 1633 1960 adsim.
1657 1898 1829 1953 nostis
1849 1906 2026 1951 tamen

447 1993 690 2048 incessus
718 1994 827 2047 mei
869 1992 1131 2047 rationem
1160 2002 1214 2046 et
1247 1991 1465 2045 modum
1500 2033 1515 2058 ,
1545 1990 1598 2046 id
1629 2000 1733 2056 est,
1764 1990 2027 2046 rationem

446 2087 569 2138 vita:
597 2094 654 2138 et
672 2099 903 2137 morum.
923 2082 1041 2138 Non
1060 2084 1206 2138 enim
1236 2082 1419 2138 verbis
1446 2081 1623 2136 solum
1653 2081 1907 2147 docebat,
1931 2081 2026 2136 sed

443 2176 605 2229 etiam
633 2174 790 2229 factis
833 2194 846 2229 :
879 2174 1332 2245 quemadmodum
1368 2175 1421 2228 in
1466 2173 1637 2229 choro
1678 2182 1736 2228 et
1785 2173 2026 2229 exercitu

443 2267 735 2337 choragum
757 2277 811 2321 et
840 2266 1032 2321 ducem
1064 2266 1254 2336 reliqui
1284 2266 1559 2319 imitentur
1588 2274 1802 2335 oportet
1827 2306 1843 2331 ,
1872 2273 1927 2319 ut
1954 2265 2026 2319 ita

444 2361 692 2415 ordinate
726 2359 977 2416 incedant
1007 2377 1020 2413 :
1052 2376 1172 2414 nam
1204 2360 1319 2415 ﬁeri
1347 2367 1543 2430 potest,
1564 2368 1623 2413 ut
1647 2374 1714 2413 es
1745 2358 1837 2414 illo
1864 2357 2026 2413 etiam

446 2461 588 2506 statu
612 2451 752 2506 ordo
780 2450 1121 2505 dissolvatur.

530 2543 583 2598 '5.
631 2541 859 2596 Doctoris
895 2551 940 2596 et
989 2541 1225 2612 discipuli
1264 2541 1445 2611 ofﬁcia.
1487 2571 1561 2581 —
1599 2541 1740 2613 Ergo
1788 2542 2016 2612 apostoli

445 2643 600 2689 erant
625 2634 796 2689 forma
833 2645 889 2689 et
918 2644 1074 2706 typus
1098 2675 1114 2699 ,
1144 2634 1378 2704 speciem
1405 2649 1524 2689 eam
1554 2635 1867 2699 retinentes,
1894 2651 2016 2706 qua:

445 2723 721 2794 archetypi
744 2733 797 2779 et
826 2724 1065 2794 primarii
1087 2724 1363 2794 cujusdam
1389 2725 1713 2794 exemplaris
1735 2724 1904 2779 instar
1938 2740 2027 2780 es-

445 2828 548 2871 set.
573 2818 838 2887 Cogitate,
862 2833 1021 2887 quam
1049 2828 1302 2872 accurata
1331 2816 1477 2872 e'sset
1502 2816 1606 2871 illis
1630 2818 1752 2871 vitae
1778 2818 1936 2879 ratio.
1971 2827 2028 2870 ut

445 2908 544 2975 ipsi
574 2909 832 2977 propositi
875 2918 1059 2962 essent
1085 2949 1101 2972 ,
1143 2908 1293 2977 quasi
1324 2908 1647 2979 archetypos
1673 2918 1726 2962 et
1753 2909 2029 2977 exemplar

445 3010 501 3054 et
542 3001 687 3068 leges
716 3002 988 3055 animatae.
1035 3002 1165 3067 Quae
1208 3002 1353 3055 enim
1384 3002 1552 3056 literae
1592 3001 1877 3066 dicebant,
1911 3002 2027 3057 lucc

452 3092 555 3161 ipsi
586 3092 737 3146 factis
767 3093 1045 3162 perspicua
1082 3093 1333 3148 omnibus
1362 3092 1644 3147 faciebant.
1673 3094 1800 3148 Haec
1825 3094 2024 3162 optima

443 3194 528 3238 est
569 3183 796 3237 docendi
827 3184 968 3238 ratio
1012 3200 1025 3237 :
1059 3184 1131 3238 ita
1165 3183 1488 3254 discipulqu
1521 3184 1797 3253 impellere
1840 3184 2028 3239 doctor

447 3277 662 3344 poterit.
709 3275 802 3330 Sin
832 3276 974 3330 dicat
1006 3275 1220 3346 quidem
1254 3291 1317 3331 ac
1362 3276 1541 3330 verbis
1574 3275 2015 3345 philosiiphetnr,

445 3369 598 3421 factis
613 3384 739 3422 vero
761 3368 1026 3421 contraria
1054 3376 1429 3438 repraesentet,
1450 3366 1684 3422 nondum
1708 3368 1900 3422 doetor
1919 3378 2025 3422 est.

444 3460 577 3515 Nam
624 3461 709 3515 vel
740 3461 1005 3531 discipulo
1057 3463 1157 3515 hoc
1200 3461 1358 3517 facile
1401 3472 1528 3526 est,
1566 3461 1743 3516 verbis
1790 3462 2028 3530 philoso-

446 3555 635 3623 phari;
668 3553 759 3607 sed
787 3554 870 3608 illa
899 3553 1199 3607 admonitio
1223 3562 1278 3608 et
1308 3553 1586 3623 persuasio
1613 3553 1837 3608 accedat
1866 3568 2028 3623 opor-

448 3656 542 3706 tet,
572 3663 690 3717 qua:
721 3662 816 3717 per
839 3661 1005 3716 opera
1035 3646 1093 3700 ﬁt
1119 3665 1132 3700 :
1161 3661 1287 3701 nam
1316 3645 1429 3700 haec
1456 3655 1511 3700 et
1536 3647 1743 3701 doctori
1775 3662 2031 3701 reveren-

448 3738 573 3791 tiam
622 3735 898 3800 conciliat,
938 3746 995 3790 et
1040 3735 1307 3806 discipulo
1353 3736 1769 3807 prOpensionem
1815 3737 1882 3790 ad
1936 3752 2032 3806 pa-

445 3828 694 3885 rendum.
732 3828 1059 3896 Quomodo?
1103 3827 1404 3894 Quoniam,
1454 3828 1544 3884 ubi
1596 3828 1781 3884 verbis
1810 3828 2027 3897 quidem

447 3922 645 3976 viderit
686 3921 1161 3991 philosophantem
1185 3961 1203 3985 ,
1233 3936 1417 3976 secum
1446 3920 1611 3984 dicet,
1644 3920 1720 3975 Ea
1752 3936 1871 3990 quae
1911 3920 2026 3976 ticri

448 4029 554 4067 non
593 4023 815 4082 possunt
840 4013 1094 4083 magister
1120 4014 1221 4069 iste
1251 4014 1544 4083 praecepit,
1578 4013 1739 4084 idque
1772 4014 1885 4083 ipse
1914 4014 2027 4083 pri-

451 4120 571 4159 nius
608 4105 885 4169 ostendit,
932 4108 1021 4177 qui
1044 4121 1109 4161 ea
1138 4121 1246 4161 non
1294 4104 1443 4161 facit.
1474 4105 1566 4162 Sin
1597 4115 1777 4161 autem
1831 4107 2030 4163 viderit

449 4200 701 4252 virtutem
727 4199 877 4253 factis
896 4200 1025 4269 ipsis
1040 4214 1383 4269 expressam,
1405 4214 1512 4253 non
1540 4198 2027 4268 habebitamplius,

450 4303 546 4343 cur
581 4290 680 4343 ista
730 4290 895 4343 dicat.
931 4289 1309 4345 Verumtamen
1337 4290 1498 4345 etiam
1547 4291 1592 4345 si
1632 4290 1871 4346 doctoris
1918 4293 2024 4347 vita

450 4381 713 4435 socordiae
735 4381 1003 4449 plena‘sit,
1029 4381 1185 4437 nobis
1215 4382 1346 4452 ipsis
1372 4382 1737 4449 attendamus,
1760 4394 1814 4439 et
1838 4384 2024 4439 audia-

454 4487 576 4525 mus
609 4471 921 4541 prophetam
952 4472 1244 4536 dicentem,
1278 4472 1445 4527 Erunt
1470 4490 1642 4529 omnes
1671 4477 1909 4530 docibiles
1932 4474 2029 4530 Dei

454 4565 634 4635 (Joan.
656 4564 709 4619 6.
741 4565 834 4634 45)
860 4580 875 4629 ;
903 4573 978 4629 et,
1014 4563 1136 4619 Non
1160 4566 1351 4619 docebit
1380 4568 1515 4644 ulva
1534 4568 1609 4620 vir
1630 4568 1840 4636 fratrem
1854 4585 2025 4635 suum,

454 4657 623 4710 dicens
656 4672 675 4710 :
697 4655 951 4727 Cognosce
992 4655 1304 4722 Dominum;
1348 4658 1519 4712 omnes
1561 4660 1693 4711 enim
1732 4670 2031 4730 cognoscent

461 4768 543 4804 me
564 4768 596 4804 a
624 4750 833 4803 minimo
869 4765 1044 4802 eorum
1080 4765 1238 4818 usque
1261 4751 1329 4803 ad
1355 4751 1633 4803 maximum
1659 4749 1893 4821 (Jerem.
1937 4752 2029 4806 '52.

454 4845 569 4915 54).
598 4845 714 4899 Non
746 4844 909 4898 habes
936 4842 1207 4897 doctorem
1225 4844 1425 4899 virtute
1455 4842 1775 4913 praeditum?
1800 4844 1908 4900 Sed
1935 4844 2032 4899 ba-

455 4939 553 4994 bes
597 4952 722 4992 eum
752 4937 841 5005 qui
884 4951 1010 4990 vere
1066 4935 1252 4991 doctor
1297 4944 1416 4998 est,
1463 4950 1621 5005 quem
1649 4936 1809 4990 etiam
1858 4937 2030 4991 solum

456 5031 731 5085 doctorem
783 5029 1051 5097 appellare
1095 5036 1307 5096 Oportet
1345 5046 1360 5081 :
1399 5027 1467 5082 ab
1511 5026 1607 5082 illo
1647 5026 1835 5083 discite
1877 5044 1891 5080 :
1945 5027 2035 5083 ille

457 5125 608 5188 dixit,
650 5122 842 5176 Discite
869 5139 901 5175 a
930 5138 1008 5175 me
1027 5162 1042 5184 ,
1072 5123 1191 5189 quia
1216 5136 1329 5173 sum
1355 5120 1491 5174 mitis
1520 5118 1751 5189 (Matth.
1793 5120 1884 5174 Η.
1915 5118 2031 5189 ‘29).

457 5216 575 5271 Non
603 5217 859 5268 observes
901 5214 1213 5283 magistrum
1247 5212 1404 5266 istum
1426 5254 1441 5277 ,
1471 5212 1565 5267 sed
1597 5212 1745 5266 illum
1791 5212 2036 5280 illiuSqne

458 5307 766 5377 disciplinas
807 5324 822 5361 :
864 5305 988 5360 inde
1019 5316 1203 5376 typum
1239 5320 1371 5373 cape
1400 5321 1414 5358 :
1446 5304 1610 5359 habes
1638 5304 1867 5373 efﬁgiem
1897 5305 2038 5374 cpti-

460 5415 639 5462 mam,
680 5397 747 5452 ad
788 5413 946 5467 quam
980 5398 1208 5465 teipsum
1238 5410 1549 5464 componas.
1590 5395 1869 5451 Sescenta:
1915 5404 2038 5450 sunt

460 5494 745 5562 proposita:
786 5491 836 5545 in
864 5490 1156 5559 Scripturis
1184 5490 1409 5542 vitarnm
1435 5504 1555 5543 cum
1580 5488 1776 5543 virtute
1800 5496 2038 5543 actarum

461 5583 721 5653 imagines
752 5601 765 5637 :
790 5583 959 5646 velut,
990 5582 1205 5645 accede,
1240 5582 1285 5634 si
1310 5580 1457 5643 libet,
1489 5589 1611 5650 post
1635 5580 1946 5651 magistrum
1970 5581 2037 5634 ad

461 5675 755 5745 discipulos
779 5692 793 5729 :
821 5674 908 5730 hic
934 5674 1149 5745 quidem
1167 5689 1232 5727 ex
1252 5680 1566 5742 paupertate
1598 5670 1765 5737 fulsit,
1794 5672 1884 5727 ille
1909 5687 2040 5727 vero

466 5784 531 5822 ex
580 5767 779 5820 divitiis
824 5784 838 5820 :
884 5766 1112 5835 exempli
1155 5779 1340 5829 causa,
1391 5764 1536 5819 Elias
1584 5780 1650 5819 ex
1705 5774 2037 5834 paupertate,

467 5858 738 5915 Abraham
765 5874 831 5914 ex
858 5858 1060 5915 divitiis
1090 5875 1104 5914 :
1135 5868 1305 5913 utram
1347 5866 1500 5928 putas
1532 5855 1808 5921 leviorem,
1840 5855 2039 5925 tibique

1329 403 1393 460 ΙΝ
1433 402 1643 463 EPIST.
1683 405 1771 459 AD
1812 399 2096 459 PlllLIPP.

2141 400 2216 456 CA
2236 402 2295 457 Ρ.
2340 404 2425 459 ill.
2471 406 2696 462 IIOMIL.
2741 408 2858 464 XII.
3616 422 3723 478 274

2147 516 2426 585 aptiorem,
2459 519 2594 575 hanc
2618 530 2759 577 tene.
2787 524 2991 580 Rursus
3015 525 3102 581 hic
3122 529 3340 598 quidem
3360 545 3424 587 ex
3449 535 3725 590 matrimo-

2142 608 2253 675 nio,
2284 608 2376 664 ille
2407 626 2536 665 vero
2564 628 2631 667 ex
2658 614 2967 684 virginitate
2997 636 3011 672 :
3045 620 3311 674 Abraham
3342 636 3408 676 et
3438 627 3721 679 matrimo-

2140 700 2249 767 nio,
2284 702 2426 757 Elias
2452 720 2515 758 ex
2548 706 2849 776 virginitate
2881 727 2895 763 :
2932 720 3101 764 utram
3132 712 3263 766 libet
3304 714 3441 768 viam
3489 717 3674 772 insiste
3703 734 3719 772 :

2139 801 2365 863 utraque
2409 798 2551 849 enim
2602 799 2667 851 ad
2714 800 2905 853 cadum
2938 802 3105 855 ducit.
3149 803 3216 858 Et
3241 803 3477 861 Joannes
3503 808 3721 876 quidem

2139 897 2233 951 per
2251 884 2534 954 jejunium,
2559 888 2660 944 Job
2683 906 2815 945 vero
2835 893 2950 946 sine
2971 892 3209 962 jejuniis.
3239 897 3440 951 Rursus
3469 898 3555 953 hic
3583 901 3719 971 ipse,

2136 990 2258 1030 cum
2290 978 2531 1035 mulieris
2567 990 2622 1036 et
2668 982 2899 1037 ﬁliorum
2933 997 2985 1040 et
3016 986 3245 1042 ﬁliarum
3291 998 3345 1044 et
3370 990 3563 1047 domus
3592 1008 3720 1050 cura

2138 1067 2236 1135 ipsi
2288 1072 2520 1140 gerenda
2568 1086 2729 1139 esset,
2764 1078 3053 1148 multisque
3103 1080 3400 1137 abundaret
3454 1085 3654 1140 divitiis
3702 1107 3717 1143 :

2134 1157 2372 1215 Joannes
2400 1178 2527 1216 vero
2554 1165 2681 1219 nihil
2711 1168 3018 1235 possidebat
3039 1181 3234 1240 praeter
3252 1175 3627 1231 vestimentum
3652 1195 3715 1232 ex

2136 1249 2257 1317 pilis
2286 1250 2610 1307 confectum.
2663 1254 2730 1309 Et
2776 1257 2902 1326 quid
2930 1257 3054 1313 dico
3079 1259 3295 1315 domum
3343 1274 3397 1317 et
3424 1264 3637 1320 divitias
3665 1278 3719 1321 et

2136 1346 2389 1411 pecunias
2417 1387 2433 1412 ,
2466 1347 2680 1417 quando
2708 1348 2790 1402 vel
2822 1350 2866 1404 is
2891 1351 2981 1420 qui
3008 1368 3230 1421 regnum
3271 1354 3512 1423 obtinet,
3542 1368 3717 1427 potest

2135 1439 2384 1493 virtutem
2411 1442 2711 1511 consequi?
2737 1440 2893 1498 Omni
2940 1445 3085 1499 enim
3119 1447 3321 1515 privata
3356 1449 3517 1503 domo
3560 1451 3717 1518 longe

2134 1534 2447 1601 occupatior
2474 1536 2774 1604 reperietur
2800 1536 2943 1607 regia
2994 1554 3009 1591 :
3060 1547 3344 1609 tamenque
3377 1540 3543 1596 David
3574 1544 3718 1599 fulsit

2134 1621 2186 1675 in
2224 1638 2427 1693 regno;
2479 1640 2654 1694 neque
2692 1626 2843 1681 illum
2884 1626 3130 1683 dissolvit
3173 1644 3422 1698 purpura,
3468 1642 3559 1688 aut
3603 1632 3720 1687 dia-

2133 1714 2286 1767 dema
2317 1733 2331 1769 :
2366 1715 2601 1787 itemque
2621 1717 2778 1783 alter,
2810 1719 2894 1773 cui
2927 1719 3119 1789 integri
3153 1722 3332 1791 populi
3360 1723 3717 1790 gubernacula

2132 1806 2417 1861 commissa
2445 1806 2679 1873 fuerant,
2713 1807 2924 1879 Moyses
2954 1851 2970 1875 ,
2999 1810 3215 1880 inquam
3248 1829 3263 1865 :
3294 1813 3434 1881 quod
3466 1828 3596 1868 sane
3617 1814 3719 1869 dif-

2134 1895 2325 1951 ﬁcilius
2352 1896 2514 1951 etiam
2537 1905 2653 1952 erat
2676 1915 2688 1951 :
2709 1897 2796 1953 hic
2822 1900 2963 1954 enim
2995 1899 3115 1969 plus
3145 1901 3374 1955 licentia:
3403 1912 3538 1967 erat,
3572 1903 3719 1959 ideo-

2134 2003 2238 2058 que
2269 1989 2386 2058 plus
2413 1988 2746 2045 difﬁcultatis
2775 2000 2830 2045 et
2866 1992 3258 2046 molestiarum.
3301 1992 3491 2047 Vidisti
3526 1994 3717 2062 proba-

2132 2086 2218 2132 tos
2266 2079 2319 2133 in
2362 2078 2583 2146 divitiis,
2624 2080 2803 2135 vidisti
2845 2090 2901 2136 et
2940 2078 2996 2136 in
3048 2092 3403 2153 paupertate;
3446 2084 3621 2139 vidisti
3663 2087 3717 2141 in

2133 2170 2492 2236 matrimonio,
2521 2172 2697 2228 vidisti
2721 2182 2775 2229 et
2797 2174 2849 2229 in
2877 2175 3200 2245 virginitate.
3225 2176 3424 2231 Contra
3446 2192 3575 2231 vero
3588 2192 3717 2233 cnn-

2131 2263 2330 2329 sidera,
2362 2273 2417 2321 et
2449 2264 2503 2319 in
2546 2266 2914 2332 matrimonio,
2968 2277 3024 2322 et
3077 2267 3130 2322 in
3177 2267 3505 2338 virginitate,
3555 2281 3606 2324 et
3662 2270 3716 2325 in

2131 2354 2366 2421 divitiis,
2399 2365 2453 2410 et
2480 2355 2534 2409 in
2565 2366 2877 2426 paupertate
2913 2374 3020 2411 non
3063 2357 3300 2413 defuisse
3339 2358 3427 2427 qui
3460 2361 3713 2429 perirent.

2129 2445 2263 2500 Nam
2287 2446 2339 2500 in
2367 2447 2711 2502 matrimonio
2731 2449 2947 2518 quidem
2969 2450 3123 2503 multi
3147 2450 3393 2507 homines
3419 2453 3710 2520 perierunt,

2132 2548 2191 2592 ut
2235 2538 2482 2604 Samson,
2514 2553 2618 2593 non
2666 2548 2844 2595 tamen
2869 2556 2935 2596 ex
2968 2541 3084 2611 ipso
3114 2544 3494 2610 matrimonio,
3526 2546 3619 2600 sed
3648 2562 3715 2600 ex

2130 2632 2311 2685 animo
2338 2632 2717 2702 voluntateque
2742 2649 2860 2688 sua.
2890 2634 2946 2689 In
2968 2636 3275 2705 virginitate
3303 2638 3452 2704 item,
3474 2648 3531 2692 ut
3561 2639 3717 2709 quin-

2130 2737 2235 2793 que
2267 2723 2503 2793 virgines
2533 2741 2546 2777 :
2579 2724 2631 2779 in
2659 2724 2881 2791 divitiis,
2913 2725 3064 2781 dives
3095 2727 3185 2781 ille
3213 2728 3303 2797 qui
3334 2727 3595 2782 Lazarum
3621 2729 3718 2785 de-

2132 2816 2389 2883 spiciebat
2424 2834 2437 2869 :
2474 2817 2526 2870 in
2557 2825 2891 2887 paupertate,
2920 2832 3064 2871 nunc
3083 2832 3297 2887 quoque
3321 2821 3561 2874 sexcenti
3587 2834 3715 2891 pau-

2132 2921 2291 2976 peres
2325 2918 2571 2977 pereunt.
2600 2907 2655 2962 lit
2685 2924 2851 2979 regno
2898 2919 2952 2964 et
3002 2909 3053 2963 in
3107 2910 3283 2979 populi
3328 2911 3718 2980 gubernatione

2132 3000 2327 3053 multos
2355 3015 2570 3069 possunt
2610 3000 2895 3054 omenderc
2922 3001 3009 3070 qui
3040 3002 3320 3069 perierint.
3356 3002 3443 3055 Vis
3464 3013 3640 3058 autem
3662 3012 3718 3058 et

2132 3089 2184 3142 in
2203 3090 2418 3143 militari
2444 3090 2633 3145 ordine
2659 3091 2843 3145 videre
2869 3092 2957 3161 qui
2981 3092 3209 3146 salutem
3241 3094 3718 3165 sintconsequuti?

2132 3180 2341 3236 intuere
2368 3182 2678 3237 Cornelium
2728 3200 2741 3236 :
2777 3184 2856 3237 vis
2885 3193 2940 3238 et
2970 3184 3021 3237 in
3052 3185 3130 3239 rei
3178 3184 3455 3241 familiaris
3484 3187 3715 3242 admini-

2130 3275 2436 3330 stratione?
2481 3276 2690 3330 intuere
2718 3277 3023 3331 eunuchum
3054 3277 3423 3347 Ethiopissm.
3458 3280 3530 3334 Ita
3556 3281 3715 3335 undi-

2130 3381 2237 3435 que
2268 3368 2611 3437 perspicuum
2658 3369 2719 3421 lit
2740 3410 2756 3435 ,
2790 3369 2837 3423 si
2877 3379 2931 3423 ut
2960 3380 3174 3439 oportet
3222 3371 3423 3426 divitiis
3455 3380 3668 3426 utamur
3694 3414 3714 3440 ,

2132 3458 2264 3512 nihil
2318 3472 2475 3522 esse,
2509 3458 2651 3528 quod
2685 3472 2786 3513 nos
2831 3461 3017 3528 perdat
3050 3478 3063 3513 :
3094 3462 3177 3515 sin
3207 3461 3385 3515 minus
3409 3502 3424 3525 ,
3471 3463 3650 3516 omnia
3697 3481 3710 3517 :

2135 3549 2309 3619 perdit
2337 3564 2435 3603 nos
2462 3566 2680 3619 regnum
2704 3590 2721 3616 ,
2755 3551 2929 3619 perdit
2958 3563 3243 3621 paupertas
3266 3593 3282 3618 ,
3332 3553 3559 3622 perdunt
3584 3554 3716 3607 divi-

2132 3644 2242 3698 tiae.
2272 3646 2489 3698 Attento
2516 3643 2730 3713 quidem
2762 3644 2964 3698 homini
2995 3644 3123 3698 nihil
3155 3659 3350 3700 nocere
3380 3648 3593 3716 poterit.
3622 3647 3714 3700 Dic

2132 3734 2274 3789 enim
2297 3734 2449 3800 mihi,
2470 3735 2747 3803 captivitas
2771 3750 2837 3789 an
2862 3735 3045 3789 laedit?
3069 3735 3284 3791 Minime
3308 3754 3320 3789 :
3340 3737 3511 3806 cogita
3540 3739 3713 3806 ipsum

2131 3826 2331 3897 Ioseph
2359 3842 2571 3881 servum
2598 3827 2812 3897 quidem
2839 3827 3033 3881 laetum
3052 3870 3066 3891 ,
3098 3828 3193 3882 sed
3223 3824 3568 3884 nihilominus
3599 3829 3709 3883 vir-

2135 3918 2233 3973 tuti
2259 3917 2529 3972 addictum
2559 3934 2574 3973 :
2605 3918 2777 3988 cogita
2820 3918 2951 3973 mihi
2982 3919 3257 3975 Danielem
3293 3962 3308 3987 ,
3339 3929 3394 3975 et
3441 3930 3552 3975 tres
3596 3921 3715 3974 illos

2134 4025 2348 4080 pueros,
2385 4025 2507 4065 cum
2555 4010 2750 4080 captivi
2804 4019 3020 4077 essent,
3051 4012 3220 4067 multo
3265 4013 3434 4083 magis
3478 4013 3708 4068 fulsisse.

2134 4102 2341 4174 Ubique
2367 4103 2511 4158 enim
2549 4102 2719 4159 virtus
2770 4104 2909 4159 lucet
2938 4145 2953 4169 ,
2986 4119 3164 4175 neque
3200 4106 3490 4176 expugnari
3537 4120 3714 4173 neque

2134 4195 2377 4267 impediri
2429 4197 2535 4251 ulla
2578 4197 2785 4252 ratione
2838 4206 3032 4267 potest.
3060 4198 3198 4265 Quid
3251 4198 3370 4253 dico
3423 4208 3711 4269 pauperta-

2134 4296 2241 4343 tem
2281 4296 2338 4343 et
2380 4289 2736 4344 servitutem?
2766 4304 2865 4344 nec
2902 4289 3071 4345 fames
3098 4288 3342 4360 quidem,
3371 4304 3469 4344 nec
3510 4289 3714 4355 ulcera,

2134 4393 2235 4435 nec
2287 4379 2503 4434 morbus
2546 4377 2886 4449 quantumvis
2933 4394 3128 4433 nocere
3173 4387 3396 4449 possunt
3437 4394 3453 4435 :
3495 4378 3717 4433 morlms

2134 4468 2277 4525 enim
2303 4470 2560 4524 servitute
2586 4478 2669 4524 est
2706 4469 2939 4539 gravior.
2970 4468 3113 4523 Talis
3138 4477 3256 4524 erat
3299 4467 3551 4533 Lazarus,
3592 4469 3717 4525 talis

2133 4559 2235 4615 Job
2257 4602 2274 4626 ,
2305 4562 2427 4616 talis
2462 4571 2579 4616 erat
2614 4570 2669 4616 et
2703 4561 3017 4615 Timotheus
3065 4559 3258 4616 crebro
3298 4574 3515 4630 pressus
3563 4560 3715 4615 inﬁr-

2134 4654 2339 4710 mitate.
3344 4664 3347 4669 ·

2219 4744 2387 4799 Virtus
2414 4762 2445 4798 a
2470 4745 2610 4798 nulla
2636 4760 2690 4798 re
2708 4744 2938 4813 superari
2966 4743 3385 4814 potest—«Vides
3407 4743 3538 4797 nihil
3567 4756 3711 4800 esse.

2136 4853 2167 4893 a
2196 4854 2303 4907 quo
2330 4837 2572 4906 superari
2597 4836 2765 4890 virtus
2786 4839 2983 4905 queat?
3036 4851 3141 4888 non
3183 4834 3419 4901 divitias,
3445 4850 3549 4888 non
3580 4851 3710 4902 νωι-

2139 4938 2422 5001 pertatem,
2459 4942 2565 4983 non
2605 4927 2909 4995 imperium,
2962 4942 3069 4981 non
3120 4928 3451 4989 servitutem,
3487 4943 3590 4980 non
3623 4940 3717 4979 re-

2140 5039 2258 5079 rum
2298 5022 2842 5083 administrationem,
2895 5036 3000 5073 non
3043 5020 3315 5086 morbum,
3346 5036 3449 5075 non
3482 5019 3707 5089 ignomi-

2141 5119 2305 5180 niam,
2352 5130 2460 5170 non
2484 5114 2763 5179 exsilium;
2804 5112 2898 5167 sed
2922 5112 3037 5167 haec
3058 5113 3236 5165 omnia
3267 5112 3539 5173 deorsum,
3558 5121 3718 5179 atque

2142 5208 2291 5263 humi
2336 5207 2646 5276 relinquens
2675 5206 2845 5258 virtus
2870 5203 2936 5257 ad
2966 5204 3155 5257 cadum
3189 5201 3426 5273 pervenit
3461 5218 3475 5254 :
3511 5210 3715 5253 tantum

2140 5313 2399 5370 generosa
2424 5297 2494 5352 sit
2519 5297 2717 5362 anima,
2738 5305 2865 5349 tunc
2888 5296 3172 5364 prohibere
3201 5293 3333 5347 nihil
3361 5294 3558 5362 poterit
3583 5292 3714 5362 quin

2144 5393 2354 5447 virtutis
2396 5390 2468 5445 sit
2506 5404 2746 5459 compos.
2791 5387 2891 5443 Ubi
2938 5388 3081 5441 enim
3112 5385 3252 5439 valet
3277 5385 3343 5449 is,
3375 5400 3405 5438 a
3450 5401 3555 5452 quo
3581 5385 3723 5437 actio

2147 5482 2435 5556 promenda
2470 5490 2552 5535 est
2575 5521 2591 5546 ,
2625 5456 2829 5534 nullum
2861 5488 3097 5533 externa:
3148 5491 3236 5531 res
3279 5456 3742 5545 impedimentum.

2146 5577 2396 5631 aﬂ'erunt.
2431 5574 2561 5629 Nam
2586 5584 2641 5627 et
2668 5574 2719 5627 in
2748 5572 2985 5637 artibus,
3018 5570 3107 5624 ubi
3136 5568 3330 5623 artifex
3354 5569 3490 5623 bene
3518 5569 3721 5638 peritus

2149 5669 2327 5733 fuerit,
2373 5679 2429 5722 et
2474 5668 2729 5729 tolerans,
2785 5665 3197 5731 universamque
3242 5671 3410 5717 artem
3454 5663 3725 5724 tenuerit,

2146 5762 2355 5818 etiamsi
2403 5761 2621 5815 morbus
2664 5757 2937 5823 adveniat,
2973 5757 3142 5826 ipsam
3170 5757 3399 5822 retinet;
3429 5754 3644 5809 etiamsi
3672 5755 3725 5808 in

2156 5863 2523 5927 paupertatem
2556 5850 2775 5919 incidat,
2800 5849 2971 5921 ipsam
2992 5848 3187 5906 retinet
3220 5865 3231 5902 :
3261 5849 3375 5905 sive
3403 5848 3727 5904 instrumen-
