4108 6410
358 365 466 425 275

372 499 482 541 tum
513 486 565 541 in
595 500 753 539 manu
778 483 993 549 haheat,
1023 482 1136 538 sive
1161 497 1259 535 suo
1282 480 1531 550 l‘tutgatur
1555 494 1809 543 munere,
1841 479 1954 531 sive

372 594 477 631 non
524 575 795 645 fungatur,
842 574 973 628 nihil
1016 574 1090 627 illi
1122 590 1188 627 ex
1227 583 1341 627 arte
1365 572 1662 627 detrahitur
1694 588 1708 625 :
1740 570 1792 623 in
1837 570 1952 638 ipso

372 670 518 723 enim
564 669 703 722 inest
746 667 990 721 scientia.
1034 664 1108 718 lta
1155 673 1211 719 et
1251 665 1340 734 qui
1370 665 1563 718 virtute
1593 662 1845 732 praeditus
1871 671 1953 715 est

372 771 533 831 atque
561 776 625 815 ex
659 761 769 815 Deo
794 759 1009 830 pendet,
1033 759 1147 815 sive
1175 759 1319 812 illum
1347 758 1400 812 in
1432 757 1645 812 divitias
1671 756 1951 825 conjicias,

372 852 608 907 ostendit
635 852 888 906 virtutem
922 867 1105 918 suam;
1135 851 1246 905 sive
1269 851 1319 905 in
1350 861 1736 920 paupertatem,
1761 848 1957 903 nihilo-

375 948 586 1010 minus;
612 947 725 1002 sive
761 951 812 1000 in
840 947 1107 1009 morbum,
1156 946 1267 1000 sive
1299 946 1350 999 in
1402 945 1686 999 sanitatem
1711 985 1725 1004 ,
1748 943 1860 997 sive
1902 943 1954 996 in

371 1040 618 1106 gloriam,
649 1039 761 1093 sive
789 1039 840 1091 in
866 1037 1163 1092 infamiam.

445 1131 479 1185 4
543 1133 735 1185 Annon
759 1146 853 1200 per
881 1131 977 1185 ista
1006 1131 1183 1185 omnia
1213 1129 1536 1183 transierunt
1562 1128 1828 1197 apostoli?
1854 1126 1957 1181 Per

374 1223 611 1292 gloriam,
642 1224 830 1293 inquit,
864 1232 911 1275 et
950 1222 1335 1292 ignobilitatem,
1371 1238 1460 1289 per
1480 1221 1744 1291 infamiam
1782 1230 1829 1273 et
1870 1220 1957 1272 bo-

377 1332 495 1367 nam
524 1319 717 1386 famam
767 1314 842 1384 (2.
877 1313 995 1367 Cor.
1020 1316 1072 1367 6.
1101 1314 1180 1382 8).
1227 1312 1339 1366 lloc
1384 1322 1467 1365 est
1503 1312 1758 1366 athletam
1800 1325 1953 1375 esse,

376 1424 572 1477 nempe
620 1408 687 1461 ad
742 1408 919 1460 omnia
965 1422 1086 1461 esse
1126 1405 1585 1460 accommodatum
1620 1422 1635 1459 :
1667 1404 1786 1459 talis
1814 1404 1956 1458 enim

375 1508 460 1552 est
484 1499 691 1552 virtutis
719 1500 878 1553 etiam
912 1508 1119 1552 natura.
1144 1497 1293 1564 Quod
1323 1498 1367 1551 si
1396 1497 1563 1562 dicas,
1590 1496 1826 1550 Prtecsse
1840 1496 1959 1551 aliis

379 1605 485 1645 non
513 1606 752 1659 possum,
782 1590 1017 1645 solitaria
1052 1589 1179 1643 mihi
1206 1590 1309 1642 vita
1339 1587 1543 1657 agenda
1574 1596 1677 1651 est,
1710 1587 1959 1656 injuriam

379 1681 549 1735 fecisti
574 1681 755 1735 virtuti
782 1701 795 1735 :
825 1696 885 1735 ea
915 1681 1129 1750 quidem
1158 1680 1407 1733 omnibus
1436 1678 1512 1733 uti
1540 1686 1733 1747 potest,
1763 1688 1817 1731 et
1846 1677 1961 1731 ubi-

380 1788 484 1838 que
514 1772 780 1843 splendet,
810 1772 1099 1826 dummodo
1129 1769 1254 1825 insit
1276 1770 1327 1824 in
1346 1770 1545 1824 anima.
1570 1768 1759 1823 Fames
1777 1768 1961 1822 adest?

379 1866 531 1919 adest
560 1880 786 1919 annona:
815 1863 1007 1933 copia?
1028 1862 1205 1917 Virtus
1231 1877 1384 1917 suum
1409 1877 1517 1931 pra“:
1542 1877 1602 1916 se
1626 1860 1734 1915 fert
1758 1860 1919 1914 robur
1944 1877 1957 1913 :

380 1956 831 2024 quemadmodum
876 1956 1071 2009 Paulus
1110 1954 1304 2023 inquit,
1350 1952 1472 2007 Scio
1516 1962 1563 2005 et
1601 1951 1883 2016 abundare,
1916 1960 1964 2005 et

385 2048 645 2114 penuriam
672 2048 777 2115 pati
799 2046 1056 2116 (Philipp.
1082 2046 1136 2100 4.
1162 2044 1274 2113 12).
1300 2043 1639 2113 Operandum
1668 2052 1782 2097 erat
1804 2043 1826 2095 ?
1857 2057 1964 2097 non

381 2143 752 2206 erubescebat,
790 2142 881 2197 sed
910 2143 1045 2196 duos
1070 2157 1241 2195 annos
1267 2154 1485 2208 Operam
1516 2139 1616 2192 arti
1647 2153 1757 2191 suae
1791 2137 1961 2191 dedit.

385 2236 513 2290 lirat
552 2235 770 2289 ferenda
801 2235 1005 2290 fames?
1035 2250 1140 2288 non
1163 2233 1499 2297 concidebat,
1532 2247 1633 2287 nec
1654 2231 1958 2285 vacillabat.

383 2329 715 2383 Moriendum
758 2328 908 2383 erat?
953 2343 1059 2381 non
1107 2327 1391 2397 dejiciebat
1415 2326 1690 2379 animum:
1729 2323 1963 2392 undique

382 2436 703 2490 generosum
745 2420 894 2474 illum
934 2419 1195 2485 animum,
1238 2428 1396 2487 atque
1426 2427 1594 2471 artem
1624 2414 1958 2471 ostendebat.

386 2515 540 2569 llunc
583 2514 738 2583 igitur
781 2513 1115 2576 aunulemur,
1164 2525 1263 2566 nec
1302 2509 1587 2580 quidquam
1617 2524 1793 2563 causa:
1818 2508 1961 2572 erit,

384 2622 481 2661 cur
512 2621 859 2662 maereamus.
892 2604 1027 2671 Quid
1051 2604 1194 2659 enim
1217 2644 1232 2667 ,
1258 2602 1345 2656 die
1374 2600 1524 2665 mihi,
1559 2600 1647 2654 tali
1682 2601 1799 2653 viro
1828 2613 1965 2653 mte-

387 2712 563 2750 rorem
603 2696 797 2750 aﬂ'erre
843 2694 1082 2763 poterit?
1121 2693 1260 2748 Nihil
1308 2706 1439 2746 sane
1474 2709 1487 2743 :
1524 2690 1777 2761 quamdiu
1830 2690 1968 2746 hanc

386 2788 539 2841 nobis
582 2802 740 2841 nemo
789 2787 1068 2855 eripuerit,
1120 2785 1367 2839 omnibus
1412 2783 1719 2837 hominibus
1768 2783 1969 2837 erimus

388 2879 678 2943 beatiores,
711 2888 767 2932 et
798 2879 884 2931 hic
914 2886 969 2931 ct
1011 2893 1115 2930 non
1144 2877 1252 2929 illic
1281 2886 1503 2929 tantum.
1548 2874 1630 2929 Sit
1662 2874 1804 2927 enim
1848 2874 1969 2942 quis

378 2971 601 3024 virtutis
633 2985 853 3038 compos
882 2985 897 3034 ;
941 2978 1069 3023 tunc
1114 2977 1170 3023 et
1207 2982 1426 3021 uxorem
1456 2966 1649 3021 habeat
1670 2975 1723 3019 et
1750 2966 1888 3018 lilios
1916 2975 1971 3019 et

389 3060 664 3129 pecunias,
697 3068 752 3114 et
776 3059 1111 3114 circumﬂuat
1134 3058 1300 3129 gloria
1325 3074 1338 3122 ;
1368 3058 1419 3111 in
1450 3057 1530 3111 his
1551 3058 1796 3110 omnibus
1823 3056 1973 3111 simi-

391 3151 515 3204 liter
564 3150 815 3204 virtutem
860 3150 1113 3204 retinebit
1161 3166 1176 3203 :
1229 3149 1378 3202 aufer
1424 3149 1566 3211 hate;
1625 3147 1972 3203 nihilominus

392 3244 646 3297 virtutem
680 3242 985 3306 exercebit,
1015 3258 1121 3297 non
1161 3242 1552 3295 calamitatibus
1592 3242 1836 3307 obrutus,
1866 3256 1970 3296 non

393 3351 459 3388 ex
506 3334 863 3403 prosperitate
913 3342 1257 3399 tumescens;
1308 3333 1400 3387 sed
1443 3333 1665 3404 perinde
1710 3350 1773 3388 ac
1818 3344 1969 3404 petra

388 3425 633 3495 qtttrdam
679 3427 966 3491 maritima,
1000 3426 1112 3505 sive
1140 3434 1348 3495 turgcat
1374 3441 1542 3490 mare,
1592 3427 1703 3482 sive
1749 3429 1972 3486 malacia

390 3522 650 3585 exsistat,
694 3536 848 3591 atque
877 3530 1058 3575 manet
1104 3519 1412 3585 immobilis,
1445 3535 1620 3589 neque
1664 3537 1691 3575 a
1726 3521 1974 3576 ﬂuctibus

394 3614 583 3679 fracta,
618 3627 795 3681 neque
820 3627 849 3665 a
877 3611 1099 3665 malacia
1129 3612 1419 3681 quidquam
1450 3611 1628 3666 damni
1661 3627 1813 3680 passa
1851 3632 1863 3667 :
1903 3613 1973 3667 ita

393 3704 554 3757 etiam
584 3704 790 3758 solidus
830 3705 1040 3758 animus
1082 3718 1233 3773 aeque
1260 3703 1464 3757 stabilis
1496 3713 1698 3772 perstat
1725 3705 1775 3757 in
1803 3704 1976 3758 ﬂucti-

395 3793 597 3857 bus,’et
626 3793 677 3847 in
707 3793 950 3847 malacia.
999 3793 1067 3847 Et
1097 3793 1547 3862 quemadmodum
1578 3794 1784 3863 pueruli
1822 3795 1977 3848 navi-

392 3885 480 3953 gio
520 3885 657 3939 vecti
696 3884 996 3949 turbantur,
1041 3884 1368 3955 gubernator
1406 3895 1582 3939 autem
1614 3885 1763 3941 sedet
1795 3887 1975 3940 ridens

394 3986 450 4029 et
490 3977 771 4039 immotus,
823 3985 878 4029 et
905 3991 970 4029 ex
1012 3976 1224 4029 illorum
1260 3976 1614 4045 trepidatione
1640 3978 1973 4046 voluptatem

396 4068 542 4136 capit
574 4086 587 4121 :
629 4068 699 4121 ita
734 4067 942 4121 animus
971 4067 1389 4137 philosophicus,
1418 4068 1545 4122 dum
1583 4072 1761 4125 caeteri
1789 4086 1977 4125 omnes

394 4160 697 4225 turbantur,
740 4170 835 4214 aut
855 4159 1087 4214 vicissim
1111 4159 1291 4215 rident
1320 4161 1695 4229 intempestive
1720 4163 1770 4215 in
1792 4178 1973 4217 rerum

395 4251 783 4305 mutationibus
804 4290 819 4317 ,
858 4251 972 4321 ipse
1008 4252 1159 4322 quasi
1200 4253 1267 4307 ad
1296 4252 1506 4307 clavum
1540 4254 1828 4323 quemdam
1858 4256 1974 4324 pie-

1122 367 1179 424 S.
1207 367 1482 423 JOANNIS
1517 363 1988 421 ειιηγεοδτολιι
2030 364 2342 419 ARCHIEP.
2372 363 2901 420 CONSTANTINOP.

3543 372 3646 427 276

2068 479 2190 531 tatis
2223 478 2416 533 sedens
2459 488 2653 546 perstat
2697 479 2971 533 immotus.
2996 480 3129 545 Quid
3163 482 3327 546 enim,
3362 482 3446 538 dic
3476 485 3603 539 mihi
3627 529 3643 551 ,

2063 574 2298 624 animam
2354 572 2494 639 piam
2556 571 2870 639 perturbare
2918 573 3127 641 potest?
3183 590 3309 627 num
3360 576 3542 630 mors?
3591 589 3647 631 at

2067 661 2167 715 hoc
2212 661 2450 717 melioris
2499 662 2622 715 vita:
2677 663 2909 716 initium.
2959 666 3039 716 An
3087 668 3405 733 paupertas?
3450 678 3505 719 at
3544 668 3645 722 hoc

2065 756 2233 824 ipsam
2262 754 2504 823 provehit
2536 756 2586 809 in
2620 755 2831 810 virtutis
2863 757 2965 809 via.
3016 758 3096 810 An
3124 736 3387 811 morbus?
3409 760 3513 813 Sed
3549 778 3645 827 pro

2062 848 2232 902 nihilo
2258 848 2419 902 habet
2447 848 2585 902 hanc
2608 849 2791 903 vitam.
2837 849 2903 903 Et
2923 849 3049 918 quid
3078 850 3197 905 dico
3222 854 3465 906 morbum
3492 854 3513 905 ?
3546 870 3644 922 pro

2065 940 2232 993 nihilo
2278 956 2429 1009 a-que
2475 940 2637 994 habet
2686 940 3071 995 delectationes
3142 953 3303 1012 atque
3332 961 3640 1002 aerumnas:

2060 1031 2372 1099 anticipavit
2395 1032 2535 1085 enim
2564 1073 2576 1095 ,
2606 1046 2669 1085 ac
2694 1046 2753 1086 se
2783 1032 2894 1101 ipsa
2922 1033 3033 1101 jam
3062 1034 3272 1088 afﬂixit.
3316 1038 3393 1090 An
3437 1038 3644 1107 ignobi-

2059 1122 2224 1178 litas?
2264 1123 2358 1177 sed
2406 1123 2633 1177 mundus
2678 1125 2777 1193 ipsi
2813 1128 3101 1180 crucilixns
3138 1138 3233 1183 est.
3296 1130 3375 1182 An
3428 1132 3646 1183 amissio

2062 1214 2400 1270 liberorum?
2442 1214 2536 1268 sed
2567 1230 2670 1269 non
2695 1217 2923 1281 metuit;
3004 1215 3243 1270 futuram
3313 1218 3456 1273 enim
3542 1220 3645 1277 sibi

2066 1305 2330 1374 persuasit
2372 1308 2847 1362 resurrectionem.
2878 1306 3016 1374 Quid
3049 1318 3291 1364 evertere
3319 1310 3462 1365 illam
3495 1323 3646 1382 pote-

2068 1397 2174 1451 rit?
2216 1397 2443 1452 Prorsus
2494 1398 2646 1452 nihil.
2692 1399 2763 1453 At
2806 1398 3007 1453 divitiae
3034 1400 3332 1455 extollunt?
3378 1404 3643 1458 minime:

2067 1489 2219 1543 novit
2245 1492 2384 1543 enim
2418 1490 2673 1559 pecunias
2700 1489 2833 1544 nihil
2861 1505 3006 1546 esse.
3040 1492 3110 1544 At
3154 1492 3361 1561 gloria?
3398 1495 3492 1549 sed
3532 1494 3643 1564 jam

2068 1582 2123 1635 in
2177 1581 2276 1635 hac
2301 1581 2575 1652 disciplina
2597 1582 2838 1638 eruditus
2878 1593 2979 1649 est,
3012 1599 3227 1639 omnem
3263 1586 3493 1641 hominis
3520 1589 3642 1658 glo~

2069 1674 2201 1726 riam
2233 1687 2351 1727 esse
2391 1674 2554 1728 veluti
2585 1672 2773 1727 ﬂorem
2804 1673 2933 1730 faeni
2981 1673 3143 1746 (lsui.
3173 1676 3267 1731 40.
3298 1678 3394 1747 6).
3422 1680 3489 1731 At
3518 1680 3650 1732 deli—

2070 1764 2208 1819 cize?
2238 1763 2331 1819 sed
2361 1764 2565 1819 audivit
2599 1764 2821 1819 Paulum
2851 1766 3118 1821 dicentem
3140 1808 3153 1829 ,
3198 1768 3324 1833 Qua:
3363 1770 3417 1822 in
3458 1770 3650 1823 deliciis

2070 1864 2163 1917 est,
2194 1855 2361 1909 vivens
2390 1865 2589 1909 mortua
2617 1866 2689 1909 est
2717 1856 2765 1927 (1
2829 1855 2960 1910 Tim.
2978 1858 3035 1912 5.
3056 1855 3133 1929 6).
3161 1858 3303 1928 Ergo
3324 1874 3444 1914 cum
3474 1877 3650 1929 neque

2072 1956 2359 2015 tumescat,
2398 1964 2574 2017 neque
2613 1948 2967 2017 deprimatur,
2995 1952 3124 2022 quid
3158 1953 3282 2007 huic
3316 1955 3528 2009 sanitati
3556 1973 3651 2025 par

2072 2042 2302 2096 inveniri
2338 2043 2577 2111 poterit?
2609 2043 2803 2098 Verum
2831 2060 2936 2098 non
2978 2044 3112 2100 tales
3145 2056 3269 2100 sunt
3296 2057 3505 2102 caetera:
3527 2052 3647 2102 ani-

2074 2150 2196 2200 mte,
2228 2135 2323 2189 sed
2370 2134 2611 2189 crebrius
2634 2151 2793 2206 quam
2820 2152 2967 2191 mare
2989 2146 3043 2191 et
3076 2138 3406 2193 chama-leon
3438 2151 3650 2194 mutan-

2074 2236 2179 2281 tur.
2211 2226 2572 2295 Quamobrem
2603 2228 2756 2284 valde
2790 2230 3015 2284 ridicula
3041 2240 3125 2285 est
3150 2232 3359 2287 illarum
3378 2233 3649 2289 conditio:

2072 2336 2193 2375 cum
2227 2323 2409 2377 videas
2457 2323 2704 2378 eumdem
2749 2340 2890 2379 nunc
2919 2326 3205 2392 ridentem,
3233 2343 3374 2383 nunc
3411 2329 3650 2396 ﬂentem,

2074 2430 2217 2469 nunc
2254 2415 2563 2480 sollicitum,
2619 2432 2760 2471 nunc
2804 2430 2998 2486 prteter
3039 2420 3252 2474 modum
3278 2422 3560 2476 remissum
3592 2440 3655 2477 ac

2075 2513 2395 2574 torpentem.
2453 2506 2743 2576 Propterea
2798 2509 2994 2562 Paulus
3044 2510 3251 2580 inquit,
3303 2512 3481 2567 Nolite
3533 2531 3654 2567 con-

2075 2598 2288 2666 formari
2336 2597 2454 2651 huic
2498 2599 2684 2652 swculo
2731 2597 2932 2670 (Rom.
2965 2599 3052 2655 12.
3081 2601 3117 2654 2
3146 2600 3187 2672 ).
3239 2602 3294 2656 ln
3339 2605 3471 2658 ca-lo
3509 2606 3651 2659 enim

2075 2690 2354 2760 degimus,
2400 2698 2456 2746 et
2498 2693 2651 2763 quasi
2702 2694 2846 2748 cives
2892 2709 3188 2759 versamur,
3222 2697 3308 2750 ubi
3358 2698 3497 2750 nulla
3535 2715 3653 2751 Ittll-

2077 2784 2227 2837 talio.
2286 2783 2555 2838 Promissa
2604 2792 2728 2839 sunt
2775 2785 2929 2840 nobis
2974 2787 3190 2855 prtemia
3240 2787 3584 2841 immutabilia
3639 2805 3653 2820 ο

2074 2878 2237 2930 talem
2278 2885 2333 2930 et
2375 2891 2473 2930 nos
2500 2876 2623 2930 vitae
2653 2876 2916 2931 rationem
2962 2876 3342 2940 exhibeamus;
3397 2878 3655 2949 iudejam

2076 2969 2350 3038 capiamus
2404 2968 2564 3024 bona.
2600 2968 2805 3039 Ecquid
2854 2970 3013 3039 igitur
3057 2986 3154 3024 nos
3198 2972 3296 3041 ipsi
3329 2973 3379 3026 in
3412 2974 3656 3041 euripum

2081 3061 2420 3131 projicimus,
2470 3068 2527 3115 et
2571 3060 2627 3114 in
2677 3060 2885 3116 medios
2914 3061 3109 3116 ﬂuctus
3144 3071 3198 3117 et
3228 3063 3280 3118 in
3316 3066 3577 3132 procellas
3606 3075 3659 3119 et

2076 3152 2361 3207 turbines?
2389 3152 2793 3217 Amplectamur
2827 3154 3267 3222 tranquillitatem
3301 3173 3313 3209 :
3346 3172 3405 3210 ea
3438 3172 3544 3211 non
3587 3174 3657 3211 ex

2078 3245 2277 3299 divitiis
2325 3245 2543 3314 pendet,
2589 3261 2693 3300 non
2739 3261 2806 3301 ex
2856 3255 3164 3315 paupertate
3185 3290 3199 3313 ,
3227 3264 3329 3301 non
3361 3265 3423 3303 ex
3452 3251 3619 3320 gloria
3641 3294 3656 3318 ,

2079 3354 2184 3393 non
2219 3354 2281 3391 ex
2316 3338 2664 3408 ignobilitate,
2692 3354 2799 3393 non
2830 3354 2895 3393 ex
2927 3340 3134 3403 morbo,
3170 3356 3273 3395 non
3307 3356 3371 3395 ex
3400 3344 3658 3410 sanitate,

2081 3447 2187 3484 non
2212 3446 2275 3485 ex
2308 3430 2637 3495 inlirmitate,
2666 3430 2757 3484 sed
2789 3447 2852 3486 ex
2883 3442 3067 3487 nostro
3088 3432 3346 3503 cujusque
3374 3438 3574 3489 animo.
3605 3436 3661 3490 Si

2082 3526 2169 3581 hic
2196 3525 2399 3581 solidus
2429 3525 2612 3591 fuerit,
2642 3540 2703 3581 ac
2728 3536 2875 3582 recte
2903 3527 2955 3581 in
2989 3528 3200 3582 virtutis
3228 3529 3505 3598 disciplina
3538 3546 3658 3584 eru-

2080 3618 2245 3682 ditus,
2294 3620 2472 3671 omnia
2510 3619 2588 3672 illi
2637 3618 2812 3674 facilia
2855 3630 3033 3675 erunt.
3080 3622 3251 3689 Atque
3281 3622 3404 3676 hinc
3429 3622 3539 3691 jam
3574 3639 3661 3677 re-

2081 3711 2258 3779 quiem
2289 3721 2493 3775 cernet,
2525 3721 2845 3781 portumque
2872 3713 3216 3782 tranquillum
3237 3755 3251 3776 ,
3280 3722 3336 3769 et
3380 3716 3505 3771 illuc
3542 3731 3663 3785 pro-

2082 3802 2250 3856 fectus
2280 3804 2684 3857 innumerabilia
2714 3804 2852 3858 bona
2878 3814 3234 3875 consequetur
3263 3823 3276 3859 :
3316 3822 3435 3875 qua:
3459 3808 3659 3862 utinam

2084 3910 2183 3949 nos
2211 3909 2399 3949 omnes
2425 3910 2834 3964 consequamur,
2880 3898 3047 3965 gratia
3088 3906 3143 3951 et
3193 3897 3516 3965 benignitate
3559 3900 3663 3952 llo-

2083 3988 2213 4042 mini
2260 3989 2429 4042 nostri
2479 3988 2606 4043 Jesu
2660 3989 2891 4055 Christi,
2941 4007 3061 4044 cum
3094 4007 3199 4061 quo
3228 3991 3371 4046 Patri
3403 3993 3664 4060 simulque

2083 4090 2267 4137 sancto
2307 4081 2525 4151 Spiritui
2576 4083 2778 4152 gloria,
2830 4084 3140 4152 imperium,
3180 4086 3372 4152 honor,
3425 4102 3564 4141 nunc
3612 4097 3667 4141 et

2085 4186 2320 4243 semper,
2354 4183 2407 4228 et
2436 4174 2487 4227 in
2520 4174 2715 4228 saecula
2741 4174 3083 4228 saeculorum.
3117 4179 3307 4231 Amen.

1800 4471 2147 4532 HOMILIA
2189 4470 2363 4532 Xlll.

393 4623 523 4678 CAP.
555 4626 608 4679 5.
644 4640 696 4677 v.
730 4624 816 4679 18.
854 4623 1008 4677 Multi
1032 4624 1168 4677 enim
1194 4623 1476 4689 ambulant,
1518 4639 1644 4693 quos
1672 4637 1806 4692 stepe
1834 4622 1976 4675 dice-

463 4718 577 4770 bam
608 4717 764 4780 vobis,
796 4733 929 4769 nunc
955 4725 1121 4768 autem
1145 4726 1192 4768 et
1220 4717 1353 4785 ﬂens
1371 4715 1482 4767 dico
1503 4756 1518 4781 ,
1550 4714 1783 4767 inimicos
1808 4715 1974 4767 crucis

464 4808 671 4872 Christi,
722 4807 809 4862 19.
839 4824 1053 4877 quorum
1099 4808 1216 4875 ﬁnis
1262 4808 1528 4870 interitus;
1575 4823 1792 4875 quorum
1832 4806 1974 4860 Deus

464 4909 631 4953 venter
660 4908 752 4961 est,
784 4909 829 4952 et
857 4900 1022 4969 gloria
1043 4900 1095 4952 in
1116 4900 1415 4970 confusione
1444 4905 1697 4965 ipsorum,
1746 4900 1832 4968 qui
1870 4908 1974 4951 ter-

464 5008 586 5045 rena
621 4992 846 5059 sapiunt.
874 4990 965 5044 ‘20.
1018 4990 1207 5043 Nostra
1249 4992 1382 5043 enim
1419 4990 1728 5043 conversatio
1758 4991 1808 5043 in
1835 4990 1974 5043 aclis

464 5099 536 5138 est
571 5100 588 5135 .’
622 5082 757 5135 unde
782 5084 933 5134 etiam
966 5082 1281 5136 Sulvatorem
1324 5092 1668 5149 exspectamus
1700 5080 1978 5133 Dominum

461 5176 639 5229 Jcsnm
672 5175 942 5237 Christum,
968 5173 1057 5226 21.
1088 5174 1177 5241 qui
1199 5174 1578 5241 trans/igurabit
1607 5190 1787 5242 corpus
1815 5174 1979 5226 humi-

466 5268 624 5322 litatis
653 5277 858 5328 nostrtc,
882 5276 939 5318 ut
969 5269 1225 5335 conformo
1247 5268 1335 5330 fiat
1356 5269 1555 5334 corpori
1582 5267 1826 5318 claritatis
1844 5281 1969 5331 suae,

464 5359 738 5414 secundant
759 5358 1101 5422 Operationem
1130 5357 1324 5409 virtutis
1348 5373 1473 5418 sum,
1499 5374 1597 5426 qua
1634 5358 1787 5409 etiam
1818 5357 1976 5426 possit

463 5452 707 5521 subjicere
730 5450 823 5502 sibi
851 5450 1040 5501 omnia.

468 5546 519 5598 l.
560 5542 702 5596 Nihil
750 5557 903 5611 teque
948 5541 1347 5594 dissentaneum
1397 5549 1499 5603 est,
1556 5539 1896 5607 alienumque
1944 5552 1976 5591 a

393 5635 720 5698 Christiano,
749 5648 811 5686 ac
832 5647 1070 5701 requiem
1099 5640 1153 5685 et
1173 5632 1336 5684 otium
1359 5645 1603 5699 quwrcre
1630 5647 1642 5681 :
1670 5628 1800 5682 nihil
1823 5643 1977 5697 teque

399 5744 427 5780 a
464 5724 797 5794 professione
842 5734 1020 5779 nostra
1046 5733 1100 5779 et
1130 5724 1339 5787 militia,
1371 5723 1454 5774 cui
1485 5737 1676 5774 nomen
1707 5720 1973 5784 dedimus,

398 5818 724 5886 alienutn,ae
747 5818 991 5886 praesenti
1014 5818 1133 5872 vitm
1164 5817 1399 5872 deﬁxum
1422 5832 1558 5871 esse.
1586 5814 1838 5870 Dominus
1857 5823 1980 5869 tuus

2083 4621 2139 4675 in
2162 4635 2377 4674 crucem
2406 4628 2558 4673 actus
2581 4605 2679 4681 esi,
2710 4626 2764 4671 et
2792 4630 2846 4673 tu
2878 4620 3115 4688 requiem
3147 4622 3381 4688 quatris?
3414 4621 3668 4675 Domnms

2087 4719 2207 4765 tuus
2230 4711 2397 4766 clavis
2421 4711 2665 4765 conﬁxus
2692 4719 2794 4774 est,
2814 4719 2867 4764 et
2899 4720 2953 4764 tu
2981 4711 3287 4767 deliciaris?
3314 4712 3549 4767 haeccine
3570 4715 3667 4766 mi-

2088 4806 2192 4859 litis
2217 4804 2506 4874 generosi?
2535 4805 2822 4871 Propterea
2854 4804 3013 4856 etiam
3039 4804 3231 4857 Paulus
3289 4805 3480 4874 inquit,
3514 4806 3667 4858 Mulli

2084 4899 2507 4965 ambulant,un
2523 4914 2659 4967 stupe
2688 4897 2913 4949 dicebam
2940 4895 3094 4959 vobis,
3114 4914 3249 4949 nunc
3275 4908 3442 4950 autent
3471 4911 3515 4951 et
3541 4900 3668 4968 ﬂens

2086 4989 2222 5047 dico,
2254 4989 2482 5041 inimicos
2508 4988 2671 5041 crucis
2696 4986 2904 5040 Christi.
2930 4987 3191 5052 Quoniam
3222 4999 3376 5042 erant
3402 4992 3665 5056 nontmlli,

2086 5083 2175 5149 qui
2205 5080 2670 5133 Christianisnmm
2687 5080 2901 5147 quidem
2928 5080 3271 5141 simulabant,
3291 5080 3385 5134 sed
3407 5082 3457 5134 in
3477 5083 3588 5136 otio
3607 5098 3670 5136 ac

2086 5173 2290 5227 deliciis
2311 5173 2575 5236 vivebant,
2597 5172 2648 5226 id
2672 5187 2800 5226 vero
2829 5172 3141 5226 adversatur
3168 5175 3346 5239 cruci;
3374 5175 3571 5229 ideirco
3600 5178 3666 5231 ita

2087 5265 2318 5319 dicebat.
2347 5265 2486 5318 Crux
2504 5266 2645 5319 enim
2672 5267 2881 5334 propria
2908 5267 3099 5320 anima:
3130 5276 3213 5321 est
3239 5268 3289 5320 in
3314 5270 3428 5322 acie
3455 5271 3664 5331 stantis,

2086 5357 2221 5410 mori
2250 5358 2512 5425 cupientis
2532 5398 2547 5421 ,
2588 5356 2788 5410 nullam
2819 5356 2919 5411 sibi
2949 5356 3358 5411 oblectationem
3385 5359 3662 5427 postulan-

2089 5449 2157 5501 tis
2188 5466 2201 5501 :
2229 5449 2305 5502 illi
2333 5464 2459 5502 vero
2501 5449 2825 5502 contrariam
2875 5448 2997 5501 vitae
3042 5448 3307 5502 rationem
3352 5462 3666 5519 sequuntur.

2088 5539 2444 5605 Quamobrem
2494 5538 2702 5591 tametsi
2746 5538 2929 5592 dicunt
2958 5553 3015 5592 se
3041 5536 3237 5592 Christi
3273 5553 3413 5602 esse,
3466 5541 3664 5595 inimici

2091 5640 2265 5686 tamen
2297 5642 2422 5685 sunt
2445 5630 2621 5685 crucis
2651 5648 2663 5682 :
2695 5631 2914 5699 alioqui,
2963 5631 3007 5683 si
3051 5646 3262 5685 crucem
3294 5640 3570 5693 amarent,
3620 5632 3669 5689 id

2088 5739 2302 5794 quoque
2350 5722 2666 5786 studerent,
2714 5730 2774 5775 ut
2819 5722 3129 5775 crueiﬂxam
3182 5721 3344 5774 vitam
3406 5724 3668 5776 viverent.

2086 5816 2275 5872 Nonne
2310 5816 2361 5870 in
2391 5830 2605 5870 crucem
2631 5824 2781 5869 actus
2813 5822 2895 5869 cst
2928 5813 3183 5869 Dominus
3228 5816 3393 5870 tuus?
3439 5816 3494 5870 Si
3527 5816 3671 5871 ill-.us
