4108 6410
408 327 515 385 275
1265 339 1328 392 ΙΝ
1363 341 1579 399 EPIST.

406 444 556 496 οὐδὲν
591 443 931 513 ἠλάττωται·
968 448 1000 516 ὴ
1031 447 1136 518 γὰρ
1165 449 1442 524 ἐπιστήμη
1492 454 1699 508 ἔνεστιν
1726 459 1783 510 ἐν
1809 460 1978 530 αὐτῷ.

404 534 562 587 Οὕτω
607 536 701 589 καὶ
724 537 752 588 ὁ
796 536 1050 608 ἐνάρετος
1087 540 1182 592 καὶ
1224 540 1342 611 Θεῷ
1367 545 1740 616 ἀνακείμενος,
1772 551 1876 602 κᾶν
1901 553 1982 614 εἰς

403 626 638 680 πλοῦτον
683 629 846 682 αὐτὸν
884 629 1149 703 ἐμϐάλῃς,
1193 633 1559 690 ἐπιδείκνυται
1611 638 1710 708 τὴν
1759 640 1978 712 ἀρετήν,

404 714 508 767 κᾶν
537 716 618 778 εἰς
648 716 836 771 πενίαν
857 719 1077 788 ὁμοίως,
1100 720 1204 774 κᾶν
1233 724 1313 786 εἰς
1343 726 1520 801 νόσον,
1545 726 1646 782 κᾶν
1667 730 1748 794 είς
1771 732 1977 799 ὑγείαν,

404 805 511 857 κᾶν
539 806 620 868 είς
647 805 826 871 δόξαν,
856 807 956 863 κᾶν
991 812 1070 874 είς
1093 811 1327 876 ἀδοξίαν.

473 894 538 948 δ’.
557 897 690 967 Οὐχὶ
710 897 798 951 διὰ
824 899 1041 970 πάντων
1061 898 1224 971 ἦλθον
1239 905 1289 956 οί
1316 905 1627 973 ἀπόστολοι;
1651 908 1752 960 Διὰ
1771 909 1977 977 δόξης,

404 985 559 1052 φησὶ,
588 985 688 1039 καὶ
719 988 974 1057 ἀτιμίας,
1020 991 1118 1045 διὰ
1161 992 1507 1064 δυσφημίας
1531 997 1629 1050 καί
1661 1001 1976 1069 εὐφημίας.

407 1074 579 1128 Τοῦτό
607 1079 722 1130 ἐστι
761 1078 822 1131 τὸ
848 1080 1035 1133 ποιοῦν
1079 1082 1350 1154 ἀθλητὴν,
1375 1085 1435 1137 τὸ
1461 1087 1595 1155 πρὸς
1630 1088 1807 1142 πάντα
1841 1088 1979 1145 εἶναι

406 1163 712 1234 ἐπιτήδειον
735 1181 750 1195 ο
781 1167 1002 1239 τοιαύτη
1037 1169 1130 1223 καὶ
1157 1171 1189 1241 ή
1219 1171 1318 1240 τῆς
1345 1172 1547 1242 ἀρετῆς
1585 1174 1762 1241 φύσις.
1795 1179 1892 1230 Ἂν
1921 1179 1980 1232 δέ

406 1254 584 1326 εἴπῃς,
621 1255 700 1308 ὅτι
725 1257 797 1308 Οὐ
818 1258 1052 1329 δύναμαι
1087 1265 1416 1331 προεστάναι
1450 1257 1681 1329 πολλῶν,
1729 1269 1980 1337 μονάζειν

405 1344 621 1413 ὀφείλω,
654 1346 878 1417 ὕϐρισας
900 1350 999 1419 τὴν
1031 1351 1262 1422 ἀρετήν·
1315 1353 1456 1424 α’ύτη
1485 1355 1592 1426 γάρ
1621 1359 1754 1410 πᾶσι
1781 1361 1979 1430 κεχρῆ-

406 1433 528 1486 σθαι
558 1435 800 1502 δύναται,
830 1440 924 1493 καὶ
968 1442 1287 1509 διαφαίνειν,
1337 1447 1499 1513 μόνον
1539 1446 1680 1500 ἔστω
1710 1451 1769 1502 ἐν
1796 1453 1860 1520 τῇ
1881 1450 1982 1518 ψυ-

405 1528 493 1595 χῇ.
523 1528 694 1597 Λιμός
724 1531 878 1596 ἐστι;
917 1531 1200 1604 πλησμονή
1253 1535 1436 1599 ἐστιν;
1481 1537 1628 1608 Αὕτη
1675 1541 1782 1609 γὰρ
1827 1542 1980 1611 ἰσχὺν

407 1614 556 1688 [296]
586 1618 951 1674 ἐπιδείκνυται
980 1621 1079 1692 τὴν
1114 1623 1306 1693 αὐτῆς,
1339 1625 1520 1690 καθὼς
1553 1627 1762 1693 Παῦλος
1790 1649 1976 1703 φησιν,

397 1702 541 1760 Οἶδα
563 1708 661 1761 καὶ
688 1712 1089 1778 περισσεύειν,
1107 1713 1206 1767 καὶ
1227 1716 1623 1784 ὑστερεῖσθαι.
1651 1720 1795 1774 Ἔδει
1817 1702 1979 1793 ἐργά-

403 1798 620 1865 ζεσθαι;
677 1801 777 1854 οὐκ
813 1803 1164 1875 ἐπῃσχύνθη,
1214 1807 1352 1860 ἀλλὰ
1398 1808 1491 1862 δύο
1541 1809 1635 1881 ἐτη
1667 1813 1974 1884 εἰργάζετο.

407 1890 552 1942 Ἔδει
592 1891 854 1962 λιμῶξαι;
885 1895 984 1948 οὐκ
1009 1896 1200 1967 ἐτάκη,
1225 1899 1342 1951 οὐδέ
1360 1900 1655 1956 ἐδίστασεν.
1678 1904 1823 1956 Ἔδει
1853 1908 1980 1959 ἀπο-

403 1979 581 2034 θανεῖν
605 1997 618 2046 ;
641 1985 739 2037 οὐκ
757 1984 970 2052 ἐγένετο
990 1989 1246 2052 ταπεινός
1265 2007 1278 2020 ·
1302 1989 1392 2043 διὰ
1412 1993 1627 2046 πάντων
1644 1995 1706 2046 τὸ
1726 1995 1978 2068 φρόνημα

401 2071 461 2126 τὸ
491 2079 735 2143 γενναῖον
777 2079 871 2132 καὶ
907 2080 1006 2150 τὴν
1056 2082 1251 2153 τέχνην
1287 2084 1616 2151 ἐπεδείξατο.
1655 2089 1855 2142 Τοῦτον
1884 2086 1978 2144 οὖν

402 2163 759 2236 ζηλώσωμεν,
789 2169 882 2221 καὶ
910 2170 1011 2222 οὐκ
1040 2169 1194 2223 ἔσται
1245 2170 1424 2242 λύπης
1448 2176 1577 2245 ἡμῖν
1602 2176 1873 2240 ὑπόθεσις.
1912 2180 1977 2233 Τί

400 2255 532 2324 γὰρ,
591 2257 711 2309 εἰπέ
752 2275 875 2328 μοι,
931 2259 1173 2332 λυπῆσαι
1231 2262 1519 2334 δυνήσεται
1562 2267 1652 2320 τὸν
1701 2270 1973 2335 τοιοῦτονς

403 2347 588 2404 Οὐδέν.
625 2350 769 2413 Ἕως
799 2351 863 2406 ἂν
894 2353 970 2423 μὴ
993 2354 1195 2427 ταύτην
1225 2358 1373 2427 ἡμᾶς
1412 2359 1678 2432 ἀφέληταί
1710 2381 1814 2429 τις,
1841 2365 1978 2419 πάν⁹

405 2454 510 2491 των
535 2439 836 2510 ἀνθρώπων
867 2445 1268 2516 μακαριώτεροι
1306 2447 1564 2519 ἐσόμεθα,
1595 2453 1691 2506 καὶ
1717 2455 1974 2519 ἐνταῦθα,

403 2529 522 2600 οὐχὶ
560 2531 674 2584 ἐκεῖ
698 2532 877 2601 μόνον.
906 2535 1087 2589 Ἔστω
1126 2537 1235 2608 γάρ
1268 2541 1297 2592 ὁ
1339 2540 1594 2611 ἐνάρετος
1617 2544 1711 2596 καὶ
1739 2549 1974 2613 γυναῖκα

405 2621 540 2690 ἔχων
566 2624 659 2675 καὶ
688 2625 872 2678 παιδία
897 2627 990 2679 καὶ
1009 2628 1268 2699 χρήματα
1293 2633 1386 2684 καὶ
1411 2633 1568 2698 δόξαν
1596 2636 1816 2709 πολλήν·
1843 2641 1976 2711 περὶ

403 2712 574 2767 ταῦτα
631 2715 806 2769 πάντα
839 2717 1041 2787 ὁμοίως
1089 2721 1346 2791 ἐνάρετος
1379 2724 1562 2794 μένει’
1592 2727 1755 2796 ἄφελε
1809 2731 1972 2796 αὐτὰ,

404 2801 496 2852 καὶ
544 2804 706 2857 πάλιν
743 2806 942 2874 ὁμοίως
984 2808 1238 2880 ἐνάρετος
1289 2811 1464 2872 ἔσται.
1521 2814 1647 2868 οὐτε
1707 2818 1812 2870 ὑπὸ
1867 2820 1976 2874 τῶν

405 2891 633 2963 θλίψεων
666 2895 1225 2968 καταϐαπτιζόμενος,
1251 2900 1374 2954 οὕτε
1407 2903 1511 2956 ὑπὸ
1534 2906 1631 2976 τῆς
1671 2907 1976 2976 εὐπραγίας

401 2983 758 3054 ὀγκούμενος’
802 2988 914 3041 ἀλλ’
958 2989 1148 3063 ῶσπερ
1207 2993 1401 3064 πέτρα,
1451 2995 1546 3048 καὶ
1605 2999 1976 3071 κυμαινούσης

403 3077 497 3144 τῆς
523 3077 813 3150 θαλάσσης,
859 3081 952 3134 καὶ
991 3084 1232 3155 γαλήνης
1279 3085 1466 3158 οὔσης,
1510 3088 1710 3158 ὁμοίως
1746 3090 1976 3163 ἕστηκεν

403 3167 639 3237 ἀπαθὴς,
685 3169 808 3223 οὔτε
848 3172 952 3226 ὑπὸ
987 3174 1094 3226 τῶν
1143 3177 1402 3246 κυμάτων
1440 3177 1810 3252 θρυπτομένη,
1851 3180 1975 3234 οὑτε

405 3257 510 3310 ὑπὸ
540 3259 643 3330 τῆς
684 3262 921 3333 γαλήνης
967 3264 1094 3318 ἄλλο
1134 3283 1186 3319 τι
1233 3270 1551 3338 πάσχουσα·
1601 3269 1743 3324 οὑτω
1799 3272 1896 3326 καὶ
1927 3275 1974 3344 δή

402 3351 547 3421 ψυχὴ
587 3353 623 3421 ή
666 3354 865 3424 στερρά
903 3355 1097 3428 ἔστηκε
1144 3357 1334 3429 βεϐαία
1391 3361 1487 3414 καὶ
1525 3363 1582 3415 ἐν
1639 3363 1848 3439 γαλήνῃ
1885 3366 1980 3418 καὶ

405 3439 725 3511 ἐνι-κύμασι.
776 3445 886 3497 Καὶ
934 3447 1187 3519 καθάπερ
1233 3449 1302 3503 τά
1343 3451 1442 3522 μὲν
1495 3453 1684 3506 παιδία
1727 3456 1785 3508 ἐν
1811 3456 1981 3526 πλοίῳ

407 3531 634 3586 πλέοντα
662 3534 991 3606 θορυϐεῖται,
1014 3541 1042 3592 ὁ
1069 3540 1127 3594 δὲ
1175 3540 1516 3613 κυϐερνήτης
1545 3544 1777 3614 κάθηται
1805 3546 1980 3615 γελῶν

407 3625 499 3677 καὶ
549 3624 769 3698 ἀκλινὴς
821 3628 917 3694 ὢν,
977 3631 1068 3686 τὸν
1121 3631 1351 3704 θόρυϐον
1393 3635 1616 3689 ἐκείνων
1666 3636 1825 3708 δρῶν,
1881 3640 1975 3692 καὶ

404 3717 761 3796 τερπόμενοςγο
794 3718 936 3774 οὑτω
966 3723 1060 3775 καὶ
1092 3723 1237 3795 ψυχὴ
1270 3725 1578 3796 φιλόσοφος,
1613 3727 1832 3782 πάντων
1861 3729 1974 3783 τῶν

405 3805 578 3860 ἄλλων
605 3794 829 3879 θορυϐου
838 3811 1036 3882 μένων,
1058 3815 1152 3868 καὶ
1171 3794 1174 3795 ν
1193 3794 1478 3885 γελώντων
1509 3818 1670 3872 πάλιν
1701 3820 1968 3892 ἀκαίρως,

406 3899 464 3946 ἐν
501 3899 618 3960 ταῖς
652 3899 761 3952 τῶν
810 3907 1148 3974 πραγμάτων
1194 3907 1536 3981 μεταϐολαῖς,
1580 3909 1738 3973 αὐτὸς
1786 3910 1974 3985 ὥσπερ

407 3985 498 4038 ἐπί
521 4004 665 4054 τινος
707 3991 930 4064 αὐχένος
971 3996 1062 4049 καὶ
1087 3997 1272 4062 οἴακος
1303 3999 1402 4070 τῆς
1427 3999 1710 4064 εὐλαϐείας
1734 4000 1972 4073 κάθηται

421 4207 726 4220 .——-——-——_

1662 346 1752 400 Al)
1787 349 2078 407 PHILIPP.
2113 352 2264 410 CAP.
2325 357 2414 418 111.
2459 357 2695 414 "0M"...
2743 358 2878 416 XI".

727 4211 3419 4238 mw

3547 362 3654 420 276

2081 464 2325 535 ἁκλινής.
2393 470 2455 520 Τί
2491 469 2617 538 γὰρ,
2659 471 2780 522 εἰπέ
2817 488 2928 540 μοι,
2956 472 3188 542 ταράξαι
3231 473 3452 528 δύναται
3476 474 3654 544 ψυχὴν
3738 523 3741 526 .

2084 558 2284 630 εὐλαϐῆ
2311 579 2324 626 ;
2361 562 2630 624 Θάνατος;
2660 563 2794 616 ἀλλά
2821 563 2978 616 τοῦτο
3003 565 3150 634 ζωῆς
3185 564 3450 634 βελτίονος
3481 569 3655 638 ἀρχὴν

2078 647 2235 704 οἶδεν.
2279 652 2436 705 ’Λλλά
2462 653 2654 718 πενία;
2679 655 2813 708 ἀλλά
2835 654 2987 708 τοῦτο
3006 657 3346 727 συμπράττει
3369 659 3504 728 αὐτῇ
3519 659 3654 731 πρδς

2079 741 2302 811 ἀρετήν.
2372 744 2530 796 ’Λλλά
2587 747 2775 812 νόσος;
2851 747 2964 801 ἀλλ’
3013 749 3163 801 οὐδὲν
3218 751 3432 820 ἡγεῖται
3485 752 3653 818 αὐτὴν

2065 834 2380 903 παροῦσαν.
2410 837 2473 889 Τί
2505 837 2648 904 λέγω
2677 840 2866 903 νόσονς
2905 841 3022 894 οὐδὲ
3054 842 3152 910 τὴν
3177 843 3380 905 ἄνεσιν,
3405 843 3522 896 οὐδὲ
3556 848 3652 914 τὴν

2081 921 2257 992 θλῖψιν
2277 941 2290 955 ·
2317 927 2780 1000 προλαϐοῦσαγάρ
2801 931 2996 1002 ἑαυτὴν
3017 932 3251 1002 ἕθλιψεν.
3270 934 3407 986 Ἀλλ’
3432 935 3650 998 ἀδοξίας

2081 1013 2218 1068 ἀλλά
2247 1015 2365 1080 ὅλος
2397 1018 2425 1068 ό
2455 1020 2656 1089 κόσμος
2685 1022 2819 1092 αὐτῇ
2844 1023 3204 1094 ἐσταύρωται.
3257 1025 3416 1078 Ἀλλά
3447 1027 3652 1080 παίδων

2079 1107 2344 1177 ἀποϐολή;
2371 1108 2482 1162 ἀλλ’
2504 1112 2564 1162 οὐ
2587 1112 2821 1164 δέδοικεν
2842 1130 2855 1142 °
2881 1115 3007 1168 ὅταν
3029 1115 3136 1184 γὰρ
3161 1117 3285 1185 περὶ
3307 1117 3652 1180 ἀναστάσεως

2079 1189 2112 1266 ᾖ
2145 1195 2696 1269 πεπληροφορημένη,
2733 1200 2784 1252 τί
2811 1202 2978 1273 αὐτὴν
3009 1203 3148 1256 ἑλεῖν
3182 1204 3440 1270 δύναται;
3487 1206 3652 1258 Οὐδὲν

2079 1286 2186 1338 τῶν
2220 1287 2456 1340 πάντων.
2505 1289 2665 1346 Ἀλλά
2701 1291 2931 1354 πλοῦτος
2958 1293 3203 1364 ἐπαίρει;
3233 1294 3482 1360 οὐδαμῶς
3503 1313 3514 1325 ·
3546 1293 3652 1348 οἶδε

2079 1376 2188 1446 γάρ
2221 1378 2302 1430 ὅτι
2326 1379 2476 1431 οὐδὲν
2501 1380 2568 1432 τὰ
2598 1383 2874 1450 χρήματα.
2917 1382 3077 1434 Ἀλλά
3101 1382 3257 1450 δόξα;
3289 1383 3424 1436 ἀλλὰ
3453 1385 3643 1437 πεπαί-

2080 1467 2282 1532 δευται,
2317 1470 2400 1522 ὃτι
2428 1473 2576 1523 πᾶσα
2609 1472 2735 1538 δόξα
2770 1473 3079 1544 ἀνθρώπου,
3115 1474 3190 1537 ὡς
3242 1475 3401 1538 ἄνθος
3431 1466 3650 1546 χόρτου.

2093 1557 2252 1609 Ἀλλὰ
2280 1559 2455 1630 τρυφή
2484 1575 2499 1624 ;
2539 1559 2654 1612 ἀλλ’
2685 1561 2886 1632 ἢκουσε
2919 1562 3128 1616 Παύλου
3164 1563 3432 1632 λέγοντος,
3468 1565 3549 1617 ὅτι
3585 1565 3657 1618 Ἠ

2081 1649 2491 1712 σπαταλῶσα,
2547 1650 2704 1711 ζῶσα
2763 1652 3069 1720 τέθνηκεν.
3121 1654 3290 1707 Ὅταν
3352 1651 3444 1708 οὖν
3516 1657 3652 1726 μήτε

2079 1741 2407 1811 φλεγμαίνῃ,
2435 1745 2570 1812 μήτε
2603 1745 2974 1814 συστέλληται,
3001 1745 3052 1798 τί
3085 1746 3183 1816 τῆς
3215 1747 3404 1816 ὑγείας
3451 1748 3652 1818 ταύτης

2079 1830 2193 1882 ἴσον
2229 1831 2293 1882 ἂν
2326 1832 2408 1900 εἴη
2435 1849 2448 1897 ;
2476 1832 2591 1884 ἀλλ’
2625 1834 2722 1905 οὑχ
2757 1838 2811 1889 αἱ
2849 1835 3006 1890 ἄλλαι
3028 1837 3196 1906 ψυχαὶ
3220 1837 3480 1902 τοιαῦται,
3519 1837 3654 1890 ἀλλά

2075 1920 2176 1988 τῆς
2207 1921 2472 1993 θαλάττης
2502 1925 2594 1977 καὶ
2626 1925 2719 1978 τοῦ
2747 1929 3131 1997 χαμαιλέοντος
3164 1930 3491 2000 πυκνότερον
3529 1931 3653 2001 τρέ-

2078 2027 2290 2062 πονται.
2339 2012 2501 2064 Ὥστε
2564 2014 2732 2066 πολὺν
2781 2011 2921 2068 εἶναι
2963 2017 3196 2084 γέλωτα,
3238 2019 3366 2071 ὅταν
3417 2019 3531 2089 ἴδῃς
3561 2020 3652 2071 τὸν

2077 2093 2238 2146 αὐτὸν
2287 2094 2382 2147 νῦν
2439 2097 2535 2167 μὲν
2584 2099 2855 2166 γελῶντα,
2899 2101 2992 2154 νῦν
3032 2102 3087 2155 δὲ
3141 2103 3413 2167 κλαίοντα,
3459 2103 3553 2156 νῦν
3597 2105 3653 2156 δέ

2079 2193 2452 2261 φροντίζοντα,
2505 2193 2598 2246 νῦν
2650 2194 2706 2248 δὲ
2739 2196 2878 2264 ὑπὲρ
2914 2196 2976 2250 τὸ
3026 2198 3222 2268 μέτρον
3266 2199 3649 2268 ἐκκεχυμένον.

2076 2281 2268 2334 Καίτοι
2313 2285 2341 2334 ὁ
2380 2283 2590 2347 Παῦλος
2630 2285 2690 2336 οὐ
2735 2285 2801 2338 δι’
2841 2287 2966 2340 ἄλλο
2997 2288 3050 2340 τί
3095 2306 3246 2356 φησι,
3277 2289 3374 2356 Μὴ
3413 2305 3652 2355 συσχη-

2070 2372 2384 2442 ματίζεσθε
2439 2376 2519 2440 τῷ
2580 2377 2747 2431 αἰῶνι
2801 2380 3027 2448 τούτῳ,
3075 2379 3187 2432 ἀλλ’
3236 2381 3268 2450 ἢ
3323 2381 3404 2432 ὅτι
3467 2382 3523 2434 ἐν
3573 2379 3653 2449 τῷ

2075 2465 2289 2536 οὐρανῷ
2373 2468 2802 2536 πολιτευόμεθα,
2889 2470 3017 2524 ἔνθα
3093 2473 3192 2524 οὐκ
3269 2471 3386 2524 ἐστι
3450 2471 3648 2541 τροπή.

2088 2556 2453 2628 Ἐπήγγελται
2466 2561 2595 2629 ἡμῖν
2613 2560 2821 2614 ἔπαθλα
2837 2561 2896 2613 οὐ
2912 2561 3221 2632 τρεπόμενα
3241 2576 3256 2591 ο
3272 2560 3464 2613 οὐκοῦν
3480 2561 3650 2612 τοιαύ-

2073 2663 2174 2717 την
2200 2648 2471 2702 πολιτείαν
2515 2651 2929 2721 ἐπιδειξώμεθα,
2979 2652 3230 2705 ἐντεῦθεν
3269 2652 3370 2723 ήδη
3397 2651 3649 2721 λάϐωμεν

2073 2739 2143 2790 τά
2166 2739 2366 2808 ἀγαθά.
2398 2741 2463 2794 Τί
2499 2745 2577 2806 εἰς
2603 2742 2824 2814 εὔριπον
2851 2744 3072 2806 ἐαυτοὺς
3099 2744 3415 2816 ῥιπτοῦμεν,
3443 2744 3534 2796 καὶ
3559 2746 3640 2806 εἰς

2078 2827 2225 2901 [297]
2276 2832 2584 2898 κλυδώνιον,
2643 2835 2736 2889 καὶ
2784 2837 2862 2898 εἰς
2913 2836 3177 2905 χειμῶνα,
3206 2837 3297 2888 καὶ
3329 2837 3407 2898 είς
3452 2835 3650 2905 cam;

2075 2919 2369 2991 Γενώμεθα
2412 2927 2470 2976 ἐν
2499 2924 2731 2998 γαλήνῃ.
2780 2927 2853 2978 Οὐ
2889 2927 3040 2998 παρὰ
3085 2932 3175 2980 τὸν
3219 2926 3446 2978 πλοῦτόν
3480 2928 3649 2987 ἐστιν,

2075 3012 2136 3064 οὐ
2184 3013 2334 3083 παρά
2383 3014 2482 3086 τὴν
2526 3016 2735 3081 πενίαν,
2783 3017 2841 3068 οὐ
2876 3017 3025 3087 παρά
3073 3018 3170 3087 τὴν
3203 3017 3380 3083 δόξαν,
3409 3017 3470 3069 οὐ
3502 3016 3650 3087 παρά

2074 3101 2172 3172 τὴν
2203 3103 2436 3170 ἀδοξίαν,
2464 3106 2524 3158 οὑ
2556 3105 2706 3178 παρὰ
2730 3108 2825 3178 τὴν
2849 3108 3021 3174 νόσον,
3048 3108 3108 3160 οὑ
3138 3109 3288 3179 παρά
3318 3109 3416 3180 τὴν
3442 3109 3650 3177 ὑγείαν,

2076 3193 2138 3246 οὐ
2188 3195 2339 3265 παρὰ
2380 3197 2478 3268 τὴν
2523 3197 2829 3262 ἀσθένειαν,
2871 3198 3006 3251 ἀλλά
3047 3201 3196 3270 παρά
3238 3199 3336 3268 τὴν
3379 3198 3652 3270 ἡμετέραν

2075 3281 2247 3334 ταῦτα
2290 3282 2466 3336 πάντα
2502 3285 2702 3358 ψυχήν.
2755 3289 2850 3341 ’Ἂν
2897 3287 3037 3358 αὐτὴ
3070 3284 3324 3360 στερῤἀῇ
3352 3289 3445 3340 καὶ
3472 3289 3653 3351 καλῶς

2077 3373 2483 3445 πεπαιδευμένη
2534 3377 2634 3445 τὴν
2684 3377 2782 3447 τῆς
2833 3379 3034 3448 ἀρετῆς
3076 3379 3426 3447 ἐπιστήμην,
3468 3379 3648 3430 πάντα

2077 3462 2273 3517 εὔκολα
2303 3466 2440 3538 αὐτῇ
2480 3467 2650 3522 ἔσται.
2680 3469 2790 3521 Καὶ
2819 3469 3068 3522 ἐντεῦθεν
3092 3470 3190 3540 ήδη
3217 3470 3310 3539 τὴν
3340 3469 3650 3522 ἀνάπαυσιν

2076 3555 2286 3625 ὄψεται,
2324 3557 2418 3609 καὶ
2451 3557 2540 3610 τὸν
2565 3559 2760 3628 λιμένα
2781 3559 2871 3612 τὸν
2901 3559 3094 3624 εὔδιον,
3128 3559 3222 3613 καὶ
3251 3561 3455 3630 μυρίων
3485 3559 3653 3612 ἀπελ-

2080 3644 2248 3699 θοῦσα
2281 3649 2398 3700 ἐκεῖ
2424 3648 2645 3716 ἀγαθῶν
2667 3651 3038 3718 ἐπιτεύξεταιο
3103 3643 3176 3704 ὧν
3212 3652 3419 3718 γένοιτο
3445 3651 3651 3714 πάντας

2079 3737 2225 3807 ἡμᾶς
2256 3739 2551 3808 ἐπιτυχεῖν,
2586 3741 2765 3813 χάριτι
2794 3742 2888 3794 καὶ
2918 3741 3297 3812 φιλανθρωπία
3328 3739 3422 3792 τοῦ
3445 3740 3648 3809 Κυρίου

2078 3828 2234 3898 ἡμῶν
2275 3830 2450 3899 Ἰησοῦ
2495 3831 2768 3902 Χριστοῦ,
2819 3833 2936 3902 μεθ’
2978 3826 3038 3886 οὑ
3065 3832 3141 3902 τῷ
3190 3828 3364 3902 ΙΙατρὶ
3409 3831 3526 3900 ἅμα
3573 3831 3650 3901 τῷ

2079 3919 2218 3990 ἁγίῳ
2245 3921 2523 3992 Πνεύματι
2546 3924 2691 3992 δόξα,
2724 3926 2944 3995 κράτος,
2973 3926 3127 3996 τιμὴ,
3163 3924 3256 3978 νῦν
3300 3924 3392 3977 καὶ
3421 3923 3528 3989 ἀεὶ,
3557 3924 3650 3975 καὶ

2077 4009 2158 4070 εἰς
2185 4010 2309 4073 τοὺς
2337 4012 2536 4076 αἰῶνας
2557 4013 2665 4066 τῶν
2691 4014 2923 4069 αἰώνων.
2971 4015 3166 4086 Ἀμήν.

1791 4405 1890 4457 ΟΜ
1898 4405 2035 4457 [AIA
2082 4407 2180 4460 ll".

411 4547 634 4625 [7031.191
671 4547 780 4625 γᾴρ
812 4551 1263 4625 περιπατοῦσιν,
1291 4551 1400 4625 οὓς
1429 4553 1726 4625 πολλάκις
1756 4557 1973 4625 ἔλεγον

481 4619 640 4694 ὑμῖν,
671 4618 789 4671 νῦν
815 4618 891 4694 δε
922 4621 1040 4694 καίῌ
1068 4623 1292 4694 κλαίων
1316 4622 1503 4694 λέγω,
1534 4624 1674 4690 τοὺς
1701 4618 1974 4694 ἐχθροὺς

480 4689 587 4742 τοῦ
629 4689 894 4758 σταυροῦ
937 4689 1044 4741 τοῦ
1086 4691 1372 4758 Χριστοῦο
1413 4689 1521 4745 ’ὧν
1554 4696 1617 4747 τὸ
1650 4689 1839 4758 τέλος(
1862 4689 1974 4750 da;

479 4759 678 4835 ώαεια,
710 4753 797 4811 ὧν
901 4759 1035 4835 ἀετὸς
1071 4753 1368 4835 ἠίκο-ιλία,
1389 4765 1502 4835 ’καὶ
1533 4766 1571 4832 ἡ
1601 4763 1751 4828 δόξα
1792 4753 1862 4818 ἐν
1898 4765 1974 4835 τῇ

481 4827 1010 4902 αἰσχύνῃ-αὑτῶν,
1066 4833 1120 4902 οἱ
1168 4831 1240 4882 τὰ
1296 4831 1528 4902 ἐπίγεια
1559 4827 1970 4902 ’φρονοῦν-τεᾷ

482 4897 671 4973 ’μμῶγ
707 4899 816 4973 γάρ
841 4898 913 4973 τὸ
935 4899 1360 4973 πρλίτευμαΑέν
1392 4897 1666 4973 οὐρανοῖς
1695 4897 1971 4973 ὑπάρχει,

481 4963 649 5041 ἑξρῦ
679 4963 789 5041 ggui—
832 4966 1073 5041 Σωτῆρα
1112 4963 1556 5039 ἀπεκδεχόμεθα
1605 4963 1831 5040 Κύριον
1859 4963 1964 5041 Ἶηλ

479 5037 637 5112 σρῦν
671 5039 948 5112 Χριστρν,
999 5036 1068 5102 ὃς
1097 5036 1631 5112 μετασχηματίσει
1679 5036 1746 5094 τὸ
1804 5036 1976 5112 σῶμα

479 5107 590 5180 τῆς
621 5105 1054 5180 ταπεινώσεως-
1077 5105 1246 5174 ἡμῶν
1279 5105 1475 5180 εἱξξτὸ
1517 5111 1795 5180 γενέσθαι
1825 5105 1972 5166 αὗτύ

480 5177 834 5244 σύμμορφον
864 5176 942 5240 τῷ
977 5176 1202 5243 σώματι
1231 5177 1339 5245 τῆς
1368 5176 1551 5246 δόξης
1579 5182 1785 5240 αὑτοῦ.
1827 5184 1977 5236 κατὰ

481 5246 593 5325 {hy
617 5247 920 5325 ᾆνέρτειαν
943 5247 1052 5325 τοῦ
1095 5247 1393 5302 δύνασθαι
1417 5253 1603 5304 αὑτὸν
1631 5252 1728 5305 καὶ
1757 5252 1976 5308 ὑποτά-

481 5317 579 5381 ξαι
609 5315 799 5381 ἐαυτῷ
827 5315 898 5370 τὰ
924 5315 1139 5372 πάντα.

482 5467 553 5514 α’.
583 5461 748 5514 Οὐδὲν
763 5460 936 5526 οὕτως
952 5461 1291 5534 ἀνάρμοστον
1311 5465 1404 5519 καὶ
1424 5465 1702 5539 ἀλλότριον
1716 5469 1978 5539 Χριστια-

412 5552 526 5616 νοῦ,
556 5551 631 5615 ὡς
671 5553 852 5606 ἄνεσιν
905 5553 1000 5607 καὶ
1041 5554 1347 5610 ἀνάπαυσιν
1387 5555 1602 5628 ζητεῖν·
1639 5560 1794 5613 οὐδὲν
1836 5559 1979 5614 οὕτω

412 5643 512 5712 τῆς
545 5643 870 5712 ἐπαγγελίας
911 5645 1004 5699 καὶ
1054 5648 1433 5716 στρατολογίας
1484 5648 1776 5720 ἀλλότριον,
1818 5651 1893 5714 ὠς
1919 5652 1980 5704 τὸ

414 5732 496 5803 τῷ
551 5736 774 5804 παρόντι
825 5737 1248 5807 προστετηκέναι
1305 5738 1422 5808 βίῳ.
1460 5739 1519 5793 '0
1557 5742 1830 5810 Δεσπότης
1885 5758 1978 5793 σου

2073 4559 2412 4630 ἐσταυρώθη,
2466 4563 2650 4615 καὶσὺ
2681 4563 2862 4617 ἄνεσιν
2909 4550 3127 4635 ζητεῖ;;
3168 4568 3195 4618 δ
3225 4566 3498 4637 Δεσπότης
3547 4587 3643 4621 σου

2073 4649 2419 4720 προσηλώθη,
2465 4652 2651 4704 καὶσὺ
2686 4656 2931 4725 τρυφᾷς;
2984 4657 3078 4709 καὶ
3129 4657 3231 4709 ποῦ
3264 4656 3437 4710 ταῦτα
3477 4675 3641 4729 στρα-

2073 4740 2265 4794 τιώτου
2283 4743 2564 4811 γενναίους
2591 4746 2689 4798 Διά
2716 4746 2873 4798 τοῦτο
2899 4749 2994 4800 καὶ
3019 4750 3045 4800 ὁ
3075 4748 3283 4812 Παῦλός
3315 4766 3468 4819 φησι,
3489 4754 3639 4804 Πολ-

2072 4831 2170 4882 λοί
2220 4833 2672 4899 περιπατοῦσιν,
2721 4835 2830 4902 οὒς
2867 4837 3164 4903 πολλάκις
3216 4838 3432 4908 ἔλεγον
3477 4841 3638 4909 ὑμῖν,

2073 4922 2190 4975 νῦν
2213 4920 2282 4974 δὲ
2314 4923 2411 4976 καὶ
2435 4927 2659 4978 κλαίων
2684 4926 2860 4996 λέγω,
2885 4927 3024 4994 τοὺς
3049 4929 3300 4998 ἐχθροὺς
3322 4931 3428 4985 τοῦ
3459 4950 3641 4986 σταυ-

2067 5011 2181 5080 ροῦ
2211 5012 2316 5066 τοῦ
2349 5014 2624 5082 Χριστοῦ.
2670 5015 2885 5087 Ἐπειδή
2922 5035 3068 5079 τινες
3099 5015 3240 5090 ἦσαν
3275 5020 3639 5090 ὑποκρινόμε-

2076 5119 2155 5155 νοι
2192 5103 2289 5172 μέν
2317 5106 2408 5157 τὸν
2437 5107 2883 5177 Χριστιανισμδν,
2911 5109 2970 5161 ἐν
3009 5110 3188 5163 ἀνέσει
3219 5110 3276 5163 δὲ
3308 5110 3506 5174 ζῶντες
3545 5113 3639 5164 καὶ

2075 5198 2272 5266 τρυφῇ,
2300 5195 2534 5250 τοῦτοοδὲ
2559 5199 2795 5252 ἐναντίον
2810 5199 2887 5270 τῷ
2904 5201 3119 5271 σταυρῷ
3137 5217 3150 5230 ο
3183 5201 3271 5255 διὰ
3290 5202 3447 5254 τοῦτο
3466 5203 3638 5256 ταῦτα

2076 5283 2248 5348 οὕτως
2276 5285 2480 5355 ἔλεγεν.
2519 5289 2575 5342 '0
2624 5288 2733 5360 γὰρ
2768 5290 2998 5360 σταυρὸς
3029 5291 3205 5362 ψυχῆς
3239 5293 3354 5344 ἐστι
3395 5310 3638 5362 παρατε-

2076 5379 2374 5450 ταγμένης,
2411 5380 2769 5454 θανατιώσης,
2819 5384 2968 5437 οὐδὲν
3011 5384 3196 5437 ἀνετὸν
3235 5385 3597 5454 ἐπιζητούσης
3622 5403 3635 5414 ·

2077 5469 2274 5522 ἐκεῖνοι
2308 5471 2365 5523 δέ
2413 5472 2738 5536 ἀπεναντίας
2787 5474 3176 5529 πολιτεύονται.
3225 5474 3384 5527 Ὥστε
3417 5475 3517 5528 κᾶν
3551 5477 3633 5530 λέ-

2077 5576 2246 5628 γωσιν
2283 5557 2419 5613 εἶναι
2466 5560 2561 5615 τοῦ
2616 5565 2872 5632 Χριστοῦ,
2908 5565 3019 5618 ἀλλ’
3051 5565 3126 5628 ὼς
3167 5565 3351 5636 ἐχθροί
3395 5568 3498 5619 είσι
3545 5569 3637 5621 τοῦ

2083 5649 2315 5719 σταυροῦ
2337 5667 2350 5679 ο
2384 5647 2419 5722 ἦ
2470 5653 2579 5723 γάρ
2608 5651 2696 5716 ἂν,
2725 5655 2774 5706 εἰ
2803 5654 2892 5706 τὸν
2929 5655 3158 5725 σταυρὸν
3183 5655 3419 5724 ἐφίλουν,
3445 5657 3639 5711 ἐσπού-

2081 5740 2237 5806 δαζον
2265 5743 2352 5796 τὸν
2389 5744 2800 5814 ἐσταυρωμένον
2827 5745 2938 5815 βίον
2985 5747 3104 5818 ζῇν.
3137 5749 3247 5803 Οὐκ
3292 5742 3618 5802 ἀνεσκολοπί
3635 5773 3647 5783 ο
