4108 6410
480 313 585 369 277

480 432 585 505 σθη
618 449 714 485 σου
743 432 771 484 6
814 432 1131 504 Δεσπότηςς
1183 435 1439 507 Μίμησαι
1484 438 1550 492 σὺ
1586 437 1759 503 ἄλλως
1792 437 1978 503 αὑτὸν,
2011 443 2060 493 εί

484 524 562 597 μὴ
588 524 680 578 τὸν
710 524 921 578 ἐκείνου
952 524 1177 579 δύνασαι
1208 529 1412 599 τρόπον
1433 543 1450 558 ·
1500 529 1818 601 σταύρωσον
1845 533 2058 599 ἑαυτὸν,

480 616 585 670 κᾶν
614 616 800 686 μηδείς
831 632 892 669 σε
920 616 1238 690 σταυρώσῃο
1280 619 1597 691 σταύρωσον
1638 622 1866 677 σεαυτὸν
1893 623 2056 692 λέγω,

1196 315 1256 373 S.
1300 313 1589 375 JOANNIS
1627 317 2128 378 CHRYSOSTOM)
2180 322 2502 382 ARCIHEP.
2545 328 3098 389 CONSTANTINOP.

3626 337 3733 392 278

2166 442 2315 511 ἡμᾶς
2348 443 2567 513 μᾶλλον,
2594 447 2626 516 ἢ
2653 448 2779 512 τοὺς
2802 449 2920 501 τότε
2952 448 3197 519 λέγηται.
3229 448 3399 504 Ὅταν
3428 452 3533 523 γὰρ
3558 453 3735 508 πάντα

2163 533 2255 584 τὸν
2279 533 2391 604 βίον
2423 536 2482 589 ἐν
2505 537 2689 601 πότοις
2732 539 2829 592 καὶ
2858 539 3067 611 κώμοις
3100 540 3367 614 ἀναλίσκῃ
3395 559 3500 605 τις,
3530 545 3624 597 καὶ
3652 548 3734 609 είς

2165 620 2265 691 μὲν
2292 622 2530 694 πένητας
2556 625 2715 693 ὀλίγα
2742 626 2864 681 τινά
2886 629 3121 699 δαπανᾷ,
3169 630 3231 681 τὸ
3258 630 3315 681 δὲ
3346 629 3509 683 πλέον
3551 633 3734 685 ἀναλί-

478 706 577 775 οὑχ
605 705 694 759 ἴνα
716 705 941 758 σεαυτὸν
974 705 1173 778 ἀνέλῃς
1207 709 1306 779 (μὴ
1332 708 1565 777 γένοιτο,
1601 711 1760 766 τοῦτο
1791 713 1900 784 γάρ
1927 715 2059 767 ἀσε-
2162 728 2268 782 σκῃ
2298 714 2381 777 είς
2434 715 2534 786 τὴν
2584 718 2814 783 κοιλίαν,
2845 719 2944 773 οὐκ
2982 721 3207 785 εἰκότως
3258 722 3353 775 καὶ
3390 723 3520 794 περί
3564 725 3731 779 αὑτοῦ

481 796 619 865 ϐὲς),
646 797 760 849 ἀλλ’
787 797 863 861 ώς
884 797 1097 861 Παῦλος
1129 795 1333 867 ἔλεγεν·
1361 801 1524 870 Ἐμοὶ
1557 805 1688 874 γὰρ,
1720 802 1871 877 [298]
1899 805 2055 877 φησὶ,

477 891 704 957 κόσμος
732 890 1115 960 ἐσταύρωται,
1145 891 1307 963 κάγὼ
1334 892 1416 960 τῷ
1445 895 1669 963 κόσμῳ.

548 992 611 1045 Εί
641 992 814 1061 φιλεῖς
837 994 929 1046 τὸν
954 994 1232 1066 Δεσπότην
1268 1012 1385 1061 σου,
1420 995 1513 1049 τὸν
1545 995 1779 1052 θάνατον
1815 997 2054 1052 ἀπόθανε

476 1084 567 1139 τὸν
599 1084 845 1138 ἐκείνοψ
900 1086 1038 1158 μάθε
1072 1087 1211 1158 πόση
1243 1086 1335 1141 τοῦ
1370 1087 1603 1160 σταυροῦ
1637 1090 1670 1159 η
1706 1089 1878 1160 ἰσχὺς,
1913 1089 2055 1143 πόσα

476 1176 825 1249 κατώρθωσε,
858 1179 998 1232 πόσα
1034 1179 1305 1249 κατορθοῖ,
1339 1180 1458 1245 πῶς
1489 1182 1634 1234 ἐστιν
1665 1180 1938 1250 ἀσφάλεια
1958 1182 2053 1235 τοῦ

476 1267 615 1337 βίου.
646 1267 745 1321 Διά
765 1267 955 1321 τούτου
988 1269 1161 1323 πάντα
1185 1269 1455 1324 τελεῖται·
1490 1270 1775 1342 βάπτισμα
1820 1271 1911 1325 διὰ
1955 1271 2051 1326 τοῦ

475 1361 713 1431 σταυροῦ
768 1361 869 1431 (δεῖ
901 1363 1012 1433 γὰρ
1063 1362 1351 1417 ἀναλαϐεῖν
1388 1362 1487 1434 τὴν
1523 1364 1837 1437 σφραγῖδα)·
1870 1383 2050 1439 χειρο-

472 1452 622 1504 τονία
653 1452 740 1505 διά
787 1451 881 1505 τοῦ
930 1453 1196 1524 σταυροῦ·
1233 1453 1337 1508 κᾶν
1366 1455 1424 1509 ἐν
1448 1454 1587 1519 ὁδοῖς
1623 1451 1793 1527 ὦμεν,
1836 1457 1942 1512 κᾶν
1991 1459 2051 1513 ἐν

471 1543 640 1613 οίκίᾳ,
678 1543 782 1596 κᾶν
833 1545 966 1598 ὅπου
998 1544 1064 1598 ἀν
1095 1562 1248 1612 ποτε,
1303 1544 1447 1615 μέγα
1480 1546 1684 1614 ἀγαθὸν
1715 1548 1744 1599 6
1796 1549 2047 1621 σταυρὸς,

475 1636 744 1706 σωτήριον
771 1637 955 1702 ὅπλον,
982 1637 1150 1700 ἀσπὶς
1180 1636 1411 1709 ἄμαχος,
1456 1638 1535 1708 τῷ
1559 1639 1789 1711 διαϐόλῳ
1818 1640 2048 1695 ἀντίπα-

471 1721 579 1785 λος.
610 1723 799 1795 Τούτῳ
834 1720 928 1778 οὖν
964 1725 1265 1797 ἐχθραίνων
1315 1727 1604 1796 βαστάζεις
1650 1728 1743 1782 τὸν
1794 1731 2047 1802 σταυρὸν,

473 1816 548 1885 μὴ
573 1814 762 1878 ἁπλῶς
792 1816 1247 1888 σφραγιζόμενος,
1281 1818 1419 1872 ἀλλά
1448 1820 1518 1874 τὰ
1553 1818 1648 1872 τοῦ
1680 1822 1914 1893 σταυροῦ
1942 1823 2048 1877 πά-

471 1921 635 1974 σχων.
669 1900 791 1959 Οἵδε
847 1910 1074 1980 σταυρὸν
1099 1911 1127 1962 6
1153 1910 1389 1981 Χριστὸς
1414 1911 1484 1965 τά
1530 1913 1673 1984 πάθη
1722 1914 1919 1983 λέγειν,
1969 1914 2046 1980 ὡς

467 1995 596 2048 ὅταν
620 1996 754 2070 λέγῃ
773 2013 787 2026 ·
836 1998 972 2052 Ἐὰν
1001 1999 1079 2067 μή
1127 2017 1216 2067 τις
1266 2000 1379 2070 ἄρῃ
1411 2003 1517 2057 τὸν
1542 2006 1807 2073 σταυρὸν
1835 2006 2043 2071 αὐτοῦ,

469 2085 567 2138 καί
598 2087 987 2157 ἀκολουθήσῃ
1020 2108 1121 2159 μοι
1143 2106 1156 2120 ·
1196 2094 1492 2160 τουτέστιν,
1516 2096 1613 2150 ἐὰν
1637 2099 1710 2168 μή
1737 2115 1822 2162 τις
1906 2115 2046 2170 παρ-

468 2176 866 2247 εσκευασμένος
895 2179 1030 2249 πρὸς
1064 2179 1312 2238 θάνατον.
1340 2176 1503 2238 Οὗτοι
1547 2186 1604 2239 δὲ
1650 2189 1865 2256 ἀγενεῖς
1888 2189 2044 2254 ὄντες

466 2265 562 2318 καὶ
590 2265 839 2335 φιλόζωοι
875 2270 992 2333 καὶ,
1011 2271 1395 2343 φιλοσώματοι,
1444 2276 1628 2348 ἐχθροὶ
1672 2279 1767 2332 τοῦ
1806 2280 2042 2352 σταυροῦ

464 2358 793 2427 τυγχάνουσι
819 2378 833 2391 ο
864 2361 959 2415 καὶ
986 2366 1115 2428 πᾶς.
1147 2365 1205 2429 6;
1231 2365 1296 2419 ἂν
1386 2367 1486 2439 τῆς
1510 2370 1720 2440 τρυφῆς
1747 2370 1899 2441 φίλος
1949 2373 2043 2426 καὶ

465 2450 564 2520 τῆς
594 2451 828 2507 ἐνταῦθα
861 2454 1179 2523 ἀσφαλείας,
1214 2458 1405 2530 ἐχθρός
1430 2460 1547 2513 ἐστι
1572 2461 1666 2515 τοῦ
1696 2464 1953 2535 σταυροῦ,
1984 2466 2043 2518 ἐν

464 2537 509 2609 ᾧ
542 2543 754 2609 Παῦλος
782 2549 1052 2618 καυχᾶται
1077 2549 1172 2603 καὶ
1210 2551 1620 2622 περιπλέκεται,
1659 2547 1705 2623 ᾧ
1751 2556 2042 2623 σπουδάζει

468 2637 915 2709 συνουσιωθῆναι,
972 2639 1048 2704 ώς
1097 2642 1227 2695 ὅταν
1259 2642 1427 2716 λέγῃ·
1476 2646 1623 2714 Ἐγὼ
1664 2646 2041 2719 ἑσταύρωμαι

462 2726 545 2793 τῷ
575 2731 802 2798 κόσμῳ,
838 2731 938 2784 καὶ
990 2734 1025 2786 ό
1075 2735 1305 2804 κόσμος
1338 2736 1488 2805 ἐμοί.
1514 2737 1629 2792 Νῦν
1657 2739 1715 2793 δέ
1748 2758 1902 2812 φησι,
1929 2743 2040 2797 Καὶ

463 2820 689 2873 κλαίων
723 2822 895 2891 λέγω.
924 2823 1023 2877 Διά
1052 2824 1140 2892 τί;
1175 2826 1298 2881 Ὅτι
1336 2828 1574 2884 ἐπέτεινε
1625 2831 1688 2884 τὸ
1731 2834 1918 2901 κακὸν,
1957 2837 2039 2890 ὃτι

461 2908 715 2981 δακρύων
747 2912 885 2977 ἄξιοι
916 2915 965 2967 οἱ
994 2915 1247 2972 τοιοῦτοι.
1289 2919 1500 2984 Ὄντως
1528 2920 1780 2993 δακρύων
1812 2924 1951 2989 ἄξιοι
1989 2928 2037 2980 οἱ

462 3002 794 3070 τρυφῶντες,
830 3005 893 3057 τὸ
924 3004 1026 3076 μὲν
1070 3008 1437 3078 περιϐόλαιον,
1480 3012 1749 3079 τουτέστι,
1780 3015 1841 3069 τὸ
1880 3018 2040 3087 σῶμα

462 3088 822 3159 λιπαίνοντες,
848 3094 947 3163 τῆς
992 3095 1049 3149 δὲ
1085 3097 1386 3169 μελλούσης
1439 3102 1667 3166 εὐθύνας
1711 3105 1910 3159 διδόναι
1944 3108 2037 3160 οὑ-

459 3180 587 3235 δένα
618 3183 928 3254 ποιούμενοι
977 3186 1153 3260 λόγον.
1198 3190 1329 3244 Ἰδοὺ
1371 3192 1602 3264 τρυφᾷς,
1634 3194 1742 3249 ἰδοὺ
1786 3197 2028 3267 μεθύεις,

464 3274 704 3344 σήμερον
753 3274 848 3328 καὶ
896 3274 1105 3347 αὔριον,
1142 3280 1236 3332 καὶ
1287 3279 1421 3335 δέκα
1446 3283 1541 3354 ἐτη
1593 3285 1686 3337 καὶ⁵
1736 3285 1908 3340 εἴκοσι
1942 3289 2037 3342 καὶ

460 3364 752 3432 τριάκοντα
791 3366 884 3417 καὶ
914 3367 1253 3436 πεντήκοντα
1300 3370 1394 3423 καὶ⁵
1427 3370 1643 3436 ἑκατὸν,
1677 3373 1810 3446 ὅπερ
1839 3376 2034 3431 ἀδύνα-

460 3471 587 3509 τον·
625 3455 765 3528 πλὴν
793 3456 928 3519 ἀλλ’,
981 3459 1030 3511 εἰ
1081 3458 1281 3528 βούλει,
1316 3459 1532 3533 θῶμεν·
1567 3463 1621 3517 τί
1656 3465 1718 3517 τὸ
1750 3466 1954 3538 πέρας;
1982 3469 2034 3523 τί

460 3545 523 3599 τὸ
560 3547 781 3619 κέρδος;
836 3549 1023 3603 Οὐδέν.
1053 3550 1126 3604 Τὸ
1169 3547 1262 3606 οῦν
1305 3552 1545 3607 τοιοῦτον
1589 3555 1702 3626 βίον
1737 3555 1835 3630 ζῇν
1855 3560 1914 3612 06
1943 3560 2036 3613 δα-

462 3638 644 3710 κρύων
667 3641 815 3706 ἀξιον
838 3642 933 3694 καὶ
970 3640 1184 3714 θρήνων
1209 3662 1223 3709 ;
1253 3646 1498 3716 Ἦγαγεν
1531 3648 1679 3719 ἡμᾶς
1707 3651 1787 3713 εἰς
1812 3651 1874 3703 τὸ
1910 3653 2037 3707 στά-

460 3730 572 3782 διον
607 3730 757 3783 τοῦτο
784 3733 812 3786 6
840 3731 992 3798 Θεὸς,
1036 3734 1122 3788 ἵνα
1149 3736 1491 3811 στεφανώσῃ,
1520 3742 1614 3795 καὶ
1646 3742 1807 3812 ἡμεῖς
1830 3744 2032 3814 ἄπιμεν

464 3820 632 3889 μηδὲν
660 3823 1024 3895 ἐργασάμενοι
1051 3830 1524 3894 γενναῖον.Κλαίει
1551 3832 1730 3887 τοίνυν
1764 3835 1792 3886 6
1824 3837 2035 3901 Παῦλος

462 3913 545 3979 ἐφ’
574 3907 654 3975 οἷς
680 3913 856 3984 ἕτεροι
913 3915 1112 3984 γελῶσι
1157 3920 1251 3972 καὶ
1296 3922 1642 3978 σπαταλῶσιν
1662 3943 1676 3957 ⁸
1716 3925 1888 3991 οῦτως
1917 3929 2034 3983 ἐστὶ

463 4004 898 4073 συμπαοητικὸς,
946 4005 1089 4061 οὓτω
1129 4011 1408 4081 φροντίζει
1443 4014 1659 4069 πάντων
1705 4017 2029 4087 ἀνθρώπων.

461 4086 575 4146 Ὠν
612 4094 643 4147 6
683 4094 840 4162 θεὸς,
873 4097 1059 4167 φησὶν,
1105 4099 1144 4167 ἠ
1201 4104 1419 4158 κοιλία.
1448 4106 1548 4160 Διά
1576 4107 1737 4162 τοῦτό
1765 4086 1880 4164 ἐστι
1911 4112 2033 4177 θεὸς

459 4187 671 4251 αὐτοῖς·
707 4186 866 4240 τοῦτό
917 4190 1056 4254 ἐστι,
1105 4190 1388 4262 Φάγωμεν
1434 4197 1531 4251 καὶ
1578 4200 1827 4269 πίωμεν.
1866 4203 2032 4275 Ὀρᾷς

457 4275 581 4331 ὅσον
618 4277 652 4347 ή
673 4278 852 4348 τρυφὴ
877 4278 1079 4341 κακόν;
1137 4283 1250 4346 τοῖς
1281 4282 1380 4352 μὲν
1405 4284 1475 4337 τὰ
1496 4288 1780 4358 χρήματα,
1828 4292 1941 4355 τοῖς
1972 4292 2032 4345 δὲ

457 4372 492 4445 ή
525 4370 705 4423 κοιλία
740 4372 768 4424 6
811 4370 949 4435 θεός.
1005 4372 1143 4443 Οὐχὶ
1188 4374 1568 4448 εἰδωλολάτραι
1610 4380 1704 4432 καὶ
1733 4372 1899 4445 οὗτοι,
1936 4383 2033 4436 καὶ

460 4466 681 4519 ἐκείνων
697 4466 911 4539 χείρους
934 4487 949 4534 ;
982 4470 1089 4522 Καὶ
1117 4470 1156 4538 ἡ
1179 4471 1349 4537 δόξα,
1380 4473 1650 4544 φησὶν,ἐν
1668 4474 1743 4545 τῇ
1768 4478 2031 4549 αἰσχύνῃ

457 4558 676 4613 αὐτῶν.
706 4559 859 4622 Τινὲς
888 4558 986 4631 τὴν
1014 4565 1313 4632 περιτομήν
1335 4580 1465 4633 φασι
1496 4564 1691 4636 δηλοῦν
1709 4566 1798 4621 διὰ
1815 4568 2030 4622 τούτου·

459 4647 570 4718 ἐγὼ
598 4649 655 4702 δὲ
686 4650 749 4702 06
780 4649 940 4704 10616
996 4668 1161 4722 φημι,
1198 4653 1335 4709 άλλά
1364 4654 1523 4709 τοῦτό
1576 4659 1724 4713 ἐστιν
1744 4675 1759 4691 °
1794 4660 1914 4730 Ἐφ’
1948 4657 2032 4725 οἷς

458 4741 567 4793 ἔδει
600 4742 1059 4809 ἐγκαλύπτεσθαι,
1087 4746 1180 4798 ἐπὶ
1220 4746 1429 4812 τούτοις
1463 4749 1838 4820 σεμνύνονται.
1862 4754 2032 4808 Τοῦτό

458 4833 606 4885 ἐστιν
655 4834 685 4886 ὅ
732 4851 898 4904 φησιν
945 4835 1178 4907 ἀλλαχοῦ
1204 4854 1217 4867 ⁶
1264 4839 1403 4895 Τίνα
1436 4836 1552 4896 οὖν
1584 4846 1809 4912 μισθὸν
1836 4847 2031 4917 εἴχετε

460 4924 609 4987 τότε,
642 4925 735 4994 ἐφ’
764 4921 854 4992 οἷς
884 4925 1002 4980 νῦν
1039 4928 1517 4998 ἑπαισχύνεσθε;
1563 4936 1745 4989 Δεινὸν
1781 4938 1882 5007 μὲν
1922 4940 2030 5011 γὰρ

456 5017 518 5069 τὸ
547 5018 751 5089 αἰσχρὰ
796 5020 1080 5090 πράττειν,
1118 5024 1178 5077 τὸ
1222 5024 1279 5078 δὲ
1309 5026 1614 5098 πράττοντα
1651 5030 2028 5100 αἰσχύνεσθαι,

457 5108 517 5173 ἐξ
548 5109 805 5177 ἡμισείας
837 5112 955 5165 ἐστὶ
974 5112 1181 5168 δεινόν’
1223 5117 1354 5170 ὅταν
1385 5118 1566 5188 μέντοι
1592 5136 1677 5183 τις
1709 5121 1805 5174 καὶ
1827 5122 2029 5192 ἐγκαλ-

456 5193 781 5266 λωπίζηται,
816 5199 1088 5273 ὑπερϐολὴ
1138 5204 1514 5276 ἀναισθησίας.
1545 5204 1693 5281 Ἀρα
1720 5213 1848 5282 περὶ
1881 5213 2029 5267 ὲκεί-

457 5305 563 5340 νων
594 5289 753 5358 μόνον
784 5290 955 5345 ταῦτα
990 5292 1228 5364 εἴρηται,
1272 5296 1323 5349 οἱ
1366 5297 1423 5350 δὲ
1458 5300 1727 5370 παρόντες
1764 5305 1901 5374 ἡμῖν
1945 5307 2030 5359 ἐν-

456 5378 629 5432 ταῦθα
658 5380 917 5451 ἐξέφυγον
944 5384 1006 5437 τὸ
1030 5385 1315 5457 ἐγκλημα;
1352 5390 1445 5443 καί
1483 5393 1657 5457 οὐδείς
1681 5396 1828 5448 ἐστιν
1858 5396 2027 5450 ὑπεύ-

457 5469 615 5536 θυνος
646 5473 852 5545 τούτῳ;
884 5477 1005 5531 οὑδὲ
1033 5478 1164 5533 Θεὸν
1193 5479 1305 5551 ἔχει
1336 5482 1436 5554 τὴν
1460 5485 1695 5554 κοιλίαν;
1757 5489 1878 5542 οὐδὲ
1929 5490 2027 5563 τὴν

454 5558 612 5624 δόξαν
656 5563 714 5616 ὲν
760 5568 825 5636 τῇ
879 5568 1140 5640 αἰσχύνῃ;
1170 5570 1461 5641 Βούλομαι,
1503 5573 1651 5649 [299]
1683 5580 1777 5633 καὶ
1822 5558 2029 5656 σφόδρα

457 5650 716 5725 βούλομαι
746 5659 912 5730 μηδὲν
936 5663 1140 5717 τούτων
1167 5659 1307 5719 εἶναι
1340 5668 1478 5739 πρὸς
1506 5669 1677 5740 ἡμᾶς,
1714 5673 1848 5744 μηδὲ
1871 5650 2026 5728 εἰδέ-

456 5759 543 5795 ναι
572 5747 689 5799 τινὰ
718 5748 899 5819 ἔνοχον
924 5755 1036 5818 τοῖς
1058 5753 1369 5827 λεγομένοις
1390 5774 1403 5788 ο
1434 5758 1646 5813 δέδοικα
1674 5759 1732 5813 δὲ
1777 5762 1852 5833 μὴ
1891 5763 2027 5833 πρὸς

2158 801 2481 874 λεχθήσεται
2500 822 2515 872 ;

2231 894 2477 965 β’.οὑδὲν
2511 898 3003 972 ἐντρεπτικώτερον
3034 904 3133 972 τῆς
3161 901 3379 968 λέξεως,
3413 905 3567 958 οὐδὲν
3594 904 3729 977 πλη-

2158 986 2389 1041 κτικώτε
2398 1005 2508 1059 ρον,
2530 981 2645 1045 Ὧν
2667 994 2700 1045 ό
2719 992 2873 1057 θεὸς,
2897 993 3080 1062 φησὶν,
3108 994 3146 1061 ἡ
3168 996 3386 1059 κοιλία,
3404 997 3500 1051 καὶ
3522 999 3560 1065 ἡ
3578 997 3730 1063 δόξα

2156 1077 2227 1132 ἐν
2263 1077 2340 1148 τῇ
2376 1082 2641 1150 αἰσχύνῃ
2681 1082 2898 1138 αὐτῶν.
2930 1082 3085 1147 Τίνες
3113 1076 3260 1138 οῦτοί
3304 1086 3474 1153 εἰσιν;
3509 1090 3575 1141 Ol
3604 1089 3729 1141 ἐπί-

2155 1186 2284 1240 γεια
2326 1173 2713 1241 φρονοῦντες,
2744 1176 2792 1227 οἰ
2828 1174 3105 1244 λέγοντες·
3146 1177 3603 1249 Οἰκοδομήσωμεν
3641 1182 3720 1233 οἰ-

2154 1262 2300 1325 κίας.
2333 1263 2479 1330 Ποῦ;
2531 1266 2619 1318 Ἐν
2643 1268 2708 1338 τῇ
2737 1268 2830 1339 γῇ,
2854 1269 2987 1339 φησί
3012 1287 3026 1300 ο
3059 1268 3391 1340 κτησώμεθα
3419 1271 3640 1340 ἀγροὺς,
3668 1272 3727 1323 ἐν

2152 1356 2221 1425 τῇ
2254 1357 2324 1426 γῇ
2355 1355 2519 1410 πάλιν
2542 1372 2556 1385 ·
2599 1357 2943 1430 ἐπιτύχωμεν
2991 1360 3189 1431 ἀρχῆς,
3219 1359 3383 1414 πάλιν
3407 1362 3465 1413 ἐν
3511 1364 3577 1432 τῇ
3619 1364 3719 1433 γῇ·

2153 1445 2405 1518 τύχωμεν
2437 1447 2617 1521 δόξης,
2675 1451 2839 1504 πάλιν
2890 1453 2947 1505 ἐν
3006 1455 3070 1522 τῇ
3129 1455 3235 1523 γῇ·
3310 1452 3721 1523 πλουτήσωμεν,

2152 1542 2331 1594 πάντα
2359 1543 2417 1595 ἐν
2443 1544 2510 1613 τῇ
2544 1545 2637 1614 γῇ.
2691 1538 2853 1599 Οὗτοί
2885 1546 3023 1599 εἰσιν
3050 1538 3126 1598 ὧν
3149 1548 3178 1599 6
3202 1544 3323 1608 θεὸς
3350 1546 3384 1616 ὴ
3418 1544 3616 1598 κοιλία.
3658 1546 3721 1598 OE

2150 1632 2258 1704 γάρ
2288 1633 2455 1703 μηδὲν
2510 1637 2877 1707 πνευματικὸν
2928 1637 3271 1708 φρονοῦντες,
3318 1636 3434 1691 ἀλλ’
3489 1636 3721 1692 ἐνταῦθα

2150 1725 2330 1779 πάντα
2356 1726 2704 1797 κεκτημένοι,
2743 1728 2837 1780 καὶ
2884 1728 3057 1781 ταῦτα
3102 1726 3447 1799 φρονοῦντες,
3500 1729 3725 1791 εἰκότως

2148 1816 2248 1886 τὴν
2302 1815 2508 1871 κοιλίαν
2557 1816 2675 1870 θεὸν
2718 1818 2921 1887 ἔχουσι,
2975 1818 3248 1887 λέγοντες,
3303 1817 3587 1887 Φιὶγωμεν
3625 1818 3724 1871 καί

2147 1905 2409 1974 πίωμενο
2458 1906 2672 1975 αὔριον
2696 1909 2806 1978 γὰρ
2839 1907 3324 1977 ἀποθνήσκομεν.
3357 1903 3490 1960 Εἰτα
3520 1906 3584 1959 σὺ
3627 1908 3724 1977 μὲν

2148 1997 2277 2066 περὶ
2304 1995 2399 2049 τοῦ
2451 1996 2703 2069 σώματος
2731 1999 2937 2067 ἀλγεῖς,
2990 2000 3072 2053 ὅτι
3128 1998 3314 2069 γήῖνόν
3357 2000 3494 2062 ἐστι,
3545 1997 3723 2051 καίτοι

2146 2086 2308 2140 τοῦτό
2334 2104 2393 2140 σε
2421 2087 2574 2141 οὐδὲν
2614 2088 2997 2159 παραϐλάπτει
3038 2091 3117 2153 εἰς
3157 2090 3357 2161 ἀρετῆς
3389 2089 3544 2157 λόγον
3565 2105 3579 2120 °
3622 2088 3725 2161 τὴν

2146 2175 2207 2229 δὲ
2231 2176 2410 2249 ψυχὴν
2465 2180 2547 2241 εἰς
2600 2178 2703 2248 γῆν
2734 2177 3030 2232 κατασπῶν
3052 2181 3116 2249 τῇ
3150 2181 3349 2249 τρυφῇ,
3385 2180 3478 2231 καὶ
3518 2178 3723 2249 μηδένα

2145 2265 2303 2333 λόγον
2327 2266 2517 2321 τούτου
2543 2268 2733 2335 ποιῶν,
2754 2269 2936 2341 γελᾷς,
2959 2269 3079 2323 εἰπέ
3114 2287 3225 2339 μοι,
3255 2270 3346 2322 καὶ
3371 2269 3717 2339 διακέχυσαι;

2146 2358 2241 2411 καὶ
2272 2358 2433 2423 ποίας
2461 2358 2627 2431 τεύξῃ
2655 2359 2985 2430 συγγνώμης
3008 2360 3350 2429 διακείμενος
3376 2360 3718 2430 ἀναλγήτως,

2144 2449 2262 2504 δέον
2282 2450 2378 2504 καὶ
2408 2450 2470 2503 τὸ
2504 2450 2665 2522 σῶμα
2690 2450 2917 2521 ποιῆσαι
2945 2451 3348 2522 πνευματικόν;
3384 2452 3561 2515 ἔξεστι
3588 2451 3717 2522 γὰρ,

2143 2541 2209 2596 ἂν
2240 2542 2419 2614 θέλῃς.
2446 2542 2666 2596 Κοιλίαν
2699 2542 2909 2610 ἔλαϐες,
2958 2543 3048 2597 ἵνα
3091 2543 3320 2615 τρέφῃς,
3349 2543 3448 2613 οὐχ
3484 2542 3571 2597 ἵνα
3601 2542 3719 2596 δια-

2146 2636 2287 2705 σπᾷς
2306 2651 2319 2665 ·
2366 2634 2455 2689 ἵνα
2486 2637 2698 2708 κρατῇς
2751 2634 2942 2706 αὐτῆς,
2975 2634 3073 2704 οὐχ
3113 2635 3201 2687 ἵνα
3233 2634 3519 2688 δέσποιναν
3545 2634 3677 2708 ἔχῃς
3699 2650 3718 2667 ο

2143 2725 2232 2777 ἵνα
2267 2742 2350 2778 σοι
2374 2724 2624 2797 ὑπηρετῇ
2655 2725 2792 2797 πρὸς
2822 2726 2921 2795 τὴν
2948 2730 3059 2779 τῶν
3105 2724 3309 2778 λοιπῶν
3361 2726 3563 2796 μορίων
3602 2726 3719 2779 δια-

2143 2816 2371 2888 τροφὴν,
2400 2818 2499 2889 οὑχ
2556 2819 2646 2871 ἴνα
2696 2820 2761 2872 σὺ
2791 2818 2929 2890 αὐτῇ
2961 2819 3266 2889 ὑπηρετῇς,
3302 2819 3401 2889 οὐχ
3455 2818 3547 2872 ἵνα
3594 2819 3720 2881 τοὺς

2141 2910 2303 2981 ὄρους
2331 2910 2609 2983 ἐκϐαίνῃς.
2646 2910 2720 2963 (δὺ
2752 2909 2993 2964 τοσαῦτα
3018 2911 3164 2963 κακά
3202 2910 3499 2979 ἐργάζεται
3535 2910 3570 2979 ἡ
3623 2907 3720 2963 θά-

2140 2998 2316 3052 λασσα
2363 3000 2492 3062 τοὺς
2533 3000 2693 3072 ὅρους
2733 2997 3156 3069 ὑπερϐαίνουσα,
3206 2999 3305 3052 ὃσα
3335 3000 3369 3068 ἡ
3414 2997 3627 3067 γαστὴρ
3656 2995 3719 3050 16

2128 3078 2304 3160 ’σῶμα
2322 3091 2385 3145 τὸ
2413 3090 2683 3163 ἡμέτερον
2724 3090 2863 3162 μετά
2901 3090 2999 3163 τῆς
3024 3090 3237 3161 ψυχῆς·
3272 3092 3454 3144 πᾶσαν
3490 3087 3716 3143 ἐπικλύ-

2141 3179 2224 3244 ζει
2254 3180 2354 3250 τὴν
2398 3179 2722 3251 οἰκουμένην
2746 3179 2951 3251 ἐκείνη,
2982 3179 3078 3234 καὶ
3105 3177 3247 3250 αὕτη
3274 3181 3418 3232 ἆπαν
3446 3177 3509 3230 τὸ
3534 3178 3711 3248 σῶμα.

2139 3272 2240 3335 Θὲς
2269 3272 2404 3343 αὐτῇ
2439 3273 2564 3344 ὅρον
2596 3272 2692 3345 τὴν
2721 3272 3071 3343 αὐτάρκειαν,
3094 3271 3276 3336 καθὼς
3300 3271 3431 3334 Θεὸς
3460 3269 3612 3323 ἔθετο
3644 3271 3712 3340 τῇ

2141 3361 2383 3435 θαλάσσῃ
2434 3364 2534 3436 τὴν
2584 3363 2803 3436 ἄμμον*
2840 3364 2945 3419 κᾶν
2982 3365 3246 3437 κυμαίνῃ,
3297 3364 3400 3418 κᾶν
3436 3360 3713 3435 ἀγριαίνῃ,

2139 3456 2370 3525 ἐπιτίμα
2398 3457 2537 3527 αὐτῇ
2567 3459 2634 3528 τῇ
2662 3456 2892 3527 δυνάμει
2920 3457 2985 3527 τῇ
3016 3454 3152 3528 οὔσῃ
3176 3458 3235 3510 ἐν
3270 3456 3372 3510 σοί.
3410 3455 3552 3525 Ὅρα
3599 3452 3716 3513 πῶς

2139 3547 2284 3620 λόγῳ
2310 3567 2369 3602 σε
2409 3550 2672 3621 ἐτίμησεν
2696 3550 2725 3601 6
2753 3549 2906 3614 Θεὸς,
2944 3550 3033 3603 ἵνα
3066 3550 3227 3603 αὑτὸν
3266 3546 3404 3620 μιμῇ
3430 3564 3444 3578 ⁸
3475 3548 3540 3601 σὺ
3568 3546 3626 3598 δὲ
3654 3543 3716 3598 οὗ

2139 3638 2337 3704 θέλεις,
2366 3638 2479 3694 ἀλλ’
2507 3640 2648 3711 ὁρῶν
2692 3639 2864 3712 αὐτὴν
2901 3639 3368 3710 ὑπερϐλύζουσαν,
3403 3636 3498 3689 καὶ
3531 3636 3717 3689 πᾶσαν

2138 3730 2557 3802 διαφθείρουσαν
2587 3731 2687 3803 τὴν
2719 3729 2903 3799 φύσιν,
2940 3730 3037 3784 καὶ
3065 3728 3449 3797 λιμνάζουσαν,
3481 3726 3542 3778 06
3590 3726 3715 3778 τολ-

2142 3824 2248 3893 μᾷς
2287 3824 2584 3892 κατασχεῖν
2612 3822 2733 3875 οὐδὲ
2760 3822 3114 3893 σωφρονίσαι.
3144 3814 3258 3873 ’Ὧν
3280 3822 3312 3873 ὀ
3340 3817 3493 3883 θεὸς,
3524 3819 3710 3887 φησὶν,

2137 3915 2177 3982 ἡ
2214 3915 2431 3968 κοιλία.
2454 3914 2686 3985 Ἷδωμεν
2723 3914 2841 3977 πῶς
2873 3912 3083 3975 Παῦλος
3116 3910 3397 3964 ἐδούλευσε
3428 3911 3505 3980 τῷ
3552 3910 3669 3980 Θεῷ
3694 3927 3708 3939 ·

2141 4008 2336 4078 ἴδωμεν
2392 4008 2509 4072 πῶς
2556 4009 2651 4061 καὶ
2695 4009 2743 4060 οἱ
2783 4006 3187 4076 γαστρίμαργοι
3234 4006 3300 4075 τῇ
3348 4002 3543 4073 κοιλίᾳ.
3578 4002 3714 4074 Οὐχὶ

2141 4098 2372 4170 μυρίους
2404 4098 2766 4167 ὑπομένουσιν
2792 4092 2934 4151 οὗτοι
2969 4096 3230 4159 θανάτους
3254 4113 3269 4161 ;
3297 4097 3417 4165 οὐχ,
3455 4098 3599 4167 ἂπερ
3646 4096 3714 4150 ἂν

2137 4190 2471 4260 προστάττῃ,
2503 4189 2773 4243 δεδοίκασι
2801 4187 3146 4259 παρακοῦσαι
3172 4204 3187 4253 ;
3228 4189 3347 4259 οὐχὶ
3375 4188 3444 4241 τά
3477 4187 3712 4241 ἀδύνατα

2136 4282 2505 4335 διακονοῦνται
2541 4281 2716 4352 αὐτῇς
2748 4281 2881 4351 Οὐχὶ
2918 4280 3266 4351 ἀνδραπόδων
3289 4281 3503 4351 χείρους
3536 4279 3710 4339 εἰσίν;

2148 4373 2287 4426 Ἀλλ’
2318 4374 2417 4444 οὐχ
2444 4375 2471 4426 6
2494 4372 2703 4436 Παῦλος
2726 4373 2968 4437 τοιοῦτος
2991 4389 3005 4404 ’
3036 4372 3118 4426 διὸ
3151 4373 3244 4427 καί
3278 4373 3483 4441 ἔλεγεν,
3525 4371 3713 4441 Ἠμῶν

2135 4463 2205 4517 δὲ
2232 4464 2298 4518 16
2335 4466 2668 4535 πολίτευμα
2697 4465 2766 4518 ἐν
2793 4464 3027 4533 οὐρανῷ
3068 4464 3343 4534 ὑπάρχει.
3394 4467 3486 4535 Μὴ
3533 4464 3711 4517 τοίνυν

2140 4557 2275 4627 μηδὲ
2320 4559 2480 4627 ἡμεῖς
2510 4557 2746 4612 ἐνταῦθα
2772 4556 3023 4629 ζητῶμεν
3056 4558 3242 4612 ἄνεσιν
3265 4574 3278 4588 ·
3325 4560 3441 4611 ἐκεῖ
3472 4558 3712 4628 θελήσω-

2138 4667 2239 4721 μεν
2266 4649 2519 4719 γενέσθαι
2570 4650 2835 4721 λαμπροὶ,
2863 4649 2992 4703 ἔνθα
3033 4652 3128 4704 καὶ
3161 4649 3575 4719 πολιτευόμεθα.
3615 4649 3710 4711 Ἐξ

2134 4737 2207 4796 οὗ
2264 4741 2362 4794 καὶ
2415 4739 2659 4809 Σωτῆρα
2682 4782 2697 4805 ,
2758 4741 2945 4811 φησὶν,
2996 4741 3447 4812 ἀπεκδεχόμεθα
3491 4742 3710 4807 Κύριον

2144 4834 2402 4902 Ἰησοῦν,
2436 4833 2503 4899 ὃς
2525 4836 3036 4903 μετασχηματίσει
3074 4832 3143 4887 16
3172 4834 3342 4903 σῶμα
3373 4832 3484 4902 τῆς
3511 4848 3709 4885 ταπει-

2132 4927 2375 4993 νώσεως
2409 4925 2579 4995 ἡμῶν
2619 4928 2709 4991 εἰς
2735 4927 2803 4979 16
2834 4926 3117 4996 γενέσθαι
3162 4925 3308 4980 αὐτὸ
3352 4926 3709 4995 σύμμορφον

2132 5018 2214 5085 τῷ
2242 5020 2468 5088 σώματι
2494 5019 2605 5087 τῆς
2651 5018 2839 5085 δόξης
2874 5017 3022 5091 [500]
3054 5017 3261 5072 αὑτοῦ.
3323 5015 3480 5069 Κατά
3513 5013 3709 5084 μικρὸν

2133 5111 2408 5181 ἀνήγαγεν
2444 5112 2625 5181 ἡμᾶς·
2686 5111 2782 5164 ἀπ’
2820 5110 3078 5181 ούρανοῦ,
3129 5109 3313 5179 φησὶν,
3361 5109 3389 5160 6
3438 5104 3708 5175 ἡμέτερος

2131 5205 2284 5274 Σωτή
2292 5222 2324 5275 ρ
2346 5221 2361 5235 ⁸
2392 5205 2500 5258 ἀπὸ
2524 5203 2618 5257 τοῦ
2638 5204 2827 5269 τόπου,
2859 5204 2968 5258 ἀπὸ
2992 5203 3085 5256 τοῦ
3111 5200 3403 5272 προσώπου
3428 5199 3488 5252 16
3512 5198 3709 5268 σεμνὸν

2130 5298 2363 5362 δεικνύς.
2397 5302 2503 5365 ’⁸ος
2523 5299 3039 5368 μετασχηματίσει
3072 5297 3140 5350 16
3169 5295 3362 5364 σῶμα,
3394 5294 3549 5364 φησί,
3596 5293 3707 5358 τῆς

2129 5390 2543 5456 ταπεινώσεως
2564 5389 2753 5460 ἡμῶν.
2790 5388 2967 5442 Πολλά
2992 5388 3190 5458 πάσχει
3218 5386 3314 5439 νῦν
3341 5386 3403 5439 τὸ
3427 5385 3701 5456 ἡμέτερον

2133 5485 2314 5556 σῶμα,
2341 5485 2639 5554 δεσμεῖται,
2678 5482 3018 5555 μαστίζεται,
3072 5479 3240 5551 μυρία
3273 5479 3469 5547 πάσχει
3517 5476 3700 5529 δεινά·

2131 5580 2266 5635 ἀλλά
2299 5580 2395 5633 καὶ
2426 5579 2489 5631 16
2539 5578 2635 5632 τοῦ
2691 5575 2929 5647 Χριστοῦ
2977 5573 3215 5628 τοσαῦτα
3280 5572 3472 5625 ἔπαθε.
3532 5570 3705 5623 Τοῦτο

2129 5671 2261 5741 γοῦν
2289 5672 2510 5742 ᾐνίξατο
2546 5669 2739 5733 εἰπὼν,
2800 5671 2905 5735 Εἰς
2955 5666 3025 5721 τὸ
3060 5664 3338 5735 γενέσθαι
3370 5663 3519 5718 αὐτὸ
3549 5664 3703 5732 σύμ-

2124 5782 2357 5834 μορφον
2415 5762 2493 5829 τῷ
2542 5761 2766 5833 σώματι
2821 5758 2933 5830 τῆς
2983 5757 3169 5828 δόξης
3219 5756 3427 5813 αὑτοῦ.
3470 5756 3612 5824 Ἄρα
3646 5752 3705 5809 τὸ
