4108 6410
414 270 517 322 977

414 384 635 442 modum
685 394 795 434 non
844 384 1032 447 potes,
1083 371 1294 428 imitare
1334 371 1438 425 alia
1478 371 1683 424 ratione
1711 369 1994 423 Dominum

416 488 567 533 tuum
598 491 612 526 :
642 472 757 542 ipse
784 480 836 523 te
864 465 1115 534 crueifige
1136 505 1150 527 ,
1180 462 1389 517 etiamsi
1422 477 1581 514 nemo
1610 473 1661 514 te
1689 460 1995 526 crttciligat;

411 565 663 634 cruciﬁge
693 572 763 621 te,
790 560 1028 627 inquam,
1053 570 1158 607 non
1189 564 1245 606 ut
1276 554 1388 620 ipse
1422 562 1471 605 te
1503 552 1801 614 interimas,
1832 549 1993 612 ahsit;

413 656 635 727 impium
683 650 825 705 enim
866 656 984 708 est;
1035 644 1128 699 sed
1179 652 1336 713 prout
1364 642 1557 695 Paulus
1588 641 1814 704 dicebat,
1864 639 1997 692 Mihi

409 753 584 813 enim,
620 750 822 817 inquit,
869 746 1089 801 mundus
1128 745 1401 811 cruci/imus
1447 751 1518 794 est
1540 780 1556 805 ,
1585 750 1631 793 ct
1660 755 1751 809 ego
1779 736 1968 790 mundo

410 843 553 915 (Gal.
579 842 631 898 6.
666 841 774 913 Η).

481 939 657 994 Crucis
703 940 902 1009 signant
949 937 999 989 in
1053 935 1302 1002 baptismo
1342 943 1388 987 et
1427 934 1481 986 in
1511 948 1755 985 ntanuum
1785 929 1994 999 imposi-

407 1033 562 1086 t‘ione.
586 1060 656 1069 —
684 1029 739 1084 Si
768 1030 1051 1083 Dominum
1084 1037 1231 1081 tuum
1263 1041 1433 1088 amas,
1478 1036 1651 1079 tnnrte
1691 1024 1833 1077 illius
1873 1036 1992 1075 mo-

405 1139 527 1179 rere
558 1141 571 1177 :
602 1121 749 1177 disce
799 1129 996 1190 quanta
1041 1121 1113 1187 sit
1160 1120 1337 1175 crucis
1384 1118 1639 1187 potentia,
1689 1127 1820 1186 quot
1850 1116 1990 1171 bona

403 1216 532 1272 fecit
552 1258 567 1279 ,
595 1225 727 1285 quot
755 1217 912 1268 faciat
937 1256 951 1277 ,
982 1229 1142 1284 quam
1172 1213 1225 1267 in
1259 1221 1373 1267 tuto
1399 1213 1560 1265 vitam
1583 1211 1830 1265 collucet.
1888 1209 1990 1263 Per

406 1307 545 1362 hanc
596 1308 775 1361 omnia
822 1307 1180 1376 perliciuntur
1230 1321 1247 1360 :
1305 1304 1567 1373 baptisma
1621 1318 1715 1372 per
1772 1315 1987 1355 crucem

404 1402 643 1469 (oportet
666 1398 808 1451 enim
838 1397 1082 1465 accipere
1103 1394 1497 1465 signaculum);
1536 1409 1587 1447 ιη
1610 1406 1790 1444 uiuum
1824 1391 1989 1460 impo-

401 1490 529 1546 sitio
550 1505 647 1559 per
666 1504 883 1543 crucem
914 1505 928 1540 :
958 1489 1304 1555 omninoque,
1333 1487 1451 1540 sive
1475 1485 1524 1539 iu
1550 1485 1631 1538 via
1658 1484 1847 1546 simus,
1872 1482 1988 1536 sive

400 1583 569 1647 donli,
604 1584 717 1636 sive
740 1582 825 1635 ubi
856 1582 956 1645 vis,
987 1596 1235 1650 maguum
1268 1580 1464 1633 bonum
1493 1588 1575 1631 est
1599 1592 1751 1639 crux,
1782 1574 1984 1628 saluta-

400 1677 477 1728 ris
505 1683 774 1728 armatura
795 1713 810 1737 ,
843 1671 1063 1742 clypeus
1088 1668 1515 1739 inexpugnabilis
1544 1668 1836 1721 adversans
1865 1666 1983 1719 dia-

401 1766 545 1819 bolo.
593 1764 724 1818 Cum
760 1766 859 1815 hoc
900 1762 1058 1831 igitur
1097 1761 1141 1814 si
1188 1760 1381 1814 bellum
1423 1773 1600 1827 geras,
1639 1767 1763 1810 tunc
1806 1766 1985 1826 gestas

399 1871 637 1915 crucem,
687 1871 791 1907 non
843 1862 1046 1906 tantum
1088 1863 1323 1920 accepto.
1351 1850 1653 1920 signaculo,
1699 1849 1791 1903 sed
1822 1848 1982 1901 etiam

398 1964 519 2015 qua:
548 1946 721 1999 crucis
752 1946 963 2013 propria
991 1954 1114 1998 sunt
1139 1943 1361 1996 subiens
1389 1958 1450 1995 ae
1481 1945 1691 2011 patiens
1746 1941 1983 1995 Consue-

398 2038 476 2091 vit
500 2040 644 2092 enim
674 2038 919 2091 Christus
941 2037 1217 2105 passiones
1242 2035 1457 2088 nomine
1478 2034 1655 2087 crucis
1676 2034 1977 2102 appellare:

400 2141 458 2184 ut
484 2142 603 2185 cum"
634 2130 823 2200 inquit,
860 2129 976 2182 Nisi
995 2129 1107 2197 quis
1138 2129 1282 2181 tollat
1303 2144 1501 2180 crucem
1532 2143 1700 2187 suam,
1732 2137 1777 2179 et
1797 2143 1981 2196 sequa-

396 2231 479 2274 tur
504 2238 581 2274 me
606 2221 816 2290 (Matth.
844 2222 908 2273 lli
943 2219 1035 2291 24)
1058 2237 1072 2284 ;
1099 2219 1149 2273 id
1180 2229 1281 2285 est,
1306 2219 1405 2273 nisi
1434 2219 1551 2286 quis
1576 2230 1723 2272 recte
1749 2232 1807 2271 se
1832 2234 1981 2272 com-

396 2316 664 2383 paraverit
712 2314 777 2367 ad
829 2322 1077 2366 mortem.
1126 2311 1215 2365 Isti
1263 2327 1392 2366 vero
1433 2310 1751 2380 degeneres,
1782 2312 1981 2366 vitaeet

395 2406 637 2474 corporis
684 2415 946 2467 amantes,
988 2403 1228 2472 profecto
1269 2401 1446 2456 crucis
1488 2411 1613 2456 sunt
1644 2402 1841 2456 inimici
1882 2412 1980 2457 :et

396 2498 639 2567 quisquis
665 2497 977 2551 deliciarum
1007 2495 1396 2565 inundanmque
1418 2494 1823 2563 tranquillitatis
1841 2510 1980 2547 ama-

391 2597 480 2642 tor
506 2598 608 2651 est,
638 2587 887 2641 inimicus
915 2597 998 2640 est
1022 2587 1222 2651 crucis,
1253 2586 1305 2639 in
1335 2601 1437 2654 qua
1475 2586 1673 2640 Paulus
1692 2586 1974 2653 gloriatur,

392 2698 550 2750 quam
580 2682 974 2750 complectitur,
999 2681 1085 2735 cui
1117 2681 1303 2733 nititur
1332 2679 1518 2743 inseri,
1542 2678 1688 2749 quod
1729 2679 1816 2733 illa
1848 2694 1975 2734 ver-

393 2776 456 2829 ba
508 2776 777 2841 indicant,
829 2775 938 2845 Ego
977 2776 1253 2841 cruciﬁxus
1292 2790 1402 2827 sum
1431 2773 1656 2839 mundo,
1685 2783 1732 2825 et
1757 2774 1977 2827 mundus

392 2870 536 2921 milii.
568 2869 715 2922 Nunc
746 2883 873 2921 vero
902 2868 974 2920 ait
998 2910 1013 2932 ,
1057 2866 1107 2919 Ν
1116 2882 1212 2919 unc
1239 2876 1405 2919 autem
1431 2876 1476 2919 et
1502 2866 1629 2934 ﬂens
1663 2865 1796 2919 dico.
1828 2865 1977 2919 Cur?

390 2962 654 3030 Quoniam
688 2961 884 3014 malum
911 2961 1100 3021 crevit,
1148 2959 1400 3027 quoniam
1431 2957 1564 3011 tales
1590 2958 1678 3026 qui
1709 2967 1867 3023 sunt,
1921 2957 1974 3011 hi

394 3052 645 3122 lacrymis
675 3052 818 3120 digni
850 3060 994 3104 sunt.
1047 3050 1186 3104 Vere
1229 3049 1480 3120 lacrymis
1526 3048 1673 3120 digni
1723 3060 1847 3104 sunt
1884 3051 1976 3120 qui

393 3145 445 3197 in
485 3144 690 3198 deliciis
732 3144 952 3212 degunt,
996 3153 1050 3196 et
1102 3140 1474 3195 iudmnentum
1527 3141 1762 3210 quidem,
1813 3141 1863 3194 id
1894 3150 1977 3195 est

388 3251 587 3304 corpus
612 3277 624 3298 ,
659 3233 1074 3305 pinguefacinnt,
1110 3234 1270 3287 futuri
1297 3248 1425 3288 vero
1450 3233 1590 3300 quod
1616 3234 1760 3302 ipsos
1787 3243 1972 3289 manet

391 3327 637 3395 supplicii
668 3327 864 3380 nullam
891 3327 1154 3379 rationem
1180 3325 1397 3381 habent.
1427 3324 1553 3379 Esto
1574 3324 1801 3380 delicate
1818 3326 1972 3392 vivis,

390 3428 512 3472 esto
552 3418 676 3470 vino
704 3417 922 3476 mades;
959 3415 1138 3480 hodie,
1171 3430 1323 3481 cras,
1353 3414 1541 3469 decem
1581 3430 1769 3479 annos,
1803 3426 1859 3470 et
1893 3417 1975 3469 vi-

390 3508 524 3578 ginti
548 3517 602 3563 et
631 3508 843 3579 triginta
870 3517 923 3562 et
952 3507 1334 3577 quinquaginta
1360 3517 1414 3561 et
1438 3516 1676 3573 centum,
1704 3507 1845 3577 quod
1865 3508 1977 3578 qui-

389 3600 517 3654 dem
562 3601 674 3653 lieri
718 3600 939 3668 nequit;
973 3614 1191 3660 verum,
1238 3598 1281 3652 si
1328 3598 1443 3659 vis,
1488 3598 1679 3652 demus
1708 3599 1777 3653 ita
1804 3614 1970 3654 esse:

393 3692 514 3756 quis
560 3689 863 3744 terminus?
902 3706 1021 3760 qua:
1068 3689 1311 3746 utilitas?
1360 3689 1535 3744 Nulla.
1593 3690 1775 3744 Talem
1815 3691 1975 3759 igitur

394 3783 557 3836 vitam
613 3784 815 3847 vivere,
870 3798 1047 3837 nonne
1093 3782 1343 3853 lacrymis
1385 3791 1439 3835 et
1478 3782 1725 3837 lamentis
1752 3782 1973 3853 dignum

392 3874 514 3927 est?
543 3874 778 3929 Adduxit
802 3890 899 3929 nos
933 3875 1071 3928 Deus
1102 3875 1154 3928 in
1186 3874 1289 3929 hoc
1319 3873 1553 3929 stadium
1576 3916 1591 3940 ,
1623 3884 1680 3928 ut
1711 3886 1970 3942 coronet,

392 3977 447 4020 et
486 3982 585 4021 nos
619 3967 830 4024 abimus
862 3968 1010 4022 nullo
1038 3968 1298 4037 praeclaro
1337 3967 1482 4022 edito
1533 3966 1811 4024 facinore?
1856 3970 1975 4025 Flet

394 4059 556 4128 igitur
577 4060 790 4125 Paulus,
818 4061 1011 4130 quibus
1038 4060 1107 4115 de
1132 4062 1292 4115 rebus
1318 4060 1410 4115 alii
1436 4060 1609 4116 rident
1638 4077 1802 4133 seque
1826 4063 1975 4118 oble-

393 4161 545 4205 ctant
577 4171 590 4206 :
621 4162 768 4207 tanto
799 4153 1093 4207 alienarum
1126 4153 1485 4206 calamitatum
1514 4168 1680 4209 sensu
1706 4156 1967 4225 tangitur;

394 4244 531 4297 adeo
580 4259 765 4298 omnes
808 4244 1051 4299 homines
1091 4253 1262 4299 curat.
1318 4243 1567 4310 Quorum,
1612 4245 1803 4315 inquit,
1850 4248 1974 4301 deus

394 4344 563 4386 vertier
607 4344 697 4385 est.
734 4334 958 4403 Propter
990 4336 1090 4389 hoc
1113 4344 1196 4389 est
1220 4334 1354 4389 deus
1382 4335 1510 4404 ipsis
1542 4354 1555 4389 :
1587 4336 1686 4391 hoc
1714 4336 1841 4392 illud
1866 4348 1970 4405 est,

396 4422 728 4477 Comedamus
755 4434 801 4477 et
831 4424 1057 4478 bibamus
1089 4426 1164 4494 (l.
1197 4424 1317 4479 Cor.
1352 4427 1441 4481 l5.
1467 4426 1582 4494 52).
1612 4427 1772 4483 Vides
1807 4444 1976 4499 quan-

398 4524 507 4566 tum
537 4515 734 4569 malum
759 4516 864 4570 sint
894 4516 1101 4572 delicia:
1124 4517 1147 4569 Ἰ
1169 4518 1301 4572 Aliis
1330 4518 1545 4587 quidem
1575 4521 1819 4588 pecunia,
1857 4523 1975 4577 aliis

396 4622 527 4660 vero
548 4615 734 4660 venter
784 4607 917 4662 deus
954 4617 1055 4663 est.
1098 4608 1287 4663 Nonne
1315 4610 1369 4663 hi
1400 4610 1558 4663 etiam
1600 4621 1723 4665 sunt
1753 4611 1977 4667 idolola-

397 4707 513 4762 trae,
560 4707 613 4751 et
652 4698 753 4751 illis
775 4699 936 4752 etiam
971 4699 1270 4754 deteriores
1298 4715 1360 4754 ac
1392 4701 1722 4769 nequiores?
1767 4702 1833 4755 Et
1860 4704 1974 4773 glo-

394 4789 494 4855 ria,
525 4790 714 4858 inquit,
755 4790 807 4842 in
830 4791 1126 4859 confusione
1162 4791 1409 4860 ipsorum.
1439 4791 1663 4858 Quidam
1692 4793 1975 4849 circumci-

396 4882 601 4934 sionem
644 4880 725 4932 his
770 4880 947 4934 verbis
973 4880 1261 4950 significari
1290 4882 1475 4935 volunt
1508 4900 1520 4934 :
1553 4898 1653 4952 ego
1683 4894 1862 4939 autem
1897 4888 1971 4940 ita

397 4973 741 5041 interpretor,
771 4988 833 5027 ac
860 4971 904 5028 si
945 4974 1145 5027 dictum
1178 4983 1321 5029 esset
1347 5012 1360 5033 ,
1393 4974 1450 5028 In
1476 4976 1667 5044 quibus
1696 4978 1976 5043 Oportebat

396 5078 489 5118 eos
520 5064 719 5133 pudore
749 5063 979 5118 sulfundi
1008 5080 1170 5133 seque
1199 5065 1486 5132 occultare,
1531 5066 1582 5119 in
1624 5066 1706 5120 his
1747 5082 1805 5122 se
1840 5068 1973 5123 elle-

398 5164 540 5208 runt.
572 5156 681 5209 Hoc
713 5155 839 5209 illud
868 5166 967 5219 est,
997 5155 1139 5225 quod
1166 5155 1289 5209 alibi
1322 5156 1507 5224 inquit,
1542 5157 1701 5224 Quem
1728 5175 1845 5229 ergo
1866 5164 1975 5229 fru-

397 5257 533 5299 ctum
555 5245 800 5300 habuistis
824 5255 942 5299 tunc
966 5247 1017 5299 in
1043 5244 1167 5308 illis,
1211 5246 1265 5299 in
1285 5246 1463 5317 quibus
1508 5265 1641 5301 nunc
1682 5248 1974 5304 erubescitis

400 5336 577 5409 (Rom.
598 5337 653 5392 6.
680 5337 814 5407 21)?
861 5336 1035 5393 Grave
1056 5338 1199 5392 enim
1222 5340 1418 5391 malum
1449 5348 1532 5393 est
1560 5340 1734 5409 turpia
1758 5341 1969 5407 facere;

399 5429 492 5485 sed
519 5429 565 5483 si
590 5439 662 5497 te,
689 5445 812 5484 cum
835 5429 1019 5495 facias,
1048 5430 1263 5499 pudeat,
1294 5430 1446 5499 quasi
1471 5430 1751 5487 dimidium
1776 5434 1973 5489 malum

400 5530 483 5576 est
511 5538 525 5574 :
558 5521 639 5575 sin
666 5522 825 5576 etiam
853 5522 976 5576 inde
1006 5530 1058 5577 te
1077 5520 1293 5586 eﬂ‘eras,
1315 5536 1553 5577 summus
1567 5523 1677 5594 jam
1702 5535 1785 5581 est
1810 5528 1975 5582 animi

400 5621 606 5683 stupor.
631 5613 772 5683 Ergo
801 5613 869 5669 de
894 5614 997 5669 illis
1024 5624 1227 5669 tantum
1260 5614 1374 5670 lucc
1401 5616 1543 5671 dicta
1570 5628 1712 5686 sunt,
1741 5629 1795 5675 et
1818 5636 1976 5677 nemo

401 5717 586 5760 eorum
613 5704 705 5776 qui
733 5703 819 5759 hic
844 5704 1079 5773 adsunt,
1120 5706 1477 5776 objurgationi
1512 5707 1689 5766 locum
1715 5711 1970 5784 reliquit?

717 5808 995 5872 Ρλτιιοι..
1040 5807 1161 5872 Gn.
1206 5806 1397 5872 LXII.

1266 256 1332 312 ΙΝ
1374 255 1590 311 EPIST.
1632 257 1726 310 AD
1767 253 2051 311 PlllLlPP.
2093 253 2245 308 CAP.
2288 255 2375 311 ΙΙΙ.
2419 256 2647 312 HOMIL.
2691 255 2829 311 Xlll.

3586 258 3686 314 278

2109 382 2269 421 nemo
2318 370 2390 423 illi
2415 372 2628 424 crimini
2674 381 2757 425 est
2792 371 3000 425 affinis?
3054 388 3227 443 neque
3254 373 3414 428 deum
3444 384 3693 430 ventrem

2107 454 2301 511 habet?
2343 476 2517 528 neque
2543 461 2769 531 gloriam
2812 462 2865 515 in
2895 461 3247 517 confusione?
3286 464 3477 533 Cupio,
3510 475 3565 520 et
3595 480 3690 519 ve-

2105 543 2384 604 hementer
2429 552 2586 621 cupio
2634 552 2767 607 nihil
2809 553 3069 622 ejusmodi
3109 554 3176 607 ad
3220 570 3320 610 nos
3367 556 3687 624 pertinere:

2103 639 2295 693 vellem
2344 644 2611 698 neminem
2648 660 2829 709 nosse,
2875 647 2960 699 cui
2990 663 3049 700 ea
3079 662 3195 717 quae
3234 647 3371 701 dicta
3404 663 3549 710 sunt,
3578 651 3689 703 cri-

2104 730 2231 782 mini
2270 731 2379 786 dari
2428 746 2684 803 possent;
2732 736 2827 791 sed
2875 736 3031 792 valde
3072 746 3293 804 metuo,
3360 755 3429 794 ne
3482 740 3536 793 in
3586 756 3686 795 nos

2105 821 2296 890 magis,
2326 840 2486 893 quam
2520 827 2571 880 in
2605 825 2721 880 illos
2744 830 3085 883 conveniant.
3120 829 3330 885 Etenim
3358 831 3402 885 si
3424 832 3542 901 quis
3565 846 3687 887 om-

2101 929 2225 968 nem
2265 917 2425 972 vitam
2455 919 2507 972 in
2544 923 2901 989 potationibus
2930 931 2984 977 et
3012 926 3503 977 comessatioiuhus
3541 926 3685 979 insu-

2099 1018 2230 1073 mat,
2258 1019 2313 1063 et
2342 1010 2395 1065 in
2424 1027 2687 1083 pauperes
2713 1015 2926 1085 quidem
2955 1032 3152 1086 paucos
3176 1018 3365 1074 obolos
3390 1019 3685 1088 impendat,

2098 1102 2358 1172 majorem
2398 1122 2529 1161 vero
2568 1123 2727 1177 opum
2776 1119 2978 1180 partem
3026 1112 3077 1165 in
3128 1125 3367 1167 ventrem
3402 1113 3639 1168 eﬂuudat
3672 1132 3687 1180 ;

2100 1213 2277 1253 nonne
2295 1200 2417 1269 jure
2444 1204 2497 1257 in
2529 1205 2690 1260 istum
2719 1211 2877 1262 etiam
2905 1208 3185 1264 dicentur?

2170 1290 2224 1343 9..
2250 1291 2391 1349 Nihil
2418 1295 2500 1349 liis
2529 1296 2705 1351 verbis
2735 1299 2799 1353 ad
2832 1300 3085 1369 pudoretu
3115 1303 3437 1359 eliciendum
3467 1306 3643 1374 aptius
3668 1344 3685 1370 ,

2095 1381 2226 1436 nihil
2258 1384 2324 1438 ad
2354 1385 2739 1458 objurgandum
2768 1390 3138 1447 vehementius
3165 1411 3176 1446 :
3208 1395 3456 1462 Quorum,
3489 1398 3677 1464 inquit,

2094 1474 2215 1528 deus
2252 1488 2421 1531 venter
2458 1491 2530 1533 est
2555 1523 2570 1544 ,
2601 1492 2645 1533 et
2673 1484 2836 1552 gloria
2865 1485 2916 1537 in
2942 1486 3237 1553 confusione
3263 1488 3507 1557 ipsorum.
3545 1490 3677 1557 Qui-

2093 1583 2216 1622 nam
2247 1570 2330 1623 isti
2365 1572 2525 1626 sunt?
2559 1572 2658 1638 Qui
2683 1587 2880 1629 terrena
2907 1578 3132 1645 sapiunt,
3165 1580 3253 1649 qui
3284 1580 3488 1645 dicunt,
3520 1581 3678 1636 ΑΞᾱὶ-

2094 1658 2312 1714 ficemus
2329 1660 2537 1716 domos.
2566 1662 2700 1721 Ubi?
2732 1664 2786 1718 In
2813 1675 2973 1732 terra,
2999 1668 3168 1737 iuqttit
3192 1688 3203 1723 :
3229 1685 3467 1724 eluamus
3489 1688 3675 1741 agros;

2092 1749 2144 1803 in
2188 1759 2327 1805 terra
2373 1768 2585 1809 rursum
2615 1772 2628 1808 :
2656 1755 3015 1825 adipiscamur
3055 1760 3368 1829 imperium,
3400 1779 3586 1817 rursus
3622 1764 3675 1819 in

2092 1850 2229 1897 terra
2258 1862 2270 1897 :
2302 1859 2651 1915 assequamur
2676 1849 2920 1917 gloriam,
2953 1868 3136 1907 rursus
3165 1854 3214 1907 in
3250 1865 3385 1909 terra
3416 1873 3431 1909 :
3463 1858 3676 1914 divitias

2088 1948 2490 2003 comparemus,
2518 1940 2695 1995 omnia
2725 1941 2956 2011 denique
2982 1944 3033 1997 in
3065 1954 3225 1999 terra.
3260 1946 3321 1999 lli
3349 1959 3508 2011 sunt,
3539 1966 3676 2019 quo-

2088 2044 2205 2081 rutn
2246 2029 2377 2084 deus
2412 2042 2599 2087 venter
2635 2047 2738 2088 est.
2779 2036 2878 2101 Qui
2911 2037 3053 2091 enim
3086 2038 3214 2092 nihil
3246 2040 3521 2109 spirituale
3550 2058 3671 2096 cum

2087 2121 2267 2176 animo
2296 2136 2393 2176 suo
2413 2125 2672 2193 cogitant,
2697 2129 2790 2180 sed
2820 2129 2998 2182 omnia
3031 2144 3124 2183 sua
3157 2130 3243 2185 hic
3270 2133 3484 2198 habent,
3512 2144 3674 2204 atque

2087 2210 2203 2265 lucc
2224 2212 2337 2266 sola
2358 2227 2567 2281 curant,
2595 2218 2782 2273 merito
2804 2229 3040 2275 ventrem
3064 2220 3224 2277 deum
3251 2222 3468 2288 habent,
3492 2225 3673 2281 dicen-

2086 2309 2168 2357 tes
2194 2320 2205 2355 :
2241 2303 2573 2361 Comedamus
2607 2317 2654 2361 et
2690 2310 2950 2375 bibamus;
2978 2328 3093 2366 cras
3122 2314 3254 2367 enim
3280 2317 3568 2370 moriemur.
3606 2318 3673 2372 Et

2086 2409 2282 2464 corpus
2310 2397 2522 2466 quidem
2548 2398 2698 2454 doles
2729 2401 2819 2455 tibi
2852 2412 3124 2457 terrenum
3160 2420 3300 2469 esse,
3330 2409 3571 2475 quamvis
3601 2408 3669 2461 il-

2084 2486 2173 2542 lud
2207 2489 2322 2553 tibi,
2345 2490 2485 2560 quod
2510 2490 2575 2545 ad
2600 2492 2846 2548 virtutem
2873 2496 3123 2564 pertinet,
3149 2498 3279 2551 nihil
3306 2507 3524 2563 noceat;
3554 2501 3671 2555 ani-

2085 2598 2227 2635 mam
2251 2598 2379 2637 vero
2404 2584 2457 2638 in
2487 2593 2684 2640 terram
2716 2587 2969 2655 deprinns
2998 2603 3095 2658 per
3119 2589 3355 2655 delicias,
3385 2601 3439 2647 et
3467 2593 3667 2647 nullam

2085 2671 2242 2743 hujus
2282 2676 2358 2728 rei
2400 2676 2661 2731 rationem
2709 2678 2932 2742 habens,
2972 2679 3137 2746 rides,
3184 2681 3271 2735 dic
3314 2684 3464 2748 mihi,
3507 2695 3669 2754 atque

2082 2766 2262 2820 animo
2306 2782 2364 2821 es
2408 2768 2669 2822 remisso?
2716 2779 2769 2823 et
2811 2772 3019 2839 qualem
3060 2774 3405 2842 consequeris
3432 2776 3664 2841 veniam,

2082 2872 2202 2910 cum
2233 2867 2381 2912 tanto
2412 2868 2462 2913 te
2490 2868 2707 2928 stupore
2736 2860 3012 2926 all'cceris;
3041 2878 3162 2917 cum
3192 2874 3465 2933 Oporteret
3492 2866 3666 2935 ipsum

2083 2964 2279 3019 corpus
2305 2951 2581 3020 spirituale
2607 2953 2871 3008 reddere?
2898 2955 3023 3009 licet
3049 2957 3191 3010 enim
3213 2998 3227 3020 ,
3259 2958 3303 3010 si
3332 2958 3484 3013 velis.
3521 2958 3665 3013 Ven-

2086 3053 2219 3097 trem
2263 3044 2515 3113 accepisti
2560 3054 2615 3098 ut
2663 3047 2888 3110 nutrias,
2930 3062 3034 3102 non
3077 3058 3137 3101 ut
3169 3049 3470 3114 distendas;
3506 3060 3561 3104 ut
3590 3052 3666 3106 illi

2082 3133 2398 3201 domineris,
2423 3150 2528 3190 non
2558 3144 2616 3190 ut
2644 3136 2918 3192 dominum
2944 3139 3171 3206 habeas;
3201 3150 3256 3194 ut
3288 3142 3378 3197 tibi
3411 3143 3667 3198 inserviat

2081 3228 2148 3281 ad
2175 3236 2399 3282 caeteras
2438 3237 2616 3297 partes
2653 3230 2892 3294 alendas,
2934 3246 3040 3285 non
3082 3240 3138 3286 ut
3174 3241 3231 3286 tu
3272 3233 3343 3287 illi
3382 3234 3662 3297 inservias,

2082 3335 2188 3372 non
2231 3330 2286 3373 ut
2331 3318 2465 3373 ﬁnes
2504 3320 2792 3375 transilias.
2835 3322 2951 3376 Non
2994 3330 3073 3377 tot
3112 3325 3370 3378 malorum
3398 3340 3555 3379 causa
3583 3337 3667 3382 est

2080 3424 2229 3465 mare
2255 3410 2389 3464 lines
2409 3424 2834 3479 supergressum,
2852 3423 2982 3482 quot
3001 3423 3187 3468 venter
3209 3416 3421 3483 corpori
3446 3417 3667 3471 anima:-

2081 3518 2185 3573 que
2208 3513 2405 3557 nostra:
2430 3522 2442 3557 :
2467 3519 2679 3557 omnem
2704 3504 2830 3558 illud
2861 3514 3078 3572 terram,
3111 3508 3163 3569 in
3187 3523 3345 3577 quam
3372 3524 3433 3564 se
3462 3510 3665 3565 effude-

2080 3594 2168 3654 rit,
2201 3594 2413 3657 obruit;
2442 3603 2629 3648 venter
2658 3609 2786 3649 vero
2818 3595 3122 3651 universum
3151 3613 3371 3667 corpus.
3416 3599 3561 3655 Pone
3588 3601 3665 3655 illi

2081 3686 2387 3750 terminum,
2434 3686 2577 3755 quod
2627 3698 2830 3742 natura:
2872 3689 3001 3743 satis
3048 3700 3166 3753 est;
3213 3692 3664 3759 quemadmodum

2080 3777 2215 3830 mari
2261 3776 2398 3831 Deus
2447 3777 2622 3846 posuit
2664 3793 2916 3833 arenam:
2945 3795 3009 3836 ac
3046 3782 3091 3835 si
3132 3786 3455 3850 mstuaverit,
3504 3794 3664 3856 atque

2079 3868 2463 3935 excanduerit,
2503 3869 2716 3940 increpa
2758 3870 2909 3924 illum
2951 3881 3214 3941 potestate
3250 3889 3370 3944 qua:
3397 3875 3449 3929 in
3484 3886 3533 3931 te
3563 3878 3665 3932 sita

2079 3973 2181 4019 est.
2214 3963 2346 4039 Vide
2375 3973 2573 4034 quanto
2597 3964 2803 4020 honore
2831 3975 2882 4020 te
2908 3965 3148 4021 all‘ecerit
3186 3967 3356 4031 Deus,
3396 3980 3450 4024 ut
3491 3970 3663 4038 ipsum

2081 4056 2306 4111 imiteris
2337 4075 2350 4109 :
2385 4066 2438 4109 tu
2466 4071 2594 4110 vero
2622 4056 2842 4112 minime
2871 4057 2972 4122 vis,
3003 4058 3099 4114 sed
3126 4057 3275 4114 vides
3304 4060 3450 4114 illum
3478 4077 3663 4115 erum-

2082 4163 2209 4217 pere
2228 4190 2244 4213 ,
2274 4156 2545 4217 totamque
2577 4160 2820 4202 naturam
2849 4164 3193 4220 corrumpere
3220 4159 3381 4220 atque
3410 4152 3661 4218 obruere,

2081 4256 2180 4295 nec
2203 4250 2380 4294 tamen
2403 4240 2568 4295 audes
2589 4240 2843 4297 cohibere
2861 4256 2926 4297 ac
2946 4242 3235 4303 moderari,
3262 4246 3489 4308 Quorum
3516 4246 3661 4311 deus,

2080 4331 2272 4402 inquit,
2296 4342 2464 4386 venter
2482 4342 2572 4386 est.
2603 4331 2889 4387 Videamus
2909 4334 3178 4403 quomodo
3201 4334 3393 4389 Paulus
3418 4336 3668 4391 servierit

2083 4425 2193 4479 Deo
2226 4443 2238 4477 :
2268 4424 2542 4478 videamus
2566 4424 2833 4493 quomodo
2862 4434 2916 4478 et
2945 4425 3137 4480 edaces
3163 4426 3252 4479 isti
3278 4426 3514 4480 serviant
3534 4443 3663 4481 ven-

2081 4519 2169 4572 tri.
2216 4517 2404 4571 Nonne
2445 4516 2531 4571 isti
2572 4526 2853 4571 sexcentas
2882 4518 3156 4587 perferunt
3184 4520 3420 4574 mortes?
3460 4536 3666 4586 nonne,

2079 4626 2429 4681 qumcumque
2451 4608 2790 4677 illejusserit,
2810 4609 3111 4664 detrectare
3133 4610 3458 4665 formidant?
3484 4628 3666 4669 annon

2080 4703 2239 4757 etiam
2270 4703 2319 4755 in
2349 4702 2431 4764 iis,
2454 4717 2571 4770 qua:
2594 4701 2811 4755 minime
2836 4702 2949 4757 ﬁeri
2972 4712 3212 4772 possunt,
3236 4703 3488 4759 obediunt
3510 4707 3666 4775 eique

2081 4791 2428 4847 ministrant?
2458 4807 2636 4847 nonne
2668 4793 2947 4862 mancipiis
2964 4794 3249 4863 nequiores
3269 4796 3435 4849 sunt?
3467 4798 3534 4849 At
3556 4812 3664 4853 non

2081 4884 2277 4939 Paulus
2306 4884 2426 4937 talis
2452 4902 2464 4936 :
2487 4885 2833 4953 quamobrem
2857 4885 3070 4940 dicebat
3089 4928 3104 4953 ,
3140 4886 3331 4940 Nostra
3356 4891 3665 4943 conversatio

2080 4977 2131 5029 in
2161 4975 2297 5029 aclis
2320 4986 2408 5028 est.
2434 4974 2548 5029 Non
2573 4975 2731 5045 igitur
2753 4976 2838 5030 hic
2862 4994 3165 5047 quaaramus
3189 4980 3449 5050 requiem,
3472 4982 3565 5035 sed
3590 4982 3663 5036 ibi

2080 5066 2306 5120 velimus
2335 5066 2462 5119 clari
2495 5082 2634 5129 esse,
2668 5067 2756 5121 ubi
2784 5077 2838 5122 et
2863 5069 3023 5123 vitam
3048 5072 3296 5126 colimus.
3334 5070 3482 5126 Unde
3510 5073 3663 5125 etiam

2081 5156 2416 5220 Salvutorem,
2447 5158 2635 5226 inquit,
2666 5170 3011 5227 exspectamus
3040 5160 3317 5216 Dominum
3343 5162 3542 5227 Iesum,
3574 5164 3666 5231 qui

2080 5249 2460 5320 transﬁgurabit
2505 5266 2687 5321 corpus
2725 5252 3024 5306 humilitatis
3069 5266 3272 5318 uostrw,
3310 5264 3364 5307 ut
3402 5259 3663 5325 conformo

2080 5340 2172 5408 ﬁat
2211 5341 2412 5410 corpori
2445 5341 2694 5396 claritatis
2731 5358 2854 5397 suae.
2900 5343 3157 5398 Paulatim
3201 5359 3296 5399 nos
3330 5345 3509 5399 evexit
3537 5364 3550 5399 :
3583 5345 3666 5402 De

2080 5433 2233 5498 caelo,
2259 5434 2450 5503 inquit,
2482 5432 2726 5489 Salvator
2755 5445 2935 5491 noster
2967 5454 2979 5487 :
3007 5422 3036 5488 a
3066 5437 3205 5499 loco,
3236 5453 3265 5490 a
3296 5452 3525 5506 persona
3550 5454 3666 5492 ma-

2076 5523 2324 5593 jestatcm
2352 5524 2745 5580 demonstrans.
2778 5527 2878 5593 Qui
2901 5528 3298 5598 trans/igurabit,
3331 5528 3518 5598 inquit,
3551 5546 3666 5583 cor-

2080 5635 2174 5687 pus
2212 5619 2515 5673 humilitatis
2556 5631 2761 5674 nostra.
2790 5620 2970 5675 Multis
2995 5620 3166 5675 modis
3196 5636 3335 5675 nunc
3359 5622 3497 5676 male
3521 5624 3664 5676 acci-

2082 5710 2224 5782 pitur
2260 5726 2455 5785 corpus
2500 5722 2764 5785 nostrum,
2812 5713 3061 5784 vincitur,
3107 5712 3345 5784 vapulat,
3394 5716 3660 5772 sexcentis
