4108 6410
462 260 564 321 Ξ⁸Ῑ9

462 377 617 430 malis
654 372 915 436 sltlcitur;
963 386 1147 426 verum
1185 379 1239 424 et
1269 368 1463 423 Christi
1492 380 1685 436 corpus
1712 364 1825 418 haec
1854 362 2041 417 eadem

461 482 679 538 passum
723 474 807 521 est
878 464 991 519 Hoc
1040 479 1169 533 ergo
1207 460 1562 517 subindieavit
1588 460 1792 523 dicens,
1829 455 1898 511 Ut
1926 471 2045 509 con-

464 562 628 626 forme
664 557 754 625 fiat
783 554 984 625 corpori
1014 554 1257 607 claritatis
1291 568 1414 606 suae.
1463 551 1607 620 Ergo
1648 550 1788 603 idem
1829 546 2044 617 quidem

464 663 659 716 corpus
687 656 786 711 est,
821 645 918 701 sed
948 645 1187 699 induitur
1228 644 1645 697 immortalitate.
1681 639 2045 710 Transﬁgura-

467 740 554 801 lit,
589 738 778 808 inquit.
824 737 965 806 Ergo
998 745 1052 790 et
1088 735 1254 805 ﬁgura
1292 734 1428 797 alia;
1474 742 1564 786 aut
1595 732 1665 785 ita
1696 728 2047 784 mutationem

467 831 643 883 minus
673 828 887 897 proprie
915 828 1141 882 vocavit.
1175 826 1318 881 Dixit
1340 835 1547 889 autem,
1567 822 1762 892 Corpus
1789 820 2047 874 humilita-

466 922 529 973 tis
554 930 760 985 nostrce,
785 919 1034 989 quoniam
1059 934 1198 972 ntmc
1215 919 1359 987 jacet
1382 918 1432 972 in
1459 916 1773 978 humilitate,
1793 913 2046 984 quoniam

465 1012 703 1067 interitui
734 1026 797 1064 ac
821 1010 994 1065 dolori
1025 1010 1315 1064 obnoxium
1347 1018 1451 1075 est,
1482 1008 1737 1079 quoniam
1764 1005 1869 1059 vile
1897 1003 2046 1058 vide-

467 1112 554 1156 tur
571 1116 691 1156 esse
715 1100 950 1172 nihilque
972 1101 1201 1170 amplius
1223 1101 1432 1155 czeteris
1449 1098 1668 1155 habere.
1704 1096 1773 1151 Ut
1791 1097 2048 1166 conforme

465 1194 653 1264 ipsum,
678 1194 867 1264 inquit,
895 1195 985 1261 ﬁat
1004 1194 1207 1264 corpori
1232 1194 1479 1247 claritatis
1502 1207 1626 1246 sum.
1652 1190 1844 1260 Papae!
1878 1187 2046 1252 illine,

466 1286 609 1357 quod
632 1287 785 1341 sedet
811 1288 863 1340 in
885 1286 1102 1341 dextera
1134 1286 1341 1340 Patris?
1373 1286 1484 1340 IIoe
1511 1286 1683 1354 ipsum
1706 1296 1902 1353 corpus
1921 1294 2045 1335 conv

464 1377 638 1431 ferme
661 1378 732 1431 illi
764 1380 838 1440 lit,
871 1377 1009 1447 quod
1048 1377 1302 1431 adoratur
1336 1379 1403 1431 ab
1437 1375 1662 1446 angelis,
1691 1374 1767 1427 illi
1793 1372 1878 1428 cui
1910 1368 2048 1425 assi-

467 1477 615 1521 stunt
649 1468 978 1536 incorporea:
1008 1467 1328 1531 Potestates,
1356 1466 1426 1520 illi
1458 1465 1599 1536 quod
1627 1474 1709 1519 est
1736 1477 1898 1532 supra
1929 1475 2049 1515 om-

466 1574 593 1612 nem
625 1557 983 1627 Principatum
1006 1556 1346 1613 et‘Virtutem
1372 1568 1432 1612 et
1462 1557 1819 1619 Potestatcm;
1851 1553 1927 1607 illi
1951 1550 2051 1621 ipsi

460 1647 746 1703 conforme
786 1648 863 1702 fit.
886 1647 959 1703 Si
1002 1648 1283 1703 universus
1310 1647 1477 1711 or’bis,
1511 1645 1739 1715 sumptis
1769 1643 2047 1715 lacrymis,

468 1756 562 1794 eos
588 1740 677 1810 qui
702 1738 769 1795 de
797 1740 895 1795 hac
916 1756 1011 1810 spe
1032 1740 1368 1805 deciderunt,
1395 1740 1545 1804 ﬂeat;
1578 1754 1674 1808 pro
1696 1737 1771 1792 rei
1793 1736 2052 1807 gravitate

464 1830 634 1895 ﬂebit.
680 1832 821 1901 quod
865 1832 968 1887 hoc
1012 1832 1277 1901 promisso
1324 1832 1477 1886 nobis
1514 1831 1811 1900 proposito,
1843 1827 1958 1883 fore
1994 1836 2053 1882 ut

468 1938 662 1992 corpus
708 1934 946 1978 nostrum
992 1925 1068 1979 illi
1106 1924 1382 1979 conforme
1424 1923 1535 1988 ﬁat,
1566 1938 1685 1978 cum
1719 1920 2052 1976 dmmonibus

468 2025 647 2069 tamen
690 2016 878 2070 abeat?
923 2016 1039 2071 Jam
1087 2017 1240 2071 mitto
1285 2017 1585 2086 gehennam
1624 2034 1638 2070 :
1678 2014 2051 2085 quodcumque

467 2108 609 2160 enim
642 2106 845 2162 dixeris
865 2148 880 2174 ,
924 2108 1054 2162 nihil
1081 2124 1200 2163 esse
1227 2110 1515 2175 existimo,
1545 2108 1587 2161 si
1606 2122 1736 2163 cum
1771 2107 1872 2160 hoc
1900 2106 2052 2174 lapsu

458 2211 826 2268 comparetur.
873 2199 1009 2269 Quid
1039 2201 1135 2265 ais,
1163 2200 1362 2255 Paule?
1397 2199 1469 2253 illi
1500 2201 1773 2254 conforme
1796 2198 1895 2251 fit?
1920 2197 2011 2251 Nm
2031 2236 2047 2262 ,

468 2293 658 2361 inquit.
692 2292 896 2347 Deinde
916 2334 930 2358 ,
960 2309 1026 2347 ne
1052 2292 1690 2363 diffidas,‘argumentum
1714 2306 1925 2361 quoque
1951 2289 2052 2344 ad-

458 2380 680 2454 ‘jnnxit:
714 2384 1005 2438 Secundum
1044 2385 1411 2454 Operationem,
1457 2384 1649 2454 inquit,
1688 2383 1887 2436 virtutis
1920 2396 2048 2446 suae,

448 2488 567 2547 'qua
602 2476 752 2531 etiam
782 2478 939 2547 possit
969 2477 1216 2548 subjicere
1241 2476 1335 2531 sibi
1362 2478 1551 2531 omnia.
1572 2474 1933 2539 'Potestatem,
1965 2474 2050 2527 in-

468 2569 602 2637 quit,
630 2567 790 2622 habet
817 2568 991 2621 omnia
1022 2568 1122 2622 sibi
1155 2568 1470 2636 subjiciendi
1499 2585 1512 2619 :
1542 2581 1671 2637 ergo
1697 2574 1754 2621 et
1780 2566 2051 2621 interitum

469 2667 524 2711 et
554 2667 813 2712 mortem:
859 2658 1033 2726 potius
1071 2667 1248 2713 autem
1289 2674 1352 2713 ex
1385 2659 1571 2714 eadem
1611 2660 1723 2729 ipsa
1765 2666 2048 2727 potestate,

469 2750 574 2804 hoc
598 2750 757 2805 etiam
782 2750 923 2804 facit.
949 2750 1103 2816 Quod
1126 2752 1291 2814 enim,
1312 2752 1398 2805 dic
1420 2751 1571 2816 mihi,
1600 2752 1853 2821 potentiae
1879 2748 2051 2818 majus

469 2855 606 2910 opus
632 2850 733 2903 est,
765 2842 986 2911 angelos
1021 2850 1075 2898 et
1111 2841 1461 2912 arCliaiigelos
1489 2851 1543 2896 et
1568 2841 1852 2897 Cherubim
1883 2850 1938 2896 et
1958 2841 2053 2897 Se-

458 2932 678 3003 raphim
721 2934 985 3002 subjicere
1013 2949 1075 2988 ac
1100 2934 1404 2995 daemonas,
1432 2950 1501 2989 an
1526 2948 1720 3005 corpus
1750 2933 1927 2989 facere
1955 2935 2053 2987 im-

460 3024 695 3078 mortale
741 3034 795 3078 ct
838 3027 1155 3095 corruptela:
1204 3041 1308 3079 non
1358 3026 1691 3080 obnoxium?
1739 3025 1873 3080 Illud
1922 3040 2052 3080 sane

474 3117 640 3171 nmlto
684 3118 874 3185 majus.
912 3116 1166 3173 Ostendit
1203 3120 1404 3187 majora
1434 3133 1597 3189 opera
1633 3120 1881 3189 potentia:
1918 3134 2050 3185 sum,

463 3217 530 3261 nt
558 3207 673 3261 haec
699 3209 857 3261 etiam
886 3210 1095 3263 credas.
1124 3210 1481 3277 Quamobrem
1514 3214 1721 3265 tametsi
1753 3210 2053 3264 mundanas

468 3300 602 3352 istos
642 3299 883 3353 videritis
923 3301 1253 3355 exsultantes
1292 3302 1493 3363 laetitia,
1532 3313 1585 3356 et
1621 3302 1787 3372 gloria
1822 3304 2053 3356 circnm-

469 3388 694 3442 Iluentes
721 3405 847 3443 :vos
869 3390 1215 3446 nihilominus
1235 3402 1391 3456 state,
1412 3408 1518 3447 non
1544 3393 1610 3448 ab
1635 3393 1735 3447 illis
1762 3393 2049 3458 laedamini,

470 3496 571 3534 nec
602 3483 883 3537 turbcmiui
912 3500 923 3533 :
949 3498 1073 3552 spes
1103 3484 1403 3552 lmjusmodi
1428 3501 1547 3555 qua:
1575 3486 1729 3539 nobis
1749 3502 2054 3555 proponun-

468 3584 577 3638 tur,
625 3584 762 3645 aptie
810 3586 954 3640 sunt,
1005 3593 1124 3645 qme
1167 3576 1322 3631 valde
1367 3579 1528 3633 etiam
1570 3577 1851 3633 socordem
1892 3588 2054 3648 atque

467 3667 784 3720 oscitantem
814 3668 1049 3721 excitent
1075 3679 1233 3738 atque
1260 3670 1485 3740 erigant.
1512 3669 1661 3740 (Cap.
1682 3664 1758 3737 4.)
1778 3671 1823 3724 ι.
1849 3669 2050 3741 Itaque,

470 3756 656 3824 fratres
686 3757 803 3821 mei,
847 3758 1038 3827 inquit,
1080 3762 1326 3814 can'ssimi
1365 3771 1410 3813 ct
1448 3762 1883 3829 desideratissimi,
1922 3779 2053 3833 gau-

466 3850 615 3902 dium
638 3867 803 3904 meum
832 3862 877 3904 et
911 3869 1096 3905 corona
1124 3870 1251 3918 mea,
1288 3855 1362 3908 sic
1385 3864 1514 3908 state
1538 3855 1591 3908 in
1624 3853 1861 3919 Domino,
1890 3856 2052 3909 caris-

477 3941 614 4001 simi.
663 3941 786 4005 Sic,
830 3945 1136 4011 quomodo?
1180 3945 1636 4012 Quemadmodum
1687 3948 1911 4001 stetistis
1951 3948 2053 4002 im-

471 4035 625 4085 moti.
652 4031 787 4088 Vide
820 4046 938 4103 post
964 4036 1378 4092 admonitionem
1409 4041 1689 4094 eneomia:
1724 4041 1981 4094 Gaudium
2006 4050 2052 4095 et

467 4139 659 4177 corona
682 4142 810 4179 mea.
839 4125 954 4180 Non
984 4137 1185 4182 tantum
1218 4130 1465 4197 gaudium
1487 4173 1501 4196 ,
1532 4132 1626 4186 sed
1653 4132 1813 4186 etiam
1841 4133 2008 4203 gloria
2033 4149 2050 4200 ;

473 4227 578 4266 non
622 4223 826 4270 tantum
869 4217 1075 4288 gloria,
1121 4220 1211 4273 sed
1256 4222 1417 4276 etiam
1462 4238 1660 4277 corona
1695 4241 1707 4277 :
1737 4225 1820 4278 cui
1866 4225 2052 4294 gloria:

472 4304 604 4360 nihil
650 4322 745 4376 par
784 4309 1101 4373 inVcniatur,
1140 4313 1334 4382 quippe
1376 4330 1497 4369 cum
1543 4316 1619 4369 illi
1666 4316 1810 4370 Pauli
1850 4333 2052 4373 corona

469 4398 598 4452 sint.
630 4398 719 4453 Sic
744 4410 871 4454 state
893 4402 945 4455 in
969 4400 1206 4467 Domino,
1231 4407 1507 4473 carissimi;
1539 4408 1590 4462 id
1615 4419 1715 4471 est,
1741 4411 1791 4464 in
1815 4427 1909 4480 spe
1932 4413 2050 4468 Dei.

468 4487 525 4543 2.
560 4486 811 4543 Ευοάίιιηι
835 4508 978 4562 rogo,
1007 4504 1054 4546 et
1081 4495 1375 4565 Syntychen
1397 4514 1522 4568 rogo
1541 4499 1595 4551 id
1615 4499 1781 4567 ipsum
1806 4518 1983 4572 sapere
2000 4504 2055 4559 in

470 4579 713 4636 Domino.
745 4583 799 4638 5.
818 4582 990 4637 Etiam
1015 4602 1136 4657 rogo
1157 4596 1202 4641 et
1230 4598 1296 4655 te,
1328 4606 1565 4659 germane
1602 4607 1831 4662 compar,
1860 4594 1928 4648 ad
1926 4596 2054 4665 juva

468 4673 608 4728 illas.

544 4765 603 4819 5.
632 4764 855 4831 Quidam
881 4766 1065 4823 dicunt
1088 4768 1306 4825 Paulum
1330 4771 1413 4827 his
1428 4774 1625 4841 verbis,
1646 4774 1895 4833 Germane
1912 4795 2051 4833 com-

467 4872 584 4925 par,
627 4870 849 4910 uxorem
881 4872 1032 4913 suam
1076 4876 1265 4932 rogare
1294 4862 1368 4935 (a)
1401 4882 1415 4919 :
1446 4865 1587 4934 quod
1618 4868 1837 4925 minime
1860 4886 2048 4925 verum

470 4954 585 5009 est;
615 4946 708 5001 sed
731 4949 1013 5018 quamdam
1040 4952 1198 5008 aliam
1229 4956 1509 5011 mulierem
1529 4998 1545 5021 ,
1573 4958 1656 5013 vel
1683 4962 1843 5016 etiam
1874 4961 2048 5017 virum

474 5035 697 5090 alterius
728 5037 949 5093 istarum
986 5040 1087 5094 hoc
1114 5052 1269 5097 vocat
1297 5046 1534 5102 nomine.
1563 5047 1766 5119 Adjuva
1790 5051 1932 5119 illas,
1960 5054 2045 5107 in-

468 5126 621 5194 quit,
662 5144 775 5196 quas
816 5146 1008 5184 mecum
1050 5132 1398 5190 laboraverunt
1426 5138 1478 5192 in
1503 5142 1758 5212 evangelio
1785 5160 1899 5198 cum
1930 5144 2047 5200 Cle-

468 5227 633 5271 mente
655 5228 702 5272 et
730 5221 923 5274 steteris
948 5222 1263 5293 adjutoribus
1288 5228 1429 5295 meis,
1452 5246 1664 5298 quarunt
1690 5236 1898 5288 nomina
1926 5246 2045 5291 sunt

469 5309 524 5363 in
550 5311 676 5363 libro
712 5313 843 5367 vitm.
876 5313 1037 5370 Vides
1068 5328 1278 5386 quanta:
1306 5322 1517 5378 virtutis
1547 5327 1910 5384 testimonium
1939 5330 2043 5387 illis

468 5402 561 5456 dat
587 5401 776 5467 ?Quod
803 5407 1015 5477 quidem
1045 5412 1300 5479 apostolis
1324 5413 1533 5471 dicebat
1558 5416 1824 5487 Christus,
1852 5420 1922 5476 In
1950 5422 2045 5478 hoc

468 5496 620 5549 nolite.
654 5499 908 5569 gaudere,
938 5502 1057 5572 quia
1094 5502 1343 5559 dwmonia
1378 5509 1515 5563 vobis
1551 5509 1926 5583 subjiciuntur,
1959 5518 2049 5571 sed

518 5671 599 5735 ca)
631 5672 833 5727 Paulum
857 5693 1059 5732 uxorem
1092 5683 1317 5738 habuisse
1340 5687 1531 5750 quidam
1552 5692 1799 5754 putabant.

1194 257 1250 313 S.
1289 205 1565 312 JOANNIS
1601 247 2073 307 CII‘RYSOS'I'OMI
2114 246 2430 303 ARCIIIEP.
2470 241 2997 301 CONSTANTINOP.

3633 245 3735 301 280

2150 360 2286 425 quod
2316 359 2518 412 nomina
2546 370 2711 413 vestra
2739 370 2856 413 sunt
2883 361 3071 429 scripta
3096 358 3148 412 in
3170 357 3298 413 libro
3321 359 3434 413 vita:
3463 358 3616 429 (Luc.
3642 359 3730 416 IO.

2149 449 2242 519 ‘20)
2272 468 2287 515 ;
2342 451 2442 504 hoc
2483 450 2675 504 Paulus
2705 451 2865 505 etiam
2897 450 2967 505 de
2994 450 3109 505 istis
3140 451 3477 516 testificatur,
3513 452 3632 505 dice
3646 467 3729 517 ns,

2157 541 2386 608 Quorum
2416 542 2619 595 nomina
2653 553 2770 596 sunt
2807 543 2861 595 in
2895 543 3023 596 libro
3052 544 3189 595 vitaz.
3244 542 3503 597 Videntur
3551 553 3732 597 autem

2154 634 2282 687 mihi
2312 633 2393 686 Ιιω
2415 634 2667 688 mulieres
2689 646 2847 702 caput
2870 634 3034 689 fuisse
3062 634 3314 689 Ecclesia:
3343 650 3461 703 qua:
3490 636 3559 689 ibi
3586 645 3732 700 erat;

2153 740 2350 793 easque
2397 727 2737 779 commendat
2771 726 2885 780 viro
2927 727 3151 780 fortasse
3203 725 3522 790 admirabili,
3576 741 3735 795 quem

2152 833 2456 886 comparem
2507 820 2667 873 etiam
2717 829 2871 874 vocat
2911 821 3041 873 :cui
3085 819 3312 873 fortasse
3356 818 3737 873 commendare

2154 910 2343 965 solitus
2371 920 2486 965 erat
2505 951 2520 975 ,
2552 921 2605 964 ut
2633 912 2915 965 auxiliario
2945 919 2997 965 et
3027 910 3378 965 commilitoni
3411 922 3465 963 et
3494 909 3736 979 participi

2155 1009 2208 1053 et
2238 999 2407 1054 fratri.
2454 1000 2509 1054 Id
2541 1017 2670 1056 vero
2696 1011 2751 1055 et
2791 1003 2841 1055 in
2880 1002 3114 1072 Epistola
3163 1002 3229 1054 ad
3273 1001 3541 1055 Romanos
3570 1000 3733 1053 facit:

2155 1090 2462 1145 Commendo
2486 1132 2501 1156 ,
2557 1092 2763 1162 inquit,
2810 1093 2947 1146 vobis
2976 1090 3199 1145 Plta’ben
3232 1108 3457 1147 sororem
3486 1103 3733 1158 nostram,

2154 1199 2268 1254 qua:
2293 1193 2363 1237 est
2398 1186 2451 1236 in
2480 1185 2761 1239 ministerio
2798 1184 3075 1250 Ecclesia,
3117 1200 3230 1254 qua:
3274 1195 3348 1239 est
3381 1186 3435 1237 in
3472 1183 3738 1238 Cenchreis

2156 1274 2334 1345 (Rom.
2365 1277 2450 1331 I6.
2482 1275 2557 1344 I).
2589 1276 2826 1347 Compar.
2861 1277 2953 1332 Vel
2978 1276 3195 1331 fratrem
3225 1278 3457 1347 aliquem
3490 1278 3733 1343 istarum,

2156 1368 2242 1422 vel
2267 1370 2426 1422 etiam
2455 1370 2629 1424 virum
2656 1371 2875 1424 alterius
2917 1371 3151 1439 ipsarum
3190 1371 3259 1423 ita
3288 1378 3444 1424 vocat
3471 1369 3737 1438 :‘perinde

2158 1473 2222 1512 ae
2250 1460 2293 1514 si
2325 1460 2550 1527 diceret,
2582 1462 2735 1516 Nunc
2767 1464 2932 1517 frater
2961 1477 3019 1516 es
3047 1476 3352 1531 germanus,
3393 1476 3534 1516 nunc
3563 1461 3643 1515 vir
3662 1461 3739 1516 le-

2156 1550 2405 1621 gitimus;
2449 1554 2645 1623 quippe
2683 1555 2771 1623 qui
2806 1554 3104 1608 membrum
3131 1554 3302 1608 factus
3343 1569 3422 1608 es.
3474 1556 3601 1619 Quae
3629 1569 3737 1607 me-

2156 1659 2273 1697 cum
2315 1643 2669 1697 laboraverunt
2719 1646 2770 1697 in
2813 1644 3089 1712 evangelio.
3163 1644 3299 1699 Hinc
3344 1643 3646 1697 Sollicitudo
3684 1650 3740 1697 et

2156 1750 2282 1790 cura
2314 1751 2437 1808 erga
2471 1736 2607 1801 illas,
2642 1753 2746 1791 non
2777 1738 2847 1791 ob
2876 1738 3186 1798 amicitiam,
3219 1736 3313 1790 sed
3341 1736 3410 1789 ob
3438 1735 3735 1791 benefacta.

2162 1827 2357 1881 Mecum
2389 1830 2756 1885 laboraverunt.
2781 1828 2918 1894 Quid
2944 1829 3055 1883 ais?
3101 1829 3355 1883 mulieres
3386 1838 3559 1883 tecum
3592 1827 3739 1881 labo~

2158 1921 2451 1974 rmernnt?
2502 1922 2626 1989 Nze,
2669 1920 2861 1991 inquit.
2912 1919 3026 1974 Non
3064 1936 3248 1988 parum
3280 1932 3333 1975 et
3363 1921 3464 1974 illa:
3493 1921 3738 1975 contule-

2158 2018 2283 2065 runt
2316 2029 2328 2064 :
2358 2013 2600 2081 quamvis
2625 2013 2769 2067 enim
2802 2011 2953 2065 multi
2979 2020 3183 2075 essent,
3211 2011 3300 2081 qui
3325 2012 3488 2066 Paulo
3518 2013 3741 2066 auxilia-

2157 2104 2362 2162 rentur,
2417 2104 2591 2150 tamen
2645 2098 2784 2151 inter
2822 2094 3023 2151 multos
3064 2105 3119 2149 et
3146 2096 3261 2149 isne
3290 2111 3413 2150 suas
3456 2098 3507 2149 in
3531 2097 3739 2163 agendo

2159 2200 2339 2261 partes
2384 2190 2726 2260 priestabant.
2777 2190 2891 2245 Non
2924 2202 3112 2259 parum
3136 2188 3295 2259 igitur
3322 2198 3447 2243 tunc
3491 2190 3741 2244 Ecclesia:

2158 2284 2494 2355 angebantur
2522 2301 2533 2337 :
2566 2300 2688 2338 nam
2723 2300 2786 2338 ex
2812 2277 2910 2351 eo,
2963 2285 3105 2354 quod
3133 2282 3169 2339 ii
3216 2282 3307 2354 qui
3335 2282 3538 2353 probati
3563 2292 3737 2349 erant,

2158 2392 2279 2433 cum
2310 2376 2430 2441 viri,
2460 2385 2569 2431 tum
2598 2376 2871 2443 mulieres,
2905 2386 3057 2431 tanto
3088 2391 3119 2431 a
3157 2376 3367 2432 castoris
3395 2373 3600 2431 honore
3624 2374 3742 2428 affi-

2158 2480 2429 2535 cerentur,
2474 2471 2640 2524 multa
2672 2470 2993 2525 eveniebant
3037 2469 3197 2525 bona.
3249 2470 3461 2525 Etenim
3506 2467 3741 2540 primum

2154 2560 2374 2631 quidem
2423 2562 2601 2616 cazteri
2650 2561 2716 2616 ad
2764 2577 2948 2632 parem
2983 2563 3155 2617 zelum
3180 2562 3617 2617 adducebantur:
3646 2563 3739 2618 de-

2160 2653 2284 2708 inde
2330 2655 2380 2707 in
2422 2669 2488 2709 eo
2518 2655 2705 2720 etiam,
2747 2654 2890 2725 quod
2930 2655 3191 2711 honorem
3222 2655 3554 2719 deferebant,
3587 2671 3739 2725 qna:-

2159 2756 2299 2802 stum
2325 2746 2586 2803 faciebant
2616 2764 2629 2800 :
2662 2749 2821 2802 tertio
2848 2757 2902 2803 et
2929 2748 3047 2802 illos
3076 2748 3221 2817 ipsos
3262 2747 3551 2803 alacriores
3582 2757 3740 2817 atque

2158 2839 2495 2895 ardentiores
2556 2840 2840 2895 faciebant.
2899 2840 3188 2910 Propterea
3235 2840 3430 2909 ubique
3488 2839 3639 2895 vides
3686 2840 3739 2894 id

2158 2942 2433 2987 curantem
2461 2932 2681 2987 Paulum
2710 2948 2773 2987 ac
2799 2932 2931 2988 tales
2961 2932 3208 2986 homines
3236 2932 3699 2987 commendantem
3723 2950 3736 2984 :

2154 3025 2301 3094 quod
2340 3025 2501 3079 etiam
2552 3025 2605 3078 in
2656 3024 2894 3092 Epistola
2939 3024 3004 3077 ad
3050 3022 3359 3079 Corinthios
3409 3024 3609 3093 inquit,
3642 3024 3742 3090 Qui

2157 3126 2275 3171 sunt
2316 3117 2551 3184 primitite
2595 3115 2803 3169 Achaia:
2856 3116 2932 3187 (I.
2962 3115 3080 3171 Cor.
3115 3117 3202 3171 I6.
3233 3116 3344 3186 15).
3407 3116 3633 3183 Quidam
3659 3117 3742 3171 di-

2159 3219 2283 3264 cunt
2327 3224 2521 3264 nomen
2572 3209 2847 3279 proprium
2900 3210 3005 3264 illis
3052 3210 3237 3276 fuisse,
3294 3217 3514 3277 σὺζυγος,
3561 3210 3613 3265 id
3657 3220 3741 3265 est

2152 3315 2381 3369 compar
2417 3318 2429 3353 :
2474 3300 2569 3355 sed
2602 3317 2787 3370 parum
2838 3301 3083 3365 interest,
3130 3304 3243 3357 sive
3290 3302 3410 3366 hoc,
3460 3304 3572 3357 sive
3615 3303 3740 3360 illud

2160 3391 2227 3444 sit
2259 3408 2274 3443 :
2305 3407 2409 3445 non
2440 3392 2490 3445 id
2522 3394 2733 3465 curiose
2760 3394 3139 3463 inquirendum
3168 3403 3283 3460 est,
3316 3395 3409 3449 sed
3436 3395 3539 3449 hoc
3565 3396 3738 3451 admi-

2160 3480 2408 3545 randum,
2438 3498 2687 3552 magnum
2720 3484 2823 3538 illis
2850 3483 3045 3539 deferri
3076 3486 3334 3541 honorem
3368 3487 3613 3556 jussisse.

2231 3574 2284 3628 4.
2326 3574 2536 3641 Omnia,
2567 3576 2753 3646 inquit,
2780 3577 2935 3633 nobis
2966 3579 3017 3633 in
3048 3581 3194 3634 caelis
3222 3592 3366 3645 sunt,
3393 3591 3446 3635 et
3494 3581 3741 3637 Salvator

2160 3675 2215 3720 et
2234 3666 2443 3730 civitas,
2472 3669 2724 3739 quicquid
2764 3669 2905 3724 aliud
2937 3672 3054 3739 quis
3083 3672 3275 3726 dixerit
3306 3689 3317 3722 :
3351 3672 3515 3738 Unde,
3549 3675 3738 3744 inquit,

2160 3767 2205 3811 et
2236 3757 2554 3813 Salvatorem
2580 3770 2929 3829 exspectamus
2958 3760 3231 3816 Dominum
3255 3763 3429 3817 Jesum
3461 3765 3739 3821 Christum.

2159 3854 2332 3920 Atque
2356 3849 2464 3906 hoc
2493 3853 2653 3907 etiam
2677 3862 2760 3908 est
2784 3854 3125 3924 benignitatis
3146 3872 3277 3910 sum.
3312 3858 3428 3924 Ipse
3455 3873 3640 3912 rursus
3667 3858 3737 3912 ad

2160 3955 2258 3997 nos
2280 3943 2442 4006 venit,
2479 3959 2582 3996 non
2617 3945 2739 3999 illuc
2757 3960 2854 4000 nos
2882 3946 3062 4011 trahit,
3095 3956 3149 4002 et
3176 3963 3294 4001 cum
3317 3964 3417 4001 nos
3457 3950 3739 4019 receperit,

2159 4032 2420 4091 discedit:
2450 4044 2610 4106 atque
2650 4037 2699 4090 in
2730 4036 2833 4091 hoc
2857 4053 3067 4107 quoque
3096 4054 3286 4109 magno
3316 4055 3411 4093 nos
3437 4040 3638 4096 honore
3657 4042 3741 4096 af-

2160 4126 2287 4181 ficit.
2312 4125 2443 4180 Nam
2462 4128 2504 4180 si
2530 4128 2594 4182 ad
2619 4144 2715 4183 nos
2735 4144 2854 4183 eum
2883 4131 3082 4185 inimici
3106 4147 3342 4199 eramus,
3367 4135 3544 4189 venit:
3574 4135 3741 4190 multo

2160 4219 2329 4288 magis
2366 4234 2508 4273 nunc
2529 4234 2651 4274 cum
2673 4221 2829 4275 amici
2854 4220 2984 4276 facti
3024 4238 3230 4278 sumus.
3262 4223 3376 4279 Non
3409 4226 3509 4279 hoc
3539 4226 3740 4297 angelis

2159 4310 2463 4375 committit,
2498 4326 2670 4381 neque
2699 4312 2893 4378 servis,
2939 4313 3033 4368 sed
3084 4314 3196 4383 ipse
3224 4315 3276 4369 in
3328 4316 3557 4371 nubibus
3599 4318 3743 4373 venit

2159 4415 2358 4455 vocans
2388 4417 2487 4456 nos
2515 4402 2566 4455 in
2594 4404 2796 4473 regiam
2831 4421 3004 4458 suam.
3063 4406 3313 4463 Fortasse
3343 4419 3522 4464 autem
3548 4419 3601 4464 et
3648 4424 3744 4465 eos

2160 4493 2249 4562 qui
2280 4493 2451 4563 ipsum
2482 4492 2765 4561 coluerint,
2798 4496 2909 4565 ipse
2970 4496 3036 4550 ad
3086 4513 3145 4553 se
3187 4499 3242 4552 in
3293 4500 3519 4555 nubibus
3569 4500 3739 4556 tollet.

2158 4582 2291 4637 Nam
2317 4593 2367 4637 et
2414 4599 2534 4647 nos,
2578 4584 2768 4654 inquit,
2802 4586 2853 4640 in
2883 4586 3114 4642 nubibus
3156 4590 3426 4659 rapielnnr
3456 4591 3545 4661 qui
3593 4590 3741 4646 illum

2159 4676 2416 4740 colimus;
2448 4686 2502 4732 et
2527 4677 2604 4732 sic
2634 4692 2849 4745 semper
2877 4693 2998 4733 cum
3028 4681 3255 4735 Domino
3282 4682 3503 4737 erimus.
3547 4683 3742 4753 Ecquis

2160 4782 2288 4837 ergo
2311 4768 2558 4824 iuventus
2577 4767 2735 4823 fuerit
2756 4769 2928 4824 fidelis
2948 4786 3136 4825 servus
3161 4781 3215 4827 et
3236 4774 3467 4844 prudens
3483 4774 3508 4827 ?
3526 4776 3742 4843 quinam

2161 4858 2319 4928 igitur
2338 4860 2498 4913 tantis
2521 4860 2674 4914 bonis
2698 4860 3088 4931 dignahuntur?
3105 4878 3261 4932 quam
3281 4866 3633 4929 miserabiles,
3652 4867 3741 4936 qui

2163 4952 2286 5007 inde
2310 4953 2548 5007 cadunt?
2592 4953 2721 5007 Nam
2751 4954 2795 5008 si
2827 4969 2925 5024 per
2952 4971 3111 5010 omne
3141 4965 3354 5025 tempus
3385 4958 3504 5011 illos
3530 4958 3620 5028 qui
3652 4973 3742 5013 re-

2162 5061 2321 5116 gnum
2354 5048 2648 5101 amiserunt
2685 5048 2982 5117 lugeamus,
3022 5049 3147 5119 quid
3182 5066 3243 5104 ea
3276 5066 3333 5105 re
3364 5050 3577 5120 dignum
3603 5049 3742 5107 fece-

2162 5140 2366 5193 rimus?
2398 5139 2631 5204 Etenim.
2659 5141 2705 5194 si
2731 5149 3016 5195 sexeentas
3043 5140 3321 5211 gehennas
3368 5142 3627 5209 attuleris,
3659 5144 3744 5197 ni-

2170 5231 2244 5285 hil
2277 5247 2370 5302 par
2394 5231 2587 5287 afferes
2635 5231 2811 5287 dolori
2860 5232 2959 5299 illi,
3006 5248 3113 5303 quo
3157 5243 3283 5289 tunc
3309 5235 3523 5305 angitur
3546 5235 3747 5300 anima,

2164 5338 2282 5378 cum
2326 5324 2603 5379 universus
2625 5325 2861 5395 quatitur
2886 5326 3069 5394 orbis,
3106 5328 3246 5383 tuba:
3297 5340 3513 5395 sonant,
3547 5330 3750 5400 primus

2163 5417 2395 5471 accurrit
2440 5419 2751 5489 angelorum
2792 5419 2946 5486 ordo,
2977 5419 3171 5478 deinde
3220 5422 3521 5489 secundus,
3557 5421 3753 5479 deinde

2165 5508 2372 5575 tertius,
2409 5508 2603 5564 deinde
2642 5511 2880 5566 sexcenti
2912 5511 3128 5567 ordines
3170 5512 3223 5566 in
3265 5521 3466 5568 terram
3492 5528 3550 5570 se
3577 5512 3753 5569 effun-

2163 5599 2318 5666 dunt,
2347 5608 2455 5655 tum
2483 5600 2772 5657 Cherubim
2800 5602 2891 5673 qui
2932 5602 3351 5660 innumerabiles
3390 5614 3536 5673 sunt,
3569 5614 3623 5660 et
3648 5605 3749 5661 Se-

2150 5691 2405 5763 °raphim;
2432 5702 2705 5763 postremo
2751 5694 2976 5766 ipsemet
3029 5696 3264 5769 advenit,
3312 5698 3483 5769 gloria
3528 5697 3616 5754 illa
3643 5697 3755 5754 cir-
