4148 6402
487 283 591 340 9.79

486 399 619 454 αὐτὸ
653 397 751 468 μέν
783 399 952 465 ἐστιν,
988 395 1231 454 ἐνδύεται
1259 400 1316 454 δέ
1355 402 1685 471 ἀφθαρσίαν.
1742 407 2057 470 Μετασχη-

481 491 746 560 ματίσει,
777 491 961 560 φησίν.
990 493 1133 562 "Ap:
1173 493 1268 545 καὶ
1299 493 1357 546 τὸ
1405 494 1590 564 σχῆμα
1638 495 1845 566 ἓτερον,
1890 496 1922 565 ἢ
1963 496 2061 564 τὴν

495 579 800 650 μεταϐολὴν
828 577 970 633 οὕτω
1005 583 1459 652 καταχρηστικῶς
1493 584 1741 639 ἐκάλεσε.
1797 585 1973 654 Σῶμα
2002 586 2061 638 δὲ

487 670 902 737 ταπεινώσεως
932 671 1102 740 ἡμῶν
1151 668 1327 740 εἶπεν,
1359 675 1443 728 ὅτι
1492 676 1887 729 τεταπείνωται
1942 674 2059 742 νῦν,

487 762 568 816 δτι
597 763 665 831 τῇ
698 763 873 833 φθορᾷ
907 762 1055 816 ἐστιν
1089 763 1413 828 ὑπεύθυνον,
1451 768 1518 837 τῇ
1559 766 1832 837 ἀλγηδόνι,
1862 767 1945 820 ὅτι
1972 766 2061 819 δο-

487 853 574 905 κεῖ
609 852 825 916 εὐτελὲς
876 848 1038 918 εἰναι,
1089 855 1185 907 καὶ
1214 855 1366 908 οὐδὲν
1412 856 1523 909 τῶν
1580 856 1781 910 λοιπῶν
1816 857 1959 927 ἔχειν
2006 874 2062 910 τι

491 942 669 997 πλέον.
722 946 826 1010 Εἰς
859 944 925 998 τὸ
961 946 1239 1015 γενέσθαι
1294 948 1462 1012 αὐτὸ,
1511 948 1665 1018 φησὶ,
1708 950 2064 1019 σύμμορφον

490 1034 571 1100 τῷ
604 1035 831 1105 σώματι
878 1035 988 1103 τῆς
1039 1037 1225 1105 δόξης
1254 1039 1462 1093 αὑτοῦ.
1496 1040 1699 1094 Βαϐαίί
1737 1041 1949 1111 ἐκείνῳ,
1984 1041 2061 1111 τῷ

493 1128 789 1199 καθημένῳ
826 1131 884 1183 ἐν
934 1129 1082 1200 δεξιᾷ
1113 1131 1205 1183 τοῦ
1246 1131 1478 1201 Πατρὸς,
1533 1132 1854 1202 σύμμορφον
1904 1131 2062 1184 τοῦτο

491 1222 554 1273 τὸ
601 1220 759 1290 σῶμα
812 1221 1051 1288 γίνεται·
1112 1222 1327 1293 ἐκείνῳ,
1353 1222 1433 1293 τῷ
1471 1223 1929 1293 προσκυνουμένῳ
1958 1222 2063 1274 ὑπὸ

491 1309 758 1378 ἀγγέλων,
789 1311 999 1380 ἐκείνῳ,
1021 1304 1065 1379 ᾧ
1090 1314 1507 1383 παρεστήκεσαν
1528 1314 1585 1365 αἰ
1602 1313 1879 1383 ἀσώματοι
1902 1314 2060 1367 δυνάο

493 1417 636 1469 μεις,
669 1401 863 1471 ἐκείνῳ
895 1401 974 1471 τῷ
1004 1402 1189 1456 ἐπάνω
1242 1403 1423 1474 πάσης
1457 1404 1629 1475 ἀρχῆς
1674 1405 1768 1456 καὶ
1815 1404 2060 1468 ἐξουσίας

493 1493 588 1544 καὶ
610 1492 915 1563 δυνάμεως,
950 1494 1141 1565 ἐκείνῳ
1170 1494 1490 1567 σύμμορφον
1516 1496 1746 1563 γίνεται.
1769 1494 1914 1568 *Αρα
1940 1496 2004 1550 ἂν
2027 1498 2061 1567 ὴ

489 1585 783 1655 οἰκουμένη
816 1587 966 1639 πᾶσα
1023 1586 1262 1640 λαϐοῦσα
1305 1588 1535 1657 δάκρυα,
1564 1590 1690 1652 τοῦς
1737 1590 1934 1661 ταύτης
1962 1592 2062 1661 τῆς

489 1674 704 1738 ἐλπίδος
727 1677 1149 1741 ἐκπεπτωκότας
1180 1677 1410 1750 δακρύῃ,
1460 1678 1627 1743 ἀξίως
1666 1680 1945 1750 δακρύσει,
1978 1683 2061 1736 ὅτι

490 1769 821 1837 ἐπαγγελίας
858 1773 989 1842 ἡμῖν
1018 1772 1276 1844 κειμένης
1303 1772 1495 1843 ἐκείνῳ
1540 1773 1792 1841 γενέσθαι
1816 1774 2064 1846 σύμμορ-

492 1876 610 1929 φον,
638 1860 775 1929 μετά
827 1860 936 1913 τῶν
983 1861 1252 1932 δαιμόνων
1280 1864 1601 1934 ἀπέρχεται;
1664 1865 1737 1918 Οὐ
1772 1865 1921 1935 μέλει
1972 1883 2062 1935 μοι

492 1950 717 2021 γεέννης
762 1952 977 2005 λοιπόνο
1039 1955 1140 2007 ὅσα
1174 1954 1240 2009 ἂν
1269 1956 1455 2026 εἴπῃς,
1490 1956 1642 2009 οὐδὲν
1685 1957 1891 2026 νομίζω
1926 1958 2063 2028 πρὸς

490 2044 589 2112 τὴν
618 2043 889 2097 ἔκπτωσιν
917 2045 1137 2116 ταύτην.
1186 2047 1251 2099 Τί
1289 2047 1485 2115 λέγεις,
1521 2041 1565 2100 ὦ
1600 2048 1811 2112 Παῦλε;
1872 2050 2062 2120 ἐκείνῳ

494 2132 814 2206 σύμμορφον
847 2136 1087 2203 γίνεται;
1137 2137 1265 2200 Ναὶ,
1294 2139 1477 2208 φησίν.
1516 2135 1672 2206 Εἶτα,
1708 2140 1794 2194 ἵνα
1825 2141 1898 2212 μὴ
1932 2146 2063 2197 ἀπι-

492 2224 717 2294 στήσῃς,
763 2226 858 2278 καὶ
907 2225 1165 2295 λογισμὸν
1222 2228 1491 2299 ἐπήγαγε*
1533 2230 1694 2284 Κατὰ
1759 2231 1874 2299 τὴν
1909 2232 2065 2300 ἐνέρ-

495 2330 677 2383 γειαν,
706 2316 858 2384 φησὶ,
911 2316 1018 2369 τοῦ
1050 2317 1345 2373 δύνασθαι
1388 2320 1575 2374 αὐτόν
1621 2322 1721 2375 καὶ
1770 2321 2064 2387 ὑποτάξαι

486 2402 683 2467 ἐαυτῷ
715 2404 788 2457 τὰ
820 2404 1036 2459 πάντα.
1086 2407 1327 2475 Δύναμιν
1374 2407 1509 2478 ἔχει,
1567 2411 1752 2479 φησὶν,
1801 2409 1941 2462 ὥστε
1996 2410 2064 2463 τά

492 2493 669 2547 πάντα
698 2494 981 2559 ὑποτάξαι,
1009 2495 1147 2548 ὥστε
1178 2498 1273 2549 καὶ
1296 2498 1394 2569 τὴν
1421 2499 1626 2569 φθορὰν
1661 2501 1754 2552 καὶ
1787 2500 1876 2553 τὸν
1903 2501 2065 2553 θάνα-

490 2601 612 2638 τον·
652 2586 852 2655 μᾶλλον
880 2587 937 2639 δὲ
969 2587 1076 2639 ἀπὸ
1106 2590 1205 2659 τῆς
1236 2590 1408 2659 αὐτῆς
1438 2591 1723 2660 δυνάμεως
1765 2593 1859 2645 καὶ
1908 2593 2064 2647 τοῦτο

492 2678 657 2729 ποιεῖ.
689 2678 847 2730 Ποῖον
879 2679 984 2750 γὰρ
1018 2679 1299 2749 δυνάμεώς
1333 2682 1450 2734 ἐστι
1484 2682 1748 2752 μείζονος,
1786 2685 1911 2736 εἰπέ
1951 2702 2061 2753 μοι,

491 2768 756 2836 ἀγγέλους
794 2772 889 2823 καὶ
931 2772 1304 2841 ἀρχαγγέλους
1332 2774 1428 2827 καὶ
1453 2775 1738 2845 Χερουϐὶμ
1768 2777 1862 2830 καὶ
1892 2778 2062 2847 Σερα-

493 2858 599 2927 φὶμ
663 2860 926 2927 ὑποτάξαι
982 2864 1077 2915 καὶ
1145 2863 1444 2934 δαίμονας,
1507 2866 1541 2937 ἢ
1607 2867 1765 2937 σῶμα
1840 2869 2063 2935 ποιῆσαι

490 2951 764 3022 ἄφθαρτον
809 2954 902 3006 καὶ
949 2954 1243 3021 ἀθάνατον;
1282 2956 1466 3026 Πολλῷ
1489 2958 1553 3028 δὴ
1584 2959 1781 3028 μᾶλλον
1825 2961 2000 3024 τοῦτο,
2027 2960 2062 3032 ἢ

488 3043 685 3098 ἐκεῖνο.
715 3045 924 3110 Ἐδειξε
976 3046 1195 3116 μείζονα
1230 3047 1368 3118 ἔργα
1397 3049 1497 3120 τῆς
1551 3049 1833 3119 δυνάμεως
1873 3052 2061 3116 αὑτοῦ,

491 3134 579 3187 ῖνα
620 3136 713 3188 καὶ
743 3137 953 3199 τούτοις
983 3138 1300 3209 πιστεύσῃς.
1327 3140 1491 3193 Ὥστε
1525 3140 1627 3194 κᾶν
1656 3142 1816 3212 ὁρᾶτε
1842 3142 2065 3206 τούτους

491 3225 805 3294 χαίροντας,
833 3228 937 3281 κᾶν
958 3231 1119 3298 ὁρᾶτε
1151 3231 1587 3302 δεδοξασμένους,
1615 3236 1865 3304 στήκετε,
1897 3235 2063 3304 μηδὲν

492 3317 946 3388 παραϐλάπτεσθε
968 3321 1099 3392 παρ’
1132 3323 1330 3385 αὐτῶν,
1362 3325 1526 3396 μηδὲν
1552 3326 1849 3396 πτύρεσθε⁸
1884 3327 2065 3379 ἱκαναὶ

492 3404 650 3464 αὗται
681 3414 734 3463 αἱ
762 3411 980 3475 ἐλπίδες
1000 3413 1094 3467 καὶ
1124 3414 1216 3466 τὸν
1251 3416 1454 3485 σφόδρα
1481 3416 1684 3487 νωθρὸν
1711 3416 1804 3469 καὶ
1828 3417 2066 3487 ὑπνηλὺν

492 3500 818 3571 ἀνορθῶσαι.
842 3504 1040 3569 Ὥστε,
1072 3504 1327 3573 ἀδελφοί
1382 3524 1526 3574 μου,
1558 3509 1738 3576 φησὶν,
1771 3508 2067 3577 ἀγαπητοὶ

492 3592 591 3645 καὶ
641 3593 1011 3661 ἐπιπόθητοι,
1049 3595 1205 3664 χαρά
1258 3614 1378 3666 μου
1440 3598 1536 3650 καί
1578 3598 1881 3666 στέφανός
1923 3618 2062 3668 μου,

492 3684 644 3737 οὕτω
674 3686 929 3751 στήκετε
967 3687 1037 3740 ἐν
1066 3689 1279 3756 Κυρίῳ,
1320 3689 1635 3758 ἀγαπητοί.
1694 3690 1870 3753 Οὕτω,
1908 3692 2062 3758 πῶς;

504 3775 591 3839 Ὠς
628 3777 893 3846 ἑστήκατε
928 3779 1185 3842 άκλινείς.
1210 3779 1354 3849 Ὅρα
1385 3780 1503 3841 πῶς
1556 3780 1692 3849 μετά
1720 3781 1819 3850 τὴν
1860 3782 2064 3851 παραί-

493 3881 638 3918 νεσιν
663 3866 733 3919 τά
754 3866 1038 3938 ἐγκώμια·
1076 3867 1239 3936 Χαρὰ
1272 3868 1370 3922 καὶ
1423 3868 1723 3937 στέφανός
1770 3888 1908 3939 μου.
1956 3872 2066 3941 Οὐχ

495 3957 678 4022 ἁπλῶς
720 3960 882 4029 χαρὰ,
923 3960 1060 4014 ἀλλά
1088 3961 1182 4013 και
1223 3961 1371 4025 δόξαο
1402 3962 1498 4032 οὐχ
1526 3948 1712 4026 ἀπλῶς
1756 3962 1905 4027 δόξα,
1933 3964 2067 4018 ἀλλὰ

494 4048 586 4100 καὶ
619 4049 880 4116 στέφανος
901 4066 914 4080 °
947 4046 1015 4121 ἧς
1042 4051 1198 4122 δόξης
1236 4054 1337 4105 οὑκ
1366 4053 1512 4105 ἐστιν
1543 4054 1675 4120 ἴσον,
1700 4055 1827 4108 ὅταν
1853 4055 2065 4107 Παύλου

497 4135 757 4203 στέφανος
800 4131 955 4191 ὦσιν.
1003 4140 1168 4192 Οὕτω
1211 4142 1466 4207 στήκετε
1500 4142 1570 4194 ἐν
1597 4144 1810 4209 Κυρίῳ,
1840 4144 2069 4211 ἀγαπη-

492 4228 620 4280 τοί·
674 4230 971 4294 τουτέστιν,
1022 4233 1079 4284 ἐν
1126 4235 1192 4302 τῇ
1244 4233 1420 4286 ἐλπίδι
1452 4233 1546 4287 τοῦ
1593 4235 1747 4288 Θεοῦ.
1806 4237 2068 4290 Εὐοδίαν

492 4319 839 4386 παρακαλῶ,
907 4323 1005 4374 καὶ
1052 4324 1375 4391 Συντύχην
1427 4326 1756 4393 παρακαλῶ
1801 4326 1867 4379 τὸ
1918 4328 2066 4381 αὐτὸ

492 4410 739 4477 φρονεῖν
772 4410 840 4463 ἒν
884 4414 1099 4480 Κυρίῳ.
1158 4415 1267 4468 Καὶ
1319 4414 1511 4482 ἐρωτῶ
1558 4417 1656 4470 καὶ
1706 4417 1799 4482 σὲ,
1850 4416 2067 4489 σύζυγε

490 4500 728 4568 γνήσιε,
763 4505 1334 4572 συναντιλαμϐἁνου
1362 4506 1591 4570 αὐταῖς.

564 4592 1064 4665 [501]γ’.Τινὲςτὴν
1085 4598 1315 4662 γυναῖκα
1339 4596 1503 4649 αὐτοῦ
1526 4598 1865 4666 παρακαλεῖν
1880 4598 2069 4652 ἐνταῦ-

493 4683 563 4737 θά
594 4701 778 4753 φασιν,
806 4684 1026 4754 Σύζυγε
1049 4685 1293 4753 γνήσιε·
1325 4687 1441 4739 ἀλλ’
1474 4689 1571 4740 οὐκ
1602 4688 1769 4754 ἔστιν,
1793 4688 1929 4742 ἀλλά
1948 4708 2067 4743 τινα

491 4779 744 4844 γυναῖκα,
775 4778 808 4848 ἢ
845 4778 938 4831 καὶ
968 4779 1139 4850 ἄνδρα
1186 4781 1315 4849 μιᾶς
1346 4780 1546 4833 αὐτῶν.
1581 4782 2067 4851 Συναντιλαμϐά-

490 4883 603 4920 νου
632 4866 861 4933 αὐταῖς,
903 4867 1086 4937 φησὶν,
1112 4868 1332 4932 αἳτινες
1353 4869 1424 4921 ἐν
1458 4867 1539 4934 τῷ
1569 4870 1895 4937 εὐαγγελίῳ
1914 4886 2069 4923 συν-

492 4958 775 5027 ήθλησάν
793 4977 913 5029 μοι,
933 4959 1083 5028 μετὰ
1104 4961 1201 5013 καί
1222 4960 1566 5028 Κλήμεντος
1585 4960 1816 5015 καὶτῶν
1835 4963 2068 5016 λοιπῶν

492 5048 806 5119 συνεργῶν
828 5068 967 5118 μου,
1022 5044 1113 5103 ὧν
1157 5056 1230 5104 τὰ
1268 5051 1528 5119 ὀνόματα
1563 5051 1633 5104 ἐν
1665 5052 1860 5116 βίϐλῳ
1894 5051 2061 5120 ζωῆς.

502 5142 667 5213 ὐρᾷς
710 5142 843 5213 ὅσην
893 5143 1076 5205 αὐτοῖς
1131 5141 1331 5211 ἀρετὴν
1382 5145 1677 5212 μαρτυρεῖς
1725 5144 1900 5212 Ὅπερ
1952 5144 2067 5205 τοῖς

491 5232 811 5295 ἀποστόλοις
843 5226 995 5285 εἶπεν
1046 5233 1075 5283 ὁ
1122 5231 1374 5301 Χριστὸς,
1426 5233 1521 5300 Μὴ
1581 5234 1834 5301 χαίρετε.
1880 5233 1967 5285 ὅτι
1994 5234 2067 5287 τὰ

493 5324 770 5392 δαιμόνια
818 5323 962 5393 ὑμῖν
1009 5324 1320 5385 ὑπακούει,
1359 5324 1498 5377 ἀλλ’
1536 5324 1627 5377 ὅτι
1683 5323 1755 5377 τὰ
1803 5326 2066 5395 ὀνόματα

491 5412 657 5484 ὑμῶν
686 5415 1130 5485 ἐγγεγραμμένα
1156 5416 1226 5469 ἐν
1250 5416 1447 5480 βίϐλῳ
1474 5414 1641 5483 ζωῆς,
1695 5415 1853 5469 τοῦτο
1882 5419 2064 5481 αὐτοῖς

497 5507 769 5575 μαρτυρεῖ
797 5506 891 5557 καὶ
917 5498 1071 5567 οὗτος
1106 5504 1300 5573 λέγων,
1322 5497 1436 5557 ’Ὧν
1467 5504 1540 5556 τὰ
1567 5504 1830 5571 ὀνόματα
1865 5505 1935 5558 ἐν
1962 5506 2061 5569 βί-

494 5596 616 5661 ϐλῳ
641 5593 811 5664 ζωῆς.
843 5594 1067 5649 Δοκοῦσι
1095 5594 1151 5649 δέ
1189 5612 1279 5665 μοι
1314 5588 1474 5649 αῦται
1501 5595 1556 5648 αὶ
1584 5598 1840 5662 γυναῖκες
1880 5597 1940 5649 τὸ
1972 5614 2064 5650 κε-

494 5687 723 5756 φάλαιον
750 5685 889 5745 εἶναι
924 5691 1024 5763 τῆς
1052 5687 1378 5759 Ἐκκλησίας
1408 5688 1504 5758 τῆς
1542 5688 1676 5755 ἐκεῖ,
1707 5692 1800 5745 καὶ
1832 5691 2061 5762 παρατί-

1296 285 1363 340 IN
1400 285 1623 343 EPIST.
1655 289 1749 341 AD
1783 284 2051 341 PHILIPP
2106 283 2259 340 CAP.
2302 287 2385 342 Ill.
2425 287 2656 342 IIOMIL.
2702 286 2840 341 XIII.

3629 281 3740 338 230

2172 402 2322 455 θεται
2354 403 2522 466 αὑτάς
2558 403 2712 473 ἀνδρὶ
2761 403 2889 464 ῖσως
2934 398 3249 470 θαυμαστῷ,
3282 399 3339 451 ὃν
3385 398 3477 452 καὶ
3507 398 3741 467 σύζυγον

2168 494 2323 545 καλεῖ
2340 510 2352 522 ⁸
2386 489 2430 560 ᾧ
2451 494 2581 556 ἴσως
2610 491 2791 545 εἰώθει
2830 490 3249 560 παρατίθεσθαι,
3274 490 3349 553 ὡς
3373 490 3619 560 συνεργῷ
3645 493 3742 544 καὶ

2171 584 2474 656 στρατιώτῃ
2501 587 2596 638 καὶ
2616 583 2854 652 κοινωνῷ
2886 583 2997 635 καῖ’
3019 581 3231 651 ἀδελφῷ
3249 599 3262 611 ·
3300 582 3435 651 ὅπερ
3466 584 3559 634 καὶ
3587 585 3643 634 ἐν
3670 584 3738 652 τῇ

2168 676 2305 747 πρὸς
2332 677 2631 746 Ῥωμαίους
2666 678 2828 739 ποιεῖ,
2856 676 3055 743 λέγων·
3082 675 3411 741 Συνίστημι
3438 673 3581 741 ὑμῖν
3605 674 3740 726 Φοί-

2169 767 2285 833 ϐην
2337 765 2450 832 τὴν
2493 764 2769 833 ἀδελφὴν
2818 764 3004 833 ἡμῶν,
3061 762 3343 816 διάκονον
3388 759 3586 816 οὖσαν
3629 762 3743 829 τῆς

2181 858 2545 924 Ἐκκλησίας
2577 855 2686 924 τῆς
2724 857 2794 909 ἐν
2822 855 3160 925 Κεγχρεαῖς.
3201 853 3441 923 Σύζυγε.
3470 855 3542 907 Ἦ
3588 855 3743 907 ἀδελ-

2169 948 2267 1015 φόν
2292 964 2413 999 τινα
2442 946 2640 1009 αὐτῶν,
2668 946 2700 1016 ἦ
2739 947 2832 997 καὶ
2854 945 3020 1015 ἄνδρα
3044 947 3172 1014 μιᾶς
3192 943 3371 995 αὑτῶν
3391 942 3533 994 οὕτω
3564 942 3739 994 καλεῖο

2169 1038 2247 1102 ώς
2278 1038 2344 1091 ἂν
2386 1040 2433 1091 εί
2464 1038 2646 1106 ἔλεγε·
2683 1036 2796 1089 Νῦν
2827 1036 3048 1103 ἀδελφὸς
3096 1031 3147 1087 εἴ
3175 1035 3416 1105 γνήσιος,
3460 1035 3556 1086 νῦν
3604 1034 3743 1104 ἀνὴρ

2168 1132 2411 1199 γνήσιος,
2438 1131 2519 1182 ὅτι
2557 1129 2716 1200 μέλος
2742 1128 2992 1197 γέγονας.
3028 1126 3258 1191 Αἵτινες
3296 1125 3364 1177 ὲν
3386 1124 3465 1188 τῷ
3502 1126 3743 1192 εὐαγγε-

2167 1222 2279 1287 λίῳ
2326 1220 2732 1286 συνήθλησάν
2754 1238 2875 1288 μοι.
2929 1218 3155 1271 Οῖκοθεν
3190 1219 3222 1287 ή
3259 1216 3566 1286 προστασία
3624 1232 3741 1279 σου,

2166 1313 2268 1365 οὐκ
2291 1312 2400 1365 ἀπὸ
2421 1310 2626 1380 φιλίας,
2653 1310 2767 1363 ἀλλ’
2802 1308 2910 1364 ἀπὸ
2939 1307 3405 1378 κατορθωμάτων.
3440 1304 3746 1373 Συνήθλη-

2167 1404 2291 1458 σάν
2324 1422 2445 1473 μοι.
2504 1404 2569 1455 Τί
2602 1404 2820 1470 λέγεις;
2872 1405 3126 1472 γυναῖκες
3180 1400 3558 1471 συνήθλησαν;
3612 1398 3741 1458 Ναὶ,

2169 1497 2352 1567 φησίν.
2381 1496 2455 1549 Οὐ
2491 1496 2685 1565 μικρὸν
2708 1496 2799 1547 καὶ
2830 1489 2987 1548 αῦται
3014 1493 3371 1547 συνεϐάλοντο
3402 1492 3563 1562 μέρος
3581 1510 3594 1522 ·
3624 1491 3747 1543 καί·

2167 1606 2249 1641 τοι
2280 1589 2337 1641 δὲ
2366 1588 2573 1641 πολλῶν
2606 1588 2774 1641 όντων
2806 1587 2914 1639 τῶν
2944 1586 3350 1656 συνεργούντων
3393 1584 3560 1653 αὐτῷ,
3593 1585 3745 1653 ὅμως

2168 1682 2226 1733 ἐν
2256 1681 2471 1743 πολλοῖς
2523 1680 2619 1733 καὶ
2668 1673 2829 1733 αῦται
2884 1678 3268 1753 συνέπραττον.
3296 1677 3372 1729 Οὐ
3406 1676 3616 1745 μικρῶς
3650 1670 3746 1727 οὖν

2167 1773 2287 1825 τότε
2318 1769 2735 1843 συνεκροτοῦντο
2764 1769 2821 1823 αἰ
2858 1768 3176 1836 Ἐκκλησίαι
3195 1784 3209 1797 ο
3247 1767 3326 1835 τῷ
3355 1766 3465 1836 γὰρ
3492 1768 3618 1829 τοὺς
3650 1767 3746 1819 εὑ-

2168 1865 2442 1934 δοκίμους,
2468 1864 2578 1916 εῐτε
2611 1862 2830 1932 ἄνδρας,
2853 1861 2963 1913 εἴτε
2986 1863 3272 1929 γυναῖκας,
3303 1859 3571 1927 τοσαύτης
3593 1860 3745 1927 παρὰ

2166 1954 2275 2007 τῶν
2308 1954 2507 2006 λοιπῶν
2536 1953 2829 2007 ἀπολαύειν
2848 1952 3033 2022 τιμῆς,
3056 1951 3225 2003 πολλὰ
3247 1951 3455 2017 ἐγίνετο
3487 1950 3557 2003 τὰ
3579 1948 3741 2002 καλά.

2167 2046 2393 2118 Πρῶτον
2429 2048 2526 2116 μὲν
2550 2047 2658 2117 γὰρ
2695 2046 2745 2098 οἱ
2784 2043 2959 2097 λοιποὶ
2988 2042 3123 2112 πρὸς
3157 2042 3247 2094 τὸν
3284 2043 3394 2094 ῖσον
3423 2043 3617 2111 ἤγοντο
3646 2040 3746 2109 ζῆ-

2168 2138 2260 2190 λον
2282 2153 2298 2166 ·
2338 2137 2589 2207 δεύτερον
2616 2136 2673 2188 δὲ
2701 2133 2797 2188 καὶ
2815 2134 3122 2203 ἐκέρδαινον
3153 2132 3240 2183 διὰ
3272 2130 3367 2200 τῆς
3397 2132 3563 2200 τιμῆς
3586 2147 3600 2161 ο
3630 2129 3749 2200 τρί-

2166 2246 2260 2282 τον
2286 2230 2378 2281 κα“ι
2407 2228 2603 2289 αὐτοὺς
2654 2225 2893 2288 ἐκείνους
2929 2223 3370 2294 προθυμοτέρους
3404 2222 3620 2273 ἐποίουν
3649 2220 3746 2272 καὶ

2170 2320 2580 2389 σφοδροτέρους.
2606 2318 2705 2371 Διά
2733 2315 2891 2369 τοῦτο
2917 2315 3192 2385 πανταχοῦ
3226 2317 3357 2384 ὁρᾷς
3377 2313 3745 2383 ἐπιμελούμε-

2168 2428 2257 2462 νον
2278 2409 2468 2462 τούτου
2495 2408 2584 2460 τὸν
2612 2406 2844 2468 Παῦλον,
2877 2407 2972 2458 καὶ
3015 2404 3445 2475 παρατιθέμενον
3478 2404 3603 2466 τοὺς
3629 2421 3745 2456 τοι-

2168 2503 2355 2563 ούτους
2379 2517 2393 2531 ·
2431 2500 2569 2569 ὅπερ
2598 2499 2694 2552 καὶ
2720 2500 2779 2551 ἐν
2814 2500 2881 2568 τῇ
2914 2497 3046 2566 πρὸς
3071 2496 3391 2567 Κορινθίους
3425 2497 3611 2565 φησὶν,
3645 2495 3747 2547 Οἳ-

2168 2592 2328 2658 τινὲς
2355 2594 2515 2645 εἰσιν
2543 2590 2789 2659 ἀπαρχὴ
2840 2588 2950 2656 τῆς
2997 2589 3259 2656 Ἀχαΐας.
3295 2587 3452 2649 Τινὲς
3488 2587 3544 2638 δέ
3582 2602 3745 2654 φασιν

2169 2684 2339 2751 ὄνομα
2380 2682 2558 2734 ἐκεῖνο
2611 2679 2802 2751 κύριον
2848 2675 2987 2732 εἶναι
3043 2678 3124 2744 τὸ,
3152 2675 3375 2745 Σύζυγε
3411 2693 3422 2705 ·
3465 2675 3604 2746 πλὴν
3636 2676 3746 2727 εἴτε

2168 2771 2348 2837 τοῦτο,
2378 2770 2486 2823 εἴτε
2536 2772 2731 2831 ἐκεῖνο,
2766 2771 2825 2822 οὑ
2882 2770 3087 2838 σφόδρα
3139 2766 3606 2837 ἀκριϐολογεῖσθαι
3644 2765 3745 2830 δεῖ,

2170 2862 2284 2915 ἀλλ’
2305 2864 2387 2915 ὅτι
2412 2861 2614 2931 πολλῆς
2641 2861 2856 2914 κελεύει
2872 2860 3041 2923 αὑτάς
3065 2858 3400 2928 προστασίας
3422 2856 3745 2923 ἀπολαῦσαι,

2170 2953 2490 3023 θαυμάζειν.

2240 3043 2305 3097 δ’.
2340 3044 2523 3096 Πάντα
2549 3045 2682 3114 ἡμῖν
2725 3044 2781 3095 ἐν
2822 3043 3069 3113 οὐρανοῖς
3100 3043 3238 3101 ἐστι,
3269 3042 3363 3094 καὶ
3412 3041 3604 3111 Σωτὴρ
3654 3043 3749 3094 καὶ

2170 3133 2345 3196 πόλις,
2375 3135 2467 3185 καὶ
2498 3135 2526 3187 ὅ
2562 3151 2616 3186 τι
2650 3134 2715 3187 ἂν
2747 3133 2889 3185 εἴποι
2921 3151 3003 3196 τις
3025 3150 3039 3164 ο
3075 3132 3169 3196 Ἐξ
3198 3130 3292 3194 οὗ,
3324 3133 3476 3202 φησὶ,
3508 3131 3604 3184 καί
3634 3134 3750 3184 Σω-

2169 3225 2319 3294 τῆρα
2377 3225 2827 3295 ἀπεκδεχόμεθα
2894 3227 3117 3294 Κύριον
3158 3224 3404 3292 Ἰησοῦν
3467 3224 3746 3291 Χριστόν.

2172 3318 2282 3372 Καὶ¹
2341 3317 2499 3369 τοῦτο
2553 3318 2652 3389 τῆς
2696 3316 3107 3387 φιλανθρωπίας
3156 3314 3345 3369 αὑτοῦ.
3380 3314 3549 3376 Αὐτὸς
3586 3312 3752 3367 πάλιν

2172 3406 2391 3478 ἔρχεται
2420 3406 2557 3476 πρὸς
2601 3407 2769 3475 ἡμᾶς,
2820 3406 2919 3474 οὐχ
2954 3406 3102 3474 ἡμᾶς
3129 3404 3276 3456 ἕλκει
3309 3406 3444 3467 ἐκεῖ,
3468 3404 3563 3455 καὶ
3603 3401 3751 3454 οὓτω

2170 3498 2353 3552 λαϐὼν
2379 3501 2529 3569 ἡμᾶς
2554 3500 2766 3552 ἄπεισι·
2802 3498 2899 3551 καὶ
2926 3498 3085 3549 τοῦτο
3112 3496 3310 3566 πολλῆς
3332 3498 3429 3566 τῆς
3456 3494 3644 3564 τιμῆς.
3682 3494 3747 3546 Εἰ

2172 3588 2283 3659 γάρ
2326 3588 2466 3657 πρὸς
2496 3587 2726 3657 ἐχθροὺς
2755 3585 2914 3649 ὄντας
2964 3581 3117 3656 ἦλθε,
3164 3583 3343 3653 πολλῷ
3382 3582 3582 3651 μᾶλλον
3611 3581 3749 3650 πρὸς

2173 3679 2362 3749 φίλους
2413 3679 2756 3748 γενομένους.
2798 3678 2911 3729 Οὐκ
2944 3675 3228 3746 ἐπιτρέπει
3282 3674 3440 3727 τοῦτο
3471 3672 3748 3742 ἀγγέλοις,

2172 3771 2292 3823 οὐδὲ
2318 3770 2544 3835 δούλοις,
2577 3770 2689 3823 ἀλλ’
2738 3769 2903 3832 αὐτὸς
2955 3769 3049 3820 ἐπὶ
3102 3767 3210 3820 τῶν
3242 3764 3479 3832 νεφελῶν
3524 3763 3751 3835 ἔρχεται

2172 3862 2417 3915 καλέσων
2461 3863 2606 3933 ἡμᾶς
2655 3862 2732 3924 είς
2774 3861 2844 3915 τά
2889 3858 3138 3930 βασίλεια
3183 3858 3369 3911 αὑτοῦ.
3396 3857 3547 3926 Τάχα
3568 3855 3625 3909 δὲ
3652 3855 3752 3908 καὶ

2172 3955 2220 4006 οἰ
2254 3951 2443 4015 αὑτοῦ,
2492 3951 2792 4022 τιμώμενοι
2839 3952 2930 4005 ὑπ’
2967 3950 3123 4025 [502]
3169 3949 3354 4013 αὑτοῦ,
3417 3948 3749 4018 ἀρθήσονται

2172 4048 2261 4101 διὰ
2291 4046 2552 4116 νεφελῶν.
2613 4045 2721 4099 Καὶ
2773 4046 2934 4115 ἡμεῖς
2987 4045 3117 4114 γὰρ,
3154 4042 3340 4113 φησὶν,
3386 4043 3443 4093 ὲν
3497 4038 3749 4107 νεφέλαις

2174 4137 2607 4210 ἁρπαγησόμεθα
2636 4138 2686 4191 οἰ
2719 4135 2991 4206 τιμῶντες
3020 4136 3201 4197 αὑτὸν,
3227 4134 3320 4187 καὶ
3348 4132 3489 4185 οὕτω
3519 4131 3749 4184 πάντοτε

2175 4233 2271 4286 σὺν
2295 4233 2484 4302 Κυρίῳ
2510 4228 2768 4300 ἐσόμεθα.
2810 4229 2906 4290 Τίς
2936 4226 3041 4295 ἄρα
3063 4226 3260 4297 εὑρεθῇ
3287 4225 3315 4275 ό
3344 4225 3532 4286 πιστὸς
3560 4221 3749 4283 δοῦλος

2172 4327 2266 4379 καὶ
2294 4326 2556 4395 φρόνιμος
2580 4340 2594 4389 ;
2641 4324 2785 4385 τίνες
2810 4321 2917 4392 ἄρα
2940 4321 2988 4372 οἱ
3028 4316 3443 4386 καταξιούμενοι
3482 4314 3589 4366 τῶν
3616 4327 3747 4363 τοσ-

2173 4414 2346 4466 ούτων
2399 4413 2659 4482 ἀγαθῶν;
2731 4410 2849 4474 πῶς
2897 4409 3123 4461 ἐλεεινοὶ
3199 4409 3248 4459 οἱ
3308 4403 3747 4465 ἀποπίπτοντες;

2173 4506 2235 4557 Εἰ
2274 4505 2383 4575 γὰρ
2410 4506 2501 4557 τὸν
2534 4505 2709 4556 πάντα
2758 4502 2948 4573 χρόνον
2993 4499 3283 4567 ἐκλαίομεν
3334 4496 3436 4565 τῆς
3472 4492 3751 4564 βασιλείας

2173 4595 2556 4664 ἀποτυχόντες,
2601 4591 2711 4663 ἆρά
2738 4611 2791 4645 τι
2833 4592 2982 4658 ἄξιον
3013 4588 3328 4659 ἐποιοῦμεν;
3370 4589 3432 4640 Εἰ
3485 4585 3594 4655 γὰρ
3647 4591 3750 4653 μυ-

2177 4687 2297 4757 ρίας
2341 4686 2563 4755 γεέννας
2622 4685 2804 4755 εἴπῃς,
2847 4682 3000 4735 οὐδὲν
3049 4682 3164 4734 ἴσον
3211 4681 3355 4751 ἐρεῖς
3404 4679 3503 4747 τῆς
3556 4676 3751 4744 ὀδύνης

2174 4779 2411 4849 ἐκείνης,
2451 4778 2519 4848 ἢν
2548 4778 2840 4846 ὑφίσταται
2865 4775 2988 4828 τότε
3022 4776 3054 4845 ή
3090 4772 3255 4843 ψυχὴ,
3288 4772 3386 4840 τῆς
3415 4768 3748 4838 οἰκουμένης

2173 4868 2535 4938 κλονουμένης
2609 4867 2848 4936 ἀπάσης,
2917 4864 3041 4939 τῶν
3093 4862 3407 4929 σαλπίγγων
3472 4857 3747 4929 ἠχουσῶν,

2171 4959 2280 5012 τῶν
2330 4958 2574 5027 ἀγγέλων
2650 4955 3080 5027 προτρεχόντων,
3131 4953 3241 5006 τῶν
3311 4951 3564 5023 πρώτων,
3624 4946 3747 5002 εἶτα

2171 5050 2457 5120 δευτέρων,
2484 5046 2602 5102 εἶτα
2653 5048 2873 5117 τρίτων,
2925 5042 3045 5100 εἷτα
3081 5040 3290 5117 μυρίων
3325 5044 3622 5114 ταγμάτων
3651 5044 3746 5094 ἐκ-

2171 5141 2442 5212 χεομένων
2489 5143 2567 5203 είς
2606 5142 2704 5210 τὴν
2736 5142 2859 5211 γῆν,
2908 5135 3026 5192 εἷτα
3070 5138 3179 5192 τῶν
3226 5137 3508 5208 Χερουϐὶμ
3550 5134 3746 5205 (πολλά

2171 5235 2226 5287 δὲ
2256 5233 2428 5286 ταῦτά
2461 5235 2575 5285 ἐστι
2602 5234 2696 5285 καὶ
2728 5233 2971 5301 ἄπειρα)·
2994 5228 3112 5284 εἶτα
3130 5230 3240 5282 τῶν
3273 5229 3542 5300 Σεραφὶμ,
3578 5226 3741 5279 αὑτοῦ

2172 5323 2466 5394 ἐρχομένου
2484 5323 2575 5375 ἐπὶ
2598 5322 2699 5392 τῆς
2719 5322 2876 5392 δόξης
2891 5321 3104 5393 ἐκείνης
3126 5320 3229 5391 τῆς
3247 5320 3547 5389 ἀφράστου,
3568 5317 3745 5369 ἀπαν-

2168 5413 2404 5478 τώντων,
2423 5413 2531 5466 τῶν
2552 5413 2898 5482 ἀφικομένων
2915 5414 3043 5475 τοὺς
3062 5411 3351 5472 ἐκλεκτοὺς
3370 5410 3523 5476 ἄγειν
3548 5408 3630 5464 εἰς
3648 5406 3742 5472 μέ-

2172 5524 2281 5561 σον·
2315 5501 2434 5559 εἷτα
2462 5507 2568 5559 τῶν
2600 5506 2726 5575 περὶ
2758 5505 2992 5569 Παῦλον,
3025 5505 3119 5558 καὶ
3148 5505 3367 5557 πάντων
3394 5502 3507 5554 ὅσοι
3532 5498 3743 5551 εὐδοκί-

2172 5616 2349 5668 μησαν
2366 5598 2485 5651 κατ’
2505 5598 2684 5663 αὐτὸν,
2705 5594 3173 5666 στεφανουμένων,
3190 5586 3739 5661 ἀνακηρυττομένων,

2170 5690 2488 5763 τιμωμένων
2517 5689 2668 5762 παρά
2689 5690 2784 5745 τοῦ
2810 5688 3081 5751 Βασιλέως
3105 5687 3197 5739 ἐπὶ
3236 5684 3416 5756 πάσης
3440 5682 3536 5753 τῆς
3570 5696 3739 5751 στρα-
