4148 6402
454 286 550 340 2°!

450 400 571 462 τιᾶς
598 398 699 467 τῆς
730 399 1001 471 οὐρανίου.
1033 400 1093 453 Εί
1120 402 1228 473 γὰρ
1253 403 1325 475 μὴ
1352 404 1545 474 γέεννα
1575 402 1661 479 ἦν,
1683 408 1745 460 τὸ
1769 408 1894 470 τοὺς
1924 406 2023 476 μὲν

448 489 732 560 τιμᾶσθαι,
766 491 1007 556 ἐκείνους
1060 493 1116 546 δὲ
1172 496 1555 565 ἀτιμάζεσθαι,
1612 500 1777 552 πόσον
1830 500 2018 564 ἐστίν;

463 581 759 652 Ἀφόρητος
789 583 821 653 ἡ
846 584 1057 651 γέεννα,
1088 585 1353 652 ὀμολογῶζ
1381 589 1475 642 καὶ
1506 588 1706 658 σφόδρα
1727 588 2019 659 ἀφόρητος⁹

449 672 591 742 πλὴν
624 674 1000 745 ἀφορητοτέρα
1026 675 1214 747 αὐτῆς,
1241 677 1336 748 τῆς
1370 676 1698 747 βασιλείαςὴ
1724 678 2018 739 ἔκπτωσις.

446 765 585 818 Εἰπὲ
618 765 725 837 γάρ
750 783 859 835 μοι·
892 767 1044 831 εἴτις
1075 767 1345 838 βασιλεὺς,
1365 770 1398 839 ἢ
1421 770 1533 832 υίὸς
1564 770 1833 839 βασιλέως
1854 769 2020 822 ἀπελ-

448 857 579 919 θὼν,
613 858 707 912 καὶ
740 859 1010 928 πολέμους
1034 859 1382 929 κατορθώσας
1414 861 1659 932 μυρίους,
1683 863 1776 914 καὶ
1807 861 2019 933 θαυμα-

449 947 618 1013 σθεὶς,
660 950 752 1001 καὶ
783 948 919 1019 ἔχων
962 951 1321 1021 στρατόπεδον
1369 953 1694 1024 ὀλόκληρον,
1750 953 2020 1007 ἐπιϐαίνοι

447 1038 656 1102 πόλεώς
675 1056 820 1102 τινος
845 1040 983 1109 μετά
1010 1041 1103 1094 τοῦ
1129 1041 1375 1111 ζεύγους,
1409 1043 1544 1112 μετά
1564 1046 1859 1111 τροπαίων,
1883 1046 2020 1115 μετά

449 1129 658 1199 μυρίων
678 1131 974 1200 ταγμάτων
994 1133 1209 1185 πάντων
1227 1136 1729 1205 χρυσοφορούντων,
1751 1140 1889 1205 μετά
1912 1137 2019 1189 τῶν

432 1220 758 1292 ’δορυφόρων
785 1222 893 1275 τῶν
923 1241 986 1276 πε
996 1224 1051 1295 ρὶ
1074 1225 1234 1278 αὐτὸν
1260 1226 1514 1280 ἁπάντων
1536 1229 1766 1292 ἀσπίδας
1789 1230 2019 1300 ἐχόντων

434 1314 675 1384 χρυσᾶς,
706 1313 802 1366 καὶ
843 1316 991 1368 πᾶσα
1029 1316 1062 1387 ἡ
1097 1316 1251 1381 πόλις
1296 1320 1715 1390 ἐστεφανωμένη
1772 1322 1879 1392 είη,
1927 1322 2018 1375 καὶ

445 1405 644 1467 πάντες
671 1406 720 1458 οἱ
740 1407 836 1477 τῆς
860 1409 1183 1478 οἰκουμένης
1202 1410 1462 1481 ἄρχοντες
1487 1414 1603 1480 μετ’
1622 1413 1807 1476 αὐτοῦ,
1834 1415 2018 1468 ἕποιτο

442 1494 500 1546 δὲ
530 1495 677 1566 αὐτῷ
711 1498 804 1555 καὶ
836 1500 981 1552 πᾶσα
1034 1500 1237 1571 ήλικία,
1287 1502 1461 1556 ὀπίσω
1501 1505 1804 1573 ἀλλογενῶν
1850 1506 2018 1561 ἐθνῶν

433 1584 755 1656 δεσμωτῶν,
793 1590 1073 1659 ὑπάρχων,
1098 1595 1413 1664 σατραπῶν,
1447 1596 1687 1661 ὑπάτων,
1715 1598 2013 1668 τυράννων,

440 1678 739 1748 ἀρχόντων
760 1676 877 1735 εἶτα
900 1685 992 1736 ἐπὶ
1015 1686 1231 1755 ἀπάσης
1257 1687 1355 1757 τῆς
1372 1688 1757 1760 λαμπρότητος
1779 1693 2013 1763 ἐκείνης,

441 1773 569 1834 τοὺς
598 1773 951 1837 ἀπαντῶντας
994 1775 1101 1828 τῶν
1150 1777 1383 1830 πολιτῶν
1414 1779 1618 1848 δέχοιτο
1652 1781 1745 1832 καὶ
1784 1798 2017 1850 καταφι-

442 1864 582 1935 λοίη,
609 1866 701 1918 καὶ
740 1868 896 1938 χεῖρα
925 1867 1106 1937 ὀρέγοι
1130 1910 1144 1932 ,
1172 1871 1268 1923 καὶ
1299 1871 1479 1939 πάσης
1509 1873 1779 1941 μεταδιδοῖ
1804 1876 2017 1944 παρρη-

445 1958 600 2019 σίας.
639 1957 671 2029 ἧ
727 1958 817 2011 καὶ
866 1959 1082 2012 πάντων
1128 1960 1376 2014 ἑστώτων
1413 1962 1709 2031 διαλέγοιτο
1731 2005 1744 2028 ,
1776 1964 1851 2028 ώς
1883 1965 2017 2036 πρὸς

444 2049 650 2118 φίλους,
690 2051 781 2103 καὶ
814 2050 956 2118 λέγοι
987 2053 1165 2108 πᾶσαν
1196 2052 1293 2123 τὴν
1324 2054 1441 2107 ὁδὸν
1468 2056 1681 2126 ἐκείνην
1721 2056 1787 2109 δι’
1821 2058 2016 2120 αὐτοὺς

444 2142 793 2212 πεποιῆσθαι,
825 2144 1066 2207 καὶτοὺς
1121 2143 1222 2214 μὲν
1268 2146 1347 2209 είς
1393 2147 1460 2200 τὰ
1515 2146 1759 2216 βασίλεια
1790 2149 1913 2216 ἀγοι
1950 2147 2018 2200 τὰ

443 2231 660 2297 ἑαυτοῦ,
683 2232 808 2295 τοὺς
830 2233 885 2285 δὲ
907 2234 1327 2303 καταλιμπάνοι,
1356 2235 1528 2305 πόσης
1560 2235 1833 2299 κολάσεως
1861 2235 2018 2289 τοῦτο

440 2322 543 2375 οὐκ
565 2323 731 2386 ἀξιον,
756 2325 803 2376 εί
834 2324 926 2376 καὶ
955 2324 1030 2395 μὴ
1059 2323 1409 2393 κολάζονταις
1438 2328 1498 2380 Εἰ
1532 2327 1587 2380 δὲ
1620 2328 1704 2381 ἐπ’
1729 2328 2014 2400 ἀνθρώπου

441 2414 587 2469 οὕτω
611 2415 807 2486 πικρὸν
840 2416 899 2469 τὸ
929 2416 1029 2485 τῆς
1055 2416 1213 2486 δόξης
1247 2417 1450 2489 ταύτης
1478 2417 1794 2486 ἀποπεσεῖν,
1839 2420 2017 2492 πολλῷ

447 2507 646 2577 μᾶλλον
676 2509 767 2559 ἐπὶ
805 2507 969 2573 Θεοῦ,
1002 2508 1129 2562 ὅταν
1167 2511 1222 2561 αί
1249 2509 1361 2563 ἀνω
1389 2510 1647 2581 δυνάμεις
1679 2515 1847 2565 πᾶσαι
1870 2532 2014 2586 παρ-

446 2599 554 2650 ῶσι
593 2599 729 2670 μετά
769 2600 863 2652 τοῦ
893 2600 1186 2667 Βασιλέως,
1220 2602 1347 2654 ὅταν
1377 2603 1425 2654 οἱ
1458 2602 1713 2673 δαίμονες
1743 2604 2015 2675 δεδεμένοι

443 2688 539 2741 καὶ
568 2690 719 2743 κάτω
747 2688 1012 2756 νεύοντες,
1071 2692 1164 2743 καὶ
1203 2692 1231 2743 ὀ
1274 2691 1517 2756 διάϐολος
1574 2694 1738 2756 αὐτὸς
1792 2694 2015 2765 δέσμιος

442 2781 663 2851 ἄγηται,
697 2781 792 2834 καὶ
818 2782 970 2836 πᾶσα
1003 2781 1153 2851 ἰσχὺς
1186 2783 1219 2852 ἡ
1253 2783 1626 2855 ἀντικειμένη,
1682 2786 1808 2843 ὅταν
1838 2789 1892 2840 αἱ
1923 2787 2015 2839 δυ-

440 2873 636 2942 νάμεις
660 2873 767 2926 τῶν
786 2874 1049 2944 οὐρανῶν.
1068 2874 1193 2927 ὅταν
1220 2874 1380 2937 αὐτὸς
1408 2874 1632 2945 ἔρχηται
1669 2878 1759 2931 ἐπὶ
1786 2878 1895 2931 τῶν
1931 2896 2015 2932 νε-

443 2964 640 3034 φελῶν.
674 2965 1007 3017 Πιστεύσατέ
1032 2984 1142 3035 μοι,
1163 2967 1268 3019 ὑπὸ
1293 2967 1393 3036 τῆς
1416 2969 1607 3039 ὀδύνης
1633 2969 1732 3039 τῆς
1761 2970 2014 3039 κατεχού-

445 3070 546 3124 σης
581 3071 682 3123 μου
714 3054 811 3125 τὴν
845 3054 1018 3125 ψυχὴν
1048 3055 1124 3126 τῷ
1146 3056 1449 3126 διηγήματι
1473 3059 1646 3128 τούτῳ
1678 3060 1797 3113 οὐδὲ
1828 3060 2011 3126 ἐξανύ⁴

445 3161 536 3196 σαι
566 3145 656 3196 τὸν
689 3144 847 3201 λόγον
872 3145 1126 3216 δύναμαι.
1169 3147 1541 3217 Ἐννοήσωμεν
1574 3150 1748 3220 πόσης
1781 3152 2015 3205 ἀποστει-

448 3232 687 3303 ρούμεθα
709 3233 1011 3303 δόξης,ἐξδν
1041 3234 1115 3305 μή
1137 3236 1593 3307 ἀποστερηθῆναι.
1614 3237 1686 3290 Τὸ
1709 3237 1817 3308 γὰρ
1845 3238 2016 3293 δεινὸν

445 3325 602 3378 τοῦτό
638 3327 807 3385 ἐστιν,
839 3327 919 3378 ὅτι
952 3326 1130 3398 κύριοι
1186 3328 1337 3391 ὄντες
1368 3329 1463 3381 τοῦ
1497 3330 1571 3398 μὴ
1600 3329 1774 3384 ταῦτα
1802 3330 2011 3395 παθεῖν,

445 3415 751 3484 πάσχομεν.
793 3416 961 3469 Ὅταν
1018 3416 1127 3486 γὰρ
1160 3418 1285 3477 τοὺς
1334 3418 1432 3487 μὲν
1463 3417 1682 3487 δέχηται
1733 3419 1884 3491 [50⁸5]
1924 3421 2017 3473 καὶ

444 3503 632 3572 ἀπάγῃ
664 3502 798 3572 πρές
832 3503 922 3555 τὸν
955 3504 1171 3575 Πατέρα
1202 3506 1280 3568 εἰς
1337 3506 1463 3568 τοὺς
1495 3508 1777 3577 οὐρανοὺς,
1808 3509 1934 3572 τοὺς
1960 3508 2017 3562 δὲ

445 3597 603 3665 ἀφιῇ,
635 3597 727 3648 καὶ
753 3594 1007 3659 λαϐόντες
1041 3596 1262 3664 ἄγγελοί
1316 3614 1460 3659 τινες
1492 3600 1723 3653 ἕλκωσιν
1781 3601 2018 3665 ἄκοντας

444 3687 537 3740 καὶ
566 3686 991 3757 δεδακρυμένους
1054 3690 1148 3741 καὶ
1181 3691 1331 3743 κάτω
1368 3690 1617 3756 νεύοντας
1679 3694 1771 3745 ἐπὶ
1822 3694 1880 3747 τὸ
1921 3696 2018 3766 τῆς

442 3776 670 3848 γεέννης
696 3777 827 3849 πῦρ,
879 3780 1093 3851 πρῶτον
1123 3782 1752 3853 παραδειγματισθέντας
1794 3786 1887 3839 ἐπὶ
1918 3787 2016 3855 τῆς

444 3870 764 3939 οἰκουμένης
786 3870 1020 3939 ἀπάσης,
1080 3872 1252 3943 πόσην
1291 3874 1390 3926 οἴει
1450 3875 1547 3946 τὴν
1591 3876 1782 3948 ὀδύνην
1835 3873 2013 3943 εἷναι;

446 3958 772 4030 Σπεύδωμεν
798 3957 889 4015 οὖν
917 3962 1018 4024 ἕως
1041 3964 1154 4017 ἐστί
1180 3966 1390 4035 καιρὸς,
1435 3967 1527 4019 καὶ
1555 3967 1754 4039 πολλὴν
1776 3968 1877 4039 τῆς
1900 3971 2020 4022 ἐαυ-

444 4049 553 4103 τῶν
581 4053 850 4122 σωτηρίας
877 4055 976 4125 τὴν
1004 4057 1259 4127 φροντίδα
1285 4059 1583 4129 ποιώμεθα.
1614 4061 1761 4114 Πόσα
1792 4062 2017 4116 τοιαῦτα

446 4144 640 4217 ἔχομεν
663 4147 835 4201 εἰπεῖν
866 4144 953 4202 οἷα
974 4150 1019 4217 6
1054 4150 1318 4215 πλούσιος·
1359 4153 1426 4205 Εἴ
1455 4170 1536 4212 τις
1569 4155 1714 4224 ἡμᾶς
1748 4153 1843 4207 νῦν
1895 4171 2016 4207 συν-

445 4238 662 4310 εχώρει,
690 4240 1125 4311 ἐϐουλευσάμεθα
1153 4245 1217 4299 ἄν
1247 4262 1298 4298 τι
1320 4245 1427 4297 τῶν
1452 4246 1856 4318 συμφερόντωνδ
1898 4246 2013 4299 ἀλλ’

445 4328 623 4392 οὐδεὶς
648 4330 873 4402 ἀφίησιί
938 4333 1049 4387 Καὶ
1100 4334 1182 4387 ὅτι
1237 4335 1491 4406 ἐροῦμεν,
1525 4335 1647 4406 οὐχὶ
1671 4337 1765 4389 ἀπ’
1804 4337 2014 4390 ἐκείνου

452 4424 610 4493 μόνου
641 4426 819 4499 δῆλον,
850 4429 986 4483 ἀλλά
1024 4430 1115 4483 καὶ
1146 4431 1254 4484 ἀπὸ
1300 4431 1474 4485 ἄλλων
1508 4432 1739 4485 πολλῶν.
1784 4434 1895 4487 Καὶ
1927 4433 2014 4486 ἵνα

1128 286 1489 345 S.JOANNIS
1525 288 2013 346 CIIRYSOSTOMI
2048 286 2368 349 ARCHIEP.
2408 289 2961 352 CONS’I‘ANTINOP.

3594 298 3708 353 282

2134 408 2334 478 μάθῃς,
2370 407 2526 461 πόσοι
2577 409 2635 462 ἐν
2695 411 2913 481 πυρετῷ
2939 410 3204 479 ἐγένοντο,
3237 411 3330 465 καὶ
3374 407 3545 481 εἶπον,
3577 413 3705 471 Ἐὰν

2129 500 2564 570 ἀνακτησώμεθα
2609 501 2855 567 ἑαυτοὺς,
2894 502 3072 555 οὐκέτι
3126 505 3237 566 τοῖς
3263 504 3441 568 αὐτοῖς
3470 522 3702 577 περιπε-

2131 588 2396 659 σούμεθαί
2453 591 2629 644 Πολλά
2662 586 2887 646 τοιαῦτα
2919 594 3151 664 ἐροῦμεν
3189 594 3331 659 τότε,
3366 595 3502 649 ἀλλά
3541 598 3706 650 ἀκουυ

2130 680 2335 750 σόμεθα
2362 680 2503 753 ἅπερ
2531 685 2559 736 6
2587 682 2860 746 πλούσιος,
2888 684 2967 736 ὅτι
3003 684 3189 753 χάσμα
3219 685 3363 737 ἐστίν
3388 725 3401 747 ,
3462 687 3543 739 ὅτι
3601 688 3704 740 ἀπ-

2127 770 2391 841 ελάϐομεν
2424 777 2491 826 τά
2522 774 2702 842 άγαθά
2733 774 3285 846 ὲνταῦθα.Στένωμεν
3314 772 3424 842 οὖν,
3444 795 3701 848 παρακα-

2126 862 2221 926 λῶ,
2252 864 2467 933 πικρὸν·
2506 866 2703 935 μᾶλλον
2740 866 2796 918 δέ
2829 867 2902 937 μὴ
2938 867 3095 937 μόνον
3127 869 3421 938 στένωμεν,
3446 869 3580 922 ἀλλὰ
3609 870 3702 923 καὶ

2130 954 2473 1025 με-τέλθωμεν
2496 956 2594 1027 τὴν
2622 958 2839 1027 ἀρετήν.
2883 958 3245 1028 Πενθήσωμεν
3266 959 3361 1011 νῦν
3394 960 3485 1011 ἐπὶ
3523 977 3699 1030 σωτηι

2127 1042 2238 1114 ρίᾳ,
2278 1043 2363 1096 ἵνα
2395 1044 2469 1115 μὴ
2496 1044 2617 1098 τότε
2646 1046 3003 1117 πενθήσωμεν
3029 1047 3172 1116 είκῆ·
3201 1048 3523 1119 κλαύσωμεν
3581 1049 3697 1114 νῦν,

2126 1135 2219 1186 καὶ
2248 1134 2324 1205 μὴ
2361 1136 2483 1189 τότε
2505 1136 2812 1208 κλαύσομεν
2835 1138 2927 1190 ἐπὶ
2958 1139 3145 1209 κακίασ
3182 1133 3334 1202 οὗτος
3364 1141 3391 1191 6
3424 1140 3700 1211 κλαυθμὸς

2124 1226 2344 1297 ἀρετῆς,
2400 1227 2605 1292 ἐκεῖνος
2656 1229 2963 1297 ἀνωφελοῦς
3016 1231 3303 1300 μετανοίας
3334 1244 3381 1271 α’
3418 1232 3700 1302 θλίῴωμεν

2126 1318 2350 1381 ἑαυτοὺς
2376 1318 2487 1382 νῦν,
2519 1320 2608 1372 ἵνα
2658 1319 2731 1391 μὴ
2764 1321 2884 1373 τότε
2918 1320 3212 1392 θλιϐῶμεν.
3267 1323 3381 1375 Οὐκ
3404 1322 3550 1375 ἐστιν
3587 1323 3699 1374 ἴσον

2125 1409 2358 1464 ἐνταῦθα
2416 1411 2685 1481 θλιϐἦναι,
2732 1413 2910 1466 κάκεῖ.
2957 1412 3219 1465 Ἐνταῦθα
3255 1413 3352 1484 μὲν
3398 1413 3505 1485 γὰρ
3564 1414 3699 1485 πρὸς

2127 1498 2331 1570 βραχὺν
2365 1500 2521 1573 θλίϐῃ
2550 1502 2759 1572 χρόνον,
2794 1503 2991 1573 μᾶλλον
3023 1503 3081 1556 δὲ
3119 1505 3239 1558 οὐδέ
3276 1504 3527 1574 αἴσθησιν
3557 1505 3697 1574 λαμ-

2126 1592 2306 1655 ϐάνεις
2328 1594 2427 1663 τῆς
2450 1592 2703 1663 θλίψεως,
2735 1593 2889 1657 εἰδὼς
2916 1596 2997 1648 ὅτι
3045 1597 3129 1648 ἐπ’
3158 1594 3347 1665 ἀγαθῷ
3376 1594 3554 1665 θλίϐῃ*
3580 1596 3698 1647 ἐκεῖ

2123 1682 2179 1735 δὲ
2210 1683 2561 1755 χαλεπωτέρα
2591 1687 2623 1754 ἡ
2653 1684 2852 1754 θλῑψις,
2881 1687 2963 1739 ὅτι
2995 1688 3094 1739 οὐκ
3127 1687 3214 1739 ἐπ’
3243 1687 3437 1750 ἐλπίδι,
3471 1687 3589 1738 οὐδὲ
3607 1686 3697 1737 ἐπί

2122 1787 2229 1827 τινι
2290 1775 2523 1845 διεξόδῳ,
2582 1775 2716 1831 ἀλλά
2754 1777 2995 1848 ἀπείρως
3029 1778 3057 1816 b
3087 1777 3181 1829 καὶ
3231 1778 3521 1840 διαπαντός
3559 1779 3695 1830 ἐστι.

2122 1862 2337 1917 Γένοιτο
2364 1864 2419 1915 δὲ
2474 1866 2678 1928 πάντας
2710 1867 2857 1934 ἡμᾶς
2912 1867 3322 1935 ἀπαλλαγέντας
3357 1868 3541 1937 τυχεῖν
3601 1868 3699 1936 τῆς

2122 1956 2378 2020 ἀνέσεως.
2431 1957 2568 2010 Ἀλλ’
2596 1960 2718 2011 ἐπεὶ
2747 1952 2885 2029 πρὸς
2915 1958 2977 2012 τὸ
3038 1959 3113 2030 μὴ
3142 1957 3344 2029 ταύτης
3376 1958 3697 2029 διαμαρτεῖν

2122 2048 2280 2117 χρεία
2341 2050 2594 2103 συντόνου
2631 2051 2866 2121 σπουδῆς
2929 2050 3023 2103 καὶ
3076 2050 3433 2104 ἀδιαλείπτων
3495 2048 3693 2119 εὐχῶν,

2124 2140 2532 2211 σπουδάζωμεν,
2563 2143 2883 2214 παρακαλῶ·
2925 2144 2991 2198 ἂν
3021 2142 3131 2213 γάρ
3163 2142 3570 2211 σπουδάζωμεν,
3601 2141 3697 2193 καὶ

2118 2231 2405 2302 εὐχόμενοι
2433 2233 2687 2304 ἀνύομεν·
2728 2234 2822 2287 ἐάν
2849 2233 3136 2305 εὐχώμεθα
3190 2233 3441 2295 ἐκτενῶς,
3476 2232 3698 2286 δίδωσιν

2122 2324 2149 2375 6
2177 2322 2327 2386 Θεός.
2348 2324 2446 2377 Ἂν
2487 2324 2543 2378 δὲ
2576 2326 2710 2396 μήτε
2736 2326 2976 2397 αἰτῶμεν
3003 2326 3187 2389 αὐτὸν,
3217 2328 3351 2395 μήτε
3381 2322 3694 2393 ἐνεργῶμέν

2121 2431 2173 2466 τι
2198 2416 2454 2477 τοιοῦτον,
2491 2417 2625 2488 μηδὲ
2653 2416 3037 2487 ἐργαζώμεθα,
3076 2416 3195 2480 πῶς
3243 2417 3320 2470 ἔνι
3350 2414 3695 2487 κατορθῶσαί

2121 2518 2252 2559 ποτε
2289 2505 2687 2571 καθεύδονταςς
2720 2507 3005 2579 Οὐδαμῶς.
3070 2507 3375 2577 Ἀγαπητὸν
3430 2507 3538 2578 γὰρ
3568 2505 3694 2575 τρέ-

2120 2615 2314 2667 χοντας
2364 2599 2460 2651 καὶ
2488 2599 2967 2669 ὲπεκτεινομένους
3019 2599 3112 2652 καὶ
3168 2598 3693 2669 συμμορφουμένους

2120 2688 2197 2759 τῷ
2220 2687 2441 2759 θανάτῳ
2467 2687 2654 2753 αὐτοῦ,
2684 2689 2760 2751 ὡς
2788 2689 2999 2751 Παῦλος
3048 2683 3190 2753 εἷπε,
3229 2686 3521 2757 δυνηθῆναι
3573 2686 3696 2738 ἐπι-

2120 2783 2319 2851 τυχεῖν,
2351 2782 2483 2851 μήτι
2502 2797 2563 2849 γε
2594 2781 2657 2851 δὴ
2683 2778 3062 2841 καθεύδοντας.
3083 2779 3154 2833 Εἴ
3177 2793 3300 2845 πως
3319 2777 3694 2845 καταντήσω,

2122 2872 2302 2942 φησίν.
2329 2873 2393 2925 Εἰ
2417 2870 2475 2925 δὲ
2501 2870 2708 2934 Παῦλος
2754 2870 2938 2938 ἔλεγεν
2962 2910 2976 2934 ,
3030 2870 3103 2923 El
3133 2883 3258 2934 πως
3302 2866 3657 2936 καταντήσω
3676 2905 3695 2930 ,

2118 2965 2170 3016 τί
2202 2965 2360 3034 ἡμεῖς
2392 2963 2656 3034 ἐροῦμεν;
2721 2960 3099 3023 Καθεύδοντας
3136 2961 3249 3028 γὰρ
3285 2960 3405 3012 οὐδὲ
3445 2958 3684 3028 κοσμικά

2121 3056 2423 3126 πράγματα
2476 3055 2623 3108 ἔστιν
2652 3054 2846 3108 ἀνύσαι
2877 3053 3025 3117 ποτὲ,
3076 3053 3206 3121 μήτι
3236 3068 3299 3119 γε
3328 3050 3691 3120 πνευματικά⁸

2119 3148 2476 3211 καθεύδοντας
2520 3147 2641 3200 οὐδέ
2682 3147 2833 3216 παρά
2889 3147 2996 3199 τῶν
3046 3146 3213 3214 φίλων
3269 3144 3383 3195 ἐστι
3412 3161 3463 3195 τι
3515 3141 3696 3195 λαϐεῖν

2120 3256 2273 3302 ποτε,
2310 3239 2437 3308 μήτι
2469 3254 2534 3305 γε
2556 3240 2705 3308 παρὰ
2734 3236 2891 3290 Θεοῦ’
2925 3235 3284 3297 καθεύδοντας
3315 3234 3434 3286 οὐδὲ
3462 3232 3695 3303 πατέρες

2118 3330 2340 3401 τιμῶσι,
2366 3330 2496 3400 μήτι
2527 3346 2589 3397 γε
2617 3331 2645 3381 6
2678 3328 2827 3391 Θεός.
2851 3327 3066 3399 Μικρὸν
3092 3327 3438 3395 πονήσωμεν,
3463 3325 3548 3377 ἵνα
3578 3323 3693 3376 δια-

2120 3420 2319 3483 παντὸς
2351 3417 2809 3488 ἀναπαυσώμεθα.
2839 3416 3065 3478 Πάντως
3091 3414 3335 3483 θλιϐἦναι
3362 3412 3460 3464 δεῖ·
3492 3411 3592 3464 κᾶν
3618 3410 3692 3480 μὴ

2120 3510 2390 3580 θλιϐῶμεν
2418 3508 2671 3569 ἐνταῦθα,
2705 3510 2821 3560 ἐκεῖ
2851 3506 3012 3560 τοῦτο
3068 3507 3238 3574 μένει.
3293 3503 3389 3555 Διά
3416 3501 3469 3554 τί
3506 3502 3578 3571 μὴ
3602 3502 3691 3554 ai-

2124 3603 2360 3673 ρούμεθα
2399 3600 2631 3654 ἐνταῦθα
2668 3599 2941 3670 θλιϐἦναι,¹
2963 3597 3049 3651 ἵνα
3067 3598 3183 3649 ἐκεῖ
3213 3591 3692 3661 ἀναπαυσώμεθα;

2120 3696 2333 3747 Γένοιτο
2352 3693 2408 3745 δὲ
2443 3692 2653 3752 πάντας
2679 3692 2826 3760 ἡμᾶς
2851 3688 3016 3753 ἀξίως
3050 3684 3540 3753 πολιτευσαμένους
3569 3684 3696 3753 Χρι-

2122 3785 2269 3849 στοῦ,
2299 3787 2393 3839 καί⁹
2419 3784 2495 3855 τῷ
2527 3783 2739 3853 θανάτῳ
2782 3780 2945 3836 αὐτοῦ
2983 3776 3132 3851 [504]
3170 3772 3693 3845 συμμορφωθέντας,

2119 3877 2226 3930 τῶν
2284 3878 2608 3946 ἀπορρήτων
2636 3874 2818 3942 τυχεῖν
2883 3868 3102 3937 ἀγαθῶν
3137 3868 3195 3919 ἐν
3227 3862 3449 3935 Χριστῷ
3495 3861 3692 3930 Ἰησοῦ,

2124 3967 2243 4040 μεθ’
2272 3960 2333 4021 οὗ
2358 3968 2434 4036 τῷ
2467 3967 2641 4036 Πατρὶ
2662 3964 2779 4034 ἅμα
2803 3961 2881 4033 τῷ
2917 3962 3055 4031 ἁγίῳ
3081 3957 3355 4027 Πνεύματι
3389 3955 3536 4021 δόξα,
3556 3954 3693 4023 κρά-

2119 4079 2243 4127 τος,
2310 4059 2476 4131 τιμὴ,
2534 4056 2629 4110 νῦν
2682 4057 2776 4109 καὶ
2804 4054 2913 4121 ἀεὶ,
2961 4053 3055 4107 καὶ
3095 4051 3174 4113 είς
3199 4046 3324 4110 τοὺς
3351 4046 3555 4108 αἰῶνας
3583 4044 3693 4097 τῶν

2120 4152 2353 4206 αἰώνων.
2390 4151 2584 4221 Ἀμήν.

2185 4319 2210 4346 ⁸
2231 4313 2382 4373 Editi,
2404 4311 2671 4373 ἀνωφελοῦς
2694 4311 2914 4367 διανοίας.
2948 4307 3172 4360 Nobilius
3194 4306 3321 4370 legit
3356 4304 3619 4366 μετανοίας,
3641 4305 3699 4351 οι

2121 4379 2197 4449 sic_
2211 4376 2409 4449 ogmino
2437 4376 2719 4449 legeqdqm.

2185 4441 2213 4480 ι’
2236 4442 2453 4490 Βυοωυε
2472 4441 2599 4497 conj.
2624 4441 2833 4497 ἄπειρος.

454 4630 3671 4659 MM

1930 4802 2173 4857 ΟΜΙΛῘΑ
2214 4804 2304 4861 1Δ’.

449 4964 690 5031 Χαίρετε
717 4962 786 5015 ἐν
823 4965 1016 5033 Κυρίῳ
1039 4965 1313 5018 πάντοτε·
1356 4964 1541 5017 πάλιν
1576 4963 1715 5030 ἐρῶ,
1752 4963 2013 5029 Χαίρετε.

526 5054 596 5109 Τὸ
620 5053 876 5119 ἐπιεικὲς
900 5054 1066 5123 ὑμῶν
1096 5055 1418 5123 γνωσθήτω
1448 5052 1638 5106 πᾶσιν
1666 5052 2013 5119 ἀνθρώποις.

539 5148 602 5200 '0
645 5148 853 5214 Κύριος
896 5147 1074 5216 ἐγγύς
1100 5163 1112 5176 '
1158 5146 1353 5217 μηδὲν
1394 5145 1735 5214 μεριμνᾶτε,
1780 5145 1915 5198 ἀλλ’
1951 5144 2019 5197 ἐν

523 5237 701 5290 παντὶ
735 5236 807 5303 τῇ
834 5236 1145 5305 προσευχῇ
1178 5238 1274 5291 καὶ
1308 5234 1381 5304 τῇ
1410 5235 1614 5300 δεήσει
1651 5234 1799 5303 μετὰ
1838 5239 2015 5302 εὐχα-

514 5329 753 5397 ριστίας
808 5328 879 5381 τὰ
929 5328 1221 5395 αἰτήματα
1266 5326 1432 5394 ὑμῶν
1468 5324 1831 5395 γνωριζέσθω
1872 5324 2019 5393 πρὸς

523 5420 632 5473 τὸν
662 5419 830 5482 Θεὸν,
859 5411 1021 5487 καίῆ
1043 5418 1246 5487 εἰρήνη
1271 5416 1373 5470 τοῦ
1403 5417 1548 5469 Θεοῦ
1571 5416 1609 5481 ’ἡ
1641 5416 2024 5484 ὑπερέχουσα

526 5510 723 5563 πάντα
750 5510 901 5563 νοῦν
939 5508 1266 5578 φρουρήσει
1303 5509 1409 5574 τὰς
1450 5507 1695 5575 καρδίας
1728 5506 1894 5576 ὑμῶν
1929 5507 2025 5560 καὶ

530 5602 600 5653 τὰ
633 5601 902 5669 νοήματα
934 5600 1100 5670 ὑμῶν
1123 5602 1191 5654 ἐν
1220 5598 1448 5667 Χριστῷ
1483 5599 1707 5666 Ἰησοῦ.

534 5698 605 5743 α’.
625 5693 909 5761 Μακάριοι
934 5698 987 5748 οἱ
1004 5693 1383 5761 πενθοῦντες,
1401 5693 1514 5761 καὶ,
1537 5690 1679 5748 Οὐαὶ
1705 5691 1827 5757 τοῖς
1849 5688 2026 5762 γελῶ-

2120 4974 2207 5023 σι,
2228 4960 2391 5029 φησὶν
2423 4961 2451 5012 ὁ
2474 4957 2727 5028 Χριστός.
2764 4957 2829 5009 Τί
2856 4952 2949 5011 οῦν
2977 4959 3005 5010 6
3030 4955 3241 5018 Παῦλὸς
3266 4972 3420 5025 φησι,
3448 4954 3689 5024 Χαίρετε

2121 5050 2190 5102 ἐν
2212 5052 2404 5117 Κυρίῳ
2426 5050 2679 5103 πάντοτε
2694 5066 2710 5115 ;
2727 5047 2825 5101 οὐκ
2845 5046 3248 5117 ἐναντιούμενος
3259 5045 3335 5115 τῷ
3356 5046 3400 5097 Χ
3408 5046 3593 5115 ριστῳ·
3620 5042 3696 5113 μὴ

2120 5142 2348 5209 γένοιτο.
2380 5141 2512 5194 Οὐαὶ
2544 5140 2649 5209 γὰρ
2670 5142 2780 5201 τοῖς
2804 5139 3054 5207 γελῶσιν,
3078 5132 3230 5191 εἶπεν
3262 5140 3291 5189 6
3323 5134 3580 5205 Χριστὸς,
3604 5134 3692 5187 τὸν

2121 5233 2333 5299 γέλωτα
2364 5231 2456 5283 τοῦ
2476 5232 2679 5302 κόσμου
2707 5230 2894 5283 τούτου
2926 5228 3314 5298 αἰνιττόμενος,
3345 5226 3436 5278 τὸν
3467 5226 3554 5277 ἐπὶ
3580 5226 3691 5288 τοῖς

2127 5322 2361 5392 παροῦσι
2391 5322 2672 5391 γινόμενον
2699 5322 3018 5392 πράγμασιο
3060 5318 3154 5371 καὶ
3192 5319 3315 5379 τοὺς
3363 5315 3691 5379 πενθοῦντας

2120 5414 2478 5485 ἐμακάρισεν,
2507 5415 2567 5465 οὐ
2597 5415 2723 5476 τοὺς
2759 5412 2947 5475 ἁπλῶς
2975 5409 3307 5472 πενθοῦντας
3331 5409 3422 5459 ἐπὶ
3445 5409 3563 5469 ταῖς
3586 5406 3693 5458 τῶν

2122 5506 2334 5559 οἰκείων
2363 5504 2683 5567 ἀποϐολαῖς,
2716 5503 2851 5557 ἀλλά
2879 5504 3005 5567 τοὺς
3040 5500 3566 5569 κατανενυγμένους,
3597 5502 3693 5552 καὶ

2122 5600 2191 5652 τα
2219 5599 2398 5650 οἰκεῖα
2430 5594 2758 5659 πενθοῦντας
2780 5594 2943 5658 κακὰ,
2976 5597 3103 5658 τοὺς
3124 5594 3190 5646 τὰ
3217 5592 3424 5646 ἑαυτῶν
3444 5593 3695 5662 ἁμαρτή-

2126 5707 2270 5761 ματα
2304 5687 2810 5758 ἀναλογιζομένους,
2839 5688 2874 5758 ἢ
2904 5688 2998 5741 καὶ
3026 5688 3095 5742 τὰ
3123 5687 3399 5756 ἀλλότρια.
3432 5685 3547 5739 Οὐκ
3579 5682 3695 5737 ἔστι
