4108 6410
504 407 601 464 Eii!

500 526 820 589 eumlluens,
851 536 971 593 quae
1001 519 1160 576 nullis
1204 517 1385 573 verbis
1410 517 1636 586 exprimi
1666 523 1861 587 potest,
1902 528 2089 569 omnes

500 634 632 673 vero
653 617 910 671 festinant
936 614 1203 668 adducere
1242 611 1294 665 in
1341 611 1572 664 medium
1620 609 1858 665 electos:
1890 606 2085 661 deinde

502 711 701 763 Paulus
726 717 781 764 et
811 709 843 761 ii
870 707 957 776 qui
990 705 1213 759 Paulum
1241 703 1429 758 sectati
1456 711 1601 767 sunt,
1638 701 1834 770 quique
1862 701 1930 754 ita
1964 713 2087 768 pro-

502 802 611 856 bati
643 808 800 865 sunt,
841 807 1190 860 coronantur,
1223 794 1601 865 praedicantur,
1624 807 1654 846 a
1705 791 1847 861 Rege
1878 792 1927 844 in
1957 805 2085 845 con-

503 901 687 960 spectu
722 891 881 944 totius
910 888 1141 943 caelestis
1184 887 1455 941 exercitus
1501 885 1707 939 honore
1757 883 2079 938 afﬁciuntur.

502 982 635 1038 Nam
657 981 864 1036 etiamsi
886 980 1125 1051 gehenna
1157 993 1260 1033 non
1279 987 1445 1044 esset,
1467 986 1719 1047 quantum
1751 986 1924 1028 tamen
1954 973 2084 1028 illud

504 1085 605 1135 est,
639 1074 737 1127 hos
762 1072 972 1142 quidem
1005 1073 1290 1136 honorem,
1324 1071 1442 1125 illos
1472 1085 1599 1124 vero
1627 1068 1965 1137 ignominiam
1994 1081 2085 1122 re-

504 1166 757 1238 portare?
800 1164 1158 1219 lntolerabilis
1206 1180 1295 1218 res
1324 1173 1405 1217 est
1452 1161 1732 1231 gehenna,
1787 1158 1990 1221 fateor,
2032 1166 2087 1212 et

504 1259 657 1313 valde
704 1257 917 1327 quidem
966 1256 1355 1318 intolerabilis;
1415 1262 1649 1306 attamen
1700 1248 2086 1305 intolerabilius

503 1352 634 1406 mihi
663 1350 872 1405 videtur
900 1349 969 1403 de
998 1363 1164 1418 regno
1204 1346 1493 1401 decidisse.
1527 1344 1674 1399 Cedo
1702 1343 1865 1403 enim,
1894 1342 1937 1395 si
1965 1339 2084 1408 quis

501 1458 595 1496 rex
620 1441 700 1495 vel
729 1441 870 1510 regis
898 1440 1056 1502 filius,
1083 1438 1245 1492 domo
1272 1435 1540 1506 profectus
1566 1433 1749 1487 multis
1764 1432 1919 1487 bellis
1936 1445 2085 1499 egre-

503 1534 588 1604 gie
624 1531 906 1598 confectis,
947 1545 1243 1601 magnaque
1286 1530 1367 1583 sui
1414 1528 1766 1583 admiratione
1794 1532 2081 1586 commota,

504 1624 755 1678 universo
781 1623 1067 1677 comitatus
1096 1620 1331 1675 exercitu
1374 1620 1426 1673 in
1454 1619 1718 1673 civitatem
1748 1608 1978 1685 aliquam
2006 1616 2089 1668 in-

503 1716 816 1788 grederetur
842 1732 963 1771 cum
995 1714 1263 1778 vehiculo,
1301 1728 1420 1766 cum
1454 1710 1688 1780 tropaeis,
1711 1724 1831 1763 cum
1859 1722 2083 1761 sexcen-

508 1811 576 1863 tis
596 1809 825 1862 militum
849 1806 1129 1862 ordinibus
1158 1820 1291 1859 auro
1317 1811 1630 1857 onustorum
1653 1841 1668 1867 ,
1697 1815 1818 1855 cum
1847 1798 2086 1852 satelliti-

505 1903 606 1957 bus
651 1902 903 1955 omnibus
941 1913 1136 1953 aureos
1186 1897 1404 1966 clypeos
1432 1892 1794 1964 gestantibus;
1838 1890 2083 1943 universa

504 2006 683 2052 autem
713 1995 902 2050 civitas
926 2001 1181 2047 coronata
1213 1998 1376 2052 esset,
1409 2001 1706 2056 omnesque
1746 1984 1892 2038 orbis
1941 1982 2086 2050 prin-

504 2089 651 2159 cipes
677 2102 799 2143 cum
840 2086 992 2155 ipso;
1041 2097 1071 2137 a
1122 2091 1271 2151 tergo
1324 2091 1504 2133 autem
1556 2078 1727 2145 ipsum
1774 2082 2088 2142 sequeretur

504 2181 680 2234 omnis
699 2192 911 2249 quoque
930 2185 1063 2230 tetas
1088 2183 1395 2229 exterarum
1428 2170 1701 2223 nationum
1718 2166 1946 2233 captiva,
1962 2179 2081 2217 cum

505 2269 793 2340 praefectis,
822 2267 1067 2336 satrapis,
1086 2262 1413 2324 consulibus,
1432 2258 1695 2329 tyrannis,
1724 2255 2082 2325 principibus:

505 2362 698 2416 deinde
738 2360 790 2413 iu
823 2358 1078 2429 prmclara
1110 2356 1196 2409 illa
1228 2368 1418 2424 pompa
1448 2350 1660 2404 obviam
1690 2348 1791 2402 sibi
1819 2346 2088 2416 prodeun-

506 2466 588 2511 tes
636 2455 780 2509 cives
835 2452 1202 2520 amplexetur,
1232 2446 1537 2509 osculetur,
1588 2456 1801 2496 manum
1832 2438 2082 2509 porrigat,

505 2562 719 2602 omnem
765 2545 854 2599 det
898 2541 1143 2612 loquendi
1177 2540 1503 2601 libertatem,
1540 2544 1699 2604 atque
1744 2533 1795 2587 in
1848 2531 2087 2585 omnium

505 2647 795 2707 censpectu
842 2650 965 2689 cum
1003 2634 1132 2700 ipsis
1164 2640 1221 2684 ut
1250 2645 1370 2684 cum
1403 2627 1589 2681 amicis
1615 2624 1969 2693 colloquatur,
2008 2630 2091 2675 to—

507 2742 721 2799 tumque
743 2725 871 2780 illud
893 2726 993 2779 iter
1015 2724 1251 2793 ipsorum
1276 2720 1375 2774 sibi
1405 2734 1563 2773 causa
1589 2724 1896 2784 susceptum
1924 2711 2084 2775 dicat,

506 2834 666 2893 atque
720 2820 820 2874 hos
864 2817 1079 2888 quidem
1109 2816 1159 2869 iu
1204 2814 1402 2883 regiam
1452 2825 1603 2865 suam
1647 2808 1923 2879 perducat,
1954 2804 2090 2858 alios

505 2928 635 2968 vero
662 2911 1001 2978 derelinquat
1026 2925 1039 2961 :
1068 2915 1324 2976 quantum
1375 2903 1426 2956 id
1456 2902 1601 2955 omni
1634 2898 1898 2969 supplicio
1919 2894 2090 2965 majus

506 3016 609 3069 est,
658 3002 817 3057 etiam
853 3001 898 3055 si
928 3001 1000 3054 illi
1042 2996 1305 3067 supplicio
1333 3011 1438 3048 non
1471 2991 1817 3046 afﬁciantur?
1863 2988 2012 3056 Quod
2045 2988 2088 3041 si

506 3098 647 3167 apud
679 3096 952 3150 hominem
994 3091 1131 3146 adeo
1157 3104 1396 3143 amarum
1430 3086 1604 3141 estde
1629 3084 1795 3154 gloria
1827 3082 1915 3135 illa
1945 3080 2092 3135 deci-

506 3190 669 3254 disse,
704 3187 872 3241 multo
916 3184 1081 3254 magis
1102 3183 1240 3252 apud
1271 3182 1453 3243 Deum,
1490 3192 1610 3232 cum
1637 3191 1845 3245 supera:
1867 3182 2091 3243 potesta-

508 3293 587 3338 tes
609 3298 710 3337 una
741 3296 863 3335 cum
888 3279 1035 3349 Rege
1061 3276 1278 3339 adsunt,
1305 3290 1425 3330 cum
1444 3273 1720 3327 daemones
1748 3268 1907 3322 vincti
1933 3278 2092 3337 atque

507 3377 733 3441 incurvi,
763 3372 1008 3428 diabolus
1052 3371 1167 3440 ipse
1194 3367 1439 3422 manibus
1470 3364 1722 3420 revinctis
1747 3361 1940 3432 agitur,
1970 3374 2091 3413 om-

511 3483 685 3538 neque
710 3464 1140 3522 adversariorum
1160 3462 1357 3525 robur;
1394 3473 1521 3513 cum
1556 3458 1789 3510 Virtutes
1814 3453 2090 3519 c:elorum,

506 3575 628 3615 eum
652 3560 764 3627 ipse
790 3558 842 3611 in
869 3554 1098 3610 nubibus
1145 3550 1407 3607 advenit?
1435 3547 1650 3604 Credite
1679 3546 1831 3611 mihi,
1862 3560 1970 3613 pra:
1997 3542 2093 3597 do-

506 3654 641 3719 lore,
664 3652 752 3721 qui
770 3650 1002 3703 animum
1032 3661 1207 3700 meum
1237 3660 1301 3699 ex
1330 3645 1429 3697 hac
1455 3640 1760 3695 narratione
1787 3636 2088 3706 occupavit,

506 3746 801 3799 orationem
833 3740 899 3795 ad
930 3740 1132 3794 exitum
1156 3735 1450 3805 perducere
1469 3748 1572 3786 non
1607 3744 1843 3800 possum.
1874 3728 2089 3797 Cogite-

509 3853 643 3901 mus,
677 3843 874 3906 quanta
903 3834 1172 3901 privemur
1199 3827 1388 3899 gloria,
1412 3841 1533 3880 cum
1564 3824 1614 3878 in
1645 3822 1797 3876 nobis
1824 3822 1982 3874 situm
2023 3818 2094 3873 sit

508 3946 615 3984 non
666 3927 884 3997 privari.
916 3924 1029 3979 Hoc
1059 3922 1202 3976 enim
1234 3926 1319 3975 est
1341 3916 1483 3988 quod
1530 3915 1761 3969 maxime
1781 3912 1946 3981 angit,
1977 3909 2094 3964 haac

509 4024 639 4093 pati,
670 4036 791 4077 cum
834 4021 886 4073 in
915 4027 1095 4073 noStra
1126 4024 1392 4085 potestate
1423 4012 1493 4066 sit
1520 4026 1624 4065 non
1652 4010 1778 4078 pati.
1808 4008 1940 4061 Nam
1970 4021 2090 4060 cum

512 4114 612 4169 bos
632 4113 843 4183 quidem
874 4108 1235 4180 amplectitur,
1254 4114 1309 4161 et
1326 4104 1487 4158 mittit
1504 4104 1556 4156 in
1581 4101 1741 4155 carlos
1768 4098 1832 4152 ad
1858 4098 2090 4160 Patrem,

511 4205 637 4259 illos
665 4218 793 4258 vero
818 4201 1063 4265 omittit;
1100 4198 1271 4269 angeli
1298 4194 1515 4265 quidam
1551 4192 1674 4246 illos
1701 4188 2094 4260 prchendentes

512 4298 566 4352 in
593 4298 851 4365 gehennae
873 4295 1049 4363 ignem
1069 4292 1283 4355 invitos,
1310 4288 1522 4347 flentes,
1543 4285 1790 4337 incurvos
1812 4279 2091 4342 traxerint,

512 4406 577 4443 ac
595 4401 701 4441 tum
725 4388 960 4448 demum,
982 4400 1102 4438 cum
1130 4382 1381 4436 universo
1393 4378 1508 4432 orbi
1533 4375 1837 4446 spectaculo
1863 4373 2090 4428 fuerint:

512 4487 768 4549 quantum
794 4486 946 4545 putas
974 4474 1177 4527 doloris
1202 4469 1443 4525 hauriri?
1471 4468 1715 4522 Studium
1750 4465 1910 4533 igitur
1932 4463 2090 4518 adhi-

512 4570 756 4635 beamus,
786 4566 1035 4637 quamdiu
1083 4573 1293 4632 tempus
1336 4570 1438 4623 est,
1470 4567 1813 4626 nostramque
1857 4557 2094 4625 ipsorum

515 4662 745 4715 salutem
774 4658 1001 4712 sollicite
1036 4669 1304 4709 curemus.
1336 4652 1542 4719 Quanta
1570 4650 1753 4704 dicere
1791 4661 2091 4716 possemus,

514 4753 690 4822 qualia
719 4751 867 4806 dives
898 4750 989 4803 ille
1015 4746 1225 4803 dicebat
1256 4762 1269 4797 :
1295 4744 1350 4797 Si
1373 4742 1495 4812 quis
1522 4755 1664 4795 nunc
1688 4755 1783 4794 nos
1805 4740 1965 4799 sinat,
1988 4747 2097 4791 sta-

515 4856 788 4901 tueremus
816 4857 905 4903 ea,
929 4856 1046 4909 quae
1075 4838 1125 4891 in
1155 4851 1268 4892 rem
1302 4843 1539 4889 nostram
1566 4840 1769 4895 essent,
1794 4830 1886 4884 sed
1917 4830 2096 4883 nullus

1346 399 1415 456 IN
1455 397 1672 454 EPIST.
1716 395 1807 453 AD
1846 392 2130 451 PHILIPP.
2164 391 2317 450 CAP.
2359 390 2717 455 lVfHOMIL.
2766 401 2907 458 XIV.

3655 405 3763 460 262

2199 512 2363 567 sinit?
2392 514 2643 586 Taliaque
2669 533 2766 572 nos
2795 519 3032 575 dicturos
3058 536 3163 575 non
3210 521 3381 577 solum
3408 537 3477 577 ex
3524 523 3640 592 illo,
3669 524 3765 580 sed

2190 603 2352 659 etiam
2402 621 2467 661 ex
2497 609 2676 665 multis
2705 611 2825 666 aliis
2873 611 3214 668 manifestum
3242 624 3343 668 est.
3378 613 3532 681 Nam,
3562 625 3621 672 ut
3642 615 3770 673 hinc

2190 699 2350 753 etiam
2381 699 2576 765 discas,
2608 713 2747 771 quot-
2776 704 2990 760 fuerunt
3009 706 3100 775 qui
3126 720 3246 760 cum
3273 706 3405 761 febri
3440 707 3763 774 laborarem,

2190 788 2260 841 ita
2287 790 2555 856 dixerunt,
2587 793 2645 848 Si
2674 795 2949 863 pristinam
2974 795 3334 851 valetudinem
3366 812 3768 867 recuperemus,

2190 894 2479 950 numquam
2513 889 2733 951 posthac
2774 886 2826 939 in
2857 884 2971 941 haec
3010 885 3199 942 eadem
3238 887 3377 942 mala
3423 887 3769 945 decidemus?

2187 969 2353 1025 Multa
2392 973 2695 1045 hujusmodi
2725 986 2849 1033 tunc
2878 980 3118 1035 dicemus
3146 996 3160 1043 ;
3192 982 3283 1033 sed
3314 982 3619 1047 audiemus,
3651 998 3772 1052 qua:

2188 1062 2338 1120 dives
2366 1066 2451 1121 ille
2474 1067 2626 1133 (Luc.
2652 1070 2739 1125 i6.
2764 1070 2857 1131 26)
2875 1112 2887 1135 ,
2904 1086 3152 1139 magnum
3186 1072 3387 1126 hiatum
3411 1073 3768 1140 intercedere,

2189 1152 2277 1209 hic
2298 1171 2395 1211 nos
2424 1168 2605 1213 nostra
2639 1160 2774 1215 bona
2805 1162 3098 1234 accepisse.
3128 1163 3365 1219 Obsecro
3394 1166 3572 1235 igitur,
3591 1182 3773 1221 amare

2189 1245 2448 1313 fleamus;
2486 1261 2579 1304 aut
2610 1264 2786 1321 potius
2816 1270 2923 1309 non
2952 1264 3154 1310 tantum
3212 1258 3457 1321 fleamus,
3487 1259 3580 1313 sed
3608 1260 3769 1314 etiam

2190 1344 2438 1397 virtutem
2465 1344 2736 1399 adeamus.
2770 1347 3067 1417 Lugeamus
3111 1365 3253 1405 nunc
3278 1350 3344 1405 ad
3398 1352 3625 1406 salutem
3650 1392 3667 1420 ,
3704 1368 3774 1407 ne

2189 1443 2315 1490 tunc
2343 1436 2539 1491 frustra
2568 1439 2839 1508 lugeamus
2865 1458 2877 1494 :
2910 1440 3186 1509 ploremus
3214 1458 3377 1508 nunc,
3411 1451 3466 1497 et
3488 1454 3613 1498 tunc
3663 1460 3771 1500 non

2188 1528 2517 1597 plorabimus
2547 1545 2613 1583 ex
2658 1530 3041 1600 improbitate:
3071 1532 3228 1588 fletus
3273 1533 3361 1589 hic
3410 1535 3624 1589 virtutis
3666 1547 3770 1601 est,

2189 1620 2277 1675 ille
2322 1636 2451 1676 vero
2499 1621 2701 1676 inutilis
2731 1624 3057 1691 paenitentiae
3090 1625 3444 1681 :ai‘llictemus
3491 1641 3633 1681 nunc
3672 1643 3771 1682 nos

2189 1711 2356 1779 ipsos,
2380 1728 2446 1766 ae
2471 1721 2600 1765 tunc
2626 1712 2963 1769 afﬂictemur.
2998 1714 3219 1770 Multum
3271 1717 3496 1772 interest
3523 1718 3609 1773 hic
3632 1718 3771 1773 affli-

2188 1804 2342 1871 ctari,
2376 1815 2431 1859 et
2476 1806 2568 1860 ibi.
2598 1806 2730 1860 Nam
2778 1806 2863 1862 hic
2912 1809 3128 1878 quidem
3178 1809 3244 1863 ad
3302 1810 3461 1865 breve
3498 1812 3773 1867 afﬂictaris

2191 1907 2435 1967 tempus;
2466 1901 2640 1968 potius
2659 1908 2933 1957 autemne
2976 1917 3192 1957 sensum
3225 1905 3436 1973 quidem
3467 1906 3789 1961 afﬂictionisi

2189 1990 2356 2058 eapis,
2416 1991 2751 2061 exploratum
2795 1994 2998 2049 habens
3027 1994 3271 2050 afflictari
3302 2005 3387 2062 te,
3417 2006 3473 2051 ut
3501 1997 3637 2053 bene
3674 1999 3789 2053 tibi

2190 2081 2298 2134 sit:
2334 2082 2406 2136 ibi
2438 2098 2565 2138 vero
2596 2084 2752 2154 longe
2781 2084 2968 2139 durior
3004 2086 3256 2153 afflictio;
3301 2088 3444 2143 nulla
3486 2090 3631 2144 enim
3677 2104 3773 2159 spe

2190 2181 2485 2235 recreatur,
2519 2188 2690 2242 neque
2719 2174 2921 2229 exitum
2950 2175 3174 2237 invenit.
3206 2177 3299 2230 sed
3330 2179 3531 2232 inﬁnita
3558 2194 3622 2235 ac
3647 2196 3776 2248 pero

2191 2273 2349 2334 petua
2380 2272 2482 2320 est.
2528 2265 2741 2321 Utinam
2771 2282 2900 2321 vero
2932 2267 3056 2323 hinc
3081 2269 3294 2323 liberati
3341 2272 3585 2339 requiem
3628 2272 3772 2325 illam

2189 2373 2603 2429 consequamur.
2631 2358 2736 2414 Sed
2766 2360 3039 2430 quoniam,
3097 2370 3155 2415 ut
3209 2378 3274 2415 ne
3307 2378 3615 2431 peccemus,
3650 2380 3772 2418 cum

2191 2451 2408 2506 assiduo
2436 2452 2632 2516 studio,
2664 2462 2774 2506 tum
2825 2451 3054 2507 assiduis
3085 2456 3493 2523 precibusopus
3516 2464 3630 2520 est,
3657 2465 3773 2510 stu-

2191 2544 2436 2610 deamus,
2471 2560 2676 2612 qumso,
2729 2545 2968 2613 requiem
3020 2546 3163 2599 illam
3214 2548 3493 2616 consequi.
3548 2547 3680 2601 Nam
3728 2549 3791 2603 si.

2192 2636 2501 2689 Studeamus
2530 2644 2584 2689 et
2614 2650 2895 2703 precemur
2918 2677 2931 2699 ,
2978 2651 3405 2705 consequemur:
3461 2636 3508 2691 si
3562 2638 3777 2694 assidue

2192 2715 2551 2796 precabimur,
2584 2727 2730 2782 dabit
2759 2729 2917 2781 Deus.
2966 2728 3058 2783 Sin
3109 2739 3287 2783 autem
3341 2746 3516 2800 neque
3546 2731 3614 2787 ab
3656 2732 3776 2801 ipso

2193 2827 2457 2886 petamus,
2501 2834 2598 2872 nec
2625 2818 2910 2888 quidquam
2940 2818 3202 2887 ejusmodi
3239 2829 3573 2888 priestemus,
3605 2823 3778 2876 omni—

2195 2923 2369 2977 noque
2399 2908 2529 2961 nihil
2582 2924 2845 2979 agamus:
2877 2910 2966 2979 qui
3019 2910 3132 2963 lieri
3166 2926 3416 2979 umquam
3473 2922 3669 2980 potest,
3722 2923 3793 2969 ut.

2193 2998 2519 3055 dormientes
2545 3001 2982 3070 consequamur?
3033 3002 3198 3056 Plane
3254 3016 3360 3055 non
3396 3012 3592 3073 potest.
3637 3005 3794 3060 Satis.

2194 3091 2335 3145 enim
2367 3091 2503 3145 bene
2548 3093 2822 3146 nobiscum
2853 3103 3040 3162 agetur
3062 3135 3076 3157 ,
3119 3093 3164 3146 si
3218 3103 3499 3149 currentes
3527 3136 3542 3161 ,
3573 3111 3781 3166 nosque

2195 3181 2340 3249 ipsos
2379 3181 2751 3249 extendentes,
2780 3194 2834 3237 et
2859 3182 3164 3237 conformes
3184 3183 3307 3238 iacti
3356 3185 3515 3239 morti
3557 3186 3693 3255 ejus,
3722 3196 3781 3239 ιιι

2196 3274 2390 3329 Paulus
2417 3273 2645 3337 diccbat,
2667 3274 2921 3343 consequi
2952 3274 3317 3342 potuerimus;
3344 3277 3562 3329 minime
3586 3291 3714 3330 vero
3735 3277 3779 3330 si

2195 3366 2543 3420 dormiamus.
2570 3365 2629 3418 Si
2666 3365 2939 3434 quomodo,
2960 3366 3148 3435 inquit,
3167 3382 3429 3419 occurram
3450 3366 3781 3437 (Pliilipp.5.

2197 3460 2257 3513 Η
2292 3458 2336 3527 ).
2358 3456 2509 3525 Quod
2539 3457 2584 3511 si
2615 3456 2808 3510 Paulus
2852 3455 3079 3520 dicebat,
3112 3456 3173 3510 Si
3214 3457 3462 3526 quomodo
3490 3472 3776 3523 occurram,

2195 3550 2322 3620 quid
2345 3564 2444 3604 nos
2470 3548 2747 3602 dicemus?
2796 3547 3199 3602 Dormientibus
3248 3552 3389 3603 enim
3426 3565 3597 3618 neque
3627 3565 3781 3603 mune

2195 3643 2332 3697 dana
2357 3656 2611 3709 umquam
2640 3640 2851 3709 negotia
2878 3640 3261 3705 coniiciuntur,
3305 3640 3498 3694 nedum
3524 3641 3781 3710 spiritua-

2197 3733 2265 3788 lia
2296 3750 2309 3786 :
2341 3733 2672 3787 dormientes
2700 3747 2767 3786 ne
2794 3733 2862 3786 ab
2891 3733 3078 3786 amicis
3094 3733 3309 3802 quidem
3331 3733 3617 3803 quidquam
3641 3736 3781 3789 acci—

2196 3826 2387 3895 piunt,
2422 3826 2616 3878 nedum
2646 3839 2676 3877 a
2706 3824 2815 3878 Deo
2846 3843 2859 3878 ε
2890 3823 3223 3879 dormientes
3252 3842 3318 3880 ne
3349 3838 3530 3895 patres
3557 3826 3776 3896 quidem

2196 3920 2250 3973 in
2270 3919 2475 3973 honore
2501 3919 2717 3982 habent,
2744 3917 2939 3972 nedum
2968 3918 3423 3972 Deus.Paululum
3454 3918 3778 3983 laboremus,

2196 4019 2255 4064 ut
2284 4010 2335 4064 in
2372 4024 2533 4064 omne
2584 4025 2756 4063 aevum
2794 4009 3217 4079 requiescamus.
3269 4011 3501 4065 Omnino
3532 4013 3783 4068 aerumnis

2196 4117 2453 4173 angantur
2479 4116 2698 4156 necesse
2714 4109 2797 4156 est
2827 4121 2839 4156 :
2868 4101 3007 4171 quod
3050 4102 3094 4156 si
3125 4102 3210 4156 hic
3252 4104 3472 4158 minime
3499 4119 3780 4174 angantur,

2198 4195 2251 4249 id
2283 4210 2381 4249 nos
2410 4194 2478 4249 ibi
2510 4203 2708 4248 manet.
2735 4192 2844 4247 Cur
2870 4210 2975 4249 non
2997 4194 3263 4249 malumus
3288 4195 3378 4250 hic
3401 4197 3604 4259 vexari,
3635 4205 3693 4249 ut
3713 4196 3783 4250 ibi

2197 4286 2628 4355 requiescamus?
2656 4284 2871 4341 Utinam
2902 4301 3028 4340 vero
3060 4301 3157 4340 nos
3174 4302 3360 4339 omnes
3382 4286 3545 4357 digne
3573 4286 3785 4341 Christo

2198 4378 2361 4432 vitam
2387 4378 2662 4448 degentes,
2682 4385 2736 4432 et
2764 4376 3069 4432 conformes
3100 4378 3221 4431 facti
3259 4378 3426 4446 ipsius
3454 4378 3800 4442 morti,bona-

2198 4470 2311 4532 illa,
2364 4485 2483 4540 quae
2515 4472 2689 4523 oratio
2727 4469 2940 4538 assequi
2990 4484 3096 4522 non
3129 4476 3329 4538 potest,
3363 4483 3782 4538 consequamur,

2199 4562 2253 4615 in
2274 4559 2624 4616 CbristoJesu
2648 4560 2873 4614 Domino
2902 4556 3394 4628 nostro,‘cunt.-quo
3423 4560 3567 4614 Patri
3598 4560 3788 4614 simul-

2200 4669 2305 4723 que
2342 4660 2529 4707 sancto
2568 4651 2786 4721 Spiritui
2822 4650 3013 4721 gloria,
3064 4660 3321 4720 potestas,
3356 4650 3550 4716 honor,
3574 4666 3714 4705 nunc
3734 4660 3791 4707 et

2201 4760 2438 4815 semper,
2466 4755 2521 4798 et
2549 4744 2603 4798 in
2632 4744 2827 4799 saecula
2855 4745 3195 4799 saeculorum.
3224 4745 3417 4799 Amen.

517 4930 3392 4960 _____________._.______.____———_____—______

1862 4990 2207 5052 HOMILIA
2251 4992 2420 5052 XIV.

512 5154 643 5213 CAP.
698 5152 751 5206 4,
800 5166 851 5202 v.
900 5148 952 5201 ι.
994 5143 1217 5199 Gaudete
1258 5142 1312 5193 in
1362 5137 1584 5193 Domino
1637 5151 1831 5205 semper
1870 5136 2096 5188 :iterum

587 5249 699 5300 dico
725 5288 738 5311 ,
773 5241 1017 5298 Gaudete.
1059 5238 1113 5291 5.
1158 5234 1410 5288 Modestia
1437 5241 1598 5285 vestra
1627 5238 1747 5283 nota
1776 5230 1839 5282 sit
1868 5230 2096 5282 omnibus

593 5336 897 5391 hominibus.
947 5330 1198 5383 Dominus
1251 5341 1408 5396 prope
1459 5332 1565 5376 est:
1611 5322 1663 5376 6.
1714 5320 1844 5373 nihil
1890 5319 2100 5375 solliciti

586 5433 694 5485 si:is
719 5472 732 5495 ,
765 5427 851 5481 sed
879 5427 932 5478 in
958 5424 1094 5477 omni
1124 5420 1351 5474 oratione
1393 5426 1439 5470 et
1464 5414 1803 5469 obsecratione
1832 5429 1945 5465 cum
1971 5430 2095 5483 gra-

590 5527 776 5577 tiarum
822 5521 1019 5573 actione
1070 5515 1333 5585 petitiones
1375 5520 1552 5564 vestra!
1610 5509 1924 5561 innotescunt
1965 5506 2103 5573 apud

591 5613 774 5667 Deum.
824 5612 880 5663 7.
920 5607 986 5661 Et
1016 5622 1118 5676 pax
1148 5604 1274 5665 Dei,
1304 5617 1415 5671 qua:
1442 5608 1711 5668 exsuperat
1748 5613 1946 5650 omnem
1988 5613 2106 5650 sen-

591 5722 703 5757 sum
730 5746 742 5767 ,
771 5701 1031 5754 custodiat
1058 5698 1212 5752 corda
1242 5706 1410 5749 vestra
1437 5703 1483 5747 et
1513 5691 1872 5763 intelligentia:
1914 5700 2104 5744 vestras

592 5800 644 5851 in
674 5795 878 5850 Christo
906 5792 940 5846 Ι
946 5808 1056 5845 esu.

592 5890 642 5944 ι..
683 5886 815 5945 Cum
840 5884 1078 5941 Christus
1108 5880 1268 5951 dicat,
1301 5878 1441 5936 Beati
1468 5878 1551 5948 qui
1588 5877 1775 5948 lugent,
1808 5883 1881 5942 et,
1920 5872 2004 5929 Va:
2036 5874 2106 5929 ri-

2204 5137 2434 5191 dentibus
2468 5135 2676 5206 (Matth.
2706 5137 2758 5190 5.
2790 5138 2843 5191 5.
2878 5136 3006 5189 Luc.
3034 5137 3088 5192 6.
3119 5136 3234 5208 25),
3265 5139 3392 5207 quid
3421 5154 3562 5192 nunc
3588 5138 3795 5207 signiti-

2205 5245 2333 5283 cans
2361 5228 2559 5283 Paulus
2587 5230 2655 5282 ita
2687 5228 2856 5297 inquit
2887 5247 2898 5281 :
2938 5226 3167 5283 Gaudete
3195 5230 3247 5281 in
3272 5227 3492 5282 Domino
3540 5245 3739 5297 semper
3769 5229 3794 5281 Ρ

2206 5320 2324 5375 Νοιι
2402 5335 2532 5372 sane
2602 5319 2917 5374 adversatur
2949 5318 3201 5383 Christo,
3253 5319 3410 5373 absit.
3481 5319 3569 5372 Va:
3639 5320 3802 5383 enim,

2209 5413 2343 5467 dixit
2367 5412 2613 5467 Christus
2668 5412 2963 5467 ridentibus
2990 5412 3153 5467 risum
3194 5412 3375 5466 mundi
3404 5411 3579 5481 hujus,
3610 5412 3698 5481 qui
3732 5428 3795 5464 ex
3822 5464 3827 5465 ,

2212 5504 2373 5559 rebus
2400 5503 2757 5573 prmsentibus
2781 5505 2955 5559 oritur
2979 5522 2993 5559 :
3027 5512 3082 5559 et
3110 5503 3352 5573 lugentes
3380 5508 3564 5558 beatos
3605 5505 3797 5572 praedi-

2212 5595 2388 5659 cavit,
2427 5611 2533 5649 non
2585 5599 2772 5664 quovis
2798 5596 2960 5650 modo
2992 5595 3232 5664 lugentes
3260 5610 3325 5649 ex
3357 5610 3543 5650 rerum
3577 5612 3813 5649 suarum.

2214 5688 2502 5742 amissione
2526 5728 2541 5752 ,
2584 5687 2678 5742 sed
2710 5703 2804 5742 eos
2834 5688 2923 5757 qui
2951 5696 3385 5756 compunguntur
3415 5729 3430 5752 ,
3476 5687 3567 5757 qui
3591 5703 3686 5742 sua
3716 5688 3801 5741 lu-

2216 5788 2345 5849 gent
2373 5781 2509 5835 mala
2535 5820 2549 5846 ,
2601 5780 2692 5850 qui
2734 5789 2951 5849 peccata
2999 5793 3096 5833 sua
3122 5778 3469 5848 expendunt,
3514 5788 3607 5836 aut
3642 5779 3813 5834 etiam

2217 5870 2414 5928 aliena.
2458 5871 2570 5931 Non
2621 5880 2906 5929 estautem
2952 5870 3219 5942 ejusmodi
3264 5872 3427 5928 luctui
3473 5872 3819 5928 comrarinm-
