4108 6410
406 408 513 463 983

407 523 511 579 hoc
538 522 819 593 gaudium;
846 522 1087 595 quinimo
1114 538 1144 577 a
1167 522 1311 578 luctu
1339 523 1432 578 illo
1452 521 1699 593 gaudium
1730 522 1832 575 hoc
1857 536 1983 589 pro-

408 624 661 671 creatur:
710 632 832 670 nam
878 617 965 686 qui
998 617 1142 687 luget
1186 630 1281 670 sua
1308 617 1444 668 mala
1500 624 1554 669 et
1580 612 1901 679 confitetur,
1942 612 1989 667 is

405 708 677 777 gaudebit.
717 707 984 763 Praeterea
1018 722 1146 762 vero
1177 707 1301 762 licet
1324 698 1506 776 lugere
1532 704 1749 775 quidem
1772 714 1989 773 propter

406 809 620 867 peccata
645 813 738 853 sua
761 842 774 863 ,
806 799 1040 870 gaudere
1066 807 1243 854 autem
1273 797 1468 852 Christi
1496 812 1679 855 causa.
1725 796 1987 864 Quoniam

407 890 571 959 igitur
616 891 950 945 vexabantur
1007 906 1184 945 rerum
1215 892 1558 944 tnolcstarum
1602 888 1984 959 perpessionc;

419 980 567 1035 Vobis
608 985 749 1037 enim
781 982 956 1035 datum
986 993 1095 1048 est,
1129 982 1332 1051 inquit,
1364 998 1467 1034 non
1517 981 1680 1035 solum
1709 988 1767 1033 ut
1792 983 1844 1032 in
1874 994 1989 1031 eum

405 1074 624 1127 credatis
650 1115 664 1139 ,
696 1074 785 1127 sed
812 1083 867 1126 ut
896 1074 1046 1128 etiam
1077 1090 1169 1142 pro
1216 1073 1307 1125 illo
1336 1071 1606 1142 patiamini
1633 1070 1897 1140 (Philipp.
1932 1070 1983 1122 l.

404 1162 540 1233 29);
578 1173 856 1233 propterea
882 1204 899 1230 ,
928 1165 1097 1234 inquit
1123 1206 1137 1225 .
1172 1162 1237 1216 In
1272 1162 1489 1216 Domino
1545 1163 1777 1232 gaudete.
1843 1159 1986 1213 Idem

403 1255 546 1309 enim
577 1256 874 1325 significat,
906 1270 967 1309 ac
993 1256 1035 1309 si
1068 1254 1323 1309 dixisset:
1368 1253 1548 1308 Talem
1579 1252 1701 1306 vita:
1723 1252 1985 1305 rationem

401 1348 670 1405 ostendite
694 1391 707 1411 .
766 1359 823 1403 ut
853 1348 1191 1419 gaudendum
1235 1347 1324 1401 sit.
1364 1345 1592 1413 Quando
1645 1344 1834 1414 igitur,
1867 1358 1986 1413 qum

400 1439 468 1494 ad
500 1441 661 1495 Deum
689 1443 989 1511 pertinent,
1023 1439 1396 1509 nullum'apud
1428 1454 1524 1493 vos
1545 1438 1983 1507 impedimentum

401 1532 716 1598 habuerint,
747 1534 995 1603 gaudete.
1037 1534 1181 1602 Ergo
1209 1533 1291 1587 vel
1344 1531 1444 1585 hoc
1475 1530 1637 1589 dicit;
1672 1530 1757 1584 vel
1798 1528 1985 1583 vocula

400 1628 488 1681 illa
513 1668 530 1693 ,
570 1628 623 1679 in
651 1666 665 1692 ,
694 1627 836 1680 valet
866 1626 1002 1680 idem
1043 1636 1201 1695 atque
1225 1666 1239 1690 ,
1269 1641 1383 1678 cum
1408 1666 1423 1688 ,
1477 1622 1526 1676 id
1552 1631 1668 1684 est,
1723 1636 1843 1675 cum
1876 1621 1985 1674 Do-

400 1722 545 1773 mino
570 1733 805 1787 semper.
833 1718 1029 1772 Rursus
1055 1717 1188 1782 dico,
1224 1714 1469 1770 Gaudete.
1495 1714 1606 1769 Hoc
1634 1712 1788 1769 valde
1815 1711 1985 1768 ﬁden-

400 1813 467 1866 tis
488 1820 586 1873 est,
617 1820 777 1881 atque
806 1811 1140 1865 ostendentis
1163 1852 1178 1877 ,
1220 1810 1268 1865 ei
1297 1811 1385 1880 qui
1419 1809 1470 1863 in
1503 1808 1614 1863 Deo
1638 1816 1741 1875 est,
1772 1822 1984 1877 semper

399 1903 733 1974 gaudendum
762 1918 915 1959 esse:
946 1904 1155 1958 etiamsi
1183 1912 1454 1973 prematur
1487 1916 1550 1955 ac
1576 1899 1787 1971 quidvis
1819 1901 1985 1969 patia-

398 2006 486 2050 tur
515 2038 528 2060 ,
559 1995 647 2049 hic
671 2012 887 2065 semper
917 1995 1129 2065 gaudet.
1173 1995 1306 2049 Audi
1337 1994 1478 2049 enim
1510 1993 1707 2047 Lucam
1751 1993 1818 2048 de
1857 2008 1985 2062 apo—

399 2090 553 2144 stolis
577 2088 863 2151 dicentem,
898 2087 1049 2141 Ibant
1085 2087 1360 2157 gaudentes
1385 2105 1416 2141 a
1455 2097 1726 2156 conspectu
1757 2085 1980 2148 concilii,

404 2181 644 2247 quoniam
673 2180 815 2250 digni
845 2178 1001 2232 habiti
1027 2188 1141 2232 sunt
1189 2195 1280 2247 pro
1311 2180 1515 2232 nomine
1560 2180 1671 2249 ejus
1699 2178 1983 2232 verberibus

416 2273 544 2326 aedi
571 2271 704 2340 (Act.
739 2274 791 2327 5.
822 2268 934 2343 ll).
976 2271 1030 2327 Si
1084 2272 1304 2326 verbera
1335 2280 1389 2325 et
1434 2270 1638 2324 vincula
1664 2311 1680 2336 ,
1711 2284 1830 2339 qua:
1873 2284 1983 2337 prae

396 2366 605 2419 curteris
637 2366 884 2419 videntur
906 2364 1152 2427 molesta,
1178 2363 1428 2435 gaudium
1442 2363 1679 2433 pariunt,
1708 2361 1835 2433 quid
1863 2372 1981 2416 tan-

396 2457 518 2511 dem
567 2456 668 2510 erit
692 2457 856 2518 aliud.
890 2457 1031 2527 quod
1067 2456 1222 2511 nobis
1270 2455 1459 2511 aderre
1490 2457 1731 2511 dolorem
1779 2455 1981 2525 queat?

396 2548 597 2604 Rursus
626 2550 759 2614 dico,
809 2549 1055 2604 Gaudete.
1088 2550 1257 2605 Recte
1305 2550 1465 2605 verba
1494 2551 1595 2604 ista
1644 2549 1933 2619 geminavit
1962 2566 1976 2601 :

411 2645 534 2712 quia
564 2644 704 2697 enim
736 2659 914 2697 rerum
937 2655 1124 2698 natura
1146 2643 1387 2698 dolorem
1414 2643 1669 2713 pariebat.
1690 2658 1752 2697 ex
1778 2642 1873 2696 ista
1905 2657 1980 2696 re-

396 2736 652 2803 petitione
697 2738 928 2791 ostendit
957 2737 1293 2807 gaudendnm
1333 2738 1552 2792 omnino
1609 2751 1748 2791 esse.
1796 2736 1978 2790 Mode-

395 2830 494 2881 stin
522 2838 683 2880 vestra
708 2840 834 2882 nota
863 2830 929 2882 sit
969 2829 1198 2882 omnibus
1228 2828 1533 2882 hominibus.
1578 2828 1793 2882 Dixerat
1820 2828 1979 2895 paulo

397 2929 541 2982 ante,
571 2919 796 2985 Quorum
823 2920 943 2974 deus
974 2932 1143 2975 venter
1174 2932 1268 2987 est,
1295 2931 1345 2975 et
1384 2921 1548 2992 gloria
1586 2923 1638 2975 in
1684 2922 1977 2992 confusione

393 3015 642 3082 ipsorum,
674 3013 758 3081 qui
786 3021 983 3066 terrena
1018 3014 1245 3083 sapiunt.
1284 3012 1549 3080 Quoniam
1598 3013 1755 3083 igitur
1787 3014 1978 3067 verisi-

393 3105 523 3159 mile
565 3114 682 3158 erat
733 3103 867 3169 fore,
896 3113 956 3159 ut
1008 3105 1133 3159 hinc
1186 3103 1551 3174 Philippenses
1603 3116 1728 3175 erga
1778 3106 1979 3175 impro-

392 3199 494 3254 bos
535 3197 800 3253 infensum
846 3198 1080 3251 animum
1130 3198 1482 3267 susciperent,
1520 3208 1806 3268 prepterea
1834 3200 1977 3269 ipsos

391 3290 499 3359 jam
528 3300 729 3356 monet,
756 3300 813 3345 ut
837 3291 970 3346 nihil
995 3306 1121 3362 erga
1142 3292 1261 3348 illos
1286 3308 1570 3348 commune
1597 3292 1851 3358 habeant,
1879 3292 1975 3346 sed

393 3397 583 3451 magna
613 3398 733 3437 cum
779 3383 1043 3437 modestia
1075 3394 1295 3439 utantur
1323 3401 1429 3439 non
1478 3385 1729 3440 fratribus
1755 3385 1927 3439 solum
1956 3427 1972 3451 ,

392 3473 486 3527 sed
520 3476 679 3528 etiam
717 3475 951 3530 inimicis
972 3486 1026 3530 et
1045 3476 1385 3531 adversariis.
1417 3476 1665 3531 Dominus
1693 3494 1851 3547 prope
1865 3487 1935 3532 est
1955 3494 1977 3532 :

392 3567 525 3620 nihil
545 3568 751 3620 solliciti
772 3568 899 3620 sitis.
923 3567 1065 3634 Quid
1086 3567 1228 3627 enim
1260 3568 1434 3623 causa:
1458 3578 1560 3631 est,
1585 3568 1672 3623 dic
1698 3569 1849 3635 mihi,
1878 3585 1976 3624 cur

394 3659 680 3714 concidere
706 3662 886 3715 animo
916 3661 1196 3715 debeatis?
1220 3677 1286 3714 an
1301 3660 1439 3731 quod
1465 3660 1517 3714 in
1542 3676 1633 3714 vos
1660 3661 1968 3732 insurgunt,

391 3752 641 3822 quodque
670 3766 763 3807 eos
788 3753 837 3805 in
869 3752 1076 3807 deliciis
1103 3752 1295 3821 degere
1324 3752 1555 3808 videtis?
1589 3753 1740 3806 Nihil
1765 3753 1972 3808 solliciti

390 3844 524 3897 sitis.
552 3843 666 3899 Jatn
693 3843 934 3897 imminet
973 3843 1251 3912 judicium,
1287 3859 1390 3897 non
1428 3844 1584 3914 longe
1609 3845 1711 3898 erit
1740 3860 1861 3899 cum
1896 3845 1975 3899 fa-

391 3945 597 3989 ctorum
625 3949 841 3989 suorum
866 3937 1123 3990 rationem
1154 3936 1396 3990 reddent.
1426 3939 1494 3990 At
1517 3952 1612 3990 vos
1636 3938 1687 3991 in
1711 3939 1971 4007 angustiis

394 4027 666 4091 laboratis,
704 4014 777 4081 illi
810 4042 940 4081 vero
965 4026 1173 4082 deliciis
1199 4028 1481 4082 diffluunt?
1515 4028 1632 4083 Jam
1666 4032 1779 4084 hazc
1808 4030 1966 4084 finem

396 4119 688 4175 habebunt.
723 4125 791 4174 At
821 4120 1138 4175 insidiantur
1164 4136 1226 4174 ac
1254 4122 1569 4175 minantur?
1599 4124 1666 4175 At
1712 4138 1817 4177 non
1872 4124 1969 4176 ist-

405 4215 523 4271 htec
550 4215 680 4283 ipsis
698 4222 954 4284 perpetuo
974 4228 1039 4268 ex
1070 4215 1332 4268 sententia
1376 4213 1667 4270 succedent
1693 4232 1706 4267 :
1734 4215 1842 4285 jam
1870 4216 1973 4269 im-

391 4310 564 4362 minet
580 4307 860 4377 judicium,
882 4316 1116 4376 tuncque
1142 4307 1319 4360 omnia
1347 4317 1532 4361 contra
1585 4317 1774 4372 erunt;
1819 4306 1970 4362 Nihil

390 4400 593 4453 solliciti
618 4398 768 4455 sitis:
791 4400 899 4469 jam
924 4400 1085 4455 instat
1122 4409 1330 4472 tempus
1368 4398 1654 4453 reddendae
1681 4398 1968 4455 mercedis.

395 4493 548 4563 Quod
578 4494 618 4548 si
644 4509 767 4563 erga
785 4508 898 4560 eos,
931 4493 1034 4565 quL
1051 4506 1145 4546 vos
1170 4491 1430 4547 molestiis
1462 4492 1722 4559 afﬁciunt,
1747 4492 1974 4562 tequita-

395 4596 502 4640 tem
531 4587 692 4640 animi
723 4586 1092 4650 adhibueritis,
1126 4584 1303 4637 omnia
1332 4592 1675 4650 evanescent,
1697 4585 1797 4639 etsi
1842 4599 1973 4654 pau-

404 4688 605 4749 pertus,
638 4681 679 4733 si
727 4693 891 4741 mors,
922 4679 964 4731 si
994 4677 1197 4745 qumvis
1222 4676 1327 4730 alia
1354 4678 1531 4746 gravis
1577 4677 1850 4730 calamitas
1877 4691 1970 4729 ur-

399 4784 522 4843 get;
569 4772 746 4825 omnia
796 4771 1102 4826 cessahunt.
1154 4768 1305 4822 Nihil
1356 4768 1561 4822 solliciti
1601 4768 1754 4831 sitis;
1783 4766 1873 4821 sed
1915 4767 1973 4820 in

391 4864 530 4917 omni
566 4862 790 4915 oratione
832 4872 879 4914 et
908 4861 1250 4917 obsecratione
1288 4876 1403 4913 cum
1447 4859 1729 4928 gratiarum
1774 4860 1973 4913 actione

398 4954 660 5023 petitiones
682 4960 858 5005 vestra:
885 4953 1200 5006 innotescunt
1224 4952 1365 5021 apud
1388 4951 1571 5004 Deum.
1604 4950 1721 5005 Una
1748 4951 1965 5021 quidem

390 5045 686 5103 consolatio
711 5054 814 5109 est,
840 5043 1089 5098 Dominus
1115 5060 1273 5113 prope
1291 5053 1385 5108 est,
1417 5053 1471 5097 et
1492 5042 1643 5108 illud,
1674 5041 1781 5096 Ero
1802 5043 1972 5099 vobis-

391 5154 506 5192 cum
526 5136 757 5190 omnibus
781 5135 954 5189 diebus
977 5151 1131 5204 usque
1158 5135 1225 5188 ad
1247 5135 1732 5188 consummationem
1771 5134 1968 5189 saeculi.

400 5229 536 5284 Ecce
561 5229 661 5282 alia
690 5226 982 5282 consolatio
1002 5265 1016 5289 ,
1060 5226 1403 5294 pharmacum
1429 5264 1446 5290 ,
1493 5224 1634 5293 quod
1675 5239 1968 5279 maerorem

388 5336 601 5374 omnem
620 5328 675 5374 et
700 5316 1093 5389 aegritudinem,
1115 5316 1443 5385 molestaque
1459 5314 1638 5369 omnia
1660 5315 1969 5383 propulsare

397 5421 590 5482 potest.
619 5412 871 5478 Quantam
913 5408 1028 5462 haec
1058 5408 1176 5461 est?
1206 5400 1445 5467 Preeari,
1480 5406 1531 5460 in
1575 5406 1822 5461 omnibus
1845 5422 1968 5476 gra-

390 5506 492 5557 tias
519 5519 697 5573 agere.
748 5500 1105 5569 Quamobrem
1134 5513 1320 5569 preces
1361 5506 1574 5552 nostras
1626 5512 1732 5551 non
1765 5497 1962 5551 nudam

403 5598 710 5666 petitionem
738 5611 856 5650 esse
883 5595 1011 5655 vult,
1036 5592 1128 5648 sed
1154 5592 1491 5661 conjunctam
1518 5606 1638 5645 cum
1666 5591 1962 5660 gratiarum

390 5690 600 5743 actione
631 5702 725 5756 pro
752 5688 836 5752 iis,
860 5702 977 5755 qua:
998 5686 1321 5754 accepimus.
1340 5682 1621 5750 Quomodo
1648 5682 1789 5735 enim
1824 5690 1968 5751 petet

390 5781 508 5849 quis
537 5776 733 5843 futura,
757 5778 844 5847 qui
871 5778 939 5833 de
962 5775 1242 5849 praeteritis
1259 5772 1483 5846 gratiam
1503 5788 1609 5828 non
1638 5771 1837 5828 habet?
1859 5771 1965 5827 Sed

387 5875 443 5928 in
471 5874 630 5942 omni,
656 5874 843 5944 inquit,
868 5874 918 5928 id
940 5882 1041 5941 est,
1073 5873 1123 5928 in
1156 5872 1301 5927 omni
1334 5885 1394 5926 re
1423 5887 1435 5923 :
1468 5868 1695 5922 oratione
1722 5875 1769 5922 et
1811 5866 1960 5923 obse-

1113 404 1170 462 S.
1208 403 1484 462 JOANNIS
1519 402 1988 459 CHRYSOSTOMI
2016 401 2331 459 ARCIIIEP.
2362 403 2892 463 CONSTANTINOP.

3577 413 3686 470 235

2096 520 2336 575 creticae.
2391 519 2572 591 Itaque
2609 522 2679 578 de
2726 525 2976 580 omnibus
3029 527 3217 596 gratia:
3245 528 3507 586 habenda:
3534 544 3680 601 sunt,

2095 613 2258 666 etiam
2292 612 2360 667 de
2388 613 2453 667 iis
2482 630 2601 683 quae.
2639 614 2890 671 videntur
2933 618 3159 675 molesta
3211 637 3225 674 :
3268 622 3322 676 id
3363 624 3505 678 enim
3552 641 3682 682 vero

2093 703 2228 771 grati
2256 702 2487 759 hominis
2518 714 2621 761 est.
2667 706 2800 761 Illud
2829 707 2942 777 ipsa
2968 724 3147 764 rerum
3176 721 3366 767 natura
3396 716 3629 784 postulat
3665 735 3682 783 ;

2096 794 2199 850 hoc
2240 811 2369 851 vero
2398 798 2465 852 ab
2500 800 2681 855 animo
2717 810 2870 870 grato
2891 843 2906 868 ,
2938 802 3203 874 valdeque
3233 821 3357 876 erga
3402 807 3568 863 Deum
3601 809 3686 863 af-

2097 884 2236 940 fecto
2263 889 2638 956 proficiscitur.
2701 891 2808 946 llas
2836 907 3022 962 preces
3065 899 3311 965 agnoscit
3342 899 3478 953 Deus
3502 941 3515 961 ,
3550 902 3685 956 alias

2094 994 2221 1033 vero
2248 995 2315 1034 ne
2344 995 2502 1037 nosse
2531 982 2744 1053 quidem
2767 985 2897 1038 vult.
2925 985 3239 1054 Hujusmodi
3270 989 3429 1059 igitur
3449 1006 3536 1047 res
3568 1008 3681 1062 pre-

2092 1071 2309 1135 eemini,
2332 1087 2451 1142 quae
2488 1086 2867 1144 agnoscantur.
2905 1078 3096 1133 Omnia
3142 1081 3285 1136 enim
3317 1083 3382 1137 ad
3436 1094 3674 1140 nostram

2095 1161 2374 1217 utilitatem
2402 1164 2761 1231 administrat,
2803 1170 3015 1224 etiamsi
3065 1171 3114 1225 id
3150 1188 3249 1227 nos
3298 1176 3677 1245 percipiamus.

2092 1254 2267 1323 Atque
2297 1271 2541 1326 magnam
2582 1258 2668 1312 illa
2697 1260 2851 1315 nobis
2891 1261 3084 1317 afferre
3127 1265 3434 1331 utilitatem,
3486 1268 3536 1321 id
3585 1284 3674 1322 ar-

2091 1356 2347 1414 gumento
2369 1357 2480 1412 est,
2500 1349 2639 1417 quod
2674 1365 2777 1404 non
2810 1353 3156 1423 percipimus.
3181 1354 3248 1409 Et
3292 1374 3395 1427 pax
3428 1357 3543 1423 Dei,
3567 1375 3678 1429 qut:

2092 1448 2361 1503 exsuperat
2404 1455 2599 1493 omnem
2637 1442 2947 1496 intellectum
2971 1487 2985 1509 ,
3015 1447 3262 1501 custodiet
3309 1449 3464 1501 corda
3514 1461 3679 1504 vestra

2091 1535 2138 1579 et
2157 1528 2509 1598 intelligentias
2536 1541 2727 1586 vestras
2759 1534 2815 1587 in
2847 1534 3046 1590 Christo
3075 1536 3224 1591 Iesu.
3257 1534 3390 1605 Quid
3425 1541 3524 1595 hoc
3549 1543 3677 1597 est?

2090 1615 2199 1669 Pax
2240 1618 2355 1683 Dei,
2382 1620 2575 1689 inquit,
2609 1638 2765 1691 quam
2798 1639 2918 1678 cum
2949 1626 3255 1682 hominibus
3284 1628 3431 1695 fecit,
3461 1645 3673 1686 omnem

2090 1721 2371 1778 exsuperat
2406 1714 2808 1783 cogitationem.
2833 1716 2962 1783 Quis
3000 1720 3140 1773 enim
3171 1723 3523 1790 exspectavit,
3555 1725 3675 1793 quis

2089 1802 2326 1871 speravit
2356 1810 2503 1858 tanta
2531 1806 2830 1860 adventura
2862 1808 3000 1862 bona
3026 1810 3050 1862 ‘l
3096 1809 3400 1865 Humanam
3457 1828 3671 1869 omnem

2088 1894 2356 1948 excedunt
2385 1896 2790 1966 cogitationem.
2824 1915 2921 1954 nec
2955 1910 3160 1956 tantum
3206 1905 3527 1970 orationem,
3577 1921 3674 1975 pro

2090 1982 2318 2039 inimicis
2348 1988 2482 2052 suis,
2513 2003 2609 2057 pro
2641 1990 2705 2043 iis
2724 1990 2815 2059 qui
2844 1991 3014 2059 ipsum
3034 1992 3158 2045 odio
3183 1995 3669 2065 prosequebantur,

2087 2076 2175 2145 qui
2224 2079 2626 2145 aversabantur,
2654 2095 2750 2150 pro
2774 2082 2837 2135 iis
2876 2083 3093 2138 tradere
3116 2083 3307 2140 Filium
3341 2090 3669 2158 unigenitum

2088 2183 2194 2222 non
2240 2170 2524 2233 recusavit,
2555 2179 2608 2224 ut
2654 2186 2839 2241 pacem
2869 2173 3144 2229 nobiscum
3176 2178 3401 2244 faceret,
3424 2180 3546 2235 Hzec
3575 2198 3671 2235 au-

2087 2266 2195 2313 tem
2227 2275 2323 2328 pax
2354 2270 2454 2325 est,
2489 2261 2542 2315 id
2585 2271 2669 2317 est
2712 2263 2977 2330 liberatio,
3008 2267 3201 2322 caritas
3255 2268 3372 2335 Dei,
3414 2273 3671 2329 Custodiet

2086 2349 2243 2402 corda
2267 2358 2426 2404 vestra
2455 2362 2501 2405 et
2522 2352 2877 2424 intelligentias
2907 2366 3118 2413 vestras.

2156 2441 2211 2495 2.
2253 2441 2365 2497 lloc
2402 2447 2745 2513 praeceptoris
2774 2455 2876 2512 est,
2908 2464 3011 2502 non
3057 2459 3260 2505 tantum
3292 2468 3535 2519 monere,
3566 2457 3663 2512 sed

2084 2534 2244 2588 etiam
2276 2537 2481 2605 precari
2505 2545 2559 2591 et
2585 2552 2678 2606 per
2706 2538 3132 2595 obsecrationem
3161 2559 3373 2614 quoque
3394 2548 3665 2616 auxiliari,

2084 2634 2143 2680 ut
2172 2642 2346 2696 neque
2370 2643 2399 2680 a
2430 2629 2811 2684 tentationibus
2839 2631 3154 2698 obruantur,
3184 2650 3360 2705 neque
3384 2638 3452 2690 ab
3483 2655 3668 2696 errore

2082 2718 2527 2774 circutuf‘erantur
2551 2738 2562 2775 :
2587 2722 2807 2791 perinde
2836 2739 2898 2778 ac
2923 2724 2968 2778 si
2991 2724 3213 2791 diceret,
3239 2728 3339 2793 Qui
3359 2745 3455 2783 vos
3475 2730 3665 2787 eodem

2083 2811 2244 2865 modo
2271 2811 2539 2878 liberavit,
2569 2828 2725 2883 quem
2772 2829 2946 2886 neque
2977 2833 3129 2872 mens
3173 2822 3288 2889 ipsa
3329 2823 3538 2891 assequi
3567 2840 3665 2892 po-

2084 2912 2206 2969 test,
2239 2904 2283 2959 is
2310 2918 2406 2957 vos
2432 2905 2698 2959 custodiat
2742 2914 2799 2960 et.
2842 2908 3064 2973 muniat,
3099 2918 3157 2963 ut
3202 2910 3334 2964 nihil
3368 2914 3665 2980 patiamini,

2088 2994 2181 3049 Vel
2222 2994 2323 3049 hoc
2357 2995 2515 3065 igitur
2541 2996 2837 3066 signiﬁcat;
2884 2999 2965 3052 vel
2998 3000 3158 3067 istud,
3190 3001 3295 3056 Pax
3341 3003 3430 3057 illa
3461 3004 3527 3059 de
3561 3020 3665 3075 qua

2080 3087 2216 3141 dixit
2241 3090 2503 3156 Christus,
2539 3089 2726 3144 Pacem
2754 3091 2985 3161 relinquo
3016 3094 3173 3160 vobis,
3207 3112 3379 3166 pacem
3410 3114 3569 3150 meam
3598 3099 3664 3152 do

2080 3180 2216 3234 vobis
2247 3181 2428 3251 (Joan.
2461 3184 2548 3237 M.
2589 3184 2707 3254 27).
2743 3185 2853 3255 ipsa
2886 3202 2979 3241 vos
3028 3189 3309 3244 custodiet.
3355 3189 3480 3245 Hmc
3519 3192 3662 3245 enim

2081 3286 2183 3342 pax
2229 3283 2447 3343 superat
2499 3290 2713 3330 omnem
2767 3279 3048 3333 humanam
3108 3291 3362 3335 mentem.
3412 3280 3563 3348 Quod
3617 3285 3664 3337 si

2079 3379 2310 3434 quaeras,
2339 3366 2648 3435 quomodo?
2669 3368 2812 3422 audi.
2846 3369 3071 3437 Quando
3092 3371 3244 3441 jubet
3282 3389 3401 3429 cum
3435 3374 3664 3429 inimicis

2081 3474 2267 3528 pacem
2310 3459 2533 3524 habere,
2582 3477 2704 3517 cum
2752 3464 2818 3516 iis
2846 3465 2937 3533 qui
2980 3464 3227 3533 injuriam
3272 3466 3532 3534 referunt,
3571 3468 3661 3538 qui

2079 3567 2180 3606 nos
2207 3552 2348 3607 bello
2377 3565 2787 3623 persequuntur,
2828 3557 2916 3625 qui
2947 3557 3196 3612 infestum
3230 3574 3355 3630 erga
3404 3575 3503 3614 nos
3542 3561 3664 3615 ani-

2078 3660 2226 3699 mum
2266 3656 2488 3715 gerunt;
2522 3649 2792 3718 quomodo
2822 3650 2923 3705 hoc
2970 3666 3076 3705 non
3117 3661 3333 3721 superat
3374 3651 3660 3709 humanam

2079 3739 2355 3793 mentem?
2377 3740 2487 3793 lmo
2518 3755 2663 3807 vero,
2688 3742 2732 3795 si
2765 3742 2959 3810 placet,
2992 3743 3093 3797 hoc
3113 3745 3259 3812 prius
3288 3743 3657 3799 attendamus:

2078 3828 2199 3884 Pax
2225 3830 2337 3893 Dei,
2370 3848 2483 3903 qua:
2527 3843 2797 3903 exsuperat
2839 3851 3035 3888 omnem
3066 3846 3296 3891 mentem.
3339 3835 3394 3891 Si
3422 3852 3526 3906 pax
3564 3853 3661 3891 su-

2077 3933 2229 3992 perat
2258 3938 2471 3977 omnem
2515 3934 2770 3990 mentem,
2826 3926 2995 3979 multo
3026 3926 3191 3995 magis
3224 3926 3361 3982 Deus
3406 3927 3522 3996 ipse
3566 3928 3660 3998 qui

2078 4028 2262 4083 pacem
2313 4014 2437 4081 dat,
2498 4030 2711 4070 onmem
2765 4016 3040 4087 superabit
3084 4018 3495 4087 cogitationem,
3553 4036 3661 4074 non

2076 4106 2247 4160 solum
2282 4118 2539 4175 n0stram,
2566 4108 2659 4161 sed
2688 4110 2847 4163 etiam
2877 4108 3214 4178 angelorum,
3247 4120 3303 4165 et
3342 4125 3661 4180 superarum

2078 4209 2421 4269 potestatum.
2452 4200 2587 4266 Quid
2611 4211 2789 4255 autem
2819 4212 2921 4265 est,
2949 4200 3011 4254 In
3043 4202 3243 4258 Christo
3266 4203 3432 4257 Iesu?
3460 4203 3517 4259 ln
3546 4205 3663 4276 ipso

2076 4290 2365 4353 custodiet,
2401 4300 2457 4344 ut
2478 4292 2854 4361 perseveretis,
2888 4307 2987 4346 nec
3017 4292 3084 4346 de
3113 4293 3281 4363 ipsius
3316 4296 3419 4351 fide
3440 4297 3662 4353 decida-

2077 4382 2166 4436 tis.
2212 4382 2268 4437 8.
2313 4381 2392 4437 De
2432 4393 2634 4448 uetera,
2667 4384 2877 4453 fratres,
2920 4401 3246 4455 quwcumque
3292 4399 3409 4442 sunt
3462 4401 3657 4456 sancta,

2075 4491 2399 4545 quiscumque
2424 4492 2559 4543 vera,
2583 4493 2911 4548 qutecumque
2926 4479 3092 4549 justa.
3119 4480 3256 4546 Quid
3278 4482 3558 4553 significat,
3584 4485 3664 4541 De

2077 4571 2293 4623 ctetero?
2318 4570 2371 4624 ld
2403 4580 2506 4636 est,
2550 4571 2729 4625 omnia
2753 4571 2862 4639 jam
2892 4573 3047 4627 nobis
3077 4584 3201 4627 sunt
3227 4574 3389 4629 dicta.
3425 4576 3659 4635 Verbum

2077 4668 2163 4716 est
2187 4663 2547 4731 properantis,
2574 4671 2628 4717 et
2653 4662 2782 4715 nihil
2808 4678 2931 4717 cum
2955 4663 3112 4718 rebus
3139 4668 3491 4735 praesentibus
3514 4684 3665 4723 com-

2078 4772 2240 4812 mune
2284 4757 2552 4813 habentis.
2583 4758 2662 4813 De
2699 4769 2898 4825 uetera,
2943 4766 3148 4831 fratres,
3180 4781 3505 4834 quwcumqtte
3542 4776 3662 4819 sunt

2077 4865 2216 4916 vera,
2243 4865 2569 4920 quascumque
2587 4861 2780 4917 sancta,
2805 4869 3131 4924 quacumque
3143 4856 3307 4923 justa,
3335 4872 3664 4928 quaecumque

2078 4942 2283 5014 pudica,
2318 4957 2643 5011 quaecumque
2672 4943 2931 5009 amabilia,
2974 4960 3302 5015 quaecumque
3330 4946 3550 5001 honesta:
3579 4951 3663 5018 fa-

2076 5049 2194 5100 mae,
2222 5034 2265 5087 si
2290 5050 2388 5103 qua
2417 5035 2592 5099 virtus,
2626 5037 2668 5088 si
2696 5050 2795 5101 qua
2814 5036 2947 5103 laus,
2974 5037 3082 5095 lucc
3109 5039 3340 5108 cogitate.
3373 5040 3425 5094 9.
3458 5040 3585 5106 Qua:
3613 5050 3663 5094 et

2077 5126 2346 5190 didicistis,
2392 5136 2441 5179 et
2485 5126 2763 5195 accepistis,
2806 5138 2855 5182 et
2880 5130 3116 5195 audistis,
3160 5139 3203 5184 et
3234 5133 3430 5187 vidistis
3467 5134 3519 5187 in
3561 5151 3658 5187 me.

2076 5216 2211 5285 Quid
2244 5217 2347 5271 sibi.
2373 5218 2504 5284 vult,
2539 5219 2878 5289 Quaecumque
2905 5222 3187 5274 amabilia?
3213 5222 3479 5278 Amabilia
3523 5224 3659 5279 fide-

2076 5310 2235 5376 libus,
2258 5311 2502 5364 amabilia
2525 5312 2653 5365 Deo.
2686 5311 3025 5380 Quaecumque
3052 5324 3169 5367 sunt
3195 5330 3331 5368 vera.
3358 5315 3485 5371 Haec
3515 5318 3658 5372 enim

2075 5404 2267 5456 merito
2295 5401 2545 5456 dicuntur
2575 5418 2737 5468 vera;
2784 5404 2835 5457 id
2876 5406 3161 5463 est,virtus
3212 5407 3363 5476 ipsa;
3399 5406 3661 5464 vitiositas

2074 5506 2252 5552 autem
2281 5497 2614 5551 mendacium
2635 5506 2718 5552 est
2741 5515 2754 5549 :
2781 5514 2902 5551 nam
2928 5510 2981 5552 et
3003 5499 3244 5569 voluptas
3266 5501 3432 5569 ipsius
3452 5516 3661 5569 comes,

2074 5597 2130 5643 et
2147 5589 2312 5658 gloria
2336 5588 2671 5643 mendacium
2693 5598 2791 5652 est,
2813 5598 2867 5642 et
2883 5589 3145 5644 mundana
3164 5592 3341 5645 omnia
3364 5593 3495 5647 nihil
3518 5593 3659 5647 aliud

2073 5688 2199 5735 sunt
2226 5696 2385 5750 quam
2424 5680 2780 5735 mendacium.
2811 5681 3153 5751 Quazcumque
3197 5684 3402 5753 pudica.
3437 5686 3547 5740 Hoc
3580 5686 3663 5741 ill‘.

2073 5772 2379 5843 opponitur,
2408 5770 2548 5840 quod
2571 5781 2721 5826 antea
2748 5770 3012 5839 dixit,Qui
3033 5783 3231 5828 terrena
3252 5778 3475 5847 sapiunt.
3503 5775 3659 5842 ριιω-

2075 5880 2285 5935 cumque
2311 5872 2503 5919 sancta.
2528 5861 2640 5919 Hoc
2669 5863 2923 5919 adversus
2948 5863 3102 5932 illud,
3130 5865 3358 5933 Quorum
3387 5867 3509 5920 deus
3535 5882 3660 5921 vert-
