4148 6402
508 381 613 436 983

504 492 563 547 δέ
584 489 721 562 αὕτη
751 490 783 560 ή
814 486 959 559 χαρά
988 485 1206 541 ἐναντία
1228 485 1307 557 τῷ
1333 486 1520 539 πένθει
1547 485 1739 557 ἐκείνῳ
1760 503 1774 516 ’
1807 480 1942 540 ἀλλά
1973 486 2079 558 γάρ

507 583 603 637 ἀπ’
645 582 854 634 ἐκείνου
888 576 981 632 τοῦ
1030 576 1256 640 πένθους
1291 578 1386 630 καὶ
1421 575 1561 647 αῦτη
1608 576 1884 629 τίκτεται⁹
1914 577 1942 629 6
1973 576 2082 647 γὰρ

509 673 723 727 πενθῶν
753 673 825 724 τὰ
861 669 1054 723 ἐαυτοῦ
1082 669 1251 732 κακὰ,
1288 668 1382 721 καὶ
1419 667 1931 739 ἐξομολογούμενος,
1962 669 2080 738 χαί-

512 781 615 835 ρει.
645 763 854 825 Ἅλλως
882 760 959 824 δὲ,
987 759 1159 812 ἔνεστι
1187 757 1403 811 πενθεῖν
1436 758 1533 827 μὲν
1561 757 1699 827 ὑπὲρ
1729 756 1836 810 τῶν
1865 758 2082 811 οἰκείων

511 854 942 926 ἁμαρτημάτων,
978 851 1191 920 χαίρειν
1226 849 1283 902 δέ
1319 849 1411 901 ἐπὶ
1454 848 1531 919 τῷ
1568 847 1811 918 Χριστῷ.
1864 848 2080 919 Ἐπειδὴ

511 944 604 1002 οὖν
652 943 1027 1000 συνεθλίὸοντο
1077 942 1145 995 δι’
1182 934 1256 994 ὧν
1286 940 1523 1010 ἔπασχον
1577 938 1933 1009 (Ἑχαρίσθη
1973 939 2093 1013 γὰρ,

511 1039 672 1108 ὑμῖν,
708 1036 891 1107 φησὶν,
909 1035 995 1115 ,οὐ
1036 1034 1247 1103 μόνον,
1292 1034 1357 1086 τὸ
1401 1034 1490 1097 είς
1525 1031 1713 1086 αὐτόν
1751 1032 2077 1099 πιστεύειν,

510 1130 674 1186 ἀλλὰ
699 1127 884 1183 καὶτὸ
914 1124 1066 1193 ὑπὲρ
1088 1124 1273 1179 αὐτοῦ
1297 1122 1601 1195 πάσχειν),
1618 1122 1707 1177 διὰ
1732 1123 2087 1192 τοῦτολέγει,

517 1224 622 1276 Ἔν
644 1220 837 1288 Κυρίῳ
866 1218 1119 1287 χαίρετε.
1154 1215 1338 1268 Ταῦτα
1385 1215 1494 1285 γὰρ
1543 1214 1694 1268 οὐδέν
1747 1216 1916 1280 ἐστιν,
1943 1215 2079 1285 ἢότι

511 1312 761 1367 Τοιοῦτον
785 1307 1156 1363 ἐπιδείκνυσθε
1188 1307 1321 1377 βίον,
1353 1306 1491 1359 ὥστε
1518 1306 1750 1376 χαίρειν.
1767 1306 1937 1360 Ὅταν
1965 1304 2078 1359 τοί-

508 1420 602 1457 νυν
640 1401 707 1455 τὰ
741 1400 884 1456 κατά
927 1398 1056 1451 Θεὸν
1091 1398 1218 1467 ὑμῖν
1247 1397 1321 1467 μὴ
1441 1394 1908 1465 ἐμπεποδισμένα,
1961 1393 2080 1463 χαί-

510 1512 655 1567 ρετε.
684 1495 753 1546 Ἦ
773 1493 950 1546 τοίνυν
970 1489 1128 1544 τοῦτό
1149 1506 1335 1560 φησιν,
1364 1488 1397 1559 ἢ
1420 1486 1500 1551 16,
1522 1487 1592 1539 ἐν
1608 1526 1622 1551 ,
1648 1486 1768 1540 ἀντὶ
1793 1484 1910 1548 τοῦ,
1933 1484 2077 1547 σὺν,

510 1587 680 1647 ἐστὶν,
708 1584 844 1636 ὡσεὶ
877 1582 1027 1650 ἔλεγε
1045 1598 1059 1613 θ
1089 1580 1322 1650 Χαίρετε
1345 1580 1440 1631 σὺν
1469 1576 1657 1648 Κυρίῳ
1686 1578 1935 1630 πάντοτε.
1964 1574 2079 1628 Πά-

506 1679 608 1728 λιν
644 1673 779 1742 ἐρῶ,
809 1674 1071 1742 Χαίρετε.
1106 1670 1275 1725 Τοῦτο
1304 1667 1661 1738 θαρσύνοντος
1689 1668 1804 1718 ἐστι
1844 1666 1938 1718 καὶ
1971 1664 2080 1718 δει-

507 1765 750 1831 κνύντος,
786 1765 867 1818 ὅτι
891 1766 919 1817 6
947 1764 1005 1817 ἐν
1036 1761 1154 1832 Θεῷ
1182 1760 1277 1827 ὢν,
1299 1761 1388 1813 ἀεὶ
1417 1758 1596 1829 χαίρει
1619 1772 1632 1785 °
1664 1757 1767 1810 κάν
1794 1772 1850 1807 τε
1886 1754 2078 1825 θλίϐη-

506 1874 613 1919 ται,
648 1856 752 1909 κᾶν
774 1854 953 1907 ὁτιοῦν
988 1854 1193 1923 πάσχῃ,
1218 1852 1304 1904 ἀεὶ
1344 1851 1564 1921 χαίρειὸ
1585 1847 1844 1911 τοιοῦτος.
1878 1847 2078 1900 Ἀκου-

510 1965 600 2000 σον
639 1947 748 2017 γὰρ
784 1946 912 2016 περὶ
943 1943 1052 1997 τῶν
1086 1943 1396 1996 ἀποστόλων
1441 1940 1533 1994 τοῦ
1584 1940 1771 1994 Λουκᾶ
1807 1939 2074 2008 λέγοντος,

510 2040 588 2092 ὅτι
650 2038 1057 2104 ’Υπέστρεςρον
1094 2033 1211 2088 ἀπὸ
1245 2032 1571 2101 προσώπου
1610 2030 1721 2085 τοῦ
1761 2030 2076 2101 συνεδρίου

508 2129 840 2197 χαίροντες,
872 2119 963 2177 ὅτι
987 2121 1439 2190 κατηξιώθησαν
1462 2119 1612 2187 ὑπὲρ
1641 2119 1746 2173 τοῦ
1786 2119 2081 2188 ὀνόματος⁴

506 2219 691 2275 αὑτοῦ
725 2215 1194 2288 μαστιγωθῆναι.
1245 2215 1308 2267 Εἰ
1358 2213 1619 2283 μάστιγες
1665 2210 1761 2264 καὶ
1812 2210 2005 2279 δεσμὰ,
2040 2208 2079 2262 ἃ.

506 2312 723 2365 πάντων
770 2306 908 2361 εἶναι
954 2307 1098 2359 δοκεῖ
1153 2305 1521 2377 λυπηρότερά,
1576 2302 1750 2373 χαράν
1805 2300 1995 2368 τίκτει,
2025 2300 2076 2354 τί

506 2402 614 2454 τῶν
632 2400 807 2454 ἄλλων
827 2399 1118 2469 δυνήσεται
1144 2397 1443 2468 ἐμποιῆσαι
1478 2395 1653 2465 λύπην
1689 2396 1853 2465 ήμῖν;
1883 2394 2077 2447 Πάλιν

506 2492 656 2563 ἐρῶ,
705 2492 969 2559 Χαίρετε.
1032 2488 1226 2551 Καλῶς
1287 2488 1391 2540 τὸν.
1451 2485 1609 2555 λόγον
1674 2483 2073 2538 ἐδιπλασίασεν.

520 2585 739 2656 Ἐπειδὴ
770 2585 874 2655 γὰρ
900 2581 1008 2635 τῶν
1034 2580 1372 2652 πραγμάτων
1403 2580 1439 2648 ἡ
1465 2577 1625 2646 φύσις
1658 2576 1835 2645 λύπην
1873 2574 2076 2638 ἔτικτε,

505 2678 595 2732 διὰ
639 2677 735 2731 τοῦ
788 2670 1189 2742 διπλασιασμοῦ
1242 2670 1534 2733 δείκνυσιν,
1592 2670 1673 2720 ὅτι
1724 2666 1945 2731 πάντως,
1998 2666 2080 2718 δεῖ

506 2771 736 2841 χαίρειν.
761 2766 831 2822 Τὸ
850 2764 1104 2829 ἐπιεικὲς
1120 2761 1286 2832 ὑμῶν
1304 2759 1625 2829 γνωσθήτω
1643 2757 1834 2813 πᾶσιν
1858 2756 2076 2825 ἀνθρώ-

509 2876 663 2926 ποις.
688 2858 840 2930 [505]
876 2853 1040 2910 Εἶπεν
1070 2854 1343 2923 ἀνωτέρω,
1378 2846 1491 2904 Ὧν
1528 2854 1560 2905 ό
1606 2852 1740 2915 θεὸς
1770 2850 1808 2917 ή
1852 2849 2073 2912 κοιλία,

508 2952 605 3005 καὶ
623 2952 662 3018 ἡ
677 2949 824 3013 δόξα
840 2946 992 3014 ἐντῇ
1016 2946 1279 3013 αἰσχύνῃ
1306 2940 1523 3007 αὐτῶν,
1554 2944 1648 2993 καὶ
1668 2942 1749 2993 ὅτι
1765 2939 1832 2992 τὰ
1861 2939 2079 3007 ἐπίγεια

509 3039 816 3112 φρονοῦσιν.
859 3036 1010 3089 Ἐπεὶ
1036 3030 1126 3087 οῦν
1158 3034 1303 3094 εἰκὸς
1344 3031 1541 3091 αὐτοὺς
1568 3028 1703 3099 πρὸς
1749 3029 1872 3090 τοὺς
1909 3045 2076 3096 πονη-

508 3132 635 3202 ροὺς
676 3126 928 3197 ἀπεχθῶς
975 3123 1314 3189 διακεῖσθαι,
1354 3123 1610 3191 παραινεῖ
1660 3120 1837 3171 τοίνυν
1890 3119 2076 3181 αὐτοῖς

509 3222 793 3295 μηδὲνέχε
805 3240 851 3273 ιν
876 3218 1010 3290 πρὸς
1040 3218 1282 3279 ἐκείνους
1307 3214 1505 3277 κοινὸν,
1533 3212 1669 3266 ἀλλά
1703 3210 1839 3280 μετά
1873 3210 2076 3280 πολλῆς

506 3317 689 3379 αὐτοῖς
719 3311 1020 3383 κεχρῆσθαι
1054 3307 1383 3374 ἐπιεικείας,
1425 3306 1486 3359 οὑ
1518 3306 1634 3376 ⁴μὴν
1678 3304 1789 3366 τοῖς
1832 3300 2078 3369 ἀδελφοῖς

511 3408 691 3477 μόνον,
724 3404 859 3458 ἀλλά
890 3403 985 3455 καὶ
1034 3404 1145 3464 τοῖς
1173 3399 1390 3470 ἐχθροῖς
1419 3399 1515 3451 καὶ
1554 3398 1665 3458 τοῖς
1691 3394 1972 3457 ἐναντίοις.
2016 3392 2079 3446 '0

507 3501 723 3567 Κύριος
751 3495 954 3565 ἐγγὺς,
975 3493 1170 3563 μηδὲν
1190 3489 1531 3561 μεριμνᾶτε.
1554 3490 1709 3552 Τίνος
1734 3491 1842 3558 γὰρ
1868 3488 2075 3552 ἕνεκεν,

507 3593 624 3645 εἰπέ
662 3607 771 3659 μοι,
801 3586 1127 3650 ἀλύετε;ὅτι
1173 3582 1554 3646 ἀνθίστανται;
1604 3581 1686 3633 ὅτι
1721 3582 1895 3651 ’ὁρᾶτε
1946 3597 2078 3651 τρυ-

508 3683 721 3750 φῶντας
754 3680 987 3744 αὐτούς;
1032 3675 1235 3744 Μηδὲν
1267 3672 1603 3744 μεριμνᾶτε.
1658 3673 1797 3741 Ἤδη
1826 3675 1858 3742 ἡ
1896 3671 2077 3743 κρίσις

508 3774 848 3844 ἐφέστηκεν·
903 3771 1004 3824 οὑκ
1060 3770 1140 3832 εἰς
1191 3765 1409 3836 μακρὰν
1466 3766 1694 3818 δώσουσι
1761 3764 1918 3831 λόγον
1967 3763 2076 3815 τῶν

509 3866 913 3936 πεπραγμένων
942 3863 1144 3926 αὐτοῖς.
1193 3860 1335 3912 Ἀλλ’
1371 3860 1528 3929 ὑμεῖς
1558 3860 1615 3910 ἐν
1656 3857 1853 3927 θλίψει,
1876 3858 2074 3911 ἐκεῖνοι

506 3959 563 4011 δέ
584 3959 927 4031 ἐντρυφαῖρςς
964 3954 1104 4007 um?
1129 3955 1230 4024 ήδη
1261 3952 1435 4007 ταῦτα
1455 3951 1688 4021 λήψεται
1721 3950 1895 4013 τέλος.
1934 3948 2072 4002 Ἀλλ’

507 4048 937 4115 ἐπιϐουλεύουσι,
972 4050 1065 4102 καὶ
1090 4047 1439 4113 ἀπειλοῦσιν;
1475 4046 1616 4099 Ἀλλ’
1650 4046 1749 4099 οὐκ
1794 4047 1871 4108 εἰς
1923 4044 2073 4108 τέλος

508 4142 689 4204 αὑτοῖς
720 4140 893 4195 ταῦτα
927 4140 1274 4211 προχωρήσει
1301 4153 1315 4166 °
1356 4137 1456 4209 ήδη
1496 4137 1844 4207 ἐφέστηκενή
1871 4136 2070 4208 κρίσις,

505 4234 594 4286 ὅτε
624 4232 884 4286 τάναντία
926 4231 1106 4284 ἔσται.
1136 4229 1341 4297 Μηδὲν
1360 4227 1682 4298 μεριμνᾶτε
1706 4244 1719 4257 ⁸
1752 4228 1852 4298 ήδη
1879 4230 1946 4279 τὰ
1973 4227 2072 4296 τῆς

507 4323 913 4387 ἀνταποδόσεως
940 4322 1229 4392 ἐφέστηκε.
1249 4318 1367 4375 Κάν
1388 4319 1648 4383 ἐπιεικῶς
1674 4315 2074 4391 προσενεχθῆτε

507 4419 620 4479 τοῖς
648 4415 714 4467 τὰ
738 4413 885 4466 δεινά
918 4413 1061 4482 ὑμᾶς
1097 4412 1409 4475 διατεθεῖσι,
1440 4411 1545 4464 κᾶν
1570 4410 1747 4474 πενία,
1777 4409 1876 4462 κᾶν
1907 4408 2073 4461 θάνα-

509 4524 621 4571 τος,
647 4506 752 4558 κᾶν
776 4503 952 4557 ὁτιοῦν
971 4502 1098 4557 ἄλλο
1125 4502 1293 4555 δεινὸν
1322 4500 1379 4575 ᾖ,
1412 4503 1590 4555 πάντα
1616 4502 1915 4572 οἰχήσεται.
1949 4503 2075 4567 Μη-

507 4598 615 4650 δὲν
640 4595 959 4666 μεριμνᾶτε
979 4611 994 4625 ⁸
1027 4593 1164 4648 ἀλλ’
1198 4594 1268 4646 ἐν
1292 4592 1473 4646 παντὶ
1514 4590 1589 4661 τῇ
1624 4589 1936 4662 προσευχῇ
1974 4590 2075 4646 καὶ

506 4690 582 4757 τῇ
607 4688 813 4755 δεήσει
836 4687 985 4757 μετὰ
1023 4687 1409 4756 εὐχαριστίας
1445 4683 1519 4738 τὰ
1571 4684 1865 4751 αἰτήματα
1908 4683 2077 4754 ὑμῶν

507 4780 871 4851 γνωριζέσθω
908 4778 1061 4848 πρὸς
1106 4780 1214 4832 τὸν
1253 4778 1421 4832 Θεόν.
1476 4776 1590 4830 Μία
1637 4776 1735 4847 μὲν
1767 4774 1859 4831 οῦν
1891 4778 2076 4848 ἐκείνη

506 4871 849 4944 παραμυθία,
885 4870 967 4934 τὸ,
1018 4868 1081 4922 '0
1116 4870 1330 4936 Κύριος
1373 4867 1574 4938 ἐγγὺς,
1624 4869 1718 4921 καὶ
1763 4871 1958 4934 ἐκεῖνο,
1991 4870 2071 4937 16,

511 4966 769 5031 Ἕσομαι
803 4963 932 5030 μεθ’
962 4960 1129 5030 ὑμῶν
1155 4960 1359 5026 πάσας
1396 4960 1500 5026 τὰς
1527 4959 1769 5029 ἡμέρας,
1814 4960 1923 5026 ἕως
1965 4959 2075 5028 τῆς

507 5052 863 5117 συντελείας
884 5050 989 5104 τοῦ
1014 5048 1246 5114 αἰῶνος.
1283 5049 1413 5103 Ἰδοὺ
1439 5049 1530 5103 καὶ
1556 5049 1690 5119 ἄλλη
1719 5048 2068 5118 παραμυθία,

508 5146 606 5198 καὶ
636 5144 811 5212 λύπης
850 5144 946 5195 καὶ
981 5142 1355 5212 περιστάσεως
1382 5141 1477 5195 καὶ
1515 5141 1731 5194 πάντων
1771 5141 1879 5194 τῶν
1919 5142 2074 5194 ἀνια-

508 5234 618 5306 ρῶν
648 5234 900 5305 λυτήριον
930 5232 1242 5303 φάρμακον.
1290 5234 1445 5285 Ποῖον
1478 5233 1542 5299 δὴ
1578 5233 1767 5298 τοῦτο;
1805 5235 1877 5286 Τὸ
1917 5233 2073 5303 εὐχε-

510 5324 656 5388 σθαι,
693 5324 754 5377 16
791 5326 848 5376 ἐν
878 5324 1039 5377 παντί
1085 5323 1447 5395 εὐχαριστεῖν.
1477 5323 1641 5375 Ὥστε
1686 5324 1785 5385 τὰς
1817 5323 1980 5394 εὐχὰς
2012 5323 2073 5376 οὐ

511 5416 670 5485 μόνον
697 5417 909 5487 αἴτησιν
946 5412 1085 5468 εἶναι
1121 5414 1389 5485 βούλεται,
1428 5412 1565 5469 ἀλλά
1592 5413 1686 5466 καί¹
1722 5414 2069 5484 εὐχαριστίαν

507 5508 647 5578 ὑπὲρ
676 5500 749 5560 ὧν
789 5507 1005 5577 ἔχομεν.
1039 5507 1163 5569 Πῶς
1193 5508 1301 5577 γὰρ
1330 5505 1543 5576 αἰτήσει
1576 5523 1660 5568 τις
1683 5504 1754 5558 τὰ
1789 5507 2071 5575 μέλλοντα,

506 5594 535 5643 6
560 5593 665 5646 τῶν
698 5595 980 5666 προτέρων
1010 5596 1169 5665 χάριν
1198 5595 1299 5647 οὐκ
1342 5591 1524 5659 είδώς;
1572 5594 1730 5648 Ἀλλ’
1770 5597 1839 5648 ἐν
1871 5597 2072 5664 παντί,

509 5684 662 5752 φησί,
708 5684 974 5751 τουτέστι,
1036 5687 1344 5756 πράγματι,
1402 5684 1476 5754 τῇ
1521 5686 1833 5756 προσευχῇ
1871 5687 1969 5740 καὶ
2002 5687 2076 5755 τῇ

511 5772 737 5842 δεήσει.
779 5778 941 5832 Ὥστε
988 5780 1125 5850 ὑπὲρ
1155 5779 1408 5833 ἁπάντων
1453 5778 1793 5851 εὐχαριστεῖν
1834 5780 1931 5852 δεῖ,
1984 5784 2072 5840 καὶ

1303 373 1367 430 ΙΝ
1400 373 1620 430 EPIST.
1655 374 1745 428 AD
1791 373 2079 430 PHILIPP.
2128 374 2282 434 CAP.
2322 379 2405 433 |\'.
2452 377 2685 434 HOMIL.
2728 378 2865 434 ΧΠ.

3647 376 3770 434 284.

2187 488 2296 542 τῶν
2341 488 2639 545 δοκούντων
2688 487 2827 544 εἶναι
2870 490 3127 563 λυπηρῶν
3155 505 3170 521 ⁶
3220 487 3381 543 τοῦτο
3435 479 3545 559 γάρ
3583 490 3751 556 ὅντως

2183 579 2525 651 εὐχαρίστου.
2571 581 2778 634 Ἐκεῖνο
2825 581 2923 651 μὲν
2955 580 3064 651 γὰρ
3091 584 3124 651 ή
3155 580 3315 649 φύσις
3344 580 3454 634 τῶν
3493 581 3753 650 πραγμά-

2180 686 2287 722 των
2310 671 2564 723 ἀπαιτεῖ·
2592 670 2750 723 τοῦτο
2790 671 2848 724 δέ
2894 671 3001 724 ἀπὸ
3024 671 3201 741 ψυχῆς
3234 670 3443 739 γίνεται
3475 668 3754 739 εὐγνώμο-

2180 778 2289 827 νος,
2319 761 2413 814 καὶ
2451 762 2655 832 σφόδρα
2681 762 3030 832 διακειμένης
3063 761 3199 832 πρὸς
3232 761 3321 816 τὸν
3351 760 3503 813 Θεόν.
3522 759 3753 821 ,Ταύτας

2178 853 2532 920 ἐπιγινώσκει
2584 855 2683 916 τὰς
2732 852 2897 923 εὐχὰς
2939 856 2967 907 6
2994 853 3150 916 Θεὸς,
3204 851 3303 915 τὰς
3348 851 3406 909 δὲ
3452 850 3619 912 ἄλλας
3652 849 3778 907 οὐκ.

2177 941 2337 999 οἶδεν.
2393 946 2601 1000 Οὐκοῦν
2650 946 2876 1000 τοιαῦτα
2920 944 3183 1015 εὔχεσθε,
3211 944 3354 998 ὥστε
3383 942 3747 1015 ἐπιγινώσκε-

2179 1036 2323 1090 σθαι.
2360 1036 2546 1089 Πάντα
2585 1036 2693 1106 γὰρ
2727 1036 2864 1107 ὑπὲρ
2913 1034 3013 1086 τοῦ
3049 1033 3416 1105 συμφέροντος
3453 1031 3773 1099 οίκονομεῖ,,

2179 1127 2281 1182 κᾶν
2307 1130 2466 1197 ἡμεῖς
2495 1130 2571 1199 μὴ
2597 1106 2847 1198 εἰδῶμεν.
2880 1126 2987 1180 Καὶ
3012 1125 3169 1178 τοῦτο
3190 1122 3283 1177 τοῦ
3316 1124 3520 1196 σφόδρα
3544 1120 3754 1191 συμφέ-

2181 1234 2296 1289 ρειν
2326 1220 2459 1289 ήμῖν
2484 1220 2599 1271 ἐστι
2624 1218 2946 1288 τεκμήριον,
2988 1216 3051 1270 16
3086 1217 3240 1287 ἡμᾶς
3276 1215 3350 1285 μή
3389 1215 3606 1268 εἰδέναι.
3638 1213 3767 1269 Καὶ..

2176 1308 2215 1375 ἡ
2247 1308 2454 1377 εἰρήνη
2508 1308 2614 1363 τοῦ
2670 1308 2816 1363 Θεοῦ
2852 1310 2890 1377 ’ή
2937 1307 3325 1376 ὑπερέχουσα
3355 1305 3552 1362 πάντα
3600 1304 3752 1359 νοῦν

2176 1396 2503 1465 φρουρήσει
2554 1397 2659 1462 τὰς
2713 1396 2962 1463 καρδίας
3006 1395 3174 1464 ὑμῶν
3215 1394 3313 1448 καὶ
3362 1395 3433 1448 τὰ
3481 1397 3753 1465 νοήματα

2188 1487 2354 1557 ὑμῶν
2384 1488 2453 1541 ἐν
2480 1486 2711 1555 Χριστῷ
2753 1487 2975 1554 Ἰησοῦ.
3001 1488 3066 1542 Τί
3096 1486 3443 1553 ἐστι.τοῦτο;
3479 1487 3540 1540 Ἦ
3561 1491 3771 1563 εἰρήνη.

2174 1578 2268 1631 τοῦ
2304 1577 2458 1643 Θεοῦ,
2498 1580 2682 1649 φησιν,
2724 1579 2789 1649 ἦν
2838 1580 2974 1648 πρὸς
3021 1581 3148 1643 τοὺς
3189 1580 3510 1651 ἀνθρώπους
3559 1586 3751 1655 εἰργά-

2176 1682 2329 1727 σατο,
2380 1666 2560 1718 πάντα
2601 1665 2725 1720 νοῦν
2768 1667 3044 1737 ὑπερέχει.
3073 1668 3191 1737 Τίς,
3221 1668 3331 1740 γὰρ
3368 1671 3463 1728 ἂν,
3492 1675 3758 1741 προσεδό-⁴

2174 1774 2334 1828 κησε,
2383 1758 2466 1821 τίς
2511 1758 2568 1811 δὲ
2622 1757 2687 1812 ἂν
2729 1756 2923 1828 ήλπτισε
2971 1758 3207 1814 τοσαῦτα
3261 1759 3489 1818 ἔσεσθαι
3530 1764 3765 1831 ἀγαθάς,

2178 1853 2428 1905 Ἀπασαν
2455 1851 2802 1920 ἀνθρωπίνην
2831 1850 3147 1920 ὑπερϐαίνει
3164 1852 3424 1919 διάνοιαν,
3444 1854 3567 1928 οὐχζ
3584 1855 3753 1925 λόγον.

2177 1948 2335 2017 μόνον
2360 1964 2373 1977 ’
2411 1946 2551 2016 ὑπὲρ
2578 1945 2685 1999 τῶν
2716 1944 2944 2015 ἐχθρῶν,
2986 1946 3125 2018 ὑπὲρ
3159 1945 3267 2000 τῶν
3308 1947 3608 2018 μισούντων
3641 1950 3763 2002 αὑ-.

2173 2035 2287 2101 τὸν,
2317 2034 2457 2105 ὑπὲρ
2493 2034 2600 2087 τῶν
2650 2035 3144 2107 ἀποστρεφομένων
3165 2078 3180 2103 ,
3212 2038 3378 2109 ,ὑπὲρ
3414 2038 3614 2097 τούτων
3655 2040 3749 2095 τὸν

2176 2124 2306 2179 Υίὸν
2357 2123 2607 2179 ἐκδοῦναι
2656 2125 2747 2178 τὸν
2785 2129 3047 2199 μονογενῆ
3100 2130 3160 2182 οὐ
3195 2131 3567 2203 παρῃτήσατο,
3604 2131 3761 2189 ὥστε,

2174 2217 2396 2287 εἰρήνην
2430 2216 2654 2286 ποιῆσαι
2688 2218 2822 2287 πρὸς
2856 2221 3022 2289 ἡμᾶς.
3049 2221 3200 2291 Αῦτη
3230 2222 3294 2291 δὴ
3327 2218 3420 2275 06v
3453 2224 3485 2293 ή
3529 2206 3762 2295 εἰρήνη,

2171 2310 2469 2377 τουτέστιν,
2500 2314 2530 2381 ή
2572 2310 2910 2382 καταλλαγὴ,
2937 2314 2985 2382 ,ή
3032 2312 3219 2383 ἀγάπη
3254 2313 3406 2386 [306]
3442 2314 3551 2388 ,τοῦ
3582 2315 3757 2380 Θεοῦ..

2172 2401 2503 2471 φρουρήσει
2553 2401 2658 2467 τὰς
2702 2401 2947 2471 καρδίας
2996 2404 3163 2474 ὑμῶν
3217 2406 3315 2459 καὶ
3367 2407 3438 2460 τὰ
3476 2408 3759 2477 νοήματα,

2172 2492 2357 2562 ὑμῶν.

2246 2586 2313 2656 β’.
2341 2588 2511 2641 Τοῦτο
2530 2587 2864 2652 διδασκάλου,
2888 2589 2964 2660 μὴ
2989 2588 3146 2659 μόνον
3171 2592 3477 2663 παραινεῖν,
3492 2591 3628 2647 ἀλλὰ
3651 2594 3756 2648 καὶ

2174 2677 2450 2749 εὔχεσθαι,
2494 2682 2586 2734 καὶ
2622 2681 2711 2734 διὰ
2755 2682 2991 2750 δεήσεως
3027 2682 3262 2753 βοηθεῖν,
3290 2683 3430 2737 ῶστε
3466 2686 3607 2756 μήτε
3640 2685 3760 2740 ὑπὸ.

2177 2770 2497 2840 πειρασμῶν
2533 2772 3057 2849 καταϐαπτίξεσθᾳι,
3082 2775 3226 2845 ,μήτε
3269 2776 3373 2831 ὑπὸ
3400 2777 3615 2848 ἀπάτης
3648 2794 3746 2829 πε-

2177 2862 2523 2933 ριφέρεσθαι·
2551 2865 2625 2926 ὡς
2652 2862 2717 2917 ἂν
2741 2866 2788 2917 εἰ
2815 2863 3027 2933 ἔλεγεν·
3068 2865 3127 2919 ὐ
3156 2867 3460 2937 ῥυσάμενος
3489 2869 3633 2937 ὑμᾶς
3651 2867 3745 2921 οῦ-

2173 2970 2303 3017 τως,
2340 2953 2416 3016 ὡς
2445 2953 2568 3006 οὐδέ
2602 2953 2726 3018 νοῦς
2760 2956 3084 3013 καταλαϐεῖν
3119 2956 3366 3021 δύναται,
3404 2960 3566 3022 αὐτὸς
3604 2961 3753 3026 ὑμᾶς

2172 3044 2537 3115 διαφυλάξειε,
2584 3045 2680 3099 καὶ
2718 3046 3099 3115 ἀσφαλίσαιτο,
3142 3048 3285 3102 ὥστε
3316 3050 3480 3120 μηδὲν
3525 3050 3740 3105 παθεῖν.

2177 3140 2248 3192 Ἢ
2276 3135 2368 3193 οῦν
2396 3138 2557 3192 τοῦτο
2580 3138 2747 3210 δηλοῖ,
2780 3138 2812 3208 ἢ
2848 3140 2929 3191 ὅτι
2953 3141 2986 3209 ή
3016 3139 3227 3210 εἰρήνη,
3255 3140 3324 3211 ἦν
3360 3157 3523 3211 φησιν
3558 3144 3585 3195 6
3610 3132 3753 3211 X911

2174 3230 2317 3297 στὸς,
2363 3230 2631 3298 Εἰρήνην
2680 3230 2891 3299 ἀφίημι
2946 3229 3108 3299 ὑμῖν,
3152 3231 3401 3298 εἰρήνην
3444 3233 3557 3300 τὴν
3594 3232 3750 3300 ἐμὴν

2172 3321 2377 3389 δίδωμι
2405 3321 2566 3390 ὑμῖν,
2589 3321 2725 3392 αὕτη
2758 3323 3055 3393 φρουρήσει
3099 3324 3264 3392 ὑμᾶς.
3306 3324 3371 3376 Ἦ
3420 3326 3528 3395 γὰρ
3554 3326 3746 3395 εἰρήνη

2174 3412 2429 3481 ὑπερέχει
2462 3413 2639 3465 πάντα
2678 3412 2801 3467 νοῦν
2825 3413 3181 3483 ἀνθρώπινον.
3200 3415 3263 3468 Εἰ
3288 3415 3343 3468 δὲ
3370 3415 3568 3484 λέγεις,
3595 3417 3745 3483 πῶς;

2173 3503 2371 3556 ἄκουε·
2404 3502 2571 3556 Ὅταν
2615 3502 2747 3574 λέγῃ
2782 3502 2918 3574 πρὸς
2958 3506 3085 3567 106;
3139 3506 3366 3576 ἐχθροὺς
3418 3507 3742 3578 εἰρηνεύειν,

2175 3592 2312 3663 πρὸς
2340 3592 2464 3655 τοὺς
2488 3592 2825 3656 ἀδικοῦντας,
2869 3593 3003 3663 πρὸς
3032 3594 3156 3657 τούς
3185 3596 3748 3666 ἐκπεπολεμωμένους

2173 3683 2265 3734 καὶ
2290 3681 2543 3751 ἀπεχθῶς
2580 3681 2714 3751 πρὸς
2738 3684 2885 3752 ἡμᾶς
2909 3681 3149 3753 ἔχοντας,
3183 3685 3298 3747 πῶς
3328 3684 3426 3754 οὐχ
3455 3686 3595 3757 ὑπὲρ
3618 3685 3743 3739 νοῦν

2171 3775 2317 3826 ἐστιν
2353 3772 2692 3843 ἀνθρώπινον
2735 3772 2926 3837 10610;
2979 3774 3195 3828 Μᾶλλον
3249 3775 3306 3828 δὲ
3362 3776 3423 3829 16
3475 3779 3743 3849 πρότερον

2172 3866 2368 3935 ἴδωμεν
2398 3881 2412 3895 ’
2449 3866 2510 3919 Ἡ
2553 3864 2761 3933 εἰρήνη
2804 3866 3077 3932 ὑπερέχει
3127 3866 3322 3919 πάντα
3373 3866 3543 3922 νοῦν.
3596 3869 3661 3920 Εἰ
3710 3871 3744 3939 ή

2170 3957 2383 4027 εἰρήνη,
2424 3956 2603 4026 πολλῷ
2641 3956 2840 4026 μᾶλλον
2887 3957 3093 4020 αὐτὸςδ
3125 3956 3277 4021 Θεὸς,
3311 3960 3339 4013 6
3378 3958 3477 4030 τὴν
3521 3962 3747 4032 εἰρήνην

2170 4049 2313 4112 δοὺς,
2346 4049 2522 4102 πάντα
2546 4048 2688 4113 νοῦν,
2722 4049 2783 4101 οὐ
2814 4048 2904 4101 τὸν
2950 4048 3217 4119 ἡμέτερον
3248 4050 3430 4119 μόνον,
3477 4052 3613 4107 ἀλλὰ
3649 4054 3751 4113 καὶ

2181 4139 2275 4193 τὸν
2299 4139 2406 4191 τῶν
2426 4138 2673 4206 ἀγγέλων
2701 4139 2793 4191 καὶ
2814 4139 2922 4191 τῶν
2944 4138 3055 4192 ἄνω
3072 4139 3375 4209 δυνάμεων.
3404 4142 3469 4194 Τί
3490 4142 3547 4195 δέ
3568 4144 3747 4206 ἐστιν,

2183 4233 2279 4286 Ἐν
2328 4229 2560 4300 Χριστῷ
2622 4231 2856 4298 Ἰησοῦ;
2918 4232 3006 4284 Ἐν
3059 4230 3221 4302 αὐτῷ.
3261 4231 3506 4301 φυλάξει,
3556 4233 3747 4304 φησὶν,

2171 4322 2311 4377 ὥστε
2346 4322 2548 4394 μένειν,
2582 4321 2676 4373 καὶ
2707 4320 2781 4390 μὴ
2832 4323 3083 4374 ἐκπεσεῖν
3132 4322 3294 4374 αὐτοῦ
3354 4322 3454 4392 τῆς
3486 4323 3742 4387 πίστεως,

2176 4417 2244 4470 Τὸ
2270 4415 2505 4479 λοιπὸν,
2536 4411 2805 4482 ἀδελφοὶ,
2835 4411 2953 4467 ὅσα
2975 4412 3348 4483 ἐστὶσεμνὰ,
3372 4413 3490 4468 ὅσα
3513 4414 3741 4483 ἀληθῆ,

2173 4508 2291 4561 ὅσα
2323 4506 2538 4560 δίκαια.
2570 4506 2633 4558 Τί
2667 4509 2802 4571 ἐστι,
2841 4506 2908 4562 Τὸ
2934 4506 3185 4568 λοιπόν;
3228 4506 3373 4558 ’Λντὶ
3405 4505 3521 4573 τοῦ,
3554 4508 3743 4561 Πάντα

2174 4599 2305 4668 ἡμῖν
2330 4595 2562 4665 εἴρηται.
2604 4594 2988 4665 Ἐπειγομένου
3014 4595 3073 4647 16
3102 4595 3254 4666 ῥῆμά
3290 4598 3426 4659 ἐστι,
3467 4597 3561 4650 καὶ
3593 4596 3745 4651 οὐδὲν

2174 4689 2351 4743 κοινὸν
2384 4687 2596 4758 ἔχοντος
2628 4686 2762 4757 πρὸς
2790 4686 2858 4738 τὰ
2885 4686 3151 4756 παρόντα.
3187 4688 3435 4753 Λοιπὸν,
3470 4688 3744 4758 ἀδελφοὶ,

2174 4781 2292 4834 ὅσα
2339 4778 2508 4835 ἐστὶν
2552 4777 2769 4846 ἀληθῆ,
2804 4778 2920 4831 ὅσα
2948 4777 3164 4847 σεμνὰ,
3219 4779 3338 4832 ὅσα
3381 4778 3602 4842 δίκαια,
3629 4780 3746 4833 ὅσα

2174 4870 2347 4940 ἁγνὰ,
2382 4869 2498 4922 ὅσα
2524 4867 2852 4937 προσφιλῆ,
2891 4868 3009 4921 ὅσα
3054 4870 3314 4937 εὔφημα,
3358 4870 3415 4923 εἴ
3443 4888 3533 4935 τις
3565 4871 3746 4937 ἀρετὴ

2174 4961 2273 5013 καὶ
2298 4960 2351 5013 εἴ
2372 4977 2461 5025 τις
2487 4959 2751 5024 ἔπαινος,
2781 4959 2965 5013 ταῦτα
2991 4959 3324 5029 λογίζεσθε·
3361 4959 3399 5013 (2
3427 4962 3526 5013 καί
3607 4960 3749 5028 ἐμάνη

2176 5053 2326 5113 θετε,
2358 5050 2456 5103 καί
2496 5048 2879 5117 παρελάϐετε,
2927 5048 3025 5101 καί
3065 5049 3387 5117 ἠκούσατε,
3429 5050 3527 5103 καὶ
3561 5050 3750 5104 εἴδετε

2174 5143 2244 5194 ἐν
2279 5143 2430 5211 ἐμοί.
2468 5142 2533 5194 Τί
2560 5143 2728 5206 ἐστιν,
2763 5142 2919 5194 ’Ὅσα
2951 5139 3257 5209 προσεοιλῆ
3280 5156 3298 5203 ;
3326 5141 3604 5211 Προσφιλῆ
3635 5142 3746 5203 τοῖς

2177 5238 2407 5299 πιστοῖς,
2458 5234 2731 5303 προσφιλῆ
2770 5232 2848 5301 τῷ
2895 5231 3033 5302 Θεῷ.
3089 5233 3247 5288 ’Ὅσα
3303 5232 3477 5287 ἐστὶν
3523 5231 3745 5299 ἀληθῆ.

2177 5327 2359 5381 Ταῦτα
2375 5327 2483 5395 γὰρ
2504 5326 2669 5387 ὅντως
2693 5323 2891 5393 ἀληθῆ,
2915 5325 2948 5393 ή
2972 5325 3161 5394 ἀρετήο
3186 5323 3379 5399 ψεῦδος
3403 5324 3519 5394 δὲ,ή
3545 5324 3709 5377 κακία
3722 5340 3745 5383 ,ο

2178 5419 2272 5471 καὶ
2296 5416 2405 5487 γὰρ
2440 5418 2473 5485 ή
2523 5414 2684 5485 ἡδονὴ
2732 5415 2903 5485 αὑτῆς
2948 5414 3158 5483 ψεῦδος,
3219 5414 3313 5467 καὶ
3346 5416 3380 5485 ή
3421 5414 3550 5479 δόξα
3576 5414 3750 5488 αὐτῆς

2176 5506 2390 5578 ψεῦδος,
2438 5504 2532 5559 καὶ
2567 5505 2747 5559 πάντα
2798 5504 2868 5557 τὰ
2913 5502 3005 5556 τοῦ
3060 5502 3263 5571 κόσμου
3318 5502 3533 5572 ψεῦδος.
3592 5503 3751 5557 Ὅσα

2179 5598 2352 5668 ἁγνὰ,
2408 5597 2543 5667 πρὸς
2588 5596 2670 5661 16,
2734 5597 2809 5651 Τὰ
2856 5594 3085 5663 ἐπίγεια
3130 5595 3527 5662 φρονοῦντας.
3589 5596 3749 5655 ’Ὅσα

2179 5690 2391 5760 σεμνὰ,
2423 5689 2558 5759 πρὸς
2581 5690 2660 5755 16,
2689 5686 2799 5741 Ὧν
2821 5690 2852 5741 ό
2874 5686 3008 5751 θεὸς
3026 5686 3067 5753 ή
3093 5688 3313 5741 κοιλία.
3340 5689 3496 5741 Ὅσα
3524 5688 3745 5752 δίκαια,

2183 5780 2297 5834 ὅσα
2334 5780 2594 5850 εὔφημα,
2622 5776 2792 5835 ταῦτά
2815 5780 2950 5844 ἐστι,
2976 5775 3160 5851 φησίν.
3194 5777 3267 5835 El
3296 5796 3384 5848 τις
3416 5779 3620 5853 ἁρετὴ,
3646 5782 3745 5842 καὶ
