4108 6410
358 416 465 472 285

359 528 418 582 at
447 544 538 593 τις
565 525 832 589 ἔπαινος.
877 517 1141 574 Ἐνταῦθα
1176 519 1429 590 βούλεται
1464 519 1662 581 αὐτοὺς
1691 519 1787 572 καὶ
1827 516 1935 570 τῶν

359 617 499 688 πρὸς
529 614 850 686 ἀνθρώπους
881 614 1150 682 προνοεῖν.
1180 610 1372 664 Ταῦτα
1398 609 1728 680 λογίζεσθε,
1755 610 1938 677 φησίν,

376 707 544 776 Ὁρᾷς
587 705 668 757 ὅτι
707 705 889 756 πᾶσαν
921 702 1128 754 ἔννοιαν
1160 700 1409 770 βούλεται
1437 701 1678 772 ἐξορίσαι
1701 701 1945 770 πονηρὰν

363 798 430 849 ἐκ
454 795 563 848 τῶν
603 793 888 864 ἡμετέρων
919 791 1137 862 ψυχῶνς
1171 791 1278 844 ἀπὸ
1316 792 1425 861 γάρ
1461 789 1680 843 ἐννοιῶν
1713 791 1769 844 αἱ
1807 790 1944 860 πρά-

365 884 476 950 ξῖις
509 887 563 937 αἱ
593 883 830 954 πονηραὶ
854 881 1112 950 γίνονται.
1148 882 1207 934 Ἃ
1239 881 1339 933 καί
1398 878 1646 949 ἐμάθετε
1672 879 1772 933 καί
1801 896 1948 948 παρ·

365 976 637 1030 ελάϐετε.
685 974 858 1028 Τοῦτο
879 971 1225 1035 διδασκαλίας
1271 971 1521 1043 ἀρίστης,
1557 971 1619 1024 τὸ
1657 973 1714 1024 ἐν
1745 971 1948 1034 πάσαις

361 1072 484 1132 ταῖς
525 1066 915 1137 παραινέσεσιν
965 1065 1158 1118 ἐαυτὸν
1200 1063 1464 1138 παρέχειν
1511 1063 1700 1122 τύπον,
1761 1063 1946 1126 καθὼς

363 1161 459 1215 καὶ
491 1158 723 1229 ἀλλαχοῦ
757 1175 910 1228 φησι,
941 1156 1149 1222 Καθὼς
1177 1157 1346 1225 ἔχετε
1375 1157 1570 1209 τύπον
1599 1153 1758 1220 ἡμᾶς
1790 1170 1802 1182 ·
1851 1155 1948 1208 καὶ

365 1255 528 1308 πάλιν
570 1251 826 1314 ἐνταῦθα,
863 1253 931 1305 Ἃ
971 1250 1069 1303 καὶ
1104 1250 1374 1318 ἐμάθετε,
1400 1248 1499 1301 καί
1540 1245 1907 1316 παρελάϐετε
1929 1263 1945 1279 ’

364 1345 660 1401 τουτέστιν,
690 1342 1038 1412 Ἐδιδάχθητε
1075 1359 1089 1372 ·
1127 1341 1225 1395 καί
1249 1341 1575 1409 ἠκούσατε,
1627 1340 1727 1394 καί
1759 1340 1950 1395 είδετε

365 1435 437 1488 ἐν
462 1435 614 1502 ἐμοὶ,
643 1433 738 1485 καὶ
762 1433 1024 1503 ῥημάτων
1053 1431 1263 1494 ἕνεκεν,
1287 1431 1382 1484 καὶ
1404 1429 1674 1502 πράξεων,
1701 1432 1798 1483 καὶ
1820 1431 1950 1484 ἀνα-

371 1527 631 1598 στροφῆς.
674 1525 836 1596 ⁹Ορᾷς
863 1526 946 1577 ὅτι
979 1523 1140 1594 μέχρι
1186 1523 1388 1586 παντὸς
1421 1522 1748 1594 πράγματος
1778 1522 1950 1576 ταῦτα

370 1619 740 1681 διατάττεταις
786 1616 1002 1686 Ἐπειδὴ
1033 1615 1143 1686 γὰρ
1175 1615 1276 1667 οὐκ
1314 1617 1440 1684 ἐνῆν
1477 1613 1952 1686 ἀκριϐολογεῖσθαι

372 1711 504 1782 περὶ
555 1710 796 1773 πάντων,
843 1707 996 1780 [507]
1044 1707 1138 1762 καὶ
1190 1706 1410 1760 εἰσόδων
1453 1708 1547 1760 καὶ
1584 1707 1800 1773 ἐξόδων,
1854 1706 1953 1760 καί¹

375 1805 619 1874 ῥήματος
663 1803 754 1855 καὶ
795 1802 1071 1871 σχήματος
1101 1799 1195 1853 καὶ
1244 1800 1528 1863 συνουσίας
1561 1800 1807 1870 (πάντων
1839 1800 1948 1872 γάρ

378 1895 586 1948 τούτων
609 1895 713 1965 χρὴ
737 1896 986 1965 προνοεῖν
1006 1894 1098 1947 τὸν
1127 1894 1476 1964 Χριστιανὸν)
1492 1911 1506 1925 ο
1536 1896 1816 1966 συντόμως
1833 1891 1953 1949 εἶπε

373 1987 468 2040 καὶ
491 1988 566 2051 ὡς
595 1990 651 2040 ἐν
681 1986 980 2057 κεφαλαίῳ,
1024 1987 1120 2040 Ἐν
1147 1987 1274 2056 ἐμοὶ
1297 1988 1601 2054 ἠκούσατε
1618 1988 1718 2042 καί
1743 1989 1952 2042 810813-

372 2079 640 2142 τουτέστι,
677 2077 820 2146 Παρ’
841 2077 963 2147 ἐμοί
985 2093 999 2106 ·
1021 2077 1154 2130 ὡσεὶ
1174 2076 1347 2146 ἔλεγε·
1376 2078 1488 2132 Καὶ
1506 2079 1593 2131 διὰ
1618 2081 1726 2132 τῶν
1755 2079 1952 2151 ἐργων,

374 2171 470 2224 καὶ
496 2167 712 2227 διὰτῶν
737 2169 996 2240 ῥημάτων
1017 2169 1161 2240 ὑμᾶς
1193 2172 1498 2239 ἀνήγαγον.
1545 2170 1736 2224 Ταῦτα
1765 2168 1958 2237 πράσα

375 2277 516 2315 σετε
543 2278 556 2292 ο
590 2259 666 2330 μὴ
699 2260 886 2328 λέγετε
932 2259 1112 2331 μόνον,
1147 2261 1283 2314 ἀλλὰ
1311 2262 1404 2314 καὶ
1433 2262 1707 2332 πράττετε
1727 2277 1742 2291 ο
1780 2259 1880 2314 καί
1925 2263 1958 2312 ό

378 2350 521 2417 Θεὸς
550 2350 660 2418 τῆς
687 2349 930 2417 εἰρήνης
956 2352 1125 2406 ἔσται
1138 2354 1267 2421 μεθ’
1289 2351 1474 2422 ὑμῶν.
1498 2351 1808 2415 Τουτέστιν,
1831 2350 1959 2404 Ἐἀν

377 2441 520 2496 οὕτω
568 2443 873 2514 φυλάττητε
925 2442 1122 2508 ταῦτα,
1163 2444 1258 2497 καὶ
1295 2443 1433 2514 πρὸς
1486 2443 1751 2515 ἀλλήλους
1803 2444 1957 2514 εἰρη-

377 2533 592 2604 νεύητε,
623 2535 680 2586 ἐν
714 2533 923 2606 γαλήνῃ
947 2533 1156 2598 ἔσεσθε,
1191 2537 1248 2588 ἐν
1275 2535 1547 2606 ἀσφαλείᾳ
1573 2535 1741 2609 πολλῇ
1759 2554 1772 2567 ·
1808 2535 1960 2589 οὐδὲν

376 2624 635 2681 πείσεσθε
663 2627 927 2697 λυπηρὸν,
954 2627 1076 2680 οὐδὲ
1120 2626 1229 2680 τῶν
1260 2627 1598 2696 ἀϐουλήτων.
1647 2627 1818 2682 Ὅταν
1851 2630 1961 2702 γὰρ

375 2718 540 2786 ¹ἡμεῖς
577 2720 946 2790 είρηνεύωμεν
986 2718 1124 2790 πρὸς
1169 2719 1355 2782 αὐτὸν,
1395 2720 1750 2792 είρηνεύομεν
1785 2722 1961 2776 δὲδιά

377 2809 479 2878 τῆς
520 2809 747 2880 ἀρετῆς,
774 2809 954 2880 πολλῷ
990 2811 1190 2880 μᾶλλον
1239 2810 1400 2874 αὐτὸς
1440 2812 1558 2881 μεθ’
1601 2812 1758 2882 ήμῶν
1787 2813 1958 2867 ἐσται.

391 2900 450 2954 Ὀ
474 2900 583 2972 γὰρ
619 2900 793 2966 οὕτως
830 2904 978 2973 ἡμᾶς
1011 2903 1326 2974 ἀγαπήσας,
1359 2903 1435 2967 ὼς
1465 2905 1560 2957 καὶ
1593 2905 1669 2976 μὴ
1699 2905 1960 2976 βουλομέ-

379 3007 504 3055 νους
553 2993 892 3064 προσίεσθαι,
947 2995 1015 3048 ἂν
1061 2995 1146 3066 ἴδῃ
1192 2997 1650 3067 προστρέχοντας,
1685 2998 1746 3050 οὐ
1785 2997 1964 3069 πολλῷ

380 3082 545 3136 πλέον
591 3084 756 3147 αὐτὸς
801 3083 1128 3150 ἐπιδείξεται
1179 3086 1279 3155 τὴν
1308 3087 1522 3156 φιλίαν;
1583 3087 1749 3140 Οὐδὲν
1790 3088 1964 3152 οὕτως

379 3172 579 3243 ἐχθρὸν
631 3176 730 3245 τῆς
782 3175 1058 3247 ἡμετέρας
1109 3176 1344 3246 φύσεως,
1378 3178 1452 3239 ὡς
1507 3177 1693 3234 κακία.
1744 3177 1869 3242 Πῶς
1908 3179 1965 3232 δὲ

379 3264 576 3336 ἐχθρὸν
601 3265 757 3336 ήμῶν
789 3268 822 3337 ή
853 3267 1043 3329 κακία.
1079 3268 1174 3320 καὶ
1206 3267 1358 3335 φίλον
1396 3268 1429 3338 ή
1466 3269 1660 3338 ἀρετὴ,
1698 3269 1965 3339 πολλαχό-

382 3355 476 3409 θεν
525 3355 721 3424 δῆλονο
773 3359 889 3420 καὶ,
934 3360 983 3412 εί
1037 3358 1321 3430 βούλεσθε,
1391 3361 1754 3432 σκοπήσωμεν
1805 3362 1967 3415 τοῦτο

380 3447 599 3518 πρῶτον
655 3449 764 3503 ἀπὸ
799 3450 908 3502 τῶν
952 3451 1215 3504 ἐναντίων
1261 3450 1401 3515 ἐνὸς,
1439 3452 1540 3521 τῆς
1575 3453 1853 3521 πορνείας·
1901 3453 1967 3506 Ἦ

380 3539 609 3610 πορνεία
640 3540 1040 3605 ἐπονειδίστους
1079 3540 1395 3612 καθίστησι,
1431 3543 1694 3613 πένητας,
1729 3561 1967 3612 καταγε-

380 3628 633 3694 λάστους,
662 3631 1172 3699 εὐκαταφρονήτους
1217 3632 1355 3700 πρὸς
1394 3632 1620 3697 πάντας,
1652 3631 1826 3687 ταῦτα
1854 3631 1968 3684 δια-

381 3719 622 3786 τιθείσα,
651 3721 792 3794 ἆπερ
834 3721 1044 3793 ἐχθρῶν
1079 3724 1194 3776 ἐστι
1243 3723 1573 3776 διατιθέναιο
1612 3724 1874 3788 πολλάκις
1912 3725 1968 3777 δὲ

382 3813 478 3866 καὶ
521 3814 696 3876 νόσοις
731 3815 825 3867 καὶ
875 3814 1142 3879 κινδύνοις
1184 3815 1508 3887 περιέϐαλεν
1563 3816 1703 3888 αὐτη
1729 3833 1742 3847 ·
1784 3817 1969 3870 πολλοὶ

382 3901 442 3954 δὲ
475 3901 572 3955 καὶ
606 3903 748 3974 ὑπὲρ
781 3903 888 3956 τῶν
922 3905 1135 3975 πορνῶν
1183 3905 1486 3972 ἀπώλοντο,
1531 3907 1626 3960 καὶ
1675 3906 1970 3978 τραύματα

383 3991 600 4048 ἔλαϐον.
633 3994 698 4048 Εἰ
735 3995 792 4048 δὲ
821 3995 881 4048 τὸ
913 3995 1198 4066 πορνεύειν
1238 3993 1414 4049 ταῦτα
1451 3995 1724 4067 προξενεῖ,
1755 3995 1816 4048 τὸ
1853 4013 1969 4066 μοις

384 4083 570 4156 χεύειν
607 4083 786 4154 πολλῷ
822 4084 1046 4155 μᾶλλον.
1079 4080 1226 4155 *Αρα
1248 4079 1342 4138 οῦν
1375 4085 1470 4139 καὶ
1501 4082 1836 4156 ἐλεημοσύνη
1877 4084 1968 4137 οὐ·

383 4190 526 4240 τως;
555 4174 820 4245 Οὐδαμῶς
842 4191 857 4205 °
889 4175 1004 4227 ἀλλ’
1035 4174 1110 4238 ὡς
1163 4176 1345 4246 μήτηρ
1393 4175 1748 4245 φιλόστοργος
1789 4176 1848 4228 ἐν
1881 4193 1972 4228 κο-

386 4266 640 4336 σμιότητι
679 4265 850 4338 πολλῇ
896 4267 956 4318 τὸ
988 4265 1198 4318 παιδίον
1231 4263 1575 4336 καθίστησιν,
1617 4266 1676 4318 ἐν
1722 4263 1968 4335 εὐταξίᾳ,

385 4359 444 4410 ἐν
475 4361 686 4430 χρηστῇ
717 4357 863 4431 δόξῃ,
899 4359 1028 4428 περὶ
1057 4358 1154 4428 τήν
1192 4358 1302 4411 τῶν
1334 4359 1650 4426 ἀναγκαίων
1676 4361 1823 4412 ποιεῖ
1849 4375 1972 4428 σχο-

385 4451 570 4515 λάζειν
602 4451 908 4522 διατριϐὴν,
955 4450 1055 4503 οὐκ
1101 4449 1324 4520 ἀφίησιν
1359 4451 1530 4521 ἡμᾶς,
1579 4449 1701 4503 οὐδὲ
1763 4450 1970 4517 ἀπάγει

385 4543 494 4596 τῶν
523 4545 859 4611 ἀναγκαίων,
914 4542 1050 4597 ἀλλά
1082 4542 1177 4595 καὶ
1210 4541 1308 4614 τὴν
1361 4543 1543 4614 ψυχὴν
1600 4541 1972 4612 συνετωτέραν

386 4632 702 4703 ἐργάζεται.
736 4633 902 4686 Οὐδὲν
930 4632 1047 4703 γὰρ.
1069 4631 1284 4702 πορνῶν
1335 4631 1765 4702 ἀσυνετώτερον.¹
1810 4629 1974 4684 Ἀλλά

389 4725 479 4788 τί;
508 4723 688 4792 βούλει
719 4723 820 4793 τὴν
853 4724 1165 4791 πλεονεξίαν
1197 4723 1353 4789 ἱδεῖν;
1390 4722 1502 4777 Καὶ
1531 4721 1694 4794 αῦτη,
1723 4722 1868 4794 άπερ
1907 4721 1974 4776 ἂν

391 4816 588 4888 ἐχθρὸς
639 4817 790 4885 ἡμᾶς
824 4815 1066 4886 διέθηκε,
1123 4815 1415 4889 διατίθησι.
1469 4814 1631 4882 Πῶς;
1679 4815 1973 4868 Μισεῖσθαι

391 4907 485 4960 καὶ
517 4904 656 4976 α’ύτη
683 4909 827 4958 ποιεῖ
860 4906 1011 4976 παρά
1037 4907 1254 4961 πάντων
1280 4922 1293 4936 ·
1341 4905 1548 4969 πάντας
1589 4905 1744 4976 ήμῶν
1778 4904 1973 4959 κατεύ-

392 4999 582 5070 χεσθαι
633 5000 1062 5069 παρασκευάζει,
1116 5001 1210 5053 καὶ
1251 5001 1378 5063 τοὺς
1429 4998 1814 5068 ἠδικημένους,
1871 5002 1968 5052 καὶ

394 5091 522 5155 τούς
547 5091 649 5144 οὐκ
691 5091 1076 5162 ἠδικημένους,
1131 5093 1360 5155 ἐκείνοις
1406 5092 1504 5162 μὲν
1558 5091 1974 5159 συναλγοῦντας,

397 5182 538 5251 ὑπὲρ
589 5183 646 5235 δὲ
698 5183 908 5236 ἑαυτῶν
962 5182 1306 5245 δεδοικόταςο
1360 5183 1435 5246 ὼς
1482 5181 1710 5253 ἐχθροὺς
1764 5183 1977 5245 κοινοὺς

398 5273 599 5336 πάντες
628 5273 852 5344 όρῶσιν,
881 5274 957 5337 ὡς
983 5274 1172 5345 θηρία,
1201 5274 1273 5337 ὡς
1299 5273 1556 5343 δαίμονας
1577 5289 1590 5303 ·
1622 5272 1812 5344 μυρίαι
1843 5290 1974 5326 παν-

395 5363 564 5434 ταχοῦ
605 5367 955 5437 κατηγορίαι,
1004 5365 1329 5432 ἐπιϐουλαὶ,
1381 5365 1585 5434 φθόνοι,
1631 5365 1777 5435 άπερ
1829 5365 1976 5420 ἐστὶν

398 5456 630 5528 ἐχθρῶν.
672 5458 735 5510 Ἱί
764 5458 821 5511 δέ
850 5456 1164 5528 δικαιοσύνη
1180 5456 1508 5522 τούναντίον,
1536 5456 1744 5519 πάντας
1765 5457 1974 5525 φίλους,

401 5549 612 5612 πάντας
661 5549 933 5620 συνήθεις,
975 5549 1185 5612 πάντας
1225 5549 1484 5612 εὐνοϊκῶς
1525 5549 1794 5620 διατίθησι
1841 5549 1978 5620 πρὸς

403 5641 552 5710 ἡμᾶς
575 5658 588 5672 ·
617 5641 770 5713 παρά
793 5643 1010 5696 πάντων
1047 5642 1185 5713 ὑπὲρ
1213 5641 1369 5712 ἡμῶν
1410 5643 1568 5712 εὐχαὶ
1593 5642 1851 5710 γίνονται.
1889 5642 1976 5695 Ἐν

406 5733 676 5805 ἀσφαλείᾳ
704 5735 872 5806 πολλῇ
903 5733 1154 5787 ἐντεῦθεν
1186 5735 1254 5788 τά
1291 5734 1412 5787 καθ’
1443 5735 1611 5806 ἡμᾶς,
1660 5733 1835 5796 οὐδεὶς
1865 5732 1978 5786 κίν-

407 5821 581 5890 δυνος,
604 5824 827 5896 οὐδεμία
850 5825 1071 5898 ὑποψία,
1097 5825 1228 5880 ἀλλά
1253 5824 1347 5879 καὶ
1365 5828 1392 5880 0
1415 5824 1580 5890 ῦπνος
1602 5825 1772 5889 ἀδεῶς
1790 5824 1968 5881 ἔπεισι

1097 406 1155 468 S.
1194 405 1482 464 JOANNlS
1514 401 2001 460 CHRYSOSTOMI
2039 407 2359 464 ARCIllEP.
2400 401 2956 463 CONSTANTINOP.

2050 520 2188 590 μετά
2219 519 2539 588 ἀσφαλείας,
2588 519 2814 590 οὐδεμία
2859 519 3102 589 φροντὶς,
3133 518 3310 583 οὐδεὶς
3357 523 3608 584 κοπετός.

2111 620 2180 680 γ’.
2199 613 2358 683 Ὁρᾷς
2384 614 2466 666 ὅτι
2496 612 2696 682 μᾶλλον
2723 611 2861 681 αῦτη
2883 611 3134 681 βελτίων;
3151 612 3216 664 Τί
3234 611 3312 671 δὲ.
3335 612 3456 666 εἰπέ
3487 631 3611 683 μοις

2041 700 2101 753 τὸ
2128 700 2362 768 φθονεῖν,
2401 701 2440 772 ἢ
2466 701 2530 752 τὸ
2568 699 2890 769 συνήδεσθαι
2931 699 3174 770 βέλτιον;
3211 699 3396 754 Ταῦτα
3438 701 3616 755 πάντα

2042 785 2408 856 ἐξετάσωμεν,
2433 787 2527 839 καὶ
2565 787 2892 856 εὑρήσομεν,
2919 787 3002 840 ὅτι
3030 787 3064 856 ή
3098 787 3196 856 μὲν
3225 787 3416 858 ἀρετὴ,
3445 789 3617 842 καθά-

2045 891 2151 946 περ
2184 878 2365 944 μήτηρ
2400 874 2569 937 ὅντως
2599 874 3046 945 φιλόστοργος,ἐν
3070 874 3339 946 ἀσφαλείᾳ
3365 876 3618 948 καθίστη-

2047 979 2130 1014 σιν
2158 963 2241 1032 ·ή
2292 963 2348 1015 δὲ
2395 961 2563 1015 κακία
2611 964 2669 1015 ἐν
2717 962 3002 1026 κινδύνοις,
3049 964 3280 1033 πρᾶγμα
3322 965 3618 1034 ἐπισφαλὲς

2045 1051 2200 1124 [308]
2230 1052 2472 1122 ὑπάρχον
2498 1052 2592 1104 καὶ
2620 1045 2978 1108 ἐπικίνδυνον.
3011 1053 3210 1106 ¹Ἀκουε
3242 1054 3349 1124 γὰρ
3371 1054 3466 1108 τοῦ
3493 1071 3621 1125 προ-

2046 1142 2216 1208 φήτου
2243 1139 2491 1206 λέγοντος
2511 1179 2525 1201 ,
2560 1141 2909 1208 Κραταίωμα
2938 1141 3151 1207 Κύριος
3178 1139 3296 1193 τῶν
3332 1142 3620 1211 φοϐουμέ-

2045 1242 2170 1278 νων
2227 1227 2435 1283 αὐτὸν.
2468 1226 2568 1278 καί
2614 1227 2652 1290 ἡ
2688 1226 2945 1294 διαθήκη
2990 1228 3178 1282 αὑτοῦ
3216 1229 3322 1284 τοῦ
3349 1229 3620 1296 δηλῶσαι

2047 1312 2271 1379 αὐτοῖς.
2317 1313 2523 1366 Οὐδένα
2574 1313 2864 1367 δέδοικενό
2920 1314 3088 1384 μηδὲν
3140 1316 3319 1385 ἐαυτῷ
3369 1317 3622 1381 συνειδὼς

2047 1402 2283 1472 πονηρόν
2307 1418 2321 1433 ·
2343 1402 2518 1456 οὐδενὶ
2547 1402 2709 1456 πάλιν
2729 1402 2924 1474 θαρρεῖ
2951 1404 2982 1456 0
3005 1405 3064 1456 ἐν
3111 1404 3282 1476 κακίᾳ
3331 1405 3460 1470 ζῶν,
3489 1405 3624 1458 ἀλλά

2048 1490 2143 1545 καὶ
2195 1493 2321 1555 τοὺς
2351 1493 2572 1556 οἰκέτας
2606 1493 2821 1564 τρέμει,
2855 1494 2948 1546 καὶ
2979 1493 3120 1563 μετά
3152 1494 3384 1564 ὑποψίας
3408 1497 3533 1566 όρᾷ.
3557 1495 3623 1547 Τί

2049 1581 2106 1633 δὲ
2149 1581 2296 1648 λέγω
2326 1583 2454 1645 τούς
2498 1582 2750 1647 οίκέταςς
2791 1581 2885 1635 τοῦ
2929 1583 3227 1646 συνειδότος
3255 1583 3314 1635 οὐ
3369 1583 3522 1652 φέρει
3562 1583 3623 1636 τὸ

2050 1669 2432 1741 δικαστήριον·
2473 1671 2571 1740 οὐχ
2615 1672 2664 1724 οί
2721 1669 2827 1736 ἔξω
2875 1671 3036 1741 μόνον
3063 1710 3079 1734 ,
3114 1672 3248 1724 ἀλλά
3283 1674 3376 1725 καὶ
3397 1675 3445 1726 οἱ
3478 1672 3626 1726 ἔνδον

2051 1757 2215 1810 αὐτὸν
2248 1757 2509 1811 κόπτουσι
2552 1757 2824 1828 λογισμοὶ,
2864 1759 2966 1811 οὐκ
3002 1759 3254 1826 ἀφιέντες
3295 1760 3459 1813 αὐτὸν
3491 1761 3626 1830 ἠρε-

2055 1847 2196 1914 μεῖν.
2232 1845 2298 1896 Τί
2341 1840 2455 1908 οὗν,
2487 1845 2654 1914 φησίς
2695 1845 2832 1916 πρὸς
2882 1847 3140 1908 ἐπαίνους
3186 1847 3519 1917 προσέχοντα
3547 1847 3630 1899 δεῖ

2053 1933 2182 2004 ζῇνς
2210 1933 2323 1987 Οὐκ
2350 1927 2492 1998 εἷπε,
2517 1933 2658 2004 Πρὸς
2675 1932 2894 1986 ἔπαινον
2916 1935 3037 2005 ὅρα,
3066 1933 3225 1999 ἀλλά,
3248 1935 3356 1987 Καὶ
3376 1935 3445 1986 τά
3472 1935 3628 1987 ἐπαι-

2055 2022 2185 2072 νετά
2216 2020 2378 2084 ποίει,
2417 2021 2493 2091 μή
2522 2021 2660 2088 πρὸς
2710 2020 2934 2074 ἔπαινον
2977 2020 3180 2091 μέντοι.
3211 2021 3369 2074 Ὅσα
3397 2020 3625 2089 ἀληθῆο

2054 2106 2249 2178 ψεῦδος
2277 2107 2384 2180 γὰρ
2408 2107 2580 2162 ταῦτα
2613 2125 2626 2137 °
2659 2108 2810 2162 Ὅσα
2835 2107 3050 2178 σεμνά.
3073 2109 3146 2162 Τὸ
3172 2108 3368 2178 σεμνὸν
3397 2109 3498 2178 τῆς
3522 2108 3628 2174 ἔξω

2055 2196 2174 2248 ἐστὶ
2223 2197 2542 2266 δυνάμεως,
2578 2196 2639 2250 τὸ
2668 2196 2724 2249 δέ
2756 2197 2940 2264 ἁγνὸν,
2965 2196 3062 2266 τῆς
3090 2195 3290 2268 ψυχῆς.
3316 2195 3407 2267 Μὴ
3433 2195 3628 2262 δίδοτε,

2057 2285 2211 2355 φησὶ,
2239 2283 2594 2354 πρόσκομμα,
2625 2282 2757 2354 μηδέ
2782 2283 2974 2354 λαϐήν.
2993 2285 3208 2354 Ἐπειδὴ
3243 2280 3396 2337 εἶπεν
3418 2324 3434 2350 ,
3472 2284 3632 2339 Ὅσα

2055 2373 2315 2443 εὕρημα,
2364 2372 2452 2427 ἵνα
2486 2371 2562 2443 μὴ
2593 2372 2843 2443 νομίσῃς,
2873 2373 2955 2425 ὅτι
3005 2371 3076 2425 τὰ
3125 2371 3275 2442 παρά
3319 2370 3632 2440 ἀνθρώποις

2056 2459 2244 2523 ἁπλῶς
2291 2475 2476 2530 φησιν,
2500 2459 2805 2529 ἐπήγαγεν,
2852 2459 2925 2511 El
2969 2476 3056 2526 τις
3094 2458 3298 2528 ἀρετὴ,
3328 2460 3427 2514 καί
3461 2459 3516 2513 el
3540 2477 3632 2525 τις

2058 2549 2324 2616 ἔπαινος,
2355 2549 2541 2603 ταῦτα
2581 2545 2912 2617 λογίζεσθε,
2933 2546 3120 2600 ταῦτα
3159 2546 3465 2616 πράττετε.
3503 2551 3632 2599 Δια-

2061 2639 2261 2702 παντὸς
2284 2637 2534 2708 βούλεται
2564 2637 2712 2706 ἡμᾶς
2730 2639 2787 2689 ἐν
2830 2635 3040 2699 τούτοις
3067 2631 3227 2696 εἶναι,
3255 2634 3426 2688 ταῦτα
3478 2651 3633 2706 μερι-

2063 2727 2222 2798 μνᾷν,
2250 2725 2422 2779 ταῦτα
2459 2727 2682 2778 ἐννοεῖν.
2702 2725 2764 2776 Εί
2791 2723 2902 2792 γὰρ
2926 2722 3214 2794 μέλλοιμεν
3241 2724 3376 2793 πρὸς
3408 2721 3635 2785 ἐαυτοὺς

2061 2811 2386 2884 εἰρηνεύειν,
2421 2812 2514 2865 καὶ
2545 2814 2573 2865 0
2605 2811 2737 2874 Θεὸς
2774 2810 2929 2864 ἐσται
2963 2809 3082 2881 μεθ’
3103 2811 3285 2881 ήμῶν.
3323 2812 3419 2862 Ἂν
3457 2809 3514 2862 δὲ
3536 2810 3635 2863 πό-

2059 2901 2222 2969 λεμον
2254 2900 2585 2970 ἐγείρωμεν,
2623 2901 2651 2952 0
2669 2899 2771 2968 τῆς
2797 2899 3019 2970 είρήνης
3050 2899 3183 2959 Θεὸς
3207 2898 3308 2950 οὐκ
3327 2896 3480 2949 ἔσται
3513 2895 3636 2966 μεθ’

2058 2988 2239 3058 ήμῶν.
2270 2987 2438 3040 Οὐδὲν
2460 2986 2570 3058 γὰρ
2585 2986 2729 3039 οὕτω
2755 2986 3014 3055 πολέμιον
3036 2988 3101 3055 τῇ
3126 2985 3296 3055 ψυχῇ,
3321 2985 3397 3047 ὡς
3426 2985 3596 3036 κακία
3619 3000 3635 3014 ο

2061 3077 2155 3129 καὶ
2191 3077 2343 3129 οὐδὲν
2381 3076 2552 3146 αὐτὴν
2591 3077 2649 3128 ἐν
2690 3076 2964 3147 ἀσφαλείᾳ
2997 3075 3289 3145 καθίστησι
3337 3073 3521 3138 πάλιν,
3561 3073 3638 3136 ὡς

2062 3167 2096 3236 ή
2128 3165 2320 3236 εἰρήνη
2378 3165 2474 3218 καὶ
2510 3166 2542 3235 ή
2589 3164 2760 3234 ἀρετή
2785 3179 2798 3192 °
2835 3163 2975 3216 ὥστε
3008 3163 3077 3216 τά
3123 3164 3252 3232 παρ’
3283 3161 3444 3233 ἡμῶν
3471 3161 3634 3234 ἄρχε-

2064 3251 2188 3304 σθαι
2219 3251 2316 3317 δεῖ,
2351 3252 2447 3305 καὶ
2475 3253 2596 3304 τότε
2617 3252 2708 3306 τὸν
2727 3250 2859 3304 Θεὸν
2889 3249 3324 3319 ἐπισπασόμεθα.
3353 3251 3465 3303 Οὐκ
3489 3249 3641 3304 ἐστιν

2061 3342 2090 3393 0
2119 3339 2273 3404 Θεὸς,
2304 3339 2542 3410 πολέμου
2573 3341 2667 3393 καὶ
2704 3340 2884 3410 μάχης
2911 3340 3052 3402 θεός.
3090 3339 3299 3392 Οὐκοῦν
3337 3338 3642 3392 κατάλυσον

2064 3430 2158 3482 καὶ
2185 3429 2276 3482 τὸν
2302 3429 2537 3499 πόλεμον
2565 3429 2658 3480 καὶ
2677 3429 2774 3497 τὴν
2809 3430 3010 3499 μάχην,
3035 3429 3128 3482 καὶ
3157 3428 3257 3499 τὴν
3281 3427 3419 3499 πρὸς
3451 3426 3638 3494 αὐτὸν,

2063 3517 2158 3570 καὶ⁸
2189 3516 2284 3587 τὴν
2309 3516 2445 3586 πρὸς
2471 3516 2562 3568 τὸν
2589 3517 2814 3586 πλησίον
2838 3533 2852 3546 ο
2879 3517 3152 3586 εἰρηνικὸς
3183 3516 3275 3569 ἐσο
3316 3515 3452 3587 πρὸς
3508 3517 3640 3569 πάν-

2064 3623 2162 3668 τας
2185 3621 2198 3636 ·
2239 3605 2496 3674 ἐννόησον
2535 3604 2688 3667 τίνας
2732 3607 2760 3657 0
2791 3604 2923 3667 Θεὸς
2946 3604 3108 3668 σώζει
3133 3621 3148 3633 ·
3171 3603 3458 3671 Μακάριοι
3481 3606 3534 3656 οἱ
3557 3605 3642 3656 εί-

2058 3691 2397 3759 ρηνοποιοὶ,
2426 3691 2612 3761 φησὶν,
2641 3691 2728 3744 ὅτι
2759 3691 2929 3746 αὐτοὶ
2980 3692 3094 3745 υίοί
3129 3690 3277 3745 Θεοῦ
3301 3689 3636 3758 κληθήσον-

2066 3797 2181 3832 ται.
2221 3778 2520 3840 Διαπαντὸς
2548 3778 2638 3830 τὸν
2677 3778 2804 3831 Υἰὸν
2824 3777 2918 3830 τοῦ
2948 3777 3081 3830 Θεοῦ
3107 3777 3398 3848 μιμοῦνται
3432 3779 3482 3832 οί
3524 3794 3640 3831 τοι-

2067 3869 2236 3926 οῦτοι.
2293 3869 2386 3920 καὶ
2453 3867 2692 3938 μίμησαι
2739 3869 2835 3919 καὶ
2893 3868 2957 3919 σύ
3006 3867 3167 3918 αὐτόν
3211 3882 3224 3894 ⁸
3274 3868 3588 3937 είρήνευσον
3623 3881 3646 3898 ⁸

2068 3957 2177 4027 ὅσῳ
2217 3955 2282 4009 ἄν
2328 3973 2387 4011 σε
2432 3956 2642 4026 πολεμῇ
2662 3958 2690 4009 ό
2714 3955 2962 4024 ἀδελφὸς,
2995 3954 3233 4020 τοσούτῳ
3265 3954 3469 4024 μείζων
3490 3957 3518 4008 0
3550 3973 3644 4025 μι-

2073 4043 2215 4107 σθός.
2249 4045 2444 4098 Ἀκουε
2473 4044 2582 4116 γὰρ
2611 4043 2706 4097 τοῦ
2729 4045 3008 4114 προφήτου
3047 4042 3318 4112 λέγοντος,
3344 4044 3508 4096 Μετὰ
3527 4042 3649 4095 τῶν

2065 4136 2410 4205 μισούντων
2455 4134 2570 4202 τὴν
2596 4133 2866 4202 εἰρήνην,
2897 4131 3060 4200 ἤμην
3108 4133 3424 4200 εἰρηνικός.
3474 4131 3645 4185 Τοῦτο

2073 4222 2266 4294 ἀρετὴ,
2306 4221 2466 4276 τοῦτο
2521 4223 2707 4292 μεῖζον
2760 4220 3104 4291 ἀνθρωπίνου
3150 4219 3434 4290 λογισμοῦ,
3488 4219 3656 4274 τοῦτο,

2072 4310 2208 4364 Θεοῦ
2239 4311 2403 4378 ἐγγὺς
2428 4305 2569 4362 εἶναι
2600 4311 2761 4362 ποιεῖ.

2144 4399 2310 4452 Οὐδὲν
2364 4396 2538 4461 οὕτως
2588 4398 2870 4468 εὐφραίνει
2919 4395 3011 4448 τὸν
3040 4397 3191 4458 Θεὸν,
3224 4397 3299 4460 ὡς
3324 4396 3386 4450 τὸ
3411 4396 3484 4467 μὴ
3507 4392 3647 4450 εἶναι

2077 4485 2414 4556 μνησίκακον
2441 4501 2456 4516 ο
2481 4485 2642 4540 τοῦτο
2681 4484 2872 4554 ἀφίησί
2929 4500 2989 4536 σε
3034 4483 3143 4536 τῶν
3193 4484 3648 4555 ἁμαρτημάτων,

2072 4574 2232 4628 τοῦτό
2259 4592 2340 4627 σοι
2361 4574 2478 4627 λύει
2517 4573 2590 4627 τά
2630 4574 2970 4642 ἐγκλήματα.
3008 4574 3104 4624 Ἂν
3125 4572 3183 4624 δέ
3224 4572 3526 4643 μαχώμεθα
3556 4572 3648 4624 καὶ

2075 4661 2467 4732 πυκτεύωμεν,
2504 4662 2721 4732 μακράν
2759 4661 3024 4730 γινόμεθα
3061 4660 3154 4713 τοῦ
3185 4660 3344 4714 Θεοῦ.
3386 4661 3518 4713 Ἀπὸ
3550 4661 3658 4730 μὲν

2075 4749 2184 4820 γὰρ
2217 4749 2316 4819 τῆς
2345 4750 2522 4820 μάχης
2550 4749 2742 4819 ἔχθραι
2763 4748 3054 4809 τίκτονται.
3085 4748 3194 4801 ἀπὸ
3225 4749 3284 4800 δέ
3319 4749 3417 4818 τῆς
3451 4747 3651 4819 ἔχθρας

2080 4840 2456 4910 μνησικακίαι.
2497 4837 2768 4907 Ἐκκοψον
2815 4838 2915 4908 τὴν
2968 4837 3145 4907 ῥίζαν,
3187 4837 3280 4889 καὶ
3318 4838 3417 4890 οὐκ
3438 4837 3591 4890 ἐσται
3620 4838 3652 4892 0

2078 4929 2287 4999 καρπός
2319 4944 2332 4958 ⁸
2359 4926 2504 4980 οὕτω
2539 4924 2898 4995 μαθησόμεθα
2941 4925 3046 4978 τῶν
3076 4923 3344 4994 βιωτικῶν
3371 4941 3650 4995 καταφρον-

2077 5020 2210 5069 νεῖν.
2249 5016 2323 5068 Οὐ
2356 5016 2468 5086 γὰρ
2504 5016 2681 5078 ἐστιν,
2719 5015 2820 5067 οὐκ
2849 5013 2998 5067 ἔστιν
3025 5015 3215 5076 ἐντοῖς
3255 5016 3649 5082 πνευματικοῖς

2081 5103 2251 5170 μάχη,
2280 5099 2393 5152 ἀλλ’
2423 5100 2558 5168 ὅπερ
2611 5096 2677 5150 ἂν
2739 5098 2855 5167 ίδῃς
2915 5096 3226 5167 γενόμενον,
3263 5096 3296 5167 ἢ
3337 5096 3512 5167 μάχας
3540 5096 3650 5167 ιι,ἢ

2080 5189 2294 5258 φθόνον,
2325 5187 2358 5257 ἢ
2398 5188 2534 5257 ὅπερ
2565 5185 2632 5238 ἂν
2664 5185 2807 5238 εῐποι
2837 5203 2939 5249 τις,
2975 5184 3244 5254 βιωτικῶν
3288 5184 3477 5238 ἐνεκεν
3502 5185 3651 5254 γίνε-

2077 5295 2169 5330 ται
2195 5293 2209 5306 ο
2237 5277 2271 5345 ἢ
2306 5278 2414 5346 γὰρ
2441 5273 2776 5340 πλεονεξίας,
2812 5274 2845 5344 ἧ
2879 5273 3166 5344 φθόνου,ἢ
3201 5272 3503 5338 κενοδοξίας
3538 5272 3653 5343 ἔχει

2078 5367 2252 5438 ἀρχὴν
2279 5367 2428 5418 πᾶσα
2473 5364 2641 5436 μάχη.
2668 5365 2768 5419 Ἂν
2800 5365 2981 5417 τοίνυν
3009 5362 3438 5434 είρηνεύσωμεν,
3470 5363 3650 5433 μαθη-

2080 5455 2285 5526 σόμεθα
2308 5453 2402 5507 καὶ
2431 5453 2538 5505 τῶν
2565 5454 2624 5504 ἐν
2651 5455 2716 5522 τῇ
2761 5455 2830 5522 γῇ
2861 5453 3242 5522 καταφρονεῖν.
3276 5450 3533 5522 Ἥρπασέ
3559 5467 3646 5512 τις

2079 5546 2148 5599 τὰ
2213 5546 2508 5616 χρήματα;
2560 5542 2696 5595 ’Λλλ’
2725 5543 2876 5595 οὐδὲν
2934 5543 3180 5612 ἠδίκησε,
3248 5541 3407 5612 μόνον
3453 5539 3528 5611 μὴ
3562 5539 3653 5591 τὸν

2085 5837 2121 5894 ἢ
2141 5772 2379 5885 δάῡιιῐιωο
2401 5772 2598 5822 videtur
2616 5769 2900 5833 legendum,
2927 5767 3028 5817 ἀλλ’
3062 5768 3181 5815 ὅπου
3202 5766 3259 5813 ἂν
3279 5765 3384 5827 ἴδῃς
3403 5760 3654 5825 γενομένην

2140 5849 2166 5894 μ
2207 5850 2312 5894 χην.

2140 5849 2312 5895 unum
