4108 6410
466 395 573 450 285

472 520 544 561 ter
567 517 640 561 est
682 506 1018 577 Quaecumque
1035 504 1200 576 justa,
1220 521 1542 578 qutrcuntque
1568 506 1711 558 bona:
1734 507 1903 574 famw,
1928 502 2042 556 haec

468 609 613 669 sunt,
644 600 833 669 inquit,
864 599 925 653 Si
950 614 1050 663 qua
1087 599 1266 659 virtus,
1307 609 1353 651 et
1396 600 1438 651 si
1468 615 1567 667 qua
1609 598 1739 650 laus.
1786 596 1899 650 Hoc
1929 596 2045 648 loco

468 668 580 744 vult
619 691 764 758 ipsos
805 705 866 744 ea
899 690 1083 756 etiam,
1115 705 1234 759 quae
1262 688 1327 742 ad
1358 688 1601 742 homines
1631 689 1919 757 pertinent,
1952 702 2045 740 cu-

466 797 607 836 rare.
644 780 771 834 Hau:
796 782 1031 852 cogitate,
1063 781 1252 850 inquit.
1282 780 1443 834 Vides
1472 779 1573 832 hoc
1602 779 1823 832 Paulum
1863 792 2039 847 agere,

467 884 523 927 ut
555 888 769 927 omnem
803 888 1017 942 pravam
1067 873 1445 942 cogitationem
1492 888 1560 926 ex
1611 872 1801 924 animis
1850 872 2045 925 nostris

462 966 685 1034 ejiciat?
713 980 777 1021 ex
806 968 1216 1037 cogitationibus
1243 968 1383 1019 enim
1414 981 1590 1036 pravze
1630 981 1840 1035 quoque
1880 964 2046 1019 actio-

469 1073 563 1112 nes
609 1058 875 1111 oriuntnr.
927 1058 1051 1125 Quis
1098 1068 1141 1112 et
1183 1058 1449 1122 didicistis,
1496 1067 1542 1110 et
1587 1057 1869 1125 accepistis.
1922 1056 2046 1110 Hmc

467 1150 664 1217 optima
685 1149 911 1203 docendi
940 1150 1073 1202 ratio
1099 1158 1199 1211 est,
1233 1165 1289 1202 sc
1321 1150 1491 1217 ipsum
1520 1148 1570 1200 in
1600 1148 1846 1201 omnibus
1876 1148 2047 1198 moni-

469 1241 700 1296 tionibus
726 1240 1004 1295 formulam
1033 1243 1271 1311 praebere
1300 1259 1311 1292 :
1345 1240 1792 1310 quemadmodmu
1836 1250 1889 1292 et
1919 1238 2043 1291 alibi

468 1333 658 1403 inquit,
693 1331 835 1387 Sicut
865 1333 1053 1386 habetis
1084 1351 1173 1385 nos
1210 1334 1428 1401 formam
1452 1330 1708 1403 (Philipp.
1748 1330 1799 1384 5.
1832 1328 1960 1398 17);
1993 1336 2047 1382 et

466 1442 652 1483 rursus
681 1427 785 1491 hic,
813 1427 938 1494 Qua:
963 1437 1006 1480 et
1033 1428 1298 1490 didicistis,
1327 1436 1372 1478 et
1402 1425 1701 1494 accepistis;
1725 1423 1773 1476 id
1800 1433 1901 1487 est,
1928 1436 2045 1491 qme

468 1534 566 1588 ego
595 1534 689 1572 vos
729 1519 920 1581 docui;
967 1528 1011 1572 et
1036 1518 1269 1578 audistis,
1305 1526 1350 1570 et
1399 1517 1592 1569 vidistis
1636 1519 1830 1578 inme;
1874 1514 1923 1566 id
1964 1522 2066 1574 cst,

465 1620 720 1679 quantum
752 1611 982 1678 pertinet
1009 1608 1072 1662 ad
1103 1609 1285 1668 verba,
1317 1616 1369 1661 et
1396 1609 1656 1670 actiones,
1689 1614 1742 1658 et
1770 1604 1888 1658 vitae
1918 1618 2046 1658 con-

468 1702 823 1756 suetudinem.
846 1700 1007 1755 Vides
1034 1700 1206 1769 ipsum
1234 1700 1377 1753 omni
1402 1702 1467 1753 de
1494 1715 1551 1752 re
1580 1698 1693 1751 haec
1724 1695 2046 1766 pnecipere?

467 1795 689 1861 Quando
717 1794 858 1848 enim
896 1794 1113 1847 minime
1144 1792 1221 1845 fas
1260 1801 1342 1846 est
1366 1791 1433 1845 de
1461 1790 1707 1844 omnibus
1737 1789 2042 1858 singillatim

464 1885 669 1939 minuta
720 1886 962 1953 quazdam
1005 1895 1271 1954 prmcepta
1319 1883 1478 1943 dare;
1532 1882 1599 1935 de
1660 1883 1920 1950 ingressu,
1977 1879 2044 1935 de

464 1982 721 2045 egressu;
751 1976 818 2030 de
862 1976 1045 2041 verbo,
1086 1976 1274 2044 ﬁgura,
1321 1973 1705 2028 consuetudine
1754 1971 2040 2036 familiari;

464 2070 642 2122 omnia
671 2078 846 2122 autem
874 2069 986 2123 Iuec
1007 2068 1311 2123 Christiano
1339 2068 1571 2121 curanda
1600 2076 1756 2121 sunt:
1784 2066 2039 2132 breviter,

463 2169 518 2213 et
542 2160 694 2228 quasi
721 2163 1026 2214 summatim
1053 2160 1207 2221 dixit,
1243 2159 1306 2212 In
1330 2176 1409 2212 me
1428 2159 1711 2223 audivistis,
1741 2168 1787 2211 et
1815 2159 2042 2212 vidistis:

461 2252 683 2321 perinde
706 2268 770 2307 ac
797 2253 839 2305 si
860 2252 1084 2318 diceret,
1106 2252 1173 2305 Et
1193 2251 1343 2305 factis
1372 2262 1426 2306 et
1452 2253 1628 2305 verbis
1656 2251 1807 2308 vobis
1832 2252 2038 2321 prreivi.

466 2344 594 2398 Hau:
635 2346 803 2415 agite;
841 2360 949 2398 non
994 2345 1156 2398 dicite
1200 2345 1397 2408 solum,
1442 2342 1536 2397 sed
1580 2343 1737 2395 etiam
1770 2341 1963 2407 facile;
1996 2352 2043 2396 et

461 2437 601 2491 Deus
632 2439 771 2507 pacis
804 2439 896 2491 erit
923 2438 1198 2490 vobiscum.
1228 2436 1279 2491 Id
1309 2443 1412 2502 est,
1443 2436 1496 2491 Si
1534 2435 1648 2489 hinc
1675 2436 2040 2499 servaveritis,

459 2538 658 2583 etcum
700 2529 948 2583 omnibus
988 2543 1171 2597 pacem
1205 2527 1515 2592 habueritis,
1567 2527 1616 2580 in
1659 2527 1946 2596 tranquillo
1988 2536 2043 2581 et

463 2621 727 2676 tutissimo
753 2622 903 2675 eritis
935 2620 1083 2684 loco;
1129 2620 1258 2673 nihil
1304 2618 1512 2673 molesti
1545 2617 1793 2688 quodque
1823 2618 2041 2671 minime

459 2713 633 2769 velitis
663 2712 954 2781 patiemini.
988 2711 1441 2779 Quandocumque
1470 2710 1611 2763 enim
1643 2723 1740 2762 nos
1767 2724 1887 2763 cum
1930 2708 2039 2762 Deo

459 2822 643 2877 pacem
674 2806 1047 2871 habuerimus,
1096 2805 1354 2858 habemus
1403 2812 1583 2857 autem
1630 2818 1725 2872 per
1765 2802 2037 2865 virtutem,

458 2904 628 2957 multo
658 2902 825 2971 magis
870 2902 984 2971 ipse
1016 2900 1291 2954 nobiscum
1332 2899 1382 2951 in
1429 2912 1557 2965 pace
1600 2898 1723 2951 erit.
1756 2894 1856 2962 Qui
1894 2895 2036 2948 enim

457 2996 528 3050 ita
560 3010 658 3049 nos
696 2997 911 3057 amavit,
945 3002 997 3046 ut
1044 2993 1125 3046 vel
1157 2991 1223 3045 ad
1265 2989 1590 3059 refugientes
1629 2987 1946 3051 accesserit;
1994 2985 2036 3039 si

455 3097 801 3142 accurrentes
849 3084 1048 3147 videat,
1099 3098 1276 3136 nonne
1321 3082 1491 3135 multo
1544 3080 1711 3149 magis
1756 3094 1904 3133 suam
1944 3093 2040 3147 per

456 3195 517 3234 se
549 3178 684 3232 feret
734 3176 1065 3231 amicitiam?
1093 3174 1233 3228 Nihil
1268 3185 1468 3227 naturte
1516 3182 1711 3226 nostra:
1742 3171 1910 3240 magis
1937 3169 2038 3223 ini-

457 3268 653 3322 tnicum
682 3276 785 3332 est,
814 3281 972 3335 quam
1005 3265 1211 3317 vitium.
1242 3262 1519 3327 Quomodo
1553 3272 1729 3315 autem
1762 3262 2034 3314 inimicum

456 3360 526 3413 sit
553 3360 734 3412 vitium
756 3359 993 3412 etamica
1020 3357 1208 3422 virtus,
1240 3355 1420 3408 multis
1447 3355 1773 3424 argumentis
1797 3363 2035 3409 constat:

458 3466 523 3504 ac
564 3450 610 3503 si
638 3450 819 3516 vultis,
851 3453 1078 3518 primum
1109 3448 1159 3501 id
1191 3459 1495 3516 spectemus
1523 3448 1573 3500 in
1604 3462 1710 3501 uno
1737 3462 1800 3501 ex
1832 3447 1893 3500 iis
1920 3461 2037 3514 quae

458 3540 725 3594 contraria
766 3550 908 3606 sunt,
944 3539 995 3593 id
1033 3550 1137 3601 est,
1161 3540 1211 3591 in
1259 3539 1604 3592 seortatione.
1636 3537 1903 3591 Scortatio
1942 3550 2038 3589 nos

457 3632 734 3686 dedecoris
774 3632 981 3701 plenos,
1012 3645 1294 3701 pauperes,
1338 3629 1592 3682 ridiculos
1622 3628 1764 3692 facit,
1813 3642 1875 3680 ac
1905 3627 2037 3681 tales

458 3723 634 3778 reddit
659 3724 747 3793 qui
787 3723 855 3776 ab
881 3722 1130 3777 omnibus
1177 3731 1582 3775 contemnantur
1612 3738 1625 3772 :
1658 3721 1771 3774 haec
1799 3735 1925 3774 vero
1963 3719 2038 3773 fa-

457 3832 580 3870 cere
622 3816 955 3869 inimicorum
996 3824 1097 3870 est.
1129 3813 1284 3881 Saepe
1312 3823 1487 3866 autem
1519 3815 1632 3865 brec
1660 3821 1713 3866 et
1740 3811 1957 3865 morbos
1984 3819 2038 3864 et

461 3908 690 3978 pericula
719 3907 871 3961 affert
903 3924 917 3961 :
950 3906 1100 3960 multi
1128 3920 1256 3959 vero
1283 3906 1443 3959 etiam
1491 3912 1845 3957 scortatorum
1875 3916 2035 3956 causa

459 4000 748 4068 perierunt,
780 4011 830 4053 et
860 3999 1075 4052 vulnera
1118 4005 1458 4065 acceperunt.
1493 3995 1645 4060 Quod
1690 3996 1731 4047 si
1781 3993 2036 4049 scortatio

460 4094 573 4145 lure
617 4091 802 4155 affert,
860 4090 1029 4143 multo
1079 4088 1246 4157 magis
1302 4087 1641 4141 adulterium.
1694 4086 1828 4140 Num
1875 4087 2036 4156 igitur

455 4184 642 4237 eodem
686 4182 846 4235 modo
885 4181 1267 4252 eleemosyna?
1311 4179 1647 4249 Neutiquam,
1695 4179 1787 4234 sed
1817 4179 2035 4248 perinde

456 4284 613 4343 atque
651 4286 830 4328 tenera
865 4284 1034 4328 mater
1080 4274 1243 4327 ﬁliolo
1272 4288 1517 4342 magnam
1545 4279 1901 4336 venustatem,
1930 4270 2028 4325 de-

456 4381 569 4429 cus,
602 4365 823 4434 gloriam
852 4365 1121 4429 conciliat,
1164 4365 1395 4433 facitque
1441 4363 1762 4419 necessariis
1793 4362 2031 4417 muneri-

456 4458 554 4510 bus
570 4456 831 4511 obeundis
858 4457 1164 4511 incumbere
1190 4474 1201 4509 :
1236 4473 1340 4510 non
1372 4456 1622 4525 relinquit
1651 4470 1769 4521 nos,
1799 4470 1973 4524 neque
1999 4469 2032 4509 a

455 4548 773 4603 necessariis
792 4548 1027 4613 abducit,
1059 4548 1152 4602 sed
1180 4550 1415 4601 animum
1443 4547 1842 4617 prudentiorem
1869 4547 2031 4602 etiam

459 4643 653 4696 reddit.
693 4642 1086 4697 Scortatoribus
1128 4642 1270 4696 enim
1302 4642 1435 4694 nihil
1483 4642 1895 4711 imprudentius.
1928 4640 2032 4695 Sed

452 4736 603 4790 visne
630 4735 906 4788 avaritiam
950 4734 1337 4804 inspiciamus?
1384 4735 1449 4788 Et
1478 4733 1594 4789 hzec
1638 4735 1828 4789 eodem
1872 4733 2033 4788 modo

451 4846 578 4899 erga
623 4844 724 4883 nos
751 4828 936 4883 aﬁ'ecta
982 4839 1083 4893 est,
1116 4844 1221 4897 quo
1257 4828 1455 4883 inimici
1486 4828 1682 4882 solent.
1712 4828 2029 4893 Quomodo?

450 4923 643 4977 Odium
673 4932 727 4977 et
764 4922 877 4977 htec
907 4922 1060 4976 nobis
1089 4923 1155 4975 ab
1197 4922 1447 4974 omnibus
1474 4921 1756 4984 cenciliat;
1798 4920 2030 4989 facitque

450 5026 510 5069 ut
535 5031 723 5069 omnes
771 5030 870 5068 nos
913 5025 1280 5079 exsecrentur,
1323 5023 1374 5067 et
1401 5016 1490 5083 qui
1524 5014 1767 5082 injuriant
1808 5029 2032 5084 accepe-

448 5117 595 5174 runt,
626 5118 678 5162 et
705 5110 793 5177 qui
825 5122 931 5161 non
961 5117 1279 5175 acceperunt
1314 5122 1471 5159 :nam
1520 5115 1574 5161 et
1618 5106 1827 5159 illorum
1857 5107 2025 5160 vicem

449 5194 667 5262 dolent,
711 5206 766 5252 et
814 5198 913 5251 sibi
963 5198 1093 5266 ipsis
1140 5205 1403 5250 metuunt.
1453 5196 1810 5263 Quamobrem
1863 5198 2025 5250 veluti

447 5302 761 5343 communes
794 5290 1053 5357 quosdam
1083 5290 1265 5344 hostes
1310 5288 1582 5342 intuentur
1623 5302 1831 5355 omnes,
1861 5289 2026 5343 veluti

446 5382 609 5447 feras,
636 5383 793 5437 veluti
819 5384 1089 5438 dmmonas
1134 5401 1147 5435 :
1178 5392 1444 5437 sexcenta:
1471 5382 1703 5452 undique
1726 5383 2023 5437 accusatio-

447 5492 565 5542 nes,
595 5477 822 5543 insidiaa,
848 5478 1081 5542 invidiae,
1118 5492 1238 5548 quae
1268 5476 1480 5547 quidem
1510 5476 1845 5530 inimicorum
1875 5484 2022 5531 sunt.

446 5567 643 5624 Contra
696 5579 873 5625 autem
921 5569 1125 5640 justitia
1170 5584 1359 5624 omnes
1407 5570 1627 5635 amicos,
1680 5584 1869 5624 omnes
1923 5584 2022 5623 usu

445 5662 781 5731 conjunctos,
806 5679 988 5719 omnes
1010 5664 1301 5719 benevolos
1328 5664 1480 5718 nobis
1503 5664 1657 5725 facit;
1681 5664 1748 5719 ab
1772 5666 2023 5720 omnibus

447 5769 633 5823 preces
659 5770 756 5825 pro
784 5744 938 5812 nobis
960 5755 1253 5811 tunduntur
1282 5775 1294 5810 :
1328 5757 1399 5811 ita
1422 5766 1592 5810 status
1619 5766 1799 5810 uoster
1826 5757 1877 5810 in
1908 5766 2020 5810 tuto

447 5846 775 5915 Collocatur;
808 5850 1011 5904 nullum
1037 5849 1355 5919 periculum.
1389 5849 1530 5905 nulla
1558 5848 1813 5919 suspicio,
1844 5849 1935 5904 sed
1964 5858 2018 5904 et

1318 390 1387 447 IN
1426 391 1640 449 EPIST.
1684 392 1775 446 AD
1814 388 2097 444 PHILIPP.
2139 389 2293 447 CAP.
2339 392 2423 449 IV.
2469 394 2699 453 llOMlL.
2743 398 2882 457 XIV.

3631 415 3737 472 286

2155 515 2377 597 somnus
2403 512 2707 569 securitatis
2731 516 2924 588 plenus
2950 518 3204 590 advenit;
3236 522 3378 579 nulla
3410 527 3737 597 sollicitudo.

2153 596 2332 652 nullus
2363 602 2611 671 ejulatus.

2223 688 2276 742 5.
2321 690 2481 748 Vides
2521 696 2659 753 hanc
2704 700 2862 772 longe
2903 704 3183 761 meliorem
3238 710 3395 764 esse?
3438 711 3595 779 Quid,
3647 716 3737 772 dic

2152 779 2306 873 mihi,
2344 786 2580 842 satiusne
2607 799 2689 844 est
2719 790 2979 861 invidere,
3012 811 3078 850 an
3122 798 3313 854 aliena:
3345 801 3544 857 laetitia:
3574 808 3733 873 parti-

2152 872 2324 940 cipem
2350 876 2507 932 ﬁeri?
2539 881 2661 937 Haec
2697 885 2876 941 omnia
2903 889 3265 957 expendanms
3292 909 3306 956 ;
3338 908 3399 947 ac
3423 910 3553 951 sane
3578 872 3733 952 inve-

2151 966 2361 1023 niemus
2388 971 2636 1028 virtutem
2659 977 2898 1044 quidem,
2941 989 3000 1034 ut
3034 992 3257 1037 matrem
3289 1000 3415 1040 vere
3441 1000 3732 1055 amantem,

2151 1055 2344 1113 aﬂ‘erre
2372 1064 2713 1119 securitatem
2732 1077 2892 1138 atque
2921 1070 2973 1124 in
3007 1080 3119 1126 tuto
3148 1074 3437 1142 collocare,
3472 1077 3734 1132 vitiosita-

2152 1157 2259 1203 tem
2298 1167 2426 1206 vero
2471 1157 2740 1226 conjicere
2787 1162 2837 1214 in
2879 1164 3161 1232 pericula:
3194 1182 3282 1222 res
3330 1170 3472 1223 enim
3514 1172 3731 1225 omnino

2152 1251 2235 1295 est
2271 1245 2628 1313 periculorum
2675 1252 2849 1320 plena.
2884 1256 3021 1309 Audi
3070 1258 3380 1327 pr0phelam
3413 1260 3681 1318 dicentem
3715 1282 3728 1319 :

2152 1331 2555 1393 Firmamentum
2575 1352 2647 1395 est
2669 1343 2915 1399 Dominus
2940 1348 3225 1403 timentibus
3242 1367 3375 1416 eum,
3393 1363 3440 1406 et
3466 1364 3730 1409 testamen-

2152 1432 2257 1476 tum
2285 1427 2444 1495 ipsius
2464 1440 2518 1482 ut
2543 1433 2889 1503 manifestetur
2914 1437 3036 1507 ipsis
3057 1437 3174 1505 (Ps.
3198 1440 3289 1494 '24.
3316 1442 3429 1513 Μ).
3453 1443 3730 1500 Neminem

2152 1515 2336 1584 timet,
2383 1521 2471 1587 qui
2513 1524 2714 1577 nullius
2761 1526 2887 1580 mali
2937 1528 3039 1581 sibi
3089 1540 3167 1583 est
3210 1534 3730 1592 conscius:nemini

2150 1620 2335 1664 contra
2368 1612 2506 1679 ﬁdit,
2540 1617 2627 1684 qui
2655 1632 2775 1671 cum
2821 1619 3159 1689 improbitate
3190 1623 3338 1691 vivit,
3376 1626 3471 1680 sed
3499 1626 3735 1685 famulos

2150 1700 2310 1753 etiam
2362 1706 2588 1770 metuit,
2658 1722 2859 1777 eosque
2914 1725 3034 1764 cum
3111 1713 3416 1781 SllSpiCione
3473 1717 3728 1773 intuetur.

2152 1788 2353 1861 Ecquid
2403 1793 2523 1849 dico
2575 1795 2843 1853 famulos?
2896 1802 3239 1857 conscientiae
3289 1805 3454 1873 ipsius
3499 1809 3733 1865 tribunal

2151 1882 2291 1937 ferre
2315 1899 2416 1937 non
2448 1894 2659 1955 potest:
2696 1904 2800 1943 non
2834 1893 3003 1945 solum
3034 1910 3152 1963 quae
3183 1904 3421 1951 externa!
3456 1910 3601 1967 sunt,
3634 1904 3729 1957 sed

2149 1973 2369 2029 interna)
2415 1979 2575 2031 etiam
2627 1982 3065 2037 ratiocinationes
3107 1986 3279 2055 ipsum
3324 1986 3582 2057 fodicant,
3633 2009 3737 2048 nec

2150 2068 2426 2134 quiescere
2449 2086 2701 2137 umquam
2743 2074 2941 2127 sinunt.
2972 2077 3132 2145 Ergo,
3168 2077 3395 2147 inquies,
3422 2081 3490 2133 ita
3519 2095 3731 2151 oportet

2148 2157 2349 2220 vivere,
2401 2168 2461 2212 ut
2500 2160 2707 2216 laudem
2759 2166 3002 2232 spectes?
3049 2166 3164 2220 Non
3218 2168 3352 2222 dixit
3394 2171 3608 2236 Paulus,
3650 2177 3729 2229 Ad

2149 2247 2357 2303 laudem
2408 2262 2586 2319 specta
2610 2296 2622 2314 ,
2655 2254 2747 2308 sed
2770 2296 2785 2321 ,
2819 2255 2923 2310 Fac
2968 2257 3250 2313 laudabilia
3273 2302 3287 2321 ,
3323 2278 3426 2316 non
3482 2276 3729 2333 Spectatus

2148 2340 2213 2393 ad
2285 2342 2513 2396 laudem.
2567 2346 2914 2415 .Qutecumque
2977 2363 3130 2411 vera;
3180 2351 3512 2407 mendacium
3583 2358 3725 2410 enim

2148 2430 2246 2484 ista
2296 2443 2449 2499 sunt,
2497 2450 2823 2506 quaecumque
2873 2451 3069 2493 sancta.
3115 2439 3231 2495 Vox
3280 2443 3401 2511 ista,
3450 2457 3629 2513 σεμνὸν,
3678 2449 3733 2503 id

2147 2534 2229 2579 est
2274 2527 2533 2594 gravitas,
2562 2528 2626 2581 ad
2678 2540 2957 2585 externam
3001 2535 3230 2601 pertinet
3273 2536 3561 2607 virtutem;
3597 2545 3740 2607 ἅγιον.

2147 2631 2306 2678 vero,
2363 2617 2413 2671 id
2470 2628 2551 2672 est
2607 2619 2889 2690 pudicitia,
2949 2625 3142 2679 anima:
3201 2628 3413 2697 propria
3470 2642 3569 2685 est.
3620 2633 3728 2687 Ne-

2146 2710 2296 2774 mini,
2329 2712 2515 2780 inquit,
2540 2712 2662 2768 date
2696 2715 2857 2767 ullam
2886 2716 3252 2785 oﬁ'ensionem,
3283 2736 3455 2791 neque
3494 2726 3731 2779 occasio-

2148 2817 2292 2854 nem.
2322 2802 2582 2869 QuOniam
2621 2804 2845 2872 dixerat,
2894 2806 3231 2876 Qtttccumque
3270 2811 3414 2865 bona:
3442 2816 3613 2884 famw,
3662 2833 3736 2871 ne

2145 2894 2416 2947 existimes
2456 2894 2521 2947 ad
2569 2895 2813 2950 homines
2856 2906 3056 2952 tantum
3106 2910 3398 2970 spectasse,
3447 2907 3593 2959 addit
3623 2926 3635 2961 :
3668 2909 3733 2963 Si

2144 3003 2242 3055 qua
2275 2988 2448 3052 virtus,
2493 2998 2542 3041 et
2588 2989 2630 3041 si
2672 3006 2774 3059 qua
2816 2993 2949 3055 laus,
2999 2991 3104 3045 lucc
3139 2996 3373 3063 cogitate,
3422 2997 3528 3051 lucc
3573 3000 3733 3068 agite.

2145 3077 2407 3147 Perpetuo
2432 3080 2544 3132 vult
2568 3093 2666 3133 nos
2698 3080 2748 3133 in
2782 3080 2863 3135 his
2893 3096 3031 3144 esse,
3059 3083 3172 3138 hmo
3198 3100 3407 3152 curare,
3441 3090 3552 3142 lucc
3580 3092 3729 3160 cogi-

2145 3176 2279 3222 tare.
2310 3168 2440 3222 Nam
2482 3170 2526 3223 si
2572 3170 2846 3224 nobiscum
2893 3172 2989 3241 ipsi
3029 3189 3211 3242 pacem
3257 3191 3558 3245 servemus,
3592 3183 3729 3236 Dens

2146 3260 2304 3313 etiam
2350 3261 2625 3315 nobiscum
2675 3264 2777 3317 erit
2808 3281 2822 3316 :
2854 3264 2935 3317 sin
2982 3265 3182 3320 bellum
3227 3274 3542 3335 excitemus,
3591 3274 3737 3329 Deus

2149 3353 2297 3421 pacis
2325 3353 2546 3408 minime
2574 3354 2850 3409 nobiscum
2880 3355 3003 3410 erit.
3036 3357 3177 3411 Nihil
3207 3362 3348 3415 enim
3377 3379 3528 3431 aeque
3561 3365 3730 3420 hosti-

2146 3443 2270 3497 liter
2296 3443 2608 3498 adversatur
2636 3446 2848 3507 animrc,
2882 3462 2943 3500 ac
2970 3447 3260 3512 vitiositas;
3307 3461 3361 3506 et
3405 3454 3535 3507 nihil
3576 3456 3731 3510 vicis-

2144 3534 2244 3586 sim
2289 3549 2440 3603 :eque
2486 3534 2629 3588 illam
2671 3536 2724 3588 in
2758 3545 2869 3589 tuto
2914 3537 3162 3603 collocat,
3210 3554 3273 3593 ac
3304 3558 3401 3610 pax
3446 3554 3499 3598 et
3540 3546 3725 3600 virtus.

2144 3622 2498 3688 Quamobrem
2553 3626 2867 3694 incipiamus
2915 3637 3095 3681 nostra
3141 3641 3437 3699 praestare,
3497 3647 3734 3709 tuncque

2145 3717 2310 3771 Deum
2337 3717 2399 3769 ad
2425 3732 2522 3770 nos
2548 3718 2863 3773 alliciemus.
2896 3720 3040 3775 Deus
3070 3737 3173 3775 non
3198 3733 3279 3777 est
3309 3725 3431 3780 belli
3464 3737 3515 3783 et
3537 3746 3728 3800 pugnae

2142 3808 2298 3863 deus.
2348 3809 2566 3877 Depone
2611 3811 2770 3879 igitur
2812 3811 3009 3866 bellum
3058 3823 3109 3867 et
3140 3830 3390 3886 pugnam,
3439 3836 3558 3875 cum
3599 3839 3734 3894 erga.

2145 3898 2354 3962 Deum,
2414 3908 2525 3953 tnm
2579 3916 2704 3970 erga
2755 3903 3057 3971 proximum
3092 3923 3105 3958 :
3140 3907 3388 3975 paciﬁcus
3436 3922 3552 3965 esto
3601 3931 3725 3985 erga

2143 4004 2330 4045 omnes
2363 3993 2570 4062 :cogita
2600 3994 2914 4063 quibusnam
2962 3996 3099 4051 Deus
3140 4000 3366 4055 salutem
3396 4003 3522 4058 det:
3556 4006 3724 4072 Beati,

2142 4082 2347 4151 inquit,
2402 4085 2637 4152 paciﬁci,
2689 4088 2928 4156 quoniam
2978 4090 3078 4158 ipsi
3127 4092 3223 4159 ﬁlii
3274 4092 3370 4147 Dei
3419 4098 3731 4154 vocabuntur

2143 4172 2353 4245 (Matth.
2396 4176 2448 4230 5.
2479 4176 2559 4245 9).
2586 4176 2685 4243 Qui
2718 4178 2851 4233 tales
2897 4187 3042 4247 sunt,
3095 4194 3351 4251 perpetuo
3392 4186 3585 4242 Filium
3629 4191 3724 4246 Dei

2142 4268 2434 4323 imitantur.
2458 4270 2720 4325 Eumdem
2744 4280 2798 4325 tu
2821 4288 3034 4342 quoque
3055 4275 3261 4330 imitare
3285 4297 3296 4331 :
3321 4294 3500 4345 pacem
3531 4298 3723 4339 serva:

2141 4372 2338 4429 quanto
2362 4361 2503 4416 enim
2529 4362 2697 4430 magis
2718 4364 3044 4433 oppugnabit
3073 4374 3125 4420 te
3155 4366 3340 4433 frater,
3376 4379 3523 4426 tanto
3552 4375 3726 4444 major

2140 4453 2243 4507 erit
2270 4466 2498 4507 merces.
2532 4453 2665 4506 Audi
2696 4455 3010 4523 prophetam
3038 4454 3328 4523 dicentem,
3357 4458 3484 4514 Cum
3526 4464 3607 4528 iis,
3637 4468 3729 4536 qui

2140 4542 2351 4595 oderunt
2381 4559 2577 4613 pacem,
2618 4558 2755 4595 eram
2798 4545 3041 4614 paciﬁcus
3082 4546 3101 4615 (
3123 4546 3269 4603 Psal.
3318 4551 3438 4606 H9.
3473 4552 3576 4624 7).
3610 4555 3736 4612 Hoc-

2138 4636 2310 4691 virtus
2333 4644 2437 4701 est,
2465 4634 2567 4689 hoc
2590 4635 2819 4689 humana
2843 4637 3248 4695 ratiocinatione
3276 4642 3468 4712 majus,
3493 4644 3597 4701 hoc
3624 4663 3724 4704 nos

2138 4745 2307 4803 prope
2338 4730 2505 4785 Deum
2533 4730 2700 4799 ponit.

2209 4822 2528 4887 Iniuriarum
2545 4821 2727 4876 oblivio
2743 4822 3135 4877 commendatur.
3151 4855 3221 4863 —
3232 4824 3370 4880 Nihil
3386 4843 3535 4897 atque
3554 4830 3718 4886 Deum

2138 4915 2388 4980 lietiﬁcat,
2412 4923 2570 4983 atque
2600 4913 2907 4983 injuriarum
2927 4915 3292 4972 immemorem
3310 4932 3429 4972 esse
3455 4938 3466 4973 :
3492 4920 3595 4975 hoc
3622 4932 3670 4977 te
3686 4938 3721 4978 a

2139 5011 2369 5079 peccatis
2397 5008 2608 5073 liberat,
2654 5008 2756 5062 hoc
2781 5007 2923 5062 delet
2963 5009 3186 5062 crimina
3223 5027 3236 5062 :
3270 5012 3408 5080 quod
3437 5015 3480 5067 si
3514 5030 3714 5084 pugne-

2137 5116 2257 5156 mus
2302 5116 2365 5155 ac
2403 5100 2687 5165 lnetemur,
2727 5100 2883 5169 longe
2927 5115 2956 5152 a
3002 5101 3112 5155 Deo
3150 5103 3377 5156 abimus.
3420 5104 3498 5157 Ex
3544 5122 3715 5175 pugna

2136 5195 2277 5250 enim
2324 5193 2616 5248 inimicitia:
2644 5196 2921 5256 oriuntur;
2955 5192 3259 5246 inimicitias
3304 5194 3547 5263 sequitur
3575 5197 3716 5266 inju-

2135 5289 2329 5342 riarum
2348 5287 2625 5340 memoria.
2646 5284 2843 5339 Excide
2865 5284 3119 5350 radicem,
3142 5294 3195 5339 et
3214 5299 3316 5339 non
3336 5300 3575 5356 erumpet
3597 5289 3712 5341 [νη-

2133 5391 2249 5435 ctus
2282 5398 2295 5433 :
2326 5381 2396 5433 ita
2447 5379 2715 5433 discemus
2762 5394 2846 5443 ea,
2893 5394 3012 5447 quae
3065 5378 3132 5432 ad
3180 5389 3496 5447 prtesentem
3547 5381 3711 5437 vitam

2135 5472 2423 5541 pertinent,
2456 5470 2756 5540 deSpicere.
2778 5469 2894 5524 Non
2922 5470 3063 5523 enim
3094 5479 3197 5534 est,
3229 5485 3335 5523 non
3363 5480 3446 5524 est
3470 5473 3520 5524 in
3550 5474 3718 5529 rebus

2133 5564 2498 5634 spiritualibus
2531 5578 2740 5633 pugna;
2789 5561 2882 5615 sed
2926 5560 3183 5631 quidquid
3229 5561 3491 5630 ejusmodi
3531 5565 3721 5622 videas

2132 5658 2348 5723 exoriri,
2375 5658 2457 5712 vel
2491 5671 2694 5727 pugnas
2720 5656 2802 5710 vel
2848 5654 3122 5719 invidiam,
3154 5654 3267 5710 sive
3307 5656 3518 5726 quidvis
3542 5659 3721 5727 aliud,

2131 5768 2308 5808 rerum
2337 5751 2404 5805 ad
2436 5751 2572 5805 hanc
2591 5750 2752 5804 vitam
2776 5749 3154 5819 pertinentium
3187 5764 3348 5805 causa
3372 5754 3705 5810 exoriuntur.

2132 5847 2259 5903 Nam
2291 5845 2373 5901 vel
2400 5845 2466 5901 ab
2501 5844 2659 5899 alieni
2700 5842 3012 5913 cupiditate,
3044 5842 3125 5899 vel
3170 5842 3239 5898 ab
3269 5842 3487 5914 invidia,
3531 5847 3617 5903 vel
3643 5848 3721 5904 ah
