4108 6410
420 394 526 450 287

421 512 599 566 inanis
645 513 828 584 gloriae
880 514 1057 569 studio
1109 514 1316 570 initium
1368 518 1531 571 sumit
1575 517 1748 571 omnis
1798 528 1994 584 pugna.

421 605 599 671 Quare
643 608 687 659 si
721 622 900 672 pacem
942 610 1362 673 servaverimus,
1407 619 1616 664 terrena
1661 609 1821 664 etiam
1864 622 1997 662 con-

421 704 659 751 temnere
687 695 975 752 discemus.
1017 699 1226 767 Eripuit
1267 701 1388 769 quis
1414 700 1704 769 pecunias?
1732 699 1837 754 Sed
1867 698 1997 752 nihil

419 784 575 851 hesit,
625 785 857 856 inquies,
901 788 1191 843 dummodo
1230 803 1452 859 superas
1497 790 1616 843 illas
1667 789 1876 843 divitias
1929 804 1997 844 ne

418 877 626 945 eripiat.
656 877 933 948 impedivit
970 880 1195 950 gloriam
1224 882 1408 935 tuam?
1454 883 1523 935 At
1564 897 1670 935 non
1708 896 1847 946 eam,
1875 896 1994 949 quae

419 967 555 1035 apud
584 969 749 1023 Deum
781 980 883 1036 est,
931 971 1023 1025 sed
1055 970 1195 1026 hanc
1242 972 1440 1028 nullius
1467 973 1622 1040 pretii
1657 992 1671 1027 :
1703 988 1805 1026 non
1852 973 1995 1027 enim

417 1060 532 1115 haec
559 1062 725 1130 gloria
752 1071 853 1125 est,
885 1063 979 1117 sed
1002 1080 1195 1119 nomen
1222 1066 1430 1134 gloriae,
1457 1080 1519 1119 ac
1545 1066 1718 1134 potius
1748 1064 1995 1119 obscuri-

417 1159 519 1205 tas.
551 1153 758 1222 Eripuit
800 1155 893 1209 tibi
938 1155 1242 1210 honorem?
1285 1156 1397 1211 lmo
1445 1174 1551 1212 nun
1596 1158 1713 1223 tibi,
1761 1156 1855 1212 sed
1893 1156 1996 1211 sibi

416 1241 536 1309 ipsi.
580 1243 715 1298 Nam
760 1245 901 1301 sicut
944 1247 1033 1316 qui
1080 1246 1327 1316 injuriam
1366 1246 1513 1313 facit,
1565 1264 1670 1302 non
1715 1248 1857 1313 facit,
1898 1247 1995 1303 sed

413 1334 607 1404 accipit
632 1353 645 1389 :
670 1337 740 1390 ita
770 1338 857 1406 qui
888 1338 1131 1405 proximo
1162 1338 1380 1393 insidias
1410 1346 1583 1410 parat,
1627 1339 1861 1407 scipsum
1884 1337 1995 1407 pri-

413 1440 560 1479 mum
611 1427 781 1493 perdit
820 1427 1009 1497 (Eccli.
1046 1429 1128 1482 10.
1161 1428 1216 1499 8)
1250 1446 1262 1481 :
1300 1445 1421 1482 nam
1459 1430 1548 1499 qui
1578 1429 1710 1483 fodit
1754 1429 1993 1499 proximo

411 1531 509 1570 suo
540 1517 767 1584 foveam,
813 1520 863 1573 in
910 1521 1079 1589 ipsam
1107 1522 1311 1575 incidit.
1355 1521 1494 1591 Ergo
1540 1537 1644 1575 non
1678 1522 1993 1576 insidiemur

410 1606 589 1672 alteri,
620 1617 677 1661 ut
718 1624 785 1663 ne
814 1610 969 1665 nobis
998 1610 1096 1679 ipsi
1129 1626 1451 1676 noceamus;
1483 1628 1602 1667 cum
1640 1613 1858 1667 alterius
1877 1614 1994 1682 glo-

410 1698 543 1751 riam
570 1699 988 1769 intcrvertimus,
1020 1702 1316 1772 cogitemus
1342 1719 1439 1757 nos
1462 1706 1605 1772 ipsos
1633 1719 1771 1768 esse,
1796 1705 1992 1775 quibus

409 1807 697 1846 noceamus
736 1804 895 1863 atque
923 1795 1143 1849 insidias
1176 1795 1476 1850 tendamus.
1507 1796 1639 1849 Nam
1672 1797 1719 1850 ei
1751 1796 1987 1865 quidem,

410 1883 453 1937 si
483 1898 581 1937 nos
610 1884 729 1953 plus
752 1885 1099 1953 potuerimus,
1122 1887 1263 1957 apud
1292 1888 1535 1943 homines
1572 1888 1799 1943 fortasse
1831 1904 1991 1943 uoce-

409 1989 558 2040 mus;
602 1989 700 2028 nos
727 1986 903 2029 autem
934 1977 1077 2046 ipsos
1124 1977 1266 2048 apud
1308 1979 1475 2032 Deum
1503 1979 1764 2043 laedimus,
1816 1981 1990 2050 ipsum

1131 393 1189 450 S.
1228 394 1507 453 JOANNIS
1541 390 2013 453 ClillYSOSTOMl
2051 390 2363 446 ARClllEP.
2404 390 2933 448 CONSTANTINOP.

3576 402 3683 460 283

2110 510 2401 564 irritantes.
2445 510 2625 581 Itaque
2654 526 2760 566 non
2787 511 2940 567 nobis
2969 512 3098 583 ipsis
3136 528 3441 573 noceamus.
3466 516 3600 575 Nam
3630 532 3683 576 ut

2106 599 2353 669 injuriam
2371 601 2610 669 proximo
2631 601 2907 667 facientes,
2933 605 3087 659 nobis
3112 605 3484 673 ipsisfacimus
3504 628 3517 663 :
3536 611 3609 666 ita
3634 615 3683 667 ei

2104 689 2530 755 benefacientcs,
2581 692 2736 747 nobis
2791 693 2921 762 ipsis
2968 695 3353 753 benefacimus.
3401 700 3533 755 Cum
3587 697 3683 759 [ibi

2104 780 2357 836 damnum
2379 784 2555 837 attulit
2584 783 2851 851 inimicus,
2875 787 3115 855 cogitans
3140 786 3456 845 beneficium
3486 793 3676 861 potius,

2105 875 2150 926 si
2184 875 2377 943 sapias,
2413 875 2505 929 tibi
2533 876 2843 944 contulisse,
2878 892 2990 931 non
3017 877 3175 933 modo
3198 895 3294 950 par
3325 882 3398 936 illi
3425 883 3678 943 damnum

2104 981 2211 1020 non
2239 966 2453 1032 inferes,
2476 968 2568 1023 sed
2594 970 2751 1023 etiam
2776 969 3094 1027 benefacies.
3120 975 3193 1026 At
3214 984 3413 1040 manet,
3446 977 3676 1048 inquies,

2102 1059 2449 1115 vehementer
2499 1060 2695 1116 inflicta
2740 1062 2913 1132 plaga.
2956 1062 3068 1118 Hoc
3122 1064 3284 1134 igitur
3328 1068 3522 1137 cogita,
3572 1085 3679 1124 non

2104 1151 2250 1205 illum
2285 1166 2406 1206 esse
2432 1152 2516 1207 cui
2545 1153 2867 1219 benefacias,
2913 1155 3007 1209 sed
3035 1156 3211 1224 potius
3240 1156 3309 1212 de
3347 1158 3438 1213 illo
3465 1159 3680 1229 quidem

2104 1249 2155 1295 te
2181 1243 2496 1313 supplicium
2528 1258 2762 1308 sumere,
2804 1244 2898 1298 tibi
2932 1260 3060 1300 vero
3091 1247 3425 1315 benefacere,
3471 1265 3536 1306 ac
3572 1252 3680 1306 cito

2102 1330 2208 1386 huc
2252 1332 2557 1397 adduceris,
2600 1342 2659 1388 ut
2702 1333 3026 1390 benefacias.
3053 1336 3191 1404 Quid
3222 1338 3419 1408 igitur?
3447 1340 3681 1399 istumne

2102 1424 2159 1478 in
2186 1423 2568 1479 benefaciendo
2608 1439 2827 1494 scopum
2858 1441 3158 1495 proponere
3204 1428 3298 1483 tibi
3324 1428 3533 1485 debes?
3559 1431 3675 1487 Non

2101 1531 2233 1571 sane
2277 1516 2473 1580 istum;
2520 1516 2614 1571 sed
2653 1517 2870 1587 quando
2908 1532 3005 1573 cor
3034 1529 3179 1573 tuum
3216 1520 3372 1576 aliter
3396 1522 3537 1578 ﬂecti
3572 1542 3677 1580 non

2101 1616 2297 1678 potest,
2328 1607 2411 1662 vel
2443 1607 2544 1661 hac
2568 1609 2776 1663 ratione
2802 1608 2975 1677 ipsum
3001 1609 3272 1675 adducito,
3303 1626 3367 1666 ac
3399 1612 3547 1668 brevi
3576 1616 3677 1685 ipsi

2099 1700 2446 1770 persuadebis
2472 1700 2740 1770 deponere
2782 1702 3132 1771 simultatem,
3175 1712 3231 1759 et
3275 1704 3489 1761 inimico
3528 1720 3677 1777 post-

2099 1794 2221 1861 hac,
2272 1802 2541 1863 tamquam
2583 1793 2756 1849 amieo
2796 1792 3123 1861 benefacies,
3166 1804 3225 1851 et
3269 1796 3443 1852 futura
3483 1815 3677 1855 conse-

2099 1887 2281 1957 queris
2320 1886 2458 1940 bona
2485 1902 2498 1940 :
2524 1886 2718 1955 quibus
2748 1886 2946 1941 utinam
2972 1901 3070 1942 nos
3116 1901 3305 1943 omnes
3332 1888 3591 1956 fruamur,
3623 1892 3675 1947 in

2096 1979 2309 2034 Christo
2333 1978 2480 2043 Jesu,
2504 1988 2605 2032 etc.

1856 2144 2196 2245 HOMILIA
2231 2184 2372 2243 xv.

407 2307 532 2363 Car.
590 2311 642 2363 4.
691 2325 743 2363 v.
792 2310 878 2363 10.
921 2307 1133 2362 Gavisus
1159 2325 1271 2362 sum
1296 2310 1349 2361 in
1398 2307 1615 2361 Domino
1644 2307 1981 2373 vehementer,

477 2403 715 2471 quoniam
744 2402 1017 2471 aliquando
1062 2400 1264 2454 tandem
1293 2400 1594 2470 reﬂoruistis
1633 2416 1725 2469 pro
1755 2416 1834 2451 me
1872 2416 1987 2453 sen-

478 2498 604 2559 tire,
633 2497 761 2548 sicut
794 2504 841 2547 et
864 2494 1179 2557 sentiebatis,
1218 2494 1449 2560 occupati
1485 2501 1654 2544 autem
1696 2493 1864 2544 eratis.
1898 2492 1983 2545 11.

479 2585 599 2639 Νοη
623 2586 767 2654 quasi
795 2595 999 2655 propter
1030 2585 1290 2653 penuriam
1333 2585 1446 2637 dico
1476 2599 1493 2636 :
1518 2600 1608 2653 ego
1653 2584 1784 2636 enim
1812 2582 1985 2646 didici,

476 2678 529 2730 in
559 2678 734 2747 quibus
754 2694 885 2742 sum,
912 2677 1157 2747 suﬁiciens
1185 2692 1310 2729 esse.
1344 2675 1429 2730 12.
1479 2674 1601 2730 Scio
1632 2684 1678 2727 et
1708 2674 1985 2739 humiliari,

477 2771 581 2823 scio
624 2778 671 2823 et
713 2769 1014 2833 abundare;
1061 2768 1243 2838 ubique
1271 2777 1318 2821 et
1357 2768 1409 2819 in
1457 2765 1688 2820 omnibus
1735 2766 1989 2820 institutus

481 2880 593 2917 sum
616 2901 630 2926 ,
659 2872 706 2915 et
732 2862 909 2914 satiari
932 2871 978 2914 et
1021 2861 1243 2921 esurire,
1292 2868 1339 2911 et
1372 2857 1630 2911 abundare
1654 2867 1699 2911 et
1731 2858 1990 2926 penuriam

483 2960 636 3027 pati:
681 2957 765 3010 15.
798 2955 969 3008 omnia
1019 2969 1222 3022 possum
1253 2952 1304 3004 in
1348 2967 1426 3017 eo,
1456 2951 1539 3019 qui
1592 2966 1669 3003 me
1715 2952 1987 3019 confortat,

480 3050 699 3103 Christo.
734 3048 818 3102 H.
862 3046 1208 3099 Verumtamen
1236 3042 1546 3113 benefecistis
1568 3083 1583 3107 ,
1614 3040 1989 3095 communican-

480 3150 550 3192 tes
581 3139 644 3189 tri
651 3136 893 3189 bulationi
922 3150 1068 3188 meaz.

482 3234 536 3286 1.
581 3230 914 3300 Eleemosyna
938 3244 1038 3282 non
1064 3227 1437 3297 accipientium,
1468 3226 1556 3280 sed
1585 3226 1815 3279 dantium
1840 3242 1993 3278 causa

409 3325 617 3379 inducta
644 3323 847 3393 fuit.—
873 3322 1028 3389 Saepe
1075 3319 1183 3372 dixi
1214 3319 1648 3388 eleemosynam,
1694 3332 1799 3370 non
1847 3317 1991 3371 acci-

411 3416 690 3486 pientium,
716 3412 807 3467 sed
838 3410 1076 3465 dantium
1105 3425 1264 3463 causa
1296 3409 1650 3463 introductam
1683 3424 1839 3463 esse:
1871 3423 1991 3461 nam

412 3508 488 3563 illi
537 3515 702 3570 sunt,
731 3505 820 3575 qui
867 3504 1156 3557 maximum
1205 3510 1469 3571 quarstum
1524 3500 1743 3554 faciunt.
1790 3501 1901 3555 Hoc
1941 3510 1993 3555 et

415 3614 557 3653 nunc
598 3595 832 3651 ostendit
871 3594 1087 3649 Paulus.
1131 3591 1446 3660 Quomodo?
1487 3590 1739 3646 Miserant
1776 3590 1842 3645 ad
1871 3607 1994 3646 eum

412 3689 655 3759 quaedam
705 3688 862 3756 longo
909 3684 1191 3739 intervallo
1221 3684 1626 3753 Philippenses,
1667 3697 1837 3752 eaque
1882 3682 1994 3751 ipsa

413 3779 782 3851 Epaphrodito
829 3778 895 3832 ad
944 3776 1122 3846 ipsum
1164 3775 1480 3846 perferenda
1524 3772 1798 3828 dederant.
1832 3773 1996 3827 Istum

416 3874 580 3942 igitur
609 3886 729 3925 cum
754 3869 854 3923 hac
881 3867 1104 3938 epistola
1137 3866 1477 3929 remissurus,
1501 3864 1623 3919 vide
1648 3863 1917 3934 quomodo
1944 3873 1999 3918 et

414 3967 560 4032 ipsos
586 3960 801 4023 laudet,
839 3966 895 4013 et
920 3956 1166 4012 ostendat
1191 3971 1294 4010 non
1341 3964 1446 4008 tam
1476 3954 1543 4008 ad
1583 3954 1956 4025 accipientium
1979 3996 1994 4020 ,

413 4069 574 4124 quam
610 4052 676 4106 ad
704 4051 942 4106 dantium
973 4049 1252 4103 utilitatem
1280 4047 1331 4101 id
1362 4046 1713 4102 redundasse.
1747 4046 1858 4101 Hoc
1898 4062 1997 4099 au-

415 4158 524 4201 tem
553 4146 697 4210 facit,
730 4154 788 4198 ut
814 4157 987 4212 neque
1013 4141 1100 4211 qui
1127 4140 1463 4195 benefaciunt
1488 4140 1539 4192 in
1566 4137 1867 4207 superbiam
1899 4153 1997 4193 ex-

416 4236 693 4302 tollantur,
741 4233 835 4288 sed
883 4231 951 4286 ad
1011 4229 1451 4285 benefaciendum
1500 4228 1787 4282 alacriores
1832 4227 1995 4292 ﬁant,

415 4330 614 4400 quippe
640 4341 763 4382 cum
785 4340 844 4380 sc
875 4324 1020 4394 ipsos
1045 4321 1214 4393 magis
1239 4322 1427 4391 juvent
1451 4338 1463 4373 :
1497 4330 1551 4374 et
1579 4320 1667 4389 qui
1694 4319 1996 4388 accipiunt,

421 4435 525 4474 non
557 4420 782 4473 licenter
810 4422 1129 4486 procurrant
1154 4412 1220 4467 ad
1250 4410 1639 4481 accipiendum,
1681 4419 1739 4464 ut
1766 4426 1835 4465 ne
1855 4410 2000 4479 judi-

418 4512 564 4567 cium
600 4510 863 4578 accipiant
895 4525 907 4561 :
942 4506 1152 4560 Beatum
1197 4504 1358 4568 enim,
1392 4502 1583 4572 inquit,
1613 4515 1685 4556 est
1713 4503 1874 4573 magis
1903 4504 2001 4555 da-

418 4621 494 4668 re,
525 4620 676 4672 quam
706 4602 935 4668 accipere
965 4599 1098 4671 (Act.
1125 4598 1216 4652 20.
1250 4598 1362 4667 55).
1391 4596 1528 4664 Quid
1555 4612 1684 4666 ergo
1714 4596 1997 4665 significat,

420 4695 546 4749 dum
577 4692 727 4757 dicit,
758 4691 972 4745 Gauisus
1000 4706 1111 4743 sum
1131 4697 1296 4741 autem
1317 4689 1371 4742 in
1396 4686 1614 4740 Domino
1655 4688 2003 4742 vehementer?

421 4787 538 4842 Non
570 4784 777 4851 mundi,
827 4783 1015 4853 inquit,
1040 4791 1199 4851 atque
1226 4780 1384 4849 hujus
1425 4780 1548 4833 vita:
1594 4794 1743 4834 more
1787 4779 2003 4849 gavisus

421 4895 562 4943 sum,
593 4875 687 4931 sed
718 4876 768 4929 in
797 4875 1040 4938 Domino,
1064 4889 1169 4926 non
1196 4874 1446 4943 quoniam
1477 4886 1577 4941 ego
1597 4872 1876 4940 respiravi,
1908 4871 2002 4926 sed

422 4968 672 5039 quoniam
702 4981 797 5021 vos
832 4963 1181 5036 profecistis:
1236 4962 1350 5017 haec
1395 4963 1538 5017 enim
1582 4977 1699 5016 mea
1742 4965 2003 5017 recreatio

427 5071 530 5118 est.
561 5062 849 5132 Propterea
896 5058 1055 5112 etiam
1097 5055 1299 5125 inquit,
1338 5054 1710 5109 Vehementer:
1752 5056 2003 5126 quoniam

425 5171 533 5209 non
564 5161 681 5207 erat
706 5164 1024 5220 corporeum
1052 5148 1339 5217 gaudium,
1369 5162 1542 5217 neque
1588 5163 1685 5217 pro
1710 5163 1803 5202 sua
1835 5148 2003 5217 ipsius

424 5246 760 5303 recreatione
788 5240 1082 5313 gaudebat,
1129 5239 1223 5294 sed
1258 5256 1353 5309 pro
1387 5239 1603 5295 illorum
1634 5242 1898 5310 profectu.
1940 5242 2006 5296 Et

424 5340 567 5403 vide,
598 5336 863 5407 quomodo
893 5350 1011 5389 cum
1044 5333 1164 5387 illos
1190 5333 1429 5387 nonnihil
1466 5333 1534 5387 de
1565 5333 1834 5403 praeterito
1865 5343 2002 5387 tem-

428 5446 559 5500 pore
588 5429 937 5498 objurgasset,
968 5424 1220 5480 continuo
1248 5423 1302 5478 id
1331 5425 1707 5491 occultaverit,
1735 5425 2002 5480 condoce—

427 5522 628 5578 faciens
650 5520 862 5575 assidue
885 5528 940 5573 et
983 5526 1242 5587 perpetuo
1270 5518 1472 5571 versari
1501 5518 1553 5571 in
1596 5515 2001 5572 benefaciendo.

434 5615 683 5682 Quoniam
706 5614 907 5667 tandem
934 5611 1228 5681 aliquando,
1259 5609 1447 5679 inquit.
1479 5609 1633 5678 Illud,
1652 5609 1883 5664 Tandem
1904 5610 2005 5664 ali-

429 5706 664 5777 quando,
689 5706 905 5774 longmn
946 5712 1157 5771 tempus
1193 5700 1476 5755 indicantis
1504 5710 1605 5755 est.
1651 5700 2002 5771 Re/loruistis,

430 5799 579 5869 quasi
609 5797 675 5851 de
701 5796 978 5852 arboribus
1020 5792 1462 5864 germinantibus,
1504 5792 1697 5847 deinde
1737 5792 2001 5859 arefactis,

438 5908 501 5949 ac
525 5906 705 5947 rursus
735 5887 1173 5961 germinantibus.
1206 5886 1318 5944 lloc
1345 5901 1470 5944 vero
1492 5885 1771 5944 indicantis
1800 5895 1900 5955 est,
1933 5887 1997 5943 il-

2098 2306 2180 2361 los
2211 2320 2331 2359 cum
2358 2315 2514 2359 antea
2535 2294 2813 2370 ﬂorerent,
2844 2320 2907 2360 ac
2936 2317 3120 2376 postea
3149 2307 3676 2375 extabuissent,run-

2093 2412 2186 2452 sus
2211 2397 2393 2465 vigere
2440 2411 2503 2450 ac
2543 2397 2844 2465 germinare
2879 2398 3109 2467 cmpisse
3142 2418 3153 2451 :
3182 2402 3525 2467 quamobrem
3571 2419 3673 2460 vox

2094 2489 2211 2553 ista,
2244 2489 2590 2559 Rcﬂoruistis,
2621 2498 2675 2544 et
2695 2488 3121 2562 objurgationem
3150 2503 3204 2547 et
3231 2493 3440 2548 laudem
3472 2495 3669 2551 habet:

2094 2598 2202 2636 non
2229 2582 2371 2636 enim
2404 2597 2590 2651 parum
2616 2592 2721 2649 est,
2752 2599 2872 2638 cum
2903 2585 3230 2652 exlabueris,
3258 2586 3531 2643 reﬂorere.
3564 2590 3674 2644 To-

2094 2681 2203 2726 tum
2234 2688 2361 2727 vero
2410 2673 2463 2727 id
2492 2689 2556 2728 ex
2587 2675 2910 2744 negligentia
2961 2676 3066 2731 illis
3112 2678 3371 2734 accidisse
3415 2680 3669 2735 ostendit.

2095 2765 2203 2820 Pro
2226 2783 2304 2819 me
2345 2767 2560 2832 sentire,
2588 2766 2718 2820 sicut
2747 2776 2795 2821 et
2820 2768 3128 2825 sentiebatis.
3166 2770 3260 2823 Hic
3286 2772 3519 2826 ostendit
3546 2787 3673 2827 con—

2098 2872 2285 2911 suesse
2316 2857 2437 2910 illos
2461 2858 2511 2910 in
2538 2857 2841 2926 hujusmodi
2866 2858 3026 2912 rebus
3049 2859 3337 2915 liberaliter
3357 2878 3415 2916 se
3440 2878 3625 2933 gerere
3656 2882 3670 2916 :

2092 2957 2379 3017 propterea
2409 2948 2557 3001 addit
2582 2965 2595 3001 :
2628 2946 2736 3001 Pro
2763 2965 2841 3002 me
2880 2951 3063 3004 sentire
3088 2993 3102 3016 ,
3137 2952 3263 3005 sicut
3294 2962 3341 3006 et
3368 2954 3671 3009 sentiebatis.

2094 3039 2171 3092 Ac
2194 3054 2261 3093 ne
2290 3048 2441 3108 putes
2470 3040 2613 3107 ipsos
2641 3040 2801 3093 etiam
2828 3040 3038 3094 caneris
3061 3040 3112 3095 in
3138 3043 3320 3108 rebus,
3348 3058 3467 3097 cum
3490 3054 3672 3113 prom-

2096 3133 2301 3203 ptiores
2331 3143 2529 3199 essent,
2566 3142 2751 3203 postea
2796 3134 3133 3201 extabuisse,
3179 3137 3272 3192 sed
3303 3138 3352 3191 in
3385 3139 3483 3192 hac
3517 3138 3628 3193 sola
3652 3179 3671 3205 ,

2097 3226 2218 3280 vide
2250 3241 2407 3295 quam
2438 3235 2608 3290 cavet,
2640 3226 2710 3279 ita
2739 3226 2925 3281 dicens
2958 3244 2971 3279 :
3012 3227 3241 3281 Tandem
3283 3229 3555 3300 aliquando
3594 3247 3673 3283 re-

2096 3317 2337 3386 ﬂoruistis
2362 3333 2454 3388 pro
2484 3334 2560 3370 me
2580 3318 2784 3371 sentire.
2815 3317 3045 3373 Perinde
3070 3334 3131 3374 ac
3162 3320 3203 3373 si
3230 3320 3451 3386 diceret,
3481 3322 3554 3376 De
3575 3321 3677 3377 hac

2098 3408 2209 3461 sola
2242 3422 2299 3462 re
2330 3407 2480 3471 illud,
2513 3408 2800 3473 Aliquando
2828 3412 3052 3477 tandem,
3097 3411 3265 3480 accipi
3294 3413 3453 3478 volo;
3486 3413 3537 3466 in
3566 3429 3674 3467 ca:-

2098 3502 2225 3555 teris
2253 3503 2395 3555 enim
2426 3502 2586 3555 rebus
2628 3517 2733 3555 non
2766 3501 2855 3555 ita.
2889 3502 2995 3556 Sed
3040 3515 3243 3572 quaeret
3290 3506 3375 3560 hic
3412 3506 3673 3577 quispiam

2098 3608 2194 3647 cur
2222 3594 2311 3662 qui
2342 3592 2491 3658 dicit,
2524 3592 2739 3646 Beatum
2764 3601 2836 3647 est
2862 3596 3022 3665 magis
3046 3596 3189 3662 dare,
3217 3614 3367 3667 quam
3410 3600 3677 3668 accipere;

2098 3690 2185 3745 et,
2221 3684 2473 3750 Quoniam
2515 3683 2583 3735 ad
2613 3700 2670 3737 ea
2699 3700 2812 3749 qua:
2854 3686 2979 3737 mihi
3022 3702 3150 3753 apus
3179 3697 3356 3750 erant,
3406 3701 3454 3741 et
3482 3689 3545 3743 iis
3589 3692 3676 3758 qui

2100 3790 2293 3827 mecum
2321 3782 2455 3838 sunt,
2490 3775 2894 3827 ministraverunt
2924 3791 3102 3829 manus
3123 3792 3246 3829 mea:
3266 3775 3401 3845 (Act.
3432 3777 3524 3832 20.
3546 3779 3633 3845 51)
3657 3795 3683 3843 ;.

2099 3875 2156 3922 et
2194 3881 2380 3922 rursus
2423 3866 2487 3921 ad
2533 3866 2839 3922 Corinthios
2878 3868 3151 3933 scribens,
3189 3867 3388 3922 Bonum
3425 3880 3498 3924 est
3543 3873 3677 3925 enim

2102 3959 2227 4012 mihi
2252 3960 2414 4029 magis
2443 3960 2592 4024 mori,
2624 3976 2776 4029 quam
2805 3970 2858 4013 ut
2897 3961 3113 4031 gloriam
3140 3978 3300 4014 meam
3326 3963 3439 4033 quis
3469 3973 3687 4017 evacuet

2102 4050 2181 4117 (1.
2213 4048 2330 4103 Cor.
2361 4050 2416 4104 9.
2449 4050 2570 4116 15);
2604 4064 2744 4103 nunc
2782 4064 2890 4104 non
2917 4059 3067 4104 curet
3088 4050 3311 4121 gloriam
3343 4055 3495 4106 istam
3525 4069 3675 4107 suam

2102 4143 2369 4207 cvacuari,
2399 4152 2454 4197 et
2492 4142 2557 4196 ad
2585 4142 2809 4196 nihilum
2853 4143 3111 4197 recidere.
3146 4143 3465 4209 Quomodo?
3515 4144 3689 4198 Nimi-.

2103 4251 2221 4290 rum
2242 4277 2257 4302 ,
2289 4234 2412 4288 dum
2445 4234 2669 4304 accepit.
2702 4234 2833 4289 Nam
2860 4236 2904 4290 si
2935 4235 3098 4305 gloria
3118 4277 3133 4302 ,
3164 4217 3392 4307 inquit,
3416 4253 3530 4292 mea
3564 4238 3679 4293 haec

2103 4334 2206 4391 est,
2258 4325 2390 4379 nihil
2438 4326 2701 4394 accipere,
2750 4326 3017 4395 quomodo
3060 4343 3201 4383 nunc
3248 4343 3313 4382 eo
3356 4328 3679 4383 adducitur?

2104 4418 2239 4484 Quid
2259 4433 2387 4488 ergo
2414 4417 2697 4472 dicendum
2724 4419 2841 4472 est?
2870 4418 2941 4472 Ibi
2961 4417 3081 4487 jure
3107 4419 3309 4487 optimo
3330 4436 3434 4474 non
3455 4422 3681 4490 accipie-

2106 4509 2196 4563 bat
2248 4510 2781 4579 pseudapostolorum
2824 4525 3006 4575 causa,
3042 4508 3109 4565 Ut
3150 4512 3205 4564 in
3246 4513 3677 4583 quo_gloriantur,

2107 4601 2295 4670 inquit,
2320 4602 2655 4664 inveniantur,
2687 4602 2811 4655 sicut
2837 4611 2883 4654 et
2917 4618 3009 4655 nos
3041 4602 3116 4671 (‘2.
3150 4602 3269 4657 Cor.
3302 4580 3395 4657 11..
3423 4604 3533 4673 12).
3564 4604 3679 4659 Non

2108 4691 2263 4752 dixit,
2289 4691 2443 4754 Sunt,
2473 4692 2586 4757 sed,
2620 4692 2939 4756 Gloriantur;
2966 4694 3089 4747 hinc
3115 4695 3404 4750 ostendens
3431 4696 3549 4750 illos
3588 4713 3680 4750 ac-

2107 4784 2287 4852 cipere
2313 4783 2527 4852 quidem
2557 4784 2765 4847 solitos,
2797 4784 2890 4838 sed
2920 4786 3055 4837 clam
3087 4802 3098 4835 :
3132 4795 3411 4854 propterea
3434 4786 3586 4851 dixit,
3616 4786 3683 4841 In

2107 4891 2204 4945 quo
2225 4874 2527 4945 gloriantur.
2551 4874 2857 4944 Accipiebat
2885 4888 3059 4929 autem
3088 4884 3143 4930 et
3170 4878 3302 4945 ipse,
3338 4880 3547 4933 tametsi
3576 4896 3682 4933 non

2108 4966 2180 5021 ibi
2212 4986 2224 5020 :
2260 4977 2538 5035 prepterca
2571 4968 2797 5035 ipsemet
2824 4966 3054 5032 dicebat,
3095 4966 3217 5021 Non
3251 4970 3556 5040 infringetur
3574 4972 3685 5041 glo-

2107 5059 2258 5113 riatio
2290 5074 2401 5111 mea
2425 5056 2587 5126 (Ibid.
2614 5074 2661 5111 υ.
2687 5058 2801 5129 10).
2834 5059 2901 5112 Et
2927 5073 3029 5113 non
3053 5059 3224 5113 solum
3252 5060 3404 5126 dixit,
3434 5060 3554 5115 Non
3600 5063 3683 5115 iu-

2112 5154 2376 5225 fringetur,
2407 5150 2502 5205 sed
2532 5150 2749 5219 exponit
2773 5151 2934 5205 etiam
2962 5150 3073 5216 ubi,
3106 5151 3288 5205 dicens
3322 5170 3334 5205 :
3363 5150 3430 5205 In
3458 5152 3680 5224 regioni-

2109 5243 2201 5297 bus
2230 5242 2469 5307 Acltaite;
2499 5251 2553 5296 et
2573 5256 2775 5303 rursus,
2808 5240 2950 5295 Alias
2978 5241 3232 5295 Ecclesius
3259 5242 3561 5310 exspoliavi,
3589 5259 3682 5296 ac-

2109 5334 2297 5404 cipiens
2325 5332 2575 5402 stipendia
2604 5332 2671 5385 ad
2700 5332 3032 5386 ministerium
3081 5343 3298 5387 vestrum
3330 5332 3489 5404 (Ibid.
3521 5349 3569 5387 υ.
3598 5334 3678 5405 8).

2110 5424 2224 5480 Hoc
2251 5425 2391 5479 enim
2420 5425 2699 5479 indicantis
2725 5436 2827 5491 est,
2858 5440 2916 5480 se
2948 5425 3188 5495 accipere
3214 5426 3449 5479 solitum.
3489 5425 3681 5481 Verum

2110 5517 2306 5572 Paulus
2333 5517 2545 5586 quidem
2576 5518 2769 5571 merito
2799 5516 3113 5587 accipiebat,
3147 5526 3348 5571 tantum
3377 5518 3557 5588 operis
3583 5519 3680 5572 ha-

2109 5610 2241 5665 bens
2274 5627 2287 5663 :
2320 5608 2415 5663 sed
2456 5610 2546 5678 qui
2591 5609 2722 5663 nihil
2747 5619 2944 5679 agunt,
2984 5609 3249 5679 quomodo
3278 5618 3504 5679 possunt
3537 5609 3682 5664 acci-

2109 5700 2275 5770 pere?
2304 5700 2374 5753 At
2404 5714 2610 5769 preces,
2644 5700 2923 5769 inquiunt,
2974 5700 3157 5755 fundo.
3187 5700 3294 5755 Sed
3324 5715 3429 5755 non
3470 5701 3573 5757 hoc
3600 5709 3687 5756 est

2108 5810 2242 5863 opus
2274 5811 2288 5847 :
2331 5794 2455 5849 licet
2481 5793 2623 5848 enim
2656 5793 2705 5846 id
2734 5794 2897 5846 etiam
2928 5794 3087 5847 simul
3118 5809 3237 5847 cum
3281 5772 3445 5862 opere
3485 5794 3680 5847 facere.

2110 5887 2175 5942 At
2198 5886 2400 5957 jejuno.
2426 5885 2529 5942 Sed
2556 5899 2729 5955 neque
2757 5884 2854 5939 hoc
2874 5899 3004 5955 Opus
3026 5896 3126 5942 cSt.
3156 5884 3287 5941 Vide
3307 5884 3519 5941 beatum
3544 5884 3687 5939 hunc
