4148 6402
496 389 602 445 289

499 496 769 567 πολλαχοῦ
821 496 1182 566 κηρύττοντά,
1217 495 1310 549 καὶ
1340 493 1727 566 ἐργαζόμενον.
1781 492 2063 562 ’Πκαιρεῖ-

493 592 604 641 σθε
653 585 739 649 δὲ,
769 584 921 653 φησί.
954 584 1017 635 Τί
1051 585 1199 634 ἐστιν
1225 623 1239 646 ,
1276 582 1643 648 Ἠκαιρεῖσθε
1673 598 1692 645 ;
1728 581 1802 632 Οὐ
1828 581 1926 647 τῆς
1964 582 2061 648 ρᾳ-

495 672 694 743 θυμίας
718 669 892 740 ὑμῶν,
920 669 1108 739 φησὶν,
1139 669 1274 720 ἀλλά
1299 669 1400 737 τῆς
1433 668 1678 735 ἀνάγκης
1703 684 1716 697 ⁸
1758 668 1856 718 οὐκ
1887 667 2063 735 εἴχετε

492 764 551 813 ἐν
584 760 790 831 χερσὶν,
840 759 960 811 ούδέ
1015 761 1071 810 ἐν
1130 758 1360 828 ἀφθονίᾳ
1399 754 1497 827 ἦτε
1524 773 1539 787 ·
1562 756 1720 809 τοῦτο
1758 756 1868 825 γάρ
1896 757 2061 817 ἐστιν,

505 847 864 913 Ἠκαιρεῖσθε
900 842 986 896 δέ.
1035 844 1167 895 Ἀπὸ
1215 844 1313 913 τῆς
1363 843 1547 913 κοινῆς
1595 842 1725 895 αὐτὸ
1777 840 2064 909 συνηθείας

497 935 709 987 ἐλαϐεν.
752 932 906 985 Οῦτω
960 932 1065 1000 γὰρ
1109 933 1155 982 οἱ
1186 931 1403 993 πλείους
1428 931 1696 998 λέγουσιν,
1728 932 1853 982 ὃταν
1880 930 2063 992 αὐτοῖς

495 1022 572 1090 μὴ
606 1020 743 1090 μετά
774 1018 1034 1085 ἀφθονίας
1061 1018 1297 1087 ἐπιρρέῃ
1324 1018 1392 1069 τὰ
1423 1017 1651 1087 βιωτικά
1672 1058 1686 1079 ,
1718 1016 1829 1068 ἀλλ’
1859 1018 1915 1068 ἐν
1941 1032 2062 1067 στε-

490 1107 727 1177 νοχωρίᾳ
851 1107 973 1172 Οὐχ
1013 1105 1102 1156 ὅτι
1131 1106 1261 1157 καθ’
1290 1104 1626 1171 ὑστέρησιν
1666 1104 1836 1173 λέγω.
1872 1098 2060 1167 Εἶπον,

503 1194 689 1263 φησὶν,
737 1194 880 1259 Ἤδη
913 1191 1077 1255 ποτὲ,
1115 1194 1209 1243 καὶ
1246 1192 1576 1261 ἐπετίμησα,
1605 1190 1725 1260 οὐχὶ
1774 1190 1836 1242 τὸ
1888 1192 2060 1258 ἐμαυ-

488 1279 581 1330 τοῦ
639 1276 903 1349 ζητήσας,
928 1276 1051 1330 οὐδὲ
1080 1278 1169 1329 διὰ
1190 1274 1346 1329 τοῦτο
1374 1276 1745 1346 μεμφόμενος,
1784 1276 1859 1338 ὡς
1886 1276 1942 1327 ἐν
1974 1278 2062 1328 ἐν-

484 1366 603 1435 δείᾳ
628 1365 702 1418 ὢν
730 1381 743 1393 ·
776 1367 896 1418 ούδέ
948 1366 1053 1435 γὰρ
1086 1364 1173 1417 διὰ
1200 1364 1358 1417 τοῦτο
1387 1364 1633 1434 ἐζήτουν.
1665 1364 1837 1416 Πόθεν
1870 1363 2058 1434 δῆλον,

485 1455 565 1505 ὅτι
580 1454 639 1505 οὐ
666 1453 984 1522 κομπάζεις,
1001 1446 1044 1504 ὦ
1063 1450 1241 1503 Παῦλε
1267 1468 1280 1517 ;
1303 1451 1611 1520 Κορινθίοις
1627 1451 1724 1521 μὲν
1745 1446 1837 1503 οὖν
1863 1467 2023 1519 φησιν
2043 1467 2058 1481 ·

481 1543 565 1594 Οὐ
587 1541 696 1611 γὰρ
735 1540 892 1593 ἄλλα
907 1540 1207 1609 γράφομεν
1222 1540 1380 1607 ὑμῖν,
1400 1540 1538 1593 ἀλλ’
1554 1540 1592 1609 ἢ
1610 1538 2061 1608 ᾰάναγινώσκε-

484 1644 569 1693 τε,
585 1627 620 1693 ἢ
640 1627 736 1679 καὶ
751 1628 1190 1695 ἐπιγινώσκετε.
1211 1628 1317 1679 Καὶ
1335 1628 1426 1679 ἐπὶ
1441 1627 1643 1678 τούτων
1655 1627 1711 1679 δὲ
1721 1627 1818 1678 οὐκ
1830 1626 2058 1691 ἂν,ὦστε

487 1715 711 1775 ἁλῶναι,
741 1714 947 1781 ἔλεγεν.
980 1715 1092 1766 Ούκ
1116 1713 1200 1777 ἂν,
1227 1714 1279 1766 εἴ
1303 1730 1365 1780 γε
1392 1712 1692 1782 ἐκόμπαζε,
1710 1712 1882 1765 ταῦτα
1903 1709 2022 1765 εἷπε
2043 1728 2057 1741 ·

498 1802 651 1872 παρά
706 1801 813 1871 γὰρ
849 1802 1044 1853 εἰδόσιν
1088 1801 1261 1867 ἐλεγε,
1288 1802 1381 1853 καὶ
1422 1801 1618 1853 πλείων
1648 1797 1716 1871 ἦν
1752 1803 1783 1869 ἡ
1828 1801 2058 1870 αἰσχύνη

485 1890 711 1941 ἁλῶναι.
758 1888 899 1956 Ἐγὼ
939 1889 1049 1956 γὰρ
1078 1889 1302 1956 ἔμαθον
1320 1889 1389 1940 ἐν
1420 1886 1510 1954 οἷς
1537 1891 1672 1956 εἰμι,
1716 1890 1897 1957 φησὶν,
1921 1892 2059 1941 αὐτ-

485 1978 671 2044 άρκης
723 1972 895 2029 εἶναι.
935 1978 1075 2045 ’Λρα
1121 1974 1467 2037 διδασκαλίας
1532 1975 1648 2028 ἐστὶ
1698 1976 1759 2027 τὸ
1802 1978 2055 2047 πρᾶγμα,

487 2066 580 2116 καὶ
626 2062 933 2131 γυμνασίας
978 2064 1069 2114 καὶ
1117 2061 1366 2130 μελέτης.
1403 2063 1475 2114 Οὐ
1512 2061 1619 2132 γὰρ
1651 2062 2058 2133 εύκατόρθωτόν

486 2158 658 2217 ἐστιν,
687 2154 823 2207 ἀλλὰ
849 2155 941 2206 καὶ
979 2153 1183 2223 σφόδρα
1208 2153 1463 2205 δύσκολον
1492 2154 1583 2205 καὶ
1625 2153 1784 2205 πόνον
1813 2153 1934 2223 ἕχον
1957 2170 2056 2206 πο-

484 2240 599 2292 λύν.
655 2240 753 2293 Ἑν
794 2235 883 2306 οἶς
942 2242 1077 2309 εἰμι,
1110 2240 1292 2306 φησὶν,
1325 2239 1626 2306 αὐτάρκης
1682 2236 1857 2293 εἶναι.
1915 2236 2059 2293 Οἶδα

484 2330 585 2381 καὶ
618 2330 1069 2392 ταπεινοῦσθαι,
1100 2323 1234 2380 οἶδα
1257 2326 1355 2379 καί
1380 2328 1765 2393 περισσεύειν
1786 2343 1799 2355 ·
1823 2328 1892 2379 ἑν
1912 2342 2059 2379 παν-

484 2416 758 2468 τὶκαὶὲν
799 2415 947 2468 πᾶσι
1001 2417 1323 2484 μεμύημαι.
1369 2415 1654 2479 Τουτέστι,
1703 2416 1812 2467 Kal
1858 2415 2058 2482 ὀλίγοις

484 2504 783 2572 κεχρῆσθαι
823 2500 959 2565 οἶδα,
1012 2504 1105 2554 καὶ
1158 2501 1315 2571 λιμὸν
1363 2502 1549 2571 φέρειν
1583 2504 1675 2553 καὶ
1696 2502 1918 2554 ἔνδειαν.
1949 2503 2055 2555 Καὶ

483 2592 889 2659 περισσεύειν,
920 2590 1018 2643 καὶ
1056 2590 1458 2657 ὑστερεῖσθαι.
1510 2592 1637 2653 Ναὶ,
1675 2591 1839 2659 φησίν
1868 2605 1879 2618 ·
1915 2591 2059 2645 ἀλλά

480 2679 640 2731 τοῦτο
681 2681 779 2732 οὐκ
812 2679 958 2730 ἐστιν
1014 2679 1350 2747 ἐπιστήμης,
1389 2676 1576 2748 ῶσπερ
1598 2679 1716 2731 οὐδὲ
1742 2678 1964 2749 ἀρετῆς,
1997 2680 2058 2731 τὸ

483 2765 848 2835 περισσεύειν.
922 2766 1033 2817 Kal
1104 2766 1308 2834 σφόδρα
1356 2764 1590 2835 ἀρετῆς,
1647 2767 1745 2835 οὐχ
1801 2762 1960 2837 ἦττον
2021 2766 2054 2836 ἢ

484 2856 679 2907 ἐκεῖνο.
710 2854 836 2916 Πῶς
868 2870 882 2918 ;
918 2855 1039 2905 Ὅτι
1083 2852 1272 2923 ὥσπερ
1303 2856 1336 2922 η
1381 2854 1711 2922 στενοχωρία
1748 2854 1917 2906 πολλὰ
1953 2872 2054 2906 πα-

487 2943 816 3011 ρασκευάζει
838 2941 985 2993 κακά
1013 2944 1209 3001 ποιεῖν,
1243 2939 1386 2992 οῦτω
1407 2941 1501 2992 xal
1525 2943 1558 3010 ἡ
1593 2941 1901 3012 πλησμονή.

555 3051 621 3120 β’.
657 3049 846 3102 Πολλοὶ
879 3049 986 3118 γὰρ
1003 3047 1262 3111 πολλάκις
1292 3049 1348 3100 ἐν
1370 3047 1599 3121 ἀφθονίᾳ
1631 3050 1931 3119 γενόμενοι,
1965 3052 2059 3122 ρᾳ-

484 3141 770 3211 θυμότεροι
794 3140 1058 3209 ἐγένοντο,
1089 3140 1182 3190 καὶ
1203 3140 1302 3192 οὐκ
1328 3139 1572 3207 ἔγνωσαν
1594 3142 1835 3208 ἐνεγκεῖν
1856 3140 1954 3212 τὴν
1970 3142 2060 3193 εύ-

483 3233 756 3304 πραγίαν’
789 3231 976 3284 πολλοὶ
1012 3232 1270 3295 πολλάκις
1308 3232 1560 3301 ἀφορμὴν
1599 3232 1787 3284 ἔλαϐον
1816 3234 1910 3285 τοῦ
1952 3251 2057 3303 μη-

484 3328 602 3380 κέτι
642 3324 989 3398 ἐργάζεσθαι.
1035 3325 1171 3377 Ἀλλ’
1203 3326 1301 3395 ούχ
1334 3327 1363 3377 ὁ
1392 3325 1600 3388 Παῦλος
1621 3342 1633 3353 ·
1664 3327 1756 3378 καὶ
1785 3327 1891 3396 γὰρ
1923 3326 2059 3394 λαμ-

486 3422 665 3475 ϐάνων
702 3422 781 3482 είς
811 3418 1003 3481 ἄλλους
1037 3417 1293 3487 ἀνήλισκε
1314 3459 1328 3483 ,
1363 3419 1460 3471 καὶ
1499 3418 1575 3479 είς
1615 3416 1806 3479 ἄλλους
1851 3418 2057 3469 ἐκένου.

486 3511 658 3565 Τοῦτο
696 3513 753 3565 δέ
785 3513 932 3564 ἐστιν
966 3509 1164 3562 εἰδέναι
1206 3509 1386 3572 καλῶς
1434 3508 1736 3578 κεχρῆσθαι
1778 3506 1854 3577 τῷ
1893 3507 2055 3576 ἔχειν.

486 3604 621 3674 Οὐχὶ
658 3603 904 3673 διεχεῖτο,
936 3601 1058 3655 οὺδέ
1086 3600 1298 3670 ἔχαιρεν
1328 3601 1420 3653 ἐπὶ
1451 3604 1516 3669 τῇ
1554 3600 1839 3670 περισσείᾳ
1872 3598 2056 3663 αὑτοῦ,

486 3697 602 3749 ἀλλ’
633 3698 742 3759 ἴσος
771 3693 838 3767 ἦν
868 3696 923 3748 ἐν
951 3713 1009 3747 τε
1043 3694 1239 3765 ἐνδείᾳ,
1267 3694 1323 3745 ἐν
1351 3711 1409 3745 τε
1442 3692 1746 3762 πλησμονῇ.
1775 3690 1898 3743 οὔτε
1921 3692 2060 3742 ἐκεῖ·

488 3791 581 3841 θεν
609 3788 948 3857 πιεζόμενος,
971 3787 1095 3839 οὔτε
1121 3785 1366 3839 ἐντεῦθεν
1387 3784 1583 3855 χαυνού
1593 3802 1772 3853 μενος.
1797 3784 1902 3838 Καὶ
1926 3802 2060 3852 χορ-

486 3876 779 3939 τάζεσθαι,
802 3878 985 3946 φησὶν,
1017 3873 1149 3928 οἴδα
1170 3874 1267 3927 καὶ
1293 3871 1530 3939 πεινᾷν,
1556 3874 1649 3926 καὶ
1679 3874 2060 3940 περισσεύειν

488 3968 589 4021 καί
614 3966 1012 4034 ὑστερεῖσθαι.
1045 3966 1235 4019 Πολλοὶ
1254 3967 1352 4018 οὐκ
1378 3966 1523 4017 ἴσασι
1549 3963 1924 4034 χορτάζεσθαι,
1948 3958 2058 4016 οἷον

488 4061 541 4114 οἱ
580 4059 940 4129 Ἰσραηλῖται·
970 4060 1164 4111 ἐκεῖνοι
1214 4058 1322 4126 γὰρ
1354 4057 1556 4125 ἔφαγον
1580 4096 1596 4121 ,
1634 4058 1727 4108 καὶ
1770 4056 2062 4108 ἀπελάκτι-

492 4164 611 4203 σαν.
656 4148 791 4200 Ἀλλ’
826 4149 918 4200 ἐπὶ
948 4150 1046 4217 τῆς
1080 4147 1246 4217 αὑτῆς
1274 4146 1524 4210 εὐταξίας
1582 4146 1690 4215 ἐγὼ
1728 4147 1893 4217 μένω.
1932 4148 2051 4199 Δεί-

492 4256 677 4294 κνυσιν
705 4241 786 4292 ὅτι
814 4237 936 4291 οὔτε
967 4238 1062 4290 νῦν
1088 4238 1250 4308 ἥσθη,
1285 4237 1408 4290 οὔτε
1431 4238 1690 4308 πρότερον
1710 4240 1977 4293 ἐλυπεῖτσ
2011 4241 2061 4292 εί

489 4329 548 4383 δὲ
566 4330 658 4382 καὶ
678 4330 945 4389 ἐλυπεῖτο,
974 4329 1073 4380 οὐκ
1092 4327 1255 4380 αὐτοῦ
1284 4328 1489 4391 ἕνεκεν,
1522 4328 1635 4379 ἀλλ’
1658 4328 1836 4381 αὐτῶν
1860 4347 1875 4362 ι
1900 4330 2061 4393 αὐτὸς

489 4421 599 4491 γὰρ
624 4419 823 4490 ὁμοίως
850 4418 1098 4471 διέκειτο.
1136 4418 1238 4471 Ἐν
1263 4418 1462 4483 παντὶ,
1498 4419 1648 4488 φησι,
1684 4418 1778 4472 καὶ
1804 4420 1875 4472 ἐν
1910 4419 2060 4474 πᾶσι

486 4513 809 4583 μεμύημαι.
843 4511 1142 4572 Τουτέστι,
1178 4510 1386 4579 Πεῖραν
1422 4509 1611 4561 ἔλαϐον
1654 4512 1710 4562 ἐν
1758 4510 1834 4579 τῷ
1867 4511 2062 4582 μακρῷ

491 4603 666 4672 τούτῳ
710 4601 859 4674 [512]
898 4602 1075 4673 χρόνῳ
1104 4601 1359 4665 πάντων,
1411 4603 1504 4654 καὶ
1545 4601 1718 4654 ταῦτά
1768 4618 1858 4671 μοι
1885 4604 2063 4657 πάντα

493 4694 867 4765 κατώρθωται.
911 4694 1050 4746 Ἀλλ’
1094 4693 1282 4762 ἐπειδὴ
1319 4693 1687 4764 μεγαληγορία
1732 4694 1791 4746 τὸ
1832 4696 2063 4765 πρᾶγμα

492 4783 580 4858 ἦν,
599 4787 700 4857 ὅρα
718 4786 833 4848 πῶς
854 4786 1275 4857 ἐπιλαμϐάνεται
1300 4786 1526 4856 ταχέως.
1548 4787 1641 4838 καί
1671 4803 1803 4856 φησι
1822 4802 1837 4817 °
1861 4786 2064 4841 Πάντα

494 4880 685 4948 ἰσχύω
716 4878 786 4932 ἐν
809 4876 888 4943 τῷ
916 4876 1348 4948 ἐνδυναμοῦντί
1365 4896 1440 4947 με
1464 4879 1714 4945 Χριστῷ,
1740 4878 1920 4947 φησίν.
1953 4879 2065 4931 Ούκ

496 4970 627 5040 ἐμὸν
663 4969 728 5021 τὸ
756 4969 1085 5039 κατόρθωμα
1107 5010 1121 5034 ,
1153 4969 1287 5021 ἀλλά
1316 4968 1411 5021 τοῦ
1446 4970 1545 5039 τὴν
1583 4970 1735 5039 ἰσχὺν
1775 4970 2066 5033 δεδωκότος

496 5061 664 5113 ἐστίν.
711 5060 849 5112 Ἀλλ’
874 5061 1059 5129 ἐπειδὴ
1092 5060 1250 5113 πάλιν
1283 5063 1330 5113 οἱ
1356 5058 1413 5113 εῦ
1447 5060 1741 5125 ποιοῦντες,
1773 5061 1900 5113 ὅταν
1939 5062 2064 5114 ῖδω-

499 5169 584 5203 σιν
620 5152 680 5202 οὐ
713 5150 1079 5220 διατιθέμενον
1111 5147 1168 5204 εὖ
1203 5152 1291 5203 τὸν
1320 5151 1663 5220 λαμϐάνοντα
1686 5190 1700 5215 ,
1738 5151 1873 5203 ἁλλά
1901 5168 2068 5204 κατα-

500 5240 797 5314 φρονοῦντα
816 5242 921 5294 τῶν
934 5241 1241 5311 διδομένων,
1267 5241 1617 5312 ρᾳθυμότεροι
1639 5242 1895 5309 γίνονται*
1918 5243 2069 5295 αὐτοὶ

499 5337 610 5406 γάρ
640 5334 714 5399 ὼς
755 5334 1098 5404 χαριζόμενοι
1135 5334 1390 5385 διέκειντο
1417 5334 1510 5386 καὶ
1547 5334 1917 5397 ἁναπαύοντες
1937 5350 1951 5365 θ
1984 5335 2071 5388 ἵνα

501 5423 594 5479 οὖν
632 5426 705 5495 μὴ
730 5426 887 5478 τοῦτο
916 5426 1160 5494 γένηται,
1188 5425 1319 5495 μηδέ
1348 5441 1431 5486 τις
1451 5425 1597 5497 εἴπῃ,
1625 5426 1878 5479 ὄτιἘπεὶ
1899 5444 2069 5479 κατα-

503 5521 691 5588 φρονεῖ
740 5518 837 5587 τῆς
886 5515 1243 5578 ἀναπαύσεως
1294 5514 1533 5579 Παῦλος,
1590 5517 1801 5587 ἀνάγκη
1848 5518 2070 5580 τούτους

507 5608 910 5681 ῥᾳθυμοτέρους
941 5606 1222 5676 γενέσθαι·
1270 5606 1372 5675 ὅρα
1412 5606 1528 5669 πῶς
1574 5606 1731 5661 πάλιν
1776 5609 1869 5660 καὶ
1914 5608 2071 5661 τοῦτο

510 5699 673 5751 ἰᾶται.
719 5701 816 5751 Διὰ
847 5699 944 5768 μὲν
983 5697 1091 5767 γὰρ
1120 5696 1228 5749 τῶν
1261 5694 1565 5767 εἰρημένων
1597 5696 1655 5748 τὺ
1682 5697 1934 5767 φρόνημα
1969 5698 2062 5749 αὑ·

509 5786 616 5846 τῶν
662 5789 965 5843 κατέσπασε
993 5806 1005 5821 ·
1062 5786 1150 5842 διὰ
1193 5787 1248 5840 δὲ
1300 5786 1409 5841 τῶν
1447 5786 1573 5857 ἑξῆς
1616 5786 1713 5857 τὴν
1768 5788 2069 5859 προθυμίαν

1230 382 1281 437 S.
1319 380 1603 438 JOANNIS
1640 377 2122 437 CHRYSOSTOMI
2161 378 2476 434 ARCIIIEP.
2513 377 3057 442 CONSTANTINOP.

3630 382 3741 439 290

2172 493 2351 546 αὐτῶν
2381 492 2584 565 ἀναζῇν
2628 494 2789 557 ποιεῖ,
2821 492 2994 559 λέγων
3020 508 3036 523 ’
3078 493 3255 560 Πλὴν
3295 492 3494 560 καλῶς
3533 495 3735 564 ἐποιή-

2170 600 2316 638 σατε
2343 584 2943 654 συγκοινωνήσαντές
2963 602 3082 653 μου
3104 582 3177 652 τῇ
3199 585 3418 653 θλίψει.
3456 585 3618 657 Ὁρᾷς
3647 588 3739 639 καὶ

2172 674 2288 738 πῶς
2317 676 2620 745 ἀπέστησεν
2646 677 2853 742 ἐαυτὸν,
2883 677 2977 729 xal
3002 676 3119 738 πῶς
3149 676 3309 728 πάλιν
3336 676 3512 745 ἦνωσε
3532 694 3548 744 ;
3571 676 3740 729 Τοῦτο

2168 766 2397 836 γνησίας
2419 767 2600 834 φιλίας
2625 769 2739 819 ἐστὶ
2763 768 2855 819 καὶ
2875 767 3270 837 πνευματικῆς.
3295 767 3385 838 Μὴ
3402 770 3509 837 γὰρ
3530 770 3625 820 ἐπε
3636 768 3733 837 Lai},

2171 857 2357 927 φησὶν,
2395 860 2453 911 ἐν
2491 860 2649 930 χρείᾳ
2676 860 2737 911 ού
2769 859 3104 929 καθέστηκα,
3130 860 3385 930 νομίσητε
3427 860 3500 930 μὴ
3534 859 3739 912 δεῖσθαί

2172 965 2239 1016 με
2278 948 2371 1001 τοῦ
2404 952 2725 1019 πράγματος
2752 968 2764 980 ·
2799 950 2989 1020 δέομαι
3028 952 3097 1004 δι’
3126 952 3292 1020 ὑμᾶς.
3331 951 3452 1013 Πῶς
3481 947 3741 1004 οὖναέκοι-

2168 1036 2414 1109 νώνησαν
2445 1040 2591 1104 αὐτῷ
2621 1040 2727 1093 τῶν
2766 1041 3031 1111 θλίψεωνς
3073 1042 3172 1094 Διά
3204 1042 3392 1095 τούτου
3414 1058 3429 1073 ·
3469 1043 3603 1112 ὅπερ
3647 1044 3740 1095 καὶ

2167 1130 2534 1201 δεσμούμενος
2561 1133 2733 1201 ἔλεγε,
2760 1136 3207 1203 Συγκοινωνούς
3222 1153 3342 1204 μου
3362 1134 3475 1203 τῆς
3504 1134 3739 1203 χάριτος

2168 1222 2398 1289 πάντας
2444 1224 2618 1291 ὑμᾶς.
2656 1226 2827 1297 Χάρις
2861 1227 2967 1296 γάρ
3003 1228 3117 1280 ἐστι
3149 1227 3210 1280 τὸ
3244 1227 3436 1281 παθεῖν
3467 1229 3605 1299 ὑπὲρ
3644 1227 3738 1285 τοῦ

2166 1314 2404 1384 Χριστοῦ
2426 1354 2439 1377 ,
2475 1315 2551 1379 ὥς
2581 1334 2683 1369 που
2714 1318 2807 1370 καὶ
2845 1320 3005 1383 αὑτός
3034 1337 3196 1389 φησιν
3216 1337 3230 1349 ·
3278 1321 3408 1374 ’Ότι
3437 1321 3579 1390 ὑμῖν
3603 1322 3739 1393 ἐχα-

2160 1405 2341 1473 ρίσθη
2362 1407 2479 1459 ἀπὸ
2508 1408 2674 1473 Θεοῦ,
2704 1411 2775 1463 οὐ
2787 1412 2978 1479 μόνον
3008 1410 3075 1463 τὸ
3097 1414 3181 1477 είς
3204 1412 3389 1465 αὐτὸν
3409 1414 3734 1474 πιστεύειν.

2165 1494 2327 1547 ἀλλὰ
2367 1496 2461 1548 καὶ
2505 1497 2571 1549 τὸ
2616 1498 2765 1566 ὑπὲρ
2816 1499 3001 1553 αὐτοῦ
3041 1500 3321 1569 πάσχειν.
3367 1503 3584 1573 Ἐπειδὴ
3630 1502 3737 1573 γὰρ

2166 1584 2349 1637 ἐκεῖνα
2392 1588 2702 1658 καταμόνας
2749 1590 3014 1660 λεγόμενα
3058 1591 3293 1660 ἀλγῆσαι
3343 1593 3538 1656 αὐτοὺς
3576 1593 3736 1647 ίκανά

2166 1672 2255 1746 ῆν,
2290 1678 2378 1730 διά
2400 1678 2557 1731 τοῦτο
2592 1680 2881 1751 θεραπεύει
2920 1682 3013 1735 καὶ
3053 1683 3375 1753 ἀποδέχεται
3409 1684 3502 1737 καὶ
3527 1687 3738 1738 ἐπαινεῖ

2166 1764 2345 1829 πάλιν,
2378 1767 2472 1819 xal
2507 1766 2667 1819 τοῦτο
2702 1771 3152 1841 μεμετρημένως.
3184 1773 3259 1825 Οὐ
3285 1774 3393 1845 γὰρ
3419 1769 3539 1825 εἷπε
3561 1814 3576 1839 ,
3610 1775 3736 1827 Δόν-

2165 1871 2275 1916 τες,
2307 1855 2472 1919 ἀλλά,
2508 1860 3131 1928 Συγκοινωνήσαντες,
3166 1863 3379 1927 δεικνὺς
3407 1865 3602 1928 αὐτοὺς
3641 1867 3734 1920 καὶ

2166 1947 2549 2016 κερδάναντας,
2574 1950 2628 2001 εῖ
2649 1967 2712 2018 γε
2733 1952 2840 2003 τῶν
2867 1952 3041 2006 ἄθλων
3062 1956 3306 2022 ἐγένοντο
3332 1957 3595 2013 κοινωνοί.
3620 1958 3735 2012 Οὐκ

2164 2033 2336 2098 εἶπεν,
2371 2036 2856 2106 Ἐπικουφίσαντές
2889 2060 2989 2112 μου
3026 2044 3124 2107 τάς
3157 2044 3381 2114 θλίψεις,
3404 2046 3735 2116 ἀλλά,Συγη

2164 2127 2645 2196 κοινωνήσαντὲς
2683 2149 2803 2200 μου
2859 2132 2935 2202 τῇ
2978 2136 3213 2203 θλίψει,
3257 2138 3392 2209 ὅπερ
3427 2133 3499 2209 ἦν
3543 2138 3739 2209 σεμνός

2163 2234 2338 2288 τερον.

2249 2313 2408 2384 Ὁρᾷς
2434 2314 2495 2365 τὸ
2525 2313 2776 2367 ταπεινὸν
2805 2312 3016 2368 Παύλου
3040 2332 3054 2381 ;
3084 2317 3214 2386 ὁρᾷς
3238 2316 3298 2369 τὸ
3323 2318 3573 2386 εὐγενές;
3601 2318 3734 2375 Ὅτε

2164 2402 2360 2470 ἔδειξεν
2388 2405 2541 2457 οὐδὲν
2579 2405 2833 2475 δεόμενον
2866 2406 2973 2458 τῶν
3003 2409 3130 2475 παρ’
3175 2408 3397 2461 ἐκείνων
3427 2409 3590 2462 αὐτοῦ
3619 2411 3736 2464 ἐνεσ-

2164 2512 2278 2557 κεν,
2326 2494 2445 2547 τότε
2484 2496 2669 2549 λοιπὸν
2712 2496 2881 2557 ἀδεῶς
2910 2498 3004 2548 καὶ
3031 2501 3261 2550 ταπεινά
3307 2499 3603 2569 φθέγγεται
3634 2502 3734 2571 ῥή-

2175 2602 2338 2654 ματα,
2363 2587 2453 2638 καὶ
2487 2586 2629 2657 ειπερ
2654 2589 2702 2639 οἱ
2735 2587 3151 2657 προσαιτοῦντες
3178 2590 3449 2658 λέγουσιν,
3495 2592 3586 2655 Ὠς
3616 2592 3747 2657 ἔθος,

2164 2676 2307 2747 ἔχεις
2346 2678 2561 2732 διδόναι.
2609 2678 2774 2732 Οὐδὲν
2819 2679 2926 2750 γὰρ
2967 2685 3312 2749 παραιτεῖται
3356 2682 3480 2736 οὔτε
3520 2687 3693 2738 ποιεῖν
3717 2724 3732 2749 ,

2163 2768 2285 2821 οὔτε
2316 2769 2514 2837 λέγειν,
2543 2771 2679 2840 πρὸς
2709 2772 2769 2823 τὸ
2801 2772 2981 2841 μόνον,
3013 2773 3041 2825 ὃ
3069 2773 3337 2842 βούλεται,
3371 2776 3734 2847 κατορθῶσαι.

2164 2860 2229 2913 Τί
2279 2862 2335 2914 δέ
2366 2862 2525 2914 τοῦτό
2563 2864 2714 2927 ἐστι;
2746 2862 2837 2933 Μὴ
2872 2864 3130 2934 νομίσητε
3154 2906 3168 2929 ,
3202 2867 3401 2935 φησὶν,
3452 2870 3735 2937 ἀναισχυν-

2161 2953 2282 3016 τίας
2307 2949 2445 3006 εἶναι
2477 2954 2543 3007 τὰ
2576 2956 2813 3025 ῥήματα,
2844 2956 2904 3007 τὸ
2938 2958 3207 3023 ἐγκαλεῖν,
3239 2959 3328 3010 καὶ
3353 2959 3552 3027 λέγειν,
3585 2959 3752 3026 Ἤδη»,

2165 3044 2308 3097 ποτὲ
2352 3045 2708 3107 ἀνεθάλετε,
2740 3046 2833 3099 xal
2882 3046 2976 3100 τοῦ
3010 3050 3068 3101 ἐν
3116 3050 3274 3120 χρείᾳ
3313 3045 3451 3104 εἶναι
3475 3068 3490 3083 ο
3526 3053 3586 3105 οὐ
3628 3053 3755 3123 γὰρ,

2162 3136 2414 3206 δεόμενος
2438 3138 2612 3191 ταῦτα
2632 3138 2796 3207 λέγω,
2833 3137 2967 3193 ἀλλά
2996 3141 3050 3193 τί
3073 3157 3086 3204 ;
3129 3141 3224 3193 Ἐκ
3250 3142 3344 3194 τοῦ
3375 3143 3579 3214 σφόδρα
3605 3143 3736 3215 θαρ-

2166 3230 2280 3297 ῥεῖν
2319 3229 2446 3298 ὑμῖν
2471 3245 2484 3259 °
2522 3230 2615 3282 καὶ
2655 3231 2845 3283 τούτου
2894 3232 2949 3283 δὲ
2986 3233 3142 3303 ὑμεῖς
3178 3232 3360 3290 αἴτιοι.
3407 3235 3567 3307 Ὁρᾷς
3616 3236 3734 3298 πῶς

2169 3322 2364 3382 αὐτοὺς
2394 3322 2707 3392 θεραπεύει,
2727 3325 2821 3376 καὶ
2848 3325 2964 3388 πῶς
2983 3343 3165 3397 φησιν,
3197 3327 3385 3397 Ὑμεῖς
3417 3329 3598 3394 αἴτιοι,
3630 3328 3755 3398 πρὸ.

2163 3414 2271 3466 τῶν
2297 3413 2468 3465 ἄλλων
2499 3415 2937 3485 ἐπιπηδήσαντες
2963 3416 3041 3486 τῷ
3070 3419 3375 3487 πράγματι,
3412 3420 3503 3472 καὶ
3525 3421 3708 3491 παρῤη

2166 3506 2286 3557 σίαν
2324 3507 2454 3575 ἡμῖν
2486 3505 2666 3568 δόντες
2697 3506 2837 3577 ὑπὲρ
2866 3507 2974 3559 τῶν
3008 3508 3262 3561 τοιούτων
3306 3510 3755 3580 ὑπομιμνήσκειν

2165 3596 2344 3665 ὑμᾶςς
2395 3597 2504 3648 Kal
2534 3596 2631 3648 θέα
2664 3597 2726 3649 τὸ
2774 3598 3004 3667 σεμνόν·
3051 3598 3125 3669 μὴ
3170 3600 3447 3670 πέμπουσι
3507 3601 3605 3671 μὲν
3638 3602 3739 3654 οὐκ

2165 3686 2415 3754 ἐγκαλεῖ,
2452 3688 2538 3739 ἵνα
2583 3688 2656 3758 μὴ
2686 3688 2809 3758 δόξῃ
2838 3688 2897 3740 τὸ
2936 3689 3130 3741 ἑαυτοῦ
3162 3690 3478 3756 θεραπεύειν
3500 3705 3515 3719 ·
3549 3690 3737 3762 ἐπειδὴ

2163 3779 2220 3830 δέ
2249 3779 2528 3849 ἔπεμψαν,
2558 3782 2677 3833 τότε
2709 3781 3040 3851 ἐπετίμησεν
3071 3781 3211 3851 ὑπὲρ
3245 3782 3338 3833 τοῦ
3375 3783 3737 3852 παρελθόντος

2165 3870 2377 3939 χρόνου,
2418 3870 2512 3922 καὶ
2542 3870 2778 3940 ἦνεγκαν
2806 3887 2816 3899 ·
2851 3870 3039 3923 λοιπὸν
3067 3870 3218 3941 [515]
3245 3871 3352 3941 γὰρ
3375 3872 3475 3924 οὐκ
3500 3871 3564 3924 ἂν
3592 3872 3733 3938 ἔδοξε

2163 3961 2224 4012 τὸ
2257 3959 2419 4013 αὑτοῦ
2460 3960 2803 4029 θεραπεύειν.
2831 3962 3059 4023 Οἴδατε,
3100 3963 3253 4032 φησὶ,
3292 3961 3391 4015 καὶ
3426 3963 3610 4031 ὑμεῖς,
3644 3966 3738 4015 Φι-

2163 4050 2515 4116 λιππήσιοι,
2566 4052 2654 4105 ὅτι
2705 4052 2777 4105 ἐν
2824 4052 2983 4121 ἀρχῇ
3042 4052 3147 4106 τοῦ
3202 4054 3590 4123 εὐαγγελίου,
3639 4054 3738 4107 ὅτε

2164 4142 2428 4209 ἐξῆλθον
2443 4142 2558 4196 ἀπὸ
2581 4142 2973 4208 Μακεδονίας.
3003 4143 3257 4210 οὐδεμία
3270 4161 3373 4212 μοι
3412 4145 3743 4211 Ἐκκλησία

2166 4232 2571 4299 ἐκοινώνησεν
2594 4236 2680 4299 είς
2700 4235 2885 4303 λόγον
2905 4233 3131 4298 δόσεως
3152 4237 3249 4287 καὶ
3283 4234 3546 4303 λήψεως,
3573 4240 3622 4288 εί
3647 4237 3733 4304 μὴ

2166 4326 2336 4394 ὑμεῖς
2363 4327 2558 4394 μόνοι.
2589 4325 2778 4390 Βαϐαὶ,
2810 4325 2995 4394 ἡλίκον
3022 4326 3082 4378 τὸ
3116 4325 3425 4397 ἐγκώμιονῐ
3457 4327 3511 4379 εί
3537 4343 3599 4395 γε
3632 4329 3738 4379 Κο-

2170 4418 2361 4488 ρίνθιοι
2405 4420 2503 4488 μὲν
2536 4421 2599 4471 ἐκ
2649 4418 2740 4471 τοῦ
2778 4418 2995 4470 ἀκούειν
3044 4420 3230 4470 ἐκεῖνα
3268 4420 3396 4488 παρ’
3444 4419 3609 4471 αὐτοῦ
3642 4418 3736 4470 καὶ

2180 4511 2436 4581 Ῥωμαῖοι
2478 4512 2898 4583 προτρέπονται,
2934 4504 3079 4564 οὗτοι
3109 4511 3165 4562 δὲ
3206 4512 3460 4581 οὐδεμιᾶς
3507 4511 3737 4581 Ἐκκλη-

2171 4603 2289 4665 σίας
2329 4602 2640 4674 ἀρξαμένης
2677 4603 2805 4673 (καὶ
2832 4604 2962 4674 γὰρ,
3012 4605 3115 4656 Ἐν
3151 4601 3310 4671 ἀρχῇ
3340 4601 3448 4657 τοῦ
3482 4606 3738 4672 Εὐαγιγε-

2168 4695 2340 4755 λίου,
2380 4694 2579 4764 φησὶ),
2608 4694 2874 4763 τοσαύτην
2913 4694 3041 4765 περὶ
3088 4695 3178 4747 τὸν
3209 4694 3364 4762 ἀγιον
3400 4693 3759 4758 ἐπεδείξαντο.

2171 4784 2425 4854 σπουδὴν,
2459 4785 2535 4847 ὼς
2567 4784 2703 4855 μηδὲ
2733 4784 3085 4853 παράδειγμα
3127 4784 3374 4853 ἔχοντες,
3408 4785 3561 4836 αὐτοὶ
3590 4785 3738 4854 πρῶς

2169 4896 2252 4931 τοι
2300 4876 2398 4944 τῆς
2448 4875 2823 4947 καρποφορίας
2874 4873 3143 4944 ἄρξασθαι
3192 4875 3414 4947 ταύτης.
3474 4875 3583 4928 Καὶ
3640 4876 3739 4929 οὐκ

2172 4970 2316 5023 ἐστιν
2353 4972 2557 5033 εἰπεῖν,
2599 4969 2680 5020 ὅτι
2726 4968 3097 5037 παραμένοντι
3127 4967 3275 5037 αὐτῷ
3308 4967 3426 5020 οὐδὲ
3460 4967 3567 5020 τῶν
3601 4967 3736 5035 πρὸς

2171 5062 2368 5124 αὐτοὺς
2403 5061 2588 5113 ἕνεκεν
2626 5057 2798 5112 ταῦτα
2829 5060 3043 5112 ἐποίουν
3066 5076 3080 5090 ·
3134 5060 3270 5111 Ὅτε
3304 5057 3567 5126 ἐξῆλθον
3600 5058 3736 5128 γὰρ.

2172 5156 2365 5226 φησὶν,
2405 5152 2524 5207 ἀπὸ
2560 5151 2966 5217 Μακεδονίας,
2993 5150 3239 5215 οὐδεμία
3268 5168 3369 5219 μοι
3410 5150 3760 5218 Ἐκκλησία

2171 5244 2572 5311 ἐκοινώνησεν
2594 5247 2681 5306 εὶς
2707 5242 2893 5311 λόγον
2922 5244 3146 5308 δόσεως
3169 5246 3265 5295 καὶ
3289 5243 3552 5310 λήψεως,
3579 5246 3630 5297 εὶ
3654 5243 3739 5311 μὴ

2172 5339 2339 5407 ὑμεῖς
2359 5339 2556 5407 μόνοι.
2594 5336 2658 5387 Τί
2689 5336 2825 5395 ἐστι,
2858 5334 3142 5403 Λήψεως;
3168 5335 3220 5387 τί
3246 5335 3303 5387 δέ
3328 5337 3474 5388 ἐστιν
3492 5376 3507 5398 ,
3554 5337 3741 5389 Ἐκοισ

2173 5429 2441 5495 νώνησε;
2473 5427 2559 5480 διά
2588 5426 2641 5479 τί
2669 5425 2742 5496 μὴ
2774 5422 2925 5479 εἶπεν
2946 5465 2960 5489 ,
2995 5426 3076 5477 ὅτι
3113 5427 3349 5496 Οὐδεμία
3387 5443 3476 5491 μοι
3517 5424 3742 5495 Ἐκκλη·

2177 5522 2267 5573 σία
2300 5521 2515 5584 ἔδωκεν,
2546 5517 2681 5581 ἀλλ’,
2729 5518 3160 5584 Ἐκοινώνησεν
3196 5520 3284 5583 είς
3309 5519 3495 5585 λόγον
3518 5516 3742 5581 δόσεως

2177 5612 2276 5666 καὶ
2314 5611 2594 5680 λήψεως;
2646 5610 2915 5663 Κοινωνία
2949 5612 3056 5677 γὰρ
3092 5610 3153 5661 τὸ
3194 5610 3425 5680 πρᾶγμά
3460 5609 3625 5663 ἐστιν.
3673 5611 3761 5663 Εί-

2176 5704 2285 5775 γὰρ
2312 5704 2480 5771 ἡμεῖς
2514 5702 2585 5755 τὰ
2621 5699 2989 5770 πνευματικὰ
3026 5702 3199 5769 ὑμῖν,
3235 5701 3429 5770 φησὶν,
3466 5699 3744 5768 ἐσπείρα-

2176 5815 2309 5868 μεν,
2344 5796 2401 5849 τί
2427 5796 2599 5866 μέγ-(ι,
2637 5797 2687 5848 εὶ
2727 5793 2894 5862 ἡμεῖς
2920 5793 2991 5847 τὰ
3027 5795 3283 5861 σαρκικὰ
3320 5791 3485 5862 ὑμῶν
3511 5792 3741 5858 θερίσο-
