  <div class='ocr_page' id='page_1' title='image "/cluster/home/n/w/nwhite01/storage/ocr_20150623/62/nnc1.0046979654/296.png"; bbox 0 0 4108 6410; ppageno 0'>
   <div class='ocr_carea' id='block_1_1' title="bbox 388 285 501 344">
    <p class='ocr_par' dir='ltr' id='par_1_1' title="bbox 388 285 501 344">
     <span class='ocr_line' id='line_1_1' title="bbox 388 285 501 344; baseline 0.044 -5"><span class='ocrx_word' id='word_1_1' title='bbox 388 285 501 344; x_wconf 67' lang='grc' dir='ltr'><strong>Έ89</strong></span> 
     </span>
    </p>
   </div>
   <div class='ocr_carea' id='block_1_2' title="bbox 388 389 1974 464">
    <p class='ocr_par' dir='ltr' id='par_1_2' title="bbox 388 389 1974 464">
     <span class='ocr_line' id='line_1_2' title="bbox 388 389 1974 464; baseline -0.009 -9"><span class='ocrx_word' id='word_1_2' title='bbox 388 399 577 455; x_wconf 85' lang='lat' dir='ltr'><strong>multis</strong></span> <span class='ocrx_word' id='word_1_3' title='bbox 607 396 737 451; x_wconf 88' lang='lat' dir='ltr'><strong>locis</strong></span> <span class='ocrx_word' id='word_1_4' title='bbox 779 394 1181 464; x_wconf 67' lang='lat' dir='ltr'><strong>prtedicantem,</strong></span> <span class='ocrx_word' id='word_1_5' title='bbox 1223 401 1277 446; x_wconf 90' lang='lat' dir='ltr'><strong>et</strong></span> <span class='ocrx_word' id='word_1_6' title='bbox 1317 401 1625 460; x_wconf 82' lang='lat' dir='ltr'><strong>Operantem</strong></span> <span class='ocrx_word' id='word_1_7' title='bbox 1658 410 1673 445; x_wconf 89' lang='lat'><strong>:</strong></span> <span class='ocrx_word' id='word_1_8' title='bbox 1726 389 1974 458; x_wconf 85' lang='lat' dir='ltr'><strong>Occupati</strong></span> 
     </span>
    </p>
   </div>
   <div class='ocr_carea' id='block_1_3' title="bbox 396 474 1973 556">
    <p class='ocr_par' dir='ltr' id='par_1_3' title="bbox 396 474 1973 556">
     <span class='ocr_line' id='line_1_3' title="bbox 396 474 1973 556; baseline -0.006 -11"><span class='ocrx_word' id='word_1_9' title='bbox 396 493 529 545; x_wconf 87' lang='lat' dir='ltr'><strong>enim</strong></span> <span class='ocrx_word' id='word_1_10' title='bbox 566 487 719 543; x_wconf 84' lang='lat' dir='ltr'><strong>eratis</strong></span> <span class='ocrx_word' id='word_1_11' title='bbox 743 529 758 552; x_wconf 95' lang='lat'><strong>,</strong></span> <span class='ocrx_word' id='word_1_12' title='bbox 790 474 989 556; x_wconf 79' lang='lat' dir='ltr'><strong>inquit.</strong></span> <span class='ocrx_word' id='word_1_13' title='bbox 1024 484 1161 552; x_wconf 87' lang='lat' dir='ltr'><strong>Quid</strong></span> <span class='ocrx_word' id='word_1_14' title='bbox 1192 493 1293 549; x_wconf 92' lang='lat' dir='ltr'><strong>est,</strong></span> <span class='ocrx_word' id='word_1_15' title='bbox 1343 483 1592 553; x_wconf 84' lang='lat' dir='ltr'><strong>Occupati</strong></span> <span class='ocrx_word' id='word_1_16' title='bbox 1634 483 1784 537; x_wconf 84' lang='lat' dir='ltr'><strong>eratis</strong></span> <span class='ocrx_word' id='word_1_17' title='bbox 1807 483 1831 535; x_wconf 89' lang='lat'><strong><em>?</em></strong></span> <span class='ocrx_word' id='word_1_18' title='bbox 1858 483 1973 536; x_wconf 86' lang='lat' dir='ltr'><strong>Non</strong></span> 
     </span>
    </p>
   </div>
   <div class='ocr_carea' id='block_1_4' title="bbox 397 575 1972 651">
    <p class='ocr_par' dir='ltr' id='par_1_4' title="bbox 397 575 1972 651">
     <span class='ocr_line' id='line_1_4' title="bbox 397 575 1972 651; baseline -0.005 -13"><span class='ocrx_word' id='word_1_19' title='bbox 397 584 470 648; x_wconf 92' lang='lat' dir='ltr'><strong>id,</strong></span> <span class='ocrx_word' id='word_1_20' title='bbox 503 582 694 651; x_wconf 84' lang='lat' dir='ltr'><strong>inquit,</strong></span> <span class='ocrx_word' id='word_1_21' title='bbox 724 589 916 634; x_wconf 68' lang='lat' dir='ltr'><strong>vestra:</strong></span> <span class='ocrx_word' id='word_1_22' title='bbox 944 576 1282 647; x_wconf 78' lang='lat' dir='ltr'><strong>negligentia:</strong></span> <span class='ocrx_word' id='word_1_23' title='bbox 1311 585 1447 641; x_wconf 87' lang='lat' dir='ltr'><strong>erat,</strong></span> <span class='ocrx_word' id='word_1_24' title='bbox 1474 576 1567 630; x_wconf 90' lang='lat' dir='ltr'><strong>sed</strong></span> <span class='ocrx_word' id='word_1_25' title='bbox 1596 575 1928 629; x_wconf 88' lang='lat' dir='ltr'><strong>necessitatis</strong></span> <span class='ocrx_word' id='word_1_26' title='bbox 1959 594 1972 630; x_wconf 92' lang='lat'>:</span> 
     </span>
    </p>
   </div>
   <div class='ocr_carea' id='block_1_5' title="bbox 400 668 1971 733">
    <p class='ocr_par' dir='ltr' id='par_1_5' title="bbox 400 668 1971 733">
     <span class='ocr_line' id='line_1_5' title="bbox 400 668 1971 733; baseline -0.005 -3"><span class='ocrx_word' id='word_1_27' title='bbox 400 692 505 730; x_wconf 88' lang='lat' dir='ltr'><strong>non</strong></span> <span class='ocrx_word' id='word_1_28' title='bbox 532 675 673 727; x_wconf 90' lang='lat' dir='ltr'><strong>enim</strong></span> <span class='ocrx_word' id='word_1_29' title='bbox 726 671 1004 725; x_wconf 78' lang='lat' dir='ltr'><strong>habebatis</strong></span> <span class='ocrx_word' id='word_1_30' title='bbox 1032 671 1082 724; x_wconf 94' lang='lat' dir='ltr'><strong>in</strong></span> <span class='ocrx_word' id='word_1_31' title='bbox 1117 669 1396 733; x_wconf 90' lang='lat' dir='ltr'><strong>manibus,</strong></span> <span class='ocrx_word' id='word_1_32' title='bbox 1433 684 1537 723; x_wconf 91' lang='lat' dir='ltr'><strong>non</strong></span> <span class='ocrx_word' id='word_1_33' title='bbox 1580 668 1971 732; x_wconf 86' lang='lat' dir='ltr'><strong>abundabatis;</strong></span> 
     </span>
    </p>
   </div>
   <div class='ocr_carea' id='block_1_6' title="bbox 399 761 1976 833">
    <p class='ocr_par' dir='ltr' id='par_1_6' title="bbox 399 761 1976 833">
     <span class='ocr_line' id='line_1_6' title="bbox 399 761 1976 833; baseline -0.004 -12"><span class='ocrx_word' id='word_1_34' title='bbox 399 772 501 821; x_wconf 90' lang='lat' dir='ltr'><strong>hoc</strong></span> <span class='ocrx_word' id='word_1_35' title='bbox 526 766 666 820; x_wconf 88' lang='lat' dir='ltr'><strong>enim</strong></span> <span class='ocrx_word' id='word_1_36' title='bbox 693 765 956 833; x_wconf 91' lang='lat' dir='ltr'><strong>signiﬁcat</strong></span> <span class='ocrx_word' id='word_1_37' title='bbox 981 762 1126 825; x_wconf 88' lang='lat' dir='ltr'><strong>illud,</strong></span> <span class='ocrx_word' id='word_1_38' title='bbox 1154 762 1406 831; x_wconf 82' lang='lat' dir='ltr'><strong>‘Occupati</strong></span> <span class='ocrx_word' id='word_1_39' title='bbox 1429 772 1595 816; x_wconf 88' lang='lat' dir='ltr'><strong>autem</strong></span> <span class='ocrx_word' id='word_1_40' title='bbox 1617 763 1787 815; x_wconf 85' lang='lat' dir='ltr'><strong>eratis.</strong></span> <span class='ocrx_word' id='word_1_41' title='bbox 1813 761 1976 830; x_wconf 86' lang='lat' dir='ltr'><strong>idque</strong></span> 
     </span>
    </p>
   </div>
   <div class='ocr_carea' id='block_1_7' title="bbox 392 854 1973 925">
    <p class='ocr_par' dir='ltr' id='par_1_7' title="bbox 392 854 1973 925">
     <span class='ocr_line' id='line_1_7' title="bbox 392 854 1973 925; baseline -0.006 -10"><span class='ocrx_word' id='word_1_42' title='bbox 392 876 459 916; x_wconf 77' lang='lat' dir='ltr'><strong>ex</strong></span> <span class='ocrx_word' id='word_1_43' title='bbox 487 857 754 912; x_wconf 87' lang='lat' dir='ltr'><strong>communi</strong></span> <span class='ocrx_word' id='word_1_44' title='bbox 780 855 1027 925; x_wconf 77' lang='lat' dir='ltr'><strong>loquendi</strong></span> <span class='ocrx_word' id='word_1_45' title='bbox 1050 855 1434 908; x_wconf 75' lang='lat' dir='ltr'><strong>consuetudine</strong></span> <span class='ocrx_word' id='word_1_46' title='bbox 1457 854 1660 922; x_wconf 83' lang='lat' dir='ltr'><strong>accepit</strong></span> <span class='ocrx_word' id='word_1_47' title='bbox 1686 872 1697 906; x_wconf 92' lang='lat'>:</span> <span class='ocrx_word' id='word_1_48' title='bbox 1728 854 1798 906; x_wconf 90' lang='lat' dir='ltr'><strong>ita</strong></span> <span class='ocrx_word' id='word_1_49' title='bbox 1830 854 1973 907; x_wconf 91' lang='lat' dir='ltr'><strong>enim</strong></span> 
     </span>
    </p>
   </div>
   <div class='ocr_carea' id='block_1_8' title="bbox 399 943 1972 1022">
    <p class='ocr_par' dir='ltr' id='par_1_8' title="bbox 399 943 1972 1022">
     <span class='ocr_line' id='line_1_8' title="bbox 399 943 1972 1022; baseline -0.004 -19"><span class='ocrx_word' id='word_1_50' title='bbox 399 951 634 1022; x_wconf 80' lang='lat' dir='ltr'><strong>plerique</strong></span> <span class='ocrx_word' id='word_1_51' title='bbox 656 948 857 1010; x_wconf 91' lang='lat' dir='ltr'><strong>dicunt,</strong></span> <span class='ocrx_word' id='word_1_52' title='bbox 886 962 1006 1001; x_wconf 92' lang='lat' dir='ltr'><strong>cum</strong></span> <span class='ocrx_word' id='word_1_53' title='bbox 1034 962 1139 1000; x_wconf 90' lang='lat' dir='ltr'><strong>non</strong></span> <span class='ocrx_word' id='word_1_54' title='bbox 1167 947 1264 999; x_wconf 84' lang='lat' dir='ltr'><strong>sibi</strong></span> <span class='ocrx_word' id='word_1_55' title='bbox 1291 947 1420 998; x_wconf 89' lang='lat' dir='ltr'><strong>satis</strong></span> <span class='ocrx_word' id='word_1_56' title='bbox 1447 945 1619 1013; x_wconf 88' lang='lat' dir='ltr'><strong>ampla</strong></span> <span class='ocrx_word' id='word_1_57' title='bbox 1644 959 1729 999; x_wconf 88' lang='lat' dir='ltr'><strong>res</strong></span> <span class='ocrx_word' id='word_1_58' title='bbox 1754 954 1855 1008; x_wconf 89' lang='lat' dir='ltr'><strong>est,</strong></span> <span class='ocrx_word' id='word_1_59' title='bbox 1880 943 1972 997; x_wconf 91' lang='lat' dir='ltr'><strong>sed</strong></span> 
     </span>
    </p>
   </div>
   <div class='ocr_carea' id='block_1_9' title="bbox 402 1034 1970 1111">
    <p class='ocr_par' dir='ltr' id='par_1_9' title="bbox 402 1034 1970 1111">
     <span class='ocr_line' id='line_1_9' title="bbox 402 1034 1970 1111; baseline -0.005 -15"><span class='ocrx_word' id='word_1_60' title='bbox 402 1044 450 1097; x_wconf 92' lang='lat' dir='ltr'><strong>in</strong></span> <span class='ocrx_word' id='word_1_61' title='bbox 466 1040 724 1111; x_wconf 90' lang='lat' dir='ltr'><strong>angustiis</strong></span> <span class='ocrx_word' id='word_1_62' title='bbox 737 1047 1034 1092; x_wconf 81' lang='lat' dir='ltr'><strong>versantur.</strong></span> <span class='ocrx_word' id='word_1_63' title='bbox 1052 1035 1172 1090; x_wconf 86' lang='lat' dir='ltr'><strong>Non</strong></span> <span class='ocrx_word' id='word_1_64' title='bbox 1191 1037 1330 1106; x_wconf 87' lang='lat' dir='ltr'><strong>quasi</strong></span> <span class='ocrx_word' id='word_1_65' title='bbox 1352 1045 1556 1105; x_wconf 79' lang='lat' dir='ltr'><strong>propter</strong></span> <span class='ocrx_word' id='word_1_66' title='bbox 1568 1036 1825 1103; x_wconf 77' lang='lat' dir='ltr'><strong>penuriam</strong></span> <span class='ocrx_word' id='word_1_67' title='bbox 1838 1034 1970 1088; x_wconf 88' lang='lat' dir='ltr'><strong>dico.</strong></span> 
     </span>
    </p>
   </div>
   <div class='ocr_carea' id='block_1_10' title="bbox 400 1127 1977 1204">
    <p class='ocr_par' dir='ltr' id='par_1_10' title="bbox 400 1127 1977 1204">
     <span class='ocr_line' id='line_1_10' title="bbox 400 1127 1977 1204; baseline -0.005 -15"><span class='ocrx_word' id='word_1_68' title='bbox 400 1135 541 1200; x_wconf 83' lang='lat' dir='ltr'><strong>Dixi,</strong></span> <span class='ocrx_word' id='word_1_69' title='bbox 562 1134 749 1204; x_wconf 88' lang='lat' dir='ltr'><strong>inquit,</strong></span> <span class='ocrx_word' id='word_1_70' title='bbox 767 1130 1053 1200; x_wconf 83' lang='lat' dir='ltr'><strong>Aliquando</strong></span> <span class='ocrx_word' id='word_1_71' title='bbox 1080 1130 1299 1193; x_wconf 80' lang='lat' dir='ltr'><strong>tandem,</strong></span> <span class='ocrx_word' id='word_1_72' title='bbox 1324 1144 1526 1198; x_wconf 65' lang='lat' dir='ltr'><strong>vosque</strong></span> <span class='ocrx_word' id='word_1_73' title='bbox 1543 1127 1846 1198; x_wconf 84' lang='lat' dir='ltr'><strong>objurgavi;</strong></span> <span class='ocrx_word' id='word_1_74' title='bbox 1868 1142 1977 1181; x_wconf 87' lang='lat' dir='ltr'><strong>non</strong></span> 
     </span>
    </p>
   </div>
   <div class='ocr_carea' id='block_1_11' title="bbox 398 1220 1975 1296">
    <p class='ocr_par' dir='ltr' id='par_1_11' title="bbox 398 1220 1975 1296">
     <span class='ocr_line' id='line_1_11' title="bbox 398 1220 1975 1296; baseline -0.006 -15"><span class='ocrx_word' id='word_1_75' title='bbox 398 1226 537 1296; x_wconf 90' lang='lat' dir='ltr'><strong>quod</strong></span> <span class='ocrx_word' id='word_1_76' title='bbox 560 1241 672 1280; x_wconf 88' lang='lat' dir='ltr'><strong>rem</strong></span> <span class='ocrx_word' id='word_1_77' title='bbox 698 1239 869 1279; x_wconf 89' lang='lat' dir='ltr'><strong>meam</strong></span> <span class='ocrx_word' id='word_1_78' title='bbox 893 1237 1210 1293; x_wconf 81' lang='lat' dir='ltr'><strong>quaererem,</strong></span> <span class='ocrx_word' id='word_1_79' title='bbox 1228 1237 1401 1292; x_wconf 90' lang='lat' dir='ltr'><strong>neque</strong></span> <span class='ocrx_word' id='word_1_80' title='bbox 1428 1220 1568 1290; x_wconf 85' lang='lat' dir='ltr'><strong>quod</strong></span> <span class='ocrx_word' id='word_1_81' title='bbox 1598 1234 1842 1289; x_wconf 82' lang='lat' dir='ltr'><strong>egerem;</strong></span> <span class='ocrx_word' id='word_1_82' title='bbox 1870 1233 1975 1272; x_wconf 89' lang='lat' dir='ltr'><strong>non</strong></span> 
     </span>
    </p>
   </div>
   <div class='ocr_carea' id='block_1_12' title="bbox 396 1309 1973 1386">
    <p class='ocr_par' dir='ltr' id='par_1_12' title="bbox 396 1309 1973 1386">
     <span class='ocr_line' id='line_1_12' title="bbox 396 1309 1973 1386; baseline -0.005 -14"><span class='ocrx_word' id='word_1_83' title='bbox 396 1318 538 1372; x_wconf 88' lang='lat' dir='ltr'><strong>enim</strong></span> <span class='ocrx_word' id='word_1_84' title='bbox 558 1325 837 1386; x_wconf 81' lang='lat' dir='ltr'><strong>propterea</strong></span> <span class='ocrx_word' id='word_1_85' title='bbox 859 1313 1182 1384; x_wconf 63' lang='lat' dir='ltr'><strong>quaerebam.</strong></span> <span class='ocrx_word' id='word_1_86' title='bbox 1208 1312 1310 1367; x_wconf 88' lang='lat' dir='ltr'><strong>Sed</strong></span> <span class='ocrx_word' id='word_1_87' title='bbox 1329 1310 1467 1366; x_wconf 91' lang='lat' dir='ltr'><strong>unde</strong></span> <span class='ocrx_word' id='word_1_88' title='bbox 1488 1311 1758 1375; x_wconf 81' lang='lat' dir='ltr'><strong>ostendes,</strong></span> <span class='ocrx_word' id='word_1_89' title='bbox 1789 1309 1973 1372; x_wconf 87' lang='lat' dir='ltr'><strong>Paule,</strong></span> 
     </span>
    </p>
   </div>
   <div class='ocr_carea' id='block_1_13' title="bbox 401 1402 1973 1478">
    <p class='ocr_par' dir='ltr' id='par_1_13' title="bbox 401 1402 1973 1478">
     <span class='ocr_line' id='line_1_13' title="bbox 401 1402 1973 1478; baseline -0.006 -15"><span class='ocrx_word' id='word_1_90' title='bbox 401 1420 451 1463; x_wconf 91' lang='lat' dir='ltr'><strong>te</strong></span> <span class='ocrx_word' id='word_1_91' title='bbox 478 1425 581 1462; x_wconf 93' lang='lat' dir='ltr'><strong>non</strong></span> <span class='ocrx_word' id='word_1_92' title='bbox 602 1407 879 1478; x_wconf 91' lang='lat' dir='ltr'><strong>magniﬁce</strong></span> <span class='ocrx_word' id='word_1_93' title='bbox 903 1404 1383 1476; x_wconf 85' lang='lat' dir='ltr'><strong>loqui?Corinthiis</strong></span> <span class='ocrx_word' id='word_1_94' title='bbox 1399 1404 1608 1473; x_wconf 86' lang='lat' dir='ltr'><strong>quidem</strong></span> <span class='ocrx_word' id='word_1_95' title='bbox 1628 1403 1698 1457; x_wconf 90' lang='lat' dir='ltr'><strong>ita</strong></span> <span class='ocrx_word' id='word_1_96' title='bbox 1721 1402 1931 1457; x_wconf 88' lang='lat' dir='ltr'><strong>dicebat</strong></span> <span class='ocrx_word' id='word_1_97' title='bbox 1959 1418 1973 1453; x_wconf 86' lang='lat'><strong>:</strong></span> 
     </span>
    </p>
   </div>
   <div class='ocr_carea' id='block_1_14' title="bbox 396 1494 1978 1565">
    <p class='ocr_par' dir='ltr' id='par_1_14' title="bbox 396 1494 1978 1565">
     <span class='ocr_line' id='line_1_14' title="bbox 396 1494 1978 1565; baseline -0.006 -13"><span class='ocrx_word' id='word_1_98' title='bbox 396 1497 523 1552; x_wconf 72' lang='lat' dir='ltr'><strong>Non</strong></span> <span class='ocrx_word' id='word_1_99' title='bbox 542 1499 671 1551; x_wconf 90' lang='lat' dir='ltr'><strong>enim</strong></span> <span class='ocrx_word' id='word_1_100' title='bbox 683 1496 786 1551; x_wconf 89' lang='lat' dir='ltr'><strong>alia</strong></span> <span class='ocrx_word' id='word_1_101' title='bbox 799 1496 1064 1550; x_wconf 80' lang='lat' dir='ltr'><strong>scribimus</strong></span> <span class='ocrx_word' id='word_1_102' title='bbox 1081 1497 1395 1565; x_wconf 84' lang='lat' dir='ltr'><strong>vobis,quam</strong></span> <span class='ocrx_word' id='word_1_103' title='bbox 1412 1510 1523 1565; x_wconf 79' lang='lat' dir='ltr'><strong>qua:</strong></span> <span class='ocrx_word' id='word_1_104' title='bbox 1540 1494 1812 1565; x_wconf 81' lang='lat' dir='ltr'><strong>legitis,aut</strong></span> <span class='ocrx_word' id='word_1_105' title='bbox 1826 1494 1978 1547; x_wconf 88' lang='lat' dir='ltr'><strong>etiam</strong></span> 
     </span>
    </p>
   </div>
   <div class='ocr_carea' id='block_1_15' title="bbox 390 1583 1977 1659">
    <p class='ocr_par' dir='ltr' id='par_1_15' title="bbox 390 1583 1977 1659">
     <span class='ocr_line' id='line_1_15' title="bbox 390 1583 1977 1659; baseline -0.004 -17"><span class='ocrx_word' id='word_1_106' title='bbox 390 1589 695 1659; x_wconf 83' lang='lat' dir='ltr'><strong>cognoscitis</strong></span> <span class='ocrx_word' id='word_1_107' title='bbox 722 1587 796 1657; x_wconf 71' lang='lat'><strong>(2.</strong></span> <span class='ocrx_word' id='word_1_108' title='bbox 818 1586 932 1640; x_wconf 85' lang='lat' dir='ltr'><strong>Cor.</strong></span> <span class='ocrx_word' id='word_1_109' title='bbox 959 1588 1010 1640; x_wconf 99' lang='grc'><strong>1.</strong></span> <span class='ocrx_word' id='word_1_110' title='bbox 1033 1588 1145 1655; x_wconf 81' lang='grc'><strong>15).</strong></span> <span class='ocrx_word' id='word_1_111' title='bbox 1172 1589 1345 1655; x_wconf 86' lang='lat' dir='ltr'><strong>Atque</strong></span> <span class='ocrx_word' id='word_1_112' title='bbox 1368 1585 1485 1639; x_wconf 91' lang='lat' dir='ltr'><strong>istis</strong></span> <span class='ocrx_word' id='word_1_113' title='bbox 1503 1585 1661 1640; x_wconf 88' lang='lat' dir='ltr'><strong>etiam</strong></span> <span class='ocrx_word' id='word_1_114' title='bbox 1681 1599 1785 1638; x_wconf 92' lang='lat' dir='ltr'><strong>non</strong></span> <span class='ocrx_word' id='word_1_115' title='bbox 1810 1584 1880 1637; x_wconf 91' lang='lat' dir='ltr'><strong>ita</strong></span> <span class='ocrx_word' id='word_1_116' title='bbox 1899 1583 1977 1636; x_wconf 88' lang='lat' dir='ltr'><strong>di-</strong></span> 
     </span>
    </p>
   </div>
   <div class='ocr_carea' id='block_1_16' title="bbox 398 1675 1979 1747">
    <p class='ocr_par' dir='ltr' id='par_1_16' title="bbox 398 1675 1979 1747">
     <span class='ocr_line' id='line_1_16' title="bbox 398 1675 1979 1747; baseline -0.002 -17"><span class='ocrx_word' id='word_1_117' title='bbox 398 1680 637 1743; x_wconf 83' lang='lat' dir='ltr'><strong>cebat,ut</strong></span> <span class='ocrx_word' id='word_1_118' title='bbox 657 1678 822 1733; x_wconf 84' lang='lat' dir='ltr'><strong>refelli</strong></span> <span class='ocrx_word' id='word_1_119' title='bbox 841 1688 1038 1746; x_wconf 88' lang='lat' dir='ltr'><strong>posset.</strong></span> <span class='ocrx_word' id='word_1_120' title='bbox 1062 1676 1176 1731; x_wconf 91' lang='lat' dir='ltr'><strong>Non</strong></span> <span class='ocrx_word' id='word_1_121' title='bbox 1192 1678 1368 1747; x_wconf 78' lang='lat' dir='ltr'><strong>igitur,</strong></span> <span class='ocrx_word' id='word_1_122' title='bbox 1389 1676 1436 1730; x_wconf 88' lang='lat' dir='ltr'><strong>si</strong></span> <span class='ocrx_word' id='word_1_123' title='bbox 1452 1692 1510 1731; x_wconf 92' lang='lat' dir='ltr'><strong>se</strong></span> <span class='ocrx_word' id='word_1_124' title='bbox 1526 1675 1803 1745; x_wconf 89' lang='lat' dir='ltr'><strong>magniﬁce</strong></span> <span class='ocrx_word' id='word_1_125' title='bbox 1819 1675 1979 1744; x_wconf 87' lang='lat' dir='ltr'><strong>jacta-</strong></span> 
     </span>
    </p>
   </div>
   <div class='ocr_carea' id='block_1_17' title="bbox 395 1767 1981 1837">
    <p class='ocr_par' dir='ltr' id='par_1_17' title="bbox 395 1767 1981 1837">
     <span class='ocr_line' id='line_1_17' title="bbox 395 1767 1981 1837; baseline -0.003 -14"><span class='ocrx_word' id='word_1_126' title='bbox 395 1785 460 1824; x_wconf 81' lang='lat' dir='ltr'><strong>re</strong></span> <span class='ocrx_word' id='word_1_127' title='bbox 487 1770 761 1832; x_wconf 91' lang='lat' dir='ltr'><strong>voluisset,</strong></span> <span class='ocrx_word' id='word_1_128' title='bbox 803 1770 917 1822; x_wconf 70' lang='lat' dir='ltr'><strong>haec</strong></span> <span class='ocrx_word' id='word_1_129' title='bbox 942 1768 1174 1832; x_wconf 87' lang='lat' dir='ltr'><strong>diceret;</strong></span> <span class='ocrx_word' id='word_1_130' title='bbox 1205 1767 1343 1836; x_wconf 89' lang='lat' dir='ltr'><strong>apud</strong></span> <span class='ocrx_word' id='word_1_131' title='bbox 1370 1783 1463 1821; x_wconf 89' lang='lat' dir='ltr'><strong>eos</strong></span> <span class='ocrx_word' id='word_1_132' title='bbox 1488 1767 1630 1821; x_wconf 92' lang='lat' dir='ltr'><strong>enim</strong></span> <span class='ocrx_word' id='word_1_133' title='bbox 1652 1767 1741 1837; x_wconf 91' lang='lat' dir='ltr'><strong>qui</strong></span> <span class='ocrx_word' id='word_1_134' title='bbox 1786 1774 1981 1819; x_wconf 89' lang='lat' dir='ltr'><strong>norant</strong></span> 
     </span>
    </p>
   </div>
   <div class='ocr_carea' id='block_1_18' title="bbox 400 1858 1979 1929">
    <p class='ocr_par' dir='ltr' id='par_1_18' title="bbox 400 1858 1979 1929">
     <span class='ocr_line' id='line_1_18' title="bbox 400 1858 1979 1929; baseline -0.002 -16"><span class='ocrx_word' id='word_1_135' title='bbox 400 1861 630 1923; x_wconf 85' lang='lat' dir='ltr'><strong>dicebat,</strong></span> <span class='ocrx_word' id='word_1_136' title='bbox 661 1860 749 1914; x_wconf 91' lang='lat' dir='ltr'><strong>ubi</strong></span> <span class='ocrx_word' id='word_1_137' title='bbox 779 1860 937 1914; x_wconf 88' lang='lat' dir='ltr'><strong>etiam</strong></span> <span class='ocrx_word' id='word_1_138' title='bbox 963 1860 1111 1928; x_wconf 80' lang='lat' dir='ltr'><strong>argui</strong></span> <span class='ocrx_word' id='word_1_139' title='bbox 1145 1860 1351 1928; x_wconf 84' lang='lat' dir='ltr'><strong>turpius</strong></span> <span class='ocrx_word' id='word_1_140' title='bbox 1383 1858 1586 1913; x_wconf 89' lang='lat' dir='ltr'><strong>fuisset.</strong></span> <span class='ocrx_word' id='word_1_141' title='bbox 1612 1858 1721 1929; x_wconf 86' lang='lat' dir='ltr'><strong>Ego</strong></span> <span class='ocrx_word' id='word_1_142' title='bbox 1741 1859 1874 1911; x_wconf 88' lang='lat' dir='ltr'><strong>enim</strong></span> <span class='ocrx_word' id='word_1_143' title='bbox 1900 1858 1979 1910; x_wconf 90' lang='lat' dir='ltr'><strong>di-</strong></span> 
     </span>
    </p>
   </div>
   <div class='ocr_carea' id='block_1_19' title="bbox 396 1948 1981 2022">
    <p class='ocr_par' dir='ltr' id='par_1_19' title="bbox 396 1948 1981 2022">
     <span class='ocr_line' id='line_1_19' title="bbox 396 1948 1981 2022; baseline -0.002 -17"><span class='ocrx_word' id='word_1_144' title='bbox 396 1953 523 2017; x_wconf 83' lang='lat' dir='ltr'><strong>dici,</strong></span> <span class='ocrx_word' id='word_1_145' title='bbox 557 1952 744 2019; x_wconf 82' lang='lat' dir='ltr'><strong>inquit,</strong></span> <span class='ocrx_word' id='word_1_146' title='bbox 773 1953 827 2005; x_wconf 88' lang='lat' dir='ltr'><strong>in</strong></span> <span class='ocrx_word' id='word_1_147' title='bbox 857 1951 1036 2022; x_wconf 85' lang='lat' dir='ltr'><strong>quibus</strong></span> <span class='ocrx_word' id='word_1_148' title='bbox 1060 1967 1195 2013; x_wconf 86' lang='lat' dir='ltr'><strong>sum,</strong></span> <span class='ocrx_word' id='word_1_149' title='bbox 1224 1951 1468 2020; x_wconf 64' lang='lat' dir='ltr'><strong>sufﬁciens</strong></span> <span class='ocrx_word' id='word_1_150' title='bbox 1496 1966 1621 2005; x_wconf 86' lang='lat' dir='ltr'><strong>esse.</strong></span> <span class='ocrx_word' id='word_1_151' title='bbox 1655 1950 1796 2020; x_wconf 81' lang='lat' dir='ltr'><strong>Ergo</strong></span> <span class='ocrx_word' id='word_1_152' title='bbox 1822 1948 1981 2003; x_wconf 86' lang='lat' dir='ltr'><strong>disci-</strong></span> 
     </span>
    </p>
   </div>
   <div class='ocr_carea' id='block_1_20' title="bbox 405 2044 1979 2113">
    <p class='ocr_par' dir='ltr' id='par_1_20' title="bbox 405 2044 1979 2113">
     <span class='ocr_line' id='line_1_20' title="bbox 405 2044 1979 2113; baseline 0.003 -18"><span class='ocrx_word' id='word_1_153' title='bbox 405 2046 560 2113; x_wconf 68' lang='lat' dir='ltr'><strong>plinae</strong></span> <span class='ocrx_word' id='word_1_154' title='bbox 601 2059 687 2098; x_wconf 91' lang='lat' dir='ltr'><strong>res</strong></span> <span class='ocrx_word' id='word_1_155' title='bbox 723 2053 806 2099; x_wconf 90' lang='lat' dir='ltr'><strong>est</strong></span> <span class='ocrx_word' id='word_1_156' title='bbox 831 2053 885 2099; x_wconf 90' lang='lat' dir='ltr'><strong>et</strong></span> <span class='ocrx_word' id='word_1_157' title='bbox 920 2044 1317 2099; x_wconf 82' lang='lat' dir='ltr'><strong>exercitationis</strong></span> <span class='ocrx_word' id='word_1_158' title='bbox 1358 2054 1412 2099; x_wconf 92' lang='lat' dir='ltr'><strong>et</strong></span> <span class='ocrx_word' id='word_1_159' title='bbox 1454 2060 1639 2099; x_wconf 74' lang='lat' dir='ltr'><strong>curae:</strong></span> <span class='ocrx_word' id='word_1_160' title='bbox 1686 2060 1795 2099; x_wconf 88' lang='lat' dir='ltr'><strong>non</strong></span> <span class='ocrx_word' id='word_1_161' title='bbox 1836 2046 1979 2099; x_wconf 88' lang='lat' dir='ltr'><strong>enim</strong></span> 
     </span>
    </p>
   </div>
   <div class='ocr_carea' id='block_1_21' title="bbox 400 2133 1981 2204">
    <p class='ocr_par' dir='ltr' id='par_1_21' title="bbox 400 2133 1981 2204">
     <span class='ocr_line' id='line_1_21' title="bbox 400 2133 1981 2204; baseline 0.001 -16"><span class='ocrx_word' id='word_1_162' title='bbox 400 2134 570 2188; x_wconf 79' lang='lat' dir='ltr'><strong>facilis</strong></span> <span class='ocrx_word' id='word_1_163' title='bbox 601 2144 682 2187; x_wconf 90' lang='lat' dir='ltr'><strong>est</strong></span> <span class='ocrx_word' id='word_1_164' title='bbox 707 2134 775 2188; x_wconf 91' lang='lat' dir='ltr'><strong>ad</strong></span> <span class='ocrx_word' id='word_1_165' title='bbox 817 2133 1270 2204; x_wconf 90' lang='lat' dir='ltr'><strong>consequendum,</strong></span> <span class='ocrx_word' id='word_1_166' title='bbox 1301 2134 1394 2189; x_wconf 91' lang='lat' dir='ltr'><strong>sed</strong></span> <span class='ocrx_word' id='word_1_167' title='bbox 1444 2135 1598 2189; x_wconf 85' lang='lat' dir='ltr'><strong>valde</strong></span> <span class='ocrx_word' id='word_1_168' title='bbox 1634 2133 1886 2200; x_wconf 86' lang='lat' dir='ltr'><strong>difﬁcilis,</strong></span> <span class='ocrx_word' id='word_1_169' title='bbox 1918 2149 1981 2191; x_wconf 86' lang='lat' dir='ltr'><strong>ac</strong></span> 
     </span>
    </p>
   </div>
   <div class='ocr_carea' id='block_1_22' title="bbox 405 2226 1977 2298">
    <p class='ocr_par' dir='ltr' id='par_1_22' title="bbox 405 2226 1977 2298">
     <span class='ocr_line' id='line_1_22' title="bbox 405 2226 1977 2298; baseline 0.001 -17"><span class='ocrx_word' id='word_1_170' title='bbox 405 2231 572 2281; x_wconf 88' lang='lat' dir='ltr'><strong>multo</strong></span> <span class='ocrx_word' id='word_1_171' title='bbox 596 2242 717 2281; x_wconf 92' lang='lat' dir='ltr'><strong>cum</strong></span> <span class='ocrx_word' id='word_1_172' title='bbox 756 2227 938 2282; x_wconf 88' lang='lat' dir='ltr'><strong>labore</strong></span> <span class='ocrx_word' id='word_1_173' title='bbox 966 2227 1272 2297; x_wconf 87' lang='lat' dir='ltr'><strong>eonjuncta.</strong></span> <span class='ocrx_word' id='word_1_174' title='bbox 1313 2226 1341 2280; x_wconf 87' lang='grc' dir='ltr'><strong><em>Ι</em></strong></span> <span class='ocrx_word' id='word_1_175' title='bbox 1350 2245 1381 2281; x_wconf 87' lang='grc' dir='ltr'><em>η</em></span> <span class='ocrx_word' id='word_1_176' title='bbox 1410 2228 1587 2297; x_wconf 87' lang='lat' dir='ltr'><strong>quibus</strong></span> <span class='ocrx_word' id='word_1_177' title='bbox 1615 2244 1743 2293; x_wconf 88' lang='lat' dir='ltr'><strong>sum,</strong></span> <span class='ocrx_word' id='word_1_178' title='bbox 1786 2229 1977 2298; x_wconf 92' lang='lat' dir='ltr'><strong>inquit,</strong></span> 
     </span>
    </p>
   </div>
   <div class='ocr_carea' id='block_1_23' title="bbox 402 2317 1982 2389">
    <p class='ocr_par' dir='ltr' id='par_1_23' title="bbox 402 2317 1982 2389">
     <span class='ocr_line' id='line_1_23' title="bbox 402 2317 1982 2389; baseline 0 -17"><span class='ocrx_word' id='word_1_179' title='bbox 402 2320 649 2389; x_wconf 73' lang='lat' dir='ltr'><strong>stt/ﬁciens</strong></span> <span class='ocrx_word' id='word_1_180' title='bbox 674 2335 778 2373; x_wconf 82' lang='lat' dir='ltr'><strong>esse</strong></span> <span class='ocrx_word' id='word_1_181' title='bbox 801 2335 818 2372; x_wconf 88' lang='lat'><strong><em>:</em></strong></span> <span class='ocrx_word' id='word_1_182' title='bbox 845 2319 950 2372; x_wconf 87' lang='lat' dir='ltr'><strong>scio</strong></span> <span class='ocrx_word' id='word_1_183' title='bbox 978 2328 1024 2372; x_wconf 88' lang='lat' dir='ltr'><strong>et</strong></span> <span class='ocrx_word' id='word_1_184' title='bbox 1051 2317 1335 2384; x_wconf 88' lang='lat' dir='ltr'><strong>humiliari,</strong></span> <span class='ocrx_word' id='word_1_185' title='bbox 1358 2320 1462 2372; x_wconf 84' lang='lat' dir='ltr'><strong>scio</strong></span> <span class='ocrx_word' id='word_1_186' title='bbox 1487 2328 1531 2372; x_wconf 87' lang='lat' dir='ltr'><strong>et</strong></span> <span class='ocrx_word' id='word_1_187' title='bbox 1554 2318 1810 2372; x_wconf 84' lang='lat' dir='ltr'><strong>abundare</strong></span> <span class='ocrx_word' id='word_1_188' title='bbox 1831 2338 1849 2372; x_wconf 87' lang='lat'><strong><em>:</em></strong></span> <span class='ocrx_word' id='word_1_189' title='bbox 1869 2321 1982 2372; x_wconf 90' lang='lat' dir='ltr'><strong>ubi-</strong></span> 
     </span>
    </p>
   </div>
   <div class='ocr_carea' id='block_1_24' title="bbox 401 2409 1981 2480">
    <p class='ocr_par' dir='ltr' id='par_1_24' title="bbox 401 2409 1981 2480">
     <span class='ocr_line' id='line_1_24' title="bbox 401 2409 1981 2480; baseline 0.001 -17"><span class='ocrx_word' id='word_1_190' title='bbox 401 2428 497 2480; x_wconf 86' lang='lat' dir='ltr'><strong>que</strong></span> <span class='ocrx_word' id='word_1_191' title='bbox 522 2421 566 2464; x_wconf 90' lang='lat' dir='ltr'><strong>et</strong></span> <span class='ocrx_word' id='word_1_192' title='bbox 608 2412 661 2464; x_wconf 89' lang='lat' dir='ltr'><strong>in</strong></span> <span class='ocrx_word' id='word_1_193' title='bbox 688 2410 916 2465; x_wconf 88' lang='lat' dir='ltr'><strong>omnibus</strong></span> <span class='ocrx_word' id='word_1_194' title='bbox 953 2411 1210 2464; x_wconf 83' lang='lat' dir='ltr'><strong>institutus</strong></span> <span class='ocrx_word' id='word_1_195' title='bbox 1246 2426 1380 2463; x_wconf 90' lang='lat' dir='ltr'><strong>sum.</strong></span> <span class='ocrx_word' id='word_1_196' title='bbox 1434 2409 1488 2463; x_wconf 92' lang='lat' dir='ltr'><strong>Id</strong></span> <span class='ocrx_word' id='word_1_197' title='bbox 1522 2417 1640 2476; x_wconf 96' lang='grc' dir='ltr'>εει,</span> <span class='ocrx_word' id='word_1_198' title='bbox 1682 2410 1750 2463; x_wconf 90' lang='grc' dir='ltr'>Ει</span> <span class='ocrx_word' id='word_1_199' title='bbox 1799 2409 1981 2479; x_wconf 86' lang='lat' dir='ltr'><strong>paucis</strong></span> 
     </span>
    </p>
   </div>
   <div class='ocr_carea' id='block_1_25' title="bbox 402 2500 1984 2572">
    <p class='ocr_par' dir='ltr' id='par_1_25' title="bbox 402 2500 1984 2572">
     <span class='ocr_line' id='line_1_25' title="bbox 402 2500 1984 2572; baseline -0.003 -15"><span class='ocrx_word' id='word_1_200' title='bbox 402 2512 685 2557; x_wconf 85' lang='lat' dir='ltr'><strong>contentus</strong></span> <span class='ocrx_word' id='word_1_201' title='bbox 710 2516 829 2557; x_wconf 79' lang='lat' dir='ltr'><strong>esse</strong></span> <span class='ocrx_word' id='word_1_202' title='bbox 855 2502 987 2565; x_wconf 93' lang='lat' dir='ltr'><strong>scio,</strong></span> <span class='ocrx_word' id='word_1_203' title='bbox 1016 2510 1069 2556; x_wconf 91' lang='lat' dir='ltr'><strong>et</strong></span> <span class='ocrx_word' id='word_1_204' title='bbox 1106 2500 1300 2555; x_wconf 83' lang='lat' dir='ltr'><strong>famem</strong></span> <span class='ocrx_word' id='word_1_205' title='bbox 1325 2502 1462 2555; x_wconf 87' lang='lat' dir='ltr'><strong>ferre</strong></span> <span class='ocrx_word' id='word_1_206' title='bbox 1492 2511 1544 2556; x_wconf 93' lang='lat' dir='ltr'><strong>et</strong></span> <span class='ocrx_word' id='word_1_207' title='bbox 1573 2509 1882 2572; x_wconf 83' lang='lat' dir='ltr'><strong>egestatem.</strong></span> <span class='ocrx_word' id='word_1_208' title='bbox 1916 2500 1984 2554; x_wconf 86' lang='lat' dir='ltr'><strong>Et</strong></span> 
     </span>
    </p>
   </div>
   <div class='ocr_carea' id='block_1_26' title="bbox 404 2593 1979 2665">
    <p class='ocr_par' dir='ltr' id='par_1_26' title="bbox 404 2593 1979 2665">
     <span class='ocr_line' id='line_1_26' title="bbox 404 2593 1979 2665; baseline -0.001 -17"><span class='ocrx_word' id='word_1_209' title='bbox 404 2595 681 2659; x_wconf 83' lang='lat' dir='ltr'><strong>abundare,</strong></span> <span class='ocrx_word' id='word_1_210' title='bbox 710 2604 757 2649; x_wconf 89' lang='lat' dir='ltr'><strong>et</strong></span> <span class='ocrx_word' id='word_1_211' title='bbox 781 2611 945 2665; x_wconf 86' lang='lat' dir='ltr'><strong>egere.</strong></span> <span class='ocrx_word' id='word_1_212' title='bbox 967 2593 1080 2662; x_wconf 69' lang='lat' dir='ltr'><strong>Nm,</strong></span> <span class='ocrx_word' id='word_1_213' title='bbox 1105 2594 1344 2663; x_wconf 86' lang='lat' dir='ltr'><strong>inquies;</strong></span> <span class='ocrx_word' id='word_1_214' title='bbox 1374 2594 1466 2648; x_wconf 91' lang='lat' dir='ltr'><strong>sed</strong></span> <span class='ocrx_word' id='word_1_215' title='bbox 1489 2593 1589 2649; x_wconf 91' lang='lat' dir='ltr'><strong>hoc</strong></span> <span class='ocrx_word' id='word_1_216' title='bbox 1609 2596 1844 2649; x_wconf 73' lang='lat' dir='ltr'><strong>scientia:</strong></span> <span class='ocrx_word' id='word_1_217' title='bbox 1873 2610 1979 2649; x_wconf 92' lang='lat' dir='ltr'><strong>non</strong></span> 
     </span>
    </p>
   </div>
   <div class='ocr_carea' id='block_1_27' title="bbox 407 2686 1984 2761">
    <p class='ocr_par' dir='ltr' id='par_1_27' title="bbox 407 2686 1984 2761">
     <span class='ocr_line' id='line_1_27' title="bbox 407 2686 1984 2761; baseline 0 -15"><span class='ocrx_word' id='word_1_218' title='bbox 407 2698 488 2747; x_wconf 90' lang='lat' dir='ltr'><strong>est</strong></span> <span class='ocrx_word' id='word_1_219' title='bbox 514 2705 687 2761; x_wconf 89' lang='lat' dir='ltr'><strong>neque</strong></span> <span class='ocrx_word' id='word_1_220' title='bbox 718 2688 924 2745; x_wconf 86' lang='lat' dir='ltr'><strong>virtutis</strong></span> <span class='ocrx_word' id='word_1_221' title='bbox 943 2732 957 2759; x_wconf 92' lang='lat'><strong>,</strong></span> <span class='ocrx_word' id='word_1_222' title='bbox 985 2687 1277 2745; x_wconf 85' lang='lat' dir='ltr'><strong>abundare.</strong></span> <span class='ocrx_word' id='word_1_223' title='bbox 1325 2686 1435 2745; x_wconf 84' lang='lat' dir='ltr'><strong>lino</strong></span> <span class='ocrx_word' id='word_1_224' title='bbox 1461 2704 1589 2745; x_wconf 86' lang='lat' dir='ltr'><strong>vero</strong></span> <span class='ocrx_word' id='word_1_225' title='bbox 1618 2688 1845 2747; x_wconf 84' lang='lat' dir='ltr'><strong>maxime</strong></span> <span class='ocrx_word' id='word_1_226' title='bbox 1873 2688 1984 2746; x_wconf 89' lang='lat' dir='ltr'><strong>vir-</strong></span> 
     </span>
    </p>
   </div>
   <div class='ocr_carea' id='block_1_28' title="bbox 409 2783 1981 2853">
    <p class='ocr_par' dir='ltr' id='par_1_28' title="bbox 409 2783 1981 2853">
     <span class='ocr_line' id='line_1_28' title="bbox 409 2783 1981 2853; baseline 0.001 -17"><span class='ocrx_word' id='word_1_227' title='bbox 409 2784 535 2837; x_wconf 90' lang='lat' dir='ltr'><strong>tutis</strong></span> <span class='ocrx_word' id='word_1_228' title='bbox 555 2793 656 2849; x_wconf 86' lang='lat' dir='ltr'><strong>est,</strong></span> <span class='ocrx_word' id='word_1_229' title='bbox 689 2798 789 2838; x_wconf 88' lang='lat' dir='ltr'><strong>nec</strong></span> <span class='ocrx_word' id='word_1_230' title='bbox 818 2783 994 2837; x_wconf 89' lang='lat' dir='ltr'><strong>minus</strong></span> <span class='ocrx_word' id='word_1_231' title='bbox 1014 2798 1170 2853; x_wconf 91' lang='lat' dir='ltr'><strong>quam</strong></span> <span class='ocrx_word' id='word_1_232' title='bbox 1196 2783 1345 2837; x_wconf 92' lang='lat' dir='ltr'><strong>illud.</strong></span> <span class='ocrx_word' id='word_1_233' title='bbox 1366 2783 1679 2851; x_wconf 83' lang='lat' dir='ltr'><strong>Quomodo?</strong></span> <span class='ocrx_word' id='word_1_234' title='bbox 1701 2785 1981 2853; x_wconf 85' lang='lat' dir='ltr'><strong>Quoniam,</strong></span> 
     </span>
    </p>
   </div>
   <div class='ocr_carea' id='block_1_29' title="bbox 407 2873 1985 2944">
    <p class='ocr_par' dir='ltr' id='par_1_29' title="bbox 407 2873 1985 2944">
     <span class='ocr_line' id='line_1_29' title="bbox 407 2873 1985 2944; baseline 0.003 -17"><span class='ocrx_word' id='word_1_235' title='bbox 407 2874 851 2943; x_wconf 87' lang='lat' dir='ltr'><strong>quemadmodum</strong></span> <span class='ocrx_word' id='word_1_236' title='bbox 879 2883 1087 2944; x_wconf 84' lang='lat' dir='ltr'><strong>egestas</strong></span> <span class='ocrx_word' id='word_1_237' title='bbox 1131 2873 1199 2928; x_wconf 88' lang='lat' dir='ltr'><strong>ad</strong></span> <span class='ocrx_word' id='word_1_238' title='bbox 1237 2875 1402 2929; x_wconf 89' lang='lat' dir='ltr'><strong>multa</strong></span> <span class='ocrx_word' id='word_1_239' title='bbox 1444 2876 1580 2929; x_wconf 87' lang='lat' dir='ltr'><strong>mala</strong></span> <span class='ocrx_word' id='word_1_240' title='bbox 1622 2875 1864 2931; x_wconf 84' lang='lat' dir='ltr'><strong>facienda</strong></span> <span class='ocrx_word' id='word_1_241' title='bbox 1891 2877 1985 2932; x_wconf 86' lang='lat' dir='ltr'><strong>ad-</strong></span> 
     </span>
    </p>
   </div>
   <div class='ocr_carea' id='block_1_30' title="bbox 408 2966 1125 3031">
    <p class='ocr_par' dir='ltr' id='par_1_30' title="bbox 408 2966 1125 3031">
     <span class='ocr_line' id='line_1_30' title="bbox 408 2966 1125 3031; baseline 0.001 -11"><span class='ocrx_word' id='word_1_242' title='bbox 408 2967 570 3031; x_wconf 80' lang='lat' dir='ltr'><strong>ducit,</strong></span> <span class='ocrx_word' id='word_1_243' title='bbox 605 2967 673 3019; x_wconf 91' lang='lat' dir='ltr'><strong>ita</strong></span> <span class='ocrx_word' id='word_1_244' title='bbox 701 2975 753 3020; x_wconf 92' lang='lat' dir='ltr'><strong>et</strong></span> <span class='ocrx_word' id='word_1_245' title='bbox 781 2966 1125 3022; x_wconf 89' lang='lat' dir='ltr'><strong>abundantia.</strong></span> 
     </span>
    </p>
   </div>
   <div class='ocr_carea' id='block_1_31' title="bbox 477 3057 1987 3128">
    <p class='ocr_par' dir='ltr' id='par_1_31' title="bbox 477 3057 1987 3128">
     <span class='ocr_line' id='line_1_31' title="bbox 477 3057 1987 3128; baseline 0.004 -18"><span class='ocrx_word' id='word_1_246' title='bbox 477 3057 531 3110; x_wconf 76' lang='lat'><strong>‘2.</strong></span> <span class='ocrx_word' id='word_1_247' title='bbox 575 3058 725 3112; x_wconf 77' lang='lat' dir='ltr'><strong>Multi</strong></span> <span class='ocrx_word' id='word_1_248' title='bbox 767 3059 909 3113; x_wconf 91' lang='lat' dir='ltr'><strong>enim</strong></span> <span class='ocrx_word' id='word_1_249' title='bbox 938 3075 1099 3128; x_wconf 68' lang='lat' dir='ltr'><strong>saape,</strong></span> <span class='ocrx_word' id='word_1_250' title='bbox 1131 3074 1250 3113; x_wconf 90' lang='lat' dir='ltr'><strong>cum</strong></span> <span class='ocrx_word' id='word_1_251' title='bbox 1278 3060 1342 3114; x_wconf 91' lang='lat' dir='ltr'><strong>ad</strong></span> <span class='ocrx_word' id='word_1_252' title='bbox 1373 3059 1510 3115; x_wconf 90' lang='lat' dir='ltr'><strong>hanc</strong></span> <span class='ocrx_word' id='word_1_253' title='bbox 1536 3076 1717 3117; x_wconf 90' lang='lat' dir='ltr'><strong>rerum</strong></span> <span class='ocrx_word' id='word_1_254' title='bbox 1759 3061 1987 3117; x_wconf 85' lang='lat' dir='ltr'><strong>afﬂuen-</strong></span> 
     </span>
    </p>
   </div>
   <div class='ocr_carea' id='block_1_32' title="bbox 411 3150 1987 3224">
    <p class='ocr_par' dir='ltr' id='par_1_32' title="bbox 411 3150 1987 3224">
     <span class='ocr_line' id='line_1_32' title="bbox 411 3150 1987 3224; baseline 0.004 -21"><span class='ocrx_word' id='word_1_255' title='bbox 411 3150 537 3204; x_wconf 87' lang='lat' dir='ltr'><strong>tiam</strong></span> <span class='ocrx_word' id='word_1_256' title='bbox 568 3150 968 3219; x_wconf 85' lang='lat' dir='ltr'><strong>perveuissent,</strong></span> <span class='ocrx_word' id='word_1_257' title='bbox 996 3151 1249 3206; x_wconf 89' lang='lat' dir='ltr'><strong>socordes</strong></span> <span class='ocrx_word' id='word_1_258' title='bbox 1290 3152 1411 3206; x_wconf 88' lang='lat' dir='ltr'><strong>facti</strong></span> <span class='ocrx_word' id='word_1_259' title='bbox 1459 3162 1625 3222; x_wconf 91' lang='lat' dir='ltr'><strong>sunt,</strong></span> <span class='ocrx_word' id='word_1_260' title='bbox 1661 3156 1987 3224; x_wconf 86' lang='lat' dir='ltr'><strong>prosperita-</strong></span> 
     </span>
    </p>
   </div>
   <div class='ocr_carea' id='block_1_33' title="bbox 411 3240 1990 3315">
    <p class='ocr_par' dir='ltr' id='par_1_33' title="bbox 411 3240 1990 3315">
     <span class='ocr_line' id='line_1_33' title="bbox 411 3240 1990 3315; baseline 0.005 -21"><span class='ocrx_word' id='word_1_261' title='bbox 411 3252 625 3311; x_wconf 90' lang='lat' dir='ltr'><strong>temque</strong></span> <span class='ocrx_word' id='word_1_262' title='bbox 651 3240 792 3294; x_wconf 90' lang='lat' dir='ltr'><strong>ferre</strong></span> <span class='ocrx_word' id='word_1_263' title='bbox 827 3242 1136 3296; x_wconf 78' lang='lat' dir='ltr'><strong>nescierunt</strong></span> <span class='ocrx_word' id='word_1_264' title='bbox 1169 3260 1181 3295; x_wconf 92' lang='lat'>:</span> <span class='ocrx_word' id='word_1_265' title='bbox 1214 3244 1392 3296; x_wconf 85' lang='lat' dir='ltr'><strong>multis</strong></span> <span class='ocrx_word' id='word_1_266' title='bbox 1419 3259 1598 3299; x_wconf 90' lang='lat' dir='ltr'><strong>rerum</strong></span> <span class='ocrx_word' id='word_1_267' title='bbox 1641 3247 1793 3315; x_wconf 90' lang='lat' dir='ltr'><strong>copia</strong></span> <span class='ocrx_word' id='word_1_268' title='bbox 1836 3262 1990 3302; x_wconf 87' lang='lat' dir='ltr'><strong>occa-</strong></span> 
     </span>
    </p>
   </div>
   <div class='ocr_carea' id='block_1_34' title="bbox 411 3334 1989 3395">
    <p class='ocr_par' dir='ltr' id='par_1_34' title="bbox 411 3334 1989 3395">
     <span class='ocr_line' id='line_1_34' title="bbox 411 3334 1989 3395; baseline 0.004 -8"><span class='ocrx_word' id='word_1_269' title='bbox 411 3335 615 3387; x_wconf 88' lang='lat' dir='ltr'><strong>sionem</strong></span> <span class='ocrx_word' id='word_1_270' title='bbox 644 3334 887 3387; x_wconf 88' lang='lat' dir='ltr'><strong>cessandi</strong></span> <span class='ocrx_word' id='word_1_271' title='bbox 918 3334 1085 3388; x_wconf 86' lang='lat' dir='ltr'><strong>dedit.</strong></span> <span class='ocrx_word' id='word_1_272' title='bbox 1136 3334 1249 3389; x_wconf 90' lang='lat' dir='ltr'><strong>Non</strong></span> <span class='ocrx_word' id='word_1_273' title='bbox 1293 3336 1362 3390; x_wconf 90' lang='lat' dir='ltr'><strong>ita</strong></span> <span class='ocrx_word' id='word_1_274' title='bbox 1406 3336 1645 3392; x_wconf 86' lang='lat' dir='ltr'><strong>Paulus:</strong></span> <span class='ocrx_word' id='word_1_275' title='bbox 1697 3355 1817 3393; x_wconf 90' lang='lat' dir='ltr'><strong>nam</strong></span> <span class='ocrx_word' id='word_1_276' title='bbox 1867 3356 1989 3395; x_wconf 93' lang='lat' dir='ltr'><strong>cum</strong></span> 
     </span>
    </p>
   </div>
   <div class='ocr_carea' id='block_1_35' title="bbox 413 3423 1992 3492">
    <p class='ocr_par' dir='ltr' id='par_1_35' title="bbox 413 3423 1992 3492">
     <span class='ocr_line' id='line_1_35' title="bbox 413 3423 1992 3492; baseline 0.006 -16"><span class='ocrx_word' id='word_1_277' title='bbox 413 3423 705 3492; x_wconf 86' lang='lat' dir='ltr'><strong>acciperet,</strong></span> <span class='ocrx_word' id='word_1_278' title='bbox 738 3423 790 3476; x_wconf 92' lang='lat' dir='ltr'><strong>in</strong></span> <span class='ocrx_word' id='word_1_279' title='bbox 828 3424 961 3477; x_wconf 89' lang='lat' dir='ltr'><strong>alios</strong></span> <span class='ocrx_word' id='word_1_280' title='bbox 993 3425 1298 3479; x_wconf 84' lang='lat' dir='ltr'><strong>insumebat</strong></span> <span class='ocrx_word' id='word_1_281' title='bbox 1322 3436 1374 3480; x_wconf 92' lang='lat' dir='ltr'><strong>et</strong></span> <span class='ocrx_word' id='word_1_282' title='bbox 1399 3427 1723 3485; x_wconf 74' lang='lat' dir='ltr'><strong>effundebat.</strong></span> <span class='ocrx_word' id='word_1_283' title='bbox 1759 3431 1869 3486; x_wconf 92' lang='lat' dir='ltr'><strong>lloc</strong></span> <span class='ocrx_word' id='word_1_284' title='bbox 1898 3449 1992 3486; x_wconf 83' lang='lat' dir='ltr'><strong>au-</strong></span> 
     </span>
    </p>
   </div>
   <div class='ocr_carea' id='block_1_36' title="bbox 416 3514 1991 3592">
    <p class='ocr_par' dir='ltr' id='par_1_36' title="bbox 416 3514 1991 3592">
     <span class='ocr_line' id='line_1_36' title="bbox 416 3514 1991 3592; baseline 0.006 -25"><span class='ocrx_word' id='word_1_285' title='bbox 416 3523 522 3567; x_wconf 91' lang='lat' dir='ltr'><strong>tem</strong></span> <span class='ocrx_word' id='word_1_286' title='bbox 547 3521 629 3567; x_wconf 88' lang='lat' dir='ltr'><strong>est</strong></span> <span class='ocrx_word' id='word_1_287' title='bbox 659 3514 796 3567; x_wconf 91' lang='lat' dir='ltr'><strong>scire</strong></span> <span class='ocrx_word' id='word_1_288' title='bbox 826 3515 900 3567; x_wconf 89' lang='lat' dir='ltr'><strong>uti</strong></span> <span class='ocrx_word' id='word_1_289' title='bbox 944 3529 1005 3569; x_wconf 91' lang='lat' dir='ltr'><strong>re</strong></span> <span class='ocrx_word' id='word_1_290' title='bbox 1044 3530 1157 3568; x_wconf 83' lang='lat' dir='ltr'><strong>sua.</strong></span> <span class='ocrx_word' id='word_1_291' title='bbox 1190 3515 1304 3570; x_wconf 92' lang='lat' dir='ltr'><strong>Non</strong></span> <span class='ocrx_word' id='word_1_292' title='bbox 1336 3518 1640 3573; x_wconf 90' lang='lat' dir='ltr'><strong>remittebat</strong></span> <span class='ocrx_word' id='word_1_293' title='bbox 1667 3522 1991 3592; x_wconf 86' lang='lat' dir='ltr'><strong>diligentiam</strong></span> 
     </span>
    </p>
   </div>
   <div class='ocr_carea' id='block_1_37' title="bbox 414 3604 1991 3677">
    <p class='ocr_par' dir='ltr' id='par_1_37' title="bbox 414 3604 1991 3677">
     <span class='ocr_line' id='line_1_37' title="bbox 414 3604 1991 3677; baseline 0.006 -20"><span class='ocrx_word' id='word_1_294' title='bbox 414 3620 588 3671; x_wconf 90' lang='lat' dir='ltr'><strong>suam,</strong></span> <span class='ocrx_word' id='word_1_295' title='bbox 617 3620 722 3658; x_wconf 92' lang='lat' dir='ltr'><strong>non</strong></span> <span class='ocrx_word' id='word_1_296' title='bbox 746 3604 814 3659; x_wconf 92' lang='lat' dir='ltr'><strong>de</strong></span> <span class='ocrx_word' id='word_1_297' title='bbox 833 3606 1154 3661; x_wconf 88' lang='lat' dir='ltr'><strong>abundantia</strong></span> <span class='ocrx_word' id='word_1_298' title='bbox 1185 3622 1281 3662; x_wconf 91' lang='lat' dir='ltr'><strong>sua</strong></span> <span class='ocrx_word' id='word_1_299' title='bbox 1303 3609 1601 3677; x_wconf 72' lang='lat' dir='ltr'><strong>lrembatur,</strong></span> <span class='ocrx_word' id='word_1_300' title='bbox 1626 3611 1720 3666; x_wconf 89' lang='lat' dir='ltr'><strong>sed</strong></span> <span class='ocrx_word' id='word_1_301' title='bbox 1746 3612 1991 3667; x_wconf 87' lang='lat' dir='ltr'><strong>eumdem</strong></span> 
     </span>
    </p>
   </div>
   <div class='ocr_carea' id='block_1_38' title="bbox 415 3695 1995 3773">
    <p class='ocr_par' dir='ltr' id='par_1_38' title="bbox 415 3695 1995 3773">
     <span class='ocr_line' id='line_1_38' title="bbox 415 3695 1995 3773; baseline 0.006 -24"><span class='ocrx_word' id='word_1_302' title='bbox 415 3711 475 3749; x_wconf 90' lang='lat' dir='ltr'><strong>se</strong></span> <span class='ocrx_word' id='word_1_303' title='bbox 503 3695 787 3765; x_wconf 69' lang='lat' dir='ltr'><strong>prazstabat</strong></span> <span class='ocrx_word' id='word_1_304' title='bbox 835 3696 888 3750; x_wconf 91' lang='lat' dir='ltr'><strong>in</strong></span> <span class='ocrx_word' id='word_1_305' title='bbox 930 3706 1165 3765; x_wconf 90' lang='lat' dir='ltr'><strong>egestate</strong></span> <span class='ocrx_word' id='word_1_306' title='bbox 1194 3708 1247 3752; x_wconf 92' lang='lat' dir='ltr'><strong>et</strong></span> <span class='ocrx_word' id='word_1_307' title='bbox 1274 3699 1625 3767; x_wconf 89' lang='lat' dir='ltr'><strong>abundantia,</strong></span> <span class='ocrx_word' id='word_1_308' title='bbox 1667 3719 1841 3773; x_wconf 91' lang='lat' dir='ltr'><strong>neque</strong></span> <span class='ocrx_word' id='word_1_309' title='bbox 1868 3704 1995 3759; x_wconf 86' lang='lat' dir='ltr'><strong>inde</strong></span> 
     </span>
    </p>
   </div>
   <div class='ocr_carea' id='block_1_39' title="bbox 417 3787 1992 3865">
    <p class='ocr_par' dir='ltr' id='par_1_39' title="bbox 417 3787 1992 3865">
     <span class='ocr_line' id='line_1_39' title="bbox 417 3787 1992 3865; baseline 0.004 -24"><span class='ocrx_word' id='word_1_310' title='bbox 417 3802 724 3858; x_wconf 86' lang='lat' dir='ltr'><strong>oppressus,</strong></span> <span class='ocrx_word' id='word_1_311' title='bbox 750 3803 920 3857; x_wconf 90' lang='lat' dir='ltr'><strong>neque</strong></span> <span class='ocrx_word' id='word_1_312' title='bbox 941 3787 1065 3842; x_wconf 93' lang='lat' dir='ltr'><strong>hinc</strong></span> <span class='ocrx_word' id='word_1_313' title='bbox 1087 3787 1321 3844; x_wconf 87' lang='lat' dir='ltr'><strong>inﬂatus.</strong></span> <span class='ocrx_word' id='word_1_314' title='bbox 1344 3789 1482 3865; x_wconf 80' lang='lat' dir='ltr'><strong>Scio,</strong></span> <span class='ocrx_word' id='word_1_315' title='bbox 1512 3791 1703 3861; x_wconf 92' lang='lat' dir='ltr'><strong>inquit,</strong></span> <span class='ocrx_word' id='word_1_316' title='bbox 1732 3806 1777 3847; x_wconf 90' lang='lat' dir='ltr'><strong>et</strong></span> <span class='ocrx_word' id='word_1_317' title='bbox 1796 3795 1992 3861; x_wconf 88' lang='lat' dir='ltr'><strong>satiari,</strong></span> 
     </span>
    </p>
   </div>
   <div class='ocr_carea' id='block_1_40' title="bbox 418 3878 1986 3952">
    <p class='ocr_par' dir='ltr' id='par_1_40' title="bbox 418 3878 1986 3952">
     <span class='ocr_line' id='line_1_40' title="bbox 418 3878 1986 3952; baseline 0.005 -21"><span class='ocrx_word' id='word_1_318' title='bbox 418 3888 463 3931; x_wconf 88' lang='lat' dir='ltr'><strong>et</strong></span> <span class='ocrx_word' id='word_1_319' title='bbox 490 3879 711 3943; x_wconf 76' lang='lat' dir='ltr'><strong>esurire;</strong></span> <span class='ocrx_word' id='word_1_320' title='bbox 738 3887 785 3931; x_wconf 91' lang='lat' dir='ltr'><strong>et</strong></span> <span class='ocrx_word' id='word_1_321' title='bbox 805 3878 1084 3944; x_wconf 86' lang='lat' dir='ltr'><strong>abundare,</strong></span> <span class='ocrx_word' id='word_1_322' title='bbox 1111 3888 1157 3933; x_wconf 89' lang='lat' dir='ltr'><strong>et</strong></span> <span class='ocrx_word' id='word_1_323' title='bbox 1186 3882 1448 3948; x_wconf 85' lang='lat' dir='ltr'><strong>penuriam</strong></span> <span class='ocrx_word' id='word_1_324' title='bbox 1489 3884 1616 3952; x_wconf 86' lang='lat' dir='ltr'><strong>pati.</strong></span> <span class='ocrx_word' id='word_1_325' title='bbox 1667 3884 1810 3938; x_wconf 84' lang='lat' dir='ltr'><strong>Multi</strong></span> <span class='ocrx_word' id='word_1_326' title='bbox 1841 3897 1986 3951; x_wconf 90' lang='lat' dir='ltr'><strong>sunt,</strong></span> 
     </span>
    </p>
   </div>
   <div class='ocr_carea' id='block_1_41' title="bbox 417 3969 1997 4040">
    <p class='ocr_par' dir='ltr' id='par_1_41' title="bbox 417 3969 1997 4040">
     <span class='ocr_line' id='line_1_41' title="bbox 417 3969 1997 4040; baseline 0.009 -22"><span class='ocrx_word' id='word_1_327' title='bbox 417 3970 506 4037; x_wconf 91' lang='lat' dir='ltr'><strong>qui</strong></span> <span class='ocrx_word' id='word_1_328' title='bbox 538 3969 784 4022; x_wconf 89' lang='lat' dir='ltr'><strong>nesciunt</strong></span> <span class='ocrx_word' id='word_1_329' title='bbox 828 3970 1078 4033; x_wconf 91' lang='lat' dir='ltr'><strong>saturari,</strong></span> <span class='ocrx_word' id='word_1_330' title='bbox 1111 3970 1555 4038; x_wconf 90' lang='lat' dir='ltr'><strong>quemadmodum</strong></span> <span class='ocrx_word' id='word_1_331' title='bbox 1604 3973 1890 4040; x_wconf 72' lang='lat' dir='ltr'><strong>lsraelitm;</strong></span> <span class='ocrx_word' id='word_1_332' title='bbox 1922 3977 1997 4032; x_wconf 91' lang='lat' dir='ltr'><strong>illi</strong></span> 
     </span>
    </p>
   </div>
   <div class='ocr_carea' id='block_1_42' title="bbox 420 4058 1997 4135">
    <p class='ocr_par' dir='ltr' id='par_1_42' title="bbox 420 4058 1997 4135">
     <span class='ocr_line' id='line_1_42' title="bbox 420 4058 1997 4135; baseline 0.007 -23"><span class='ocrx_word' id='word_1_333' title='bbox 420 4058 560 4115; x_wconf 85' lang='lat' dir='ltr'><strong>enim</strong></span> <span class='ocrx_word' id='word_1_334' title='bbox 588 4059 964 4122; x_wconf 87' lang='lat' dir='ltr'><strong>comedebant,</strong></span> <span class='ocrx_word' id='word_1_335' title='bbox 991 4067 1044 4113; x_wconf 93' lang='lat' dir='ltr'><strong>ct</strong></span> <span class='ocrx_word' id='word_1_336' title='bbox 1069 4060 1418 4115; x_wconf 91' lang='lat' dir='ltr'><strong>caleitrabant</strong></span> <span class='ocrx_word' id='word_1_337' title='bbox 1438 4062 1613 4134; x_wconf 86' lang='lat' dir='ltr'><strong>(Deut.</strong></span> <span class='ocrx_word' id='word_1_338' title='bbox 1637 4065 1725 4119; x_wconf 75' lang='grc'><strong>52.</strong></span> <span class='ocrx_word' id='word_1_339' title='bbox 1750 4066 1863 4135; x_wconf 86' lang='grc'><strong>15).</strong></span> <span class='ocrx_word' id='word_1_340' title='bbox 1891 4068 1997 4123; x_wconf 90' lang='lat' dir='ltr'><strong>Sed</strong></span> 
     </span>
    </p>
   </div>
   <div class='ocr_carea' id='block_1_43' title="bbox 420 4150 1995 4221">
    <p class='ocr_par' dir='ltr' id='par_1_43' title="bbox 420 4150 1995 4221">
     <span class='ocr_line' id='line_1_43' title="bbox 420 4150 1995 4221; baseline 0.006 -16"><span class='ocrx_word' id='word_1_341' title='bbox 420 4151 684 4217; x_wconf 84' lang='lat' dir='ltr'><strong>eamdem,</strong></span> <span class='ocrx_word' id='word_1_342' title='bbox 722 4150 911 4221; x_wconf 91' lang='lat' dir='ltr'><strong>inquit,</strong></span> <span class='ocrx_word' id='word_1_343' title='bbox 940 4152 1362 4209; x_wconf 88' lang='lat' dir='ltr'><strong>moderationem</strong></span> <span class='ocrx_word' id='word_1_344' title='bbox 1417 4170 1480 4210; x_wconf 89' lang='lat' dir='ltr'><strong>ac</strong></span> <span class='ocrx_word' id='word_1_345' title='bbox 1515 4156 1770 4213; x_wconf 90' lang='lat' dir='ltr'><strong>decorum</strong></span> <span class='ocrx_word' id='word_1_346' title='bbox 1817 4176 1995 4217; x_wconf 89' lang='lat' dir='ltr'><strong>servo.</strong></span> 
     </span>
    </p>
   </div>
   <div class='ocr_carea' id='block_1_44' title="bbox 420 4243 1999 4321">
    <p class='ocr_par' dir='ltr' id='par_1_44' title="bbox 420 4243 1999 4321">
     <span class='ocr_line' id='line_1_44' title="bbox 420 4243 1999 4321; baseline 0.007 -23"><span class='ocrx_word' id='word_1_347' title='bbox 420 4243 666 4298; x_wconf 88' lang='lat' dir='ltr'><strong>Ostendit</strong></span> <span class='ocrx_word' id='word_1_348' title='bbox 692 4259 865 4313; x_wconf 91' lang='lat' dir='ltr'><strong>neque</strong></span> <span class='ocrx_word' id='word_1_349' title='bbox 888 4261 1029 4300; x_wconf 91' lang='lat' dir='ltr'><strong>nunc</strong></span> <span class='ocrx_word' id='word_1_350' title='bbox 1057 4262 1115 4302; x_wconf 91' lang='lat' dir='ltr'><strong>se</strong></span> <span class='ocrx_word' id='word_1_351' title='bbox 1142 4249 1493 4318; x_wconf 87' lang='lat' dir='ltr'><strong>voluptatem,</strong></span> <span class='ocrx_word' id='word_1_352' title='bbox 1524 4266 1695 4321; x_wconf 90' lang='lat' dir='ltr'><strong>neque</strong></span> <span class='ocrx_word' id='word_1_353' title='bbox 1722 4263 1876 4309; x_wconf 87' lang='lat' dir='ltr'><strong>antea</strong></span> <span class='ocrx_word' id='word_1_354' title='bbox 1902 4256 1999 4309; x_wconf 86' lang='lat' dir='ltr'><strong>do-</strong></span> 
     </span>
    </p>
   </div>
   <div class='ocr_carea' id='block_1_45' title="bbox 422 4335 1998 4414">
    <p class='ocr_par' dir='ltr' id='par_1_45' title="bbox 422 4335 1998 4414">
     <span class='ocr_line' id='line_1_45' title="bbox 422 4335 1998 4414; baseline 0.01 -26"><span class='ocrx_word' id='word_1_355' title='bbox 422 4335 589 4390; x_wconf 90' lang='lat' dir='ltr'><strong>lorem</strong></span> <span class='ocrx_word' id='word_1_356' title='bbox 616 4337 844 4404; x_wconf 89' lang='lat' dir='ltr'><strong>cepisse,</strong></span> <span class='ocrx_word' id='word_1_357' title='bbox 895 4345 988 4391; x_wconf 89' lang='lat' dir='ltr'><strong>aut</strong></span> <span class='ocrx_word' id='word_1_358' title='bbox 1014 4338 1060 4392; x_wconf 91' lang='lat' dir='ltr'><strong>si</strong></span> <span class='ocrx_word' id='word_1_359' title='bbox 1101 4340 1325 4409; x_wconf 90' lang='lat' dir='ltr'><strong>ceperit,</strong></span> <span class='ocrx_word' id='word_1_360' title='bbox 1375 4356 1479 4396; x_wconf 92' lang='lat' dir='ltr'><strong>non</strong></span> <span class='ocrx_word' id='word_1_361' title='bbox 1524 4358 1618 4396; x_wconf 87' lang='lat' dir='ltr'><strong>sua</strong></span> <span class='ocrx_word' id='word_1_362' title='bbox 1672 4344 1873 4414; x_wconf 88' lang='lat' dir='ltr'><strong>ipsius,</strong></span> <span class='ocrx_word' id='word_1_363' title='bbox 1901 4348 1998 4402; x_wconf 87' lang='lat' dir='ltr'><strong>sed</strong></span> 
     </span>
    </p>
   </div>
   <div class='ocr_carea' id='block_1_46' title="bbox 424 4427 1995 4500">
    <p class='ocr_par' dir='ltr' id='par_1_46' title="bbox 424 4427 1995 4500">
     <span class='ocr_line' id='line_1_46' title="bbox 424 4427 1995 4500; baseline 0.008 -22"><span class='ocrx_word' id='word_1_364' title='bbox 424 4427 659 4493; x_wconf 89' lang='lat' dir='ltr'><strong>ipsorum</strong></span> <span class='ocrx_word' id='word_1_365' title='bbox 686 4439 845 4480; x_wconf 89' lang='lat' dir='ltr'><strong>causa</strong></span> <span class='ocrx_word' id='word_1_366' title='bbox 866 4444 879 4479; x_wconf 91' lang='lat'>:</span> <span class='ocrx_word' id='word_1_367' title='bbox 914 4427 1027 4498; x_wconf 92' lang='lat' dir='ltr'><strong>ipse</strong></span> <span class='ocrx_word' id='word_1_368' title='bbox 1052 4430 1247 4500; x_wconf 91' lang='lat' dir='ltr'><strong>quippe</strong></span> <span class='ocrx_word' id='word_1_369' title='bbox 1272 4432 1460 4487; x_wconf 92' lang='lat' dir='ltr'><strong>eodem</strong></span> <span class='ocrx_word' id='word_1_370' title='bbox 1482 4448 1540 4488; x_wconf 85' lang='lat' dir='ltr'><strong>se</strong></span> <span class='ocrx_word' id='word_1_371' title='bbox 1562 4434 1789 4491; x_wconf 89' lang='lat' dir='ltr'><strong>habebat</strong></span> <span class='ocrx_word' id='word_1_372' title='bbox 1815 4438 1995 4494; x_wconf 92' lang='lat' dir='ltr'><strong>modo.</strong></span> 
     </span>
    </p>
   </div>
   <div class='ocr_carea' id='block_1_47' title="bbox 426 4519 1998 4598">
    <p class='ocr_par' dir='ltr' id='par_1_47' title="bbox 426 4519 1998 4598">
     <span class='ocr_line' id='line_1_47' title="bbox 426 4519 1998 4598; baseline 0.008 -24"><span class='ocrx_word' id='word_1_373' title='bbox 426 4519 621 4588; x_wconf 87' lang='lat' dir='ltr'><strong>Ubique</strong></span> <span class='ocrx_word' id='word_1_374' title='bbox 658 4521 789 4573; x_wconf 90' lang='lat' dir='ltr'><strong>enim</strong></span> <span class='ocrx_word' id='word_1_375' title='bbox 813 4562 827 4584; x_wconf 92' lang='lat'><strong>,</strong></span> <span class='ocrx_word' id='word_1_376' title='bbox 857 4532 903 4574; x_wconf 86' lang='lat' dir='ltr'><strong>et</strong></span> <span class='ocrx_word' id='word_1_377' title='bbox 934 4522 987 4575; x_wconf 85' lang='lat' dir='ltr'><strong>in</strong></span> <span class='ocrx_word' id='word_1_378' title='bbox 1012 4523 1241 4579; x_wconf 81' lang='lat' dir='ltr'><strong>omnibus</strong></span> <span class='ocrx_word' id='word_1_379' title='bbox 1265 4526 1523 4580; x_wconf 87' lang='lat' dir='ltr'><strong>institutus</strong></span> <span class='ocrx_word' id='word_1_380' title='bbox 1549 4545 1679 4583; x_wconf 87' lang='lat' dir='ltr'><strong>sum.</strong></span> <span class='ocrx_word' id='word_1_381' title='bbox 1711 4529 1767 4584; x_wconf 86' lang='lat' dir='ltr'><strong>Id</strong></span> <span class='ocrx_word' id='word_1_382' title='bbox 1794 4539 1877 4585; x_wconf 89' lang='lat' dir='ltr'><strong>est</strong></span> <span class='ocrx_word' id='word_1_383' title='bbox 1896 4573 1910 4598; x_wconf 96' lang='lat'><strong>,</strong></span> <span class='ocrx_word' id='word_1_384' title='bbox 1943 4532 1998 4587; x_wconf 94' lang='lat' dir='ltr'><strong>In</strong></span> 
     </span>
    </p>
   </div>
   <div class='ocr_carea' id='block_1_48' title="bbox 423 4612 1996 4693">
    <p class='ocr_par' dir='ltr' id='par_1_48' title="bbox 423 4612 1996 4693">
     <span class='ocr_line' id='line_1_48' title="bbox 423 4612 1996 4693; baseline 0.009 -29"><span class='ocrx_word' id='word_1_385' title='bbox 423 4612 524 4666; x_wconf 94' lang='lat' dir='ltr'><strong>hoc</strong></span> <span class='ocrx_word' id='word_1_386' title='bbox 550 4612 707 4681; x_wconf 88' lang='lat' dir='ltr'><strong>longo</strong></span> <span class='ocrx_word' id='word_1_387' title='bbox 735 4620 974 4681; x_wconf 89' lang='lat' dir='ltr'><strong>tempore</strong></span> <span class='ocrx_word' id='word_1_388' title='bbox 993 4616 1229 4669; x_wconf 92' lang='lat' dir='ltr'><strong>omnium</strong></span> <span class='ocrx_word' id='word_1_389' title='bbox 1252 4632 1429 4671; x_wconf 92' lang='lat' dir='ltr'><strong>rerum</strong></span> <span class='ocrx_word' id='word_1_390' title='bbox 1450 4620 1832 4687; x_wconf 83' lang='lat' dir='ltr'><strong>experientiam</strong></span> <span class='ocrx_word' id='word_1_391' title='bbox 1858 4624 1996 4693; x_wconf 92' lang='lat' dir='ltr'><strong>cepi,</strong></span> 
     </span>
    </p>
   </div>
   <div class='ocr_carea' id='block_1_49' title="bbox 422 4700 2000 4783">
    <p class='ocr_par' dir='ltr' id='par_1_49' title="bbox 422 4700 2000 4783">
     <span class='ocr_line' id='line_1_49' title="bbox 422 4700 2000 4783; baseline 0.01 -29"><span class='ocrx_word' id='word_1_392' title='bbox 422 4710 582 4771; x_wconf 90' lang='lat' dir='ltr'><strong>atque</strong></span> <span class='ocrx_word' id='word_1_393' title='bbox 616 4700 732 4756; x_wconf 67' lang='lat' dir='ltr'><strong>haec</strong></span> <span class='ocrx_word' id='word_1_394' title='bbox 760 4703 940 4757; x_wconf 90' lang='lat' dir='ltr'><strong>omnia</strong></span> <span class='ocrx_word' id='word_1_395' title='bbox 969 4705 1097 4758; x_wconf 91' lang='lat' dir='ltr'><strong>mihi</strong></span> <span class='ocrx_word' id='word_1_396' title='bbox 1125 4705 1262 4760; x_wconf 87' lang='lat' dir='ltr'><strong>bene</strong></span> <span class='ocrx_word' id='word_1_397' title='bbox 1292 4720 1689 4776; x_wconf 86' lang='lat' dir='ltr'><strong>processerunt.</strong></span> <span class='ocrx_word' id='word_1_398' title='bbox 1729 4712 1833 4767; x_wconf 90' lang='lat' dir='ltr'><strong>Sed</strong></span> <span class='ocrx_word' id='word_1_399' title='bbox 1867 4729 2000 4783; x_wconf 91' lang='lat' dir='ltr'><strong>quo-</strong></span> 
     </span>
    </p>
   </div>
   <div class='ocr_carea' id='block_1_50' title="bbox 422 4792 2000 4875">
    <p class='ocr_par' dir='ltr' id='par_1_50' title="bbox 422 4792 2000 4875">
     <span class='ocr_line' id='line_1_50' title="bbox 422 4792 2000 4875; baseline 0.011 -29"><span class='ocrx_word' id='word_1_400' title='bbox 422 4792 567 4848; x_wconf 86' lang='lat' dir='ltr'><strong>niam</strong></span> <span class='ocrx_word' id='word_1_401' title='bbox 596 4793 647 4848; x_wconf 92' lang='lat' dir='ltr'><strong>id</strong></span> <span class='ocrx_word' id='word_1_402' title='bbox 676 4797 1179 4866; x_wconf 86' lang='lat' dir='ltr'><strong>magniloquentiam</strong></span> <span class='ocrx_word' id='word_1_403' title='bbox 1210 4800 1511 4866; x_wconf 89' lang='lat' dir='ltr'><strong>redolebat,</strong></span> <span class='ocrx_word' id='word_1_404' title='bbox 1546 4804 1667 4858; x_wconf 86' lang='lat' dir='ltr'><strong>vide</strong></span> <span class='ocrx_word' id='word_1_405' title='bbox 1715 4821 1820 4874; x_wconf 89' lang='lat' dir='ltr'><strong>quo</strong></span> <span class='ocrx_word' id='word_1_406' title='bbox 1848 4816 2000 4875; x_wconf 87' lang='lat' dir='ltr'><strong>pacto</strong></span> 
     </span>
    </p>
   </div>
   <div class='ocr_carea' id='block_1_51' title="bbox 422 4886 1996 4968">
    <p class='ocr_par' dir='ltr' id='par_1_51' title="bbox 422 4886 1996 4968">
     <span class='ocr_line' id='line_1_51' title="bbox 422 4886 1996 4968; baseline 0.01 -30"><span class='ocrx_word' id='word_1_407' title='bbox 422 4900 580 4954; x_wconf 88' lang='lat' dir='ltr'><strong>quam</strong></span> <span class='ocrx_word' id='word_1_408' title='bbox 602 4886 829 4955; x_wconf 91' lang='lat' dir='ltr'><strong>primum</strong></span> <span class='ocrx_word' id='word_1_409' title='bbox 854 4887 1087 4957; x_wconf 87' lang='lat' dir='ltr'><strong>corrigat</strong></span> <span class='ocrx_word' id='word_1_410' title='bbox 1109 4909 1130 4967; x_wconf 24' lang='lat' dir='ltr'><strong>ﬁ:</strong></span> <span class='ocrx_word' id='word_1_411' title='bbox 1163 4890 1368 4959; x_wconf 84' lang='lat' dir='ltr'><strong>Omnia,</strong></span> <span class='ocrx_word' id='word_1_412' title='bbox 1393 4893 1582 4964; x_wconf 90' lang='lat' dir='ltr'><strong>inquit,</strong></span> <span class='ocrx_word' id='word_1_413' title='bbox 1609 4913 1811 4964; x_wconf 81' lang='lat' dir='ltr'><strong>possum</strong></span> <span class='ocrx_word' id='word_1_414' title='bbox 1838 4902 1891 4953; x_wconf 87' lang='lat' dir='ltr'><strong>in</strong></span> <span class='ocrx_word' id='word_1_415' title='bbox 1919 4917 1996 4968; x_wconf 87' lang='lat' dir='ltr'><strong>eo,</strong></span> 
     </span>
    </p>
   </div>
   <div class='ocr_carea' id='block_1_52' title="bbox 419 4978 1999 5058">
    <p class='ocr_par' dir='ltr' id='par_1_52' title="bbox 419 4978 1999 5058">
     <span class='ocr_line' id='line_1_52' title="bbox 419 4978 1999 5058; baseline 0.013 -29"><span class='ocrx_word' id='word_1_416' title='bbox 419 4978 507 5048; x_wconf 78' lang='lat' dir='ltr'><strong>qui</strong></span> <span class='ocrx_word' id='word_1_417' title='bbox 532 4994 608 5032; x_wconf 86' lang='lat' dir='ltr'><strong>me</strong></span> <span class='ocrx_word' id='word_1_418' title='bbox 648 4983 923 5050; x_wconf 75' lang='lat' dir='ltr'><strong>confortat,</strong></span> <span class='ocrx_word' id='word_1_419' title='bbox 950 4980 1167 5037; x_wconf 80' lang='lat' dir='ltr'><strong>Christo.</strong></span> <span class='ocrx_word' id='word_1_420' title='bbox 1194 4983 1309 5038; x_wconf 90' lang='lat' dir='ltr'><strong>Non</strong></span> <span class='ocrx_word' id='word_1_421' title='bbox 1336 4986 1456 5053; x_wconf 90' lang='lat' dir='ltr'><strong>hoc,</strong></span> <span class='ocrx_word' id='word_1_422' title='bbox 1482 4989 1671 5058; x_wconf 87' lang='lat' dir='ltr'><strong>inquit,</strong></span> <span class='ocrx_word' id='word_1_423' title='bbox 1700 5006 1877 5045; x_wconf 92' lang='lat' dir='ltr'><strong>meum</strong></span> <span class='ocrx_word' id='word_1_424' title='bbox 1908 4993 1999 5049; x_wconf 82' lang='lat' dir='ltr'><strong>be-</strong></span> 
     </span>
    </p>
   </div>
   <div class='ocr_carea' id='block_1_53' title="bbox 422 5069 1996 5153">
    <p class='ocr_par' dir='ltr' id='par_1_53' title="bbox 422 5069 1996 5153">
     <span class='ocr_line' id='line_1_53' title="bbox 422 5069 1996 5153; baseline 0.01 -30"><span class='ocrx_word' id='word_1_425' title='bbox 422 5069 689 5125; x_wconf 90' lang='lat' dir='ltr'><strong>nefactum</strong></span> <span class='ocrx_word' id='word_1_426' title='bbox 718 5080 821 5135; x_wconf 90' lang='lat' dir='ltr'><strong>est,</strong></span> <span class='ocrx_word' id='word_1_427' title='bbox 852 5072 947 5128; x_wconf 89' lang='lat' dir='ltr'><strong>sed</strong></span> <span class='ocrx_word' id='word_1_428' title='bbox 974 5075 1091 5142; x_wconf 86' lang='lat' dir='ltr'><strong>eius</strong></span> <span class='ocrx_word' id='word_1_429' title='bbox 1119 5078 1206 5145; x_wconf 93' lang='lat' dir='ltr'><strong>qui</strong></span> <span class='ocrx_word' id='word_1_430' title='bbox 1236 5078 1375 5133; x_wconf 89' lang='lat' dir='ltr'><strong>vires</strong></span> <span class='ocrx_word' id='word_1_431' title='bbox 1418 5080 1527 5134; x_wconf 90' lang='lat' dir='ltr'><strong>dat.</strong></span> <span class='ocrx_word' id='word_1_432' title='bbox 1572 5082 1675 5136; x_wconf 90' lang='lat' dir='ltr'><strong>Sed</strong></span> <span class='ocrx_word' id='word_1_433' title='bbox 1725 5084 1996 5153; x_wconf 91' lang='lat' dir='ltr'><strong>quoniam,</strong></span> 
     </span>
    </p>
   </div>
   <div class='ocr_carea' id='block_1_54' title="bbox 422 5162 2001 5245">
    <p class='ocr_par' dir='ltr' id='par_1_54' title="bbox 422 5162 2001 5245">
     <span class='ocr_line' id='line_1_54' title="bbox 422 5162 2001 5245; baseline 0.015 -32"><span class='ocrx_word' id='word_1_434' title='bbox 422 5162 511 5231; x_wconf 91' lang='lat' dir='ltr'><strong>qui</strong></span> <span class='ocrx_word' id='word_1_435' title='bbox 541 5163 902 5233; x_wconf 83' lang='lat' dir='ltr'><strong>benefaciuut,</strong></span> <span class='ocrx_word' id='word_1_436' title='bbox 926 5167 970 5220; x_wconf 92' lang='lat' dir='ltr'><strong>si</strong></span> <span class='ocrx_word' id='word_1_437' title='bbox 992 5167 1208 5223; x_wconf 83' lang='lat' dir='ltr'><strong>videant</strong></span> <span class='ocrx_word' id='word_1_438' title='bbox 1234 5185 1356 5225; x_wconf 91' lang='lat' dir='ltr'><strong>eum</strong></span> <span class='ocrx_word' id='word_1_439' title='bbox 1380 5174 1467 5243; x_wconf 92' lang='lat' dir='ltr'><strong>qui</strong></span> <span class='ocrx_word' id='word_1_440' title='bbox 1497 5176 1688 5245; x_wconf 90' lang='lat' dir='ltr'><strong>accipit</strong></span> <span class='ocrx_word' id='word_1_441' title='bbox 1714 5192 1818 5231; x_wconf 92' lang='lat' dir='ltr'><strong>non</strong></span> <span class='ocrx_word' id='word_1_442' title='bbox 1847 5180 2001 5236; x_wconf 89' lang='lat' dir='ltr'><strong>valde</strong></span> 
     </span>
    </p>
   </div>
   <div class='ocr_carea' id='block_1_55' title="bbox 422 5251 2001 5338">
    <p class='ocr_par' dir='ltr' id='par_1_55' title="bbox 422 5251 2001 5338">
     <span class='ocr_line' id='line_1_55' title="bbox 422 5251 2001 5338; baseline 0.014 -34"><span class='ocrx_word' id='word_1_443' title='bbox 422 5251 591 5318; x_wconf 89' lang='lat' dir='ltr'><strong>afﬁci,</strong></span> <span class='ocrx_word' id='word_1_444' title='bbox 621 5254 716 5309; x_wconf 81' lang='lat' dir='ltr'><strong>sed</strong></span> <span class='ocrx_word' id='word_1_445' title='bbox 766 5254 1037 5326; x_wconf 86' lang='lat' dir='ltr'><strong>despicere</strong></span> <span class='ocrx_word' id='word_1_446' title='bbox 1066 5272 1126 5313; x_wconf 89' lang='lat' dir='ltr'><strong>ea</strong></span> <span class='ocrx_word' id='word_1_447' title='bbox 1166 5275 1286 5329; x_wconf 85' lang='lat' dir='ltr'><strong>quae</strong></span> <span class='ocrx_word' id='word_1_448' title='bbox 1328 5262 1543 5331; x_wconf 89' lang='lat' dir='ltr'><strong>dantur,</strong></span> <span class='ocrx_word' id='word_1_449' title='bbox 1593 5269 2001 5338; x_wconf 87' lang='lat' dir='ltr'><strong>negligentiores</strong></span> 
     </span>
    </p>
   </div>
   <div class='ocr_carea' id='block_1_56' title="bbox 423 5343 1999 5433">
    <p class='ocr_par' dir='ltr' id='par_1_56' title="bbox 423 5343 1999 5433">
     <span class='ocr_line' id='line_1_56' title="bbox 423 5343 1999 5433; baseline 0.014 -36"><span class='ocrx_word' id='word_1_450' title='bbox 423 5343 585 5411; x_wconf 88' lang='lat' dir='ltr'><strong>ﬁunt;</strong></span> <span class='ocrx_word' id='word_1_451' title='bbox 617 5356 743 5402; x_wconf 91' lang='lat' dir='ltr'><strong>tunc</strong></span> <span class='ocrx_word' id='word_1_452' title='bbox 767 5349 907 5403; x_wconf 88' lang='lat' dir='ltr'><strong>enim</strong></span> <span class='ocrx_word' id='word_1_453' title='bbox 929 5350 1158 5406; x_wconf 89' lang='lat' dir='ltr'><strong>libenter</strong></span> <span class='ocrx_word' id='word_1_454' title='bbox 1182 5354 1329 5418; x_wconf 88' lang='lat' dir='ltr'><strong>dant,</strong></span> <span class='ocrx_word' id='word_1_455' title='bbox 1358 5371 1477 5411; x_wconf 91' lang='lat' dir='ltr'><strong>cum</strong></span> <span class='ocrx_word' id='word_1_456' title='bbox 1501 5368 1686 5428; x_wconf 90' lang='lat' dir='ltr'><strong>putant</strong></span> <span class='ocrx_word' id='word_1_457' title='bbox 1710 5375 1767 5416; x_wconf 94' lang='lat' dir='ltr'><strong>se</strong></span> <span class='ocrx_word' id='word_1_458' title='bbox 1792 5374 1999 5433; x_wconf 89' lang='lat' dir='ltr'><strong>gratum</strong></span> 
     </span>
    </p>
   </div>
   <div class='ocr_carea' id='block_1_57' title="bbox 426 5437 2001 5524">
    <p class='ocr_par' dir='ltr' id='par_1_57' title="bbox 426 5437 2001 5524">
     <span class='ocr_line' id='line_1_57' title="bbox 426 5437 2001 5524; baseline 0.016 -35"><span class='ocrx_word' id='word_1_459' title='bbox 426 5437 738 5506; x_wconf 86' lang='lat' dir='ltr'><strong>accipiendo</strong></span> <span class='ocrx_word' id='word_1_460' title='bbox 763 5439 972 5508; x_wconf 88' lang='lat' dir='ltr'><strong>facere,</strong></span> <span class='ocrx_word' id='word_1_461' title='bbox 1005 5443 1260 5514; x_wconf 91' lang='lat' dir='ltr'><strong>illumque</strong></span> <span class='ocrx_word' id='word_1_462' title='bbox 1295 5462 1540 5506; x_wconf 87' lang='lat' dir='ltr'><strong>recreare</strong></span> <span class='ocrx_word' id='word_1_463' title='bbox 1571 5470 1583 5505; x_wconf 88' lang='lat'><strong>:</strong></span> <span class='ocrx_word' id='word_1_464' title='bbox 1616 5469 1683 5509; x_wconf 92' lang='lat' dir='ltr'><strong>ne</strong></span> <span class='ocrx_word' id='word_1_465' title='bbox 1709 5457 1826 5524; x_wconf 92' lang='lat' dir='ltr'><strong>quis</strong></span> <span class='ocrx_word' id='word_1_466' title='bbox 1856 5457 2001 5513; x_wconf 90' lang='lat' dir='ltr'><strong>dice-</strong></span> 
     </span>
    </p>
   </div>
   <div class='ocr_carea' id='block_1_58' title="bbox 426 5528 2002 5608">
    <p class='ocr_par' dir='ltr' id='par_1_58' title="bbox 426 5528 2002 5608">
     <span class='ocr_line' id='line_1_58' title="bbox 426 5528 2002 5608; baseline 0.017 -29"><span class='ocrx_word' id='word_1_467' title='bbox 426 5536 527 5591; x_wconf 85' lang='lat' dir='ltr'><strong>ret,</strong></span> <span class='ocrx_word' id='word_1_468' title='bbox 562 5528 617 5583; x_wconf 92' lang='lat' dir='ltr'><strong>Si</strong></span> <span class='ocrx_word' id='word_1_469' title='bbox 648 5529 750 5585; x_wconf 91' lang='lat' dir='ltr'><strong>boc</strong></span> <span class='ocrx_word' id='word_1_470' title='bbox 776 5532 1023 5587; x_wconf 89' lang='lat' dir='ltr'><strong>solatium</strong></span> <span class='ocrx_word' id='word_1_471' title='bbox 1049 5534 1279 5607; x_wconf 91' lang='lat' dir='ltr'><strong>despicit</strong></span> <span class='ocrx_word' id='word_1_472' title='bbox 1309 5538 1503 5595; x_wconf 87' lang='lat' dir='ltr'><strong>Paulus</strong></span> <span class='ocrx_word' id='word_1_473' title='bbox 1527 5582 1543 5608; x_wconf 91' lang='lat'><strong>,</strong></span> <span class='ocrx_word' id='word_1_474' title='bbox 1575 5560 1793 5601; x_wconf 87' lang='lat' dir='ltr'><strong>necesse</strong></span> <span class='ocrx_word' id='word_1_475' title='bbox 1821 5556 1904 5603; x_wconf 92' lang='lat' dir='ltr'><strong>est</strong></span> <span class='ocrx_word' id='word_1_476' title='bbox 1947 5561 2002 5606; x_wconf 87' lang='lat' dir='ltr'><strong>et</strong></span> 
     </span>
    </p>
   </div>
   <div class='ocr_carea' id='block_1_59' title="bbox 426 5615 1999 5700">
    <p class='ocr_par' dir='ltr' id='par_1_59' title="bbox 426 5615 1999 5700">
     <span class='ocr_line' id='line_1_59' title="bbox 426 5615 1999 5700; baseline 0.018 -31"><span class='ocrx_word' id='word_1_477' title='bbox 426 5615 524 5672; x_wconf 86' lang='lat' dir='ltr'><strong>hos</strong></span> <span class='ocrx_word' id='word_1_478' title='bbox 564 5622 973 5691; x_wconf 88' lang='lat' dir='ltr'><strong>negligentiores</strong></span> <span class='ocrx_word' id='word_1_479' title='bbox 1022 5625 1176 5694; x_wconf 90' lang='lat' dir='ltr'><strong>ﬁeri;</strong></span> <span class='ocrx_word' id='word_1_480' title='bbox 1210 5628 1330 5685; x_wconf 91' lang='lat' dir='ltr'><strong>vide</strong></span> <span class='ocrx_word' id='word_1_481' title='bbox 1371 5635 1640 5700; x_wconf 91' lang='lat' dir='ltr'><strong>quomodo</strong></span> <span class='ocrx_word' id='word_1_482' title='bbox 1666 5654 1851 5693; x_wconf 86' lang='lat' dir='ltr'><strong>rursus</strong></span> <span class='ocrx_word' id='word_1_483' title='bbox 1875 5641 1999 5698; x_wconf 87' lang='lat' dir='ltr'><strong>huic</strong></span> 
     </span>
    </p>
   </div>
   <div class='ocr_carea' id='block_1_60' title="bbox 424 5710 1993 5813">
    <p class='ocr_par' dir='ltr' id='par_1_60' title="bbox 424 5710 1993 5813">
     <span class='ocr_line' id='line_1_60' title="bbox 424 5710 1993 5813; baseline 0.021 -50"><span class='ocrx_word' id='word_1_484' title='bbox 424 5710 500 5764; x_wconf 87' lang='lat' dir='ltr'><strong>rei</strong></span> <span class='ocrx_word' id='word_1_485' title='bbox 531 5713 825 5772; x_wconf 84' lang='lat' dir='ltr'><strong>medeatur.</strong></span> <span class='ocrx_word' id='word_1_486' title='bbox 854 5716 987 5813; x_wconf 79' lang='lat' dir='ltr'><strong>Nam</strong></span> <span class='ocrx_word' id='word_1_487' title='bbox 1014 5720 1168 5777; x_wconf 79' lang='lat' dir='ltr'><strong>exiis</strong></span> <span class='ocrx_word' id='word_1_488' title='bbox 1204 5738 1324 5794; x_wconf 76' lang='lat' dir='ltr'><strong>qua:</strong></span> <span class='ocrx_word' id='word_1_489' title='bbox 1346 5724 1574 5799; x_wconf 81' lang='lat' dir='ltr'><strong>dixerat,</strong></span> <span class='ocrx_word' id='word_1_490' title='bbox 1616 5730 1851 5802; x_wconf 87' lang='lat' dir='ltr'><strong>ipsorum</strong></span> <span class='ocrx_word' id='word_1_491' title='bbox 1882 5741 1993 5809; x_wconf 86' lang='lat' dir='ltr'><strong>Spi-</strong></span> 
     </span>
    </p>
   </div>
   <div class='ocr_carea' id='block_1_61' title="bbox 1245 271 2035 337">
    <p class='ocr_par' dir='ltr' id='par_1_61' title="bbox 1245 271 2035 337">
     <span class='ocr_line' id='line_1_61' title="bbox 1245 271 2035 337; baseline 0.005 -5"><span class='ocrx_word' id='word_1_492' title='bbox 1245 271 1309 332; x_wconf 78' lang='grc' dir='ltr'><strong>ΙΝ</strong></span> <span class='ocrx_word' id='word_1_493' title='bbox 1358 275 1575 332; x_wconf 86' lang='lat' dir='ltr'><strong>EPIST.</strong></span> <span class='ocrx_word' id='word_1_494' title='bbox 1616 276 1708 330; x_wconf 85' lang='lat' dir='ltr'><strong>AD</strong></span> <span class='ocrx_word' id='word_1_495' title='bbox 1748 274 2035 337; x_wconf 84' lang='lat' dir='ltr'><strong>PlllLlPP.</strong></span> 
     </span>
    </p>
   </div>
   <div class='ocr_carea' id='block_1_62' title="bbox 2075 274 3659 345">
    <p class='ocr_par' dir='ltr' id='par_1_62' title="bbox 2075 274 3659 345">
     <span class='ocr_line' id='line_1_62' title="bbox 2075 274 3659 345; baseline 0.009 -15"><span class='ocrx_word' id='word_1_496' title='bbox 2075 274 2224 331; x_wconf 85' lang='lat' dir='ltr'><strong>CAP.</strong></span> <span class='ocrx_word' id='word_1_497' title='bbox 2271 277 2357 336; x_wconf 86' lang='lat' dir='ltr'><strong>IV.</strong></span> <span class='ocrx_word' id='word_1_498' title='bbox 2404 279 2625 335; x_wconf 76' lang='lat' dir='ltr'><strong>llOMIL.</strong></span> <span class='ocrx_word' id='word_1_499' title='bbox 2667 281 2777 336; x_wconf 78' lang='lat' dir='ltr'><strong>XV.</strong></span> <span class='ocrx_word' id='word_1_500' title='bbox 3555 293 3659 345; x_wconf 72' lang='grc'><strong>290</strong></span> 
     </span>
    </p>
   </div>
   <div class='ocr_carea' id='block_1_63' title="bbox 2084 394 3656 469">
    <p class='ocr_par' dir='ltr' id='par_1_63' title="bbox 2084 394 3656 469">
     <span class='ocr_line' id='line_1_63' title="bbox 2084 394 3656 469; baseline 0.012 -25"><span class='ocrx_word' id='word_1_501' title='bbox 2084 394 2216 445; x_wconf 91' lang='lat' dir='ltr'><strong>ritus</strong></span> <span class='ocrx_word' id='word_1_502' title='bbox 2241 404 2674 462; x_wconf 89' lang='lat' dir='ltr'><strong>compresserat;</strong></span> <span class='ocrx_word' id='word_1_503' title='bbox 2706 398 2755 450; x_wconf 92' lang='lat' dir='ltr'><strong>in</strong></span> <span class='ocrx_word' id='word_1_504' title='bbox 2793 399 3135 469; x_wconf 85' lang='lat' dir='ltr'><strong>sequentibus</strong></span> <span class='ocrx_word' id='word_1_505' title='bbox 3165 418 3289 457; x_wconf 88' lang='lat' dir='ltr'><strong>vero</strong></span> <span class='ocrx_word' id='word_1_506' title='bbox 3330 404 3656 464; x_wconf 86' lang='lat' dir='ltr'><strong>alacritatem</strong></span> 
     </span>
    </p>
   </div>
   <div class='ocr_carea' id='block_1_64' title="bbox 2078 483 3657 558">
    <p class='ocr_par' dir='ltr' id='par_1_64' title="bbox 2078 483 3657 558">
     <span class='ocr_line' id='line_1_64' title="bbox 2078 483 3657 558; baseline 0.013 -22"><span class='ocrx_word' id='word_1_507' title='bbox 2078 483 2314 552; x_wconf 89' lang='lat' dir='ltr'><strong>ipsorum</strong></span> <span class='ocrx_word' id='word_1_508' title='bbox 2345 485 2528 540; x_wconf 91' lang='lat' dir='ltr'><strong>incitat</strong></span> <span class='ocrx_word' id='word_1_509' title='bbox 2568 497 2726 558; x_wconf 88' lang='lat' dir='ltr'><strong>atque</strong></span> <span class='ocrx_word' id='word_1_510' title='bbox 2756 490 3067 555; x_wconf 82' lang='lat' dir='ltr'><strong>inﬂammat,</strong></span> <span class='ocrx_word' id='word_1_511' title='bbox 3117 495 3301 551; x_wconf 90' lang='lat' dir='ltr'><strong>dicens</strong></span> <span class='ocrx_word' id='word_1_512' title='bbox 3334 516 3347 550; x_wconf 90' lang='lat'><strong>:</strong></span> <span class='ocrx_word' id='word_1_513' title='bbox 3386 498 3657 557; x_wconf 85' lang='lat' dir='ltr'><strong>Verumta-</strong></span> 
     </span>
    </p>
   </div>
   <div class='ocr_carea' id='block_1_65' title="bbox 2080 576 3662 651">
    <p class='ocr_par' dir='ltr' id='par_1_65' title="bbox 2080 576 3662 651">
     <span class='ocr_line' id='line_1_65' title="bbox 2080 576 3662 651; baseline 0.016 -25"><span class='ocrx_word' id='word_1_514' title='bbox 2080 592 2191 629; x_wconf 84' lang='lat' dir='ltr'><strong>men</strong></span> <span class='ocrx_word' id='word_1_515' title='bbox 2223 576 2343 631; x_wconf 89' lang='lat' dir='ltr'><strong>bene</strong></span> <span class='ocrx_word' id='word_1_516' title='bbox 2374 580 2562 648; x_wconf 78' lang='lat' dir='ltr'><strong>fecistis</strong></span> <span class='ocrx_word' id='word_1_517' title='bbox 2591 585 3018 638; x_wconf 85' lang='lat' dir='ltr'><strong>communicantes</strong></span> <span class='ocrx_word' id='word_1_518' title='bbox 3056 588 3369 644; x_wconf 88' lang='lat' dir='ltr'><strong>tribulationi</strong></span> <span class='ocrx_word' id='word_1_519' title='bbox 3397 610 3539 648; x_wconf 64' lang='lat' dir='ltr'><strong>meae.</strong></span> <span class='ocrx_word' id='word_1_520' title='bbox 3568 595 3662 651; x_wconf 70' lang='grc' dir='ltr'><strong>γε.</strong></span> 
     </span>
    </p>
   </div>
   <div class='ocr_carea' id='block_1_66' title="bbox 2076 666 3660 751">
    <p class='ocr_par' dir='ltr' id='par_1_66' title="bbox 2076 666 3660 751">
     <span class='ocr_line' id='line_1_66' title="bbox 2076 666 3660 751; baseline 0.015 -31"><span class='ocrx_word' id='word_1_521' title='bbox 2076 666 2173 720; x_wconf 80' lang='lat' dir='ltr'><strong>des</strong></span> <span class='ocrx_word' id='word_1_522' title='bbox 2202 671 2471 737; x_wconf 92' lang='lat' dir='ltr'><strong>quomodo</strong></span> <span class='ocrx_word' id='word_1_523' title='bbox 2497 672 2730 741; x_wconf 91' lang='lat' dir='ltr'><strong>seipsum</strong></span> <span class='ocrx_word' id='word_1_524' title='bbox 2762 679 3137 746; x_wconf 84' lang='lat' dir='ltr'><strong>segregaverit,</strong></span> <span class='ocrx_word' id='word_1_525' title='bbox 3169 691 3223 735; x_wconf 91' lang='lat' dir='ltr'><strong>et</strong></span> <span class='ocrx_word' id='word_1_526' title='bbox 3245 687 3512 751; x_wconf 92' lang='lat' dir='ltr'><strong>quomodo</strong></span> <span class='ocrx_word' id='word_1_527' title='bbox 3541 704 3660 742; x_wconf 86' lang='lat' dir='ltr'><strong>rur-</strong></span> 
     </span>
    </p>
   </div>
   <div class='ocr_carea' id='block_1_67' title="bbox 2076 761 3661 841">
    <p class='ocr_par' dir='ltr' id='par_1_67' title="bbox 2076 761 3661 841">
     <span class='ocr_line' id='line_1_67' title="bbox 2076 761 3661 841; baseline 0.014 -31"><span class='ocrx_word' id='word_1_528' title='bbox 2076 771 2168 812; x_wconf 90' lang='lat' dir='ltr'><strong>sus</strong></span> <span class='ocrx_word' id='word_1_529' title='bbox 2188 761 2572 830; x_wconf 81' lang='lat' dir='ltr'><strong>conjunxerit?</strong></span> <span class='ocrx_word' id='word_1_530' title='bbox 2600 764 2713 819; x_wconf 86' lang='lat' dir='ltr'><strong>Hoc</strong></span> <span class='ocrx_word' id='word_1_531' title='bbox 2739 782 3007 834; x_wconf 84' lang='lat' dir='ltr'><strong>germanae</strong></span> <span class='ocrx_word' id='word_1_532' title='bbox 3030 781 3083 823; x_wconf 94' lang='lat' dir='ltr'><strong>et</strong></span> <span class='ocrx_word' id='word_1_533' title='bbox 3103 772 3392 841; x_wconf 73' lang='lat' dir='ltr'><strong>spirituatis</strong></span> <span class='ocrx_word' id='word_1_534' title='bbox 3412 777 3661 832; x_wconf 71' lang='lat' dir='ltr'><strong>amicitia:</strong></span> 
     </span>
    </p>
   </div>
   <div class='ocr_carea' id='block_1_68' title="bbox 2076 849 3658 937">
    <p class='ocr_par' dir='ltr' id='par_1_68' title="bbox 2076 849 3658 937">
     <span class='ocr_line' id='line_1_68' title="bbox 2076 849 3658 937; baseline 0.014 -36"><span class='ocrx_word' id='word_1_535' title='bbox 2076 857 2179 902; x_wconf 92' lang='lat' dir='ltr'><strong>est.</strong></span> <span class='ocrx_word' id='word_1_536' title='bbox 2209 849 2324 903; x_wconf 90' lang='lat' dir='ltr'><strong>Non</strong></span> <span class='ocrx_word' id='word_1_537' title='bbox 2352 853 2493 906; x_wconf 91' lang='lat' dir='ltr'><strong>enim</strong></span> <span class='ocrx_word' id='word_1_538' title='bbox 2522 854 2643 923; x_wconf 89' lang='lat' dir='ltr'><strong>quia</strong></span> <span class='ocrx_word' id='word_1_539' title='bbox 2663 898 2677 920; x_wconf 94' lang='lat'><strong>,</strong></span> <span class='ocrx_word' id='word_1_540' title='bbox 2714 857 2900 926; x_wconf 90' lang='lat' dir='ltr'><strong>inquit,</strong></span> <span class='ocrx_word' id='word_1_541' title='bbox 2932 862 3250 917; x_wconf 91' lang='lat' dir='ltr'><strong>necessitate</strong></span> <span class='ocrx_word' id='word_1_542' title='bbox 3280 865 3500 921; x_wconf 88' lang='lat' dir='ltr'><strong>minime</strong></span> <span class='ocrx_word' id='word_1_543' title='bbox 3532 884 3658 937; x_wconf 91' lang='lat' dir='ltr'><strong>pre-</strong></span> 
     </span>
    </p>
   </div>
   <div class='ocr_carea' id='block_1_69' title="bbox 2077 942 3659 1029">
    <p class='ocr_par' dir='ltr' id='par_1_69' title="bbox 2077 942 3659 1029">
     <span class='ocr_line' id='line_1_69' title="bbox 2077 942 3659 1029; baseline 0.014 -35"><span class='ocrx_word' id='word_1_544' title='bbox 2077 942 2289 1007; x_wconf 91' lang='lat' dir='ltr'><strong>mebar,</strong></span> <span class='ocrx_word' id='word_1_545' title='bbox 2326 943 2447 998; x_wconf 91' lang='lat' dir='ltr'><strong>ideo</strong></span> <span class='ocrx_word' id='word_1_546' title='bbox 2489 948 2686 1015; x_wconf 90' lang='lat' dir='ltr'><strong>putetis</strong></span> <span class='ocrx_word' id='word_1_547' title='bbox 2726 965 2813 1003; x_wconf 91' lang='lat' dir='ltr'><strong>me</strong></span> <span class='ocrx_word' id='word_1_548' title='bbox 2840 952 2999 1006; x_wconf 90' lang='lat' dir='ltr'><strong>rebus</strong></span> <span class='ocrx_word' id='word_1_549' title='bbox 3028 956 3219 1009; x_wconf 90' lang='lat' dir='ltr'><strong>vestris</strong></span> <span class='ocrx_word' id='word_1_550' title='bbox 3263 973 3367 1011; x_wconf 92' lang='lat' dir='ltr'><strong>non</strong></span> <span class='ocrx_word' id='word_1_551' title='bbox 3400 961 3610 1029; x_wconf 87' lang='lat' dir='ltr'><strong>eguisse</strong></span> <span class='ocrx_word' id='word_1_552' title='bbox 3644 979 3659 1016; x_wconf 88' lang='lat'><strong>:</strong></span> 
     </span>
    </p>
   </div>
   <div class='ocr_carea' id='block_1_70' title="bbox 2079 1041 3661 1123">
    <p class='ocr_par' dir='ltr' id='par_1_70' title="bbox 2079 1041 3661 1123">
     <span class='ocr_line' id='line_1_70' title="bbox 2079 1041 3661 1123; baseline 0.014 -36"><span class='ocrx_word' id='word_1_553' title='bbox 2079 1049 2209 1103; x_wconf 86' lang='lat' dir='ltr'><strong>egeo</strong></span> <span class='ocrx_word' id='word_1_554' title='bbox 2239 1048 2458 1106; x_wconf 89' lang='lat' dir='ltr'><strong>propter</strong></span> <span class='ocrx_word' id='word_1_555' title='bbox 2485 1054 2597 1094; x_wconf 89' lang='lat' dir='ltr'><strong>vos.</strong></span> <span class='ocrx_word' id='word_1_556' title='bbox 2623 1041 2900 1107; x_wconf 88' lang='lat' dir='ltr'><strong>Quomodo</strong></span> <span class='ocrx_word' id='word_1_557' title='bbox 2929 1046 3088 1115; x_wconf 85' lang='lat' dir='ltr'><strong>igitur</strong></span> <span class='ocrx_word' id='word_1_558' title='bbox 3110 1065 3466 1106; x_wconf 85' lang='lat' dir='ltr'><strong>aerumnarum</strong></span> <span class='ocrx_word' id='word_1_559' title='bbox 3495 1056 3661 1123; x_wconf 88' lang='lat' dir='ltr'><strong>ipsius</strong></span> 
     </span>
    </p>
   </div>
   <div class='ocr_carea' id='block_1_71' title="bbox 2080 1127 3659 1212">
    <p class='ocr_par' dir='ltr' id='par_1_71' title="bbox 2080 1127 3659 1212">
     <span class='ocr_line' id='line_1_71' title="bbox 2080 1127 3659 1212; baseline 0.014 -36"><span class='ocrx_word' id='word_1_560' title='bbox 2080 1127 2367 1195; x_wconf 88' lang='lat' dir='ltr'><strong>participes</strong></span> <span class='ocrx_word' id='word_1_561' title='bbox 2405 1127 2658 1185; x_wconf 79' lang='lat' dir='ltr'><strong>fuerant?</strong></span> <span class='ocrx_word' id='word_1_562' title='bbox 2701 1134 2803 1188; x_wconf 81' lang='lat' dir='ltr'><strong>Per</strong></span> <span class='ocrx_word' id='word_1_563' title='bbox 2846 1135 2948 1190; x_wconf 90' lang='lat' dir='ltr'><strong>hoc</strong></span> <span class='ocrx_word' id='word_1_564' title='bbox 2996 1138 3229 1193; x_wconf 92' lang='lat' dir='ltr'><strong>ofﬁcium</strong></span> <span class='ocrx_word' id='word_1_565' title='bbox 3264 1160 3277 1195; x_wconf 88' lang='lat'>:</span> <span class='ocrx_word' id='word_1_566' title='bbox 3317 1143 3458 1212; x_wconf 92' lang='lat' dir='ltr'><strong>quod</strong></span> <span class='ocrx_word' id='word_1_567' title='bbox 3500 1146 3659 1198; x_wconf 86' lang='lat' dir='ltr'><strong>etiam</strong></span> 
     </span>
    </p>
   </div>
   <div class='ocr_carea' id='block_1_72' title="bbox 2079 1218 3665 1304">
    <p class='ocr_par' dir='ltr' id='par_1_72' title="bbox 2079 1218 3665 1304">
     <span class='ocr_line' id='line_1_72' title="bbox 2079 1218 3665 1304; baseline 0.013 -35"><span class='ocrx_word' id='word_1_568' title='bbox 2079 1232 2199 1271; x_wconf 86' lang='lat' dir='ltr'><strong>cum</strong></span> <span class='ocrx_word' id='word_1_569' title='bbox 2245 1218 2299 1271; x_wconf 93' lang='lat' dir='ltr'><strong>in</strong></span> <span class='ocrx_word' id='word_1_570' title='bbox 2341 1219 2569 1276; x_wconf 91' lang='lat' dir='ltr'><strong>vinculis</strong></span> <span class='ocrx_word' id='word_1_571' title='bbox 2605 1236 2783 1291; x_wconf 82' lang='lat' dir='ltr'><strong>esset,</strong></span> <span class='ocrx_word' id='word_1_572' title='bbox 2816 1227 3061 1293; x_wconf 87' lang='lat' dir='ltr'><strong>dicebat,</strong></span> <span class='ocrx_word' id='word_1_573' title='bbox 3106 1231 3285 1286; x_wconf 87' lang='lat' dir='ltr'><strong>Socios</strong></span> <span class='ocrx_word' id='word_1_574' title='bbox 3327 1236 3508 1304; x_wconf 72' lang='lat' dir='ltr'><strong>gratiae</strong></span> <span class='ocrx_word' id='word_1_575' title='bbox 3540 1253 3665 1291; x_wconf 72' lang='lat' dir='ltr'><strong>uicta</strong></span> 
     </span>
    </p>
   </div>
   <div class='ocr_carea' id='block_1_73' title="bbox 2080 1312 3663 1396">
    <p class='ocr_par' dir='ltr' id='par_1_73' title="bbox 2080 1312 3663 1396">
     <span class='ocr_line' id='line_1_73' title="bbox 2080 1312 3663 1396; baseline 0.013 -35"><span class='ocrx_word' id='word_1_576' title='bbox 2080 1324 2252 1363; x_wconf 84' lang='lat' dir='ltr'><strong>omnes</strong></span> <span class='ocrx_word' id='word_1_577' title='bbox 2278 1326 2365 1364; x_wconf 77' lang='lat' dir='ltr'><strong>vos</strong></span> <span class='ocrx_word' id='word_1_578' title='bbox 2406 1328 2513 1367; x_wconf 86' lang='lat' dir='ltr'><strong>esse</strong></span> <span class='ocrx_word' id='word_1_579' title='bbox 2537 1312 2802 1385; x_wconf 85' lang='lat' dir='ltr'><strong>(Philipp.</strong></span> <span class='ocrx_word' id='word_1_580' title='bbox 2840 1319 2891 1372; x_wconf 91' lang='grc'><strong>1.</strong></span> <span class='ocrx_word' id='word_1_581' title='bbox 2919 1320 2997 1389; x_wconf 91' lang='lat'><strong>7).</strong></span> <span class='ocrx_word' id='word_1_582' title='bbox 3030 1320 3208 1375; x_wconf 83' lang='lat' dir='ltr'><strong>Gratia</strong></span> <span class='ocrx_word' id='word_1_583' title='bbox 3246 1326 3388 1378; x_wconf 89' lang='lat' dir='ltr'><strong>enim</strong></span> <span class='ocrx_word' id='word_1_584' title='bbox 3443 1336 3525 1381; x_wconf 90' lang='lat' dir='ltr'><strong>est</strong></span> <span class='ocrx_word' id='word_1_585' title='bbox 3556 1329 3663 1396; x_wconf 87' lang='lat' dir='ltr'><strong>pati</strong></span> 
     </span>
    </p>
   </div>
   <div class='ocr_carea' id='block_1_74' title="bbox 2078 1401 3660 1489">
    <p class='ocr_par' dir='ltr' id='par_1_74' title="bbox 2078 1401 3660 1489">
     <span class='ocr_line' id='line_1_74' title="bbox 2078 1401 3660 1489; baseline 0.014 -37"><span class='ocrx_word' id='word_1_586' title='bbox 2078 1413 2176 1469; x_wconf 90' lang='lat' dir='ltr'><strong>pro</strong></span> <span class='ocrx_word' id='word_1_587' title='bbox 2206 1401 2451 1470; x_wconf 91' lang='lat' dir='ltr'><strong>Christo,</strong></span> <span class='ocrx_word' id='word_1_588' title='bbox 2484 1408 2931 1474; x_wconf 88' lang='lat' dir='ltr'><strong>quemadmodum</strong></span> <span class='ocrx_word' id='word_1_589' title='bbox 2964 1420 3016 1465; x_wconf 91' lang='lat' dir='ltr'><strong>et</strong></span> <span class='ocrx_word' id='word_1_590' title='bbox 3042 1414 3236 1468; x_wconf 92' lang='lat' dir='ltr'><strong>alicubi</strong></span> <span class='ocrx_word' id='word_1_591' title='bbox 3284 1417 3397 1486; x_wconf 91' lang='lat' dir='ltr'><strong>ipse</strong></span> <span class='ocrx_word' id='word_1_592' title='bbox 3446 1419 3616 1489; x_wconf 91' lang='lat' dir='ltr'><strong>inquit</strong></span> <span class='ocrx_word' id='word_1_593' title='bbox 3644 1437 3660 1474; x_wconf 88' lang='lat'><strong>:</strong></span> 
     </span>
    </p>
   </div>
   <div class='ocr_carea' id='block_1_75' title="bbox 2082 1490 3661 1569">
    <p class='ocr_par' dir='ltr' id='par_1_75' title="bbox 2082 1490 3661 1569">
     <span class='ocr_line' id='line_1_75' title="bbox 2082 1490 3661 1569; baseline 0.013 -26"><span class='ocrx_word' id='word_1_594' title='bbox 2082 1490 2214 1557; x_wconf 85' lang='lat' dir='ltr'><strong>Quia</strong></span> <span class='ocrx_word' id='word_1_595' title='bbox 2240 1492 2406 1563; x_wconf 52' lang='lat' dir='ltr'><strong>theo</strong></span> <span class='ocrx_word' id='word_1_596' title='bbox 2435 1498 2571 1549; x_wconf 83' lang='lat' dir='ltr'><strong>vobis</strong></span> <span class='ocrx_word' id='word_1_597' title='bbox 2590 1501 2755 1568; x_wconf 86' lang='lat' dir='ltr'><strong>gratia</strong></span> <span class='ocrx_word' id='word_1_598' title='bbox 2784 1502 2904 1555; x_wconf 84' lang='lat' dir='ltr'><strong>data</strong></span> <span class='ocrx_word' id='word_1_599' title='bbox 2931 1515 3022 1569; x_wconf 87' lang='lat' dir='ltr'><strong>est,</strong></span> <span class='ocrx_word' id='word_1_600' title='bbox 3056 1522 3156 1559; x_wconf 89' lang='lat' dir='ltr'><strong>non</strong></span> <span class='ocrx_word' id='word_1_601' title='bbox 3192 1509 3355 1561; x_wconf 89' lang='lat' dir='ltr'><strong>solum</strong></span> <span class='ocrx_word' id='word_1_602' title='bbox 3382 1519 3438 1562; x_wconf 88' lang='lat' dir='ltr'><strong>ut</strong></span> <span class='ocrx_word' id='word_1_603' title='bbox 3467 1512 3519 1564; x_wconf 88' lang='lat' dir='ltr'><strong>in</strong></span> <span class='ocrx_word' id='word_1_604' title='bbox 3549 1528 3661 1564; x_wconf 88' lang='lat' dir='ltr'><strong>eum</strong></span> 
     </span>
    </p>
   </div>
   <div class='ocr_carea' id='block_1_76' title="bbox 2079 1583 3658 1673">
    <p class='ocr_par' dir='ltr' id='par_1_76' title="bbox 2079 1583 3658 1673">
     <span class='ocr_line' id='line_1_76' title="bbox 2079 1583 3658 1673; baseline 0.016 -39"><span class='ocrx_word' id='word_1_605' title='bbox 2079 1583 2317 1651; x_wconf 85' lang='lat' dir='ltr'><strong>credatis,</strong></span> <span class='ocrx_word' id='word_1_606' title='bbox 2362 1588 2451 1640; x_wconf 86' lang='lat' dir='ltr'><strong>sed</strong></span> <span class='ocrx_word' id='word_1_607' title='bbox 2483 1590 2633 1642; x_wconf 87' lang='lat' dir='ltr'><strong>etiam</strong></span> <span class='ocrx_word' id='word_1_608' title='bbox 2673 1608 2765 1661; x_wconf 85' lang='lat' dir='ltr'><strong>pro</strong></span> <span class='ocrx_word' id='word_1_609' title='bbox 2813 1594 2903 1646; x_wconf 88' lang='lat' dir='ltr'><strong>illo</strong></span> <span class='ocrx_word' id='word_1_610' title='bbox 2950 1597 3215 1664; x_wconf 83' lang='lat' dir='ltr'><strong>patiamini</strong></span> <span class='ocrx_word' id='word_1_611' title='bbox 3241 1602 3398 1671; x_wconf 85' lang='lat' dir='ltr'><strong>(Ibid.</strong></span> <span class='ocrx_word' id='word_1_612' title='bbox 3450 1619 3500 1656; x_wconf 85' lang='grc' dir='ltr'><strong>υ.</strong></span> <span class='ocrx_word' id='word_1_613' title='bbox 3543 1604 3658 1673; x_wconf 74' lang='lat'><strong>29).</strong></span> 
     </span>
    </p>
   </div>
   <div class='ocr_carea' id='block_1_77' title="bbox 2080 1673 3664 1762">
    <p class='ocr_par' dir='ltr' id='par_1_77' title="bbox 2080 1673 3664 1762">
     <span class='ocr_line' id='line_1_77' title="bbox 2080 1673 3664 1762; baseline 0.014 -37"><span class='ocrx_word' id='word_1_614' title='bbox 2080 1673 2339 1740; x_wconf 92' lang='lat' dir='ltr'><strong>Quoniam</strong></span> <span class='ocrx_word' id='word_1_615' title='bbox 2366 1678 2508 1731; x_wconf 91' lang='lat' dir='ltr'><strong>enim</strong></span> <span class='ocrx_word' id='word_1_616' title='bbox 2550 1680 2640 1733; x_wconf 88' lang='lat' dir='ltr'><strong>illa</strong></span> <span class='ocrx_word' id='word_1_617' title='bbox 2674 1683 2813 1737; x_wconf 89' lang='lat' dir='ltr'><strong>unde</strong></span> <span class='ocrx_word' id='word_1_618' title='bbox 2843 1684 3003 1748; x_wconf 85' lang='lat' dir='ltr'><strong>dicta,</strong></span> <span class='ocrx_word' id='word_1_619' title='bbox 3034 1697 3153 1756; x_wconf 85' lang='lat' dir='ltr'><strong>apta</strong></span> <span class='ocrx_word' id='word_1_620' title='bbox 3182 1701 3334 1744; x_wconf 89' lang='lat' dir='ltr'><strong>erant</strong></span> <span class='ocrx_word' id='word_1_621' title='bbox 3374 1708 3493 1760; x_wconf 77' lang='lat' dir='ltr'><strong>qua:</strong></span> <span class='ocrx_word' id='word_1_622' title='bbox 3535 1695 3664 1762; x_wconf 86' lang='lat' dir='ltr'><strong>ipsis</strong></span> 
     </span>
    </p>
   </div>
   <div class='ocr_carea' id='block_1_78' title="bbox 2080 1764 3664 1854">
    <p class='ocr_par' dir='ltr' id='par_1_78' title="bbox 2080 1764 3664 1854">
     <span class='ocr_line' id='line_1_78' title="bbox 2080 1764 3664 1854; baseline 0.015 -36"><span class='ocrx_word' id='word_1_623' title='bbox 2080 1764 2319 1821; x_wconf 89' lang='lat' dir='ltr'><strong>dolorem</strong></span> <span class='ocrx_word' id='word_1_624' title='bbox 2348 1769 2583 1826; x_wconf 88' lang='lat' dir='ltr'><strong>facerent</strong></span> <span class='ocrx_word' id='word_1_625' title='bbox 2606 1790 2620 1839; x_wconf 90' lang='lat'><strong>;</strong></span> <span class='ocrx_word' id='word_1_626' title='bbox 2652 1785 2931 1846; x_wconf 88' lang='lat' dir='ltr'><strong>propterea</strong></span> <span class='ocrx_word' id='word_1_627' title='bbox 2958 1778 3101 1834; x_wconf 85' lang='lat' dir='ltr'><strong>fovet</strong></span> <span class='ocrx_word' id='word_1_628' title='bbox 3128 1792 3179 1834; x_wconf 90' lang='lat' dir='ltr'><strong>et</strong></span> <span class='ocrx_word' id='word_1_629' title='bbox 3210 1785 3581 1854; x_wconf 88' lang='lat' dir='ltr'><strong>complectitur</strong></span> <span class='ocrx_word' id='word_1_630' title='bbox 3606 1798 3664 1843; x_wconf 89' lang='lat' dir='ltr'><strong>et</strong></span> 
     </span>
    </p>
   </div>
   <div class='ocr_carea' id='block_1_79' title="bbox 2082 1857 3661 1943">
    <p class='ocr_par' dir='ltr' id='par_1_79' title="bbox 2082 1857 3661 1943">
     <span class='ocr_line' id='line_1_79' title="bbox 2082 1857 3661 1943; baseline 0.015 -33"><span class='ocrx_word' id='word_1_631' title='bbox 2082 1857 2281 1924; x_wconf 90' lang='lat' dir='ltr'><strong>laudat,</strong></span> <span class='ocrx_word' id='word_1_632' title='bbox 2315 1877 2500 1916; x_wconf 91' lang='lat' dir='ltr'><strong>verum</strong></span> <span class='ocrx_word' id='word_1_633' title='bbox 2549 1875 2603 1919; x_wconf 90' lang='lat' dir='ltr'><strong>et</strong></span> <span class='ocrx_word' id='word_1_634' title='bbox 2654 1866 2754 1921; x_wconf 93' lang='lat' dir='ltr'><strong>hoc</strong></span> <span class='ocrx_word' id='word_1_635' title='bbox 2802 1870 3098 1925; x_wconf 90' lang='lat' dir='ltr'><strong>moderate.</strong></span> <span class='ocrx_word' id='word_1_636' title='bbox 3148 1873 3263 1927; x_wconf 91' lang='lat' dir='ltr'><strong>Non</strong></span> <span class='ocrx_word' id='word_1_637' title='bbox 3312 1878 3453 1929; x_wconf 91' lang='lat' dir='ltr'><strong>enim</strong></span> <span class='ocrx_word' id='word_1_638' title='bbox 3484 1877 3661 1943; x_wconf 80' lang='lat' dir='ltr'><strong>dixit,</strong></span> 
     </span>
    </p>
   </div>
   <div class='ocr_carea' id='block_1_80' title="bbox 2084 1949 3659 2035">
    <p class='ocr_par' dir='ltr' id='par_1_80' title="bbox 2084 1949 3659 2035">
     <span class='ocr_line' id='line_1_80' title="bbox 2084 1949 3659 2035; baseline 0.013 -34"><span class='ocrx_word' id='word_1_639' title='bbox 2084 1949 2299 2017; x_wconf 88' lang='lat' dir='ltr'><strong>Dautes,</strong></span> <span class='ocrx_word' id='word_1_640' title='bbox 2331 1954 2446 2017; x_wconf 92' lang='lat' dir='ltr'><strong>sed,</strong></span> <span class='ocrx_word' id='word_1_641' title='bbox 2482 1954 2923 2015; x_wconf 80' lang='lat' dir='ltr'><strong>Communicantes</strong></span> <span class='ocrx_word' id='word_1_642' title='bbox 2947 1977 2968 2025; x_wconf 83' lang='lat'><strong>,&#39;</strong></span> <span class='ocrx_word' id='word_1_643' title='bbox 2998 1965 3286 2020; x_wconf 90' lang='lat' dir='ltr'><strong>ostendens</strong></span> <span class='ocrx_word' id='word_1_644' title='bbox 3332 1967 3475 2035; x_wconf 89' lang='lat' dir='ltr'><strong>ipsos</strong></span> <span class='ocrx_word' id='word_1_645' title='bbox 3501 1970 3659 2023; x_wconf 89' lang='lat' dir='ltr'><strong>etiam</strong></span> 
     </span>
    </p>
   </div>
   <div class='ocr_carea' id='block_1_81' title="bbox 2083 2039 3665 2122">
    <p class='ocr_par' dir='ltr' id='par_1_81' title="bbox 2083 2039 3665 2122">
     <span class='ocr_line' id='line_1_81' title="bbox 2083 2039 3665 2122; baseline 0.014 -31"><span class='ocrx_word' id='word_1_646' title='bbox 2083 2039 2287 2094; x_wconf 91' lang='lat' dir='ltr'><strong>lucrum</strong></span> <span class='ocrx_word' id='word_1_647' title='bbox 2309 2042 2518 2110; x_wconf 82' lang='lat' dir='ltr'><strong>iecisse,</strong></span> <span class='ocrx_word' id='word_1_648' title='bbox 2546 2048 2979 2119; x_wconf 90' lang='lat' dir='ltr'><strong>quandoquidem</strong></span> <span class='ocrx_word' id='word_1_649' title='bbox 3010 2056 3347 2122; x_wconf 64' lang='lat' dir='ltr'><strong>praemiorum</strong></span> <span class='ocrx_word' id='word_1_650' title='bbox 3372 2056 3495 2111; x_wconf 87' lang='lat' dir='ltr'><strong>facti</strong></span> <span class='ocrx_word' id='word_1_651' title='bbox 3512 2069 3665 2113; x_wconf 88' lang='lat' dir='ltr'><strong>erant</strong></span> 
     </span>
    </p>
   </div>
   <div class='ocr_carea' id='block_1_82' title="bbox 2081 2135 3664 2206">
    <p class='ocr_par' dir='ltr' id='par_1_82' title="bbox 2081 2135 3664 2206">
     <span class='ocr_line' id='line_1_82' title="bbox 2081 2135 3664 2206; baseline 0.015 -25"><span class='ocrx_word' id='word_1_652' title='bbox 2081 2135 2386 2204; x_wconf 80' lang='lat' dir='ltr'><strong>participes.</strong></span> <span class='ocrx_word' id='word_1_653' title='bbox 2453 2137 2570 2192; x_wconf 86' lang='lat' dir='ltr'><strong>Non</strong></span> <span class='ocrx_word' id='word_1_654' title='bbox 2621 2140 2786 2206; x_wconf 86' lang='lat' dir='ltr'><strong>dixit,</strong></span> <span class='ocrx_word' id='word_1_655' title='bbox 2840 2143 3011 2199; x_wconf 88' lang='lat' dir='ltr'><strong>Leves</strong></span> <span class='ocrx_word' id='word_1_656' title='bbox 3066 2147 3354 2205; x_wconf 90' lang='lat' dir='ltr'><strong>reddentes</strong></span> <span class='ocrx_word' id='word_1_657' title='bbox 3397 2167 3664 2206; x_wconf 69' lang='lat' dir='ltr'><strong>arruniuas</strong></span> 
     </span>
    </p>
   </div>
   <div class='ocr_carea' id='block_1_83' title="bbox 2084 2229 3663 2315">
    <p class='ocr_par' dir='ltr' id='par_1_83' title="bbox 2084 2229 3663 2315">
     <span class='ocr_line' id='line_1_83' title="bbox 2084 2229 3663 2315; baseline 0.013 -36"><span class='ocrx_word' id='word_1_658' title='bbox 2084 2243 2262 2291; x_wconf 88' lang='lat' dir='ltr'><strong>meas,</strong></span> <span class='ocrx_word' id='word_1_659' title='bbox 2296 2229 2428 2297; x_wconf 89' lang='lat' dir='ltr'><strong>sed,</strong></span> <span class='ocrx_word' id='word_1_660' title='bbox 2486 2231 2921 2290; x_wconf 82' lang='lat' dir='ltr'><strong>Communicantes</strong></span> <span class='ocrx_word' id='word_1_661' title='bbox 2966 2240 3275 2294; x_wconf 84' lang='lat' dir='ltr'><strong>tribulationi</strong></span> <span class='ocrx_word' id='word_1_662' title='bbox 3320 2260 3476 2309; x_wconf 61' lang='lat' dir='ltr'><strong>meat;</strong></span> <span class='ocrx_word' id='word_1_663' title='bbox 3522 2246 3663 2315; x_wconf 90' lang='lat' dir='ltr'><strong>quod</strong></span> 
     </span>
    </p>
   </div>
   <div class='ocr_carea' id='block_1_84' title="bbox 2081 2320 3090 2390">
    <p class='ocr_par' dir='ltr' id='par_1_84' title="bbox 2081 2320 3090 2390">
     <span class='ocr_line' id='line_1_84' title="bbox 2081 2320 3090 2390; baseline 0.014 -18"><span class='ocrx_word' id='word_1_664' title='bbox 2081 2320 2294 2388; x_wconf 91' lang='lat' dir='ltr'><strong>quidem</strong></span> <span class='ocrx_word' id='word_1_665' title='bbox 2320 2323 2532 2390; x_wconf 87' lang='lat' dir='ltr'><strong>gravius</strong></span> <span class='ocrx_word' id='word_1_666' title='bbox 2558 2339 2621 2379; x_wconf 90' lang='lat' dir='ltr'><strong>ac</strong></span> <span class='ocrx_word' id='word_1_667' title='bbox 2654 2326 2928 2383; x_wconf 90' lang='lat' dir='ltr'><strong>decentius</strong></span> <span class='ocrx_word' id='word_1_668' title='bbox 2953 2341 3090 2387; x_wconf 90' lang='lat' dir='ltr'><strong>erat.</strong></span> 
     </span>
    </p>
   </div>
   <div class='ocr_carea' id='block_1_85' title="bbox 2155 2410 3665 2486">
    <p class='ocr_par' dir='ltr' id='par_1_85' title="bbox 2155 2410 3665 2486">
     <span class='ocr_line' id='line_1_85' title="bbox 2155 2410 3665 2486; baseline 0.016 -24"><span class='ocrx_word' id='word_1_669' title='bbox 2155 2410 2311 2465; x_wconf 83' lang='lat' dir='ltr'><strong>Pauli</strong></span> <span class='ocrx_word' id='word_1_670' title='bbox 2335 2414 2613 2469; x_wconf 84' lang='lat' dir='ltr'><strong>humilitas.</strong></span> <span class='ocrx_word' id='word_1_671' title='bbox 2631 2447 2701 2456; x_wconf 94' lang='lat'>—</span> <span class='ocrx_word' id='word_1_672' title='bbox 2725 2418 2883 2474; x_wconf 80' lang='lat' dir='ltr'><strong>\‘ides</strong></span> <span class='ocrx_word' id='word_1_673' title='bbox 2910 2421 3058 2475; x_wconf 87' lang='lat' dir='ltr'><strong>Pauli</strong></span> <span class='ocrx_word' id='word_1_674' title='bbox 3090 2422 3484 2481; x_wconf 83' lang='lat' dir='ltr'><strong>humilitatem?</strong></span> <span class='ocrx_word' id='word_1_675' title='bbox 3516 2431 3665 2486; x_wconf 79' lang='lat' dir='ltr'><strong>vides</strong></span> 
     </span>
    </p>
   </div>
   <div class='ocr_carea' id='block_1_86' title="bbox 2082 2504 3664 2582">
    <p class='ocr_par' dir='ltr' id='par_1_86' title="bbox 2082 2504 3664 2582">
     <span class='ocr_line' id='line_1_86' title="bbox 2082 2504 3664 2582; baseline 0.014 -27"><span class='ocrx_word' id='word_1_676' title='bbox 2082 2504 2320 2558; x_wconf 90' lang='lat' dir='ltr'><strong>animum</strong></span> <span class='ocrx_word' id='word_1_677' title='bbox 2367 2510 2727 2575; x_wconf 88' lang='lat' dir='ltr'><strong>generosum?</strong></span> <span class='ocrx_word' id='word_1_678' title='bbox 2777 2512 3062 2582; x_wconf 89' lang='lat' dir='ltr'><strong>Postquam</strong></span> <span class='ocrx_word' id='word_1_679' title='bbox 3092 2518 3327 2573; x_wconf 90' lang='lat' dir='ltr'><strong>ostendit</strong></span> <span class='ocrx_word' id='word_1_680' title='bbox 3366 2536 3425 2575; x_wconf 87' lang='lat' dir='ltr'><strong>se</strong></span> <span class='ocrx_word' id='word_1_681' title='bbox 3455 2522 3664 2579; x_wconf 91' lang='lat' dir='ltr'><strong>illorum</strong></span> 
     </span>
    </p>
   </div>
   <div class='ocr_carea' id='block_1_87' title="bbox 2082 2597 3667 2677">
    <p class='ocr_par' dir='ltr' id='par_1_87' title="bbox 2082 2597 3667 2677">
     <span class='ocr_line' id='line_1_87' title="bbox 2082 2597 3667 2677; baseline 0.013 -28"><span class='ocrx_word' id='word_1_682' title='bbox 2082 2597 2271 2665; x_wconf 90' lang='lat' dir='ltr'><strong>opibus</strong></span> <span class='ocrx_word' id='word_1_683' title='bbox 2298 2612 2392 2652; x_wconf 91' lang='lat' dir='ltr'><strong>sua</strong></span> <span class='ocrx_word' id='word_1_684' title='bbox 2419 2614 2575 2654; x_wconf 85' lang='lat' dir='ltr'><strong>causa</strong></span> <span class='ocrx_word' id='word_1_685' title='bbox 2622 2602 2841 2658; x_wconf 88' lang='lat' dir='ltr'><strong>minime</strong></span> <span class='ocrx_word' id='word_1_686' title='bbox 2890 2622 3083 2676; x_wconf 87' lang='lat' dir='ltr'><strong>cgere,</strong></span> <span class='ocrx_word' id='word_1_687' title='bbox 3117 2618 3241 2664; x_wconf 91' lang='lat' dir='ltr'><strong>tunc</strong></span> <span class='ocrx_word' id='word_1_688' title='bbox 3277 2611 3388 2677; x_wconf 91' lang='lat' dir='ltr'><strong>jam</strong></span> <span class='ocrx_word' id='word_1_689' title='bbox 3441 2613 3667 2670; x_wconf 85' lang='lat' dir='ltr'><strong>ﬁdenter</strong></span> 
     </span>
    </p>
   </div>
   <div class='ocr_carea' id='block_1_88' title="bbox 2085 2686 3660 2773">
    <p class='ocr_par' dir='ltr' id='par_1_88' title="bbox 2085 2686 3660 2773">
     <span class='ocr_line' id='line_1_88' title="bbox 2085 2686 3660 2773; baseline 0.01 -30"><span class='ocrx_word' id='word_1_690' title='bbox 2085 2686 2303 2747; x_wconf 84' lang='lat' dir='ltr'><strong>humilia</strong></span> <span class='ocrx_word' id='word_1_691' title='bbox 2333 2692 2491 2749; x_wconf 83' lang='lat' dir='ltr'><strong>etiam</strong></span> <span class='ocrx_word' id='word_1_692' title='bbox 2523 2692 2730 2765; x_wconf 85' lang='lat' dir='ltr'><strong>profert</strong></span> <span class='ocrx_word' id='word_1_693' title='bbox 2758 2697 2939 2764; x_wconf 85' lang='lat' dir='ltr'><strong>verba,</strong></span> <span class='ocrx_word' id='word_1_694' title='bbox 2987 2709 3147 2771; x_wconf 87' lang='lat' dir='ltr'><strong>atque</strong></span> <span class='ocrx_word' id='word_1_695' title='bbox 3178 2701 3242 2759; x_wconf 87' lang='lat' dir='ltr'><strong>ad</strong></span> <span class='ocrx_word' id='word_1_696' title='bbox 3266 2719 3330 2759; x_wconf 87' lang='lat' dir='ltr'><strong>ea</strong></span> <span class='ocrx_word' id='word_1_697' title='bbox 3359 2704 3660 2773; x_wconf 82' lang='lat' dir='ltr'><strong>descendit,</strong></span> 
     </span>
    </p>
   </div>
   <div class='ocr_carea' id='block_1_89' title="bbox 2084 2785 3664 2860">
    <p class='ocr_par' dir='ltr' id='par_1_89' title="bbox 2084 2785 3664 2860">
     <span class='ocr_line' id='line_1_89' title="bbox 2084 2785 3664 2860; baseline 0.015 -23"><span class='ocrx_word' id='word_1_698' title='bbox 2084 2785 2276 2855; x_wconf 90' lang='lat' dir='ltr'><strong>quibus</strong></span> <span class='ocrx_word' id='word_1_699' title='bbox 2307 2788 2537 2842; x_wconf 90' lang='lat' dir='ltr'><strong>mendici</strong></span> <span class='ocrx_word' id='word_1_700' title='bbox 2566 2800 2808 2857; x_wconf 92' lang='lat' dir='ltr'><strong>utuntur,</strong></span> <span class='ocrx_word' id='word_1_701' title='bbox 2837 2792 2969 2860; x_wconf 67' lang='lat' dir='ltr'><strong>Qua:</strong></span> <span class='ocrx_word' id='word_1_702' title='bbox 3002 2805 3089 2849; x_wconf 92' lang='lat' dir='ltr'><strong>tua</strong></span> <span class='ocrx_word' id='word_1_703' title='bbox 3117 2806 3201 2851; x_wconf 91' lang='lat' dir='ltr'><strong>est</strong></span> <span class='ocrx_word' id='word_1_704' title='bbox 3236 2798 3395 2853; x_wconf 90' lang='lat' dir='ltr'><strong>dandi</strong></span> <span class='ocrx_word' id='word_1_705' title='bbox 3436 2819 3664 2859; x_wconf 86' lang='lat' dir='ltr'><strong>consuc-</strong></span> 
     </span>
    </p>
   </div>
   <div class='ocr_carea' id='block_1_90' title="bbox 2087 2877 3667 2959">
    <p class='ocr_par' dir='ltr' id='par_1_90' title="bbox 2087 2877 3667 2959">
     <span class='ocr_line' id='line_1_90' title="bbox 2087 2877 3667 2959; baseline 0.011 -27"><span class='ocrx_word' id='word_1_706' title='bbox 2087 2877 2233 2933; x_wconf 91' lang='lat' dir='ltr'><strong>tudo.</strong></span> <span class='ocrx_word' id='word_1_707' title='bbox 2256 2878 2401 2933; x_wconf 86' lang='lat' dir='ltr'><strong>Nihil</strong></span> <span class='ocrx_word' id='word_1_708' title='bbox 2432 2881 2574 2935; x_wconf 90' lang='lat' dir='ltr'><strong>enim</strong></span> <span class='ocrx_word' id='word_1_709' title='bbox 2604 2893 2816 2938; x_wconf 91' lang='lat' dir='ltr'><strong>recusat</strong></span> <span class='ocrx_word' id='word_1_710' title='bbox 2843 2886 2923 2939; x_wconf 84' lang='lat' dir='ltr'><strong>vel</strong></span> <span class='ocrx_word' id='word_1_711' title='bbox 2956 2885 3135 2944; x_wconf 89' lang='lat' dir='ltr'><strong>facere</strong></span> <span class='ocrx_word' id='word_1_712' title='bbox 3166 2891 3247 2944; x_wconf 91' lang='lat' dir='ltr'><strong>vel</strong></span> <span class='ocrx_word' id='word_1_713' title='bbox 3280 2892 3480 2959; x_wconf 89' lang='lat' dir='ltr'><strong>dicere,</strong></span> <span class='ocrx_word' id='word_1_714' title='bbox 3507 2894 3667 2949; x_wconf 86' lang='lat' dir='ltr'><strong>dum-</strong></span> 
     </span>
    </p>
   </div>
   <div class='ocr_carea' id='block_1_91' title="bbox 2088 2968 3669 3046">
    <p class='ocr_par' dir='ltr' id='par_1_91' title="bbox 2088 2968 3669 3046">
     <span class='ocr_line' id='line_1_91' title="bbox 2088 2968 3669 3046; baseline 0.009 -24"><span class='ocrx_word' id='word_1_715' title='bbox 2088 2968 2250 3023; x_wconf 92' lang='lat' dir='ltr'><strong>modo</strong></span> <span class='ocrx_word' id='word_1_716' title='bbox 2276 2970 2414 3040; x_wconf 92' lang='lat' dir='ltr'><strong>quod</strong></span> <span class='ocrx_word' id='word_1_717' title='bbox 2445 2974 2556 3025; x_wconf 88' lang='lat' dir='ltr'><strong>vult</strong></span> <span class='ocrx_word' id='word_1_718' title='bbox 2579 2983 2726 3028; x_wconf 79' lang='lat' dir='ltr'><strong>recte</strong></span> <span class='ocrx_word' id='word_1_719' title='bbox 2751 2974 3016 3031; x_wconf 85' lang='lat' dir='ltr'><strong>conﬁciat.</strong></span> <span class='ocrx_word' id='word_1_720' title='bbox 3041 2978 3176 3046; x_wconf 92' lang='lat' dir='ltr'><strong>Quid</strong></span> <span class='ocrx_word' id='word_1_721' title='bbox 3208 2992 3383 3036; x_wconf 89' lang='lat' dir='ltr'><strong>autem</strong></span> <span class='ocrx_word' id='word_1_722' title='bbox 3415 2983 3516 3039; x_wconf 76' lang='lat' dir='ltr'><strong>huc</strong></span> <span class='ocrx_word' id='word_1_723' title='bbox 3544 2998 3624 3041; x_wconf 76' lang='lat' dir='ltr'><strong>est</strong></span> <span class='ocrx_word' id='word_1_724' title='bbox 3645 2989 3669 3037; x_wconf 72' lang='grc' dir='ltr'><strong>’ξ</strong></span> 
     </span>
    </p>
   </div>
   <div class='ocr_carea' id='block_1_92' title="bbox 2089 3061 3670 3147">
    <p class='ocr_par' dir='ltr' id='par_1_92' title="bbox 2089 3061 3670 3147">
     <span class='ocr_line' id='line_1_92' title="bbox 2089 3061 3670 3147; baseline 0.011 -32"><span class='ocrx_word' id='word_1_725' title='bbox 2089 3061 2167 3116; x_wconf 89' lang='lat' dir='ltr'><strong>Ne</strong></span> <span class='ocrx_word' id='word_1_726' title='bbox 2199 3065 2412 3131; x_wconf 91' lang='lat' dir='ltr'><strong>putetis,</strong></span> <span class='ocrx_word' id='word_1_727' title='bbox 2445 3065 2635 3134; x_wconf 91' lang='lat' dir='ltr'><strong>inquit,</strong></span> <span class='ocrx_word' id='word_1_728' title='bbox 2696 3066 3041 3137; x_wconf 70' lang='lat' dir='ltr'><strong>impudentiae</strong></span> <span class='ocrx_word' id='word_1_729' title='bbox 3086 3071 3249 3127; x_wconf 81' lang='lat' dir='ltr'><strong>fuisse</strong></span> <span class='ocrx_word' id='word_1_730' title='bbox 3278 3075 3433 3129; x_wconf 85' lang='lat' dir='ltr'><strong>verba</strong></span> <span class='ocrx_word' id='word_1_731' title='bbox 3461 3117 3476 3141; x_wconf 96' lang='lat'><strong>,</strong></span> <span class='ocrx_word' id='word_1_732' title='bbox 3525 3078 3670 3147; x_wconf 90' lang='lat' dir='ltr'><strong>quod</strong></span> 
     </span>
    </p>
   </div>
   <div class='ocr_carea' id='block_1_93' title="bbox 2089 3154 3669 3237">
    <p class='ocr_par' dir='ltr' id='par_1_93' title="bbox 2089 3154 3669 3237">
     <span class='ocr_line' id='line_1_93' title="bbox 2089 3154 3669 3237; baseline 0.011 -31"><span class='ocrx_word' id='word_1_733' title='bbox 2089 3154 2413 3224; x_wconf 62' lang='lat' dir='ltr'><strong>obiurgarim</strong></span> <span class='ocrx_word' id='word_1_734' title='bbox 2440 3172 2502 3210; x_wconf 91' lang='lat' dir='ltr'><strong>ac</strong></span> <span class='ocrx_word' id='word_1_735' title='bbox 2526 3157 2780 3223; x_wconf 83' lang='lat' dir='ltr'><strong>dixerim,</strong></span> <span class='ocrx_word' id='word_1_736' title='bbox 2814 3163 3099 3231; x_wconf 83' lang='lat' dir='ltr'><strong>Aliquando</strong></span> <span class='ocrx_word' id='word_1_737' title='bbox 3127 3165 3325 3218; x_wconf 88' lang='lat' dir='ltr'><strong>tandem</strong></span> <span class='ocrx_word' id='word_1_738' title='bbox 3350 3169 3669 3237; x_wconf 79' lang='lat' dir='ltr'><strong>reﬂoruistis;</strong></span> 
     </span>
    </p>
   </div>
   <div class='ocr_carea' id='block_1_94' title="bbox 2092 3249 3671 3328">
    <p class='ocr_par' dir='ltr' id='par_1_94' title="bbox 2092 3249 3671 3328">
     <span class='ocr_line' id='line_1_94' title="bbox 2092 3249 3671 3328; baseline 0.011 -30"><span class='ocrx_word' id='word_1_739' title='bbox 2092 3262 2263 3315; x_wconf 87' lang='lat' dir='ltr'><strong>neque</strong></span> <span class='ocrx_word' id='word_1_740' title='bbox 2292 3249 2449 3300; x_wconf 92' lang='lat' dir='ltr'><strong>etiam</strong></span> <span class='ocrx_word' id='word_1_741' title='bbox 2480 3253 2816 3305; x_wconf 83' lang='lat' dir='ltr'><strong>necessitatis</strong></span> <span class='ocrx_word' id='word_1_742' title='bbox 2841 3270 2852 3303; x_wconf 91' lang='lat'><strong>:</strong></span> <span class='ocrx_word' id='word_1_743' title='bbox 2879 3269 2984 3307; x_wconf 93' lang='lat' dir='ltr'><strong>non</strong></span> <span class='ocrx_word' id='word_1_744' title='bbox 3017 3257 3157 3309; x_wconf 91' lang='lat' dir='ltr'><strong>enim</strong></span> <span class='ocrx_word' id='word_1_745' title='bbox 3189 3258 3327 3325; x_wconf 92' lang='lat' dir='ltr'><strong>quod</strong></span> <span class='ocrx_word' id='word_1_746' title='bbox 3349 3275 3532 3328; x_wconf 88' lang='lat' dir='ltr'><strong>egeam</strong></span> <span class='ocrx_word' id='word_1_747' title='bbox 3556 3262 3671 3315; x_wconf 65' lang='lat' dir='ltr'><strong>haec</strong></span> 
     </span>
    </p>
   </div>
   <div class='ocr_carea' id='block_1_95' title="bbox 2091 3338 3673 3424">
    <p class='ocr_par' dir='ltr' id='par_1_95' title="bbox 2091 3338 3673 3424">
     <span class='ocr_line' id='line_1_95' title="bbox 2091 3338 3673 3424; baseline 0.011 -34"><span class='ocrx_word' id='word_1_748' title='bbox 2091 3338 2231 3402; x_wconf 90' lang='lat' dir='ltr'><strong>dico,</strong></span> <span class='ocrx_word' id='word_1_749' title='bbox 2268 3341 2359 3393; x_wconf 92' lang='lat' dir='ltr'><strong>sed</strong></span> <span class='ocrx_word' id='word_1_750' title='bbox 2388 3341 2553 3410; x_wconf 84' lang='lat' dir='ltr'><strong>quid?</strong></span> <span class='ocrx_word' id='word_1_751' title='bbox 2580 3342 2658 3396; x_wconf 88' lang='lat' dir='ltr'><strong>Eo</strong></span> <span class='ocrx_word' id='word_1_752' title='bbox 2683 3343 2825 3412; x_wconf 90' lang='lat' dir='ltr'><strong>quod</strong></span> <span class='ocrx_word' id='word_1_753' title='bbox 2858 3346 3005 3400; x_wconf 90' lang='lat' dir='ltr'><strong>vobis</strong></span> <span class='ocrx_word' id='word_1_754' title='bbox 3030 3348 3185 3403; x_wconf 91' lang='lat' dir='ltr'><strong>valde</strong></span> <span class='ocrx_word' id='word_1_755' title='bbox 3206 3350 3489 3416; x_wconf 87' lang='lat' dir='ltr'><strong>conﬁdam,</strong></span> <span class='ocrx_word' id='word_1_756' title='bbox 3514 3364 3673 3424; x_wconf 89' lang='lat' dir='ltr'><strong>atque</strong></span> 
     </span>
    </p>
   </div>
   <div class='ocr_carea' id='block_1_96' title="bbox 2094 3428 3674 3513">
    <p class='ocr_par' dir='ltr' id='par_1_96' title="bbox 2094 3428 3674 3513">
     <span class='ocr_line' id='line_1_96' title="bbox 2094 3428 3674 3513; baseline 0.011 -31"><span class='ocrx_word' id='word_1_757' title='bbox 2094 3428 2251 3497; x_wconf 91' lang='lat' dir='ltr'><strong>hujus</strong></span> <span class='ocrx_word' id='word_1_758' title='bbox 2306 3432 2536 3487; x_wconf 80' lang='lat' dir='ltr'><strong>ﬁdenti-.e</strong></span> <span class='ocrx_word' id='word_1_759' title='bbox 2580 3448 2677 3487; x_wconf 86' lang='lat' dir='ltr'><strong>vos</strong></span> <span class='ocrx_word' id='word_1_760' title='bbox 2726 3444 2976 3492; x_wconf 89' lang='lat' dir='ltr'><strong>auctores</strong></span> <span class='ocrx_word' id='word_1_761' title='bbox 3005 3440 3154 3493; x_wconf 90' lang='lat' dir='ltr'><strong>estis.</strong></span> <span class='ocrx_word' id='word_1_762' title='bbox 3206 3440 3363 3495; x_wconf 88' lang='lat' dir='ltr'><strong>Vides</strong></span> <span class='ocrx_word' id='word_1_763' title='bbox 3406 3445 3674 3513; x_wconf 85' lang='lat' dir='ltr'><strong>quomodo</strong></span> 
     </span>
    </p>
   </div>
   <div class='ocr_carea' id='block_1_97' title="bbox 2094 3524 3671 3600">
    <p class='ocr_par' dir='ltr' id='par_1_97' title="bbox 2094 3524 3671 3600">
     <span class='ocr_line' id='line_1_97' title="bbox 2094 3524 3671 3600; baseline 0.009 -25"><span class='ocrx_word' id='word_1_764' title='bbox 2094 3524 2241 3591; x_wconf 89' lang='lat' dir='ltr'><strong>ipsos</strong></span> <span class='ocrx_word' id='word_1_765' title='bbox 2280 3532 2430 3577; x_wconf 90' lang='lat' dir='ltr'><strong>curet</strong></span> <span class='ocrx_word' id='word_1_766' title='bbox 2463 3534 2518 3578; x_wconf 90' lang='lat' dir='ltr'><strong>et</strong></span> <span class='ocrx_word' id='word_1_767' title='bbox 2545 3526 2751 3580; x_wconf 87' lang='lat' dir='ltr'><strong>leniat?</strong></span> <span class='ocrx_word' id='word_1_768' title='bbox 2795 3527 2852 3581; x_wconf 87' lang='lat' dir='ltr'><strong>In</strong></span> <span class='ocrx_word' id='word_1_769' title='bbox 2891 3530 3045 3583; x_wconf 91' lang='lat' dir='ltr'><strong>vobis</strong></span> <span class='ocrx_word' id='word_1_770' title='bbox 3068 3572 3082 3594; x_wconf 93' lang='lat'><strong>,</strong></span> <span class='ocrx_word' id='word_1_771' title='bbox 3115 3532 3318 3600; x_wconf 90' lang='lat' dir='ltr'><strong>inquit,</strong></span> <span class='ocrx_word' id='word_1_772' title='bbox 3363 3548 3521 3588; x_wconf 87' lang='lat' dir='ltr'><strong>causa</strong></span> <span class='ocrx_word' id='word_1_773' title='bbox 3552 3548 3631 3589; x_wconf 90' lang='lat' dir='ltr'><strong>est</strong></span> <span class='ocrx_word' id='word_1_774' title='bbox 3656 3578 3671 3599; x_wconf 95' lang='lat'><strong>,</strong></span> 
     </span>
    </p>
   </div>
   <div class='ocr_carea' id='block_1_98' title="bbox 2096 3614 3676 3684">
    <p class='ocr_par' dir='ltr' id='par_1_98' title="bbox 2096 3614 3676 3684">
     <span class='ocr_line' id='line_1_98' title="bbox 2096 3614 3676 3684; baseline 0.008 -19"><span class='ocrx_word' id='word_1_775' title='bbox 2096 3614 2185 3682; x_wconf 91' lang='lat' dir='ltr'><strong>qui</strong></span> <span class='ocrx_word' id='word_1_776' title='bbox 2213 3623 2336 3667; x_wconf 91' lang='lat' dir='ltr'><strong>ante</strong></span> <span class='ocrx_word' id='word_1_777' title='bbox 2361 3614 2492 3669; x_wconf 88' lang='lat' dir='ltr'><strong>alios</strong></span> <span class='ocrx_word' id='word_1_778' title='bbox 2519 3616 2584 3669; x_wconf 91' lang='lat' dir='ltr'><strong>ad</strong></span> <span class='ocrx_word' id='word_1_779' title='bbox 2612 3616 2749 3671; x_wconf 91' lang='lat' dir='ltr'><strong>banc</strong></span> <span class='ocrx_word' id='word_1_780' title='bbox 2776 3633 2889 3671; x_wconf 88' lang='lat' dir='ltr'><strong>rem</strong></span> <span class='ocrx_word' id='word_1_781' title='bbox 2918 3621 3220 3684; x_wconf 89' lang='lat' dir='ltr'><strong>accurritis,</strong></span> <span class='ocrx_word' id='word_1_782' title='bbox 3249 3637 3310 3676; x_wconf 91' lang='lat' dir='ltr'><strong>ac</strong></span> <span class='ocrx_word' id='word_1_783' title='bbox 3334 3624 3486 3678; x_wconf 92' lang='lat' dir='ltr'><strong>nobis</strong></span> <span class='ocrx_word' id='word_1_784' title='bbox 3510 3625 3676 3679; x_wconf 87' lang='lat' dir='ltr'><strong>ﬁden-</strong></span> 
     </span>
    </p>
   </div>
   <div class='ocr_carea' id='block_1_99' title="bbox 2098 3706 3677 3778">
    <p class='ocr_par' dir='ltr' id='par_1_99' title="bbox 2098 3706 3677 3778">
     <span class='ocr_line' id='line_1_99' title="bbox 2098 3706 3677 3778; baseline 0.008 -18"><span class='ocrx_word' id='word_1_785' title='bbox 2098 3708 2222 3760; x_wconf 92' lang='lat' dir='ltr'><strong>tiam</strong></span> <span class='ocrx_word' id='word_1_786' title='bbox 2249 3706 2410 3772; x_wconf 92' lang='lat' dir='ltr'><strong>datis,</strong></span> <span class='ocrx_word' id='word_1_787' title='bbox 2441 3717 2499 3761; x_wconf 92' lang='lat' dir='ltr'><strong>ut</strong></span> <span class='ocrx_word' id='word_1_788' title='bbox 2525 3724 2611 3762; x_wconf 90' lang='lat' dir='ltr'><strong>res</strong></span> <span class='ocrx_word' id='word_1_789' title='bbox 2644 3710 2947 3778; x_wconf 75' lang='lat' dir='ltr'><strong>huiusmodi</strong></span> <span class='ocrx_word' id='word_1_790' title='bbox 2981 3714 3131 3765; x_wconf 88' lang='lat' dir='ltr'><strong>vobis</strong></span> <span class='ocrx_word' id='word_1_791' title='bbox 3174 3715 3225 3767; x_wconf 92' lang='lat' dir='ltr'><strong>in</strong></span> <span class='ocrx_word' id='word_1_792' title='bbox 3256 3718 3562 3771; x_wconf 88' lang='lat' dir='ltr'><strong>memoriam</strong></span> <span class='ocrx_word' id='word_1_793' title='bbox 3593 3735 3677 3772; x_wconf 81' lang='lat' dir='ltr'><strong>re-</strong></span> 
     </span>
    </p>
   </div>
   <div class='ocr_carea' id='block_1_100' title="bbox 2096 3797 3682 3873">
    <p class='ocr_par' dir='ltr' id='par_1_100' title="bbox 2096 3797 3682 3873">
     <span class='ocr_line' id='line_1_100' title="bbox 2096 3797 3682 3873; baseline 0.009 -23"><span class='ocrx_word' id='word_1_794' title='bbox 2096 3797 2357 3867; x_wconf 84' lang='lat' dir='ltr'><strong>digamus.</strong></span> <span class='ocrx_word' id='word_1_795' title='bbox 2388 3799 2457 3853; x_wconf 89' lang='lat' dir='ltr'><strong>Et</strong></span> <span class='ocrx_word' id='word_1_796' title='bbox 2483 3800 2602 3855; x_wconf 88' lang='lat' dir='ltr'><strong>vide</strong></span> <span class='ocrx_word' id='word_1_797' title='bbox 2622 3802 2937 3870; x_wconf 85' lang='lat' dir='ltr'><strong>gravitatem</strong></span> <span class='ocrx_word' id='word_1_798' title='bbox 2971 3821 2985 3858; x_wconf 85' lang='lat'><strong>:</strong></span> <span class='ocrx_word' id='word_1_799' title='bbox 3015 3803 3140 3857; x_wconf 89' lang='lat' dir='ltr'><strong>dum</strong></span> <span class='ocrx_word' id='word_1_800' title='bbox 3174 3823 3277 3860; x_wconf 90' lang='lat' dir='ltr'><strong>non</strong></span> <span class='ocrx_word' id='word_1_801' title='bbox 3308 3810 3545 3873; x_wconf 88' lang='lat' dir='ltr'><strong>mittunt,</strong></span> <span class='ocrx_word' id='word_1_802' title='bbox 3578 3812 3682 3864; x_wconf 83' lang='lat' dir='ltr'><strong>nii-</strong></span> 
     </span>
    </p>
   </div>
   <div class='ocr_carea' id='block_1_101' title="bbox 2098 3891 3667 3971">
    <p class='ocr_par' dir='ltr' id='par_1_101' title="bbox 2098 3891 3667 3971">
     <span class='ocr_line' id='line_1_101' title="bbox 2098 3891 3667 3971; baseline 0.008 -28"><span class='ocrx_word' id='word_1_803' title='bbox 2098 3892 2239 3943; x_wconf 92' lang='lat' dir='ltr'><strong>nime</strong></span> <span class='ocrx_word' id='word_1_804' title='bbox 2259 3891 2521 3961; x_wconf 87' lang='lat' dir='ltr'><strong>objurgat,</strong></span> <span class='ocrx_word' id='word_1_805' title='bbox 2549 3907 2615 3946; x_wconf 92' lang='lat' dir='ltr'><strong>ne</strong></span> <span class='ocrx_word' id='word_1_806' title='bbox 2637 3893 2877 3948; x_wconf 86' lang='lat' dir='ltr'><strong>videatur</strong></span> <span class='ocrx_word' id='word_1_807' title='bbox 2892 3910 3041 3950; x_wconf 90' lang='lat' dir='ltr'><strong>suam</strong></span> <span class='ocrx_word' id='word_1_808' title='bbox 3059 3913 3273 3953; x_wconf 89' lang='lat' dir='ltr'><strong>causam</strong></span> <span class='ocrx_word' id='word_1_809' title='bbox 3303 3916 3496 3969; x_wconf 88' lang='lat' dir='ltr'><strong>agere;</strong></span> <span class='ocrx_word' id='word_1_810' title='bbox 3523 3913 3667 3971; x_wconf 83' lang='lat' dir='ltr'><strong>post-</strong></span> 
     </span>
    </p>
   </div>
   <div class='ocr_carea' id='block_1_102' title="bbox 2097 3982 3679 4064">
    <p class='ocr_par' dir='ltr' id='par_1_102' title="bbox 2097 3982 3679 4064">
     <span class='ocr_line' id='line_1_102' title="bbox 2097 3982 3679 4064; baseline 0.009 -31"><span class='ocrx_word' id='word_1_811' title='bbox 2097 3995 2256 4049; x_wconf 88' lang='lat' dir='ltr'><strong>quam</strong></span> <span class='ocrx_word' id='word_1_812' title='bbox 2286 3997 2415 4037; x_wconf 88' lang='lat' dir='ltr'><strong>vero</strong></span> <span class='ocrx_word' id='word_1_813' title='bbox 2436 3982 2712 4049; x_wconf 87' lang='lat' dir='ltr'><strong>miserant,</strong></span> <span class='ocrx_word' id='word_1_814' title='bbox 2747 3994 2873 4040; x_wconf 91' lang='lat' dir='ltr'><strong>tunc</strong></span> <span class='ocrx_word' id='word_1_815' title='bbox 2902 4002 2996 4041; x_wconf 91' lang='lat' dir='ltr'><strong>eos</strong></span> <span class='ocrx_word' id='word_1_816' title='bbox 3023 3988 3090 4043; x_wconf 89' lang='lat' dir='ltr'><strong>de</strong></span> <span class='ocrx_word' id='word_1_817' title='bbox 3129 3993 3400 4058; x_wconf 60' lang='lat' dir='ltr'><strong>pra-temo</strong></span> <span class='ocrx_word' id='word_1_818' title='bbox 3438 4003 3679 4064; x_wconf 87' lang='lat' dir='ltr'><strong>tempore</strong></span> 
     </span>
    </p>
   </div>
   <div class='ocr_carea' id='block_1_103' title="bbox 2099 4073 3678 4155">
    <p class='ocr_par' dir='ltr' id='par_1_103' title="bbox 2099 4073 3678 4155">
     <span class='ocr_line' id='line_1_103' title="bbox 2099 4073 3678 4155; baseline 0.009 -28"><span class='ocrx_word' id='word_1_819' title='bbox 2099 4073 2423 4144; x_wconf 86' lang='lat' dir='ltr'><strong>objurgavit;</strong></span> <span class='ocrx_word' id='word_1_820' title='bbox 2458 4084 2617 4145; x_wconf 89' lang='lat' dir='ltr'><strong>atque</strong></span> <span class='ocrx_word' id='word_1_821' title='bbox 2640 4077 2710 4131; x_wconf 92' lang='lat' dir='ltr'><strong>illi</strong></span> <span class='ocrx_word' id='word_1_822' title='bbox 2734 4093 2887 4148; x_wconf 67' lang='lat' dir='ltr'><strong>aequo</strong></span> <span class='ocrx_word' id='word_1_823' title='bbox 2908 4081 3085 4134; x_wconf 91' lang='lat' dir='ltr'><strong>animo</strong></span> <span class='ocrx_word' id='word_1_824' title='bbox 3110 4083 3345 4139; x_wconf 89' lang='lat' dir='ltr'><strong>tulerunt</strong></span> <span class='ocrx_word' id='word_1_825' title='bbox 3372 4104 3383 4139; x_wconf 93' lang='lat'>:</span> <span class='ocrx_word' id='word_1_826' title='bbox 3405 4087 3513 4155; x_wconf 90' lang='lat' dir='ltr'><strong>jam</strong></span> <span class='ocrx_word' id='word_1_827' title='bbox 3536 4088 3678 4143; x_wconf 91' lang='lat' dir='ltr'><strong>enim</strong></span> 
     </span>
    </p>
   </div>
   <div class='ocr_carea' id='block_1_104' title="bbox 2100 4167 3676 4246">
    <p class='ocr_par' dir='ltr' id='par_1_104' title="bbox 2100 4167 3676 4246">
     <span class='ocr_line' id='line_1_104' title="bbox 2100 4167 3676 4246; baseline 0.008 -26"><span class='ocrx_word' id='word_1_828' title='bbox 2100 4167 2317 4223; x_wconf 89' lang='lat' dir='ltr'><strong>minime</strong></span> <span class='ocrx_word' id='word_1_829' title='bbox 2346 4168 2624 4224; x_wconf 88' lang='lat' dir='ltr'><strong>videbatur</strong></span> <span class='ocrx_word' id='word_1_830' title='bbox 2648 4186 2804 4225; x_wconf 91' lang='lat' dir='ltr'><strong>suum</strong></span> <span class='ocrx_word' id='word_1_831' title='bbox 2835 4175 3106 4242; x_wconf 90' lang='lat' dir='ltr'><strong>negotium</strong></span> <span class='ocrx_word' id='word_1_832' title='bbox 3135 4192 3343 4245; x_wconf 88' lang='lat' dir='ltr'><strong>gerere.</strong></span> <span class='ocrx_word' id='word_1_833' title='bbox 3378 4180 3465 4234; x_wconf 81' lang='grc'><strong>15.</strong></span> <span class='ocrx_word' id='word_1_834' title='bbox 3500 4181 3676 4246; x_wconf 82' lang='lat' dir='ltr'><strong>Scitis,</strong></span> 
     </span>
    </p>
   </div>
   <div class='ocr_carea' id='block_1_105' title="bbox 2100 4257 3682 4343">
    <p class='ocr_par' dir='ltr' id='par_1_105' title="bbox 2100 4257 3682 4343">
     <span class='ocr_line' id='line_1_105' title="bbox 2100 4257 3682 4343; baseline 0.008 -30"><span class='ocrx_word' id='word_1_835' title='bbox 2100 4257 2302 4328; x_wconf 86' lang='lat' dir='ltr'><strong>inquit,</strong></span> <span class='ocrx_word' id='word_1_836' title='bbox 2335 4270 2382 4313; x_wconf 83' lang='lat' dir='ltr'><strong>et</strong></span> <span class='ocrx_word' id='word_1_837' title='bbox 2410 4278 2495 4315; x_wconf 85' lang='lat' dir='ltr'><strong>vos</strong></span> <span class='ocrx_word' id='word_1_838' title='bbox 2528 4261 2887 4332; x_wconf 84' lang='lat' dir='ltr'><strong>Philippenses</strong></span> <span class='ocrx_word' id='word_1_839' title='bbox 2906 4306 2921 4330; x_wconf 92' lang='lat'><strong>,</strong></span> <span class='ocrx_word' id='word_1_840' title='bbox 2953 4269 3087 4334; x_wconf 85' lang='lat' dir='ltr'><strong>quod</strong></span> <span class='ocrx_word' id='word_1_841' title='bbox 3115 4268 3166 4320; x_wconf 88' lang='lat' dir='ltr'><strong>in</strong></span> <span class='ocrx_word' id='word_1_842' title='bbox 3195 4270 3442 4340; x_wconf 86' lang='lat' dir='ltr'><strong>principio</strong></span> <span class='ocrx_word' id='word_1_843' title='bbox 3467 4289 3682 4343; x_wconf 81' lang='lat' dir='ltr'><strong>evange-</strong></span> 
     </span>
    </p>
   </div>
   <div class='ocr_carea' id='block_1_106' title="bbox 2101 4352 3681 4430">
    <p class='ocr_par' dir='ltr' id='par_1_106' title="bbox 2101 4352 3681 4430">
     <span class='ocr_line' id='line_1_106' title="bbox 2101 4352 3681 4430; baseline 0.01 -24"><span class='ocrx_word' id='word_1_844' title='bbox 2101 4352 2189 4417; x_wconf 86' lang='lat' dir='ltr'><strong>lii,</strong></span> <span class='ocrx_word' id='word_1_845' title='bbox 2230 4356 2434 4423; x_wconf 88' lang='lat' dir='ltr'><strong>quando</strong></span> <span class='ocrx_word' id='word_1_846' title='bbox 2475 4359 2733 4427; x_wconf 80' lang='lat' dir='ltr'><strong>profectus</strong></span> <span class='ocrx_word' id='word_1_847' title='bbox 2759 4375 2872 4411; x_wconf 87' lang='lat' dir='ltr'><strong>sum</strong></span> <span class='ocrx_word' id='word_1_848' title='bbox 2914 4377 2946 4412; x_wconf 92' lang='lat' dir='ltr'><strong>a</strong></span> <span class='ocrx_word' id='word_1_849' title='bbox 2978 4359 3320 4430; x_wconf 85' lang='lat' dir='ltr'><strong>Macedonia,</strong></span> <span class='ocrx_word' id='word_1_850' title='bbox 3373 4367 3516 4419; x_wconf 84' lang='lat' dir='ltr'><strong>nulla</strong></span> <span class='ocrx_word' id='word_1_851' title='bbox 3557 4370 3681 4422; x_wconf 85' lang='lat' dir='ltr'><strong>mihi</strong></span> 
     </span>
    </p>
   </div>
   <div class='ocr_carea' id='block_1_107' title="bbox 2105 4446 3682 4525">
    <p class='ocr_par' dir='ltr' id='par_1_107' title="bbox 2105 4446 3682 4525">
     <span class='ocr_line' id='line_1_107' title="bbox 2105 4446 3682 4525; baseline 0.008 -26"><span class='ocrx_word' id='word_1_852' title='bbox 2105 4446 2330 4500; x_wconf 87' lang='lat' dir='ltr'><strong>Ecclesia</strong></span> <span class='ocrx_word' id='word_1_853' title='bbox 2363 4450 2748 4503; x_wconf 88' lang='lat' dir='ltr'><strong>communicavit</strong></span> <span class='ocrx_word' id='word_1_854' title='bbox 2780 4450 2833 4503; x_wconf 85' lang='lat' dir='ltr'><strong>in</strong></span> <span class='ocrx_word' id='word_1_855' title='bbox 2866 4452 3061 4505; x_wconf 88' lang='lat' dir='ltr'><strong>ratione</strong></span> <span class='ocrx_word' id='word_1_856' title='bbox 3087 4454 3197 4505; x_wconf 88' lang='lat' dir='ltr'><strong>dati</strong></span> <span class='ocrx_word' id='word_1_857' title='bbox 3225 4465 3270 4508; x_wconf 85' lang='lat' dir='ltr'><strong>et</strong></span> <span class='ocrx_word' id='word_1_858' title='bbox 3309 4459 3502 4525; x_wconf 83' lang='lat' dir='ltr'><strong>accepti</strong></span> <span class='ocrx_word' id='word_1_859' title='bbox 3527 4500 3541 4523; x_wconf 92' lang='lat'><strong>,</strong></span> <span class='ocrx_word' id='word_1_860' title='bbox 3581 4461 3682 4513; x_wconf 87' lang='lat' dir='ltr'><strong>nisi</strong></span> 
     </span>
    </p>
   </div>
   <div class='ocr_carea' id='block_1_108' title="bbox 2100 4539 3682 4616">
    <p class='ocr_par' dir='ltr' id='par_1_108' title="bbox 2100 4539 3682 4616">
     <span class='ocr_line' id='line_1_108' title="bbox 2100 4539 3682 4616; baseline 0.006 -23"><span class='ocrx_word' id='word_1_861' title='bbox 2100 4554 2186 4593; x_wconf 83' lang='lat' dir='ltr'><strong>vos</strong></span> <span class='ocrx_word' id='word_1_862' title='bbox 2216 4540 2332 4594; x_wconf 85' lang='lat' dir='ltr'><strong>soli.</strong></span> <span class='ocrx_word' id='word_1_863' title='bbox 2365 4539 2552 4609; x_wconf 75' lang='lat' dir='ltr'><strong>Papzc!</strong></span> <span class='ocrx_word' id='word_1_864' title='bbox 2586 4551 2840 4609; x_wconf 92' lang='lat' dir='ltr'><strong>quantum</strong></span> <span class='ocrx_word' id='word_1_865' title='bbox 2887 4545 3218 4599; x_wconf 89' lang='lat' dir='ltr'><strong>encomium!</strong></span> <span class='ocrx_word' id='word_1_866' title='bbox 3269 4547 3531 4616; x_wconf 89' lang='lat' dir='ltr'><strong>siquidem</strong></span> <span class='ocrx_word' id='word_1_867' title='bbox 3575 4549 3682 4605; x_wconf 87' lang='lat' dir='ltr'><strong>Cn-</strong></span> 
     </span>
    </p>
   </div>
   <div class='ocr_carea' id='block_1_109' title="bbox 2101 4630 3682 4711">
    <p class='ocr_par' dir='ltr' id='par_1_109' title="bbox 2101 4630 3682 4711">
     <span class='ocr_line' id='line_1_109' title="bbox 2101 4630 3682 4711; baseline 0.006 -26"><span class='ocrx_word' id='word_1_868' title='bbox 2101 4630 2315 4694; x_wconf 91' lang='lat' dir='ltr'><strong>rinthii,</strong></span> <span class='ocrx_word' id='word_1_869' title='bbox 2365 4630 2596 4699; x_wconf 89' lang='lat' dir='ltr'><strong>itemque</strong></span> <span class='ocrx_word' id='word_1_870' title='bbox 2632 4631 2894 4694; x_wconf 83' lang='lat' dir='ltr'><strong>Romani,</strong></span> <span class='ocrx_word' id='word_1_871' title='bbox 2944 4650 3009 4687; x_wconf 91' lang='lat' dir='ltr'><strong>eo</strong></span> <span class='ocrx_word' id='word_1_872' title='bbox 3050 4636 3187 4703; x_wconf 88' lang='lat' dir='ltr'><strong>quod</strong></span> <span class='ocrx_word' id='word_1_873' title='bbox 3229 4638 3412 4693; x_wconf 68' lang='lat' dir='ltr'><strong>isthazc</strong></span> <span class='ocrx_word' id='word_1_874' title='bbox 3457 4641 3526 4695; x_wconf 89' lang='lat' dir='ltr'><strong>ab</strong></span> <span class='ocrx_word' id='word_1_875' title='bbox 3567 4643 3682 4711; x_wconf 89' lang='lat' dir='ltr'><strong>ipso</strong></span> 
     </span>
    </p>
   </div>
   <div class='ocr_carea' id='block_1_110' title="bbox 2102 4722 3679 4790">
    <p class='ocr_par' dir='ltr' id='par_1_110' title="bbox 2102 4722 3679 4790">
     <span class='ocr_line' id='line_1_110' title="bbox 2102 4722 3679 4790; baseline 0.01 -16"><span class='ocrx_word' id='word_1_876' title='bbox 2102 4722 2394 4783; x_wconf 90' lang='lat' dir='ltr'><strong>audissent,</strong></span> <span class='ocrx_word' id='word_1_877' title='bbox 2430 4722 2717 4775; x_wconf 85' lang='lat' dir='ltr'><strong>invitantur</strong></span> <span class='ocrx_word' id='word_1_878' title='bbox 2762 4745 2774 4776; x_wconf 90' lang='lat'><strong>:</strong></span> <span class='ocrx_word' id='word_1_879' title='bbox 2806 4724 2857 4777; x_wconf 92' lang='lat' dir='ltr'><strong>hi</strong></span> <span class='ocrx_word' id='word_1_880' title='bbox 2888 4740 3016 4779; x_wconf 89' lang='lat' dir='ltr'><strong>vero</strong></span> <span class='ocrx_word' id='word_1_881' title='bbox 3044 4742 3163 4781; x_wconf 92' lang='lat' dir='ltr'><strong>cum</strong></span> <span class='ocrx_word' id='word_1_882' title='bbox 3198 4732 3341 4785; x_wconf 88' lang='lat' dir='ltr'><strong>nulla</strong></span> <span class='ocrx_word' id='word_1_883' title='bbox 3367 4732 3540 4788; x_wconf 91' lang='lat' dir='ltr'><strong>adhuc</strong></span> <span class='ocrx_word' id='word_1_884' title='bbox 3574 4736 3679 4790; x_wconf 84' lang='lat' dir='ltr'><strong>Ec-</strong></span> 
     </span>
    </p>
   </div>
   <div class='ocr_carea' id='block_1_111' title="bbox 2101 4814 3679 4898">
    <p class='ocr_par' dir='ltr' id='par_1_111' title="bbox 2101 4814 3679 4898">
     <span class='ocr_line' id='line_1_111' title="bbox 2101 4814 3679 4898; baseline 0.01 -32"><span class='ocrx_word' id='word_1_885' title='bbox 2101 4814 2260 4868; x_wconf 82' lang='lat' dir='ltr'><strong>clesia</strong></span> <span class='ocrx_word' id='word_1_886' title='bbox 2290 4814 2570 4883; x_wconf 68' lang='lat' dir='ltr'><strong>coepisset,</strong></span> <span class='ocrx_word' id='word_1_887' title='bbox 2602 4815 2768 4883; x_wconf 92' lang='lat' dir='ltr'><strong>inquit</strong></span> <span class='ocrx_word' id='word_1_888' title='bbox 2815 4818 2955 4870; x_wconf 90' lang='lat' dir='ltr'><strong>enim</strong></span> <span class='ocrx_word' id='word_1_889' title='bbox 2979 4859 2994 4883; x_wconf 95' lang='lat'><strong>,</strong></span> <span class='ocrx_word' id='word_1_890' title='bbox 3023 4817 3089 4872; x_wconf 85' lang='lat' dir='ltr'><strong>In</strong></span> <span class='ocrx_word' id='word_1_891' title='bbox 3121 4822 3370 4893; x_wconf 86' lang='lat' dir='ltr'><strong>principio</strong></span> <span class='ocrx_word' id='word_1_892' title='bbox 3417 4828 3679 4898; x_wconf 85' lang='lat' dir='ltr'><strong>evangelii,</strong></span> 
     </span>
    </p>
   </div>
   <div class='ocr_carea' id='block_1_112' title="bbox 2104 4902 3679 4988">
    <p class='ocr_par' dir='ltr' id='par_1_112' title="bbox 2104 4902 3679 4988">
     <span class='ocr_line' id='line_1_112' title="bbox 2104 4902 3679 4988; baseline 0.009 -29"><span class='ocrx_word' id='word_1_893' title='bbox 2104 4917 2301 4960; x_wconf 89' lang='lat' dir='ltr'><strong>tantam</strong></span> <span class='ocrx_word' id='word_1_894' title='bbox 2342 4921 2462 4976; x_wconf 89' lang='lat' dir='ltr'><strong>erga</strong></span> <span class='ocrx_word' id='word_1_895' title='bbox 2513 4917 2751 4961; x_wconf 89' lang='lat' dir='ltr'><strong>sanctum</strong></span> <span class='ocrx_word' id='word_1_896' title='bbox 2783 4902 2924 4963; x_wconf 85' lang='lat' dir='ltr'><strong>hunc</strong></span> <span class='ocrx_word' id='word_1_897' title='bbox 2953 4911 3302 4967; x_wconf 87' lang='lat' dir='ltr'><strong>ostenderunt</strong></span> <span class='ocrx_word' id='word_1_898' title='bbox 3341 4917 3501 4971; x_wconf 91' lang='lat' dir='ltr'><strong>animi</strong></span> <span class='ocrx_word' id='word_1_899' title='bbox 3550 4934 3679 4988; x_wconf 88' lang='lat' dir='ltr'><strong>pro-</strong></span> 
     </span>
    </p>
   </div>
   <div class='ocr_carea' id='block_1_113' title="bbox 2104 4996 3673 5077">
    <p class='ocr_par' dir='ltr' id='par_1_113' title="bbox 2104 4996 3673 5077">
     <span class='ocr_line' id='line_1_113' title="bbox 2104 4996 3673 5077; baseline 0.008 -26"><span class='ocrx_word' id='word_1_900' title='bbox 2104 4997 2413 5066; x_wconf 89' lang='lat' dir='ltr'><strong>pensionem</strong></span> <span class='ocrx_word' id='word_1_901' title='bbox 2453 5011 2515 5050; x_wconf 85' lang='lat' dir='ltr'><strong>ac</strong></span> <span class='ocrx_word' id='word_1_902' title='bbox 2539 4996 2805 5062; x_wconf 90' lang='lat' dir='ltr'><strong>studium,</strong></span> <span class='ocrx_word' id='word_1_903' title='bbox 2840 5007 2898 5052; x_wconf 90' lang='lat' dir='ltr'><strong>ut</strong></span> <span class='ocrx_word' id='word_1_904' title='bbox 2939 5016 3060 5054; x_wconf 92' lang='lat' dir='ltr'><strong>eum</strong></span> <span class='ocrx_word' id='word_1_905' title='bbox 3120 5004 3323 5058; x_wconf 92' lang='lat' dir='ltr'><strong>nullum</strong></span> <span class='ocrx_word' id='word_1_906' title='bbox 3372 5010 3673 5077; x_wconf 87' lang='lat' dir='ltr'><strong>exemplum</strong></span> 
     </span>
    </p>
   </div>
   <div class='ocr_carea' id='block_1_114' title="bbox 2107 5086 3678 5161">
    <p class='ocr_par' dir='ltr' id='par_1_114' title="bbox 2107 5086 3678 5161">
     <span class='ocr_line' id='line_1_114' title="bbox 2107 5086 3678 5161; baseline 0.011 -24"><span class='ocrx_word' id='word_1_907' title='bbox 2107 5087 2437 5156; x_wconf 88' lang='lat' dir='ltr'><strong>propositum</strong></span> <span class='ocrx_word' id='word_1_908' title='bbox 2465 5086 2743 5154; x_wconf 90' lang='lat' dir='ltr'><strong>baberent,</strong></span> <span class='ocrx_word' id='word_1_909' title='bbox 2780 5089 2877 5159; x_wconf 89' lang='lat' dir='ltr'><strong>ipsi</strong></span> <span class='ocrx_word' id='word_1_910' title='bbox 2907 5092 3063 5161; x_wconf 90' lang='lat' dir='ltr'><strong>primi</strong></span> <span class='ocrx_word' id='word_1_911' title='bbox 3093 5092 3217 5150; x_wconf 91' lang='lat' dir='ltr'><strong>huic</strong></span> <span class='ocrx_word' id='word_1_912' title='bbox 3242 5096 3460 5151; x_wconf 88' lang='lat' dir='ltr'><strong>ferendo</strong></span> <span class='ocrx_word' id='word_1_913' title='bbox 3486 5099 3678 5154; x_wconf 89' lang='lat' dir='ltr'><strong>fructui</strong></span> 
     </span>
    </p>
   </div>
   <div class='ocr_carea' id='block_1_115' title="bbox 2104 5184 3677 5258">
    <p class='ocr_par' dir='ltr' id='par_1_115' title="bbox 2104 5184 3677 5258">
     <span class='ocr_line' id='line_1_115' title="bbox 2104 5184 3677 5258; baseline 0.008 -21"><span class='ocrx_word' id='word_1_914' title='bbox 2104 5184 2309 5237; x_wconf 91' lang='lat' dir='ltr'><strong>initium</strong></span> <span class='ocrx_word' id='word_1_915' title='bbox 2334 5185 2540 5239; x_wconf 90' lang='lat' dir='ltr'><strong>darent.</strong></span> <span class='ocrx_word' id='word_1_916' title='bbox 2570 5187 2752 5256; x_wconf 84' lang='lat' dir='ltr'><strong>Neque</strong></span> <span class='ocrx_word' id='word_1_917' title='bbox 2778 5189 3059 5243; x_wconf 90' lang='lat' dir='ltr'><strong>dicendum</strong></span> <span class='ocrx_word' id='word_1_918' title='bbox 3083 5199 3167 5245; x_wconf 87' lang='lat' dir='ltr'><strong>est</strong></span> <span class='ocrx_word' id='word_1_919' title='bbox 3190 5192 3303 5247; x_wconf 61' lang='lat' dir='ltr'><strong>haec</strong></span> <span class='ocrx_word' id='word_1_920' title='bbox 3324 5193 3444 5248; x_wconf 92' lang='lat' dir='ltr'><strong>illos</strong></span> <span class='ocrx_word' id='word_1_921' title='bbox 3468 5194 3677 5258; x_wconf 85' lang='lat' dir='ltr'><strong>fecisse,</strong></span> 
     </span>
    </p>
   </div>
   <div class='ocr_carea' id='block_1_116' title="bbox 2103 5277 3678 5353">
    <p class='ocr_par' dir='ltr' id='par_1_116' title="bbox 2103 5277 3678 5353">
     <span class='ocr_line' id='line_1_116' title="bbox 2103 5277 3678 5353; baseline 0.009 -24"><span class='ocrx_word' id='word_1_922' title='bbox 2103 5277 2246 5347; x_wconf 91' lang='lat' dir='ltr'><strong>quod</strong></span> <span class='ocrx_word' id='word_1_923' title='bbox 2276 5278 2469 5333; x_wconf 89' lang='lat' dir='ltr'><strong>Paulus</strong></span> <span class='ocrx_word' id='word_1_924' title='bbox 2512 5279 2649 5348; x_wconf 88' lang='lat' dir='ltr'><strong>apud</strong></span> <span class='ocrx_word' id='word_1_925' title='bbox 2680 5295 2738 5336; x_wconf 91' lang='lat' dir='ltr'><strong>se</strong></span> <span class='ocrx_word' id='word_1_926' title='bbox 2780 5293 3049 5347; x_wconf 88' lang='lat' dir='ltr'><strong>maneret,</strong></span> <span class='ocrx_word' id='word_1_927' title='bbox 3102 5295 3259 5353; x_wconf 92' lang='lat' dir='ltr'><strong>atque</strong></span> <span class='ocrx_word' id='word_1_928' title='bbox 3300 5285 3678 5343; x_wconf 88' lang='lat' dir='ltr'><strong>beneﬁciorum</strong></span> 
     </span>
    </p>
   </div>
   <div class='ocr_carea' id='block_1_117' title="bbox 2103 5370 3679 5445">
    <p class='ocr_par' dir='ltr' id='par_1_117' title="bbox 2103 5370 3679 5445">
     <span class='ocr_line' id='line_1_117' title="bbox 2103 5370 3679 5445; baseline 0.008 -22"><span class='ocrx_word' id='word_1_929' title='bbox 2103 5384 2261 5423; x_wconf 90' lang='lat' dir='ltr'><strong>causa</strong></span> <span class='ocrx_word' id='word_1_930' title='bbox 2289 5384 2406 5439; x_wconf 71' lang='lat' dir='ltr'><strong>qua:</strong></span> <span class='ocrx_word' id='word_1_931' title='bbox 2440 5370 2508 5425; x_wconf 93' lang='lat' dir='ltr'><strong>ab</strong></span> <span class='ocrx_word' id='word_1_932' title='bbox 2533 5370 2649 5440; x_wconf 89' lang='lat' dir='ltr'><strong>ipso</strong></span> <span class='ocrx_word' id='word_1_933' title='bbox 2677 5372 2980 5441; x_wconf 89' lang='lat' dir='ltr'><strong>acciperent</strong></span> <span class='ocrx_word' id='word_1_934' title='bbox 3014 5393 3026 5428; x_wconf 92' lang='lat'><strong>:</strong></span> <span class='ocrx_word' id='word_1_935' title='bbox 3056 5374 3225 5444; x_wconf 89' lang='lat' dir='ltr'><strong>inquit</strong></span> <span class='ocrx_word' id='word_1_936' title='bbox 3252 5376 3415 5441; x_wconf 90' lang='lat' dir='ltr'><strong>enim,</strong></span> <span class='ocrx_word' id='word_1_937' title='bbox 3462 5382 3679 5445; x_wconf 78' lang='lat' dir='ltr'><strong>Quando</strong></span> 
     </span>
    </p>
   </div>
   <div class='ocr_carea' id='block_1_118' title="bbox 2109 5464 3681 5533">
    <p class='ocr_par' dir='ltr' id='par_1_118' title="bbox 2109 5464 3681 5533">
     <span class='ocr_line' id='line_1_118' title="bbox 2109 5464 3681 5533; baseline 0.007 -17"><span class='ocrx_word' id='word_1_938' title='bbox 2109 5464 2361 5533; x_wconf 78' lang='lat' dir='ltr'><strong>profectus</strong></span> <span class='ocrx_word' id='word_1_939' title='bbox 2386 5481 2498 5518; x_wconf 89' lang='lat' dir='ltr'><strong>sum</strong></span> <span class='ocrx_word' id='word_1_940' title='bbox 2529 5482 2561 5517; x_wconf 82' lang='grc' dir='ltr'><em>α</em></span> <span class='ocrx_word' id='word_1_941' title='bbox 2592 5465 2911 5528; x_wconf 81' lang='lat' dir='ltr'><strong>Macedonia,</strong></span> <span class='ocrx_word' id='word_1_942' title='bbox 2943 5469 3085 5521; x_wconf 87' lang='lat' dir='ltr'><strong>nulla</strong></span> <span class='ocrx_word' id='word_1_943' title='bbox 3128 5470 3252 5522; x_wconf 87' lang='lat' dir='ltr'><strong>mihi</strong></span> <span class='ocrx_word' id='word_1_944' title='bbox 3278 5469 3507 5525; x_wconf 82' lang='lat' dir='ltr'><strong>Ecclesia</strong></span> <span class='ocrx_word' id='word_1_945' title='bbox 3544 5489 3681 5526; x_wconf 79' lang='lat' dir='ltr'><strong>com-</strong></span> 
     </span>
    </p>
   </div>
   <div class='ocr_carea' id='block_1_119' title="bbox 2108 5555 3681 5633">
    <p class='ocr_par' dir='ltr' id='par_1_119' title="bbox 2108 5555 3681 5633">
     <span class='ocr_line' id='line_1_119' title="bbox 2108 5555 3681 5633; baseline 0.008 -26"><span class='ocrx_word' id='word_1_946' title='bbox 2108 5555 2381 5609; x_wconf 83' lang='lat' dir='ltr'><strong>municauit</strong></span> <span class='ocrx_word' id='word_1_947' title='bbox 2410 5556 2463 5608; x_wconf 88' lang='lat' dir='ltr'><strong>in</strong></span> <span class='ocrx_word' id='word_1_948' title='bbox 2486 5556 2680 5609; x_wconf 89' lang='lat' dir='ltr'><strong>ratione</strong></span> <span class='ocrx_word' id='word_1_949' title='bbox 2704 5557 2812 5611; x_wconf 89' lang='lat' dir='ltr'><strong>dati</strong></span> <span class='ocrx_word' id='word_1_950' title='bbox 2841 5569 2887 5611; x_wconf 89' lang='lat' dir='ltr'><strong>et</strong></span> <span class='ocrx_word' id='word_1_951' title='bbox 2917 5560 3130 5627; x_wconf 85' lang='lat' dir='ltr'><strong>accepti,</strong></span> <span class='ocrx_word' id='word_1_952' title='bbox 3162 5560 3261 5613; x_wconf 88' lang='lat' dir='ltr'><strong>nisi</strong></span> <span class='ocrx_word' id='word_1_953' title='bbox 3284 5576 3370 5615; x_wconf 85' lang='lat' dir='ltr'><strong>vos</strong></span> <span class='ocrx_word' id='word_1_954' title='bbox 3398 5564 3513 5617; x_wconf 80' lang='lat' dir='ltr'><strong>soli.</strong></span> <span class='ocrx_word' id='word_1_955' title='bbox 3544 5564 3681 5633; x_wconf 86' lang='lat' dir='ltr'><strong>Quid</strong></span> 
     </span>
    </p>
   </div>
   <div class='ocr_carea' id='block_1_120' title="bbox 2105 5646 3678 5717">
    <p class='ocr_par' dir='ltr' id='par_1_120' title="bbox 2105 5646 3678 5717">
     <span class='ocr_line' id='line_1_120' title="bbox 2105 5646 3678 5717; baseline 0.006 -17"><span class='ocrx_word' id='word_1_956' title='bbox 2105 5657 2206 5709; x_wconf 87' lang='lat' dir='ltr'><strong>est,</strong></span> <span class='ocrx_word' id='word_1_957' title='bbox 2236 5646 2439 5715; x_wconf 87' lang='lat' dir='ltr'><strong>Accepli</strong></span> <span class='ocrx_word' id='word_1_958' title='bbox 2455 5648 2480 5700; x_wconf 87' lang='lat'><strong><em>?</em></strong></span> <span class='ocrx_word' id='word_1_959' title='bbox 2505 5648 2629 5717; x_wconf 89' lang='lat' dir='ltr'><strong>quid</strong></span> <span class='ocrx_word' id='word_1_960' title='bbox 2666 5664 2797 5703; x_wconf 85' lang='lat' dir='ltr'><strong>vero</strong></span> <span class='ocrx_word' id='word_1_961' title='bbox 2836 5663 2916 5704; x_wconf 90' lang='lat' dir='ltr'><strong>est</strong></span> <span class='ocrx_word' id='word_1_962' title='bbox 2940 5692 2955 5716; x_wconf 96' lang='lat'><strong>,</strong></span> <span class='ocrx_word' id='word_1_963' title='bbox 2988 5648 3423 5706; x_wconf 78' lang='lat' dir='ltr'><strong>Communicavit?</strong></span> <span class='ocrx_word' id='word_1_964' title='bbox 3448 5670 3544 5708; x_wconf 90' lang='lat' dir='ltr'><strong>cur</strong></span> <span class='ocrx_word' id='word_1_965' title='bbox 3572 5672 3678 5709; x_wconf 62' lang='lat' dir='ltr'><strong>non</strong></span> 
     </span>
    </p>
   </div>
   <div class='ocr_carea' id='block_1_121' title="bbox 2106 5737 3683 5815">
    <p class='ocr_par' dir='ltr' id='par_1_121' title="bbox 2106 5737 3683 5815">
     <span class='ocr_line' id='line_1_121' title="bbox 2106 5737 3683 5815; baseline 0.006 -21"><span class='ocrx_word' id='word_1_966' title='bbox 2106 5737 2258 5805; x_wconf 83' lang='lat' dir='ltr'><strong>dixit,</strong></span> <span class='ocrx_word' id='word_1_967' title='bbox 2288 5737 2494 5794; x_wconf 88' lang='lat' dir='ltr'><strong>Nullam</strong></span> <span class='ocrx_word' id='word_1_968' title='bbox 2524 5738 2624 5796; x_wconf 89' lang='lat' dir='ltr'><strong>sibi</strong></span> <span class='ocrx_word' id='word_1_969' title='bbox 2656 5738 2942 5797; x_wconf 72' lang='lat' dir='ltr'><strong>Ecclesium</strong></span> <span class='ocrx_word' id='word_1_970' title='bbox 2968 5740 3208 5813; x_wconf 85' lang='lat' dir='ltr'><strong>dedisse,</strong></span> <span class='ocrx_word' id='word_1_971' title='bbox 3238 5744 3329 5799; x_wconf 84' lang='lat' dir='ltr'><strong>sed</strong></span> <span class='ocrx_word' id='word_1_972' title='bbox 3348 5785 3364 5815; x_wconf 91' lang='lat'><strong>,</strong></span> <span class='ocrx_word' id='word_1_973' title='bbox 3393 5744 3683 5804; x_wconf 76' lang='lat' dir='ltr'><strong>Comnmni-</strong></span> 
     </span>
    </p>
   </div>
  </div>
