4108 6410
462 271 557 328 ευ,
1214 254 1270 311 s.
1311 250 1587 309 JOANNIS
1621 246 2102 306 cmtvsosrout
2137 248 2451 305 ARCHIEP.
2492 246 3023 305 CONSTANTINOP.

464 378 594 435 cavit
624 378 677 432 in
703 371 899 431 ratione
924 372 1029 428 dati
1069 382 1118 426 et
1143 369 1375 440 accepti?
1402 366 1511 423 Res
1543 366 1687 421 enim
1738 365 1853 418 hmc
1893 377 2045 417 com-

468 469 758 526 municatio
787 465 1030 537 qumdam
1073 470 1175 517 est.
1215 461 1344 515 Nam
1377 458 1440 514 Si
1470 475 1594 523 nos,
1643 456 1859 524 inquit,
1906 452 2048 507 vobis

466 560 755 632 spiritualia
775 556 1149 618 seminavimus,
1178 552 1300 622 quid
1327 566 1584 620 magnum,
1610 550 1654 603 si
1678 563 1770 600 nos
1813 542 2048 598 carnalia

466 665 629 707 vestra
661 662 906 705 metamus
954 648 1031 719 (1.
1081 644 1198 700 Cor.
1229 644 1283 699 9.
1318 641 1458 711 il)?
1500 648 1554 695 et
1610 653 1830 704 rursus,
1870 634 2049 689 Vestra

469 744 802 807 abundantia,
832 751 888 794 ut
924 740 1129 793 illorum
1165 734 1392 806 inopiam
1432 730 1663 802 suppleat
1690 729 1775 803 (2.
1821 727 1941 783 Cor.
1992 726 2049 781 8.

471 834 581 903 14).
618 833 778 887 Vides
818 829 1087 902 quomodo
1137 823 1686 885 communicaverint,
1745 820 1799 875 in
1843 819 2051 873 ratione

473 925 602 990 dati,
656 923 832 977 dando
883 919 1137 985 carnalia,
1195 926 1251 972 et
1298 916 1351 970 in
1399 915 1607 969 ratione
1661 910 1907 980 accepti,
1956 923 2051 963 ac-

474 1017 723 1088 cipiendo
740 1013 1073 1086 spiritualia?
1102 1012 1312 1066 Etenim
1340 1006 1789 1078 quemadmodum
1810 1004 2049 1060 venden-

474 1121 556 1168 tes
582 1119 636 1165 et
665 1117 907 1164 ementes
931 1106 1069 1159 inter
1086 1119 1146 1159 se
1174 1100 1590 1164 communicant,
1622 1100 1765 1154 alter
1788 1096 1855 1153 ab
1882 1097 2053 1150 altero

474 1203 707 1257 vicissim
736 1199 1005 1268 accipiens
1030 1205 1086 1250 ct
1123 1195 1296 1259 dans;
1332 1193 1431 1247 hoc
1454 1193 1595 1246 enim
1628 1200 1711 1245 est
1751 1187 2053 1244 communi-

473 1295 615 1350 catio
647 1336 658 1347 .
691 1294 757 1346 ita
789 1306 919 1345 sane
947 1299 1002 1343 et
1042 1288 1094 1342 in
1128 1286 1225 1341 hac
1261 1301 1340 1341 re.
1385 1285 1528 1340 Nihil
1573 1284 1737 1346 enim,
1785 1281 1913 1335 nihil
1957 1280 2056 1335 hac

478 1383 838 1454 negotiatione
881 1391 933 1435 et
964 1389 1265 1434 mercatura
1295 1386 1379 1431 est
1401 1377 1758 1447 quaestuosius
1788 1390 1803 1427 :
1833 1388 1954 1426 nam
1998 1371 2057 1425 ﬁt

474 1478 687 1551 quidem
715 1477 766 1530 in
801 1485 962 1538 terra,
1010 1473 1287 1544 perﬁcitur
1315 1479 1493 1524 autem
1537 1470 1589 1522 in
1622 1468 1754 1522 caelo
1790 1485 1803 1518 :
1848 1475 1902 1521 et
1940 1479 2054 1519 em-

476 1583 655 1641 ptores
679 1569 890 1641 quidem
912 1568 962 1622 in
993 1577 1129 1621 terra
1159 1574 1315 1625 sunt;
1340 1572 1524 1617 emunt
1555 1576 1683 1617 vero
1705 1569 1758 1615 et
1780 1559 2058 1629 paciscun-

477 1674 562 1719 tur
587 1679 647 1717 ea
678 1677 795 1731 qua:
830 1662 881 1712 in
900 1659 1066 1719 caelis.
1100 1668 1314 1710 terreno
1337 1654 1583 1723 deposito
1611 1653 1804 1721 pretio.

548 1755 603 1809 5.
645 1752 843 1807 Verum
874 1766 977 1803 non
1017 1747 1266 1817 desperet
1295 1746 1601 1815 quispiam:
1642 1758 1747 1796 nou
1795 1751 1919 1796 sunt
1944 1755 2053 1795 caeo

475 1847 630 1901 lestia
661 1842 903 1913 pecuniis
953 1838 1221 1909 proposita
1264 1837 1514 1892 venalia:
1546 1850 1651 1889 non
1693 1835 1781 1889 illa
1819 1833 2058 1903 pecunia:

476 1945 684 2001 emunt,
726 1935 821 1989 sed
863 1934 1055 1988 electio
1085 1940 1243 2001 atque
1291 1931 1501 1984 animus
1544 1928 1776 1982 hominis
1805 1927 2057 1997 pecunias

476 2028 808 2101 projicientis
831 2068 846 2093 ,
878 2025 970 2080 sed
1003 2022 1335 2095 philosophia
1356 2064 1371 2088 ,
1397 2021 1732 2076 smcularium
1761 2034 1940 2074 rerum
1964 2017 2058 2072 de-

476 2135 710 2195 spectus,
746 2120 1075 2183 humanitas,
1106 2115 1493 2171 misericordia.
1523 2112 1821 2182 Caeteroqui
1849 2152 1865 2179 ,
1891 2111 1936 2165 si
1971 2126 2058 2165 ar-

475 2225 638 2285 gento
687 2220 1013 2276 emerentur,
1059 2224 1176 2278 qua:
1214 2208 1322 2261 duo
1354 2206 1555 2260 minuta
1607 2206 1834 2276 projecit
1880 2202 2054 2275 (Luc.

475 2310 538 2363 2|
573 2309 611 2372 ),
642 2306 774 2360 nihil
806 2318 936 2357 sane
963 2316 1211 2370 magnum
1238 2300 1570 2368 accepisset:
1638 2312 1781 2351 nunc
1803 2296 2055 2365 quoniam

475 2416 583 2457 non
612 2405 910 2468 argentum,
939 2395 1031 2448 sed
1056 2392 1249 2448 electio
1272 2392 1408 2445 hanc
1425 2393 1531 2445 vim
1558 2390 1808 2455 habebat,
1839 2401 2055 2442 omnem

477 2495 566 2548 illa
617 2492 777 2546 animi
826 2488 1238 2557 propensionem
1285 2484 1555 2547 aﬁ‘crens,
1598 2482 1778 2537 omnia
1825 2485 2054 2547 accepit.

476 2586 659 2653 itaque
704 2597 774 2635 ne
817 2580 1057 2633 dicamus
1087 2576 1326 2645 pecuniis
1357 2590 1577 2643 regnum
1625 2573 1771 2635 emi;
1818 2587 1927 2625 non
1966 2585 2058 2639 pe-

474 2675 668 2739 cuniis,
696 2670 790 2726 sed
823 2669 1086 2724 electione
1108 2676 1162 2721 et
1190 2666 1463 2719 voluntate
1482 2705 1497 2729 ,
1530 2678 1649 2733 qua:
1679 2677 1773 2731 per
1801 2661 2055 2730 pecunias

474 2764 776 2820 exhibetur.
846 2761 986 2830 Ergo
1026 2772 1159 2826 opus
1204 2764 1325 2821 est,
1376 2754 1591 2824 inquis,
1647 2752 1890 2807 divitiis?
1937 2751 2056 2806 Non

475 2854 678 2910 divitiis
712 2865 849 2921 Opus
872 2858 990 2913 est,
1022 2847 1116 2902 sed
1145 2856 1290 2902 certa
1319 2845 1591 2899 voluntate
1638 2861 1652 2895 :
1699 2843 1744 2897 si
1791 2846 1931 2896 hanc
1958 2841 2057 2896 ha-

475 2949 642 3009 beas,
676 2944 760 2999 vel
804 2942 1011 2997 duobus
1056 2940 1274 2992 minutis
1312 2937 1513 3007 poteris
1560 2950 1781 3006 regnum
1827 2950 2053 3000 emere;

471 3040 559 3095 ain
588 3039 784 3101 minus,
823 3049 996 3104 neque
1029 3032 1178 3086 mille
1203 3032 1318 3084 auri
1350 3031 1548 3084 talenta
1591 3027 1921 3082 tantumdem
1959 3043 2057 3099 po-

475 3139 695 3191 terunt,
726 3141 788 3180 ac
817 3125 921 3178 duo
953 3124 1152 3177 minuta
1195 3130 1437 3190 possunt.
1472 3119 1621 3174 Cur?
1648 3119 1909 3187 Quoniam
1933 3136 2054 3174 cum

476 3222 642 3278 multa
662 3218 863 3273 habens
886 3215 1130 3285 pauciora
1156 3213 1351 3266 dedisti
1375 3252 1392 3276 ,
1420 3212 1817 3282 eleemosynam
1839 3210 2053 3279 quidem

473 3315 671 3381 fecisti,
695 3312 789 3370 sed
817 3327 921 3367 non
947 3318 1143 3363 tantam
1167 3316 1419 3378 quantam
1443 3306 1599 3360 vidua
1631 3305 1739 3359 illa.
1769 3304 1883 3358 Non
1911 3305 2055 3359 enim

477 3417 681 3465 tantam
730 3404 1017 3460 adhibuisti
1049 3402 1384 3456 alacritatem
1429 3408 1482 3455 et
1529 3399 1692 3452 animi
1742 3398 2058 3468 propensio-

476 3518 621 3567 nem,
642 3510 800 3569 atque
827 3496 914 3551 illa
939 3513 952 3548 :
980 3495 1068 3548 illa
1096 3494 1240 3548 enim
1267 3491 1448 3547 omnia
1474 3490 1575 3545 sibi
1596 3490 1848 3553 abstulit;
1879 3489 2057 3561 potius

476 3606 659 3652 autem
711 3608 817 3647 non
869 3590 1125 3653 abstulit,
1177 3587 1273 3642 sed
1308 3587 1485 3641 omnia
1531 3584 1633 3638 sibi
1685 3583 1786 3654 ipsi
1816 3582 2057 3638 donavit.

474 3689 591 3745 Non
631 3688 773 3742 enim
817 3684 994 3739 aureis
1032 3682 1244 3736 talentis
1282 3695 1502 3749 regnum
1544 3686 1731 3747 pactus
1770 3687 1854 3733 est
1892 3678 2056 3745 Deus,

479 3782 573 3837 sed
603 3778 764 3833 animi
797 3776 1189 3848 propensione;
1225 3788 1329 3827 non
1377 3782 1549 3825 morte
1570 3811 1586 3836 ,
1631 3769 1723 3825 sed
1752 3770 2056 3826 electione:

480 3890 588 3930 non
629 3873 769 3928 enim
815 3866 970 3923 valde
1019 3881 1267 3935 magnum
1315 3875 1416 3920 est.
1467 3863 1603 3931 Quid
1650 3863 1791 3918 enim
1833 3871 1917 3918 est
1946 3863 2061 3917 ani-

480 3983 623 4023 mam
665 3980 821 4019 uuam
848 3960 1013 4015 dare?
1040 3958 1216 4014 Unum
1260 3957 1529 4011 hominem
1556 3955 1746 4020 dedit;
1780 3970 1920 4010 unus
1962 3969 2060 4009 au—

481 4070 588 4116 tem
621 4058 781 4111 homo
808 4070 911 4108 non
945 4068 1039 4122 par
1068 4051 1298 4122 pretium
1345 4058 1446 4104 est.
1497 4047 1587 4103 16.
1637 4047 1773 4115 Quia
1805 4058 1852 4102 et
1892 4048 2056 4102 Thes-

483 4149 765 4204 salonicam
803 4143 956 4199 semel
981 4182 996 4207 ,
1029 4150 1074 4195 et
1104 4141 1178 4194 bis
1206 4142 1260 4193 in
1283 4155 1405 4192 usus
1439 4139 1563 4191 mihi
1597 4139 1820 4192 misistis.
1851 4138 2061 4193 Rursus

485 4253 734 4310 magnum
760 4233 1062 4291 encomium
1092 4249 1105 4285 :
1136 4229 1597 4300 quandoquidem,
1621 4244 1742 4281 cum
1775 4228 1827 4281 in
1859 4238 2062 4282 metro-

482 4331 590 4402 poli
618 4336 781 4389 esset.
807 4326 873 4379 ab
886 4323 1073 4393 exigua
1098 4331 1274 4375 tamen
1296 4320 1511 4374 civitate
1531 4318 1792 4372 alebatur.
1824 4318 1889 4372 Et
1914 4318 2057 4382 vide;

481 4438 549 4478 ne
580 4426 834 4491 perpetuo
863 4432 921 4471 se
950 4430 1016 4469 ex
1044 4412 1361 4467 necessitate
1386 4411 1627 4465 eximcns
1648 4451 1663 4475 ,
1698 4410 1842 4479 ipsos
1867 4451 1882 4473 ,
1914 4410 2058 4481 quod

479 4522 635 4569 antea
686 4510 969 4572 dicebam,
1021 4504 1429 4576 negligentiores
1480 4502 1770 4570 redderet,
1801 4519 1924 4559 cum
1979 4513 2058 4560 tot

484 4604 659 4661 modis
684 4601 1010 4657 ostendisset
1050 4614 1110 4653 se
1151 4613 1257 4651 non
1302 4611 1497 4667 egere;
1531 4610 1672 4650 nunc
1700 4612 1764 4650 ex
1807 4595 1908 4650 hoc
1939 4596 2057 4652 solo

485 4700 537 4753 id
585 4695 924 4750 manifestum
956 4691 1113 4755 fecit,
1165 4691 1236 4745 ita
1265 4691 1515 4743 nimirum
1547 4688 1730 4743 dicens
1753 4730 1766 4752 ,
1818 4687 1883 4742 In
1915 4706 2054 4744 usus.

482 4792 596 4847 Non
628 4789 773 4845 enim
801 4787 968 4852 dixit,
1000 4784 1162 4849 Meos,
1197 4783 1289 4838 sed
1322 4792 1525 4837 tantum
1547 4824 1562 4847 ,
1598 4781 1665 4835 In
1693 4799 1814 4835 usus
1835 4822 1850 4846 ,
1883 4784 2059 4852 gravi.

483 4885 608 4937 tatis
634 4881 837 4935 scilicet
864 4888 918 4933 et
947 4876 1127 4931 decori
1158 4875 1420 4930 rationem
1448 4875 1651 4929 habens
1674 4915 1689 4937 ,
1722 4889 1829 4928 non
1860 4890 1923 4929 ex
1953 4874 2058 4930 hoc

482 4975 599 5029 solo
618 5014 632 5037 ,
664 4972 758 5026 sed
783 4971 943 5025 etiam
985 4984 1052 5023 ex
1081 4982 1146 5021 eo
1172 4965 1313 5036 quod
1350 4965 1618 5033 sequitur.
1650 4964 1779 5017 Nam
1808 4965 2061 5034 quoniam

485 5065 539 5121 id
566 5063 765 5116 humile
796 5059 1045 5130 quiddam
1074 5072 1194 5112 esse
1234 5071 1338 5111 non
1369 5056 1646 5127 ignorabat
1673 5097 1687 5121 ,
1719 5071 1905 5111 rursus
1935 5071 2061 5111 cor-

483 5157 721 5213 rectione
766 5152 992 5223 quadam
1041 5150 1376 5206 communit:
1410 5148 1625 5204 i7.Non
1670 5149 1806 5217 quod
1848 5165 2057 5218 (μείω-ο,

484 5248 655 5318 inquit
678 5287 693 5311 ,
724 5245 900 5298 datum
921 5260 941 5298 :
984 5242 1124 5313 quod
1150 5252 1305 5297 antea
1331 5242 1561 5307 dixerat,
1587 5240 1711 5295 Non
1741 5242 1887 5310 quasi
1935 5258 2060 5312 pro-

483 5350 594 5412 pter
610 5338 871 5409 penuriam
894 5336 1028 5402 dico,
1054 5335 1190 5390 idem
1221 5335 1528 5405 signiﬁcans
1551 5351 1564 5387 :
1587 5350 1908 5405 quamquam
1931 5335 2061 5390 illud

485 5431 657 5501 majus
685 5438 767 5484 est
790 5469 806 5494 ,
855 5442 1013 5498 quam
1046 5427 1165 5482 hoc.
1197 5426 1360 5481 Aliud
1388 5427 1533 5482 enim
1562 5436 1680 5491 est,
1730 5442 1852 5482 cum
1879 5427 2061 5493 desit,

485 5538 593 5579 non
622 5534 901 5593 quaerere;
945 5516 1120 5583 aliud,
1151 5532 1271 5572 cum
1300 5518 1443 5573 desit
1464 5559 1479 5582 ,
1527 5533 1597 5573 ne
1625 5517 1815 5574 deesse
1841 5518 2061 5589 quidem

489 5624 696 5685 putare.
729 5612 851 5666 Non
878 5610 1013 5683 quod
1041 5626 1234 5680 quaero,
1265 5610 1468 5680 inquit,
1496 5611 1673 5665 datum
1698 5652 1713 5677 ,
1743 5612 1832 5667 sed
1860 5613 2059 5682 requiro

485 5713 704 5781 fructum
728 5706 1065 5762 abundantem
1094 5705 1146 5759 in
1176 5704 1421 5761 rationem
1447 5717 1693 5777 vestram,
1724 5722 1829 5765 non
1854 5724 2049 5769 meatu.

3634 238 3739 295 292

2161 362 2323 418 Vides
2351 364 2585 419 fructum
2616 364 2721 419 illis
2749 364 2972 433 colligi?
3000 361 3117 418 Non
3145 376 3263 419 mea
3283 402 3301 430 ,
3334 364 3527 435 inquit,
3556 380 3741 428 causa.

2157 456 2253 510 sed
2280 465 2456 510 vestra
2486 455 2602 511 haec
2622 455 2765 521 dico,
2799 455 2867 509 ad
2894 463 3130 511 vestram
3161 455 3388 509 salutem
3422 473 3436 509 :
3470 472 3569 525 ego
3598 459 3742 512 enim

2157 548 2282 601 dum
2311 548 2517 617 accipio
2541 590 2556 613 ,
2588 548 2719 602 nihil
2748 549 2964 611 lucror;
2995 550 3161 619 gratia
3191 548 3434 603 dantium
3463 559 3566 605 est.
3601 551 3739 603 Dan-

2159 639 2301 695 tibus
2331 640 2476 694 enim
2521 639 2629 694 illic
2656 648 2739 695 est
2785 640 3018 709 reposita
3050 656 3259 708 merces
3288 682 3303 704 ,
3348 642 3737 709 accipientibus

2156 746 2286 786 vero
2335 731 2419 786 hic
2461 742 2855 787 consumuntur
2883 748 3003 802 quae
3031 734 3322 802 accipiunt.
3376 733 3583 788 Rursus
3616 750 3737 789 cum

2157 825 2420 889 encomio,
2455 833 2509 879 et
2533 824 2764 896 quodam
2794 825 3051 894 egestatis
3080 840 3264 880 sensu.
3314 826 3447 881 Nam
3478 829 3737 897 quoniam

2157 915 2386 983 dixerat,
2426 915 2543 971 Non
2566 933 2739 989 quaero
2762 933 2784 981 ;
2812 933 2879 971 ne
2907 932 3097 972 rursus
3121 918 3537 989 negligentiores
3561 919 3741 989 faciat,

2162 1009 2354 1079 inquit,
2406 1010 2492 1066 18.
2544 1011 2730 1081 Recepi
2758 1020 2927 1065 autem
2967 1012 3159 1075 omnia,
3188 1021 3235 1065 et
3262 1011 3485 1067 abundo.
3534 1011 3589 1067 ld
3618 1022 3739 1081 est,

2159 1118 2255 1172 per
2277 1102 2379 1157 hoc
2399 1103 2599 1158 donum
2631 1119 2749 1174 quae
2772 1105 2932 1159 etiam
2957 1105 3154 1160 omissa
3176 1104 3382 1160 fuerant
3404 1099 3739 1179 explevistis:

2158 1194 2301 1263 quod
2332 1195 2543 1249 illorum
2575 1196 2806 1250 maxime
2852 1196 3077 1253 incitare
3120 1198 3455 1252 alacritatem
3499 1208 3734 1267 poterat.

2159 1284 2291 1340 Nam
2313 1286 2400 1356 qui
2423 1286 2805 1354 ,benet‘aciunt,
2835 1297 3034 1358 quanto
3061 1288 3291 1357 majores
3318 1288 3369 1342 in
3397 1288 3736 1359 philosophia

2160 1391 2477 1447 progressus
2528 1378 2770 1433 iecerunt
2793 1420 2808 1444 ,
2841 1394 2908 1434 eo
2934 1379 3101 1448 magis
3131 1381 3355 1449 cupiunt
3382 1394 3477 1435 eos
3503 1420 3519 1447 ,
3552 1381 3743 1450 quibus

2159 1467 2561 1535 benefecerunt,
2593 1484 2714 1524 esse
2741 1479 2942 1539 gratos.
2976 1470 3166 1538 Recepi
3198 1472 3369 1525 omnia
3394 1511 3411 1538 ,
3443 1482 3490 1525 et
3517 1472 3739 1528 abundo.

2160 1558 2392 1614 Perinde
2415 1574 2479 1614 ac
2509 1561 2553 1614 si
2579 1559 2783 1615 diceret
2808 1578 2823 1615 :
2852 1577 2956 1615 non
2982 1561 3153 1616 solum
3182 1577 3301 1632 quae
3323 1563 3592 1632 praeterito
3613 1576 3746 1619 tem-

2161 1666 2292 1722 pore
2320 1653 2518 1708 omissa
2548 1652 2776 1720 fuerant,
2808 1653 3140 1722 explevistis.
3171 1655 3265 1709 sed
3294 1656 3453 1709 etiam
3484 1657 3740 1725 majorem

2161 1745 2214 1798 in
2247 1744 2461 1799 modum
2489 1746 2797 1815 explevistis
2817 1785 2833 1811 ,
2864 1756 3024 1816 atque
3052 1746 3409 1802 exuberastis.
3448 1748 3650 1803 Deinde
3676 1764 3744 1804 ne

2162 1836 2265 1893 hoc
2290 1839 2392 1893 illis
2414 1839 2743 1909 exprobrare
2771 1840 3014 1895 videatur
3037 1881 3052 1901 ,
3084 1840 3207 1896 vide
3252 1842 3523 1910 quomodo
3566 1843 3739 1896 locum

2163 1931 2385 1993 muniat.
2418 1930 2680 1998 Quoniam
2724 1931 2971 1998 dixerat,
3005 1930 3129 1985 Non
3164 1932 3299 2002 quod
3328 1948 3499 2002 (μιαινο
3542 1933 3739 1997 datum,

2160 2031 2235 2089 et,
2258 2021 2482 2077 Tandem
2502 2021 2799 2091 aliquando,
2822 2032 2876 2078 et
2895 2023 3207 2079 ostenderat
3222 2023 3459 2078 debitum
3479 2023 3530 2077 id
3556 2023 3740 2079 fuisse:

2163 2116 2266 2171 hoc
2291 2116 2434 2170 enim
2458 2116 2752 2186 signiﬁcat,
2781 2116 3023 2183 ἀπέχω,ἰά
3052 2125 3171 2181 est,
3217 2118 3419 2185 recipio
3444 2116 3595 2185 quasi
3616 2130 3743 2170 cen-

2160 2222 2278 2262 sum
2304 2248 2320 2274 ,
2348 2215 2403 2261 et
2428 2206 2629 2261 fructus
2659 2222 2721 2262 ex
2749 2222 2879 2276 agro
2907 2224 2920 2259 :
2955 2221 3142 2261 rursus
3171 2208 3406 2261 ostendit
3444 2208 3590 2276 ipsos
3619 2208 3741 2276 plus

2161 2314 2319 2368 quam
2347 2298 2608 2353 deberent
2636 2298 2955 2367 praestitisse
2980 2336 2996 2363 ,
3025 2308 3080 2351 et
3112 2300 3283 2366 inquit
3312 2315 3327 2352 :
3362 2298 3546 2368 Recepi
3573 2308 3741 2351 autem

2162 2393 2353 2457 omnia,
2388 2400 2435 2445 et
2460 2390 2702 2454 abundo;
2729 2391 2951 2460 repletus
2988 2406 3119 2443 sum.
3167 2390 3282 2445 Non
3317 2391 3519 2461 absque
3541 2406 3698 2445 causa
3720 2428 3740 2459 ,

2162 2497 2338 2552 neque
2365 2497 2429 2536 ex
2456 2482 2618 2535 animi
2650 2480 2840 2536 alIectu
2870 2482 2986 2537 haec
3011 2482 3166 2548 dico;
3198 2481 3292 2537 sed
3320 2482 3485 2553 quid?
3514 2483 3742 2553 Acceptis

2160 2574 2221 2628 ab
2250 2574 2600 2645 Epaphrodito
2614 2590 2729 2645 qua:
2743 2575 2967 2641 misistis,
2995 2574 3497 2639 odoremsuavitatis,
3524 2576 3740 2630 hostiam

2158 2665 2536 2735 acceptabilem,
2566 2666 2847 2734 placentem
2868 2664 2995 2719 Deo.
3021 2665 3212 2735 Papae!
3237 2682 3342 2736 quo
3364 2666 3588 2722 istorum
3621 2682 3740 2721 mu—

2160 2772 2260 2810 nus
2285 2756 2495 2812 evexit!
2543 2755 2660 2811 Non
2692 2771 2792 2826 ego
2818 2798 2832 2821 ,
2867 2757 3059 2826 inquit,
3102 2758 3319 2825 accepi,
3352 2756 3444 2811 sed
3479 2757 3616 2812 Deus
3647 2772 3742 2827 per

2158 2865 2266 2904 me.
2309 2848 2668 2916 Quamobrem
2696 2891 2710 2915 ,
2738 2850 2947 2904 etiamsi
2970 2864 3081 2905 non
3110 2864 3297 2920 egeam
3317 2889 3333 2914 ,
3377 2865 3483 2904 non
3526 2849 3627 2904 hoc
3654 2857 3739 2904 ta-

2157 2957 2281 2997 men
2311 2949 2551 3010 spectate
2582 2956 2596 2992 :
2629 2955 2749 2994 nam
2783 2955 2956 3009 neque
3003 2940 3143 2995 Deus
3182 2939 3412 3009 egebat,
3460 2948 3515 2994 et
3559 2949 3741 2995 tamen

2158 3034 2408 3101 accepit:
2440 3032 2575 3087 adeo
2617 3040 2672 3086 ut
2698 3032 2876 3087 divina
2919 3030 3192 3102 Scriptura
3234 3047 3341 3085 non
3384 3032 3743 3086 relormidarit

2158 3126 2338 3181 dicere
2357 3166 2374 3192 ,
2398 3124 2666 3179 Odoratus
2694 3133 2764 3178 est
2788 3122 3040 3177 Dominus
3063 3123 3270 3176 odorem
3296 3123 3559 3177 suavitatis
3582 3122 3738 3193 (Gen.

2159 3220 2212 3275 8.
2251 3219 2332 3290 2.)
2359 3261 2375 3287 ,
2403 3218 2547 3289 quod
2573 3233 2701 3273 sane
2728 3216 2959 3272 lmtantis
2985 3225 3088 3272 est.
3128 3216 3308 3273 Nostis
3334 3218 3496 3283 enim,
3530 3219 3698 3271 nostis
3720 3258 3738 3285 ,

2159 3321 2415 3383 quantum
2443 3328 2509 3367 ex
2539 3311 2719 3367 odoris
2743 3312 3005 3366 suavitate
3034 3310 3298 3365 afﬁciatur
3327 3312 3502 3364 anima
3534 3320 3737 3374 nostra,

2159 3413 2414 3475 quantum
2437 3404 2785 3473 jucunditatis
2811 3412 2865 3457 et
2896 3403 3185 3472 voluptatis
3212 3404 3407 3471 capiat.
3456 3402 3571 3457 Non
3610 3418 3741 3473 ergo

2160 3497 2427 3551 recusavit
2451 3495 2728 3565 Scriptura
2755 3495 2974 3549 verbum
3000 3494 3134 3549 adeo
3154 3494 3441 3549 humanum
3464 3504 3623 3564 atque
3644 3494 3746 3547 hn-

2161 3591 2290 3644 mile
2319 3591 2431 3643 Deo
2461 3588 2698 3643 tribuere
2727 3605 2742 3644 :
2774 3597 2832 3641 ut
2861 3588 3169 3643 hominibus
3188 3589 3496 3642 ostenderet
3525 3598 3742 3657 accepta

2162 3684 2401 3753 ipsorum
2429 3682 2569 3736 dona
2614 3681 2776 3736 luisse
2808 3697 2822 3734 :
2853 3695 2957 3735 non
2989 3682 3131 3736 enim
3180 3680 3337 3735 nidor
3366 3696 3537 3750 neque
3568 3681 3744 3735 fumus

2162 3786 2378 3846 accepta
2421 3774 2687 3837 faciebat,
2720 3773 2813 3829 sed
2856 3775 3065 3828 animus
3092 3774 3183 3843 qui
3222 3773 3516 3837 offerebat;
3546 3774 3744 3843 alioqui

2162 3871 2293 3926 Cain
2314 3870 2473 3925 etiam
2496 3868 2635 3921 dona
2663 3866 2888 3922 fuissent
2912 3875 3150 3936 accepta.
3172 3866 3312 3919 Dixit
3334 3866 3491 3935 igitur
3508 3865 3743 3920 laetatum

2162 3974 2374 4031 quoque
2398 3960 2562 4013 Deum
2580 3972 2731 4023 esse;
2751 3966 2805 4011 et
2824 3957 3093 4026 quomodo
3113 3955 3351 4012 laetetur?
3373 3971 3476 4010 non
3499 3957 3640 4011 enim
3657 3959 3747 4010 ali-

2166 4063 2247 4110 ter
2270 4054 2512 4108 homines
2532 4051 2865 4105 didicissent.
2883 4042 3035 4119 ἘΙ-κο
3060 4050 3150 4118 qui
3173 4049 3370 4103 nullius
3390 4048 3468 4103 rei
3498 4057 3581 4103 est
3600 4047 3747 4106 indi-

2163 4163 2282 4219 gus,
2299 4146 2425 4201 dicit
2450 4144 2606 4199 valde
2622 4158 2679 4198 se
2696 4142 2885 4208 lauari,
2903 4151 2960 4195 ut
2978 4156 3043 4195 ne
3063 4157 3127 4196 ex
3142 4155 3230 4207 eo,
3249 4140 3391 4209 quod
3412 4155 3519 4195 non
3540 4148 3744 4211 egeret,

2164 4240 2494 4309 negligentes
2520 4240 2667 4290 ﬁant.
2691 4235 2825 4289 Cum
2846 4249 2976 4289 vero
2997 4233 3238 4304 sequenti
3268 4243 3511 4302 tempore
3537 4242 3747 4286 canem

2169 4330 2379 4383 virtutis
2400 4327 2574 4393 obliti,
2602 4326 2684 4381 his
2706 4327 2835 4382 solis
2864 4326 3051 4381 hostiis
3076 4325 3445 4390 conﬁderent,
3476 4324 3596 4379 vide
3616 4340 3749 4392 quo-

2171 4423 2331 4477 modo
2347 4415 2532 4476 rursus
2561 4422 2708 4489 ipsos
2730 4420 2972 4491 corrigit,
2990 4421 3208 4474 dicens:
3235 4418 3502 4489 Numquid
3532 4419 3747 4472 mandu-

2167 4516 2289 4570 cabo
2312 4531 2492 4568 carnes
2520 4514 2828 4568 taurorum?
2847 4523 2935 4573 aut
2965 4515 3267 4583 sanguinem
3294 4514 3548 4567 hircorum
3566 4514 3747 4582 potabo

2168 4607 2339 4679 (Psal.
2357 4607 2564 4675 49.15)?
2581 4606 2693 4661 Hoc
2708 4616 2762 4661 et
2787 4606 2985 4661 Paulus
3004 4606 3195 4676 inquit,
3219 4604 3338 4659 Non
3358 4605 3746 4675 quwro,iuquit,

2167 4698 2453 4756 datum.i9.
2474 4697 2612 4751 Deus
2630 4707 2797 4751 autem
2811 4714 2949 4751 meus
2968 4697 3174 4762 impleat
3192 4714 3391 4751 onmem
3406 4697 3749 4750 necessitatem

2168 4801 2387 4847 vestram
2406 4790 2681 4843 secundum
2703 4790 2903 4844 divitias
2926 4806 3044 4844 suas
3065 4792 3118 4843 in
3140 4791 3304 4861 gloria
3318 4790 3373 4843 in
3388 4789 3586 4844 Christo
3601 4789 3634 4840 J
3640 4806 3746 4843 esu.

2237 4884 2292 4937 4.
2336 4881 2471 4936 Vide
2496 4895 2657 4951 quam
2706 4880 2867 4935 etiam
2909 4895 3202 4951 pauperum
3249 4895 3401 4935 more
3445 4880 3584 4935 bene
3630 4894 3752 4949 pre-
3798 4952 3800 4954 ν

2166 4982 2337 5030 cetnr.
2361 4973 2512 5041 Quod
2533 4975 2579 5029 si
2601 4974 2797 5028 Paulus
2834 4974 2972 5029 bene
2992 4982 3243 5044 precetur
3263 4974 3510 5029 dantibus
3535 5015 3551 5039 ,
3582 4975 3752 5029 multo

2167 5066 2344 5119 minus
2374 5079 2472 5119 nos
2499 5066 2604 5120 hoc
2634 5064 2813 5121 facere
2842 5066 3247 5131 erubescamus,
3280 5082 3402 5121 cum
3435 5068 3750 5136 accipimus.

2166 5156 2245 5212 Ne
2273 5172 2402 5211 vero
2422 5157 2750 5227 accipiamus
2775 5198 2791 5224 ,
2822 5167 3093 5229 tamquam
3138 5159 3236 5229 ipsi
3266 5174 3549 5230 egeamus,
3580 5175 3749 5229 neque

2168 5261 2351 5315 nostra
2379 5266 2540 5306 causa
2566 5250 2892 5321 gaudeamus
2915 5294 2933 5320 ,
2980 5252 3074 5308 sed
3106 5253 3341 5323 ipsorum
3378 5254 3639 5309 dantium.
3676 5254 3751 5310 Ita

2169 5355 2224 5399 et
2271 5344 2426 5399 nobis
2466 5344 2569 5399 erit
2614 5359 2825 5401 merces
2868 5355 2924 5401 et
2963 5347 3379 5416 accipientibus,
3426 5349 3472 5403 si
3516 5349 3751 5418 ipsorum

2169 5450 2333 5492 causa
2362 5436 2604 5492 laetemur
2654 5454 2669 5491 :
2715 5438 2789 5491 ita
2828 5453 3000 5508 neque
3030 5438 3453 5508 indignabimur,
3490 5456 3611 5494 cum
3644 5455 3751 5494 non

2170 5528 2455 5594 dederint,
2487 5529 2584 5585 sed
2612 5530 2788 5599 potius
2818 5530 3031 5585 illorum
3074 5533 3245 5587 vicem
3287 5533 3589 5587 dolebimus
3624 5550 3636 5583 :
3680 5534 3753 5588 ita

2171 5621 2331 5676 etiam
2359 5621 2645 5676 alacriores
2676 5621 2980 5686 reddemus,
3016 5623 3062 5677 si
3093 5623 3401 5691 doceamus,
3434 5642 3538 5683 non
3571 5635 3752 5681 nostra

2175 5727 2334 5770 causa
2363 5712 2477 5770 haec
2504 5727 2535 5768 a
2563 5713 2719 5771 nobis
2748 5713 2885 5771 ﬁeri.
2924 5711 3067 5770 Deus
3105 5725 3271 5809 autem
3314 5733 3453 5773 meus
3475 5759 3490 5784 ,
3536 5716 3707 5783 inquit
3727 5757 3747 5781 .
