4148 6402
445 289 555 346 ’291

450 422 602 477 μεν;
632 404 726 458 καὶ
754 403 937 467 πάλιν,
968 403 1037 455 7‘6
1060 402 1227 473 ὑμῶν
1255 404 1633 472 περίσσευμα
1664 404 1766 457 ἵνα
1799 403 2033 471 γίνηται

448 502 544 564 είς
574 496 640 550 τό
661 494 909 549 ἐκείνων
946 496 1277 563 ὑστέρημα.
1315 495 1479 566 Ὀρᾷς
1504 493 1621 557 πῶς
1644 493 2030 562 ἐκοινώνησαν,

446 591 539 653 ἐίς
584 589 742 657 λόγον
787 588 987 650 δόσεως
1027 587 1135 639 τῶν
1181 586 1492 657 σαρκικῶν.
1528 587 1621 639 καὶ
1667 584 1882 655 λήψεως
1923 584 2034 637 τῶν

454 680 874 750 πνευματικῶν;
915 680 1123 749 Ὠσπερ
1155 678 1263 749 γὰρ
1286 680 1334 731 οἱ
1375 678 1679 742 πωλοῦντες
1708 680 1801 730 καὶ
1833 676 2033 747 ἀγορά-

445 773 641 836 -ζοντες
666 771 1013 825 κοινωνοῦσιν
1049 771 1317 841 ἀλλήλοις,
1342 771 1410 823 τά
1440 772 1569 841 παρ’
1604 770 1849 839 ἀλλήλων
1885 771 2034 823 ἀντι-

450 862 693 926 ·διδόντες
732 862 911 933 (τοῦτο
962 862 1070 933 γάρ
1118 864 1235 915 ἐστι
1297 862 1592 930 κοινωνία),
1641 861 1783 914 οὕτω
1827 861 1890 932 δὴ
1940 862 2034 914 καὶ

463 956 722 1010 ἐνταῦθα.
755 956 830 1009 Οὐ
863 956 969 1025 γὰρ
1000 954 1166 1019 ἐστιν,
1201 954 1298 1007 οὐκ
1321 953 1433 1007 ἐστι
1459 952 1659 1022 ταύτης
1694 952 1795 1021 τῆς
1832 952 2035 1021 ἀγορα-

462 1047 581 1111 σίας
613 1048 705 1100 καὶ
756 1047 1024 1117 ἐμπορίας
1066 1064 1120 1098 τι
1159 1044 1591 1117 κερδαλεώτερον
1619 1060 1630 1072 ·
1676 1041 1883 1109 γίνεται
1937 1041 2034 1110 μὲν

459 1138 569 1210 γάρ
595 1140 651 1190 ἐν
683 1140 750 1209 τῇ
781 1140 874 1208 γῇ,
903 1138 1138 1191 τελεῖται
1164 1136 1220 1190 δέ
1242 1138 1299 1189 ἐν
1320 1135 1397 1206 τῷ
1428 1133 1640 1205 οὐρανῷ
1664 1149 1676 1162 ·
1702 1136 1749 1186 οἱ
1784 1134 1882 1203 μὲν
1908 1134 2037 1201 ἀγο-

456 1229 718 1301 ράζοντες
766 1229 823 1280 ἐν
860 1230 924 1298 τῇ
972 1230 1043 1299 γῇ
1086 1227 1414 1297 ἐστήκασιν’
1461 1225 1789 1295 ἀγοράζουσι
1834 1224 1890 1278 δὲ
1941 1225 2036 1277 καὶ

464 1321 813 1389 συμφωνοῦσι
835 1318 907 1373 τὰ
932 1321 988 1372 ἐν
1013 1322 1126 1384 τοῖς
1146 1320 1413 1391 οὐρανοῖς,
1440 1318 1633 1389 γηῖνην
1656 1316 2036 1380 κατατιθέντες

460 1416 561 1484 τὴν
588 1413 775 1484 τιμήν.

533 1511 603 1572 γ’.
646 1502 801 1556 Ἀλλά
831 1502 905 1573 μὴ
931 1501 1213 1571 καταγνῷς
1233 1517 1244 1531 °
1278 1500 1338 1553 οὐ
1361 1518 1463 1570 χρη
1475 1499 1656 1570 μάτων
1679 1499 1825 1551 ἐστὶν
1852 1498 2037 1569 ὠνητά

460 1595 535 1648 τὰ
563 1594 809 1664 οὐράνια,
842 1594 901 1647 οὐ
936 1594 1007 1646 τὰ
1033 1594 1310 1663 ’χρήματα
1348 1592 1485 1645 αὐτὰ
1531 1590 1822 1661 ἀγοράζει,
1860 1591 1972 1645 ἀλλ’
2005 1593 2039 1662 ή

465 1687 785 1758 προαίρεσις
810 1685 904 1739 τοῦ
928 1686 995 1739 τά
1031 1686 1288 1757 χρήματα
1319 1684 1766 1751 καταϐάλλοντος,
1812 1685 1845 1755 ή
1886 1685 2039 1753 φιλο-

467 1779 651 1847 σοφία,
680 1780 739 1834 τὸ
769 1778 874 1833 τῶν
900 1778 1170 1849 βιωτικῶν
1193 1778 1449 1849 ἀνωτέρω
1478 1773 1637 1841 εἶναι,
1670 1779 1703 1849 ή
1735 1777 2038 1847 φιλανθρω-

466 1873 588 1937 πία,
628 1874 660 1943 ή
697 1871 1054 1942 ἐλεημοσύνη.
1104 1871 1257 1924 Ἐπεὶ
1284 1873 1332 1923 εί
1364 1870 1424 1923 τὸ
1453 1870 1713 1941 ἀργύριον
1746 1868 2036 1940 ήγόραζεν,

464 1968 500 2037 ή
530 1967 600 2018 τὰ
637 1964 729 2017 δύο
755 1963 930 2017 λεπτά
961 1963 1338 2018 καταϐαλοῦσα
1374 1963 1527 2016 οὐδὲν
1566 1964 1631 2016 ἂν
1674 1962 1841 2015 ἔλαϐε.
1862 1961 2036 2032 μέγαο

466 2053 654 2123 ἐπειδὴ
683 2054 739 2106 δὲ
762 2053 824 2105 οὐ
846 2052 907 2105 τὸ
938 2052 1221 2124 ἀργύριον,
1248 2051 1363 2104 ἀλλ’
1386 2054 1419 2122 ή
1448 2051 1767 2123 προαίρεσις
1798 2052 2037 2121 ἴσχυσεν,

468 2145 648 2216 ἐκείνη
680 2148 861 2200 πᾶσαν
882 2145 1198 2216 προαίρεσιν
1226 2143 1635 2214 ἐπιδειξαμένη,
1662 2144 1836 2196 πάντα
1856 2142 2037 2196 ἔλαϐε.

469 2238 558 2311 Μὴ
589 2239 768 2291 τοίνυν
822 2236 1090 2305 λέγωμεν,
1132 2235 1213 2288 ὅτι
1259 2233 1445 2305 ὠνητὴ
1492 2233 1789 2303 χρημάτων
1823 2233 1967 2285 ἐστὶν
2004 2234 2040 2301 ή

472 2329 717 2400 βασιλεία
740 2344 755 2359 ⁸
790 2328 851 2381 οὐ
882 2327 1180 2398 χρημάτων
1202 2366 1218 2390 ,
1248 2325 1386 2380 ἀλλά
1424 2326 1795 2397 προαιρέσεως
1823 2327 1923 2395 τῆς
1954 2325 2043 2379 διά

469 2418 771 2489 χρημάτων
815 2416 1284 2487 ἐπιδεικνυμένης.
1325 2414 1535 2468 Οὐκοῦν
1584 2416 1665 2467 δεῖ
1706 2415 2038 2486 χρημάτων,

470 2510 633 2581 φησίν
656 2527 672 2576 ;
700 2509 774 2561 Οὐ
791 2508 873 2561 δεῖ
900 2507 1217 2578 χρημάτων,
1238 2504 1377 2560 άλλά
1398 2505 1771 2576 προαιρέσεως
1793 2524 1804 2535 ·
1829 2505 1894 2559 ἂν
1912 2506 2045 2559 ταύ-

470 2618 568 2672 την
596 2599 744 2671 ἔχῃς,
779 2598 981 2669 δυνήσῃ
1024 2598 1118 2651 καὶ
1154 2596 1241 2650 διὰ
1269 2596 1361 2649 δύο
1392 2596 1605 2650 λεπτῶν
1648 2595 1915 2667 ἀγοράσαι
1953 2595 2044 2648 τὸν

460 2691 697 2763 οὐρανόν
719 2707 733 2721 ·
771 2688 846 2761 μὴ
882 2688 1049 2759 οῦσης
1084 2688 1141 2742 δέ
1173 2688 1397 2759 ταύτης,
1443 2688 1563 2741 οὐδὲ
1599 2688 1767 2758 μυρία
1807 2686 2044 2741 τάλαντα

469 2780 672 2853 χρυσοῦ
700 2780 856 2833 τοῦτο
878 2779 1188 2850 δυνήσεται,
1218 2779 1356 2849 ὅπερ
1386 2779 1454 2831 τά
1486 2778 1579 2831 δύο
1607 2778 1799 2831 λεπτά.
1831 2778 1928 2831 Διά
1956 2778 2041 2844 τί;

478 2876 645 2929 Ὅταν
674 2874 781 2943 γάρ
816 2871 987 2925 πολλὰ
1011 2869 1170 2941 ἔχων,
1199 2870 1459 2925 ἐλάττονα
1494 2869 1824 2940 καταϐάλῃς,
1862 2868 2047 2939 ἐποίη-

476 2980 575 3028 σας
606 2964 705 3034 μὲν
730 2959 1120 3031 ἐλεημοσύνην,
1158 2959 1218 3013 οὐ
1240 2959 1507 3029 τοσαύτην
1540 2959 1595 3012 δὲ
1623 2960 1754 3029 ὅσην
1792 2960 1823 3028 ἡ
1862 2958 2005 3029 χήρα
2030 2975 2042 2987 ·

474 3056 536 3109 οὐ
570 3054 680 3125 γὰρ
721 3052 859 3124 μετά
900 3051 1169 3121 τοσαύτης
1218 3049 1524 3122 προθυμίας
1563 3049 1891 3113 κατέϐαλες,
1927 3049 2045 3119 μεθ’

470 3149 605 3217 ὅσης
634 3145 780 3218 [514]
809 3144 989 3214 ἐκείνη
1019 3162 1033 3175 '
1067 3144 1285 3196 πάντων
1316 3141 1423 3212 γὰρ
1452 3140 1648 3211 ἐαυτὴν
1678 3141 2045 3211 ἀπεστέρησε,

479 3239 675 3310 μᾶλλον
705 3238 762 3291 δὲ
793 3237 894 3289 οὐκ
925 3236 1322 3304 ἀπεστέρησεν,
1358 3233 1492 3286 ἀλλὰ.
1518 3232 1696 3285 πάντα
1725 3234 1891 3302 ἐαυτῇ
1916 3235 2046 3302 ἐχα-

397 3368 405 3373 -
473 3331 685 3404 ρίσατο.
721 3330 795 3383 Οὐ
820 3328 1096 3382 ταλάντων
1135 3326 1357 3398 χρυσοῦ,
1388 3325 1525 3379 ἀλλὰ
1549 3326 1809 3396 ποτηρίου
1837 3324 2045 3394 ψυχροῦ

472 3425 572 3496 τὴν
605 3422 876 3493 βασιλείαν
907 3421 1175 3491 ὑπέσχετο
1196 3422 1223 3473 6
1253 3419 1405 3483 Θεὸς,
1441 3416 1578 3472 ἀλλά
1608 3416 1917 3487 προθυμίας
1942 3434 1954 3446 ·
1982 3416 2043 3468 οὐ

480 3513 731 3574 θανάτου,
759 3510 894 3564 ἀλλὰ
922 3509 1295 3582 προαιρέσεως
1324 3524 1337 3538 ·
1371 3506 1493 3560 ἐπεὶ
1514 3507 1632 3560 οὐδὲ
1665 3506 1805 3575 μέγα
1832 3506 1882 3558 τί
1908 3507 2042 3560 ἐστι.

478 3608 543 3660 Τί
564 3608 672 3677 γάρ
702 3607 818 3658 ἐστι
843 3604 971 3675 μίαν
998 3602 1173 3674 ψυχὴν
1200 3601 1418 3664 δοῦναι;
1451 3600 1689 3653 Ἔδωκεν
1718 3599 1813 3652 ἕνα
1847 3599 2049 3669 ἄνθρω-

479 3715 579 3751 πον
599 3715 613 3729 ·
648 3692 729 3760 εἷς
760 3696 817 3750 δὲ
849 3695 1134 3766 ἄνθρωπος
1159 3694 1258 3746 οὐκ
1286 3692 1433 3746 ἐστιν
1464 3692 1736 3757 ἀντάξιος.
1786 3692 1913 3744 Ὅτι
1945 3691 2045 3744 καὶ

477 3789 548 3842 ἐν
574 3787 995 3855 Θεσσαλονίκῃ
1020 3828 1033 3848 ,
1063 3786 1158 3840 καὶ
1180 3785 1342 3848 ἅπαξ
1366 3784 1465 3837 καὶ
1496 3783 1589 3849 δὶς
1611 3785 1697 3847 εἰς
1718 3784 1823 3849 τὰς
1846 3783 2048 3851 χρείας

474 3897 576 3950 μοι
612 3880 937 3946 ἐπέμψατε.
985 3876 1151 3930 Πάλιν
1188 3874 1332 3945 μέγα
1363 3874 1423 3927 τὸ
1468 3873 1741 3943 ἐγκώμιον
1764 3911 1780 3936 ,
1817 3874 1869 3926 εί
1894 3890 1955 3940 γε
1990 3874 2047 3926 ἐν

477 3973 543 4040 τῇ
592 3967 922 4040 μητροπόλει
957 3964 1285 4035 καθήμενος,
1326 3962 1477 4033 παρὰ
1516 3963 1616 4030 τῆς
1654 3962 1853 4032 μικρᾶς
1897 3960 2048 4031 ἐτρέ-

480 4077 610 4129 φετο
643 4060 869 4121 πόλεως.
918 4056 1027 4110 Καὶ
1057 4057 1192 4125 ὅραο
1230 4055 1319 4107 ἵνα
1357 4053 1432 4125 μὴ
1472 4052 1762 4114 διαπαντὸς
1813 4050 2047 4115 ἐξέλκων

479 4152 670 4207 ἐαυτὸν
695 4153 793 4221 τῆς
822 4148 1031 4219 χρείας,
1063 4148 1199 4217 ὅπερ
1229 4143 1381 4199 εἶπον
1413 4144 1719 4216 προλαϐὼν,
1747 4143 2047 4216 ῥᾳθυμοτέ-

480 4260 607 4315 ρους
637 4242 863 4313 ποιήσῃ,
889 4239 975 4293 διὰ
1010 4238 1279 4316 τοσούτων
1305 4236 1503 4303 δείξας,
1541 4237 1620 4289 ὅτι
1651 4236 1711 4288 οὐ
1749 4236 1935 4299 δεῖται,
1969 4234 2049 4287 ἐνὶ

484 4333 630 4404 μόνῳ
651 4330 807 4385 τοῦτο
838 4330 996 4401 δῆλον
1028 4329 1305 4399 ἐποίησεν,
1337 4326 1528 4391 εἰπὼν,
1559 4330 1661 4393 Εἰς
1682 4327 1787 4391 τὰς
1809 4327 2010 4395 χρείας
2031 4341 2044 4355 ⁸

481 4426 575 4480 καὶ
606 4426 708 4479 οὐκ
741 4420 861 4477 εἷπε
884 4463 898 4487 ,
933 4421 1043 4486 Τάς
1086 4421 1255 4492 ἐμὰς,
1292 4420 1405 4473 ἀλλ’
1444 4419 1628 4482 ἀπλῶς
1649 4461 1663 4484 ,
1707 4419 1802 4472 τοῦ
1850 4418 2046 4488 σεμνοῦ

482 4518 877 4589 ἐπιμελόμενος
901 4533 915 4547 ·
944 4515 1003 4568 οὐ
1034 4514 1190 4567 τοῦτο
1218 4513 1275 4566 δὲ
1305 4513 1484 4583 μόνον,
1522 4511 1657 4565 ἀλλά
1688 4512 1781 4563 καὶ
1809 4511 1869 4563 τὸ
1898 4510 2046 4581 ἑξῆς.

493 4610 710 4680 Ἐπειδὴ
733 4608 842 4679 γάρ
870 4606 1076 4660 συνεῖδε
1106 4605 1313 4676 σφόδρα
1341 4603 1593 4657 ταπεινὸν
1613 4602 1694 4665 ὃν,
1725 4603 1887 4657 πάλιν
1916 4603 2049 4656 αὐτὸ

479 4704 547 4773 τῇ
578 4697 958 4771 ἐπιδιορθώσει
991 4696 1369 4767 ἀσφαλίζεται,
1398 4694 1571 4764 λέγων
1594 4712 1607 4726 ·
1643 4697 1768 4764 Οὐχ
1801 4694 1893 4749 ὅτι
1923 4695 2047 4748 ἐπι-

480 4793 649 4863 ζητῶ,
691 4792 886 4861 λέγων,
919 4792 986 4846 τὸ
1021 4792 1194 4861 δόμα.
1238 4791 1415 4863 Ὅπερ
1444 4788 1595 4844 εἶπεν
1626 4792 1759 4853 ἄνω,
1805 4792 1929 4860 Οὐχ
1960 4790 2050 4844 ὅτι

479 4885 609 4938 καθ’
631 4881 964 4951 ὑστέρησιν
987 4882 1167 4951 λέγω,
1202 4881 1262 4935 τὸ
1292 4881 1422 4935 αὐτὸ
1444 4881 1639 4953 δηλῶν,
1670 4882 1719 4934 εί
1749 4881 1843 4935 καὶ
1874 4883 2049 4933 ἐκεῖνο

478 4974 670 5027 τούτου
706 4972 887 5043 μεῖζόν
915 4974 1084 5026 ἐστιν.
1124 4970 1348 5044 Ἕτερον
1380 4972 1487 5043 γάρ
1529 4974 1675 5025 ἐστιν
1724 4970 2049 5041 ὑστεροῦντα

484 5064 560 5134 μὴ
593 5063 848 5135 ζητῆσαι,
879 5062 975 5115 καὶ
1002 5061 1186 5131 ἕτερον
1220 5061 1277 5114 ἐν
1308 5060 1595 5131 ὑστερήσει
1624 5059 1753 5112 ὄντα
1800 5056 1933 5128 μηδὲ
1964 5074 2049 5109 vo-

484 5153 661 5224 μίζειν
686 5149 1048 5221 ὑστερεῖσθαι.
1101 5152 1225 5219 Οὐχ
1249 5150 1339 5203 ὅτι
1369 5146 1617 5217 ἐπιζητῶ
1643 5148 1715 5203 τό,
1738 5147 1911 5218 δόμα,
1946 5166 2049 5217 φη-

484 5245 598 5311 σὶν,
634 5244 771 5299 ἀλλ’
798 5241 1045 5312 ἐπιζητῶ
1091 5242 1199 5295 τὸν
1230 5241 1461 5311 καρπὸν
1501 5241 1606 5293 τὸν
1647 5239 2049 5301 πλεονάζοντα

480 5338 568 5403 είς
614 5337 800 5407 λόγον
843 5335 1038 5406 ὑμῶν,
1089 5334 1190 5388 οὐκ
1232 5334 1389 5404 ἐμοῦ.
1445 5332 1605 5405 Ὀρᾷς
1648 5333 1729 5385 ὅτι
1762 5334 1790 5385 6
1840 5330 2049 5403 καρπὸς

482 5426 713 5491 ἐκείνοις
749 5427 1031 5492 τίκτεται;
1067 5424 1145 5478 Δι’
1193 5425 1337 5496 ὑμᾶς
1379 5425 1550 5479 ταῦτα
1589 5424 1750 5493 λέγω,
1782 5424 1938 5493 φησὶ,
1983 5423 2044 5476 οὐ

483 5515 552 5568 δι’
578 5517 834 5586 ἐμαυτὸν,
886 5518 965 5580 είς
997 5515 1096 5587 τὴν
1129 5514 1398 5586 ὑμετέραν
1444 5515 1750 5584 σωτηρίαν·
1803 5514 1913 5583 ἐγὼ
1939 5512 2047 5584 γὰρ

486 5604 637 5659 οὐδὲν
675 5606 941 5674 κερδαίνω
996 5605 1285 5675 λαμϐάνων
1310 5620 1324 5633 ·
1376 5603 1483 5657 τῶν
1529 5603 1775 5657 διδόντων
1814 5604 1963 5657 ἐστὶν
2012 5605 2046 5674 ή

484 5696 662 5767 Χάρις·
716 5695 841 5759 Τοῖς
890 5695 989 5767 μὲν
1037 5695 1146 5767 γὰρ
1191 5693 1422 5753 διδοῦσιν
1467 5696 1582 5749 ἐκεῖ
1633 5695 1957 5766 φυλάττεται
2009 5699 2043 5767 ὴ

1314 284 1383 342 ΙΝ
1417 282 1637 343 EPIST.
1679 286 1771 341 AD
1801 278 2099 341 PHILIPP.
2132 280 2291 339 CAP.
2337 285 2423 341 IV.
2469 288 2701 345 HOMIL.
2744 290 2861 346 XV.

3596 295 3700 349 292

2134 401 2335 473 ἀμοιϐή
2353 419 2367 432 ·
2393 405 2503 466 τοῖς
2529 404 2585 457 δὲ
2610 405 2979 475 λαμϐάνουσιν
3004 406 3239 462 ἐνταῦθα
3260 408 3607 466 ἀναλίσκεται
3630 416 3701 467 τὰ

2132 492 2404 563 διδόμενα.
2437 497 2603 549 Πάλιν
2633 498 2751 566 μετ’
2785 497 3060 568 ἐγκωμίου
3090 498 3187 552 καὶ
3220 500 3574 568 συμπαθείας,
3607 505 3703 555 καὶ

2130 584 2192 636 τὸ
2219 584 2439 655 χρῄζειν
2457 600 2507 641 ιι.
2566 588 2781 660 Ἐπειδὴ
2827 590 2935 661 γὰρ
2968 585 3140 654 εἷπεν,
3172 592 3254 643 Οὐ
3287 588 3452 659 ζητῶ,
3494 593 3579 646 ἵνα
3628 594 3703 664 μὴ

2134 674 2294 728 πάλιν
2348 676 2749 747 ρᾳθυμοτέρους
2800 680 3036 752 ποιήσῃ,
3087 679 3249 751 φησίν
3278 695 3290 710 ’
3366 680 3592 749 Ἀπέχω
3635 681 3706 735 δὲ

2133 766 2350 832 πάντα,
2390 769 2487 822 καί
2528 771 2884 836 περισσεύω.
2923 771 3207 837 Τουτέστι,
3245 771 3331 825 διὰ
3362 772 3565 843 ταύτης
3604 774 3705 844 τῆς

2131 857 2329 920 δόσεως
2353 858 2447 910 καί⁵
2476 859 2544 912 τά
2571 859 3006 928 παραλειφθέντα
3035 860 3406 933 ἐπληρώσατε,
3435 862 3571 933 ὅπερ
3601 864 3706 932 μά⁴

2132 948 2289 1002 λιστα
2314 950 2752 1023 προθυμοτέρους
2793 947 2862 1022 ἦν
2888 953 3134 1023 ποιῆσαι.
3175 952 3328 1023 ’Ὀσῳ
3359 954 3468 1023 γὰρ
3504 954 3570 1009 ἂν
3601 949 3705 1007 ὦσι

2135 1040 2577 1114 φιλοσοφώτεροι,
2609 1042 2829 1113 ζητοῦσι
2850 1043 2946 1095 καὶ
2969 1043 3065 1107 τὰς
3098 1044 3249 1114 παρὰ
3278 1043 3387 1097 τῶν
3414 1040 3472 1098 εὖ
3503 1045 3706 1099 παθόν-

2131 1150 2239 1186 των
2279 1134 2506 1205 χάριτας
2542 1136 2592 1187 οί
2630 1131 2689 1189 εὖ
2731 1135 3028 1199 ποιοῦντες.
3071 1137 3298 1204 Ἀπέχω
3341 1135 3559 1203 πάντα,
3604 1138 3706 1190 καὶ

2135 1226 2489 1291 περισσεύω.
2524 1226 2834 1291 Τουτέστιν,
2876 1228 2934 1279 οὐ
2978 1226 3138 1296 μόνον
3180 1226 3601 1297 άνεπληρὼσατε
3638 1228 3708 1281 τά

2134 1315 2481 1385 ἐλλειφθέντα
2498 1318 2554 1369 ἐν
2574 1317 2651 1388 τῷ
2680 1318 3001 1389 παρελθόντι
3037 1319 3234 1389 χρόνῳ,
3257 1318 3391 1372 ἀλλὰ
3418 1322 3513 1373 καὶ
3538 1321 3709 1391 ὑπερ-

2134 1404 2375 1459 εϐάλετε.
2444 1405 2575 1462 Εἶτα
2614 1408 2700 1461 ἵνα
2733 1408 2806 1479 μὴ
2840 1407 2966 1480 δόξῃ
3002 1409 3088 1463 διὰ
3116 1410 3273 1462 τοῦτο
3305 1411 3574 1477 ἐγκαλεῖν,
3606 1412 3708 1482 ὅρα

2137 1497 2255 1561 πῶς
2304 1497 2777 1568 ἐπισφραγίζεται.
2840 1500 3057 1568 Ἐπειδὴ
3087 1500 3195 1571 γάρ
3229 1497 3403 1563 εἶπεν,
3448 1504 3571 1568 Οὐχ
3619 1501 3708 1554 ὅτι

2136 1588 2385 1655 ἐπιζητῶ
2413 1591 2478 1642 τὸ
2519 1590 2691 1659 δόμα,
2724 1592 2817 1645 καὶ
2854 1592 2957 1655 ὃτι,
2997 1590 3148 1657 Ἤδη
3188 1591 3350 1655 ποτὲ,
3388 1592 3485 1644 καὶ
3510 1592 3709 1658 ἔδειξεν

2140 1680 2223 1733 ὅτι
2276 1681 2464 1752 όφειλή
2527 1684 2642 1735 ἐστι
2695 1683 2755 1735 τὸ
2804 1686 3035 1754 πρᾶγμα
3089 1682 3289 1754 (τοῦτο
3348 1685 3457 1755 γάρ
3521 1687 3737 1756 ἐστινη

2150 1772 2421 1840 Ἀπέχω)·
2446 1773 2607 1826 πάλιν
2627 1774 2895 1828 δείκνυσιν
2919 1776 2999 1828 ὅτι
3037 1776 3175 1847 ὑπὲρ
3203 1776 3419 1846 ὀφειλὴν
3442 1777 3706 1848 ἔπραξαν,

2137 1862 2233 1915 καί
2277 1880 2474 1933 φησιν’
2528 1863 2757 1933 Ἀπέχω
2794 1864 3010 1930 πάντα,
3057 1867 3156 1918 καὶ
3208 1869 3565 1934 περισσεύω,
3607 1885 3710 1921 πε-

2138 1956 2471 2026 πλήρωμαι.
2501 1958 2612 2027 Οὐχ
2643 1959 2831 2021 ἁπλῶς
2851 2000 2865 2021 ,
2909 1959 3029 2011 οὐδὲ
3070 1960 3177 2012 ἀπὸ
3205 1959 3501 2024 διαθέσεως
3538 1960 3711 2014 ταῦτα

2138 2049 2302 2118 λέγω,
2341 2048 2475 2102 ἀλλά
2503 2049 2592 2114 τί;
2626 2050 2957 2119 Δεξάμενος
2983 2053 3143 2120 παρὰ
3188 2053 3612 2121 Ἐπαφροδίτου
3639 2058 3712 2108 τὰ

2142 2143 2279 2209 παρ’
2311 2141 2498 2210 ὑμῶν,
2530 2141 2730 2210 ὀσμὴν
2780 2142 3051 2208 εὐωδίας,
3086 2145 3305 2197 θυσίαν
3339 2144 3579 2212 δεκτὴν,
3611 2148 3710 2200 εὑ·-

2140 2232 2396 2300 άρεστον
2439 2231 2519 2297 τῷ
2556 2232 2696 2297 Θεῷ.
2738 2234 2930 2299 Βαϐαῖ,
2972 2232 3075 2287 ποῦ
3109 2234 3170 2286 τὸ
3199 2234 3370 2305 δῶρον
3401 2236 3580 2289 αὐτῶν
3610 2240 3705 2290 άν-

2142 2324 2381 2393 ήγαγενί
2442 2324 2554 2377 Οὐκ
2612 2324 2742 2393 ἐγὼ,
2795 2326 2997 2395 φησὶν,
3058 2324 3269 2391 ἐλαϐον,
3323 2327 3422 2379 οὐκ
3482 2326 3711 2393 ἔλαϐον,

2142 2414 2292 2486 [515]
2323 2415 2436 2469 ἀλλ’
2462 2416 2490 2467 6
2512 2415 2641 2478 Θεὸς
2661 2415 2725 2467 δι’
2755 2415 2908 2485 ἐμοῦ.
2939 2416 3123 2481 Ὥστε,
3154 2417 3258 2469 κᾶν
3274 2416 3383 2484 ἐγὼ
3408 2418 3482 2488 μὴ
3504 2417 3712 2488 χρῄζω.

2144 2508 2219 2577 μὴ
2253 2508 2460 2576 μελέτω
2489 2508 2617 2577 ὑμῖν
2642 2523 2656 2537 ·
2685 2508 2805 2559 ἐπεὶ
2825 2508 2944 2560 οὐδέ
2974 2508 3002 2559 6
3023 2508 3157 2571 Θεὸς
3196 2508 3416 2582 ἔχρῃζε,
3448 2510 3542 2563 καλ⁸
3564 2512 3713 2581 ὅμως

2142 2600 2454 2670 ἀπεδέχετο,
2493 2599 2667 2662 οῦτως
2706 2600 2780 2662 ὠς
2817 2600 2950 2669 μηδέ
2982 2604 3364 2670 παραιτεῖσθαι
3408 2605 3581 2656 εἰπεῖν
3614 2607 3713 2675 τὴν

2145 2688 2295 2741 θείαν
2340 2689 2380 2741 Γ
2388 2692 2597 2760 ραφὴν,
2633 2690 2714 2741 ὅτι
2758 2690 3091 2758 Ὠσφράνθη
3134 2694 3166 2745 ὁ
3206 2694 3348 2759 Θεὸς
3383 2694 3583 2763 ὀσμὴν
3616 2696 3715 2748 εὑ-

2149 2778 2351 2844 ωδίας,
2377 2780 2511 2850 ὅπερ
2546 2774 2615 2851 ἦν
2642 2780 3088 2850 εὐφραινομένου.
3113 2784 3255 2835 Ἴστε
3288 2784 3418 2853 γὰρ,
3453 2785 3564 2838 ἴστε
3597 2786 3716 2849 πῶς

2143 2870 2438 2924 διατίθεται
2491 2870 2647 2941 ήμῶν
2693 2872 2726 2941 ἡ
2771 2872 2916 2941 ψυχὴ
2967 2860 3060 2927 ἐπὶ
3110 2876 3232 2938 ταῖς
3279 2875 3546 2942 εὐωδίαις,
3598 2876 3716 2939 πῶς

2144 2963 2526 3033 εὐφραίνεται,
2563 2962 2678 3025 πῶς
2710 2963 2992 3031 γάννυται.
3037 2967 3112 3018 Οὐ
3147 2972 3502 3037 παρῃτήσατο
3540 2968 3717 3021 τοίνυν

2144 3058 2321 3108 εἰπεῖν
2358 3055 2484 3123 περὶ
2511 3054 2644 3107 Θεοῦ
2670 3054 3009 3126 ἀνθρώπινον
3030 3056 3171 3109 οὐτω
3214 3058 3368 3128 ῥῆμα
3401 3059 3495 3111 καὶ
3521 3076 3716 3111 ταπει-

2144 3147 2232 3200 νὸν
2253 3148 2287 3215 ή
2312 3147 2523 3217 Γραφὴ,
2555 3147 2639 3199 ἵνα
2665 3149 2773 3210 τοῖς
2807 3147 3115 3220 ἀνθρώποις
3140 3148 3308 3220 δείξῃ,
3339 3149 3420 3202 ὅτι
3458 3150 3621 3204 δεκτά
3647 3153 3717 3205 τὰ

2145 3239 2276 3309 παρ’
2317 3238 2494 3293 αὐτῶν
2521 3240 2667 3309 δῶρα
2695 3240 2937 3308 γέγονεν.
2970 3241 3042 3293 Οὐ
3081 3242 3189 3311 γὰρ
3220 3242 3253 3311 ή
3296 3242 3506 3306 κνίσσα,
3539 3242 3657 3296 οὐδὲ
3688 3246 3719 3296 6

2146 3331 2350 3394 καπνὸς
2385 3331 2549 3385 δεκτά
2586 3333 2779 3393 ἐποίει,
2815 3333 2929 3386 ἀλλ’
2960 3335 2992 3403 ή
3042 3334 3358 3404 προαίρεσις
3402 3337 3434 3405 ή
3474 3337 3715 3406 προσφέ-

2148 3437 2349 3493 ρουσα·
2377 3422 2518 3486 ἐπεὶ,
2560 3424 2605 3475 εί
2646 3422 2802 3475 τοῦτο
2831 3418 2919 3494 ἦν,
2954 3424 3049 3476 καὶ
3085 3424 3152 3476 τά
3187 3424 3338 3495 παρά
3357 3426 3447 3479 τοῦ
3479 3429 3616 3480 Κάῖν
3648 3426 3715 3479 ἂν

2144 3512 2359 3583 ἐδέχθη.
2412 3510 2575 3566 Εἶπεν
2624 3509 2736 3577 οῦν,
2781 3515 2861 3567 ὃτι
2908 3516 3000 3567 καὶ
3033 3515 3416 3586 εὐφραίνεται,
3452 3518 3546 3571 καὶ
3598 3518 3716 3582 πῶς

2144 3604 2491 3675 εὐφραίνεται
2517 3622 2531 3635 ο
2570 3606 2629 3658 οὐ
2665 3606 2772 3677 γὰρ
2794 3608 2858 3658 ἂν
2886 3606 3058 3669 ἄλλως
3086 3606 3288 3677 ἔμαθον
3327 3609 3375 3660 οί
3410 3608 3710 3678 ἄνθρωποι.

2157 3697 2215 3749 Ὀ
2241 3696 2422 3749 τοίνυν
2447 3696 2519 3766 μὴ
2545 3698 2600 3747 ἐν
2629 3698 2789 3766 χρείᾳ
2817 3695 3093 3758 καθεστὼς
3117 3697 3261 3765 λέγει
3291 3696 3461 3759 οὕτως
3487 3700 3715 3770 εὐφραί-

2145 3788 2363 3852 νεσθαι,
2404 3788 2489 3840 ἵνα
2527 3788 2598 3858 μή
2636 3787 2720 3839 διὰ
2750 3787 2809 3839 τὸ
2852 3787 3094 3850 ἀνενδεὲς
3141 3789 3373 3859 ῥᾴθυμοι
3426 3790 3709 3857 γένωνται.

2146 3879 2257 3931 Καὶ
2286 3879 2373 3930 ὅτε
2407 3878 2591 3929 λοιπὸν
2613 3877 2711 3948 τῆς
2744 3877 2910 3948 ἄλλης
2944 3879 3143 3948 ἀρετῆς
3167 3878 3558 3950 ἀμελήσαντες,
3582 3880 3715 3935 ταύ-

2145 3986 2268 4031 ταις
2297 3969 2594 4040 ἐθάρρουν,
2630 3971 2730 4039 ὄρα
2770 3970 2885 4033 πῶς
2941 3969 3102 4023 πάλιν
3136 3970 3441 4042 διορθοῦται
3480 3972 3712 4039 αὐτοὺς,

2144 4061 2321 4129 λέγων
2343 4077 2356 4089 ·
2390 4061 2484 4127 Μὴ
2504 4061 2770 4130 φάγωμαι
2801 4061 2945 4128 κρέα
2970 4062 3221 4130 ταύρων,
3253 4061 3291 4131 ἢ
3312 4058 3454 4131 αἷμα
3485 4064 3716 4133 τράγων

2145 4154 2400 4221 πίωμαι;
2436 4153 2607 4204 Τοῦτο
2656 4152 2751 4205 καὶ
2791 4152 3003 4216 Παῦλός
3052 4170 3252 4224 φησιν,
3312 4155 3433 4207 Οὐκ
3468 4154 3716 4221 ἐπιζητῶ

2144 4244 2213 4297 τὸ
2237 4242 2408 4311 δόμα.
2459 4241 2521 4295 '0
2548 4241 2615 4293 δὲ
2641 4243 2784 4307 Θεός
2807 4260 2925 4310 μου
2958 4242 3261 4310 πληρώσει
3284 4240 3489 4296 πᾶσαν
3510 4242 3716 4310 χρείαν

2146 4334 2314 4403 ὑμῶν
2336 4334 2483 4389 κατὰ
2499 4334 2604 4388 τὸν
2620 4335 2891 4388 πλοῦτον
2911 4333 3098 4389 αὑτοῦ
3119 4335 3188 4387 ἐν
3209 4334 3379 4403 δόξῃ,
3404 4334 3473 4387 ἐν
3488 4335 3718 4402 Χριστῷ

2159 4426 2383 4493 Ἰησοῦ.

2218 4520 2280 4572 δ’.
2317 4521 2458 4589 ὐρα
2492 4518 2609 4581 πῶς
2634 4518 2727 4571 καὶ
2760 4518 3070 4587 ἐπεύχεται,
3112 4516 3364 4587 καθάπερ
3386 4520 3432 4571 οἱ
3460 4518 3715 4588 πένητες.

2145 4606 2209 4661 Εἰ
2238 4608 2295 4660 δὲ
2338 4606 2545 4669 Παῦλος
2577 4605 2865 4675 ἐπεύχεται
2890 4607 2999 4665 τοῖς
3028 4603 3247 4668 διδοῦσι,
3302 4603 3479 4673 πολλῷ
3519 4604 3718 4673 μᾶλλον

2145 4700 2306 4770 ἡμεῖς
2336 4698 2410 4768 μὴ
2437 4695 2819 4767 αἰσχυνώμεθα
2842 4694 3207 4764 λαμϐάνοντες
3226 4695 3384 4747 τοῦτο
3405 4698 3593 4748 ποιεῖν.
3625 4694 3717 4762 Μὴ

2146 4791 2209 4861 δὴ
2238 4789 2621 4860 λαμϐάνωμεν,
2643 4788 2719 4850 ὡς
2752 4788 2902 4840 αὐτοὶ
2924 4787 3232 4858 χρῄζοντες,
3275 4786 3409 4856 μηδέ
3438 4788 3717 4856 χαίρωμεν

2144 4886 2178 4953 ἡ
2189 4882 2302 4953 μῶν
2330 4882 2536 4943 ἕνεκεν,
2566 4880 2703 4934 ἀλλά
2725 4880 2833 4932 τῶν
2855 4880 3105 4933 διδόντων
3134 4879 3328 4931 αὐτῶν.
3364 4879 3549 4942 Οῦτως
3583 4882 3718 4949 ήμίν

2145 4976 2298 5029 ἔσται
2352 4974 2540 5044 μισθὸς
2578 4974 2671 5026 καὶ
2701 4972 3083 5043 λαμϐάνουσιν,
3129 4972 3194 5025 ἂν
3224 4971 3290 5024 δι’
3328 4972 3565 5034 ἐκείνους
3598 4970 3719 5039 χαί-

2147 5084 2329 5140 ρωμεν
2351 5083 2365 5096 ο
2395 5065 2565 5129 οὕτως
2585 5068 2683 5119 οὐκ
2703 5066 3170 5135 ἀγανακτήσομεν,
3203 5065 3275 5136 μὴ
3295 5065 3563 5126 διδόντων,
3588 5063 3717 5132 μᾶλ-

2146 5160 2236 5213 λον
2278 5159 2336 5212 δὲ
2366 5157 2671 5227 ἀλγήσομεν
2704 5157 2771 5210 δι’
2806 5156 3001 5220 αὐτούς
3025 5171 3038 5183 ·
3080 5155 3224 5210 οὐτω
3256 5156 3351 5209 καὶ
3376 5155 3715 5225 προθυμοτέη

2150 5270 2275 5324 ρους
2294 5252 2656 5322 ἐργασόμεθα,
2680 5249 2744 5303 ἂν
2765 5250 3121 5319 διδάσκωμεν,
3143 5249 3222 5302 ότι
3244 5248 3339 5318 οὐχ
3362 5250 3394 5317 ή
3403 5248 3516 5316 μῶν
3531 5247 3715 5300 ἕνεκεν

2144 5343 2315 5397 ταῦτα
2344 5343 2671 5412 πράττομεν.
2704 5340 2768 5393 Ὀ
2799 5339 2866 5392 δὲ
2893 5340 3036 5405 Θεός
3056 5356 3197 5406 μου,
3234 5338 3387 5405 φησι,
3408 5333 3714 5403 πληρώσει

2146 5436 2351 5491 πᾶσαν
2370 5436 2574 5504 χρείαν
2591 5431 2774 5503 ὑμῶν,
2804 5432 2836 5502 ἢ
2861 5433 3038 5485 πᾶσαν
3051 5430 3230 5501 χάριν,
3262 5428 3493 5498 ῆπᾶσαν
3516 5428 3710 5498 χαράν.

2160 5528 2297 5582 Ἀλλ’
2326 5528 2392 5582 ἂν
2420 5527 2517 5598 μὲν
2545 5521 2600 5600 ᾗ,
2622 5524 2831 5579 Πᾶσαν
2844 5523 3036 5592 χάριν,
3067 5522 3141 5592 μὴ
3165 5519 3366 5591 ταύτην
3389 5520 3545 5593 μόνον
3560 5518 3713 5591 φησὶ,

2212 5706 2234 5735 ο
2256 5702 2468 5765 lnterpr.
2499 5699 2681 5763 legisse
2707 5696 2902 5752 videtur
2926 5693 3111 5745 καὶτοῦ
3130 5694 3331 5758 χρῄζειν.
