4148 6402
487 228 595 283 293

488 341 586 410 τὴν
614 339 706 391 ἐπὶ
736 337 835 407 γῆς
860 337 1249 408 ἐλεημοσύνην,
1282 338 1414 391 ἀλλὰ
1450 340 1557 391 πᾶν
1588 338 1916 410 κατόρθωμα
1940 354 1956 370 ⁶
1993 341 2059 393 ἂν

486 444 568 508 δὲ,
599 441 813 497 Πᾶσαν
835 441 1064 510 χρείαν,
1100 441 1236 512 ὅπερ
1260 437 1412 511 οἶμαι
1441 442 1534 494 ml
1564 441 1761 511 μᾶλλον
1785 441 2061 509 λέγεσθαι,

487 541 647 597 τοῦτό
707 544 856 595 ἐστιν
909 541 937 593 ὃ
969 540 1161 612 δηλοῦν
1213 540 1491 610 βούλεται·
1526 542 1713 612 ἐπειδὴ
1758 542 2064 613 ἔμπροσθεν

488 639 662 705 εἶπεν,
693 640 1079 707 Ἠκαιρεῖσθε,
1100 640 1295 709 ἐπάγει
1314 641 1567 706 ἐνταῦθα,
1597 642 1733 711 ὅπερ
1760 643 1817 693 ἐν
1836 644 1902 711 τῇ
1928 641 2065 712 πρὸς

489 742 805 813 Κορινθίους
834 744 978 794 ποιεῖ
1004 740 1198 809 λέγων,
1229 744 1283 794 ’0
1311 741 1688 811 ἐπιχορηγῶν
1713 744 1954 810 σπέρμα
1984 741 2065 806 τῷ

489 846 817 911 σπείροντι,
858 841 955 895 καὶ
982 842 1163 909 ἄρτον
1192 845 1278 908 είς
1296 840 1532 910 ,ϐρῶσιν
1572 840 1924 911 χορηγῆσαι,
1965 840 2064 894 καὶ

488 943 791 1011 πληθύναι
808 941 913 993 τὸν
928 942 1158 1009 σπόρον
1168 939 1354 1009 ὑμῶν,
1376 942 1471 993 καὶ
1492 939 1756 1006 αὺξήσαι
1773 942 1843 993 τὰ
1859 940 2066 1009 γεννή-

482 1063 643 1117 ματα
662 1044 771 1113 τῆς
791 1046 1182 1114 δικαιοσύνης
1197 1046 1379 1115 ὑμῶν.
1397 1046 1715 1116 Ἐπεύχεται
1733 1046 1839 1117 γὰρ
1860 1046 2060 1112 αὐτοῖς,

486 1146 629 1199 ὥστε
657 1141 794 1198 εἶναι
827 1147 883 1198 ἐν
904 1146 1151 1216 ἀφθονίᾳ,
1184 1148 1277 1199 καὶ
1300 1146 1442 1216 ἔχειν
1467 1148 1710 1215 σπείρειν
1733 1162 1746 1176 ·
1782 1147 1873 1199 ml
1901 1146 2063 1198 ἐπεύ-

488 1262 645 1315 χεται
678 1247 775 1315 οὐχ
806 1245 990 1309 ἁπλῶς
1025 1248 1082 1298 ἐν
1117 1246 1347 1317 ἀφθονίᾳ
1380 1242 1541 1306 εἶναι,
1577 1246 1733 1309 ἀλλά,
1763 1247 1923 1301 Κατὰ
1952 1247 2065 1301 τὸν

486 1344 754 1399 πλοῦτον
774 1345 979 1398 αὐτοῦ.
1001 1345 1165 1397 Ὥστε
1190 1346 1284 1398 ml
1308 1345 1467 1399 τοῦτο
1497 1347 2063 1417 συμμεμετρημένως.

486 1444 549 1497 Et
586 1444 683 1513 μὲν
706 1442 814 1514 γάρ
840 1446 960 1496 κατ’
985 1444 1145 1497 αὐτὸν
1169 1440 1331 1515 ἦσαν,
1359 1446 1452 1499 ml
1481 1444 1624 1497 οῦτω
1641 1445 1942 1515 φιλόσοφοι,
1968 1445 2066 1499 καὶ

482 1543 656 1606 οὕτως
700 1544 1121 1614 ἐσταυρωμένοι,
1171 1544 1270 1597 οὐκ
1302 1542 1368 1597 ἂν
1400 1543 1555 1597 τοῦτο
1584 1544 1868 1613 ἐποίησεν·
1914 1548 2064 1599 ἐπει-

440 1718 443 1721 _
480 1644 551 1714 δὴ
597 1644 652 1697 δὲ
681 1644 870 1715 ἀνδρες
899 1639 1059 1713 ἦσαν,
1109 1644 1464 1717 χειροτέχναι,
1497 1643 1746 1713 πένητες,
1800 1648 2065 1711 γυναῖκας

487 1746 733 1815 ἔχοντες,
773 1746 971 1810 παῖδας
1014 1746 1328 1815 τρέφοντες,
1368 1746 1542 1807 οἰκίας
1572 1746 1937 1815 προεστῶτες,
1971 1747 2066 1799 καί

485 1844 595 1897 ἀπὸ
623 1843 820 1911 ὀλίγων
847 1845 943 1897 ml
969 1844 1141 1897 ταῦτα
1174 1844 1385 1905 ἔδοσαν,
1422 1843 1518 1896 καί
1556 1859 1675 1893 τινα
1701 1837 1843 1911 εἶχον
1866 1843 2061 1896 ἐπιθυ-

489 1944 615 2012 μίαν
650 1943 795 2016 [516]
838 1946 930 1997 ml
957 1944 1065 1997 τῶν
1105 1944 1409 2014 παρόντων,
1455 1941 1742 2013 ἐπεύχεται
1776 1960 2058 2010 συγκατα-

482 2043 743 2107 ϐατικῶς.
786 2045 910 2108 Τοῖς
945 2044 1051 2114 γάρ
1090 2043 1232 2096 οῦτω
1266 2043 1627 2114 κεχρημένοις
1669 2043 1821 2095 οὐδὲν
1863 2043 2065 2097 ἄτοπον

485 2141 812 2213 ἐπεύχεσθαι
848 2142 946 2213 τὴν
986 2143 1317 2213 αὐτάρκειαν
1345 2144 1434 2195 καὶ
1462 2143 1561 2210 τὴν
1602 2142 1885 2210 ἀφθονίαν.
1918 2143 2062 2211 Ὅρα

484 2241 613 2311 γοῦν
644 2242 697 2295 τί
723 2244 816 2295 ml
844 2243 1154 2313 ἐπεύχεταιο
1190 2243 1303 2295 Οὐκ
1331 2238 1503 2306 εἶπεν,
1530 2243 1612 2294 ὅτι
1639 2243 1867 2311 Ποιήσαι
1893 2242 2062 2295 πλου-

484 2343 628 2405 σίους
662 2343 755 2395 ml
800 2343 1064 2413 εὐπόρους
1112 2342 1353 2411 σφόδρα,
1408 2343 1543 2396 ἀλλά
1582 2344 1677 2410 τί;
1746 2346 2067 2412 Πληρώσαι

480 2440 691 2495 πᾶσαν
742 2442 953 2510 χρείαν
1011 2441 1197 2510 ὑμῶν.
1251 2442 1413 2493 Ὥστε
1459 2444 1532 2514 μὴ
1574 2438 1711 2496 εἶναι
1759 2446 1818 2495 ἐν
1864 2446 2063 2517 ἐνδείᾳ,

479 2542 621 2595 ἀλλά
649 2543 715 2596 τά
746 2542 881 2614 πρὸς
916 2543 1106 2614 χρείαν
1141 2542 1284 2613 ἔχειν
1306 2560 1319 2572 ⁶
1349 2546 1470 2597 ἐπεὶ
1505 2545 1599 2597 ml
1623 2548 1650 2598 6
1681 2546 1912 2616 Χριστὸς
1942 2547 2065 2617 ὅρον

481 2645 649 2715 εὐχῆς
674 2645 807 2713 ἡμῖν
838 2643 1032 2707 διδοὺς,
1066 2643 1221 2698 τοῦτο
1252 2646 1318 2714 τῇ
1347 2645 1477 2717 εὐχῇ
1515 2646 1763 2717 ἐνέθηκε,
1799 2647 2065 2701 διδάσκων

481 2745 660 2813 ἡμᾶς,
693 2742 803 2796 Τὸν
833 2742 1016 2812 ἄρτον
1048 2743 1217 2813 ήμῶν
1250 2744 1356 2797 τὸν
1381 2745 1697 2799 ἐπιούσιον
1725 2745 1923 2815 λέγειν,
1960 2748 2066 2814 δὸς

480 2843 629 2913 ἡμῖν
654 2842 941 2911 σήμερον.
972 2845 1135 2898 Κατὰ
1163 2843 1271 2896 τὸν
1313 2843 1583 2897 πλοῦτον
1610 2844 1817 2898 αὐτοῦ.
1846 2846 1911 2896 Τί
1942 2846 2059 2897 ἐστι

474 2938 673 3004 τοῦτο;
735 2939 889 2992 Κατά
929 2939 1029 3009 τὴν
1067 2940 1276 3011 δωρεὰν
1325 2940 1528 2992 αὐτοῦ·
1587 2941 1887 3000 τουτέστιν.
1940 2944 1968 2995 ὃ
2013 2960 2063 2995 τι

475 3036 703 3091 εὔκολον
734 3037 883 3108 αὐτῷ
922 3038 1016 3091 ml
1055 3038 1298 3102 δυνατὸν,
1338 3039 1433 3091 καὶ
1478 3039 1687 3109 ταχέως
1735 3044 1928 3095 ποιεῖν.
1956 3043 2064 3094 Καὶ

474 3138 663 3209 ἐπειδὴ
694 3139 909 3207 Χρείαν
944 3134 1114 3201 εἷπον,
1166 3140 1251 3191 ἵνα
1286 3140 1360 3210 μὴ
1415 3140 1731 3209 νομίσωσιν,
1766 3141 1846 3193 ὃτι
1877 3158 2062 3194 στενο-

476 3239 716 3308 χωρήσει
768 3238 1002 3299 αὐτοὺς,
1060 3237 1146 3289 διὰ
1187 3237 1344 3290 τοῦτο
1390 3238 1670 3308 ἐπήγαγε,
1744 3241 1907 3293 Κατὰ
1959 3240 2063 3293 τὸν

472 3336 747 3389 ,πλοῦτον
768 3336 956 3390 αὑτοῦ
995 3337 1065 3389 ἐν
1096 3337 1245 3404 δόξῃ
1276 3338 1344 3389 ἐν
1369 3338 1601 3404 Χριστῷ
1647 3339 1869 3406 Ἰησοῦ.
1905 3339 2061 3393 Οὐτω

478 3434 832 3506 περισσεύσει
852 3436 981 3506 ὑμῖν
1006 3436 1240 3499 ἅπαντα,
1275 3438 1457 3506 φησὶν,
1488 3437 1627 3489 ὥστε
1663 3438 1721 3489 ἐν
1748 3437 1874 3511 δόξῃ
1896 3439 2059 3491 αὐτοῦ

474 3536 642 3611 ἔχειν.
699 3537 771 3588 Ἦ
799 3531 891 3588 οὖν
927 3536 1084 3588 τοῦτο
1111 3538 1276 3604 λέγει,
1322 3537 1404 3590 ὅτι
1444 3537 1667 3600 Οὐδενὸς
1701 3538 2012 3607 ὐστερεῖσθε
2042 3554 2056 3568 ·

476 3637 583 3692 Καὶ
601 3636 775 3705 χάρις
789 3637 858 3705 γά
868 3653 896 3707 ρ
903 3636 1135 3706 μεγάλη
1145 3678 1158 3700 ,
1178 3654 1252 3706 φη
1260 3633 1446 3706 σὶν,ἦν
1457 3636 1555 3689 ἐπὶ
1571 3636 1800 3702 πάντας
1813 3637 2056 3702 αὐτούς’

471 3736 621 3790 οὐδὲ
649 3742 759 3808 γὰρ
808 3734 1022 3802 ἐνδεής
1043 3752 1133 3799 τις
1160 3732 1434 3803 ὑπῆρχεν
1471 3735 1541 3787 ἐν
1567 3735 1770 3802 αὐτοῖς
1796 3756 1808 3767 ·
1846 3738 1877 3806 ἤ
1927 3752 2065 3805 προ-

471 3836 668 3906 τρέπει
699 3836 777 3897 εις
816 3835 970 3897 δόξαν
1003 3832 1165 3886 αὐτοῦ
1210 3833 1385 3886 πάντα
1423 3836 1624 3887 ποιεῖν·
1671 3835 1803 3887 ὡσεὶ
1835 3835 2019 3905 ἔλεγεν
2042 3848 2056 3859 ·

478 3935 597 3988 ’Ὶνα
621 3935 701 3998 εἰς
726 3934 880 3999 δόξαν
906 3931 1065 3985 αὐτοῦ
1089 3931 1291 4002 χρῆσθε
1312 3934 1378 4003 τῇ
1404 3949 1469 3983 πε
1479 3933 1708 4003 ριουσίᾳ.
1735 3933 1821 3999 Τῷ
1844 3934 1910 3987 δὲ
1937 3935 2057 4001 Θεῷ

468 4036 577 4091 καὶ
629 4036 812 4102 Πατρί
864 4033 1033 4102 ήμῶν
1086 4034 1123 4101 ή
1176 4032 1327 4097 δόξα
1365 4036 1451 4100 εὶς
1500 4034 1644 4101 τοὺς
1675 4035 1895 4102 αἰῶνας
1938 4038 2057 4092 τῶν

470 4135 725 4190 αἰώνων.
764 4134 959 4202 Ἀμήν.
986 4131 1207 4203 Αὕτη·δέ
1236 4133 1269 4203 ἡ
1299 4131 1425 4197 δόξα
1450 4134 1570 4203 οὐχὶ
1591 4133 1685 4186 τοῦ
1710 4135 1838 4187 Υίοῦ
1874 4137 2052 4205 μόνον,

470 4236 611 4291 ἀλλὰ
652 4237 748 4290 καὶ
778 4238 869 4288 τοῦ
898 4234 1109 4304 Πατρὸς
1150 4234 1379 4302 γίνεται.
1405 4235 1574 4287 Ὅταν
1604 4234 1713 4307 γὰρ
1743 4238 1771 4288 6
1807 4236 1934 4299 Υἱὸς
1968 4237 2056 4290 δο-

476 4336 726 4405 ξάζηται,
773 4334 892 4385 τότε
914 4336 942 4386 6
973 4332 1183 4403 Πατήρ.
1232 4331 1447 4403 Ἐπειδὴ
1469 4331 1576 4404 γὰρ
1604 4328 1759 4386 εἶπεν
1786 4336 1866 4398 εἰς
1898 4336 2054 4401 δόξαν

474 4434 711 4508 Χριστοῦ
757 4433 915 4486 τοῦτο
956 4431 1241 4502 γενέσθαι,
1284 4432 1371 4485 ἶνα
1414 4432 1489 4503 μή
1536 4450 1620 4495 τις
1660 4435 1854 4506 νομίσῃ
1887 4437 2051 4492 αὑτοῦ

477 4536 662 4607 μόνου,
710 4535 990 4603 ἐπήγαγεο
1045 4529 1128 4595 Τῷ
1159 4530 1226 4583 δὲ
1276 4528 1398 4595 Θεῷ
1446 4532 1545 4584 καὶ
1592 4534 1772 4600 Πατρὶ
1814 4534 1981 4603 ἡμῶν
2012 4538 2051 4606 ἠ

470 4636 644 4699 δόξα,
674 4632 814 4703 αὐτη
841 4634 873 4703 ἡ
905 4632 1168 4702 γενομένη
1200 4630 1442 4702 δηλονότι
1473 4631 1550 4702 τῷ
1577 4632 1713 4703 Υίῴ.
1759 4635 2053 4691 Ἀσπάσα-

471 4742 588 4792 σθε
626 4736 824 4790 πάντα
865 4734 1034 4802 ἅγιον
1068 4734 1138 4785 ἑν
1183 4733 1413 4801 Χριστῷ
1468 4734 1692 4802 Ἰησοῦ.
1741 4737 1813 4787 Οὐ
1856 4739 2051 4809 μικρὸν

478 4835 750 4890 καὶτοῦτο
772 4850 785 4863 ·
824 4834 1023 4903 πολλῆς
1055 4834 1164 4902 γάρ
1203 4832 1506 4898 εὐμενείας,
1535 4834 1629 4885 καὶ
1658 4834 1715 4887 τὸ
1750 4834 1838 4888 διὰ
1872 4853 2052 4907 γραμ-

476 4935 666 5005 μάτων
733 4934 927 4997 αύτοὺς
963 4933 1323 4997 ἀσπάζεσθαι.
1377 4933 1755 4993 Ἀσπάζονται
1797 4936 1956 5005 ὑμᾶς
1998 4941 2051 4992 οι

472 5036 601 5090 σὺν
620 5034 749 5100 ἐμοὶ
772 5034 1041 5102 ἀδελφοί.
1078 5036 1186 5086 Καὶ
1215 5036 1320 5105 μὴν
1340 5036 1543 5103 ἔλεγες,
1575 5037 1655 5088 ὃτι
1683 5037 1911 5091 Οὐδένα
1932 5039 2051 5109 ἔχω

476 5138 802 5205 ἰσόψυχον,
860 5134 1028 5200 ὅστις
1077 5136 1340 5205 γνησίως
1385 5132 1456 5186 τὰ
1488 5136 1618 5202 περὶ
1672 5134 1837 5203 ὑμῶν
1884 5153 2050 5205 μερι-

476 5242 698 5313 μνήσει
717 5258 733 5273 ·
767 5240 884 5303 πῶς
914 5237 1005 5294 οῦν
1030 5241 1209 5309 λέγεις
1230 5239 1345 5301 νῦν,
1377 5242 1442 5292 Οί
1470 5240 1590 5293 σὺν
1618 5240 1745 5308 ἐμοὶ
1768 5240 2046 5309 ἀδελφοί,

478 5344 553 5395 Ἢ
571 5344 695 5405 τοὺς
716 5344 833 5413 μετ’
850 5341 1012 5395 αὐτοῦ
1038 5340 1298 5410 ἀδελφούς
1327 5359 1481 5411 φησι,
1508 5341 1683 5412 δηλῶν
1704 5343 1785 5396 ὅτι
1820 5344 2049 5397 Οὐδένα

479 5459 599 5495 των
617 5442 744 5511 μεθ’
774 5441 989 5496 ἑαυτοῦ
1020 5442 1144 5512 ἕχει
1179 5443 1501 5510 ἰσόψυχον,
1523 5443 1585 5495 οὐ
1614 5443 1742 5514 περὶ
1767 5443 1875 5496 τῶν
1903 5445 1960 5497 ἐν
1979 5447 2047 5516 τῇ

481 5541 634 5594 πόλει
666 5542 839 5609 λέγων
863 5559 878 5574 ο
920 5543 1078 5597 ποίαν
1118 5542 1225 5613 γὰρ
1269 5541 1512 5612 ἀνάγκην
1556 5539 1701 5613 εἶχον
1741 5546 1939 5599 ἐκεῖνοι
1981 5517 2059 5599 cii

477 5642 589 5696 τῶν
632 5645 941 5701 ἀποστόλων
984 5643 1335 5716 ἀναδέχεσθαι
1389 5644 1723 5715 πράγματα;
1775 5647 1808 5717 ἢ
1864 5648 1945 5701 ὅτι
1984 5640 2064 5701 οὐ“

1144 221 1199 277 S.
1238 221 1524 278 JOANNIS
1556 221 2049 279 CHRYSOSTOMI
2089 220 2408 278 ARCHIEP.
2450 221 2991 278 CONSTANTINOP.

3628 220 3732 274 29s

2165 341 2508 407 παραιτεῖται
2539 339 2631 391 καὶ
2657 339 2876 401 τούτους
2898 336 3159 405 ἀδελφοὺς
3182 337 3386 388 καλεῖν.
3427 333 3739 394 Ἀσπάζον-

2162 457 2257 493 ται
2284 440 2439 509 ὑμᾶς
2468 440 2689 505 πάντες
2713 444 2766 493 οί
2802 439 2977 509 ἅγιοι,
3026 437 3293 506 μάλιστα
3328 435 3396 488 δὲ
3429 439 3483 489 οί
3517 436 3584 488 ἐκ
3620 434 3731 503 τῆς

2163 542 2463 609 Καίσαρος
2522 542 2731 608 οὶκίας.
2785 542 2844 594 Ἠ
2894 540 3062 609 χάρις
3123 538 3230 592 τοῦ
3286 526 3507 604 Κύρίου
3566 534 3736 603 ήμῶν

2177 643 2380 709 Ἰησοῦ
2422 643 2680 711 Χριστοῦ
2708 644 2859 711 μετὰ
2898 640 3143 694 πάντων
3178 639 3360 708 ὑμῶν.
3413 637 3738 706 Ἀνέστησεν

2165 744 2360 806 αὐτοὺς
2387 745 2480 797 ml
2512 744 2809 813 ἀνέρρωσε,
2844 740 3055 804 δεικνὺς
3084 740 3164 793 ὅτι
3195 740 3288 793 ml
3312 740 3411 809 τῆς
3450 737 3739 809 βασιλικῆς

2164 844 2340 907 οἰκίας
2375 843 2435 895 τὸ
2483 844 2746 914 κήρυγμα.
2790 842 2985 913 ἥψατο.
3032 842 3095 894 Εἰ
3129 840 3237 912 γὰρ
3268 840 3317 892 οἱ
3348 842 3406 891 ἐν
3455 841 3564 899 τοῖς
3592 837 3743 906 βασι-

2166 940 2328 1004 λείοις
2372 943 2587 995 πάντων
2634 944 3041 1013 κατεφρόνησαν
3092 941 3179 994 διὰ
3221 941 3311 993 τὸν
3368 939 3592 1011 βασιλέα
3634 937 3742 989 τῶν

2165 1042 2430 1112 οὐρανῶν,
2455 1043 2633 1113 πολλῷ
2668 1043 2864 1113 μᾶλλον
2881 1042 3078 1105 αὐτοὺς
3108 1040 3213 1113 χρὴ
3237 1040 3394 1093 τοῦτο
3419 1045 3609 1092 ποιεῖν.
3633 1039 3743 1092 Καὶ

2164 1141 2321 1195 τοῦτο
2352 1143 2407 1194 δέ
2428 1144 2727 1213 τεκμήριον
2754 1139 2823 1214 ἦν
2839 1143 2938 1212 τῆς
2966 1141 3179 1194 Παύλου
3211 1140 3453 1209 ἀγάπης,
3492 1139 3553 1191 τὸ
3579 1137 3743 1191 πολλά

2167 1244 2296 1313 περὶ
2321 1243 2497 1296 αὐτῶν
2519 1242 2844 1313 διηγεῖσθαι,
2878 1243 2973 1295 ml
3007 1242 3221 1312 μεγάλα
3254 1241 3453 1308 λέγειν,
3485 1239 3605 1291 ὅθεν
3647 1244 3741 1295 καὶ

2166 1344 2246 1405 είς
2298 1343 2462 1396 πόθον
2493 1344 2667 1413 ἧγαγε
2689 1344 2815 1407 τούς
2840 1346 2896 1396 ἐν
2923 1345 3034 1407 τοῖς
3054 1342 3363 1413 βασιλείοις,
3394 1342 3532 1394 ὥστε
3559 1340 3740 1393 ἀσπά-

2168 1444 2361 1496 σασθαι
2382 1445 2577 1507 αὐτοὺς
2600 1446 2723 1508 τοὺς
2739 1446 2835 1515 οὐχ
2853 1444 3187 1516 ἑωρακότας.
3210 1444 3462 1499 Μάλιστα
3495 1443 3591 1511 μὲν
3614 1443 3740 1513 γὰρ,

2167 1545 2351 1615 ἐπειδὴ
2399 1545 2456 1597 ἐν
2506 1545 2683 1616 θλίψει
2730 1542 2869 1615 ἦσαν
2914 1548 2963 1598 οἱ
3010 1545 3192 1598 πιστοὶ
3233 1545 3377 1607 τότε,
3412 1543 3579 1614 πολλὴ
3607 1538 3674 1615 ἦν
3704 1544 3740 1612 ἡ

2166 1644 2377 1714 ἀγάπη.
2412 1645 2570 1712 Πῶς;
2616 1646 2683 1697 Οἵ
2728 1663 2786 1697 τε
2842 1645 2948 1716 γὰρ
2978 1645 3222 1715 ἀλλήλων
3249 1644 3614 1711 διεστηκότες,
3656 1641 3744 1695 ἀλ-

2167 1745 2349 1815 λήλοις
2397 1742 2538 1817 ἦσαν
2580 1747 3094 1816 συγκεκολλημένοι,
3120 1749 3212 1801 καὶ
3254 1748 3303 1799 οἱ
3330 1745 3634 1817 πόρρωθεν,
3666 1745 3742 1807 ὡς

2168 1844 2320 1918 [517]
2348 1848 2515 1915 ἐγγὺς
2536 1848 2706 1913 ὄντες,
2727 1848 2991 1919 ἀλλήλους
3021 1849 3358 1919 ἠσπάσαντο,
3402 1850 3496 1901 καὶ
3517 1847 3591 1909 ὡς
3614 1846 3742 1917 περὶ

2170 1950 2305 2019 μέλη
2319 1950 2511 2012 οἰκεῖα,
2530 1949 2673 2003 οὕτω
2694 1950 2828 2023 πρὸς
2846 1951 3069 2014 ἑαυτοὺς
3086 1951 3313 2013 ἕκαστος
3330 1950 3607 2003 διετίθετο.
3632 1948 3742 2000 Καὶ

2165 2053 2195 2104 6
2226 2052 2392 2123 πένης
2418 2052 2527 2122 γάρ
2557 2052 2694 2122 πρὸς
2737 2052 2830 2105 τὸν
2864 2051 3116 2104 πλούσιον
3137 2051 3336 2120 ὁμοίως
3367 2050 3617 2113 διέκειτο,
3648 2048 3742 2100 ml

2166 2163 2195 2213 6
2229 2160 2483 2224 πλούσιος
2520 2159 2657 2230 πρὸς
2688 2159 2780 2212 τὸν
2820 2159 3060 2229 πένητα·
3093 2159 3189 2212 ml
3217 2156 3444 2213 οὐδεμία
3466 2152 3534 2225 ἦν
3565 2157 3739 2226 ὑπερ-

2166 2258 2285 2329 οχὴ,
2325 2258 2403 2327 τῷ
2440 2258 2650 2321 πάντας
2692 2258 2892 2327 ὁμοίιος
2943 2256 3219 2327 μισεῖσθαι
3259 2256 3353 2308 καὶ
3400 2253 3740 2316 ἐλαύνεσθαι,

2167 2359 2261 2413 ml
2285 2359 2377 2411 ἐπὶ
2417 2360 2529 2421 τοῖς
2560 2357 2759 2420 αὐτοῖς.
2799 2356 3009 2426 Ὥσπερ
3046 2355 3155 2425 γὰρ
3182 2356 3230 2406 οἱ
3260 2356 3324 2406 ἐκ
3350 2352 3620 2423 διαφόρων
3649 2350 3743 2403 πό-

2166 2457 2303 2511 λεων
2334 2457 2671 2527 αἰχμάλωτοί
2702 2474 2848 2520 τινες
2888 2457 3239 2520 ἀναστάντες,
3260 2457 3353 2509 καὶ
3385 2457 3466 2518 εἰς
3494 2455 3622 2525 μίαν
3655 2454 3744 2505 ἐλ-

2168 2560 2352 2624 θόντες
2403 2560 2577 2627 πόλιν,
2629 2560 2831 2632 σφόδρα
2878 2560 3126 2630 ἀλλήλοις
3169 2559 3604 2628 συμπλέκονται,
3645 2555 3741 2609 τοῦ

2167 2661 2349 2715 κοινοῦ
2380 2661 2481 2730 τῆς
2526 2662 2807 2731 συμφορᾶς
2836 2658 3235 2727 συγκολλῶντος
3260 2655 3485 2718 αὐτούς’
3520 2654 3660 2708 οὕτω
3677 2655 3740 2724 δὴ

2167 2764 2260 2815 καὶ
2290 2761 2430 2825 τότε,
2456 2762 2555 2831 τῆς
2582 2760 2866 2823 κοινωνίας
2888 2760 2997 2812 τῶν
3022 2759 3361 2829 παθημάτων
3384 2761 3478 2811 καὶ
3502 2755 3610 2808 τῶν
3632 2750 3743 2808 θλί-

2164 2863 2310 2931 ψεων
2344 2862 2718 2932 συναπτούσης
2752 2863 2968 2927 αὐτοὺς,
3002 2859 3197 2929 πολλὴν
3231 2854 3377 2928 εἶχον
3415 2860 3550 2927 πρὸς
3576 2856 3740 2926 ἀλλή-

2167 2963 2289 3027 λους
2313 2964 2555 3032 ἀγάπην.

2235 3070 2296 3116 ε’.
2316 3063 2523 3133 Δεσμδς
2547 3062 2656 3132 γάρ
2683 3062 2765 3125 τίς
2790 3062 2936 3113 ἐστιν
2963 3063 2997 3129 ἡ
3026 3060 3201 3127 θλῖψις
3232 3058 3497 3130 ἀρραγὴς,
3521 3056 3737 3124 ἀγάπης

2165 3161 2411 3233 αὔξησις,
2442 3160 2789 3226 κατανύξεως
2818 3162 2913 3214 καὶ
2944 3161 3227 3224 εὐλαϐείας
3249 3158 3523 3221 ὑπόθεσις.
3547 3159 3741 3209 ’Λκουε

2162 3263 2271 3332 γὰρ
2315 3262 2407 3314 τοῦ
2459 3260 2623 3315 Δαυῒδ
2665 3260 2942 3323 λέγοντος·
2985 3261 3227 3329 Ἀγαθόν
3269 3276 3393 3328 μοι,
3433 3258 3627 3325 Κύριε,
3656 3256 3744 3309 ὅτι

2162 3362 2570 3427 ἐταπείνωσάς
2606 3378 2703 3430 με,
2746 3362 2906 3427 ὅπως
2945 3361 3021 3415 ἂν
3064 3360 3231 3429 μάθω
3262 3359 3335 3413 τὰ
3376 3353 3741 3426 δικαιώματά

2162 3476 2279 3515 σου
2305 3479 2319 3493 ·
2352 3464 2443 3515 καὶ
2470 3462 2631 3516 πάλιν
2658 3462 2846 3533 ἐτέρου
2881 3464 3159 3534 προφήτου
3184 3460 3451 3528 λέγοντος,
3495 3461 3744 3529 Ἀγαθὸν

2160 3562 2464 3629 ἀνθρώπῳ,
2512 3561 2657 3615 ὅταν
2700 3561 2814 3630 ἄρῃ
2866 3563 3043 3631 ζυγὸν
3083 3562 3153 3639 ἐκ
3195 3564 3477 3629 νεότητος
3520 3561 3738 3615 αὐτοῦ⁹

2160 3663 2254 3715 ml
2287 3662 2471 3725 πάλιν,
2503 3662 2804 3729 Μακάριος
2824 3662 3155 3728 ἅνθρωπος,
3190 3661 3261 3715 ὃν
3287 3661 3362 3714 ἂν
3384 3661 3738 3728 παιδεύσῃς,

2160 3764 2335 3829 Κύριε
2362 3776 2375 3789 ·
2421 3762 2514 3815 καὶ
2563 3760 2750 3830 ἐτέρου
2806 3761 2947 3824 τινὸς
3010 3761 3282 3825 λέγοντος,
3323 3758 3421 3827 Μὴ
3460 3758 3732 3828 ὀλιγώρει

2159 3862 2429 3928 παιδείας
2452 3862 2670 3929 Κυρίου
2689 3879 2704 3893 ·
2734 3864 2826 3914 ml
2858 3860 3111 3930 ἀλλαχοῦ,
3158 3863 3227 3913 El
3269 3860 3570 3929 προσέρχῃ
3604 3860 3741 3914 δου-

2158 3961 2363 4013 λεύειν
2390 3961 2604 4027 Κυρίῳ,
2631 3959 2953 4028 ἐτοίμασον
2975 3958 3091 4025 τὴν
3119 3958 3331 4026 ψυχήν
3362 3975 3477 4011 σου
3506 3961 3592 4024 είς
3618 3974 3739 4011 πει-

2150 4061 2409 4129 ρασμόν.
2436 4062 2542 4113 Καὶ
2566 4061 2595 4112 6
2620 4061 2853 4131 Χριστὸς
2880 4061 2936 4114 δὲ
2964 4061 3098 4129 πρὸς
3126 4060 3251 4122 τοὺς
3271 4058 3465 4113 ἐαυτοῦ
3489 4060 3736 4131 μαθητὰς

2156 4157 2359 4225 ἔλεγεν,
2378 4160 2473 4212 Ἐν
2496 4158 2574 4223 τῷ
2596 4161 2798 4227 κόσμῳ
2813 4158 3021 4226 θλῖψιν
3034 4158 3220 4222 ἕξετε,
3242 4159 3402 4213 ἀλλὰ
3426 4160 3696 4228 θαρσεῖτε
3715 4174 3729 4190 ·

2155 4259 2247 4311 ml
2275 4258 2457 4321 πάλιν,
2501 4260 2808 4313 Κλαύσετε
2844 4260 2941 4311 καί
2978 4258 3307 4326 θρηνήσετε
3347 4259 3535 4328 ὑμεῖς,
3569 4263 3609 4325 ό,
3660 4259 3730 4312 δὲ

2156 4357 2384 4425 κόσμος
2412 4356 2739 4426 χαρήσεται
2758 4374 2772 4385 ·
2806 4359 2895 4410 ml
2926 4357 3107 4421 πάλιν,
3144 4358 3334 4425 Στενὴ
3372 4358 3471 4413 καὶ
3500 4363 3733 4428 τεθλιμ-

2146 4458 2308 4527 μένη
2354 4457 2392 4523 ἠ
2427 4457 2584 4523 όδός.
2639 4457 2801 4529 Ὁρᾷς
2830 4458 3108 4528 πανταχοῦ
3130 4458 3227 4529 τὴν
3262 4458 3439 4527 θλῖψιν
3482 4460 3732 4512 ἐπαινου-

2156 4558 2358 4627 μένηνς
2400 4556 2677 4627 πανταχοῦ
2711 4557 3297 4628 παραλαμϐανομένην,
3323 4558 3397 4621 ὡς
3425 4559 3729 4625 ἀναγκαίαν

2155 4652 2320 4710 οὖσαν
2376 4657 2542 4727 ἡμῖν;
2592 4655 2654 4707 El
2680 4656 2788 4727 γάρ
2819 4658 2876 4709 ἐν
2924 4658 3038 4718 τοῖς
3081 4654 3276 4719 ἔξωθεν
3319 4656 3524 4724 ἀγῶσιν
3553 4656 3728 4719 οὐδεὶς

2152 4755 2218 4810 ἂν
2249 4756 2449 4825 ταύτης
2496 4758 2664 4827 χωρὶς
2705 4757 2965 4825 στέφανον
3000 4756 3174 4820 λάϐοι,
3216 4756 3263 4807 εἰ
3303 4754 3378 4823 μὴ
3414 4756 3506 4809 καὶ
3548 4756 3729 4818 πόνοις

2152 4858 2245 4909 καὶ
2290 4857 2472 4909 σιτίων
2511 4860 2843 4926 παραιτήσει
2894 4861 2986 4911 καὶ
3015 4860 3162 4930 νόμῳ
3203 4858 3412 4927 διαίτης
3446 4856 3539 4908 καὶ
3560 4857 3726 4926 ἀγρυ-

2152 4957 2332 5019 πνίαις
2366 4957 2460 5010 καὶ
2489 4957 2701 5028 μυρίοις
2725 4957 2931 5026 ἑτέροις
2963 4959 3148 5011 ἐαυτὸν
3190 4956 3503 5029 ὀχυρώσειε,
3542 4956 3721 5027 πολλῴ

2130 5104 2134 5107 ,
2155 5056 2352 5126 μᾶλλον
2373 5056 2628 5111 ἐνταῦθα.
2660 5057 2792 5109 Τίνα
2809 5055 2917 5127 γὰρ
2930 5056 3108 5125 βούλει
3129 5076 3143 5124 ;
3164 5061 3253 5111 τὸν
3274 5058 3496 5129 βασιλέα
3518 5058 3721 5122 είπεῖνζ

2128 5152 2304 5216 ΞἈ).λ’
2350 5157 2470 5209 οὐδὲ
2511 5158 2718 5219 ἐκεῖνος
2754 5157 3058 5229 ἀμέριμνον
3114 5156 3178 5228 ζῇ
3235 5158 3381 5226 βίον,
3432 5158 3571 5211 ἀλλὰ
3628 5158 3723 5210 ml

2129 5257 2366 5345 ⁴πολλῶν
2392 5257 2622 5328 θλίψεων
2645 5259 2737 5311 καὶ
2757 5259 3069 5329 φροντίδων
3090 5258 3346 5327 γέμοντα.
3385 5260 3476 5329 Μὴ
3506 5259 3616 5329 γὰρ
3643 5258 3723 5321 είς

2132 5348 2212 5428 ξτδ
2238 5355 2473 5426 διάδημα
2500 5357 2633 5430 ἴδῃς,
2658 5357 2773 5410 ἀλλ’
2809 5359 2890 5421 εἰς
2920 5358 2980 5411 τὸ
3006 5355 3289 5411 κλυδώνιον
3313 5356 3623 5425 φροντίδων,
3651 5357 3720 5409 δι’

2136 5434 2215 5532 ἰοῦ
2244 5454 2391 5526 αὐτῷ
2423 5458 2451 5508 6
2476 5455 2702 5528 θόρυϐος
2732 5458 3002 5511 τίκτεται·
3038 5456 3173 5526 μηδὲ
3206 5456 3286 5518 εἰς
3304 5455 3403 5525 τὴν
3432 5455 3719 5525 ἁλουργίδα

2154 5552 2339 5623 βλέπε,
2385 5552 2497 5606 ἀλλ’
2542 5556 2621 5618 εἰς
2661 5553 2759 5625 τὴν
2804 5553 2981 5626 ψυχὴν
3002 5552 3099 5623 τὴν
3143 5553 3344 5623 μᾶλλον
3366 5554 3583 5624 ἐκείνης
3620 5555 3721 5625 τῆς

2155 5652 2468 5724 ἁλουργίδος
2493 5655 2883 5729 μελαινομένην
2901 5672 2915 5687 ·
2945 5652 3233 5739 οὐχοοῦτως
3255 5657 3284 5710 6
3313 5653 3572 5728 στέφανος
3596 5657 3734 5729 δίς-)
