2054 3205
203 163 256 193 9'5

204 220 308 255 impleat
322 226 422 247 omnem
431 215 602 244 necessitatem
615 218 733 245 uestram,
747 212 813 240 alias
823 216 902 240 πᾶσαν
915 213 994 246 χάριν,

206 267 249 295 vel
264 287 273 300 ,
287 269 364 293 πᾶσαν
375 264 454 299 χαρίν
467 282 475 295 ,
489 261 515 288 id
525 265 567 288 est
580 280 589 293 ,
600 258 836 293 omnem-gratiam,
849 256 892 285 vel
904 277 912 289 ,
923 263 998 283 omne

205 312 337 349 gaudium.
358 312 398 338 Ac
410 309 432 337 si
443 308 551 343 quidem
568 306 681 341 legatur,
694 304 801 331 Omnem
812 304 933 338 gratiam,
947 300 997 328 hoc

202 348 340 394 signiﬁcat
353 378 362 391 ,
392 364 447 384 non
471 355 540 382 hanc
561 353 645 381 solam
664 351 863 386 eleemosynam
884 355 944 384 qua:
970 348 997 374 in

206 412 289 438 terra,
309 403 358 432 sed
387 409 468 433 omne
480 399 660 431 benefactum;
677 399 729 430 sin,
741 396 812 432 quod
824 396 910 431 magis
922 398 996 429 puto,

207 450 313 478 Omnem
327 448 520 478 necessitatem;
534 445 584 472 hoc
598 449 659 477 est,
670 442 742 478 quod
756 441 907 475 signiﬁcare
925 440 997 466 vult:

206 497 332 533 quoniam
355 495 479 526 dixerat,
502 492 626 527 Occupati
648 490 745 521 eratis,
771 487 908 533 subiungit
934 486 997 518 hic,

201 532 277 579 quod
298 542 378 569 etiam
399 540 462 567 facit
480 539 507 566 in
524 537 642 573 Epistola
657 536 690 563 ad
706 533 860 563 Corinthios
882 532 976 560 dicens
989 552 997 564 ,

205 578 260 624 Qui
272 588 433 615 administrat
447 594 532 613 semen
543 583 688 616 seminanti,
703 586 727 610 et
738 589 830 617 panem
839 579 873 607 ad
886 578 998 606 mandu-

208 635 317 662 candum
336 636 447 668 prastat,
462 635 485 658 et
496 630 645 665 multiplicat
664 635 749 655 semen
765 630 877 653 vestrum
888 645 896 657 ,
907 628 937 651 et
950 631 998 650 ast-

210 685 266 715 gcat
279 679 391 715 germina
405 676 625 712 frugumjustititz
637 678 726 701 vestrm
742 671 790 707 (‘2.
806 670 866 698 Cor.
882 669 909 697 9.
932 669 966 696 l0
978 669 998 702 ).

208 726 276 752 Nam
298 730 324 752 et
346 725 386 751 his
401 724 452 750 hoc
466 728 607 757 precatur,
632 724 661 747 ut
676 718 812 745 abundent
835 721 862 743 et
884 715 1000 741 habeant

210 771 281 798 unde
302 771 455 802 seminent;
476 773 501 795 et
517 771 652 802 precatur,
675 773 728 792 non
752 769 780 791 ut
806 762 900 798 quovis
920 761 1000 788 modo

210 816 356 848 abundent,
379 814 436 848 sed,
454 813 600 841 Secundth
613 812 714 838 divitias
736 818 805 837 suos.
820 807 1000 841 Quamobrem

209 869 237 890 et
252 864 302 889 hoc
318 860 541 889 nioderatefeeit.
563 858 628 885 Nam
644 857 666 884 si
681 857 762 884 Paulo
778 855 878 883 similes
892 853 1000 880 omnino

211 909 322 936 fuissent
335 929 341 939 ,
363 907 431 934 adeo
447 904 600 941 philosophi
612 924 619 937 ,
642 903 709 930 adeo
724 901 862 932 cruciﬁxi,
878 907 930 926 non
952 899 1002 924 hoc

210 963 275 983 sane
293 955 425 982 elfecisset
449 961 455 979 :
480 952 528 979 sed
552 950 677 985 quoniam
699 948 821 975 homines
842 950 918 972 erant
943 944 1001 978 opi-

212 1002 275 1028 lices
288 1022 294 1032 ,
320 1006 450 1034 pauperes
464 1019 471 1030 .
492 1005 589 1024 uxores
605 995 739 1022 habebant
752 1015 758 1026 ,
783 993 851 1019 lilios
874 991 981 1018 alebant
993 1011 1000 1022 ,

212 1052 300 1080 patres
315 1045 427 1072 familias
442 1048 519 1071 erant
532 1063 538 1075 ,
556 1047 636 1076 atque
655 1049 686 1068 ex
705 1040 833 1067 tenuitate
848 1045 894 1064 sua
913 1043 1000 1064 tamen

207 1081 270 1119 hmo
284 1091 414 1119 dederant
427 1111 434 1121 .
451 1090 619 1125 quadamque
637 1095 726 1115 rermn
740 1085 909 1120 prmsentinm
925 1083 1002 1117 cupi-

211 1138 296 1166 ditate
311 1138 420 1165 minime
440 1137 585 1167 carebant;
607 1135 641 1160 ita
659 1138 793 1166 precatur.
809 1136 837 1158 ut
851 1138 881 1157 se
895 1130 926 1156 ad
941 1130 1002 1156 illo-

213 1193 272 1211 rum
286 1189 392 1218 captum
411 1182 544 1209 demittat.
567 1181 601 1207 lis
613 1180 686 1207 enim
702 1178 745 1213 qui
768 1178 818 1204 hoc
840 1176 920 1203 modo
944 1180 1003 1202 tlte-

171 1230 175 1235 ’
214 1234 317 1261 rentur,
332 1228 396 1255 nihil
417 1227 523 1254 absurdi
540 1231 641 1253 tantum
659 1223 782 1258 precari,
802 1227 929 1257 quantum
953 1220 1005 1247 illis

215 1276 282 1303 satis
301 1275 336 1302 sit
351 1280 429 1308 atque
444 1277 472 1299 ut
486 1272 630 1299 almndent.
657 1270 723 1296 \‘ide
744 1269 823 1303 igitur
835 1288 842 1299 ,
863 1266 926 1302 quid
943 1273 1005 1300 prc-

214 1325 291 1348 cetur
307 1328 313 1346 :
331 1327 384 1346 non
398 1318 478 1350 dixit,
503 1317 592 1344 Faciat
610 1315 706 1342 divites
719 1334 726 1345 ,
741 1321 777 1340 ac
798 1312 876 1339 valde
891 1311 1005 1346 opulen-

214 1371 256 1393 tos
268 1386 276 1398 ,
299 1364 346 1391 sed
361 1363 446 1398 quid?
467 1362 576 1396 Impleat
590 1369 689 1387 omnem
703 1359 873 1386 necessitatem
884 1361 1004 1388 vestram,

217 1416 246 1437 ιιι
267 1418 300 1437 ne
320 1409 438 1444 egeatis,
464 1407 511 1435 sed
533 1406 653 1433 habeatis
667 1412 727 1440 qua:
740 1404 815 1431 vobis
836 1410 904 1437 opus
923 1406 1004 1429 sunt:

215 1457 341 1492 quoniam
361 1459 388 1483 et
407 1454 529 1482 Christus
550 1452 689 1480 formulam
701 1451 782 1477 nobis
802 1449 928 1484 precandi
950 1452 1006 1476 trs-

217 1504 300 1535 dens,
322 1502 372 1529 hoc
391 1499 546 1535 .precationi
571 1498 688 1532 adjecit,
714 1497 814 1523 docens
836 1496 871 1522 ita
895 1495 1006 1527 dicere,

217 1550 316 1577 Panem
330 1554 442 1575 nostrum
459 1545 633 1581 quotidianum
657 1544 691 1569 da
714 1542 785 1569 nobis
800 1542 897 1575 thiie(
912 1540 1006 1567 Matt/1.

218 1596 246 1623 li.
264 1596 291 1622 ll
308 1594 327 1628 ).
349 1593 494 1621 Secundum
510 1591 610 1617 diuitias
631 1598 702 1616 suos.
722 1587 790 1621 Quid
805 1588 855 1614 hoc
872 1592 913 1614 est
923 1586 934 1611 ?
956 1586 1008 1612 l‘ro

220 1639 399 1668 muniﬁcentia
419 1646 487 1670 sua;
511 1636 537 1663 id
559 1640 609 1668 est,
633 1634 702 1670 quod
720 1634 797 1660 facile
817 1638 843 1659 et
857 1633 910 1659 cito
925 1631 1009 1665 possit

217 1687 318 1714 facere.
341 1686 379 1712 Ac
394 1692 428 1711 nc
448 1683 621 1714 existiment,
645 1680 770 1714 quoniam
785 1679 862 1711 dixi,
888 1678 1006 1705 Necessi-

223 1738 309 1764 tatem,
325 1732 381 1757 fore
400 1735 429 1756 ut
444 1730 469 1755 in
484 1727 620 1762 angustias
634 1725 827 1752 concludantur
841 1733 847 1749 :
870 1728 1008 1757 pmpterea

221 1777 338 1809 addidit,
362 1774 507 1802 Secundam
519 1773 619 1799 diuitias
631 1780 690 1798 suas
704 1772 729 1796 in
743 1770 825 1804 gloria
835 1790 842 1801 ,
864 1770 888 1795 in
905 1768 1006 1795 Christo

221 1825 293 1851 Jesu.
315 1823 353 1850 lla
368 1820 558 1850 abundabunt,
576 1818 678 1852 inquit,
700 1817 774 1843 vobis
799 1816 887 1842 omnia
901 1836 908 1846 ,
935 1819 962 1841 ut
984 1815 1009 1841 in

220 1870 306 1904 gloria
321 1867 404 1902 ipsius
418 1866 476 1893 sitis
497 1864 624 1891 habituri.
649 1862 697 1889 Vel
715 1862 792 1896 igitur
808 1861 857 1887 hoc
870 1860 920 1886 sibi
937 1860 1010 1892 vult,

223 1919 279 1944 tore
303 1920 332 1942 ut
356 1913 453 1941 nullius
476 1911 514 1938 rei
535 1914 648 1945 egeant;
677 1908 766 1935 Gratia
791 1908 882 1938 cnitn,
907 1905 1010 1939 inquit,

220 1969 315 1996 magna
337 1964 391 1986 erat
412 1959 438 1985 in
462 1957 577 1984 omnibus
601 1956 652 1981 illis
665 1974 672 1986 ,
698 1961 775 1987 neque
794 1953 860 1979 enim
881 1952 1012 1986 quisquam

223 2016 296 2043 egens
315 2011 368 2033 erat
391 2006 457 2031 inter
481 2002 539 2029 illos
564 2001 641 2036 (Act.
661 2002 687 2028 4.
705 2001 748 2027 55.
776 1999 830 2033 5i)
849 2007 854 2024 :
873 1998 912 2025 vel
929 2002 958 2024 ιιι
979 1997 1012 2023 ad

224 2042 306 2087 ipsius
324 2051 368 2078 Dei
383 2050 494 2084 gloriam
508 2048 597 2074 omnia
614 2047 730 2076 faciant;
750 2053 779 2071 ac
793 2045 814 2071 si
831 2044 953 2075 diceret,
980 2042 1014 2070 Ut

223 2098 256 2125 ad
273 2098 354 2131 ipsius
369 2095 481 2131 glOI‘i'dlll
498 2094 582 2127 cepiis
605 2092 661 2119 suis
674 2091 794 2118 utamini.
807 2090 852 2117 ΞΟ.
867 2090 920 2116 Deo
931 2095 1013 2115 autent

223 2148 247 2169 ct
263 2142 335 2168 I’atri
358 2146 443 2167 nostro
464 2140 547 2174 gloria
570 2139 595 2164 in
619 2138 712 2164 swcula
735 2136 894 2164 surculorum.
923 2135 1012 2162 Amen.

224 2189 287 2215 lltec
301 2192 388 2214 autem
404 2186 487 2220 gloria
504 2193 556 2211 non
572 2184 629 2210 Filii
646 2183 732 2210 solum
746 2202 753 2214 ,
769 2181 815 2209 sed
835 2181 914 2208 etiam
928 2180 1014 2207 Patris

224 2240 265 2262 est
278 2243 284 2260 :
298 2241 358 2259 nam
372 2233 433 2258 dum
449 2230 574 2257 tribuitur
584 2229 653 2256 Filio
664 2229 758 2263 gloria,
773 2228 895 2254 tribuitur
909 2234 1014 2260 quoque

226 2279 308 2306 l’atti.
332 2277 433 2303 litenim
450 2276 574 2310 quoniam
590 2274 694 2301 dixerat
709 2274 735 2299 in
749 2272 847 2300 Christi
861 2271 973 2306 gloriam
990 2270 1015 2297 id

227 2325 301 2356 fieri,
327 2332 359 2350 ne
383 2322 442 2357 quis
466 2327 539 2356 putet
566 2321 648 2355 ipsius
674 2324 793 2352 tantum,
815 2318 937 2351 addidit,
960 2317 1015 2344 Deo

226 2375 310 2397 autem
324 2373 346 2395 et
363 2368 434 2394 Patri
450 2372 535 2393 nostra
551 2366 631 2400 gloria
647 2373 657 2392 :
668 2365 724 2391 haec
738 2364 794 2399 ipsa
809 2364 943 2395 nimirum,
956 2370 1016 2396 quae

227 2418 287 2444 tlala
302 2421 342 2443 est
358 2415 437 2442 Filio.
448 2415 493 2441 2|.
510 2414 627 2440 Salutate
638 2420 735 2438 onmem
749 2416 863 2437 sanctum
877 2411 902 2436 in
916 2410 1015 2436 Christo

226 2463 298 2489 Jrsu.
323 2462 379 2488 Non
396 2461 455 2487 leve
468 2465 496 2487 et
515 2460 565 2486 hoc
581 2467 587 2483 :
603 2465 704 2492 magna:
729 2457 800 2484 enim
825 2456 1016 2483 benevolentia:

228 2513 269 2536 est
289 2516 335 2543 per
350 2508 441 2534 literas
455 2507 537 2533 etiam
556 2505 627 2539 ipsos
638 2505 762 2530 salutare.
783 2502 904 2529 Salutant
918 2510 959 2528 vos
974 2502 1017 2536 qui

229 2563 324 2581 mecum
338 2558 397 2580 sunt
415 2554 514 2588 trames.
532 2553 654 2577 Attamen
677 2549 784 2576 dicebas
796 2569 803 2580 ,
820 2548 953 2575 Neminem
968 2549 1016 2574 ha-

228 2600 273 2626 beo
296 2598 456 2630 unanimem,
471 2597 513 2632 qui
534 2597 631 2622 sincera
644 2593 778 2627 ttlfectioue
790 2602 835 2629 pro
857 2593 924 2621 vobis
947 2594 1018 2620 solli-

231 2647 294 2673 citus
307 2646 339 2672 sit
353 2645 483 2679 (Philipp.
498 2643 525 2669 ‘2.
541 2641 600 2678 20);
617 2641 751 2675 quomodo
766 2641 846 2675 igitur
857 2648 927 2668 nunc
940 2640 1016 2674 dicis,

233 2691 281 2724 Qui
297 2698 392 2716 mecum
405 2694 462 2716 sunt
477 2690 567 2723 fratres
580 2687 593 2714 2
608 2687 661 2714 llos
675 2687 720 2721 qui
735 2694 794 2713 cum
809 2687 866 2720 ipso
879 2691 951 2718 sunt,
966 2686 1019 2712 fra-

231 2742 286 2763 tres
309 2739 405 2767 vocat,
427 2733 593 2764 ostendens,
621 2732 663 2758 vel
687 2731 759 2766 quod
787 2737 865 2758 antea
892 2731 1018 2762 dixerat,

233 2781 365 2808 Neminem
379 2779 457 2806 Italico
469 2779 611 2804 unaniment
625 2798 631 2809 ,
649 2771 702 2803 non
718 2776 750 2803 ad
765 2783 812 2803 eos
826 2777 959 2810 pertinere
973 2777 1018 2811 qui

234 2826 259 2854 in
281 2826 344 2853 urbe
366 2829 460 2856 erant;
483 2831 540 2858 qua:
556 2822 627 2850 enim
653 2822 705 2849 illis
728 2823 873 2849 necessitas
898 2823 1020 2857 imposita

234 2877 300 2906 erat,
316 2878 344 2900 ut
360 2871 503 2904 apostolica
526 2868 631 2903 negotia
653 2868 842 2903 susciperent?
857 2868 898 2896 vel
920 2876 948 2897 se
968 2877 1020 2897 non

382 2912 517 2944 PATROL.
542 2915 600 2945 Gn.
625 2913 722 2944 LXII.

637 156 671 185 ΪΝ
685 155 798 185 EPIST.
820 154 865 183 AD
880 153 1025 182 PlllLlPP.
1046 153 1123 182 CAP.
1139 153 1188 181 ιν.
1210 151 1324 180 IlOMlL.
1344 151 1404 179 KV.

1786 150 1840 178 2ςᾶ

1051 217 1179 237 recusare
1187 229 1197 242 ,
1208 208 1272 243 quin
1286 209 1336 235 hos
1345 208 1426 235 etiam
1441 208 1537 235 fratres
1547 211 1625 235 Vocet
1636 229 1644 240 ,
1658 206 1703 234 2!.
1720 207 1842 234 Salutem:

1048 263 1092 283 vos
1103 264 1188 283 omnes
1201 255 1283 282 sancti
1294 275 1302 287 ,
1319 254 1429 281 maxime
1442 258 1526 281 autent
1538 254 1581 288 qui
1593 253 1625 280 de.
1638 253 1746 280 Cmam
1764 253 1841 279 domo

1048 306 1115 329 sunt.
1126 301 1172 329 25.
1188 300 1277 328 Gratia
1290 300 1395 328 Domini
1410 300 1490 327 nostri
1502 299 1565 327 Jesu
1576 298 1670 327 Christi
1683 307 1740 325 cum
1755 298 1838 325 omisi-

1043 348 1094 375 bus
1113 348 1191 375 vobis.
1223 348 1318 376 Erexit
1338 348 1411 382 ipsos
1434 351 1461 374 et
1481 346 1671 378 conﬁrmavit,
1696 345 1842 372 ostendens

1048 395 1082 421 ad
1097 394 1297 429 lmperatoriam
1309 394 1390 421 etiam
1405 393 1513 420 domum
1529 391 1684 427 pervenisse
1708 391 1838 425 prtedica-

1050 440 1161 468 sionem.
1174 439 1239 467 Nam
1252 440 1276 467 si
1291 439 1336 474 qui
1351 440 1377 465 in
1393 439 1474 474 regiis
1487 439 1576 466 omnia
1592 442 1701 473 propter
1714 437 1842 464 caslorum

1050 486 1149 521 Regem
1163 486 1351 521 despexeram,
1369 486 1455 513 multo
1469 486 1552 520 magis
1566 485 1593 512 id
1609 484 1761 512 faciendum
1777 484 1842 519 ipsis

1046 536 1119 559 erat.
1139 532 1225 566 Atque
1239 531 1290 559 hoc
1302 532 1382 558 etiam
1398 531 1525 558 indicium
1544 535 1604 559 erat
1617 531 1691 558 Pauli
1705 530 1825 558 caritatis
1836 550 1843 562 .

1052 582 1105 604 tam
1116 578 1198 605 multa
1209 582 1338 613 etmagna
1347 577 1379 605 de
1391 577 1458 612 ipsis
1469 585 1588 610 narrare,
1598 582 1627 604 ut
1635 577 1698 604 hinc
1707 577 1751 611 qui
1766 578 1792 604 in
1802 584 1845 604 re-

1051 623 1093 658 gia
1101 629 1178 651 erant
1191 622 1226 650 ad
1232 630 1279 651 eos
1288 623 1444 651 salutandos
1455 631 1547 651 amore
1558 623 1765 656 adducerentur,
1775 630 1843 658 quos

1049 677 1195 704 numquam
1210 669 1342 697 viderant.
1365 669 1481 697 Maxime
1501 670 1573 697 enim
1585 690 1593 702 ,
1617 669 1744 704 quoniam
1759 677 1842 696 vexa-

1052 714 1149 741 bantur
1159 714 1262 748 lideles,
1274 722 1369 750 magna
1381 719 1444 742 tunc
1453 714 1558 749 vigebat
1566 715 1675 742 caritas.
1687 714 1846 749 Quomodo?

1051 752 1118 787 Nam
1131 761 1176 795 qui
1192 760 1272 796 longe
1291 761 1361 787 inter
1379 768 1409 788 se
1421 760 1556 788 distabant
1568 781 1575 793 ,
1596 760 1647 787 sibi
1662 765 1751 788 tamen
1764 760 1845 787 vicis-

1052 807 1103 834 sim
1117 807 1252 842 conjuncti
1265 812 1363 841 erant;
1378 812 1405 835 et
1418 808 1461 843 qui
1476 807 1568 842 procul
1588 807 1700 835 aberant
1712 829 1720 839 ,
1737 808 1846 842 perinde

1052 860 1084 880 ac
1094 853 1117 880 si
1129 860 1211 888 prope
1224 857 1330 887 essent,
1345 854 1415 881 inter
1425 861 1455 881 se
1465 853 1627 886 salutabant,
1638 858 1665 881 et
1677 854 1772 888 singuli
1781 862 1845 889 erga

1053 900 1173 935 singulos
1187 900 1268 927 veluti
1281 908 1344 935 erga
1360 907 1407 927 sua
1420 900 1539 928 membra
1553 900 1750 932 alﬁciebantnr,
1771 908 1847 935 teque

1053 952 1157 980 pauper
1168 953 1233 980 erga
1245 945 1364 978 divitem,
1380 953 1411 973 ac
1421 946 1499 973 dives
1513 954 1575 981 erga
1588 953 1741 980 pauperem,
1759 954 1845 981 neque

1055 990 1108 1018 ulla
1127 991 1326 1025 agnoscebatur
1343 991 1495 1026 prmstautia
1508 1011 1516 1024 ,
1537 991 1608 1026 quod
1623 998 1718 1018 omnes
1730 999 1806 1025 teque
1820 991 1846 1017 in

1055 1036 1118 1063 odio
1132 1040 1224 1064 essent
1236 1041 1318 1071 atque
1329 1037 1502 1071 ejicerentnr,
1519 1036 1667 1071 iisdemque
1687 1036 1721 1063 de
1743 1036 1844 1063 etiusis.

1055 1082 1285 1115 Quemadmodum
1313 1082 1386 1109 enim
1399 1102 1407 1115 ,
1421 1082 1443 1109 si
1458 1089 1491 1110 ex
1502 1082 1617 1109 diversis
1629 1082 1781 1109 civitatibus
1800 1089 1847 1109 ca-

1060 1128 1125 1163 ptivi
1140 1128 1249 1163 quidam
1264 1128 1379 1163 profecti
1393 1128 1419 1156 in
1433 1128 1554 1156 eamdem
1568 1129 1676 1156 veniant
1692 1128 1826 1156 civitatem
1837 1148 1847 1161 ,

1056 1174 1133 1202 valde
1146 1182 1175 1203 se
1188 1175 1303 1202 invicem
1314 1175 1529 1210 complectuntur
1538 1195 1546 1208 ,
1562 1175 1698 1203 communi
1712 1175 1772 1202 illos
1781 1183 1848 1203 can-

1057 1221 1176 1249 sociante
1186 1221 1338 1248 calamitate
1354 1230 1361 1248 :
1377 1221 1413 1248 ila
1426 1221 1506 1249 etiam
1522 1225 1585 1249 tunc
1598 1222 1726 1249 societate
1739 1221 1846 1248 incom-

1057 1268 1198 1295 modorum
1212 1271 1240 1296 et
1251 1267 1425 1302 asperitatem
1443 1274 1494 1295 eos
1513 1267 1693 1303 conjungente
1704 1288 1712 1301 .
1726 1275 1849 1302 magnam

1058 1314 1109 1341 sibi
1124 1319 1217 1341 mutuo
1237 1314 1375 1341 caritatem
1394 1313 1566 1348 prmstabant.

1094 1361 1122 1388 5.
1132 1360 1318 1388 Afrumnarum
1331 1361 1438 1388 utilitas.
1451 1359 1612 1387 Calamitates
1623 1361 1649 1387 in
1659 1360 1720 1387 aula
1733 1360 1851 1396 Impera-

1059 1407 1135 1434 toria.
1144 1406 1322 1434 —1Erumna
1334 1407 1407 1435 enim
1417 1411 1445 1435 et
1458 1407 1593 1435 tribulatio
1607 1407 1743 1435 vinculum
1766 1407 1851 1442 quod-

1059 1453 1122 1481 dam
1137 1453 1320 1481 ﬁrmissimum
1335 1458 1397 1486 est,
1422 1453 1542 1481 caritatis
1561 1454 1694 1487 accretio,
1720 1461 1850 1488 compun-

1060 1499 1157 1528 ctionis
1169 1504 1197 1526 et
1207 1499 1313 1534 pietatis
1326 1499 1443 1527 occasio.
1458 1499 1526 1527 Audi
1539 1500 1612 1527 enim
1625 1500 1758 1527 dicentem
1775 1500 1853 1527 Davi-

1059 1545 1122 1573 dem
1138 1555 1145 1572 :
1162 1545 1260 1572 Bonum
1275 1545 1348 1577 mihi,
1362 1544 1491 1578 Domine,
1506 1546 1568 1581 quia
1581 1545 1722 1583 humilia-ti
1744 1554 1799 1577 nte,
1824 1549 1853 1572 sit

1061 1589 1156 1619 discam
1164 1592 1362 1627 justiﬁcatianes
1376 1596 1433 1618 tuas
1443 1592 1453 1627 (
1465 1590 1539 1618 Psal.
1553 1591 1616 1619 118.
1632 1591 1662 1618 'll
1678 1590 1706 1627 );
1719 1597 1746 1618 et
1754 1591 1852 1619 iterum

1061 1638 1141 1665 alium
1154 1639 1310 1673 prophetam
1322 1638 1454 1665 dicentem
1466 1657 1474 1670 ,
1489 1637 1590 1664 Bonum
1604 1642 1641 1664 est
1655 1637 1707 1663 viro
1720 1645 1778 1664 cum
1791 1646 1854 1672 por-

1060 1683 1149 1710 tat-erit
1168 1686 1261 1718 jugum
1280 1683 1312 1710 ab
1335 1682 1505 1710 adolescentia
1528 1690 1575 1709 sua
1588 1682 1599 1716 (
1611 1681 1675 1708 Thr.
1692 1683 1720 1709 5.
1731 1683 1765 1709 27
1779 1684 1807 1714 );
1826 1688 1854 1710 et

1062 1735 1165 1759 rursus.
1174 1726 1267 1755 Beatus
1273 1728 1357 1760 homo,
1364 1735 1440 1762 quem
1451 1733 1477 1753 tu
1492 1727 1627 1760 erudieris,
1646 1726 1753 1753 Domine
1763 1727 1851 1762 (Psal.

1063 1776 1108 1803 95.
1124 1774 1194 1809 l2);
1208 1779 1236 1802 et
1250 1775 1331 1801 alium
1345 1773 1498 1809 quemdam,
1514 1773 1682 1807 Disciplinam
1697 1773 1802 1800 Domini
1823 1782 1855 1801 ns

1063 1821 1188 1856 despicias
1198 1820 1208 1855 (
1218 1820 1296 1847 Prov.
1310 1820 1338 1847 5.
1354 1819 1383 1847 Η
1396 1820 1405 1854 )
1417 1827 1425 1852 ;
1439 1824 1477 1852 et,
1493 1819 1638 1846 Ascendere:
1658 1819 1692 1845 ad
1712 1820 1855 1846 servitutem

1063 1866 1176 1899 Domini,
1193 1873 1310 1901 prepare
1317 1865 1430 1892 aninmo:
1443 1869 1512 1891 tuam
1525 1864 1560 1891 ad
1579 1864 1740 1891 tentationem
1753 1864 1854 1901 (Ecdi.

1063 1913 1091 1940 ξ.
1107 1914 1120 1940 l
1133 1913 1152 1946 ).
1175 1913 1207 1940 Et
1220 1912 1343 1940 Christus
1357 1919 1450 1939 rursus
1462 1911 1599 1945 discipulis
1612 1912 1667 1938 suis
1681 1911 1787 1939 dicebat
1797 1932 1804 1945 ,
1821 1912 1856 1940 In

1064 1958 1160 1984 mundo
1171 1965 1313 1993 prensurum
1327 1957 1449 1983 habebitis
1461 1977 1469 1989 ,
1492 1957 1536 1983 sed
1550 1957 1671 1991 conﬁdite
1693 1956 1788 1992 (Joau.
1811 1958 1854 1985 I6.

1065 2005 1101 2032 53
1111 2003 1138 2040 );
1155 2008 1181 2031 et
1199 2011 1302 2036 rursus,
1322 2003 1459 2030 Plorabitis
1472 2008 1495 2030 et
1509 2003 1601 2038 ﬂebitis
1614 2011 1667 2036 vos,
1682 2004 1791 2031 mundus
1803 2013 1851 2032 au-

1066 2054 1115 2076 tem
1129 2049 1245 2085 gaudebit
1259 2048 1357 2084 (loan.
1374 2048 1418 2076 16.
1430 2048 1485 2083 20)
1497 2056 1504 2080 ;
1520 2054 1548 2076 et
1561 2056 1654 2076 rursus
1665 2069 1673 2081 .
1688 2048 1802 2085 Angusta
1827 2055 1852 2078 et

1065 2100 1136 2121 arcta
1147 2095 1187 2121 uia
1200 2094 1209 2129 (
1222 2094 1316 2121 Matth.
1332 2094 1358 2121 7.
1375 2094 1408 2121 14
1418 2093 1440 2129 ).
1458 2094 1538 2121 Vides
1563 2093 1662 2127 ubique
1685 2094 1786 2122 laudari
1812 2096 1857 2122 Iri—

1066 2140 1246 2167 bulationeml
1260 2139 1357 2174 ubique
1370 2139 1563 2172 commendari,
1578 2144 1712 2174 tamquam
1725 2148 1782 2167 eam
1796 2149 1856 2176 qua:

1067 2185 1144 2213 nobis
1157 2185 1193 2213 sit
1206 2185 1376 2212 necessaria?
1390 2184 1457 2212 Nam
1471 2185 1493 2212 si
1507 2185 1532 2211 in
1547 2185 1690 2212 mundanis
1703 2187 1856 2214 certamini-

1067 2230 1116 2258 bus
1129 2230 1188 2258 sine
1201 2237 1232 2258 ea
1248 2237 1328 2257 nemo
1340 2237 1467 2257 coronam
1479 2230 1595 2264 accipit,
1618 2230 1668 2257 nisi
1681 2237 1707 2258 ct
1722 2231 1857 2260 laboribus

1067 2281 1095 2303 et
1107 2276 1227 2312 ciborum
1241 2275 1402 2302 abstinentia
1414 2280 1442 2302 et
1458 2280 1512 2302 tota
1527 2276 1611 2303 victus
1625 2277 1728 2304 ratione
1739 2297 1747 2309 ,
1771 2283 1798 2305 et
1819 2279 1857 2305 vi-

1068 2321 1140 2357 giliis
1163 2326 1190 2348 et
1214 2321 1349 2350 sexcentis
1370 2321 1429 2348 aliis
1452 2321 1631 2348 incommodis
1651 2329 1681 2349 se
1711 2324 1857 2356 munierit;

1069 2368 1154 2395 multo
1168 2368 1252 2402 magis
1268 2368 1321 2395 hic.
1332 2367 1417 2400 Quem
1429 2368 1500 2394 enim
1509 2368 1573 2394 mihi
1588 2368 1683 2396 alleres
1693 2369 1859 2405 ?regemne?

1069 2414 1105 2441 At
1117 2421 1205 2448 neque
1218 2413 1263 2441 ille
1275 2414 1356 2440 vitam
1372 2414 1444 2441 curis
1460 2413 1574 2441 solutam
1588 2414 1671 2447 vivit,
1695 2415 1742 2442 sed
1768 2416 1859 2444 multis

1069 2459 1201 2487 molestiis
1212 2464 1294 2494 atque
1314 2459 1457 2494 angoribus
1481 2458 1619 2486 refertam.
1645 2459 1703 2488 Non
1727 2461 1798 2488 enim
1825 2461 1859 2488 ad

1070 2504 1191 2532 diadema
1204 2508 1310 2539 spectes
1320 2525 1327 2537 ,
1343 2504 1390 2531 sed
1403 2504 1436 2531 ad
1461 2504 1670 2532 Sollicitudinum
1693 2507 1836 2541 procellam
1847 2526 1859 2540 ,

1070 2548 1141 2576 unde
1155 2548 1192 2576 illi
1207 2549 1337 2576 tumultus
1350 2549 1482 2576 maximus
1502 2550 1641 2581 exoritur;
1665 2558 1718 2578 non
1741 2551 1773 2578 ad
1798 2559 1860 2586 pur-

1071 2603 1176 2630 puram,
1191 2594 1238 2621 sed
1253 2594 1288 2621 ad
1301 2594 1416 2621 animam
1433 2594 1476 2621 illa
1490 2594 1545 2629 ipsa
1561 2602 1677 2630 purpura
1702 2596 1860 2631 nigriorem.

1070 2642 1131 2670 Non
1144 2649 1219 2677 teque
1231 2649 1331 2669 corona
1345 2642 1409 2676 ligat
1422 2647 1512 2676 caput,
1526 2646 1606 2677 atque
1620 2642 1737 2670 animam
1760 2643 1861 2671 sollici-

1072 2688 1147 2715 tudo.
1171 2687 1229 2714 Non
1254 2687 1288 2714 ad
1312 2687 1458 2715 satellitum
1483 2695 1623 2715 numerum
1642 2693 1750 2723 specta.
1766 2690 1813 2717 sed
1827 2690 1861 2718 ad

1072 2733 1260 2769 aegritudinum
1282 2732 1480 2760 multitudinem
1497 2740 1504 2758 :
1520 2733 1617 2760 nullam
1634 2734 1707 2761 enim
1732 2735 1861 2769 privatam

1072 2778 1182 2805 domum
1196 2782 1237 2806 tot
1247 2778 1318 2805 curis
1333 2778 1513 2805 abundantem
1527 2778 1657 2812 reperias,
1671 2784 1737 2814 quot
1750 2781 1862 2816 regiam.

1074 2824 1172 2852 Mortes
1185 2824 1290 2860 singulo
1301 2832 1406 2859 quoque
1418 2824 1461 2852 die
1474 2824 1645 2852 imminentes
1667 2833 1681 2852 a
1706 2827 1760 2854 suis
1784 2827 1862 2856 etiam

1076 2872 1143 2908 ipsis
1155 2881 1162 2906 ;
1179 2876 1205 2899 et
1218 2876 1279 2899 ante
1290 2879 1409 2900 mensam
1422 2876 1449 2900 et
1461 2876 1522 2899 ante
1536 2876 1627 2907 potum
1643 2871 1678 2898 ob
1695 2874 1787 2901 oculos
1804 2882 1864 2902 vcr-

1643 2914 1682 2945 19
