4108 6410
415 280 521 338 295
1132 286 1191 344 8.
1229 286 1507 347 JOANNIS
1540 290 2019 350 CIIRYSOSTOMI
2061 292 2378 358 ARClﬂEP.
2406 305 2938 375 CONSTANTINOP.
3576 334 3687 393 296

414 409 565 453 satur
587 396 826 468 sangttis.
852 397 1023 456 Noctu
1052 416 1182 457 vero
1205 402 1309 458 dici
1338 419 1444 459 non
1471 414 1647 475 potest
1666 422 1825 473 quam
1847 421 1991 475 saepe

415 488 639 543 somniis
675 504 739 545 ac
780 489 911 546 visis
958 493 1174 548 excitati
1218 495 1522 564 prosiliant.
1567 497 1743 567 Atque
1778 499 1893 552 haec
1940 499 1995 553 in

415 598 546 651 pace
580 601 592 638 :
621 584 763 655 quod
816 585 860 640 si
908 586 1105 642 bellum
1159 589 1399 659 ingruat,
1433 605 1500 646 eo
1525 590 1695 661 magis
1734 591 1994 647 sollicitu-

413 672 565 727 dines
613 675 982 731 intenduntur.
1024 678 1161 745 Quid
1207 680 1366 749 igitur
1417 681 1507 736 tali
1560 683 1669 737 vita
1718 682 1995 738 miserabi-

413 765 514 821 lius
537 781 659 821 esse
700 769 913 836 potest?
938 771 1120 837 Qualia
1171 780 1348 827 autem
1387 788 1418 829 a
1454 775 1585 839 suis,
1614 774 1730 830 sive
1781 775 1845 830 iis
1898 777 1991 846 qui

409 858 512 912 sub
561 859 767 914 ditione
817 875 911 915 sua
966 871 1115 928 sunt,
1162 864 1469 933 patiuntur?
1525 865 1804 935 Etiamque
1845 876 1992 922 certe

408 962 639 1022 cognato
700 955 957 1022 sanguine
1018 954 1280 1010 redundat
1328 971 1539 1025 semper
1593 958 1771 1037 regale
1838 958 1989 1026 pavi-

409 1053 666 1099 mentum.
715 1045 793 1099 Ac
842 1044 886 1097 si
935 1045 1097 1099 vultis
1143 1048 1370 1102 narrabo
1411 1049 1571 1102 etiam
1618 1049 1893 1118 quaedam,
1934 1058 1989 1104 et

406 1134 634 1191 fortasse
670 1150 781 1190 rem
820 1138 890 1191 ita
936 1152 996 1191 se
1048 1138 1244 1193 habere
1289 1138 1632 1210 intelligetis:
1661 1155 1726 1194 ac
1776 1140 1989 1209 potissi-

404 1244 548 1284 mum
575 1230 788 1301 quidem
828 1239 1007 1286 vetera
1041 1230 1240 1299 dicam,
1266 1248 1387 1303 qua:
1429 1242 1605 1288 tamen
1647 1232 1819 1289 adhuc
1867 1248 1984 1288 me-

405 1321 571 1375 moria
627 1337 733 1377 non
770 1321 1112 1387 exciderunt,
1153 1324 1349 1393 quippe
1401 1338 1521 1394 quae
1570 1323 1766 1378 nostris
1812 1324 1986 1378 conti-

400 1427 531 1481 gere
559 1412 906 1483 temporibus.
937 1412 1186 1481 Quidam,
1214 1424 1273 1469 ut
1292 1415 1461 1478 aiunt,
1491 1430 1711 1470 uxorem
1734 1455 1750 1481 ,
1779 1414 1848 1469 de
1878 1430 1978 1469 cu-

394 1507 483 1573 jus
508 1504 773 1560 adulterio
797 1506 1191 1575 suspicabatur.
1221 1506 1415 1561 nudam
1435 1506 1669 1577 alligavit
1688 1506 1976 1571 montibus,

397 1613 462 1652 ac
491 1598 617 1653 feris
662 1600 942 1667 exposuit,
982 1600 1091 1667 jam
1136 1609 1361 1655 matrem
1409 1601 1509 1656 sibi
1558 1600 1750 1656 factam
1792 1617 1976 1670 regum

398 1692 708 1748 multorum.
740 1691 908 1759 Quam
954 1693 1100 1747 illttm
1157 1693 1356 1762 putatis
1395 1695 1558 1748 vitam
1599 1694 1840 1749 vixisse?
1867 1710 1976 1749 non

395 1784 538 1839 enim
568 1785 670 1839 nisi
704 1786 1007 1840 vehementi
1034 1786 1197 1839 animi
1230 1794 1376 1842 motu
1405 1786 1630 1853 ductus,
1657 1787 1725 1841 ad
1769 1797 1974 1842 tantum

393 1877 713 1949 supplicium
741 1878 1060 1933 sumendum
1086 1878 1480 1933 descendisset.
1522 1878 1622 1933 llic
1654 1894 1783 1933 vero
1831 1879 1972 1933 idem

391 1979 545 2025 suum
570 1970 738 2040 ipsius
766 1971 932 2025 tilium
970 1970 1235 2025 interfecit
1266 1970 1377 2043 (a);
1412 1971 1521 2027 imo
1544 1980 1598 2025 et
1626 1969 1783 2041 hujus
1810 1969 1975 2025 frater

390 2065 624 2133 seipsum
655 2080 777 2119 cum
801 2064 923 2119 filiis
943 2064 1074 2118 suis.
1106 2064 1300 2119 Fertur
1323 2073 1502 2119 autem
1535 2064 1623 2119 hic
1648 2073 1704 2119 et
1746 2063 1969 2119 fratrem

390 2158 556 2227 ipsius
584 2172 615 2212 e
639 2158 818 2212 medio
845 2156 1149 2213 sustulisse.
1176 2159 1350 2228 Atque
1371 2156 1457 2212 hic
1476 2157 1689 2228 quidem
1724 2157 1826 2212 sibi
1855 2157 1969 2227 ipse

386 2266 578 2305 manus
603 2251 782 2305 attulit
806 2266 836 2305 a
864 2260 1096 2322 tyranno
1124 2251 1585 2321 comprehensus;
1616 2251 1709 2307 ille
1731 2266 1860 2307 vero
1879 2267 1969 2306 so-

385 2342 596 2398 brinum
647 2358 800 2398 suum
853 2358 957 2398 una
1002 2357 1184 2397 secum
1230 2344 1543 2412 participem
1591 2344 1777 2413 regni,
1823 2344 1966 2414 quod

384 2437 499 2505 ipse
529 2434 603 2491 illi
634 2435 952 2490 tradiderat.
985 2434 1135 2488 Alius
1163 2444 1344 2489 autem
1369 2450 1599 2490 uxorem
1626 2435 1762 2490 vidit
1790 2436 1964 2490 medi-

379 2527 641 2583 camentis
665 2541 697 2580 e
726 2525 904 2581 medio
941 2525 1225 2580 sublatam.
1272 2525 1533 2591 Quoniam
1579 2526 1723 2581 enim
1774 2540 1964 2595 parcre

380 2616 600 2671 minime
634 2623 883 2686 poterat,
917 2616 1114 2670 mulier
1150 2615 1395 2685 qua-dam
1442 2614 1626 2670 infelix
1670 2625 1726 2671 et
1764 2617 1960 2671 misera

380 2705 603 2776 (infelix
625 2705 768 2761 enim
789 2715 846 2760 et
866 2706 1062 2760 misera
1091 2714 1195 2771 est,
1222 2721 1341 2776 qua:
1367 2706 1509 2777 quod
1538 2722 1569 2762 a
1599 2708 1709 2762 Deo
1749 2706 1960 2763 donan-

376 2797 503 2851 dum
546 2804 696 2861 erat,
742 2809 838 2850 sua
884 2809 945 2850 se
988 2795 1217 2851 credidit
1253 2796 1512 2866 sapientia
1560 2797 1954 2870 przestitnram)

378 2889 615 2959 praibitis
644 2889 1050 2943 medicamentis
1073 2896 1129 2942 et
1152 2887 1392 2958 reginam
1420 2889 1728 2954 interemit,
1755 2899 1811 2945 et
1841 2891 1956 2961 ipsa

372 2980 532 3033 simul
556 2978 781 3033 interiit.
812 2977 961 3033 Alius
987 2989 1166 3033 autem
1208 2988 1396 3049 postea
1447 2980 1748 3048 pharmacis
1788 2996 1955 3036 vene-

372 3073 512 3130 natis
531 3070 775 3126 sublatus
798 3079 917 3136 est;
941 3071 1298 3140 poculumque
1327 3070 1428 3140 ipsi
1458 3070 1558 3126 fuit
1589 3087 1697 3126 non
1716 3073 1824 3142 jam
1853 3089 1952 3143 po-

372 3171 478 3227 tus,
508 3161 604 3217 sed
634 3176 783 3216 mors
810 3178 825 3216 :
854 3171 908 3216 et
939 3162 1106 3231 ipsius
1143 3162 1303 3217 etiam
1346 3163 1456 3217 lilio
1498 3164 1686 3218 oculus
1727 3164 1954 3221 etl‘ossus

368 3261 483 3319 est,
532 3263 680 3308 metu
722 3253 998 3322 sequentis
1052 3253 1352 3323 temporis,
1414 3254 1573 3323 plane
1621 3255 1947 3312 immerenti.

370 3345 521 3399 Alius
547 3359 678 3399 vero
707 3357 807 3399 nec
831 3358 991 3414 quam
1022 3342 1093 3398 ob
1121 3358 1339 3399 causam
1358 3385 1372 3409 ,
1405 3360 1504 3400 nec
1531 3360 1691 3415 quam
1720 3347 1945 3402 misera-

367 3437 549 3492 biliter
572 3450 605 3491 e
631 3437 739 3491 vita
768 3436 1063 3493 excesserit
1094 3476 1110 3501 ,
1162 3451 1436 3506 exponere
1485 3437 1617 3492 satis
1666 3438 1948 3495 honestum

365 3539 467 3586 est.
499 3530 697 3587 Eorum
724 3545 855 3586 vero
886 3531 975 3601 qui
1004 3538 1398 3595 successerunt,
1426 3530 1563 3585 alter
1587 3532 1823 3602 quidem,
1857 3549 1950 3603 pe-

365 3624 520 3679 rinde
561 3632 722 3694 atque
771 3622 1014 3677 inﬁrmus
1060 3622 1280 3692 quidam
1322 3630 1379 3677 et
1416 3636 1751 3681 aerumnosus
1786 3624 1947 3681 homo

364 3724 543 3782 esset,
582 3714 895 3770 combustus
937 3721 1021 3769 est
1063 3728 1187 3768 cum
1212 3713 1366 3781 equis
1392 3723 1448 3769 et
1473 3716 1745 3783 trabibus,
1787 3726 1949 3772 ciete-

365 3812 549 3880 risque
579 3808 741 3863 rebus
771 3805 1058 3868 omnibus;
1090 3815 1145 3860 et
1172 3820 1397 3860 uxorem
1440 3805 1653 3861 viduam
1703 3808 1943 3877 reliquit.

362 3906 506 3970 Quas
526 3900 669 3955 enim
696 3898 969 3954 molestias
994 3897 1049 3951 in
1074 3897 1179 3951 vita
1201 3895 1468 3964 habuerit,
1502 3912 1570 3953 ne
1595 3897 1699 3953 dici
1726 3900 1941 3969 quidem

362 4002 558 4066 potest,
586 4006 717 4063 quas
744 4007 811 4047 ex
836 4005 903 4048 eo
930 4001 1189 4061 tempore,
1216 4006 1323 4061 quo
1344 4007 1494 4046 arma
1517 3995 1763 4064 sumpsit,
1788 3996 1941 4052 subi-

362 4104 421 4146 re
469 4095 689 4144 coactus
713 4093 816 4142 est.
848 4084 1002 4141 Alter
1024 4099 1173 4150 vero,
1203 4085 1293 4155 qui
1334 4100 1475 4141 nunc
1491 4101 1671 4143 rerum
1716 4089 1938 4159 potitur,

421 4242 495 4308 (μ)
516 4248 612 4308 Hoc
630 4239 740 4289 loco
761 4237 1129 4308 Chrysostomus
1149 4239 1311 4308 cades
1333 4245 1386 4289 et
1421 4247 1614 4304 strages
1650 4244 1697 4293 in
1719 4243 1939 4308 Impera.

358 4303 485 4355 toria
494 4303 602 4353 aula
625 4308 678 4368 et
698 4314 784 4368 sua
808 4309 861 4351 et
878 4306 1065 4368 patrum
1087 4304 1319 4351 memoria
1343 4303 1562 4368 peractas
1584 4303 1833 4368 recensei,
1848 4311 1939 4360 sed

359 4376 413 4416 ut
436 4378 632 4415 rumore
654 4365 923 4423 ferebatur,
945 4365 1028 4425 qui
1050 4376 1215 4412 rumor
1235 4377 1369 4426 sazpe
1400 4377 1428 4413 a
1450 4366 1525 4414 rei
1551 4368 1760 4417 veritate
1780 4365 1938 4421 delle-

360 4436 497 4477 itere
519 4426 665 4493 solet:
692 4426 869 4493 Tacitis
912 4437 1058 4487 porro
1100 4426 1391 4493 nominibus,
1416 4426 1767 4493 Imperatornm
1795 4440 1935 4493 gesta

357 4497 608 4551 mentorat.
634 4488 724 4546 Qui
746 4486 929 4551 primus
949 4494 1113 4551 autem
1140 4486 1356 4551 affertur,
1376 4486 1581 4551 uxorem
1608 4498 1659 4539 et
1676 4486 1825 4540 filiuni
1848 4509 1937 4544 ne-

359 4550 401 4617 ci
427 4552 633 4617 indidit,
660 4551 703 4600 is
726 4548 804 4600 est
824 4548 950 4597 haud
982 4548 1133 4617 dubie
1154 4548 1495 4600 Constantinus
1516 4550 1749 4617 Liagnus,
1771 4557 1852 4617 qui
1876 4557 1934 4606 li-

356 4610 473 4685 lium
502 4614 739 4685 Crispum,
754 4620 813 4685 et
833 4617 1000 4673 postea
1034 4610 1498 4685 lfaustamuurxprem
1532 4610 1757 4685 interfici
1768 4610 1929 4685 jussit.

357 4672 397 4723 F
400 4677 499 4724 eris
522 4672 847 4737 illamnudaiii
868 4673 1158 4737 exposuisse
1180 4673 1299 4737 dicit
1321 4672 1705 4737 Chrysostomus.
1726 4672 1825 4726 Sed
1850 4679 1930 4730 alii

355 4738 617 4798 sci-ignores
637 4734 766 4798 illam
789 4736 838 4783 in
861 4733 1161 4798 ferventiore
1183 4733 1359 4798 balneo
1378 4733 1626 4794 inclusam,
1646 4738 1781 4798 jussu
1805 4741 1931 4792 Con-

353 4793 549 4847 stantini
573 4793 847 4859 sulfomtam
863 4796 1011 4859 fuisse
1032 4805 1243 4846 narrant.
1262 4795 1383 4845 Rem
1396 4800 1464 4845 uti
1484 4806 1624 4859 gesta
1647 4793 1737 4850 fuit
1761 4804 1931 4855 videre

354 4864 434 4907 est
453 4859 579 4933 apud
617 4857 890 4933 geriptores
911 4856 1172 4933 plurimos,
1193 4860 1466 4933 accuratius
1489 4856 1607 4932 vero
1626 4863 1751 4923 apud
1787 4865 1931 4916 'rille-

353 4918 604 4969 momium.
626 4918 895 4982 Sequenda
912 4918 1139 4982 nec_cttm
1157 4920 1355 4969 historia
1377 4934 1509 4979 vera,
1536 4924 1630 4971 imo
1647 4918 1740 4973 nec
1760 4938 1928 4979 secum

350 4994 454 5043 ipsa
476 4980 744 5050 consistere
766 4986 981 5050 possunt:
1010 4980 1065 5050 id
1087 4995 1222 5050 vero
1264 4982 1629 5050 narrarehvelle
1650 4984 1928 5050 Chrysoslo-

352 5041 462 5094 mus
485 5041 706 5101 videtur;
727 5041 906 5104 nempe
933 5041 1101 5104 ⁸(Σιπίδςιιί
1136 5042 1361 5101 fratrem,
1385 5042 1575 5095 scilicet
1596 5041 1938 5103 Constantium.

350 5106 645 5169 Augustum,
665 5104 815 5169 patris
829 5101 903 5153 sui
926 5101 1125 5169 fratrem
1145 5104 1327 5169 iulium
1348 5104 1712 5169 Constantium,
1734 5119 1785 5160 et
1807 5101 1927 5164 tilias

350 5164 461 5231 ejus
480 5164 769 5231 Dalmatium
789 5172 841 5216 et
862 5164 1221 5231 Annibalianum
1263 5166 1467 5216 interfici
1489 5164 1754 5231 curavisse.
1768 5173 1827 5222 Hi
1854 5184 1928 5226 et-

351 5226 482 5301 enim
503 5243 532 5279 a
553 5228 787 5301 militibus
979 5226 1264 5301 fuere,et‘ut
1285 5229 1597 5301 quorumdam
1621 5231 1728 5301 f_cr_t_
1737 5236 1922 5301 opinio,

348 5292 615 5355 instigante
636 5289 915 5355 Constantio
926 5288 1158 5349 Augusto,
1177 5288 1652 5355 Constantini_Magui
1685 5288 1797 5344 ﬁlio.
1825 5288 1925 5347 Ad;

344 5355 417 5420 itit
440 5351 608 5420 ιιρειφα
637 5352 839 5420 fratrem
872 5352 991 5420 ejus
1008 5365 1037 5399 a
1060 5357 1258 5420 tyranno
1277 5351 1679 5420 comprehenSum
1707 5360 1923 5420 Seipsum

345 5411 672 5464 interfecisse.
696 5411 935 5462 Nimirum
959 5411 1192 5461 Constans
1232 5411 1482 5473 Auguétus
1502 5449 1514 5472 ,
1542 5411 1803 5468 Constantii
1828 5411 1925 5472 fraé

345 5487 442 5536 ter,
467 5489 495 5525 a
517 5484 719 5539 tyranno
756 5474 1054 5535 Magnentio,
1079 5475 1160 5536 qui
1185 5475 1440 5534 imperium
1473 5489 1809 5586 usutipaverat,
1839 5486 1920 5534 vel

347 5539 506 5586 totius
534 5551 563 5586 a
595 5536 757 5586 leto
777 5538 927 5586 iusius
958 5536 1339 5586 comprehensus
1360 5539 1549 5586 occisus
1597 5542 1665 5586 uit.
1690 5556 1703 5583 :
1727 5556 1824 5586 uno
1840 5559 1920 5586 nn.

345 5539 506 5601 totius
534 5536 563 5588 ᾖ
595 5536 927 5601 ιθμιρίὶρεὶυε
958 5536 1339 5601 comprehensus
1360 5539 1549 5601 occisus
1577 5536 1665 5588 fuit.
1690 5556 1703 5583 :
1727 5536 1824 5593 uno
1840 5559 1923 5596 au-

346 5597 449 5664 tent
487 5597 1081 5664 cxcepfo_Cltr)‘S()_stonio,
1103 5597 1264 5646 nullus
1285 5598 1401 5664 dicit
1426 5600 1579 5664 ipsum
1602 5616 1816 5664 seipsum
1842 5609 1916 5656 in~

345 5659 629 5711 torfecissc.‘
661 5659 853 5722 Adjicit,
890 5660 1044 5721 ipsum
1071 5671 1268 5722 nempe
1305 5659 1632 5711 Constantium
1667 5659 1914 5717 sobrinum

342 5736 484 5775 suum
504 5721 753 5773 occidisse.
780 5722 828 5772 Is
851 5734 958 5772 erat
979 5721 1160 5778 Gallus.
1172 5723 1254 5784 qui
1278 5734 1305 5770 a
1328 5722 1605 5778 Constantio
1618 5741 1815 5780 consors
1826 5730 1921 5782 ιω-

350 5785 471 5849 terti
493 5785 663 5847 factus,
685 5784 793 5848 eius
807 5797 946 5848 pssu
961 5798 1084 5836 anno
1107 5784 1200 5837 545
1220 5785 1405 5838 occisus
1425 5796 1519 5839 est.

2102 423 2281 467 nonne
2311 430 2375 471 ex
2414 435 2519 489 quo
2544 423 2786 481 diadema
2819 443 3020 502 gestat,
3054 447 3311 506 perpetuo
3353 454 3597 501 versatur
3632 451 3686 503 in

2102 500 2395 605 laboribus.
2421 509 2472 563 in
2501 514 2770 583 periculis,
2800 500 2852 574 ii.
2883 500 3175 593 molestiis,
3219 531 3273 585 in
3319 500 3681 605 tumoribus,

2102 589 2155 645 in
2182 595 2621 695 calamitatibus,
2653 606 2706 661 in
2733 610 2944 668 insidiis
2971 589 3182 687 (mai
3223 637 3329 677 non
3376 589 3683 695 ininsula}

2099 685 2355 788 czelorum
2385 706 2646 788 regnum;
2674 700 2767 754 sed
2812 685 3092 776 pomquam
3131 709 3306 779 ipsum
3344 685 3680 788 obtinueris,

2100 786 2220 879 pax,
2250 778 2379 879 vita,
2408 785 2678 879 gaudium,
2712 790 2913 847 laetitia.
2947 778 3214 856 Caeterum
3246 808 3388 874 quod
3412 778 3678 879 dicebam,

2097 866 2241 921 nulla
2272 867 2359 925 hic
2385 873 2489 929 vita
2538 888 2629 931 est
2660 895 3019 941 aerumnarum
3067 866 3281 959 expers:
3327 896 3479 963 Quod
3524 900 3569 954 si
3623 866 3677 957 in

2094 959 2254 1055 rebus
2272 963 2432 1019 etiam
2460 968 2684 1035 publicis
2701 975 2895 1043 regalis
2917 978 3001 1031 illa
3021 983 3276 1045 conditio.
3294 959 3415 1055 quae
3435 991 3673 1047 omnium

2093 1050 2403 1111 beatissima
2438 1060 2669 1127 videtur,
2702 1073 2779 1119 tot
2799 1069 3061 1126 redundat
3085 1050 3477 1135 calamitatibus
3507 1084 3673 1152 :quid

2091 1152 2245 1213 putas
2274 1148 2324 1202 in
2355 1150 2575 1219 privatis
2614 1169 2677 1211 ac
2721 1157 3069 1217 domesticis?
3110 1166 3358 1225 Profecto
3398 1186 3530 1243 quot
3564 1148 3671 1232 alia

2089 1235 2226 1290 mala
2253 1240 2553 1309 exsistant,
2582 1260 2651 1299 ne
2686 1246 2790 1303 dici
2828 1252 3042 1322 quidem
3085 1267 3299 1325 potest:
3332 1235 3515 1317 multa:
3544 1264 3670 1322 hinc

2087 1340 2231 1425 Siepe
2273 1331 2467 1387 fabulas
2508 1341 2819 1407 compositae
2848 1355 3006 1402 sunt:
3036 1362 3223 1403 omnes
3253 1349 3367 1405 fere
3398 1357 3668 1425 tragoediae

2085 1426 2139 1471 et
2162 1418 2375 1487 fabulae,
2398 1440 2517 1493 quae
2537 1431 2833 1497 agunturin
2861 1447 3042 1501 scena,
3073 1453 3140 1492 ex
3170 1442 3384 1510 regibus
3403 1418 3668 1503 contexta

2083 1521 2227 1565 sunt.
2262 1513 2522 1586 Pleraque
2551 1521 2713 1587 enim,
2748 1538 2866 1593 quae
2894 1527 2946 1580 in
2974 1526 3166 1585 fabulis
3191 1546 3661 1606 repriesentantur,

2081 1615 2146 1696 ex
2177 1605 2317 1659 veris
2343 1607 2505 1662 rebus
2531 1622 2779 1669 constant
2807 1632 2821 1669 :
2849 1617 2919 1671 ita
2950 1622 3092 1674 enim
3119 1629 3175 1676 et
3192 1624 3521 1696 voluptatein
3569 1629 3664 1684 ha-

2081 1686 2257 1748 bent:
2286 1697 2472 1789 qualia
2524 1699 2788 1772 Thyestea
2836 1712 3079 1765 convivia
3127 1712 3242 1786 (ὁ),
3287 1686 3344 1771 οἱ
3393 1724 3664 1789 quomodo

2078 1788 2254 1842 omnis
2283 1788 2372 1845 illa
2401 1790 2596 1849 domus
2619 1796 3013 1856 calamitatibus
3034 1818 3224 1861 eversa
3245 1817 3349 1863 est.

2149 1880 2203 1936 6.
2394 1885 2508 1942 llaec
2531 1888 2746 1958 quidem
2768 1907 2833 1946 ex
2860 1895 3193 1954 ethnicorum
3229 1902 3379 1960 libris
3406 1912 3661 1979 cognovi-

2076 1984 2216 2026 mus.
2254 1972 2447 2030 Verum
2486 1979 2532 2034 si
2577 1982 2771 2050 vultis,
2813 1981 3115 2055 Scripturas
3153 1993 3338 2063 etiam,
3369 1972 3499 2069 qua;
3519 2002 3657 2059 idem

2073 2063 2336 2134 doceant,
2375 2071 2729 2139 proferemus.
2779 2078 2908 2133 Saul
2948 2082 3149 2149 primus
3171 2063 3416 2157 regnavit
3445 2108 3458 2145 :
3488 2097 3658 2152 nostis

2072 2166 2250 2212 autem
2271 2168 2326 2214 et
2352 2160 2494 2217 hunc
2514 2169 2785 2223 sexcentis
2809 2186 3058 2240 pressum
3080 2179 3334 2233 aerumnis
3364 2181 3653 2242 interiisse.

2072 2247 2200 2342 Post
2227 2250 2379 2307 illum
2408 2255 2595 2321 David,
2622 2260 2900 2331 Salomon,
2932 2266 3097 2322 Abias
3116 2310 3133 2336 ,
3161 2269 3448 2342 Ezechias,
3480 2276 3654 2334 .losias

2069 2340 2253 2397 itidem
2284 2345 2467 2401 multis
2488 2350 2660 2406 modis
2687 2357 2886 2409 vexati.
2907 2355 3017 2413 Nec
3054 2362 3276 2419 omnino
3321 2340 3494 2435 potest
3536 2369 3653 2426 haec

2067 2434 2174 2488 vita
2204 2436 2321 2491 sine
2341 2437 2643 2508 laboribus,
2666 2445 2784 2501 sine
2825 2451 3142 2519 aegritudine
3166 2497 3182 2521 ,
3235 2457 3353 2514 sine
3395 2467 3652 2521 (erumnis

2066 2527 2210 2584 duci.
2242 2529 2350 2585 Sed
2374 2547 2471 2587 nos
2499 2536 2659 2591 etiam
2693 2540 2955 2597 molestiis
2982 2544 3250 2602 afﬁcimur
3270 2590 3285 2613 ,
3321 2567 3425 2607 non
3456 2553 3646 2611 iisdem

2066 2632 2131 2710 ex
2174 2619 2334 2676 rebus
2374 2637 2439 2677 ex
2474 2627 2665 2695 quibus
2705 2645 2859 2701 reges
2882 2672 2897 2696 ,
2923 2634 3017 2689 sed
3041 2637 3181 2693 unde
3202 2655 3453 2710 magnum
3485 2648 3646 2703 etiam

2063 2708 2240 2765 facere
2256 2727 2536 2782 possumus
2553 2730 2811 2789 quaestum
2839 2740 2852 2778 :
2884 2725 3014 2793 ρυω
3031 2731 3161 2783 enim
3183 2737 3457 2790 secundum
3478 2737 3645 2796 Deum

2063 2804 2269 2858 tristitia
2296 2818 2398 2873 est,
2433 2813 2774 2880 prenitentiam
2812 2816 2865 2871 in
2902 2820 3116 2875 salutem
3136 2826 3363 2881 stabilem
3405 2845 3646 2900 operatur

2188 2896 2309 2995 tier.
2420 2900 2546 2973 10).
2576 2903 2680 2959 Pro
2716 2904 2799 2960 his
2826 2910 2986 2964 rebus
3011 2916 3344 2973 mterendum
3373 2894 3455 2977 est
3477 2961 3493 2988 ,
3545 2941 3644 2995 pro

2060 2985 2143 3039 his
2168 2985 2458 3044 dolendum
2484 3032 2499 3054 ,
2531 3007 2630 3061 pro
2680 2996 2762 3050 his
2808 3001 3066 3069 aegritudo
3117 2985 3518 3080 suscipienda:
3545 2985 3639 3073 ’ἱιει

2059 3079 2320 3172 mmrcbat
2344 3080 2563 3150 Paulus,
2590 3086 2658 3140 ita
2687 3086 2900 3158 lugebat
2922 3108 3018 3159 pro
3042 3096 3105 3150 iis
3129 3137 3145 3163 ,
3172 3100 3259 3168 qui
3301 3105 3593 3172 peccabant
3624 3123 3640 3162 :

2056 3167 2143 3222 Ex
2168 3174 2331 3225 multa
2357 3175 2511 3239 enim,
2537 3177 2729 3248 inquit,
2760 3183 3085 3241 tribulatione
3108 3199 3157 3242 et
3197 3167 3433 3263 angustia
3470 3200 3643 3254 cordis

2054 3263 2235 3333 scripsi
2254 3266 2388 3320 vobis
2417 3285 2508 3338 per
2534 3272 2720 3327 multas
2749 3273 3001 3346 lacrymas
3035 3279 3127 3350 (2.
3167 3282 3287 3340 Cor.
3309 3284 3362 3340 2.
3388 3288 3422 3342 4
3439 3290 3479 3361 ).
3502 3292 3635 3350 Nam

2054 3355 2269 3421 quando
2304 3357 2433 3411 nihil
2470 3369 2587 3415 erat
2611 3401 2627 3425 ,
2658 3377 2756 3417 cur
2794 3380 2892 3435 pro
2927 3370 3042 3425 suis
3064 3372 3289 3443 Ingeret,
3319 3392 3417 3448 pro
3439 3355 3634 3440 alienis

2056 3442 2157 3499 hoc
2183 3443 2442 3501 faciebat:
2471 3452 2553 3504 vel
2584 3454 2762 3523 potius
2784 3467 3041 3525 quantum
3071 3462 3137 3517 ad
3165 3442 3360 3522 luctum
3385 3469 3635 3530 haurien-

2052 3532 2178 3623 dum
2212 3539 2461 3604 pertinet,
2493 3544 2703 3612 prepria
2728 3545 2813 3601 illa
2840 3547 3089 3608 ducebat.
3110 3555 3304 3612 Caneri
3328 3560 3632 3623 incidebant

2053 3620 2104 3676 in
2130 3626 2463 3691 scandalum.
2497 3639 2552 3686 et
2573 3633 2685 3702 ipse
2715 3637 3010 3695 urebatur:
3043 3646 3223 3700 caueri
3265 3620 3627 3720 languebant,

2050 3714 2336 3786 languebat
2360 3728 2416 3775 et
2445 3720 2580 3791 ipse.
2609 3724 2754 3781 Bona
2780 3737 2864 3783 est
2892 3729 3008 3788 haec
3031 3736 3322 3805 aegritudo;
3356 3714 3469 3797 haec
3484 3714 3629 3804 omni

2049 3810 2320 3867 mundano
2342 3816 2537 3884 gaudio
2556 3820 2754 3888 potior.
2788 3822 2922 3878 Eum
2940 3827 3029 3896 qui
3056 3827 3124 3881 ita
3154 3828 3351 3901 lugeat,
3377 3839 3629 3897 omnibus

2048 3917 2149 3971 ego
2184 3902 2491 3963 hominibus
2522 3924 2776 3980 praepono
2807 3931 2822 3967 :
2849 3922 3008 3984 atque
3030 3918 3167 3976 adeo
3193 3923 3307 3992 ipse
3330 3927 3493 3983 etiam
3523 3931 3629 3985 Do-

2047 3996 2225 4051 minus
2262 3998 2360 4053 hos
2386 3999 2571 4057 beatos
2602 4004 2889 4075 prmdicat,
2936 4008 3037 4065 hos
3064 4013 3154 4082 qui
3192 4016 3427 4073 alienum
3466 4020 3624 4078 dolo-

2044 4103 2157 4144 rem
2181 4100 2237 4144 ut
2265 4092 2366 4146 sibi
2386 4107 2723 4150 communem
2748 4096 2948 4167 lugent.
2972 4100 3087 4157 Non
3113 4119 3263 4175 teque
3283 4123 3385 4179 ego
3401 4110 3622 4171 Paulum

2042 4184 2112 4237 ob
2138 4182 2372 4251 pericula
2394 4185 2536 4239 adita
2560 4186 2757 4253 miror;
2789 4188 2896 4245 imo
2925 4206 3031 4247 non
3060 4196 3236 4253 minus
3261 4201 3429 4256 miror
3446 4204 3516 4260 ob
3534 4207 3622 4263 illa

2043 4274 2157 4344 ipsa
2200 4276 2473 4344 pericula,
2515 4277 2567 4331 in
2607 4278 2800 4348 quibus
2843 4283 3085 4352 quotidie
3126 4293 3618 4364 commoriebatur,

2042 4366 2137 4421 sed
2162 4367 2263 4421 hoc
2292 4383 2379 4424 me
2405 4370 2573 4440 magis
2595 4370 2795 4427 evehit.
2818 4374 2900 4429 Ab
2920 4376 3098 4433 anima
3121 4381 3263 4436 enim
3289 4382 3386 4440 Dei
3407 4399 3621 4447 amanto

2004 4540 2059 4623 ,ηῖῌ
2089 4548 2173 4623 ,(ιρ
2195 4546 2332 4623 ουοε]
2356 4547 2436 4597 hic
2456 4545 2671 4623 narravit
3083 4559 3241 4609 tacitis
3262 4572 3351 4623 pro
3372 4577 3511 4617 more
3534 4583 3621 4619 no-

2034 4609 2266 4682 minibus,
2285 4610 2349 4659 de
2372 4624 2540 4682 uxore"
2550 4611 2754 4682 Augusti
2777 4609 3042 4682 cujusdam,
3056 4609 3177 4682 'qute
3204 4609 3517 4678 sterilis-cum

2034 4679 2130 4731 set,
2149 4673 2415 4753 pharmggis
2436 4673 2492 4721 ad
2516 4672 2878 4753 facunditatem
2901 4672 3212 4753 obtinendam
3234 4698 3321 4753 usa
3348 4672 3615 4753 Eafa);-

2034 4747 2262 4807 que-cum
2305 4734 2389 4807 illa
2428 4737 2625 4807 pariter,
2647 4748 2760 4807 quae
2784 4738 3034 4807 pharmaca
3056 4743 3278 4807 dederat,
3304 4734 3616 4804 int—eriit'i'de

2032 4798 2129 4875 alio
2152 4798 2519 4875 itctnmdugust'o
2538 4833 2552 4856 ,
2576 4799 2659 4875 qui
2682 4798 3244 4875 venenatispharmacis
3263 4798 3486 4875 sublatus
3506 4798 3614 4875 tist

2035 4868 2087 4908 et
2108 4862 2246 4943 clujus
2267 4859 2362 4943 lilio
2381 4858 2554 4943 ﬁgulus
2578 4858 2782 4908 effossus
2803 4861 2918 4937 fuit;
2943 4858 3108 4943 deque
3129 4866 3241 4925 alio,
3278 4858 3361 4943 qui
3405 4858 3614 4925 ἰδεῖεῶῐό

2035 4921 2180 4991 modo
2205 4923 2351 4991 periit
2377 4936 2389 4970 :
2412 4921 2510 4991 illa,
2534 4923 2747 4991 inquam,
2769 4921 2926 4991 omnia
2950 4927 3008 4975 ad
3025 4921 3167 4991 'quos
3188 4921 3611 4991 pertineantnu—n:

2032 4983 2353 5059 dum-assequi
2378 4986 2524 5059 potui.
2541 4984 2678 5042 Quod
2693 4997 2811 5059 vero
2820 4989 3016 5059 subjicit
3030 4983 3094 5038 d'e
3116 4983 3211 5039 alio
3231 4995 3317 5059 qui
3325 5007 3435 5059 cum

2034 5046 2249 5112 trabibus
2270 5046 2805 5112 owterisque‘omuibus
2825 5046 3105 5100 combustus
3128 5061 3204 5101 est
3222 5046 3318 5112 {ad
3352 5046 3609 5112 Valen'teui

2034 5108 2301 5178 Augustum
2324 5108 2529 5170 Spectat.
2545 5109 2783 5178 Quicum,
2804 5111 2851 5159 in
2876 5124 3037 5178 pugna
3057 5108 3511 5178 liadt-ianopolitana
3533 5108 3605 5169 vi:

2032 5178 2155 5240 ctus,
2184 5172 2231 5219 in
2253 5170 2447 5240 domum
2478 5170 2733 5233 quamdam
2759 5186 2827 5240 se.
2859 5170 3432 5240 recepissencum'ipsa
3461 5180 3607 5233 domo

2032 5231 2080 5280 in
2114 5232 2311 5306 cineres
2348 5231 2573 5306 redactus
2610 5240 2703 5306 esti.
2739 5233 2890 5306 Quod
2920 5231 3035 5306 dicit
3070 5231 3262 5286 tandem
3306 5231 3370 5306 de
3406 5239 3488 5290 illo
3520 5231 3605 5306 qui

2032 5300 2145 5360 tunc
2177 5294 2443 5360 imperabat
2478 5295 2496 5353 (
2523 5295 2564 5360 is
2591 5300 2704 5360 erat
2727 5297 3002 5360 Arcadius),
3031 5312 3202 5348 verum
3237 5302 3436 5352 omnino
3472 5294 3605 5354 com;

2030 5357 2256 5417 probatur
2280 5368 2346 5404 ex
2367 5356 2564 5406 historia
2589 5355 2718 5405 illius
2737 5360 2846 5407 mvi.

2091 5417 2162 5487 (ὁ)
2198 5418 2335 5487 Apud
2368 5426 2538 5487 poetas
2571 5426 2622 5466 et
2654 5419 2955 5487 mythologos
2978 5419 3265 5487 celebratur
3288 5424 3600 5487 _Thycsteum

2027 5482 2317 5530 convivium.
2336 5480 2570 5542 Thyestes
2590 5480 2723 5527 enim
2747 5480 2944 5542 Pelopis
2974 5481 3113 5541 ﬁlius,
3140 5497 3249 5532 cum
3271 5480 3408 5535 Atréi
3441 5488 3601 5541 fratris

2024 5555 2183 5613 uxore
2206 5543 2465 5613 concubuit
2490 5554 2503 5613 ξ
2527 5542 2709 5613 Atreus
2731 5555 2850 5592 vero
2871 5545 3045 5613 proprii
3071 5545 3356 5613 ﬁlii__carues
3377 5548 3598 5613 ’t‘hycstze

2020 5604 2073 5667 in
2109 5604 2277 5666 epulas
2307 5604 2766 5667 apposuitaSimiles
2788 5605 2957 5667 epulas
2979 5613 3031 5655 et
3051 5610 3294 5667 OEdipeos
3324 5604 3599 5665 concitbitus

2017 5664 2307 5735 Christianis
2330 5664 2511 5735 ethnici
2544 5664 2665 5735 falso
2686 5664 2981 5735 objiciebant
3000 5702 3014 5725 ,
3035 5678 3089 5735 ut
3103 5664 3280 5735 videas
3300 5673 3426 5735 apud
3450 5664 3599 5725 Iusti;

2022 5742 2135 5776 num
2160 5729 2450 5792 Martyrem,
2484 5728 2870 5792 Athenagoram,
2901 5731 3217 5792 't'lteopbilum
3237 5728 3597 5791 Antiochenam

2008 5801 2076 5843 ct
2095 5791 2457 5844 't‘ertulliauutu.
