4108 6410
412 424 521 483 295

416 542 508 612 μεῐ
525 538 627 610 τὴν
658 534 922 607 κεφαλὴν,
951 533 1027 599 ὡς
1054 532 1152 604 τὴν
1176 532 1353 604 ψυχὴν
1374 534 1408 603 ἡ
1439 532 1661 604 φροντίς
1684 548 1697 563 ο
1733 530 1869 602 μηδέ
1907 530 1988 591 είς

412 632 476 685 τὸ
526 630 637 684 τῶν
670 628 986 699 δορυφόρων
1039 626 1245 694 πλῆθος
1278 626 1431 700 ἴδῃς,
1486 624 1603 679 ἀλλ’
1654 624 1736 685 εἰς
1772 621 1835 675 τὸ
1880 620 1990 673 τῶν

414 722 664 794 ἀθυμιῶν
696 720 901 792 πλῆθος
931 736 945 750 ο
992 720 1113 774 οὐδὲ
1141 719 1249 790 γάρ
1291 720 1438 773 ἐστιν
1489 717 1763 788 ἰδιωτικὴν
1811 714 1991 769 οἰκίαν

414 814 595 885 εὑρεῖν
622 812 895 867 τοσούτων
922 809 1203 881 γέμουσαν
1233 808 1551 878 φροντίδων,
1582 808 1721 860 ὅσων
1746 805 1814 859 τὰ
1847 804 1991 875 βασί-

414 906 554 960 λεια.
584 904 816 958 Θάνατοι
860 903 981 956 καθ’
1027 902 1265 972 ἐκάστην
1303 901 1518 971 ἡμέραν
1549 897 1989 969 προσδοκώμενον.

417 997 547 1068 παρ’
593 996 780 1059 αὐτοῖς
808 993 1038 1056 τούτοις,
1088 993 1182 1046 καὶ
1210 991 1315 1063 1:96
1337 991 1437 1061 τῆς
1464 988 1740 1061 τραπέζης
1760 987 1822 1040 :6
1851 982 1991 1055 αἷμα

415 1089 630 1159 δρᾶται,
672 1086 767 1141 καὶ
800 1084 906 1155 πρὸ
944 1083 1037 1137 τοῦ
1082 1082 1271 1136 ποτοῦ.
1336 1081 1424 1135 Ἐν
1450 1081 1509 1134 δέ
1545 1082 1665 1143 ταῖς
1695 1078 1845 1145 νυξὶν
1870 1078 1991 1131 οὐδὲ

417 1180 590 1232 εἰπεῖν
638 1177 788 1230 ἐστιν
838 1174 1030 1238 ὁσάκις
1072 1173 1324 1228 ἀλλονται
1368 1172 1462 1225 καὶ
1510 1169 1829 1241 ἀναπηδῶσι
1865 1186 1993 1236 φαν-

414 1269 777 1338 τασιούμενοι.
806 1266 915 1321 Kal
938 1266 1109 1319 :a6:a
1132 1264 1198 1335 δὴ
1226 1266 1283 1318 ἐν
1324 1262 1549 1336 εἰρήνῃ·
1597 1262 1647 1314 εί
1670 1261 1729 1314 δέ
1754 1260 1991 1329 πόλεμος

417 1359 749 1423 καταλάϐοι,
798 1358 879 1412 ἐτι
915 1356 987 1411 τά
1035 1356 1145 1409 τῶν
1189 1354 1485 1426 φροντίδων
1522 1353 1871 1407 ἐπιτείνεται.
1925 1351 1991 1403 Τί

416 1454 594 1510 τοίνυν
632 1452 729 1507 τοῦ
773 1451 889 1523 βίου
929 1449 1115 1504 τούτου
1140 1447 1500 1519 ἐλεεινότερον
1529 1447 1723 1515 γένοιτ’
1764 1445 1869 1510 ἀν;
1910 1444 1992 1498 Τά

418 1542 474 1595 δέ
519 1540 671 1614 παρά
695 1541 803 1594 τῶν
846 1539 1061 1593 οἰκείων
1103 1539 1244 1603 ὄσα;
1302 1538 1409 1590 τῶν
1462 1535 1783 1607 ἀρχομένων
1822 1534 1987 1603 λέγω.

431 1635 487 1686 ’Δ
497 1634 647 1704 μέλει
672 1635 764 1687 καί
792 1630 1125 1701 συγγενικῶν
1143 1630 1390 1702 αἱμάτων
1427 1630 1515 1683 ἀεὶ
1535 1630 1692 1699 γέμει
1719 1628 1779 1682 τὸ
1799 1628 1992 1696 ἔδαφος

420 1728 481 1781 :6
514 1726 811 1798 βασιλικόν.
837 1726 966 1792 Kal,
994 1726 1043 1780 εἰ
1075 1723 1353 1796 βούλεσθε,
1378 1722 1501 1776 τινὰ
1525 1723 1619 1777 καὶ
1639 1723 1990 1793 διηγήσομαι,

422 1820 516 1873 καὶ
545 1819 686 1888 τάχα
717 1816 1089 1886 ἐπιγνώσεσθε
1128 1817 1212 1870 ὃτι
1242 1815 1416 1879 οὓτως
1445 1814 1585 1884 ἔχει’
1622 1814 1859 1885 μάλιστα
1892 1813 1992 1883 μέν

422 1910 517 1962 καὶ
553 1909 622 1963 τά
660 1907 866 1963 παλαιά
897 1907 1027 1979 ἐρῶ,
1071 1906 1208 1978 πλὴν
1234 1906 1352 1961 ἀλλ’
1390 1906 1538 1973 ὅμως
1577 1904 1656 1957 ἐτι
1693 1905 1759 1974 τῇ
1805 1905 1993 1973 μνήμῃ

422 2001 819 2071 φυλαττόμενα,
856 1999 951 2055 άτε
994 2000 1089 2053 καὶ
1133 1999 1227 2052 ἐπὶ
1257 1997 1365 2051 τῶν
1403 1997 1611 2068 χρόνων
1660 1992 1810 2067 [518]
1843 1994 1996 2062 γενό-

427 2110 564 2163 μενα
617 2092 726 2145 τῶν
767 2091 1071 2163 ἡμετέρων.
1118 2090 1175 2144 Ὀ
1222 2089 1393 2154 δεῖνα,
1442 2088 1597 2158 φησί,
1631 2086 1732 2158 τὴν
1763 2088 1996 2155 γυναῖκα

425 2185 771 2249 ὑποπτεύσας
818 2185 910 2238 ἐπὶ
940 2182 1173 2255 μοιχείᾳ,
1210 2179 1427 2253 γυμνὴν
1453 2178 1788 2252 προσέδησεν
1819 2178 1994 2249 ὄρεσι,

425 2278 519 2331 καὶ
550 2275 758 2347 θηρίοις
799 2274 1082 2341 ἐξέδωκεν,
1118 2274 1219 2346 ήδη
1253 2273 1464 2344 μητέρα
1500 2270 1800 2341 γενομένην
1847 2270 1998 2340 αὑτῷ

427 2366 694 2438 βασιλέων
721 2365 952 2420 πολλῶν.
997 2365 1129 2418 Οἴαν
1151 2364 1327 2417 οἴεσθε
1350 2362 1496 2434 ζωὴν
1526 2362 1626 2433 ζῇν
1650 2363 1855 2415 ἐκεῖνον
1881 2377 1896 2426 ;
1935 2360 1997 2413 06

427 2460 536 2529 γὰρ
583 2458 683 2522 ἂν,
735 2458 784 2512 εἰ
837 2458 913 2529 μὴ
965 2456 1167 2528 σφόδρα
1218 2455 1497 2524 κατετάκη
1546 2452 1625 2524 τῷ
1669 2452 1866 2514 πάθει,
1917 2453 1999 2514 είς

428 2550 694 2621 τοσαύτην
717 2550 876 2621 ἐξέϐη
895 2549 1186 2621 τιμωρίαν.
1228 2548 1287 2602 'U
1310 2548 1471 2612 αὐτὸς
1493 2547 1557 2619 δὴ
1583 2540 1734 2610 οὗτος
1766 2545 1857 2599 τὸν
1885 2544 2000 2597 υἰὸν

428 2640 710 2711 ἀπέσφαξε
754 2642 845 2695 τὸν
887 2640 1051 2695 αὑτοῦ
1076 2655 1090 2669 ·
1124 2639 1325 2711 μᾶλλον
1369 2639 1427 2693 δέ
1476 2640 1505 2692 6
1536 2637 1728 2691 τούτου
1773 2633 1999 2703 ἀδελφὸς

429 2736 620 2789 ἑαυτὸν
660 2735 799 2807 μετά
834 2733 942 2787 τῶν
988 2732 1194 2787 παίδων
1219 2730 1405 2785 αὐτοῦ.
1454 2728 1765 2799 Λέγεταιδέ
1794 2726 2000 2781 καὶτὸν

428 2828 655 2897 ἀδελφὸν
671 2822 825 2886 οὗτος
844 2825 1175 2898 ἀνῃρηκέναι
1194 2824 1286 2879 τὸν
1299 2821 1485 2876 αὑτοῦ.
1506 2822 1615 2877 Καὶ
1633 2823 1663 2874 6
1690 2820 1789 2891 μὲν
1810 2819 2000 2874 ἐαυτὸν

428 2919 658 2981 ἀνεῖλεν,
681 2918 786 2970 ὑπὸ
808 2917 1071 2988 τυράννου
1099 2912 1483 2983 καταληφθεὶς,
1513 2914 1542 2965 6
1572 2911 1631 2965 δέ
1666 2912 1757 2965 τὸν
1782 2910 2002 2979 ἀνεψιὸν

426 3009 518 3063 τὸν
538 3006 702 3061 αὑτοῦ
724 3005 1083 3061 κοινωνοῦντα
1108 3002 1207 3074 τῆς
1243 3001 1517 3074 βασιλείας
1539 2999 1713 3071 αὐτῷ,
1740 3001 1810 3071 ἢν
1841 2999 2003 3063 αὐτὸς

431 3101 776 3173 ἐνεχείρισεν.
828 3098 1019 3161 Ἀλλος
1056 3096 1155 3167 τὴν
1200 3098 1435 3165 γυναῖκα
1474 3088 1615 3147 εἶδεν
1642 3093 1749 3147 61:6
1780 3092 2002 3146 πεσσῶν

429 3191 813 3262 διαφθαρεῖσαν
836 3207 851 3222 ο
883 3190 958 3254 ὡς
980 3189 1087 3259 γὰρ
1107 3188 1206 3242 οὐκ
1231 3187 1429 3253 ἔτικτε,
1458 3186 1593 3258 γυνή
1618 3203 1703 3249 τις
1722 3184 1883 3240 ἀθλία
1910 3186 2003 3239 καὶ

430 3284 773 3355 ταλαίπωρος
817 3281 999 3352 (ἀθλία
1027 3283 1134 3353 γάρ
1174 3281 1267 3335 καὶ
1313 3280 1683 3351 ταλαίπωρος,
1729 3280 1765 3350 ἢ
1816 3277 1878 3332 :6
1907 3276 2002 3331 :06

430 3375 567 3429 θεοῦ
624 3374 795 3446 δῶρον
864 3374 1060 3446 ἠλπισε
1102 3370 1170 3426 δι’
1214 3372 1418 3435 οἰκείας
1463 3372 1721 3442 παρέξειν
1768 3368 2002 3440 σοφίας),

433 3468 665 3531 πεσσοὺς
696 3464 882 3530 δοῦσα,
925 3464 1195 3535 διέφθειρε
1234 3465 1335 3536 τὴν
1389 3462 1652 3535 βασιλίδα,
1702 3465 1798 3517 καὶ
1828 3460 2004 3514 συνδι-

433 3557 643 3628 ἐφθάρη
669 3556 761 3609 καὶ
782 3555 941 3626 αὐτή.
963 3555 1187 3625 Ἕτερος
1202 3554 1362 3609 πάλιν
1390 3554 1528 3625 μετὰ
1545 3554 1700 3607 τοῦτο
1723 3554 1828 3607 ὑπὸ
1846 3552 2007 3625 δηλη-

434 3651 635 3720 τηρίων
665 3647 904 3719 ἀνῄρητο
936 3648 1263 3718 φαρμάκων,
1291 3648 1383 3701 καὶ
1398 3647 1458 3701 τὸ
1487 3648 1743 3718 ποτήριον
1766 3642 1834 3718 ἦν
1854 3645 2004 3715 αὐτῷ

434 3742 616 3796 λοιπὸν
645 3742 831 3795 οὐκέτι
857 3740 1033 3810 πόμα,
1067 3739 1200 3793 ἀλλά
1242 3738 1469 3802 θάνατος
1487 3755 1502 3769 ·
1539 3738 1633 3791 καὶ
1659 3739 1688 3790 6
1719 3736 1833 3799 υίὸς
1856 3734 2005 3805 αύτῷ

433 3833 523 3888 τὸν
544 3833 823 3904 ὀφθαλμὸν
842 3831 1173 3904 ἐξωρύττετο
1196 3830 1346 3901 φόϐῳ
1367 3829 1477 3883 τῶν
1501 3829 1823 3900 μελλόντων,
1850 3827 2004 3881 οὐδὲν

435 3926 729 3998 ὴδικηκώς.
787 3925 998 3992 Ἀλλος,
1048 3923 1171 3978 ούδέ
1232 3925 1405 3976 εἰπεῖν
1457 3922 1640 3987 καλὸν,
1686 3920 1834 3983 ὅπως
1875 3936 2005 3973 κατ-

437 4021 594 4073 έλυσε
638 4019 730 4072 τὸν
760 4016 873 4089 βίον
911 4014 1178 4079 ἐλεεινῶς.
1215 4014 1336 4067 Τῶν
1359 4012 1417 4068 δέ
1444 4012 1582 4084 μετά
1598 4011 1821 4075 τούτους
1850 4012 1878 4065 6
1904 4009 2005 4080 μὲν

435 4109 699 4181 κατεκάη,
738 4108 989 4179 καθάπερ
1012 4122 1097 4170 τις
1138 4104 1317 4169 ἀθλιος
1342 4104 1438 4158 καὶ
1461 4102 1826 4174 ταλαίπωρος,
1862 4100 2004 4172 μετά

438 4199 618 4252 ἰππων
665 4198 758 4251 καὶ
809 4195 981 4250 δοκῶν
1033 4196 1128 4251 καὶ
1163 4194 1272 4248 τῶν
1302 4192 1478 4248 ἀλλων
1520 4191 1795 4255 ἀπάντων,
1821 4191 2005 4246 καὶτὸ

437 4291 656 4359 γύναιον
692 4291 750 4344 ἐν
793 4288 1009 4361 χηρείᾳ.
1059 4288 1169 4351 Τάς
1199 4287 1310 4357 γάρ
1351 4289 1410 4340 ἐν
1434 4284 1513 4356 τῷ
1542 4285 1643 4356 ζῇν
1679 4283 1854 4347 λύπας
1883 4283 2005 4337 0666

436 4388 610 4441 εἰπεῖν
634 4384 736 4448 ένι,
758 4382 847 4446 ἀς,
874 4385 962 4437 ὅτε
987 4373 1140 4445 οὗτος
1165 4380 1459 4451 ἐπανέστη,
1479 4377 1817 4449 ἠναγκάζετο
1835 4378 2000 4451 ἔχειὲ

400 4464 604 4538 ’ἶίῦτος
635 4446 747 4529 δέό
788 4472 883 4527 νῦν
904 4471 1122 4544 κρατῶν
1152 4471 1273 4542 οὐχὶ
1302 4470 1362 4535 ἐξ
1392 4446 1453 4524 οῦ
1482 4446 1542 4523 τὸ
1568 4446 1805 4540 διάδημα
1841 4446 2031 4541 1:69:-

436 4568 608 4632 έθετο,
629 4569 687 4622 ἐν
713 4565 914 4631 πόνοις,
932 4567 991 4619 ἐν
1011 4564 1290 4629 κινδύνοις,
1313 4565 1370 4616 ἐν
1397 4562 1612 4629 λύπαις,
1643 4563 1701 4616 ἐν
1723 4561 2002 4632 ἀθυμίαις,

436 4660 495 4711 ἐν
520 4658 848 4741 συμφοραῖς,
894 4657 952 4708 ἐν
995 4651 1529 4741 ἐπιϐουλαῖςὲςἋλΥ
1570 4652 1669 4722 οὐχ
1699 4653 1731 4722 ή
1760 4650 2005 4721 βασιλεία

435 4738 660 4822 τοιαύτη
675 4751 784 4805 τῶν
806 4749 1049 4820 οὐρανῶν
1073 4766 1087 4779 ο
1107 4747 1243 4801 ἀλλά
1264 4736 1405 4818 μ’ὲῖἀ
1425 4744 1491 4799 :6
1508 4745 1693 4800 λαϐεῖν
1708 4743 1898 4816 αὐτὴν,
1923 4744 2002 4795 εἰ-

438 4847 597 4918 ρήνη,
620 4844 755 4914 ζωὴ,
780 4844 947 4913 χαρὰ,
968 4840 1295 4912 εὐφροσύνη.
1328 4836 1490 4902 Ἀλλ’,
1515 4838 1653 4908 ὅπερ
1670 4837 1878 4905 ελεγον,
1904 4837 2006 4890 οὑκ

437 4938 518 4991 ενι
554 4936 668 5007 βίος
690 4932 1163 5005 ἀταλαιπώρητος.
1199 4932 1261 4985 Et
1296 4930 1353 4984 66
1378 4931 1438 4985 ἐν
1457 4930 1570 4993 τοῖς
1610 4926 1884 4999 βιωτικοῖς
1913 4929 2007 4982 καὶ

436 5031 466 5083 6
508 5029 742 5100 μάλιστα
791 5024 1223 5097 μακαριώτερος,
1255 5024 1284 5077 6
1322 5023 1381 5077 ἐν
1430 5021 1699 5092 βασιλείᾳ,
1736 5020 2007 5073 τοσούτων

437 5121 597 5193 γέμει
618 5119 933 5191 συμφορῶν,
961 5116 1013 5170 τί
1039 5119 1139 5171 οῖει
1165 5117 1224 5169 ἐν
1243 5117 1356 5179 τοῖς
1389 5114 1705 5178 ἰδιωτικοῖς;
1738 5113 1848 5166 Kal
1865 5112 2007 5166 πόσα

439 5215 603 5283 ἐτερα
645 5212 813 5274 κακά,
870 5210 993 5265 ούδέ
1046 5210 1218 5262 εἰπεῖν
1266 5208 1404 5261 ἐστι.
1434 5206 1599 5260 Πόσοι
1630 5204 1888 5268 πολλάκις
1912 5205 2006 5257 καὶ

442 5302 601 5374 μῦθοι
644 5302 752 5357 ἀπὸ
782 5300 986 5355 τούτων
1012 5298 1381 5368 ἐπλάσθησαν,
1416 5298 1589 5351 πᾶσαι
1618 5295 1802 5367 σχεδὸν
1831 5297 1888 5351 αί
1913 5296 2008 5349 ἐπὶ

440 5393 591 5467 [319]
646 5394 745 5464 τῆς
791 5392 994 5463 σκηνῆς
1037 5390 1335 5462 τραγῳδίαι
1401 5388 1511 5442 ἀπὸ
1581 5388 1689 5441 τῶν
1744 5387 2007 5465 βασιλέων

440 5462 775 5555 ῦφαίνονται,
795 5462 891 5538 καί
912 5486 958 5538 οἱ
982 5482 1164 5554 μῦθοι.
1195 5482 1276 5535 Τά
1299 5480 1408 5552 γὰρ
1439 5479 1662 5533 πλείονα
1690 5480 1797 5532 τῶν
1817 5480 1876 5533 ἐν
1895 5462 2007 5542 τοῖς

442 5575 630 5645 μύθοις
661 5574 768 5628 ἀπὸ
812 5575 923 5627 τῶν
981 5573 1288 5644 γενομένων
1335 5555 1640 5626 πέπλασται
1663 5588 1680 5603 ·
1716 5571 1859 5626 οὕτω
1898 5572 2007 5643 γὰρ

440 5667 552 5737 ἔχει
597 5666 691 5720 καὶ
741 5666 959 5737 ἡδονήν·
1021 5660 1152 5730 οἷον,
1198 5665 1268 5718 τά
1312 5665 1576 5719 Θυέστεια
1631 5664 1841 5729 δεῖπνα,
1915 5666 2007 5717 καὶ

437 5759 515 5821 ὡς
559 5759 711 5813 πᾶσα
748 5758 930 5830 ἐκείνη
960 5759 993 5829 ή
1026 5758 1172 5812 οἰκία
1214 5757 1303 5813 διὰ
1354 5756 1645 5829 συμφορῶν
1708 5756 2004 5830 κατέστρε-

437 5852 556 5919 ψεν.

1267 420 1330 476 ΙΝ
1373 419 1589 477 EPIST.
1620 419 1711 476 AD
1749 412 2037 473 PlllLiPP.
2075 414 2231 471 CAP.
2256 416 2344 476 IV.
2374 417 2609 476 HOMIL.
2650 420 2759 477 XV.

3554 421 3659 477 Q96

2168 534 2243 593 ς’.
2291 530 2451 586 Ἀλλά
2482 532 2652 586 ταῦτα
2686 533 2786 603 μὲν
2818 531 2926 585 ἀπὸ
2972 530 3081 585 τῶν
3121 532 3273 602 παρά
3313 531 3420 586 τῶν
3462 532 3661 600 ἔξωθεν

2093 622 2456 679 συντεθέντων
2483 624 2642 696 ῐσμεν
2663 641 2677 656 ’
2700 625 2750 677 εἰ
2772 623 2827 678 66
2850 623 3126 695 βούλεσθε,
3151 624 3245 678 καὶ
3264 624 3374 677 ἀπὸ
3395 624 3502 677 τῶν
3522 626 3663 697 Γραο

2090 715 2207 784 φῶν
2250 715 2505 789 ἐροῦμεν.
2544 718 2605 771 '0
2653 716 2825 771 Σαοὺλ
2863 717 3079 788 πρῶτος
3142 705 3514 781 ἐϐασίλευσεν,
3551 718 3665 771 ἀλλ’

2094 807 2208 860 ἴστε
2249 808 2367 872 πῶς
2397 810 2488 862 καὶ
2520 802 2679 872 οὗτος
2706 808 2956 863 ἀπώλετο
3011 808 3222 880 μυρίων
3257 809 3538 880 πειραθεὶς
3574 828 3669 863 κα-

2091 900 2222 954 κῶν.
2253 901 2385 953 Μετ’
2416 903 2623 954 ἐκεῖνον
2668 904 2698 953 6
2755 902 2936 967 Aaul6,
2974 904 3004 953 6
3046 900 3318 970 Σολομὼν,
3360 902 3389 953 6
3434 900 3609 964 Ἀϐιά,
3640 904 3669 953 6

2105 990 2373 1057 Ἐζεκίας,
2402 994 2431 1046 6
2481 993 2691 1057 Ἰωσίας
2744 993 2966 1062 ὁμοίως.
2999 993 3075 1045 Οὐ
3124 991 3231 1061 γὰρ
3277 991 3391 1043 ἐστι
3436 990 3669 1058 θλίψεως

2091 1084 2284 1153 χωρὶς,
2340 1084 2443 1137 οὐκ
2492 1082 2609 1136 ἔστι
2663 1084 2841 1137 πόνων
2874 1084 3061 1154 χωρὶς,
3111 1084 3211 1136 οὐκ
3254 1083 3401 1135 ἐστιν
3431 1082 3667 1152 ἀθυμίας

2092 1174 2247 1236 ὲκτδς
2281 1174 2373 1227 τὸν
2397 1174 2644 1245 παρόντα
2678 1174 2792 1244 βίον
2815 1174 3062 1227 διελθεῖν.
3097 1174 3236 1227 Ἀλλ’
3258 1175 3419 1245 ἡμεῖς
3445 1174 3668 1245 ἀθυμῶ-

2094 1281 2195 1334 μεν
2230 1266 2306 1336 μὴ
2353 1265 2493 1336 ὑπὲρ
2544 1266 2653 1320 τῶν
2705 1266 2983 1328 τοιούτων,
3020 1266 3163 1335 ὑπὲρ
3204 1260 3280 1318 ὧν
3311 1267 3360 1319 οἰ
3407 1265 3665 1335 βασιλεῖς,

2089 1356 2206 1409 ἀλλ’
2258 1356 2402 1428 61:69
2451 1357 2730 1419 τοιούτων,
2771 1357 2911 1427 ὑπὲρ
2962 1350 3036 1409 ὧν
3090 1357 3181 1409 καὶ
3231 1358 3421 1428 κέρδος
3475 1355 3670 1426 ἔχομεν

2094 1450 2242 1520 μέγα
2261 1466 2276 1481 ⁸
2321 1450 2385 1505 Ἠ
2417 1449 2530 1520 τὰρ
2560 1451 2711 1505 κατὰ
2738 1450 2887 1505 Θεὸν
2904 1449 3070 1517 λύπη
3096 1448 3419 1519 μετάνοιαν
3445 1450 3532 1515 είς
3556 1465 3672 1502 σω-

2089 1542 2302 1608 τηρίαν
2324 1542 2771 1612 ἀμεταμέλητον
2798 1544 3226 1613 κατεργάζεται.
3266 1544 3439 1616 ’Υπὲρ
3466 1544 3671 1596 τούτων

2096 1629 2203 1700 χρὴ
2228 1629 2537 1694 λυπεῖσθαι,
2592 1631 2736 1701 ὑπὲρ
2792 1632 3001 1686 τούτων
3033 1634 3241 1703 ἀλγεῖν,
3277 1635 3416 1706 ὑπὲρ
3463 1633 3670 1687 τούτων

2091 1719 2419 1775 δάκνεσθαι’
2464 1720 2639 1786 οὕτως
2667 1720 2921 1776 ἐλυπεῖτο
2952 1722 3163 1788 Παῦλος
3190 1725 3331 1795 61:69
3355 1725 3461 1777 τῶν
3494 1725 3671 1795 άμαρο

2092 1812 2381 1878 τανόντων,
2414 1812 2588 1877 οὕτως
2619 1813 2880 1885 ἐδάκρυεν
2903 1831 2918 1847 ο
2978 1816 3081 1870 Ἐκ
3131 1815 3243 1885 γὰρ
3276 1815 3515 1885 πολλῆς
3545 1818 3671 1871 0.1!-

2094 1907 2273 1971 ψεως,
2315 1907 2469 1975 φησὶ,
2515 1906 2616 1959 καὶ
2654 1904 2932 1976 συνοχῆς
2964 1906 3215 1975 καρδίας
3244 1907 3479 1977 ἔγραψα
3528 1907 3674 1977 ὑμῖν

2094 1999 2192 2053 διὰ
2217 2001 2467 2054 πολλῶν
2512 1999 2811 2070 δακρύων.
2854 2002 3072 2074 Ἐπειδὴ
3120 2002 3227 2072 γὰρ
3267 2002 3408 2072 ὑπὲρ
3455 2000 3672 2054 οἰκείων

2095 2090 2198 2143 οὐκ
2231 2085 2346 2160 εἶχε
2376 2090 2617 2154 πενθεῖν,
2647 2091 2788 2163 61:69
2816 2090 2926 2144 τῶν
2953 2090 3252 2162 ἀλλοτρίων
3277 2089 3437 2143 τοῦτο
3465 2089 3667 2143 ἐποίει·

2100 2181 2305 2247 μᾶλλον
2337 2182 2395 2234 δὲ
2451 2182 2681 2236 κάκεῖνα
2703 2184 2881 2235 οἰκεῖα
2906 2183 3094 2251 ἠγεῖτο
3114 2181 3254 2235 κατά
3286 2181 3377 2235 τὸν
3403 2178 3497 2233 τοῦ
3537 2179 3671 2232 πέν-

2098 2271 2225 2334 θους
2257 2272 2432 2341 λόγον.
2457 2273 2675 2343 Ἔτεροι
2704 2271 3170 2337 ἐσκανδαλίζοντο,
3222 2272 3317 2325 καὶ
3349 2271 3511 2333 αὐτὸς
3540 2271 3673 2323 ἐπυ-

2100 2364 2263 2433 ροῦτο
2285 2382 2299 2396 ·
2331 2365 2510 2437 ἐτεροι
2536 2365 2821 2437 ἠσθένουν,
2850 2364 2944 2419 καί
2981 2364 3144 2428 αὐτὸς
3170 2364 3408 2435 ὴσθένει.
3444 2362 3672 2431 Ἀγαθὸν

2098 2458 2133 2528 ή
2158 2456 2382 2528 τοιαύτη
2412 2457 2579 2528 λύπη,
2611 2457 2792 2525 πάσης
2816 2456 3081 2529 κρείττων
3108 2456 3246 2526 αῦτη
3274 2456 3448 2526 χαρᾶς
3480 2471 3676 2518 1:00;):-

2099 2549 2226 2619 κῆς.
2261 2550 2365 2602 Τὸν
2412 2549 2555 2602 06:0)
2587 2548 2886 2602 πενθοῦντα
2914 2546 3026 2616 ἐγὼ
3058 2547 3275 2601 πάντων
3321 2547 3431 2600 τῶν
3463 2544 3674 2618 ἀνθρώ-

2100 2657 2218 2695 πων
2251 2640 2533 2713 προκρίνω
2550 2655 2565 2669 ο
2606 2640 2805 2711 μᾶλλον
2831 2640 2889 2693 δέ
2916 2640 3010 2694 καὶ
3026 2638 3187 2702 αὐτὸς
3215 2638 3342 2701 τοὺς
3370 2638 3513 2691 06:0)
3542 2654 3673 2690 πεν-

2100 2731 2325 2795 θοῦντας
2354 2731 2648 2802 μακαρίζει
2673 2732 2702 2784 6
2748 2730 2974 2801 Κύριος,
3015 2730 3142 2793 τοὺς
3174 2728 3503 2799 συμπαθεῖς.
3560 2728 3675 2798 οὐχ

2102 2820 2276 2885 οὕτως
2311 2822 2474 2876 αὑτὸν
2535 2822 2628 2875 ἐπί
2676 2825 2788 2883 τοῖς
2818 2819 3084 2884 κινδύνοις
3122 2819 3386 2891 θαυμάζω
3411 2836 3425 2850 ·
3473 2819 3674 2891 μᾶλλον

2100 2914 2159 2968 δὲ
2182 2915 2281 2984 οὐχ
2321 2908 2483 2987 ἦττον
2528 2913 2690 2968 αὑτὸν
2735 2913 2845 2967 τῶν
2869 2912 3130 2967 κινδύνων
3153 2911 3439 2982 θαυμάζω,
3478 2910 3569 2981 ὐφ’
3599 2903 3676 2965 ὧν

2103 3005 2227 3059 καθ’
2257 3006 2499 3076 ἑκάστην
2527 3006 2745 3077 ἡμέραν
2787 3005 3170 3076 ἀπέθνησκεν
3213 3004 3349 3058 ἀλλά
3393 3004 3552 3058 τοῦτό
3603 3021 3675 3075 με

2105 3096 2305 3167 μᾶλλον
2324 3098 2487 3169 αἱρεῖ.
2520 3096 2650 3150 ’Λπδ
2671 3096 2780 3167 γὰρ
2803 3095 2982 3166 ψυχῆς
3015 3094 3265 3165 φιλοθέου
3284 3095 3378 3149 καὶ
3394 3096 3673 3167 φιλοστόρο

2101 3206 2198 3258 γου
2229 3190 2456 3258 ἐγίνετο,
2505 3188 2612 3243 ἀπὸ
2655 3188 2899 3258 ἀγάπης,
2928 3188 2996 3259 ἢν
3023 3186 3185 3252 αὐτὸς
3219 3190 3248 3242 6
3276 3188 3511 3260 Χριστὸς
3547 3186 3678 3258 ἐζή-

2102 3299 2205 3345 τει,
2234 3282 2342 3336 ἀπὸ
2365 3281 2709 3352 συμπαθείας
2742 3281 3036 3351 ἀδελφικῆς
3083 3280 3177 3333 καὶ
3206 3281 3502 3352 πατρικῆς,
3537 3282 3676 3350 μᾶλ-

2102 3371 2193 3426 λον
2229 3372 2287 3425 δέ
2318 3373 2411 3426 καὶ
2442 3372 2647 3426 τούτων
2696 3370 3025 3443 ἀμφοτέρων
3071 3370 3337 3441 μείζονος.
3375 3370 3532 3424 Οῦτω
3560 3370 3679 3424 δια-

2104 3465 2319 3519 κεῖσθαι
2371 3465 2499 3536 χρὴ,
2551 3463 2697 3519 06:0)
2727 3462 3022 3535 6ax96sw'.
3082 3462 3154 3515 τά
3203 3461 3428 3515 τοιαῦτα
3465 3462 3677 3530 δάκρυα

2103 3563 2304 3633 πολλῆς
2330 3562 2478 3614 ἐστιν
2504 3555 2839 3629 εὐφροσύνης
2877 3554 3052 3626 μεστά
3072 3569 3087 3586 ⁶
3123 3553 3186 3607 τὸ
3211 3554 3455 3608 τοιοῦτον
3484 3553 3678 3619 πένθος

2103 3657 2360 3717 ὑπόθεσις
2382 3653 2559 3724 χαρᾶς
2581 3653 2719 3704 ἐστι.
2750 3649 2861 3703 Kal
2895 3649 2969 3719 μή
2997 3664 3086 3719 μοι
3116 3649 3299 3721 εῐπῃς,
3325 3649 3377 3700 τί
3419 3648 3580 3701 πλέον
3610 3649 3676 3701 ἐκ

2102 3743 2197 3798 τοῦ
2231 3743 2471 3815 θρηνεῖν,
2498 3738 2639 3809 61:69
2671 3731 2747 3792 ὧν
2768 3735 2929 3789 τοῦτο
2959 3734 3130 3799 ποιῶ;
3184 3735 3303 3788 Κᾶν
3352 3734 3518 3804 μηδὲν
3553 3733 3678 3802 όνή-

2105 3850 2287 3906 σωμεν
2302 3833 2430 3896 τοὺς
2458 3830 2657 3903 θρηνου
2666 3828 2879 3899 μένους,
2908 3825 3045 3881 ἀλλά
3069 3825 3287 3889 πάντως
3308 3826 3454 3897 ἡμᾶς
3477 3824 3676 3889 αὐτοὺς

2101 3926 2477 3998 ώφελήσομεν.
2514 3922 2573 3976 '0
2601 3921 2708 3993 γὰρ
2734 3920 2878 3991 ὑπὲρ
2904 3919 3013 3973 τῶν
3043 3918 3339 3989 ἀλλοτρίων
3378 3917 3553 3981 οὕτως
3577 3919 3675 3973 ἀλ-

2102 4019 2237 4089 γῶν,
2267 4015 2447 4086 πολλῷ
2496 4013 2698 4086 μᾶλλον
2746 4012 2886 4083 ὑπὲρ
2923 4010 3034 4065 τῶν
3071 4010 3215 4064 ἰδίων
3249 4009 3408 4063 τοῦτο
3454 4012 3677 4082 ποιήσε-

2102 4125 2221 4164 ται’
2262 4108 2292 4162 6
2325 4109 2419 4161 ἐπὶ
2450 4108 2560 4170 τοῖς
2585 4104 2787 4175 ἐτέρων
2809 4102 2953 4157 06:0)
2968 4102 3243 4173 δακρύων,
3277 4104 3376 4156 οὐκ
3411 4103 3678 4174 ἀδακρυτὶ

2102 4202 2172 4257 τὰ
2207 4202 2383 4255 οἰκεῖα
2431 4196 2827 4270 παρελεύσεται
2860 4194 3340 4265 πλημμελήματα·
3392 4194 3593 4265 μᾶλλον
3616 4194 3675 4247 δὲ

2103 4295 2222 4349 0666
2250 4292 2559 4364 ἁμαρτήσει
2584 4288 2812 4360 ταχέως.
2843 4287 2917 4340 T6
2945 4286 3002 4341 δέ
3030 4285 3219 4353 δεινὸν,
3250 4286 3330 4339 ὅτι
3359 4285 3675 4339 κελευσθέν-

2101 4403 2192 4450 τες
2220 4384 2395 4450 οῦτως
2435 4383 2528 4436 ἐπὶ
2574 4384 2687 4445 τοῖς
2724 4380 3098 4451 ἁμαρτάνουσι
3132 4377 3369 4448 θρηνεῖν,
3406 4377 3527 4431 ούδέ
3581 4378 3675 4431 ἐπὶ

2102 4482 2215 4543 τοῖς
2237 4478 2459 4539 οἰκείοις
2504 4475 2629 4530 τινὰ
2684 4471 3107 4543 ἐπιδεικνύμεθα
3155 4470 3460 4541 μετάνοιαν,
3522 4470 3673 4544 [5201

2103 4572 2219 4629 ἀλλ’
2252 4570 2570 4639 ἀναλγήτως
2622 4566 2908 4628 πταίοντες
2938 4564 3288 4633 διακείμεθα,
3316 4564 3413 4616 καὶ
3454 4582 3676 4621 παντων

2108 4663 2306 4735 μᾶλλον
2344 4659 2723 4732 φροντίζομεν,
2758 4656 2853 4711 καὶ
2888 4656 3065 4708 πάντα
3115 4654 3441 4724 λογιζόμεθα
3475 4656 3677 4726 μᾶλλον

2104 4760 2137 4829 ἦ
2164 4758 2231 4810 τὰ
2260 4756 2434 4809 οἰκεῖα
2465 4751 2855 4823 ἁμαρτήματα.
2892 4750 2989 4803 Διά
3015 4747 3173 4801 τοῦτο
3213 4749 3475 4819 χαίρομεν
3502 4750 3677 4821 χαράν

2104 4850 2204 4920 τὴν
2231 4846 2511 4917 ἀνόνητον,
2567 4842 2667 4913 τὴν
2704 4840 2799 4894 τοῦ
2829 4840 3059 4909 κόσμου,
3094 4838 3195 4911 τὴν
3222 4840 3425 4903 εὐθέως
3458 4840 3671 4893 σϐεννυι

2109 4942 2299 5013 μένην,
2341 4938 2442 5007 τὴν
2493 4934 2694 5007 μυρίας
2742 4932 3033 4987 τίκτουσαν
3083 4931 3279 4996 λύπας.
3330 4931 3677 5003 Λυπηθῶμεν

2103 5032 2282 5086 τοίνυν
2308 5027 2486 5100 λύπην
2518 5028 2697 5098 χαρᾶς
2726 5024 2957 5095 μητέρα,
2986 5023 3080 5076 καὶ
3110 5023 3185 5093 μὴ
3209 5022 3465 5094 ήσθῶμεν
3502 5022 3677 5093 χαρὰν

2106 5124 2286 5192 λύπην
2310 5121 2599 5175 τίκτουσαν
2619 5134 2633 5149 ·
2669 5117 2898 5187 ἀφῶμεν
2925 5116 3136 5185 δάκρυα
3161 5114 3453 5184 σπείροντα
3478 5111 3676 5182 πολλὴν

2107 5214 2321 5286 ἡδονὴν,
2358 5213 2456 5266 καὶ
2485 5210 2560 5281 μὴ
2587 5210 2836 5280 γελῶμεν
2862 5209 3071 5278 γέλωτα
3099 5207 3340 5279 βρυγμὸν
3375 5207 3506 5276 ἡμῖν
3538 5205 3678 5259 ὀδόν-

2104 5324 2216 5361 των
2241 5305 2522 5359 τίκτοντα*
2559 5303 2829 5373 θλιϐῶμεν
2876 5301 3077 5371 θλίψιν,
3119 5302 3212 5367 ἀφ’
3239 5295 3307 5369 ἧς
3334 5299 3516 5360 ἄνεσις
3549 5296 3677 5366 βλα-

2109 5404 2314 5463 στάνει,
2355 5402 2449 5451 καὶ
2476 5396 2550 5468 μὴ
2581 5395 2831 5465 ζητῶμεν
2860 5392 3094 5465 τρυφὴν,
3122 5392 3214 5461 ἀφ’
3254 5388 3322 5465 ἦς
3367 5391 3535 5462 πολλὴ
3567 5390 3676 5444 θλῖ-

2104 5491 2199 5561 ψις
2230 5492 2326 5544 καὶ
2352 5488 2512 5557 ὀδύνη
2539 5488 2783 5541 τίκτεται
2804 5502 2818 5516 ⁸
2844 5486 2938 5539 ἐπὶ
2956 5486 3055 5554 τῆς
3082 5487 3185 5555 γῆς
3214 5483 3407 5555 μικρὸν
3428 5484 3676 5554 πονήσω-

2111 5598 2239 5653 μεν,
2264 5581 2352 5633 ἵνα
2376 5579 2745 5651 τρυφήσωμεν
2787 5576 3049 5645 διηνεκῶς
3078 5576 3133 5628 ἐν
3156 5578 3268 5640 τοῖς
3302 5574 3549 5646 οὐρανοῖς
3567 5591 3582 5604 ·
3616 5575 3677 5627 ἐν

2107 5673 2183 5743 τῷ
2210 5672 2374 5739 ἐπική
2386 5688 2460 5743 ρῳ
2491 5669 2590 5739 βίῳ
2615 5668 2890 5738 θλίψωμεν
2920 5668 3164 5732 ἑαυτοὺς,
3193 5668 3278 5721 ἵνα
3298 5666 3447 5738 ἐντῷ
3466 5668 3677 5739 ἀπείρῳ

2107 5761 2357 5831 τύχωμεν
2400 5742 2660 5823 ἀνέσεως·
2724 5759 2797 5829 μὴ
2846 5756 3186 5828 διαχυθῶμεν
3244 5761 3302 5811 ἐν
3352 5758 3428 5828 τῷ
3486 5758 3678 5829 βραχεῖ

2110 5855 2302 5925 τούτῳ,
2337 5852 2423 5906 ἵνα
2452 5852 2525 5923 μὴ
2556 5850 2894 5921 στενάξωμεν
2928 5853 2982 5904 ἐν
3013 5850 3089 5920 τῷ
3116 5850 3343 5921 ἀπείρῳ.
3379 5851 3488 5921 Οὐχ
3513 5851 3673 5922 ὁρᾶτε
