4108 6410
399 282 505 340 $797
1152 285 1211 343 S.
1248 280 1533 341 JOANNIS
1570 276 2066 339 CIIRYSOSTOMI
2104 278 2425 336 ARClllEP.
2466 276 3010 339 CONSTANTINOP.
3544 278 3654 342 298

405 409 561 461 πόσοι
613 405 706 460 καὶ
746 402 981 460 ἒνταῦθα
1006 405 1285 463 Ολίϐονται
1316 408 1588 480 βιωτικῶν
1614 410 1802 465 ἕνεκεν
1829 426 1976 482 πρα-
2078 404 2164 459 λιν
2193 405 2507 476 ἀπαντῆσαι
2550 408 2790 477 ἐκείνην,
2833 404 2907 481 ἧς
2962 408 3162 463 ἐκεῖνοι
3213 405 3651 479 κατηξιώθησαν,

404 500 662 570 γμάτων;
708 498 993 572 Ἐννόησον
1018 500 1101 556 ὅτι
1130 502 1224 556 καὶ
1257 504 1321 557 σὺ
1345 497 1426 566 εἷς
1453 504 1512 569 ἐξ
1535 504 1757 560 ἐκείνων
1779 500 1852 568 εἶ,
1887 503 1983 558 καὶ
2079 496 2295 569 ἐκείνην
2326 498 2507 567 βάδιζε
2530 498 2631 571 τὴν
2654 499 2771 553 ὁδὸν
2802 501 2900 570 τὴν
2930 502 3048 554 ἐκεῖ
3075 499 3367 571 φέρουσαν.
3387 498 3463 553 Οὐ
3496 499 3654 569 φέρει

406 591 541 662 φέρε
573 590 674 662 τὴν
703 589 886 660 ϐλῖψιν
922 590 1020 645 καὶ
1040 591 1141 662 τὴν
1162 592 1378 664 ὀδύνην,
1409 596 1477 665 τῇ
1506 594 1686 648 ἑλπίδι
1715 594 1825 649 τῶν
1849 593 1983 663 μελ-
2081 586 2236 658 ἡτῆς
2264 587 2503 651 ἀνέσεως
2534 588 2652 652 ὁδὸς
2675 588 2812 656 ὲκεῖ,
2846 589 2961 643 ἀλλ’
2988 590 3024 659 ἡ
3050 588 3150 659 τῆς
3171 587 3403 658 θλίψεως
3421 602 3436 618 ⁹
3469 587 3655 659 ἐκείνη

405 681 608 735 λόντων
650 681 1018 753 τρεφόμενος·
1060 683 1160 737 οὐκ
1188 678 1241 737 εἷ
1268 684 1333 738 σὺ
1361 683 1458 738 τοῦ
1497 685 1713 739 Παύλου
1758 684 1983 757 βελτίων
2082 674 2414 748 εὐρύχωρος,
2448 677 2587 748 αὕτη
2620 679 2802 749 στενή.
2837 678 3055 749 Ταύτην
3092 676 3420 749 βαδίζωμεν,
3448 678 3535 732 ἵνα
3558 677 3658 732 τύ-

398 773 528 827 πούδὲ
551 771 648 827 τοῦ
695 773 927 845 Πέτρου,
954 774 1064 828 τῶν
1091 773 1350 829 οὐδέποτε
1401 774 1642 840 ἀνέσεως
1684 776 1975 847 τυχόντων,
2084 784 2271 839 χωμεν
2307 771 2408 839 τῆς
2446 770 2667 824 αἰωνίου
2707 770 2852 841 ζωῆς
2878 770 2935 824 ἒν
2961 769 3185 842 Χριστῷ
3231 768 3408 842 Ἰησοῦ
3438 770 3517 843 τῷ
3545 772 3658 827 Κν-

406 864 517 918 τῶν
539 863 596 917 ὲν
618 863 765 936 λιμῷ
795 866 891 919 καὶ
928 864 1072 935 δίψει
1095 867 1188 920 καὶ
1206 866 1625 939 γυμνότητιοτδν
1657 869 1835 924 πάντα
1864 868 1979 940 βίον
2087 854 2188 924 ΡίΨ
2217 855 2397 927 ἡμῶν»
2422 856 2541 928 μεθ’
2564 849 2625 911 οὗ
2648 857 2728 930 τῷ
2756 858 2933 930 [Ia-"‘9‘-
2956 860 3073 929 ἅμα
3100 858 3180 929 τῷ
3206 859 3347 933 ἀγίφ
3375 862 3656 931 Πνεύματι

400 955 803 1023 διεξελθόντων.
844 955 909 1010 El
965 957 1143 1028 βούλει
1173 958 1280 1013 τῶν
1309 959 1490 1015 αὐτῶν
1520 960 1748 1026 ἐκείνοις
1775 962 1977 1031 τυχεῖν,
2083 944 2231 1012 δόξαν
2262 947 2659 1021 κράτοςντιμὴν
2697 948 2791 1004 νῦν
2814 951 2907 1004 καὶ
2935 950 3046 1021 ἀεὶ,
3067 951 3162 1007 καὶ
3186 953 3267 1017 εἰς
3286 952 3414 1016 τοὺς
3450 953 3658 1018 αἰῶνας

406 1048 461 1102 τί
488 1047 587 1119 τὴν
620 1049 871 1105 ἐναντίαν
899 1050 1105 1115 ὁδεύεις
1128 1051 1277 1121 ὁδόν;
1309 1054 1357 1107 εί
1386 1052 1566 1124 βούλει
1592 1054 1730 1127 πρὸς
1752 1053 1853 1126 τὴν
1879 1054 1978 1109 πό-
2082 1035 2191 1090 τῶν
2218 1034 2448 1094 αίώνων·
2479 1039 2674 1113 ἈΡ-ἦν’

422 2412 3653 2475 mw

1845 2598 2227 2665 MONITUM

474 2776 650 2837 Hasce
678 2782 989 2841 Couciones
1014 2785 1491 2862 Constantinopoli
1527 2790 1746 2851 habitas
1771 2794 1966 2867 fuisse,
1995 2799 2147 2858 clare
2175 2800 2387 2859 indicat
2408 2798 2857 2874 Chrysostomus,
2884 2814 3011 2857 eum
3043 2798 3180 2856 dicit
3210 2798 3267 2855 in
3294 2799 3404 2854 fine
3432 2798 3674 2854 homilia

402 2899 583 2957 tertia:
610 2917 669 2957 se
694 2904 1012 2977 episcopum
1044 2906 1102 2962 in
1131 2908 1330 2965 throno
1353 2911 1569 2970 sedere.
1603 2914 1786 2973 Facile
1811 2934 2034 2992 quoque
2057 2922 2281 2979 videtur
2303 2938 2426 2981 esse
2451 2933 2659 2980 annum
2694 2921 2994 2995 assignare,
3030 2932 3142 2993 quo
3167 2921 3286 2977 haec
3312 2920 3673 2977 concionatus

401 3019 491 3068 est
516 3020 742 3071 sanctus
769 3014 994 3073 Doctor.
1039 3016 1121 3075 Ex
1151 3020 1221 3077 iis
1246 3022 1417 3090 enim,
1449 3040 1573 3096 qua:
1616 3027 1753 3084 dicit
1784 3029 2010 3089 homilia
2049 3034 2307 3107 septima,
2335 3048 2568 3093 numero
2605 3035 2662 3103 3,
2693 3035 2937 3093 indicare
2969 3034 3195 3091 omnino
3221 3034 3439 3091 videtur
3466 3033 3673 3089 Eutro-

403 3127 558 3199 pium
589 3131 930 3202 eunuchum,
958 3135 1090 3194 licet
1121 3140 1288 3198 tacito
1309 3143 1535 3202 nomine
1567 3145 1638 3204 de
1662 3146 1759 3205 illo
1785 3159 1929 3222 agat,
1954 3151 2062 3209 hoc
2102 3152 2223 3227 ipso
2252 3163 2502 3227 tempore
2524 3154 2595 3212 de
2622 3154 2795 3228 gradu
2817 3153 3093 3227 dejectum
3124 3163 3181 3211 et
3204 3152 3515 3224 expulsum.
3536 3148 3674 3218 Quis

401 3247 552 3302 enim
576 3250 738 3316 alius,
761 3268 969 3324 quaeso,
996 3256 1169 3314 fuerit
1195 3273 1261 3321 ea:
1284 3276 1506 3317 numero
1534 3267 1914 3334 cunuchorum,
1945 3267 2041 3340 qui
2067 3268 2188 3327 heri
2223 3271 2280 3327 in
2305 3271 2571 3327 tribunali
2591 3270 2842 3339 sedebat,
2866 3272 2961 3342 qui
2988 3268 3358 3327 clamantibus
3379 3275 3436 3323 et
3452 3264 3676 3337 prawiis

401 3366 753 3437 praeconibus
806 3385 908 3441 per
944 3372 1124 3429 forum
1188 3376 1503 3447 incedebat,
1538 3381 1832 3440 ambitiose
1890 3386 1977 3441 sui
2020 3393 2290 3444 terrorem
2342 3388 2662 3445 incutiens:
2694 3388 2904 3461 quique
2945 3387 3111 3444 hodie
3152 3402 3220 3443 ex
3256 3393 3409 3441 tanta
3449 3383 3673 3439 fortuna

402 3484 672 3556 dejeetus,
705 3488 775 3545 ab
802 3493 1061 3550 omnibus
1090 3493 1363 3568 desertus,
1392 3500 1518 3559 vilis
1548 3512 1605 3559 et
1640 3503 1823 3561 nudus
1852 3515 2112 3578 tanquam
2136 3508 2321 3580 pulvis
2351 3510 2724 3567 eventilatur?
2750 3508 2906 3578 Quis,
2939 3509 3186 3580 inquam,
3221 3506 3363 3564 alius
3390 3505 3482 3561 hic
3506 3502 3674 3559 fuerit

402 3622 569 3679 quam
606 3607 907 3682 Eutropius
948 3615 1261 3684 eunuchus,
1297 3618 1388 3675 cui
1418 3619 1609 3678 istbmc
1652 3623 1839 3679 omnia
1885 3624 2248 3683 acciderunt?
2277 3626 2417 3694 Quia
2443 3642 2579 3684 vero
2617 3627 2687 3685 de
2718 3627 2991 3699 Eutropio
3023 3627 3115 3682 ille
3144 3626 3223 3681 sic
3249 3624 3416 3681 tacito
3447 3620 3674 3676 nomine

401 3724 673 3798 loquitur,
707 3737 968 3803 tanquam
998 3744 1126 3806 post
1156 3750 1320 3793 suum
1362 3754 1432 3795 ex
1480 3748 1634 3797 tanta
1680 3740 1905 3799 fortuna
1950 3744 2168 3815 lapsum
2212 3745 2395 3802 adhuc
2435 3745 2492 3801 in
2530 3744 2673 3801 vivis
2701 3754 2996 3813 versante;
3045 3743 3347 3814 Eutropius
3385 3754 3519 3795 vero
3547 3742 3673 3808 post

405 3848 620 3898 tantum
655 3858 844 3902 casum
872 3847 931 3904 in
956 3847 1198 3923 Cyprum
1239 3854 1424 3910 statim
1473 3856 1774 3929 relegatus,
1822 3857 1973 3914 haud
2004 3858 2100 3914 diu
2133 3868 2322 3931 postea
2358 3858 2487 3917 inde
2512 3860 2748 3917 eductus
2776 3868 2833 3915 et
2871 3860 3051 3931 capite
3082 3865 3368 3913 truncatus
3395 3852 3500 3910 fuit
3528 3865 3674 3907 anno

404 3972 657 4019 vertente
687 3965 791 4022 399
816 3983 831 4021 :
860 3966 991 4024 hinc
1017 3969 1272 4042 sequitur
1301 3972 1359 4029 in
1384 3988 1591 4029 annum
1618 3974 1723 4033 599
1749 3973 2141 4035 conferendam
2168 3990 2290 4031 esse
2315 3975 2482 4047 hujus
2517 3975 2759 4032 homilia:
2782 3973 3248 4047 prmdicationem.
3276 4036 3282 4041 _

462 4141 639 4197 Aliud
668 4143 836 4200 etiam
864 4145 922 4202 in
966 4146 1196 4205 homilia
1238 4149 1504 4217 secunda,
1549 4167 1705 4207 num.
1753 4150 1788 4206 4
1814 4151 2081 4219 occurrit,
2124 4150 2271 4207 unde
2319 4151 2585 4223 temporis
2612 4158 2803 4208 notam
2833 4125 3104 4222 expiscari
3132 4147 3432 4221 possimus.
3463 4146 3675 4202 Dicitur

406 4273 647 4330 namque
674 4259 839 4319 isthic
866 4279 880 4317 :
910 4260 1040 4330 Quis
1063 4273 1411 4335 exspectasset
1447 4282 1533 4334 ea,
1558 4282 1678 4339 qua:
1708 4284 1847 4323 nunc
1872 4268 2115 4323 eueniunt
2143 4268 2200 4323 in
2231 4267 2449 4323 diversis
2482 4267 2631 4333 locis,
2659 4275 2815 4322 term
2841 4274 3013 4321 motus
3036 4273 3087 4320 et
3110 4265 3318 4320 urbium
3348 4264 3677 4320 eversiones?

413 4380 483 4437 lli
541 4382 683 4438 tanti
743 4389 908 4439 terrae
970 4391 1157 4441 motus
1212 4384 1271 4439 in
1332 4398 1540 4440 annum
1601 4384 1708 4441 598
1767 4384 2108 4452 referuntur,
2170 4392 2230 4440 ut
2294 4384 2550 4457 pluribus
2606 4384 2813 4441 dicitur
2858 4384 2915 4439 in
2945 4384 3068 4441 Vita
3127 4382 3528 4455 Cbrysostomi.
3566 4383 3674 4440 Ne-

402 4517 514 4572 que
547 4508 755 4573 pugnat
785 4499 923 4555 illud
955 4516 1080 4557 cum
1137 4501 1269 4557 anni
1305 4501 1410 4558 599
1435 4508 1568 4556 nota
1607 4509 1759 4557 certa
1793 4517 1957 4573 quam
1989 4502 2153 4558 modo
2177 4500 2485 4573 posuimus.
2520 4499 2932 4556 Advertendum
2965 4515 3205 4571 namque
3233 4508 3337 4567 est,
3367 4499 3501 4555 illud
3528 4498 3672 4570 quod

404 4617 475 4672 de
505 4616 774 4687 Eutropio
806 4616 1012 4672 dicitur
1043 4617 1101 4673 in
1146 4616 1374 4673 homilia
1419 4616 1655 4687 septima
1698 4632 2026 4687 occurrere;
2057 4618 2206 4690 quod
2236 4627 2422 4674 autem
2457 4617 2526 4674 de
2570 4628 2732 4674 terrae
2771 4616 3016 4673 motibus
3051 4617 3109 4671 in
3154 4615 3381 4671 homilia
3410 4613 3673 4671 secunda.

404 4729 592 4787 Potuit
622 4740 810 4787 autem
838 4731 1066 4788 homilia
1089 4731 1334 4788 secunda
1363 4734 1650 4805 aliquanto
1671 4742 1943 4805 tempore,
1973 4733 2087 4791 imo
2119 4735 2331 4807 aliquot
2360 4736 2648 4793 mensibus
2674 4735 2961 4791 homiliam
2989 4734 3279 4805 septimam
3305 4731 3673 4805 praecessisse,

406 4850 567 4923 cujus
602 4850 684 4906 rei
713 4851 963 4922 exempla
993 4867 1106 4908 non
1134 4868 1309 4923 pauca
1340 4863 1662 4925 suppetunt.
1691 4855 1774 4912 Ad
1808 4857 1925 4914 haec
1953 4874 2087 4914 vero
2125 4857 2283 4925 illud,
2310 4873 2427 4930 qua:
2455 4873 2595 4912 nunc
2622 4856 2884 4922 eveniunt,
2914 4870 3027 4910 non
3058 4853 3133 4909 ita
3164 4852 3231 4907 ad
3267 4851 3505 4907 litteram
3534 4846 3679 4903 acci-

410 4965 677 5038 piendum
702 4974 808 5022 est.
834 4964 945 5021 Illae
967 4966 1116 5032 enim
1138 4973 1305 5024 tanta:
1328 4968 1668 5027 calamitates
1687 4972 1857 5027 etiam
1880 4971 2153 5031 hodierno
2180 4988 2334 5028 more
2358 4972 2455 5027 diu
2481 4971 2746 5029 dicuntur
2769 4986 2919 5027 nunc
2940 4969 3195 5035 evenire;
3216 4966 3417 5023 damna
3440 4978 3675 5033 namque

406 5083 704 5157 importata
750 5093 976 5141 manent
1023 5096 1081 5143 et
1128 5088 1325 5145 saltem
1372 5105 1472 5161 per
1516 5104 1744 5161 annum,
1775 5107 1947 5161 nunc,
1989 5108 2060 5150 ex
2092 5100 2318 5164 recepto
2355 5106 2533 5159 more,
2565 5090 2833 5148 accidisse
2867 5088 3153 5146 dicuntur.
3187 5083 3341 5141 Adde
3374 5079 3676 5139 verisimile

405 5218 529 5259 esse
561 5203 686 5259 illos
712 5210 879 5259 terrae
903 5211 1089 5264 motus
1112 5212 1169 5261 et
1191 5203 1415 5259 urbium
1443 5206 1765 5264 eversiones
1789 5208 2072 5279 aliquanto
2105 5214 2355 5280 tempore
2383 5220 2790 5280 perseverasse.

478 5382 686 5441 Harum
719 5385 1077 5443 homiliarum
1123 5388 1300 5461 stylus
1343 5398 1510 5461 atque
1555 5390 1728 5448 dictio
1769 5391 1963 5448 multis
1992 5392 2048 5447 in
2094 5389 2233 5448 locis
2276 5390 2499 5448 concisa
2544 5396 2651 5457 est,
2679 5388 2956 5457 etiamque
2983 5384 3257 5449 intricata,
3287 5381 3378 5437 vix
3411 5388 3474 5435 ut
3501 5379 3680 5449 possit

409 5506 679 5582 intelligi;
710 5511 808 5567 sed
834 5510 964 5584 quia
992 5510 1061 5567 ad
1097 5512 1415 5569 auditorum
1444 5521 1666 5586 captum
1710 5513 2123 5571 accommodata
2149 5523 2288 5581 erat,
2324 5512 2461 5568 nihil
2507 5511 2737 5569 dubium
2765 5521 2869 5577 est,
2896 5525 2959 5565 ea
2995 5523 3117 5579 quae
3146 5505 3309 5561 nobis
3335 5502 3594 5559 intercisa
3619 5510 3675 5555 et

408 5632 574 5693 captu
625 5624 869 5683 difﬁcilia
916 5627 1198 5697 videntur,
1243 5644 1355 5686 non
1392 5629 1625 5701 perinde
1665 5628 2285 5703 Constantinopolitanae
2316 5626 2485 5701 plebi,
2517 5626 2650 5684 huic
2690 5623 2908 5683 dicendi
2937 5622 3128 5696 generi
3160 5628 3410 5689 assuetae,
3442 5618 3677 5675 obscura

406 5738 598 5796 fuisse.
