4148 6402
455 340 565 398 297

455 469 511 511 ct
541 469 720 512 tenera
747 451 1219 523 proﬁciscebantur
1238 492 1253 517 ,
1285 468 1314 507 a
1339 454 1560 509 caritate
1596 469 1757 526 quam
1796 453 2044 509 Christus

457 552 572 620 ipse
594 547 868 619 quaerebat
886 588 901 612 ,
929 562 996 603 ex
1021 546 1254 618 quodam
1283 556 1489 602 natura:
1514 561 1781 602 consensu
1808 545 2046 601 fraterno

455 650 513 695 et
542 639 735 711 patrio,
770 654 834 694 ac
859 639 1036 709 potius
1064 639 1303 708 utrisque
1331 639 1447 693 istis
1476 638 1702 708 majore.
1732 636 1845 692 lloc
1874 636 2039 692 modo

455 732 598 787 afﬁci
625 740 883 802 oportet,
915 731 1017 787 hoc
1039 729 1201 785 modo
1226 728 1358 784 ﬁere
1391 748 1405 785 :
1438 727 1743 796 hujusmodi
1790 728 2044 799 lacryma:

456 838 652 895 magno
672 830 799 878 sunt
826 822 1036 877 refertae
1059 820 1282 892 gaudio;
1312 819 1619 890 hujusmodi
1664 819 1838 874 luctus
1882 835 2042 874 causa

457 916 658 971 ltetitiae
683 924 787 970 est.
816 916 895 969 Ac
922 929 990 969 ne
1015 913 1146 969 mihi
1173 912 1341 979 dicas,
1370 911 1509 980 Quid
1539 896 2043 967 utilitatis'aﬂ'erunt

456 1024 593 1064 mea:
622 1010 870 1081 Iacryma:
892 1008 988 1074 iis,
1018 1019 1115 1079 pro
1159 1008 1354 1078 quibus
1395 1006 1499 1063 hoc
1539 1007 1717 1063 facio?
1764 1006 1899 1062 Nam
1940 1008 2042 1063 etsi

458 1100 562 1156 illis
585 1098 721 1155 nihil
749 1100 1040 1169 prosimus,
1064 1112 1127 1154 ac
1152 1108 1300 1154 certe
1324 1099 1477 1155 nobis
1512 1098 1643 1169 ipsis
1679 1097 2041 1170 proderimus.

457 1192 589 1247 Nam
620 1194 711 1262 qui
748 1192 827 1247 sic
863 1206 962 1259 pro
989 1190 1180 1246 alienis
1203 1189 1385 1256 dolet,
1407 1189 1577 1245 multo
1605 1189 1772 1260 magis
1803 1203 1899 1259 pro
1927 1188 2041 1249 suis

458 1285 694 1351 dolebit;
723 1285 810 1354 qui
837 1284 1010 1338 aliena
1036 1282 1218 1353 luget,
1255 1281 1300 1337 is
1320 1289 1469 1336 certe
1495 1281 1621 1335 vitia
1651 1288 1707 1336 et
1726 1279 1921 1335 delicta
1941 1294 2040 1335 sua

459 1393 564 1431 non
586 1377 703 1432 sine
728 1374 978 1446 lacrymis
1000 1373 1149 1428 abire
1177 1373 1356 1437 sinet;
1381 1372 1490 1426 imo
1516 1386 1622 1427 non
1643 1371 1751 1426 cito
1772 1370 2036 1441 peccabit.

458 1468 566 1525 Nos
590 1483 739 1531 vero,
762 1465 903 1538 quod
925 1466 1168 1522 omnium
1186 1463 1563 1535 gravissimum
1586 1470 1688 1525 est.
1706 1462 1842 1532 jussi
1865 1462 2038 1516 aliena

458 1569 674 1630 peccata
705 1558 856 1624 ﬁere,
880 1573 950 1613 ne
970 1558 1025 1612 in
1054 1557 1254 1611 nostris
1274 1554 1491 1626 quidem
1521 1566 1685 1610 unum
1713 1554 2040 1624 pcenitentize

454 1654 667 1724 signum
695 1653 921 1717 damus;
953 1649 1047 1705 sed
1077 1649 1195 1705 sine
1219 1648 1331 1704 ullo
1357 1646 1559 1703 doloris
1583 1661 1746 1701 sensu
1775 1645 2037 1713 caditnus,

455 1752 511 1800 et
537 1744 715 1800 omnia
739 1757 994 1799 curamus
1020 1742 1220 1813 magis,
1257 1741 1435 1796 omnia
1471 1739 1640 1809 magis
1679 1737 2038 1808 expendimus

452 1854 614 1910 quam
638 1846 854 1908 peccata
882 1845 1087 1892 nostra.
1128 1835 1253 1890 Ideo
1296 1832 1589 1905 gaudemus
1630 1832 1882 1902 gaudium
1935 1831 2038 1886 hoc

455 1931 640 1986 inutile
673 1948 687 1985 :
715 1929 858 2001 quod
888 1930 996 1984 cito
1020 1928 1199 1999 perit,
1224 1926 1369 1998 quod
1397 1934 1682 1983 sexcentas
1710 1925 1851 1996 parit
1877 1925 2037 1995 aegri-

454 2023 686 2077 tudines.
719 2021 1037 2077 Mmreamus
1060 2020 1217 2091 igitur
1246 2032 1480 2075 maerore
1507 2016 1688 2088 gaudii
1708 2025 1952 2082 auctore,
1980 2024 2036 2071 et

454 2130 521 2169 ne
542 2113 869 2185 gaudeamus
888 2110 1083 2182 gaudio
1103 2109 1433 2181 aegritudinis
1445 2116 1668 2180 parente
1691 2124 1705 2162 :
1729 2107 2035 2163 emittamus

452 2206 718 2278 lacrymas
744 2204 971 2259 multum
996 2202 1286 2273 voluptatis
1306 2201 1672 2265 seminantes,
1711 2209 1766 2253 et
1804 2214 1912 2255 non
1956 2198 2033 2252 ri-

451 2298 675 2353 deamus
717 2297 829 2353 risu
850 2336 869 2365 ,
904 2295 996 2367 qui
1031 2293 1316 2351 stridorem
1342 2293 1497 2350 nobis
1523 2291 1763 2349 dentium
1792 2292 1977 2364 gignat
2014 2308 2029 2346 :

1371 334 1437 392 1N
1474 334 1687 393 EPIST.
1727 334 1820 391 AD
1858 332 2145 391 PlllLlPP.
2184 336 2337 392 CAP.
2381 336 2468 392 IV.
2511 336 2743 395 llOMlL.
2782 336 2900 396 XV.

3630 339 3737 396 293

2152 455 2467 514 al'ﬁictetnus
2489 474 2587 515 nos
2611 458 2954 516 alﬂictatione
2983 458 3071 515 illa
3093 458 3233 515 unde
3263 457 3475 530 requies
3498 459 3733 525 exsistit,

2152 556 2210 603 et
2238 562 2305 602 ne
2325 547 2546 605 delicias
2571 564 2873 621 quaeramus
2896 566 2960 607 ex
2983 550 3175 622 quibus
3201 566 3438 606 sarumna
3468 560 3523 608 et
3544 550 3721 607 dolor.

2150 637 2231 693 Ad
2257 637 2421 694 breve
2440 646 2656 710 tempus
2686 641 2741 695 in
2764 650 2906 697 terra
2928 641 3255 709 laboremus,
3280 650 3338 696 ut
3362 650 3621 711 perpetuo
3634 656 3734 697 nos

2150 728 2484 785 oblectemus
2529 731 2584 786 in
2628 733 2775 787 caelis
2805 749 2819 785 :
2854 732 2907 787 in
2951 731 3154 788 caduca
3198 731 3301 787 hac
3340 731 3448 787 vita
3490 747 3589 788 nos
3632 732 3733 802 ipsi

2149 818 2494 889 alllictemus,
2520 831 2577 876 ut
2603 822 2654 876 in
2684 823 2894 877 inﬁnita
2914 823 3003 877 illa
3030 823 3269 894 requiem
3296 836 3692 893 consequamur
3719 841 3731 875 :

2148 924 2257 964 non
2278 910 2581 967 diﬁluamus
2600 912 2808 969 deliciis
2831 914 2883 968 in
2910 913 3012 970 hac
3036 914 3208 982 brevi,
3238 929 3306 969 ne
3334 914 3388 969 in
3418 914 3506 969 illa
3528 913 3733 969 inﬁnita

2147 1003 2497 1073 suspiremus.
2538 1005 2731 1062 Annon
2759 1006 2950 1063 videtis
2976 1016 3107 1078 quot
3151 1006 3397 1063 homines
3441 1007 3528 1063 hic
3570 1008 3731 1062 etiam

2148 1110 2330 1151 rerum
2360 1097 2428 1152 ad
2455 1096 2593 1154 hanc
2618 1098 2783 1154 vitam
2811 1100 3193 1169 pertinentium
3220 1113 3379 1155 causa
3426 1107 3691 1169 angantur
3708 1104 3732 1153 ν

2148 1189 2404 1245 Existima
2433 1199 2482 1245 te
2509 1206 2720 1262 quoque
2746 1207 2909 1247 unum
2935 1206 3003 1247 ex
3025 1192 3129 1247 illis
3157 1207 3299 1259 esse,
3329 1201 3383 1247 et
3425 1191 3508 1248 l'er
3532 1208 3729 1248 aerum-

2148 1296 2273 1337 nam
2297 1296 2361 1337 ac
2382 1282 2622 1339 dolorem
2645 1325 2660 1349 ,
2688 1299 2787 1353 spe
2813 1283 3113 1340 futurorum
3162 1284 3423 1341 bonorum
3472 1286 3726 1341 nutritus.

2144 1372 2261 1429 Non
2285 1382 2339 1429 tu
2356 1389 2415 1430 es
2442 1374 2605 1431 Paulo
2631 1376 2842 1441 melior,
2866 1391 2974 1432 non
2994 1376 3155 1432 Petro
3184 1395 3198 1430 :
3227 1377 3419 1447 quibus
3440 1393 3733 1449 numquam

2144 1466 2312 1521 Otium
2338 1465 2519 1521 datum
2547 1474 2659 1533 est;
2689 1467 2780 1538 qui
2812 1468 2863 1522 in
2895 1467 3033 1523 fame
3050 1476 3105 1523 et
3124 1468 3210 1523 siti
3236 1469 3546 1523 etnuditato
3563 1478 3727 1524 totam

2144 1559 2309 1613 vitam
2334 1558 2699 1614 confecerunt.
2737 1558 2796 1615 Si
2822 1559 3010 1617 eadem
3040 1567 3199 1630 atque
3223 1558 3298 1614 illi
3325 1559 3407 1614 vis
3432 1561 3685 1630 consequi
3712 1603 3729 1626 ,

2143 1664 2247 1705 cur
2272 1650 2596 1705 contrariam
2629 1650 2829 1706 insistis
2856 1650 3041 1704 viam?
3069 1650 3114 1705 si
3158 1649 3226 1705 ad
3270 1651 3538 1705 civitatem
3583 1650 3729 1705 illam

2144 1742 2225 1796 vis
2252 1741 2553 1811 pervenire,
2580 1756 2684 1812 qua
2712 1741 2789 1795 illi
2818 1741 2964 1813 digni
2994 1740 3119 1797 lacti
3149 1751 3275 1796 sunt
3296 1782 3314 1810 ,
3349 1742 3495 1797 illam
3540 1758 3726 1813 perse-

2142 1847 2307 1903 quere
2331 1833 2471 1888 viam
2499 1848 2618 1903 quae
2646 1833 2769 1888 illuc
2797 1832 2920 1888 fert.
2952 1832 3069 1887 Non
3099 1833 3225 1888 illuc
3250 1834 3345 1889 otii
3372 1833 3478 1889 fert
3502 1836 3603 1900 via,
3630 1836 3727 1891 sed

2142 1938 2394 1979 aerumnae
2423 1942 2437 1979 :
2466 1924 2555 1978 illa
2585 1924 2711 1991 lata,
2738 1923 2852 1978 haec
2878 1933 3104 1994 angusta
3129 1931 3231 1979 est.
3266 1924 3375 1980 Hac
3419 1924 3523 1980 iter
3564 1926 3725 1981 facia-

2141 2030 2282 2082 mus,
2310 2024 2367 2070 ut
2390 2028 2783 2084 consequamur
2811 2024 3069 2075 aeternam
3100 2015 3264 2069 vitam
3292 2016 3343 2069 in
3365 2016 3580 2073 Christo
3599 2016 3727 2072 Jesu

2141 2106 2370 2161 Domino
2390 2115 2596 2172 nostro,
2626 2120 2746 2160 cum
2775 2120 2883 2176 quo
2911 2105 3055 2161 Patri
3081 2107 3347 2178 simulque
3372 2118 3559 2164 sancto
3599 2108 3725 2179 Spi-

2140 2199 2264 2253 ritui
2288 2198 2480 2268 gloria,
2509 2198 2817 2269 imperium,
2846 2197 3044 2267 honos,
3076 2214 3219 2255 nunc
3246 2209 3303 2256 et
3330 2214 3567 2271 semper,
3590 2212 3645 2257 et
3672 2202 3724 2256 in

2138 2289 2339 2346 saecula
2366 2288 2704 2345 saeculorum.
2735 2290 2930 2345 Amen.

458 2451 3689 2493 mw

574 2637 684 2697 AD
721 2636 1120 2699 HOMILIAS
1164 2637 1227 2699 S.
1273 2636 1611 2699 JOANNIS
1645 2636 2218 2700 CHRYSOSTOMI
2251 2638 2334 2699 ΙΝ
2362 2636 2821 2699 EPISTOLAM
2863 2636 2973 2697 AD
3015 2629 3587 2698 COLOSSENSES.

526 2825 587 2880 ln
618 2824 770 2882 hisee
794 2841 961 2897 porro
985 2825 1346 2882 concionibus
1381 2826 1552 2880 multa
1580 2825 1845 2881 discimus
1869 2825 1940 2881 de
1972 2825 2083 2882 ritu
2107 2825 2369 2883 Ecclesiae
2396 2822 3019 2895 Constantinopolitanae
3060 2823 3116 2877 in
3145 2821 3426 2893 Liturgia;
3458 2821 3714 2889 interque

456 2942 561 2997 alia
592 2942 796 2997 dicitur
834 2957 1028 3013 pacem
1054 2942 1364 2998 innumeris
1396 2958 1539 3014 pene
1578 2942 1793 2997 vicibus
1824 2942 1971 2998 inter
1993 2942 2265 2997 orandum
2294 2942 2523 3013 petitam
2568 2941 2760 3001 fuisse.
2804 2939 3063 3008 Quaedam
3090 2938 3257 2995 etiam
3298 2947 3602 2993 occurrunt
3646 2936 3718 2991 de

458 3057 719 3115 Ecclesiae
740 3056 1002 3129 opinione
1041 3068 1208 3129 atque
1236 3058 1544 3125 sententia;
1576 3058 1815 3129 exempli
1856 3073 2020 3114 causa
2061 3057 2131 3114 de
2173 3057 2385 3128 angelis
2408 3057 2754 3122 custodibus,
2783 3055 2878 3127 qui
2910 3054 3110 3127 singuli
3140 3054 3373 3126 singulis
3402 3053 3719 3109 hominibus

458 3173 526 3231 ad
564 3172 792 3229 tutelam
828 3171 1200 3243 assignantur.

531 3330 600 3387 Ut
627 3336 748 3385 erat
775 3327 1202 3400 Chrysostomus
1230 3341 1419 3393 verax,
1448 3325 1594 3397 aequi
1632 3340 1843 3392 amans,
1871 3333 1928 3381 et
1951 3323 2019 3381 ad
2053 3324 2330 3397 carpenda
2372 3324 2506 3379 vitia
2546 3339 2777 3395 pronus,
2804 3339 2874 3379 ne
2898 3324 3219 3394 imperatori
3251 3325 3477 3396 quidem
3507 3323 3718 3394 parcit;

463 3448 562 3506 scd
598 3442 974 3501 Theodosium
1015 3443 1293 3515 Magnum,
1326 3443 1458 3499 licet
1499 3442 1668 3499 tacito
1690 3442 1938 3510 nomine,
1971 3441 2148 3513 carpit
2175 3442 2326 3497 hom.
2362 3440 2617 3513 septima,
2643 3459 2702 3497 n.
2728 3442 2783 3510 3,
2812 3442 2961 3513 quod
2988 3441 3389 3499 Antiochenam
3414 3442 3719 3507 civitatem,

460 3564 727 3630 offensus,
749 3562 982 3633 perdere
1002 3576 1070 3616 ac
1087 3560 1378 3617 destruere
1401 3560 1665 3617 voluerit.
1694 3559 2110 3632 lmperatricem
2132 3574 2290 3625 vero,
2313 3558 2615 3615 Eudociam
2645 3574 2867 3630 nempe,
2891 3573 3002 3614 non
3023 3558 3220 3614 leviter
3242 3559 3547 3615 insectatur
3568 3558 3718 3613 hom.

460 3675 696 3742 decima,
723 3689 877 3731 num.
907 3674 942 3730 4
965 3682 1023 3729 et
1059 3674 1113 3740 5,
1144 3673 1216 3729 ob
1246 3674 1440 3729 luxum
1470 3672 1704 3728 nimium
1744 3681 1804 3728 et
1844 3672 2101 3744 profusos
2131 3672 2187 3727 in
2212 3688 2395 3728 vesws
2421 3688 2618 3728 aureas
2644 3680 2916 3743 sumptus,
2932 3670 3037 3743 qui
3065 3671 3328 3728 membris
3350 3671 3555 3729 Christi
3588 3686 3725 3742 pau-

464 3790 691 3862 peribus
716 3789 966 3863 tegendis
1002 3799 1169 3863 atque
1200 3789 1454 3846 fovendis
1480 3788 1785 3861 deputandi
1810 3798 1988 3846 erant.
2020 3789 2101 3845 Ex
2131 3788 2237 3846 hac
2267 3803 2433 3861 porro
2456 3797 2604 3845 tanta
2627 3788 2850 3845 dicendi
2883 3789 3163 3855 libertate,
3195 3790 3328 3861 quid
3352 3789 3574 3846 demum
3600 3805 3723 3847 san-

463 3913 555 3960 cto
580 3905 802 3963 Doetori
825 3906 1113 3976 acciderit,
1146 3907 1365 3979 ignorat
1384 3920 1570 3975 nemo,
1592 3916 1652 3963 et
1676 3922 1780 3965 nos
1801 3907 2055 3979 pluribus
2081 3906 2463 3965 recensuimus
2484 3908 2542 3963 in
2569 3907 2817 3979 ejusdem
2839 3908 2983 3964 Vita.

533 4063 653 4119 Non
680 4063 909 4120 deerant
934 4065 1142 4121 oratori
1174 4073 1424 4132 strenuo,
1459 4064 1660 4129 dicaci.
1696 4066 1842 4137 aequi
1880 4065 2125 4137 bonique
2156 4066 2380 4137 cupido,
2423 4080 2547 4137 qua:
2594 4065 2653 4120 in
2696 4063 3440 4135 ConstantinOpolitanorum
3478 4061 3729 4117 moribus

461 4189 719 4251 carperet
738 4189 796 4239 et
819 4182 1201 4239 insectaretur.
1226 4182 1366 4237 Nam
1389 4182 1625 4238 divitum
1647 4190 1835 4240 tantus
1857 4192 1981 4240 erat
2007 4184 2194 4251 luxus,
2222 4182 2361 4239 tanti
2390 4182 2448 4238 in
2476 4180 2683 4237 mensis
2709 4191 3008 4253 apparatus
3031 4189 3194 4252 atque
3221 4188 3493 4252 sumptus,
3524 4188 3588 4234 ut
3616 4194 3727 4234 non

464 4299 586 4354 sine
617 4309 846 4371 stupore
874 4302 1128 4373 legantur
1155 4317 1222 4358 ea
1246 4317 1371 4373 quae
1404 4303 1495 4360 ille
1520 4304 1579 4360 in
1606 4304 1833 4361 homilia
1859 4307 2059 4378 prima,
2092 4322 2248 4362 num.
2278 4305 2310 4361 Δ
2343 4312 2615 4361 recenset.
2643 4302 2867 4360 Plebem
2892 4313 3096 4369 autem,
3128 4302 3238 4356 imo
3266 4298 3727 4368 ConstantinOpo-

467 4415 667 4470 litanos
697 4431 891 4471 omnes
912 4418 1037 4488 jure
1078 4417 1335 4490 objurgat
1372 4428 1430 4474 et.
1470 4419 1729 4489 incessit;
1765 4422 1914 4492 quod
1938 4423 2099 4481 multi
2124 4423 2311 4479 omnia
2350 4421 2592 4477 humana
2621 4420 2733 4476 fato
2777 4420 2909 4475 ferri
2942 4418 3192 4474 dicerent
3232 4424 3397 4487 atque
3436 4421 3727 4487 putarent,

468 4531 707 4602 ideoque
749 4532 848 4588 Dei
890 4532 1299 4603 providentiam
1345 4534 1484 4591 nihil
1525 4547 1820 4605 curarent;
1864 4537 2009 4610 quod
2039 4538 2261 4609 plurimi
2306 4537 2771 4595 resurrectionem
2815 4542 3109 4606 negarent;
3140 4532 3290 4605 quod
3317 4532 3733 4590 observationes

469 4646 689 4702 dierum
714 4646 863 4719 apud
891 4647 1018 4703 illos
1045 4649 1297 4720 vigerent
1328 4665 1342 4703 :
1374 4649 1482 4705 hoc
1512 4665 1647 4706 vero
1684 4668 1859 4724 genus
1884 4654 2297 4724 superstitionis
2332 4652 2430 4709 diu
2470 4652 2818 4723 multumque
2849 4651 2907 4707 in
2933 4649 3372 4707 occidentalibus
3409 4651 3575 4707 etiam
3602 4667 3730 4721 par-

473 4765 624 4820 tibus
654 4763 908 4833 invaluit,
936 4775 999 4822 ut
1027 4766 1161 4823 alibi
1194 4766 1716 4825 demonstravimus.
1752 4770 2033 4842 Ligamina
2073 4772 2265 4838 etiam,
2295 4785 2418 4843 quae
2450 4783 2625 4842 graece
2650 4768 2928 4841 περίαπτα
2959 4768 3245 4834 dicuntur,
3273 4776 3332 4822 et
3360 4766 3494 4822 alias
3533 4766 3735 4822 multas

474 4878 901 4951 spuerstitiones
924 4882 1070 4954 apud
1101 4881 1228 4937 illos
1256 4881 1544 4939 observari
1570 4883 1705 4940 dicit
1730 4884 1879 4940 hom.
1909 4893 2123 4953 octava,
2148 4901 2303 4941 num.
2335 4884 2389 4941 5.
2419 4883 2626 4940 Morem
2653 4897 2875 4954 quoque
2905 4882 3135 4938 omnino
3159 4880 3529 4938 damnandum
3560 4879 3736 4936 inscc-

478 5004 650 5063 tatur,
677 4997 825 5068 quod
851 5015 1051 5070 nempe
1074 4998 1670 5073 Constantinopolitani
1699 5003 2054 5059 meretricum
2078 5017 2285 5059 cuneos
2312 5000 2381 5057 ad
2404 4999 2627 5072 nuptias
2651 4996 3007 5055 celebrandas
3027 4997 3382 5054 advocarent.

544 5150 833 5225 Singulare
860 5159 1089 5217 omnino
1114 5172 1201 5219 est
1230 5161 1285 5218 id
1315 5164 1463 5235 quod
1488 5164 1623 5219 dicit
1649 5162 1799 5220 hom.
1830 5163 2085 5235 septima,
2116 5177 2271 5217 num.
2300 5161 2354 5229 5,
2373 5176 2573 5233 nempe
2596 5175 2782 5232 regem
2805 5159 3342 5230 Persarumilloipso
3366 5171 3478 5228 quo
3501 5153 3740 5222 Chryso-

473 5277 688 5325 stomus
720 5273 1154 5330 concionabatur
1186 5286 1455 5349 tempore,
1504 5278 1734 5335 barbam
1768 5278 2028 5365 habuisse
2057 5291 2301 5333 auream.
2344 5276 2618 5332 Prolixam
2659 5283 2832 5341 certe,
2862 5273 3090 5331 densam
3121 5282 3178 5330 et
3209 5267 3543 5342 adjectitiam
3569 5262 3737 5319 fuisse

477 5390 667 5445 regum
698 5379 993 5437 Persarum
1027 5384 1255 5441 barbam
1284 5389 1552 5460 exemplis
1577 5399 1633 5446 et
1662 5390 2037 5447 schematibus
2067 5389 2427 5447 conﬁrmatur
2456 5390 2512 5445 in
2537 5386 2875 5459 Antiquitate
2900 5386 3186 5458 explanata
3207 5381 3365 5440 Tom.
3393 5380 3457 5449 3;
3489 5378 3580 5435 hic
3607 5391 3738 5434 vero

478 5486 737 5559 adjicitur
767 5510 889 5551 eam
934 5496 1104 5554 fuisse
1141 5514 1387 5557 auream.

550 5654 1069 5731 lnterprctationem
1097 5660 1348 5719 Latinam
1377 5662 1635 5721 Getttiani
1670 5665 1892 5723 llervcti
1916 5652 2171 5738 plurimis
2200 5666 2258 5723 in
2290 5664 2426 5724 locis
2458 5663 2864 5737 castigavimus.
