4120 6400
1381 1072 1791 1163 SANCTI
1868 1067 2294 1159 PATRIS
2365 1062 2806 1160 NOSTRI

487 1493 1613 1708 JOANNIS
1717 1482 3708 1740 CHRYSOSTOMI,

1396 2005 1910 2089 ARCHIEPISCOP!
1963 1997 2801 2065 CONSTANTINOPOLITANI,

698 2360 805 2440 IN
887 2356 1457 2440 EPISTOLAM
1536 2361 1669 2439 AD
1747 2352 2451 2440 comsssuses
2522 2300 3339 2433 COMMENTARIUS
3397 2331 3507 2420 (α).

1882 2986 2196 3047 HOMILIA
2262 2985 2313 3044 Ι.

461 3278 589 3336 ΟΜ».
623 3273 676 3329 1.
705 3287 758 3324 v.
787 3270 841 3323 1.
868 3263 1068 3321 Paulus
1092 3257 1351 3332 apostolus
1378 3254 1505 3310 Iesu
1531 3252 1719 3310 Christi
1746 3266 1835 3322 per
1861 3251 2041 3306 volun-

532 3376 684 3420 tatem
711 3360 826 3426 Dei,
860 3367 904 3411 et
925 3352 1218 3409 Timotheus
1248 3352 1423 3420 frater,
1444 3344 1500 3401 2.
1530 3346 1594 3400 iis
1619 3344 1704 3414 qui
1723 3354 1838 3397 sunt
1859 3342 2037 3398 Colos-

533 3459 604 3515 sis
633 3455 822 3510 sanctis
856 3459 899 3505 et
937 3445 1171 3519 fidelibus
1197 3440 1439 3514 fratribus
1468 3439 1521 3492 in
1552 3437 1753 3492 Christo
1781 3435 1938 3500 Iesu,
1980 3436 2035 3489 5.

533 3549 698 3623 gratia
725 3547 863 3601 vobis
892 3552 939 3597 et
982 3556 1085 3611 pax
1111 3555 1144 3592 a
1186 3535 1295 3589 Deo
1322 3532 1480 3587 Patre
1516 3538 1687 3585 nostra
1733 3537 1780 3584 et
1821 3527 2039 3583 Domino

534 3646 659 3698 Jesu
688 3639 912 3695 Christo.

535 3736 587 3790 1.
619 3732 828 3787 Sanctae
847 3722 1061 3797 quidem
1088 3729 1211 3775 sunt
1236 3730 1427 3773 omnes
1454 3711 1709 3784 Epistolze
1732 3709 1909 3775 Pauli;
1943 3707 2040 3762 ali-

459 3825 587 3899 quid
615 3833 794 3878 autem
828 3816 1026 3871 habent
1049 3811 1279 3880 amplius
1303 3823 1381 3863 ea:
1404 3847 1421 3874 ,
1448 3820 1567 3876 qua:
1596 3802 1687 3857 illo
1715 3801 1891 3855 vincto
1918 3799 2041 3854 mit-

463 3888 647 3972 tuntur
670 3954 686 3981 ,
732 3904 1029 3978 cujusmodi
1068 3910 1194 3957 sunt
1243 3895 1495 3968 Epistolas
1531 3892 1598 3947 ad
1633 3890 1916 3962 Ephesios,
1971 3888 2038 3943 ad

461 4011 849 4068 Philemonem,
872 3999 938 4054 ad
979 3992 1340 4056 Timotheum,
1380 3988 1567 4043 ethmc
1593 3998 1827 4054 prassens
1855 3997 1871 4036 :
1915 3996 2038 4035 nam

461 4122 526 4162 ea
574 4112 786 4173 quoque
838 4094 999 4148 missa
1043 4094 1126 4142 est
1152 4099 1272 4139 cum
1298 4088 1442 4137 esset
1492 4079 1546 4133 in
1595 4075 1847 4140 vinculis,
1899 4074 2038 4128 sicut

465 4170 707 4253 scribens
727 4187 940 4247 dicebat
969 4199 984 4237 :
1017 4180 1238 4251 Propter
1260 4174 1393 4245 quod
1413 4172 1565 4226 etiam
1600 4170 1794 4223 vinctus
1813 4182 1925 4220 sum
1944 4204 1961 4231 ,
1986 4174 2041 4219 ut

465 4286 779 4356 manifestem
797 4277 928 4333 illud
955 4274 1028 4327 ita
1052 4280 1108 4325 ut
1134 4273 1328 4339 oportet
1353 4280 1432 4317 me
1451 4260 1594 4332 loqui
1622 4258 1759 4329 (Col.
1791 4257 1847 4312 ι.
1875 4257 1930 4312 5.
1956 4256 2036 4325 4).

440 4428 446 4437 .
466 4380 572 4438 Sed
598 4349 713 4432 haec
737 4371 944 4428 videtur
965 4378 1086 4421 esse
1109 4358 1371 4433 posterior
1398 4352 1636 4425 Epistula
1660 4349 1727 4406 ad
1748 4350 2038 4438 Romanos.

464 4437 597 4529 Nam
624 4469 767 4524 illam
794 4459 1010 4533 quidem
1058 4450 1272 4522 scripsit
1321 4462 1445 4503 cum
1478 4444 1763 4519 ,Romanos
1805 4437 2040 4494 nondum

465 4564 708 4623 vidisset,
739 4530 876 4610 hanc
901 4561 1076 4604 autem
1098 4559 1219 4599 cum
1243 4540 1354 4611 jam
1386 4536 1626 4601 vidisset,
1672 4540 1729 4588 et
1761 4530 1871 4601 jam
1899 4536 2042 4584 esset

467 4658 520 4710 in
575 4654 678 4707 line
707 4638 1122 4718 praedicationis.
1156 4632 1306 4689 Illinc
1334 4637 1515 4684 autem
1540 4634 1624 4681 est
1651 4622 1990 4693 perspicuum
2022 4635 2038 4671 :

431 4774 436 4781 ο
464 4708 593 4801 dicit
637 4708 779 4795 enim
810 4737 863 4790 in
889 4729 1125 4802 Epistola
1153 4724 1220 4781 ad
1251 4721 1637 4779 Philemonem,
1668 4713 1795 4769 Cum
1819 4712 1890 4765 sis
1925 4708 2042 4763 talis

466 4851 524 4894 ut
555 4833 751 4890 Paulus
770 4842 921 4883 senes;
947 4822 1198 4896 (Philem.
1225 4813 1305 4886 9),
1327 4822 1383 4867 et
1410 4822 1604 4880 rogans
1630 4820 1727 4877 pro
1760 4802 2038 4896 Quiesimo:

469 4932 522 4985 in
543 4929 642 4982 hac
660 4931 837 4978 autem
860 4890 1021 4972 mittit
1044 4913 1217 4983 ipsum
1237 4903 1568 4963 Onesimum,
1589 4899 1726 4951 sicut
1749 4894 1897 4960 dicit,
1916 4890 2043 4947 Cum

472 5020 710 5077 Onesimo
740 5010 880 5085 ﬁdeli
906 5019 951 5064 et
974 5007 1154 5061 dilecto
1181 5006 1338 5074 fratre
1388 4993 1523 5085 (Col.
1552 4992 1606 5046 4.
1630 4987 1721 5085 9)
1750 4986 1959 5041 ﬁdelem
1987 4992 2045 5085 et

432 5154 435 5159 -
470 5072 752 5171 dilectum:
766 5113 823 5160 et
850 5101 1068 5157 fratrem
1096 5072 1217 5150 eum
1249 5102 1464 5146 vocans.
1492 5078 1849 5150 Quamobrem
1879 5072 2043 5130 conﬁ-

472 5162 664 5259 denter
690 5162 820 5252 dicit
868 5192 921 5247 in
969 5188 1071 5241 hac
1118 5178 1354 5252 Epistola
1385 5194 1399 5231 :
1433 5174 1476 5228 Α
1516 5186 1606 5241 spe
1644 5165 1885 5237 evangelii
1910 5162 2044 5234 quod

470 5293 702 5360 audistis,
729 5286 863 5360 quod
890 5266 1219 5354 pradicatum
1242 5281 1316 5328 est
1348 5271 1402 5324 in
1422 5267 1656 5322 universa
1683 5268 1915 5360 creatur-tt
1933 5269 2046 5360 quas

473 5346 714 5444 vi:th
742 5346 829 5436 .est
859 5346 1020 5448 (ibid.
1051 5372 1102 5426 1.
1128 5365 1244 5437 ‘25).
1276 5363 1394 5418 Jam
1436 5357 1578 5413 enim
1623 5362 1833 5421 tempus
1870 5346 2044 5448 babe-

473 5481 565 5537 hat
590 5440 917 5549 praedicatio.
974 5464 1085 5521 llac
1107 5473 1235 5529 ergo
1263 5452 1512 5510 existimo
1537 5460 1657 5503 esse
1683 5440 2038 5514 posteriorem

541 5652 616 5713 (τι)
638 5649 860 5713 Homilies
885 5647 934 5713 in.
973 5636 1233 5713 ερξξεοιειειι
1246 5626 1672 5713 -99.
1702 5620 1891 5713 si“?
1904 5617 2047 5713 ἓξὲξ

475 5674 1674 5769 ωἷιῗεῦὦνροὼυῖωιίδ
1702 5681 1796 5734 909
1829 5686 1881 5731 et
1904 5674 2044 5727 H23.

2148 3253 2443 3326 Epistolam
2468 3255 2536 3312 ad
2562 3254 2925 3323 Timotheum,
2949 3270 3071 3327 quas
3108 3254 3322 3311 circiter
3346 3254 3462 3326 ejus
3497 3263 3726 3311 mortem

2146 3347 2343 3418 scripta
2368 3346 2498 3403 fuit:
2524 3347 2634 3403 illic
2662 3349 2803 3402 enim
2825 3346 2977 3413 dicit,
3002 3344 3114 3416 Ego
3136 3345 3267 3398 enim
3290 3345 3403 3417 jam
3429 3344 3618 3399 delibor
3642 3346 3721 3414 (9..

2150 3436 2282 3492 Tim.
2308 3438 2361 3494 4.
2386 3438 2419 3494 6
2449 3438 2490 3509 ).
2533 3438 2631 3494 Est
2655 3453 2786 3493 vero
2817 3439 2932 3495 haec
2958 3436 3181 3505 epistola
3207 3436 3474 3506 antiquior
3495 3434 3579 3489 illa
3605 3451 3724 3505 qua:

2145 3530 2344 3601 scripta
2360 3539 2444 3587 est
2464 3530 2530 3587 ad
2544 3531 2940 3600 Philippenses:
2959 3529 3067 3584 illic
3084 3528 3224 3583 enim
3248 3536 3373 3583 tunc
3386 3536 3524 3595 erat,
3540 3529 3727 3583 vincu-

2147 3625 2319 3679 lorum
2349 3640 2468 3695 quae
2508 3624 2726 3679 fuerunt
2762 3623 2948 3678 Roma:
2975 3622 3182 3677 habens
3209 3620 3436 3675 initium.
3468 3622 3574 3677 Cur
3597 3637 3725 3692 ergo

2146 3715 2268 3772 dico
2290 3716 2385 3771 has
2402 3717 2656 3787 epistolas
2677 3716 2795 3786 plus
2822 3715 3019 3778 habere
3039 3728 3197 3784 quam
3220 3713 3384 3767 alias?
3410 3712 3698 3782 Propterea

2146 3809 2289 3882 quod
2329 3823 2421 3863 eas
2460 3808 2724 3864 scriberet
2749 3821 2868 3862 cum
2900 3814 3043 3860 esset
3072 3804 3124 3858 in
3152 3802 3376 3858 vinculis
3422 3819 3435 3856 :
3474 3810 3534 3857 ut
3560 3804 3607 3858 si
3636 3804 3721 3859 vir

2148 3903 2301 3958 fortis
2332 3901 2613 3967 scriberet,
2662 3915 2691 3954 a
2721 3898 2956 3954 caedibus
2998 3897 3211 3951 interim
3238 3894 3501 3951 desistens
3528 3904 3583 3950 et
3607 3904 3716 3950 tro-

2146 3994 2297 4065 pacis,
2330 3993 2409 4047 sic
2437 3991 2565 4062 ipsis
2589 4005 2801 4062 quoque
2830 3987 3076 4043 faciebat.
3098 3986 3313 4042 Sciebat
3341 3986 3485 4041 enim
3510 3986 3600 4041 ille
3622 3986 3724 4041 hoc

2148 4099 2269 4140 esse
2298 4098 2544 4153 magnum
2570 4100 2583 4136 :
2613 4082 2679 4135 ad
2712 4081 3081 4136 Philemonem
3108 4078 3249 4132 enim
3282 4077 3542 4145 scribens,
3571 4076 3720 4145 dicit,

2152 4179 2313 4244 Quem
2343 4176 2492 4247 genui
2517 4174 2568 4228 in
2590 4173 2801 4227 vinculis
2828 4171 2950 4224 meis
2970 4168 3222 4237 (Philem.
3253 4168 3369 4239 10).
3395 4168 3519 4224 Hac
3544 4178 3721 4223 autem

2110 4324 2113 4327 η
2147 4269 2298 4335 dixit,
2330 4282 2399 4322 ne
2439 4265 2493 4320 in
2527 4265 2686 4320 rebus
2713 4262 2949 4317 adversis
2978 4269 3034 4315 et
3060 4260 3267 4330 asperis
3295 4259 3482 4313 dolore
3519 4258 3722 4312 afﬁcit-

2149 4378 2297 4424 mur;
2326 4358 2421 4416 sed
2442 4360 2603 4414 etiam
2622 4358 2881 4411 laetemur.
2911 4353 3009 4408 llic
3026 4362 3140 4408 erat
3155 4350 3293 4421 apud
3310 4364 3402 4406 eos
3423 4349 3719 4407 Philemon:

2147 4454 2345 4511 etenim
2393 4450 2504 4505 illic
2546 4449 2789 4504 scribens
2813 4445 2961 4511 dicit,
2993 4442 3062 4497 Et
3097 4442 3358 4512 Archippo
3396 4439 3726 4495 commilitoni

2147 4558 2317 4601 nostra
2340 4542 2500 4614 (Ibid.
2526 4540 2616 4613 '2);
2641 4548 2694 4594 et
2724 4537 2830 4601 hic,
2862 4534 3030 4590 Dicite
3056 4534 3316 4603 Archippo
3359 4531 3494 4603 (Col.
3522 4529 3576 4586 4.
3610 4530 3720 4599 1-7).

2149 4638 2373 4695 Videtur
2399 4649 2560 4706 porro
2587 4632 2711 4686 huic
2732 4629 2901 4685 fuisse
2929 4622 3237 4682 mandatum
3277 4623 3490 4693 aliquod
3529 4635 3724 4677 munus

2149 4726 2427 4787 Ecclesiae.
2456 4723 2567 4780 Nec
2592 4723 2689 4777 hos
2727 4729 2904 4776 autem
2931 4718 3159 4780 viderat,
3208 4730 3381 4785 neque
3425 4714 3720 4775 Romanos,

2150 4836 2322 4893 neque
2345 4818 2620 4883 Hebrazos,
2649 4813 2862 4885 quando
2888 4810 2955 4866 ad
2982 4824 3077 4867 eos
3116 4808 3402 4864 scribebat.
3434 4808 3608 4876 Atque
3654 4805 3723 4859 de

2151 4915 2254 4969 illis
2282 4909 2497 4982 quidem
2518 4907 2695 4962 multis
2725 4905 2775 4958 in
2801 4904 2935 4959 locis
2955 4901 3009 4957 id
3037 4898 3318 4970 signiﬁcat;
3337 4896 3404 4952 de
3430 4896 3512 4950 his
3541 4904 3719 4949 autem

2151 5005 2272 5061 audi
2304 5018 2427 5059 eum
2456 5000 2721 5055 dicentem
2742 5014 2756 5051 :
2778 4994 2840 5049 Et
2857 4993 3157 5065 quicumque
3178 5006 3277 5044 non
3297 4988 3525 5043 viderunt
3540 4986 3723 5057 facient

2151 5115 2314 5153 meam
2334 5098 2389 5151 in
2412 5109 2601 5159 carne;
2630 5100 2685 5147 et
2708 5102 2915 5153 rursus,
2944 5084 3014 5139 Et
3055 5084 3101 5139 si
3139 5082 3313 5136 absum
3341 5094 3512 5143 carne,
3542 5076 3723 5146 spiritu

2154 5204 2316 5248 tamen
2342 5206 2454 5245 sum
2466 5180 2945 5255 vobiscum(Col.2.l
2961 5178 3057 5249 .5).
3072 5175 3146 5231 Ita
3169 5180 3385 5229 noverat
3401 5169 3597 5238 ubique
3609 5183 3721 5222 rem

2153 5296 2396 5353 magnam
2426 5292 2545 5334 esse
2569 5290 2719 5331 suam
2742 5268 3099 5343 praesentiam,
3127 5275 3181 5321 et
3221 5278 3280 5319 se
3324 5274 3536 5331 semper
3561 5258 3722 5313 etiam

2154 5352 2426 5434 absentem
2474 5380 2741 5439 tamquam
2771 5370 3088 5435 prmsentem
3119 5357 3333 5413 exhibet
3377 5361 3433 5409 et
3466 5352 3643 5407 sistit:
3669 5356 3724 5405 et

2155 5469 2369 5544 quando
2391 5466 2540 5537 punit
2566 5462 2967 5522 fornicatorem,
2998 5454 3120 5509 vide
3143 5450 3413 5522 quomodo
3436 5464 3496 5505 se
3520 5446 3725 5517 judicio

2156 5537 2425 5634 tamquam
2454 5552 2773 5629 praesentem
2802 5550 2945 5606 sistit
2968 5564 2982 5600 :
3003 5561 3125 5600 nam
3150 5541 3260 5614 Ego
3279 5542 3504 5612 quidem.
3533 5537 3723 5607 inquit,

2160 5630 2416 5728 tamquam
2461 5652 2639 5708 absens
2669 5658 2902 5716 corpore,
2930 5652 3152 5702 russeus
3178 5644 3345 5691 autem
3371 5632 3585 5706 spiritu,
3612 5630 3725 5701 iam
