  <div class='ocr_page' id='page_1' title='image "/cluster/home/n/w/nwhite01/storage/ocr_20150623/62/nnc1.0046979654/308.png"; bbox 0 0 4120 6400; ppageno 0'>
   <div class='ocr_carea' id='block_1_1' title="bbox 421 347 520 407">
    <p class='ocr_par' dir='ltr' id='par_1_1' title="bbox 421 347 520 407">
     <span class='ocr_line' id='line_1_1' title="bbox 421 347 520 407; baseline -0.061 1"><span class='ocrx_word' id='word_1_1' title='bbox 421 347 520 407; x_wconf 70' lang='lat' dir='ltr'><strong>5m</strong></span> 
     </span>
    </p>
   </div>
   <div class='ocr_carea' id='block_1_2' title="bbox 425 428 2003 526">
    <p class='ocr_par' dir='ltr' id='par_1_2' title="bbox 425 428 2003 526">
     <span class='ocr_line' id='line_1_2' title="bbox 425 428 2003 526; baseline -0.024 -8"><span class='ocrx_word' id='word_1_2' title='bbox 425 457 642 526; x_wconf 66' lang='lat' dir='ltr'><strong>iudicavi</strong></span> <span class='ocrx_word' id='word_1_3' title='bbox 666 466 917 525; x_wconf 78' lang='lat' dir='ltr'><strong>tamquam</strong></span> <span class='ocrx_word' id='word_1_4' title='bbox 946 460 1201 522; x_wconf 71' lang='lat' dir='ltr'><strong>praesens;</strong></span> <span class='ocrx_word' id='word_1_5' title='bbox 1226 452 1281 500; x_wconf 87' lang='lat' dir='ltr'><strong>et</strong></span> <span class='ocrx_word' id='word_1_6' title='bbox 1302 454 1509 504; x_wconf 86' lang='lat' dir='ltr'><strong>rursus,</strong></span> <span class='ocrx_word' id='word_1_7' title='bbox 1565 434 1773 490; x_wconf 78' lang='lat' dir='ltr'><strong><em>Veniam</em></strong></span> <span class='ocrx_word' id='word_1_8' title='bbox 1800 428 1868 483; x_wconf 88' lang='lat' dir='ltr'><strong>ad</strong></span> <span class='ocrx_word' id='word_1_9' title='bbox 1892 443 2003 490; x_wconf 88' lang='lat' dir='ltr'><strong>vos,</strong></span> 
     </span>
    </p>
   </div>
   <div class='ocr_carea' id='block_1_3' title="bbox 426 516 2009 621">
    <p class='ocr_par' dir='ltr' id='par_1_3' title="bbox 426 516 2009 621">
     <span class='ocr_line' id='line_1_3' title="bbox 426 516 2009 621; baseline -0.024 -13"><span class='ocrx_word' id='word_1_10' title='bbox 426 562 471 608; x_wconf 87' lang='lat' dir='ltr'><strong>et</strong></span> <span class='ocrx_word' id='word_1_11' title='bbox 490 563 788 621; x_wconf 73' lang='lat' dir='ltr'><strong>cognoscam</strong></span> <span class='ocrx_word' id='word_1_12' title='bbox 813 560 916 599; x_wconf 89' lang='lat' dir='ltr'><strong>non</strong></span> <span class='ocrx_word' id='word_1_13' title='bbox 939 553 1219 597; x_wconf 73' lang='lat' dir='ltr'><strong>sermonem</strong></span> <span class='ocrx_word' id='word_1_14' title='bbox 1246 549 1421 590; x_wconf 88' lang='lat' dir='ltr'><strong>eorum</strong></span> <span class='ocrx_word' id='word_1_15' title='bbox 1448 530 1532 601; x_wconf 83' lang='lat' dir='ltr'><strong>qui</strong></span> <span class='ocrx_word' id='word_1_16' title='bbox 1561 535 1680 581; x_wconf 87' lang='lat' dir='ltr'><strong>sunt</strong></span> <span class='ocrx_word' id='word_1_17' title='bbox 1706 521 1894 593; x_wconf 80' lang='lat' dir='ltr'><strong>inﬂati,</strong></span> <span class='ocrx_word' id='word_1_18' title='bbox 1921 516 2009 574; x_wconf 87' lang='lat' dir='ltr'><strong>sed</strong></span> 
     </span>
    </p>
   </div>
   <div class='ocr_carea' id='block_1_4' title="bbox 426 612 2007 713">
    <p class='ocr_par' dir='ltr' id='par_1_4' title="bbox 426 612 2007 713">
     <span class='ocr_line' id='line_1_4' title="bbox 426 612 2007 713; baseline -0.025 -12"><span class='ocrx_word' id='word_1_19' title='bbox 426 612 655 703; x_wconf 56' lang='lat' dir='ltr'><strong>virtuiem</strong></span> <span class='ocrx_word' id='word_1_20' title='bbox 671 642 747 713; x_wconf 82' lang='lat' dir='ltr'><strong>(l.</strong></span> <span class='ocrx_word' id='word_1_21' title='bbox 764 637 1000 694; x_wconf 84' lang='lat' dir='ltr'><strong>Cor.5.‘5.</strong></span> <span class='ocrx_word' id='word_1_22' title='bbox 1023 643 1068 689; x_wconf 88' lang='lat' dir='ltr'><strong>et</strong></span> <span class='ocrx_word' id='word_1_23' title='bbox 1080 631 1254 701; x_wconf 71' lang='lat'><strong>3.19);</strong></span> <span class='ocrx_word' id='word_1_24' title='bbox 1272 636 1327 685; x_wconf 90' lang='lat' dir='ltr'><strong>et</strong></span> <span class='ocrx_word' id='word_1_25' title='bbox 1342 638 1550 685; x_wconf 86' lang='lat' dir='ltr'><strong>rursus,</strong></span> <span class='ocrx_word' id='word_1_26' title='bbox 1568 618 1690 674; x_wconf 90' lang='lat' dir='ltr'><strong>Non</strong></span> <span class='ocrx_word' id='word_1_27' title='bbox 1710 615 1873 672; x_wconf 87' lang='lat' dir='ltr'><strong>solum</strong></span> <span class='ocrx_word' id='word_1_28' title='bbox 1886 612 2007 665; x_wconf 86' lang='lat' dir='ltr'><strong>dum</strong></span> 
     </span>
    </p>
   </div>
   <div class='ocr_carea' id='block_1_5' title="bbox 425 702 2007 805">
    <p class='ocr_par' dir='ltr' id='par_1_5' title="bbox 425 702 2007 805">
     <span class='ocr_line' id='line_1_5' title="bbox 425 702 2007 805; baseline -0.024 -13"><span class='ocrx_word' id='word_1_29' title='bbox 425 702 605 792; x_wconf 81' lang='lat' dir='ltr'><strong>adsum</strong></span> <span class='ocrx_word' id='word_1_30' title='bbox 624 702 762 805; x_wconf 73' lang='lat' dir='ltr'><strong>apud</strong></span> <span class='ocrx_word' id='word_1_31' title='bbox 777 747 885 798; x_wconf 90' lang='lat' dir='ltr'><strong>vos,</strong></span> <span class='ocrx_word' id='word_1_32' title='bbox 903 728 990 784; x_wconf 88' lang='lat' dir='ltr'><strong>sed</strong></span> <span class='ocrx_word' id='word_1_33' title='bbox 1007 726 1163 780; x_wconf 89' lang='lat' dir='ltr'><strong>multo</strong></span> <span class='ocrx_word' id='word_1_34' title='bbox 1177 720 1338 791; x_wconf 89' lang='lat' dir='ltr'><strong>magis</strong></span> <span class='ocrx_word' id='word_1_35' title='bbox 1353 718 1476 772; x_wconf 89' lang='lat' dir='ltr'><strong>dum</strong></span> <span class='ocrx_word' id='word_1_36' title='bbox 1487 714 1663 767; x_wconf 85' lang='lat' dir='ltr'><strong>absum</strong></span> <span class='ocrx_word' id='word_1_37' title='bbox 1683 706 1861 780; x_wconf 65' lang='lat' dir='ltr'><strong>(CalJ</strong></span> <span class='ocrx_word' id='word_1_38' title='bbox 1872 702 1983 771; x_wconf 72' lang='lat'><strong>.18)</strong></span> <span class='ocrx_word' id='word_1_39' title='bbox 1994 743 2007 754; x_wconf 93' lang='lat'><strong>.</strong></span> 
     </span>
    </p>
   </div>
   <div class='ocr_carea' id='block_1_6' title="bbox 430 793 2010 894">
    <p class='ocr_par' dir='ltr' id='par_1_6' title="bbox 430 793 2010 894">
     <span class='ocr_line' id='line_1_6' title="bbox 430 793 2010 894; baseline -0.024 -10"><span class='ocrx_word' id='word_1_40' title='bbox 430 827 625 884; x_wconf 68' lang='lat' dir='ltr'><strong>Paulus</strong></span> <span class='ocrx_word' id='word_1_41' title='bbox 643 793 904 894; x_wconf 69' lang='lat' dir='ltr'><strong>dpostolus</strong></span> <span class='ocrx_word' id='word_1_42' title='bbox 922 818 955 873; x_wconf 82' lang='lat' dir='ltr'><strong><em>J</em></strong></span> <span class='ocrx_word' id='word_1_43' title='bbox 962 833 1049 873; x_wconf 88' lang='lat' dir='ltr'><strong>esu</strong></span> <span class='ocrx_word' id='word_1_44' title='bbox 1072 813 1260 871; x_wconf 76' lang='lat' dir='ltr'><strong>Christi</strong></span> <span class='ocrx_word' id='word_1_45' title='bbox 1285 825 1373 881; x_wconf 90' lang='lat' dir='ltr'><strong>per</strong></span> <span class='ocrx_word' id='word_1_46' title='bbox 1397 806 1704 860; x_wconf 83' lang='lat' dir='ltr'><strong>voluntatem</strong></span> <span class='ocrx_word' id='word_1_47' title='bbox 1728 798 1839 853; x_wconf 89' lang='lat' dir='ltr'><strong>Dei.</strong></span> <span class='ocrx_word' id='word_1_48' title='bbox 1864 793 2010 864; x_wconf 78' lang='lat' dir='ltr'><strong>Ope-</strong></span> 
     </span>
    </p>
   </div>
   <div class='ocr_carea' id='block_1_7' title="bbox 429 882 2013 988">
    <p class='ocr_par' dir='ltr' id='par_1_7' title="bbox 429 882 2013 988">
     <span class='ocr_line' id='line_1_7' title="bbox 429 882 2013 988; baseline -0.025 -11"><span class='ocrx_word' id='word_1_49' title='bbox 429 935 503 976; x_wconf 64' lang='lat' dir='ltr'><strong>ra:</strong></span> <span class='ocrx_word' id='word_1_50' title='bbox 528 919 755 988; x_wconf 78' lang='lat' dir='ltr'><strong>pretium</strong></span> <span class='ocrx_word' id='word_1_51' title='bbox 778 921 862 969; x_wconf 89' lang='lat' dir='ltr'><strong>est</strong></span> <span class='ocrx_word' id='word_1_52' title='bbox 885 918 1063 967; x_wconf 88' lang='lat' dir='ltr'><strong>autem</strong></span> <span class='ocrx_word' id='word_1_53' title='bbox 1085 906 1266 962; x_wconf 83' lang='lat' dir='ltr'><strong>dicere</strong></span> <span class='ocrx_word' id='word_1_54' title='bbox 1286 902 1445 957; x_wconf 88' lang='lat' dir='ltr'><strong>etiam</strong></span> <span class='ocrx_word' id='word_1_55' title='bbox 1470 900 1849 966; x_wconf 77' lang='lat' dir='ltr'><strong>argumentum</strong></span> <span class='ocrx_word' id='word_1_56' title='bbox 1870 882 2013 955; x_wconf 89' lang='lat' dir='ltr'><strong>quod</strong></span> 
     </span>
    </p>
   </div>
   <div class='ocr_carea' id='block_1_8' title="bbox 429 979 2014 1076">
    <p class='ocr_par' dir='ltr' id='par_1_8' title="bbox 429 979 2014 1076">
     <span class='ocr_line' id='line_1_8' title="bbox 429 979 2014 1076; baseline -0.025 -6"><span class='ocrx_word' id='word_1_57' title='bbox 429 1011 733 1070; x_wconf 92' lang='lat' dir='ltr'><strong>invenimus</strong></span> <span class='ocrx_word' id='word_1_58' title='bbox 754 1023 822 1064; x_wconf 78' lang='lat' dir='ltr'><strong>ex</strong></span> <span class='ocrx_word' id='word_1_59' title='bbox 850 1002 1097 1076; x_wconf 81' lang='lat' dir='ltr'><strong>epistola.</strong></span> <span class='ocrx_word' id='word_1_60' title='bbox 1130 996 1409 1066; x_wconf 82' lang='lat' dir='ltr'><strong>Quodnam</strong></span> <span class='ocrx_word' id='word_1_61' title='bbox 1438 1000 1619 1045; x_wconf 84' lang='lat' dir='ltr'><strong>autem</strong></span> <span class='ocrx_word' id='word_1_62' title='bbox 1640 994 1723 1041; x_wconf 90' lang='lat' dir='ltr'><strong>est</strong></span> <span class='ocrx_word' id='word_1_63' title='bbox 1747 980 1882 1037; x_wconf 84' lang='lat' dir='ltr'><strong>hoc?</strong></span> <span class='ocrx_word' id='word_1_64' title='bbox 1914 979 2014 1033; x_wconf 86' lang='lat' dir='ltr'><strong>Per</strong></span> 
     </span>
    </p>
   </div>
   <div class='ocr_carea' id='block_1_9' title="bbox 429 1071 2016 1176">
    <p class='ocr_par' dir='ltr' id='par_1_9' title="bbox 429 1071 2016 1176">
     <span class='ocr_line' id='line_1_9' title="bbox 429 1071 2016 1176; baseline -0.024 -14"><span class='ocrx_word' id='word_1_65' title='bbox 429 1104 651 1176; x_wconf 77' lang='lat' dir='ltr'><strong>angelos</strong></span> <span class='ocrx_word' id='word_1_66' title='bbox 676 1100 743 1155; x_wconf 90' lang='lat' dir='ltr'><strong>ad</strong></span> <span class='ocrx_word' id='word_1_67' title='bbox 763 1071 927 1153; x_wconf 80' lang='lat' dir='ltr'><strong>Deum</strong></span> <span class='ocrx_word' id='word_1_68' title='bbox 950 1089 1296 1154; x_wconf 89' lang='lat' dir='ltr'><strong>accedebant,</strong></span> <span class='ocrx_word' id='word_1_69' title='bbox 1314 1080 1719 1138; x_wconf 83' lang='lat' dir='ltr'><strong>observationes</strong></span> <span class='ocrx_word' id='word_1_70' title='bbox 1745 1071 2016 1127; x_wconf 83' lang='lat' dir='ltr'><strong>habebant</strong></span> 
     </span>
    </p>
   </div>
   <div class='ocr_carea' id='block_1_10' title="bbox 430 1166 2015 1254">
    <p class='ocr_par' dir='ltr' id='par_1_10' title="bbox 430 1166 2015 1254">
     <span class='ocr_line' id='line_1_10' title="bbox 430 1166 2015 1254; baseline -0.024 -1"><span class='ocrx_word' id='word_1_71' title='bbox 430 1197 628 1254; x_wconf 89' lang='lat' dir='ltr'><strong>multas</strong></span> <span class='ocrx_word' id='word_1_72' title='bbox 654 1201 709 1249; x_wconf 91' lang='lat' dir='ltr'><strong>et</strong></span> <span class='ocrx_word' id='word_1_73' title='bbox 730 1188 980 1247; x_wconf 81' lang='lat' dir='ltr'><strong>ludaicas</strong></span> <span class='ocrx_word' id='word_1_74' title='bbox 1004 1193 1060 1241; x_wconf 89' lang='lat' dir='ltr'><strong>et</strong></span> <span class='ocrx_word' id='word_1_75' title='bbox 1085 1181 1298 1239; x_wconf 66' lang='lat' dir='ltr'><strong>Graacas</strong></span> <span class='ocrx_word' id='word_1_76' title='bbox 1318 1191 1412 1232; x_wconf 87' lang='lat' dir='ltr'><strong>seu</strong></span> <span class='ocrx_word' id='word_1_77' title='bbox 1443 1171 1706 1229; x_wconf 78' lang='lat' dir='ltr'><strong>ethnicus.</strong></span> <span class='ocrx_word' id='word_1_78' title='bbox 1735 1166 1860 1221; x_wconf 64' lang='lat' dir='ltr'><strong>llaec</strong></span> <span class='ocrx_word' id='word_1_79' title='bbox 1886 1177 2015 1231; x_wconf 85' lang='lat' dir='ltr'><strong>ergo</strong></span> 
     </span>
    </p>
   </div>
   <div class='ocr_carea' id='block_1_11' title="bbox 432 1258 2016 1356">
    <p class='ocr_par' dir='ltr' id='par_1_11' title="bbox 432 1258 2016 1356">
     <span class='ocr_line' id='line_1_11' title="bbox 432 1258 2016 1356; baseline -0.025 -10"><span class='ocrx_word' id='word_1_80' title='bbox 432 1289 652 1356; x_wconf 73' lang='lat' dir='ltr'><strong>corrigit</strong></span> <span class='ocrx_word' id='word_1_81' title='bbox 684 1304 699 1339; x_wconf 88' lang='lat'><strong>:</strong></span> <span class='ocrx_word' id='word_1_82' title='bbox 732 1291 1016 1354; x_wconf 89' lang='lat' dir='ltr'><strong>pr0pterea</strong></span> <span class='ocrx_word' id='word_1_83' title='bbox 1043 1285 1097 1331; x_wconf 89' lang='lat' dir='ltr'><strong>et</strong></span> <span class='ocrx_word' id='word_1_84' title='bbox 1126 1276 1179 1329; x_wconf 89' lang='lat' dir='ltr'><strong>in</strong></span> <span class='ocrx_word' id='word_1_85' title='bbox 1211 1271 1363 1328; x_wconf 90' lang='lat' dir='ltr'><strong>initio</strong></span> <span class='ocrx_word' id='word_1_86' title='bbox 1394 1267 1545 1326; x_wconf 85' lang='lat' dir='ltr'><strong>dicit,</strong></span> <span class='ocrx_word' id='word_1_87' title='bbox 1580 1262 1683 1316; x_wconf 87' lang='lat' dir='ltr'><strong>Per</strong></span> <span class='ocrx_word' id='word_1_88' title='bbox 1706 1258 2016 1315; x_wconf 84' lang='lat' dir='ltr'><strong>voluntatem</strong></span> 
     </span>
    </p>
   </div>
   <div class='ocr_carea' id='block_1_12' title="bbox 434 1353 2015 1437">
    <p class='ocr_par' dir='ltr' id='par_1_12' title="bbox 434 1353 2015 1437">
     <span class='ocr_line' id='line_1_12' title="bbox 434 1353 2015 1437; baseline -0.025 0"><span class='ocrx_word' id='word_1_89' title='bbox 434 1380 550 1436; x_wconf 82' lang='lat' dir='ltr'><strong>Dei.</strong></span> <span class='ocrx_word' id='word_1_90' title='bbox 574 1353 714 1434; x_wconf 85' lang='lat' dir='ltr'><strong>Ecce</strong></span> <span class='ocrx_word' id='word_1_91' title='bbox 734 1353 919 1431; x_wconf 82' lang='lat' dir='ltr'><strong>rursus</strong></span> <span class='ocrx_word' id='word_1_92' title='bbox 935 1369 1086 1435; x_wconf 89' lang='lat' dir='ltr'><strong>illud,</strong></span> <span class='ocrx_word' id='word_1_93' title='bbox 1102 1383 1213 1437; x_wconf 89' lang='lat' dir='ltr'><strong>per,</strong></span> <span class='ocrx_word' id='word_1_94' title='bbox 1225 1362 1421 1434; x_wconf 87' lang='lat' dir='ltr'><strong>posuit.</strong></span> <span class='ocrx_word' id='word_1_95' title='bbox 1443 1358 1506 1412; x_wconf 81' lang='lat' dir='ltr'><strong>Et</strong></span> <span class='ocrx_word' id='word_1_96' title='bbox 1522 1353 1815 1410; x_wconf 81' lang='lat' dir='ltr'><strong>Timotheus</strong></span> <span class='ocrx_word' id='word_1_97' title='bbox 1837 1353 2015 1419; x_wconf 80' lang='lat' dir='ltr'><strong>frater,</strong></span> 
     </span>
    </p>
   </div>
   <div class='ocr_carea' id='block_1_13' title="bbox 436 1444 2017 1545">
    <p class='ocr_par' dir='ltr' id='par_1_13' title="bbox 436 1444 2017 1545">
     <span class='ocr_line' id='line_1_13' title="bbox 436 1444 2017 1545; baseline -0.024 -15"><span class='ocrx_word' id='word_1_98' title='bbox 436 1475 630 1545; x_wconf 79' lang='lat' dir='ltr'><strong>inquit.</strong></span> <span class='ocrx_word' id='word_1_99' title='bbox 674 1471 818 1540; x_wconf 82' lang='lat' dir='ltr'><strong>Ergo</strong></span> <span class='ocrx_word' id='word_1_100' title='bbox 845 1469 961 1538; x_wconf 89' lang='lat' dir='ltr'><strong>ipse</strong></span> <span class='ocrx_word' id='word_1_101' title='bbox 1004 1475 1218 1535; x_wconf 80' lang='lat' dir='ltr'><strong>quoque</strong></span> <span class='ocrx_word' id='word_1_102' title='bbox 1247 1464 1365 1512; x_wconf 89' lang='lat' dir='ltr'><strong>erat</strong></span> <span class='ocrx_word' id='word_1_103' title='bbox 1394 1449 1692 1522; x_wconf 80' lang='lat' dir='ltr'><strong>apostolus.</strong></span> <span class='ocrx_word' id='word_1_104' title='bbox 1718 1444 2017 1500; x_wconf 89' lang='lat' dir='ltr'><strong>Consenta-</strong></span> 
     </span>
    </p>
   </div>
   <div class='ocr_carea' id='block_1_14' title="bbox 437 1531 2022 1625">
    <p class='ocr_par' dir='ltr' id='par_1_14' title="bbox 437 1531 2022 1625">
     <span class='ocr_line' id='line_1_14' title="bbox 437 1531 2022 1625; baseline -0.026 -1"><span class='ocrx_word' id='word_1_105' title='bbox 437 1582 598 1625; x_wconf 87' lang='lat' dir='ltr'><strong>neum</strong></span> <span class='ocrx_word' id='word_1_106' title='bbox 636 1573 815 1619; x_wconf 90' lang='lat' dir='ltr'><strong>autem</strong></span> <span class='ocrx_word' id='word_1_107' title='bbox 843 1568 961 1616; x_wconf 85' lang='lat' dir='ltr'><strong>erat</strong></span> <span class='ocrx_word' id='word_1_108' title='bbox 984 1531 1108 1614; x_wconf 84' lang='lat' dir='ltr'><strong>eum</strong></span> <span class='ocrx_word' id='word_1_109' title='bbox 1134 1531 1351 1623; x_wconf 81' lang='lat' dir='ltr'><strong>quoque</strong></span> <span class='ocrx_word' id='word_1_110' title='bbox 1393 1544 1560 1599; x_wconf 90' lang='lat' dir='ltr'><strong>fuisse</strong></span> <span class='ocrx_word' id='word_1_111' title='bbox 1590 1548 1774 1594; x_wconf 90' lang='lat' dir='ltr'><strong>notum</strong></span> <span class='ocrx_word' id='word_1_112' title='bbox 1817 1531 2022 1589; x_wconf 83' lang='lat' dir='ltr'><strong>Sanctis</strong></span> 
     </span>
    </p>
   </div>
   <div class='ocr_carea' id='block_1_15' title="bbox 437 1624 2018 1731">
    <p class='ocr_par' dir='ltr' id='par_1_15' title="bbox 437 1624 2018 1731">
     <span class='ocr_line' id='line_1_15' title="bbox 437 1624 2018 1731; baseline -0.022 -20"><span class='ocrx_word' id='word_1_113' title='bbox 437 1660 524 1731; x_wconf 76' lang='lat' dir='ltr'><strong>qui</strong></span> <span class='ocrx_word' id='word_1_114' title='bbox 548 1666 665 1713; x_wconf 87' lang='lat' dir='ltr'><strong>sunt</strong></span> <span class='ocrx_word' id='word_1_115' title='bbox 693 1652 933 1715; x_wconf 83' lang='lat' dir='ltr'><strong>Colossis,</strong></span> <span class='ocrx_word' id='word_1_116' title='bbox 968 1662 1089 1720; x_wconf 70' lang='lat' dir='ltr'><strong>qua:</strong></span> <span class='ocrx_word' id='word_1_117' title='bbox 1118 1643 1340 1715; x_wconf 83' lang='lat' dir='ltr'><strong>quidem</strong></span> <span class='ocrx_word' id='word_1_118' title='bbox 1365 1646 1481 1694; x_wconf 89' lang='lat' dir='ltr'><strong>erat</strong></span> <span class='ocrx_word' id='word_1_119' title='bbox 1521 1633 1710 1690; x_wconf 81' lang='lat' dir='ltr'><strong>civitas</strong></span> <span class='ocrx_word' id='word_1_120' title='bbox 1752 1624 2018 1697; x_wconf 70' lang='lat' dir='ltr'><strong>Phrygiae,</strong></span> 
     </span>
    </p>
   </div>
   <div class='ocr_carea' id='block_1_16' title="bbox 438 1717 2024 1821">
    <p class='ocr_par' dir='ltr' id='par_1_16' title="bbox 438 1717 2024 1821">
     <span class='ocr_line' id='line_1_16' title="bbox 438 1717 2024 1821; baseline -0.025 -11"><span class='ocrx_word' id='word_1_121' title='bbox 438 1717 600 1821; x_wconf 77' lang='lat' dir='ltr'><strong>idque</strong></span> <span class='ocrx_word' id='word_1_122' title='bbox 627 1756 838 1805; x_wconf 83' lang='lat' dir='ltr'><strong>constat</strong></span> <span class='ocrx_word' id='word_1_123' title='bbox 859 1760 926 1801; x_wconf 72' lang='lat' dir='ltr'><strong>ex</strong></span> <span class='ocrx_word' id='word_1_124' title='bbox 953 1717 1018 1798; x_wconf 81' lang='lat' dir='ltr'><strong>eo</strong></span> <span class='ocrx_word' id='word_1_125' title='bbox 1042 1737 1186 1809; x_wconf 91' lang='lat' dir='ltr'><strong>quod</strong></span> <span class='ocrx_word' id='word_1_126' title='bbox 1213 1736 1281 1789; x_wconf 92' lang='lat' dir='ltr'><strong>sit</strong></span> <span class='ocrx_word' id='word_1_127' title='bbox 1306 1731 1603 1804; x_wconf 82' lang='lat' dir='ltr'><strong>propinqua</strong></span> <span class='ocrx_word' id='word_1_128' title='bbox 1626 1722 1925 1780; x_wconf 57' lang='lat' dir='ltr'><strong>Laodiceae.</strong></span> <span class='ocrx_word' id='word_1_129' title='bbox 1954 1717 2024 1771; x_wconf 88' lang='lat' dir='ltr'><strong>Et</strong></span> 
     </span>
    </p>
   </div>
   <div class='ocr_carea' id='block_1_17' title="bbox 442 1808 2048 1917">
    <p class='ocr_par' dir='ltr' id='par_1_17' title="bbox 442 1808 2048 1917">
     <span class='ocr_line' id='line_1_17' title="bbox 442 1808 2048 1917; baseline -0.025 -17"><span class='ocrx_word' id='word_1_130' title='bbox 442 1808 674 1917; x_wconf 68' lang='lat' dir='ltr'><strong>ﬁdelibus</strong></span> <span class='ocrx_word' id='word_1_131' title='bbox 722 1838 965 1911; x_wconf 80' lang='lat' dir='ltr'><strong>fratribus</strong></span> <span class='ocrx_word' id='word_1_132' title='bbox 1010 1808 1075 1887; x_wconf 76' lang='lat'><strong>.~..</strong></span> <span class='ocrx_word' id='word_1_133' title='bbox 1108 1828 1332 1886; x_wconf 82' lang='lat' dir='ltr'><strong>Christo.</strong></span> <span class='ocrx_word' id='word_1_134' title='bbox 1384 1821 1685 1883; x_wconf 84' lang='lat' dir='ltr'><strong>Undenam,</strong></span> <span class='ocrx_word' id='word_1_135' title='bbox 1718 1812 1910 1883; x_wconf 87' lang='lat' dir='ltr'><strong>inquit,</strong></span> <span class='ocrx_word' id='word_1_136' title='bbox 1938 1808 2048 1871; x_wconf 88' lang='lat' dir='ltr'><strong>dic,</strong></span> 
     </span>
    </p>
   </div>
   <div class='ocr_carea' id='block_1_18' title="bbox 443 1900 2026 2009">
    <p class='ocr_par' dir='ltr' id='par_1_18' title="bbox 443 1900 2026 2009">
     <span class='ocr_line' id='line_1_18' title="bbox 443 1900 2026 2009; baseline -0.026 -14"><span class='ocrx_word' id='word_1_137' title='bbox 443 1900 595 2009; x_wconf 48' lang='lat' dir='ltr'><strong>iogo,</strong></span> <span class='ocrx_word' id='word_1_138' title='bbox 625 1900 796 1991; x_wconf 67' lang='lat' dir='ltr'><strong>facins</strong></span> <span class='ocrx_word' id='word_1_139' title='bbox 834 1947 895 1987; x_wconf 88' lang='lat' dir='ltr'><strong>es</strong></span> <span class='ocrx_word' id='word_1_140' title='bbox 933 1924 1191 1984; x_wconf 88' lang='lat' dir='ltr'><strong>sanctus?</strong></span> <span class='ocrx_word' id='word_1_141' title='bbox 1232 1918 1497 1974; x_wconf 89' lang='lat' dir='ltr'><strong>undenam</strong></span> <span class='ocrx_word' id='word_1_142' title='bbox 1551 1911 1762 1966; x_wconf 87' lang='lat' dir='ltr'><strong>vocaris</strong></span> <span class='ocrx_word' id='word_1_143' title='bbox 1805 1900 2026 1959; x_wconf 68' lang='lat' dir='ltr'><strong>ﬁdelis?</strong></span> 
     </span>
    </p>
   </div>
   <div class='ocr_carea' id='block_1_19' title="bbox 444 1996 2025 2098">
    <p class='ocr_par' dir='ltr' id='par_1_19' title="bbox 444 1996 2025 2098">
     <span class='ocr_line' id='line_1_19' title="bbox 444 1996 2025 2098; baseline -0.026 -11"><span class='ocrx_word' id='word_1_144' title='bbox 444 1996 624 2086; x_wconf 72' lang='lat' dir='ltr'><strong>atmon</strong></span> <span class='ocrx_word' id='word_1_145' title='bbox 652 2025 794 2098; x_wconf 85' lang='lat' dir='ltr'><strong>quod</strong></span> <span class='ocrx_word' id='word_1_146' title='bbox 830 2039 926 2095; x_wconf 89' lang='lat' dir='ltr'><strong>per</strong></span> <span class='ocrx_word' id='word_1_147' title='bbox 953 2028 1181 2074; x_wconf 89' lang='lat' dir='ltr'><strong>mortem</strong></span> <span class='ocrx_word' id='word_1_148' title='bbox 1210 2008 1409 2068; x_wconf 82' lang='lat' dir='ltr'><strong>Christi</strong></span> <span class='ocrx_word' id='word_1_149' title='bbox 1440 2003 1589 2061; x_wconf 82' lang='lat' dir='ltr'><strong>fuisti</strong></span> <span class='ocrx_word' id='word_1_150' title='bbox 1616 1998 1981 2057; x_wconf 87' lang='lat' dir='ltr'><strong>sanctiﬁcatus</strong></span> <span class='ocrx_word' id='word_1_151' title='bbox 2001 1996 2025 2045; x_wconf 70' lang='grc' dir='ltr'><strong>Υ</strong></span> 
     </span>
    </p>
   </div>
   <div class='ocr_carea' id='block_1_20' title="bbox 444 2089 2029 2189">
    <p class='ocr_par' dir='ltr' id='par_1_20' title="bbox 444 2089 2029 2189">
     <span class='ocr_line' id='line_1_20' title="bbox 444 2089 2029 2189; baseline -0.025 -11"><span class='ocrx_word' id='word_1_152' title='bbox 444 2139 624 2178; x_wconf 88' lang='lat' dir='ltr'><strong>annon</strong></span> <span class='ocrx_word' id='word_1_153' title='bbox 651 2089 794 2189; x_wconf 75' lang='lat' dir='ltr'><strong>quod</strong></span> <span class='ocrx_word' id='word_1_154' title='bbox 818 2089 1000 2170; x_wconf 76' lang='lat' dir='ltr'><strong>credis</strong></span> <span class='ocrx_word' id='word_1_155' title='bbox 1023 2109 1077 2164; x_wconf 89' lang='lat' dir='ltr'><strong>in</strong></span> <span class='ocrx_word' id='word_1_156' title='bbox 1103 2100 1416 2162; x_wconf 80' lang='lat' dir='ltr'><strong>Christum?</strong></span> <span class='ocrx_word' id='word_1_157' title='bbox 1460 2095 1738 2154; x_wconf 79' lang='lat' dir='ltr'><strong>Undenam</strong></span> <span class='ocrx_word' id='word_1_158' title='bbox 1770 2089 1939 2143; x_wconf 87' lang='lat' dir='ltr'><strong>factus</strong></span> <span class='ocrx_word' id='word_1_159' title='bbox 1966 2099 2029 2140; x_wconf 91' lang='lat' dir='ltr'><strong>es</strong></span> 
     </span>
    </p>
   </div>
   <div class='ocr_carea' id='block_1_21' title="bbox 447 2192 2030 2273">
    <p class='ocr_par' dir='ltr' id='par_1_21' title="bbox 447 2192 2030 2273">
     <span class='ocr_line' id='line_1_21' title="bbox 447 2192 2030 2273; baseline -0.026 0"><span class='ocrx_word' id='word_1_160' title='bbox 447 2215 650 2273; x_wconf 69' lang='lat' dir='ltr'><strong>frater?</strong></span> <span class='ocrx_word' id='word_1_161' title='bbox 675 2227 781 2267; x_wconf 92' lang='lat' dir='ltr'><strong>non</strong></span> <span class='ocrx_word' id='word_1_162' title='bbox 808 2207 950 2265; x_wconf 90' lang='lat' dir='ltr'><strong>enim</strong></span> <span class='ocrx_word' id='word_1_163' title='bbox 975 2205 1026 2259; x_wconf 92' lang='lat' dir='ltr'><strong>in</strong></span> <span class='ocrx_word' id='word_1_164' title='bbox 1057 2214 1241 2271; x_wconf 91' lang='lat' dir='ltr'><strong>opere,</strong></span> <span class='ocrx_word' id='word_1_165' title='bbox 1277 2208 1451 2264; x_wconf 89' lang='lat' dir='ltr'><strong>neque</strong></span> <span class='ocrx_word' id='word_1_166' title='bbox 1475 2192 1527 2245; x_wconf 91' lang='lat' dir='ltr'><strong>in</strong></span> <span class='ocrx_word' id='word_1_167' title='bbox 1556 2197 1825 2245; x_wconf 86' lang='lat' dir='ltr'><strong>sermone,</strong></span> <span class='ocrx_word' id='word_1_168' title='bbox 1853 2194 2030 2249; x_wconf 84' lang='lat' dir='ltr'><strong>neque</strong></span> 
     </span>
    </p>
   </div>
   <div class='ocr_carea' id='block_1_22' title="bbox 448 2270 2029 2366">
    <p class='ocr_par' dir='ltr' id='par_1_22' title="bbox 448 2270 2029 2366">
     <span class='ocr_line' id='line_1_22' title="bbox 448 2270 2029 2366; baseline -0.025 -2"><span class='ocrx_word' id='word_1_169' title='bbox 448 2310 503 2365; x_wconf 83' lang='lat' dir='ltr'><strong>in</strong></span> <span class='ocrx_word' id='word_1_170' title='bbox 539 2318 691 2362; x_wconf 84' lang='lat' dir='ltr'><strong>recta</strong></span> <span class='ocrx_word' id='word_1_171' title='bbox 714 2301 929 2357; x_wconf 83' lang='lat' dir='ltr'><strong>actione</strong></span> <span class='ocrx_word' id='word_1_172' title='bbox 958 2290 1253 2366; x_wconf 78' lang='lat' dir='ltr'><strong>apparuisti</strong></span> <span class='ocrx_word' id='word_1_173' title='bbox 1276 2286 1467 2342; x_wconf 89' lang='lat' dir='ltr'><strong>ﬁdelis.</strong></span> <span class='ocrx_word' id='word_1_174' title='bbox 1492 2278 1771 2339; x_wconf 83' lang='lat' dir='ltr'><strong>Undenam</strong></span> <span class='ocrx_word' id='word_1_175' title='bbox 1801 2280 1927 2330; x_wconf 88' lang='lat' dir='ltr'><strong>sunt</strong></span> <span class='ocrx_word' id='word_1_176' title='bbox 1956 2270 2029 2326; x_wconf 84' lang='lat' dir='ltr'><strong>ti-</strong></span> 
     </span>
    </p>
   </div>
   <div class='ocr_carea' id='block_1_23' title="bbox 450 2369 2032 2465">
    <p class='ocr_par' dir='ltr' id='par_1_23' title="bbox 450 2369 2032 2465">
     <span class='ocr_line' id='line_1_23' title="bbox 450 2369 2032 2465; baseline -0.022 -10"><span class='ocrx_word' id='word_1_177' title='bbox 450 2401 502 2457; x_wconf 86' lang='lat' dir='ltr'><strong>hi</strong></span> <span class='ocrx_word' id='word_1_178' title='bbox 529 2440 546 2465; x_wconf 97' lang='lat'><strong>,</strong></span> <span class='ocrx_word' id='word_1_179' title='bbox 578 2398 682 2460; x_wconf 79' lang='lat' dir='ltr'><strong>die,</strong></span> <span class='ocrx_word' id='word_1_180' title='bbox 701 2408 905 2464; x_wconf 82' lang='lat' dir='ltr'><strong>quaeso,</strong></span> <span class='ocrx_word' id='word_1_181' title='bbox 941 2401 1046 2444; x_wconf 90' lang='lat' dir='ltr'><strong>tam</strong></span> <span class='ocrx_word' id='word_1_182' title='bbox 1076 2384 1241 2440; x_wconf 82' lang='lat' dir='ltr'><strong>multa</strong></span> <span class='ocrx_word' id='word_1_183' title='bbox 1284 2377 1484 2435; x_wconf 89' lang='lat' dir='ltr'><strong>credita</strong></span> <span class='ocrx_word' id='word_1_184' title='bbox 1529 2369 1822 2445; x_wconf 76' lang='lat' dir='ltr'><strong>mysteria?</strong></span> <span class='ocrx_word' id='word_1_185' title='bbox 1854 2379 2032 2422; x_wconf 85' lang='lat' dir='ltr'><strong>nonne</strong></span> 
     </span>
    </p>
   </div>
   <div class='ocr_carea' id='block_1_24' title="bbox 452 2457 2036 2562">
    <p class='ocr_par' dir='ltr' id='par_1_24' title="bbox 452 2457 2036 2562">
     <span class='ocr_line' id='line_1_24' title="bbox 452 2457 2036 2562; baseline -0.024 -15"><span class='ocrx_word' id='word_1_186' title='bbox 452 2499 673 2562; x_wconf 81' lang='lat' dir='ltr'><strong>propter</strong></span> <span class='ocrx_word' id='word_1_187' title='bbox 720 2457 1034 2541; x_wconf 76' lang='lat' dir='ltr'><strong>Christum?</strong></span> <span class='ocrx_word' id='word_1_188' title='bbox 1066 2475 1245 2531; x_wconf 87' lang='lat' dir='ltr'><strong>Gratia</strong></span> <span class='ocrx_word' id='word_1_189' title='bbox 1268 2471 1405 2526; x_wconf 89' lang='lat' dir='ltr'><strong>vobis</strong></span> <span class='ocrx_word' id='word_1_190' title='bbox 1442 2477 1489 2521; x_wconf 92' lang='lat' dir='ltr'><strong>et</strong></span> <span class='ocrx_word' id='word_1_191' title='bbox 1516 2481 1619 2537; x_wconf 77' lang='lat' dir='ltr'><strong>paa:</strong></span> <span class='ocrx_word' id='word_1_192' title='bbox 1654 2480 1687 2515; x_wconf 91' lang='lat' dir='ltr'><strong>a</strong></span> <span class='ocrx_word' id='word_1_193' title='bbox 1721 2461 1832 2515; x_wconf 87' lang='lat' dir='ltr'><strong>Deo</strong></span> <span class='ocrx_word' id='word_1_194' title='bbox 1879 2457 2036 2512; x_wconf 86' lang='lat' dir='ltr'><strong>Patre</strong></span> 
     </span>
    </p>
   </div>
   <div class='ocr_carea' id='block_1_25' title="bbox 454 2548 2034 2637">
    <p class='ocr_par' dir='ltr' id='par_1_25' title="bbox 454 2548 2034 2637">
     <span class='ocr_line' id='line_1_25' title="bbox 454 2548 2034 2637; baseline -0.023 0"><span class='ocrx_word' id='word_1_195' title='bbox 454 2548 644 2637; x_wconf 57' lang='lat' dir='ltr'><strong>itosiro.</strong></span> <span class='ocrx_word' id='word_1_196' title='bbox 673 2576 952 2634; x_wconf 86' lang='lat' dir='ltr'><strong>Undenant</strong></span> <span class='ocrx_word' id='word_1_197' title='bbox 981 2569 1133 2625; x_wconf 81' lang='lat' dir='ltr'><strong>vobis</strong></span> <span class='ocrx_word' id='word_1_198' title='bbox 1149 2563 1355 2637; x_wconf 85' lang='lat' dir='ltr'><strong>gratia?</strong></span> <span class='ocrx_word' id='word_1_199' title='bbox 1381 2559 1648 2614; x_wconf 90' lang='lat' dir='ltr'><strong>undenam</strong></span> <span class='ocrx_word' id='word_1_200' title='bbox 1669 2552 1808 2624; x_wconf 77' lang='lat' dir='ltr'><strong>pax?</strong></span> <span class='ocrx_word' id='word_1_201' title='bbox 1837 2550 1882 2604; x_wconf 84' lang='lat' dir='ltr'><strong><em>A</em></strong></span> <span class='ocrx_word' id='word_1_202' title='bbox 1901 2548 2034 2615; x_wconf 91' lang='lat' dir='ltr'><strong>Deo,</strong></span> 
     </span>
    </p>
   </div>
   <div class='ocr_carea' id='block_1_26' title="bbox 456 2642 2038 2744">
    <p class='ocr_par' dir='ltr' id='par_1_26' title="bbox 456 2642 2038 2744">
     <span class='ocr_line' id='line_1_26' title="bbox 456 2642 2038 2744; baseline -0.023 -16"><span class='ocrx_word' id='word_1_203' title='bbox 456 2672 647 2744; x_wconf 83' lang='lat' dir='ltr'><strong>inquit,</strong></span> <span class='ocrx_word' id='word_1_204' title='bbox 677 2668 831 2721; x_wconf 85' lang='lat' dir='ltr'><strong>Patre</strong></span> <span class='ocrx_word' id='word_1_205' title='bbox 856 2673 1050 2719; x_wconf 87' lang='lat' dir='ltr'><strong>nostra.</strong></span> <span class='ocrx_word' id='word_1_206' title='bbox 1079 2658 1237 2727; x_wconf 81' lang='lat' dir='ltr'><strong>Atqui</strong></span> <span class='ocrx_word' id='word_1_207' title='bbox 1270 2654 1324 2709; x_wconf 91' lang='lat' dir='ltr'><strong>in</strong></span> <span class='ocrx_word' id='word_1_208' title='bbox 1350 2652 1451 2706; x_wconf 88' lang='lat' dir='ltr'><strong>hac</strong></span> <span class='ocrx_word' id='word_1_209' title='bbox 1479 2663 1588 2704; x_wconf 89' lang='lat' dir='ltr'><strong>non</strong></span> <span class='ocrx_word' id='word_1_210' title='bbox 1631 2642 1810 2716; x_wconf 83' lang='lat' dir='ltr'><strong>posuit</strong></span> <span class='ocrx_word' id='word_1_211' title='bbox 1842 2653 2038 2695; x_wconf 80' lang='lat' dir='ltr'><strong>nomen</strong></span> 
     </span>
    </p>
   </div>
   <div class='ocr_carea' id='block_1_27' title="bbox 388 2731 2042 2833">
    <p class='ocr_par' dir='ltr' id='par_1_27' title="bbox 388 2731 2042 2833">
     <span class='ocr_line' id='line_1_27' title="bbox 388 2731 2042 2833; baseline -0.024 -11"><span class='ocrx_word' id='word_1_212' title='bbox 388 2830 393 2833; x_wconf 25' lang='grc'><em>1</em></span> <span class='ocrx_word' id='word_1_213' title='bbox 458 2760 678 2821; x_wconf 79' lang='lat' dir='ltr'><strong>Christi.</strong></span> <span class='ocrx_word' id='word_1_214' title='bbox 732 2760 914 2813; x_wconf 86' lang='lat' dir='ltr'><strong>Dicam</strong></span> <span class='ocrx_word' id='word_1_215' title='bbox 946 2754 1026 2810; x_wconf 87' lang='lat' dir='ltr'><strong>eis</strong></span> <span class='ocrx_word' id='word_1_216' title='bbox 1055 2752 1143 2821; x_wconf 90' lang='lat' dir='ltr'><strong>qui</strong></span> <span class='ocrx_word' id='word_1_217' title='bbox 1174 2743 1459 2803; x_wconf 87' lang='lat' dir='ltr'><strong>calumniis</strong></span> <span class='ocrx_word' id='word_1_218' title='bbox 1504 2742 1832 2796; x_wconf 87' lang='lat' dir='ltr'><strong>insectantur</strong></span> <span class='ocrx_word' id='word_1_219' title='bbox 1873 2731 2042 2802; x_wconf 87' lang='lat' dir='ltr'><strong>Spiri-</strong></span> 
     </span>
    </p>
   </div>
   <div class='ocr_carea' id='block_1_28' title="bbox 461 2824 2044 2914">
    <p class='ocr_par' dir='ltr' id='par_1_28' title="bbox 461 2824 2044 2914">
     <span class='ocr_line' id='line_1_28' title="bbox 461 2824 2044 2914; baseline -0.023 0"><span class='ocrx_word' id='word_1_220' title='bbox 461 2868 572 2914; x_wconf 88' lang='lat' dir='ltr'><strong>tum</strong></span> <span class='ocrx_word' id='word_1_221' title='bbox 608 2874 622 2910; x_wconf 91' lang='lat'>:</span> <span class='ocrx_word' id='word_1_222' title='bbox 654 2853 917 2910; x_wconf 88' lang='lat' dir='ltr'><strong>undenam</strong></span> <span class='ocrx_word' id='word_1_223' title='bbox 951 2848 1090 2902; x_wconf 89' lang='lat' dir='ltr'><strong>Deus</strong></span> <span class='ocrx_word' id='word_1_224' title='bbox 1120 2844 1279 2897; x_wconf 89' lang='lat' dir='ltr'><strong>Pater</strong></span> <span class='ocrx_word' id='word_1_225' title='bbox 1294 2833 1611 2895; x_wconf 83' lang='lat' dir='ltr'><strong>servorum?</strong></span> <span class='ocrx_word' id='word_1_226' title='bbox 1637 2831 1755 2902; x_wconf 90' lang='lat' dir='ltr'><strong>quis</strong></span> <span class='ocrx_word' id='word_1_227' title='bbox 1780 2842 1848 2884; x_wconf 81' lang='lat' dir='ltr'><strong>ex</strong></span> <span class='ocrx_word' id='word_1_228' title='bbox 1872 2824 2044 2880; x_wconf 89' lang='lat' dir='ltr'><strong>servis</strong></span> 
     </span>
    </p>
   </div>
   <div class='ocr_carea' id='block_1_29' title="bbox 463 2918 2044 3017">
    <p class='ocr_par' dir='ltr' id='par_1_29' title="bbox 463 2918 2044 3017">
     <span class='ocr_line' id='line_1_29' title="bbox 463 2918 2044 3017; baseline -0.023 -11"><span class='ocrx_word' id='word_1_229' title='bbox 463 2961 572 3007; x_wconf 76' lang='lat' dir='ltr'><strong>tam</strong></span> <span class='ocrx_word' id='word_1_230' title='bbox 594 2962 783 3017; x_wconf 86' lang='lat' dir='ltr'><strong>magna</strong></span> <span class='ocrx_word' id='word_1_231' title='bbox 805 2942 972 3014; x_wconf 81' lang='lat' dir='ltr'><strong>gessit</strong></span> <span class='ocrx_word' id='word_1_232' title='bbox 995 2949 1049 2993; x_wconf 81' lang='lat' dir='ltr'><strong>et</strong></span> <span class='ocrx_word' id='word_1_233' title='bbox 1076 2930 1371 3005; x_wconf 60' lang='lat' dir='ltr'><strong>praeclara?</strong></span> <span class='ocrx_word' id='word_1_234' title='bbox 1397 2928 1517 2999; x_wconf 87' lang='lat' dir='ltr'><strong>quis</strong></span> <span class='ocrx_word' id='word_1_235' title='bbox 1546 2936 1596 2981; x_wconf 90' lang='lat' dir='ltr'><strong>te</strong></span> <span class='ocrx_word' id='word_1_236' title='bbox 1625 2931 1866 2980; x_wconf 80' lang='lat' dir='ltr'><strong>sanctum</strong></span> <span class='ocrx_word' id='word_1_237' title='bbox 1885 2918 2044 2973; x_wconf 81' lang='lat' dir='ltr'><strong>fecit?</strong></span> 
     </span>
    </p>
   </div>
   <div class='ocr_carea' id='block_1_30' title="bbox 465 3007 2048 3113">
    <p class='ocr_par' dir='ltr' id='par_1_30' title="bbox 465 3007 2048 3113">
     <span class='ocr_line' id='line_1_30' title="bbox 465 3007 2048 3113; baseline -0.023 -16"><span class='ocrx_word' id='word_1_238' title='bbox 465 3042 583 3113; x_wconf 91' lang='lat' dir='ltr'><strong>quis</strong></span> <span class='ocrx_word' id='word_1_239' title='bbox 612 3007 863 3093; x_wconf 63' lang='lat' dir='ltr'><strong>auéiem&#39;i</strong></span> <span class='ocrx_word' id='word_1_240' title='bbox 887 3031 1006 3101; x_wconf 90' lang='lat' dir='ltr'><strong>quis</strong></span> <span class='ocrx_word' id='word_1_241' title='bbox 1058 3027 1222 3081; x_wconf 88' lang='lat' dir='ltr'><strong>ﬁlium</strong></span> <span class='ocrx_word' id='word_1_242' title='bbox 1256 3020 1393 3077; x_wconf 88' lang='lat' dir='ltr'><strong>Dei?</strong></span> <span class='ocrx_word' id='word_1_243' title='bbox 1429 3018 1528 3086; x_wconf 92' lang='lat' dir='ltr'><strong>Qui</strong></span> <span class='ocrx_word' id='word_1_244' title='bbox 1568 3026 1620 3070; x_wconf 89' lang='lat' dir='ltr'><strong>te</strong></span> <span class='ocrx_word' id='word_1_245' title='bbox 1661 3012 1786 3069; x_wconf 86' lang='lat' dir='ltr'><strong>fecit</strong></span> <span class='ocrx_word' id='word_1_246' title='bbox 1829 3009 1935 3064; x_wconf 86' lang='lat' dir='ltr'><strong>ﬁde</strong></span> <span class='ocrx_word' id='word_1_247' title='bbox 1963 3007 2048 3063; x_wconf 86' lang='lat' dir='ltr'><strong>di-</strong></span> 
     </span>
    </p>
   </div>
   <div class='ocr_carea' id='block_1_31' title="bbox 468 3105 2045 3208">
    <p class='ocr_par' dir='ltr' id='par_1_31' title="bbox 468 3105 2045 3208">
     <span class='ocr_line' id='line_1_31' title="bbox 468 3105 2045 3208; baseline -0.022 -19"><span class='ocrx_word' id='word_1_248' title='bbox 468 3150 651 3208; x_wconf 84' lang='lat' dir='ltr'><strong>gnum,</strong></span> <span class='ocrx_word' id='word_1_249' title='bbox 670 3132 714 3187; x_wconf 90' lang='lat' dir='ltr'><strong>is</strong></span> <span class='ocrx_word' id='word_1_250' title='bbox 742 3142 952 3199; x_wconf 85' lang='lat' dir='ltr'><strong>quoque</strong></span> <span class='ocrx_word' id='word_1_251' title='bbox 973 3122 1067 3177; x_wconf 88' lang='lat' dir='ltr'><strong>fuit</strong></span> <span class='ocrx_word' id='word_1_252' title='bbox 1089 3133 1248 3176; x_wconf 88' lang='lat' dir='ltr'><strong>causa</strong></span> <span class='ocrx_word' id='word_1_253' title='bbox 1270 3124 1329 3170; x_wconf 93' lang='lat' dir='ltr'><strong>ut</strong></span> <span class='ocrx_word' id='word_1_254' title='bbox 1354 3113 1447 3168; x_wconf 89' lang='lat' dir='ltr'><strong>tibi</strong></span> <span class='ocrx_word' id='word_1_255' title='bbox 1473 3108 1651 3165; x_wconf 89' lang='lat' dir='ltr'><strong>omnia</strong></span> <span class='ocrx_word' id='word_1_256' title='bbox 1674 3105 2045 3161; x_wconf 87' lang='lat' dir='ltr'><strong>crederentur.</strong></span> 
     </span>
    </p>
   </div>
   <div class='ocr_carea' id='block_1_32' title="bbox 537 3200 2051 3279">
    <p class='ocr_par' dir='ltr' id='par_1_32' title="bbox 537 3200 2051 3279">
     <span class='ocr_line' id='line_1_32' title="bbox 537 3200 2051 3279; baseline -0.022 0"><span class='ocrx_word' id='word_1_257' title='bbox 537 3227 593 3279; x_wconf 73' lang='lat'><strong>2.</strong></span> <span class='ocrx_word' id='word_1_258' title='bbox 638 3220 853 3277; x_wconf 86' lang='lat' dir='ltr'><strong>Fideles</strong></span> <span class='ocrx_word' id='word_1_259' title='bbox 900 3216 1042 3272; x_wconf 89' lang='lat' dir='ltr'><strong>enim</strong></span> <span class='ocrx_word' id='word_1_260' title='bbox 1082 3222 1374 3273; x_wconf 86' lang='lat' dir='ltr'><strong>vocamur,</strong></span> <span class='ocrx_word' id='word_1_261' title='bbox 1408 3218 1517 3258; x_wconf 92' lang='lat' dir='ltr'><strong>non</strong></span> <span class='ocrx_word' id='word_1_262' title='bbox 1561 3200 1733 3255; x_wconf 86' lang='lat' dir='ltr'><strong>solum</strong></span> <span class='ocrx_word' id='word_1_263' title='bbox 1767 3202 2051 3267; x_wconf 81' lang='lat' dir='ltr'><strong>propterea</strong></span> 
     </span>
    </p>
   </div>
   <div class='ocr_carea' id='block_1_33' title="bbox 472 3284 2054 3390">
    <p class='ocr_par' dir='ltr' id='par_1_33' title="bbox 472 3284 2054 3390">
     <span class='ocr_line' id='line_1_33' title="bbox 472 3284 2054 3390; baseline -0.022 -18"><span class='ocrx_word' id='word_1_264' title='bbox 472 3315 615 3390; x_wconf 80' lang='lat' dir='ltr'><strong>quod</strong></span> <span class='ocrx_word' id='word_1_265' title='bbox 635 3312 915 3369; x_wconf 85' lang='lat' dir='ltr'><strong>credamus</strong></span> <span class='ocrx_word' id='word_1_266' title='bbox 939 3347 955 3372; x_wconf 89' lang='lat'><strong>,</strong></span> <span class='ocrx_word' id='word_1_267' title='bbox 983 3304 1077 3360; x_wconf 89' lang='lat' dir='ltr'><strong>sed</strong></span> <span class='ocrx_word' id='word_1_268' title='bbox 1107 3303 1267 3356; x_wconf 88' lang='lat' dir='ltr'><strong>etiam</strong></span> <span class='ocrx_word' id='word_1_269' title='bbox 1299 3295 1445 3367; x_wconf 83' lang='lat' dir='ltr'><strong>quod</strong></span> <span class='ocrx_word' id='word_1_270' title='bbox 1470 3310 1501 3349; x_wconf 84' lang='lat' dir='ltr'><strong>a</strong></span> <span class='ocrx_word' id='word_1_271' title='bbox 1528 3292 1640 3347; x_wconf 89' lang='lat' dir='ltr'><strong>Deo</strong></span> <span class='ocrx_word' id='word_1_272' title='bbox 1668 3288 1869 3345; x_wconf 90' lang='lat' dir='ltr'><strong>credita</strong></span> <span class='ocrx_word' id='word_1_273' title='bbox 1898 3284 2054 3340; x_wconf 86' lang='lat' dir='ltr'><strong>nobis</strong></span> 
     </span>
    </p>
   </div>
   <div class='ocr_carea' id='block_1_34' title="bbox 474 3385 2057 3477">
    <p class='ocr_par' dir='ltr' id='par_1_34' title="bbox 474 3385 2057 3477">
     <span class='ocr_line' id='line_1_34' title="bbox 474 3385 2057 3477; baseline -0.024 -11"><span class='ocrx_word' id='word_1_274' title='bbox 474 3412 583 3466; x_wconf 91' lang='lat' dir='ltr'><strong>sint</strong></span> <span class='ocrx_word' id='word_1_275' title='bbox 610 3403 860 3477; x_wconf 79' lang='lat' dir='ltr'><strong>mysteria</strong></span> <span class='ocrx_word' id='word_1_276' title='bbox 885 3442 901 3466; x_wconf 96' lang='lat'><strong>,</strong></span> <span class='ocrx_word' id='word_1_277' title='bbox 930 3413 1050 3469; x_wconf 77' lang='lat' dir='ltr'><strong>qua:</strong></span> <span class='ocrx_word' id='word_1_278' title='bbox 1077 3410 1144 3449; x_wconf 89' lang='lat' dir='ltr'><strong>ne</strong></span> <span class='ocrx_word' id='word_1_279' title='bbox 1171 3390 1347 3463; x_wconf 77' lang='lat' dir='ltr'><strong>angeli</strong></span> <span class='ocrx_word' id='word_1_280' title='bbox 1367 3385 1583 3458; x_wconf 90' lang='lat' dir='ltr'><strong>quidem</strong></span> <span class='ocrx_word' id='word_1_281' title='bbox 1611 3390 1735 3436; x_wconf 90' lang='lat' dir='ltr'><strong>ante</strong></span> <span class='ocrx_word' id='word_1_282' title='bbox 1764 3393 1861 3433; x_wconf 90' lang='lat' dir='ltr'><strong>nos</strong></span> <span class='ocrx_word' id='word_1_283' title='bbox 1894 3390 2057 3431; x_wconf 61' lang='lat' dir='ltr'><strong>nove.</strong></span> 
     </span>
    </p>
   </div>
   <div class='ocr_carea' id='block_1_35' title="bbox 476 3469 2054 3557">
    <p class='ocr_par' dir='ltr' id='par_1_35' title="bbox 476 3469 2054 3557">
     <span class='ocr_line' id='line_1_35' title="bbox 476 3469 2054 3557; baseline -0.023 0"><span class='ocrx_word' id='word_1_284' title='bbox 476 3510 620 3557; x_wconf 89' lang='lat' dir='ltr'><strong>runt.</strong></span> <span class='ocrx_word' id='word_1_285' title='bbox 651 3469 758 3554; x_wconf 83' lang='lat' dir='ltr'><strong>Sed</strong></span> <span class='ocrx_word' id='word_1_286' title='bbox 789 3487 1248 3549; x_wconf 82' lang='lat' dir='ltr'><strong>indiscriminatim</strong></span> <span class='ocrx_word' id='word_1_287' title='bbox 1293 3482 1410 3536; x_wconf 67' lang='lat' dir='ltr'><strong>hinc</strong></span> <span class='ocrx_word' id='word_1_288' title='bbox 1451 3479 1529 3533; x_wconf 90' lang='lat' dir='ltr'><strong>sic</strong></span> <span class='ocrx_word' id='word_1_289' title='bbox 1567 3473 1797 3545; x_wconf 84' lang='lat' dir='ltr'><strong>ponebat</strong></span> <span class='ocrx_word' id='word_1_290' title='bbox 1836 3469 2054 3527; x_wconf 89' lang='lat' dir='ltr'><strong>Paulus.</strong></span> 
     </span>
    </p>
   </div>
   <div class='ocr_carea' id='block_1_36' title="bbox 480 3559 2056 3656">
    <p class='ocr_par' dir='ltr' id='par_1_36' title="bbox 480 3559 2056 3656">
     <span class='ocr_line' id='line_1_36' title="bbox 480 3559 2056 3656; baseline -0.025 -7"><span class='ocrx_word' id='word_1_291' title='bbox 480 3590 683 3648; x_wconf 72' lang='lat' dir='ltr'><strong>Gratias</strong></span> <span class='ocrx_word' id='word_1_292' title='bbox 708 3586 903 3656; x_wconf 80' lang='lat' dir='ltr'><strong>agimus</strong></span> <span class='ocrx_word' id='word_1_293' title='bbox 929 3581 1034 3634; x_wconf 84' lang='lat' dir='ltr'><strong>Deo</strong></span> <span class='ocrx_word' id='word_1_294' title='bbox 1068 3576 1215 3631; x_wconf 88' lang='lat' dir='ltr'><strong>Patri</strong></span> <span class='ocrx_word' id='word_1_295' title='bbox 1240 3570 1449 3626; x_wconf 84' lang='lat' dir='ltr'><strong>Domini</strong></span> <span class='ocrx_word' id='word_1_296' title='bbox 1488 3566 1647 3621; x_wconf 81' lang='lat' dir='ltr'><strong>nostri</strong></span> <span class='ocrx_word' id='word_1_297' title='bbox 1688 3563 1812 3617; x_wconf 87' lang='lat' dir='ltr'><strong>Jesu</strong></span> <span class='ocrx_word' id='word_1_298' title='bbox 1845 3559 2056 3616; x_wconf 81' lang='lat' dir='ltr'><strong>Christi.</strong></span> 
     </span>
    </p>
   </div>
   <div class='ocr_carea' id='block_1_37' title="bbox 480 3652 2061 3739">
    <p class='ocr_par' dir='ltr' id='par_1_37' title="bbox 480 3652 2061 3739">
     <span class='ocr_line' id='line_1_37' title="bbox 480 3652 2061 3739; baseline -0.022 -1"><span class='ocrx_word' id='word_1_299' title='bbox 480 3682 608 3739; x_wconf 81' lang='lat' dir='ltr'><strong>Mihi</strong></span> <span class='ocrx_word' id='word_1_300' title='bbox 636 3652 844 3733; x_wconf 78' lang='lat' dir='ltr'><strong>videtur</strong></span> <span class='ocrx_word' id='word_1_301' title='bbox 867 3671 1047 3729; x_wconf 88' lang='lat' dir='ltr'><strong>omnia</strong></span> <span class='ocrx_word' id='word_1_302' title='bbox 1065 3668 1207 3725; x_wconf 83' lang='lat' dir='ltr'><strong>Patri</strong></span> <span class='ocrx_word' id='word_1_303' title='bbox 1230 3662 1548 3725; x_wconf 89' lang='lat' dir='ltr'><strong>attribuere,</strong></span> <span class='ocrx_word' id='word_1_304' title='bbox 1572 3660 1642 3711; x_wconf 90' lang='lat' dir='ltr'><strong>ita</strong></span> <span class='ocrx_word' id='word_1_305' title='bbox 1666 3664 1723 3709; x_wconf 92' lang='lat' dir='ltr'><strong>ut</strong></span> <span class='ocrx_word' id='word_1_306' title='bbox 1756 3669 1860 3709; x_wconf 91' lang='lat' dir='ltr'><strong>non</strong></span> <span class='ocrx_word' id='word_1_307' title='bbox 1880 3652 2061 3707; x_wconf 86' lang='lat' dir='ltr'><strong>statim</strong></span> 
     </span>
    </p>
   </div>
   <div class='ocr_carea' id='block_1_38' title="bbox 488 3742 2062 3832">
    <p class='ocr_par' dir='ltr' id='par_1_38' title="bbox 488 3742 2062 3832">
     <span class='ocr_line' id='line_1_38' title="bbox 488 3742 2062 3832; baseline -0.025 2"><span class='ocrx_word' id='word_1_308' title='bbox 488 3791 586 3832; x_wconf 87' lang='lat' dir='ltr'><strong>eos</strong></span> <span class='ocrx_word' id='word_1_309' title='bbox 616 3770 858 3831; x_wconf 75' lang='lat' dir='ltr'><strong>offendat</strong></span> <span class='ocrx_word' id='word_1_310' title='bbox 889 3763 1085 3823; x_wconf 86' lang='lat' dir='ltr'><strong>oratio.</strong></span> <span class='ocrx_word' id='word_1_311' title='bbox 1189 3756 1402 3825; x_wconf 84' lang='lat' dir='ltr'><strong>Semper</strong></span> <span class='ocrx_word' id='word_1_312' title='bbox 1421 3768 1513 3823; x_wconf 89' lang='lat' dir='ltr'><strong>pro</strong></span> <span class='ocrx_word' id='word_1_313' title='bbox 1538 3749 1674 3803; x_wconf 84' lang='lat' dir='ltr'><strong>vobis</strong></span> <span class='ocrx_word' id='word_1_314' title='bbox 1701 3754 1924 3801; x_wconf 87' lang='lat' dir='ltr'><strong>orantes.</strong></span> <span class='ocrx_word' id='word_1_315' title='bbox 1946 3742 2062 3797; x_wconf 84' lang='lat' dir='ltr'><strong>Non</strong></span> 
     </span>
    </p>
   </div>
   <div class='ocr_carea' id='block_1_39' title="bbox 483 3843 2077 3933">
    <p class='ocr_par' dir='ltr' id='par_1_39' title="bbox 483 3843 2077 3933">
     <span class='ocr_line' id='line_1_39' title="bbox 483 3843 2077 3933; baseline -0.023 -10"><span class='ocrx_word' id='word_1_316' title='bbox 483 3868 656 3925; x_wconf 85' lang='lat' dir='ltr'><strong>solum</strong></span> <span class='ocrx_word' id='word_1_317' title='bbox 689 3878 783 3933; x_wconf 87' lang='lat' dir='ltr'><strong>per</strong></span> <span class='ocrx_word' id='word_1_318' title='bbox 810 3858 1095 3931; x_wconf 80' lang='lat' dir='ltr'><strong>gratiarum</strong></span> <span class='ocrx_word' id='word_1_319' title='bbox 1123 3851 1410 3913; x_wconf 86' lang='lat' dir='ltr'><strong>actionem,</strong></span> <span class='ocrx_word' id='word_1_320' title='bbox 1439 3843 1531 3900; x_wconf 89' lang='lat' dir='ltr'><strong>sed</strong></span> <span class='ocrx_word' id='word_1_321' title='bbox 1560 3851 1615 3898; x_wconf 86' lang='lat' dir='ltr'><strong>et</strong></span> <span class='ocrx_word' id='word_1_322' title='bbox 1641 3855 1733 3910; x_wconf 89' lang='lat' dir='ltr'><strong>per</strong></span> <span class='ocrx_word' id='word_1_323' title='bbox 1755 3847 2077 3908; x_wconf 64' lang='lat' dir='ltr'><strong>perpetuam,</strong></span> 
     </span>
    </p>
   </div>
   <div class='ocr_carea' id='block_1_40' title="bbox 486 3934 2067 4015">
    <p class='ocr_par' dir='ltr' id='par_1_40' title="bbox 486 3934 2067 4015">
     <span class='ocr_line' id='line_1_40' title="bbox 486 3934 2067 4015; baseline -0.021 0"><span class='ocrx_word' id='word_1_324' title='bbox 486 3959 783 4015; x_wconf 85' lang='lat' dir='ltr'><strong>orationem</strong></span> <span class='ocrx_word' id='word_1_325' title='bbox 805 3947 1038 4006; x_wconf 86' lang='lat' dir='ltr'><strong>ostendit</strong></span> <span class='ocrx_word' id='word_1_326' title='bbox 1057 3944 1419 4005; x_wconf 85' lang='lat' dir='ltr'><strong>dilectionem,</strong></span> <span class='ocrx_word' id='word_1_327' title='bbox 1448 3935 1590 4007; x_wconf 89' lang='lat' dir='ltr'><strong>quod</strong></span> <span class='ocrx_word' id='word_1_328' title='bbox 1614 3934 1771 3990; x_wconf 89' lang='lat' dir='ltr'><strong>etiam</strong></span> <span class='ocrx_word' id='word_1_329' title='bbox 1797 3944 1932 4002; x_wconf 90' lang='lat' dir='ltr'><strong>quos</strong></span> <span class='ocrx_word' id='word_1_330' title='bbox 1958 3944 2067 3983; x_wconf 87' lang='lat' dir='ltr'><strong>non</strong></span> 
     </span>
    </p>
   </div>
   <div class='ocr_carea' id='block_1_41' title="bbox 487 4022 2069 4111">
    <p class='ocr_par' dir='ltr' id='par_1_41' title="bbox 487 4022 2069 4111">
     <span class='ocr_line' id='line_1_41' title="bbox 487 4022 2069 4111; baseline -0.021 -3"><span class='ocrx_word' id='word_1_331' title='bbox 487 4052 696 4108; x_wconf 87' lang='lat' dir='ltr'><strong>viderat</strong></span> <span class='ocrx_word' id='word_1_332' title='bbox 718 4060 931 4111; x_wconf 88' lang='lat' dir='ltr'><strong>semper</strong></span> <span class='ocrx_word' id='word_1_333' title='bbox 958 4039 1095 4110; x_wconf 90' lang='lat' dir='ltr'><strong>apud</strong></span> <span class='ocrx_word' id='word_1_334' title='bbox 1125 4052 1184 4093; x_wconf 93' lang='lat' dir='ltr'><strong>se</strong></span> <span class='ocrx_word' id='word_1_335' title='bbox 1215 4032 1465 4089; x_wconf 87' lang='lat' dir='ltr'><strong>habebat.</strong></span> <span class='ocrx_word' id='word_1_336' title='bbox 1499 4028 1585 4102; x_wconf 73' lang='grc'><strong>[4.</strong></span> <span class='ocrx_word' id='word_1_337' title='bbox 1616 4027 1890 4081; x_wconf 84' lang='lat' dir='ltr'><strong>Audientes</strong></span> <span class='ocrx_word' id='word_1_338' title='bbox 1916 4022 2069 4091; x_wconf 79' lang='lat' dir='ltr'><strong>[idem</strong></span> 
     </span>
    </p>
   </div>
   <div class='ocr_carea' id='block_1_42' title="bbox 489 4115 2070 4201">
    <p class='ocr_par' dir='ltr' id='par_1_42' title="bbox 489 4115 2070 4201">
     <span class='ocr_line' id='line_1_42' title="bbox 489 4115 2070 4201; baseline -0.022 1"><span class='ocrx_word' id='word_1_339' title='bbox 489 4155 703 4201; x_wconf 82' lang='lat' dir='ltr'><strong>vestram</strong></span> <span class='ocrx_word' id='word_1_340' title='bbox 729 4142 781 4194; x_wconf 87' lang='lat' dir='ltr'><strong>in</strong></span> <span class='ocrx_word' id='word_1_341' title='bbox 808 4137 1008 4194; x_wconf 83' lang='lat' dir='ltr'><strong>Christo</strong></span> <span class='ocrx_word' id='word_1_342' title='bbox 1034 4130 1328 4186; x_wconf 85' lang='lat' dir='ltr'><strong>Jesu.Cum</strong></span> <span class='ocrx_word' id='word_1_343' title='bbox 1352 4124 1601 4195; x_wconf 85' lang='lat' dir='ltr'><strong>superius</strong></span> <span class='ocrx_word' id='word_1_344' title='bbox 1618 4119 1833 4185; x_wconf 77' lang='lat' dir='ltr'><strong>dixerit,</strong></span> <span class='ocrx_word' id='word_1_345' title='bbox 1861 4115 2070 4170; x_wconf 82' lang='lat' dir='ltr'><strong>Domini</strong></span> 
     </span>
    </p>
   </div>
   <div class='ocr_carea' id='block_1_43' title="bbox 491 4209 2070 4302">
    <p class='ocr_par' dir='ltr' id='par_1_43' title="bbox 491 4209 2070 4302">
     <span class='ocr_line' id='line_1_43' title="bbox 491 4209 2070 4302; baseline -0.023 -6"><span class='ocrx_word' id='word_1_346' title='bbox 491 4238 687 4302; x_wconf 84' lang='lat' dir='ltr'><strong>nostri,</strong></span> <span class='ocrx_word' id='word_1_347' title='bbox 718 4233 839 4298; x_wconf 91' lang='lat' dir='ltr'><strong>hic,</strong></span> <span class='ocrx_word' id='word_1_348' title='bbox 880 4229 1005 4283; x_wconf 71' lang='lat' dir='ltr'><strong>Iesu</strong></span> <span class='ocrx_word' id='word_1_349' title='bbox 1031 4224 1260 4285; x_wconf 89' lang='lat' dir='ltr'><strong>Christi,</strong></span> <span class='ocrx_word' id='word_1_350' title='bbox 1289 4220 1384 4274; x_wconf 90' lang='lat' dir='ltr'><strong>ait.</strong></span> <span class='ocrx_word' id='word_1_351' title='bbox 1416 4218 1531 4287; x_wconf 89' lang='lat' dir='ltr'><strong>Ipse</strong></span> <span class='ocrx_word' id='word_1_352' title='bbox 1569 4222 1653 4270; x_wconf 89' lang='lat' dir='ltr'><strong>est</strong></span> <span class='ocrx_word' id='word_1_353' title='bbox 1682 4210 1959 4273; x_wconf 84' lang='lat' dir='ltr'><strong>Dominus,</strong></span> <span class='ocrx_word' id='word_1_354' title='bbox 1992 4209 2070 4262; x_wconf 75' lang='lat' dir='ltr'><strong>in-</strong></span> 
     </span>
    </p>
   </div>
   <div class='ocr_carea' id='block_1_44' title="bbox 495 4300 2075 4400">
    <p class='ocr_par' dir='ltr' id='par_1_44' title="bbox 495 4300 2075 4400">
     <span class='ocr_line' id='line_1_44' title="bbox 495 4300 2075 4400; baseline -0.02 -15"><span class='ocrx_word' id='word_1_355' title='bbox 495 4330 609 4400; x_wconf 86' lang='lat' dir='ltr'><strong>quit</strong></span> <span class='ocrx_word' id='word_1_356' title='bbox 638 4300 856 4395; x_wconf 18' lang='lat' dir='ltr'><strong>:Vneque</strong></span> <span class='ocrx_word' id='word_1_357' title='bbox 882 4321 1038 4385; x_wconf 82' lang='lat' dir='ltr'><strong>dixit,</strong></span> <span class='ocrx_word' id='word_1_358' title='bbox 1070 4315 1222 4373; x_wconf 88' lang='lat' dir='ltr'><strong>Servi</strong></span> <span class='ocrx_word' id='word_1_359' title='bbox 1266 4312 1395 4368; x_wconf 85' lang='lat' dir='ltr'><strong>Jesu</strong></span> <span class='ocrx_word' id='word_1_360' title='bbox 1433 4306 1631 4363; x_wconf 85' lang='lat' dir='ltr'><strong>Christi</strong></span> <span class='ocrx_word' id='word_1_361' title='bbox 1661 4321 1674 4359; x_wconf 89' lang='lat'><strong>:</strong></span> <span class='ocrx_word' id='word_1_362' title='bbox 1702 4319 1824 4374; x_wconf 75' lang='lat' dir='ltr'><strong>quin</strong></span> <span class='ocrx_word' id='word_1_363' title='bbox 1858 4300 2075 4372; x_wconf 90' lang='lat' dir='ltr'><strong>quidem</strong></span> 
     </span>
    </p>
   </div>
   <div class='ocr_carea' id='block_1_45' title="bbox 497 4393 2074 4478">
    <p class='ocr_par' dir='ltr' id='par_1_45' title="bbox 497 4393 2074 4478">
     <span class='ocr_line' id='line_1_45' title="bbox 497 4393 2074 4478; baseline -0.021 -1"><span class='ocrx_word' id='word_1_364' title='bbox 497 4393 782 4478; x_wconf 84' lang='lat' dir='ltr'><strong>manifesta</strong></span> <span class='ocrx_word' id='word_1_365' title='bbox 812 4422 938 4470; x_wconf 89' lang='lat' dir='ltr'><strong>sunt</strong></span> <span class='ocrx_word' id='word_1_366' title='bbox 962 4407 1207 4467; x_wconf 89' lang='lat' dir='ltr'><strong>beneﬁcii</strong></span> <span class='ocrx_word' id='word_1_367' title='bbox 1235 4401 1474 4476; x_wconf 75' lang='lat' dir='ltr'><strong>symbolo</strong></span> <span class='ocrx_word' id='word_1_368' title='bbox 1500 4417 1516 4454; x_wconf 87' lang='lat'><strong>:</strong></span> <span class='ocrx_word' id='word_1_369' title='bbox 1542 4398 1662 4469; x_wconf 85' lang='lat' dir='ltr'><strong>Ipse</strong></span> <span class='ocrx_word' id='word_1_370' title='bbox 1685 4396 1817 4450; x_wconf 88' lang='lat' dir='ltr'><strong>enim</strong></span> <span class='ocrx_word' id='word_1_371' title='bbox 1840 4436 1855 4461; x_wconf 92' lang='lat'><strong>,</strong></span> <span class='ocrx_word' id='word_1_372' title='bbox 1882 4393 2074 4463; x_wconf 85' lang='lat' dir='ltr'><strong>inquit,</strong></span> 
     </span>
    </p>
   </div>
   <div class='ocr_carea' id='block_1_46' title="bbox 498 4479 2081 4579">
    <p class='ocr_par' dir='ltr' id='par_1_46' title="bbox 498 4479 2081 4579">
     <span class='ocr_line' id='line_1_46' title="bbox 498 4479 2081 4579; baseline -0.021 -11"><span class='ocrx_word' id='word_1_373' title='bbox 498 4511 707 4568; x_wconf 87' lang='lat' dir='ltr'><strong>salvabit</strong></span> <span class='ocrx_word' id='word_1_374' title='bbox 726 4507 968 4579; x_wconf 84' lang='lat' dir='ltr'><strong>populum</strong></span> <span class='ocrx_word' id='word_1_375' title='bbox 989 4518 1135 4557; x_wconf 88' lang='lat' dir='ltr'><strong>suum</strong></span> <span class='ocrx_word' id='word_1_376' title='bbox 1150 4516 1181 4553; x_wconf 92' lang='lat' dir='ltr'><strong>a</strong></span> <span class='ocrx_word' id='word_1_377' title='bbox 1204 4495 1420 4568; x_wconf 83' lang='lat' dir='ltr'><strong>peccatis</strong></span> <span class='ocrx_word' id='word_1_378' title='bbox 1441 4507 1613 4546; x_wconf 88' lang='lat' dir='ltr'><strong>eorum</strong></span> <span class='ocrx_word' id='word_1_379' title='bbox 1638 4487 1849 4560; x_wconf 80' lang='lat' dir='ltr'><strong>(Matth.</strong></span> <span class='ocrx_word' id='word_1_380' title='bbox 1879 4479 2081 4555; x_wconf 59' lang='grc' dir='ltr'><strong>ωιη</strong></span> 
     </span>
    </p>
   </div>
   <div class='ocr_carea' id='block_1_47' title="bbox 500 4576 2081 4668">
    <p class='ocr_par' dir='ltr' id='par_1_47' title="bbox 500 4576 2081 4668">
     <span class='ocr_line' id='line_1_47' title="bbox 500 4576 2081 4668; baseline -0.021 -9"><span class='ocrx_word' id='word_1_381' title='bbox 500 4576 773 4660; x_wconf 81' lang='lat' dir='ltr'><strong>Audientes</strong></span> <span class='ocrx_word' id='word_1_382' title='bbox 796 4576 950 4668; x_wconf 67' lang='lat' dir='ltr'><strong>[idem</strong></span> <span class='ocrx_word' id='word_1_383' title='bbox 973 4604 1188 4648; x_wconf 88' lang='lat' dir='ltr'><strong>vestram</strong></span> <span class='ocrx_word' id='word_1_384' title='bbox 1210 4592 1265 4643; x_wconf 87' lang='lat' dir='ltr'><strong>in</strong></span> <span class='ocrx_word' id='word_1_385' title='bbox 1291 4586 1497 4641; x_wconf 80' lang='lat' dir='ltr'><strong>Christo</strong></span> <span class='ocrx_word' id='word_1_386' title='bbox 1519 4580 1554 4635; x_wconf 81' lang='lat' dir='ltr'><strong><em>J</em></strong></span> <span class='ocrx_word' id='word_1_387' title='bbox 1559 4598 1664 4647; x_wconf 89' lang='lat' dir='ltr'><strong>esu,</strong></span> <span class='ocrx_word' id='word_1_388' title='bbox 1693 4588 1739 4633; x_wconf 91' lang='lat' dir='ltr'><strong>et</strong></span> <span class='ocrx_word' id='word_1_389' title='bbox 1764 4576 2081 4631; x_wconf 85' lang='lat' dir='ltr'><strong>dilectionem</strong></span> 
     </span>
    </p>
   </div>
   <div class='ocr_carea' id='block_1_48' title="bbox 502 4666 2083 4765">
    <p class='ocr_par' dir='ltr' id='par_1_48' title="bbox 502 4666 2083 4765">
     <span class='ocr_line' id='line_1_48' title="bbox 502 4666 2083 4765; baseline -0.02 -13"><span class='ocrx_word' id='word_1_390' title='bbox 502 4714 655 4765; x_wconf 88' lang='lat' dir='ltr'><strong>quam</strong></span> <span class='ocrx_word' id='word_1_391' title='bbox 681 4693 869 4747; x_wconf 86' lang='lat' dir='ltr'><strong>habetis</strong></span> <span class='ocrx_word' id='word_1_392' title='bbox 904 4690 958 4743; x_wconf 87' lang='lat' dir='ltr'><strong>in</strong></span> <span class='ocrx_word' id='word_1_393' title='bbox 984 4701 1155 4741; x_wconf 89' lang='lat' dir='ltr'><strong>omnes</strong></span> <span class='ocrx_word' id='word_1_394' title='bbox 1179 4689 1399 4738; x_wconf 85' lang='lat' dir='ltr'><strong>sanctos.</strong></span> <span class='ocrx_word' id='word_1_395' title='bbox 1438 4676 1555 4732; x_wconf 79' lang='lat' dir='ltr'><strong>Jant</strong></span> <span class='ocrx_word' id='word_1_396' title='bbox 1584 4688 1678 4729; x_wconf 89' lang='lat' dir='ltr'><strong>eos</strong></span> <span class='ocrx_word' id='word_1_397' title='bbox 1702 4670 1802 4725; x_wconf 87' lang='lat' dir='ltr'><strong>sibi</strong></span> <span class='ocrx_word' id='word_1_398' title='bbox 1833 4666 2083 4724; x_wconf 85' lang='lat' dir='ltr'><strong>conciliat</strong></span> 
     </span>
    </p>
   </div>
   <div class='ocr_carea' id='block_1_49' title="bbox 504 4758 2086 4858">
    <p class='ocr_par' dir='ltr' id='par_1_49' title="bbox 504 4758 2086 4858">
     <span class='ocr_line' id='line_1_49' title="bbox 504 4758 2086 4858; baseline -0.023 -13"><span class='ocrx_word' id='word_1_399' title='bbox 504 4758 560 4846; x_wconf 81' lang='lat' dir='ltr'><strong>et</strong></span> <span class='ocrx_word' id='word_1_400' title='bbox 587 4795 765 4858; x_wconf 89' lang='lat' dir='ltr'><strong>captat</strong></span> <span class='ocrx_word' id='word_1_401' title='bbox 794 4778 1243 4839; x_wconf 89' lang='lat' dir='ltr'><strong>benevolentiam.</strong></span> <span class='ocrx_word' id='word_1_402' title='bbox 1276 4765 1677 4841; x_wconf 85' lang='lat' dir='ltr'><strong>Epaphroditus</strong></span> <span class='ocrx_word' id='word_1_403' title='bbox 1722 4768 1807 4816; x_wconf 88' lang='lat' dir='ltr'><strong>est</strong></span> <span class='ocrx_word' id='word_1_404' title='bbox 1850 4758 1941 4829; x_wconf 91' lang='lat' dir='ltr'><strong>qui</strong></span> <span class='ocrx_word' id='word_1_405' title='bbox 1971 4758 2086 4811; x_wconf 74' lang='lat' dir='ltr'><strong>hinc</strong></span> 
     </span>
    </p>
   </div>
   <div class='ocr_carea' id='block_1_50' title="bbox 506 4852 2085 4942">
    <p class='ocr_par' dir='ltr' id='par_1_50' title="bbox 506 4852 2085 4942">
     <span class='ocr_line' id='line_1_50' title="bbox 506 4852 2085 4942; baseline -0.023 -3"><span class='ocrx_word' id='word_1_406' title='bbox 506 4852 778 4940; x_wconf 78' lang='lat' dir='ltr'><strong>renuntiat</strong></span> <span class='ocrx_word' id='word_1_407' title='bbox 816 4893 832 4942; x_wconf 87' lang='lat'><strong>;</strong></span> <span class='ocrx_word' id='word_1_408' title='bbox 870 4873 1030 4929; x_wconf 89' lang='lat' dir='ltr'><strong>mittit</strong></span> <span class='ocrx_word' id='word_1_409' title='bbox 1073 4878 1247 4925; x_wconf 87' lang='lat' dir='ltr'><strong>autem</strong></span> <span class='ocrx_word' id='word_1_410' title='bbox 1282 4862 1562 4934; x_wconf 77' lang='lat' dir='ltr'><strong>epiStolam</strong></span> <span class='ocrx_word' id='word_1_411' title='bbox 1596 4871 1692 4928; x_wconf 86' lang='lat' dir='ltr'><strong>per</strong></span> <span class='ocrx_word' id='word_1_412' title='bbox 1744 4852 2034 4925; x_wconf 87' lang='lat' dir='ltr'><strong>Tychicum</strong></span> <span class='ocrx_word' id='word_1_413' title='bbox 2064 4890 2085 4917; x_wconf 88' lang='lat'><strong>,</strong></span> 
     </span>
    </p>
   </div>
   <div class='ocr_carea' id='block_1_51' title="bbox 508 4939 2085 5037">
    <p class='ocr_par' dir='ltr' id='par_1_51' title="bbox 508 4939 2085 5037">
     <span class='ocr_line' id='line_1_51' title="bbox 508 4939 2085 5037; baseline -0.026 -6"><span class='ocrx_word' id='word_1_414' title='bbox 508 4990 630 5031; x_wconf 89' lang='lat' dir='ltr'><strong>cum</strong></span> <span class='ocrx_word' id='word_1_415' title='bbox 657 4972 803 5027; x_wconf 92' lang='lat' dir='ltr'><strong>illum</strong></span> <span class='ocrx_word' id='word_1_416' title='bbox 830 4964 969 5037; x_wconf 88' lang='lat' dir='ltr'><strong>apud</strong></span> <span class='ocrx_word' id='word_1_417' title='bbox 1000 4977 1059 5018; x_wconf 90' lang='lat' dir='ltr'><strong>se</strong></span> <span class='ocrx_word' id='word_1_418' title='bbox 1079 4958 1412 5015; x_wconf 87' lang='lat' dir='ltr'><strong>detinuisset.</strong></span> <span class='ocrx_word' id='word_1_419' title='bbox 1446 4951 1513 5005; x_wconf 86' lang='lat' dir='ltr'><strong>Et</strong></span> <span class='ocrx_word' id='word_1_420' title='bbox 1533 4946 1868 5010; x_wconf 81' lang='lat' dir='ltr'><strong>dilectionem,</strong></span> <span class='ocrx_word' id='word_1_421' title='bbox 1896 4939 2085 5011; x_wconf 89' lang='lat' dir='ltr'><strong>inquit,</strong></span> 
     </span>
    </p>
   </div>
   <div class='ocr_carea' id='block_1_52' title="bbox 510 5034 2091 5139">
    <p class='ocr_par' dir='ltr' id='par_1_52' title="bbox 510 5034 2091 5139">
     <span class='ocr_line' id='line_1_52' title="bbox 510 5034 2091 5139; baseline -0.023 -18"><span class='ocrx_word' id='word_1_422' title='bbox 510 5080 662 5139; x_wconf 78' lang='lat' dir='ltr'><strong>quam</strong></span> <span class='ocrx_word' id='word_1_423' title='bbox 705 5060 895 5115; x_wconf 88' lang='lat' dir='ltr'><strong>habetis</strong></span> <span class='ocrx_word' id='word_1_424' title='bbox 940 5056 994 5110; x_wconf 89' lang='lat' dir='ltr'><strong>in</strong></span> <span class='ocrx_word' id='word_1_425' title='bbox 1041 5067 1212 5107; x_wconf 89' lang='lat' dir='ltr'><strong>omnes</strong></span> <span class='ocrx_word' id='word_1_426' title='bbox 1265 5054 1464 5102; x_wconf 89' lang='lat' dir='ltr'><strong>sanctos</strong></span> <span class='ocrx_word' id='word_1_427' title='bbox 1495 5059 1512 5096; x_wconf 92' lang='lat'><strong><em>:</em></strong></span> <span class='ocrx_word' id='word_1_428' title='bbox 1544 5055 1647 5095; x_wconf 91' lang='lat' dir='ltr'><strong>non</strong></span> <span class='ocrx_word' id='word_1_429' title='bbox 1703 5038 1759 5091; x_wconf 90' lang='lat' dir='ltr'><strong>in</strong></span> <span class='ocrx_word' id='word_1_430' title='bbox 1810 5034 1951 5089; x_wconf 92' lang='lat' dir='ltr'><strong>hunc</strong></span> <span class='ocrx_word' id='word_1_431' title='bbox 1998 5039 2091 5086; x_wconf 85' lang='lat' dir='ltr'><strong>aut</strong></span> 
     </span>
    </p>
   </div>
   <div class='ocr_carea' id='block_1_53' title="bbox 514 5135 2092 5224">
    <p class='ocr_par' dir='ltr' id='par_1_53' title="bbox 514 5135 2092 5224">
     <span class='ocr_line' id='line_1_53' title="bbox 514 5135 2092 5224; baseline -0.025 -9"><span class='ocrx_word' id='word_1_432' title='bbox 514 5135 664 5215; x_wconf 78' lang='lat' dir='ltr'><strong>illum</strong></span> <span class='ocrx_word' id='word_1_433' title='bbox 688 5171 704 5209; x_wconf 89' lang='lat'><strong>:</strong></span> <span class='ocrx_word' id='word_1_434' title='bbox 726 5168 854 5224; x_wconf 86' lang='lat' dir='ltr'><strong>ergo</strong></span> <span class='ocrx_word' id='word_1_435' title='bbox 880 5152 937 5205; x_wconf 87' lang='lat' dir='ltr'><strong>in</strong></span> <span class='ocrx_word' id='word_1_436' title='bbox 958 5163 1055 5203; x_wconf 91' lang='lat' dir='ltr'><strong>nos</strong></span> <span class='ocrx_word' id='word_1_437' title='bbox 1084 5156 1317 5216; x_wconf 88' lang='lat' dir='ltr'><strong>quoque.</strong></span> <span class='ocrx_word' id='word_1_438' title='bbox 1350 5139 1402 5194; x_wconf 85' lang='lat'><strong>5.</strong></span> <span class='ocrx_word' id='word_1_439' title='bbox 1439 5135 1661 5204; x_wconf 89' lang='lat' dir='ltr'><strong>Propter</strong></span> <span class='ocrx_word' id='word_1_440' title='bbox 1685 5145 1845 5199; x_wconf 86' lang='lat' dir='ltr'><strong>spem,</strong></span> <span class='ocrx_word' id='word_1_441' title='bbox 1873 5140 1985 5197; x_wconf 70' lang='lat' dir='ltr'><strong>qua:</strong></span> <span class='ocrx_word' id='word_1_442' title='bbox 2012 5139 2092 5177; x_wconf 89' lang='lat' dir='ltr'><strong>re-</strong></span> 
     </span>
    </p>
   </div>
   <div class='ocr_carea' id='block_1_54' title="bbox 516 5215 2094 5323">
    <p class='ocr_par' dir='ltr' id='par_1_54' title="bbox 516 5215 2094 5323">
     <span class='ocr_line' id='line_1_54' title="bbox 516 5215 2094 5323; baseline -0.023 -16"><span class='ocrx_word' id='word_1_443' title='bbox 516 5251 682 5323; x_wconf 87' lang='lat' dir='ltr'><strong>posita</strong></span> <span class='ocrx_word' id='word_1_444' title='bbox 702 5215 946 5302; x_wconf 47' lang='lat' dir='ltr'><strong>est&#39;vobis</strong></span> <span class='ocrx_word' id='word_1_445' title='bbox 980 5241 1031 5294; x_wconf 93' lang='lat' dir='ltr'><strong>in</strong></span> <span class='ocrx_word' id='word_1_446' title='bbox 1059 5215 1215 5291; x_wconf 73' lang='lat' dir='ltr'><strong>catlis.</strong></span> <span class='ocrx_word' id='word_1_447' title='bbox 1258 5232 1456 5287; x_wconf 87' lang='lat' dir='ltr'><strong>Futura</strong></span> <span class='ocrx_word' id='word_1_448' title='bbox 1478 5267 1494 5292; x_wconf 91' lang='lat'><strong>,</strong></span> <span class='ocrx_word' id='word_1_449' title='bbox 1523 5223 1729 5295; x_wconf 85' lang='lat' dir='ltr'><strong>inquit,</strong></span> <span class='ocrx_word' id='word_1_450' title='bbox 1774 5220 1934 5274; x_wconf 83' lang='lat' dir='ltr'><strong>bona.</strong></span> <span class='ocrx_word' id='word_1_451' title='bbox 1980 5215 2094 5270; x_wconf 87' lang='lat' dir='ltr'><strong>lloc</strong></span> 
     </span>
    </p>
   </div>
   <div class='ocr_carea' id='block_1_55' title="bbox 516 5313 2094 5399">
    <p class='ocr_par' dir='ltr' id='par_1_55' title="bbox 516 5313 2094 5399">
     <span class='ocr_line' id='line_1_55' title="bbox 516 5313 2094 5399; baseline -0.022 0"><span class='ocrx_word' id='word_1_452' title='bbox 516 5344 774 5399; x_wconf 89' lang='lat' dir='ltr'><strong>adversus</strong></span> <span class='ocrx_word' id='word_1_453' title='bbox 800 5334 1139 5394; x_wconf 86' lang='lat' dir='ltr'><strong>tentationes,</strong></span> <span class='ocrx_word' id='word_1_454' title='bbox 1165 5344 1232 5383; x_wconf 92' lang='lat' dir='ltr'><strong>ne</strong></span> <span class='ocrx_word' id='word_1_455' title='bbox 1259 5326 1345 5380; x_wconf 90' lang='lat' dir='ltr'><strong>hic</strong></span> <span class='ocrx_word' id='word_1_456' title='bbox 1372 5335 1582 5394; x_wconf 88' lang='lat' dir='ltr'><strong>quoque</strong></span> <span class='ocrx_word' id='word_1_457' title='bbox 1602 5324 1843 5389; x_wconf 73' lang='lat' dir='ltr'><strong>quierant</strong></span> <span class='ocrx_word' id='word_1_458' title='bbox 1861 5313 2094 5383; x_wconf 87' lang='lat' dir='ltr'><strong>quietem</strong></span> 
     </span>
    </p>
   </div>
   <div class='ocr_carea' id='block_1_56' title="bbox 519 5401 2094 5494">
    <p class='ocr_par' dir='ltr' id='par_1_56' title="bbox 519 5401 2094 5494">
     <span class='ocr_line' id='line_1_56' title="bbox 519 5401 2094 5494; baseline -0.023 -1"><span class='ocrx_word' id='word_1_459' title='bbox 519 5446 575 5492; x_wconf 89' lang='lat' dir='ltr'><strong>et</strong></span> <span class='ocrx_word' id='word_1_460' title='bbox 597 5436 785 5490; x_wconf 91' lang='lat' dir='ltr'><strong>otium.</strong></span> <span class='ocrx_word' id='word_1_461' title='bbox 815 5430 945 5484; x_wconf 85' lang='lat' dir='ltr'><strong>Nam</strong></span> <span class='ocrx_word' id='word_1_462' title='bbox 973 5441 1040 5481; x_wconf 89' lang='lat' dir='ltr'><strong>ne</strong></span> <span class='ocrx_word' id='word_1_463' title='bbox 1062 5420 1325 5494; x_wconf 89' lang='lat' dir='ltr'><strong>quispiam</strong></span> <span class='ocrx_word' id='word_1_464' title='bbox 1350 5416 1551 5470; x_wconf 88' lang='lat' dir='ltr'><strong>diceret</strong></span> <span class='ocrx_word' id='word_1_465' title='bbox 1577 5428 1590 5467; x_wconf 92' lang='lat'><strong>:</strong></span> <span class='ocrx_word' id='word_1_466' title='bbox 1623 5410 1691 5464; x_wconf 90' lang='lat' dir='ltr'><strong>Et</strong></span> <span class='ocrx_word' id='word_1_467' title='bbox 1717 5406 1842 5478; x_wconf 88' lang='lat' dir='ltr'><strong>quid</strong></span> <span class='ocrx_word' id='word_1_468' title='bbox 1874 5403 2004 5459; x_wconf 91' lang='lat' dir='ltr'><strong>lucri</strong></span> <span class='ocrx_word' id='word_1_469' title='bbox 2028 5401 2094 5456; x_wconf 91' lang='lat' dir='ltr'><strong>ad</strong></span> 
     </span>
    </p>
   </div>
   <div class='ocr_carea' id='block_1_57' title="bbox 522 5502 2098 5588">
    <p class='ocr_par' dir='ltr' id='par_1_57' title="bbox 522 5502 2098 5588">
     <span class='ocr_line' id='line_1_57' title="bbox 522 5502 2098 5588; baseline -0.025 1"><span class='ocrx_word' id='word_1_470' title='bbox 522 5547 617 5588; x_wconf 87' lang='lat' dir='ltr'><strong>eos</strong></span> <span class='ocrx_word' id='word_1_471' title='bbox 638 5528 774 5585; x_wconf 89' lang='lat' dir='ltr'><strong>redit</strong></span> <span class='ocrx_word' id='word_1_472' title='bbox 799 5541 861 5581; x_wconf 79' lang='lat' dir='ltr'><strong>ex</strong></span> <span class='ocrx_word' id='word_1_473' title='bbox 889 5520 1173 5577; x_wconf 88' lang='lat' dir='ltr'><strong>dilectione</strong></span> <span class='ocrx_word' id='word_1_474' title='bbox 1203 5515 1255 5569; x_wconf 92' lang='lat' dir='ltr'><strong>in</strong></span> <span class='ocrx_word' id='word_1_475' title='bbox 1283 5518 1494 5567; x_wconf 90' lang='lat' dir='ltr'><strong>sanctos</strong></span> <span class='ocrx_word' id='word_1_476' title='bbox 1514 5550 1528 5570; x_wconf 95' lang='lat'><strong>,</strong></span> <span class='ocrx_word' id='word_1_477' title='bbox 1557 5520 1676 5561; x_wconf 90' lang='lat' dir='ltr'><strong>cum</strong></span> <span class='ocrx_word' id='word_1_478' title='bbox 1710 5502 1808 5571; x_wconf 82' lang='lat' dir='ltr'><strong>ipsi</strong></span> <span class='ocrx_word' id='word_1_479' title='bbox 1835 5505 2098 5568; x_wconf 86' lang='lat' dir='ltr'><strong>angantur</strong></span> 
     </span>
    </p>
   </div>
   <div class='ocr_carea' id='block_1_58' title="bbox 524 5588 2100 5683">
    <p class='ocr_par' dir='ltr' id='par_1_58' title="bbox 524 5588 2100 5683">
     <span class='ocr_line' id='line_1_58' title="bbox 524 5588 2100 5683; baseline -0.026 -1"><span class='ocrx_word' id='word_1_480' title='bbox 524 5636 578 5683; x_wconf 85' lang='lat' dir='ltr'><strong>et</strong></span> <span class='ocrx_word' id='word_1_481' title='bbox 602 5624 787 5680; x_wconf 85' lang='lat' dir='ltr'><strong>dolore</strong></span> <span class='ocrx_word' id='word_1_482' title='bbox 806 5611 1144 5673; x_wconf 88' lang='lat' dir='ltr'><strong>afﬁciantur?</strong></span> <span class='ocrx_word' id='word_1_483' title='bbox 1166 5609 1455 5668; x_wconf 64' lang='lat' dir='ltr'><strong>Laetamur,</strong></span> <span class='ocrx_word' id='word_1_484' title='bbox 1484 5599 1673 5671; x_wconf 90' lang='lat' dir='ltr'><strong>inquit,</strong></span> <span class='ocrx_word' id='word_1_485' title='bbox 1703 5593 1845 5666; x_wconf 90' lang='lat' dir='ltr'><strong>quod</strong></span> <span class='ocrx_word' id='word_1_486' title='bbox 1875 5593 1927 5647; x_wconf 90' lang='lat' dir='ltr'><strong>in</strong></span> <span class='ocrx_word' id='word_1_487' title='bbox 1955 5588 2100 5645; x_wconf 76' lang='lat' dir='ltr'><strong>cmlis</strong></span> 
     </span>
    </p>
   </div>
   <div class='ocr_carea' id='block_1_59' title="bbox 527 5688 2098 5788">
    <p class='ocr_par' dir='ltr' id='par_1_59' title="bbox 527 5688 2098 5788">
     <span class='ocr_line' id='line_1_59' title="bbox 527 5688 2098 5788; baseline -0.026 -15"><span class='ocrx_word' id='word_1_488' title='bbox 527 5731 717 5788; x_wconf 88' lang='lat' dir='ltr'><strong>magna</strong></span> <span class='ocrx_word' id='word_1_489' title='bbox 744 5722 799 5770; x_wconf 89' lang='lat' dir='ltr'><strong>et</strong></span> <span class='ocrx_word' id='word_1_490' title='bbox 826 5708 1081 5782; x_wconf 77' lang='lat' dir='ltr'><strong>praeclara</strong></span> <span class='ocrx_word' id='word_1_491' title='bbox 1126 5701 1280 5757; x_wconf 87' lang='lat' dir='ltr'><strong>vobis</strong></span> <span class='ocrx_word' id='word_1_492' title='bbox 1318 5693 1635 5752; x_wconf 89' lang='lat' dir='ltr'><strong>conciliatis.</strong></span> <span class='ocrx_word' id='word_1_493' title='bbox 1681 5688 1901 5752; x_wconf 85' lang='lat' dir='ltr'><strong>Propter</strong></span> <span class='ocrx_word' id='word_1_494' title='bbox 1938 5696 2098 5748; x_wconf 88' lang='lat' dir='ltr'><strong>spem,</strong></span> 
     </span>
    </p>
   </div>
   <div class='ocr_carea' id='block_1_60' title="bbox 532 5776 2098 5881">
    <p class='ocr_par' dir='ltr' id='par_1_60' title="bbox 532 5776 2098 5881">
     <span class='ocr_line' id='line_1_60' title="bbox 532 5776 2098 5881; baseline -0.025 -14"><span class='ocrx_word' id='word_1_495' title='bbox 532 5776 721 5881; x_wconf 68' lang='lat' dir='ltr'><strong>inquit,</strong></span> <span class='ocrx_word' id='word_1_496' title='bbox 766 5776 1056 5877; x_wconf 77' lang='lat' dir='ltr'><strong>repositam.</strong></span> <span class='ocrx_word' id='word_1_497' title='bbox 1086 5798 1220 5856; x_wconf 79' lang='lat' dir='ltr'><strong>Rem</strong></span> <span class='ocrx_word' id='word_1_498' title='bbox 1252 5789 1483 5850; x_wconf 89' lang='lat' dir='ltr'><strong>ostendit</strong></span> <span class='ocrx_word' id='word_1_499' title='bbox 1513 5786 1718 5842; x_wconf 82' lang='lat' dir='ltr'><strong>firmant</strong></span> <span class='ocrx_word' id='word_1_500' title='bbox 1748 5786 1802 5838; x_wconf 86' lang='lat' dir='ltr'><strong>et</strong></span> <span class='ocrx_word' id='word_1_501' title='bbox 1831 5776 2098 5835; x_wconf 85' lang='lat' dir='ltr'><strong>stabilem.</strong></span> 
     </span>
    </p>
   </div>
   <div class='ocr_carea' id='block_1_61' title="bbox 1307 293 2717 382">
    <p class='ocr_par' dir='ltr' id='par_1_61' title="bbox 1307 293 2717 382">
     <span class='ocr_line' id='line_1_61' title="bbox 1307 293 2717 382; baseline -0.021 1"><span class='ocrx_word' id='word_1_502' title='bbox 1307 323 1379 382; x_wconf 74' lang='lat' dir='ltr'><strong>IN</strong></span> <span class='ocrx_word' id='word_1_503' title='bbox 1412 318 1631 380; x_wconf 76' lang='lat' dir='ltr'><strong>EPIST.</strong></span> <span class='ocrx_word' id='word_1_504' title='bbox 1672 315 1770 372; x_wconf 80' lang='lat' dir='ltr'><strong>AD</strong></span> <span class='ocrx_word' id='word_1_505' title='bbox 1802 305 2083 368; x_wconf 65' lang='lat'><strong>801.058.</strong></span> <span class='ocrx_word' id='word_1_506' title='bbox 2123 302 2275 362; x_wconf 79' lang='lat' dir='ltr'><strong>CAP.</strong></span> <span class='ocrx_word' id='word_1_507' title='bbox 2317 301 2359 355; x_wconf 90' lang='grc' dir='ltr'><strong>Ι.</strong></span> <span class='ocrx_word' id='word_1_508' title='bbox 2402 296 2633 356; x_wconf 72' lang='lat' dir='ltr'><strong>HOMIL.</strong></span> <span class='ocrx_word' id='word_1_509' title='bbox 2672 293 2717 353; x_wconf 76' lang='grc' dir='ltr'><strong>Ῑ.</strong></span> 
     </span>
    </p>
   </div>
   <div class='ocr_carea' id='block_1_62' title="bbox 3589 282 3703 341">
    <p class='ocr_par' dir='ltr' id='par_1_62' title="bbox 3589 282 3703 341">
     <span class='ocr_line' id='line_1_62' title="bbox 3589 282 3703 341; baseline -0.018 -4"><span class='ocrx_word' id='word_1_510' title='bbox 3589 282 3703 341; x_wconf 68' lang='grc' dir='ltr'><strong>3θί</strong></span> 
     </span>
    </p>
   </div>
   <div class='ocr_carea' id='block_1_63' title="bbox 2117 409 3699 487">
    <p class='ocr_par' dir='ltr' id='par_1_63' title="bbox 2117 409 3699 487">
     <span class='ocr_line' id='line_1_63' title="bbox 2117 409 3699 487; baseline -0.009 -13"><span class='ocrx_word' id='word_1_511' title='bbox 2117 420 2283 487; x_wconf 83' lang='lat' dir='ltr'><strong>Quam</strong></span> <span class='ocrx_word' id='word_1_512' title='bbox 2319 418 2554 473; x_wconf 86' lang='lat' dir='ltr'><strong>audiistis</strong></span> <span class='ocrx_word' id='word_1_513' title='bbox 2592 417 2646 470; x_wconf 87' lang='lat' dir='ltr'><strong>in</strong></span> <span class='ocrx_word' id='word_1_514' title='bbox 2685 414 2834 471; x_wconf 85' lang='lat' dir='ltr'><strong>verba</strong></span> <span class='ocrx_word' id='word_1_515' title='bbox 2875 413 3116 471; x_wconf 88' lang='lat' dir='ltr'><strong>veritatis.</strong></span> <span class='ocrx_word' id='word_1_516' title='bbox 3166 411 3281 467; x_wconf 80' lang='lat' dir='ltr'><strong>Hoc</strong></span> <span class='ocrx_word' id='word_1_517' title='bbox 3327 409 3472 465; x_wconf 88' lang='lat' dir='ltr'><strong>dicto</strong></span> <span class='ocrx_word' id='word_1_518' title='bbox 3521 410 3699 476; x_wconf 79' lang='lat' dir='ltr'><strong>carpit</strong></span> 
     </span>
    </p>
   </div>
   <div class='ocr_carea' id='block_1_64' title="bbox 2115 500 3699 580">
    <p class='ocr_par' dir='ltr' id='par_1_64' title="bbox 2115 500 3699 580">
     <span class='ocr_line' id='line_1_64' title="bbox 2115 500 3699 580; baseline -0.008 -12"><span class='ocrx_word' id='word_1_519' title='bbox 2115 513 2256 579; x_wconf 88' lang='lat' dir='ltr'><strong>illos,</strong></span> <span class='ocrx_word' id='word_1_520' title='bbox 2282 510 2423 580; x_wconf 87' lang='lat' dir='ltr'><strong>quod</strong></span> <span class='ocrx_word' id='word_1_521' title='bbox 2444 525 2564 566; x_wconf 90' lang='lat' dir='ltr'><strong>cum</strong></span> <span class='ocrx_word' id='word_1_522' title='bbox 2591 510 2751 579; x_wconf 82' lang='lat' dir='ltr'><strong>longo</strong></span> <span class='ocrx_word' id='word_1_523' title='bbox 2782 519 3023 579; x_wconf 88' lang='lat' dir='ltr'><strong>tempore</strong></span> <span class='ocrx_word' id='word_1_524' title='bbox 3048 521 3167 562; x_wconf 85' lang='lat' dir='ltr'><strong>eam</strong></span> <span class='ocrx_word' id='word_1_525' title='bbox 3196 504 3500 563; x_wconf 87' lang='lat' dir='ltr'><strong>habuerint.</strong></span> <span class='ocrx_word' id='word_1_526' title='bbox 3524 500 3699 557; x_wconf 87' lang='lat' dir='ltr'><strong>desci-</strong></span> 
     </span>
    </p>
   </div>
   <div class='ocr_carea' id='block_1_65' title="bbox 2114 594 3705 670">
    <p class='ocr_par' dir='ltr' id='par_1_65' title="bbox 2114 594 3705 670">
     <span class='ocr_line' id='line_1_65' title="bbox 2114 594 3705 670; baseline -0.01 -9"><span class='ocrx_word' id='word_1_527' title='bbox 2114 604 2291 661; x_wconf 90' lang='lat' dir='ltr'><strong>verint</strong></span> <span class='ocrx_word' id='word_1_528' title='bbox 2316 612 2371 658; x_wconf 89' lang='lat' dir='ltr'><strong>et</strong></span> <span class='ocrx_word' id='word_1_529' title='bbox 2396 603 2503 657; x_wconf 85' lang='lat' dir='ltr'><strong>sint</strong></span> <span class='ocrx_word' id='word_1_530' title='bbox 2523 602 2730 657; x_wconf 87' lang='lat' dir='ltr'><strong>mutati.</strong></span> <span class='ocrx_word' id='word_1_531' title='bbox 2763 600 2930 665; x_wconf 85' lang='lat' dir='ltr'><strong>Quam</strong></span> <span class='ocrx_word' id='word_1_532' title='bbox 2949 600 3111 670; x_wconf 87' lang='lat' dir='ltr'><strong>prius,</strong></span> <span class='ocrx_word' id='word_1_533' title='bbox 3140 597 3349 667; x_wconf 89' lang='lat' dir='ltr'><strong>inquit,</strong></span> <span class='ocrx_word' id='word_1_534' title='bbox 3382 594 3616 649; x_wconf 80' lang='lat' dir='ltr'><strong>audiistts</strong></span> <span class='ocrx_word' id='word_1_535' title='bbox 3644 594 3705 646; x_wconf 83' lang='lat' dir='ltr'><strong>in</strong></span> 
     </span>
    </p>
   </div>
   <div class='ocr_carea' id='block_1_66' title="bbox 2115 685 3686 763">
    <p class='ocr_par' dir='ltr' id='par_1_66' title="bbox 2115 685 3686 763">
     <span class='ocr_line' id='line_1_66' title="bbox 2115 685 3686 763; baseline -0.009 -12"><span class='ocrx_word' id='word_1_536' title='bbox 2115 697 2262 751; x_wconf 88' lang='lat' dir='ltr'><strong>verbo</strong></span> <span class='ocrx_word' id='word_1_537' title='bbox 2286 695 2508 749; x_wconf 76' lang='lat' dir='ltr'><strong>veritatis</strong></span> <span class='ocrx_word' id='word_1_538' title='bbox 2534 694 2800 763; x_wconf 85' lang='lat' dir='ltr'><strong>evangelii.</strong></span> <span class='ocrx_word' id='word_1_539' title='bbox 2830 693 2895 747; x_wconf 87' lang='lat' dir='ltr'><strong>Et</strong></span> <span class='ocrx_word' id='word_1_540' title='bbox 2937 691 3058 761; x_wconf 86' lang='lat' dir='ltr'><strong>jure</strong></span> <span class='ocrx_word' id='word_1_541' title='bbox 3100 690 3267 744; x_wconf 86' lang='lat' dir='ltr'><strong>verbo</strong></span> <span class='ocrx_word' id='word_1_542' title='bbox 3305 687 3407 743; x_wconf 90' lang='lat' dir='ltr'><strong>fert</strong></span> <span class='ocrx_word' id='word_1_543' title='bbox 3452 685 3686 741; x_wconf 86' lang='lat' dir='ltr'><strong>testimo-</strong></span> 
     </span>
    </p>
   </div>
   <div class='ocr_carea' id='block_1_67' title="bbox 2116 779 3719 856">
    <p class='ocr_par' dir='ltr' id='par_1_67' title="bbox 2116 779 3719 856">
     <span class='ocr_line' id='line_1_67' title="bbox 2116 779 3719 856; baseline -0.006 -13"><span class='ocrx_word' id='word_1_544' title='bbox 2116 790 2262 844; x_wconf 91' lang='lat' dir='ltr'><strong>nium</strong></span> <span class='ocrx_word' id='word_1_545' title='bbox 2292 787 2566 850; x_wconf 88' lang='lat' dir='ltr'><strong>veritatis,</strong></span> <span class='ocrx_word' id='word_1_546' title='bbox 2598 784 2741 856; x_wconf 88' lang='lat' dir='ltr'><strong>quod</strong></span> <span class='ocrx_word' id='word_1_547' title='bbox 2771 785 2822 839; x_wconf 92' lang='lat' dir='ltr'><strong>in</strong></span> <span class='ocrx_word' id='word_1_548' title='bbox 2853 800 2918 839; x_wconf 91' lang='lat' dir='ltr'><strong>eo</strong></span> <span class='ocrx_word' id='word_1_549' title='bbox 2948 784 3077 837; x_wconf 89' lang='lat' dir='ltr'><strong>nihil</strong></span> <span class='ocrx_word' id='word_1_550' title='bbox 3116 782 3188 837; x_wconf 87' lang='lat' dir='ltr'><strong>sit</strong></span> <span class='ocrx_word' id='word_1_551' title='bbox 3233 781 3371 836; x_wconf 89' lang='lat' dir='ltr'><strong>falsi.</strong></span> <span class='ocrx_word' id='word_1_552' title='bbox 3412 779 3719 851; x_wconf 73' lang='lat' dir='ltr'><strong>Evangelii.</strong></span> 
     </span>
    </p>
   </div>
   <div class='ocr_carea' id='block_1_68' title="bbox 2117 862 3705 948">
    <p class='ocr_par' dir='ltr' id='par_1_68' title="bbox 2117 862 3705 948">
     <span class='ocr_line' id='line_1_68' title="bbox 2117 862 3705 948; baseline -0.009 -10"><span class='ocrx_word' id='word_1_553' title='bbox 2117 882 2234 938; x_wconf 81' lang='lat' dir='ltr'><strong>Non</strong></span> <span class='ocrx_word' id='word_1_554' title='bbox 2261 881 2411 948; x_wconf 87' lang='lat' dir='ltr'><strong>dicit,</strong></span> <span class='ocrx_word' id='word_1_555' title='bbox 2445 878 2865 941; x_wconf 81' lang='lat' dir='ltr'><strong>Praedicatiouis,</strong></span> <span class='ocrx_word' id='word_1_556' title='bbox 2896 877 2991 931; x_wconf 90' lang='lat' dir='ltr'><strong>sed</strong></span> <span class='ocrx_word' id='word_1_557' title='bbox 3017 884 3168 931; x_wconf 90' lang='lat' dir='ltr'><strong>vocat</strong></span> <span class='ocrx_word' id='word_1_558' title='bbox 3194 862 3553 943; x_wconf 74' lang='lat' dir='ltr'><strong>evangelium,</strong></span> <span class='ocrx_word' id='word_1_559' title='bbox 3582 887 3705 942; x_wconf 74' lang='lat' dir='ltr'><strong>pen-</strong></span> 
     </span>
    </p>
   </div>
   <div class='ocr_carea' id='block_1_69' title="bbox 2119 966 3712 1044">
    <p class='ocr_par' dir='ltr' id='par_1_69' title="bbox 2119 966 3712 1044">
     <span class='ocr_line' id='line_1_69' title="bbox 2119 966 3712 1044; baseline -0.007 -15"><span class='ocrx_word' id='word_1_560' title='bbox 2119 983 2282 1044; x_wconf 88' lang='lat' dir='ltr'><strong>petuo</strong></span> <span class='ocrx_word' id='word_1_561' title='bbox 2307 974 2387 1028; x_wconf 88' lang='lat' dir='ltr'><strong>eis</strong></span> <span class='ocrx_word' id='word_1_562' title='bbox 2433 973 2487 1026; x_wconf 92' lang='lat' dir='ltr'><strong>in</strong></span> <span class='ocrx_word' id='word_1_563' title='bbox 2531 971 2843 1025; x_wconf 89' lang='lat' dir='ltr'><strong>memoriam</strong></span> <span class='ocrx_word' id='word_1_564' title='bbox 2874 982 3135 1024; x_wconf 86' lang='lat' dir='ltr'><strong>revocans</strong></span> <span class='ocrx_word' id='word_1_565' title='bbox 3164 967 3256 1022; x_wconf 92' lang='lat' dir='ltr'><strong>Dei</strong></span> <span class='ocrx_word' id='word_1_566' title='bbox 3299 966 3599 1028; x_wconf 76' lang='lat' dir='ltr'><strong>beneficia;</strong></span> <span class='ocrx_word' id='word_1_567' title='bbox 3648 972 3712 1019; x_wconf 84' lang='lat' dir='ltr'><strong>et&#39;</strong></span> 
     </span>
    </p>
   </div>
   <div class='ocr_carea' id='block_1_70' title="bbox 2120 1057 3707 1134">
    <p class='ocr_par' dir='ltr' id='par_1_70' title="bbox 2120 1057 3707 1134">
     <span class='ocr_line' id='line_1_70' title="bbox 2120 1057 3707 1134; baseline -0.007 -13"><span class='ocrx_word' id='word_1_568' title='bbox 2120 1081 2241 1121; x_wconf 89' lang='lat' dir='ltr'><strong>cum</strong></span> <span class='ocrx_word' id='word_1_569' title='bbox 2268 1080 2362 1120; x_wconf 91' lang='lat' dir='ltr'><strong>eos</strong></span> <span class='ocrx_word' id='word_1_570' title='bbox 2392 1065 2537 1134; x_wconf 89' lang='lat' dir='ltr'><strong>prius</strong></span> <span class='ocrx_word' id='word_1_571' title='bbox 2566 1062 2856 1124; x_wconf 84' lang='lat' dir='ltr'><strong>laudasset,</strong></span> <span class='ocrx_word' id='word_1_572' title='bbox 2887 1071 3013 1115; x_wconf 92' lang='lat' dir='ltr'><strong>tunc</strong></span> <span class='ocrx_word' id='word_1_573' title='bbox 3039 1058 3155 1114; x_wconf 71' lang='lat' dir='ltr'><strong>hinc</strong></span> <span class='ocrx_word' id='word_1_574' title='bbox 3175 1065 3393 1113; x_wconf 87' lang='lat' dir='ltr'><strong>revocat</strong></span> <span class='ocrx_word' id='word_1_575' title='bbox 3415 1057 3467 1111; x_wconf 93' lang='lat' dir='ltr'><strong>in</strong></span> <span class='ocrx_word' id='word_1_576' title='bbox 3497 1069 3707 1111; x_wconf 81' lang='lat' dir='ltr'><strong>memo—</strong></span> 
     </span>
    </p>
   </div>
   <div class='ocr_carea' id='block_1_71' title="bbox 2120 1148 3709 1226">
    <p class='ocr_par' dir='ltr' id='par_1_71' title="bbox 2120 1148 3709 1226">
     <span class='ocr_line' id='line_1_71' title="bbox 2120 1148 3709 1226; baseline -0.009 -11"><span class='ocrx_word' id='word_1_577' title='bbox 2120 1160 2277 1215; x_wconf 86' lang='lat' dir='ltr'><strong>riam.</strong></span> <span class='ocrx_word' id='word_1_578' title='bbox 2306 1157 2359 1213; x_wconf 88' lang='lat'><strong>6.</strong></span> <span class='ocrx_word' id='word_1_579' title='bbox 2392 1157 2543 1224; x_wconf 84' lang='lat' dir='ltr'><strong>Quod</strong></span> <span class='ocrx_word' id='word_1_580' title='bbox 2579 1155 2802 1226; x_wconf 89' lang='lat' dir='ltr'><strong>pervenit</strong></span> <span class='ocrx_word' id='word_1_581' title='bbox 2847 1153 2916 1206; x_wconf 85' lang='lat' dir='ltr'><strong>ad</strong></span> <span class='ocrx_word' id='word_1_582' title='bbox 2961 1167 3070 1218; x_wconf 85' lang='lat' dir='ltr'><strong>vos,</strong></span> <span class='ocrx_word' id='word_1_583' title='bbox 3114 1151 3244 1204; x_wconf 87' lang='lat' dir='ltr'><strong>sicut</strong></span> <span class='ocrx_word' id='word_1_584' title='bbox 3287 1158 3335 1203; x_wconf 90' lang='lat' dir='ltr'><strong>et</strong></span> <span class='ocrx_word' id='word_1_585' title='bbox 3374 1148 3430 1202; x_wconf 89' lang='lat' dir='ltr'><strong>in</strong></span> <span class='ocrx_word' id='word_1_586' title='bbox 3474 1149 3709 1202; x_wconf 83' lang='lat' dir='ltr'><strong>universo</strong></span> 
     </span>
    </p>
   </div>
   <div class='ocr_carea' id='block_1_72' title="bbox 2120 1241 3729 1319">
    <p class='ocr_par' dir='ltr' id='par_1_72' title="bbox 2120 1241 3729 1319">
     <span class='ocr_line' id='line_1_72' title="bbox 2120 1241 3729 1319; baseline -0.007 -13"><span class='ocrx_word' id='word_1_587' title='bbox 2120 1252 2328 1307; x_wconf 84' lang='lat' dir='ltr'><strong>mundo.</strong></span> <span class='ocrx_word' id='word_1_588' title='bbox 2349 1250 2465 1305; x_wconf 87' lang='lat' dir='ltr'><strong>Jam</strong></span> <span class='ocrx_word' id='word_1_589' title='bbox 2488 1249 2566 1304; x_wconf 87' lang='lat' dir='ltr'><strong>eis</strong></span> <span class='ocrx_word' id='word_1_590' title='bbox 2580 1248 2926 1319; x_wconf 85' lang='lat' dir='ltr'><strong>gratiﬁcatur.</strong></span> <span class='ocrx_word' id='word_1_591' title='bbox 2951 1244 3102 1312; x_wconf 83' lang='lat' dir='ltr'><strong>Quod</strong></span> <span class='ocrx_word' id='word_1_592' title='bbox 3124 1243 3345 1313; x_wconf 84' lang='lat' dir='ltr'><strong>pervenit</strong></span> <span class='ocrx_word' id='word_1_593' title='bbox 3366 1241 3729 1305; x_wconf 36' lang='lat' dir='ltr'><strong>autem,diciti</strong></span> 
     </span>
    </p>
   </div>
   <div class='ocr_carea' id='block_1_73' title="bbox 2122 1332 3710 1412">
    <p class='ocr_par' dir='ltr' id='par_1_73' title="bbox 2122 1332 3710 1412">
     <span class='ocr_line' id='line_1_73' title="bbox 2122 1332 3710 1412; baseline -0.009 -13"><span class='ocrx_word' id='word_1_594' title='bbox 2122 1342 2508 1412; x_wconf 86' lang='lat' dir='ltr'><strong>metaphorice.</strong></span> <span class='ocrx_word' id='word_1_595' title='bbox 2530 1339 2643 1395; x_wconf 85' lang='lat' dir='ltr'><strong>Non</strong></span> <span class='ocrx_word' id='word_1_596' title='bbox 2672 1340 2816 1393; x_wconf 89' lang='lat' dir='ltr'><strong>enim</strong></span> <span class='ocrx_word' id='word_1_597' title='bbox 2838 1336 3066 1391; x_wconf 89' lang='lat' dir='ltr'><strong>accessit</strong></span> <span class='ocrx_word' id='word_1_598' title='bbox 3088 1343 3144 1389; x_wconf 89' lang='lat' dir='ltr'><strong>et</strong></span> <span class='ocrx_word' id='word_1_599' title='bbox 3170 1333 3411 1398; x_wconf 87' lang='lat' dir='ltr'><strong>recessit,</strong></span> <span class='ocrx_word' id='word_1_600' title='bbox 3436 1332 3529 1387; x_wconf 86' lang='lat' dir='ltr'><strong>sed</strong></span> <span class='ocrx_word' id='word_1_601' title='bbox 3558 1347 3710 1387; x_wconf 87' lang='lat' dir='ltr'><strong>man-</strong></span> 
     </span>
    </p>
   </div>
   <div class='ocr_carea' id='block_1_74' title="bbox 2122 1424 3713 1501">
    <p class='ocr_par' dir='ltr' id='par_1_74' title="bbox 2122 1424 3713 1501">
     <span class='ocr_line' id='line_1_74' title="bbox 2122 1424 3713 1501; baseline -0.009 -9"><span class='ocrx_word' id='word_1_602' title='bbox 2122 1438 2194 1493; x_wconf 84' lang='lat' dir='ltr'><strong>sit</strong></span> <span class='ocrx_word' id='word_1_603' title='bbox 2221 1446 2273 1491; x_wconf 90' lang='lat' dir='ltr'><strong>et</strong></span> <span class='ocrx_word' id='word_1_604' title='bbox 2299 1444 2382 1491; x_wconf 89' lang='lat' dir='ltr'><strong>est</strong></span> <span class='ocrx_word' id='word_1_605' title='bbox 2404 1433 2531 1488; x_wconf 89' lang='lat' dir='ltr'><strong>illic.</strong></span> <span class='ocrx_word' id='word_1_606' title='bbox 2563 1431 2764 1487; x_wconf 89' lang='lat' dir='ltr'><strong>Deinde</strong></span> <span class='ocrx_word' id='word_1_607' title='bbox 2790 1430 3042 1501; x_wconf 90' lang='lat' dir='ltr'><strong>quoniam</strong></span> <span class='ocrx_word' id='word_1_608' title='bbox 3071 1427 3302 1481; x_wconf 79' lang='lat' dir='ltr'><strong>maxime</strong></span> <span class='ocrx_word' id='word_1_609' title='bbox 3327 1424 3713 1480; x_wconf 83' lang='lat' dir='ltr'><strong>conﬁrmantur</strong></span> 
     </span>
    </p>
   </div>
   <div class='ocr_carea' id='block_1_75' title="bbox 2124 1518 3737 1594">
    <p class='ocr_par' dir='ltr' id='par_1_75' title="bbox 2124 1518 3737 1594">
     <span class='ocr_line' id='line_1_75' title="bbox 2124 1518 3737 1594; baseline -0.008 -11"><span class='ocrx_word' id='word_1_610' title='bbox 2124 1528 2276 1584; x_wconf 90' lang='lat' dir='ltr'><strong>multi</strong></span> <span class='ocrx_word' id='word_1_611' title='bbox 2306 1543 2370 1582; x_wconf 79' lang='lat' dir='ltr'><strong>ex</strong></span> <span class='ocrx_word' id='word_1_612' title='bbox 2397 1541 2464 1581; x_wconf 90' lang='lat' dir='ltr'><strong>eo</strong></span> <span class='ocrx_word' id='word_1_613' title='bbox 2484 1568 2499 1593; x_wconf 95' lang='lat'><strong>,</strong></span> <span class='ocrx_word' id='word_1_614' title='bbox 2523 1523 2667 1594; x_wconf 89' lang='lat' dir='ltr'><strong>quod</strong></span> <span class='ocrx_word' id='word_1_615' title='bbox 2702 1523 2902 1578; x_wconf 91' lang='lat' dir='ltr'><strong>multos</strong></span> <span class='ocrx_word' id='word_1_616' title='bbox 2930 1521 3162 1576; x_wconf 88' lang='lat' dir='ltr'><strong>habeant</strong></span> <span class='ocrx_word' id='word_1_617' title='bbox 3181 1519 3488 1588; x_wconf 87' lang='lat' dir='ltr'><strong>dogmatum</strong></span> <span class='ocrx_word' id='word_1_618' title='bbox 3514 1518 3737 1580; x_wconf 82' lang='lat' dir='ltr'><strong>socios,-</strong></span> 
     </span>
    </p>
   </div>
   <div class='ocr_carea' id='block_1_76' title="bbox 2094 1608 3735 1692">
    <p class='ocr_par' dir='ltr' id='par_1_76' title="bbox 2094 1608 3735 1692">
     <span class='ocr_line' id='line_1_76' title="bbox 2094 1608 3735 1692; baseline -0.01 -14"><span class='ocrx_word' id='word_1_619' title='bbox 2094 1673 2104 1680; x_wconf 90' lang='lat'><strong>.</strong></span> <span class='ocrx_word' id='word_1_620' title='bbox 2125 1629 2410 1692; x_wconf 85' lang='lat' dir='ltr'><strong>propterea</strong></span> <span class='ocrx_word' id='word_1_621' title='bbox 2436 1617 2710 1686; x_wconf 80' lang='lat' dir='ltr'><strong>subjunxit</strong></span> <span class='ocrx_word' id='word_1_622' title='bbox 2738 1634 2751 1669; x_wconf 95' lang='lat'>:</span> <span class='ocrx_word' id='word_1_623' title='bbox 2785 1615 2936 1670; x_wconf 80' lang='lat' dir='ltr'><strong>Sicut</strong></span> <span class='ocrx_word' id='word_1_624' title='bbox 2960 1622 3008 1667; x_wconf 89' lang='lat' dir='ltr'><strong>et</strong></span> <span class='ocrx_word' id='word_1_625' title='bbox 3031 1613 3087 1666; x_wconf 89' lang='lat' dir='ltr'><strong>in</strong></span> <span class='ocrx_word' id='word_1_626' title='bbox 3103 1613 3334 1665; x_wconf 86' lang='lat' dir='ltr'><strong>universo</strong></span> <span class='ocrx_word' id='word_1_627' title='bbox 3354 1609 3562 1664; x_wconf 88' lang='lat' dir='ltr'><strong>mundo.</strong></span> <span class='ocrx_word' id='word_1_628' title='bbox 3586 1608 3735 1665; x_wconf 72' lang='lat' dir='ltr'><strong>Ubi-‘</strong></span> 
     </span>
    </p>
   </div>
   <div class='ocr_carea' id='block_1_77' title="bbox 2125 1699 3716 1784">
    <p class='ocr_par' dir='ltr' id='par_1_77' title="bbox 2125 1699 3716 1784">
     <span class='ocr_line' id='line_1_77' title="bbox 2125 1699 3716 1784; baseline -0.008 -16"><span class='ocrx_word' id='word_1_629' title='bbox 2125 1729 2231 1784; x_wconf 88' lang='lat' dir='ltr'><strong>que</strong></span> <span class='ocrx_word' id='word_1_630' title='bbox 2257 1711 2430 1772; x_wconf 88' lang='lat' dir='ltr'><strong>adest.</strong></span> <span class='ocrx_word' id='word_1_631' title='bbox 2462 1708 2653 1778; x_wconf 90' lang='lat' dir='ltr'><strong>inquit,</strong></span> <span class='ocrx_word' id='word_1_632' title='bbox 2678 1706 2876 1776; x_wconf 89' lang='lat' dir='ltr'><strong>ubique</strong></span> <span class='ocrx_word' id='word_1_633' title='bbox 2900 1705 3231 1760; x_wconf 88' lang='lat' dir='ltr'><strong>dominatum</strong></span> <span class='ocrx_word' id='word_1_634' title='bbox 3263 1703 3494 1767; x_wconf 87' lang='lat' dir='ltr'><strong>obtinet,</strong></span> <span class='ocrx_word' id='word_1_635' title='bbox 3516 1699 3716 1771; x_wconf 85' lang='lat' dir='ltr'><strong>ubique</strong></span> 
     </span>
    </p>
   </div>
   <div class='ocr_carea' id='block_1_78' title="bbox 2126 1792 3717 1871">
    <p class='ocr_par' dir='ltr' id='par_1_78' title="bbox 2126 1792 3717 1871">
     <span class='ocr_line' id='line_1_78' title="bbox 2126 1792 3717 1871; baseline -0.008 -12"><span class='ocrx_word' id='word_1_636' title='bbox 2126 1813 2251 1859; x_wconf 88' lang='lat' dir='ltr'><strong>stat.</strong></span> <span class='ocrx_word' id='word_1_637' title='bbox 2278 1802 2344 1857; x_wconf 85' lang='lat' dir='ltr'><strong>Et</strong></span> <span class='ocrx_word' id='word_1_638' title='bbox 2374 1800 2649 1871; x_wconf 80' lang='lat' dir='ltr'><strong>{ructiﬁcat</strong></span> <span class='ocrx_word' id='word_1_639' title='bbox 2677 1808 2723 1852; x_wconf 92' lang='lat' dir='ltr'><strong>et</strong></span> <span class='ocrx_word' id='word_1_640' title='bbox 2748 1798 2946 1862; x_wconf 88' lang='lat' dir='ltr'><strong>crescit,</strong></span> <span class='ocrx_word' id='word_1_641' title='bbox 2974 1796 3104 1851; x_wconf 89' lang='lat' dir='ltr'><strong>sicut</strong></span> <span class='ocrx_word' id='word_1_642' title='bbox 3131 1796 3185 1849; x_wconf 87' lang='lat' dir='ltr'><strong>in</strong></span> <span class='ocrx_word' id='word_1_643' title='bbox 3216 1794 3375 1849; x_wconf 89' lang='lat' dir='ltr'><strong>vobis.</strong></span> <span class='ocrx_word' id='word_1_644' title='bbox 3406 1792 3717 1849; x_wconf 67' lang='lat' dir='ltr'><strong>Fructiﬁcm</strong></span> 
     </span>
    </p>
   </div>
   <div class='ocr_carea' id='block_1_79' title="bbox 2129 1883 3719 1965">
    <p class='ocr_par' dir='ltr' id='par_1_79' title="bbox 2129 1883 3719 1965">
     <span class='ocr_line' id='line_1_79' title="bbox 2129 1883 3719 1965; baseline -0.008 -15"><span class='ocrx_word' id='word_1_645' title='bbox 2129 1910 2225 1965; x_wconf 89' lang='lat' dir='ltr'><strong>per</strong></span> <span class='ocrx_word' id='word_1_646' title='bbox 2247 1908 2429 1963; x_wconf 87' lang='lat' dir='ltr'><strong>opera,</strong></span> <span class='ocrx_word' id='word_1_647' title='bbox 2455 1901 2681 1961; x_wconf 82' lang='lat' dir='ltr'><strong>augetur</strong></span> <span class='ocrx_word' id='word_1_648' title='bbox 2704 1888 2845 1958; x_wconf 88' lang='lat' dir='ltr'><strong>quod</strong></span> <span class='ocrx_word' id='word_1_649' title='bbox 2874 1887 3072 1942; x_wconf 90' lang='lat' dir='ltr'><strong>multos</strong></span> <span class='ocrx_word' id='word_1_650' title='bbox 3091 1893 3351 1951; x_wconf 87' lang='lat' dir='ltr'><strong>assumat,</strong></span> <span class='ocrx_word' id='word_1_651' title='bbox 3380 1883 3522 1953; x_wconf 91' lang='lat' dir='ltr'><strong>quod</strong></span> <span class='ocrx_word' id='word_1_652' title='bbox 3549 1884 3719 1953; x_wconf 77' lang='lat' dir='ltr'><strong>magis</strong></span> 
     </span>
    </p>
   </div>
   <div class='ocr_carea' id='block_1_80' title="bbox 2130 1980 3720 2049">
    <p class='ocr_par' dir='ltr' id='par_1_80' title="bbox 2130 1980 3720 2049">
     <span class='ocr_line' id='line_1_80' title="bbox 2130 1980 3720 2049; baseline -0.009 -4"><span class='ocrx_word' id='word_1_653' title='bbox 2130 1988 2373 2045; x_wconf 80' lang='lat' dir='ltr'><strong>ﬁrmetur</strong></span> <span class='ocrx_word' id='word_1_654' title='bbox 2401 2000 2464 2040; x_wconf 90' lang='lat' dir='ltr'><strong>ac</strong></span> <span class='ocrx_word' id='word_1_655' title='bbox 2491 1983 2812 2041; x_wconf 87' lang='lat' dir='ltr'><strong>stabiliatur.</strong></span> <span class='ocrx_word' id='word_1_656' title='bbox 2859 1981 3069 2037; x_wconf 86' lang='lat' dir='ltr'><strong>Etenim</strong></span> <span class='ocrx_word' id='word_1_657' title='bbox 3103 1980 3298 2049; x_wconf 82' lang='lat' dir='ltr'><strong>plantae</strong></span> <span class='ocrx_word' id='word_1_658' title='bbox 3339 1992 3554 2048; x_wconf 90' lang='lat' dir='ltr'><strong>quoque</strong></span> <span class='ocrx_word' id='word_1_659' title='bbox 3592 1987 3720 2031; x_wconf 89' lang='lat' dir='ltr'><strong>tunc</strong></span> 
     </span>
    </p>
   </div>
   <div class='ocr_carea' id='block_1_81' title="bbox 2129 2068 3714 2148">
    <p class='ocr_par' dir='ltr' id='par_1_81' title="bbox 2129 2068 3714 2148">
     <span class='ocr_line' id='line_1_81' title="bbox 2129 2068 3714 2148; baseline -0.011 -10"><span class='ocrx_word' id='word_1_660' title='bbox 2129 2081 2312 2137; x_wconf 63' lang='lat' dir='ltr'><strong>densae</strong></span> <span class='ocrx_word' id='word_1_661' title='bbox 2339 2080 2487 2139; x_wconf 89' lang='lat' dir='ltr'><strong>ﬁunt,</strong></span> <span class='ocrx_word' id='word_1_662' title='bbox 2516 2076 2730 2148; x_wconf 87' lang='lat' dir='ltr'><strong>quando</strong></span> <span class='ocrx_word' id='word_1_663' title='bbox 2757 2076 2931 2145; x_wconf 89' lang='lat' dir='ltr'><strong>planta</strong></span> <span class='ocrx_word' id='word_1_664' title='bbox 2962 2072 3121 2127; x_wconf 84' lang='lat' dir='ltr'><strong>fuerit</strong></span> <span class='ocrx_word' id='word_1_665' title='bbox 3147 2072 3354 2126; x_wconf 88' lang='lat' dir='ltr'><strong>ﬁrmata</strong></span> <span class='ocrx_word' id='word_1_666' title='bbox 3377 2085 3441 2125; x_wconf 89' lang='lat' dir='ltr'><strong>ac</strong></span> <span class='ocrx_word' id='word_1_667' title='bbox 3462 2068 3714 2125; x_wconf 88' lang='lat' dir='ltr'><strong>stabilita.</strong></span> 
     </span>
    </p>
   </div>
   <div class='ocr_carea' id='block_1_82' title="bbox 2132 2165 3721 2233">
    <p class='ocr_par' dir='ltr' id='par_1_82' title="bbox 2132 2165 3721 2233">
     <span class='ocr_line' id='line_1_82' title="bbox 2132 2165 3721 2233; baseline -0.009 -4"><span class='ocrx_word' id='word_1_668' title='bbox 2132 2175 2277 2230; x_wconf 87' lang='lat' dir='ltr'><strong>Sicut</strong></span> <span class='ocrx_word' id='word_1_669' title='bbox 2302 2174 2357 2227; x_wconf 90' lang='lat' dir='ltr'><strong>in</strong></span> <span class='ocrx_word' id='word_1_670' title='bbox 2384 2171 2540 2226; x_wconf 87' lang='lat' dir='ltr'><strong>vobis.</strong></span> <span class='ocrx_word' id='word_1_671' title='bbox 2568 2169 2879 2225; x_wconf 85' lang='lat' dir='ltr'><strong>Auditorem</strong></span> <span class='ocrx_word' id='word_1_672' title='bbox 2909 2165 3153 2221; x_wconf 91' lang='lat' dir='ltr'><strong>laudibus</strong></span> <span class='ocrx_word' id='word_1_673' title='bbox 3182 2170 3535 2233; x_wconf 70' lang='lat' dir='ltr'><strong>prmoccttpat.</strong></span> <span class='ocrx_word' id='word_1_674' title='bbox 3562 2171 3623 2216; x_wconf 89' lang='lat' dir='ltr'><strong>ut.</strong></span> <span class='ocrx_word' id='word_1_675' title='bbox 3652 2176 3721 2214; x_wconf 89' lang='lat' dir='ltr'><strong>ne</strong></span> 
     </span>
    </p>
   </div>
   <div class='ocr_carea' id='block_1_83' title="bbox 2133 2253 3723 2326">
    <p class='ocr_par' dir='ltr' id='par_1_83' title="bbox 2133 2253 3723 2326">
     <span class='ocr_line' id='line_1_83' title="bbox 2133 2253 3723 2326; baseline -0.011 -2"><span class='ocrx_word' id='word_1_676' title='bbox 2133 2268 2333 2325; x_wconf 90' lang='lat' dir='ltr'><strong>invitus</strong></span> <span class='ocrx_word' id='word_1_677' title='bbox 2360 2264 2597 2321; x_wconf 86' lang='lat' dir='ltr'><strong>recedat.</strong></span> <span class='ocrx_word' id='word_1_678' title='bbox 2632 2260 2717 2316; x_wconf 76' lang='lat' dir='ltr'><strong>Ex</strong></span> <span class='ocrx_word' id='word_1_679' title='bbox 2741 2278 2800 2315; x_wconf 91' lang='lat' dir='ltr'><strong>ea</strong></span> <span class='ocrx_word' id='word_1_680' title='bbox 2826 2260 2908 2313; x_wconf 88' lang='lat' dir='ltr'><strong>die</strong></span> <span class='ocrx_word' id='word_1_681' title='bbox 2927 2276 3027 2326; x_wconf 88' lang='lat' dir='ltr'><strong>qua</strong></span> <span class='ocrx_word' id='word_1_682' title='bbox 3050 2256 3335 2314; x_wconf 80' lang='lat' dir='ltr'><strong>audivistis.</strong></span> <span class='ocrx_word' id='word_1_683' title='bbox 3367 2256 3459 2310; x_wconf 89' lang='lat' dir='ltr'><strong>Est</strong></span> <span class='ocrx_word' id='word_1_684' title='bbox 3480 2253 3723 2308; x_wconf 84' lang='lat' dir='ltr'><strong>mirabile</strong></span> 
     </span>
    </p>
   </div>
   <div class='ocr_carea' id='block_1_84' title="bbox 2135 2344 3720 2429">
    <p class='ocr_par' dir='ltr' id='par_1_84' title="bbox 2135 2344 3720 2429">
     <span class='ocr_line' id='line_1_84' title="bbox 2135 2344 3720 2429; baseline -0.012 -13"><span class='ocrx_word' id='word_1_685' title='bbox 2135 2359 2277 2429; x_wconf 81' lang='lat' dir='ltr'><strong>quod</strong></span> <span class='ocrx_word' id='word_1_686' title='bbox 2304 2358 2412 2414; x_wconf 91' lang='lat' dir='ltr'><strong>cito</strong></span> <span class='ocrx_word' id='word_1_687' title='bbox 2440 2353 2742 2412; x_wconf 87' lang='lat' dir='ltr'><strong>accessistis</strong></span> <span class='ocrx_word' id='word_1_688' title='bbox 2768 2362 2824 2407; x_wconf 89' lang='lat' dir='ltr'><strong>et</strong></span> <span class='ocrx_word' id='word_1_689' title='bbox 2843 2350 3146 2406; x_wconf 85' lang='lat' dir='ltr'><strong>credidistis</strong></span> <span class='ocrx_word' id='word_1_690' title='bbox 3169 2390 3184 2414; x_wconf 92' lang='lat'><strong>,</strong></span> <span class='ocrx_word' id='word_1_691' title='bbox 3213 2357 3269 2403; x_wconf 88' lang='lat' dir='ltr'><strong>et</strong></span> <span class='ocrx_word' id='word_1_692' title='bbox 3295 2347 3476 2401; x_wconf 88' lang='lat' dir='ltr'><strong>statim</strong></span> <span class='ocrx_word' id='word_1_693' title='bbox 3507 2361 3538 2399; x_wconf 88' lang='lat' dir='ltr'><strong>a</strong></span> <span class='ocrx_word' id='word_1_694' title='bbox 3568 2344 3720 2414; x_wconf 90' lang='lat' dir='ltr'><strong>prin-</strong></span> 
     </span>
    </p>
   </div>
   <div class='ocr_carea' id='block_1_85' title="bbox 2136 2438 3751 2521">
    <p class='ocr_par' dir='ltr' id='par_1_85' title="bbox 2136 2438 3751 2521">
     <span class='ocr_line' id='line_1_85' title="bbox 2136 2438 3751 2521; baseline -0.011 -15"><span class='ocrx_word' id='word_1_695' title='bbox 2136 2452 2275 2521; x_wconf 90' lang='lat' dir='ltr'><strong>cipio</strong></span> <span class='ocrx_word' id='word_1_696' title='bbox 2297 2449 2500 2504; x_wconf 87' lang='lat' dir='ltr'><strong>fructus</strong></span> <span class='ocrx_word' id='word_1_697' title='bbox 2525 2444 2855 2501; x_wconf 89' lang='lat' dir='ltr'><strong>ostendistis.</strong></span> <span class='ocrx_word' id='word_1_698' title='bbox 2876 2443 2920 2496; x_wconf 86' lang='lat' dir='ltr'><strong><em>A</em></strong></span> <span class='ocrx_word' id='word_1_699' title='bbox 2942 2457 3041 2510; x_wconf 90' lang='lat' dir='ltr'><strong>quo</strong></span> <span class='ocrx_word' id='word_1_700' title='bbox 3065 2441 3147 2494; x_wconf 87' lang='lat' dir='ltr'><strong>die</strong></span> <span class='ocrx_word' id='word_1_701' title='bbox 3167 2438 3449 2502; x_wconf 79' lang='lat' dir='ltr'><strong>audivistis,</strong></span> <span class='ocrx_word' id='word_1_702' title='bbox 3473 2446 3521 2490; x_wconf 90' lang='lat' dir='ltr'><strong>et</strong></span> <span class='ocrx_word' id='word_1_703' title='bbox 3540 2450 3751 2506; x_wconf 53' lang='lat' dir='ltr'><strong>cogno-</strong></span> 
     </span>
    </p>
   </div>
   <div class='ocr_carea' id='block_1_86' title="bbox 2138 2526 3751 2612">
    <p class='ocr_par' dir='ltr' id='par_1_86' title="bbox 2138 2526 3751 2612">
     <span class='ocr_line' id='line_1_86' title="bbox 2138 2526 3751 2612; baseline -0.012 -13"><span class='ocrx_word' id='word_1_704' title='bbox 2138 2544 2278 2600; x_wconf 87' lang='lat' dir='ltr'><strong>vistis</strong></span> <span class='ocrx_word' id='word_1_705' title='bbox 2298 2542 2515 2612; x_wconf 83' lang='lat' dir='ltr'><strong>gratiam</strong></span> <span class='ocrx_word' id='word_1_706' title='bbox 2540 2538 2637 2592; x_wconf 86' lang='lat' dir='ltr'><strong>Dei</strong></span> <span class='ocrx_word' id='word_1_707' title='bbox 2674 2538 2729 2591; x_wconf 90' lang='lat' dir='ltr'><strong>in</strong></span> <span class='ocrx_word' id='word_1_708' title='bbox 2765 2535 2991 2590; x_wconf 86' lang='lat' dir='ltr'><strong>veritate.</strong></span> <span class='ocrx_word' id='word_1_709' title='bbox 3015 2532 3131 2587; x_wconf 88' lang='lat' dir='ltr'><strong>Non</strong></span> <span class='ocrx_word' id='word_1_710' title='bbox 3155 2531 3207 2585; x_wconf 91' lang='lat' dir='ltr'><strong>in</strong></span> <span class='ocrx_word' id='word_1_711' title='bbox 3233 2543 3505 2592; x_wconf 85' lang='lat' dir='ltr'><strong>sermone,</strong></span> <span class='ocrx_word' id='word_1_712' title='bbox 3532 2526 3724 2596; x_wconf 87' lang='lat' dir='ltr'><strong>inquit,</strong></span> <span class='ocrx_word' id='word_1_713' title='bbox 3746 2555 3751 2561; x_wconf 87' lang='lat'><strong><em>-</em></strong></span> 
     </span>
    </p>
   </div>
   <div class='ocr_carea' id='block_1_87' title="bbox 2142 2618 3733 2704">
    <p class='ocr_par' dir='ltr' id='par_1_87' title="bbox 2142 2618 3733 2704">
     <span class='ocr_line' id='line_1_87' title="bbox 2142 2618 3733 2704; baseline -0.014 -13"><span class='ocrx_word' id='word_1_714' title='bbox 2142 2650 2314 2704; x_wconf 88' lang='lat' dir='ltr'><strong>neque</strong></span> <span class='ocrx_word' id='word_1_715' title='bbox 2356 2634 2407 2687; x_wconf 92' lang='lat' dir='ltr'><strong>in</strong></span> <span class='ocrx_word' id='word_1_716' title='bbox 2448 2629 2801 2699; x_wconf 85' lang='lat' dir='ltr'><strong>deceptione,</strong></span> <span class='ocrx_word' id='word_1_717' title='bbox 2835 2625 2933 2681; x_wconf 90' lang='lat' dir='ltr'><strong>sed</strong></span> <span class='ocrx_word' id='word_1_718' title='bbox 2971 2625 3023 2678; x_wconf 92' lang='lat' dir='ltr'><strong>in</strong></span> <span class='ocrx_word' id='word_1_719' title='bbox 3066 2622 3196 2693; x_wconf 87' lang='lat' dir='ltr'><strong>ipsis</strong></span> <span class='ocrx_word' id='word_1_720' title='bbox 3238 2620 3411 2676; x_wconf 86' lang='lat' dir='ltr'><strong>factis.</strong></span> <span class='ocrx_word' id='word_1_721' title='bbox 3453 2618 3565 2673; x_wconf 87' lang='lat' dir='ltr'><strong>lloc</strong></span> <span class='ocrx_word' id='word_1_722' title='bbox 3598 2631 3733 2686; x_wconf 88' lang='lat' dir='ltr'><strong>ergo</strong></span> 
     </span>
    </p>
   </div>
   <div class='ocr_carea' id='block_1_88' title="bbox 2143 2709 3730 2793">
    <p class='ocr_par' dir='ltr' id='par_1_88' title="bbox 2143 2709 3730 2793">
     <span class='ocr_line' id='line_1_88' title="bbox 2143 2709 3730 2793; baseline -0.013 -9"><span class='ocrx_word' id='word_1_723' title='bbox 2143 2725 2637 2793; x_wconf 58' lang='lat' dir='ltr'><strong>dicthritctiﬁcat;</strong></span> <span class='ocrx_word' id='word_1_724' title='bbox 2676 2721 2762 2776; x_wconf 85' lang='lat' dir='ltr'><strong>vel</strong></span> <span class='ocrx_word' id='word_1_725' title='bbox 2804 2720 2955 2790; x_wconf 86' lang='lat' dir='ltr'><strong>signa</strong></span> <span class='ocrx_word' id='word_1_726' title='bbox 3002 2724 3059 2772; x_wconf 91' lang='lat' dir='ltr'><strong>et</strong></span> <span class='ocrx_word' id='word_1_727' title='bbox 3105 2714 3360 2770; x_wconf 88' lang='lat' dir='ltr'><strong>miracula</strong></span> <span class='ocrx_word' id='word_1_728' title='bbox 3387 2710 3531 2783; x_wconf 91' lang='lat' dir='ltr'><strong>quod</strong></span> <span class='ocrx_word' id='word_1_729' title='bbox 3569 2709 3730 2765; x_wconf 87' lang='lat' dir='ltr'><strong>simul</strong></span> 
     </span>
    </p>
   </div>
   <div class='ocr_carea' id='block_1_89' title="bbox 2144 2806 3760 2891">
    <p class='ocr_par' dir='ltr' id='par_1_89' title="bbox 2144 2806 3760 2891">
     <span class='ocr_line' id='line_1_89' title="bbox 2144 2806 3760 2891; baseline -0.017 -15"><span class='ocrx_word' id='word_1_730' title='bbox 2144 2818 2445 2891; x_wconf 88' lang='lat' dir='ltr'><strong>accepistis,</strong></span> <span class='ocrx_word' id='word_1_731' title='bbox 2471 2826 2528 2873; x_wconf 86' lang='lat' dir='ltr'><strong>et</strong></span> <span class='ocrx_word' id='word_1_732' title='bbox 2551 2813 2771 2887; x_wconf 84' lang='lat' dir='ltr'><strong>gratiam</strong></span> <span class='ocrx_word' id='word_1_733' title='bbox 2791 2812 2882 2869; x_wconf 85' lang='lat' dir='ltr'><strong>Dei</strong></span> <span class='ocrx_word' id='word_1_734' title='bbox 2900 2806 3243 2881; x_wconf 88' lang='lat' dir='ltr'><strong>cognovistis.</strong></span> <span class='ocrx_word' id='word_1_735' title='bbox 3267 2806 3399 2862; x_wconf 89' lang='lat' dir='ltr'><strong>Cum</strong></span> <span class='ocrx_word' id='word_1_736' title='bbox 3429 2816 3559 2875; x_wconf 87' lang='lat' dir='ltr'><strong>ergo</strong></span> <span class='ocrx_word' id='word_1_737' title='bbox 3579 2814 3760 2855; x_wconf 85' lang='lat' dir='ltr'><strong>suam.</strong></span> 
     </span>
    </p>
   </div>
   <div class='ocr_carea' id='block_1_90' title="bbox 2147 2890 3731 2970">
    <p class='ocr_par' dir='ltr' id='par_1_90' title="bbox 2147 2890 3731 2970">
     <span class='ocr_line' id='line_1_90' title="bbox 2147 2890 3731 2970; baseline -0.015 -2"><span class='ocrx_word' id='word_1_738' title='bbox 2147 2912 2324 2967; x_wconf 89' lang='lat' dir='ltr'><strong>statim</strong></span> <span class='ocrx_word' id='word_1_739' title='bbox 2368 2906 2681 2964; x_wconf 89' lang='lat' dir='ltr'><strong>ostenderat</strong></span> <span class='ocrx_word' id='word_1_740' title='bbox 2708 2904 2956 2958; x_wconf 85' lang='lat' dir='ltr'><strong>virtutem</strong></span> <span class='ocrx_word' id='word_1_741' title='bbox 2977 2941 2992 2963; x_wconf 91' lang='lat'><strong>.</strong></span> <span class='ocrx_word' id='word_1_742' title='bbox 3020 2895 3291 2970; x_wconf 90' lang='lat' dir='ltr'><strong>quomodo</strong></span> <span class='ocrx_word' id='word_1_743' title='bbox 3321 2911 3429 2951; x_wconf 92' lang='lat' dir='ltr'><strong>non</strong></span> <span class='ocrx_word' id='word_1_744' title='bbox 3471 2903 3555 2949; x_wconf 89' lang='lat' dir='ltr'><strong>est</strong></span> <span class='ocrx_word' id='word_1_745' title='bbox 3587 2890 3731 2946; x_wconf 86' lang='lat' dir='ltr'><strong>difﬁ-</strong></span> 
     </span>
    </p>
   </div>
   <div class='ocr_carea' id='block_1_91' title="bbox 2149 2982 3734 3058">
    <p class='ocr_par' dir='ltr' id='par_1_91' title="bbox 2149 2982 3734 3058">
     <span class='ocr_line' id='line_1_91' title="bbox 2149 2982 3734 3058; baseline -0.014 0"><span class='ocrx_word' id='word_1_746' title='bbox 2149 3003 2252 3058; x_wconf 91' lang='lat' dir='ltr'><strong>cile</strong></span> <span class='ocrx_word' id='word_1_747' title='bbox 2290 3010 2348 3056; x_wconf 92' lang='lat' dir='ltr'><strong>ut</strong></span> <span class='ocrx_word' id='word_1_748' title='bbox 2369 2999 2420 3055; x_wconf 90' lang='lat' dir='ltr'><strong>ei</strong></span> <span class='ocrx_word' id='word_1_749' title='bbox 2450 3012 2593 3053; x_wconf 90' lang='lat' dir='ltr'><strong>nunc</strong></span> <span class='ocrx_word' id='word_1_750' title='bbox 2630 3011 2738 3051; x_wconf 91' lang='lat' dir='ltr'><strong>non</strong></span> <span class='ocrx_word' id='word_1_751' title='bbox 2782 2990 3070 3049; x_wconf 78' lang='lat' dir='ltr'><strong>credatur?</strong></span> <span class='ocrx_word' id='word_1_752' title='bbox 3107 2990 3161 3045; x_wconf 89' lang='lat'><strong>7.</strong></span> <span class='ocrx_word' id='word_1_753' title='bbox 3192 2987 3341 3045; x_wconf 89' lang='lat' dir='ltr'><strong>Sicut</strong></span> <span class='ocrx_word' id='word_1_754' title='bbox 3382 2984 3632 3040; x_wconf 89' lang='lat' dir='ltr'><strong>didicistis</strong></span> <span class='ocrx_word' id='word_1_755' title='bbox 3670 2982 3734 3037; x_wconf 67' lang='lat' dir='ltr'><strong>al</strong></span> 
     </span>
    </p>
   </div>
   <div class='ocr_carea' id='block_1_92' title="bbox 2151 3077 3739 3165">
    <p class='ocr_par' dir='ltr' id='par_1_92' title="bbox 2151 3077 3739 3165">
     <span class='ocr_line' id='line_1_92' title="bbox 2151 3077 3739 3165; baseline -0.011 -17"><span class='ocrx_word' id='word_1_756' title='bbox 2151 3094 2403 3165; x_wconf 89' lang='lat' dir='ltr'><strong>Epaphra</strong></span> <span class='ocrx_word' id='word_1_757' title='bbox 2421 3090 2684 3145; x_wconf 89' lang='lat' dir='ltr'><strong>carissimo</strong></span> <span class='ocrx_word' id='word_1_758' title='bbox 2705 3101 2942 3141; x_wconf 89' lang='lat' dir='ltr'><strong>conservo</strong></span> <span class='ocrx_word' id='word_1_759' title='bbox 2962 3093 3155 3139; x_wconf 86' lang='lat' dir='ltr'><strong>nostra.</strong></span> <span class='ocrx_word' id='word_1_760' title='bbox 3184 3081 3317 3137; x_wconf 90' lang='lat' dir='ltr'><strong>Eum</strong></span> <span class='ocrx_word' id='word_1_761' title='bbox 3340 3077 3635 3135; x_wconf 82' lang='lat' dir='ltr'><strong>verisimile</strong></span> <span class='ocrx_word' id='word_1_762' title='bbox 3653 3085 3739 3131; x_wconf 84' lang='lat' dir='ltr'><strong>est</strong></span> 
     </span>
    </p>
   </div>
   <div class='ocr_carea' id='block_1_93' title="bbox 2155 3169 3732 3257">
    <p class='ocr_par' dir='ltr' id='par_1_93' title="bbox 2155 3169 3732 3257">
     <span class='ocr_line' id='line_1_93' title="bbox 2155 3169 3732 3257; baseline -0.013 -14"><span class='ocrx_word' id='word_1_763' title='bbox 2155 3188 2261 3243; x_wconf 89' lang='lat' dir='ltr'><strong>illic</strong></span> <span class='ocrx_word' id='word_1_764' title='bbox 2287 3183 2605 3257; x_wconf 71' lang='lat' dir='ltr'><strong>pra-dicasse</strong></span> <span class='ocrx_word' id='word_1_765' title='bbox 2638 3202 2651 3237; x_wconf 89' lang='lat'><strong>:</strong></span> <span class='ocrx_word' id='word_1_766' title='bbox 2684 3178 2942 3235; x_wconf 90' lang='lat' dir='ltr'><strong>didicistis</strong></span> <span class='ocrx_word' id='word_1_767' title='bbox 2983 3174 3336 3243; x_wconf 82' lang='lat' dir='ltr'><strong>evangelium.</strong></span> <span class='ocrx_word' id='word_1_768' title='bbox 3386 3169 3590 3226; x_wconf 87' lang='lat' dir='ltr'><strong>Deinde</strong></span> <span class='ocrx_word' id='word_1_769' title='bbox 3637 3182 3732 3223; x_wconf 84' lang='lat' dir='ltr'><strong>os-</strong></span> 
     </span>
    </p>
   </div>
   <div class='ocr_carea' id='block_1_94' title="bbox 2157 3262 3737 3339">
    <p class='ocr_par' dir='ltr' id='par_1_94' title="bbox 2157 3262 3737 3339">
     <span class='ocr_line' id='line_1_94' title="bbox 2157 3262 3737 3339; baseline -0.014 -4"><span class='ocrx_word' id='word_1_770' title='bbox 2157 3277 2383 3335; x_wconf 89' lang='lat' dir='ltr'><strong>tendens</strong></span> <span class='ocrx_word' id='word_1_771' title='bbox 2410 3290 2530 3330; x_wconf 91' lang='lat' dir='ltr'><strong>eum</strong></span> <span class='ocrx_word' id='word_1_772' title='bbox 2551 3287 2671 3329; x_wconf 89' lang='lat' dir='ltr'><strong>esse</strong></span> <span class='ocrx_word' id='word_1_773' title='bbox 2696 3271 2801 3326; x_wconf 90' lang='lat' dir='ltr'><strong>ﬁde</strong></span> <span class='ocrx_word' id='word_1_774' title='bbox 2819 3269 3062 3339; x_wconf 86' lang='lat' dir='ltr'><strong>dignum,</strong></span> <span class='ocrx_word' id='word_1_775' title='bbox 3085 3265 3218 3321; x_wconf 89' lang='lat' dir='ltr'><strong>dicit</strong></span> <span class='ocrx_word' id='word_1_776' title='bbox 3241 3282 3254 3319; x_wconf 91' lang='lat'>:</span> <span class='ocrx_word' id='word_1_777' title='bbox 3276 3262 3528 3318; x_wconf 82' lang='lat' dir='ltr'><strong>Conserva</strong></span> <span class='ocrx_word' id='word_1_778' title='bbox 3544 3268 3737 3314; x_wconf 88' lang='lat' dir='ltr'><strong>nostra.</strong></span> 
     </span>
    </p>
   </div>
   <div class='ocr_carea' id='block_1_95' title="bbox 2161 3352 3744 3438">
    <p class='ocr_par' dir='ltr' id='par_1_95' title="bbox 2161 3352 3744 3438">
     <span class='ocr_line' id='line_1_95' title="bbox 2161 3352 3744 3438; baseline -0.015 -12"><span class='ocrx_word' id='word_1_779' title='bbox 2161 3371 2263 3437; x_wconf 84' lang='lat' dir='ltr'><strong>Qui</strong></span> <span class='ocrx_word' id='word_1_780' title='bbox 2288 3378 2358 3425; x_wconf 88' lang='lat' dir='ltr'><strong>est</strong></span> <span class='ocrx_word' id='word_1_781' title='bbox 2385 3367 2551 3438; x_wconf 81' lang='lat' dir='ltr'><strong>ﬁdelis</strong></span> <span class='ocrx_word' id='word_1_782' title='bbox 2581 3380 2672 3434; x_wconf 90' lang='lat' dir='ltr'><strong>pro</strong></span> <span class='ocrx_word' id='word_1_783' title='bbox 2697 3362 2835 3417; x_wconf 88' lang='lat' dir='ltr'><strong>vobis</strong></span> <span class='ocrx_word' id='word_1_784' title='bbox 2862 3361 3089 3415; x_wconf 88' lang='lat' dir='ltr'><strong>minister</strong></span> <span class='ocrx_word' id='word_1_785' title='bbox 3115 3355 3333 3423; x_wconf 86' lang='lat' dir='ltr'><strong>Christi,</strong></span> <span class='ocrx_word' id='word_1_786' title='bbox 3361 3354 3415 3411; x_wconf 93' lang='lat'><strong>8.</strong></span> <span class='ocrx_word' id='word_1_787' title='bbox 3462 3353 3551 3424; x_wconf 86' lang='lat' dir='ltr'><strong>qui</strong></span> <span class='ocrx_word' id='word_1_788' title='bbox 3590 3352 3744 3406; x_wconf 82' lang='lat' dir='ltr'><strong>etiam</strong></span> 
     </span>
    </p>
   </div>
   <div class='ocr_carea' id='block_1_96' title="bbox 2160 3442 3751 3535">
    <p class='ocr_par' dir='ltr' id='par_1_96' title="bbox 2160 3442 3751 3535">
     <span class='ocr_line' id='line_1_96' title="bbox 2160 3442 3751 3535; baseline -0.015 -15"><span class='ocrx_word' id='word_1_789' title='bbox 2160 3462 2496 3535; x_wconf 85' lang='lat' dir='ltr'><strong>manifestavit</strong></span> <span class='ocrx_word' id='word_1_790' title='bbox 2539 3457 2682 3513; x_wconf 89' lang='lat' dir='ltr'><strong>nobis</strong></span> <span class='ocrx_word' id='word_1_791' title='bbox 2714 3456 3034 3510; x_wconf 84' lang='lat' dir='ltr'><strong>dilectionem</strong></span> <span class='ocrx_word' id='word_1_792' title='bbox 3061 3460 3278 3505; x_wconf 85' lang='lat' dir='ltr'><strong>vestram</strong></span> <span class='ocrx_word' id='word_1_793' title='bbox 3321 3448 3375 3501; x_wconf 89' lang='lat' dir='ltr'><strong>in</strong></span> <span class='ocrx_word' id='word_1_794' title='bbox 3417 3446 3619 3515; x_wconf 86' lang='lat' dir='ltr'><strong>spiritu.</strong></span> <span class='ocrx_word' id='word_1_795' title='bbox 3662 3442 3751 3519; x_wconf 81' lang='lat' dir='ltr'><strong>_Ne</strong></span> 
     </span>
    </p>
   </div>
   <div class='ocr_carea' id='block_1_97' title="bbox 2161 3511 3749 3624">
    <p class='ocr_par' dir='ltr' id='par_1_97' title="bbox 2161 3511 3749 3624">
     <span class='ocr_line' id='line_1_97' title="bbox 2161 3511 3749 3624; baseline -0.018 -9"><span class='ocrx_word' id='word_1_796' title='bbox 2161 3511 2436 3622; x_wconf 64' lang='lat' dir='ltr'><strong>dubiietis,</strong></span> <span class='ocrx_word' id='word_1_797' title='bbox 2467 3553 2675 3624; x_wconf 88' lang='lat' dir='ltr'><strong>inquit,</strong></span> <span class='ocrx_word' id='word_1_798' title='bbox 2706 3550 2776 3604; x_wconf 91' lang='lat' dir='ltr'><strong>de</strong></span> <span class='ocrx_word' id='word_1_799' title='bbox 2805 3561 2901 3616; x_wconf 79' lang='lat' dir='ltr'><strong>Spe</strong></span> <span class='ocrx_word' id='word_1_800' title='bbox 2945 3546 3117 3598; x_wconf 89' lang='lat' dir='ltr'><strong>futura</strong></span> <span class='ocrx_word' id='word_1_801' title='bbox 3150 3560 3164 3597; x_wconf 90' lang='lat'><strong>:</strong></span> <span class='ocrx_word' id='word_1_802' title='bbox 3195 3539 3388 3595; x_wconf 87' lang='lat' dir='ltr'><strong>videtis</strong></span> <span class='ocrx_word' id='word_1_803' title='bbox 3415 3511 3601 3592; x_wconf 81' lang='lat' dir='ltr'><strong>orbem</strong></span> <span class='ocrx_word' id='word_1_804' title='bbox 3631 3511 3749 3589; x_wconf 81' lang='lat' dir='ltr'><strong>ter-</strong></span> 
     </span>
    </p>
   </div>
   <div class='ocr_carea' id='block_1_98' title="bbox 2165 3624 3751 3709">
    <p class='ocr_par' dir='ltr' id='par_1_98' title="bbox 2165 3624 3751 3709">
     <span class='ocr_line' id='line_1_98' title="bbox 2165 3624 3751 3709; baseline -0.019 -1"><span class='ocrx_word' id='word_1_805' title='bbox 2165 3666 2347 3709; x_wconf 87' lang='lat' dir='ltr'><strong>rarum</strong></span> <span class='ocrx_word' id='word_1_806' title='bbox 2374 3643 2636 3703; x_wconf 85' lang='lat' dir='ltr'><strong>converti.</strong></span> <span class='ocrx_word' id='word_1_807' title='bbox 2673 3640 2743 3695; x_wconf 86' lang='lat' dir='ltr'><strong>Et</strong></span> <span class='ocrx_word' id='word_1_808' title='bbox 2781 3635 2909 3709; x_wconf 91' lang='lat' dir='ltr'><strong>quid</strong></span> <span class='ocrx_word' id='word_1_809' title='bbox 2937 3649 3073 3705; x_wconf 88' lang='lat' dir='ltr'><strong>opus</strong></span> <span class='ocrx_word' id='word_1_810' title='bbox 3101 3640 3186 3687; x_wconf 90' lang='lat' dir='ltr'><strong>est</strong></span> <span class='ocrx_word' id='word_1_811' title='bbox 3228 3629 3411 3685; x_wconf 89' lang='lat' dir='ltr'><strong>dicere</strong></span> <span class='ocrx_word' id='word_1_812' title='bbox 3450 3640 3570 3697; x_wconf 84' lang='lat' dir='ltr'><strong>quae</strong></span> <span class='ocrx_word' id='word_1_813' title='bbox 3616 3624 3751 3679; x_wconf 90' lang='lat' dir='ltr'><strong>ﬁunt</strong></span> 
     </span>
    </p>
   </div>
   <div class='ocr_carea' id='block_1_99' title="bbox 2166 3718 3757 3804">
    <p class='ocr_par' dir='ltr' id='par_1_99' title="bbox 2166 3718 3757 3804">
     <span class='ocr_line' id='line_1_99' title="bbox 2166 3718 3757 3804; baseline -0.019 -7"><span class='ocrx_word' id='word_1_814' title='bbox 2166 3744 2306 3797; x_wconf 85' lang='lat' dir='ltr'><strong>inter</strong></span> <span class='ocrx_word' id='word_1_815' title='bbox 2332 3737 2505 3793; x_wconf 80' lang='lat' dir='ltr'><strong>alios?</strong></span> <span class='ocrx_word' id='word_1_816' title='bbox 2531 3749 2652 3804; x_wconf 59' lang='lat' dir='ltr'><strong>quae</strong></span> <span class='ocrx_word' id='word_1_817' title='bbox 2679 3738 2805 3786; x_wconf 90' lang='lat' dir='ltr'><strong>sunt</strong></span> <span class='ocrx_word' id='word_1_818' title='bbox 2835 3730 2973 3782; x_wconf 87' lang='lat' dir='ltr'><strong>inter</strong></span> <span class='ocrx_word' id='word_1_819' title='bbox 2995 3738 3092 3778; x_wconf 84' lang='lat' dir='ltr'><strong>vos</strong></span> <span class='ocrx_word' id='word_1_820' title='bbox 3122 3723 3292 3791; x_wconf 91' lang='lat' dir='ltr'><strong>ipsos,</strong></span> <span class='ocrx_word' id='word_1_821' title='bbox 3319 3725 3445 3773; x_wconf 87' lang='lat' dir='ltr'><strong>sunt</strong></span> <span class='ocrx_word' id='word_1_822' title='bbox 3470 3718 3584 3785; x_wconf 90' lang='lat' dir='ltr'><strong>ipsa</strong></span> <span class='ocrx_word' id='word_1_823' title='bbox 3618 3729 3757 3784; x_wconf 87' lang='lat' dir='ltr'><strong>quo-</strong></span> 
     </span>
    </p>
   </div>
   <div class='ocr_carea' id='block_1_100' title="bbox 2166 3808 3759 3904">
    <p class='ocr_par' dir='ltr' id='par_1_100' title="bbox 2166 3808 3759 3904">
     <span class='ocr_line' id='line_1_100' title="bbox 2166 3808 3759 3904; baseline -0.018 -15"><span class='ocrx_word' id='word_1_824' title='bbox 2166 3849 2272 3904; x_wconf 90' lang='lat' dir='ltr'><strong>que</strong></span> <span class='ocrx_word' id='word_1_825' title='bbox 2292 3831 2410 3886; x_wconf 90' lang='lat' dir='ltr'><strong>sine</strong></span> <span class='ocrx_word' id='word_1_826' title='bbox 2439 3827 2543 3882; x_wconf 88' lang='lat' dir='ltr'><strong>illis</strong></span> <span class='ocrx_word' id='word_1_827' title='bbox 2570 3824 2674 3880; x_wconf 91' lang='lat' dir='ltr'><strong>ﬁde</strong></span> <span class='ocrx_word' id='word_1_828' title='bbox 2702 3822 2883 3892; x_wconf 88' lang='lat' dir='ltr'><strong>digna.</strong></span> <span class='ocrx_word' id='word_1_829' title='bbox 2908 3814 3222 3888; x_wconf 89' lang='lat' dir='ltr'><strong>Cognovistis</strong></span> <span class='ocrx_word' id='word_1_830' title='bbox 3246 3811 3389 3867; x_wconf 90' lang='lat' dir='ltr'><strong>enim</strong></span> <span class='ocrx_word' id='word_1_831' title='bbox 3416 3808 3513 3864; x_wconf 88' lang='lat' dir='ltr'><strong>Dei</strong></span> <span class='ocrx_word' id='word_1_832' title='bbox 3533 3809 3759 3879; x_wconf 83' lang='lat' dir='ltr'><strong>gratiam</strong></span> 
     </span>
    </p>
   </div>
   <div class='ocr_carea' id='block_1_101' title="bbox 2169 3901 3756 3987">
    <p class='ocr_par' dir='ltr' id='par_1_101' title="bbox 2169 3901 3756 3987">
     <span class='ocr_line' id='line_1_101' title="bbox 2169 3901 3756 3987; baseline -0.018 -6"><span class='ocrx_word' id='word_1_833' title='bbox 2169 3901 2223 3981; x_wconf 79' lang='lat' dir='ltr'><strong>in</strong></span> <span class='ocrx_word' id='word_1_834' title='bbox 2248 3926 2487 3987; x_wconf 87' lang='lat' dir='ltr'><strong>veritate;</strong></span> <span class='ocrx_word' id='word_1_835' title='bbox 2518 3919 2621 3974; x_wconf 87' lang='lat' dir='ltr'><strong>hoc</strong></span> <span class='ocrx_word' id='word_1_836' title='bbox 2649 3925 2761 3981; x_wconf 90' lang='lat' dir='ltr'><strong>est,</strong></span> <span class='ocrx_word' id='word_1_837' title='bbox 2799 3914 2853 3969; x_wconf 89' lang='lat' dir='ltr'><strong>in</strong></span> <span class='ocrx_word' id='word_1_838' title='bbox 2894 3910 3070 3966; x_wconf 90' lang='lat' dir='ltr'><strong>factis.</strong></span> <span class='ocrx_word' id='word_1_839' title='bbox 3101 3904 3460 3976; x_wconf 80' lang='lat' dir='ltr'><strong>Quamobrem</strong></span> <span class='ocrx_word' id='word_1_840' title='bbox 3493 3901 3600 3957; x_wconf 92' lang='lat' dir='ltr'><strong>duo</strong></span> <span class='ocrx_word' id='word_1_841' title='bbox 3629 3908 3756 3955; x_wconf 92' lang='lat' dir='ltr'><strong>sunt</strong></span> 
     </span>
    </p>
   </div>
   <div class='ocr_carea' id='block_1_102' title="bbox 2172 3992 3763 4088">
    <p class='ocr_par' dir='ltr' id='par_1_102' title="bbox 2172 3992 3763 4088">
     <span class='ocr_line' id='line_1_102' title="bbox 2172 3992 3763 4088; baseline -0.018 -16"><span class='ocrx_word' id='word_1_842' title='bbox 2172 4032 2291 4088; x_wconf 68' lang='lat' dir='ltr'><strong>quin</strong></span> <span class='ocrx_word' id='word_1_843' title='bbox 2316 4015 2491 4069; x_wconf 91' lang='lat' dir='ltr'><strong>futura</strong></span> <span class='ocrx_word' id='word_1_844' title='bbox 2516 4009 2855 4071; x_wconf 88' lang='lat' dir='ltr'><strong>conﬁrment,</strong></span> <span class='ocrx_word' id='word_1_845' title='bbox 2887 4013 2943 4059; x_wconf 91' lang='lat' dir='ltr'><strong>et</strong></span> <span class='ocrx_word' id='word_1_846' title='bbox 2964 4000 3106 4073; x_wconf 89' lang='lat' dir='ltr'><strong>quod</strong></span> <span class='ocrx_word' id='word_1_847' title='bbox 3128 4011 3315 4052; x_wconf 90' lang='lat' dir='ltr'><strong>omnes</strong></span> <span class='ocrx_word' id='word_1_848' title='bbox 3330 3992 3679 4058; x_wconf 86' lang='lat' dir='ltr'><strong>crediderint,</strong></span> <span class='ocrx_word' id='word_1_849' title='bbox 3702 4000 3763 4044; x_wconf 70' lang='lat' dir='ltr'><strong>et:</strong></span> 
     </span>
    </p>
   </div>
   <div class='ocr_carea' id='block_1_103' title="bbox 2174 4085 3754 4181">
    <p class='ocr_par' dir='ltr' id='par_1_103' title="bbox 2174 4085 3754 4181">
     <span class='ocr_line' id='line_1_103' title="bbox 2174 4085 3754 4181; baseline -0.019 -15"><span class='ocrx_word' id='word_1_850' title='bbox 2174 4085 2315 4181; x_wconf 85' lang='lat' dir='ltr'><strong>quod</strong></span> <span class='ocrx_word' id='word_1_851' title='bbox 2346 4122 2441 4161; x_wconf 91' lang='lat' dir='ltr'><strong>vos</strong></span> <span class='ocrx_word' id='word_1_852' title='bbox 2472 4123 2486 4158; x_wconf 91' lang='lat'>:</span> <span class='ocrx_word' id='word_1_853' title='bbox 2516 4112 2571 4158; x_wconf 91' lang='lat' dir='ltr'><strong>et</strong></span> <span class='ocrx_word' id='word_1_854' title='bbox 2600 4116 2705 4157; x_wconf 87' lang='lat' dir='ltr'><strong>non</strong></span> <span class='ocrx_word' id='word_1_855' title='bbox 2737 4099 2838 4153; x_wconf 90' lang='lat' dir='ltr'><strong>alia</strong></span> <span class='ocrx_word' id='word_1_856' title='bbox 2866 4095 3079 4166; x_wconf 90' lang='lat' dir='ltr'><strong>quidem</strong></span> <span class='ocrx_word' id='word_1_857' title='bbox 3111 4092 3247 4147; x_wconf 82' lang='lat' dir='ltr'><strong>facta</strong></span> <span class='ocrx_word' id='word_1_858' title='bbox 3270 4096 3416 4151; x_wconf 80' lang='lat' dir='ltr'><strong>sunt,</strong></span> <span class='ocrx_word' id='word_1_859' title='bbox 3446 4085 3548 4141; x_wconf 89' lang='lat' dir='ltr'><strong>alia</strong></span> <span class='ocrx_word' id='word_1_860' title='bbox 3575 4092 3754 4139; x_wconf 87' lang='lat' dir='ltr'><strong>autem</strong></span> 
     </span>
    </p>
   </div>
   <div class='ocr_carea' id='block_1_104' title="bbox 2176 4176 3761 4269">
    <p class='ocr_par' dir='ltr' id='par_1_104' title="bbox 2176 4176 3761 4269">
     <span class='ocr_line' id='line_1_104' title="bbox 2176 4176 3761 4269; baseline -0.021 -10"><span class='ocrx_word' id='word_1_861' title='bbox 2176 4176 2309 4259; x_wconf 78' lang='lat' dir='ltr'><strong>dixit</strong></span> <span class='ocrx_word' id='word_1_862' title='bbox 2336 4195 2631 4269; x_wconf 87' lang='lat' dir='ltr'><strong>Epaphras.</strong></span> <span class='ocrx_word' id='word_1_863' title='bbox 2667 4190 2767 4256; x_wconf 84' lang='lat' dir='ltr'><strong>Qui</strong></span> <span class='ocrx_word' id='word_1_864' title='bbox 2813 4199 2884 4243; x_wconf 88' lang='lat' dir='ltr'><strong>est</strong></span> <span class='ocrx_word' id='word_1_865' title='bbox 2909 4228 2925 4253; x_wconf 93' lang='lat'><strong>,</strong></span> <span class='ocrx_word' id='word_1_866' title='bbox 2950 4184 3140 4255; x_wconf 90' lang='lat' dir='ltr'><strong>inquit,</strong></span> <span class='ocrx_word' id='word_1_867' title='bbox 3170 4179 3377 4250; x_wconf 76' lang='lat' dir='ltr'><strong>fidelis;</strong></span> <span class='ocrx_word' id='word_1_868' title='bbox 3403 4176 3505 4229; x_wconf 90' lang='lat' dir='ltr'><strong>hoc</strong></span> <span class='ocrx_word' id='word_1_869' title='bbox 3532 4182 3635 4236; x_wconf 88' lang='lat' dir='ltr'><strong>est,</strong></span> <span class='ocrx_word' id='word_1_870' title='bbox 3664 4188 3761 4226; x_wconf 85' lang='lat' dir='ltr'><strong>ve-</strong></span> 
     </span>
    </p>
   </div>
   <div class='ocr_carea' id='block_1_105' title="bbox 2178 4266 3763 4358">
    <p class='ocr_par' dir='ltr' id='par_1_105' title="bbox 2178 4266 3763 4358">
     <span class='ocr_line' id='line_1_105' title="bbox 2178 4266 3763 4358; baseline -0.02 -8"><span class='ocrx_word' id='word_1_871' title='bbox 2178 4309 2297 4349; x_wconf 83' lang='lat' dir='ltr'><strong>rax.</strong></span> <span class='ocrx_word' id='word_1_872' title='bbox 2321 4266 2622 4358; x_wconf 83' lang='lat' dir='ltr'><strong>Quomodo,</strong></span> <span class='ocrx_word' id='word_1_873' title='bbox 2651 4282 2758 4337; x_wconf 90' lang='lat' dir='ltr'><strong>Pro</strong></span> <span class='ocrx_word' id='word_1_874' title='bbox 2776 4280 2914 4337; x_wconf 80' lang='lat' dir='ltr'><strong>vobis</strong></span> <span class='ocrx_word' id='word_1_875' title='bbox 2931 4273 3190 4330; x_wconf 80' lang='lat' dir='ltr'><strong>minister?</strong></span> <span class='ocrx_word' id='word_1_876' title='bbox 3210 4268 3362 4339; x_wconf 87' lang='lat' dir='ltr'><strong>Quod</strong></span> <span class='ocrx_word' id='word_1_877' title='bbox 3385 4267 3449 4321; x_wconf 91' lang='lat' dir='ltr'><strong>ad</strong></span> <span class='ocrx_word' id='word_1_878' title='bbox 3477 4266 3650 4335; x_wconf 90' lang='lat' dir='ltr'><strong>ipsum</strong></span> <span class='ocrx_word' id='word_1_879' title='bbox 3673 4279 3763 4319; x_wconf 81' lang='lat' dir='ltr'><strong>ac-</strong></span> 
     </span>
    </p>
   </div>
   <div class='ocr_carea' id='block_1_106' title="bbox 2179 4356 3763 4448">
    <p class='ocr_par' dir='ltr' id='par_1_106' title="bbox 2179 4356 3763 4448">
     <span class='ocr_line' id='line_1_106' title="bbox 2179 4356 3763 4448; baseline -0.022 -4"><span class='ocrx_word' id='word_1_880' title='bbox 2179 4386 2436 4448; x_wconf 89' lang='lat' dir='ltr'><strong>cesserit,</strong></span> <span class='ocrx_word' id='word_1_881' title='bbox 2470 4391 2525 4437; x_wconf 91' lang='lat' dir='ltr'><strong>et</strong></span> <span class='ocrx_word' id='word_1_882' title='bbox 2563 4378 2739 4444; x_wconf 89' lang='lat' dir='ltr'><strong>nobis,</strong></span> <span class='ocrx_word' id='word_1_883' title='bbox 2786 4374 2991 4444; x_wconf 90' lang='lat' dir='ltr'><strong>inquit,</strong></span> <span class='ocrx_word' id='word_1_884' title='bbox 3031 4366 3325 4427; x_wconf 88' lang='lat' dir='ltr'><strong>ostenderit</strong></span> <span class='ocrx_word' id='word_1_885' title='bbox 3364 4372 3597 4417; x_wconf 88' lang='lat' dir='ltr'><strong>vestram</strong></span> <span class='ocrx_word' id='word_1_886' title='bbox 3626 4356 3763 4411; x_wconf 82' lang='lat' dir='ltr'><strong>dile-</strong></span> 
     </span>
    </p>
   </div>
   <div class='ocr_carea' id='block_1_107' title="bbox 2187 4446 3769 4540">
    <p class='ocr_par' dir='ltr' id='par_1_107' title="bbox 2187 4446 3769 4540">
     <span class='ocr_line' id='line_1_107' title="bbox 2187 4446 3769 4540; baseline -0.023 -5"><span class='ocrx_word' id='word_1_887' title='bbox 2187 4479 2421 4535; x_wconf 88' lang='lat' dir='ltr'><strong>ctionem</strong></span> <span class='ocrx_word' id='word_1_888' title='bbox 2448 4474 2501 4527; x_wconf 91' lang='lat' dir='ltr'><strong>in</strong></span> <span class='ocrx_word' id='word_1_889' title='bbox 2532 4470 2756 4540; x_wconf 88' lang='lat' dir='ltr'><strong>spiritu;</strong></span> <span class='ocrx_word' id='word_1_890' title='bbox 2785 4466 2887 4520; x_wconf 86' lang='lat' dir='ltr'><strong>hoc</strong></span> <span class='ocrx_word' id='word_1_891' title='bbox 2910 4457 3345 4529; x_wconf 71' lang='lat' dir='ltr'><strong>est,spiritualem</strong></span> <span class='ocrx_word' id='word_1_892' title='bbox 3372 4454 3424 4508; x_wconf 87' lang='lat' dir='ltr'><strong>in</strong></span> <span class='ocrx_word' id='word_1_893' title='bbox 3452 4466 3572 4506; x_wconf 91' lang='lat' dir='ltr'><strong>nos.</strong></span> <span class='ocrx_word' id='word_1_894' title='bbox 3595 4449 3649 4504; x_wconf 87' lang='lat' dir='ltr'><strong>Si</strong></span> <span class='ocrx_word' id='word_1_895' title='bbox 3677 4446 3769 4501; x_wconf 86' lang='lat' dir='ltr'><strong>hic</strong></span> 
     </span>
    </p>
   </div>
   <div class='ocr_carea' id='block_1_108' title="bbox 2184 4541 3771 4627">
    <p class='ocr_par' dir='ltr' id='par_1_108' title="bbox 2184 4541 3771 4627">
     <span class='ocr_line' id='line_1_108' title="bbox 2184 4541 3771 4627; baseline -0.022 0"><span class='ocrx_word' id='word_1_896' title='bbox 2184 4581 2269 4627; x_wconf 88' lang='lat' dir='ltr'><strong>cst</strong></span> <span class='ocrx_word' id='word_1_897' title='bbox 2295 4565 2493 4624; x_wconf 88' lang='lat' dir='ltr'><strong>Christi</strong></span> <span class='ocrx_word' id='word_1_898' title='bbox 2533 4562 2806 4622; x_wconf 84' lang='lat' dir='ltr'><strong>minister.</strong></span> <span class='ocrx_word' id='word_1_899' title='bbox 2830 4552 3099 4627; x_wconf 89' lang='lat' dir='ltr'><strong>quomodo</strong></span> <span class='ocrx_word' id='word_1_900' title='bbox 3135 4549 3313 4605; x_wconf 89' lang='lat' dir='ltr'><strong>dicitis</strong></span> <span class='ocrx_word' id='word_1_901' title='bbox 3352 4560 3448 4600; x_wconf 86' lang='lat' dir='ltr'><strong>vos</strong></span> <span class='ocrx_word' id='word_1_902' title='bbox 3486 4541 3680 4598; x_wconf 88' lang='lat' dir='ltr'><strong>adduci</strong></span> <span class='ocrx_word' id='word_1_903' title='bbox 3709 4546 3771 4593; x_wconf 88' lang='lat' dir='ltr'><strong>et</strong></span> 
     </span>
    </p>
   </div>
   <div class='ocr_carea' id='block_1_109' title="bbox 2186 4631 3765 4727">
    <p class='ocr_par' dir='ltr' id='par_1_109' title="bbox 2186 4631 3765 4727">
     <span class='ocr_line' id='line_1_109' title="bbox 2186 4631 3765 4727; baseline -0.023 -8"><span class='ocrx_word' id='word_1_904' title='bbox 2186 4659 2459 4720; x_wconf 88' lang='lat' dir='ltr'><strong>conciliari</strong></span> <span class='ocrx_word' id='word_1_905' title='bbox 2489 4671 2587 4727; x_wconf 91' lang='lat' dir='ltr'><strong>per</strong></span> <span class='ocrx_word' id='word_1_906' title='bbox 2607 4651 2867 4722; x_wconf 82' lang='lat' dir='ltr'><strong>angelos?</strong></span> <span class='ocrx_word' id='word_1_907' title='bbox 2899 4646 2999 4713; x_wconf 83' lang='lat' dir='ltr'><strong>Qui</strong></span> <span class='ocrx_word' id='word_1_908' title='bbox 3024 4643 3163 4698; x_wconf 86' lang='lat' dir='ltr'><strong>nobis</strong></span> <span class='ocrx_word' id='word_1_909' title='bbox 3184 4641 3355 4703; x_wconf 87' lang='lat' dir='ltr'><strong>etiam,</strong></span> <span class='ocrx_word' id='word_1_910' title='bbox 3384 4636 3577 4706; x_wconf 90' lang='lat' dir='ltr'><strong>inquit,</strong></span> <span class='ocrx_word' id='word_1_911' title='bbox 3598 4631 3765 4685; x_wconf 86' lang='lat' dir='ltr'><strong>mani-</strong></span> 
     </span>
    </p>
   </div>
   <div class='ocr_carea' id='block_1_110' title="bbox 2189 4722 3773 4826">
    <p class='ocr_par' dir='ltr' id='par_1_110' title="bbox 2189 4722 3773 4826">
     <span class='ocr_line' id='line_1_110' title="bbox 2189 4722 3773 4826; baseline -0.022 -16"><span class='ocrx_word' id='word_1_912' title='bbox 2189 4754 2387 4826; x_wconf 74' lang='lat' dir='ltr'><strong>festavit</strong></span> <span class='ocrx_word' id='word_1_913' title='bbox 2416 4748 2731 4804; x_wconf 86' lang='lat' dir='ltr'><strong>dilectionem</strong></span> <span class='ocrx_word' id='word_1_914' title='bbox 2758 4750 2973 4796; x_wconf 88' lang='lat' dir='ltr'><strong>vestram</strong></span> <span class='ocrx_word' id='word_1_915' title='bbox 3011 4737 3067 4790; x_wconf 87' lang='lat' dir='ltr'><strong>in</strong></span> <span class='ocrx_word' id='word_1_916' title='bbox 3092 4734 3296 4803; x_wconf 86' lang='lat' dir='ltr'><strong>spiritu.</strong></span> <span class='ocrx_word' id='word_1_917' title='bbox 3334 4729 3460 4784; x_wconf 64' lang='lat' dir='ltr'><strong>Haec</strong></span> <span class='ocrx_word' id='word_1_918' title='bbox 3486 4733 3567 4781; x_wconf 89' lang='lat' dir='ltr'><strong>est</strong></span> <span class='ocrx_word' id='word_1_919' title='bbox 3590 4722 3773 4778; x_wconf 85' lang='lat' dir='ltr'><strong>admi-</strong></span> 
     </span>
    </p>
   </div>
   <div class='ocr_carea' id='block_1_111' title="bbox 2190 4813 3767 4908">
    <p class='ocr_par' dir='ltr' id='par_1_111' title="bbox 2190 4813 3767 4908">
     <span class='ocr_line' id='line_1_111' title="bbox 2190 4813 3767 4908; baseline -0.023 -6"><span class='ocrx_word' id='word_1_920' title='bbox 2190 4813 2373 4904; x_wconf 72' lang='lat' dir='ltr'><strong>rabilis</strong></span> <span class='ocrx_word' id='word_1_921' title='bbox 2400 4842 2657 4908; x_wconf 90' lang='lat' dir='ltr'><strong>ﬁrmaque</strong></span> <span class='ocrx_word' id='word_1_922' title='bbox 2681 4844 2734 4889; x_wconf 90' lang='lat' dir='ltr'><strong>et</strong></span> <span class='ocrx_word' id='word_1_923' title='bbox 2754 4830 2958 4887; x_wconf 85' lang='lat' dir='ltr'><strong>stabilis</strong></span> <span class='ocrx_word' id='word_1_924' title='bbox 2976 4825 3192 4882; x_wconf 90' lang='lat' dir='ltr'><strong>dilectio</strong></span> <span class='ocrx_word' id='word_1_925' title='bbox 3220 4839 3233 4875; x_wconf 88' lang='lat'><strong>:</strong></span> <span class='ocrx_word' id='word_1_926' title='bbox 3266 4835 3388 4876; x_wconf 91' lang='lat' dir='ltr'><strong>nam</strong></span> <span class='ocrx_word' id='word_1_927' title='bbox 3405 4818 3524 4872; x_wconf 72' lang='lat' dir='ltr'><strong>alia:</strong></span> <span class='ocrx_word' id='word_1_928' title='bbox 3549 4813 3767 4885; x_wconf 89' lang='lat' dir='ltr'><strong>quidem</strong></span> 
     </span>
    </p>
   </div>
   <div class='ocr_carea' id='block_1_112' title="bbox 2192 4906 3777 4995">
    <p class='ocr_par' dir='ltr' id='par_1_112' title="bbox 2192 4906 3777 4995">
     <span class='ocr_line' id='line_1_112' title="bbox 2192 4906 3777 4995; baseline -0.023 0"><span class='ocrx_word' id='word_1_929' title='bbox 2192 4940 2364 4995; x_wconf 89' lang='lat' dir='ltr'><strong>solum</strong></span> <span class='ocrx_word' id='word_1_930' title='bbox 2391 4906 2590 4988; x_wconf 73' lang='lat' dir='ltr'><strong>habent</strong></span> <span class='ocrx_word' id='word_1_931' title='bbox 2618 4941 2810 4982; x_wconf 90' lang='lat' dir='ltr'><strong>nomen</strong></span> <span class='ocrx_word' id='word_1_932' title='bbox 2837 4919 3156 4977; x_wconf 85' lang='lat' dir='ltr'><strong>dilectionis.</strong></span> <span class='ocrx_word' id='word_1_933' title='bbox 3197 4915 3333 4971; x_wconf 90' lang='lat' dir='ltr'><strong>Sunt</strong></span> <span class='ocrx_word' id='word_1_934' title='bbox 3368 4919 3544 4965; x_wconf 89' lang='lat' dir='ltr'><strong>autem</strong></span> <span class='ocrx_word' id='word_1_935' title='bbox 3575 4906 3777 4974; x_wconf 65' lang='lat' dir='ltr'><strong>aliqum</strong></span> 
     </span>
    </p>
   </div>
   <div class='ocr_carea' id='block_1_113' title="bbox 2195 4994 3771 5097">
    <p class='ocr_par' dir='ltr' id='par_1_113' title="bbox 2195 4994 3771 5097">
     <span class='ocr_line' id='line_1_113' title="bbox 2195 4994 3771 5097; baseline -0.023 -10"><span class='ocrx_word' id='word_1_936' title='bbox 2195 5048 2300 5088; x_wconf 91' lang='lat' dir='ltr'><strong>non</strong></span> <span class='ocrx_word' id='word_1_937' title='bbox 2322 5021 2663 5097; x_wconf 76' lang='lat' dir='ltr'><strong>huiusmodi;</strong></span> <span class='ocrx_word' id='word_1_938' title='bbox 2694 5016 2789 5073; x_wconf 89' lang='lat' dir='ltr'><strong>sed</strong></span> <span class='ocrx_word' id='word_1_939' title='bbox 2817 5030 2922 5069; x_wconf 91' lang='lat' dir='ltr'><strong>non</strong></span> <span class='ocrx_word' id='word_1_940' title='bbox 2949 5020 3034 5067; x_wconf 90' lang='lat' dir='ltr'><strong>est</strong></span> <span class='ocrx_word' id='word_1_941' title='bbox 3074 5010 3179 5064; x_wconf 88' lang='lat' dir='ltr'><strong>hoc</strong></span> <span class='ocrx_word' id='word_1_942' title='bbox 3215 5004 3486 5061; x_wconf 86' lang='lat' dir='ltr'><strong>amicitia:</strong></span> <span class='ocrx_word' id='word_1_943' title='bbox 3508 4994 3771 5071; x_wconf 86' lang='lat' dir='ltr'><strong>quamob-</strong></span> 
     </span>
    </p>
   </div>
   <div class='ocr_carea' id='block_1_114' title="bbox 2194 5104 3049 5180">
    <p class='ocr_par' dir='ltr' id='par_1_114' title="bbox 2194 5104 3049 5180">
     <span class='ocr_line' id='line_1_114' title="bbox 2194 5104 3049 5180; baseline -0.028 0"><span class='ocrx_word' id='word_1_944' title='bbox 2194 5138 2309 5180; x_wconf 87' lang='lat' dir='ltr'><strong>rem</strong></span> <span class='ocrx_word' id='word_1_945' title='bbox 2329 5134 2393 5175; x_wconf 88' lang='lat' dir='ltr'><strong>ea</strong></span> <span class='ocrx_word' id='word_1_946' title='bbox 2420 5124 2503 5171; x_wconf 89' lang='lat' dir='ltr'><strong>est</strong></span> <span class='ocrx_word' id='word_1_947' title='bbox 2530 5112 2681 5169; x_wconf 86' lang='lat' dir='ltr'><strong>facile</strong></span> <span class='ocrx_word' id='word_1_948' title='bbox 2700 5104 3049 5163; x_wconf 90' lang='lat' dir='ltr'><strong>dissolubilis.</strong></span> 
     </span>
    </p>
   </div>
   <div class='ocr_carea' id='block_1_115' title="bbox 2268 5185 3778 5270">
    <p class='ocr_par' dir='ltr' id='par_1_115' title="bbox 2268 5185 3778 5270">
     <span class='ocr_line' id='line_1_115' title="bbox 2268 5185 3778 5270; baseline -0.025 -3"><span class='ocrx_word' id='word_1_949' title='bbox 2268 5215 2323 5270; x_wconf 82' lang='lat'><strong>&#39;5.</strong></span> <span class='ocrx_word' id='word_1_950' title='bbox 2354 5207 2702 5264; x_wconf 83' lang='lat' dir='ltr'><strong>Amicitiarum</strong></span> <span class='ocrx_word' id='word_1_951' title='bbox 2732 5198 2875 5253; x_wconf 85' lang='lat' dir='ltr'><strong>varia</strong></span> <span class='ocrx_word' id='word_1_952' title='bbox 2901 5209 3103 5267; x_wconf 88' lang='lat' dir='ltr'><strong>genera.</strong></span> <span class='ocrx_word' id='word_1_953' title='bbox 3134 5219 3206 5231; x_wconf 91' lang='lat'>—</span> <span class='ocrx_word' id='word_1_954' title='bbox 3230 5185 3409 5243; x_wconf 76' lang='lat' dir='ltr'><strong>Multa:</strong></span> <span class='ocrx_word' id='word_1_955' title='bbox 3449 5188 3576 5236; x_wconf 87' lang='lat' dir='ltr'><strong>sunt</strong></span> <span class='ocrx_word' id='word_1_956' title='bbox 3612 5190 3778 5233; x_wconf 79' lang='lat' dir='ltr'><strong>occa-</strong></span> 
     </span>
    </p>
   </div>
   <div class='ocr_carea' id='block_1_116' title="bbox 2199 5270 3775 5363">
    <p class='ocr_par' dir='ltr' id='par_1_116' title="bbox 2199 5270 3775 5363">
     <span class='ocr_line' id='line_1_116' title="bbox 2199 5270 3775 5363; baseline -0.028 -1"><span class='ocrx_word' id='word_1_957' title='bbox 2199 5308 2379 5363; x_wconf 89' lang='lat' dir='ltr'><strong>siones</strong></span> <span class='ocrx_word' id='word_1_958' title='bbox 2401 5292 2749 5356; x_wconf 79' lang='lat' dir='ltr'><strong>concilianda:</strong></span> <span class='ocrx_word' id='word_1_959' title='bbox 2775 5286 3027 5343; x_wconf 69' lang='lat' dir='ltr'><strong>amicitia:</strong></span> <span class='ocrx_word' id='word_1_960' title='bbox 3055 5302 3069 5336; x_wconf 86' lang='lat'><strong>:</strong></span> <span class='ocrx_word' id='word_1_961' title='bbox 3098 5290 3154 5337; x_wconf 88' lang='lat' dir='ltr'><strong>et</strong></span> <span class='ocrx_word' id='word_1_962' title='bbox 3177 5289 3362 5346; x_wconf 84' lang='lat' dir='ltr'><strong>turpes</strong></span> <span class='ocrx_word' id='word_1_963' title='bbox 3387 5270 3606 5345; x_wconf 88' lang='lat' dir='ltr'><strong>quidem</strong></span> <span class='ocrx_word' id='word_1_964' title='bbox 3630 5282 3775 5340; x_wconf 76' lang='lat' dir='ltr'><strong>prte-</strong></span> 
     </span>
    </p>
   </div>
   <div class='ocr_carea' id='block_1_117' title="bbox 2204 5367 3785 5456">
    <p class='ocr_par' dir='ltr' id='par_1_117' title="bbox 2204 5367 3785 5456">
     <span class='ocr_line' id='line_1_117' title="bbox 2204 5367 3785 5456; baseline -0.026 0"><span class='ocrx_word' id='word_1_965' title='bbox 2204 5397 2559 5456; x_wconf 89' lang='lat' dir='ltr'><strong>termittemus</strong></span> <span class='ocrx_word' id='word_1_966' title='bbox 2588 5405 2603 5442; x_wconf 89' lang='lat'><strong>:</strong></span> <span class='ocrx_word' id='word_1_967' title='bbox 2635 5397 2796 5442; x_wconf 90' lang='lat' dir='ltr'><strong>nemo</strong></span> <span class='ocrx_word' id='word_1_968' title='bbox 2813 5380 2955 5437; x_wconf 90' lang='lat' dir='ltr'><strong>enim</strong></span> <span class='ocrx_word' id='word_1_969' title='bbox 2979 5374 3131 5432; x_wconf 89' lang='lat' dir='ltr'><strong>nobis</strong></span> <span class='ocrx_word' id='word_1_970' title='bbox 3151 5369 3364 5441; x_wconf 85' lang='lat' dir='ltr'><strong>objiciet</strong></span> <span class='ocrx_word' id='word_1_971' title='bbox 3384 5367 3500 5422; x_wconf 87' lang='lat' dir='ltr'><strong>illas</strong></span> <span class='ocrx_word' id='word_1_972' title='bbox 3524 5378 3631 5419; x_wconf 91' lang='lat' dir='ltr'><strong>non</strong></span> <span class='ocrx_word' id='word_1_973' title='bbox 3657 5374 3785 5417; x_wconf 82' lang='lat' dir='ltr'><strong>esse</strong></span> 
     </span>
    </p>
   </div>
   <div class='ocr_carea' id='block_1_118' title="bbox 2203 5453 3782 5549">
    <p class='ocr_par' dir='ltr' id='par_1_118' title="bbox 2203 5453 3782 5549">
     <span class='ocr_line' id='line_1_118' title="bbox 2203 5453 3782 5549; baseline -0.025 -4"><span class='ocrx_word' id='word_1_974' title='bbox 2203 5489 2405 5549; x_wconf 83' lang='lat' dir='ltr'><strong>malas;</strong></span> <span class='ocrx_word' id='word_1_975' title='bbox 2435 5481 2529 5538; x_wconf 89' lang='lat' dir='ltr'><strong>sed</strong></span> <span class='ocrx_word' id='word_1_976' title='bbox 2550 5478 2594 5534; x_wconf 93' lang='lat' dir='ltr'><strong>si</strong></span> <span class='ocrx_word' id='word_1_977' title='bbox 2610 5475 2793 5541; x_wconf 90' lang='lat' dir='ltr'><strong>vultis,</strong></span> <span class='ocrx_word' id='word_1_978' title='bbox 2822 5472 2877 5527; x_wconf 92' lang='lat' dir='ltr'><strong>in</strong></span> <span class='ocrx_word' id='word_1_979' title='bbox 2903 5467 3137 5527; x_wconf 90' lang='lat' dir='ltr'><strong>medium</strong></span> <span class='ocrx_word' id='word_1_980' title='bbox 3164 5462 3487 5518; x_wconf 84' lang='lat' dir='ltr'><strong>adducamus</strong></span> <span class='ocrx_word' id='word_1_981' title='bbox 3507 5453 3782 5511; x_wconf 84' lang='lat' dir='ltr'><strong>naturales</strong></span> 
     </span>
    </p>
   </div>
   <div class='ocr_carea' id='block_1_119' title="bbox 2205 5542 3787 5649">
    <p class='ocr_par' dir='ltr' id='par_1_119' title="bbox 2205 5542 3787 5649">
     <span class='ocr_line' id='line_1_119' title="bbox 2205 5542 3787 5649; baseline -0.027 -12"><span class='ocrx_word' id='word_1_982' title='bbox 2205 5542 2406 5649; x_wconf 60' lang='lat' dir='ltr'><strong>etquis</strong></span> <span class='ocrx_word' id='word_1_983' title='bbox 2437 5572 2505 5629; x_wconf 90' lang='lat' dir='ltr'><strong>ad</strong></span> <span class='ocrx_word' id='word_1_984' title='bbox 2534 5571 2671 5625; x_wconf 88' lang='lat' dir='ltr'><strong>hanc</strong></span> <span class='ocrx_word' id='word_1_985' title='bbox 2704 5566 2867 5621; x_wconf 88' lang='lat' dir='ltr'><strong>vitam</strong></span> <span class='ocrx_word' id='word_1_986' title='bbox 2892 5557 3150 5632; x_wconf 86' lang='lat' dir='ltr'><strong>agendam</strong></span> <span class='ocrx_word' id='word_1_987' title='bbox 3177 5551 3464 5624; x_wconf 89' lang='lat' dir='ltr'><strong>pertinent.</strong></span> <span class='ocrx_word' id='word_1_988' title='bbox 3493 5548 3669 5616; x_wconf 82' lang='lat' dir='ltr'><strong>Atque</strong></span> <span class='ocrx_word' id='word_1_989' title='bbox 3694 5542 3787 5597; x_wconf 69' lang='lat' dir='ltr'><strong>hie</strong></span> 
     </span>
    </p>
   </div>
   <div class='ocr_carea' id='block_1_120' title="bbox 2206 5639 3789 5743">
    <p class='ocr_par' dir='ltr' id='par_1_120' title="bbox 2206 5639 3789 5743">
     <span class='ocr_line' id='line_1_120' title="bbox 2206 5639 3789 5743; baseline -0.024 -17"><span class='ocrx_word' id='word_1_990' title='bbox 2206 5639 2420 5743; x_wconf 79' lang='lat' dir='ltr'><strong>quidem</strong></span> <span class='ocrx_word' id='word_1_991' title='bbox 2447 5662 2512 5719; x_wconf 89' lang='lat' dir='ltr'><strong>ad</strong></span> <span class='ocrx_word' id='word_1_992' title='bbox 2540 5661 2678 5716; x_wconf 89' lang='lat' dir='ltr'><strong>hanc</strong></span> <span class='ocrx_word' id='word_1_993' title='bbox 2702 5657 2865 5712; x_wconf 89' lang='lat' dir='ltr'><strong>vitam</strong></span> <span class='ocrx_word' id='word_1_994' title='bbox 2892 5649 3162 5723; x_wconf 89' lang='lat' dir='ltr'><strong>pertinent</strong></span> <span class='ocrx_word' id='word_1_995' title='bbox 3186 5662 3201 5699; x_wconf 91' lang='lat'><strong>:</strong></span> <span class='ocrx_word' id='word_1_996' title='bbox 3224 5642 3374 5699; x_wconf 89' lang='lat' dir='ltr'><strong>verbi</strong></span> <span class='ocrx_word' id='word_1_997' title='bbox 3410 5639 3581 5711; x_wconf 84' lang='lat' dir='ltr'><strong>gratia</strong></span> <span class='ocrx_word' id='word_1_998' title='bbox 3603 5676 3621 5704; x_wconf 89' lang='lat'><strong>,</strong></span> <span class='ocrx_word' id='word_1_999' title='bbox 3658 5648 3789 5691; x_wconf 88' lang='lat' dir='ltr'><strong>cum</strong></span> 
     </span>
    </p>
   </div>
   <div class='ocr_carea' id='block_1_121' title="bbox 2215 5729 3801 5835">
    <p class='ocr_par' dir='ltr' id='par_1_121' title="bbox 2215 5729 3801 5835">
     <span class='ocr_line' id='line_1_121' title="bbox 2215 5729 3801 5835; baseline -0.023 -11"><span class='ocrx_word' id='word_1_1000' title='bbox 2215 5729 2281 5824; x_wconf 82' lang='lat' dir='ltr'><strong>de</strong></span> <span class='ocrx_word' id='word_1_1001' title='bbox 2302 5763 2479 5835; x_wconf 90' lang='lat' dir='ltr'><strong>aliquo</strong></span> <span class='ocrx_word' id='word_1_1002' title='bbox 2502 5753 2765 5831; x_wconf 85' lang='lat' dir='ltr'><strong>quispiam</strong></span> <span class='ocrx_word' id='word_1_1003' title='bbox 2794 5756 2877 5807; x_wconf 87' lang='lat' dir='ltr'><strong>est</strong></span> <span class='ocrx_word' id='word_1_1004' title='bbox 2916 5746 3050 5803; x_wconf 84' lang='lat' dir='ltr'><strong>bene</strong></span> <span class='ocrx_word' id='word_1_1005' title='bbox 3086 5739 3343 5807; x_wconf 86' lang='lat' dir='ltr'><strong>meritus,</strong></span> <span class='ocrx_word' id='word_1_1006' title='bbox 3387 5748 3511 5793; x_wconf 85' lang='lat' dir='ltr'><strong>cum</strong></span> <span class='ocrx_word' id='word_1_1007' title='bbox 3553 5729 3801 5788; x_wconf 77' lang='lat' dir='ltr'><strong>amicum.</strong></span> 
     </span>
    </p>
   </div>
  </div>
