4120 6400
358 272 464 332 305

362 395 567 460 paravit
593 411 621 449 a
650 397 964 468 majoribus,
993 418 1115 458 cum
1138 403 1236 460 fuit
1258 396 1435 461 socius
1459 423 1658 462 mensa:
1683 416 1774 462 aut
1791 422 1947 478 pere-

355 484 692 553 grinationis,
725 500 817 544 aut
844 502 928 546 est
950 494 1155 550 vicinus
1178 506 1335 551 :sunt
1360 497 1443 553 hze
1465 514 1678 569 quoque
1710 502 1948 571 pulchrae

353 585 406 629 et
442 575 681 633 honestae
713 597 727 633 :
755 592 847 636 aut
881 593 965 637 est
993 584 1233 655 ejusdem
1275 589 1405 643 artis
1434 605 1448 645 :
1477 600 1638 660 atque
1669 590 1785 646 hzec
1828 594 1948 663 qui-

353 667 476 721 dem
532 686 637 725 non
692 682 775 727 est
822 673 1071 742 sincera;
1136 676 1296 733 habet
1348 680 1494 734 enim
1544 682 1940 740 aemulationem

350 762 639 817 quamdam
667 774 722 818 et
745 765 1023 822 invidiam.
1054 770 1335 827 Naturales
1361 783 1539 828 autem
1561 815 1576 840 ,
1610 785 1667 829 ut
1695 787 1817 845 puta
1849 793 1941 848 pa-

353 852 452 907 tris
482 869 604 923 erga
630 856 817 923 filium,
840 859 931 915 ﬁlii
952 876 1077 931 erga
1100 873 1325 933 patrem.
1346 866 1524 921 fratris
1544 884 1667 938 erga
1693 870 1937 938 fratreut,

348 947 433 998 avi
462 960 586 1017 erga
620 960 887 1019 nepotem,
922 955 1110 1009 matris
1138 972 1264 1027 erga
1286 957 1466 1025 filios;
1490 961 1534 1015 si
1556 962 1714 1017 vultis
1734 973 1935 1032 autem,

351 1042 534 1095 uxoris
559 1058 770 1114 quoque
798 1061 923 1117 erga
950 1051 1197 1105 maritum
1229 1067 1242 1104 :
1276 1067 1465 1108 omnes
1490 1055 1632 1109 enim
1656 1058 1934 1112 matrimo-

351 1133 523 1187 niales
547 1144 672 1188 sunt
708 1135 773 1190 ad
817 1140 979 1194 vitam
1021 1142 1350 1211 pertinentes
1396 1154 1451 1199 et
1497 1156 1801 1203 terrestres.
1841 1148 1936 1204 [he

346 1225 560 1293 quidem
602 1227 855 1286 videntur
889 1230 992 1286 illis
1020 1248 1140 1288 esse
1171 1236 1600 1293 vehementiores
1639 1257 1653 1293 :
1688 1240 1935 1296 videntur

345 1327 547 1383 autem,
574 1319 705 1385 dixi,
737 1323 858 1392 quia
886 1338 1032 1393 saepe
1074 1340 1104 1379 a
1149 1328 1456 1382 memoratis
1482 1340 1819 1399 superantur.
1865 1333 1933 1388 Et

343 1408 627 1477 aliquando
654 1412 871 1481 quidem
904 1414 1000 1469 visi
1035 1425 1160 1471 sunt
1187 1418 1343 1472 amici
1376 1421 1564 1475 melius
1588 1432 1643 1476 et
1665 1424 1931 1479 sincerius

344 1500 518 1555 atieeti
540 1518 698 1572 quam
727 1506 936 1573 fratres,
968 1516 1023 1563 et
1050 1525 1205 1580 quam
1237 1511 1330 1565 filii
1360 1512 1411 1567 in
1440 1525 1691 1582 parentes
1717 1532 1732 1571 :
1756 1526 1812 1572 et
1837 1518 1928 1587 qui

340 1589 440 1644 fuit
463 1592 676 1661 quidem
698 1598 929 1665 genitus,
962 1615 1069 1654 non
1099 1616 1255 1670 opem
1298 1603 1450 1670 tulit;
1478 1606 1566 1675 qui
1596 1616 1774 1663 autem
1801 1624 1925 1663 eum

342 1697 447 1736 non
477 1687 762 1763 cognovit,
791 1689 958 1744 adfuit
1000 1700 1055 1749 et
1093 1708 1249 1763 opem
1302 1696 1440 1750 tulit.
1483 1697 1706 1754 Dilectio
1746 1710 1925 1757 autem

337 1776 631 1842 spiritualis
657 1759 740 1834 est
768 1784 1006 1837 onmium
1036 1800 1289 1855 suprema
1313 1828 1328 1854 ,
1371 1789 1531 1845 veluti
1561 1792 1804 1862 quasdam
1839 1809 1927 1851 re-

338 1868 482 1937 gina,
501 1886 620 1940 qua:
652 1873 703 1928 in
730 1888 856 1930 suos
884 1876 1210 1934 dominatum
1237 1881 1461 1950 obtinet,
1485 1884 1814 1958 honestaque
1840 1899 1922 1945 est

337 1961 517 2028 specie
560 1964 891 2035 pulchroque
920 1967 1101 2023 habitu
1132 1986 1146 2024 :
1180 1971 1310 2027 nihil
1335 1975 1477 2028 enim
1521 1984 1775 2032 terrestre
1799 1993 1921 2035 eam

341 2050 480 2118 parit
503 2053 643 2109 sicut
686 2056 830 2112 illam
851 2100 866 2124 ,
898 2076 1005 2115 non
1042 2065 1408 2133 consuetudo,
1442 2082 1548 2121 non
1576 2067 1916 2138 beneficium,

339 2159 446 2198 non
499 2156 708 2213 natura,
736 2165 841 2204 non
887 2168 1095 2221 aurum,
1126 2156 1219 2211 sed
1264 2172 1295 2211 a
1346 2161 1595 2229 supernis
1642 2161 1921 2219 descendit

332 2252 367 2291 e
393 2238 546 2293 catio.
577 2241 641 2296 Et
659 2244 786 2313 quid
815 2245 1046 2312 miraris,
1082 2249 1125 2302 si
1154 2249 1414 2305 beneficio
1442 2267 1549 2307 non
1569 2264 1691 2324 eget
1713 2264 1770 2310 ut
1789 2270 1918 2311 con-

330 2328 519 2395 sistat,
547 2344 669 2385 cum
722 2349 789 2388 ne
830 2335 873 2389 si
925 2337 1049 2391 mali
1094 2339 1309 2409 quidem
1358 2343 1645 2414 quidquam
1691 2346 1915 2416 accipiat

328 2423 637 2477 evertatur?
657 2422 810 2491 Quod
836 2437 1012 2483 autem
1044 2429 1159 2485 ι]ωο
1185 2434 1256 2487 sit
1285 2433 1370 2487 illa
1403 2435 1594 2504 major,
1625 2437 1749 2492 audi
1774 2437 1915 2493 Pau-

328 2511 437 2565 lum
485 2511 747 2571 dicentem
792 2535 809 2573 :
852 2517 1096 2589 Optarent
1139 2540 1232 2594 ego
1274 2526 1382 2595 ipse
1426 2543 1534 2581 esse
1571 2530 1842 2584 anathema
1882 2547 1915 2585 a

326 2601 531 2660 Christo
557 2624 651 2676 pro
678 2611 923 2679 fratribus
952 2615 1074 2669 meis
1096 2615 1271 2686 (Rom.
1297 2617 1350 2671 9.
1379 2619 1455 2689 ‘5).
1484 2621 1615 2686 Quis
1638 2621 1739 2678 hoc
1762 2631 1914 2693 pater

325 2701 617 2768 Optaverit,
653 2718 774 2760 esse
810 2705 862 2760 in
899 2707 1099 2762 malis?
1128 2709 1199 2764 Et
1228 2726 1413 2767 rursus
1446 2731 1460 2769 :
1490 2713 1714 2782 Itesolei,
1743 2726 1913 2772 etesse

323 2804 441 2843 cum
466 2790 668 2847 Christo
694 2794 842 2865 longe
875 2808 949 2852 est
977 2799 1195 2865 melius;
1228 2819 1437 2858 manere
1466 2815 1637 2860 autem
1666 2808 1718 2861 in
1755 2824 1911 2865 carne

323 2891 398 2935 est
422 2886 584 2955 magis
608 2889 943 2943 necessarium
964 2903 1170 2961 propter
1191 2910 1277 2947 vos
1307 2894 1566 2966 (Philipp.
1598 2900 1648 2954 i.
1677 2899 1767 2956 25.
1790 2901 1905 2972 24).

321 2972 577 3040 Quantam
604 2986 774 3033 mater
801 2981 918 3035 haec
948 2984 1201 3039 voluisset
1227 2987 1425 3055 dicere,
1461 2997 1519 3044 ut
1544 3005 1638 3045 sua
1663 2991 1909 3063 despice-

319 3065 444 3119 ret?
477 3067 545 3121 Et
587 3083 773 3125 rursus
816 3072 939 3128 audi
987 3090 1110 3129 eum
1155 3077 1456 3135 dicentem:
1494 3082 1672 3138 Urbati
1713 3086 1845 3139 enim
1873 3104 1907 3140 a

318 3158 457 3211 vobis
477 3159 545 3212 ad
568 3168 766 3228 tempus
788 3162 947 3232 horta,
967 3178 1195 3237 aspectu,
1228 3187 1327 3225 non
1356 3175 1508 3228 corde
1532 3177 1606 3244 (1.
1634 3177 1814 3235 Thess.
1838 3182 1899 3236 2.

319 3247 434 3318 17).
468 3248 533 3303 Ει
561 3250 647 3305 hic
669 3254 881 3322 quidem
920 3266 1070 3324 pater
1097 3265 1419 3318 contumelia
1450 3266 1671 3324 affectus
1695 3311 1711 3337 ,
1743 3273 1903 3328 solvit

316 3339 645 3406 amicitiam;
695 3343 803 3398 illic
851 3357 1029 3402 autem
1075 3365 1179 3406 non
1213 3353 1394 3409 itidem
1419 3398 1433 3421 ,
1464 3358 1558 3412 sed
1599 3370 1653 3414 et
1680 3361 1746 3416 ad
1779 3363 1902 3419 illos

316 3429 407 3499 qtti
436 3430 700 3500 lapidibus
729 3438 1051 3506 appetebant
1075 3442 1207 3497 abiit
1230 3485 1243 3508 ,
1268 3460 1361 3501 eos
1387 3449 1651 3504 beneficio
1679 3453 1901 3509 affectu-

315 3535 427 3575 rus.
453 3521 591 3576 Nihil
618 3534 699 3579 est
728 3529 892 3594 enim,
920 3529 1052 3585 nihil
1083 3549 1235 3603 teque
1262 3536 1515 3604 validum,
1549 3548 1606 3594 ut
1625 3542 1893 3599 vinculum

315 3612 555 3680 spiritus.
585 3614 685 3683 Qui
715 3618 857 3672 enim
887 3621 1030 3690 quod
1058 3623 1127 3678 sit
1154 3626 1415 3683 beneficio
1441 3629 1662 3687 affectus
1686 3676 1701 3701 ,
1728 3637 1897 3691 evasit

312 3704 547 3772 amicus;
578 3709 623 3761 si
655 3708 755 3764 hoc
781 3723 1038 3782 perpetuo
1065 3731 1171 3771 non
1204 3719 1313 3789 fiat,
1342 3723 1445 3776 erit
1478 3724 1728 3783 inimicus
1757 3747 1770 3783 :
1804 3732 1894 3800 qui

311 3812 375 3852 ex
403 3802 788 3858 consuetudine
812 3816 928 3861 erat
970 3808 1264 3866 indivulsus
1289 3855 1305 3878 ,
1337 3814 1632 3888 interrupta
1666 3837 1897 3878 consue-

313 3888 497 3945 tudine
522 3893 776 3949 exstinxit
805 3897 1115 3956 amicitiam.
1158 3902 1350 3960 Mnlier
1393 3924 1577 3965 rursus
1600 3952 1616 3978 ,
1654 3915 1699 3968 si
1730 3915 1892 3973 fuerit

310 3981 377 4035 iis
402 3996 466 4036 ac
494 3982 779 4052 dissensio,
811 3988 1028 4043 dimittit
1054 3994 1302 4050 maritum
1334 4007 1388 4053 et
1414 4001 1575 4057 solvit
1602 4019 1841 4062 amorem
1872 4027 1887 4063 :

310 4072 470 4141 filius,
499 4076 543 4130 si
573 4075 665 4130 diu
687 4079 951 4135 viventem
981 4083 1176 4140 viderit
1200 4097 1406 4157 patrem
1427 4133 1444 4155 ,
1476 4109 1618 4165 :egre
1663 4097 1785 4153 fert.
1828 4102 1885 4157 In

304 4164 494 4233 Spiritu
518 4177 692 4222 autem
723 4170 982 4240 ejusmodi
1024 4176 1154 4231 nihil
1182 4188 1266 4234 est
1294 4197 1307 4234 :
1338 4183 1486 4238 nullo
1525 4164 1665 4242 enim
1694 4188 1883 4248 lterum

303 4255 535 4311 solvitur
556 4299 573 4324 ,
614 4265 864 4329 quoniam
894 4263 1081 4321 iisdem
1113 4284 1220 4324 non
1246 4284 1456 4329 constat
1489 4293 1503 4340 ;
1532 4294 1706 4350 neque
1751 4293 1884 4340 tem-

301 4363 403 4417 pus
425 4391 440 4415 ,
487 4367 664 4422 neque
706 4356 825 4410 vita:
857 4358 1148 4429 longitudo,
1180 4380 1278 4421 nec
1307 4369 1505 4425 malum
1533 4374 1641 4442 pati
1670 4378 1753 4432 vel
1781 4394 1882 4433 au-

301 4440 437 4504 dire,
470 4458 574 4497 non
598 4444 694 4512 ira,
718 4462 823 4502 non
850 4454 1192 4522 contumelia,
1224 4472 1396 4529 neque
1421 4464 1708 4535 quidquam
1735 4470 1879 4527 aliud

301 4530 537 4600 invadit,
571 4551 743 4608 neque
772 4555 889 4594 eam
935 4554 1111 4611 potest
1148 4530 1463 4608 dissolvere.
1496 4530 1578 4609 Et
1610 4567 1670 4612 ut
1713 4562 1873 4628 scias,

297 4621 560 4692 lapidibus
603 4632 954 4697 appetebatur
1000 4636 1194 4704 Moses,
1248 4648 1303 4695 et
1347 4658 1443 4713 pro
1488 4646 1617 4717 ipsis
1656 4621 1874 4721 rogabat

297 4716 489 4787 (Exod.
520 4721 634 4791 17).
663 4724 793 4792 Quis
838 4738 989 4796 pater
1027 4732 1127 4789 hoc
1156 4734 1370 4794 fecisset
1408 4758 1503 4811 pro
1530 4760 1596 4799 eo
1619 4716 1874 4820 qui'lapi-

292 4808 447 4864 dibus
478 4822 787 4883 appeteret,
821 4829 1004 4877 etnon
1045 4824 1216 4894 ipsum
1253 4808 1520 4889 obruisset
1560 4808 1871 4907 lapidibus?

291 4901 398 4957 Has
430 4919 808 4977 persequamur
858 4922 913 4968 et
952 4932 1256 4985 qureramus
1295 4926 1557 4983 amicitias
1586 4948 1705 5002 qua:
1742 4945 1868 4992 sunt

286 5009 350 5046 ex
379 4996 563 5064 spiritu
592 5014 606 5051 :
633 5010 757 5054 sunt
787 5004 930 5058 enim
972 5006 1140 5065 fortes
1166 5023 1217 5068 et
1247 5016 1423 5072 solutu
1451 5006 1729 5091 difficiles;
1757 5045 1864 5086 non

286 5100 378 5140 eas
403 5103 522 5157 qure
560 5106 628 5146 ex
656 5097 855 5153 mensis
878 5101 1123 5160 oriuntur
1152 5123 1167 5160 :
1195 5124 1315 5164 nam
1346 5112 1466 5169 illas
1508 5127 1753 5177 vetamur
1781 5125 1863 5180 itt-

284 5175 504 5235 ducere.
533 5183 668 5237 Audi
692 5186 833 5242 enim
858 5189 1131 5250 Christum
1159 5197 1424 5258 dicentem
1453 5205 1503 5261 in
1533 5209 1819 5283 Evangelia
1845 5234 1860 5272 :

285 5267 409 5324 Non
430 5274 712 5332 inritaveris
741 5281 930 5338 amicos
957 5294 1087 5353 tuos,
1116 5305 1272 5361 neque
1291 5297 1479 5354 vicinos
1504 5309 1633 5367 tuos,
1663 5306 1710 5358 si
1729 5311 1862 5378 fece-

278 5361 354 5413 ris
386 5363 685 5431 convivium,
715 5371 805 5423 sed
830 5371 1038 5428 claudos
1054 5386 1100 5431 et
1123 5395 1327 5437 mancos
1354 5384 1500 5456 (Luc.
1518 5392 1605 5446 i4.
1622 5361 1855 5468 i235);

279 5460 336 5505 et
377 5456 568 5510 merito
589 5457 887 5516 :est‘enim
918 5480 1105 5536 magna
1137 5486 1233 5540 pro
1265 5474 1346 5532 his
1376 5494 1603 5538 merces.
1632 5487 1703 5542 At
1750 5506 1855 5547 non

278 5553 435 5614 potes
457 5586 473 5612 ,
507 5563 610 5602 non
640 5553 873 5611 sustines
901 5560 1168 5617 convivari
1196 5580 1316 5621 cum
1347 5570 1550 5630 claudis
1577 5585 1630 5632 et
1655 5583 1812 5637 cmcis
1837 5599 1853 5651 ;

275 5638 371 5691 sed
401 5640 673 5699 existimas
710 5644 811 5702 hoc
836 5664 955 5706 esse
979 5668 1138 5722 grave
1164 5667 1218 5712 et
1242 5662 1525 5720 molestum
1547 5708 1564 5733 ,
1611 5682 1666 5728 et
1695 5689 1851 5732 recu-

272 5745 360 5787 sas
381 5732 405 5787 l
429 5732 586 5792 Certe
608 5734 661 5793 id
688 5738 857 5799 vitare
886 5757 995 5801 tton
1014 5758 1309 5822 oporteret,
1338 5755 1433 5814 scd
1454 5756 1507 5815 id
1533 5732 1711 5823 facere
1740 5784 1849 5828 non

1036 283 1099 338 s.
1161 285 1438 345 JOANNIS
1471 281 1949 347 cun‘v’sosrout
1987 290 2304 357 ARCHIEP.
2342 302 2878 382 CONSTANTINOP.

3538 352 3644 412 305

2051 422 2138 469 est
2162 434 2402 481 necesse.
2444 430 2501 485 Si
2529 448 2635 489 non
2664 439 2853 500 feceris
2889 461 2984 504 eos
3014 459 3187 509 tecum
3235 462 3514 523 considere
3540 512 3557 537 ,
3604 487 3641 530 θ

2050 521 2234 567 mensa
2267 522 2352 571 tua
2380 521 2445 575 ad
2471 539 2566 579 eos
2596 531 2749 587 mitte
2789 537 2991 595 cibum.
3024 543 3156 602 Nam
3186 552 3277 621 qui
3324 521 3638 617 amicosin-

2048 598 2196 665 vitat,
2224 604 2353 661 nihil
2378 625 2629 682 magnum
2654 620 2813 691 facit;
2839 627 2926 684 hic
2941 635 3083 691 enim
3105 598 3311 712 accepit
3330 653 3635 711 mercedem

2046 703 2198 747 suam
2227 711 2241 748 :
2270 699 2359 767 qui
2388 713 2565 761 autem
2594 709 2781 769 invitat
2812 722 3056 781 mutilum
3087 740 3143 784 et
3173 748 3460 805 pauperem
3484 783 3501 810 ,
3533 743 3632 799 ita-

2048 780 2130 810 I..u
2161 785 2318 810 n-___.
2363 792 2435 810 4,.
2461 796 2491 810 ._
2710 806 2753 810 __

2045 780 2134 839 bet
2158 785 2322 844 Deum
2351 792 2670 857 debitorem.
2707 806 2785 861 Ne
2811 825 2939 883 ergo
2969 833 3110 888 aegre
3141 780 3376 885 feramus
3417 783 3634 903 qu’ando

2046 888 2149 903 Iun-1
2183 876 2267 903 LL.
2298 896 2415 903 -.-A-
2441 902 2481 903 ,,
2525 890 2535 900 -
2812 900 2822 903 -

2045 888 2149 928 non
2182 876 2267 932 hic
2295 890 2660 956 acceperimus
2681 936 2696 962 ,
2729 900 2823 953 scd
2851 908 3066 972 quando
3097 910 3185 968 hic
3214 876 3586 989 acceperimus
3611 946 3628 997 ;

2045 978 2164 997 nam
2195 968 2301 997 ειη..
2332 990 2430 997 --ΑΜ
2468 994 2517 997 ,ν
2563 983 2574 993 ι
2620 984 2631 995 .
2846 992 2892 997 λ.

2870 968 2884 972 _
3255 968 3586 989 vv'rv-I'U'u'

2042 978 2164 1020 nam
2194 968 2303 1025 illic
2330 990 2435 1031 non
2462 983 2809 1051 accipiemus.
2840 992 3102 1055 Similiter
3122 1044 3138 1067 ,
3179 1007 3225 1061 si
3256 1008 3419 1068 homo
3444 971 3629 1074 reddi:

2046 1052 2174 1074 J-_-!A
2221 1059 2259 1074 λ
2598 1073 2601 1074 ⁷

3047 1052 3089 1055 __
3122 1052 3138 1067 ,
3179 1052 3225 1061 -.
3256 1052 3418 1068 ...ηηυ
3444 1052 3626 1074 ...μυι-

2041 1052 2199 1125 derit,
2221 1059 2359 1117 Deus
2378 1082 2484 1122 non
2514 1073 2718 1134 reddit:
2739 1082 2782 1133 si
2808 1082 2896 1138 hic
2925 1103 3030 1143 non
3059 1093 3266 1165 reddet,
3289 1111 3415 1157 tunc
3436 1108 3626 1166 reddet

3124 1145 3266 1165 η--.
3289 1145 3415 1157 ...ην
3436 1145 3623 1166 ...πω

2041 1145 2199 1206 Βθυεο
2224 1152 2303 1210 Ne
2326 1172 2454 1228 ετκο
2481 1163 2600 1220 illos
2626 1185 2929 1239 qumramus
2970 1181 3235 1245 beneficio
3267 1195 3488 1256 afficere
3532 1207 3623 1273 qui

2041 1254 2261 1273 Μία-...ιο
2290 1248 2440 1273 ..Αιιξη
2466 1271 2513 1273 _,
2544 1257 2556 1273 Ι
2581 1257 2594 1273 Ι

2040 1254 2264 1309 possunt
2289 1248 2443 1307 nobis
2464 1257 2690 1316 reddere
2716 1280 2731 1328 ;
2762 1282 2937 1338 neque
2964 1273 3063 1330 hac
3091 1293 3187 1349 spe
3214 1284 3294 1339 eis
3321 1248 3623 1350 benefacia-

2037 1346 2201 1389 mus:
2235 1336 2423 1409 frigida
2456 1356 2538 1401 est
2578 1349 2693 1407 inec
2734 1336 3009 1428 cogitatio.
3050 1336 3384 1432 Si'amicum
3424 1380 3622 1439 invita-

2034 1428 2197 1494 veris,
2230 1431 2295 1487 ad
2328 1452 2603 1507 vesperam
2637 1462 2806 1518 usque
2830 1465 2911 1508 est
2933 1461 3099 1524 gratia
3130 1481 3143 1517 :
3175 1478 3458 1539 propterea
3486 1486 3623 1531 tem-

2034 1533 2265 1588 poranea
2297 1525 2414 1585 haec
2441 1535 2671 1592 amicitia
2698 1542 2856 1600 citius
2886 1552 3111 1610 solvitur
3136 1597 3152 1622 ,
3176 1575 3335 1629 qnam
3367 1580 3619 1636 expensa:

2034 1612 2275 1636 ,ΙΣΙἿῚη--μι
2333 1620 2372 1636 τι

3137 1612 3151 1622 _
3188 1612 3209 1629 1
3252 1612 3335 1616 ____
3370 1612 3613 1636 “rw...

2030 1612 2300 1670 difiiuunt.
2332 1620 2626 1695 Pauperem
2654 1645 2832 1693 autem
2855 1651 2906 1695 et
2937 1660 3183 1706 mancum
3214 1655 3259 1709 si
3283 1657 3613 1734 invitaveris,

2031 1718 2320 1778 numquam
2371 1719 2566 1784 peribit
2603 1728 2774 1795 gratia
2816 1747 2833 1787 :
2880 1735 3048 1795 Deum
3097 1745 3241 1800 enim
3284 1753 3374 1820 qui
3402 1770 3615 1826 semper

2027 1799 2292 1870 meminit,
2320 1816 2375 1863 et
2401 1825 2688 1885 numquam
2715 1822 3075 1900 obliviscitur,
3110 1834 3277 1894 habes
3302 1799 3474 1913 ipsum
3513 1799 3611 1905 de-

2029 1885 2251 1913 ι.ε......*Δ
2312 1897 2352 1913 Α
2480 1891 2489 1899 ‘

2026 1885 2278 1980 hitoretu.
2309 1891 2489 1966 Quam‘
2509 1909 2687 1976 pusilli
2717 1925 2896 1972 autem
2931 1932 2986 1977 et
3013 1926 3191 1983 mollis
3216 1972 3232 1997 ,
3278 1885 3387 1997 die,
3406 1954 3608 2009 qureso,

3218 1986 3231 1997 .
3286 1986 3608 2009 -η-,.,-.υ.,..,

2023 1986 2334 2056 “imiimi.
2391 2009 2497 2053 non
2550 2016 2709 2070 posse
2755 2014 3038 2072 considere
3083 2036 3206 2077 cum
3252 2034 3611 2099 pauperibus?

2023 2072 2159 2099 n..:..l
2194 2078 2287 2099 ,I!_'
2330 2084 2415 2099 An
2458 2098 2461 2099 ν
2497 2091 2509 2099 ι
2725 2097 2731 2099 Α

2022 2072 2159 2141 Quid
2186 2078 2354 2139 dicis?
2374 2086 2469 2143 Est
2497 2091 2822 2170 immundus,
2851 2104 3045 2178 inquit,

2021 2181 2165 2235 eum,
2207 2182 2261 2229 et
2306 2175 2413 2234 duc
2435 2183 2501 2236 ad
2533 2193 2674 2243 tuam
2704 2175 2965 2254 mensam.
2994 2204 3063 2256 At
3091 2209 3305 2266 sordida
3332 2175 3507 2275 habe:
3520 2175 3609 2279 ve-

2019 2259 2309 2322 stimenta?
2335 2270 2497 2342 Muta,
2522 2287 2577 2332 et
2599 2278 2665 2334 da
2696 2287 2944 2345 mundam
2971 2305 3196 2354 vestem.
3439 2259 3455 2292 ξ

2089 2354 2144 2409 4.
2165 2356 2345 2415 Mensa
2371 2381 2650 2438 pauperum
2671 2375 2880 2435 divitum
2922 2402 3107 2445 mensae
3126 2399 3480 2468 anteponenda
3507 2417 3600 2462 est.

3022 2441 3096 2445 γέ--
3129 2441 3241 2451 -----ν
3281 2441 3478 2457 νιινιουιο
3507 2441 3600 2462 τοι.

2020 2441 2321 2506 Luxuriosa:
2344 2471 2531 2514 "tensa:
2559 2464 3042 2539 descriptio.—Non
3074 2484 3224 2541 vides
3245 2441 3508 2559 Quantum
3535 2501 3607 2556 sit

2020 2537 2175 2559 ,ὢν
2243 2545 2265 2559 .
2288 2545 2344 2559 η.
2399 2551 2411 2559 .

2015 2537 2218 2597 lucrum
2243 2545 2530 2609 2Christus
2556 2573 2654 2627 per
2682 2559 2852 2632 ipsum
2894 2573 3123 2641 accedit,
3164 2587 3220 2634 et
3256 2537 3314 2637 fu
3361 2600 3459 2655 pro
3500 2589 3603 2647 hoc

2015 2648 2206 2702 parcus
2222 2655 2282 2695 es
2303 2641 2326 2696 ?
2345 2643 2545 2717 Regem
2565 2651 2632 2706 ad
2650 2669 2891 2715 mensam
2919 2662 3165 2735 iuvitans,
3185 2687 3282 2741 pro
3299 2641 3384 2732 his
3411 2679 3602 2738 times?

2013 2727 2287 2789 Ponentur
2313 2736 2434 2793 duae
2478 2757 2712 2814 mensae;
2740 2759 2794 2804 et
2826 2752 2995 2810 altera
3037 2727 3251 2829 quidem
3279 2766 3364 2824 his
3390 2774 3599 2841 replea-

2012 2828 2117 2889 tur,
2144 2834 2199 2880 et
2230 2826 2423 2886 habeat
2450 2848 2643 2901 caecos.
2672 2840 2874 2901 debiles
2897 2858 2954 2903 et
2986 2826 3239 2925 claudos,
3273 2826 3518 2921 manibus
3544 2878 3600 2925 et

2012 2913 2154 2971 tibiis
2179 2922 2477 2991 mutilatos,
2509 2930 2664 2988 nudis
2688 2936 2912 3005 pedibus
2940 2954 2994 2998 et
3022 2913 3460 3023 absque-calceis,
3490 2975 3593 3017 una

2010 3008 2185 3065 tunica
2239 3013 2451 3073 indutos
2494 3036 2664 3094 eaque
2714 3027 2949 3089 detrita:
2985 3008 3152 3095 altera
3182 3056 3359 3101 autem
3402 3008 3597 3109 habeat

2008 3108 2285 3170 potentes,
2329 3112 2659 3171 exercituum
2690 3118 2943 3180 ductores
2964 3167 2979 3188 .
3023 3134 3305 3200 toparchas
3326 3179 3341 3201 ,
3371 3156 3594 3212 magnos

2007 3193 2296 3265 principes,
2320 3203 2564 3267 pretiosis
2595 3207 2807 3268 indutos
2832 3218 3069 3274 vestibus
3080 3193 3489 3302 subtilibusqn;
3507 3244 3589 3290 tc-

2004 3284 2068 3340 iis
2084 3286 2259 3356 lineis,
2279 3294 2532 3367 sonisque
2554 3300 2759 3359 cinctos
2779 3308 2976 3365 aureis.
2996 3311 3201 3371 Rursus
3223 3317 3309 3375 hic
3328 3322 3379 3377 in
3404 3340 3587 3381 mensa

2004 3394 2298 3451 pauperum
2326 3404 2427 3445 nec
2454 3390 2524 3445 sit
2566 3408 2846 3467 argentum
2866 3441 2881 3465 ,
2909 3418 3010 3461 nec
3053 3408 3157 3463 vini
3198 3415 3421 3471 multmn
3443 3459 3459 3483 .
3484 3421 3586 3477 sed

2000 3474 2143 3542 quod
2171 3478 2299 3533 satis
2327 3479 2395 3535 sit
2423 3491 2478 3537 et
2507 3488 2676 3554 possit
2707 3492 3008 3553 exhilarare
3040 3517 3053 3554 :
3086 3505 3271 3570 pocula
3316 3474 3493 3566 autem
3531 3523 3588 3569 ct

1999 3581 2124 3620 vasa
2169 3570 2356 3628 relicta
2404 3576 2645 3634 confecta
2686 3584 2794 3638 sint
2822 3602 2886 3642 ex
2931 3590 3069 3646 vitro
3100 3595 3234 3651 solo.
3266 3597 3379 3655 illic
3402 3612 3583 3661 autem

1999 3658 2051 3712 in
2075 3676 2257 3718 mensa
2288 3665 2510 3724 divitum
2533 3687 2655 3727 vasa
2680 3676 2895 3745 quidem
2921 3684 3098 3740 omnia
3126 3687 3233 3743 sint
3263 3705 3328 3745 ex
3358 3704 3583 3763 argento

1996 3759 2050 3805 et
2093 3768 2247 3820 auro,
2282 3766 2338 3811 et
2384 3775 2452 3815 ne
2506 3778 2641 3819 unus
2692 3768 2906 3837 quidem
2953 3776 3090 3830 ferat
3125 3781 3577 3843 semicircularem

1996 3858 2234 3901 mensam
2264 3849 2362 3921 (a),
2382 3852 2478 3909 sed
2505 3856 2610 3912 duo
2638 3860 3006 3922 adolescentes
3026 3869 3110 3924 vix
3139 3886 3257 3928 eam
3289 3890 3536 3933 moveant
3562 3901 3577 3938 :

1992 3936 2064 3991 sit
2106 3947 2158 3992 et
2206 3940 2380 4009 phiala
2424 3960 2585 4003 aurea
2613 3953 2791 4020 pondo
2816 3956 3021 4013 dimidii
3050 3962 3270 4032 talenti,
3300 3982 3459 4037 quam
3486 3971 3573 4027 vix

1989 4027 2097 4082 duo
2119 4032 2346 4098 juvenes
2369 4052 2585 4095 movere
2611 4045 2851 4114 possint;
2883 4058 2937 4104 et
2965 4051 3155 4108 ordine
3190 4057 3307 4111 sitat
3322 4059 3431 4116 sint
3453 4078 3572 4117 am-

1991 4119 2173 4188 phora:
2191 4123 2348 4196 longe
2364 4128 2555 4186 melius
2580 4148 2736 4202 quam
2758 4149 3002 4209 argento,
3019 4160 3210 4217 nempe
3234 4165 3367 4206 auro
3391 4155 3573 4223 splen-

1986 4213 2175 4271 dentes
2198 4220 2301 4273 :sit
2319 4223 2480 4275 etiam
2502 4227 2912 4286 semicircularis
2940 4250 3143 4301 mensa,
3168 4242 3312 4296 molli
3336 4248 3568 4317 stragula

1986 4306 2219 4378 undique
2244 4322 2431 4367 strata.
2448 4315 2652 4372 Rursus
2677 4319 2763 4376 hic
2787 4324 3000 4393 quidem
3026 4329 3135 4384 sint
3160 4334 3310 4389 multi
3337 4306 3567 4397 ministri

1982 4402 2410 4460 accumbentium
2432 4448 2447 4473 ,
2479 4424 2585 4464 non
2630 4413 2806 4470 minus
2833 4420 3006 4473 ornati
3037 4424 3274 4480 vestibus
3298 4437 3353 4483 et
3380 4431 3563 4500 splen-

1980 4492 2105 4549 dide
2145 4496 2349 4564 amicti,
2377 4509 2433 4555 et
2456 4505 2778 4574 anaxyridas
2804 4522 2897 4564 seu
2928 4527 3059 4581 quas
3103 4515 3323 4574 braccas
3373 4534 3567 4581 vocant

1978 4582 2126 4640 laxas
2154 4586 2410 4646 habentes
2436 4632 2452 4657 ,
2483 4594 2598 4649 visu
2629 4598 2841 4664 quidem
2873 4604 3080 4671 pulchri
3110 4650 3126 4675 ,
3157 4609 3209 4664 in
3242 4611 3357 4681 ipso
3384 4627 3563 4672 autem

1977 4676 2107 4732 flore
2144 4681 2318 4736 artatis
2357 4682 2685 4743 luxuriantes
2709 4700 2763 4745 et
2789 4690 2927 4749 bene
2950 4710 3131 4753 curata
3162 4712 3302 4764 cute.
3329 4714 3383 4759 et
3407 4706 3563 4764 home

1975 4768 2330 4840 habitudinis;
2354 4773 2463 4830 illic
2487 4788 2667 4835 autem
2693 4784 2799 4837 sint
2823 4786 2929 4841 duo
2958 4790 3056 4843 soli
3086 4792 3314 4848 ministri
3345 4810 3558 4853 omnem

1973 4860 2115 4917 hunc
2150 4863 2342 4921 fastum
2387 4872 2888 4932 eoneulcantes:et
2911 4881 3018 4935 sint
3045 4884 3258 4952 quidem
3301 4887 3408 4943 illis
3451 4890 3556 4945 cibi

1972 4952 2097 5008 lauti
2128 4966 2183 5010 et
2217 4959 2452 5027 opipari;
2501 4962 2586 5017 bis
2614 4975 2792 5023 autem
2817 4982 3072 5040 quantum
3101 4979 3229 5033 satis
3270 4980 3341 5035 sit
3365 4982 3432 5037 ad
3462 5000 3554 5039 sa~

1971 5044 2206 5103 tiandum
2247 5054 2540 5122 appetitum
2581 5068 2636 5113 et
2662 5075 2721 5115 se
2747 5068 3119 5124 recreandum.
3144 5070 3356 5130 Satisne
3403 5075 3553 5131 dixi?

2028 5224 2099 5289 (a)
2124 5227 2206 5276 ttic
2226 5230 2390 5307 agitur
2411 5230 2475 5281 de
2508 5246 2677 5285 mensa
2690 5236 2790 5307 _i_lla
2817 5243 3173 5307 semicirculari
3196 5287 3209 5307 ,
3234 5259 3547 5304 crescentem

2754 5285 2789 5288 κη
2824 5285 3173 5295 __,_---_---..._..
3235 5285 3545 5304 “mune...

1964 5285 2129 5375 lunam
2166 5285 2920 5375 refere:tite:_tplamHMartialis
2954 5315 3005 5355 et
3033 5287 3231 5375 quidam
3254 5312 3345 5375 alii
3379 5314 3545 5375 Signia

1964 5356 2152 5429 vocant,
2174 5354 2287 5414 quia
2312 5352 2503 5403 literam
2608 5362 2760 5429 sigma
2785 5352 2941 5415 refert
2964 5352 3156 5429 tisi‘gnta
3183 5374 3312 5422 enim
3335 5379 3405 5425 sic
3424 5352 3545 5426 ﬁt]:

1962 5413 2093 5489 tialis
2145 5413 2367 5489 tempore
2402 5428 2472 5489 _t_tt
2505 5413 2764 5489 plurimttm
2800 5413 3315 5486 θχιὶιιὰδειῖὧίίῙδιιιίεο
3335 5413 3543 5489 "mensa:

2754 5472 2763 5473 ,
2808 5472 3105 5478 _-__.___,_-_--
3144 5472 3315 5486 .-.πων
3357 5472 3540 5489 ...ωπον

1961 5472 2228 5551 formahdiu
2244 5472 2370 5551 ltost
2402 5472 2635 5551 Martialis
2664 5501 2834 5551 (aevum
2868 5490 2915 5537 in
2963 5504 3055 5539 usu
3098 5492 3207 5543 fuit.
3245 5498 3540 5551 Guillelmus

1961 5537 2090 5622 9"?“
2109 5537 2230 5622 Ηυξ.
2244 5537 2565 5603 “manus.
2591 5549 2673 5608 qui
2698 5563 2823 5622 {tunc
2846 5537 3211 5616 messanae;
3233 5537 3539 5622 εῑιῐίῇῖῗὲιῖ

2806 5598 2811 5599 ,
2988 5598 3061 5601 --,-
3102 5598 3358 5611 ,ην---.ων
3396 5598 3434 5611 ..
3478 5598 3539 5615 ..κ

1959 5598 2233 5676 hujusmgli
2278 5616 2499 5676 mensam
2538 5598 2828 5676 accumbens
2865 5598 3249 5676 repraesccittatur
3290 5624 3338 5671 in
3359 5598 3539 5675 lienu-

1956 5664 2135 5755 meqtis
2149 5661 2437 5755 Menarchus
2462 5669 2704 5755 Frapciae
2726 5672 2866 5755 Tomi
3112 5680 3403 5755 initio.Vide
3427 5706 3538 5755 quas

1954 5723 2020 5835 (lle
2053 5724 2342 5841 lngusmodi1
2352 5741 2526 5842 mensa
2546 5733 2672 5785 dicta
2702 5745 2819 5789 sunt
2851 5723 2903 5790 in
2921 5723 3536 5817 Inﬁt—ptiar;

1955 5792 2083 5837 “om.
2141 5822 2156 5842 .
2183 5802 2293 5842 trag.

1955 5792 2083 5837 ‘l'om.
2108 5792 2156 5851 ὖ,
2182 5802 2293 5853 pag.
