4148 6402
461 286 567 343 303

456 401 593 462 τέως
621 395 719 462 τὰς
745 397 844 469 μὲν
869 395 1103 469 αίσχρὰς
1132 397 1455 468 παρήσομεν
1478 413 1492 427 ·
1518 397 1693 461 οὐδεὶς
1741 397 1852 468 γὰρ
1900 397 2031 467 ἡμῖν

457 491 598 562 ὑπὲρ
627 490 852 544 ἐκείνων
883 491 1118 561 ἀντερεῖ,
1148 488 1225 553 ὡς
1277 488 1534 560 πονηρῶν
1562 488 1739 542 οὐσῶν
1763 505 1779 521 ο
1814 489 1954 553 ἀλλ’,
1983 488 2032 540 εί

457 585 736 657 βούλεσθε,
766 585 864 649 τὰς
916 583 1153 653 φυσικάς
1199 585 1294 637 καὶ
1328 584 1427 648 16;
1469 584 1729 655 βιωτικὰς
1753 583 1835 647 είς
1868 582 2033 654 μέσον

454 679 891 749 παραγάγωμεν.
921 677 1183 731 Βιωτικαὶ
1207 676 1306 748 μέν
1326 672 1420 730 οῦν
1453 678 1591 730 εἰσιν
1614 669 1777 731 αὗται
1800 692 1813 707 ·
1832 673 1946 730 οἷον
1970 671 2030 729 εῦ

453 769 622 823 ἔπαθέ
652 786 756 834 τις,
775 768 883 823 ἀπὸ
910 770 1191 838 προγόνων
1216 771 1483 841 ἐκτήσατο
1510 770 1685 839 φίλον,
1704 769 2031 842 ἐκοινώνησε

451 860 732 933 τραπέζης
756 862 790 931 ἢ
848 862 1239 935 ἀποδημίας,ἢ
1267 862 1465 931 γείτων
1523 863 1641 917 ἐστί
1676 877 1691 893 ’
1725 862 1888 916 καλαὶ
1937 863 2032 917 καὶ

450 948 610 1008 αὗται
632 970 647 986 ο
672 952 1013 1026 ἢόμότεχνος
1044 953 1267 1023 γέγονεν
1291 970 1306 986 ο
1339 952 1476 1025 αῦτη
1515 953 1616 1024 μὲν
1644 948 1737 1009 οὖν
1761 953 1861 1008 οὐκ
1883 953 2031 1007 ἔστιν

450 1045 754 1117 εἰλικρινής
783 1062 796 1078 ο
841 1045 955 1118 ἔχει
979 1046 1090 1119 γάρ
1120 1063 1244 1100 τινα
1265 1047 1361 1101 καὶ
1392 1047 1557 1116 ζῆλον
1584 1048 1679 1100 καὶ
1704 1047 2026 1118 βασκανίαν.

451 1137 606 1211 [526]
644 1140 711 1192 Al
758 1139 815 1193 δέ
871 1140 1121 1210 φυσικαὶ,
1159 1134 1272 1194 οἷον
1330 1141 1538 1211 πατρὸς
1585 1142 1725 1213 πρὸς
1742 1142 1878 1206 υἱὸν,
1909 1141 2029 1195 υἱοῦ

451 1229 589 1302 πρὸς
639 1230 855 1301 πατέρα
878 1271 893 1297 ,
924 1230 1156 1300 ἀδελφοῦ
1192 1230 1329 1302 πρὸς
1353 1232 1600 1300 ἀδελφὸν,
1637 1233 1774 1303 πρὸς
1807 1232 2030 1303 ἔγγονον

452 1325 700 1390 πάππου,
740 1325 949 1398 μητρὸς
974 1324 1111 1397 πρὸς
1135 1324 1299 1379 τέκνα
1328 1342 1341 1357 ο
1380 1327 1427 1379 εί
1460 1326 1515 1379 δὲ
1554 1326 1832 1396 βούλεσθε,
1858 1344 2029 1398 προσ-

453 1415 637 1486 θῶμεν
667 1416 763 1470 καὶ
811 1417 911 1490 τὴν
937 1418 1039 1488 τῆς
1084 1418 1344 1487 γυναικὸς
1384 1418 1522 1488 πρὸς
1556 1419 1724 1490 ἄνδρα
1749 1435 1763 1449 ⁸
1794 1420 1889 1473 καὶ
1919 1419 2029 1489 γὰρ

452 1510 626 1561 πᾶσαι
666 1508 725 1561 αἱ
774 1509 1010 1579 γαμικαί
1053 1512 1160 1563 είσι
1189 1511 1438 1581 βιωτικαὶ
1479 1512 1573 1565 καὶ
1605 1513 1812 1581 γήϊναι.
1857 1508 2029 1566 Δύται

455 1601 556 1673 μὲν
591 1597 685 1656 οῦν
714 1603 939 1657 ἐκείνων
965 1598 1105 1659 εἶναι
1135 1602 1353 1658 δοκοῦσι
1381 1606 1741 1677 σφοδρότεραι
1769 1624 1785 1639 ο
1808 1606 2028 1661 δοκοῦσι

455 1693 535 1757 δὲ,
560 1689 749 1758 εἶπον,
797 1694 887 1748 διά
939 1694 1002 1748 16
1041 1696 1301 1761 πολλάκις
1337 1697 1428 1751 ὐπ’
1454 1699 1678 1752 ἐκείνων
1702 1700 2024 1770 ἡττηθῆναι.

454 1785 567 1839 Kal
593 1785 702 1856 γὰρ
736 1784 879 1855 φίλοι
909 1785 1144 1857 ἀλλαχοῦ
1174 1787 1541 1860 γνησιώτερον
1562 1790 1841 1859 ἐφάνησαν
1871 1790 2027 1843 ἀδελ·

450 1876 571 1947 φῶν
625 1876 980 1948 διακείμενοι,
1037 1878 1133 1931 καὶ
1178 1879 1309 1931 υἱῶν
1363 1878 1499 1947 πρὸς
1552 1880 1836 1950 πατέρας·
1870 1881 1964 1933 καὶ
1999 1882 2029 1934 6

452 1969 552 2039 μὲν
595 1969 877 2040 γεννηθεὶς
906 1971 1007 2024 οὐκ
1035 1970 1355 2042 ἐϐοήθησεν,
1379 1972 1408 2024 ὀ
1435 1972 1491 2024 δὲ
1528 1972 1603 2043 μὴ
1644 1973 1807 2041 γνοὺς
1841 1974 2023 2039 αὐτὸν,

453 2060 702 2132 παρέστη
754 2061 850 2115 καὶ
907 2062 1230 2133 ἐϐοήθησεν.
1272 2064 1335 2117 Ἦ
1365 2065 1422 2117 δὲ
1452 2066 1798 2137 πνευματικὴ
1834 2067 2024 2137 ἀγάπη

451 2150 639 2205 πασῶν
671 2152 820 2205 ἐστιν
869 2153 1138 2224 ἀνωτέρα,
1163 2150 1414 2228 καθάπερ
1449 2174 1532 2221 τις
1577 2156 1866 2227 βασίλισσα
1914 2159 2026 2212 τῶν

453 2241 599 2296 ίδίων
630 2243 929 2315 κρατοῦσα,
956 2246 1051 2299 καὶ
1078 2246 1330 2319 λαμπρὸν
1353 2249 1465 2319 ἔχει
1502 2248 1562 2302 16
1596 2253 1784 2321 σχῆμα
1819 2266 1836 2281 ⁸
1869 2251 2024 2305 οὐδὲν

447 2334 557 2405 γὰρ
601 2337 757 2405 γήῖον
785 2336 956 2409 αὐτὴν
996 2337 1192 2405 τίκτει,
1234 2339 1485 2411 καθάπερ
1509 2343 1744 2413 ἐκείνην,
1778 2343 1839 2396 οὐ
1861 2344 2023 2415 συνήσ

447 2425 587 2488 θεια,
604 2428 704 2481 οὐκ
723 2427 1033 2499 εὐεργεσία,
1056 2432 1118 2484 οὐ
1146 2431 1327 2499 φύσις,
1355 2433 1417 2485 οὐ
1438 2435 1652 2505 χρόνος,
1677 2436 1792 2489 ἀλλ’
1814 2437 2023 2491 ἀνωθεν

447 2516 693 2571 κάτεισιν
724 2520 788 2572 ἐκ
803 2518 900 2572 τοῦ
930 2520 1184 2593 οὐρανοῦ.
1223 2524 1333 2577 Καὶ
1357 2524 1408 2576 τί
1435 2524 1760 2595 θαυμάζεις,
1788 2529 1837 2581 εί
1868 2527 2024 2595 εὐερ-

446 2606 639 2675 γεσίας
676 2608 738 2662 οὐ
774 2608 943 2663 δεῖται
977 2611 1114 2681 πρὸς
1155 2612 1216 2665 16
1248 2615 1604 2681 συνεστάναι,
1644 2617 1778 2671 ὅπου
1813 2636 1877 2687 γε
1904 2620 2026 2673 οὐδέ

444 2699 524 2770 τῷ
560 2700 745 2765 κακῶς
784 2701 980 2756 παθεῖν
1020 2703 1426 2776 άνατρέπεται;
1459 2708 1579 2762 Ὀτι
1636 2711 1691 2764 δὲ
1725 2710 1863 2783 αὐτη
1901 2714 2024 2782 μεί-

447 2790 557 2853 ζων
578 2791 792 2863 ἐκείνης
821 2793 991 2861 ἐστὶν,
1024 2796 1254 2851 ἄκουσον
1272 2799 1485 2854 Παύλου
1508 2800 1759 2869 λέγοντος
1783 2819 1796 2833 ·
1830 2804 2028 2873 ιιύχό-

445 2899 573 2951 μην
615 2884 883 2955 ἀνάθεμα
929 2884 1084 2942 εἶναι
1120 2891 1305 2956 αὐτὸς
1337 2892 1451 2961 ἐγὼ
1483 2894 1603 2947 ἀπὸ
1634 2895 1741 2949 τοῦ
1764 2898 2025 2963 Χριστοῦ

446 2975 598 3043 ὑπὲρ
626 2976 747 3031 τῶν
764 2978 1045 3048 ἀδελφῶν
1056 2998 1197 3049 μου.
1219 2983 1316 3046 Τίς
1333 2983 1400 3037 ἂν
1419 2983 1576 3038 τοῦτο
1591 2984 1798 3055 ηὔξατο
1817 2989 2023 3060 πατὴρ,

446 3063 589 3118 ὥστε
618 3067 677 3119 ἐν
703 3071 893 3132 κακοῖς
920 3065 1093 3136 εῐναις
1126 3072 1235 3125 Kal
1269 3071 1453 3138 πάλιν,
1491 3075 1562 3129 Τὸ
1587 3075 1895 3132 ἀναλῦσαι
1925 3080 2021 3134 καί

444 3158 570 3214 σὺν
626 3160 857 3230 Χριστῷ
908 3158 1062 3217 εἶναι
1136 3163 1346 3229 πολλῷ
1406 3164 1649 3235 μᾶλλον
1695 3171 2021 3237 κρεῖσσον⁸

445 3250 514 3305 τὸ
577 3251 646 3306 δέ
697 3253 993 3323 ἐπιμεῖναι
1024 3254 1096 3312 ἐν
1127 3254 1205 3324 τῇ
1252 3258 1433 3326 σαρκί
1458 3259 1922 3330 ἀναγκαιότερον
1948 3265 2023 3317 δι’

446 3344 625 3412 ὑμᾶς.
652 3346 787 3399 Ποία
821 3348 1005 3419 μήτηρ
1050 3348 1225 3403 ταῦτα
1251 3348 1314 3404 ἂν
1342 3332 1514 3405 ἕλοιτο
1536 3354 1712 3409 εἰπεῖν
1742 3396 1755 3419 ,
1789 3356 1929 3411 ὥστε
1954 3360 2025 3413 16

446 3436 617 3508 αὐτῆς
650 3438 940 3508 παριδεῖν;
990 3441 1098 3493 Kal
1140 3442 1300 3496 πάλιν
1340 3443 1505 3498 ἄκουε
1549 3445 1713 3500 αὐτοῦ
1752 3447 2021 3517 λέγοντος·

459 3528 1022 3598 Ἇπορφανισθέντες
1061 3531 1170 3602 γὰρ
1211 3533 1313 3602 ἀφ’
1367 3533 1533 3604 ὑμῶν
1595 3536 1745 3603 πρὸς
1812 3542 2023 3607 καιρὸν

440 3617 618 3687 ὥρας,
638 3621 955 3688 προσώπῳ,
980 3624 1052 3677 οὐ
1068 3623 1298 3692 καρδίᾳ.
1326 3627 1435 3679 Kal
1445 3626 1676 3681 ἐνταῦθα
1690 3629 1788 3698 μὲν
1800 3633 1827 3683 6
1842 3632 2033 3704 πατὴρ,

446 3712 724 3782 ὑϐρισθεὶς
752 3713 907 3766 ἔλυσε
932 3713 1030 3785 τὴν
1056 3714 1256 3783 φιλίαν,
1278 3717 1394 3769 ἐκεῖ
1414 3716 1470 3770 δὲ
1483 3718 1686 3784 οὐκέτι,
1719 3720 1855 3775 ἀλλά
1884 3723 2021 3794 πρὸς

444 3806 570 3868 τοὺς
610 3805 929 3872 λιθάζοντας
973 3807 1139 3878 ἀπῄει
1180 3808 1561 3880 εὐεργετήσων
1603 3812 1822 3875 αὐτούς.
1851 3816 2021 3870 Οὐδὲν

444 3896 576 3967 γάρ,
601 3898 754 3951 οὐδὲν
790 3897 961 3965 οὕτως
997 3900 1235 3972 ἰσχυρὸν,
1267 3901 1343 3965 ὡς
1388 3904 1416 3955 6
1452 3902 1545 3956 τοῦ
1574 3904 1888 3975 Πνεύματος
1931 3909 2018 3961 δε-

447 3989 598 4057 σμός.
647 3989 706 4043 '0
738 3990 839 4061 μὲν
869 3992 977 4062 γὰρ
1003 3991 1091 4045 διὰ
1122 3992 1183 4046 16
1210 3992 1403 4046 παθεῖν
1421 3990 1479 4048 εὖ
1517 3995 1669 4062 φίλος
1698 3998 2014 4068 γενόμενος,

446 4078 514 4134 ἂν
547 4080 622 4152 μὴ
649 4082 912 4152 διηνεκῶς
949 4083 1108 4137 τοῦτο
1136 4085 1388 4157 γίνηται,
1417 4086 1570 4142 ἔσται
1598 4088 1791 4159 ἐχθρός
1817 4108 1830 4121 ⁶
1853 4091 1882 4144 6
1909 4094 2018 4146 ἀπὸ

448 4174 735 4243 συνηθείας
762 4175 1133 4241 ἀδιάσπαστος
1152 4176 1247 4241 ὢν,
1274 4179 1438 4233 πάλιν
1462 4179 1562 4249 τῆς
1596 4182 1879 4253 συνηθείας
1902 4184 2018 4239 δια-

444 4265 724 4336 κοπείσης,
781 4267 971 4322 ἔσϐεσε
1041 4270 1142 4342 τὴν
1199 4271 1401 4340 φιλίαν.
1442 4272 1507 4326 Ἠ
1540 4274 1678 4346 γυνὴ
1737 4276 1918 4339 πάλιν,
1951 4278 2017 4332 ἂν

445 4356 593 4427 μάχη
623 4359 850 4430 γένηται
874 4402 889 4421 ,
915 4361 1094 4433 ἀφῆκε
1122 4362 1213 4416 τὸν
1259 4364 1446 4435 ἄνδρα,
1473 4366 1567 4419 καὶ
1590 4367 1681 4420 τὸν
1708 4369 1870 4423 πόθον
1890 4368 2014 4424 έλυ-

444 4464 537 4502 σεν
557 4467 571 4481 ·
611 4452 640 4504 6
678 4452 813 4515 υίὸς,
850 4452 916 4505 ἂν
962 4454 1192 4509 ἐπιπολὺ
1221 4453 1400 4518 ζῶντα
1419 4457 1509 4511 τὸν
1531 4458 1742 4533 πατέρα
1765 4462 1886 4519 ἴδοι.
1922 4464 2015 4517 καὶ

442 4537 756 4609 βαρύνεται.
795 4542 918 4594 Ἐπὶ
949 4542 1007 4594 δὲ
1040 4543 1134 4597 τοῦ
1164 4543 1472 4616 πνεύματος
1499 4546 1705 4602 τούτων
1740 4551 1841 4605 οὐκ
1868 4550 2015 4607 ἐστιν

440 4631 613 4684 οὐδέν⁹
671 4632 849 4686 οὐδενὶ
892 4634 1003 4705 γάρ
1045 4635 1251 4690 τούτων
1306 4636 1529 4703 λύεται,
1578 4642 1698 4695 ἐπεὶ
1758 4644 1893 4716 μηδὲ
1948 4646 2014 4700 ἐκ

438 4719 646 4773 τούτων
699 4721 929 4794 συνέστη
977 4740 992 4756 ο
1041 4723 1167 4777 οὐτε
1218 4726 1428 4797 χρόνος,
1469 4727 1593 4782 οὐτε
1640 4730 1816 4802 μῆκος
1858 4734 2010 4799 ὀδοῦ,

438 4812 563 4867 οὐτε
616 4814 677 4868 τὸ
732 4815 919 4879 κακῶς
961 4817 1178 4882 παθεῖν,
1212 4817 1337 4873 οὐτε
1365 4820 1428 4874 16
1448 4822 1635 4886 κακῶς
1664 4824 1917 4893 ἀκοῦσαι,
1948 4826 2011 4880 οὐ

439 4905 631 4976 θυμὸς,
656 4906 754 4978 οὐχ
794 4906 972 4979 ὕϐρις,
996 4910 1096 4963 οὐκ
1123 4909 1252 4966 ἄλλο
1282 4911 1435 4964 οὐδὲν
1458 4914 1858 4986 ἐπεισέρχεται,
1892 4918 2013 4972 οὐδὲ

435 4997 660 5052 δύναται
710 4999 882 5071 αὐτὴν
943 5000 1211 5055 διαλῦσαι.
1248 5003 1359 5056 Kal
1385 5004 1471 5057 ἵνα
1506 5004 1704 5077 μάθῃς,
1733 5006 2014 5074 ἐλιθάζετο

432 5091 462 5142 6
498 5090 765 5161 Μωῦσῆς,
797 5092 893 5146 καὶ
921 5092 1063 5163 ὑπὲρ
1083 5094 1263 5147 αὐτῶν
1295 5095 1469 5165 ἠξίου.
1494 5096 1590 5161 Τίς
1625 5098 1691 5152 ἂν
1716 5098 1875 5154 τοῦτο
1893 5103 2010 5173 είρ-

432 5181 643 5248 γάσατο
694 5183 879 5256 πατὴρ
936 5185 1077 5257 ὑπὲρ
1128 5185 1223 5239 τοῦ
1251 5187 1586 5253 λιθάσαντος,
1619 5189 1734 5244 ἀλλ’
1765 5192 1887 5262 οὐχὶ
1914 5194 2012 5247 καὶ

435 5271 597 5324 αὐτὸν
620 5271 687 5325 ἂν
720 5274 1015 5329 κατέλευσε
1047 5293 1062 5341 ;
1096 5276 1311 5341 Ταύτας
1353 5277 1417 5349 δὴ
1454 5279 1880 5352 μεταδιώκωμεν
1909 5282 2009 5347 τάς

433 5362 616 5430 φιλίας
643 5365 745 5430 τὰς
778 5367 886 5420 ἀπὺ
908 5368 1004 5421 τοῦ
1040 5368 1371 5440 πνεύματος·
1413 5372 1630 5444 ἰσχυραὶ
1650 5374 1759 5444 γάρ
1775 5377 1881 5428 εἰσι
1915 5377 2008 5430 καὶ

430 5453 792 5510 δυσδιάλυτον
816 5457 893 5528 μὴ
919 5456 1018 5522 τὰς
1033 5459 1141 5512 ἀπὸ
1164 5459 1271 5513 τῶν
1291 5462 1597 5529 τραπεζῶν
1620 5463 1737 5517 ἐκεῖ
1778 5466 1887 5537 γὰρ
1909 5467 2006 5521 καὶ

434 5546 759 5617 κωλυόμεθα
773 5548 981 5612 ταύτας
1007 5548 1273 5618 εἰσάγειν.
1301 5551 1566 5605 Ἄκουσον
1590 5552 1700 5623 γάρ
1730 5555 1824 5609 τοῦ
1869 5558 2003 5628 Χρι-

434 5637 561 5691 στοῦ
586 5638 839 5708 λέγοντος
862 5641 921 5693 ἐν
950 5640 1029 5711 τῷ
1053 5641 1369 5712 Εὐαγγελίῳ
1397 5659 1413 5674 ’
1438 5642 1535 5712 Μὴ
1561 5644 1831 5715 καλέσῃς
1861 5648 2004 5717 τοὺς

435 5729 653 5800 φίλους
682 5748 821 5799 σου,
845 5731 1001 5803 μηδὲ
1034 5732 1174 5803 τοὺς
1208 5733 1479 5804 γείτονας
1505 5750 1644 5803 σου,
1676 5735 1784 5793 ἐὰν
1822 5739 1996 5807 ποιή-

1380 282 1447 339 ΙΝ
1486 283 1709 341 ΕΡ18Τ.
1748 283 1841 339 AD
1881 282 2151 340 COLOSS
2204 283 2359 341 CAP.
2399 284 2441 341 Ι.
2487 282 2722 341 HOMIL.
2763 286 2806 343 Ι.

3614 288 3721 347 5M

2141 410 2262 465 σῃς
2311 397 2525 465 δοχὴν,
2572 399 2734 452 ἀλλὰ
2788 398 2925 466 τοὺς
2978 401 3233 468 χωλοὺς,
3295 398 3436 467 τοὺς
3486 399 3717 469 ἀναπή-

2131 504 2284 555 ρους
2309 506 2322 520 °
2362 490 2588 554 εἰκότως
2615 508 2630 522 °
2664 492 2831 555 πολὺς
2859 492 2968 565 γάρ
3000 493 3029 545 6
3063 493 3205 564 ὐπέρ
3261 493 3467 547 τούτων
3499 495 3715 565 μισθός.

2152 581 2290 634 Ἀλλ’
2321 582 2383 635 οὐ
2419 581 2668 647 δύνασαι,
2701 583 2827 637 οὐδὲ
2877 584 3048 656 ἀνέχῃ
3090 584 3229 656 μετά
3274 585 3461 657 χωλῶν
3491 589 3586 640 καὶ
3620 605 3716 640 τυ-

2139 673 2289 744 φλῶν
2314 676 2617 739 ἑστιᾶσθαι,
2646 677 2781 730 ἀλλά
2802 677 2941 749 βαρὺ
2970 679 3066 732 καὶ
3094 678 3353 751 φορτικὸν
3393 680 3501 751 ἡγῇ
3532 680 3713 744 τοῦτο,

2137 766 2234 818 καὶ
2264 770 2507 837 παραιτῇ
2534 784 2548 831 ;
2583 766 2734 839 [527]
2762 767 3018 821 Μάλιστα
3046 769 3144 839 μὲν
3167 765 3263 822 οῦν
3295 769 3396 825 οὐκ
3418 769 3545 837 ἔδει,
3574 770 3716 839 πλὴν

2136 855 2252 910 ἀλλ’
2278 858 2379 910 οὐκ
2425 857 2573 911 ἐστιν
2620 858 2835 929 ἀνάγκη
2867 874 2881 889 ·
2921 861 3025 913 κᾶν
3048 860 3124 930 μὴ
3149 859 3486 931 συγκαθίσῃς
3515 859 3715 921 αὐτοὺς

2140 948 2280 1018 μετά
2308 948 2425 1013 σοῦ,
2451 949 2517 1002 τά
2548 949 2827 1020 ἐδέσματα
2847 950 3029 1014 αὐτοῖς
3052 950 3375 1004 ἀπόστειλον
3397 950 3467 1003 16
3492 950 3600 1004 ἀπὸ
3615 952 3715 1015 τῆς

2135 1041 2435 1113 τραπέζης.
2451 1043 2559 1095 Kal
2582 1041 2691 1113 γάρ
2710 1045 2738 1096 6
2764 1042 2953 1111 φίλους
2972 1042 3177 1106 καλῶν,
3200 1044 3354 1097 οὐδὲν
3383 1043 3528 1115 μέγα
3555 1042 3711 1095 ἐποί-

2134 1150 2267 1204 ησεν
2300 1150 2315 1165 ο
2342 1134 2584 1189 ἀπέλαϐε
2631 1137 2741 1207 γάρ
2772 1135 3011 1191 ἐνταῦθα
3046 1136 3139 1190 τὸν
3171 1136 3366 1207 μισθόν
3390 1153 3404 1167 ο
3434 1137 3463 1190 6
3503 1135 3558 1188 δὲ
3579 1136 3713 1189 ἀνά-

2136 1242 2313 1296 πηρον
2347 1225 2528 1280 καλῶν
2576 1227 2670 1281 xal
2702 1226 2932 1299 πένητα,
2970 1226 3085 1299 ἔχει
3112 1226 3205 1281 τὸν
3238 1227 3370 1280 Θεὸν
3402 1226 3711 1296 ὀφειλέτην.

2135 1317 2230 1387 Μὴ
2258 1315 2441 1369 τοίνυν
2470 1317 2850 1389 ἀσχάλλωμεν,
2881 1318 3011 1372 ὅταν
3049 1317 3125 1389 μὴ
3155 1318 3389 1372 ἐνταῦθα
3421 1317 3712 1373 ἀπολάϐω-

2140 1425 2261 1480 μεν,
2290 1408 2405 1461 ἀλλ’
2429 1408 2557 1462 ὃταν
2607 1408 2843 1464 ἐνταῦθα
2872 1409 3238 1481 ἀπολάϐωμεν
3266 1427 3280 1442 ·
3305 1412 3424 1464 ἐκεῖ
3452 1410 3561 1482 γάρ
3584 1409 3712 1463 οὐκ-

2137 1500 2220 1553 έτι
2276 1499 2692 1571 ἀποληψόμεθα.
2759 1501 3017 1572 Ὁμοίως,
3061 1501 3129 1556 ἂν
3170 1502 3459 1574 ἄνθρωπος
3506 1502 3713 1571 ἀποδῷ,

2134 1591 2269 1657 Θεὸς
2300 1594 2400 1647 οὐκ
2446 1592 2770 1647 ἀποδίδωσιν
2798 1609 2812 1625 ο
2852 1594 2920 1648 ἂν
2962 1586 3120 1658 οὗτος
3190 1594 3266 1665 μὴ
3330 1594 3539 1666 ἀποδῷ,
3591 1595 3715 1648 τότε

2135 1683 2404 1737 ἀποδώσει
2435 1683 2589 1748 Θεός.
2625 1684 2717 1753 Μὴ
2748 1684 2931 1756 τοίνμν
2978 1684 3225 1749 ἐκείνους
3262 1685 3517 1756 ζητῶμεν
3562 1686 3717 1756 εὐερ-

2133 1778 2316 1843 γετεῖν
2365 1776 2493 1840 τοὺς
2548 1776 2950 1830 ἀνταποδοῦναι
2995 1778 3128 1849 ἡμῖν
3176 1778 3536 1849 δυναμένους,
3579 1777 3716 1848 μηδὲ

2134 1870 2227 1921 ἐπὶ
2250 1868 2535 1933 τοιαύταις
2578 1870 2783 1933 αὐτοὺς
2817 1870 3033 1924 ἐλπίσιν
3071 1870 3456 1942 εὐεργετῶμεν
3479 1887 3494 1903 ο
3530 1870 3717 1941 ψυχρά

2133 1961 2273 2033 αῦτη
2333 1964 2367 2033 ή
2416 1961 2647 2017 διάνοια.
2684 1962 2789 2016 Τὸν
2849 1964 3003 2034 φίλον
3045 1964 3111 2018 ἂν
3140 1964 3400 2036 καλέσῃς,
3426 1965 3589 2035 μέχρι
3614 1963 3716 2033 τῆς

2133 2056 2371 2126 ἑσπέρας
2404 2056 2438 2127 ή
2493 2055 2689 2126 χάρις·
2718 2055 2806 2112 διά
2858 2055 3020 2110 τοῦτο
3058 2056 3169 2112 τῶν
3222 2056 3716 2127 καταϐαλλομένων

2131 2147 2432 2218 ταχύτερον
2470 2148 2504 2221 ἢ
2535 2148 2646 2201 τῶν
2677 2148 2886 2219 καιρῶν
2911 2149 3219 2204 δαπανᾶται
3247 2150 3399 2220 φιλία
3422 2166 3436 2181 ⁸
3459 2150 3551 2203 16v
3582 2151 3713 2221 μέν·

2132 2258 2214 2294 τοι
2246 2240 2452 2310 πένητα
2473 2240 2569 2295 καὶ
2594 2241 2880 2313 ἀνάπηρον
2906 2241 2972 2295 ἂν
3010 2242 3270 2314 καλέσῃς,
3296 2244 3553 2297 οὐδέποτε
3574 2245 3712 2298 ἀπο-

2132 2333 2307 2386 λεῖται
2354 2335 2388 2405 ή
2442 2334 2602 2405 χάρις
2634 2350 2649 2364 ·
2706 2333 2801 2388 τὸν
2861 2334 2971 2405 γάρ
3022 2336 3253 2390 πάντοτε
3302 2337 3715 2408 μνημονεύοντα

2132 2424 2287 2490 Θεὸν,
2337 2426 2433 2479 καὶ
2478 2426 2737 2480 οὐδέποτε
2774 2426 3287 2497 ἐπιλανθανόμενον,
3351 2428 3497 2500 ἔχεις
3550 2429 3715 2483 αὐτὸν

2131 2517 2439 2589 ὀφειλέτην.
2478 2519 2661 2589 Πόσης
2724 2518 2779 2572 δὲ
2844 2518 2939 2572 καὶ
2999 2519 3277 2589 βλακείας,
3333 2520 3456 2574 είπέ
3512 2538 3624 2592 μοι,
3650 2521 3714 2575 τὸ

2136 2610 2212 2680 μὴ
2234 2608 2492 2663 δύνασθαι
2524 2609 2722 2679 πένησι
2751 2608 3187 2677 συγκαθέζεσθαι
3206 2628 3221 2677 ;
3241 2610 3306 2663 Τί
3331 2610 3714 2680 λέγεις;Ἀκά-

2134 2700 2331 2772 θαρτός
2350 2702 2488 2764 ἐστι,
2535 2703 2691 2770 φησὶ,
2726 2702 2820 2754 καὶ
2849 2701 3117 2771 ῥυπαρός.
3154 2702 3266 2755 Kal
3296 2702 3486 2757 λοῦσον
3524 2704 3712 2771 αὐτὸν,

2133 2793 2228 2845 καὶ
2263 2793 2507 2861 ἀνάγαγε
2552 2791 2645 2845 ἐπὶ
2697 2791 2983 2863 τράπεζαν
3031 2792 3129 2863 τὴν
3170 2794 3290 2864 σήν.
3333 2792 3475 2847 Ἀλλ’
3514 2796 3710 2867 ἱμάτια

2134 2881 2248 2951 ἔχει
2288 2883 2715 2954 ,ὲρρυπωμένα;
2750 2884 2860 2937 Kal
2902 2883 3157 2957 ἄμειψον,
3187 2885 3282 2938 καὶ
3334 2884 3424 2951 66;
3463 2886 3713 2959 καθαρὰν

2138 2974 2354 3044 στολήν.

2203 3068 2264 3122 δ’.
2306 3068 2419 3138 Οὐχ
2456 3070 2587 3139 ὁρᾷς
2618 3068 2680 3122 16
2711 3068 2901 3140 κέρδος
2933 3069 3057 3124 ὅσον
3086 3088 3104 3138 ;
3137 3071 3165 3125 6
3188 3071 3422 3143 Χριστὸς
3446 3072 3513 3129 δι’
3544 3073 3709 3129 αὐτοῦ

2132 3163 2513 3234 παραγίνεται,
2543 3165 2720 3219 καὶσὺ
2753 3166 2894 3238 ὑπὲρ
2927 3166 3117 3221 τούτου
3144 3167 3444 3241 μικρολογῇ
3465 3185 3479 3233 ;
3502 3168 3597 3224 τόν
3617 3170 3713 3240 βα-

2134 3258 2283 3311 σιλέα
2296 3257 2476 3310 καλῶν
2494 3258 2588 3311 ἐπὶ
2606 3258 2703 3327 τὴν
2715 3258 3018 3328 τράπεζαν,
3038 3259 3179 3330 ὑπὲρ
3204 3259 3411 3314 τούτων
3432 3260 3676 3326 δέδοικας
3693 3281 3709 3329 ;

2142 3348 2591 3402 ’Υποκείσθωσαν
2616 3349 2889 3417 τράπεζαι
2917 3348 3029 3415 δύο,
3060 3351 3154 3403 καὶ
3186 3352 3220 3421 ή
3258 3350 3361 3421 μὲν
3396 3352 3461 3405 ἐκ
3503 3352 3712 3407 τούτων

2131 3438 2537 3509 πεπληρώσθω,
2571 3439 2668 3491 καὶ
2720 3439 2893 3509 ἐχέτω
2922 3440 3158 3508 τυφλοὺς
3179 3479 3193 3504 ,
3220 3439 3448 3511 χωλοὺς,
3479 3442 3710 3509 κυλλούς

2129 3532 2228 3598 τὴν
2267 3533 2448 3601 χεῖρα,
2484 3530 2545 3584 τὸ
2580 3531 2772 3594 σκέλος
2819 3532 3280 3604 πεπηρωμένους,
3314 3534 3707 3603 ἀνυποδέτους,

2128 3623 2225 3675 Eva
2252 3622 2670 3693 περικειμένους
2706 3622 3048 3693 χιτωνίσκον,
3074 3625 3168 3677 καὶ
3200 3625 3390 3678 τοῦτον
3418 3626 3710 3698 ἐκτετριμ-

2131 3713 2308 3783 μένον·
2338 3715 2371 3783 ή
2400 3713 2455 3766 δὲ
2489 3711 2653 3784 ἑτέρα
2678 3715 2849 3784 ἐχέτω
2870 3714 3155 3780 δυνάστας,
3185 3717 3550 3787 στρατηγοὺς,
3574 3736 3709 3772 τοπ-

2127 3803 2322 3874 άρχας,
2356 3803 2625 3873 ἄρχοντας
2664 3804 2955 3875 μεγάλους,
2979 3806 3360 3879 ἐνδεδυμένους
3384 3808 3575 3878 ἱμάτια
3609 3826 3709 3863 πο-

2126 3893 2317 3965 λυτελῆ
2337 3895 2432 3948 καὶ
2454 3895 2645 3959 ὀθόνας
2670 3896 2894 3961 λεπτὰς,
2912 3897 3256 3968 ἐζωσμένους
3273 3902 3480 3971 χρυσᾶς
3503 3898 3703 3965 ζώνας.

2126 3986 2295 4040 Πάλιν
2323 3987 2561 4041 ἐνταῦθα
2582 3974 2645 4040 ἐν
2662 3992 2729 4059 τῇ
2753 3988 2861 4043 τῶν
2888 3991 3141 4061 πενήτων
3166 3992 3417 4065 τραπέζῃ
3450 3994 3590 4064 μήτε
3612 3993 3707 4066 άρ-

2125 4098 2293 4153 γυρος
2323 4080 2484 4144 ἐστω,
2513 4082 2651 4152 μήτε
2685 4078 2825 4144 οἶνος
2860 4081 3049 4148 πολὺς,
3074 4082 3189 4137 ἀλλ’
3220 4085 3248 4136 6
3277 4084 3464 4156 ἀρκῶν
3498 4087 3592 4139 καὶ
3614 4087 3707 4139 εὐ-

2126 4175 2328 4245 φρᾶναι
2379 4173 2678 4243 δυνάμενος
2711 4187 2727 4203 ’
2771 4172 2842 4227 16
2872 4174 2929 4227 δέ
2979 4174 3287 4246 ἐκπώματα
3327 4178 3421 4231 καὶ
3444 4177 3514 4230 τά
3542 4177 3705 4233 λοιπά

2125 4265 2296 4337 σκεύη
2323 4266 2433 4320 ἀπὸ
2456 4266 2609 4319 ὑέλου
2642 4265 3067 4320 κατεσκευάσθω
3092 4268 3259 4337 μόνης
3283 4285 3297 4299 '
3326 4271 3444 4322 ἐκεῖ
3465 4269 3520 4322 δὲ
3552 4272 3610 4323 ἐν
3634 4274 3702 4343 τῇ

2121 4359 2232 4413 τῶν
2268 4359 2538 4413 πλουσίων
2555 4357 2805 4430 τραπέζῃ
2836 4357 2975 4413 ἔστω
3003 4359 3103 4428 μὲν
3134 4359 3302 4431 σκεύη
3336 4361 3405 4415 16
3433 4361 3613 4416 πάντα
3643 4363 3703 4429 ἐξ

2123 4450 2368 4521 ἀργύρου
2422 4451 2517 4503 καὶ
2572 4449 2799 4520 χρυσοῦ,
2829 4450 2923 4503 καὶ
2970 4450 3105 4521 μηδέ
3136 4445 3216 4513 εἷς
3247 4452 3461 4523 φερέτω
3482 4453 3541 4507 τὸ
3567 4456 3699 4525 ἡμι-

2122 4542 2364 4603 κύκλιον,
2395 4541 2532 4596 ἀλλά
2578 4541 2672 4595 δύο
2704 4541 2910 4595 νεανίαι
2943 4542 3097 4612 μόλις
3147 4542 3280 4596 αὐτὸ
3327 4544 3650 4600 κινείτωσαν
3682 4559 3698 4577 ⁸

2122 4634 2263 4687 ἔστω
2292 4632 2350 4687 δὲ
2380 4634 2475 4686 καὶ
2508 4632 2675 4704 φιάλη
2720 4633 3025 4704 ὑπόχρυσος
3059 4633 3301 4703 σταθμὸν
3328 4635 3701 4705 ἡμιτάλαντον

2120 4723 2354 4777 ἕλκουσα
2380 4764 2396 4790 ,
2436 4722 2512 4787 ὡς
2546 4722 2641 4777 δύο
2685 4724 2903 4787 νεανίας
2943 4723 3098 4794 μόλις
3155 4723 3326 4796 αὐτὴν
3377 4728 3571 4789 κινεῖν,
3604 4727 3702 4782 καὶ

2117 4816 2168 4869 οί
2199 4815 2470 4887 ἀμφορεῖς
2496 4814 2802 4869 κείσθωσαν
2832 4815 3029 4885 ἐφεξῆς
3043 4815 3224 4887 πολλῷ
3241 4818 3465 4886 ἄμεινον
3480 4816 3576 4871 τοῦ
3595 4819 3700 4889 ἀρ-

2119 4904 2289 4979 γύρου
2316 4906 2732 4976 ἀπολάμποντες
2748 4905 2825 4973 τῷ
2845 4906 3031 4978 χρυσῷ
3056 4923 3071 4937 '
3108 4906 3252 4961 ἔστω
3283 4907 3341 4961 δὲ
3363 4908 3462 4962 καὶ
3488 4907 3547 4961 16
3564 4909 3697 4979 ήμι-
3732 4970 3745 4983 ρ

2118 4998 2338 5052 κύκλιον
2368 4998 2552 5069 ἁπαλῇ
2579 5002 2834 5071 στρωμνῇ
2864 4998 3127 5053 πάντοθεν
3147 5001 3559 5072 ἐστορεσμένον.
3580 5002 3695 5057 Πά-

2116 5090 2200 5144 λιν
2246 5090 2478 5144 ἐνταῦθα
2516 5092 2615 5162 μὲν
2654 5090 2899 5146 ἔστωσαν
2931 5093 3168 5147 διάκονοι
3190 5092 3396 5158 πολλοὶ,
3427 5094 3537 5147 τῶν
3558 5096 3693 5149 ἀνα-

2116 5183 2385 5255 κειμένων
2396 5179 2663 5262 οὐχῆττον
2680 5186 3202 5255 κεκοσμημέωιτοῖς
3222 5186 3477 5256 ἱματίοις,
3496 5188 3592 5239 καὶ
3606 5188 3694 5241 ἐν·

2114 5276 2392 5346 δεδυμένοι
2426 5276 2718 5349 λαμπρῶς,
2750 5278 2844 5331 καὶ
2897 5278 3225 5349 ἀναξυρίδας
3269 5279 3505 5350 ἔχοντες,
3534 5280 3693 5337 καλοὶ

2117 5369 2215 5438 μὲν
2251 5369 2401 5434 ίδεῖν,
2441 5370 2573 5423 αὐτὸ
2593 5371 2817 5440 ἄγοντες
2847 5371 2948 5442 τῆς
2975 5372 3190 5443 ἡλικίας
3219 5372 3281 5425 16
3314 5372 3499 5439 ἀνθος,
3519 5390 3685 5445 σφρι-

2112 5463 2317 5531 γῶντες
2356 5465 2451 5517 καὶ
2478 5463 2926 5534 εὐσωματοῦντες
2955 5480 2969 5495 ·
2995 5466 3111 5519 ἐκεῖ
3123 5465 3181 5517 δὲ
3211 5464 3306 5518 δύο
3340 5464 3492 5536 μόνοι
3513 5466 3689 5521 ἔστω-

2114 5572 2212 5609 σαν
2233 5554 2382 5626 [328]
2398 5554 2655 5619 διάκονοι,
2686 5556 2861 5611 πάντα
2881 5555 2972 5608 τὸν
2982 5555 3150 5626 τῦφον
3167 5554 3355 5609 τοῦτον
3369 5558 3657 5628 πεπατηκό
3668 5587 3688 5600 -

2111 5663 2201 5709 τες
2219 5662 2230 5675 ·
2249 5646 2342 5699 καὶ
2364 5646 2505 5699 ἔστω
2533 5649 2644 5709 τοῖς
2670 5646 2768 5717 μὲν
2790 5646 2859 5701 τὰ
2880 5646 3154 5718 ἐδέσματα
3188 5648 3480 5719 πολυτελῆ,
3499 5651 3611 5714 τοῖς
3626 5649 3687 5705 δὲ

2112 5739 2351 5795 τοσαῦτα
2363 5740 2464 5796 ὅσα
2484 5741 2670 5795 σϐέσαι
2693 5740 2783 5796 τὸν
2804 5738 2983 5811 λιμὸν,
3000 5739 3092 5797 καὶ
3110 5740 3446 5815 εὐφροσύνης
3474 5739 3688 5815 ἐμπλῆ-
