4120 6400
368 323 477 381 1’03

372 433 560 491 σαι.*Α
572 455 639 508 ρα
664 434 819 494 εἷπον
840 441 1187 512 ἀρκούντως;
1220 445 1313 499 καὶ
1331 446 1470 517 μετά
1494 445 1781 517 ἀκριϐείας
1810 461 1947 498 κατ-

366 530 767 601 εσκευασμέναι
800 534 1109 606 ἀμφότεραί
1134 517 1277 591 εἰσιν
1316 540 1371 593 αἱ
1400 538 1673 610 τράπεζαι
1700 555 1715 603 ;
1779 539 1853 608 μή
1888 555 1941 590 τι

368 621 545 686 ἐνδεῖ;
601 622 743 690 Ἐγὼ
774 625 873 695 μὲν
901 627 1001 680 οὐκ
1020 623 1173 698 οἶμαι
1205 645 1218 659 ·
1253 631 1345 682 καὶ
1371 629 1480 701 γάρ
1507 629 1634 693 τοὺς
1666 627 1941 698 κεκλημέ-

368 728 494 777 νους
523 714 781 785 ἐπῆλθον,
834 718 928 770 καὶ
973 719 1075 788 τὴν
1105 721 1455 776 πολυτέλειαν
1488 721 1711 776 καὶτῶν
1734 720 1944 775 σκευῶν

368 804 466 859 καὶ
494 806 602 860 τῶν
630 811 967 882 στρωμάτων
989 814 1082 867 καὶ
1109 814 1216 867 τῶν
1241 815 1572 885 ἐδεσμάτων.
1603 815 1751 886 Πλὴν
1779 814 1937 879 ἀλλά,

366 898 463 950 καὶ
499 898 624 953 είτι
653 903 1050 974 παρελίπομεν,
1073 906 1512 975 ἐπεξαγαγόντες
1537 907 1627 960 τὸν
1665 907 1822 975 λόγον
1852 906 1942 959 εύ-

365 990 627 1061 ρήσομεν.
658 994 793 1062 Φέρε
826 991 940 1061 οὖν,
964 997 1150 1069 ἐπειδὴ
1182 999 1242 1052 τὸ
1270 999 1581 1070 πρόσφορον
1609 997 1790 1063 καλῶς
1811 1000 1943 1069 ἡμῖν

364 1083 608 1138 ἀπέλαϐε
667 1087 855 1157 σχῆμα
886 1090 1088 1163 ἑκάστη
1119 1093 1387 1162 τράπεζα,
1420 1094 1618 1164 ἴδωμεν
1652 1092 1754 1147 ποῦ
1782 1094 1943 1165 ὑμεῖς

364 1174 853 1248 κατακλιθήσεσθε.
890 1181 1030 1251 Ἐγὼ
1087 1184 1186 1252 μὲν
1218 1184 1324 1256 γὰρ
1371 1186 1459 1239 ἐπ’
1487 1185 1703 1255 ἐκείνην
1740 1186 1938 1257 ἄπειμι

362 1267 461 1334 τὴν
504 1267 614 1323 τῶν
658 1273 896 1341 τυφλῶν,
925 1276 1022 1345 τὴν
1060 1278 1168 1330 τῶν
1200 1279 1389 1348 χωλῶν
1412 1294 1425 1308 ’
1460 1280 1489 1332 ύ
1500 1278 1617 1350 μῶν
1637 1280 1695 1333 δέ
1723 1279 1865 1350 τάχα
1889 1281 1939 1334 οί

364 1359 584 1425 πλείους
639 1362 845 1436 ταύτην
897 1368 1237 1438 αἱρήσονται,
1271 1371 1372 1438 τὴν
1421 1370 1530 1423 τῶν
1585 1370 1935 1441 στρατηγῶν,

361 1451 459 1521 τὴν
494 1453 727 1525 φαιδρὰν
762 1458 856 1511 καὶ
883 1459 1163 1532 λαμπράν.
1204 1463 1436 1533 Ἴδωμεν
1477 1458 1572 1517 οῦν
1603 1464 1731 1516 ποία
1754 1463 1938 1517 πλείο-

361 1560 451 1648 νος
500 1546 659 1615 γέμει
689 1548 789 1648 τῇς
810 1551 1008 1648 ἡδονῆς
1032 1570 1047 1585 ·
1086 1554 1252 1625 μήπω
1290 1556 1400 1625 γὰρ
1429 1556 1498 1609 τά
1525 1556 1789 1626 μέλλοντα
1821 1557 1881 1623 ἐξ
1912 1586 1939 1599 -

360 1642 641 1706 ετάσωμεν
670 1654 685 1667 ·
714 1642 773 1691 ἐν
806 1642 1033 1706 ἐκείνοις
1063 1645 1165 1713 μὲν
1199 1647 1307 1717 γάρ
1336 1646 1477 1716 αῦτη
1507 1649 1701 1718 κρατεῖ
1735 1649 1767 1717 ἡ
1804 1647 1935 1718 ἐμή.

360 1725 459 1779 Διά
482 1727 534 1778 τί
561 1746 576 1795 ;
614 1731 734 1784 ’Ὁτι
758 1733 894 1803 αῦτη
928 1736 1026 1805 μὲν
1052 1737 1163 1807 ἔχει
1188 1740 1279 1791 τὸν
1303 1739 1537 1808 Χριστὸν
1556 1739 1936 1808 ἀνακείμενον,

360 1818 542 1892 ἐκείνη
597 1821 655 1874 δὲ
710 1825 1029 1896 ἀνθρώπους
1065 1844 1081 1859 ⁸
1118 1829 1255 1901 αὐτη
1297 1832 1388 1885 τὸν
1422 1831 1719 1903 Δεσπότην,
1752 1832 1937 1903 ἐκείνη

360 1911 487 1975 τοὺς
528 1913 765 1980 δούλους.
814 1918 972 1972 ’Λλλά
1002 1922 1169 1992 μὴπω
1204 1923 1397 1986 ταῦτα,
1433 1924 1549 1977 ἀλλ’
1580 1925 1777 1994 ἴδωμεν
1810 1925 1939 1977 ποία

361 2002 580 2057 πλείονα
601 2007 713 2076 ἔχει
739 2010 837 2080 τὴν
853 2010 1044 2083 ἡδονὴν
1065 2015 1163 2085 τὴν
1194 2016 1251 2067 ἐν
1272 2015 1350 2086 τῷ
1387 2018 1634 2089 παρόντι.
1660 2018 1769 2070 Καὶ
1797 2017 1938 2071 κατά

359 2095 519 2150 τοῦτο
540 2098 637 2166 μὲν
656 2097 748 2153 οὖν
769 2102 967 2157 πλείων
987 2105 1123 2177 αῦτη
1143 2108 1174 2178 ἡ
1198 2108 1376 2178 ἡδονὴο
1398 2113 1459 2169 τὸ
1484 2110 1591 2181 γὰρ
1625 2110 1762 2180 μετά
1778 2109 1936 2180 βασι-

360 2185 498 2250 λέως
523 2190 836 2257 ἀναπεσεῖν,
866 2195 1083 2249 πλείονα
1120 2199 1275 2269 φέρει
1310 2201 1407 2271 τὴν
1450 2201 1639 2273 ἡδονὴν
1666 2202 1760 2255 τοῦ
1798 2200 1936 2272 μετὰ

360 2278 471 2333 τῶν
498 2283 743 2339 οἰκετῶν.
777 2288 935 2342 Ἀλλά
963 2292 1058 2344 καὶ
1086 2293 1242 2345 τοῦτο
1266 2294 1635 2365 ὑπεξέλωμεν,
1658 2295 1789 2349 αὐτὸ
1812 2295 1935 2349 καθ’

362 2373 521 2426 ἑαυτὸ
540 2376 600 2428 τὸ
624 2378 854 2447 πρᾶγμα
881 2380 1247 2453 ἐξετάσωμεν.
1268 2386 1476 2439 Οὐκοῦν
1504 2386 1631 2455 ἐγὼ,
1657 2388 1751 2441 καὶ
1768 2390 1816 2441 οἱ
1836 2389 1934 2443 σὺν

360 2465 485 2535 ἐμοὶ
512 2468 716 2540 ταύτην
742 2472 984 2543 ἑλόμενοι
1001 2475 1099 2545 τὴν
1128 2477 1424 2548 τράπεζαν,
1454 2480 1591 2550 μετὰ
1607 2480 1808 2550 πολλῆς
1836 2480 1935 2551 τῆς

361 2556 672 2630 ἐλευθερίας
701 2562 792 2617 καὶ
809 2564 907 2633 τῆς
924 2565 1193 2637 θυμηδίας
1222 2569 1317 2623 καὶ
1337 2570 1462 2641 ἐροῦ
1472 2589 1569 2640 μεν
1586 2572 1821 2638 ᾶπαντα,
1838 2574 1935 2626 καὶ

360 2646 704 2718 ἀκουσόμεθα
724 2667 739 2684 ο
769 2652 927 2723 ὑμεῖς
962 2655 1018 2707 δὲ
1064 2657 1358 2726 τρέμοντες
1379 2659 1472 2711 καὶ
1493 2660 1808 2724 δεδοικότες,
1840 2660 1934 2714 καὶ

360 2737 486 2799 τοὺς
514 2738 910 2810 ἀνακειμένους
947 2744 1273 2816 αἰδούμενοι,
1330 2748 1451 2801 οὐδὲ
1506 2749 1743 2803 ἐκτεῖναι
1775 2752 1933 2821 χεῖρα

360 2828 682 2901 τολμήσετε,
720 2834 970 2908 καθάπερ
1005 2839 1083 2901 είς
1135 2841 1553 2909 παιδαγωγεῖον,
1582 2842 1694 2895 ἀλλ’
1724 2843 1824 2897 οὑκ
1852 2844 1933 2908 είς

362 2920 582 2990 ἄριστον
611 2924 960 2991 εἰσελθόντες,
988 2928 1241 3000 καθάπερ
1273 2930 1538 2996 δεσπότας
1568 2933 1777 2996 δεινοὺς
1806 2934 1930 3005 τρέ-

363 3028 578 3081 μοντες.
626 3014 766 3067 Ἀλλ’
792 3017 893 3071 οὐκ
956 3021 1152 3074 ἐκεῖνοι
1183 3020 1377 3086 οὑτως.
1422 3022 1582 3077 Ἀλλά
1614 3024 1681 3079 τὰ
1725 3026 1823 3095 τῆς
1848 3043 1932 3079 τι·

364 3102 491 3173 μῆς,
526 3106 679 3175 φησὶ,
736 3108 967 3177 μεγάλα.
1013 3111 1121 3165 Καὶ
1186 3115 1293 3183 μὴν
1325 3113 1435 3183 ἐγὼ
1485 3115 1544 3168 ἐν
1584 3115 1786 3169 πλείονί
1817 3118 1932 3187 είμι

360 3195 493 3265 τιμῇ
518 3210 532 3223 ’
567 3195 721 3266 ὑμῶν
770 3198 868 3267 μὲν
910 3200 1021 3271 γάρ
1059 3205 1091 3272 ἡ
1132 3203 1376 3258 εὐτέλεια
1426 3205 1627 3276 μείζων
1656 3207 1928 3276 φαίνεται,

361 3285 489 3338 ὅταν
516 3286 611 3339 καὶ
632 3291 730 3356 τῆς
762 3290 933 3360 αὐτῆς
968 3294 1246 3365 τραπέζης
1297 3296 1705 3361 κοινωνοῦντες,
1732 3297 1932 3352 δούλων

363 3375 741 3448 πῳσάλλησθε
781 3380 1025 3451 ῥήματα.
1074 3385 1185 3438 Καὶ
1230 3386 1339 3457 γὰρ
1382 3387 1411 3440 ὁ
1458 3388 1645 3452 δοῦλος
1674 3389 1793 3443 τότε
1823 3389 1932 3460 μάκ

362 3465 520 3521 λιστα
548 3469 818 3538 φαίνεται,
838 3473 968 3526 ὅταν
1004 3475 1143 3544 μετά
1174 3476 1269 3529 τοῦ
1295 3477 1559 3532 δεσπότου
1600 3481 1933 3551 κατακείμε-

362 3551 530 3628 νος
585 3559 822 3624 Ἐκεῖνος
860 3562 959 3632 μὲν
991 3563 1132 3632 γὰρ,
1164 3564 1293 3620 ἔνθα
1340 3567 1415 3639 μὴ
1452 3570 1727 3642 προσῆκεν
1758 3570 1931 3640 αὐτῷ,

362 3646 592 3715 γίνεται,
625 3649 685 3701 οὐ
719 3652 988 3723 τοσαύτην
1017 3656 1124 3708 ἀπὸ
1148 3656 1246 3726 τῆς
1276 3658 1603 3723 οίκειώσεως
1632 3660 1771 3731 ἔχων
1802 3679 1933 3732 σεμο

361 3736 583 3808 νότητα,
606 3740 737 3809 ὅσην
756 3742 858 3813 τὴν
871 3745 1219 3799 ταπείνωσιν
1241 3748 1447 3820 σφόδρα
1474 3750 1583 3821 γὰρ
1599 3752 1721 3805 τότε
1737 3770 1931 3805 ταπει⁹

360 3828 563 3882 νοῦται.
582 3831 693 3884 Καὶ
715 3833 807 3887 τὸν
839 3834 1023 3890 δοῦλον
1057 3838 1155 3891 ἴδοι
1172 3858 1255 3904 τις
1284 3839 1350 3893 ἂν
1377 3841 1630 3915 λαμπρὸν
1656 3843 1786 3899 ὄντα
1808 3846 1931 3899 καθ’

362 3919 579 3985 ἑαυτὸν,
605 3921 700 3973 καὶ
728 3921 821 3975 τὸν
851 3923 1056 3995 πένητα
1085 3927 1341 3998 λαμπρὸν
1396 3930 1525 3984 ὄντα
1558 3931 1680 3985 καθ’
1709 3934 1927 3999 ἐαυτὸν,

367 4008 443 4081 μὴ
491 4010 618 4064 ὅταν
668 4006 808 4081 μετά
868 4017 1116 4071 πλουσίου
1152 4018 1343 4092 βαδίζῃ
1377 4037 1388 4050 ’
1416 4022 1478 4075 τὸ
1512 4022 1621 4094 γὰρ
1648 4026 1928 4091 ταπεινὸν,

359 4102 488 4154 ὅταν
522 4104 689 4172 ἐγγὺς
793 4106 886 4159 τοῦ
916 4108 1141 4178 ὑψηλοῦ,
1170 4111 1291 4164 τότε
1331 4113 1582 4180 φαίνεται
1643 4117 1920 4182 ταπεινὸν,

360 4194 456 4246 καὶ
484 4196 516 4263 ἡ
540 4195 846 4266 παράθεσις
867 4200 928 4251 τὸ
955 4203 1211 4255 ταπεινὸν
1228 4204 1616 4277 ταπεινότερον
1632 4207 1927 4273 δείκνυσιν,

358 4286 458 4356 οὑχ
489 4287 838 4359 ὑψηλότερον.
882 4290 1038 4346 Ούτω
1056 4294 1151 4347 καὶ
1184 4295 1329 4365 ὑμᾶς
1354 4297 1765 4370 εὐτελεστέρους
1781 4299 1931 4355 δείκ-

359 4394 481 4431 νυσι
513 4379 574 4431 τὸ
609 4381 727 4449 μετ’
750 4382 976 4437 ἐκείνων
1032 4386 1371 4453 ἀνακεῖσθαι,
1423 4389 1538 4442 ἀλλ’
1585 4392 1683 4462 οὑχ
1741 4394 1919 4464 ἡμᾶς.

360 4470 464 4523 Δύο
522 4472 621 4542 μὲν
672 4469 767 4527 οῦν
817 4474 1027 4539 τούτοις
1053 4478 1505 4551 πλεονεκτοῦμεν,
1553 4486 1620 4555 τῇ
1674 4502 1736 4537 τε
1780 4486 1930 4539 ἐλευ-

361 4562 538 4635 θερίᾳ,
600 4567 693 4620 καὶ
741 4570 808 4638 τῇ
839 4572 993 4641 τιμῇ,
1019 4563 1095 4623 ὧν
1132 4571 1285 4625 οὐδὲν
1339 4574 1454 4628 ῐσον
1504 4576 1585 4639 είς
1628 4578 1822 4649 ἡδονῆς
1850 4578 1931 4632 λό-

360 4671 457 4721 γον
489 4656 627 4711 ἐστί.
664 4657 1008 4731 Βουλὴσομαι
1046 4662 1157 4733 γὰρ
1193 4663 1259 4716 ἂν
1291 4663 1467 4733 ἔγωγε
1496 4666 1663 4738 ἄρτου
1691 4671 1929 4740 μεταλα-

360 4747 476 4798 ϐεῖν
534 4746 651 4816 μετ’
692 4748 1025 4820 ἐλευθερίας,
1074 4752 1107 4823 ἢ
1161 4755 1372 4824 μυρίων
1417 4757 1730 4828 ἐδεσμάτων
1789 4764 1929 4833 μετά

358 4836 620 4900 δουλείας.
648 4838 941 4905 Κρεῖσσον
976 4844 1106 4913 γὰρ,
1140 4847 1294 4914 φησὶ,
1332 4845 1619 4917 ξενισμὸς
1640 4852 1927 4922 λαχάνων

313 4964 325 4979 .
358 4927 511 4997 πρὸς
546 4930 757 4996 φιλίαν
776 4932 875 4985 καὶ
901 4932 1099 5002 χάριν,
1132 4936 1171 5004 ἢ
1215 4937 1372 5004 ,βοῦς
1400 4940 1518 4994 ἀπὸ
1550 4942 1783 5013 φάτνης
1799 4949 1926 5015 μετ’

357 5019 595 5087 ἔχθρας.
628 5020 694 5073 Ὃ
731 5021 838 5093 γὰρ
866 5024 932 5077 ἂν
965 5024 1192 5080 εἴπωσιν
1250 5028 1487 5097 ἐκεῖνοι,
1527 5032 1741 5108 ἀνάγκη
1800 5038 1931 5103 τοὺς

361 5111 636 5181 παρόντας
669 5113 934 5191 ἐπαινεῖν,
963 5116 996 5189 ἡ
1026 5117 1176 5190 [529]
1206 5124 1585 5195 προσκρούειν,
1609 5130 1927 5201 παρασίτων

357 5202 512 5294 τάξιν
559 5205 1042 5277 ἀναδεδεγμένους,
1098 5213 1299 5282 μᾶλλον
1331 5215 1387 5268 δέ
1432 5218 1656 5275 ἐκείνων
1708 5221 1925 5294 χείρους

360 5292 538 5357 δντας.
574 5295 699 5359 Τοῖς
744 5296 845 5367 μὲν
879 5298 989 5369 γὰρ
1027 5302 1077 5355 εί
1125 5303 1219 5357 καὶ
1254 5306 1371 5375 μετ’
1400 5308 1660 5381 αἰσχύνης
1705 5292 1809 5366 καῖ
1833 5313 1925 5367 τοῦ

359 5384 696 5455 ὑδρίζεσθαι,
724 5388 876 5458 ὅμως
913 5391 1132 5462 μέτεστι
1159 5396 1467 5467 παρρησίας
1496 5416 1511 5431 ο
1546 5402 1674 5472 ὑμῖν
1719 5404 1777 5458 δὲ
1805 5405 1927 5459 οὑδέ

356 5473 569 5571 τούτου.
607 5478 749 5532 Ἀλλ’
776 5482 809 5551 ἡ
841 5482 939 5551 μέν
958 5484 1205 5539 εὐτέλεια
1228 5489 1464 5562 τοσαύτη
1490 5507 1505 5522 ⁸
1526 5492 1799 5550 δεδοίκατε
1817 5497 1927 5571 γὰρ

362 5564 458 5661 καὶ
496 5572 877 5661 κατεπτὴχατε
908 5588 922 5603 °
959 5576 993 5645 ἡ
1025 5575 1083 5628 δὲ
1109 5576 1244 5649 τιμὴ
1271 5580 1476 5638 οὐκέτι.
1512 5584 1722 5638 Οὐκοῦν
1745 5564 1925 5661 πάσης

364 5656 711 5752 μὲνμὴδονῆς
737 5663 1107 5736 ἀπεστέρηται
1143 5671 1176 5743 ἡ
1215 5673 1459 5743 τράπεζα
1494 5676 1671 5749 ἐκείνη
1694 5720 1708 5746 ,
1746 5656 1927 5752 πάσης

363 5747 418 5805 δέ
444 5746 581 5821 αὕτη
611 5752 767 5823 γέμει
805 5755 1088 5830 θυμηδίας.

1099 324 1159 383 s.
1196 325 1482 384 101mm
1520 290 2017 382 cnmsosmm
2057 324 2380 384 ARCHIEP.
2422 328 2985 386 CONSTANTINOP.

3518 326 3629 382 5θῦ

2118 455 2181 503 ε’.
2224 448 2382 504 ’Λλλά
2410 449 2505 503 καὶ
2534 449 2714 503 αὐτῶν
2739 449 2847 508 τῶν
2870 446 3179 518 ἐδεσμάτων
3209 443 3305 516 τὴν
3326 443 3485 514 φύσιν
3507 443 3625 509 ἐξε-

2047 544 2326 613 τάσωμεν.
2373 542 2521 596 Ἐκεῖ
2552 540 2651 608 μέν
2683 540 2792 611 γάρ
2838 539 3052 609 ἀνάγκη
3087 537 3181 591 καὶ
3210 536 3285 610 μὴ
3316 535 3622 606 βουλομένῳ

2046 633 2478 707 διαρῤήγνυσθαι
2519 633 2595 703 τῷ
2637 631 2816 703 πολλῷ
2857 632 3005 701 οῖνῳ,
3041 628 3275 684 ἐνταῦθα
3307 627 3363 681 δὲ
3396 628 3496 681 οὐκ
3541 626 3621 678 ἔνι

2052 729 2126 800 μὴ
2155 726 2481 797 βουλόμενον
2524 724 2724 778 ἐσθίειν
2767 723 2862 777 καὶ
2893 722 3088 776 πίνειν.
3146 720 3309 775 Ὥστε
3353 720 3469 772 ἐκεῖ
3524 718 3622 789 μὲν

2045 817 2144 891 τὴν
2172 821 2235 872 ἐκ
2261 817 2361 887 τῆς
2393 816 2502 870 τῶν
2542 816 2726 869 σιτίων
2758 814 3044 883 ποιότητος
3075 810 3270 883 ἡδονὴν
3301 811 3335 881 ἡ
3381 827 3439 863 τε
3485 827 3621 880 προ-

2044 910 2284 964 λαϐοῦσα
2311 908 2506 979 ἀτιμία
2538 908 2870 980 ἀφαιρεῖται,
2896 905 2991 959 καλ⁸
3017 906 3050 976 ἡ
3075 906 3138 957 ἐκ
3165 903 3267 973 τῆς
3302 902 3620 973 πλησμονῆς

2044 1002 2227 1074 ἀηδία.
2269 1003 2342 1055 Οὐ
2376 1000 2485 1072 γάρ
2518 995 2680 1073 ἦττον
2710 998 2871 1070 λιμοῦ
2902 998 2973 1051 τὰ
3000 996 3226 1067 σώματα
3251 997 3382 1066 ἡμῖν
3420 992 3453 1063 ἡ
3478 992 3617 1060 πληο

2046 1096 2218 1168 σμονὴ
2236 1095 2536 1166 διαφθείρει
2560 1094 2654 1146 καὶ
2676 1092 2856 1161 όδυνᾷ,
2888 1089 3023 1144 ἀλλά
3051 1089 3145 1143 καὶ
3173 1085 3351 1154 πολλῷ
3376 1083 3619 1157 χαλεπώ-

2042 1207 2197 1258 τερον
2219 1204 2232 1217 ’
2268 1188 2363 1241 καὶ
2389 1185 2448 1240 ὂν
2480 1185 2546 1239 ἂν
2570 1184 2730 1257 θέλῃς
2759 1200 2847 1255 μοι
2881 1181 3086 1246 δοῦναι,
3120 1176 3485 1247 εὐκολώτερον
3519 1176 3616 1229 αὑ-

2042 1283 2133 1337 τὸν
2152 1279 2500 1353 διαρῥηγνύω
2523 1279 2589 1348 τῇ
2615 1276 2923 1346 πλησμονῇ,
2945 1271 3041 1325 τοῦ
3063 1270 3244 1341 λιμοῦ.
3275 1271 3484 1332 Ὄντως
3504 1267 3615 1338 γάρ

2041 1373 2199 1428 τοῦτο
2232 1372 2438 1426 ἐκείνου
2471 1368 2834 1441 φορητότερον
2858 1382 2873 1396 ⁸
2905 1366 2988 1420 ὅτι
3016 1363 3173 1435 λιμὸν
3202 1362 3301 1433 μὲν
3326 1362 3391 1416 ἀν
3410 1378 3494 1423 τις
3520 1359 3616 1412 καὶ

2042 1464 2247 1518 εἴκοσιν
2274 1462 2487 1533 ἡμέρας
2516 1460 2750 1529 ἐνέγκοι,
2782 1452 3102 1527 πλησμονὴν
3143 1452 3203 1505 δέ
3232 1450 3353 1504 οὐδὲ
3380 1448 3476 1503 δύο
3519 1445 3615 1516 μό-

2041 1574 2137 1619 νας
2168 1572 2181 1585 ·
2217 1554 2311 1607 καὶ
2338 1552 2512 1623 τούτῳ
2551 1551 2649 1622 μὲν
2684 1545 3154 1620 προσπαλαίοντες
3184 1539 3445 1612 διηνεκῶς
3476 1539 3526 1591 οἱ
3556 1538 3614 1589 ἐν

2040 1651 2153 1711 τοῖς
2189 1647 2399 1715 ἀγροῖς,
2434 1645 2492 1696 ἐν
2534 1640 2693 1713 ὑγεία
2743 1639 2853 1693 είσὶ
2882 1637 2974 1691 κο.)⁵
3006 1636 3067 1689 οὐ
3097 1635 3313 1688 δέονται
3367 1628 3567 1701 ἰατρῶν
3594 1642 3611 1656 “

2040 1738 2247 1808 ταύτην
2278 1736 2356 1801 δὲ,
2387 1737 2486 1806 τὴν
2517 1729 2834 1803 πλησμονὴν
2884 1728 3055 1797 λέγω,
3084 1726 3188 1780 οὑκ
3232 1724 3299 1777 ἂν
3335 1721 3613 1789 ἐνέγκοιεν

2043 1830 2119 1901 μὴ
2148 1828 2389 1898 συνεχῶς
2431 1823 2723 1886 καλοῦντες
2754 1819 2969 1892 ἰατρούς
2996 1834 3010 1847 ·
3057 1815 3257 1887 μᾶλλον
3288 1812 3345 1866 δὲ
3377 1812 3473 1864 καὶ
3509 1809 3611 1879 τὴν

2040 1923 2264 1977 ἐκείνων
2296 1917 2546 1990 βοήθειαν
2585 1914 2782 1986 ἡλεγξε
2812 1910 3072 1972 πολλάκις
3103 1909 3137 1977 ἡ
3172 1904 3377 1972 ταύτης
3407 1917 3607 1972 τυραν-

2038 2015 2141 2079 νίς.
2173 2014 2282 2067 Καὶ
2308 2010 2504 2082 ἡδονῆς
2538 2008 2635 2079 μὲν
2665 2002 2757 2059 οῦν
2784 2004 2970 2057 ἕνεκεν
3000 1999 3139 2069 αὐτη
3159 1997 3230 2050 τὰ
3256 1994 3449 2067 πρῶτα
3470 1992 3605 2062 ἔχει.

2039 2106 2234 2177 Είγάρ
2279 2107 2313 2174 ἡ
2345 2101 2482 2173 τιμὴ
2528 2097 2621 2153 τοῦ
2664 2093 3026 2167 ἀτιμάζεσθαι
3073 2089 3255 2161 ἡδίων,
3301 2086 3396 2139 καὶ
3441 2085 3502 2137 τὸ
3550 2084 3609 2177 ἐν

2037 2173 2255 2270 ἐξουσίᾳ
2295 2173 2435 2249 εἶναι
2463 2190 2558 2245 τοῦ
2590 2185 3013 2248 ὑποτάσσεσθαι,
3045 2181 3140 2236 καὶ
3178 2180 3241 2233 τὸ
3269 2178 3489 2250 θαρρεῖν
3514 2173 3612 2227 τοῦ

2037 2267 2259 2360 τρέμειν
2294 2286 2389 2341 καὶ
2415 2282 2735 2343 δεδοικέναι,
2767 2278 2862 2332 καὶ
2889 2276 2949 2329 τὸ
2988 2273 3096 2327 τῶν
3126 2269 3439 2341 ἀρκούντων
3467 2267 3603 2319 ἀπο-

2035 2381 2215 2435 λαύειν
2247 2379 2342 2431 τοῦ
2373 2376 2517 2447 πέρα
2547 2371 2642 2427 τοῦ
2671 2370 2869 2441 μέτρου
2896 2368 2975 2430 είς
2997 2364 3056 2419 τὸ
3078 2363 3179 2434 τῆς
3204 2360 3418 2434 τρυφῆς
3441 2374 3607 2447 κατα-

2036 2450 2380 2534 ποντίζεσθαι
2407 2464 2719 2527 κλυδώνιον,
2756 2456 2979 2530 βελτίων
3006 2455 3116 2524 ἀρα
3140 2451 3357 2519 ἐκείνης
3387 2446 3527 2517 αῦτη
3568 2448 3601 2515 ἡ

2032 2563 2281 2637 τράπεζα
2308 2560 2402 2614 καὶ
2428 2554 2623 2628 ἡδονῆς
2656 2553 2863 2606 ἕνεκεν.
2892 2547 3003 2603 Καὶ
3036 2544 3105 2598 τά
3134 2544 3235 2614 τῆς
3270 2540 3523 2637 δαπάνης
3546 2537 3604 2590 δὲ

2035 2627 2266 2709 ἐνταῦθα
2298 2648 2542 2723 βελτίονα
2561 2660 2575 2675 ³
2610 2642 2793 2713 ἐκείνη
2837 2640 2935 2711 μὲν
2966 2637 3077 2710 γάρ
3118 2631 3430 2705 δαπανηρά,
3461 2627 3603 2697 αὐτη

2032 2750 2088 2802 δέ
2134 2746 2337 2802 οὐκέτι.
2378 2740 2537 2796 Ἀλλά
2573 2740 2660 2805 τί;
2706 2733 2815 2807 ἆρα
2856 2734 2971 2797 τοῖς
3021 2728 3403 2799 ἀνακειμένοις
3446 2724 3611 2795 μόνον

2033 2835 2196 2909 ἡδίων
2222 2832 2362 2903 αὐτη
2402 2833 2436 2902 ἡ
2463 2828 2730 2898 τράπεζα,
2761 2825 2796 2897 ἢ
2837 2824 2933 2877 καὶ
2960 2821 3039 2893 τῷ
3084 2817 3337 2874 καλοῦντι
3383 2815 3605 2869 πλείονα

2034 2905 2175 2997 αῦτη
2209 2924 2366 2994 φέρει
2401 2921 2499 2993 τὴν
2529 2916 2721 2991 ἡδονὴν
2763 2916 3009 2986 ἐκείνης;
3050 2912 3221 2965 Τοῦτο
3258 2909 3369 2979 γάρ
3403 2908 3517 2997 ἐστι
3545 2905 3607 2958 τὸ

2037 3015 2239 3088 μᾶλλον
2286 3012 2619 3084 ζητούμενον
2686 3008 2841 3079 ἡμῖν.
2888 3002 3096 3059 Οὐκοῦν
3131 3003 3161 3055 ὁ
3208 3001 3308 3072 μὲν
3365 2996 3605 3058 ἐκείνους

2034 3106 2239 3167 καλῶν,
2279 3102 2386 3173 πρὸ
2420 3100 2682 3155 πλειόνων
2710 3096 2934 3169 ἡμερῶν
2977 3091 3479 3166 παρασκευάζεται,
3511 3088 3606 3142 καὶ

2033 3199 2339 3271 πράγματα
2366 3194 2512 3266 ἔχειν
2553 3188 2921 3260 ἀναγκάζεται
2950 3188 3045 3243 καὶ
3072 3185 3360 3257 φροντίδας
3391 3181 3486 3236 καὶ
3511 3196 3603 3251 με·

2037 3292 2253 3365 ρίμνας,
2286 3288 2410 3341 οὔτε
2438 3286 2537 3351 τὰς
2565 3284 2767 3348 νύκτας
2794 3281 3091 3345 καθεύδων,
3114 3278 3239 3331 οὗτε
3270 3276 3369 3339 τάς
3393 3273 3604 3347 ἡμέρας

2031 3383 2348 3456 ἡσυχάζων·
2379 3379 2517 3434 ἀλλά
2544 3377 2900 3433 ἀναπλάττων
2940 3376 2999 3428 ἐν
3040 3370 3217 3442 ἐαυτῷ
3265 3366 3454 3433 πολλὰ,
3499 3382 3604 3456 μα-

2031 3454 2234 3548 γείροις
2261 3472 2662 3542 διαλεγόμενος,
2685 3468 2981 3540 ὀψοποιοῖς,
3002 3462 3442 3537 τραπεζοποιοῖς.
3469 3454 3606 3511 Εῐτα

2031 3567 2203 3637 αὐτῆς
2228 3566 2331 3636 τῆς
2363 3563 2577 3636 ἡμέρας
2604 3560 2905 3629 ἐπιστάσης
2930 3558 3029 3611 ῖδοι
3062 3573 3146 3618 τις
3177 3553 3244 3608 ἂν
3283 3553 3444 3607 αὑτὸν
3470 3550 3605 3621 μᾶλ-

2030 3660 2121 3713 λον
2152 3657 2447 3721 δεδοικότα,
2497 3654 2533 3725 ἡ
2564 3654 2690 3717 τοὺς
2732 3651 3021 3723 μέλλοντας
3063 3644 3377 3711 πυκτεύειν,
3414 3644 3605 3715 μήτις

2032 3751 2186 3823 παρά
2214 3750 2372 3820 λόγον
2407 3747 2658 3817 γένηται,
2697 3743 2771 3815 μὴ
2798 3741 3064 3814 βασκανίᾳ
3095 3738 3286 3811 βληθῇ,
3315 3736 3389 3809 μὴ
3427 3752 3606 3807 κατη..

2031 3846 2225 3917 γόρους
2244 3840 2453 3895 ἐκεῖθεν
2477 3837 2618 3909 λάδῃ
2635 3834 2881 3898 πολλούς.
2909 3828 3075 3895 Οὗτος
3107 3830 3165 3884 δὲ
3186 3830 3368 3899 πάσης
3397 3824 3604 3895 ταύτης

2032 3934 2374 4007 ἀπήλλακται
2436 3930 2536 4002 τῆς
2590 3926 2869 4000 φροντίδος
2917 3924 3013 3978 καὶ
3071 3924 3181 3975 τῶν
3235 3917 3599 3992 πραγμάτων,

2030 4025 2460 4097 αὑτοσχεδιάζων
2509 4022 2609 4092 τὴν
2639 4019 2937 4091 τράπεζαν,
2989 4016 3084 4069 καὶ
3129 4015 3189 4067 οὐ
3237 4013 3345 4084 πρὸ
3391 4010 3602 4064 πολλῶν

2031 4119 2252 4191 ἡμερῶν
2292 4115 2590 4188 μεριμνῶν.
2645 4114 2757 4168 Καὶ
2803 4110 2938 4183 μετά
2980 4108 3046 4181 δὴ
3076 4107 3255 4161 ταῦτα
3300 4097 3455 4167 οὗτος
3503 4103 3611 4172 μένι

2032 4208 2232 4272 εὐθέως
2256 4208 2356 4279 τὴν
2379 4206 2540 4277 χάριν
2563 4203 2866 4259 ἀπώλεσεν·
2894 4201 3100 4262 ἐκεῖνος
3126 4197 3184 4250 δέ
3210 4196 3324 4265 ἔχει
3350 4194 3441 4247 τὸν
3469 4192 3609 4246 Θεὸν.

2029 4298 2333 4366 ὀφειλέτην,
2362 4296 2457 4349 καὶ
2486 4294 2751 4365 χρησταῖς
2781 4290 3041 4362 τρέφεται
3065 4288 3187 4350 ταῖς
3225 4283 3428 4346 ἐλπίσι,
3477 4280 3602 4336 καθ’

2030 4388 2267 4458 ἑκάστην
2295 4385 2511 4457 ἡμέραν
2536 4382 2911 4454 εὐωχούμενος
2955 4378 3048 4434 ἀπ’
3082 4377 3296 4447 ἐκείνης
3335 4376 3436 4445 τῆς
3467 4391 3605 4445 τρα-

2029 4480 2219 4549 πέζης.
2256 4479 2336 4533 Τά
2377 4479 2475 4551 μὲν
2522 4478 2631 4549 γὰρ
2674 4475 2822 4530 σιτία
2864 4473 3231 4536 ἀναλίσκεται,
3268 4471 3303 4540 ἡ
3351 4468 3409 4521 δέ
3449 4464 3611 4540 [550]⁴

2028 4567 2188 4638 χάρις
2220 4568 2321 4621 οὐκ
2347 4566 2719 4630 ἀναλίσκεται,
2765 4564 2903 4617 ἀλλὰ
2947 4561 3070 4616 καθ’
3112 4562 3351 4630 ἑκάστην
3386 4558 3611 4629 ἡμέραν⁴

2032 4658 2232 4728 μᾶλλον
2261 4659 2442 4731 χαίρει
2477 4658 2574 4712 καὶ
2613 4658 2874 4726 γάννυται
2918 4655 3143 4710 ἐκείνων
3169 4655 3279 4707 τῶν
3307 4653 3400 4707 τὸν
3434 4653 3611 4707 πολὺν

2027 4742 2169 4801 οἶνον
2192 4748 2632 4821 ἐμφορηθέντων.
2668 4748 2835 4801 Οὐδὲν
2859 4746 2970 4817 γὰρ
2996 4743 3141 4799 οὕτω
3170 4744 3367 4815 τρέφει
3384 4743 3483 4814 τὴν
3501 4744 3603 4813 ψυ-

2028 4838 2149 4910 χὴν,
2188 4842 2265 4905 ὡς
2312 4842 2468 4905 ἐλπὶς
2516 4838 2698 4911 ἀγαθὴ
2755 4839 2852 4893 καὶ
2886 4837 2948 4891 τὸ
3002 4836 3217 4909 χρηστά
3266 4835 3597 4907 προσδοκῶ.

2040 4939 2201 4994 Ἀλλά
2223 4937 2288 5009 δὴ
2312 4937 2381 4990 τὰ
2413 4935 2551 5007 μετά
2577 4933 2751 4988 ταῦτα
2776 4932 2999 5001 ἴδωμεν.
3041 4931 3189 4983 Ἐκεῖ
3209 4928 3307 4999 μὲν
3329 4925 3483 4980 αὐλοὶ
3503 4926 3598 4979 καὶ

2028 5032 2249 5103 κιθάραι
2307 5028 2402 5082 καὶ
2454 5025 2750 5097 σύριγγες,
2791 5021 3026 5077 ἐνταῦθα
3070 5021 3129 5075 δὲ
3180 5020 3335 5073 οὐδὲν
3387 5018 3599 5087 ἀπηχὲς

2029 5124 2191 5195 μέλος
2213 5139 2228 5155 ο
2263 5120 2399 5175 ἀλλά
2425 5118 2507 5185 τί;
2538 5115 2718 5189 ὕμνοι,
2748 5113 3079 5185 ψαλμῳδίαι.
3118 5111 3267 5165 Ἐκεῖ
3291 5108 3390 5181 μὲν
3408 5109 3458 5161 οῖ
3484 5107 3600 5162 δαί-

2031 5230 2190 5285 μονες
2214 5207 2596 5281 ἀνυμνοῦνται,
2630 5205 2866 5263 ἐνταῦθα
2902 5205 2960 5258 δὲ
2989 5205 3019 5258 ό
3059 5203 3278 5258 πάντων
3320 5200 3598 5270 Δεσπότης

2026 5308 2179 5373 Θεός.
2234 5307 2397 5377 Ὁρᾷς
2446 5304 2623 5372 πόσης
2678 5303 2776 5373 μὲν
2817 5301 2952 5373 αὕτη
3012 5300 3269 5371 χάριτος,
3322 5296 3497 5367 πόσης
3536 5294 3596 5349 δὲ

2024 5396 2419 5469 ἀγνωμοσύνης
2462 5394 2646 5465 ἐκείνη
2687 5394 2781 5447 καὶ
2830 5390 3190 5461 ἀναισθησίας
3227 5388 3423 5459 γέμει;
3457 5385 3594 5440 Εἰπὲ

2025 5493 2134 5563 γάρ
2169 5507 2260 5561 μοι
2285 5504 2299 5519 ο
2332 5489 2361 5541 ὁ
2390 5487 2523 5550 Θεός
2551 5502 2611 5539 σε
2640 5484 2867 5558 ἔθρεψεν
2910 5487 2974 5538 ἐκ
3000 5483 3112 5537 τῶν
3138 5480 3361 5551 ἀγαθῶν
3402 5477 3592 5540 αὑτοῦ,

2026 5584 2120 5639 καὶ
2147 5581 2266 5635 δέον
2291 5578 2440 5646 αὐτῷ
2471 5579 2812 5649 εὐχαριστεῖν
2845 5575 2984 5646 μετά
3024 5574 3086 5628 τὸ
3115 5575 3408 5645 τραφῆναι,
3443 5571 3508 5625 σὺ
3537 5570 3595 5624 δὲ

2026 5676 2151 5735 τοὺς
2186 5672 2445 5740 δαίμονας
2468 5669 2811 5738 ἐπεισάγεις;
2846 5667 2916 5721 τά
2945 5666 3053 5738 γὰρ
3074 5667 3164 5721 διὰ
3186 5666 3295 5720 τῶν
3318 5664 3594 5735 πηκτίδων

2032 5766 2182 5821 οὐδὲν
2216 5763 2360 5831 ἄλλο,
2401 5762 2436 5834 ἡ
2467 5762 2737 5835 δαιμόνων
2780 5761 3019 5835 ᾅσματα.
3053 5760 3181 5815 Δέον
3206 5762 3400 5827 εἰπεῖν,
3434 5758 3597 5813 Εὑλομ
