4120 6400
436 403 539 461 ’5οἳ

433 537 501 575 au
531 527 716 575 exacte
760 526 817 574 et
865 529 1112 574 accurate
1157 527 1374 573 structas
1413 528 1538 574 sunt
1563 518 1734 572 ambae
1763 512 2012 570 mensa?

434 611 654 666 deestne
677 611 918 681 aliquid?
947 613 1055 683 Ego
1075 612 1290 682 quidem
1311 626 1417 666 non
1445 611 1671 680 Opinor:
1699 624 1822 664 nam
1849 617 1904 664 et
1930 607 2014 661 in-

436 703 631 758 vitatos
679 705 922 758 recensui
943 744 959 771 ,
987 705 1314 774 exposuique
1357 719 1516 774 quam
1547 703 1776 772 pretiosa
1806 709 1860 756 et
1897 716 2014 755 ma-

434 796 626 864 gniﬁca
671 805 853 851 essent
897 811 1044 862 vasa,
1094 797 1326 868 stragula
1380 807 1436 852 et
1486 795 1706 851 cibaria.
1735 793 1841 850 Sed
1870 801 1925 848 et
1969 791 2016 848 si

434 887 722 958 quidquam
757 889 1195 960 prtetermisimus
1215 929 1231 956 ,
1269 889 1323 943 in
1345 889 1586 944 oratione
1613 887 2018 958 progredientes

435 978 488 1031 id
516 978 868 1035 inveniemus.
889 982 999 1051 Age
1024 996 1154 1051 ergo
1177 1021 1192 1045 ,
1221 980 1471 1051 quoniam
1502 979 1643 1049 quod
1687 979 1922 1049 oportuit
1963 986 2019 1032 et

435 1069 617 1136 decuit
641 1071 806 1125 decus
843 1079 897 1126 et
925 1082 1294 1126 ornamentum
1326 1073 1532 1140 accepit
1557 1080 1782 1139 utraque
1809 1083 2015 1133 mensa,

436 1159 712 1216 videamus
750 1162 962 1216 ubinam
1005 1178 1100 1217 vos
1135 1163 1482 1218 accumhetis.
1511 1161 1644 1216 Nam
1679 1174 1779 1231 ego
1804 1158 2018 1228 quidem

437 1251 574 1306 vado
602 1251 671 1306 ad
696 1268 936 1308 mensam
958 1269 1223 1308 czecorum
1251 1262 1306 1308 et
1331 1253 1644 1308 claudorum
1675 1270 1688 1306 :
1718 1252 1899 1322 plures
1923 1266 2020 1305 au-

437 1353 544 1397 tem
568 1358 633 1398 ex
660 1344 813 1398 vobis
838 1345 1034 1415 cligent
1089 1345 1225 1400 hanc
1271 1346 1499 1400 fortasse
1537 1359 1778 1399 mensam
1827 1343 2021 1396 ducto-

439 1451 556 1489 rum
586 1437 852 1491 exercitus
892 1453 1010 1508 qua:
1060 1448 1144 1492 est
1197 1437 1473 1508 splendida
1503 1445 1557 1491 et
1598 1436 1800 1490 hilaris.
1832 1434 2026 1490 Videa-

441 1540 559 1581 mus
588 1543 715 1597 ergo
741 1537 856 1583 utra
895 1529 962 1582 sit
996 1529 1183 1598 majori
1220 1529 1422 1598 repleta
1452 1529 1756 1597 voluptate;
1786 1525 2023 1581 nondum

440 1619 582 1671 enim
611 1619 785 1671 futura
828 1619 1160 1689 inquiramus
1193 1635 1205 1671 :
1236 1634 1359 1674 nam
1404 1619 1456 1672 in
1503 1618 1608 1672 illis
1644 1616 1858 1686 quidem
1909 1615 2024 1670 Iure

445 1725 560 1763 mea
583 1718 665 1763 est
684 1711 944 1781 superior.
964 1710 1181 1777 Quare?
1203 1710 1462 1778 Quoniam
1489 1708 1606 1763 haec
1630 1707 1843 1780 quidem
1870 1705 2023 1760 Chri-

442 1811 583 1855 stum
614 1802 771 1857 habet
795 1804 1197 1860 accumbentem
1224 1819 1239 1868 ;
1273 1804 1360 1858 illa
1391 1811 1566 1857 autem
1582 1802 1828 1857 homines
1861 1816 1875 1853 :
1911 1799 2023 1854 hzec

445 1892 747 1960 Dominum,
781 1893 864 1948 illa
887 1907 1092 1949 servos.
1127 1893 1282 1948 Atdc
1317 1893 1400 1947 bis
1431 1892 1666 1948 nondum
1689 1892 1896 1962 agitur;
1927 1890 2024 1946 sed

443 1982 717 2036 videamus
745 1994 860 2038 utra
902 1983 1160 2054 majorem
1188 1983 1379 2040 habeat
1410 1985 1734 2054 voluptatem
1780 1982 1834 2036 in
1883 1979 2023 2051 prce-

443 2074 633 2128 sentia.
663 2073 730 2128 Et
773 2075 826 2128 in
878 2071 976 2129 hac
1006 2074 1219 2145 quidem
1267 2074 1437 2144 major
1479 2084 1561 2128 est
1590 2073 1706 2127 haec
1735 2072 1977 2141 voluptas
2007 2087 2022 2123 :

445 2180 566 2218 nam
589 2180 708 2219 cum
736 2180 861 2236 rege
887 2166 1203 2221 accumbere
1222 2165 1477 2236 majorem
1499 2164 1655 2219 aﬂ‘ert
1675 2163 2023 2233 voluptatem,

445 2271 601 2325 quam
630 2271 750 2311 cum
781 2256 969 2312 servis.
1001 2256 1108 2313 Sed
1137 2257 1237 2312 hoc
1257 2272 1471 2327 quoque
1513 2260 1808 2320 mittamus,
1832 2264 1886 2310 et
1911 2270 2024 2309 rem

446 2346 614 2415 ipsam
645 2363 739 2417 per
767 2363 825 2402 se
851 2353 1238 2404 examinemus.
1257 2350 1366 2419 Ego
1394 2348 1591 2419 itaque,
1618 2356 1673 2402 et
1696 2347 1784 2418 qui
1816 2361 2025 2402 mecum

445 2436 585 2492 hanc
611 2454 847 2499 mensam
870 2439 1165 2510 elegerunt,
1194 2453 1314 2494 cum
1342 2454 1530 2510 magna
1553 2439 1800 2495 libertate
1829 2447 1884 2494 et
1908 2439 2028 2492 ani-

447 2529 520 2582 mi
545 2529 926 2600 tranquillitate
951 2539 1005 2585 et
1031 2529 1408 2596 delectatione,
1437 2539 1491 2585 et
1533 2530 1805 2594 dicemus,
1837 2537 1892 2584 et
1929 2543 2027 2582 au-

447 2619 656 2674 diemus
682 2621 859 2675 omnia
887 2637 900 2678 :
928 2636 1022 2676 vos
1059 2629 1237 2676 autem
1263 2629 1552 2677 trementes
1578 2629 1632 2676 et
1659 2619 2026 2685 formidantes,

447 2720 502 2765 et
526 2727 618 2766 eos
638 2712 727 2782 qui
764 2714 1088 2768 accumbunt
1115 2722 1443 2778 reverentes,
1473 2728 1541 2768 ne
1569 2728 1784 2768 manum
1814 2712 2028 2782 quidem

448 2803 710 2859 audebitis
731 2805 1039 2872 extendere,
1071 2815 1338 2877 tamquam
1369 2807 1425 2860 in
1455 2806 1726 2878 paedagogi
1758 2806 1942 2860 ludum
1967 2806 2031 2859 li-

451 2896 701 2951 terarium
728 2897 974 2968 ingressi,
1010 2913 1114 2954 non
1136 2897 1202 2953 ad
1230 2898 1530 2968 prandium,
1565 2909 1833 2968 tamquam
1859 2912 2031 2953 savos

448 2989 696 3046 dominos
736 2989 1131 3046 horrescentes.
1163 2990 1268 3046 Sed
1311 3005 1418 3044 non
1466 2989 1543 3044 sic
1573 2990 1670 3044 illi.
1695 2991 1764 3043 At
1804 3005 2026 3060 magna,

449 3080 640 3150 inquit,
669 3095 757 3136 res
784 3090 869 3136 est
898 3081 1091 3136 honor.
1126 3081 1285 3151 Atqui
1312 3096 1410 3152 ego
1436 3079 1651 3151 quidem
1681 3081 1866 3148 majori
1911 3095 2029 3138 sum

450 3173 502 3226 in
535 3174 739 3228 honore
770 3188 783 3226 :
818 3188 938 3228 nam
970 3182 1143 3228 vestra
1188 3174 1360 3243 major
1393 3182 1615 3244 apparet
1658 3174 1832 3228 vilitas
1859 3214 1874 3238 ,
1902 3189 2026 3228 cum

451 3265 610 3320 etiam
648 3265 890 3335 ejusdem
935 3280 1134 3319 mensa:
1176 3264 1499 3334 participes,
1541 3263 1826 3334 proferatis
1870 3264 2029 3320 verba

450 3373 750 3415 servorum.
783 3356 992 3412 Etenim
1022 3367 1147 3411 tunc
1170 3357 1402 3411 maxime
1424 3366 1648 3427 apparet
1670 3371 1878 3422 servus,
1907 3371 2030 3410 cum

452 3449 761 3506 accubuerit
797 3462 918 3504 cum
953 3447 1172 3503 domino
1202 3466 1216 3502 :
1247 3463 1366 3502 nam
1397 3448 1489 3502 ille
1512 3448 1727 3517 quidem
1757 3455 1839 3502 est
1867 3447 1955 3501 ubi
1981 3446 2030 3500 ei

452 3557 574 3598 esse
611 3556 716 3596 non
756 3540 1127 3605 conveniebat,
1156 3555 1219 3594 ex
1269 3539 1631 3594 familiaritate
1678 3555 1786 3594 non
1826 3549 2030 3594 tantum

455 3635 658 3690 habens
686 3633 968 3698 honorem,
1017 3644 1268 3702 quantam
1295 3633 1649 3701 dejectionem
1673 3649 1689 3696 ;
1732 3641 1858 3686 tunc
1887 3633 2032 3687 enim

455 3726 606 3782 valde
644 3725 863 3781 humilis
891 3724 1131 3781 redditur
1149 3733 1204 3778 et
1230 3725 1490 3794 abjeclus.
1516 3724 1739 3780 Servum
1769 3724 1911 3779 enim
1937 3739 2033 3794 per

454 3835 513 3876 se
537 3819 733 3875 videris
754 3833 874 3874 esse
893 3818 1251 3888 splendidum,
1274 3827 1329 3874 et
1355 3833 1449 3886 per
1472 3832 1531 3873 se
1554 3817 1890 3887 splendidum
1912 3832 2031 3874 esse

456 3925 744 3982 pauperem
768 3951 784 3974 ,
815 3918 869 3963 at
898 3925 1004 3964 non
1031 3909 1244 3979 quando
1273 3909 1512 3963 ambulat
1545 3924 1665 3964 cum
1692 3909 1858 3966 divite
1883 3927 1898 3965 :
1932 3910 2033 3964 hu-

457 4003 581 4057 mile
610 4003 754 4057 enim
778 4001 993 4072 quando
1019 4000 1178 4056 fuerit
1219 4015 1387 4071 prope
1426 3999 1684 4064 sublime,
1718 4009 1842 4055 tunc
1866 4015 2031 4069 appa-

456 4104 539 4150 ret
589 4094 823 4159 humile;
865 4103 920 4148 et
954 4093 1283 4164 comparatio
1323 4093 1523 4149 humile
1548 4093 1723 4148 reddit
1747 4093 2032 4161 humilius,

457 4203 564 4243 non
585 4187 764 4242 altius.
798 4187 872 4242 lta
898 4202 994 4242 vos
1023 4202 1235 4256 quoque
1266 4186 1576 4243 humiliores
1615 4186 1789 4242 reddit
1814 4195 1868 4241 et
1888 4187 2035 4255 abje-

456 4281 653 4337 ctiores
679 4294 800 4333 cum
831 4280 932 4334 illis
959 4280 1278 4334 accumbere
1306 4295 1320 4331 :
1350 4278 1444 4333 sed
1469 4293 1572 4332 non
1594 4275 1713 4332 nos.
1744 4277 1800 4331 ln
1828 4277 2035 4333 duobus

455 4372 670 4443 quidem
693 4371 814 4426 illos
831 4385 1163 4441 superamus,
1185 4385 1377 4440 nempe
1397 4371 1449 4424 in
1471 4369 1714 4425 libertate
1728 4377 1783 4425 et
1810 4369 2034 4437 honore,

458 4481 578 4519 cum
609 4464 799 4535 quibus
827 4463 959 4518 nihil
987 4471 1162 4533 potest
1188 4463 1439 4528 conferri,
1470 4463 1611 4532 quod
1639 4463 1832 4518 attinet
1855 4463 1920 4517 ad
1943 4479 2036 4518 vo-

457 4558 734 4626 luptatem.
766 4554 896 4609 Nam
936 4569 1036 4624 ego
1078 4553 1292 4624 quidem
1317 4553 1498 4608 malim
1529 4553 1700 4609 solum
1723 4569 1912 4624 panem
1941 4570 2034 4608 su-

459 4662 608 4702 mere
637 4661 758 4700 cum
788 4645 1034 4700 libertate
1056 4685 1072 4712 ,
1105 4660 1262 4714 quam
1293 4644 1711 4700 innumerabiles
1739 4645 1887 4700 cibos
1912 4660 2032 4700 cum

458 4740 737 4794 servitute.
757 4736 942 4791 Melius
967 4746 1037 4790 est
1058 4737 1223 4790 vocari
1244 4738 1311 4789 ad
1339 4735 1478 4791 olera
1501 4752 1615 4789 cum
1639 4737 1868 4801 caritate,
1883 4753 2036 4806 quam

457 4831 527 4884 ad
564 4828 773 4884 vitulum
798 4831 1082 4897 saginatur»
1110 4845 1220 4881 cum
1249 4829 1366 4881 odio
1393 4829 1411 4897 (
1437 4826 1597 4887 Prw.
1619 4829 1707 4883 15.
1739 4829 1804 4882 17
1833 4830 1873 4899 ).
1899 4828 2032 4883 Nam

458 4922 715 4994 quidquid
744 4921 817 4976 illi
843 4921 1095 4986 dixerint,
1129 4935 1349 4976 necesSe
1379 4929 1461 4976 est
1487 4928 1544 4977 ut
1581 4923 1670 4990 qui
1697 4920 1890 4976 adsunt
1916 4921 2034 4976 lau-

459 5016 615 5081 dent,
646 5013 728 5068 vel
768 5012 1062 5078 oﬂ‘endant,
1094 5028 1153 5067 se
1174 5023 1418 5082 gerentes
1451 5022 1717 5084 tamquam
1751 5015 2032 5082 parasitos,

459 5109 567 5163 imo
599 5122 727 5162 vero
758 5105 863 5160 illis
885 5105 1057 5174 pejus.
1086 5105 1219 5158 Nam
1246 5105 1324 5159 eis
1345 5105 1584 5175 quidem,
1615 5113 1669 5161 et
1693 5105 1737 5159 si
1762 5120 1882 5160 cum
1914 5121 2037 5175 pro-

458 5201 556 5254 bro
599 5208 653 5252 et
684 5198 971 5268 ignominia
1016 5196 1338 5251 contumelia
1382 5197 1705 5265 afficiantur,
1738 5212 1844 5252 non
1884 5196 2036 5253 deest

459 5304 636 5347 tamen
663 5291 884 5346 libertas
913 5290 1163 5359 loquendi
1189 5306 1202 5345 :
1225 5288 1378 5343 vobis
1407 5299 1582 5344 autem
1610 5303 1678 5344 ne
1702 5290 1803 5345 hoc
1821 5289 2034 5359 quidem

458 5385 630 5440 adest.
649 5383 753 5438 Sed
779 5381 1039 5452 ejusmodi
1061 5382 1273 5452 quidem
1295 5391 1377 5437 est
1395 5383 1570 5438 vilitas
1583 5391 1638 5440 et
1661 5382 1922 5452 dejectio;
1941 5399 2035 5438 ex-

458 5476 734 5534 timescitis
780 5476 920 5530 enim
946 5485 1000 5530 et
1035 5473 1341 5544 trepidatis:
1375 5473 1552 5529 nullus
1592 5483 1771 5529 autem
1809 5473 2035 5529 habetur

462 5572 655 5624 honor.
687 5569 823 5639 Ergo
849 5568 940 5621 illa
967 5565 1182 5637 quidem
1210 5566 1356 5621 omni
1383 5567 1654 5635 voluptate
1682 5574 1766 5620 est
1805 5567 2032 5636 privata,

461 5661 576 5716 haec
602 5669 778 5715 autem
801 5660 957 5731 plena
979 5667 1062 5714 est
1089 5659 1230 5715 omni
1260 5658 1423 5714 animi
1449 5657 1820 5714 delectatione.

530 5755 584 5810 5.
625 5751 859 5823 Crapulw
900 5751 1091 5806 malum
1115 5761 1162 5804 et
1189 5750 1425 5806 dedecus.
1456 5749 1649 5806 ——Sed
1697 5760 1752 5806 et
1797 5751 2032 5820 ipsarum

463 5859 702 5901 escarum
732 5852 975 5900 naturam
1000 5844 1382 5900 examinemus.
1417 5842 1549 5900 Nam
1570 5843 1675 5899 illic
1703 5842 1913 5914 quidem
1935 5860 2030 5903 nc-

1321 399 1387 456 ΙΝ
1428 396 1638 457 EPIST.
1681 398 1772 454 AD
1809 392 2082 452 COLOSS.
2124 394 2277 452 CAP.
2319 397 2359 452 Ι.
2403 395 2632 452 HOMIL.
2673 397 2712 453 Ι.

3599 409 3706 469 506

2126 524 2278 566 cesso
2303 513 2496 582 cuique
2522 521 2624 580 est,
2642 513 2850 569 etiamsi
2880 515 3031 583 nolit,
3052 519 3219 576 multo
3248 522 3373 578 vino
3401 521 3658 595 disrumpi
3687 547 3703 583 :

2124 601 2211 656 hic
2241 613 2416 657 autem
2448 604 2572 658 licet
2619 621 2726 659 non
2766 607 3071 677 comedere,
3101 627 3200 666 nec
3246 614 3451 680 bibere,
3475 617 3520 670 si
3547 618 3702 672 nolit.

2122 692 2478 760 Quamobrem
2507 695 2613 750 illic
2632 711 2772 765 eam,
2795 714 2915 768 qua:
2930 715 2994 754 ex
3011 701 3249 758 ciborum
3269 706 3573 761 conditione
3598 711 3710 764 ori-

2125 795 2210 840 tur
2230 787 2576 854 voluptatem.
2605 798 2660 844 et
2688 792 2997 860 praecedens
3026 794 3212 850 adimit
3238 797 3490 865 dedecus,
3520 811 3709 871 etquae

2124 879 2422 935 satietatem
2457 883 2697 952 sequitur
2721 884 2986 940 molestia.
3011 887 3126 942 Non
3153 891 3332 945 minus
3362 893 3505 946 enim
3545 909 3707 962 quam

2125 971 2310 1041 fames,
2335 988 2558 1043 corpora
2578 979 2870 1049 corrumpit
2890 980 3041 1036 nobis
3058 992 3112 1037 et
3139 983 3324 1040 dolore
3347 986 3512 1042 allicit
3539 990 3711 1058 reple-

2125 1062 2198 1117 tio
2224 1071 2278 1117 ct
2304 1065 2594 1131 saturitas;
2626 1067 2735 1122 imo
2775 1085 2904 1124 vero
2941 1073 3153 1139 gravius
3180 1092 3195 1130 :
3230 1086 3284 1130 et
3317 1093 3710 1149 quemcumque

2127 1152 2257 1207 mihi
2306 1154 2438 1209 dare
2478 1158 2733 1224 volueris,
2781 1175 2903 1215 eum
2942 1161 3150 1219 facilius
3176 1158 3503 1238 disrumpam
3533 1173 3708 1239 reple-

2128 1247 2294 1313 tione,
2326 1264 2485 1319 quam
2514 1251 2669 1306 fame.
2698 1253 2777 1308 Re
2807 1271 2933 1310 vera
2961 1257 3105 1312 enim
3137 1258 3252 1314 huic
3277 1272 3358 1315 est
3388 1263 3476 1318 illa
3508 1265 3710 1319 tolera-

2128 1339 2284 1394 bilior
2314 1359 2326 1394 :
2361 1344 2611 1411 quoniam
2640 1344 2832 1400 famem
2861 1348 2944 1402 vel
2972 1348 3156 1419 viginti
3195 1352 3312 1406 dies
3337 1355 3602 1424 quispiam
3629 1365 3713 1411 tu-

2129 1430 2267 1498 lerit,
2301 1434 2649 1502 repletiouem
2697 1447 2875 1492 autem
2917 1454 2984 1493 ne
3027 1440 3164 1496 duos
3210 1443 3426 1512 quidem
3460 1463 3474 1498 :
3503 1455 3557 1500 et
3587 1461 3710 1501 cum

2128 1520 2270 1577 fame
2299 1524 2516 1593 quidem
2561 1527 2775 1582 assidue
2803 1529 3068 1586 luctantes
3089 1534 3177 1602 qui
3204 1535 3312 1588 ruri
3345 1535 3563 1606 degunt,
3595 1542 3711 1594 sani

2127 1621 2253 1666 sunt
2274 1653 2290 1675 .
2324 1629 2423 1669 nec
2467 1626 2623 1685 egent
2659 1619 2920 1684 medicis;
2948 1621 3085 1677 banc
3112 1633 3290 1679 autem
3313 1666 3329 1691 ,
3361 1628 3711 1696 repletiouem

2129 1701 2364 1773 inquam,
2395 1722 2503 1760 non
2530 1707 2606 1762 illi
2631 1709 2846 1764 tulerint
2875 1712 2976 1767 nisi
3009 1725 3266 1783 perpetuo
3293 1730 3570 1774 accersant
3600 1737 3712 1776 me-

2129 1793 2312 1859 dicos;
2338 1796 2444 1850 imo
2472 1813 2601 1852 vero
2624 1799 2834 1854 illorum
2865 1818 3076 1872 quoque
3101 1806 3356 1861 auxilium
3383 1824 3524 1879 saepe
3553 1826 3714 1881 supe-

2129 1894 2211 1938 rat
2236 1885 2392 1956 hujus
2417 1890 2657 1959 tyrannis
2693 1889 2856 1960 Ergo,
2885 1894 3025 1962 quod
3056 1898 3247 1953 attinet
3268 1899 3334 1952 ad
3362 1901 3710 1970 voluptatem,

2131 1975 2246 2030 hare
2274 1978 2470 2046 primas
2501 1977 2660 2035 habet
2688 1990 2887 2052 partes.
2916 1983 3049 2038 Nam
3078 1987 3122 2040 si
3152 1987 3325 2044 honor
3366 1969 3582 2061 quidem

2125 2067 2410 2137 jucundior
2429 2111 2443 2134 ,
2473 2087 2630 2141 quam
2658 2073 2855 2143 probro
2884 2086 2937 2131 et
2986 2081 3310 2136 contumelia
3339 2076 3512 2150 affici;
3539 2078 3600 2140 et
3623 2103 3715 2156 po-

2132 2169 2377 2217 testatem
2407 2163 2626 2230 habere,
2651 2181 2809 2236 quam
2839 2182 2959 2236 esse
2980 2170 3308 2240 subjectum;
3337 2182 3390 2229 et
3419 2177 3712 2246 conlidere,

2132 2267 2288 2322 quam
2318 2253 2506 2310 timere
2550 2266 2604 2311 et
2645 2265 2912 2325 tremere;
2950 2269 3004 2315 et
3031 2260 3136 2316 frui
3165 2264 3229 2318 iis
3255 2280 3373 2334 quac
3401 2267 3668 2323 sufliciun'.
3695 2310 3713 2335 ,

2131 2360 2288 2414 quam
2329 2361 2488 2417 supra
2530 2349 2746 2404 modum
2777 2351 3022 2422 immergi
3050 2354 3104 2410 in
3132 2356 3327 2411 fluctus
3353 2359 3661 2415 deliciarum
3696 2379 3712 2416 :

2133 2437 2250 2493 haec
2274 2455 2456 2495 mensa
2489 2441 2577 2495 illa
2607 2451 2691 2496 est
2720 2444 2930 2510 melior,
2959 2448 3120 2502 etiam
3149 2449 3288 2518 quod
3314 2451 3503 2506 attinet
3528 2453 3593 2506 ad
3619 2471 3714 2506 vo-

2134 2528 2411 2601 luptatem.
2437 2532 2737 2600 Quinetiam
2770 2538 2910 2608 quod
2950 2538 3016 2592 ad
3043 2550 3312 2611 sumptum
3340 2545 3530 2600 attinet
3553 2587 3569 2613 ,
3600 2548 3716 2602 hmo

2133 2636 2344 2692 quoque
2364 2624 2649 2680 estmelior
2666 2644 2680 2680 :
2699 2643 2820 2680 nam
2839 2628 2926 2682 illa
2946 2630 3158 2700 quidem
3181 2633 3402 2687 multum
3425 2639 3714 2706 consumit,

2135 2712 2250 2769 lucc
2279 2730 2406 2770 vero
2445 2733 2798 2788 nequaquam.
2828 2721 2932 2775 Sed
2961 2723 3122 2792 quid?
3150 2741 3279 2780 num
3320 2726 3385 2781 iis
3423 2729 3594 2797 solum
3623 2721 3714 2801 qui

2134 2806 2698 2878 accubantjucundior
2731 2821 2814 2867 est
2854 2812 2970 2869 haec
3013 2830 3220 2882 mensa,
3249 2833 3317 2872 an
3358 2820 3516 2872 etiam
3549 2823 3597 2875 ei
3624 2823 3716 2892 qui

2134 2897 2343 2964 invitat,
2371 2900 2627 2968 majorem
2676 2902 2830 2958 affert
2882 2920 3039 2972 quam
3086 2906 3172 2960 illa
3215 2907 3576 2977 voluptatem?
3602 2912 3717 2978 Hoc

2134 2989 2275 3044 enim
2307 2999 2408 3054 est,
2431 2993 2571 3061 quod
2599 3009 2630 3047 a
2655 2994 2810 3048 nobis
2831 2995 2997 3066 magis
3018 2999 3292 3066 quaeritur.
3322 2999 3421 3068 Qui
3447 3017 3575 3072 ergo
3597 3003 3718 3060 illos

2136 3084 2343 3148 invitat,
2367 3087 2546 3140 multis
2573 3096 2698 3142 ante
2737 3086 2926 3143 diebus
2957 3105 3076 3144 sese
3105 3101 3358 3159 apparat;
3400 3102 3456 3148 et
3497 3109 3719 3152 necesse

2133 3185 2216 3231 est
2246 3185 2303 3230 ut
2344 3175 2537 3231 habeat
2561 3179 2802 3248 negotia,
2831 3193 2990 3234 curas
3016 3189 3068 3234 et
3093 3182 3477 3239 sollicitudines
3497 3226 3513 3250 ,
3544 3199 3594 3240 ut
3624 3191 3716 3258 qui

2135 3281 2307 3337 neque
2336 3277 2493 3322 nocte
2539 3267 2804 3336 dormiat,
2832 3286 3004 3341 neque
3051 3272 3280 3328 interdiu
3321 3275 3591 3344 quiescat,
3621 3280 3717 3334 sed

2134 3357 2274 3426 apud
2300 3373 2359 3413 se
2381 3359 2544 3413 multa
2562 3361 2849 3430 contingat,
2870 3362 3094 3432 loquens
3111 3379 3235 3420 cum
3255 3366 3461 3435 coquis,
3479 3383 3599 3422 cum
3621 3371 3718 3440 ob-,

2134 3451 2496 3516 sonatorihus,
2524 3466 2644 3506 cum
2691 3462 2891 3508 mensm
2937 3456 3309 3512 structoribus.
3352 3458 3553 3514 Deinde
3592 3476 3716 3520 cum

2135 3540 2249 3610 ipse
2288 3541 2403 3596 dies
2431 3542 2741 3610 advenerit,
2770 3543 2967 3599 videris
3004 3547 3179 3614 ipsum
3225 3547 3394 3618 magis
3439 3550 3714 3608 timentem

2135 3647 2292 3702 quam
2323 3647 2416 3687 eos
2443 3633 2532 3702 qui
2578 3642 2702 3688 sunt
2743 3635 2931 3704 pugnis
2973 3635 3320 3704 decertaturi,
3351 3653 3419 3693 ne
3456 3641 3580 3709 quid
3625 3643 3719 3698 fiat

2137 3731 2330 3794 prmter
2357 3724 2641 3789 rationem,
2685 3740 2751 3778 ne
2778 3725 2987 3779 invidiae
3018 3726 3218 3782 fascino
3238 3726 3480 3796 feriatur,
3507 3747 3572 3784 ne
3594 3733 3716 3788 inde

2137 3813 2333 3870 multos
2356 3825 2694 3871 accusatores
2717 3816 2817 3871 sibi
2845 3817 3038 3888 pariat.
3069 3818 3166 3874 llic
3192 3829 3367 3875 autem
3390 3823 3628 3878 estliber
3647 3826 3716 3879 ah

2137 3909 2281 3963 omni
2307 3924 2433 3962 cura
2464 3917 2519 3964 et
2548 3911 2780 3980 negotio,
2804 3926 3044 3966 mensam
3076 3913 3190 3980 ipse
3219 3929 3312 3983 per
3336 3929 3395 3969 se
3426 3929 3641 3984 parans,
3662 3928 3718 3972 et

2137 4015 2242 4053 non
2271 4000 2452 4054 multis
2477 4010 2603 4056 ante
2631 4001 2820 4056 diebus
2845 4003 2912 4057 de
2937 4018 3002 4058 eo
3028 4006 3308 4060 sollicitus.
3333 4007 3396 4061 Et
3419 4019 3599 4076 postea
3629 4008 3716 4063 hic

2136 4092 2351 4162 quidem
2371 4094 2548 4147 statim
2571 4093 2749 4148 amisit
2769 4096 2990 4163 gratiam
3018 4112 3031 4148 :
3056 4097 3144 4154 ille
3158 4105 3333 4152 autem
3357 4098 3517 4154 habet
3549 4100 3712 4156 Deum

2137 4183 2454 4250 debitorem,
2482 4193 2536 4238 et
2576 4185 2714 4240 bona
2743 4199 2839 4255 5pc
2859 4186 3040 4250 alitur,
3074 4188 3294 4258 singulis
3322 4189 3510 4244 diebus
3537 4207 3600 4246 ex
3626 4193 3714 4247 illa

2139 4291 2318 4330 mensa
2336 4277 2641 4331 convivaris.
2661 4276 2790 4330 Nam
2809 4277 2912 4332 cibi
2937 4278 3148 4348 quidem
3173 4290 3577 4348 consumuntur,
3595 4297 3718 4351 gra-

2138 4369 2207 4422 tia
2235 4380 2410 4424 autem
2442 4385 2546 4422 non
2576 4370 2937 4434 consumitur;
2969 4370 3062 4424 sed
3105 4372 3341 4441 quotidie
3369 4374 3535 4444 magis
3564 4375 3716 4427 laeta-

2139 4467 2225 4514 tur
2251 4467 2305 4514 et
2329 4461 2584 4525 exsultat,
2617 4475 2776 4529 quam
2801 4462 2891 4529 qui
2922 4461 3091 4515 multo
3121 4462 3244 4515 vino
3271 4477 3329 4516 se
3359 4464 3718 4534 ingurgitave-

2138 4563 2281 4608 runt.
2298 4552 2439 4607 Nihil
2466 4554 2607 4608 enim
2629 4553 2862 4608 animam
2886 4569 3034 4622 mque
3064 4555 3230 4611 nutrit
3258 4563 3418 4625 atque
3439 4556 3574 4611 bona
3594 4573 3718 4627 spes

2136 4655 2192 4701 et
2212 4647 2348 4702 bona
2377 4647 2723 4715 exspectatio.
2750 4646 2854 4701 Sed
2889 4645 3162 4700 videamus
3183 4662 3245 4702 ea
3272 4663 3390 4717 qua:
3418 4658 3599 4718 postea
3628 4665 3716 4706 se-

2137 4750 2389 4808 quuntur.
2412 4737 2524 4791 lllic
2543 4737 2755 4807 quidem
2778 4745 2902 4790 sunt
2924 4737 3064 4790 tibia:
3083 4745 3138 4790 et
3157 4737 3376 4792 citharae
3404 4750 3458 4794 et
3487 4739 3713 4804 ﬁstulze;

2139 4830 2224 4884 hic
2249 4839 2426 4884 autem
2455 4829 2631 4883 nullus
2651 4827 2932 4883 dissonans
2952 4827 3142 4882 modus
3166 4843 3179 4887 ;
3209 4829 3303 4886 sed
3329 4831 3489 4899 quid?
3511 4833 3715 4903 hymni,

2138 4921 2465 4992 psahnodizn.
2499 4920 2612 4976 lllic
2650 4921 2862 4990 quidem
2895 4921 3104 4991 hymnis
3144 4921 3483 4976 celebrantur
3517 4924 3718 4979 dmmo-

2138 5029 2272 5078 nes;
2309 5013 2394 5067 hic
2419 5019 2599 5066 autem
2637 5012 2776 5065 Deus
2815 5011 3052 5064 omnium
3100 5011 3374 5066 Dominus.
3408 5012 3568 5068 Vides
3593 5015 3714 5084 qui-

2137 5103 2258 5158 dem
2289 5113 2498 5172 quautae
2527 5103 2596 5155 sit
2624 5101 2736 5156 haec
2763 5101 2978 5171 gratim;
3011 5100 3064 5155 in
3093 5101 3236 5156 illam
3259 5112 3436 5157 autem
3457 5116 3714 5174 quantum

2137 5198 2292 5252 cadat
2323 5197 2512 5266 ingrati
2543 5195 2705 5250 animi
2734 5196 2938 5257 vitium,
2962 5204 3251 5264 stuporque
3279 5205 3335 5250 et
3358 5210 3547 5252 sensus
3586 5213 3716 5268 ege-

2137 5288 2284 5342 stas?
2307 5286 2399 5341 Dic
2426 5286 2569 5341 enim
2598 5285 2748 5349 mihi,
2778 5293 2829 5338 te
2856 5284 2994 5338 Deus
3022 5284 3153 5338 aluit
3181 5283 3292 5339 suis
3316 5284 3490 5349 bonis,
3515 5294 3714 5341 etcum

2137 5387 2410 5450 oporteret
2437 5379 2545 5435 Deo
2561 5379 2756 5448 gratias
2777 5392 2934 5447 agere
2953 5391 3074 5431 cum
3096 5377 3171 5432 sis
3191 5377 3442 5444 nutritus,
3469 5387 3524 5431 tu
3548 5378 3716 5432 intro-

2137 5473 2284 5529 ducis
2305 5473 2611 5529 daemones?
2640 5488 2760 5526 nam
2791 5487 2910 5542 quae
2947 5479 3213 5530 canuntur
3237 5469 3430 5526 fidibus
3449 5486 3556 5526 non
3590 5482 3713 5526 sunt

2136 5565 2298 5630 aliud,
2326 5581 2484 5636 quam
2510 5564 2811 5620 daemonum
2852 5563 3078 5620 cantica.
3108 5563 3175 5618 Et
3205 5577 3326 5618 eum
3356 5573 3409 5617 te
3443 5573 3714 5632 oporteret

2136 5658 2335 5720 dicere,
2368 5656 2684 5711 Benedietus
2711 5672 2791 5721 es,
2826 5655 3071 5722 Domine,
3098 5653 3222 5723 quia
3253 5668 3338 5708 me
3362 5654 3628 5709 nutrivisti
3646 5669 3712 5710 ex

2136 5751 2292 5806 bonis
2322 5750 2459 5816 tuis;
2490 5760 2756 5820 tamquam
2784 5748 2996 5803 infamis
3022 5747 3236 5818 quidam
3262 5748 3410 5804 canis
3436 5765 3502 5805 ne
3527 5750 3714 5804 memi-

2139 5845 2262 5900 nisti
2281 5843 2514 5915 quidem,
2528 5843 2622 5901 sed
2641 5841 2933 5898 introducis
2953 5840 3260 5899 darmones?
3283 5841 3391 5898 lmo
3407 5857 3530 5898 vero
3551 5841 3708 5897 etiam
