4120 6400
413 374 519 432 ὄῦτ

414 503 580 547 canes
608 495 717 543 tam
737 486 825 558 qui
850 490 1173 554 acceperunt
1191 497 1350 553 quam
1378 482 1465 551 qui
1508 497 1612 536 non
1642 487 1998 549 acceperunt,

417 581 760 637 blandiuntur
786 577 1126 640 domesticis;
1156 584 1211 629 tu
1240 585 1417 628 autem
1446 589 1513 628 ne
1538 573 1640 628 hoc
1676 573 1891 643 quidem
1923 572 2001 625 fa-

414 676 513 728 cis.
544 671 724 736 Canis,
758 670 917 725 etiam
941 683 1045 723 non
1068 667 1355 737 accipiens,
1372 665 1644 720 blanditur
1663 666 1918 727 domino;
1943 673 1998 718 tu

413 776 615 827 autem,
633 764 791 819 etiam
810 776 931 816 cum
949 761 1241 830 acceperis,
1260 760 1514 814 adversus
1531 773 1652 813 eum
1669 759 1848 812 latras.
1864 757 1997 811 Rur-

412 872 505 911 sus
534 856 701 917 canis,
720 854 928 910 etiamsi
965 854 1169 909 alienus
1197 853 1244 908 ei
1267 851 1588 916 bcnefaciat,
1607 869 1673 906 ne
1689 851 1766 906 sic
1781 850 1993 921 quidem

410 946 607 1001 desinit
631 961 752 1001 esse
782 946 1061 1007 inimicus,
1092 960 1265 1014 neque
1291 942 1523 997 allicltur
1548 940 1615 997 ad
1657 942 1945 996 amicitiam
1976 958 1992 1008 ;

409 1049 465 1094 tu
495 1049 673 1094 autem
702 1039 837 1093 mala
867 1037 1269 1091 innumerabilia
1303 1034 1509 1105 patiens
1553 1050 1581 1088 a
1623 1034 1955 1088 dmmonibus
1975 1073 1991 1098 ,

408 1132 571 1187 etiam
611 1131 677 1185 ad
711 1130 925 1201 prandia
953 1143 1048 1184 eos
1074 1128 1385 1183 introducis.
1419 1128 1775 1196 Quamobrem
1807 1143 1865 1183 es
1895 1128 1993 1181 du-

408 1227 495 1293 plo
515 1240 647 1280 cane
664 1224 913 1278 deterior.
944 1222 1109 1276 Recte
1129 1230 1305 1276 autem
1334 1220 1385 1274 in
1414 1220 1724 1274 memoriam
1744 1218 1988 1273 revocavi

402 1332 565 1371 canes
587 1316 725 1386 apud
757 1330 851 1369 eos
876 1356 892 1381 ,
920 1315 1009 1384 qui
1040 1324 1166 1369 tunc
1207 1313 1378 1368 solum
1415 1322 1580 1383 agunt
1605 1313 1802 1383 gratias
1821 1351 1836 1376 ,
1866 1325 1987 1365 cum

402 1408 578 1463 allecti
626 1408 819 1462 fuerint
858 1406 1136 1462 beneﬁcio.
1168 1405 1537 1460 Revereamini
1557 1446 1573 1471 ,
1602 1420 1761 1476 rogo,
1789 1418 1985 1470 canes,

401 1501 489 1569 qui
519 1500 678 1554 etiam
719 1498 859 1553 fame
884 1498 1186 1553 laborantes
1216 1497 1498 1552 adulantur
1523 1496 1755 1552 dominis
1779 1514 1793 1551 :
1816 1507 1869 1551 tu
1893 1512 1987 1551 au-

403 1598 531 1654 tem,
561 1591 604 1644 si
636 1590 869 1643 audieris
898 1588 1037 1659 quod
1067 1588 1276 1643 daemon
1297 1589 1501 1643 curavit
1526 1587 1851 1658 quempiam,
1877 1596 1985 1641 sta-

401 1685 496 1738 tim
521 1682 743 1737 dimittis
766 1683 1069 1747 Dominum,
1087 1696 1121 1736 o
1142 1681 1349 1736 ratione
1377 1681 1553 1735 minus
1582 1679 1802 1750 prmdite
1824 1694 1981 1750 quam

397 1774 597 1831 canes!
630 1778 696 1828 At
730 1775 1064 1836 meretrices,
1094 1772 1323 1842 inquies,
1356 1770 1481 1826 dum
1514 1771 1862 1840 aspiciuntur,
1886 1785 1980 1823 vo-

401 1869 655 1937 luptatem
683 1866 955 1921 exhibent.
984 1864 1152 1932 Quam
1185 1863 1551 1933 voluptatem?
1576 1877 1732 1932 quam
1765 1877 1869 1915 non
1895 1862 1980 1914 in-

395 1954 609 2009 famiam
627 1962 677 2008 et
704 1950 1091 2023 ignominiam?
1114 1950 1359 2019 Lupanar
1381 1948 1517 2004 facta
1546 1959 1625 2003 est
1658 1956 1741 2002 tua
1763 1948 1975 2010 domus,

392 2046 646 2115 furorque
682 2053 736 2100 et
763 2056 985 2100 (nstrum
1017 2059 1031 2095 :
1073 2058 1178 2097 non
1212 2050 1264 2097 te
1293 2041 1456 2112 pudet
1496 2056 1559 2095 ea
1596 2055 1790 2095 vocare
1818 2039 1975 2094 volu-

394 2139 637 2208 ptatem?
665 2140 820 2208 Atqui
850 2139 892 2193 si
923 2138 1077 2191 liceat
1098 2135 1242 2190 omni
1272 2136 1347 2190 uti
1374 2134 1665 2204 voluptate,
1695 2135 1868 2202 majus
1894 2142 1977 2189 est

391 2228 518 2288 iliud
540 2232 813 2304 probrum,
833 2238 888 2286 et
908 2230 1076 2300 major
1098 2245 1217 2301 qua:
1242 2244 1307 2284 ex
1339 2243 1400 2282 ea
1425 2228 1682 2296 accipitur
1703 2227 1968 2282 molestia.

388 2326 705 2395 Quomodo?
734 2327 922 2380 Annon
948 2339 1108 2395 grave
1128 2332 1208 2378 est
1237 2330 1292 2378 te
1312 2321 1538 2391 lupanar
1559 2320 1735 2374 facere
1754 2319 1970 2373 domum

388 2428 553 2483 tuam,
576 2418 627 2471 in
653 2431 752 2487 qua
780 2415 1025 2471 homines
1045 2413 1208 2469 veluti
1230 2428 1355 2469 sues
1382 2413 1435 2468 in
1457 2427 1614 2468 caeno
1628 2412 1972 2467 volutentur?

386 2512 439 2567 Si
470 2521 646 2565 autem
678 2524 781 2563 non
809 2523 1063 2578 eousque
1086 2504 1477 2578 progrediatur,
1504 2519 1631 2561 ecce
1655 2519 1842 2561 rursus
1858 2520 1970 2557 ma-

378 2602 469 2672 jor
488 2610 571 2657 est
589 2600 743 2655 dolor
764 2617 777 2654 :
802 2609 1048 2669 aspectus
1065 2599 1206 2652 enim
1232 2612 1338 2652 non
1359 2604 1446 2651 est
1468 2597 1733 2666 voluptas,
1754 2596 1968 2665 quando

384 2709 491 2747 non
524 2692 682 2747 fuerit
710 2705 858 2757 usus,
889 2689 982 2745 sed
1011 2689 1184 2759 majus
1208 2687 1529 2743 desiderium
1557 2698 1612 2742 et
1641 2688 1853 2742 ﬂamma
1875 2702 1967 2741 ve-

383 2782 703 2838 hementior.
735 2782 838 2838 Sed
866 2784 945 2835 vis
970 2782 1107 2836 scire
1138 2781 1336 2835 ﬁnem?
1378 2781 1455 2835 Illi
1481 2779 1694 2850 quidem
1726 2796 1753 2832 a
1779 2794 1962 2835 mensa

380 2883 663 2943 singentes
691 2881 817 2927 sunt
846 2872 1048 2927 insanis
1073 2872 1283 2926 similes
1311 2880 1366 2927 et
1391 2870 1571 2927 furore
1598 2870 1834 2939 percitis,
1864 2885 1961 2924 au-

378 2964 572 3030 daces,
613 2963 851 3018 iracundi
876 3004 893 3029 ,
918 2964 1077 3018 etiam
1108 2963 1386 3033 mancipiis
1415 2962 1625 3017 ridiculi
1656 2979 1669 3016 :
1700 2971 1754 3017 ct
1781 2961 1960 3016 famuli

376 3055 592 3126 quidam
610 3054 887 3109 discedunt
907 3055 1089 3115 sobrii,
1107 3055 1192 3109 isti
1212 3068 1339 3109 vero
1354 3053 1560 3109 ebrii.0
1576 3053 1827 3109 dedecus!
1849 3054 1962 3109 Illic

377 3155 554 3201 autem
578 3145 1003 3215 nihilejusmodi,
1021 3146 1113 3201 sed
1134 3145 1352 3200 domum
1373 3145 1652 3206 recedunt.
1671 3161 1791 3199 cum
1809 3161 1959 3199 men.

375 3255 489 3295 sam
511 3238 871 3295 concluserint
888 3238 1175 3309 gratiarum
1207 3238 1436 3305 actione,
1471 3239 1577 3298 laeti
1603 3238 1954 3307 dormientes,

372 3331 479 3387 Izcti
510 3330 1038 3402 expergiscentes,ah
1062 3329 1206 3385 omni
1226 3331 1425 3401 probro
1444 3346 1507 3386 ac
1533 3331 1757 3387 crimine
1786 3332 1955 3387 liberi.

442 3424 496 3479 6.
522 3423 581 3480 Si
602 3424 683 3479 vis
712 3434 889 3478 autem
918 3423 1100 3478 videre
1128 3437 1222 3477 eos
1249 3424 1409 3477 etiam
1434 3423 1524 3493 qui
1556 3431 1682 3477 sunt
1709 3423 1951 3489 invitati,

372 3518 576 3574 videbis
608 3518 709 3573 hos
737 3519 952 3588 quidem
985 3517 1133 3571 intus
1161 3531 1281 3571 esse
1314 3516 1447 3571 tales
1468 3556 1483 3579 ,
1517 3516 1703 3586 quales
1734 3515 1810 3571 illi
1854 3531 1955 3570 ex-

372 3614 655 3675 trinsecus,
687 3626 879 3682 nempe
904 3626 1094 3675 cincos,
1122 3609 1362 3675 mutilos,
1392 3609 1646 3674 claudos;
1674 3619 1727 3664 et
1775 3609 1953 3680 qualia

368 3714 493 3757 sunt
525 3703 714 3757 horum
741 3718 987 3774 corpora,
1011 3704 1150 3757 tales
1182 3711 1308 3758 sunt
1338 3702 1550 3757 illorum
1582 3703 1795 3767 animm,
1816 3718 1950 3773 aqua

370 3794 632 3848 intercute
648 3793 951 3849 laborantes
973 3802 1027 3848 et
1048 3792 1485 3847 inflammatione.
1510 3792 1783 3862 Ejusmodi
1807 3794 1950 3848 enim

368 3902 458 3941 res
484 3894 568 3942 est
595 3895 649 3941 et
675 3886 979 3957 arrogantia
1005 3901 1162 3940 :nam
1183 3894 1305 3955 post
1331 3885 1550 3939 delicias
1573 3886 1632 3938 lit
1656 3885 1948 3940 mutilatio:

368 3994 455 4033 res
483 3978 626 4033 enim
670 3976 933 4047 ejusmodi
981 3986 1063 4033 est
1091 3976 1316 4047 repletio
1347 3985 1400 4031 et
1420 3976 1653 4033 ebrietas
1675 4017 1691 4041 ,
1732 3976 1951 4032 claudos

367 4070 597 4125 reddens
625 4079 679 4125 et
704 4068 944 4124 mutilos.
975 4072 1045 4124 At
1074 4070 1173 4123 hos
1202 4067 1410 4123 videbis
1437 4068 1570 4122 tales
1598 4067 1797 4123 habere
1832 4068 1950 4122 ani-

365 4177 514 4228 mas,
560 4161 738 4231 qualia
764 4161 849 4215 isti
884 4174 1135 4232 corpora,
1163 4158 1502 4229 splendidas,
1542 4168 1780 4214 ornatas.
1814 4158 1946 4213 Nam

365 4253 458 4325 qui
485 4254 670 4309 vivunt
698 4268 819 4309 cum
849 4253 1144 4324 gratiarum
1173 4253 1406 4317 actione,
1437 4252 1525 4321 qui
1555 4251 1689 4306 nihil
1718 4252 1948 4321 amplius

365 4347 646 4417 requirunt
670 4361 828 4416 quam
857 4345 999 4416 qttod
1032 4346 1161 4400 satis
1190 4345 1292 4410 sit,
1314 4344 1404 4414 qui
1434 4344 1517 4399 sic
1558 4343 1947 4414 pliil0$0phan-
1974 4420 1977 4425 Q

362 4448 469 4502 tur,
499 4439 552 4494 in
581 4447 837 4509 perpetua
868 4449 993 4494 sunt
1018 4437 1223 4492 laetitia.
1256 4436 1546 4491 Videamus
1570 4444 1749 4491 autem
1780 4446 1835 4491 et
1860 4437 1947 4492 hic

362 4540 419 4587 et
445 4530 551 4585 illic
582 4530 763 4585 linem.
794 4529 906 4584 Illic
930 4528 1145 4599 quidem
1175 4537 1259 4582 est
1283 4528 1527 4597 voluptas
1555 4528 1938 4597 intemperans,

361 4623 503 4678 risus
527 4621 750 4685 effusus,
778 4622 1035 4685 ebrietas,
1067 4619 1386 4684 scurrilitas,
1415 4619 1701 4674 verborum
1733 4620 1946 4676 obscoe-

359 4717 532 4781 nitas;
562 4731 684 4769 nam
715 4715 835 4785 quia
862 4713 1025 4784 pudet
1063 4714 1207 4784 loqui
1240 4713 1413 4782 turpia
1438 4753 1455 4778 ,
1480 4728 1574 4781 per
1624 4713 1943 4769 meretrices

361 4806 534 4876 pudor
560 4806 771 4860 tollitur
795 4823 808 4860 :
844 4805 931 4860 hic
950 4814 1128 4859 autem
1157 4814 1240 4859 est
1263 4802 1588 4868 humanitas,
1611 4804 1938 4875 benignitas,

357 4908 413 4954 et
457 4897 829 4952 mansuetudo.
861 4900 1034 4968 Atque
1075 4897 1222 4951 illum
1262 4897 1351 4965 qui
1382 4896 1675 4951 dissolutos
1715 4896 1936 4964 invitat,

354 4999 528 5042 armat
543 4988 895 5057 inanisgloria
913 5003 927 5051 ;
942 4988 1103 5041 alium
1116 4996 1291 5041 autem
1308 4987 1938 5057 humanitas,benignitas

353 5090 408 5135 et
432 5081 800 5135 mansuetudo.
823 5078 956 5134 Nam
985 5079 1128 5133 illam
1160 5078 1375 5148 quidem
1408 5094 1645 5133 mensam
1664 5079 1940 5133 consﬁtuit

355 5174 657 5227 humanitas
684 5186 747 5226 ac
775 5170 1110 5240 benignitas;
1141 5169 1279 5224 hanc
1308 5184 1434 5223 vero
1465 5169 1638 5222 inanis
1682 5170 1851 5240 gloria
1883 5178 1937 5224 et

354 5263 681 5330 crudelitas,
709 5278 775 5318 cx
821 5261 1081 5331 injustitia
1110 5269 1164 5315 et
1204 5261 1446 5314 avaritia.
1478 5260 1545 5314 Et
1585 5261 1672 5314 illa
1717 5261 1934 5331 quidem

346 5356 549 5412 desinit
573 5357 625 5411 in
649 5370 710 5410 ea
734 5371 851 5425 qua:
867 5354 999 5421 dixi,
1024 5357 1076 5408 in
1094 5353 1471 5423 arrogantiam,
1495 5353 1547 5407 in
1570 5354 1765 5408 mentis
1788 5366 1936 5408 emo-

350 5452 587 5515 tionem,
617 5448 672 5504 in
714 5449 1009 5515 insaniam;
1065 5449 1171 5502 tale
1209 5448 1351 5502 enim
1400 5456 1484 5502 est
1530 5463 1749 5519 germen
1777 5464 1935 5504 vanae

345 5542 530 5610 gloria:
563 5558 577 5595 :
617 5540 734 5596 haec
756 5551 936 5596 autem
970 5541 1024 5594 in
1073 5539 1365 5610 gratiarum
1398 5540 1663 5594 actionem
1688 5581 1703 5606 ,
1752 5550 1807 5595 et
1838 5541 1933 5597 Dei

345 5633 593 5703 gloriam.
625 5632 794 5689 Porro
817 5632 941 5688 huic
964 5646 1179 5703 quoque
1210 5634 1380 5699 major
1409 5631 1527 5685 laus
1548 5632 1707 5686 datur
1730 5632 1800 5686 ab
1828 5632 1899 5687 ho
1917 5662 1933 5675 -

346 5725 623 5781 minibus:
669 5740 793 5781 nam
841 5725 915 5780 illi
969 5718 1186 5796 quidem
1233 5724 1510 5789 invident;
1560 5723 1702 5781 hunc
1748 5734 1929 5781 autem

346 5830 537 5877 Omnes
579 5819 773 5876 habent
815 5827 1082 5889 tamquam
1126 5831 1468 5878 communem
1498 5826 1722 5889 patrem,
1753 5820 1913 5875 etiam

1111 364 1172 425 S.
1210 364 1490 423 JOANNIS
1510 362 1987 422 CIIBYSOSTOMI
2037 361 2352 419 ARCIIIEP.
2384 363 2917 426 CONS‘I'ANTINOP.

3583 379 3689 438 ’608

2110 478 2145 532 ii
2172 494 2262 550 qm
2293 495 2399 534 non
2429 490 2553 535 sunt
2578 481 2754 537 aﬁ'ectl
2782 482 3062 538 beneﬁcio.
3096 485 3171 540 Ac
3219 486 3356 543 sicut
3400 489 3434 544 ii
3461 492 3551 562 qtti
3584 512 3690 551 non

2103 578 2229 647 sunt
2259 570 2453 642 injuria
2499 573 2698 637 all'ecti,
2726 575 3018 630 condolent
3054 577 3120 633 iis
3165 580 3254 648 qui
3284 581 3473 651 injuria
3514 586 3691 645 allecti

2102 673 2250 725 sunt,
2280 676 2334 720 et
2360 682 2675 722 communes
2702 668 2886 724 hostes
2916 669 3048 725 ﬁunt
3077 688 3092 725 :
3125 671 3194 725 ita
3222 673 3382 729 etiam
3425 676 3694 738 beneﬁcio

2101 755 2311 813 allectis
2333 758 2634 829 junguntur
2660 762 2693 815 ii
2717 762 2806 831 qui
2838 763 3156 819 beneﬁcium
3188 781 3294 821 non
3328 783 3689 843 acceperunt,

2100 861 2164 900 ac
2210 848 2529 905 beneﬁcium
2557 867 2662 906 una
2711 852 2931 908 laudant
2973 863 3029 909 et
3055 857 3336 914 mirantur.
3366 860 3479 918 Illic
3520 865 3687 920 multa

2098 948 2181 994 est
2208 938 2407 996 invidia
2433 984 2445 1007 ,
2475 942 2561 998 hic
2599 955 2778 1000 autem
2827 946 2988 1000 multa
3017 948 3221 1017 geritur
3260 965 3388 1006 cura
3409 995 3424 1017 ,
3456 965 3507 1009 et
3548 956 3687 1013 bene

2098 1040 2389 1101 precantur
2403 1050 2613 1091 omnes.
2636 1038 2700 1091 Et
2725 1038 2776 1091 in
2805 1036 2908 1094 hoc
2933 1042 3133 1095 saeculo
3164 1057 3252 1097 res
3274 1043 3344 1098 ita
3369 1060 3428 1101 se
3451 1046 3648 1104 habent
3665 1069 3681 1082 ο

2097 1124 2203 1179 illic
2220 1137 2397 1181 autem
2427 1144 2547 1182 cum
2568 1126 2813 1185 Christus
2837 1131 3134 1200 advenerit,
3163 1134 3248 1189 hic
3273 1137 3487 1206 quidem
3516 1143 3680 1198 stabit

2094 1228 2213 1271 cum
2246 1233 2435 1289 magna
2458 1219 2675 1285 ﬁducia,
2701 1231 2755 1277 et
2779 1221 2962 1277 audiet
2986 1234 3252 1294 praesente
3279 1235 3389 1282 toto
3420 1230 3551 1285 orbe
3576 1242 3681 1288 ter-

2093 1322 2274 1363 rarum
2298 1351 2314 1373 ,
2346 1310 2667 1366 Esuricntem
2697 1329 2776 1367 me
2814 1313 2984 1368 vidisti
3006 1354 3023 1381 ,
3050 1324 3099 1369 et
3121 1318 3375 1371 enutriisti
3396 1334 3416 1383 ;
3441 1322 3634 1376 nudum
3657 1366 3678 1392 ,

2090 1408 2138 1452 et
2179 1400 2434 1466 induisti;
2476 1405 2754 1473 hospitem,
2800 1415 2849 1460 et
2894 1406 3113 1473 hospitio
3159 1412 3401 1481 excepisti
3443 1414 3671 1484 (Matth.

2089 1489 2313 1563 25.55),
2343 1503 2397 1548 et
2426 1510 2547 1565 qua:
2589 1507 2713 1552 sunt
2752 1497 3055 1568 hujusmodi
3088 1517 3103 1551 :
3133 1501 3225 1558 illo
3268 1515 3444 1562 autem
3486 1521 3671 1569 contra

2089 1583 2307 1651 audiet,
2342 1585 2497 1641 Serve
2546 1590 2681 1644 male
2731 1601 2778 1645 et
2823 1592 3045 1661 ignave;
3077 1603 3132 1649 et
3174 1610 3400 1663 rursus,
3459 1600 3546 1656 Vw
3587 1607 3673 1673 qui

2086 1675 2307 1730 molliter
2335 1678 2636 1734 deliciautur
2654 1683 2708 1736 in
2736 1684 2979 1739 cubilibus
3008 1687 3133 1752 suis,
3159 1698 3206 1743 et
3229 1692 3315 1759 qui
3344 1691 3596 1750 dormiunt
3618 1701 3671 1755 in

2085 1767 2226 1822 lectis
2243 1769 2491 1833 eburneis,
2507 1774 2593 1843 qui
2607 1772 2779 1828 bibunt
2791 1776 2959 1830 vinum
2975 1779 3274 1847 defwcatum
3299 1781 3495 1855 (Amas.
3512 1789 3565 1843 6.
3587 1790 3667 1861 4);

2085 1869 2139 1943 et
2163 1862 2440 1930 primariis
2489 1867 2775 1935 unguentis
2808 1871 2954 1925 uncti
3005 1870 3120 1927 h:ec
3159 1882 3431 1946 tamquam
3472 1886 3667 1940 stantia

2083 1961 2396 2022 reputarunt
2419 1996 2433 2020 ,
2464 1966 2520 2011 et
2547 1973 2651 2012 non
2683 1968 2952 2029 tamquam
2986 1963 3261 2033 fugientia.
3294 1967 3421 2024 Haec
3450 1986 3481 2025 a
3512 1975 3666 2032 nobis

2082 2059 2188 2096 non
2220 2054 2423 2100 temere
2453 2046 2593 2102 dicta
2625 2059 2784 2115 sunt,
2812 2052 2905 2106 sed
2936 2064 2993 2107 ut
3019 2065 3251 2112 vestram
3281 2070 3517 2117 mentem
3565 2065 3666 2118 im-

2080 2144 2305 2205 mutem,
2330 2146 2383 2193 et
2407 2154 2502 2193 vos
2527 2141 2659 2196 nihil
2691 2142 2896 2199 faciatis
2919 2146 3061 2217 quod
3081 2164 3185 2204 non
3218 2150 3424 2207 lucrum
3453 2155 3660 2213 all'crat.

2078 2230 2213 2298 Quid
2247 2246 2394 2299 vero,
2422 2232 2616 2303 inquit,
2648 2235 2692 2291 si
2719 2246 2773 2290 et
2799 2236 2912 2292 haec
2933 2249 2983 2293 et
3008 2240 3098 2294 illa
3126 2241 3295 2298 facio?
3324 2244 3436 2301 lloc
3466 2250 3660 2316 passim

2076 2330 2159 2377 est
2188 2322 2241 2377 in
2270 2338 2365 2379 ore
2391 2325 2652 2381 omnium.
2688 2326 2753 2381 Et
2780 2328 2932 2398 quid,
2957 2331 3273 2401 dic,qu:eso,
3305 2351 3533 2394 necesse
3554 2352 3654 2407 est,

2076 2427 2198 2468 cum
2238 2415 2417 2469 omnia
2475 2416 2635 2471 liceat
2680 2417 2856 2474 facere
2886 2422 3123 2489 utiliter,
3152 2422 3433 2495 dividere,
3462 2438 3517 2484 et
3553 2432 3657 2487 alia

2070 2504 2285 2574 quidem
2311 2521 2414 2561 non
2439 2506 2611 2562 solum
2637 2507 2703 2563 ad
2736 2509 2961 2575 inutilia,
2995 2513 3089 2567 sed
3124 2516 3283 2570 etiam
3306 2527 3506 2575 temere
3523 2538 3656 2577 con-

2070 2609 2323 2663 sumere;
2355 2597 2458 2652 alia
2495 2607 2674 2654 autem
2705 2601 2947 2657 utiliter?
2978 2603 3070 2659 Dic
3099 2605 3227 2661 mihi
3251 2648 3265 2674 ,
3297 2608 3344 2662 si
3384 2612 3655 2669 seminans

2069 2688 2170 2742 alia
2196 2688 2412 2759 quidem
2437 2690 2644 2759 jaceres
2671 2707 2831 2762 supra
2860 2703 3084 2763 petram,
3109 2697 3209 2751 alia
3239 2708 3416 2754 autem
3446 2702 3497 2756 in
3541 2714 3653 2759 ter-

2068 2794 2183 2834 ram
2213 2780 2490 2851 optimam,
2522 2782 2696 2839 hocne
2719 2785 2811 2840 tibi
2842 2785 3135 2855 sufﬁceret,
3160 2798 3215 2843 et
3240 2788 3451 2847 diceres
3476 2810 3490 2847 :
3514 2794 3652 2862 Quid

2066 2871 2241 2936 obest,
2271 2872 2315 2925 si
2347 2872 2447 2925 alia
2479 2873 2690 2943 quidem
2722 2881 2945 2941 temere,
2971 2877 3072 2930 alia
3096 2891 3225 2933 vero
3253 2879 3305 2933 in
3334 2888 3530 2938 terram
3554 2900 3652 2954 op-

2066 2961 2248 3015 timam
2274 2961 2565 3033 jecerimus
2586 2965 2609 3018 ?
2634 2964 2767 3019 Nam
2804 2980 2901 3020 cur
2924 2983 3028 3021 non
3057 2969 3236 3024 omnia
3262 2970 3314 3025 in
3351 2974 3649 3043 optimam?

2063 3064 2162 3105 cur
2189 3052 2395 3107 lucrum
2426 3053 2664 3108 minuis?
2695 3056 2760 3110 Et
2784 3057 2829 3111 si
2860 3058 3111 3126 pecunias
3143 3060 3358 3130 quidem
3402 3076 3650 3135 oporteat

2062 3156 2393 3213 congerere,
2441 3161 2548 3201 non
2599 3146 2704 3203 hoc
2747 3148 2929 3214 dices,
2976 3152 3070 3207 sed
3101 3153 3336 3225 undique
3364 3161 3644 3231 congeris;

2063 3232 2174 3289 illic
2203 3245 2384 3291 autem
2433 3251 2540 3292 non
2570 3238 2649 3293 sic
2680 3256 2693 3293 :
2726 3248 2781 3294 et
2830 3240 2874 3296 si
2921 3240 3175 3299 foenerari
3206 3255 3487 3316 oporteat,
3536 3266 3644 3307 non

2060 3326 2227 3392 dices,
2257 3327 2365 3383 Cur
2383 3328 2516 3384 alias
2546 3330 2758 3399 quidem
2792 3335 3136 3403 pauperibus,
3173 3338 3306 3393 alias
3337 3356 3466 3396 vero
3491 3343 3645 3399 dabi-

2060 3432 2179 3471 mus
2206 3417 2499 3484 divitibus;
2529 3420 2623 3475 sed
2653 3422 2758 3475 illis
2788 3439 2977 3479 omnes
3004 3442 3019 3479 :
3054 3424 3141 3481 hic
3178 3437 3357 3484 autem
3379 3471 3395 3498 ,
3438 3432 3525 3487 ubi
3560 3445 3644 3489 est

2060 3518 2265 3563 tantum
2288 3511 2515 3577 lucrum,
2544 3527 2639 3566 cur
2659 3512 2761 3568 hoc
2785 3530 2889 3569 non
2920 3524 3159 3586 reputas,
3191 3535 3290 3575 nec
3310 3536 3490 3579 cessas
3521 3532 3639 3580 tan-

2058 3599 2181 3655 dem
2236 3611 2438 3657 temere
2488 3603 2797 3675 impendere
2851 3615 2906 3661 et
2953 3611 3314 3665 consumere?
3342 3615 3410 3667 At
3440 3613 3639 3683 habet,

2059 3691 2234 3763 inquis
2253 3733 2269 3757 ,
2303 3692 2405 3748 hoc
2446 3708 2658 3764 quoque
2689 3695 2918 3751 lucrum.
2947 3697 3271 3767 Quodnam?
3294 3702 3595 3773 dic,qu.eso
3619 3745 3636 3761 .
3706 3734 3709 3735 ν

2057 3785 2333 3840 Amicitias
2359 3795 2538 3856 auget.
2562 3786 2707 3842 Nihil
2734 3797 2817 3843 est
2856 3789 3098 3860 frigidius
3130 3790 3432 3848 hominibus
3453 3798 3543 3865 qui
3571 3814 3639 3854 ex

2058 3875 2141 3930 his
2167 3876 2300 3930 ﬁunt
2327 3879 2505 3945 amici,
2540 3894 2604 3933 ex
2638 3896 2819 3935 mensa
2851 3891 2903 3936 et
2930 3882 3211 3938 saturitate
3249 3888 3637 3957 parasitorum;

2056 3967 2187 4022 nihil
2216 3970 2477 4039 ingratius
2495 3972 2725 4026 amicitia
2755 3972 2880 4028 hinc
2908 3985 3043 4029 orta.
3063 3975 3139 4031 Ne
3167 3980 3491 4036 contumelia
3510 3982 3640 4038 alle-

2054 4062 2193 4117 ceris
2221 4076 2331 4116 rem
2363 4060 2498 4116 adeo
2513 4062 2903 4129 admirabilem,
2928 4082 3118 4135 nempe
3134 4069 3439 4126 caritatem:
3466 4089 3639 4143 neque

2054 4152 2257 4209 dixeris
2287 4152 2423 4209 hanc
2451 4169 2572 4209 esse
2600 4155 2716 4225 ejus
2756 4156 3014 4212 radicem.
3048 4157 3116 4213 Ut
3140 4160 3184 4214 si
3211 4160 3418 4216 arboris
3447 4178 3636 4219 aurum

2056 4245 2281 4300 ferentis
2319 4253 2373 4299 et
2414 4245 2620 4316 lapides
2664 4247 2964 4315 pretiosos,
2996 4248 3229 4305 radicem
3279 4268 3383 4306 non
3433 4253 3638 4310 diceret

2054 4336 2319 4406 quispiam
2347 4350 2469 4392 esse
2501 4337 2681 4402 talem,
2710 4338 2802 4392 sed
2834 4338 2979 4393 nasci
3006 4354 3071 4394 ex
3098 4342 3384 4411 putredine
3408 4362 3423 4400 :
3448 4345 3551 4400 hoc
3579 4358 3635 4401 tu

2053 4441 2266 4497 quoque
2297 4427 2465 4481 lacis:
2500 4444 2620 4482 nam
2648 4429 2691 4482 si
2714 4427 2841 4484 hinc
2875 4438 2997 4484 nata
3030 4432 3189 4486 fuerit
3213 4434 3468 4499 amicitia,
3503 4436 3637 4493 nihil

2050 4534 2114 4574 ea
2142 4518 2301 4575 fuerit
2326 4519 2588 4589 frigidius.
2620 4519 2725 4575 Sed
2753 4521 2860 4576 illae
2903 4537 3104 4577 mensre
3134 4525 3423 4580 conciliant
3447 4528 3635 4583 amici-

2054 4611 2181 4665 tiam
2207 4653 2222 4677 ,
2253 4626 2359 4666 non
2388 4612 2528 4682 apud
2555 4610 2801 4666 homines
2826 4653 2842 4677 ,
2881 4612 2976 4667 sed
3004 4613 3144 4683 apud
3176 4616 3340 4671 Deum
3364 4657 3376 4685 ,
3408 4632 3636 4689 eamque

2051 4702 2397 4771 uniformem,
2425 4718 2546 4757 cum
2578 4718 2779 4757 mensa:
2810 4702 3008 4759 fuerint
3033 4704 3330 4763 uniformes
3378 4706 3514 4764 Nam
3544 4710 3635 4780 qui

2047 4796 2152 4851 alia
2180 4797 2394 4866 quidem
2447 4798 2568 4862 hic,
2598 4797 2700 4851 alia
2753 4814 2885 4855 vero
2932 4800 3041 4856 illic
3087 4804 3387 4869 consumit,
3420 4804 3628 4859 etiamsi

2048 4889 2215 4944 multa
2243 4889 2472 4954 dederit,
2506 4889 2636 4944 nihil
2657 4906 2905 4959 magnum
2934 4891 3096 4947 facit:
3121 4895 3214 4963 qui
3242 4904 3418 4951 autem
3450 4898 3631 4954 omnia

2050 4982 2135 5036 hic
2181 4984 2489 5048 consumit,
2522 4983 2731 5038 etiamsi
2766 4998 2933 5053 pauca
2980 4984 3220 5051 dederit,
3253 4995 3418 5040 totum
3444 4986 3629 5045 efﬁcit.

2045 5073 2176 5127 Nam
2206 5074 2349 5144 quod
2378 5075 2671 5144 quaeritur,
2705 5090 2813 5129 non
2863 5084 2980 5141 est,
3014 5076 3257 5131 multane
3304 5077 3514 5133 dederit
3562 5095 3630 5135 an

2044 5180 2249 5235 pauca;
2280 5166 2376 5221 sed
2405 5181 2472 5220 an
2507 5182 2612 5221 non
2645 5168 2821 5221 minus
2863 5184 3022 5238 quam
3055 5168 3197 5224 ferre
3226 5170 3432 5240 possint
3460 5172 3628 5227 vires.

2046 5258 2352 5327 Cogitemus
2393 5273 2518 5312 eum
2570 5260 2661 5329 qui
2704 5261 2937 5330 quinque
2978 5260 3209 5315 lucratus
3239 5270 3322 5316 est
3352 5261 3548 5318 talenta
3576 5272 3633 5319 et

2045 5349 2133 5417 qui
2162 5348 2269 5402 duo
2299 5366 2315 5402 :
2349 5349 2649 5421 cogitemus
2697 5366 2814 5406 eam
2866 5367 2985 5422 qua:
3030 5352 3164 5406 duos
3204 5353 3349 5407 misit
3396 5355 3627 5410 obolos:

2044 5440 2340 5510 cogitemus
2365 5441 2577 5495 viduam
2608 5458 2728 5512 qua:
2757 5441 2859 5498 fuit
2898 5454 3135 5515 tempore
3165 5446 3317 5501 Elite.
3351 5446 3465 5501 Non
3496 5447 3633 5505 dixit

2044 5534 2130 5589 illa
2156 5549 2273 5605 quae
2301 5534 2437 5590 duos
2468 5537 2611 5591 misit
2631 5537 2818 5592 obolos
2840 5538 3004 5605 :Quid
3026 5538 3167 5593 enim
3189 5540 3364 5605 obest,
3392 5540 3435 5595 si
3465 5556 3626 5597 unum

2042 5625 2257 5694 quidem
2311 5626 2528 5681 obolum
2576 5628 2718 5697 apud
2758 5643 2844 5683 me
2886 5628 3198 5697 retinuero,
3241 5646 3402 5685 unum
3447 5642 3627 5689 autem

2042 5717 2280 5774 dedero?
2306 5718 2399 5775 sed
2433 5728 2572 5775 totas
2620 5735 2747 5776 suas
2786 5720 2934 5777 dedit
2964 5721 3267 5779 facultates.
3297 5723 3376 5779 Tu
3402 5737 3582 5781 autem
3606 5767 3625 5793 ,

2041 5829 2164 5871 cum
2195 5822 2356 5873 tanta:
2404 5815 2498 5873 tibi
2526 5825 2809 5888 suppetant
2848 5817 3054 5889 copim,
3081 5833 3141 5875 es
3169 5819 3257 5874 illa
3287 5822 3518 5890 parcior.
3544 5821 3626 5879 Ne
