4148 6402
403 354 509 413 507

402 472 572 542 γητδς
602 466 673 539 εἴ,
705 470 899 548 Κύριε,
916 472 1001 528 δτι
1022 473 1259 546 ἐθρεψάς
1280 494 1350 548 με
1375 479 1441 533 ἐκ
1466 481 1578 535 τῶν
1606 483 1829 552 ἀγαθῶν
1858 503 1977 551 σου,

404 565 469 616 σὺ
506 562 586 626 δὲ,
621 564 873 636 καθάπερ
917 582 1003 631 τις
1053 568 1201 622 κύων
1244 570 1463 641 ἄτιμος,
1508 573 1630 627 οὐδὲ
1675 575 1979 647 μέμνησαι,

401 656 539 710 ἀλλὰ
566 658 696 719 τοὺς
728 657 992 729 δαίμονας
1033 660 1384 731 ἐπεισάγεις;
1433 665 1651 719 Μᾶλλον
1681 666 1740 721 δὲ
1794 669 1844 722 οί
1882 669 1982 739 μὲν

404 749 567 812 κύνες
626 748 884 815 λαὸόντες
954 754 1051 806 καὶ
1119 754 1195 827 μὴ
1252 757 1510 822 λαϐόντες
1567 760 1810 816 σαίνουσι
1855 764 1984 827 τοὺς

403 841 660 906 οἰκείους,
695 842 760 896 σύ
788 842 844 896 δέ
878 844 996 898 οὐδὲ
1031 846 1210 904 τοῦτο.
1250 849 1309 902 ’0
1337 850 1486 904 κύων
1528 852 1626 905 καὶ
1655 853 1731 924 μὴ
1765 853 1981 926 λαμΰά-

401 946 511 985 νων
550 931 722 984 σαίνει
756 932 848 985 τὸν
870 934 1163 1009 δεσπότην,
1203 940 1268 993 σὺ
1311 941 1370 994 δὲ
1404 942 1498 995 καὶ
1519 942 1700 998 λαϐὼν
1728 945 1981 1010 ὐλακτεῖς

401 1024 523 1074 κατ’
557 1023 744 1078 αὐτοῦ.
782 1025 956 1079 Πάλιν
979 1029 1008 1079 6
1037 1028 1183 1083 κύων
1214 1032 1306 1085 καὶ
1334 1031 1795 1106 εὐεργετούμενος
1825 1038 1979 1109 παρὰ

400 1112 499 1165 τοῦ
525 1113 832 1185 ἀλλοτρίου,
872 1117 994 1171 οὐδὲ
1032 1120 1178 1175 οὕτω
1207 1125 1466 1179 καταλύει
1512 1129 1614 1196 τὴν
1650 1129 1850 1201 ἔχθραν
1879 1133 1979 1202 τὴν

400 1203 541 1274 πρὸς
573 1206 759 1273 αὐτὸν,
786 1208 906 1261 οὐδὲ
937 1210 1242 1288 ἐπισπᾶται
1271 1215 1408 1287 πρὸς
1444 1217 1626 1285 φιλίαν
1651 1234 1664 1248 ·
1709 1222 1773 1274 σὺ
1801 1221 1859 1274 δὲ
1888 1224 1981 1277 καὶ

403 1298 572 1367 μυρία
594 1298 820 1369 πάσχων
850 1302 996 1356 κακά
1024 1304 1175 1375 παρά
1200 1307 1309 1359 τῶν
1339 1307 1632 1379 δαιμόνων,
1662 1312 1747 1364 ἐπ’
1782 1312 1979 1385 ἄριστα

316 1402 319 1403 ⁷
399 1386 603 1451 αὐτοὺς
630 1390 871 1459 εἰσάγεις
897 1409 911 1422 ⁸
946 1393 1087 1447 ὥστε
1130 1396 1291 1467 διπλῇ
1335 1398 1431 1452 τοῦ
1465 1402 1629 1466 κυνὸς
1671 1401 1722 1456 εἶ
1755 1406 1975 1475 χείρων.

399 1477 598 1543 Καλῶς
625 1481 683 1533 δέ
716 1482 1064 1556 ἀνεμνήσθην
1088 1486 1184 1540 νῦν
1212 1488 1321 1540 τῶν
1340 1490 1519 1543 κυνῶν
1548 1494 1684 1563 πρὸς
1708 1496 1831 1557 τούς
1856 1496 1977 1549 τότε

400 1570 563 1640 μόνον
584 1574 1065 1646 εὐχαριστοῦντας,
1086 1580 1213 1633 ὅταν
1239 1578 1299 1634 εὖ
1328 1583 1631 1653 πάσχωσιν.
1655 1585 1975 1657 Αἰδέσθητε,

401 1664 726 1733 παρακαλῶ,
756 1670 884 1734 τούς
917 1670 1107 1736 κύνας,
1148 1674 1199 1727 οἳ
1230 1676 1327 1729 καὶ
1348 1675 1709 1746 λιμώττοντες
1734 1681 1978 1737 σαίνουσι

397 1754 526 1817 τοὺς
562 1755 829 1824 δεσπότας
850 1777 864 1791 ·
888 1763 953 1814 σὺ
976 1762 1033 1816 δὲ
1061 1763 1128 1817 ἂν
1160 1766 1426 1841 ἀκούσῃς,
1450 1771 1534 1823 ὅτι
1559 1772 1588 1824 6
1615 1770 1825 1843 δαίμων
1853 1775 1977 1829 τινά

401 1845 791 1919 ἐθεράπευσεν,
831 1854 999 1925 ἀφίης
1032 1855 1235 1920 εὐθέως
1279 1860 1371 1913 τὸν
1404 1862 1703 1933 Δεσπότην,
1728 1858 1773 1917 ὦ
1800 1867 1978 1920 κυνῶν

394 1938 729 2013 ’ἀλογώτερε.
776 1945 918 2000 Ἀλλ’
962 1950 1019 2003 αί
1054 1950 1270 2021 πόρναι,
1310 1956 1497 2025 φησὶν,
1538 1956 1731 2027 ἡδονὴν
1764 1957 1977 2028 ἔχουσιν

400 2028 695 2100 ὁρώμεναι.
753 2034 921 2089 Ποίαν
964 2038 1195 2110 ἡδονήνς
1246 2042 1407 2095 ποίαν
1458 2044 1516 2097 δὲ
1568 2046 1671 2100 οὐκ
1716 2048 1973 2117 ἀτιμίαν;

403 2120 659 2191 Πορνεῖον
692 2123 883 2193 γέγονέ
908 2142 1003 2179 σου
1029 2129 1063 2199 ἡ
1087 2131 1254 2197 οἰκία,
1285 2134 1451 2202 μανία
1482 2136 1577 2189 καὶ
1604 2132 1819 2209 οἶστρος
1836 2156 1852 2171 ο
1882 2141 1978 2194 καὶ

399 2210 501 2262 οὐκ
529 2212 759 2285 αἰσχύνῃ
798 2217 971 2271 ταῦτα
1000 2220 1195 2293 ἡδονὴν
1226 2224 1444 2292 καλῶν;
1488 2228 1587 2281 Ἂν
1622 2229 1722 2299 μὲν
1751 2227 1845 2284 οῦν
1876 2233 1972 2304 ἐξῇ

400 2301 710 2373 χρήσασθαι
742 2307 890 2380 πάσῃ
932 2309 1118 2383 ἡδονῇ,
1154 2315 1357 2384 μείζων
1392 2318 1426 2389 ἡ
1461 2320 1692 2392 αἰσχύνη
1723 2324 1819 2377 καὶ
1850 2326 1883 2394 ἡ

398 2395 604 2466 ταύτης
647 2398 829 2471 ἀηδία.
872 2401 996 2467 Πῶς
1027 2405 1149 2472 δαί;
1182 2409 1257 2460 Οὐ
1287 2409 1524 2478 χαλεπὸν
1566 2411 1627 2465 τὸ
1670 2415 1771 2484 τὴν
1800 2417 1977 2471 οἰκίαν

398 2489 650 2557 πορνεῖον
708 2494 925 2558 ποιεῖν,
985 2495 1079 2548 καὶ
1126 2497 1349 2566 ἥδεσθαι
1404 2501 1655 2575 καθάπερ
1701 2506 1917 2577 χοίρους
1946 2520 1973 2549 ι

397 2577 915 2670 ἐγκαλινδουμένους
946 2586 1228 2659 βορϐόρῳ;
1266 2591 1365 2643 Ἂν
1388 2591 1443 2644 δὲ
1476 2594 1639 2665 μέχρι
1664 2597 1757 2649 τοῦ
1791 2598 1971 2670 φανῆ-

396 2680 487 2759 ναι
521 2667 704 2759 μόνον,
760 2672 868 2725 ἰδοὺ
906 2675 1069 2729 πάλιν
1114 2677 1275 2750 ὀδύνη
1319 2680 1562 2750 μείζων·
1613 2685 1646 2756 ἡ
1691 2688 1800 2758 γὰρ
1851 2667 1974 2759 api;

394 2753 707 2849 fgﬂxAﬂao‘vh,
737 2760 866 2849 ὅτᾳν
897 2763 930 2832 ἡ
964 2764 1159 2835 χρῆσις
1194 2766 1269 2837 μὴ
1298 2763 1355 2839 ᾖ,
1386 2769 1522 2824 ἀλλὰ
1560 2753 1655 2825 καῖ
1702 2753 1907 2844 μείζων
1939 2780 1972 2849 ἡ

395 2840 700 2914 ἐπιθυμία,
738 2848 831 2900 κα)⁸
864 2850 1201 2924 σφοδροτὲρα
1238 2856 1272 2927 ή
1317 2856 1469 2925 φλόξ.
1520 2859 1681 2916 Ἀλλά
1704 2840 1790 2916 -τὸ
1812 2840 1973 2930 τέλος

397 2930 577 3001 βούλει
621 2936 853 3007 μαθείνς
906 2941 970 2993 OE
1022 2942 1123 3013 μὲν
1169 2948 1281 3009 τοῖς
1324 2951 1676 3020 μαινομένοις
1728 2954 1821 3009 καὶ
1859 2958 1971 3019 τοῖς

394 3024 750 3115 παραπλῆξιν
778 3029 1023 3085 ἐοίκασιν
1043 3033 1151 3087 ἀπὸ
1170 3035 1269 3105 τῆς
1294 3039 1573 3111 τραπέζης
1598 3042 1971 3115 ἀνιστάμενοι,

396 3112 642 3208 θρασεῖς,
688 3117 919 3190 ὀργίλοι,
960 3127 1357 3194 καταγέλαστοι
1409 3135 1650 3200 καὶτοῖς
1702 3112 1973 3208 ἀνδνραπόί-

393 3205 506 3297 δοις
526 3223 543 3238 ·
574 3210 669 3263 καὶ
700 3212 750 3263 οἰ
775 3212 874 3283 μὲν
904 3217 1114 3272 οἰκέται
1139 3220 1484 3293 ἀναχωροῦσι
1514 3205 1970 3297 νήφοντεςξοῦτοι

393 3295 453 3349 δέ
479 3297 794 3368 μεθύοντες.
840 3304 906 3356 Ὢ
940 3307 1040 3376 τῆς
1085 3308 1393 3381 αἰσχύνηςί
1444 3295 1591 3367 Ἐκεῖ
1630 3317 1688 3369 δέ
1730 3319 1971 3375 τοιοῦτον

394 3388 567 3455 οὐδὲν,
585 3391 699 3445 ἀλλ’
722 3393 1045 3470 εὐχαριστίᾳ
1063 3401 1163 3470 τὴν
1184 3402 1462 3472 τράπεζαν
1487 3408 1970 3476 κατακλείσαντες,

395 3476 570 3543 οὕτως
615 3482 991 3556 ἀναχωροῦσιν
1033 3490 1237 3556 οἴκαδε,
1283 3494 1537 3565 ἡδόμενοι
1592 3498 1969 3566 καθεύδοντες,

395 3567 644 3663 ἡδόμενοι
663 3572 1025 3647 ἐγειρόμενοι,
1061 3582 1241 3654 πάσης
1270 3585 1530 3658 αἰσχύνης
1563 3588 1972 3663 ἀπηλλαγμένοι

397 3659 493 3712 καὶ
513 3663 867 3735 κατηγορίας.

464 3747 614 3823 1531]
654 3761 730 3819 ς’.
762 3755 826 3809 El
852 3756 1037 3827 βούλει
1076 3761 1171 3815 καὶ
1204 3762 1402 3829 αὐτοὺς
1443 3767 1569 3831 τούς
1605 3770 1972 3842 κεκλημένους

398 3839 548 3936 ίδεῖν,
571 3844 690 3913 ὀψει
712 3846 933 3914 τούτους
966 3851 1067 3922 μὲν
1105 3855 1379 3919 τοιούτους
1407 3857 1595 3923 ὄντας·
1636 3839 1803 3930 ἔνδον,
1834 3864 1971 3936 ὅπερ

393 3924 539 3986 οῦτοι
560 3934 664 4000 ἔξω
684 3979 698 4004 ,
716 3940 973 4009 τυφλοὺς,
993 3945 1332 4019 ἀναπήρους,
1352 3950 1556 4021 χωλούς
1576 3969 1588 3982 ·
1617 3957 1710 4007 καὶ
1730 3950 1817 4008 οἷα
1848 3957 1971 4009 τού-

393 4038 503 4077 των
529 4025 598 4078 τὰ
631 4027 882 4101 σώματα,
927 4036 1175 4091 τοιαῦται
1220 4039 1445 4093 ἐκείνων
1478 4043 1534 4096 αί
1564 4028 1971 4118 ψυχαὶ,’ὐδέρῳ

396 4118 491 4170 καὶ
518 4117 795 4194 φλεγμονῇ
825 4128 1210 4198 κατεχόμεναι.
1244 4132 1496 4186 Τοιοῦτον
1514 4133 1622 4206 γὰρ
1645 4138 1676 4207 ή
1702 4136 1931 4191 ἀπόνοια
1946 4117 1967 4171 γ’

398 4211 537 4303 μετά
560 4213 670 4285 γὰρ
695 4216 797 4286 τὴν
821 4220 1035 4291 τρυφὴν
1062 4224 1313 4294 πήρωσις
1335 4224 1542 4293 γίνεται
1561 4240 1576 4255 °
1597 4228 1840 4282 τοιοῦτον
1861 4231 1972 4303 γὰρ

395 4300 431 4369 ὴ
449 4300 735 4377 πλησμονὴ
755 4307 847 4360 καὶ
869 4309 902 4380 ἠ
933 4310 1096 4382 μέθη,
1118 4313 1325 4383 χωλοὺς
1348 4316 1441 4369 καὶ
1462 4317 1692 4381 κυλλοὺς
1716 4300 1971 4381 ποιοῦσα.

395 4387 509 4481 K-al
546 4390 664 4460 ὄψει
705 4395 799 4449 καὶ
842 4397 1067 4463 τούτους
1115 4402 1369 4466 τοιαύτας
1396 4404 1617 4476 ἔχοντας
1655 4409 1855 4481 ψυχὰς,
1883 4407 1971 4467 οἷα

394 4473 544 4575 οὗτοι
582 4483 651 4536 τά
678 4483 926 4555 σώματα,
958 4489 1241 4561 λαμπράς,
1280 4473 1971 4575 κεκοσμημένας.”οίγάρ

394 4569 458 4662 ἐν
480 4572 803 4649 εὐχαριστίᾳ
824 4578 1043 4644 ζῶντες,
1069 4584 1117 4635 οἰ
1133 4585 1230 4655 τῆς
1254 4586 1586 4658 αὐταρκείας
1613 4592 1780 4662 μηδὲν
1807 4569 1970 4649 πλέον

396 4661 806 4734 ἐπιζητοῦντες,
836 4669 886 4721 οί
921 4670 1336 4743 φιλοσοφοῦντες
1362 4676 1533 4742 οὕτως
1560 4661 1699 4735 είσὶν
1732 4684 1789 4736 ἐν
1819 4685 1971 4759 πάσῃ

398 4753 738 4825 φαιδρότητι.
771 4758 998 4830 Ἴδωμεν
1016 4761 1073 4815 δὲ
1097 4764 1190 4817 καὶ
1214 4766 1447 4822 ἐνταῦθα
1475 4770 1569 4824 κιιί⁵
1588 4772 1705 4825 ἐκεῖ
1720 4773 1779 4827 :6
1793 4753 1968 4840 τέλοςξ

411 4844 561 4940 ’Πκεῖ
715 4850 880 4923 ἡδονὴ
911 4853 1230 4921 ἀκόλαστος,
1256 4858 1427 4927 γέλως
1455 4865 1773 4934 κεχυμένος,
1806 4868 1968 4940 μέθη,

398 4933 753 5006 εὐτραπελίαν
790 4944 1141 5016 αἰσχρολογίαι
1164 4964 1178 4977 ⁶
1210 4950 1398 5022 ἐπειδὴ
1428 4952 1537 5024 γάρ
1567 4933 1718 5008 αὐτοὶ
1756 4933 1972 5012 αἰδοῦν-

397 5041 490 5079 ται
522 5029 721 5100 αἰσχρά
750 5031 1103 5102 φθέγγεσθαι,
1141 5037 1228 5092 διὰ
1258 5040 1363 5093 τῶν
1400 5043 1614 5115 πορνῶν
1644 5045 1802 5099 τοῦτο
1828 5046 1972 5113 γίνε-

396 5132 513 5211 ται.
552 5120 817 5178 Ἐνταῦθα
860 5126 918 5180 δὲ
959 5129 1358 5204 φιλανθρωπία,
1398 5137 1697 5208 ἡμερότης.
1744 5139 1836 5210 Τῷ
1871 5140 1972 5211 μὲν

397 5203 494 5263 οῦν
535 5210 778 5278 ἐκείνους
830 5217 1080 5274 καλοῦντι
1131 5203 1453 5296 παρέστηκε-
1497 5203 1771 5293 κενοδοξία
1807 5203 1972 5284 ’δτὲλι-

400 5296 570 5364 ζουσα
594 5304 757 5361 αὐτόν
780 5323 797 5339 ⁶
826 5308 904 5381 τῷ
935 5311 991 5364 δὲ
1027 5314 1260 5370 ἐνταῦθα
1301 5318 1683 5391 φιλανθρωπία
1720 5320 1814 5374 καὶ
1842 5323 1974 5392 ἠμε-

403 5391 585 5464 ρότηςο
620 5395 869 5470 Ἕκείνην
903 5403 999 5473 μὲν
1022 5405 1131 5476 γὰρ
1158 5406 1255 5478 τὴν
1281 5410 1557 5481 τράπεζαν
1592 5391 1972 5484 φιλανθρωπία

404 5485 704 5557 συνίστησι,
734 5490 938 5562 ταύτην
966 5493 1023 5548 δὲ
1074 5499 1345 5565 κενοδοξία
1383 5502 1478 5554 καὶ
1518 5501 1738 5571 ὠμότης
1770 5504 1829 5570 ἐξ
1857 5505 1973 5557 ἀδι-

402 5576 527 5639 κίας
564 5580 659 5632 καὶ
709 5583 1039 5650 πλεονεξίας.
1100 5590 1343 5661 Κάκείνη
1395 5591 1495 5662 μὲν
1547 5594 1843 5665 καταλήγει
1893 5597 1974 5661 εἰς

465 5689 504 5765 1
516 5686 700 5765 Regiug
720 5692 791 5765 §iq
808 5692 977 5765 habqt,
1000 5697 1291 5765 χρῄσᾲασθαξ
1284 5696 1460 5765 πάσαις
1496 5699 1685 5765 ἡδοναῖς
1704 5704 1734 5765 ᾗ
1770 5702 1972 5765 αἰσχύνη

403 5749 590 5826 μείζων,
612 5753 740 5826 aui};
772 5754 827 5801 ἐκ
851 5749 1207 5816 ταύτηξ’ἀὴδία.
1251 5749 1476 5826 Πορνεῐον
1518 5749 1604 5821 τὴν
1628 5749 1781 5812 οἰκίαν
1822 5749 1975 5815 πῖιεῖν

400 5810 609 5873 καθάπερ
626 5813 830 5877 χοίρους.
989 5810 1021 5816 ’⁷
1100 5810 1108 5816 ’
1180 5852 1185 5856 .
1329 5810 1335 5855 ἶ

1330 360 1401 418 ΙΝ
1438 363 1659 422 EPIST.
1702 366 1795 423 AD
1830 367 2123 429 COLOSS.
2162 372 2319 429 CAP.
2348 373 2390 429 Ι.
2434 373 2667 431 1105111..
2706 376 2749 432 1.

3548 381 3657 439 508

2093 488 2239 561 ἀπερ
2261 487 2436 553 εἷπον,
2470 493 2551 555 είς
2582 492 2865 556 ἀπόνοιαν,
2892 492 2974 555 είς
3006 490 3284 558 ἔκστασιν,
3315 491 3394 555 είς
3425 495 3623 564 μανίαν
3642 513 3656 525 ·

2088 580 2310 651 τοιαύτη
2340 582 2451 650 γὰρ
2489 585 2522 652 ὴ
2563 583 2666 651 τῆς
2699 582 3000 647 κενοδοξίας
3036 582 3273 655 βλάστηο
3318 584 3457 656 αῦτη
3492 586 3547 638 δὲ
3578 587 3661 650 είς

2088 671 2441 741 εὐχαριστίαν
2467 672 2740 737 καὶδόξαν
2764 674 2918 726 Θεοῦ.
2946 676 3055 728 Καὶ
3083 678 3111 729 6
3140 675 3358 739 ἔπαινος
3377 677 3433 729 δὲ
3458 679 3486 730 ὀ
3509 678 3661 749 παρά

2088 762 2395 834 ἀνθρώπων
2427 765 2599 836 ταύτῃ
2630 765 2831 818 πλείων
2854 782 2867 795 ·
2899 767 3093 837 ἐκείνῳ
3129 768 3227 837 μὲν
3274 767 3382 839 γὰρ
3426 770 3518 822 καὶ
3548 769 3657 839 βα-

2088 851 2388 917 σκαίνουσι,
2416 851 2604 905 τοῦτον
2630 852 2687 907 δέ
2715 853 2790 918 ὡς
2812 855 2986 908 κοινὸν
3014 856 3226 927 πατέρα
3254 857 3451 921 πάντες
3478 858 3660 927 έχουσι

2086 944 2183 997 καὶ
2209 946 2257 997 οί
2290 945 2364 1017 μὴ
2401 946 2667 1009 παθόντες
2697 942 2778 1000 εὖ.
2814 948 2924 1001 Καὶ
2953 949 3205 1020 καθάπερ
3223 950 3317 1003 ἐπὶ
3344 951 3453 1004 τῶν
3472 950 3660 1019 ἠδικη-

2088 1034 2266 1105 μένων
2319 1036 2413 1088 καὶ
2456 1038 2504 1089 οἰ
2564 1037 2729 1107 μηδὲν
2781 1038 3099 1108 ἠδικημένοι
3152 1040 3510 1108 συναλγοῦσι,
3563 1042 3659 1094 καὶ

2084 1129 2240 1198 κοινῇ
2281 1128 2524 1195 γίνονται
2576 1130 2776 1193 πάντες
2828 1131 3051 1199 ἐχθροί·
3099 1130 3241 1183 οὕτω
3275 1133 3366 1185 καὶ
3411 1133 3503 1185 ἐπὶ
3548 1132 3660 1185 τῶν

2084 1219 2408 1289 πασχόντων
2456 1216 2515 1274 εῦ
2568 1221 2660 1274 καὶ
2690 1223 2737 1274 οἱ
2771 1222 2846 1291 μὴ
2893 1221 3157 1285 παθόντες
3207 1218 3289 1286 εὖ,
3335 1223 3586 1293 καθάπερ
3606 1222 3659 1275 οί

2084 1312 2368 1377 παθόντες,
2400 1313 2681 1366 ἐπαινοῦσι
2712 1315 2804 1367 καὶ
2821 1314 3158 1385 θαυμάζουσι
3186 1315 3275 1368 τὸν
3292 1316 3654 1385 πεποιηκότα.

2084 1400 2264 1456 Κάκεῖ
2304 1406 2401 1475 μὲν
2432 1405 2600 1467 πολὺς
2627 1406 2656 1457 6
2683 1406 2895 1474 φθόνος,
2940 1406 3173 1460 ἐνταῦθα
3208 1407 3264 1459 δὲ
3298 1408 3464 1475 πολλὴ
3492 1410 3526 1478 ὴ
3559 1425 3660 1479 κη-

2082 1495 2326 1565 δεμονία,
2364 1497 2559 1549 πολλαὶ
2603 1499 2753 1568 παρά
2799 1499 3016 1551 πάντων
3046 1499 3222 1569 εὐχαί.
3265 1501 3375 1553 Καὶ
3422 1500 3655 1571 ἐνταῦθα

2086 1588 2187 1657 μὲν
2224 1588 2398 1641 ταῦτα
2426 1606 2442 1620 ·
2494 1591 2610 1642 ἐκεῖ
2639 1591 2715 1653 δέ,
2747 1591 2875 1643 ὅταν
2913 1593 2942 1644 6
2990 1592 3225 1660 Χριστὸς
3258 1592 3654 1662 παραγένηται,

2083 1669 2237 1737 οὗτος
2273 1676 2370 1745 μὲν
2428 1678 2686 1747 στήσεται
2743 1681 2880 1748 μετά
2925 1679 3125 1749 πολλῆς
3171 1680 3270 1750 τῆς
3319 1682 3654 1752 παρρησίας,

2082 1767 2180 1821 καὶ
2203 1767 2492 1821 ἀκούσεται
2518 1771 2613 1821 ἐπὶ
2635 1772 2815 1841 πάσης
2844 1772 2943 1841 τῆς
2972 1772 3323 1842 οἰκουμένης,
3354 1772 3658 1826 Πεινῶντά

2077 1876 2154 1927 με
2183 1855 2360 1925 εἶδες,
2410 1860 2511 1914 καὶ
2540 1862 2834 1930 ἔθρεψας*
2872 1865 3124 1931 γυμνὸν,
3179 1864 3275 1917 καί
3319 1864 3614 1930 ἐνέδυσας
3637 1883 3654 1898 ο

2084 1949 2283 2015 ξένον,
2318 1950 2416 2004 καὶ
2444 1952 2808 2021 συνήγαγες,
2844 1953 2941 2006 καί
2976 1953 3092 2006 ὅσα
3122 1954 3364 2007 τοιαῦτα
3391 1969 3403 1983 ·
3448 1956 3654 2017 ἐκεῖνος

2082 2043 2139 2095 δὲ
2168 2043 2237 2097 τὰ
2265 2045 2481 2099 ἐναντία
2500 2045 2815 2107 ἀκούσεται,
2849 2047 3080 2113 Πονηρὲ
3096 2046 3280 2101 δοῦλε
3300 2048 3396 2100 καὶ
3416 2047 3654 2115 ὀκνηρέο

2083 2137 2175 2187 καὶ
2210 2134 2393 2201 πάλιν,
2450 2136 2595 2189 Οὐαί
2646 2138 2700 2189 οἱ
2746 2136 3332 2204 κατασπαταλῶντες
3378 2137 3478 2191 ἐπὶ
3526 2139 3657 2203 ταῖς

2080 2227 2421 2295 στρωμναῖς
2452 2226 2672 2293 αὐτῶν,
2699 2228 2795 2281 καί
2818 2231 2872 2281 οἱ
2892 2228 3285 2295 καθεύδοντες
3309 2229 3407 2284 ἐπὶ
3432 2229 3655 2282 κλινῶν

2081 2317 2512 2386 ἐλεφαντίνων,
2534 2321 2588 2371 οἱ
2611 2319 2893 2384 πίνοντες
2912 2319 3019 2372 τὸν
3046 2318 3441 2390 διυλισμένον
3462 2316 3653 2383 οἶνον,

2081 2414 2176 2466 καὶ
2216 2412 2285 2465 τὰ
2319 2411 2511 2482 πρῶτα
2549 2412 2697 2483 μύρα
2750 2412 3050 2483 χριόμενοι,
3106 2412 3183 2475 ὼς
3228 2412 3439 2465 ἑστῶτα
3476 2412 3654 2480 ἐλογί-

2084 2523 2268 2569 σαντο,
2312 2507 2406 2558 καὶ
2432 2505 2529 2575 οὐχ
2553 2506 2629 2569 ώς
2655 2506 2943 2575 φεύγοντα.
2979 2505 3163 2559 Ταῦτα
3187 2508 3318 2576 ἡμῖν
3342 2505 3439 2576 οὐχ
3468 2505 3654 2568 ἁπλῶς

2081 2598 2318 2670 εἴρηται,
2349 2597 2465 2650 ἀλλ’
2515 2597 2657 2650 ὥστε
2709 2597 3020 2667 μεταθεῖναι
3071 2596 3225 2666 ὑμῶν
3272 2597 3370 2667 τὴν
3404 2595 3650 2666 γνώμην,

2080 2692 2175 2745 καὶ
2228 2689 2396 2761 μηδὲν
2425 2690 2570 2759 ὑμᾶς
2601 2690 2828 2760 ἀκερδὲς
2859 2692 3053 2743 ποιεῖν.
3100 2687 3165 2760 Τί
3201 2684 3317 2753 οῦν,
3362 2688 3519 2757 φησὶ,
3551 2689 3653 2741 κάν

2078 2783 2253 2836 ταῦτα
2280 2783 2507 2835 κάκεῖνα
2529 2781 2701 2849 ποιῶ;
2725 2781 2899 2844 Πολὺς
2924 2776 3078 2841 οὗτος
3101 2782 3129 2833 6
3149 2780 3305 2848 λόγος
3322 2778 3474 2850 παρά
3494 2780 3650 2832 πᾶσι.

2080 2874 2195 2926 Καὶ
2228 2872 2359 2924 ποία
2388 2871 2626 2939 ἀνάγκη,
2662 2870 2782 2923 εἰπέ
2835 2887 2946 2939 μοι,
2979 2868 3098 2934 ἐξὸν
3149 2867 3326 2920 πάντα
3368 2865 3652 2938 χρησίμως

2080 2963 2277 3025 ποιεῖν,
2304 2960 2557 3031 διαιρεῖν,
2578 2960 2671 3012 καὶ
2703 2960 2769 3011 τά
2802 2958 2901 3028 μὲν
2928 2959 3022 3029 ,μὴ
3057 2957 3219 3028 μόνον
3242 2959 3320 3019 εἰς
3341 2956 3491 3009 οὐδὲν
3508 2955 3650 3019 δέον,

2076 3051 2215 3106 ἀλλά
2261 3050 2358 3105 καὶ
2407 3050 2533 3120 εἰκῆ
2560 3049 2894 3115 ἀναλίσκειν,
2946 3049 3018 3102 τά
3069 3048 3127 3102 δὲ
3160 3047 3478 3121 χρησίμως;
3514 3047 3651 3108 Εἰπέ

2084 3160 2196 3213 μοι,
2227 3144 2276 3195 εἰ
2310 3142 2548 3212 σπείρων
2575 3141 2646 3194 τὰ
2684 3141 2782 3212 μὲν
2806 3142 2884 3203 είς
2929 3139 3080 3211 [552]
3114 3141 3320 3210 πέτραν
3369 3139 3650 3210 ἐρῤιπτες,

2077 3233 2149 3286 τὰ
2178 3233 2236 3286 δὲ
2258 3234 2339 3296 εἰς
2365 3233 2468 3303 γῆν
2498 3233 2748 3303 ἀρίστην,
2777 3227 2888 3302 ἆρα
2916 3232 2981 3285 ἀν
3014 3231 3303 3303 ἀπέχρησέ
3338 3247 3421 3283 σοι
3466 3228 3649 3292 τοῦτο,

2079 3328 2175 3380 καὶ
2200 3322 2355 3389 εἶπες
2389 3326 2454 3380 ἄν
2477 3341 2489 3354 ⁶
2524 3325 2590 3378 Τί
2632 3324 2743 3394 γὰρ
2775 3325 3022 3395 βλάπτει,
3064 3324 3131 3377 ἂν
3178 3322 3248 3375 τὰ
3282 3322 3383 3393 μὲν
3415 3323 3560 3391 εἰκῆ,
3584 3322 3654 3375 τά

2078 3418 2136 3471 δὲ
2162 3418 2242 3481 είς
2272 3416 2504 3488 ἀρίστην
2537 3416 2641 3483 γῆν
2681 3414 2967 3485 ρίψωμενς
2998 3413 3098 3467 Διά
3137 3412 3191 3466 τί
3224 3413 3331 3483 γάρ
3363 3413 3440 3483 μὴ
3476 3414 3654 3466 πάντα

2077 3510 2160 3572 είς
2199 3508 2463 3579 ἀρίστην;
2506 3506 2595 3560 διά
2636 3505 2783 3568 τίητὸ
2834 3505 3022 3575 κέρδος
3067 3504 3347 3571 ἐλαττοῖς;
3388 3504 3519 3558 Κᾶν
3555 3504 3656 3573 μὲν

2081 3601 2337 3667 συνάγειν
2365 3598 2475 3651 δέοι
2507 3597 2790 3668 χρήματα,
2825 3596 2925 3649 οὐκ
2959 3598 3103 3667 ἐρεῖς
3135 3595 3312 3661 τοῦτο,
3349 3594 3485 3647 ἀλλὰ
3513 3595 3654 3649 πάν·-

2076 3689 2235 3743 τοθεν
2265 3689 2540 3756 συνάγεις,
2577 3689 2694 3741 ἐκεῖ
2737 3686 2794 3739 δὲ
2832 3688 3050 3740 οὐκέτιο
3083 3685 3185 3739 κᾶν
3228 3685 3493 3749 δανείζειν
3519 3684 3652 3747 δέοι,

2077 3781 2179 3835 οὐκ
2216 3783 2364 3852 ὲρεῖ’
2410 3779 2511 3833 Διά
2545 3778 2598 3832 τί
2644 3779 2713 3833 τά
2760 3780 2858 3849 μὲν
2896 3781 3011 3842 τοῖς
3058 3778 3303 3850 ἀπόροις,
3333 3779 3403 3832 τὰ
3450 3777 3507 3831 δὲ
3537 3778 3653 3840 τοῖς

2079 3874 2337 3944 εὐπόροις
2382 3873 2648 3943 δώσομεν,
2700 3871 2837 3926 ἀλλά
2889 3872 3069 3925 πάντα
3113 3871 3383 3933 ἐκείνοις·
3418 3869 3652 3923 ἐνταῦθα

2079 3964 2157 4030 δέ,
2205 3964 2337 4018 ἔνθα
2375 3963 2628 4017 τοσοῦτον
2678 3963 2888 4034 κέρδος,
2927 3963 3017 4017 διὰ
3048 3964 3100 4017 τί
3139 3965 3201 4017 οὐ
3255 3963 3443 4033 λογίζῃ
3472 3961 3653 4028 τοῦτο,

2078 4056 2175 4110 καὶ
2203 4055 2387 4127 παύσῃ
2407 4055 2540 4108 ποτὲ
2569 4054 2663 4108 τοῦ
2690 4056 2811 4126 εἰκῇ
2844 4054 3183 4108 δαπανᾶσθαι
3203 4055 3296 4107 καὶ
3322 4054 3495 4124 μάτην
3523 4054 3657 4107 ἀνα-

2077 4148 2328 4216 λίσκειν;
2363 4147 2504 4200 Ἀλλ’
2551 4147 2665 4218 ἔχει
2698 4147 2794 4200 καὶ
2846 4148 3004 4201 τοῦτο
3034 4147 3244 4217 κέρδος.
3284 4147 3437 4217 φησί.
3470 4148 3652 4209 Ποῖον,

2079 4243 2202 4299 εἰπέ
2231 4260 2354 4314 μοι,
2381 4241 2493 4304 Τάς
2516 4239 2699 4311 φιλίας
2726 4238 2901 4305 αὐξει.
2928 4238 3093 4292 Οὐδὲν
3122 4236 3423 4308 ἀνθρώπων
3448 4237 3653 4308 ψυχρό-

2077 4356 2235 4412 τερον
2267 4337 2377 4392 ἀπὸ
2397 4335 2602 4390 τούτων
2635 4332 2804 4403 φίλων
2833 4331 3150 4403 γινομένων,
3182 4330 3291 4383 ἀπὸ
3317 4329 3416 4398 τῆς
3443 4328 3652 4398 τραπέ-

2078 4433 2180 4504 ζης
2224 4431 2320 4486 καὶ
2368 4428 2689 4499 πλησμονῆς
2730 4425 2840 4478 τῶν
2879 4423 3196 4495 παρασίτων
3220 4438 3235 4453 ο
3274 4420 3426 4473 οὐδὲν
3469 4420 3654 4491 φιλίας

2077 4523 2404 4594 ἀηδέστερον
2449 4520 2698 4573 ἐντεῦθεν
2733 4518 2833 4588 τὴν
2884 4516 3057 4587 ἀρχὴν
3101 4512 3507 4585 λαμϐανούσης.
3556 4513 3653 4583 Μὴ

2080 4615 2311 4687 ὑϐρίσῃς
2359 4614 2592 4685 πρᾶγμα
2637 4611 2785 4665 οῦτω
2847 4608 3193 4679 θαυμαστὸν,
3248 4607 3348 4675 τὴν
3405 4606 3650 4675 ἀγάπην,

2082 4705 2219 4777 μηδὲ
2262 4703 2464 4774 ταύτην
2522 4701 2693 4771 αὐτῆς
2738 4695 2875 4753 εἶναι
2908 4699 3063 4770 ῥίζαν
3107 4696 3233 4768 φῄς.
3272 4697 3484 4766 Ὠσπερ
3505 4695 3571 4749 ἂν
3603 4697 3653 4749 εί

2077 4812 2160 4859 τις
2189 4794 2406 4865 δένδρου
2431 4791 2633 4863 χρυσὸν
2662 4790 2758 4844 καὶ
2787 4789 2967 4852 λίθους
3008 4789 3222 4858 τιμίους
3267 4787 3526 4858 φέροντος
3552 4788 3652 4856 τὴν

2080 4884 2236 4957 ῥίζαν
2264 4884 2383 4953 οὐχί
2403 4880 2658 4952 τοιαύτην
2682 4881 2866 4951 ἔλεγεν
2890 4876 3049 4943 εἶναι,
3072 4880 3186 4933 ἀλλ’
3216 4879 3325 4932 ἀπὸ
3355 4880 3653 4948 σηπεδόνος

2076 4975 2355 5029 τίκτεσθαι
2388 4989 2403 5005 ’
2455 4975 2613 5026 τοῦτο
2662 4973 2757 5026 καὶ
2804 4972 2869 5025 σὺ
2915 4974 3088 5034 ποιεῖς
3117 4987 3131 5002 ο
3174 4970 3277 5023 κᾶν
3325 4969 3435 5039 γὰρ
3485 4969 3650 5040 τεχθῇ

2079 5066 2232 5135 φιλία
2261 5063 2532 5128 ἐντεῦθεν,
2571 5062 2720 5116 οὐδὲν
2762 5062 2931 5131 αὐτῆς
2972 5061 3306 5132 ψυχρότερον
3337 5059 3530 5129 γένοιτ’
3562 5059 3649 5113 ἄν.

2091 5155 2234 5211 Ἀλλ’
2262 5156 2469 5208 ἐκεῖναι
2495 5156 2552 5207 αί
2569 5153 2837 5225 τράπεζαι
2862 5152 3043 5222 φιλίαν
3069 5152 3337 5215 ποιοῦσιν,
3364 5151 3487 5221 οὐχ).
3516 5149 3653 5221 πρὸς

2081 5246 2423 5316 ἀνθρώπους,
2455 5246 2593 5301 ἀλλὰ
2625 5247 2762 5318 πρὸς
2793 5246 2883 5299 τὸν
2916 5245 3070 5311 Θεὸν,
3104 5246 3198 5299 καὶ
3225 5246 3648 5313 ἐπιτεταμένην,

2079 5344 2209 5398 ὅταν
2260 5344 2651 5414 ἐπιτεταμέναι
2684 5345 2967 5412 γίνωνται.
3031 5346 3088 5398 '0
3139 5345 3242 5414 μὲν
3293 5344 3402 5413 γάρ
3431 5343 3500 5397 τά
3550 5342 3651 5413 μὲν

2080 5433 2338 5498 ἐνταῦθα,
2377 5435 2447 5489 τά
2490 5435 2549 5489 δὲ
2581 5437 2699 5489 ἐκεῖ
2728 5436 3159 5501 καταναλίσκων,
3200 5436 3306 5490 κᾶν
3353 5434 3523 5489 πολλά
3552 5434 3651 5506 δῷ,

2081 5528 2233 5582 οὐδὲν
2268 5526 2412 5599 μέγα
2449 5527 2750 5598 πεποίηκεν
2771 5543 2785 5559 ’
2818 5529 2847 5580 6
2875 5528 2933 5582 δὲ
2978 5528 3154 5581 πάντα
3192 5526 3423 5582 ἐνταῦθα
3465 5527 3653 5582 ἀναλί-

2080 5635 2250 5681 σκων,
2278 5617 2383 5670 κᾶν
2414 5617 2570 5687 ὀλίγα
2598 5616 2924 5690 δεδωκὼςῇ,
2970 5618 3031 5671 τὸ
3073 5621 3182 5672 πᾶν
3229 5620 3544 5689 εἰργάσατο.
3578 5620 3653 5674 T6

2080 5710 2191 5780 γὰρ
2223 5706 2553 5780 ζητούμενον
2607 5710 2728 5780 οὐχὶ
2763 5709 2935 5763 πολλά
2976 5708 3177 5773 δοῦναι,
3222 5710 3255 5781 ἢ
3306 5712 3480 5781 ὀλίγα,
3514 5712 3653 5770 ἀλλὰ

2081 5803 2180 5875 τῆς
2202 5799 2409 5867 οίκείας
2443 5800 2720 5874 δυνάμεως
2762 5802 2839 5875 μὴ
2878 5801 3115 5858 ἔλαττον.
3150 5801 3447 5876 Ἐννοῶμεν
3468 5805 3562 5859 τὸν
3584 5804 3654 5859 :6
