4120 6400
463 347 581 405 ὅθεν

471 468 636 519 πέντε
668 463 926 532 τάλαντα,
969 464 1063 520 καὶ
1090 465 1185 520 τὸν
1212 467 1285 521 τά
1317 467 1419 521 δύο
1443 484 1459 498 ·
1494 467 1766 537 ἐννοῶμεν
1792 467 1893 538 τὴν
1926 467 2052 529 τοὺς

460 556 564 611 δύο
595 557 815 620 ὀϐολοὺς
838 557 1256 611 καταϐαλοῦσαν
1279 575 1293 591 ·
1322 558 1595 631 ἐννοῶμεν
1626 559 1726 629 τὴν
1756 560 1929 629 χήραν
1953 559 2053 628 τὴν

464 649 564 702 ἐπί
600 648 695 702 τοῦ
739 649 912 702 Ἠλία.
936 650 1059 703 κούκ
1091 646 1244 703 εἶπεν
1276 652 1462 722 ἐκείνη
1489 653 1522 723 ὴ
1559 652 1683 713 τοὺς
1710 651 1804 705 δύο
1831 650 2053 713 ὀϐολοὺς

462 740 875 795 ’καταϐαλοῦσα-
912 741 976 793 Τί
1004 741 1113 812 γὰρ
1135 742 1385 808 βλάπτει,
1404 742 1471 796 ἂν
1500 742 1593 797 τὸν
1624 744 1723 813 μὲν
1748 742 2051 797 έναλόϐολὸν

462 832 683 900 ἐμαυτῇ
729 832 1006 901 κατάσχω,
1053 832 1145 884 τὸν
1190 831 1250 885 δὲ
1296 832 1392 885 Eva
1435 832 1545 900 δῶ;
1580 834 1695 887 ἀλλ’
1721 833 1843 888 ὅλον
1875 834 2049 888 ἔδωκε

470 920 561 973 16v
596 920 731 989 βίον.
757 922 831 974 Σὺ
853 921 911 974 δὲ
934 922 993 974 ἐν
1024 922 1265 994 τοσαύτῃ
1290 922 1525 995 ἀφθονίᾳ
1553 923 1651 987 ῶν,
1683 924 1902 997 ἐκείνης
1931 942 2052 995 φει-

459 1010 766 1082 ⁹δωλότερος
783 1006 852 1066 εῐ.
880 1013 972 1082 Μὴ
995 1012 1173 1066 τοίνυν
1194 1013 1490 1085 ἀμελῶμεν
1513 1016 1613 1085 τῆς
1634 1016 1843 1070 ἑαυτῶν
1874 1034 2050 1089 σωτη-

472 1101 617 1172 ρίας,
669 1103 785 1156 ἀλλ’
836 1102 1156 1175 ἐπιθώμεθα
1195 1108 1262 1177 τῇ
1300 1105 1661 1179 ἐλεημοσύνη.
1720 1107 1888 1162 Οὐδέν
1937 1108 2049 1179 γάίρ

1194 353 1255 409 s.
1293 351 1586 409 JOANNIS
1621 350 2119 410 cnm'sos'rom
2156 353 2479 412 meum.
2518 340 3064 411 consumma

3612 354 3720 410 5M

2158 466 2365 539 ταύτης
2392 467 2632 538 βέλτιον·
2676 468 2772 521 καὶ
2817 466 2978 533 δείξει
3008 468 3037 520 6
3082 464 3291 537 μέλλων
3329 465 3554 536 χρόνος·
3602 467 3741 528 τέως

2156 556 2214 611 δὲ
2243 558 2337 611 καὶ
2366 560 2396 611 6
2433 557 2627 629 παρὼν
2661 557 2884 622 ἔδειξεν.
2929 557 3021 620 Εἰς
3054 554 3214 622 δόξαν
3252 555 3437 608 τοίνυν
3469 554 3563 609 τοῦ
3596 554 3739 608 ’Θεοῦ

2158 649 2437 721 ζήσωμεν,
2488 650 2584 704 καὶ
2625 650 2695 705 τά
2740 648 2889 720 αὐτῷ
2936 648 3198 703 δοκοῦντα
3248 647 3614 718 πράττωμεν,
3655 646 3742 700 ἴνα

2154 741 2587 811 καταξιωθῶμεν
2622 741 2733 794 τῶν
2767 739 3194 810 ἐπηγγελμένων
3231 736 3485 806 ἀγαθῶν·
3524 728 3604 789 ὧν
3642 735 3738 803 γέ-

2153 850 2300 887 νοιτο
2332 833 2540 897 πάντας
2570 833 2717 904 ἡμᾶς
2742 833 3041 901 ἐπιτυχεῖν,
3084 830 3269 900 χάριτι
3300 828 3394 881 καὶ
3433 826 3738 899 φιλανθρω-

2154 925 2256 996 πίᾳ
2283 924 2378 978 τοῦ
2412 924 2618 996 Κυρίου
2653 924 2811 996 ἡμῶν
2848 922 3022 993 Ἰησοῦ
3052 920 3312 993 Χριστοῦ,
3342 912 3444 989 ᾧή
3483 918 3613 985 δόξα
3641 918 3739 974 καὶ

2153 1017 2215 1070 16
2252 1017 2475 1088 κράτος,
2509 1016 2664 1090 τιμὴ,
2695 1015 2791 1070 νῦν
2835 1016 2932 1071 καὶ
2958 1014 3068 1082 ἀεὶ,
3105 1014 3200 1068 καὶ
3233 1014 3314 1078 εἰς
3355 1013 3482 1077 τοὺς
3528 1010 3736 1076 αἰῶνας

2156 1108 2266 1163 τῶν
2305 1110 2543 1166 αἰώνων.
2584 1108 2784 1181 Ἀμήν.

1241 1255 3720 1286 W

1963 1377 2208 1432 ΟΜΙΛῘᾹ
2243 1374 2322 1434 B'.

434 1542 437 1545 ,
462 1484 1085 1581 ’[ἷςδξῙΔΔιάῡτοῦτολκαέ
1108 1489 1279 1581 ἡμεῖς
1304 1490 1405 1581 ἀέρ’
1426 1487 1504 1571 ᾗς
1532 1492 1757 1561 ἡμέρας
1776 1494 2047 1581 ἠκούσα-

536 1574 653 1625 μεν
671 1598 684 1619 ,
717 1560 788 1611 οὐ
818 1560 1125 1625 παυόμεθα
1152 1560 1304 1629 ὑπὲρ
1331 1560 1499 1630 ὑμῶν
1534 1566 2008 1632 προσευχόμενοι
2027 1604 2043 1629 ,

545 1626 643 1708 καί
674 1629 1009 1708 αἰτοῄμενοι
1043 1630 1143 1708 ἵνα
1183 1631 1535 1708 πνζηρωθνῆτε
1573 1632 1687 1708 τὴν
1722 1633 2050 1708 ἐπίγνωσιν

541 1697 648 1750 τοῦ
673 1696 1007 1765 θελήματος
1025 1701 1219 1770 αὑτοῦ
1241 1696 1319 1753 ἐν’
1335 1696 1506 1769 πάσῃ
1530 1696 1717 1770 σοφίᾳ
1737 1696 1844 1756 καί
1863 1702 2045 1757 συνέ-

543 1782 639 1819 σει
674 1769 1048 1839 πνευματικῇ
1069 1786 1082 1799 ·
1116 1770 1518 1839 περιπατῆσαι
1551 1769 1705 1839 ὑμᾶς
1736 1773 1917 1838 ἀξίως
1940 1773 2048 1827 τοῦ

540 1838 761 1912 Κυρίου
803 1841 886 1905 είς
926 1838 1132 1912 πᾶσαν
1169 1838 1521 1907 ἀρέσκειαν.
1549 1838 1635 1912 ,ἐν
1676 1844 1854 1897 παντὶ
1895 1844 2050 1912 ἔργῳ

540 1906 748 1983 ᾀγαθῷ.
765 1906 1304 1983 κῳποςξοροῦντες,
1329 1912 1428 1965 καί
1453 1911 1851 1983 αὐξανόμενοι
1876 1906 1944 1967 ἐν
1971 1906 2049 1983 τῆ

539 1977 857 2045 ἐπιγνώσει
887 1980 993 2034 τοῦ
1025 1980 1191 2034 Θεοῦ.

534 2080 610 2139 α’.
633 2083 737 2137 Διά
758 2084 953 2149 τοῦτο,
975 2088 1155 2152 ποῖον;
1188 2086 1405 2159 Ἐπειδὴ
1422 2086 1732 2160 ὴκούσαμεν
1748 2088 1846 2161 τὴν
1864 2088 2047 2142 πίστιν

470 2170 622 2238 ὑμῶν
648 2170 743 2224 καὶ
764 2171 862 2241 τὴν
894 2172 1116 2243 ἀγάπην
1133 2189 1149 2204 ·
1177 2174 1363 2244 ἐπειδὴ
1396 2177 1636 2246 χρηστάς
1673 2176 1867 2247 ἔχομεν
1892 2177 2046 2229 ἐλπί-

466 2256 582 2321 δας,
612 2257 890 2321 εὐέλπιδές
916 2260 1082 2329 ἐσμεν
1110 2260 1207 2315 καὶ
1232 2261 1360 2332 περὶ
1388 2261 1495 2314 τῶν
1514 2262 1823 2333 μελλόντων
1851 2265 2044 2319 αἰτεῖν.

468 2347 734 2419 Καθάπερ
794 2349 903 2421 γάρ
941 2351 998 2403 ἐν
1029 2352 1142 2415 τοῖς
1171 2351 1379 2419 ἀγῶσιν
1421 2352 1663 2415 ἐκείνους
1700 2352 1934 2423 μάλιστα
1966 2353 2047 2408 δι-

468 2435 760 2506 εγείρομεν
788 2437 917 2501 τοὺς
940 2438 1106 2506 ἐγγὺς
1122 2438 1290 2503 ηδντας
1315 2440 1416 2507 τῆς
1441 2439 1619 2508 νίκης·
1651 2440 1793 2493 οὕτω
1810 2440 1873 2512 δὴ
1901 2441 1993 2494 καὶ
2018 2442 2046 2495 6

466 2521 686 2603 Παῦλος·
717 2523 941 2589 τούτους
992 2525 1231 2596 μάλιστα
1271 2527 1584 2597 παρακαλεῖ
1610 2529 1738 2591 τοὺς
1778 2528 1840 2581 16
1883 2528 2046 2583 πλέον

466 2611 916 2683 κατωρθωκότας.
958 2614 1083 2683 Ἀφ’
1105 2609 1172 2685 ἧς
1206 2614 1431 2683 ἡμέρας
1454 2616 1826 2686 ἠκούσαμεν,
1854 2617 2041 2687 φησιν,

464 2700 538 2753 οὐ
564 2701 871 2769 παυόμεθα
903 2700 1055 2769 ὑπὲρ
1083 2700 1252 2771 ὑμῶν
1279 2706 1775 2773 προσευχόμενοι.
1805 2705 1881 2758 θύ
1914 2705 2042 2776 μίαν

463 2789 679 2861 ἡμέραν
708 2790 1143 2861 ὑπερευχόμεθα,
1174 2791 1296 2860 οὐδέ
1319 2792 1432 2856 δύο,
1468 2794 1528 2846 οὐ
1557 2796 1725 2863 τρεῖς.
1774 2794 2043 2849 Ἐνταῦθα

464 2877 562 2929 καὶ
587 2879 685 2948 τὴν
706 2877 928 2949 ἀγάπην
954 2879 1216 2943 δείκνυσι,
1249 2880 1344 2933 καὶ
1373 2880 1558 2951 ἡρέμα
1586 2881 1785 2945 αὐτοῦς
1811 2881 2035 2935 αἰνίττε-

462 2980 554 3017 ται
590 2963 665 3027 ὼς
697 2964 909 3018 οὐδέπω
954 2965 1091 3035 1196;
1129 2965 1191 3019 16
1232 2966 1384 3028 τέλος
1421 2967 1761 3034 ἐφθακότας·
1800 2968 1862 3019 16
1896 2968 2038 3039 γὰρ,

465 3050 600 3105 Ἵνα
631 3050 1012 3119 πληρωθῆτε,
1042 3049 1200 3105 τοῦτο
1227 3051 1516 3123 δηλοῦντος
1544 3050 1631 3124 ὴν.
1665 3054 1774 3107 Καὶ
1812 3055 1913 3125 ὅρα
1952 3073 2041 3125 μοι

463 3138 565 3207 τὴν
590 3137 806 3191 σύνεσιν
832 3136 927 3190 τοῦ
960 3139 1230 3209 μακαρίου
1264 3140 1456 3193 τούτου
1477 3156 1491 3171 ·
1520 3141 1759 3211 οὐδαμοῦ
1784 3141 1879 3195 τοῦ
1907 3160 2042 3195 παν-

462 3225 556 3289 τὸς
570 3226 765 3289 αὐτοὺς
780 3226 1186 3298 ἀπεστερῆσθαί
1210 3245 1394 3298 φησιν,
1418 3227 1555 3282 ἀλλά
1573 3228 1778 3283 λείπειν
1803 3230 1995 3292 αὐτοὺς
2012 3227 2040 3266 τι

464 3314 741 3385 πανταχοῦ
761 3331 775 3345 ·
816 3314 879 3368 16
908 3316 1037 3386 γάρ,
1073 3316 1205 3371 Ἵνα
1236 3316 1589 3387 πληρωθῆτε
1608 3360 1622 3383 ,
1673 3317 1833 3371 τοῦτο
1864 3318 2038 3388 δηλοῖ.

464 3402 575 3455 Καὶ
604 3402 787 3468 πάλιν,
814 3404 917 3468 Εἰς
956 3402 1165 3457 πᾶσαν
1199 3403 1540 3471 ἀρέσκειαν,
1568 3404 1640 3457 ἐν
1672 3404 1851 3457 παντί
1889 3405 2042 3474 ἔργῳ

460 3487 663 3559 ἁγαθῷ
684 3505 699 3520 ·
742 3488 839 3542 καὶ
878 3488 1040 3543 πάλιν
1059 3529 1073 3553 ,
1130 3488 1233 3544 Ἐν
1266 3490 1434 3559 πάσῃ
1466 3490 1717 3560 δυνάμει
1745 3492 2042 3561 δυναμούι-

459 3594 631 3646 μενοι
653 3595 667 3609 ο
700 3577 792 3630 καὶ
823 3576 1004 3639 πάλιν,
1041 3578 1144 3641 Εἷς
1186 3574 1391 3630 πᾶσαν
1429 3578 1747 3646 ὑπομονὴν
1790 3578 1888 3632 καί
1923 3597 2039 3648 μα-

464 3664 811 3733 κροθυμίαν.
845 3664 919 3715 T6
945 3663 1075 3733 γάρ,
1103 3662 1315 3717 Πᾶσαν
1334 3701 1349 3726 ,
1375 3663 1777 3736 μαρτυροῦντος
1804 3666 1921 3719 ἐστι
1944 3666 2040 3721 καί

462 3767 518 3803 τι
553 3754 667 3814 τοῖς
708 3750 1093 3820 κατορθοῦσιν,
1134 3750 1182 3803 εί
1231 3749 1327 3803 καὶ
1362 3750 1437 3821 μὴ
1480 3750 1541 3804 16
1586 3752 1714 3805 πᾶν.
1765 3751 1875 3805 Καὶ
1907 3754 2042 3808 ἰνα

465 3838 855 3906 πληρωθῆτε,
897 3838 1091 3907 φησὶν,
1133 3838 1230 3908 οὐχ
1264 3839 1350 3891 ἴνα
1384 3838 1587 3909 λάϐητε
1609 3856 1622 3868 ·
1665 3840 1856 3893 ἔλαϐον
1891 3841 1999 3913 γάρ
2020 3857 2037 3873 ·

464 3925 601 3978 ἀλλά
632 3926 695 3978 16
730 3926 915 3979 λεῖπον
949 3926 1038 3978 ἶνα
1066 3926 1414 3997 πληρωθῆτε.
1448 3926 1603 3980 Οὕτω
1637 3929 1733 3982 καὶ
1763 3930 1791 3981 6
1824 3928 2041 4000 ἔλεγχος

465 4013 776 4084 ἀνεπαχθὴς
819 4013 1056 4081 ἐγένετο,
1095 4013 1190 4067 καὶ
1222 4013 1283 4065 16
1319 4014 1595 4083 ἐγκώμιον
1621 4017 1718 4069 οὐκ
1750 4017 1901 4087 ὴφίει
1942 4017 2039 4071 αὐ-

464 4103 590 4164 τοὺς
620 4104 951 4154 καταπεσεῖν
979 4102 1074 4155 καὶ
1098 4101 1350 4169 γενέσθαι
1380 4103 1604 4167 ὑπτίους
1629 4105 1912 4176 ὁλοσχερὲς
1945 4124 2040 4176 γε-

462 4190 710 4261 νόμενον.
743 4192 810 4243 Τί
835 4191 891 4245 δέ
920 4191 1090 4255 ἐστὶν,
1123 4192 1257 4247 ἰνα
1277 4193 1627 4261 πληρωθῆτε
1656 4194 1773 4262 τὴν
1793 4196 2042 4263 ἐπίγνω-

464 4294 572 4332 σιν
599 4279 705 4333 τοῦ
733 4278 1067 4348 θελήματος
1097 4280 1282 4333 αὑτοῦ
1304 4296 1322 4342 ;
1349 4273 1606 4333 Τουτέστι
1626 4322 1640 4346 ,
1673 4281 1762 4335 διά
1788 4282 1883 4335 τοῦ
1914 4281 2040 4336 Υίοῦ

466 4366 840 4437 προσάγεσθαι
884 4367 1028 4437 ὑμᾶς
1072 4366 1218 4436 αὐτῴ
1256 4364 1395 4436 χρὴ.
1437 4367 1620 4420 οὐκέτι
1657 4368 1725 4421 δι’
1770 4369 2039 4436 ἀγγέλων.

468 4454 590 4507 Ὀτι
623 4454 721 4525 μέν
746 4451 933 4508 οὖνδεῖ
952 4454 1343 4525 προσάγεσθαι,
1370 4454 1571 4523 ἔγνωτε
1592 4470 1605 4483 ·
1629 4455 1806 4509 λείπει
1827 4457 1883 4510 δέ
1913 4457 2042 4527 ὑμῖν

462 4543 549 4595 ἔτι
579 4542 736 4596 τοῦτο
780 4544 971 4613 μαθεῖν
1003 4544 1098 4596 καὶ
1147 4541 1236 4595 διὰ
1274 4542 1328 4595 τί
1360 4542 1451 4596 τὸν
1492 4542 1618 4596 Υίὸν
1662 4542 1926 4614 ἔπεμψεν.
1976 4543 2041 4597 El

465 4629 574 4699 γὰρ
610 4628 677 4681 δι’
728 4627 976 4697 ἀγγέλων
1023 4630 1129 4681 ἔδει
1185 4629 1489 4694 σώζεσθαι,
1524 4630 1625 4682 οὐκ
1655 4630 1721 4683 ἂν
1767 4631 1860 4684 τὸν
1914 4632 2041 4685 Υίδν

466 4715 731 4785 ἐπεμψεν,
761 4716 859 4768 οὐκ
891 4716 957 4770 ἂν
984 4716 1268 4783 ἐξέδωκεν.
1314 4718 1412 4771 Ἐν
1445 4717 1615 4788 πάσῃ
1642 4719 1848 4787 σοφίᾳ,
1886 4720 2039 4788 φησὶ,

466 4802 567 4855 καί
607 4802 857 4856 συνέσει
900 4803 1292 4873 πνευματικῇ.
1345 4804 1561 4873 Ἐπειδὴ
1604 4804 1714 4874 γάρ
1752 4807 1951 4870 αὐτοὺς
1989 4808 2041 4860 οἱ

467 4889 745 4958 φιλόσοφοι
788 4890 1047 4959 ἡπάτων,
1092 4890 1355 4961 βούλομαι
1385 4892 1530 4961 ὑμᾶς
1564 4894 1621 4944 ἐν
1664 4897 2039 4966 πνευματικῇ,

466 4977 624 5047 φησὶ,
657 4976 819 5049 σοφία
848 4972 1008 5041 εἶναι,
1043 4978 1117 5048 μὴ
1156 4977 1297 5031 κατὰ
1326 4976 1424 5047 τὴν
1458 4977 1651 5047 σοφίαν
1685 4980 1794 5032 τῶν
1834 4980 2045 5053 ἀνθρώ·

467 5082 605 5119 πων.
638 5065 701 5118 EE
742 5065 799 5118 δὲ
836 5064 977 5118 ὥστε
1019 5064 1080 5118 16
1105 5064 1317 5135 θέλημα
1342 5064 1476 5118 Θεοῦ
1511 5065 1701 5136 μαθεῖν
1737 5083 2043 5139 πνευματι-

466 5155 571 5225 κῆς
594 5156 673 5208 δεῖ
692 5156 902 5224 σοφίας,
930 5155 1071 5208 ὥστε
1093 5155 1192 5225 τὴν
1223 5154 1412 5209 οὐσίαν
1433 5154 1486 5207 τί
1518 5157 1689 5222 ἐστιν,
1720 5156 1896 5227 εὐχῶν
1923 5158 2041 5226 διη-

467 5241 663 5304 νεκῶν.
693 5242 803 5297 Καὶ
828 5241 1099 5296 δείκνυσιν
1131 5240 1384 5306 ἐνταῦθα,
1417 5242 1499 5295 ὃτι
1518 5241 1578 5306 ἐξ
1599 5241 1810 5296 ἐκείνου
1839 5244 1869 5297 6
1898 5243 2042 5298 Παῦ-

463 5332 557 5396 λος
585 5331 823 5403 εὔχεται,
858 5333 951 5386 καὶ
975 5330 1188 5384 οὐδέπω
1216 5331 1380 5401 ὴνυσε
1400 5371 1415 5397 ,
1436 5330 1531 5385 καὶ
1560 5331 1663 5384 οὐκ
1693 5332 1903 5403 ἀπέστη
1927 5350 1944 5367 ·
1977 5335 2039 5387 16

464 5419 594 5489 γὰρ,
631 5418 759 5488 Ἀφ’
785 5414 861 5489 ἧς
887 5417 1111 5487 ἡμέρας
1138 5417 1509 5486 ἠκούσαμεν,
1537 5417 1695 5472 τοῦτο
1728 5419 1895 5490 δηλοῖ.
1923 5422 2038 5476 Κα-

463 5507 734 5577 τάγνωσιν
761 5507 818 5561 δέ
857 5508 1041 5572 αὐτοῖς
1082 5506 1280 5577 πολλὴν
1312 5506 1503 5577 φέρει,
1535 5507 1583 5560 εἰ
1616 5509 1674 5575 ἐξ
1704 5508 1911 5563 ἐκείνου
1945 5510 2040 5563 καὶ

465 5596 649 5666 εὐχαῖς
694 5595 1047 5667 βοηθούμενοι
1092 5595 1168 5665 μὴ
1209 5595 1581 5665 ἀνεκτήσαντο
1630 5596 1877 5661 ἑαυτούς.
1928 5598 2037 5653 Καὶ

463 5684 825 5752 αἰτούμενοι,
857 5684 1011 5755 φησὶ,
1041 5684 1305 5746 τουτέστι,
1343 5682 1481 5755 μετά
1510 5682 1713 5755 πολλῆς
1741 5684 1841 5755 τῆς
1876 5702 2039 5739 σπου-

529 5794 556 5833 ει
582 5794 762 5847 Μωυιι
783 5795 943 5852 αὐτοῖς
970 5796 1199 5847 υυιιωυε.

2148 1495 2247 1564 δῆς
2269 1510 2283 1525 ·
2326 1494 2485 1548 τοῦτο
2515 1493 2624 1566 γάρ
2656 1493 2896 1547 δείκνυσι
2933 1492 3013 1556 16,
3055 1492 3333 1557 Ἔγνωτε.
3375 1487 3537 1542 Ἀλλὰ
3571 1486 3651 1541 δεῖ
3672 1502 3728 1541 τι

2149 1582 2244 1635 καὶ
2288 1580 2441 1653 [554]
2494 1580 2811 1649 ἐπιγνῶναι.
2870 1580 2975 1645 Είς
3017 1578 3082 1632 τὸ
3123 1574 3526 1645 περιπατῆσαι
3572 1575 3730 1646 ὑμᾶς

2147 1670 2333 1736 ἀξίως
2358 1669 2465 1723 τοῦ
2492 1668 2736 1737 Κυρίου.
2783 1667 3049 1721 Ἐνταῦθα
3072 1666 3200 1735 περὶ
3228 1665 3344 1734 βίου
3377 1665 3470 1717 καὶ
3496 1663 3606 1716 τῶν
3634 1664 3725 1729 ἔρ·-

2148 1776 2259 1827 γων
2284 1756 2417 1828 φησί
2437 1775 2450 1789 ·
2479 1758 2575 1811 καὶ
2599 1757 2710 1827 γὰρ
2738 1757 2834 1810 καὶ
2857 1756 3015 1809 τοῦτο
3039 1752 3316 1823 πανταχοῦ
3343 1755 3487 1806 ποιεῖ
3506 1771 3519 1784 ·
3548 1753 3636 1805 ἀεὶ⁸
3660 1755 3724 1823 τῇ

2148 1848 2328 1900 πίστει
2371 1844 2696 1915 συζεύγνυσι
2744 1845 2843 1914 τὴν
2880 1844 3181 1898 πολιτείαν.
3221 1844 3325 1908 Είς
3360 1842 3570 1897 πᾶσαν
3596 1841 3727 1910 ἀρέ-

2148 1951 2381 1989 σκειαν.
2428 1936 2552 1998 Πῶς
2593 1934 2682 1999 δέ,
2730 1932 2940 1989 Πᾶσαν
2988 1931 3348 1999 ἀρέσκειανς
3398 1931 3503 1984 Ἐν
3548 1928 3739 1983 παντὶ

2146 2024 2298 2093 ἔργῳ
2335 2023 2535 2092 ἀγαθῷ
2585 2022 3128 2091 καρποφοροῦντες,
3177 2019 3277 2073 καὶ
3326 2018 3726 2086 αὐξανόμενοι

2147 2110 2219 2164 ἐν
2246 2109 2321 2179 τῇ
2345 2109 2666 2180 ἐπιγνώσει
2686 2109 2794 2163 τοῦ
2830 2108 2999 2162 Θεοῦ.
3033 2108 3265 2178 Ὥσπερ,
3299 2107 3485 2176 φησὶν,
3515 2105 3727 2176 ἀθρόως

2149 2200 2277 2269 ὑμῖν
2305 2198 2499 2253 ἑαυτὸν
2529 2197 2867 2264 ἀπεκάλυψε,
2909 2196 3001 2249 καὶ
3029 2194 3219 2262 ῶσπερ
3246 2193 3579 2265 τηλικαύτην
3610 2192 3727 2247 ἐλά-

2148 2287 2269 2340 ϐετε
2311 2286 2543 2355 γνῶσιν,
2582 2283 2724 2338 οὕτω
2752 2285 2843 2337 καὶ
2880 2282 3156 2335 πολιτείαν
3186 2280 3343 2348 ἀξίαν
3387 2278 3725 2344 ἐπιδείξασθε

2145 2376 2245 2443 τῆς
2281 2374 2556 2438 πίστεως·
2595 2372 2839 2443 μεγάλης
2880 2372 2988 2442 γάρ
3028 2367 3164 2441 αὐτη
3210 2370 3380 2423 δεῖται
3422 2366 3718 2431 πολιτείας,

2146 2463 2242 2516 καὶ
2290 2461 2471 2532 πολλῷ
2518 2460 2795 2531 μείζονος.
2828 2460 2861 2531 ἢ
2910 2461 2944 2529 ἡ
2975 2458 3199 2513 παλαιά.
3245 2458 3302 2511 Ὀ
3329 2458 3435 2528 γὰρ
3471 2458 3565 2510 τὸν
3592 2455 3724 2523 Θεὸν

2146 2549 2321 2614 εἰδὼς,
2354 2550 2447 2604 καὶ
2469 2548 2563 2602 τοῦ
2602 2546 2739 2601 Θεοῦ
2770 2548 2956 2610 δοῦλος
2984 2544 3122 2599 εἶναι
3157 2544 3547 2609 καταξιωθεὶς,
3582 2545 3722 2614 μάλ-

2146 2638 2238 2690 λον
2264 2637 2320 2690 δέ
2346 2637 2439 2690 καί¹
2471 2636 2604 2702 υἱὸς,
2645 2637 2747 2706 δρα
2780 2637 2911 2705 ὅσης
2945 2635 3115 2688 δεῖται
3158 2634 3378 2705 ἀρετῆς.
3427 2634 3523 2684 Ἐν
3554 2631 3721 2701 πάσῃ

2147 2724 2393 2794 δυνάμει
2419 2724 2877 2793 δυναμούμενοι.
2931 2719 3196 2774 Ἐνταῦθα
3222 2720 3349 2791 περὶ
3382 2718 3489 2771 τῶν
3532 2735 3723 2788 πειρα-

2150 2812 2304 2883 σμῶν
2326 2812 2421 2866 καὶ
2450 2811 2559 2864 τῶν
2584 2810 2840 2879 διωγμῶν
2872 2826 3055 2879 φησιν,
3083 2807 3366 2878 Εὐχόμεθα
3394 2805 3480 2858 ἴνα
3507 2805 3724 2875 πληρωο

2148 2899 2277 2969 θῆτε
2303 2898 2719 2969 δυναμούμενοι,
2750 2896 2888 2950 ὥστε
2926 2896 3001 2969 μὴ
3035 2896 3345 2965 ἀκηδιᾶσαι,
3399 2892 3533 2964 μηδέ
3588 2893 3723 2944 ἀπο-

2146 2987 2369 3056 γνῶναι.
2412 2986 2571 3041 Κατὰ
2607 2985 2674 3039 τὸ
2720 2984 2935 3053 κράτος
2984 2982 3094 3051 τῆς
3119 2982 3303 3049 δόξης
3336 2980 3544 3034 αὐτοῦ.
3575 2980 3720 3044 Ἷνα,

2147 3076 2314 3145 φησὶ,
2343 3075 2598 3143 τοιαύτην
2645 3073 2950 3144 ἀναλάϐητε
2998 3071 3339 3142 προθυμίαν,
3382 3069 3475 3122 οἵα
3521 3069 3722 3136 πρέπει

2145 3166 2211 3235 τῇ
2245 3164 2389 3233 ίσχύῖ
2411 3166 2506 3233 τῆς
2526 3160 2681 3232 δόξης
2712 3160 2876 3215 αὐτοῦ
2907 3160 3106 3214 δοῦναι.
3138 3161 3242 3225 Ely
3262 3157 3470 3213 πᾶσαν
3499 3159 3723 3225 ὑπομο-

2145 3250 2265 3318 νὴν
2284 3251 2380 3304 καὶ
2401 3249 2835 3318 μακροθυμίαν.
2860 3250 2931 3299 ‘0
2956 3248 3123 3314 λέγει,
3158 3245 3397 3300 τοιοῦτόν
3412 3247 3525 3297 ἐστι
3545 3262 3559 3275 ·
3591 3244 3721 3297 Συν·

2144 3338 2330 3407 τὸμως
2371 3336 2659 3408 εὐχόμεθα,
2708 3336 2898 3404 φησὶν,
2946 3333 3085 3387 ὥστε
3131 3335 3384 3403 ἐνάρετον
3430 3333 3572 3402 ὑμᾶς
3608 3330 3721 3399 βίον

2148 3428 2297 3496 σχεῖν
2334 3426 2428 3479 καὶ
2456 3425 2551 3493 τῆς
2585 3424 2858 3485 πολιτείας
2886 3422 3063 3487 ἀξιον,
3094 3421 3187 3475 καὶ
3216 3422 3404 3491 στῆναι
3447 3420 3680 3490 βεϐαίως
3702 3459 3718 3483 ,

2146 3513 2223 3577 ὠς
2262 3512 2407 3574 εἰκὸς
2446 3513 2571 3575 τούς
2609 3510 2718 3563 ἀπὸ
2757 3510 2891 3562 Θεοῦ
2932 3509 3368 3579 δυναμωθέντας.
3418 3508 3516 3562 ,5νά
3564 3506 3722 3559 τοῦτο

2144 3600 2283 3663 τέως
2322 3598 2533 3652 οὐδέπω
2586 3598 2815 3651 ἅπτεται
2868 3596 3187 3666 δογμάτων,
3237 3596 3351 3649 ἀλλ’
3390 3597 3450 3649 ἐν
3491 3594 3571 3665 τῷ
3621 3594 3721 3665 βίῳ

2149 3689 2457 3759 στρέφεται,
2492 3686 2620 3740 ἔνθα
2663 3686 2816 3739 οὐδὲν
2843 3683 2985 3756 εἶχεν
3014 3686 3339 3753 ἐγκαλέσαι·
3372 3686 3466 3738 καὶ
3498 3683 3719 3739 ἐπαινέ-

2144 3793 2248 3838 σας
2292 3776 2375 3845 ἐφ’
2406 3768 2489 3838 οἷς
2534 3774 2730 3846 ἐχρῆν,
2778 3774 2898 3826 τότε
2949 3773 3203 3843 καθίησιν
3242 3775 3322 3835 είς
3360 3773 3715 3843 κατηγορίαν.

2146 3863 2317 3917 Τοῦτο
2340 3862 2433 3915 καὶ
2455 3862 2729 3932 πανταχοῦ
2757 3863 2934 3914 ποιεῖ·
2961 3862 3089 3914 ὅταν
3118 3860 3225 3930 γάρ
3261 3860 3425 3931 μέλλῃ
3448 3861 3559 3913 τισὶ
3582 3861 3716 3929 γράα⁵

2144 3967 2287 4019 φειν,
2309 3949 2450 4019 ἔχων
2477 3949 2575 4019 μέν
2592 3966 2645 4002 τι
2670 3948 2939 4017 ἐγκαλεῖν.
2969 3948 3105 4019 ἔχων
3126 3948 3183 4001 δὲ
3211 3948 3303 4001 καί
3330 3965 3383 4000 τι
3411 3949 3715 4012 ἐπαινέσαι,

2143 4038 2410 4108 πρότερον
2452 4038 2694 4100 ἐπαινεῖ,
2745 4038 2839 4089 καὶ
2871 4038 2992 4088 τότε
3024 4035 3279 4107 καθίησιν
3307 4036 3386 4098 είς
3432 4036 3501 4088 τά
3530 4035 3720 4106 ἐγκλή-

2145 4141 2311 4194 ματα.
2355 4122 2662 4177 Οἱκειοῦται
2710 4124 2818 4193 γὰρ
2862 4124 3124 4195 πρότερον
3151 4122 3242 4175 τὸν
3272 4123 3581 4194 ἀκροατὴν,
3624 4123 3717 4175 καὶ

2140 4210 2239 4282 τὴν
2262 4210 2594 4281 κατηγορίαν
2627 4210 2956 4264 ἀπαλλάττει
2985 4211 3166 4281 πάσης
3202 4210 3458 4278 ὑποψίας,
3492 4210 3588 4264 καὶ
3614 4209 3721 4263 δεί-

2143 4315 2329 4352 κνυσιν
2364 4299 2447 4352 ὅτι
2486 4298 2646 4361 αὐτὸς
2677 4299 2776 4367 μὲν
2807 4297 3061 4352 ἐϐούλετο
3100 4298 3276 4352 διό).ου
3317 4299 3714 4367 ἐγκωμιάζειν,

2144 4386 2247 4438 ὐπὸ
2276 4386 2332 4439 δὲ
2358 4389 2456 4455 τῆς
2484 4385 2727 4455 ἀνάγκης
2747 4386 2827 4449 είς
2846 4385 3067 4449 τούτους
3096 4384 3451 4455 ἐμϐιϐάζεται
3480 4387 3606 4449 τοὺς
3632 4384 3719 4438 λύ-

2143 4488 2293 4538 γους.
2347 4472 2516 4525 Τοῦτο
2570 4473 2663 4525 καὶ
2708 4473 2765 4525 ἐν
2814 4475 2879 4542 τῇ
2932 4473 3172 4543 προτέρᾳ
3219 4472 3355 4543 πρὸς
3401 4472 3716 4542 Κορινθίους

2144 4562 2306 4614 ποιεῖ,
2347 4560 2668 4622 Ἐπαινέσας
2704 4560 2809 4630 γάρ
2835 4560 3032 4623 αὐτοὺς
3070 4559 3238 4631 μυρία
3279 4560 3356 4624 ὡς
3388 4559 3717 4629 ἀγαπιῖιντας

2144 4647 2327 4713 αὐτὸν,
2364 4648 2460 4700 καὶ
2488 4648 2593 4701 ἀπὸ
2624 4646 2718 4700 τοῦ
2752 4648 3200 4719 πεπορνευκότος,
3228 4648 3349 4701 τότε
3377 4650 3456 4712 είς
3485 4634 3717 4716 κατηγοο

2144 4735 2266 4805 ρίαν
2294 4734 2564 4804 καθίησιν.
2610 4735 2696 4788 Ἐν
2721 4735 2778 4788 δὲ
2810 4738 2875 4806 τῇ
2911 4736 3046 4807 πρὸς
3074 4735 3318 4801 Γαλάτας
3347 4736 3550 4797 οὐκέτι,
3583 4735 3717 4789 ἀλλά

2142 4825 2481 4878 τούναντίον·
2514 4825 2713 4895 μᾶλλον
2743 4825 2800 4878 δὲ
2832 4825 2886 4877 εί
2926 4842 3009 4888 τις
3049 4825 3319 4889 ἐξετάσειε
3339 4867 3355 4890 ,
3386 4826 3610 4894 κάκείνη
3658 4826 3717 4892 ἐξ

2144 4911 2367 4966 ἐπαίνου
2396 4913 2428 4983 ὴ
2455 4912 2778 4982 κατηγορία.
2820 4913 3040 4984 Ἐπειδὴ
3078 4913 3187 4984 γάρ
3218 4913 3395 4967 αὐτῶν
3426 4914 3576 4966 οὐδὲν
3602 4907 3716 4982 εἶχε

2145 4999 2477 5071 κατόρθωμα
2504 5000 2623 5052 τότε
2654 5001 2846 5065 είπείν,
2876 5002 2970 5054 καὶ
2998 5002 3223 5072 σφοδρὸν
3251 5002 3311 5055 16
3337 5000 3584 5072 ἔγκλημα
3623 4996 3713 5072 ἦν,

2144 5088 2239 5140 καὶ
2266 5089 2462 5151 πάντες
2483 5088 2871 5159 διεφθάρησαν,
2899 5090 2993 5142 καὶ
3017 5090 3202 5160 φέρειν
3216 5089 3478 5160 ἠδύναντο
3507 5090 3717 5159 ἰσχυροὶ

2144 5175 2327 5239 ὄντες,
2365 5175 2473 5231 ἀπὸ
2525 5176 2858 5247 κατηγορίας
2888 5178 3113 5247 ἄρχεται
3158 5176 3365 5246 λέγων,
3404 5175 3714 5246 Θαυμάζω·

2145 5262 2284 5315 ῶστε
2313 5262 2407 5316 καὶ
2432 5261 2590 5315 τοῦτο
2622 5264 2896 5335 ἐγκώμιόν
2930 5266 3097 5318 ἐστιν.
3127 5264 3391 5335 ’Ὕστερον
3422 5264 3479 5317 δέ
3517 5263 3715 5328 αὐτοὺς

2146 5349 2378 5414 ἐπαινεῖ,
2404 5348 2507 5402 οὐκ
2535 5350 2628 5403 ἐπὶ
2659 5352 2770 5414 τοῖς
2800 5350 3083 5421 παροῦσιν,
3112 5350 3226 5405 ἀλλ’
3252 5351 3344 5405 ἐπὶ
3368 5353 3480 5415 τοῖς
3515 5352 3716 5421 παρελ-

2145 5434 2326 5503 θοῦσι,
2358 5436 2561 5505 λέγων,
2611 5438 2691 5491 ὅτι
2735 5440 2805 5493 Et
2851 5438 3143 5503 δυνατὸν,
3189 5438 3332 5506 τοὺς
3366 5438 3714 5508 ὀφθαλμοὺς

2143 5524 2312 5594 ὑμῶν
2337 5525 2731 5594 ἐξορύξαντες
2765 5526 2842 5582 ἂν
2866 5526 3123 5581 ἐδώκατέ
3152 5545 3275 5597 μοι.

2215 5612 2281 5681 β’.
2317 5614 2880 5683 Καρποφοροῦντες,
2927 5614 3089 5684 φησί·
3134 5613 3291 5667 τοῦτο
3335 5614 3462 5684 περὶ
3505 5613 3705 5685 ἔργων.

2145 5701 2587 5769 Δυναμούμενοι
2608 5720 2622 5732 ·
2651 5701 2777 5773 περὶ
2809 5701 3129 5773 πειρασμῶν
3154 5700 3330 5757 τοῦτο.
3374 5704 3474 5768 Elg-
3504 5701 3713 5757 πᾶσαν

2145 5787 2462 5856 ὑπομονὴν
2510 5788 2607 5843 καὶ
2648 5788 3100 5859 μακροθυμίαν·
3142 5788 3524 5861 μακροθυμίαν
3576 5787 3713 5859 1:96;
