4120 6400
413 369 519 429 309

415 498 544 553 ergo
570 489 807 537 nostram
852 479 1183 551 negligamus
1212 479 1470 541 salutem,
1499 476 1593 530 sed
1619 472 1990 543 aggrediamur

384 577 833 644 .eleemosynam.
857 572 1000 626 Nihil
1034 580 1117 628 est
1145 572 1285 625 enim
1317 586 1379 623 ea
1424 569 1614 624 melius
1643 576 1697 622 et
1724 572 1992 634 praestan-

414 668 516 717 tius
550 682 563 718 :
599 664 758 733 idque
778 664 1021 718 ostendet
1052 672 1261 731 tempus
1293 662 1553 723 futurum;
1585 658 1797 712 interim
1816 665 1992 707 autem

413 757 821 812 ostenditetiam
840 772 1096 827 praesens.
1125 756 1205 809 Ad
1232 756 1321 809 Dei
1342 768 1469 823 ergo
1494 756 1733 805 vivamus
1749 748 1991 818 gloriam,

412 860 465 903 et
493 864 611 919 quae
636 850 685 904 ei
719 850 929 919 placent
957 864 1018 903 ea
1043 862 1281 917 agamus,
1312 856 1369 900 ut
1390 846 1531 915 digni
1562 843 1851 896 habeamur
1874 853 1997 907 pro-

1305 364 1370 420 IN
1410 364 1627 420 EPIST.
1671 362 1761 417 AD
1799 358 2075 417 COLOSS.
2118 354 2267 411 CAP.
2311 358 2352 414 l.
2397 356 2626 416 HOMIL.
2670 358 2737 416 11.

1090 966 2133 991 _____________._________

3570 370 3676 424 310

2100 468 2276 525 missis
2308 469 2461 524 bonis
2491 489 2503 524 :
2536 487 2653 542 qua:
2695 472 2848 527 detur
2893 475 3046 530 nobis
3076 475 3338 534 'omnibus
3381 482 3680 551 consequi,

2101 563 2266 630 gratia
2297 574 2347 615 et
2370 562 2695 633 benignitate
2727 565 2935 619 Domini
2961 569 3127 621 nostri
3160 568 3287 624 Jesu
3327 570 3557 632 Christi.
3590 575 3684 627 cui

2100 653 2289 722 gloria,
2315 655 2615 724 imperium,
2639 656 2827 722 honos,
2851 674 2990 714 nunc
3012 670 3068 715 et
3087 675 3317 731 semper,
3340 671 3393 716 et
3413 663 3465 717 in
3488 664 3684 720 saecula

2102 745 2440 798 swculorum.
2469 748 2657 800 Amen.

2141 963 3684 998 ____..__________________

1796 1038 2142 1102 HOMILIA
2185 1040 2263 1099 ll.

413 1202 549 1257 CAP.
576 1202 624 1255 1.
659 1216 711 1253 v.
745 1201 797 1255 9.
828 1199 953 1253 Ideo
980 1210 1027 1254 et
1057 1215 1146 1252 nos
1177 1215 1238 1253 ea:
1280 1214 1379 1267 qua
1408 1197 1488 1250 die
1516 1194 1810 1246 audivimus
1834 1232 1847 1255 ,
1898 1205 2000 1241 non

485 1310 738 1347 cessamus
762 1310 851 1361 pro
880 1294 1016 1345 vobis
1043 1301 1261 1352 orantes,
1294 1300 1340 1342 et
1368 1289 1676 1358 postulantes
1703 1294 1756 1337 ut
1785 1281 1999 1351 implea-

486 1386 609 1438 miui
645 1385 901 1455 agnitione
929 1383 1198 1435 voluntatis
1226 1382 1336 1448 ejus
1362 1422 1376 1446 ,
1402 1379 1457 1431 in
1484 1378 1620 1431 omni
1658 1375 1907 1443 sapientia
1952 1383 1999 1424 et

481 1476 736 1530 intellectu
758 1475 1015 1545 spirituali
1043 1490 1060 1526 :
1087 1473 1172 1526 10.
1197 1469 1526 1524 utambuletis
1555 1469 1707 1537 digne
1757 1464 1877 1527 Deo,
1905 1478 1993 1531 per

486 1566 656 1618 omnia
685 1565 936 1634 placentes
960 1606 975 1629 ,
1007 1564 1060 1616 in
1091 1564 1227 1616 omni
1253 1577 1400 1631 apere
1436 1558 1563 1612 bono
1589 1556 1950 1627 fructi/icantes
1974 1592 1991 1620 ,

485 1667 531 1711 et
554 1666 830 1711 crescentes
862 1657 917 1709 in
955 1656 1165 1710 scientia
1194 1653 1307 1707 Dei.

488 1757 541 1809 1.
565 1752 715 1818 Ideo,
751 1751 953 1821 quare?
979 1750 1111 1815 Quia
1142 1748 1440 1802 audivimus
1476 1743 1635 1798 ﬁdem
1666 1748 1898 1796 vestram
1941 1745 1997 1791 et

412 1847 709 1901 caritatem.
740 1844 1000 1909 Quoniam
1031 1844 1223 1897 bonum
1255 1856 1405 1909 spem
1434 1838 1614 1902 habet,
1646 1837 1841 1891 bonam
1863 1847 1998 1903 quo-

416 1954 522 2009 que
541 1954 688 2007 spem
719 1936 993 2003 habemus,
1015 1944 1073 1989 ut
1092 1945 1145 1988 et
1172 1933 1239 1987 de
1260 1930 1449 1985 futuris
1475 1929 1823 1999 postulemus.
1847 1924 1996 1978 Sicut

417 2033 557 2085 enim
586 2031 638 2084 in
688 2030 1068 2085 certaminibus
1113 2028 1232 2082 illos
1280 2025 1512 2079 maxime
1542 2017 1873 2081 excitamus,
1905 2015 1994 2086 qui

416 2135 537 2177 sunt
569 2124 849 2192 propinqui
894 2120 1133 2174 victoria:
1166 2139 1179 2173 :
1212 2120 1280 2171 ita
1311 2118 1469 2172 etiam
1498 2114 1694 2168 Paulus
1738 2127 1831 2166 eos
1876 2126 1991 2165 ma-

415 2216 558 2269 xime
589 2216 862 2277 hortatur,
903 2213 989 2283 qui
1017 2227 1075 2265 se
1104 2210 1333 2275 amplius
1376 2218 1523 2262 recte
1568 2213 1869 2275 gesserunt.
1910 2200 1995 2255 Ea:

419 2324 519 2371 qua
551 2308 664 2371 die,
690 2307 898 2375 inquit,
940 2304 1260 2366 audivimus,
1290 2318 1391 2353 non
1435 2313 1687 2351 cessamus
1734 2312 1824 2365 pro
1857 2295 1993 2347 vobis

415 2408 637 2453 orantes.
660 2397 776 2451 Non
807 2411 970 2450 unum
1000 2396 1137 2448 diem
1172 2409 1268 2462 pro
1294 2391 1444 2445 vobis
1467 2404 1705 2453 oramus,
1734 2396 1827 2440 aut
1857 2386 1992 2440 duos

415 2498 505 2542 aut
538 2498 664 2544 tres.
694 2488 789 2542 llic
835 2488 993 2542 etiam
1021 2484 1255 2539 ostendit
1299 2482 1610 2545 caritatem,
1643 2490 1697 2534 et
1739 2476 1989 2548 paulatim

415 2582 715 2636 subindicat
766 2594 861 2635 eos
907 2578 1142 2632 nondum
1189 2574 1501 2647 pervenisse
1540 2571 1608 2626 ad
1650 2571 1807 2626 ﬁnem
1846 2568 1992 2624 :hoc

413 2676 578 2737 etum,
612 2672 678 2728 Ut
701 2671 1030 2743 impleamiui.
1059 2670 1163 2724 hoc
1186 2668 1469 2738 signiﬁcat.
1497 2663 1627 2719 Vide
1651 2671 1830 2717 autem
1858 2658 1987 2714 mihi

415 2768 571 2836 hujus
622 2767 760 2820 beati
813 2762 1151 2834 prudentiam
1197 2772 1502 2827 :nusquam
1550 2755 1679 2810 dicit
1736 2769 1828 2807 eos
1877 2761 1989 2804 toto

413 2877 532 2916 esse
565 2861 817 2930 privatos,
851 2856 941 2912 sed
968 2857 1161 2924 ubique
1186 2868 1280 2908 eos
1298 2852 1528 2907 deﬁcere
1560 2867 1574 2903 :
1602 2848 1704 2903 hoc
1729 2846 1990 2917 signiﬁcat

414 2954 564 3020 illud,
595 2952 660 3007 Ut
684 2949 1018 3020 impleamiui.
1052 2948 1119 3002 Et
1142 2961 1345 3012 rursus,
1377 2943 1484 2998 Per
1507 2942 1677 2997 omnia
1705 2940 1983 3009 placentes,

412 3046 465 3099 in
505 3045 642 3098 omni
666 3059 816 3111 opere
845 3042 973 3095 bona
999 3057 1017 3105 ,'
1043 3046 1097 3094 et
1125 3039 1347 3101 iterum,
1378 3034 1446 3089 In
1475 3034 1612 3088 omni
1649 3033 1831 3087 virtute
1867 3046 1989 3084 con-

414 3138 586 3203 {ortati
609 3152 629 3200 ;
659 3146 712 3190 et
738 3148 942 3199 rursus,
975 3132 1043 3185 In
1070 3132 1208 3185 omni
1240 3128 1483 3199 patientia
1510 3135 1554 3181 et
1582 3125 1985 3196 longanimitate.

413 3228 537 3282 Illud
568 3230 730 3290 enim,
767 3224 940 3291 Omni,
973 3231 1055 3278 est
1075 3223 1190 3292 ejus
1214 3222 1303 3292 qui
1335 3235 1433 3277 suo
1463 3218 1769 3274 testimonio
1790 3214 1987 3286 aliquid

414 3321 595 3376 tribuit
614 3321 675 3374 iis
696 3320 784 3387 qui
813 3334 871 3372 se
899 3326 1044 3372 recte
1068 3323 1283 3385 gerunt,
1310 3312 1517 3368 etiamsi
1546 3326 1650 3365 non
1673 3307 1983 3362 universim.

414 3412 480 3469 Ut
509 3410 838 3481 impleamiui,
870 3409 1057 3477 inquit,
1078 3421 1208 3472 non,
1240 3404 1309 3460 Ut
1330 3403 1637 3474 accipiatis;
1665 3407 1989 3470 acceperunt

409 3506 587 3569 enim;
620 3503 714 3559 sed
754 3511 811 3557 ut
852 3498 1175 3570 impleamiui
1200 3513 1265 3552 eo
1286 3496 1425 3567 quod
1451 3495 1601 3549 vobis
1632 3493 1803 3548 deest.
1825 3492 1898 3546 Ita
1933 3501 1988 3545 et

410 3596 759 3669 reprehensio
787 3610 892 3649 non
920 3593 1015 3647 luit
1057 3591 1256 3662 gravis,
1290 3603 1388 3643 nec
1427 3588 1554 3641 sinit
1579 3585 1881 3640 encomium
1928 3591 1986 3637 ut

409 3692 661 3761 dejiciant
686 3691 957 3751 animum,
992 3696 1047 3740 et
1094 3684 1381 3738 reddantur
1422 3679 1625 3749 supini,
1654 3693 1774 3732 cum
1825 3676 1984 3731 fuerit

413 3786 695 3854 integrum.
728 3780 864 3848 Quid
908 3788 990 3833 est
1028 3786 1205 3832 autem
1229 3818 1243 3841 ,
1281 3774 1345 3829 Ut
1372 3771 1682 3844 impleamiui
1720 3769 1977 3840 agnitione

408 3876 675 3930 voluntatis
698 3873 849 3943 eius?
876 3872 930 3926 ld
961 3880 1074 3936 cst,
1104 3884 1202 3940 per
1230 3867 1422 3922 Filium
1451 3880 1546 3919 vos
1571 3864 1635 3917 ad
1684 3864 1857 3931 ipsum
1886 3860 1984 3914 ad-

406 3968 529 4022 duci
576 3976 819 4036 oportet,
854 3979 958 4019 non
1006 3963 1189 4031 utique
1236 3975 1331 4028 per
1360 3957 1597 4027 angelos.
1622 3957 1797 4023 Atque
1841 3950 1984 4021 quod

407 4069 646 4130 oporteat
679 4059 891 4128 quidem
913 4055 1125 4120 adduci,
1150 4052 1375 4107 novistis
1401 4057 1603 4105 :restat
1626 4058 1805 4102 autem
1831 4044 1984 4099 vobis

409 4161 466 4205 ut
495 4153 598 4205 hoc
627 4148 864 4213 discatis,
898 4162 993 4201 cur
1019 4145 1225 4199 miserit
1249 4142 1461 4196 Filium.
1496 4139 1550 4195 Si
1581 4140 1722 4194 enim
1754 4152 1853 4207 per
1883 4151 1982 4189 an-

407 4244 555 4316 gelos
596 4231 695 4296 nos
723 4247 998 4309 oporteret
1042 4254 1163 4293 esse
1190 4236 1372 4291 salvos
1397 4276 1411 4298 ,
1455 4249 1563 4288 non
1613 4233 1847 4287 misisset
1884 4241 1985 4283 nec

411 4335 714 4390 tradidisset
740 4332 953 4386 Filium.
982 4329 1046 4384 In
1071 4330 1207 4384 omni
1234 4327 1505 4397 sapientia,
1531 4325 1735 4394 inquit,
1763 4333 1808 4377 et
1830 4321 1983 4375 intelo

407 4427 539 4480 lectu
572 4424 850 4494 spirituali.
884 4422 1016 4477 Nam
1040 4421 1290 4491 quoniam
1319 4420 1467 4487 ipsos
1502 4416 1839 4485 decipiebant
1868 4411 1983 4484 phi-

410 4516 638 4586 losophi.
666 4514 802 4569 Volo
829 4529 943 4579 vos,
969 4514 1158 4582 inquit,
1188 4526 1308 4567 esse
1336 4512 1389 4564 in
1415 4508 1671 4579 sapientia
1694 4503 1978 4576 spirituali,

409 4626 515 4664 non
560 4607 852 4663 secundum
900 4605 1215 4674 sapientiam
1269 4602 1566 4657 hominum.
1606 4599 1660 4654 Si
1708 4607 1883 4652 autem
1924 4603 1984 4649 ut

403 4701 674 4754 discamus
703 4697 796 4751 Dei
824 4696 1171 4758 voluntatem,
1202 4693 1462 4764 spirituali
1493 4706 1627 4759 opus
1670 4698 1752 4743 est
1772 4688 1983 4756 sapien-

408 4794 479 4847 tia
504 4809 516 4845 ε
543 4801 600 4845 ut
628 4789 858 4845 esSeutia
887 4787 1010 4857 quid
1032 4788 1100 4839 sit
1124 4786 1412 4849 discamus,
1437 4798 1570 4853 opus
1600 4790 1682 4837 est
1713 4779 1982 4834 continuis

411 4882 680 4953 precibus.
708 4882 771 4934 Et
798 4879 883 4932 hic
908 4879 1156 4941 05tendit,
1188 4876 1323 4948 (mod
1353 4891 1420 4930 ex
1465 4875 1559 4928 illo
1587 4882 1827 4942 tempore
1867 4878 1984 4924 oret

408 4979 625 5043 Paulus,
653 4985 708 5031 et
733 4974 966 5028 nondum
998 4971 1238 5041 perfecit,
1272 4986 1369 5023 nec
1392 4968 1595 5022 destitit
1618 4984 1631 5019 :
1662 4965 1789 5020 illud
1815 4966 1980 5029 enim,

413 5071 493 5125 Ea:
507 5086 607 5142 qua
634 5070 717 5122 die
736 5066 1038 5129 audivimus,
1068 5064 1169 5117 hoc
1185 5061 1465 5131 signiﬁcat.
1496 5060 1605 5115 lllis
1626 5069 1805 5113 autem
1827 5057 1983 5113 affert

408 5161 905 5217 condemnationem
924 5198 938 5222 ,
968 5158 1012 5210 si
1039 5172 1105 5209 ex
1141 5155 1232 5207 illo
1261 5163 1503 5223 tempore
1541 5152 1701 5206 etiam
1732 5151 1982 5221 precibus

407 5255 606 5324 adjuti,
639 5269 697 5308 se
723 5266 829 5305 non
860 5248 1275 5306 emendaverint.
1306 5245 1373 5298 Et
1393 5245 1738 5315 postulantes,
1772 5244 1976 5313 inquit,

410 5348 459 5398 id
486 5355 720 5411 est,cum
748 5357 939 5411 magno
969 5339 1145 5394 studio
1177 5355 1189 5391 :
1220 5338 1319 5390 hoc
1346 5336 1489 5391 enim
1538 5334 1772 5389 ostendit
1812 5334 1938 5387 illud
1961 5376 1977 5400 ,

405 5435 734 5506 Cognosistis.
783 5432 886 5488 Sed
935 5436 1144 5501 Oportet
1191 5428 1350 5483 etiam
1405 5426 1600 5496 aliquid
1666 5440 1978 5497 agnoscere.

410 5527 478 5583 Ut
507 5544 611 5591 vos,
645 5525 834 5595 inquit,
862 5521 1127 5577 ambuletis
1156 5520 1305 5589 digne
1331 5517 1459 5571 Deo.
1493 5518 1588 5571 Hic
1614 5517 1682 5591 de
1712 5518 1818 5570 vita
1846 5516 1977 5571 dicit

407 5632 460 5675 et
503 5619 756 5690 operibus
796 5634 808 5670 :
843 5632 967 5671 nam
1016 5615 1120 5669 hoc
1164 5628 1375 5683 quoque
1419 5610 1544 5665 facit
1590 5610 1824 5680 ubique;
1856 5609 1978 5665 ﬁdei

407 5726 620 5780 semper
646 5708 920 5780 conjungit
943 5707 1067 5760 vita:
1106 5703 1326 5774 agenda:
1354 5704 1639 5757 rationem.
1678 5700 1782 5756 Per
1807 5702 1977 5755 omnia

408 5806 676 5875 placentes.
708 5800 986 5868 Quamodo
1024 5809 1221 5861 autem,
1252 5794 1355 5850 Per
1393 5796 1563 5850 omnia
1593 5795 1882 5865 placentes?
1910 5792 1976 5847 In

720 5908 981 5967 PATBOL.
1025 5899 1141 5961 Gtt.
1190 5897 1381 5959 LXII.

2104 1182 2239 1234 omni
2268 1199 2415 1251 opere
2439 1185 2568 1239 bono
2598 1190 2963 1257 fructi/icantes
2986 1233 3001 1252 .
3035 1203 3084 1247 et
3124 1206 3397 1251 crescentes
3432 1200 3486 1253 in
3528 1204 3676 1272 agni-

2102 1274 2236 1328 tione
2281 1274 2403 1331 Dei.
2434 1277 2583 1333 Sicut
2626 1283 2766 1335 enim
2809 1300 2868 1339 se
2892 1295 3073 1347 Jotum
3120 1290 3272 1344 vobis
3300 1293 3558 1349 revelavit
3585 1336 3599 1360 ,
3630 1307 3685 1351 et

2101 1375 2240 1418 Sicut
2267 1374 2464 1421 tantam
2487 1373 2765 1439 accepistis
2805 1378 3159 1445 cognitionem
3193 1398 3206 1432 :
3251 1383 3322 1436 ita
3356 1394 3403 1438 et
3443 1385 3568 1440 vita:
3585 1403 3682 1441 ve-

2102 1466 2226 1511 strae
2245 1458 2627 1516 institutionem
2649 1468 2911 1525 ostendite
2938 1469 3040 1525 ﬁde
3068 1472 3153 1526 illa
3174 1473 3385 1543 dignam
3408 1494 3423 1541 ;
3454 1492 3515 1533 ea
3534 1481 3677 1534 enim

2099 1563 2234 1619 Opus
2289 1551 2446 1607 habet
2491 1571 2680 1627 magna
2724 1561 2842 1614 vitte
2886 1562 3107 1631 agenda:
3150 1567 3394 1633 ratione,
3441 1581 3495 1622 et
3524 1571 3681 1640 longe

2034 1708 2038 1712 _
2101 1642 2288 1709 majori
2318 1659 2473 1713 quam
2501 1657 2673 1703 vetus.
2705 1649 2837 1704 Nam
2864 1653 2953 1722 qui
2984 1653 3150 1709 Deum
3183 1658 3329 1710 novit
3355 1698 3369 1721 ,
3401 1668 3455 1713 et
3482 1660 3678 1730 dignus

2098 1744 2181 1788 est
2218 1734 2430 1789 habitus
2446 1738 2534 1807 qui
2559 1737 2651 1793 Dei
2675 1751 2818 1796 esset
2845 1758 3052 1809 servus,
3085 1746 3190 1801 imo
3219 1763 3345 1801 vero
3368 1746 3529 1815 ﬁlius,
3557 1752 3679 1806 vide

2097 1837 2292 1894 quanta
2329 1842 2462 1896 opus
2490 1830 2681 1885 habeat
2718 1832 2933 1889 virtute.
2966 1837 3053 1890 li.
3086 1836 3149 1891 In
3181 1841 3317 1893 omni
3340 1841 3521 1895 virtute
3556 1859 3679 1897 con-

2096 1920 2288 1989 fortati.
2315 1920 2413 1976 llic
2436 1921 2561 1977 dicit
2589 1924 2656 1978 de
2682 1928 3062 1983 tentationibns
3088 1941 3145 1983 et
3170 1934 3633 1999 persecutionibus
3663 1951 3675 1992 τ

2096 2010 2321 2066 Oramus
2351 2020 2410 2067 ut
2442 2014 2766 2086 impleamiui
2812 2019 3174 2086 corroborati,
3221 2037 3287 2077 ne
3319 2026 3631 2092 torpescatis
3655 2066 3671 2093 ,

2095 2120 2268 2174 neque
2306 2106 2541 2161 animum
2596 2108 2993 2178 despondeatis.
3046 2112 3342 2167 Secundum
3401 2118 3676 2186 potentiam

2095 2195 2339 2250 claritatis
2365 2198 2495 2265 ejus.
2516 2197 2586 2254 Ut
2610 2201 2903 2269 accipiatis,
2936 2203 3123 2273 inquit,
3148 2221 3265 2259 eam
3293 2205 3457 2261 animi
3484 2208 3675 2263 alacri-

2096 2296 2279 2353 tatem,
2312 2304 2469 2357 quam
2492 2289 2606 2359 ejus
2635 2291 2817 2360 gloriae
2845 2291 3211 2349 fortitudinem
3238 2296 3391 2352 decet
3430 2297 3583 2354 dare.
3605 2298 3675 2355 In

2094 2380 2232 2431 omni
2255 2380 2496 2447 patientia
2522 2391 2567 2435 et
2588 2383 2986 2454 longanimitate.
3019 2386 3174 2453 Quod
3203 2389 3353 2454 dicit,
3388 2399 3471 2444 est
3491 2390 3674 2459 hujus:

2094 2471 2237 2525 modi
2267 2489 2279 2525 :
2311 2472 2553 2527 Breviter
2572 2516 2586 2539 ,
2617 2475 2819 2543 inquit,
2843 2493 3058 2531 oramus
3100 2488 3157 2532 ut
3183 2494 3279 2533 vos
3307 2482 3471 2536 vitam
3498 2484 3670 2552 agatis

2093 2580 2157 2618 ex
2186 2566 2402 2632 virtute,
2432 2566 2754 2637 dignamque
2778 2579 2955 2624 vestro
2983 2572 3192 2626 vivendi
3218 2573 3480 2639 instituto,
3510 2574 3667 2630 forti-

2094 2668 2279 2730 terque
2300 2676 2363 2716 ac
2388 2660 2611 2718 ﬁrmiter
2642 2664 2794 2719 stetis
2835 2666 3189 2733 corroborati,
3209 2676 3269 2721 ut
3297 2676 3511 2737 oportet
3539 2683 3668 2736 eos,

2092 2754 2181 2824 qui
2211 2769 2240 2808 a
2275 2753 2383 2809 Deo
2408 2763 2533 2809 sunt
2557 2758 2909 2811 corroborati.
2933 2758 3219 2829 Propterea
3253 2760 3491 2815 nondum
3518 2763 3671 2816 attin-

2091 2848 2166 2918 git
2193 2846 2462 2918 dogmata,
2492 2857 2545 2902 et
2569 2849 2622 2903 in
2648 2850 2755 2904 vita
2783 2859 3045 2915 versatur,
3080 2852 3167 2905 ubi
3194 2853 3326 2907 nihil
3344 2852 3505 2909 habet
3524 2854 3669 2924 quod

2091 2938 2483 3007 reprehendat;
2525 2947 2580 2993 et
2621 2954 2739 2994 eum
2771 2956 2865 2996 eos
2908 2942 3178 2998 laudasset
3203 2945 3255 2998 in
3284 2959 3392 3015 quo
3419 2944 3671 3001 laudandi

2090 3038 2278 3097 erant,
2325 3040 2451 3085 tunc
2498 3031 2703 3088 accedit
2746 3032 2814 3087 ad
2851 3035 3265 3091 accusationem.
3312 3036 3424 3091 Hoc
3466 3037 3666 3107 ubique

2090 3119 2215 3176 facit
2253 3163 2268 3189 ,
2324 3122 2537 3194 quando
2583 3124 2769 3179 scribit
2810 3125 2877 3182 ad
2943 3127 3168 3198 aliquos.
3218 3128 3275 3184 Si
3322 3128 3518 3185 habeat
3574 3130 3671 3185 ali-

2089 3215 2215 3283 quid
2259 3216 2400 3286 quod
2444 3216 2803 3286 reprehendat
2839 3259 2857 3287 ,
2910 3228 2963 3274 et
3023 3220 3224 3291 aliquid
3269 3221 3409 3292 quod
3455 3222 3667 3290 laudet;

2090 3305 2235 3375 prius
2261 3306 2442 3361 laudat
2459 3317 2514 3362 et
2543 3316 2669 3363 tunc
2693 3308 2970 3365 descendit
2995 3310 3061 3366 ad
3083 3312 3326 3366 crimina.
3348 3314 3501 3368 Prius
3525 3314 3670 3368 enim

2090 3398 2187 3453 sibi
2214 3398 2464 3453 conciliat
2505 3410 2561 3454 et
2589 3401 2907 3456 benevolum
2947 3403 3124 3457 reddit
3150 3404 3481 3470 auditorem;
3510 3420 3670 3461 accu-

2089 3488 2351 3544 sationem
2383 3490 2575 3546 liberat
2603 3492 2671 3547 ab
2710 3494 2855 3547 omni
2882 3494 3183 3563 suspicione
3205 3536 3219 3559 ,
3250 3504 3305 3549 et
3337 3496 3569 3550 ostendit
3610 3511 3671 3551 se

2088 3582 2301 3652 quidem
2332 3583 2471 3637 velle
2491 3584 2712 3638 omnino
2738 3585 2974 3650 laudare,
3005 3586 3098 3640 sed
3121 3586 3187 3640 ad
3221 3601 3282 3641 ea
3309 3586 3535 3641 dicenda
3563 3588 3667 3640 im-

2088 3675 2211 3744 pelli
2240 3690 2267 3727 a
2295 3676 2635 3731 necessitate.
2664 3676 2775 3731 lloc
2815 3678 2974 3731 etiam
3017 3678 3140 3732 facit
3187 3679 3240 3732 in
3271 3679 3435 3747 priori
3474 3680 3540 3733 ad
3569 3678 3670 3734 Co-

2088 3767 2313 3822 rinthios
2347 3768 2422 3837 (1.
2449 3767 2566 3822 Cor.
2582 3769 2661 3839 5).
2680 3768 2812 3822 Nam
2834 3784 2953 3824 cum
2972 3784 3066 3825 eos
3087 3768 3373 3841 plurimum
3392 3772 3669 3828 laudasset

2090 3869 2147 3915 ut
2175 3861 2265 3929 qui
2290 3860 2462 3929 ipsum
2486 3860 2790 3930 diligerent,
2820 3870 2947 3916 tunc
2972 3864 3039 3916 ab
3069 3878 3135 3919 eo
3178 3864 3268 3933 qui
3299 3863 3472 3919 fuerat
3495 3863 3661 3919 forni-

2086 3961 2235 4006 catus
2252 3950 2613 4007 descenditad
2629 3955 3043 4009 accusationem.
3070 3954 3125 4008 ln
3147 3955 3383 4025 Epistola
3405 3966 3581 4011 autem
3600 3955 3665 4010 ad

2086 4043 2301 4100 Galatas
2332 4044 2355 4116 (
2373 4043 2544 4099 Galat.
2569 4045 2595 4099 1
2623 4047 2641 4115 )
2674 4060 2778 4099 non
2826 4046 2897 4100 ita
2918 4087 2934 4111 ,
2962 4046 3057 4102 sed
3108 4060 3326 4102 contra:
3374 4048 3482 4102 imo
3533 4063 3666 4102 vero

2084 4139 2129 4193 si
2159 4137 2419 4208 quiSpiam
2451 4138 2831 4193 examinaverit
2853 4180 2869 4205 ,
2899 4140 2987 4195 illa
3031 4155 3243 4209 quoque
3271 4151 3356 4196 est
3392 4156 3454 4195 ex
3501 4140 3660 4195 laude

2085 4230 2374 4283 accusatio.
2404 4228 2534 4283 Nam
2580 4231 2830 4300 quoniam
2878 4230 3009 4285 nihil
3056 4241 3264 4301 poterat
3294 4232 3479 4287 dicere
3516 4232 3661 4302 quod

2085 4320 2185 4390 ipsi
2213 4330 2361 4376 recte
2387 4325 2699 4391 gessissent,
2728 4330 2783 4376 et
2806 4322 3012 4377 crimen
3041 4332 3158 4377 erat
3181 4323 3474 4378 vehemens
3498 4363 3514 4389 ,
3542 4339 3664 4378 om-

2086 4426 2287 4482 nesque
2309 4412 2550 4481 corrupti
2573 4421 2749 4478 erant,
2780 4424 2833 4467 et
2869 4413 3010 4468 ferre
3041 4423 3288 4482 poterant
3331 4430 3452 4470 cum
3483 4428 3667 4471 essent

2084 4503 2271 4569 fortes,
2295 4505 2479 4573 incipit
2495 4504 2562 4557 ab
2586 4505 2925 4560 accusatione
2946 4504 3130 4560 dicens
3153 4505 3665 4576 :Miror(!bid.v.6).

2084 4596 2442 4663 Quamobrem
2462 4596 2563 4650 hoc
2588 4611 2799 4666 quoque
2828 4605 2910 4651 est
2929 4599 3252 4652 encomium.
3278 4599 3468 4655 Postea
3487 4609 3666 4657 autem

2084 4701 2178 4742 eos
2220 4687 2455 4753 laudat,
2494 4703 2601 4742 non
2649 4698 2869 4758 propter
2927 4690 3239 4758 praesentia,
3305 4691 3399 4745 sed
3449 4704 3669 4763 propter

2083 4778 2353 4850 praaterita
2380 4819 2396 4844 ,
2446 4777 2628 4832 dicens
2663 4796 2675 4831 :
2708 4779 2770 4833 Si
2820 4779 2931 4847 ﬁeri
2962 4781 3234 4848 potuisset,
3262 4781 3434 4836 oculos
3476 4794 3667 4838 vestros

2083 4881 2251 4925 erutos
2289 4870 2413 4923 milii
2439 4870 2698 4924 dedissetis
2725 4869 2887 4941 (Ibid.
2907 4872 2961 4925 4.
2986 4872 3095 4940 15).

2153 4963 2206 5016 2.
2249 4961 2657 5031 Fructiﬁcantes,
2688 4962 2892 5031 inquit:
2917 4962 3019 5016 hoc
3040 4963 3108 5017 de
3129 4964 3405 5033 operibus.
3434 4964 3665 5035 Confer-

2086 5054 2174 5107 ιαιὲ
2206 5069 2223 5106 :
2252 5052 2355 5108 hoc
2382 5053 2449 5106 de
2472 5052 2875 5107 tentationibus.
2916 5051 2981 5106 In
3012 5054 3145 5106 omni
3193 5055 3436 5123 patientia
3472 5066 3519 5109 et
3555 5057 3669 5109 lon-

2084 5146 2378 5218 ganimitate
2405 5161 2423 5199 :
2455 5144 2856 5214 longanimitate
2884 5160 2980 5201 seu
3016 5146 3237 5202 lenitate
3268 5149 3405 5201 inter
3440 5162 3498 5201 se
3518 5188 3532 5210 ,
3565 5164 3663 5218 pa-

2086 5237 2268 5291 tientia
2296 5252 2420 5307 erga
2461 5245 2735 5291 externos.
2778 5237 3122 5307 Longanimis
3146 5239 3289 5292 enim
3319 5254 3381 5292 ac
3420 5239 3556 5293 lenis
3580 5252 3665 5295 est

2084 5329 2347 5399 quiSpiam
2379 5329 2430 5382 in
2461 5343 2555 5384 eos
2599 5344 2733 5399 quos
2777 5329 2938 5383 etiam
2987 5341 3164 5400 potest
3202 5331 3426 5395 ulcisci;
3472 5329 3666 5384 tolerat

2084 5437 2213 5476 vero
2244 5436 2336 5476 eos
2352 5436 2564 5491 quoque
2583 5434 2715 5490 quos
2742 5436 2845 5475 non
2866 5430 3041 5490 potest
3072 5422 3274 5477 ulcisci.
3296 5423 3583 5492 Propterea
3604 5422 3658 5476 in

2087 5513 2197 5568 Deo
2235 5511 2447 5582 quidem
2478 5527 2763 5581 numquam
2796 5513 2987 5566 dicitur
3009 5520 3215 5589 ὗποηονή
3246 5528 3338 5567 seu
3369 5514 3660 5584 patientia;

2086 5605 2459 5678 longanimitas
2485 5614 2659 5660 autem
2691 5616 2744 5660 et
2762 5607 2952 5660 leuitas
2978 5621 3121 5674 smpe
3141 5606 3335 5661 dicitur
3365 5626 3377 5661 :
3404 5607 3540 5661 sicut
3572 5606 3660 5660 hic

2084 5698 2197 5767 ipse
2225 5713 2435 5768 quoque
2459 5699 2647 5753 beatus
2676 5697 2862 5753 scribit
2898 5697 3022 5751 alibi
3051 5738 3066 5762 ,
3096 5696 3280 5752 dicens
3311 5717 3324 5752 :
3350 5698 3429 5753 An
3455 5699 3655 5753 divitias

2085 5790 2319 5846 bonitatis
2343 5792 2451 5861 ejus
2481 5800 2528 5847 et
2556 5789 2835 5845 tolerantia
2860 5799 2905 5845 et
2933 5789 3329 5859 longanimitatis
3380 5790 3654 5845 con'emnis

3251 5885 3331 5947 20
