4120 6400
428 371 536 428 Si!

441 486 709 555 (Ποπλᾶ.
759 486 858 555 4)?
892 484 957 538 In
994 484 1150 538 omni.
1194 482 1305 536 Non
1347 497 1485 536 nunc
1527 480 1740 550 quidem
1773 521 1787 542 ,
1830 488 2015 548 postea

438 591 617 634 autem
645 580 885 632 minime.
914 575 979 630 In
1006 576 1162 641 omni,
1195 573 1381 643 inquit,
1413 573 1661 641 sapientia
1687 579 1732 623 et
1761 570 2015 623 intellectu

436 672 711 740 spirituali.
760 672 932 726 Aliter
960 671 1102 724 enim
1146 684 1249 721 non
1300 670 1420 721 licet
1458 667 1572 734 ejus
1613 678 1902 733 agnoscere
1932 677 2015 714 vo-

438 764 722 819 luntatem.
763 764 922 833 Atqui
952 761 1326 817 existimabant
1367 773 1425 812 se
1451 758 1567 825 ejus
1604 756 1802 809 habere
1828 754 2016 807 volun-

437 865 600 909 tatem
622 872 636 919 ;
657 854 753 909 sed
776 871 880 909 non
904 864 1020 910 erat
1044 852 1333 923 spiritualis
1357 851 1632 919 sapientia.
1658 848 1726 903 Ut
1752 847 2014 902 ambuletis

435 945 585 1015 digne
611 944 743 999 Deo.
777 945 887 1000 Hoc
920 946 1062 999 enim
1090 952 1173 999 est
1218 943 1299 995 via
1334 942 1518 1009 optimi
1560 941 1682 994 vita:
1708 940 1931 993 instituti
1958 947 2013 993 et

434 1047 595 1092 rectae
620 1038 1075 1092 conversationis:
1102 1053 1223 1091 nam
1246 1037 1333 1105 qui
1354 1036 1445 1090 Dei
1462 1036 1703 1089 didicerit
1726 1035 2011 1105 benignita-

435 1140 541 1184 tem
559 1145 572 1192 ;
592 1130 763 1185 discet
782 1140 956 1185 autem
998 1130 1040 1184 si
1065 1129 1256 1184 viderit
1278 1129 1522 1183 traditum
1548 1128 1735 1182 Filium
1758 1144 1772 1191 ;
1799 1127 2013 1183 habebit

431 1224 686 1290 majorem
704 1223 1233 1277 animialacritatem.
1266 1222 1475 1292 Alioqui
1498 1232 1674 1276 autem
1704 1238 1806 1276 non
1837 1223 2008 1276 solum

432 1328 667 1376 oramus.
693 1322 751 1367 ut
783 1313 999 1369 discatis
1022 1356 1035 1377 .
1056 1314 1149 1369 sed
1169 1315 1326 1368 etiam
1357 1325 1409 1368 ut
1433 1315 1482 1367 in
1503 1315 1651 1367 factis
1671 1314 1962 1369 ostendatis
1990 1330 2005 1367 :

432 1418 555 1457 nam
581 1404 669 1473 qui
694 1405 843 1457 novit
858 1420 956 1459 nec
982 1414 1157 1459 tamen
1198 1405 1321 1460 fecit
1343 1446 1358 1469 ,
1387 1414 1468 1458 est
1496 1406 1656 1460 etiam
1684 1405 2004 1474 puniendus.

425 1491 501 1545 'Ut
530 1509 634 1556 vos,
661 1493 846 1563 inquit,
870 1495 1147 1547 ambuletis.
1172 1494 1282 1548 Hoc
1303 1502 1404 1561 est,
1426 1510 1669 1563 semper;
1691 1510 1797 1549 non
1817 1495 2003 1561 semel,

429 1584 521 1638 sed
553 1594 827 1654 perpetuo.
849 1585 996 1641 Sicut
1018 1588 1159 1641 enim
1181 1588 1454 1642 ambulare
1478 1587 1630 1642 nobis
1653 1597 1736 1643 est
1762 1603 2006 1643 necessa-

428 1676 586 1742 rium,
602 1676 673 1729 ita
699 1678 856 1731 etiam
880 1689 1022 1732 recte
1041 1680 1246 1740 vivere;
1275 1688 1328 1732 et
1350 1679 1398 1731 id
1421 1694 1635 1749 semper
1652 1692 1805 1735 vocat
1829 1681 2006 1735 ambu-

422 1764 704 1833 lationem,
736 1778 786 1821 et
815 1770 1026 1833 merito,
1054 1768 1342 1822 ostendens
1372 1772 1508 1825 hanc
1534 1784 1651 1824 esse
1683 1770 1845 1824 vitam
1886 1786 2003 1840 quze

425 1866 508 1910 est
533 1857 685 1913 nobis
703 1860 1006 1928 proposita:
1030 1860 1123 1914 sed
1158 1860 1423 1913 mundana
1454 1872 1655 1915 nonest
1677 1861 1999 1930 hujusmodi.

424 1949 610 2019 Magna
651 1962 829 2006 autem
874 1963 958 2008 est
1004 1954 1137 2010 laus.
1176 1954 1242 2009 Ut
1286 1955 1586 2022 ambuletis,
1621 1956 1822 2026 inquit,
1854 1958 2003 2026 digne

424 2040 668 2108 Domino,
700 2052 754 2097 et
783 2043 849 2097 In
883 2046 1020 2098 omni
1044 2062 1194 2113 apere
1222 2046 1372 2113 bona,
1407 2057 1464 2101 ut
1487 2061 1699 2117 semper
1723 2050 1997 2116 crescatis,

424 2142 478 2185 et
504 2148 761 2200 nusquam
790 2135 1024 2200 sistatis;
1064 2145 1118 2190 et
1143 2138 1536 2206 metaphorice,
1571 2138 1813 2192 Fructum
1844 2144 2000 2210 feren-

422 2232 512 2286 tes,
545 2233 593 2275 et
620 2235 893 2278 crescentes
922 2227 975 2279 in
1019 2228 1276 2298 agnitione
1304 2229 1400 2283 Dei
1428 2247 1447 2293 ;
1490 2239 1547 2284 ut
1584 2232 1662 2285 sic
1684 2232 2000 2287 corrobore-

422 2316 553 2369 mini
576 2317 866 2372 secundum
894 2321 1179 2385 potentiam
1205 2322 1318 2387 Dei,
1342 2335 1593 2391 quantum
1618 2323 1778 2378 homo
1801 2334 1995 2394 potest.

424 2403 531 2459 Per
551 2408 827 2474 potentiam
854 2410 981 2477 ejus.
1012 2409 1194 2480 Magna
1220 2412 1534 2466 consolatio.
1558 2413 1672 2467 Non
1700 2415 1854 2482 dixit,
1880 2415 1999 2470 Vir-

422 2506 586 2553 tutem
611 2508 700 2551 aut
723 2508 1068 2568 potestatem,
1090 2502 1182 2556 sed
1208 2500 1515 2565 Potentiam,
1538 2504 1676 2574 quod
1700 2515 1781 2560 est
1801 2508 1994 2574 majus.

421 2588 525 2643 Per
548 2591 822 2659 potentiam
842 2632 856 2655 ,
885 2590 1092 2661 inquit,
1124 2607 1217 2647 seu
1245 2594 1574 2650 dominatum
1597 2636 1612 2661 ,
1642 2598 1819 2667 glorite
1845 2600 1953 2669 ejus
1976 2615 1996 2665 ;

417 2684 539 2751 quia
567 2683 761 2751 ubique
786 2683 954 2753 gloria
997 2684 1113 2753 ejus
1157 2685 1434 2755 imperium
1462 2688 1688 2743 obtinet.
1720 2689 1836 2744 Jam
1864 2706 1994 2745 con-

417 2775 619 2830 solatus
648 2785 749 2842 est,
781 2776 922 2845 quod
949 2792 1070 2831 cum
1096 2778 1153 2832 in
1185 2780 1383 2848 probro
1409 2790 1463 2834 et
1492 2781 1757 2838 dedecore
1780 2786 1991 2850 essetis,

416 2883 601 2922 rursus
622 2868 936 2923 ambulastis
957 2869 1115 2940 digne
1143 2872 1390 2927 Domino.
1419 2874 1501 2928 De
1530 2875 1667 2929 Filio
1693 2876 1820 2932 dicit
1842 2877 1991 2946 illud,

416 2957 557 3027 quod
588 2957 701 3027 ipse
732 2959 927 3029 ubique
974 2962 1256 3029 imperium
1298 2974 1350 3018 et
1378 2963 1707 3020 dominatum
1751 2968 1993 3024 obtineat

415 3058 472 3103 et
500 3049 552 3103 iu
574 3050 708 3104 caelo
729 3060 785 3105 et
809 3052 861 3104 in
878 3060 1039 3115 terra,
1058 3052 1201 3122 quod
1225 3052 1341 3124 ejus
1366 3054 1532 3124 gloria
1561 3057 1753 3126 ubique
1785 3072 1990 3129 regnet.

416 3139 532 3195 Non
559 3140 693 3195 dixit
723 3150 928 3196 tantum
952 3165 971 3205 ,-
999 3141 1408 3208 Confortamini,
1444 3147 1539 3201 sed
1572 3159 1625 3202 ut
1670 3166 1763 3218 par
1793 3161 1876 3206 est
1897 3167 1991 3207 eos

415 3233 507 3301 qui
536 3232 764 3287 Domino
795 3242 901 3287 tam
934 3233 1057 3289 forti
1088 3237 1350 3302 serviunt,
1379 3236 1444 3291 fn
1468 3238 1564 3292 Dei
1596 3242 1868 3311 agnitione.
1903 3219 1992 3298 Si:

414 3322 527 3377 mul
547 3323 704 3377 etiam
726 3325 937 3393 attingit
960 3326 1222 3381 rationem
1245 3328 1564 3397 cognitionis
1587 3348 1601 3384 :
1625 3347 1777 3386 error
1796 3334 1992 3403 quippe

413 3421 515 3479 est,
555 3413 723 3468 Deum
751 3430 857 3469 non
900 3425 956 3469 ut
984 3426 1198 3485 Oportet
1237 3433 1419 3474 nosse.
1462 3425 1569 3475 Aut
1598 3432 1654 3475 ut
1690 3426 1945 3479 crescatis
1971 3468 1987 3493 ,

412 3504 604 3574 inquit,
634 3505 686 3559 in
711 3504 809 3560 Dei
848 3507 1138 3576 agnitione.
1169 3508 1301 3564 Nam
1345 3512 1390 3566 si
1429 3513 1517 3581 qui
1560 3513 1750 3569 Filium
1784 3519 1985 3583 nescit,

413 3612 512 3651 nec
539 3597 751 3652 Patrem
777 3598 993 3668 quidem
1015 3601 1151 3666 scit,
1181 3604 1373 3661 merito
1399 3619 1532 3673 opus
1560 3616 1642 3661 est
1674 3609 1942 3677 agnitione
1972 3630 1985 3665 :

411 3688 608 3742 titanim
636 3688 835 3757 absque
866 3689 950 3742 illa
981 3690 1053 3745 nil
1081 3693 1300 3760 prodest
1331 3695 1461 3751 vita.
1493 3695 1560 3749 In
1590 3700 1727 3752 omni
1747 3702 1990 3769 patientia

398 3788 457 3831 tet
479 3779 878 3848 longanimitate,
906 3781 1096 3851 inquit,
1122 3800 1234 3835 cum
1256 3784 1462 3854 gaudio,
1494 3786 1578 3841 12.
1598 3791 1801 3858 gratias
1827 3809 1988 3861 agen-

410 3881 482 3923 tes
514 3870 641 3925 Deo.
681 3871 884 3927 Deinde
909 3888 1004 3928 eos
1040 3874 1423 3931 exhortaturus
1443 3917 1457 3940 ,
1489 3893 1594 3931 non
1625 3882 1873 3936 meminit
1896 3898 1989 3937 co-

412 3978 528 4015 rum
560 3978 679 4031 qua:
714 3972 839 4017 sunt
864 3965 943 4019 eis
982 3967 1291 4022 recondita:
1319 3969 1415 4023 sed
1446 3968 1546 4024 hoc
1575 3972 1788 4040 quidem
1832 3974 1989 4029 tacite

408 4054 748 4123 significavit,
782 4055 963 4109 dicens
993 4058 1171 4121 initio,
1205 4058 1425 4128 Propter
1452 4078 1592 4131 spem
1627 4080 1742 4134 qua:
1768 4068 1989 4134 reposita

409 4156 481 4200 est
511 4147 646 4201 vobis
681 4148 734 4201 in
776 4149 912 4203 ctelis
939 4166 963 4201 :i
987 4149 1073 4203 hic
1106 4160 1296 4206 autem
1350 4155 1595 4210 meminit
1639 4172 1825 4212 eorum
1869 4176 1988 4230 qure

405 4239 769 4308 jamtfuerunt
816 4258 830 4295 :
878 4241 1175 4297 lueeenim
1220 4255 1344 4301 sunt
1387 4263 1561 4303 causa:
1597 4250 1827 4305 illorum.
1877 4253 1988 4310 Hoc

408 4344 570 4399 porro
600 4329 725 4385 facit
767 4332 817 4383 in
861 4332 1039 4386 multis
1072 4334 1223 4389 locis.
1254 4336 1385 4391 Nam
1429 4354 1547 4406 quae
1582 4340 1691 4407 jam
1734 4342 1983 4410 fuerunt,

409 4420 567 4475 fidem
594 4423 809 4488 faciunt,
833 4432 887 4479 et
915 4425 1083 4496 magis
1112 4429 1344 4481 excitant
1366 4428 1682 4484 auditorem.
1709 4431 1835 4486 Cum
1859 4452 1987 4504 gau-

411 4515 515 4577 dio,
548 4515 755 4584 inquit,
783 4519 973 4587 gratias
997 4529 1198 4588 agentes
1230 4518 1356 4575 Deo.
1388 4520 1514 4576 Huic
1542 4531 1624 4578 est
1647 4538 1984 4597 consequen-

410 4609 482 4661 tia
518 4625 528 4659 :
561 4608 675 4662 Non
699 4625 971 4664 cessamus
997 4626 1152 4666 orare
1181 4627 1278 4680 pro
1307 4615 1458 4671 vobis
1479 4660 1493 4683 ,
1525 4628 1578 4673 et
1605 4622 1801 4688 gratias
1826 4639 1984 4694 agere

410 4700 478 4755 de
509 4701 793 4767 prioribus.
837 4702 998 4757 Vides
1026 4706 1294 4773 quomodo
1334 4708 1447 4776 ipse
1473 4712 1810 4779 aggrediatur
1839 4716 1983 4785 loqui

404 4791 478 4846 de
509 4790 685 4845 Filio?
710 4791 841 4847 Nam
868 4795 912 4848 si
943 4810 1061 4848 cum
1090 4812 1280 4865 magno
1305 4799 1499 4866 gaudio
1529 4802 1726 4869 gratias
1753 4804 1981 4873 agimus,

421 4897 607 4951 magna
634 4891 756 4936 sunt
783 4899 899 4952 quae
920 4883 1185 4939 dicuntur.
1212 4886 1344 4941 Nam
1368 4898 1419 4943 et
1443 4893 1627 4961 gratia:
1651 4896 1734 4964 agi
1763 4907 1987 4965 possunt

409 4984 627 5039 propter
659 4973 830 5030 solum
867 4984 1101 5039 metum;
1132 4987 1354 5044 possunt
1378 4982 1535 5035 etiam
1576 4986 1659 5054 agi
1700 4988 1888 5056 gratiae
1914 4991 1981 5046 ab

411 5077 478 5116 eo
504 5062 591 5131 qui
625 5071 708 5116 est
735 5063 787 5115 in
834 5078 1064 5119 moerere
1097 5083 1110 5118 :
1145 5077 1202 5121 ut
1235 5078 1381 5137 puta,
1412 5070 1514 5126 Job
1538 5076 1752 5143 quidem
1794 5080 1985 5150 agebat

411 5152 632 5221 gratias.
662 5152 755 5205 sed
785 5153 970 5209 dolore
995 5156 1213 5213 affectus
1238 5178 1252 5215 :
1277 5162 1504 5234 ideoque
1533 5164 1771 5229 dicebat,
1804 5171 1983 5226 Domi-

415 5261 510 5298 nus
538 5244 709 5308 dedit,
765 5244 1015 5302 Dominus
1049 5251 1255 5307 abstulit
1280 5254 1400 5323 (Job
1426 5257 1475 5311 1.
1524 5259 1638 5330 21).
1684 5262 1763 5319 Ne
1790 5265 1938 5322 dicas
1967 5308 1981 5332 ,

410 5350 516 5389 non
538 5335 724 5389 dolore
744 5352 865 5391 eum
885 5337 1124 5397 alfecisse
1151 5359 1211 5398 ea
1239 5361 1356 5416 quze
1384 5346 1521 5403 facta
1550 5352 1781 5421 fuerant,
1812 5374 1984 5429 neque

408 5440 531 5519 eum
555 5425 799 5495 injecisse
822 5429 875 5482 in
894 5431 1056 5487 animi
1082 5437 1471 5506 :egritudinem,
1496 5458 1562 5497 ne
1578 5444 1707 5513 justi
1731 5425 1978 5519 magnum

408 5514 619 5571 auferas
643 5519 967 5574 encomium.
1003 5522 1135 5579 Cum
1165 5538 1340 5583 autem
1375 5532 1488 5587 haec
1517 5534 1625 5589 sint
1655 5514 1979 5611 hujusmodi,

408 5620 517 5659 non
540 5618 756 5676 propter
782 5620 980 5666 metmn
1001 5655 1015 5679 ,
1047 5631 1215 5686 neque
1248 5631 1465 5690 propter
1492 5624 1821 5684 dominatum
1862 5641 1980 5687 tan-

408 5706 545 5763 tum,
576 5701 670 5755 sed
704 5704 862 5757 etiam
893 5715 1108 5775 prOpter
1134 5709 1297 5779 ipsam
1329 5730 1503 5771 rerum
1542 5728 1817 5788 naturam,
1848 5724 1982 5778 Gra-

409 5788 507 5841 tias
537 5791 730 5862 agimus
766 5795 842 5859 ei,
872 5798 959 5865 qui
1003 5798 1181 5872 dignos
1224 5818 1314 5857 nos
1353 5806 1469 5875 fecit
1507 5808 1559 5862 in
1594 5822 1788 5882 partem
1833 5817 1983 5871 sortis

1159 366 1214 421 S.
1253 364 1523 421 10.“le
1553 356 2025 419 CDRYSOSTOMI
2066 357 2376 413 ARClllEP.
2419 360 2941 419 CONSTANTlNOP.

3592 369 3697 425 312

2118 486 2403 531 sanctorum
2430 479 2480 531 in
2511 480 2721 533 lumine.
2747 481 2986 551 Magnam
3014 496 3125 538 rem
3142 481 3400 555 loquutus
3420 493 3519 541 est.
3545 485 3691 542 Talia

2116 576 2378 637 suntqme
2407 569 2527 623 data
2560 581 2704 635 sunt,
2748 573 2955 642 inquit,
2991 583 3046 627 ut
3093 590 3198 628 non
3228 577 3414 630 solum
3448 578 3689 645 dederit,

2114 659 2206 713 sed
2237 661 2394 714 etiam
2428 661 2593 716 fortes
2615 662 2802 717 fecerit
2823 664 2887 717 ad
2914 666 3303 735 aceipiendmu.
3336 668 3485 735 Quod
3512 681 3689 725 autem

2114 749 2264 813 dixit,
2302 750 2364 802 Ei
2392 752 2479 820 qui
2502 752 2680 821 dignos
2708 770 2799 806 nos
2827 754 2964 822 fecit,
2992 771 3237 825 magnum
3272 758 3478 826 pondus
3496 770 3689 815 osten-

2114 839 2208 895 dit.
2245 840 2313 897 Ut
2344 842 2389 896 si
2417 845 2677 914 quispiam
2704 845 2897 900 infimae
2921 847 3242 902 conditionis
3266 864 3361 904 rex
3387 850 3692 908 factusfac-

2113 934 2202 1000 rit,
2234 945 2409 1003 potest
2432 938 2516 990 cui
2541 937 2667 991 velit
2693 937 2819 992 dare
2843 939 3208 1007 praefecturam
3235 958 3249 1005 ;
3279 952 3331 997 et
3358 942 3494 997 hanc
3519 947 3686 1003 solam

2113 1027 2161 1080 ei
2194 1036 2365 1095 potest
2395 1027 2522 1084 dare
2546 1030 2886 1098 dignitatem,
2918 1032 3011 1087 sed
3041 1048 3146 1087 non
3186 1035 3436 1091 idoneum
3461 1039 3691 1096 reddere

2111 1117 2177 1171 ad
2204 1119 2491 1187 gerendum
2525 1123 2889 1190 magistratum
2926 1123 3090 1193 (saepe
3119 1126 3277 1179 etiam
3315 1127 3469 1181 talem
3497 1145 3687 1199 quem-

2110 1212 2251 1280 piam
2294 1211 2572 1268 ridiculum
2609 1214 2734 1267 facit
2785 1215 3035 1285 honor):
3067 1216 3110 1269 si
3152 1225 3329 1271 autem
3371 1219 3682 1288 dignitatem

2108 1301 2347 1367 dederit,
2379 1315 2432 1359 et
2462 1315 2642 1374 aptum
2685 1305 2874 1361 fecerit
2902 1307 2969 1361 ad
3006 1307 3268 1363 honorem
3289 1350 3303 1371 .
3342 1319 3398 1364 et
3436 1312 3682 1367 idoneum

2107 1395 2173 1448 ad
2195 1394 2731 1463 administrationem,
2757 1408 2884 1453 tunc
2905 1414 2965 1453 ea
2995 1414 3083 1454 res
3103 1409 3186 1454 est
3208 1400 3398 1455 honor.
3426 1402 3536 1457 Hoc
3556 1419 3685 1474 ergo

2108 1485 2195 1539 hic
2223 1500 2433 1556 quoque
2456 1487 2613 1553 dicit,
2654 1490 2795 1558 quod
2822 1505 2926 1543 non
2963 1490 3135 1544 solum
3167 1491 3320 1545 nobis
3346 1493 3552 1547 dederit
3582 1494 3683 1548 ho-

2107 1590 2314 1641 norem,
2348 1578 2443 1632 sed
2469 1582 2626 1631 etiam
2656 1582 2818 1633 fortes
2852 1579 3038 1633 fecerit
3067 1579 3132 1634 ad
3162 1582 3550 1651 accipiendum.

2177 1669 2230 1723 ὅ.
2276 1668 2473 1737 Duplex
2498 1684 2625 1739 ergo
2651 1680 2733 1724 est
2771 1670 2855 1724 hic
2884 1671 3074 1736 honor,
3102 1672 3245 1741 quod
3276 1682 3328 1726 et
3357 1671 3597 1740 dederit,
3626 1685 3683 1731 et

2104 1762 2413 1831 accipiendo
2436 1762 2576 1816 dono
2603 1762 2790 1817 fecerit
2813 1772 2987 1831 aptos.
3012 1762 3131 1817 Non
3158 1763 3292 1818 dixit
3318 1765 3674 1831 solummodo,

2108 1853 2209 1919 Qui
2237 1855 2373 1907 dedit
2397 1896 2411 1921 ,
2442 1855 2535 1911 sed
2562 1856 2722 1911 etiam
2747 1896 2762 1921 ,
2798 1858 2899 1924 Qui
2926 1858 3224 1927 suﬁ‘icientes
3250 1868 3296 1912 et
3325 1860 3532 1913 idoneos
3560 1862 3681 1931 fecit

2102 1945 2155 1998 in
2184 1956 2379 2016 partem
2414 1949 2564 2002 sortis
2604 1959 2899 2005 sanctorum
2939 1951 2991 2003 in
3036 1950 3244 2008 lumine.
3292 1952 3405 2006 Hoc
3439 1963 3559 2022 est,
3588 1956 3678 2024 qui

2102 2052 2201 2091 nos
2227 2038 2511 2094 collocavit
2532 2055 2651 2094 cum
2679 2042 2898 2096 sanctis.
2927 2041 3031 2097 Sed
3057 2057 3161 2096 non
3191 2043 3361 2097 solum
3385 2043 3549 2111 dixit,
3577 2046 3677 2113 Qui

2100 2129 2403 2197 collocavit,
2432 2132 2526 2187 sed
2552 2134 2735 2200 etiam,
2764 2134 2865 2201 Qui
2894 2134 3125 2203 prtebuit
3154 2144 3209 2189 ut
3252 2136 3439 2191 iisdem
3472 2137 3676 2194 fruere-

2101 2236 2222 2273 mur
2245 2238 2257 2273 :
2290 2236 2413 2290 pars
2441 2231 2523 2276 est
2551 2224 2692 2277 enim
2726 2224 2874 2289 illud,
2908 2224 3049 2295 quod
3077 2227 3439 2298 unusquisque
3463 2230 3673 2299 accipit.

2102 2310 2285 2366 Potest
2310 2312 2450 2366 enim
2484 2314 2599 2368 fieri
2635 2323 2691 2368 ut
2716 2315 2978 2385 quispiam
3009 2316 3078 2370 sit
3117 2317 3168 2371 in
3198 2317 3382 2372 eadem
3426 2319 3669 2382 civitate,

2100 2419 2204 2459 non
2231 2415 2407 2460 autem
2435 2405 2641 2461 fruatur
2669 2408 2855 2463 iisdem
2885 2427 2898 2462 :
2924 2417 2982 2463 ut
3009 2417 3185 2463 autem
3216 2411 3454 2465 eamdem
3483 2410 3676 2467 habeat

2098 2508 2302 2566 partem
2322 2540 2336 2563 ,
2367 2508 2420 2553 et
2438 2514 2550 2553 non
2579 2499 2784 2555 fruatur
2809 2499 2995 2554 iisdem
3022 2543 3037 2567 ,
3084 2502 3300 2555 minime
3326 2516 3445 2557 esse
3475 2512 3670 2572 potest.

2097 2588 2241 2643 Fieri
2280 2598 2454 2659 pOIest
2483 2600 2541 2644 ut
2580 2592 2650 2645 sit
2692 2593 2743 2645 in
2774 2591 2960 2646 eadem
2990 2603 3135 2646 sorte
3158 2633 3174 2659 ,
3208 2602 3261 2646 et
3294 2608 3398 2647 non
3427 2595 3670 2649 eamdem

2097 2680 2289 2737 habeat
2328 2692 2532 2752 partem
2558 2701 2572 2737 :
2595 2683 2829 2753 exempli
2859 2698 3018 2738 causa
3040 2725 3055 2751 ,
3087 2684 3139 2737 in
3168 2694 3314 2739 sorte
3343 2698 3526 2739 sumus
3550 2701 3670 2740 om-

2097 2788 2228 2838 nes,
2259 2772 2355 2827 sed
2390 2788 2494 2827 non
2533 2774 2776 2830 eamdem
2814 2775 3072 2829 habemus
3100 2785 3328 2845 partem.
3368 2777 3464 2832 llic
3489 2786 3667 2833 autem

2095 2880 2201 2919 non
2229 2866 2330 2920 hoc
2353 2866 2512 2933 dicit,
2544 2867 2639 2923 sed
2665 2868 2824 2922 etiam
2850 2878 3056 2936 partem
3078 2883 3199 2923 cum
3229 2877 3393 2924 sorte.
3423 2868 3530 2924 Cur
3549 2886 3670 2926 sor-

2075 2965 2201 3012 tem
2226 2958 2420 3013 vocat?
2441 2956 2741 3014 Ostendens
2767 2960 3037 3013 neminem
3060 2974 3126 3013 ex
3148 2958 3304 3014 bonis
3328 2960 3439 3014 suis
3463 2959 3668 3014 actibus

2094 3058 2150 3102 et
2171 3058 2316 3104 recte
2353 3048 2506 3104 factis
2540 3065 2761 3120 regnum
2792 3050 3005 3120 assequi
3040 3067 3054 3103 :
3086 3050 3181 3105 sed
3213 3060 3268 3103 ut
3294 3065 3411 3105 sors
3437 3066 3501 3105 ex
3529 3051 3668 3105 bono

2093 3151 2289 3199 eventu
2330 3144 2506 3214 potius
2536 3142 2760 3208 accidit,
2795 3144 2864 3197 ita
2901 3143 2986 3197 hic
3027 3158 3257 3213 quoque.
3296 3142 3484 3198 Nullus
3522 3143 3664 3197 enim

2096 3234 2203 3289 tale
2230 3236 2350 3288 vita:
2379 3250 2489 3289 suae
2519 3235 2817 3289 institutum
2847 3233 3084 3300 exhibet,
3110 3244 3168 3287 ut
3193 3233 3385 3303 dignus
3411 3233 3668 3289 habeatur

2094 3339 2261 3394 regno
2284 3366 2299 3388 .
2330 3323 2424 3379 sed
2454 3333 2620 3379 totum
2661 3333 2743 3380 est
2766 3340 2829 3379 ex
2864 3325 2958 3379 Dei
2988 3324 3152 3379 dono.
3183 3324 3471 3393 Propterea
3499 3323 3663 3389 dicit,

2092 3416 2218 3471 Cum
2267 3418 2481 3488 feceritis
2538 3418 2749 3483 omnia,
2799 3417 2968 3483 dicite,
3021 3416 3163 3470 Servi
3214 3416 3415 3469 inutiles
3458 3431 3669 3469 sumus:

2091 3529 2211 3566 nam
2272 3526 2386 3581 qum
2428 3510 2685 3563 debuimus
2728 3512 2935 3580 facere,
2975 3509 3183 3579 fecimus
3211 3507 3375 3578 (Luc.
3419 3508 3505 3561 17.
3541 3507 3666 3577 10).

2092 3604 2158 3659 In
2197 3614 2390 3675 partem
2431 3603 2581 3657 sortis
2629 3610 2921 3655 sanctorum
2957 3602 3011 3654 in
3050 3600 3281 3662 lumine;
3322 3598 3424 3654 hoc
3450 3608 3570 3665 est,
3611 3600 3664 3653 in

2091 3698 2414 3768 cognitione.
2464 3696 2685 3750 Videtur
2714 3704 2892 3749 autem
2931 3693 3059 3747 mihi
3101 3693 3256 3747 simul
3300 3692 3479 3746 dicere
3509 3701 3562 3746 et
3598 3692 3665 3747 de

2090 3791 2441 3861 praesentibus
2472 3797 2525 3844 et
2551 3789 2618 3843 de
2643 3788 2850 3843 futuris.
2885 3787 3087 3842 Deinde
3112 3786 3345 3840 ostendit
3365 3801 3447 3851 ea,
3475 3786 3666 3856 quibus

2090 3883 2234 3951 digni
2280 3895 2463 3935 sumus
2492 3881 2680 3934 habiti.
2710 3879 2893 3949 Neque
2913 3880 3057 3933 enim
3093 3877 3194 3931 hoc
3220 3877 3392 3930 solum
3422 3877 3665 3931 mirabile

2090 3986 2202 4039 est,
2231 3973 2372 4045 quod
2400 3989 2565 4043 regno
2592 3973 2791 4042 dignati
2823 3972 3114 4035 fuerimus;
3149 3968 3242 4023 sed
3275 3969 3433 4023 etiam
3457 3967 3664 4023 adden-

2091 4069 2215 4124 dum
2243 4078 2346 4135 est,
2365 4068 2579 4137 quinam
2603 4082 2722 4121 cum
2746 4080 2985 4119 essemus
3013 4083 3026 4116 :
3052 4078 3156 4116 non
3183 4070 3307 4115 sunt
3328 4061 3469 4115 enim
3494 4061 3661 4129 paria.

2090 4158 2243 4226 Quod
2274 4158 2487 4229 quidem
2528 4157 2655 4211 facit
2691 4157 2852 4211 etiam
2896 4155 2946 4207 in
2980 4152 3218 4222 Epistola
3247 4152 3313 4206 ad
3346 4151 3659 4206 Romanos:

2099 4252 2197 4305 Via:
2222 4250 2355 4305 e‘nim
2379 4266 2468 4319 pro
2500 4250 2645 4319 justo
2672 4248 2783 4316 quis
2808 4247 3048 4299 morietur
3079 4259 3098 4297 :
3124 4260 3217 4314 pro
3246 4243 3373 4296 bona
3395 4243 3524 4297 enint
3551 4246 3662 4312 for-

2091 4351 2221 4395 tasse
2241 4341 2352 4411 quis
2376 4340 2528 4393 audet
2555 4338 2683 4392 mori
2707 4338 2882 4407 (Rom.
2908 4336 2961 4391 5.
2991 4335 3069 4405 7).
3105 4335 3191 4389 l5.
3227 4335 3326 4401 Qui
3355 4335 3535 4403 eripuit
3573 4350 3663 4387 nos

2090 4434 2152 4487 de
2179 4442 2421 4502 potestate
2466 4430 2778 4484 tenebrarum
2797 4468 2812 4492 ,
2843 4428 3033 4497 inquit.
3082 4427 3138 4481 In
3169 4426 3262 4479 illo
3286 4434 3455 4480 totum
3499 4425 3659 4480 situm

2089 4534 2189 4590 est,
2217 4533 2273 4580 et
2300 4523 2414 4579 hac
2448 4522 2575 4577 dare
2599 4531 2651 4576 et
2683 4521 2766 4575 illa
2792 4538 2805 4574 :
2840 4533 3099 4588 nusquam
3132 4517 3276 4572 enim
3311 4525 3550 4570 nostrum
3580 4525 3662 4570 est

2088 4616 2230 4689 quod
2267 4627 2412 4671 recte
2441 4616 2663 4684 geritur.
2696 4612 2771 4667 De
2802 4621 3043 4682 potestate
3071 4611 3382 4664 tenebrarum
3403 4649 3419 4676 ,
3453 4609 3658 4678 inquit;

2089 4710 2192 4765 hoc
2213 4710 2400 4772 est,ab
2413 4721 2596 4762 errore
2620 4744 2635 4770 ,
2665 4721 2693 4759 a
2719 4703 2915 4758 diaboli
2951 4700 3247 4773 tyrannide.
3279 4699 3393 4754 Non
3420 4699 3551 4753 dixit
3574 4714 3663 4753 so-

2088 4801 2197 4855 lum
2228 4841 2241 4864 ,
2274 4799 2348 4852 De
2378 4797 2610 4851 tenebris
2633 4836 2648 4860 ,
2681 4794 2773 4849 sed
2797 4833 2815 4859 ,
2864 4792 2944 4846 De
2974 4801 3218 4863 potestate
3241 4807 3260 4844 :
3292 4791 3342 4844 in
3390 4804 3487 4844 nos
3515 4791 3658 4843 enim

2089 4905 2333 4959 magnam
2382 4888 2566 4942 habuit
2612 4893 2924 4955 potestatem
2952 4926 2967 4951 ,
3014 4894 3068 4939 et
3109 4884 3160 4937 iu
3206 4897 3304 4937 nos
3331 4882 3658 4935 dominatum

2088 4981 2333 5037 obtinuit.
2371 4978 2464 5032 Est
2483 4978 2623 5032 enim
2649 4992 2809 5046 grave
2831 4975 2909 5029 vel
2937 4974 3107 5029 solum
3135 4987 3253 5028 esse
3274 4972 3374 5027 sub
3396 4971 3611 5026 diabolo
3640 4987 3656 5036 ;

2089 5088 2208 5129 cum
2249 5079 2512 5141 potestate
2554 5078 2729 5123 autem
2755 5110 2769 5132 ,
2803 5076 2885 5123 est
2933 5066 3033 5121 hoc
3072 5080 3280 5136 quoque
3324 5065 3558 5134 gravius.
3592 5062 3660 5115 Et

2088 5165 2365 5227 transtulit,
2399 5163 2587 5231 inquit,
2617 5163 2668 5214 in
2696 5177 2906 5231 regnum
2932 5158 3057 5213 Filii
3086 5157 3365 5211 dilectionis
3392 5171 3516 5210 suae.
3544 5154 3657 5208 Non

2089 5270 2218 5325 ergo
2247 5254 2418 5309 solum
2464 5253 2516 5306 in
2561 5251 2876 5306 liberatione
2901 5266 2929 5301 a
2973 5250 3207 5304 tenebris
3246 5246 3476 5301 ostendit
3506 5260 3657 5299 suam

2088 5346 2468 5418 benignitatem
2499 5363 2510 5398 :
2543 5359 2788 5414 magnum
2820 5342 3032 5412 quidem
3062 5350 3141 5395 est
3171 5340 3423 5394 liberasse
3449 5353 3481 5392 a
3509 5345 3660 5391 teuc-

2089 5442 2220 5504 bris.
2252 5442 2306 5495 in
2336 5453 2556 5509 regnum
2585 5448 2763 5491 autem
2791 5436 2949 5490 etiam
2978 5433 3357 5499 introduxisse,
3382 5439 3462 5485 est
3494 5429 3659 5482 nmlzo

2090 5532 2279 5602 majus.
2312 5531 2447 5585 Vide
2474 5543 2601 5599 ergo
2645 5542 2804 5598 quam
2841 5525 3113 5594 multiplex
3158 5524 3226 5578 sit
3251 5524 3483 5587 donum;
3514 5519 3655 5589 quod

2089 5625 2144 5679 in
2168 5621 2531 5691 imojacentes
2554 5634 2651 5673 nos
2672 5616 2975 5672 liberaverit
2997 5630 3011 5679 ;
3036 5613 3174 5685 quod
3205 5627 3310 5668 non
3336 5612 3506 5666 solum
3534 5609 3660 5663 libe-

2088 5716 2304 5780 raverit,
2334 5714 2428 5769 scd
2457 5722 2614 5767 etiam
2643 5711 2698 5764 in
2726 5724 2950 5779 regnum
2975 5706 3325 5763 transtulerit.
3351 5704 3447 5769 Qui
3474 5703 3657 5767 eripuit

2088 5829 2199 5867 nos.
2229 5812 2340 5866 Non
2373 5814 2525 5881 dixit,
2557 5812 2726 5883 Ejecit
2748 5852 2765 5880 ,
2807 5818 2901 5872 sed
2927 5854 2944 5883 ,
2979 5811 3196 5880 Eripuit,
3224 5808 3511 5864 ostendens
3538 5810 3654 5851 tua-
