4120 6400
458 403 554 456 521

448 517 730 590 ἀλλήλους,
759 515 1034 587 ὑπομονὴν
1062 515 1194 586 1:96;
1225 518 1350 579 τοὺς
1379 516 1502 583 ἔξω.
1533 517 1890 588 Μακροθυμεῖ
1910 516 2015 586 γάρ

447 624 531 669 τις
561 606 695 674 1196;
727 605 990 666 ἐκείνους.
1025 602 1118 667 οὓς
1144 604 1366 657 δυνατὸν
1396 605 1490 657 καὶ
1518 604 1854 676 ἀμύνασθαι,
1894 605 2023 656 ὐπο-

451 696 602 764 μένει
645 693 702 746 δὲ
731 691 823 754 οὒς
860 693 920 744 οὐ
954 691 1176 746 δύναται
1213 692 1543 763 ἀμύνασθαι.
1594 693 1692 746 Διὰ
1733 691 1890 746 τοῦτο
1932 692 2023 745 ἐπὶ

451 783 550 854 μὲν
583 781 716 834 Θεοῦ
747 779 897 853 [555]
921 781 1174 833 οὐδέποτε
1205 780 1449 850 ὑπομονὴ
1470 781 1712 848 λέγεται,
1747 781 2022 852 μακροθυο

451 871 548 943 μία
597 870 654 922 δέ
694 867 994 938 πολλαχοῖν
1045 867 1228 931 καθὼς
1270 869 1430 931 αὐτὸς
1478 863 1634 932 οὗτος
1685 871 1713 922 6
1754 869 2024 941 μακάριός

447 975 612 1027 φησι,
647 956 873 1025 γράφων
911 954 1144 1024 ἀλλαχοῦ
1167 971 1180 984 '
1215 956 1281 1009 ’Ἠ
1311 955 1416 1008 τοῦ
1455 957 1722 1009 πλούτου
1750 954 1857 1023 τῆς
1882 973 2025 1024 χρη-

445 1046 739 1112 στότητος
763 1042 948 1095 αὐτοῦ
974 1043 1070 1095 καὶ
1097 1042 1206 1109 τῆς
1225 1042 1455 1111 ἀνοχῆς
1477 1043 1574 1096 καί
1598 1041 1707 1110 τῆς
1727 1045 2025 1112 μακροθυ-

442 1135 584 1205 μίας
614 1131 1040 1202 καταφρονεῖςς
1076 1133 1178 1196 Εἰς
1217 1131 1444 1186 πᾶσαν.
1480 1133 1570 1204 Μὴ
1604 1131 1699 1184 νῦν
1731 1132 1851 1203 μὲν,
1886 1133 2024 1202 μετὰ

444 1223 616 1277 ταῦτα
648 1221 706 1274 δέ
738 1219 957 1290 μηκέτι.
1001 1219 1104 1272 Ἐν
1136 1218 1322 1288 πάσῃ,
1355 1219 1506 1290 φησὶ,
1533 1219 1718 1288 σοφίῃ
1740 1217 1840 1272 καὶ
1872 1233 2022 1271 συν-

443 1313 570 1366 έσει
614 1306 1005 1378 πνευματικῇ.
1057 1307 1267 1370 Ἀλλως
1314 1307 1423 1379 γὰρ
1468 1309 1568 1361 οὐκ
1611 1307 1689 1360 ἔνι
1722 1308 1782 1360 16
1811 1306 2024 1377 Θέλημα

445 1398 611 1454 αὐτοῦ
649 1395 965 1464 ἐπιγνῶναι.
997 1395 1188 1448 Καίτοι
1219 1412 1282 1463 γε
1314 1395 1480 1467 ᾤοντο
1516 1396 1578 1449 16
1614 1395 1826 1466 θέλημα
1854 1395 2020 1448 αὐτοῦ

442 1487 612 1558 ἔχειν,
649 1485 763 1539 ἀλλ’
787 1485 848 1537 οὐ
887 1484 1232 1553 πνευματικὴ
1259 1478 1327 1553 ἦν
1350 1485 1384 1554 ἡ
1428 1483 1608 1550 σοφία.
1635 1486 1737 1548 Είς
1761 1482 1829 1536 τὸ
1859 1495 2023 1548 περι-

447 1574 713 1642 πατῆσαι
749 1569 936 1638 ὑμᾶς,
987 1572 1184 1642 φησὶν,
1219 1570 1404 1636 ἀξίως
1439 1571 1545 1624 τοῦ
1579 1571 1818 1638 Κυρίου.
1853 1569 2024 1622 Τοῦτο

449 1665 556 1733 γὰρ
585 1663 700 1725 ὁδὸς
728 1661 935 1728 γίνεται
962 1661 1063 1729 τῆς
1099 1658 1330 1730 ἀρίστης
1367 1657 1663 1720 πολιτείας.
1702 1658 1762 1710 '0
1793 1657 1899 1727 γὰρ
1927 1656 2022 1709 τοῦ

447 1751 582 1804 Θεοῦ
621 1751 720 1820 τὴν
764 1747 1170 1819 φιλανθρωπίαν
1209 1745 1543 1815 καταμαθών
1569 1762 1582 1774 ·
1617 1744 2023 1815 καταμανθάνει

447 1837 525 1898 δὲ,
559 1837 624 1890 ἂν
661 1837 743 1907 ἴδῃ
764 1836 854 1888 τὸν
878 1835 1003 1888 Υίὸν
1030 1833 1374 1903 ἐκδεδομένον
1395 1851 1409 1864 ·
1447 1833 1668 1904 μείζονα
1694 1833 1802 1900 ἕξει
1826 1831 2025 1906 προθυ-

453 1926 602 1996 μίαν.
638 1925 748 1978 Καὶ
777 1923 953 1985 ἄλλως
1002 1922 1058 1975 δὲ
1096 1921 1157 1974 οὐ
1192 1921 1348 1974 τοῦτο
1398 1921 1670 1991 εὐχόμεθα
1721 1921 1880 1991 μόνον
1938 1921 2024 1974 ἵνα

453 2015 682 2086 μάθητε,
709 2012 821 2066 ἀλλ’
854 2013 942 2066 ἵνα
975 2011 1069 2065 καὶ
1100 2011 1195 2063 ἐπὶ
1223 2009 1330 2064 τῶν
1361 2009 1538 2080 ἔργων
1567 2008 1987 2079 ἐπιδεικνύησθε
2007 2025 2020 2039 ·

450 2105 478 2154 6
501 2101 607 2173 γὰρ
637 2099 788 2163 εἰδὼς
810 2099 977 2170 χωρὶς
998 2098 1092 2151 τοῦ
1121 2099 1316 2161 ποιεῖν,
1350 2098 1445 2150 καὶ
1466 2096 1787 2162 κολάζεσθαι
1819 2097 2023 2167 μέλλει.

446 2193 547 2256 Et;
583 2191 647 2243 τὸ
679 2186 1079 2256 περιπατῆσαι
1118 2185 1306 2256 ὑμᾶς,
1351 2185 1520 2255 φησί·
1570 2185 1868 2252 τουτέστιν,
1914 2185 2023 2251 ἀεὶ,

451 2279 552 2348 οὐχ
591 2276 765 2342 Ξιπαξ,
812 2274 948 2328 ἀλλὰ
984 2273 1296 2338 διαπαντός.
1339 2274 1550 2345 Ὠσπερ
1592 2273 1652 2326 16
1704 2275 2027 2344 περιπατεῖν

453 2370 754 2435 ἀναγκαῖον
785 2367 951 2436 ἡμῖν,
981 2361 1123 2417 οὕτω
1156 2363 1251 2415 καὶ
1286 2361 1346 2415 16
1375 2361 1551 2433 ὀρθῶς
1593 2361 1759 2432 βιοῦν.
1798 2363 1905 2415 Καὶ
1939 2362 2027 2415 ἀεὶ

455 2456 759 2526 περίπατον
797 2453 856 2506 τὸ
896 2451 1132 2505 τοιοῦτον
1172 2451 1359 2516 καλεῖ,
1400 2449 1658 2514 εἰκότως,
1688 2449 1903 2513 δεικνὺς
1943 2451 2028 2504 ὅτι

453 2539 605 2607 οὗτος
646 2545 779 2614 ἡμῖν
809 2543 836 2595 6
877 2540 989 2611 βίος
1023 2540 1170 2592 ἐστὶν
1204 2540 1232 2591 6
1267 2538 1626 2607 προκείμενος
1651 2555 1666 2570 ⁸
1713 2538 1828 2591 ἀλλ’
1871 2537 1970 2609 οὐχ
1998 2539 2027 2591 6

458 2633 724 2702 κοσμικὺς
759 2629 1016 2692 τοιοῦτος.
1047 2629 1155 2681 Καὶ
1188 2627 1322 2680 πολὺ
1358 2627 1413 2679 δὲ
1448 2625 1508 2678 16
1542 2625 1834 2698 ἐγκώμιον.
1865 2631 2028 2694 Περι-

455 2719 720 2788 πατῆσαι
743 2717 916 2788 ὑμᾶς,
946 2717 1128 2786 φησὶν,
1148 2715 1329 2781 ἀξίως
1362 2714 1470 2769 τοῦ
1497 2716 1739 2783 Κυρίου,
1767 2717 1880 2781 καὶ,
1929 2717 2030 2768 Ἐν

453 2810 631 2861 παντὶ
659 2808 810 2877 ἔργῳ
841 2805 1059 2876 ἀγαθῷ,
1091 2803 1232 2856 ὥστε
1262 2802 1350 2856 ἀεὶ
1383 2803 1698 2870 ἐπιδιδόναι,
1733 2804 1826 2856 καὶ
1859 2803 2032 2874 μηδα-

456 2897 558 2968 μοῦ
586 2896 836 2950 ἵστασθαι
861 2913 874 2925 ·
909 2894 1000 2947 καὶ
1037 2893 1437 2964 μεταφορικῶς,
1470 2891 2028 2961 Καρποφοροῦγτες,

453 2987 554 3040 καὶ
579 2987 984 3056 αὐξανόμενοι
1015 2983 1085 3036 ἐν
1128 2981 1202 3051 τῇ
1232 2982 1554 3052 ἐπιγνώσει
1586 2982 1693 3036 τοῦ
1733 2981 1902 3046 Θεοῦ,
1944 2983 2031 3036 ἵνα

451 3075 594 3130 οὕτω
618 3073 974 3143 δυναμωθῆτε
1011 3071 1152 3124 κατὰ
1187 3070 1286 3141 τὴν
1324 3071 1477 3139 ἰσχὺν
1507 3069 1601 3122 τοῦ
1631 3069 1808 3134 Θεοῦ,ο
1827 3070 1904 3130 ώς
1935 3072 2031 3124 ἁν-

452 3162 654 3234 θρώπῳ
684 3160 905 3213 δυνατὸν
943 3155 1027 3230 ἦν,
1064 3158 1166 3210 Διὰ
1197 3157 1302 3210 τοῦ
1334 3157 1588 3225 κράτους
1616 3157 1823 3212 αὐτοῦ.
1853 3158 2029 3230 Πολλὴ

449 3254 483 3322 ὴ
518 3247 855 3318 παραμυθία.
887 3247 999 3299 Οὐκ
1027 3241 1147 3298 εἷπε
1178 3245 1427 3315 δύναμιν,
1457 3245 1593 3298 ἀλλὰ
1627 3247 1866 3316 Κράτος,
1893 3247 2031 3316 ὅπερ

451 3340 637 3409 μεῖζόν
661 3342 797 3389 ἐστι.
825 3339 927 3388 Διὰ
950 3335 1056 3388 τοῦ
1083 3334 1366 3401 κράτους,
1399 3334 1550 3403 φησὶ,
1583 3332 1692 3398 τῆς
1713 3333 1898 3401 δόξης
1927 3337 2031 3388 αὑ-

452 3426 556 3479 τοῦ
579 3443 590 3455 ·
619 3426 699 3477 ὃτι
737 3421 1012 3490 πανταχοῦ
1045 3419 1228 3490 ἠδόξει
1266 3419 1430 3473 αὐτοῦ
1462 3421 1671 3490 κρατεῖ.
1705 3419 1844 3490 Ἤδη
1892 3437 2031 3490 παρα

457 3514 772 3584 εμυθήσατο
795 3513 920 3573 τοὺς
947 3512 1003 3562 ἐν
1023 3510 1211 3562 ὀνείδει
1229 3509 1450 3573 δνταςα,
1481 3509 1574 3561 καὶ
1606 3508 1769 3562 πάλιν
1799 3526 2032 3580 περιπα-

451 3605 611 3671 τῆσαι
649 3601 794 3670 ὑμᾶς
820 3597 984 3664 ἀξίως
1013 3597 1106 3650 τοῦ
1149 3597 1373 3668 Κυρίου.
1414 3599 1550 3667 Περὶ
1578 3597 1673 3650 τοῦ
1713 3597 1846 3653 Υίοῦ
1875 3596 2032 3651 τοῦτό

453 3709 607 3763 φησι,
639 3690 700 3743 16
728 3687 1005 3759 πανταχοῦ
1037 3691 1258 3759 κρατεῖν
1283 3687 1462 3752 αὐτὸν,
1496 3687 1592 3741 καὶ
1618 3691 1676 3741 ἐν
1705 3688 1917 3758 οὐρανῷ
1938 3688 2033 3742 καὶ

455 3781 513 3830 ἐν
565 3781 669 3849 γῇ,
716 3764 796 3830 ὅτι
828 3777 861 3846 ἡ
890 3775 1016 3839 δόξα
1045 3774 1208 3827 αὐτοῦ
1252 3774 1526 3846 πανταχοῦ
1585 3774 1878 3846 βασιλεύει.
1919 3775 2031 3845 Οὐχ

455 3865 663 3930 ἁπλῶς,
701 3865 855 3935 φησὶ,
880 3862 1239 3932 δυναμοῦσθε,
1273 3862 1387 3915 ἀλλ’
1418 3863 1493 3925 ὼς
1528 3863 1674 3926 εἰκὸς
1701 3862 1830 3925 τοὺς
1857 3861 2031 3924 οὕτως

458 3952 661 4024 ίσχυρῷ
685 3952 930 4023 Δεσπότῃ
948 3949 1320 4012 δουλεύοντας.
1369 3950 1471 4002 Ἑν
1490 3948 1564 4015 τῇ
1586 3948 1900 4017 ἐπιγνώσει
1924 3947 2032 4001 τοῦ

460 4042 630 4097 Θεοῦ.
663 4041 816 4110 ’Ἀμα
861 4041 954 4093 καὶ
993 4037 1337 4109 παράπτεται
1378 4037 1486 4092 τῶν
1516 4041 1614 4108 τῆς
1657 4036 1908 4105 γνώσεως
1942 4036 2031 4091 λό-

459 4145 606 4199 γων’
638 4127 797 4180 τοῦτο
828 4128 935 4196 γὰρ
983 4125 1358 4196 πεπλανῆσθαί
1399 4126 1549 4187 ἐστι,
1598 4125 1660 4177 16
1699 4123 1774 4195 μὴ
1802 4124 2029 4185 εἰδέναι,

457 4220 532 4280 ὡς
566 4215 662 4282 δεῖ,
711 4215 800 4267 τὸν
835 4213 985 4267 Θεὸν.
1017 4213 1090 4265 Ἢ
1123 4211 1265 4266 ὥστε
1297 4211 1612 4276 ἐπιδοῦναι,
1643 4212 1827 4283 φησὶν,
1866 4211 1924 4263 ἐν
1963 4214 2028 4281 τῇ

457 4304 751 4373 ἐπιγνώσει
777 4303 870 4355 τοῦ
903 4302 1060 4356 Θεοῦ.
1104 4301 1166 4355 EE
1205 4301 1314 4373 γὰρ
1345 4303 1374 4355 ὁ
1415 4301 1504 4354 τὸν
1548 4302 1674 4354 Υἱὸν
1713 4302 1812 4354 οὐκ
1852 4300 2028 4366 εἰδὼς,

455 4393 576 4444 οὐδέ
601 4391 690 4444 τὸν
718 4390 937 4460 Πατέρα
974 4388 1284 4450 ἐπίσταται,
1311 4388 1535 4452 εἰκότως
1563 4388 1644 4441 δεῖ
1670 4389 1768 4458 τῆς
1798 4387 2033 4456 ιέπιγνώ⁴

459 4497 596 4542 σεως
620 4493 632 4505 ⁸
666 4478 816 4531 οὐδὲν
849 4477 955 4548 γὰρ
983 4475 1174 4545 631510;
1215 4475 1330 4546 βίου
1360 4475 1562 4544 ταύτης
1592 4475 1742 4528 ἄνευ.
1787 4477 1892 4541 Είς
1924 4474 2034 4529 πᾶ-

455 4583 577 4621 σαν
597 4570 912 4634 ὑπομονὴν
926 4566 1023 4618 καί
1040 4565 1477 4634 μακροθυμίαν,
1500 4564 1652 4634 φησὶ,
1675 4562 1823 4632 μετὰ
1843 4565 2035 4633 χαρᾶς

455 4654 956 4723 εὐχαριστοῦντες
986 4652 1067 4717 τῷ
1106 4652 1245 4723 Θεῷ.
1283 4647 1415 4704 Εἶτα
1457 4651 1666 4720 μέλλων
1695 4651 1892 4714 αὐτοὺς
1925 4668 2033 4704 πα-

459 4745 748 4816 ρακαλεῖν,
783 4743 844 4794 οὐ
883 4743 1159 4812 μέμνηται
1188 4741 1296 4793 τῶν
1338 4741 1638 4811 μελλόντων
1672 4742 1855 4804 αὐτοῖς
1897 4743 2034 4795 ἀπο-

457 4830 671 4884 κεῖσθαι
692 4870 707 4893 ,
743 4829 878 4882 ἀλλὰ
905 4828 1064 4881 τοῦτο
1096 4829 1192 4898 μὲν
1228 4828 1448 4899 ᾐνίξατο
1474 4830 1528 4880 ἐν
1562 4831 1627 4899 τῇ
1666 4827 1809 4898 ἀρχῇ
1841 4827 2029 4895 εἰπὼν,

456 4917 562 4972 Διὰ
611 4917 728 4984 τὴν
764 4915 983 4970 ἐλπίδα
1025 4916 1138 4982 τὴν
1177 4914 1580 4983 ἀποκειμένην
1619 4914 1761 4984 ὑμῖν
1795 4915 1864 4967 ἐν
1908 4916 2034 4981 τοῖς

456 5005 768 5073 οίῬανΟῙςο
805 5003 1038 5057 ἐνταῦθα
1071 5002 1126 5054 δέ
1159 5002 1266 5055 τῶν
1304 5003 1405 5073 ἤδη
1431 5001 1788 5072 ὑπαρξάντων
1822 5001 2034 5073 μέμνη-

457 5111 582 5148 ται·
611 5093 783 5146 ταῦτα
807 5092 915 5164 γὰρ
956 5091 1184 5145 ἐκείνων
1221 5091 1389 5146 αἴτια.
1424 5092 1534 5145 Καὶ
1578 5091 1846 5161 πολλαχοῦ
1879 5092 2034 5146 τοῦτο

460 5185 624 5236 ποιεῖ.
661 5182 741 5234 Τὰ
785 5180 894 5249 γὰρ
935 5180 1034 5250 ἤδη
1073 5179 1328 5247 γεγονότα
1379 5179 1540 5232 πλέον
1586 5181 1891 5246 πιστοῦται,
1939 5183 2034 5234 καὶ

463 5272 661 5339 μᾶλλον
691 5271 834 5340 αἰρεῖ
854 5269 944 5322 τὸν
969 5269 1262 5338 ἀκροατήν.
1295 5269 1453 5321 Μετὰ
1477 5268 1686 5336 χαραῖς,
1717 5271 1901 5337 φησὶν,
1933 5272 2031 5323 εὑ-

461 5361 891 5428 χαριστοῦντες
934 5357 1015 5423 τῷ
1058 5355 1199 5422 Θεῷ.
1245 5358 1307 5410 ἸΙ
1347 5358 1635 5411 ἀκολουθία
1673 5359 1814 5429 αὕτη
1849 5361 2028 5412 ἐστίν’

461 5449 534 5499 Οὐ
565 5445 849 5515 παυόμεθα
873 5445 1155 5515 εὐχόμενοι
1177 5446 1316 5515 ὑπὲρ
1337 5446 1510 5514 ὑμῶν,
1531 5447 1626 5498 καὶ
1645 5447 2032 5517 εὐχαριστοῦν-

462 5553 551 5596 τες
585 5536 677 5588 ἐπὶ
704 5537 814 5598 τοῖς
848 5535 1154 5606 προτέροις.
1192 5533 1341 5604 [556]
1383 5534 1542 5604 Ὁρᾷς
1576 5536 1688 5599 πῶς
1723 5535 1912 5589 ἐαυτὸν
1936 5538 2034 5607 ἐμ-

464 5622 676 5686 ὕιῦάζει
696 5625 774 5686 εἰς
796 5623 887 5676 τὸν
907 5623 1034 5694 περὶ
1061 5622 1153 5675 τοῦ
1183 5621 1307 5676 Υἱοῦ
1332 5623 1520 5690 λόγον;
1551 5625 1612 5676 Εἰ
1641 5623 1748 5695 γάρ
1782 5627 2035 5696 εὐχαρισ-

525 5738 551 5764 ιι
582 5724 737 5785 Εάίιὶ,
775 5728 1142 5790 παρεμυθήσατο
1174 5729 1263 5789 τῷ,
1290 5729 1337 5775 ἐν
1361 5728 1528 5776 ὀνείδει
1554 5728 1705 5784 ὄντας,
1744 5729 1892 5790 male.
1926 5730 2034 5780 C01-

462 5786 692 5856 herpnus
715 5795 771 5856 τι
785 5786 937 5856 πιότεζί
965 5789 1138 5856 S‘gvil.,
1170 5786 1252 5856 16v
1270 5791 1316 5838 ἐν
1336 5790 1502 5856 ὀνείδει
1526 5791 1654 5837 ὄντα.
1682 5788 1887 5856 Regius,
1908 5809 2034 5856 παρ-

464 5851 730 5910 εμυθησατο
753 5852 801 5899 ἐν
817 5849 980 5899 ὀνείδει
1003 5853 1149 5908 ὄντας.
1196 5854 1349 5911 Quam
1385 5853 1646 5902 lectionem
1671 5849 1936 5912 seqiximur.

1286 401 1355 456 IN
1400 401 1618 457 EPIST.
1647 401 1738 457 AD
1777 401 2060 458 COLOSS.
2103 403 2255 458 CAP.
2289 403 2328 458 1.
2377 404 2613 460 IIOMIL.
2650 407 2714 462 ll.

3600 409 3704 464 διε

2128 517 2330 587 τοῦμεν
2386 517 2523 588 μετὰ
2574 520 2746 591 χαρᾶς
2787 515 3005 590 πολλῆς,
3065 517 3275 590 μεγάλα
3310 517 3377 572 τὰ
3421 518 3708 590 λεγόμενα.

2132 603 2286 656 Ἔστι
2321 603 2430 675 γὰρ
2455 606 2797 676 εὐχαριστεῖν
2830 605 2916 658 διὰ
2948 605 3111 677 φόϐον
3147 607 3336 676 μόνον,
3369 605 3514 659 ἔστιν
3543 608 3710 678 εὐχει-

2127 694 2334 762 ριστεῖν
2365 694 2459 746 καὶ
2493 695 2550 746 ἐν
2602 695 2748 767 λύπῃ
2787 695 2951 759 ὄντα,
2993 688 3104 748 οἷον
3137 695 3165 746 6
3227 692 3348 747 Ἰὼϐ
3386 694 3707 765 ηὐχαρίστει

2128 778 2246 848 μὲν,
2280 779 2613 851 ὀδυνώμενος
2644 781 2699 834 δέ
2726 799 2737 809 ·
2769 781 2848 834 διὸ
2875 781 2970 833 καὶ
2994 781 3198 849 ἔλεγεν,
3245 781 3308 833 '0
3337 781 3551 849 Κύριος
3571 780 3708 834 ἔδω·

2125 883 2252 928 κεν,
2279 871 2311 921 ό
2333 869 2545 937 Κύριος
2571 869 2872 937 ἀφείλετο.
2898 870 2990 939 Μὴ
3011 869 3118 939 γάρ
3143 887 3228 932 τις
3253 869 3478 938 λεγέτω,
3503 869 3589 921 ὅτι
3611 869 3712 923 οὐκ

2124 954 2312 1007 ἐλύπει
2352 957 2512 1008 αὐτὸν
2542 957 2608 1008 τὰ
2645 957 2932 1026 γενόμενα,
2965 957 3084 1010 οὐδέ
3115 957 3326 1027 ἀθυμία
3357 955 3705 1026 περιέϐαλλε.

2123 1043 2274 1111 Μηδὲ
2317 1045 2377 1095 16
2414 1043 2555 1114 μέγα
2610 1043 2884 1114 ἐγκώμιον
2920 1045 3265 1115 ἀφαιρείσθω
3315 1043 3410 1097 τοῦ
3471 1045 3707 1098 δικαίου.

2127 1132 2295 1185 ’Ὀταν
2331 1132 2387 1185 δὲ
2427 1133 2651 1186 τοιαῦτα
2685 1129 2746 1205 ᾗ,
2780 1135 2841 1188 οὐ
2883 1135 2972 1188 διὰ
3010 1135 3100 1189 τὸν
3129 1134 3316 1204 φόϐον,
3351 1135 3471 1188 οὐδὲ
3503 1134 3592 1188 διὰ
3624 1134 3710 1189 δε-

2125 1220 2382 1273 σποτείαν
2433 1221 2614 1290 μόνον,
2651 1221 2786 1275 ἀλλὰ
2831 1224 2925 1276 καὶ
2959 1223 3026 1276 δι’
3058 1222 3230 1293 αὐτὴν
3260 1223 3359 1292 τὴν
3390 1221 3499 1275 τῶν
3530 1238 3710 1292 πραγ-

2126 1308 2312 1379 μάτων
2336 1308 2518 1378 φύσιν,
2543 1312 2628 1365 Εὐ
2636 1311 3038 1380 χαριστοῦμεν
3064 1310 3144 1376 τῷ
3170 1309 3533 1364 ἱκανώσαντι
3549 1310 3710 1380 ἡμᾶς

2122 1398 2208 1461 εἰς
2233 1395 2349 1464 τὴν
2363 1397 2578 1466 μερίδα
2605 1397 2710 1450 τοῦ
2737 1395 2968 1464 κλήρου
2993 1397 3109 1451 τῶν
3135 1397 3319 1466 ἁγίων
3345 1398 3414 1452 ἐν
3431 1397 3512 1463 τῷ
3535 1396 3706 1467 φωτί.

2121 1486 2283 1553 Μέγα
2313 1485 2630 1554 ἐφθέγξατο.
2669 1485 2910 1538 Τοιαῦτά
2950 1487 3066 1540 ἐστι
3104 1487 3171 1539 τὰ
3201 1485 3483 1558 δεδομένα,
3521 1487 3708 1557 φησὶν,

2121 1573 2197 1634 ὼς
2223 1573 2296 1644 μὴ
2324 1573 2505 1626 δοῦναι
2540 1573 2720 1643 μόνον,
2750 1573 2886 1627 ἀλλὰ
2910 1575 3005 1627 καὶ
3038 1576 3292 1645 ἰσχυροὺς
3319 1575 3544 1645 ποιῆσαι
3572 1575 3710 1646 πρὸς

2121 1661 2183 1714 16
2223 1661 2426 1716 λαϐεῖν.
2465 1661 2556 1732 Τῷ
2586 1657 2680 1715 οὖν
2711 1665 2884 1718 εἰπεῖν
2926 1660 3010 1728 Τῷ
3045 1661 3443 1728 ἱκανώσαντι,
3480 1661 3616 1716 πολύ
3649 1663 3710 1716 τὸ

2125 1748 2290 1819 βάρος
2314 1748 2534 1813 ἔδειξεν.
2562 1745 2686 1803 Οἷον
2716 1751 2812 1804 ἐάν
2835 1768 2918 1814 τις
2947 1751 3172 1820 εὐτελὴς
3199 1751 3294 1803 κα)⁸
3324 1749 3580 1821 βασιλεὺς
3611 1750 3707 1819 γέ-

2125 1854 2304 1906 νηται,
2336 1837 2558 1890 δυνατὸν
2587 1837 2738 1910 αὐτῷ
2769 1839 3122 1909 ἐπαρκότητα
3141 1837 3323 1892 δοῦναι
3349 1833 3392 1907 ᾧ
3420 1837 3667 1909 βούλεται
3690 1854 3706 1870 ⁸

2124 1926 2219 1978 καὶ
2252 1924 2504 1979 τοσοῦτον
2538 1926 2762 1980 δύναται
2797 1927 2977 1997 μόνον,
3013 1926 3074 1980 τὸ
3106 1927 3325 1998 ἀξίωμα
3357 1926 3563 1990 δοῦναι,
3591 1925 3708 1979 ἀλλ’

2125 2012 2247 2083 οὐχὶ
2285 2014 2380 2066 καὶ
2415 2013 2722 2086 ἐπιτήδειον
2763 2015 2992 2084 ποιῆσαι
3041 2014 3181 2088 πρὸς
3220 2015 3320 2084 τὴν
3355 2015 3532 2086 ἀρχήν
3565 2013 3709 2085 (πολ-

2125 2102 2282 2167 λάκις
2335 2103 2393 2156 δὲ
2447 2105 2540 2157 τὸν
2591 2102 2833 2158 τοιοῦτον
2885 2105 2981 2156 καὶ
3032 2103 3437 2171 καταγέλαστον
3492 2105 3526 2174 ή
3569 2103 3708 2174 τιμὴ

2126 2192 2304 2253 ποιεῖ)
2331 2209 2344 2223 ο
2371 2192 2467 2246 ἐὰν
2495 2193 2678 2263 μέντοι
2708 2193 2804 2246 καὶ
2828 2192 2888 2245 τὸ
2919 2191 3135 2262 ἀξίωμα
3155 2192 3250 2263 δῷ,
3285 2193 3379 2245 καὶ
3398 2191 3706 2262 ἐπιτήδειον

2127 2282 2326 2352 ποιήσῃ
2361 2279 2496 2351 πρὸς
2532 2281 2630 2352 τὴν
2654 2280 2841 2352 τιμὴν,
2874 2281 2971 2334 καὶ
2996 2282 3179 2334 ἱκανὸν
3206 2280 3340 2351 πρὸς
3375 2281 3474 2355 τὴν
3503 2267 3709 2337 οἰκονοξ-

2131 2369 2258 2439 μίαν
2279 2409 2293 2431 ,
2324 2369 2444 2421 τότε
2476 2370 2610 2441 τιμὴ
2656 2368 2716 2420 16
2754 2367 2988 2440 πρᾶγμά
3007 2371 3147 2422 ἐστι.
3176 2367 3344 2422 Τοῦτο
3366 2366 3458 2422 οὖν
3494 2368 3588 2421 καὶ
3617 2367 3707 2420 ἐν·

2127 2457 2300 2510 ταῦθά
2319 2474 2504 2527 φησιν,
2528 2458 2608 2509 ὃτι
2631 2457 2690 2510 οὐ
2719 2456 2878 2527 μόνον
2899 2458 3034 2526 ἡμῖν
3061 2455 3230 2508 ἔδωκε
3246 2457 3345 2527 τὴν
3366 2455 3552 2526 τιμὴν,
3573 2454 3709 2509 ἀλλὰ

2128 2547 2223 2600 καὶ
2255 2548 2510 2618 ἰσχυροὺς
2529 2546 2666 2616 πρὸς
2701 2545 2763 2597 16
2786 2543 2970 2598 λαϐεῖν
2999 2543 3244 2614 ἐποίησε.

2199 2731 2268 2790 γ’.
2305 2723 2477 2794 Διπλῆ
2511 2722 2617 2793 γὰρ
2639 2721 2775 2792 αὕτη
2805 2720 2940 2792 τιμὴ
2967 2720 3027 2773 16
3055 2719 3146 2772 καὶ
3173 2717 3376 2782 δοῦναι,
3401 2718 3495 2774 καὶ
3521 2719 3712 2789 ἐπιτη-

2128 2811 2302 2874 δείους
2332 2811 2739 2864 κατασκευάσαι
2767 2809 2866 2879 τῆς
2917 2809 3146 2880 δωρεᾶς.
3182 2808 3296 2860 Οὐκ
3338 2802 3483 2869 εἷπε.
3515 2806 3708 2867 Δόντι,

2131 2898 2338 2963 ἁπλῶς,
2383 2898 2519 2961 ἀλλ’,
2564 2895 2952 2954 Ἰκανώσαντι
3014 2897 3104 2962 εὶς
3167 2894 3284 2962 τὴν
3332 2893 3544 2964 μερίδα
3603 2893 3710 2947 τοῦ

2130 2988 2359 3056 κλήρου
2389 2985 2507 3040 τῶν
2533 2987 2714 3057 ἁγίων
2733 2987 2803 3039 ἐν
2829 2983 2909 3050 τῷ
2939 2983 3088 3054 φωτί
3103 3000 3118 3015 ·
3161 2981 3406 3036 τουτέστι
3436 2980 3514 3051 τῷ
3538 2997 3710 3034 κατα-

2129 3078 2346 3143 τάξαντι
2403 3077 2553 3146 ἡμᾶς
2601 3073 2740 3144 μετὰ
2788 3073 2896 3126 τῶν
2950 3073 3142 3141 ἁγίων.
3173 3070 3315 3124 Ἀλλ’
3367 3070 3466 3139 οὐχ
3525 3067 3714 3132 ἁπλῶς

2130 3163 2273 3231 εἷπε,
2309 3166 2694 3232 κατατάξαντι,
2731 3163 2886 3226 ἀλλὰ,
2923 3163 3017 3216 καὶ
3049 3161 3158 3215 τῶν
3196 3160 3376 3216 αὐτῶν
3406 3157 3713 3214 ἀπολαῦσαι

2131 3254 2521 3326 παρεσχηκότι.
2555 3253 2620 3305 Ἦ
2672 3252 2780 3322 γὰρ
2817 3249 2975 3322 μερὶς
3007 3249 3187 3303 ἐκεῖνό
3217 3250 3366 3302 ἐστιν
3397 3248 3535 3318 ὅπερ
3579 3247 3714 3301 ἐκα-

2133 3360 2256 3406 στος
2290 3339 2741 3410 λαμϐάνει.Ἔστι
2771 3337 2880 3409 γὰρ
2909 3337 3003 3390 καὶ
3032 3338 3090 3390 ἐν
3116 3339 3180 3407 τῇ
3207 3336 3344 3406 αὐτῇ
3372 3331 3511 3388 εἶναι
3537 3334 3710 3398 πόλει.

2131 3432 2226 3484 καὶ
2259 3429 2332 3500 μὴ
2361 3429 2467 3481 τῶν
2498 3427 2675 3480 αὐτῶν
2702 3424 2998 3479 ἀπολαύειν
3017 3441 3030 3454 ·
3083 3423 3182 3495 τὴν
3231 3424 3288 3476 δέ
3317 3423 3486 3494 αὐτὴν
3519 3422 3714 3493 μερίδα

2131 3517 2297 3588 ἔχειν.
2330 3517 2422 3568 καὶ
2448 3514 2522 3584 μὴ
2546 3513 2653 3566 τῶν
2677 3513 2858 3566 αὐτῶν
2877 3511 3190 3578 ἀπολαύειν,
3213 3511 3314 3564 οὐκ
3338 3510 3504 3564 ἐστιν.
3525 3510 3713 3563 Ἔστιν

2132 3605 2190 3657 ἐν
2216 3604 2294 3674 τῷ
2329 3601 2476 3674 αὐτῷ
2527 3602 2714 3672 κλήρῳ
2752 3595 2914 3664 εἶναι,
2972 3599 3066 3653 καὶ
3102 3598 3178 3670 μὴ
3211 3598 3312 3668 τὴν
3356 3598 3526 3668 αὐτὴν
3569 3595 3712 3666 ἔχειν

2135 3692 2355 3764 μερίδα·
2397 3685 2507 3743 οἷον
2538 3692 2597 3742 ἐν
2624 3687 2702 3758 τῷ
2724 3687 2911 3758 κλήρῳ
2941 3687 3142 3748 πάντες
3176 3685 3364 3756 ἐσμὲν,
3389 3683 3501 3738 ἀλλ’
3523 3683 3582 3736 οὐ
3614 3681 3713 3754 τὴν

2133 3781 2302 3849 αὐτὴν
2334 3779 2530 3847 ἔχομεν
2575 3775 2776 3838 πάντες
2823 3771 3040 3844 μερίδα.
3077 3771 3344 3826 Ἐνταῦθα
3376 3771 3433 3824 δὲ
3461 3771 3522 3826 οὐ
3552 3769 3714 3825 τοῦτό

2133 3884 2318 3938 φησιν,
2353 3864 2488 3917 ἀλλὰ
2518 3863 2612 3916 καὶ
2641 3860 2740 3930 τὴν
2781 3860 2975 3932 μερίδα
3011 3858 3152 3930 μετὰ
3201 3859 3298 3912 τοῦ
3349 3859 3574 3930 κλήρου.
3613 3857 3714 3910 Διά

2089 4002 2105 4026 ,
2132 3957 2184 4009 τί
2222 3955 2277 4008 δὲ
2305 3953 2503 4024 κλῆρον
2537 3950 2723 4016 καλεῖ;
2780 3948 3006 4012 Δεικνὺς
3043 3947 3126 4002 ὅτι
3155 3948 3332 4012 οὐδεὶς
3380 3947 3490 4002 ἀπὸ
3518 3962 3715 4018 κατορ-

2135 4043 2402 4112 θωμάτων
2449 4039 2664 4093 οἰκείων
2713 4035 2988 4108 βασιλείας
3021 4036 3319 4107 τυγχάνει⁶
3363 4035 3477 4090 ἀλλ’
3520 4034 3712 4106 ὥσπερ

2131 4133 2160 4184 6
2194 4129 2395 4200 κλῆρος
2447 4126 2733 4196 ἐπιτυχίας
2785 4123 2990 4195 μᾶλλόν
3017 4127 3188 4191 ἐστιν,
3232 4122 3377 4178 οὕτω
3414 4123 3478 4194 δὴ
3503 4122 3598 4176 καὶ
3623 4123 3712 4176 ἐν·

2132 4217 2325 4272 ταῦθα.
2378 4215 2565 4278 Οὐδεὶς
2603 4215 2712 4285 γὰρ
2745 4212 3000 4284 τοιαύτην
3026 4211 3395 4266 ἐπιδείκνυται
3434 4209 3713 4263 πολιτείαν

2135 4306 2277 4360 ὥστε
2311 4303 2590 4374 βασιλείας
2620 4300 2942 4371 ἀξιωθῆναι,
2999 4299 3135 4354 ἀλλὰ
3180 4299 3278 4368 τῆς
3306 4297 3470 4352 αὐτοῦ
3505 4296 3712 4367 δωρεᾶς

2135 4397 2251 4448 ἐστι
2276 4393 2338 4446 τὸ
2370 4395 2498 4445 πᾶν.
2553 4390 2653 4444 Διὰ
2701 4388 2860 4441 τοῦτό
2899 4403 3084 4458 φησιν,
3110 4387 3286 4439 Ὅταν
3317 4383 3512 4438 πάντα
3542 4381 3714 4448 ποιήε-

2135 4498 2304 4548 σητε,
2335 4479 2561 4549 λέγετε,
2617 4477 2710 4531 ὅτι
2767 4475 3010 4546 Ἁχρεῐοι
3043 4473 3254 4528 δοῦλοί
3287 4473 3502 4541 ἐσμενο
3533 4472 3570 4524 ἀ
3599 4470 3712 4541 γὰρ

2134 4570 2465 4640 ὠφείλομεν
2480 4565 2750 4634 ποιῆσαι,
2779 4563 3209 4632 πεποιήκαμεν.
3241 4565 3346 4628 Εἰς
3370 4561 3485 4629 τὴν
3499 4559 3714 4630 μερίδα

2134 4659 2241 4713 τοῦ
2280 4658 2510 4727 κλήρου
2548 4655 2668 4709 τῶν
2694 4655 2878 4724 ἁγίων
2901 4653 2971 4706 ἐν
3001 4651 3080 4718 τῷ
3118 4652 3267 4720 φωτί
3285 4667 3298 4680 °
3345 4650 3610 4714 τουτέστι,
3644 4653 3712 4722 τῇ

2134 4745 2353 4813 γνώσει.
2385 4746 2542 4796 Δοκεῖ
2567 4743 2625 4795 δέ
2659 4742 2688 4782 ι)
2719 4759 2811 4813 μοι
2857 4741 2953 4794 καὶ⁹
2986 4739 3245 4811 περὶτῶν
3279 4738 3584 4809 παρόντων,
3622 4739 3717 4792 καὶ

2135 4834 2264 4904 περὶ
2292 4832 2398 4886 τῶν
2431 4831 2738 4903 μελλόντων
2763 4828 2900 4900 ὁμοῦ
2932 4827 3132 4897 λέγειν.
3177 4824 3310 4879 Εἶτα
3339 4826 3612 4882 δείκνυσιν
3637 4819 3714 4878 ὧν

2135 4920 2465 4991 ἠξιώθημεν.
2495 4920 2570 4972 υύ
2617 4920 2725 4989 γὰρ
2754 4916 2910 4970 τοῦτο
2938 4916 3098 4986 μόνον
3129 4915 3245 4968 ἐστὶ
3283 4915 3346 4968 16
3381 4914 3713 4984 θαυμαστὸν,

2134 5010 2215 5061 ὅτι
2249 5007 2524 5078 βασιλείας
2545 5003 2864 5075 ἀξιούμεθα,
2898 5003 3032 5056 ἀλλὰ
3061 5004 3154 5056 καὶ
3182 5002 3324 5066 τίνες
3353 5001 3506 5074 [557]
3538 5001 3711 5063 ὀντες,

2132 5096 2213 5148 δεῖ
2250 5093 2597 5164 προσθεῖναι·
2629 5093 2691 5145 οὐ
2721 5092 2830 5162 γάρ
2863 5091 3012 5142 ἐστιν
3040 5089 3174 5142 ἴσον.
3205 5090 3385 5158 Ὅπερ
3433 5087 3527 5140 καὶ
3552 5088 3610 5138 ἐν
3643 5088 3711 5157 τῇ

2134 5184 2270 5254 πρὸς
2302 5182 2608 5251 Ῥωμαίους
2649 5182 2814 5244 ποιεῖ,
2872 5177 3083 5244 λέγων*
3155 5176 3344 5241 Μόλις
3398 5173 3508 5244 γὰρ
3559 5173 3714 5240 ὑπὲρ

2134 5273 2238 5328 τοῦ
2265 5272 2498 5326 δικαίου
2538 5287 2627 5335 τις
2658 5267 3043 5323 ἀποθανεῖται
3067 5284 3079 5296 ·
3111 5268 3262 5334 ὑπὲρ
3291 5265 3402 5332 γὰρ
3432 5261 3538 5315 τοῦ
3567 5263 3712 5332 ἀγα-

2135 5361 2240 5414 θοῦ
2271 5359 2424 5428 τάχα
2454 5377 2537 5422 τις
2563 5358 2659 5412 καί
2685 5357 2876 5426 τολμᾴ
2905 5355 3252 5412 ἀποθανεῖν.
3290 5355 3387 5418 Ὃς
3417 5352 3713 5419 ἐρρύσατο

2135 5450 2310 5517 ἡμᾶς,
2357 5449 2541 5518 φησὶν,
2604 5445 2723 5500 ἀπὸ
2771 5443 2882 5513 τῆς
2920 5444 3209 5507 ἐξουσίας
3263 5440 3370 5493 τοῦ
3421 5440 3707 5508 σκότους.

2132 5539 2304 5592 Αὐτοῦ
2338 5538 2398 5589 16
2430 5539 2537 5590 πᾶν
2565 5539 2705 5600 ἐστι,
2738 5535 2830 5588 καὶ
2857 5533 3029 5588 ταῦτα
3057 5531 3240 5585 δοῦναι
3267 5532 3494 5585 κάκεῖνα
3514 5547 3526 5560 ·
3558 5531 3714 5584 οὐδα-

2137 5622 2238 5694 μοῦ
2277 5624 2386 5696 γὰρ
2420 5626 2452 5694 ἡ
2464 5622 2579 5694 μῶν
2609 5621 2961 5693 κατόρθωμα.
3000 5619 3136 5672 Ἀπὸ
3165 5617 3270 5685 τῆς
3293 5619 3581 5687 ἐξουσίας
3605 5619 3712 5673 τοῦ

2194 5731 2222 5770 b
2239 5729 2444 5803 Regius!
2467 5730 2514 5778 ἐν
2539 5730 2774 5806 τῷέρωτὶ,
2795 5730 2875 5775 καὶ
2897 5729 2970 5806 τίξξ
2992 5727 3204 5806 μέλλοντι
3250 5726 3374 5806 λέγει
3396 5727 3475 5799 καὶ
3498 5729 3567 5789 τῷ
3591 5744 3712 5806 πῖαρ·

2133 5789 2536 5903 ὁπιὶιιέτουτὲστι,
2689 5791 2877 5851 γνώσει.
2921 5789 3048 5838 Ἐκεῖ
3089 5790 3159 5836 δέ·
3201 5801 3312 5851 qme
3338 5790 3486 5838 lectio
3536 5789 3711 5842 eodem

2135 5868 2237 5903 Γθει
2276 5867 2287 5903 l
2319 5890 2331 5902 .

2135 5867 2331 5903 τθειαιι.
