4148 6402
440 375 550 433 315

443 492 724 553 σκότους.
749 488 880 557 φησί
901 505 914 520 ο
955 490 1216 554 τουτέστι,
1252 491 1351 560 τῆς
1382 490 1609 560 πλάνης,
1637 488 1730 540 τοῦ
1765 485 2007 540 διαϐόλου

443 574 542 642 τῆς
572 573 902 642 τυραννίδος.
964 575 1078 629 Οὐκ
1135 573 1287 629 εἶπεν
1326 576 1532 640 ἁπλῶς,
1584 578 1826 640 σκότους,
1873 573 2008 638 ἀλλ’,

455 659 805 726 Ἐξουσίας’
867 662 1067 730 πολλὴν
1117 664 1224 735 γάρ
1263 665 1422 734 ἡμῶν
1463 660 1577 732 εἶχε
1611 662 1706 734 τὴν
1738 661 2008 726 ἐξουσίαν,

443 747 537 799 καὶ
571 748 792 818 ἐκράτει
830 749 1005 820 ήμῶν.
1050 752 1297 804 Χαλεπὸν
1351 752 1449 821 μὲν
1478 752 1585 821 γάρ
1618 750 1712 802 καὶ
1740 750 1800 801 τὺ
1829 748 2010 811 ἁπλῶς

441 832 581 888 εἶναι
632 836 736 889 ὑπὸ
797 837 873 906 τῷ
925 837 1184 909 διαϐόλῳ·
1242 839 1302 891 τὸ
1333 840 1389 892 δέ
1437 840 1532 892 καὶ
1574 839 1688 907 μετ’
1739 835 2006 903 ἐξουσίας,

440 923 596 975 τοῦτο
629 923 1024 996 χαλεπώτερον.
1049 926 1161 980 Καὶ
1190 928 1549 996 μετέστησε,
1575 927 1759 997 φησὶν,
1784 928 1871 992 εις
1895 925 2008 993 τὴν

435 1011 762 1073 ,βασιλείαν
796 1013 902 1067 τοῦ
945 1015 1080 1069 Υἱοῦ
1118 1015 1228 1083 τῆς
1252 1015 1490 1084 ἀγάπης
1517 1015 1722 1070 αὑτοῦ.
1761 1016 1875 1067 Οὐκ
1903 1016 2008 1084 ἄρα

441 1099 524 1160 είς
555 1097 654 1166 τὴν
681 1099 1006 1172 ἀπαλλαγὴν
1037 1101 1129 1154 τοῦ
1163 1104 1387 1164 σκότους
1420 1104 1578 1173 μόνον
1614 1103 1812 1166 ἔδειξεν
1843 1100 2005 1154 αὐτοῦ

438 1184 536 1254 τὴν
559 1185 988 1256 φιλανθρωπίαν.
1025 1190 1186 1257 Μέγα
1217 1190 1316 1260 μὲν
1335 1185 1428 1243 οὖν
1449 1190 1541 1242 καὶ
1571 1191 1632 1242 τὸ
1662 1189 1753 1242 τοῦ
1783 1190 2006 1252 σκότους

440 1272 777 1340 ἀπαλλάξαι⁹
853 1274 916 1328 τὸ
959 1275 1015 1328 δέ
1067 1277 1163 1329 καὶ
1213 1278 1294 1342 εἰς
1347 1275 1626 1346 βασιλείαν
1674 1279 2004 1346 εἰσαγαγεῖν,

441 1359 619 1430 πολλῷ
650 1362 854 1433 μεῖζον.
875 1363 1018 1434 Ὅρα
1047 1360 1142 1417 οῦν
1184 1365 1301 1430 πῶς
1330 1365 1669 1420 πολύπλοκον
1711 1366 1917 1434 γίνεται
1949 1365 2008 1419 τὸ

428 1447 629 1518 δῶρον,
686 1450 771 1502 ὅτι
827 1451 887 1503 ἐν
917 1452 1010 1522 ,τῷ
1067 1450 1301 1522 πυθμένι
1362 1454 1648 1523 κειμένους
1698 1452 2003 1524 ἀπήλλαξεν

439 1538 605 1605 ἡμᾶς,
641 1539 723 1591 ὅτι
757 1541 856 1593 οὐκ
880 1541 1157 1613 ἀπήλλαξε
1200 1543 1378 1612 μόνον,
1418 1542 1555 1597 ἀλλὰ
1583 1546 1675 1598 καὶ
1704 1544 1999 1614 μετέθηκεν

437 1627 515 1686 εἰς
545 1625 840 1694 βασιλείαν.
873 1630 969 1694 Ὃς
1022 1630 1315 1698 ἐρῤὐσατο
1361 1630 1540 1700 ἡμᾶς.
1567 1633 1679 1686 Οὐκ
1711 1628 1880 1696 εἶπεν,
1917 1631 2002 1697 ἐξ-

441 1710 651 1776 έϐαλεν,
679 1716 815 1780 ἀλλ’,
853 1718 1194 1786 Ἐρῤύσατο,
1231 1718 1328 1789 τὴν
1384 1719 1583 1791 πολλὴν
1630 1721 2004 1792 ταλαιπωρίαν

436 1800 648 1866 δεικνὺς
678 1803 856 1872 ήμῶν,
912 1806 1008 1858 καὶ
1054 1805 1276 1860 ἐκείνων
1320 1807 1418 1879 τὴν
1443 1808 1840 1880 αἰχμαλωσίαν.
1873 1805 2006 1864 Εἶτα

437 1886 617 1939 καὶτὸ
649 1887 868 1944 εὐκολον
915 1892 1016 1962 τῆς
1052 1892 1148 1946 τοῦ
1182 1894 1317 1947 Θεοῦ
1361 1896 1674 1966 δυνάμεως·
1713 1897 1818 1950 Καὶ
1864 1914 2002 1967 μκςτ-

433 1971 680 2041 έστησε,
731 1978 930 2046 φησίνο
989 1979 1177 2051 ῶσπερ
1211 1982 1276 2034 ἂν
1309 1981 1363 2034 εί
1386 2000 1471 2046 τις
1514 1984 1848 2056 στρατιώτην
1898 1985 2005 2039 ἀπὸ

435 2062 602 2116 τόπου
634 2066 713 2128 είς
749 2067 913 2120 τόπον
959 2071 1281 2138 μεταγάγοι.
1325 2072 1432 2125 Καὶ
1457 2072 1557 2126 οὐκ
1589 2068 1728 2138 εἷπε,
1768 2075 2005 2144 μετήγα-

435 2165 549 2216 γεν,
576 2151 694 2204 οὐδὲ
724 2155 988 2224 μετέθηκε
1015 2172 1028 2185 ·
1068 2157 1129 2210 τὸ
1160 2159 1259 2228 μὲν
1287 2159 1394 2230 γὰρ
1415 2159 1534 2212 ὅλον
1554 2161 1648 2213 τοῦ
1685 2161 2003 2230 μεταθέντος

434 2232 522 2308 ἦν,
543 2237 604 2290 οὐ
631 2237 722 2291 τοῦ
752 2241 1096 2310 μετελθόντος
1120 2256 1145 2283 α
1169 2263 1182 2276 ·
1215 2245 1371 2309 ἀλλὰ,
1400 2247 1805 2315 Μετέστησεν,
1829 2245 2000 2310 εἶπεν,

434 2323 574 2376 ὥστε
611 2326 704 2379 καὶ¹
737 2327 894 2398 ήμῶν
922 2331 1016 2382 καὶ
1045 2331 1210 2384 αὐτοῦ
1240 2333 1396 2386 τοῦτο
1437 2334 1715 2403 γενέσθαι.
1753 2337 1856 2402 Εὶς
1889 2337 2004 2404 τὴν

429 2411 757 2474 βασιλείαν
807 2415 916 2470 τοῦ
980 2419 1118 2474 Υἱοῦ
1174 2417 1284 2488 τῆς
1332 2421 1570 2491 ἀγάπης
1620 2423 1826 2478 αὐτοῦ.
1889 2425 1998 2494 Οὐχ

433 2499 620 2563 ἁπλῶς
676 2499 818 2567 εἷπε,
869 2503 1143 2573 βασιλείαν
1186 2507 1450 2578 οὐρανῶν,
1493 2509 1628 2562 ἀλλά
1677 2510 1998 2582 σεμνότερον

434 2586 726 2655 εἰργάσατο
758 2590 850 2644 τὸν
875 2591 1054 2659 λόγον,
1102 2595 1429 2649 Βασιλείαν
1469 2597 1605 2650 Υἱοῦ
1643 2599 1810 2651 εἰπών
1833 2617 1845 2628 ·
1878 2598 1994 2652 τού-

431 2691 525 2727 του
549 2675 659 2748 γὰρ
674 2677 827 2730 οὐδὲν
858 2680 1041 2749 μεῖζον
1067 2681 1342 2753 ἐγκώμιον
1358 2701 1372 2716 ⁸
1401 2683 1430 2736 ὃ
1454 2687 1548 2738 καὶ
1565 2685 1795 2757 ἀλλαχοῦ
1814 2705 1996 2757 φησιν’

434 2763 504 2814 Et
535 2765 934 2835 ὑπομένομεν,
974 2767 1072 2821 καὶ
1123 2771 1714 2842 συμϐασιλεύσομεν.
1748 2776 1870 2829 Τῶν
1900 2777 2000 2830 αὐ-

423 2848 541 2902 τῶν
575 2851 806 2920 ἠξίωσεν
825 2856 992 2924 ἡμᾶς,
1031 2856 1186 2927 φησὶ,
1219 2857 1298 2927 τῷ
1328 2859 1438 2930 Υἰῷ
1458 2876 1472 2890 ο
1508 2861 1602 2914 καὶ
1627 2862 1688 2915 οὐ
1718 2863 1876 2917 τοῦτο
1905 2866 2001 2935 μό-

432 2953 543 3000 νον,
583 2938 721 2991 ἀλλά
751 2940 846 2994 καὶ
879 2943 914 3012 ἡ
943 2942 1212 3008 ἐπίτασις,
1260 2944 1339 3014 τῷ
1386 2947 1676 3018 ἀγαπητῷ.
1731 2951 1870 3014 Τοὺς
1905 2954 1997 3024 ἐχ-

433 3025 616 3096 θροῦς,
652 3027 779 3092 τοὺς
811 3031 1248 3102 ἐσκοτισμένους,
1279 3034 1475 3106 ἁθρόον
1505 3054 1607 3090 που
1643 3039 1841 3104 αὐτοὺς
1869 3059 2000 3112 μετ-

431 3114 680 3182 έστησεν,
714 3114 844 3168 ἔνθα
891 3119 918 3171 6
956 3118 1102 3183 Υίὸς,
1135 3122 1215 3182 είς
1260 3120 1360 3192 τὴν
1391 3123 1558 3195 αὐτὴν
1593 3126 1783 3198 ἐκείνῳ
1808 3131 1996 3201 τιμήν.

433 3201 541 3253 Καὶ
568 3201 689 3254 οὐδὲ
719 3203 895 3275 τούτῳ
921 3206 1167 3277 ἠρκέσθη
1197 3207 1364 3279 μόνῳ,
1400 3210 1514 3264 ἀλλ’
1543 3213 1628 3265 ἵνα
1659 3214 1805 3286 δείξῃ
1858 3217 1999 3286 μέγα

431 3287 492 3339 τὸ
519 3288 711 3359 δῶρον,
748 3291 849 3344 οὐκ
894 3293 1138 3364 ἠρκέσθη
1185 3295 1264 3366 τῷ
1298 3299 1492 3362 εἰπεῖν,
1541 3299 1836 3370 βασιλείαν,
1864 3305 1998 3359 ἀλλὰ

430 3377 526 3428 καὶ
551 3376 658 3430 τοῦ
696 3379 832 3432 Υἱοῦ
856 3381 1197 3452 προσέθηκεν
1247 3384 1339 3436 καὶ
1363 3386 1483 3437 οὐδὲ
1515 3388 1710 3456 τούτῳ,
1741 3390 1878 3444 ἀλλά
1905 3394 1998 3446 καὶ

427 3463 522 3517 τοῦ
556 3465 842 3539 ἀγαπητοῦ
863 3487 876 3499 ·
918 3471 1013 3525 καὶ
1033 3471 1154 3525 οὐδέ
1174 3473 1368 3545 τούτῳ,
1399 3476 1533 3528 ἀλλὰ
1567 3479 1659 3530 καὶ
1681 3480 1740 3531 τὶ)
1778 3480 1874 3548 τῆς
1900 3482 1999 3549 φύ-

429 3567 568 3615 σεως
602 3553 837 3625 ἔντιμον.
869 3557 934 3610 Τί
976 3559 1083 3629 γάρ
1114 3576 1317 3628 φησινς
1355 3561 1464 3627 ’Ὃς
1494 3562 1667 3615 ἐστιν
1690 3564 1866 3618 εἰκὼν
1892 3567 1998 3621 τοῦ

430 3641 579 3695 Θεοῦ
608 3645 714 3698 τοῦ
750 3645 1027 3714 ἀοράτου.
1073 3648 1210 3701 Ἀλλ’
1237 3650 1335 3702 οὐκ
1364 3649 1565 3713 εὐθέως
1599 3653 1690 3705 ἐπὶ
1719 3653 1877 3708 τοῦτο
1903 3652 1996 3726 ἦλ-

427 3727 538 3787 θεν,
570 3731 704 3783 am
735 3734 1068 3802 παρενέϐαλε
1105 3735 1204 3806 τὴν
1249 3737 1565 3807 εὐεργεσίαν
1593 3740 1692 3809 τὴν
1717 3742 1796 3805 είς
1827 3744 1994 3813 ἡμᾶς.

415 3815 544 3870 Ἶνα
573 3819 682 3890 γὰρ
717 3821 790 3892 μὴ
824 3823 1055 3889 ἀκούων,
1088 3826 1174 3878 ὅτι
1202 3827 1260 3878 τὸ
1291 3829 1398 3880 πᾶν
1425 3828 1517 3880 τοῦ
1549 3829 1761 3900 Πατρὸς
1795 3827 1883 3903 ἦν,
1911 3852 1997 3887 νο-

430 3905 591 3980 μίσῃς
623 3908 714 3960 τὸν
763 3909 889 3962 Υίὸν
937 3911 1093 3974 ἐκτὸς
1147 3909 1305 3976 εἶναι,
1352 3915 1534 3968 δίδωσι
1574 3917 1634 3970 τὸ
1664 3919 1772 3972 πᾶν
1799 3923 1889 3973 καὶ
1919 3921 1996 3992 τῷ

425 3993 562 4064 Υίῷ,
593 3994 775 4048 δίδωσι
805 3997 899 4078 καὶ
936 3997 1015 4067 τῷ
1067 3999 1258 4069 Πατρί.
1308 4001 1542 4064 Ἐκεῖνος
1588 4004 1686 4073 μὲν
1722 4009 1830 4077 γὰρ
1869 4018 2012 4078 μετ-⁸

423 4080 644 4150 έθηκεν,
671 4075 952 4146 ἀλλὀῦτος
980 4085 1078 4156 τὴν
1100 4087 1276 4140 αἰτίαν
1302 4090 1560 4160 παρέσχε.
1589 4092 1653 4144 Τί
1674 4094 1780 4163 γάρ
1801 4075 1989 4165 φησινς

429 4172 530 4234 Ὃς
558 4171 850 4239 ἐῤῥύσατο
879 4172 1034 4240 ἡμᾶς
1056 4173 1123 4226 ἐκ
1153 4174 1260 4242 τῆς
1275 4176 1561 4243 ἐξουσίας
1578 4178 1684 4232 τοῦ
1712 4183 1992 4250 σκότους.

421 4259 628 4310 Tan-316v
653 4259 709 4312 δὲ
733 4261 848 4312 ἐστὶ
878 4259 976 4331 τῷ,
1010 4262 1116 4314 Ἐν
1160 4256 1208 4328 ᾧ
1242 4262 1458 4332 ἔχομεν
1485 4266 1600 4332 τὴν
1646 4267 1994 4338 ἀπολύτρω-

424 4361 544 4408 σιν,
589 4345 704 4413 τὴν
739 4345 962 4416 ἄφεσιν
991 4347 1111 4400 τῶν
1146 4350 1596 4419 ἁμαρτημάτων·
1651 4354 1713 4407 Et
1756 4356 1866 4425 γὰρ
1918 4359 1994 4430 μὴ

421 4432 727 4502 ἁφείθημεν
765 4434 871 4488 τῶν
903 4436 1334 4506 ἁμαρτημάτων,
1364 4438 1462 4490 οὐκ
1511 4439 1576 4492 ἂν
1627 4442 1990 4514 μετέστημεν.

436 4520 564 4570 Ἰδοὺ
597 4520 755 4574 πάλιν
788 4522 1022 4575 ἐνταῦθα
1053 4522 1133 4584 τὸ,
1177 4525 1280 4576 Ἐν
1392 4525 1500 4578 Καὶ
1526 4527 1624 4580 οὐκ
1649 4523 1768 4581 εἷπε
1789 4530 1994 4602 λύτρω-

424 4623 526 4664 σιν.
577 4607 689 4658 ἀλλ’
720 4610 1143 4680 Ἀπολύτρωσιν,
1190 4609 1329 4663 ὥστε
1377 4613 1510 4682 μηδὲ
1556 4619 1742 4668 πεσεῖν
1784 4617 1989 4680 λοιπὸν,

424 4694 557 4762 μηδέ
593 4695 839 4761 γενέσθαι
873 4697 1119 4768 θνητούς.
1147 4698 1255 4763 ’Ὃς
1295 4700 1467 4752 ἐστιν
1491 4700 1667 4753 εἰκὼν
1693 4703 1799 4756 τοῦ
1844 4706 1992 4759 θεοῦ

419 4782 522 4834 τοῦ
571 4782 847 4849 ἀοράτου,
898 4787 1271 4852 πρωτότοκος
1327 4787 1529 4855 πάσης
1577 4791 1845 4858 κτίσεως.
1898 4794 1992 4857 Et;

417 4869 640 4938 ζήτημα
668 4872 1011 4941 ἐμπίπτομεν
1062 4872 1212 4946 [5'58]
1269 4877 1539 4944 αίρετικόν
1564 4895 1576 4907 ·
1634 4878 1714 4930 διὸ
1745 4880 1982 4951 σήμερον

417 4957 889 5026 ἀναϐαλλομένους
915 4958 1102 5030 αὔριον
1125 4961 1282 5013 τοῦτο
1324 4963 1636 5035 προσθεῖναι
1669 4965 1769 5030 δεῖ,
1796 4970 1982 5036 ἀκμα-

414 5043 636 5108 ζούσαις
673 5045 824 5114 ὐμῶν
857 5051 976 5109 ταῖς
1007 5049 1196 5111 ἀκοαῖς
1227 5049 1680 5119 προσϐάλλοντας.
1719 5055 1780 5107 Εἰ
1819 5055 1874 5107 δὲ
1906 5057 1986 5109 δεῖ

411 5148 464 5183 τι
493 5130 653 5184 πλέον
683 5133 874 5197 εἰπεῖν,
900 5133 1086 5202 μεῖζον
1109 5135 1201 5188 τοῦ
1233 5137 1361 5188 Υἱοῦ
1381 5137 1558 5207 ἔργον.
1593 5140 1746 5207 Πῶς;
1782 5143 1984 5197 Ἐκεῖνο

415 5218 515 5286 μὲν
549 5219 656 5289 γὰρ
691 5220 951 5272 ἀδύνατον
983 5222 1213 5289 γίνεται,
1259 5225 1319 5276 τὸ
1351 5227 1409 5280 ἐν
1459 5230 1572 5291 τοῖς
1626 5230 1987 5301 ἁμαρτήμασι

415 5307 634 5372 μένουσι
695 5307 876 5360 δοῦναι
926 5307 1222 5377 βασιλείαν,
1279 5313 1437 5366 τοῦτο
1480 5314 1537 5367 δὲ
1587 5316 1984 5388 εὐκολώτερον·

412 5394 550 5447 ὥστε
584 5399 649 5465 τῇ
682 5395 860 5467 δωρεᾷ
882 5398 1202 5468 ὡδοποίησε.
1235 5399 1300 5452 Τί
1338 5402 1551 5470 λέγεις;
1584 5405 1704 5456 Τῶν
1733 5406 1988 5479 ἁμαρτη-

415 5482 598 5548 μάτων
632 5501 690 5534 σε
716 5485 876 5548 αὐτὸς
919 5487 1150 5555 ἀφῆκεν,
1187 5489 1383 5541 οὐκοῦν
1406 5493 1498 5544 καὶ
1525 5492 1686 5556 αὐτὸς
1712 5497 1984 5566 προσήγα·

413 5587 526 5636 γεν.
556 5573 692 5644 ’Ἤδη
723 5577 1155 5645 προκατεϐάλετο
1180 5577 1274 5629 τοῦ
1311 5579 1582 5648 δόγματος
1612 5582 1708 5651 τὴν
1739 5582 1911 5651 ῥίζαν.

475 5689 492 5712 ⁸
521 5692 668 5764 Μςιτε.
704 5697 876 5764 Savil.,
908 5701 1031 5764 οὔτε
1055 5701 1302 5760 μετέθηκε.
1327 5700 1478 5748 ’Ὥστε
1508 5703 1570 5764 μή
1598 5702 1684 5750 τοῦ
1711 5707 1986 5764 μεταθέντος

411 5751 519 5798 ὅλον
534 5754 588 5824 τιὸ
608 5751 887 5821 κατόρθωμα
907 5751 1192 5822 λογισθῆναι,
1208 5764 1350 5824 μηδὲν
1371 5764 1450 5810 καὶ
1468 5751 1552 5810 τὸῡ
1576 5751 1869 5824 μετελθόντος
1885 5769 1980 5816 εἰσ-

409 5827 686 5872 ενεγκοντος.

1112 376 1170 434 S.
1206 376 1491 435 JOANNIS
1527 369 2010 430 CﬂRYSOSTO-Ml
2062 369 2378 426 ARCHIEP.
2416 365 2965 426 CONSTANTINOP.

3575 363 3678 418 πη

2193 485 2253 539 δ’.
2290 486 2437 548 Τέως
2464 484 2520 544 δὲ
2548 485 2721 538 ἐκεῖνο
2745 484 2990 546 εἰπόντας
3027 480 3371 534 καταπαῦσαι
3408 479 3496 532 τὸν
3525 480 3681 549 λόγον

2117 573 2352 642 ἀνάγκη.
2383 574 2539 624 Ποῖον
2571 573 2635 640 δὴ
2668 570 2855 636 τοῦτο;
2895 571 3016 621 ’Ὁτι
3044 568 3308 638 τοσαύτης
3338 568 3678 623 ἀπολαύσαν-

2116 676 2206 721 τες
2236 659 2550 730 εὐεργεσίας
2575 661 2661 712 ἀεὶ
2682 657 2882 727 ταύτης
2916 655 3224 727 μεμνῆσθαι
3255 655 3560 725 ὀφείλομεν,
3587 659 3682 711 καὶ

2119 742 2370 811 στρέφειν
2398 742 2685 804 διαπαντὸς
2714 743 2770 792 ἐν
2797 741 3005 802 ἑαυτοῖς
3039 740 3135 809 τὴν
3162 739 3256 792 τοῦ
3281 739 3416 792 Θεοῦ
3447 741 3676 811 δωρεὰν,

2117 832 2210 883 καὶ
2239 831 2398 884 τίνων
2423 832 2838 902 ἀπηλλάγημεν,
2869 831 2962 882 καὶ
2981 829 3139 882 τίνων
3174 829 3434 898 ἐτύχομεν
3457 832 3676 883 ἐννοεῖν·

2117 917 2213 970 καὶ
2242 917 2414 982 οὕτως
2474 917 2710 989 ἐσόμεθα
2748 917 3083 987 εὐχάριστοι,
3123 915 3264 969 οὕτω
3321 917 3419 988 τὴν
3461 918 3680 988 ἀγάπην

2114 1005 2210 1076 τὴν
2259 1006 2395 1078 πρὸς
2442 1007 2604 1060 αὐτόν
2641 1004 3011 1076 ἐπιτενοῦμεν.
3060 1004 3124 1057 Τί
3156 1004 3351 1072 λέγεις,
3391 1005 3677 1076 ἀνθρωπες

2117 1095 2196 1157 εἰς
2229 1095 2505 1164 βασιλείαν
2532 1095 2816 1166 κέκλησαι,
2844 1097 2923 1158 εἰς
2952 1093 3221 1165 βασιλείαν
3249 1094 3378 1147 Υίοῦ
3398 1095 3494 1148 τοῦ
3520 1097 3676 1159 Θεοῦ,

2119 1182 2211 1234 καὶ
2244 1183 2462 1253 χάσμης
2496 1181 2822 1253 πληροῦσαι,
2854 1184 2946 1236 καὶ
2969 1184 3185 1244 κνᾶσαι,
3223 1184 3316 1235 καὶ
3350 1185 3589 1254 ναρκᾷς;
3616 1186 3676 1236 Εἰ

2117 1271 2224 1340 γὰρ
2253 1271 2334 1333 είς
2357 1270 2582 1342 μυρίους
2611 1271 2872 1334 θανάτους
2893 1271 3129 1340 πηδῆσαι
3156 1271 3390 1341 ἐκάστης
3417 1271 3516 1341 τῆς
3546 1271 3679 1342 ἠμέ-

2119 1375 2218 1428 ρας
2250 1357 2377 1423 έδει,
2434 1358 2495 1411 οὐ
2554 1360 2731 1411 πάντα
2781 1358 2950 1428 ἐχρῆν
2995 1359 3318 1428 ὐπομεῖναι;
3373 1359 3510 1412 Ἀλλ’
3537 1360 3678 1432 ὑπὲρ

2119 1445 2217 1514 μὲν
2245 1445 2420 1516 ἀρχῆς
2451 1446 2559 1498 πᾶν
2587 1444 2765 1498 ὁτιοῦν
2799 1448 2991 1510 ποιεῖς,
3027 1446 3123 1513 τῆς
3150 1445 3204 1498 δὲ
3237 1445 3512 1516 βασιλείας
3545 1449 3676 1519 μέλ-

2112 1531 2220 1586 λων
2245 1537 2523 1587 κοινωνεῖν
2554 1534 2652 1603 τῆς
2671 1532 2762 1586 τοῦ
2789 1532 3144 1600 Μονογενοῦς,
3176 1533 3236 1584 οὐ
3267 1533 3505 1608 καθάλλῃ
3536 1536 3676 1590 κατὰ

2116 1620 2325 1691 μυρίων
2359 1619 2548 1689 ξιφῶν,
2590 1622 2690 1673 οὐκ
2744 1620 2990 1691 ἐμπηδᾷς
3028 1622 3108 1684 είς
3159 1619 3302 1692 πῦρ;
3364 1624 3473 1676 Καὶ
3522 1623 3675 1679 οὔπω

2114 1709 2271 1763 τοῦτο
2311 1711 2500 1775 δεινὸν,
2532 1710 2646 1765 ἀλλ’
2697 1711 2780 1764 ὅτι
2827 1712 2922 1764 καὶ
2954 1711 3160 1780 μέλλων
3190 1712 3407 1766 ἀπιέναι
3436 1713 3670 1784 θρηνεῖς,

2113 1799 2209 1852 καὶ
2233 1799 2628 1873 ἐμφιλοχωρεῖς
2656 1804 2768 1865 τοῖς
2809 1800 3045 1854 ἐνταῦθα
3075 1801 3450 1872 φιλοσώματος
3479 1803 3572 1858 ῶν.
3609 1807 3650 1858 Τ
3659 1807 3672 1858 ί

2111 1887 2175 1958 δὴ
2205 1889 2397 1954 τοῦτο;
2447 1890 2542 1942 καὶ
2597 1887 2688 1941 τὸν
2734 1888 2960 1942 θάνατον
2993 1890 3218 1958 φρικτὸν
3267 1892 3497 1961 πρᾶγμα
3535 1888 3671 1946 εἶναι

2110 1977 2384 2047 νομίζειςς
2425 1977 2486 2030 ’11
2539 1975 2721 2047 τρυφὴ
2760 1976 2965 2030 τούτων
3003 1977 3171 2042 αἰτία,
3225 1978 3502 2049 ήᾶνεσις·
3551 1983 3674 2034 ἐπεὶ⁵

2109 2065 2202 2132 ὅγε
2232 2065 2568 2127 κατάπικρον
2599 2063 2711 2134 βίον
2750 2062 2878 2128 ζῶν,
2907 2065 3001 2117 καὶ
3031 2065 3375 2135 πτερωθῆναι
3403 2067 3575 2122 ἕλοιτο
3606 2069 3672 2122 ἂν

2111 2154 2204 2206 καὶ
2235 2153 2614 2222 ἀπαλλαγῆναι
2669 2152 2936 2207 ἐντεῦθεν.
2976 2153 3089 2208 Νῦν
3127 2155 3184 2207 δὲ
3233 2156 3426 2209 ταύτὸν
3466 2157 3671 2228 πάσχο-

2112 2257 2233 2309 μεν,
2267 2236 2378 2294 οἷον
2415 2242 2466 2293 οἱ
2505 2241 2707 2293 νεοττοὶ
2753 2241 3199 2310 μαλακισθέντες,
3237 2245 3526 2309 διαπαντὸς
3577 2247 3670 2299 ἐπὶ

2108 2329 2206 2399 τῆς
2238 2327 2431 2390 καλιᾶς
2477 2327 2659 2398 μένειν
2703 2329 2996 2391 ἐθέλοντες.
3040 2329 3178 2382 Ἀλλ’
3213 2331 3429 2402 ὅσῳπερ
3463 2333 3528 2386 ἂν
3579 2333 3672 2403 μέ-

2109 2433 2308 2484 νωμεν,
2337 2413 2575 2483 τοσούτῳ
2612 2414 2849 2484 ἐσόμεθα
2881 2415 3273 2486 ἀσθενέστεροι.

2180 2502 2356 2556 Καλιὰ
2393 2503 2500 2573 γάρ
2526 2505 2554 2555 6
2585 2501 2774 2573 παρὼν
2821 2502 2932 2574 βίος
2967 2505 3132 2570 ἐστὶν,
3178 2505 3285 2558 ἀπὸ
3329 2509 3554 2577 καρφῶν
3580 2508 3671 2561 καὶ

2113 2588 2284 2659 πηλοῦ
2324 2589 2841 2660 συγκεκολλημένος.
2892 2590 3009 2644 Κᾶν
3044 2591 3142 2655 τὰς
3173 2594 3412 2662 μεγάλας
3452 2613 3540 2663 μοι
3567 2595 3674 2648 δεί-

2111 2677 2206 2749 ξῃς
2244 2677 2438 2740 οἰκίας,
2469 2677 2569 2731 κᾶν
2598 2677 2736 2730 αὐτὰ
2780 2678 2848 2732 τά
2894 2678 3141 2749 βασίλεια
3178 2680 3459 2752 λάμποντα
3494 2683 3672 2754 πολλῷ

2105 2766 2182 2835 τῷ
2215 2765 2398 2836 χρυσῷ
2427 2765 2521 2818 καὶ
2561 2768 2673 2830 τοῖς
2702 2765 2890 2830 λίθοις,
2930 2767 3080 2821 οὐδὲν
3105 2770 3359 2840 οἰήσομαι
3395 2769 3671 2842 διαφέρειν

2107 2853 2298 2916 καλιᾶς
2348 2853 2668 2922 χελιδόνων·
2709 2853 2804 2906 τοῦ
2859 2853 2968 2927 γὰρ
3015 2856 3284 2926 χειμῶνος
3329 2859 3667 2923 ἐπιστάντος.

2106 2940 2388 3010 αὐτόματα
2415 2940 2592 2994 πάντα
2619 2943 2865 2994 πεσεῖται
2891 2960 2904 2973 ·
2953 2943 3195 3013 χειμῶνα
3224 2945 3280 2997 δὲ
3322 2944 3421 3016 τὴν
3461 2947 3671 3018 ἡμέραν

2106 3029 2319 3097 ἐκείνην
2345 3027 2508 3096 λέγω,
2541 3026 2663 3097 οὐχὶ
2702 3029 2835 3082 πᾶσι
2869 3031 3135 3100 χειμῶνα.
3183 3032 3336 3084 Ἐπεὶ
3364 3035 3457 3086 καὶ
3487 3037 3514 3087 6
3538 3033 3669 3098 Θεὸς

2105 3115 2273 3168 νύκτα
2309 3133 2366 3167 τε
2397 3115 2533 3186 ὁμοῦ
2568 3117 2661 3168 καὶ
2694 3116 2904 3186 ἡμέραν
2931 3117 3020 3170 τὸν
3048 3118 3235 3188 καιρὸν
3264 3121 3468 3174 ἐκεῖνον
3497 3123 3665 3188 καλεῖ,

2103 3202 2164 3254 τὺ
2196 3203 2295 3272 μὲν
2326 3204 2459 3273 πρὸς
2501 3204 2626 3267 τοὺς
2677 3205 3056 3274 ἁμαρτωλοὺς,
3080 3205 3140 3259 τὸ
3161 3207 3217 3260 δέ
3248 3207 3387 3277 πρὸς
3417 3212 3542 3274 τοὺς
3590 3211 3667 3264 δι-

2104 3290 2311 3354 καίους.
2353 3291 2508 3344 Ούτω
2529 3291 2624 3343 καὶ
2655 3292 2765 3360 ἐγὼ
2797 3292 2890 3345 νῦν
2913 3293 3157 3363 χειμῶνα
3184 3295 3354 3367 αὐτὴν
3379 3296 3544 3350 καλῶ.
3572 3299 3667 3352 Ἂν

2104 3381 2161 3432 ἐν
2186 3379 2263 3447 τῷ
2286 3378 2430 3446 θέρει
2461 3379 2536 3449 μὴ
2568 3380 2930 3450 ἐκτραφῶμεν
2956 3380 2983 3419 δ
3018 3381 3218 3445 καλῶς,
3247 3381 3388 3436 ὥστε
3412 3383 3666 3438 δύνασθαι

2103 3467 2362 3520 ἵπτασθαι
2419 3468 2513 3520 τοῦ
2572 3468 2840 3538 χειμῶνος
2891 3471 3232 3536 ἐπιστάντος,
3295 3473 3356 3526 οὐ
3409 3473 3668 3545 λήψονται

2102 3556 2252 3625 ἡμᾶς
2274 3556 2329 3606 αἱ
2360 3557 2610 3626 μητέρες,
2667 3555 2780 3609 ἀλλ’
2816 3558 3034 3610 ἐάσουσι
3083 3557 3161 3628 τῷ
3205 3559 3347 3630 λιμῷ
3373 3561 3670 3633 διαφθαρῆ-

2103 3658 2210 3707 ναι,
2239 3642 2271 3712 ἢ
2295 3641 2396 3711 τῆς
2424 3643 2615 3704 καλιᾶς
2642 3643 2912 3712 πεσούσης
2937 3643 3251 3700 ἀπολέσθαι.
3271 3649 3536 3719 Καθάπερ
3561 3650 3669 3720 γὰρ

2105 3728 2318 3794 καλιάν,
2363 3729 2563 3797 μᾶλλον
2595 3729 2653 3782 δὲ
2682 3730 2776 3783 καὶ
2805 3730 3170 3801 εὐκολώτερον
3198 3734 3418 3804 ταύτης,
3455 3736 3669 3789 ἅπαντα

2104 3816 2358 3886 καθαιρεί
2375 3817 2496 3870 τότε
2521 3819 2549 3868 6
2578 3817 2728 3880 Θεὸς.
2764 3819 3147 3882 άνασκευάζων
3177 3821 3268 3873 καὶ
3296 3824 3670 3896 μεταρρυθμί-

2107 3903 2213 3967 ζων
2242 3904 2476 3958 ἅπαντα.
2509 3907 2572 3956 Οἱ
2599 3905 2656 3957 δὲ
2683 3906 2918 3975 άπτηνες
2951 3907 3047 3959 καλ⁵
3068 3908 3380 3979 ἀπαντῆσαι
3413 3912 3562 3983 αὐτῷ
3593 3913 3666 3984 μὴ

2103 3992 2390 4062 δυνάμενοι
2418 3994 2496 4055 είς
2518 3993 2608 4044 τὸν
2637 3993 2795 4062 ἀέρα,
2814 3993 2928 4046 ἀλλ’
2954 3995 3094 4048 οῦτω
3125 3995 3403 4065 βαναύσως
3435 4003 3670 4072 τραφέν-

2103 4095 2214 4142 τες,
2241 4079 2316 4141 ὼς
2346 4081 2418 4149 μὴ
2444 4079 2529 4148 ἔχε
2541 4097 2586 4131 ιν
2606 4079 2665 4131 τὸ
2687 4081 2883 4151 πτερὸν
2907 4081 3128 4150 κοῦφον,
3154 4085 3428 4140 πείσονται
3459 4089 3669 4144 ἅπαντα

2101 4166 2294 4231 ταῦτα,
2324 4167 2466 4237 άπερ
2497 4167 2642 4230 εἰκὸς
2673 4168 2797 4231 τοὺς
2835 4166 2976 4222 οὕτω
3023 4170 3394 4242 διακειμένους
3453 4176 3663 4233 παθεῖν.

2113 4254 2177 4307 Ἥ
2196 4254 2294 4325 μὲν
2311 4250 2404 4308 οὖν
2431 4254 2534 4307 τῶν
2551 4254 2830 4324 χελιδόνων
2845 4257 3078 4319 νεοττιά,
3101 4259 3229 4312 ὅταν
3251 4263 3554 4334 καταπέσῃ,
3577 4281 3669 4317 τα-

2098 4342 2238 4411 χέως
2255 4342 2569 4396 ἀπόλλυται·
2595 4344 2758 4414 ἡμεῖς
2773 4342 2926 4416 [559]
2942 4344 2999 4396 δὲ
3025 4345 3123 4398 οὐκ
3151 4346 3514 4418 ἀπολούμεθα,
3536 4351 3669 4405 ἀλλὰ

2102 4429 2440 4500 κολαζόμεθα
2471 4430 2753 4500 διηνεκῶς.
2793 4430 3013 4500 Χειμὼν
3049 4431 3200 4486 ἔσται
3227 4436 3256 4486 6
3293 4437 3414 4488 τότε
3458 4440 3665 4508 καιρὸς,

2104 4518 2304 4588 μᾶλλον
2329 4519 2384 4571 δέ
2420 4519 2685 4588 χειμῶνος
2716 4519 3116 4589 χαλεπώτερος.
3151 4524 3224 4576 Οὐ
3251 4524 3358 4593 γὰρ
3383 4526 3667 4598 χείμαρροι

2101 4607 2498 4678 κατασύρανται
2529 4607 2743 4674 ὓδατος,
2773 4609 2909 4663 ἀλλὰ
2943 4610 3176 4679 ποταμοὶ
3213 4613 3401 4680 πυρός·
3447 4615 3508 4667 οὐ
3544 4617 3668 4668 σκό-

2098 4711 2190 4756 τος
2212 4695 2318 4747 ἀπδ
2343 4693 2518 4762 νεφῶν
2547 4693 2772 4761 γίνεται,
2805 4695 2941 4748 ἀλλὰ
2965 4697 3152 4759 σκότος
3173 4697 3363 4752 ἄλυτον
3389 4701 3481 4752 καὶ
3502 4703 3668 4770 ἀφεγ-

2099 4783 2212 4850 γὲς,
2240 4781 2381 4834 ὥστε
2414 4782 2552 4853 μήτε
2602 4782 2692 4835 τὸν
2733 4781 2960 4853 οὐρανὸν
2992 4783 3137 4844 ἰδεῖν,
3199 4787 3337 4856 μήτε
3369 4787 3462 4840 τὸν
3504 4789 3662 4858 ἀέρα,

2098 4870 2234 4924 ἀλλὰ
2272 4869 2380 4924 τῶν
2407 4872 2487 4932 εἰς
2517 4871 2613 4940 τὴν
2644 4870 2747 4939 γῆν
2785 4872 3222 4941 κατωρυγμένων
3273 4873 3468 4940 μᾶλλον
3498 4893 3667 4928 στενο-

2102 4962 2416 5034 χωρεῖσθαι.
2465 4961 2729 5024 Πολλάκις
2759 4960 2930 5014 ταῦτα
2965 4963 3214 5032 λέγομεν,
3246 4963 3357 5016 ἀλλ’
3387 4966 3447 5018 οὐ
3480 4966 3663 5018 πείθου

2104 5051 2202 5118 μέν
2226 5068 2397 5112 τινας.
2434 5051 2541 5102 Καὶ
2569 5050 2717 5102 οὐδὲν
2748 5049 3075 5120 θαυμαστὸν,
3108 5053 3160 5104 εἴ
3185 5068 3246 5119 γε
3278 5054 3436 5122 ἡμεῖς
3459 5053 3663 5124 ἄνθρω-

2101 5155 2193 5191 ποι
2221 5138 2457 5201 εὐτελεῖς
2487 5137 2662 5192 ταῦτα
2707 5137 2989 5209 πάσχομεν
3029 5139 3168 5209 ὑπὲρ
3199 5140 3454 5194 τοιούτων
3488 5141 3662 5193 διαλε-

2099 5225 2340 5296 γόμενοι,
2379 5225 2512 5278 ὅπου
2549 5243 2612 5293 γε
2643 5227 2735 5278 καὶ
2786 5227 2836 5278 οἱ
2885 5227 3158 5296 προφῆται
3203 5227 3438 5298 ἔπασχον
3469 5228 3657 5290 ταῦτα,

2095 5315 2192 5384 οὐχ
2221 5314 2360 5384 ὐπέρ
2387 5313 2643 5367 τοιούτων
2695 5315 2852 5383 μόνον
2887 5316 3226 5386 πραγμάτων
3266 5315 3657 5386 διαλεγόμενοι,

2095 5401 2232 5454 ἀλλά
2257 5403 2346 5454 καὶ
2374 5401 2514 5470 ὑπὲρ
2540 5401 2774 5471 πολέμου
2806 5403 2898 5456 καὶ
2940 5402 3334 5472 αξχμαλωσίας.
3363 5406 3470 5456 Καὶ
3505 5405 3532 5456 6
3565 5405 3658 5455 Σε-

2094 5490 2276 5552 δεκίας
2307 5489 2409 5543 ὑπὸ
2431 5491 2525 5542 τοῦ
2556 5489 2816 5562 Ἰερεμίου
2836 5491 3113 5562 ἠλέγχετο,
3136 5493 3230 5544 καὶ
3255 5495 3354 5545 οὐκ
3376 5494 3654 5563 ᾐσχύνετο.

2094 5581 2194 5634 Διὰ
2221 5580 2377 5634 τοῦτο
2407 5580 2590 5648 ἔλεγον
2622 5583 2670 5633 οἱ
2699 5581 2973 5651 προφῆται
2995 5599 3008 5612 ο
3073 5581 3215 5636 Οὐαὶ
3255 5584 3309 5635 οἱ
3351 5582 3655 5651 λέγοντες,

2094 5670 2381 5742 ἐγγισάτω
2409 5668 2475 5722 τὸ
2507 5668 2692 5737 τάχος
2717 5669 2753 5723 ἂ
2775 5669 3014 5739 ,ποιήσει
3041 5673 3073 5724 c’
3101 5667 3261 5736 Θεὸς,
3296 5671 3394 5724 ἵνα
3421 5670 3654 5740 ἴδωμεν,

2157 5828 2184 5866 b
2209 5826 2354 5888 Reg,
2383 5826 2694 5888 ἐκτραφῶμεν.
