4120 6400
406 379 462 432 3i
477 378 511 432 3

402 509 562 566 gnam
595 501 832 547 nostram
865 491 1208 546 afllictioncm
1241 501 1295 547 et
1324 492 1592 547 miseriam
1619 533 1632 553 ,
1675 503 1727 547 et
1769 492 1976 547 illorum

405 586 791 653 captivitatem.
844 584 1048 638 Deinde
1095 582 1346 651 potentiae
1389 582 1486 637 Dei
1535 581 1885 637 facilitatem:
1917 582 1984 636 Et

413 677 696 742 transtulit,
727 677 900 744 inquit
923 692 938 737 ;
966 691 1030 729 ac
1053 676 1097 730 si
1125 675 1246 745 quis
1274 674 1496 728 militem
1525 689 1554 728 a
1584 674 1700 728 loco
1726 673 1776 728 in
1812 675 1986 728 locum

409 772 715 822 transferat.
743 768 856 822 Non
884 767 1018 822 dixit
1038 777 1238 834 autem,
1265 767 1543 831 Traduxit,
1575 782 1765 836 neque,
1790 765 1986 820 Trans-

407 863 622 932 posuit;
667 870 832 916 totum
861 864 1004 916 enim
1052 861 1240 916 fuisset
1284 860 1400 930 ejus
1427 861 1514 930 qui
1545 869 1945 930 transposuerat
1968 901 1983 924 ,

410 974 515 1012 non
561 955 679 1026 ejus
728 956 815 1025 qui
860 955 1144 1009 transierat
1183 972 1195 1007 :
1241 953 1372 1020 sed,
1424 953 1741 1018 Transtulit,
1797 952 1985 1023 inquit.

392 1047 767 1115 Quamobrem
799 1056 854 1101 et
883 1055 1125 1100 nostrum
1152 1055 1255 1111 est,
1281 1056 1334 1100 et
1362 1043 1500 1114 ejus.
1534 1043 1598 1098 In
1626 1061 1835 1115 regnum
1867 1041 1991 1095 Filii

410 1139 694 1194 dilectionis
719 1155 844 1194 sate.
877 1139 991 1194 Non
1021 1139 1153 1193 dixit
1183 1139 1354 1192 solum
1376 1179 1390 1202 ,
1422 1137 1664 1205 Regnum
1696 1138 1946 1190 caelorum
1970 1175 1986 1200 ,

411 1233 507 1288 sed
535 1224 951 1303 splendidiorem
979 1244 1030 1286 et
1061 1231 1364 1300 graviorem
1395 1228 1627 1285 reddidit
1647 1230 1945 1283 orationem
1971 1268 1985 1291 ,

412 1325 598 1380 dicens
627 1342 640 1377 :
676 1323 906 1394 Regnum
935 1321 1063 1376 Filii
1086 1338 1106 1387 ;
1135 1338 1199 1376 eo
1220 1323 1361 1377 enim
1393 1336 1496 1374 non
1526 1329 1610 1374 est
1636 1319 1805 1388 majus
1824 1332 1987 1372 enco-

413 1418 580 1472 mium
608 1434 620 1469 :
649 1416 789 1486 quod
820 1417 979 1470 etiam
1005 1414 1134 1469 dicit
1157 1413 1302 1478 alibi,
1337 1412 1398 1467 Si
1423 1412 1776 1474 sustineamus,
1800 1419 1846 1464 et
1865 1425 1990 1462 con-

413 1508 734 1580 regnabimus
765 1507 837 1576 (2.
872 1506 1002 1560 Tim.
1031 1505 1086 1559 2.
1123 1505 1235 1576 12).
1272 1504 1463 1560 Iisdem
1497 1519 1594 1557 nos
1621 1503 1866 1571 dignatus
1887 1510 1984 1563 est,

415 1603 606 1672 inquit,
638 1602 834 1672 quibus
859 1601 1052 1655 Filium
1084 1617 1096 1652 :
1129 1615 1227 1654 nec
1256 1598 1357 1652 hoc
1381 1598 1554 1652 solum
1580 1639 1595 1662 ,
1623 1595 1716 1650 sed
1742 1595 1989 1660 additur,

417 1698 699 1752 Dilectum.
730 1694 1000 1760 Inimicos,
1030 1693 1122 1762 qui
1166 1691 1498 1746 obtenebrati
1540 1698 1729 1752 erant,
1773 1698 1993 1756 repente

418 1787 688 1843 transtulit
712 1787 799 1841 ubi
828 1796 940 1840 erat
988 1784 1157 1839 Filius
1182 1826 1196 1850 ,
1227 1793 1282 1839 et
1311 1784 1362 1838 in
1389 1782 1636 1837 eumdem
1681 1782 1731 1835 in
1772 1795 1878 1851 quo
1905 1781 1993 1835 ille

417 1889 536 1936 erat
561 1878 839 1933 honorem.
871 1876 978 1930 Nec
1014 1876 1116 1930 hoc
1159 1875 1275 1929 solo
1315 1873 1412 1928 fuit
1452 1881 1771 1936 contentus;
1805 1871 1896 1927 sed
1939 1881 1995 1925 ut

421 1984 668 2042 magnum
693 1968 1003 2024 ostenderet
1029 1967 1257 2032 donum,
1292 1980 1397 2020 non
1425 1965 1554 2020 satis
1581 1964 1764 2018 habuit
1790 1963 1994 2018 dixisse

419 2077 640 2132 regnum
662 2105 676 2128 ,
706 2060 801 2116 sed
846 2059 1051 2114 addidit
1078 2059 1237 2114 etiam
1265 2097 1280 2123 ,
1329 2056 1496 2110 Filii:
1519 2071 1619 2112 nec
1654 2055 1754 2110 hoc
1778 2055 1949 2110 solum
1975 2095 1991 2121 ,

403 2154 516 2214 sed
546 2153 726 2217 etiam,
759 2151 946 2206 Dilecti
973 2167 987 2215 ;
1017 2165 1115 2205 nec
1141 2148 1244 2203 hoc
1266 2157 1492 2214 tantum,
1518 2147 1613 2201 sed
1634 2147 1793 2200 etiam
1823 2145 1995 2198 hono-

421 2261 533 2300 rem
561 2253 616 2299 et
642 2245 804 2298 decus
833 2253 1054 2297 natura).
1084 2239 1221 2309 Quid
1247 2240 1388 2295 enim
1414 2238 1583 2293 dicit?
1616 2238 1715 2303 Qui
1741 2247 1810 2291 est
1828 2237 1997 2306 imago

423 2335 521 2390 Dei
545 2335 832 2389 invisibilis.
871 2333 974 2388 Sed
1006 2347 1109 2387 non
1136 2332 1314 2386 statim
1343 2330 1408 2384 ad
1436 2330 1486 2384 id
1515 2329 1678 2395 venit,
1711 2327 1802 2383 sed
1834 2329 1998 2381 inter-

419 2427 549 2497 jecit
577 2427 827 2481 collatum
859 2425 912 2479 in
958 2439 1056 2478 nos
1088 2423 1422 2478 beneficium.
1455 2420 1588 2475 Nam
1621 2462 1637 2487 ,
1680 2435 1748 2474 ne
1775 2418 2000 2472 audiens

424 2519 567 2589 quod
602 2527 766 2572 totum
797 2515 865 2570 sit
907 2515 1099 2577 Patris,
1134 2515 1405 2569 existimes
1429 2523 1578 2566 extra
1601 2525 1721 2566 esse
1762 2509 1954 2564 Filium
1980 2549 1996 2574 ,

426 2612 518 2665 dat
548 2620 718 2664 totum
753 2607 886 2661 Filio
910 2648 925 2672 ,
960 2616 1013 2661 et
1045 2612 1212 2659 totum
1254 2603 1415 2658 Patri.
1461 2601 1594 2656 Nam
1646 2601 1736 2656 ille
1779 2599 1998 2670 quidem

428 2703 714 2767 transtulit,
746 2699 838 2754 sed
869 2699 952 2753 hic
979 2713 1191 2754 causam
1219 2695 1467 2767 prmbnit.
1502 2693 1639 2762 Quid
1664 2693 1807 2749 enim
1830 2691 2005 2748 dicit?

431 2794 532 2859 Qui
571 2793 754 2862 eripuit
785 2807 875 2844 nos
904 2807 965 2844 ea:
1005 2799 1246 2860 potestate
1269 2787 1602 2841 tenebrarum.
1636 2785 1779 2841 Idem
1825 2793 2002 2838 autem

428 2886 674 2957 estquod
706 2883 836 2940 illud
866 2901 880 2938 :
910 2885 996 2939 M.
1039 2882 1108 2937 In
1148 2900 1244 2948 quo
1291 2883 1527 2937 habemus
1567 2881 2002 2952 redemptionem,

430 2980 770 3032 remissionem
797 2986 1134 3047 peccatorum.
1163 2973 1218 3030 Si
1243 2975 1384 3030 enim
1427 2974 1651 3029 remissa
1681 2989 1784 3028 non
1823 2981 2006 3028 essent

429 3082 667 3142 peccata,
700 3085 807 3124 non
834 3083 1074 3125 essemus
1107 3067 1227 3122 hinc
1255 3067 1514 3122 translati.
1545 3067 1684 3122 Ecce
1710 3081 1893 3120 rursus
1919 3065 2006 3122 hic

433 3163 582 3227 illud,
608 3163 662 3216 in
686 3178 805 3232 quo.
840 3161 906 3215 Et
927 3174 1030 3215 non
1061 3159 1210 3227 dicit,
1258 3167 1480 3230 λύτρωσιν
1503 3201 1518 3226 ,
1544 3159 1964 3230 redemptionem
1989 3201 2004 3226 ,

432 3254 528 3309 sed
558 3257 898 3324 ἀπολύτρωσιν,
929 3250 980 3307 id
1005 3263 1088 3309 est
1108 3293 1122 3315 ,
1156 3252 1365 3321 plenam
1392 3262 1446 3306 et
1476 3252 1763 3322 perfectam
1796 3253 2007 3307 redem-

436 3347 707 3417 ptionem;
754 3362 821 3398 ne
863 3346 1092 3414 amplius
1119 3359 1432 3398 corruamus
1453 3386 1466 3410 ,
1515 3360 1691 3410 neque
1714 3345 2010 3400 efficiamur

437 3437 714 3491 mortales.
747 3435 834 3490 15.
871 3434 969 3502 Qui
1001 3445 1072 3489 est
1111 3437 1278 3505 imago
1313 3434 1409 3488 Dei
1444 3436 1726 3501 invisibilis,
1757 3437 2010 3507 primoge-

437 3529 571 3582 nitus
595 3527 756 3582 omnis
773 3526 1054 3580 creaturae?
1080 3527 1137 3581 ln
1167 3527 1514 3595 quaestionem
1542 3525 1824 3580 incidimus
1844 3525 2013 3581 hatre-

440 3622 596 3675 ticam
627 3637 642 3675 :
677 3629 957 3690 propterea
1005 3617 1162 3672 hodie
1191 3617 1496 3672 differemus
1526 3658 1543 3684 ,
1583 3626 1637 3672 et
1659 3621 1889 3672 crastina
1927 3618 2014 3673 die

438 3729 552 3770 rem
592 3713 878 3768 aﬂ‘eremus
908 3712 1104 3766 vestris
1146 3709 1398 3765 audiendi
1427 3710 1633 3782 cupidis
1671 3710 1908 3766 auribus.
1957 3710 2016 3766 Si

438 3804 565 3874 quid
594 3813 774 3858 autem
805 3811 1017 3872 oportet
1055 3801 1284 3870 amplius
1310 3800 1489 3856 dicere
1513 3842 1526 3865 ,
1561 3801 1732 3870 majus
1762 3809 1845 3856 est
1881 3816 2016 3871 cpus

441 3897 580 3954 Filii.
611 3896 892 3964 Quomodo
918 3896 942 3949 ἲ
973 3895 1106 3950 Illud
1134 3896 1276 3950 enim
1310 3895 1424 3950 fieri
1455 3911 1562 3949 non
1594 3903 1785 3964 potest,
1813 3905 1870 3951 ut
1899 3911 2016 3950 ma-

442 3990 692 4044 nemibus
719 3989 770 4042 in
795 3987 1031 4058 peccatis
1058 3987 1146 4041 det
1177 4002 1432 4056 regnum;
1469 3986 1570 4039 hoc
1609 3997 1785 4041 autem
1814 3995 1898 4041 est
1934 3984 2016 4040 fa-

441 4081 596 4136 cilius
643 4081 1035 4150 :quamobrem
1076 4077 1141 4133 ad
1185 4078 1384 4133 donum
1431 4079 1570 4132 viam
1620 4079 1832 4132 muniit.
1882 4078 2018 4147 Quid

447 4173 622 4226 dicis?
652 4173 769 4241 Ipse
799 4173 889 4228 tibi
922 4181 1136 4241 peccata
1177 4171 1415 4225 remisit:
1444 4185 1573 4241 ergo
1595 4179 1646 4225 te
1671 4186 1882 4240 quoque
1925 4169 2023 4225 ad-

444 4264 614 4318 duxit.
667 4262 786 4317 .lam
836 4273 1102 4333 tamquam
1153 4261 1552 4317 fundamentum
1594 4263 1723 4333 jecit
1786 4263 2020 4320 radicem

447 4356 730 4425 dogmatis.

518 4455 572 4508 4.
613 4453 695 4506 Ad
733 4469 940 4523 regnum
984 4451 1108 4505 Filii
1139 4449 1234 4505 Dei
1263 4452 1430 4505 vocari
1471 4461 1714 4518 quantum
1744 4452 1809 4506 sit
1833 4451 2023 4522 beneﬁ-

449 4546 601 4598 cium.
627 4543 742 4597 Vita
771 4561 996 4612 prwseus
1016 4544 1160 4612 quasi
1183 4543 1353 4596 nidus.
1377 4541 1550 4597 Terrae
1575 4553 1736 4597 motus
1761 4555 1807 4597 et
1828 4545 2026 4599 urbium

450 4639 748 4694 eversiones.
777 4667 846 4676 —
878 4636 1088 4690 Interim
1144 4644 1319 4689 autem
1364 4650 1484 4689 cum
1536 4635 1666 4689 illud
1709 4635 2022 4704 dixerimus,

452 4734 608 4786 tinem
643 4731 976 4798 imponemus
1003 4727 1126 4782 huic
1145 4727 1396 4781 orationi.
1436 4727 1699 4792 Quidnam
1726 4737 1900 4782 autem
1927 4728 2027 4783 hoc

450 4824 570 4878 est?
600 4821 751 4889 Quod
783 4829 990 4875 tantum
1016 4821 1284 4889 assequuti
1308 4819 1645 4880 beneficium,
1672 4819 1788 4887 ejus
1811 4833 2025 4890 semper

453 4916 714 4970 debemus
745 4911 1076 4977 meminisse,
1095 4920 1149 4967 et
1170 4911 1260 4966 Dei
1287 4912 1486 4965 donum
1509 4911 1562 4965 in
1585 4911 1738 4965 nobis
1767 4922 2028 4980 perpetuo

450 5022 690 5074 versare,
739 5023 769 5060 a
816 5005 1132 5076 quibusnam
1184 5004 1428 5068 liberati,
1462 5015 1516 5059 et
1554 5020 1797 5075 quianam
1850 5003 2027 5074 adepti

452 5118 638 5159 sumus
680 5101 952 5170 cogitare;
1003 5107 1060 5154 et
1101 5099 1177 5152 sic
1225 5098 1361 5167 grati
1393 5099 1613 5164 erimus,
1645 5098 1722 5152 sic
1750 5097 2026 5152 caritatem

452 5199 505 5253 iu
536 5213 657 5252 eum
690 5194 1020 5264 augebimus.
1049 5191 1186 5260 Quid
1217 5191 1374 5254 dicis,
1406 5206 1438 5245 ο
1477 5191 1675 5244 homo?
1717 5201 1933 5245 vocatus
1969 5205 2028 5245 es

451 5291 519 5346 ad
559 5282 802 5359 regnum,
834 5287 902 5340 ad
949 5301 1168 5355 regnum
1201 5284 1319 5338 Filii
1364 5283 1481 5348 Dei,
1515 5282 1736 5352 hiasque
1789 5291 1931 5337 t0tus
1975 5291 2028 5338 et

453 5382 667 5445 ascitas,
717 5380 984 5448 fricasque
1011 5387 1066 5431 et
1093 5377 1307 5445 scalpis,
1347 5386 1406 5431 et
1449 5376 1747 5445 torpescis?
1779 5375 1833 5430 Si
1882 5376 2026 5431 enim

455 5474 536 5528 vel
559 5474 612 5527 in
632 5472 775 5526 mille
792 5481 991 5524 mortes
1011 5479 1062 5524 te
1080 5477 1352 5538 oporteret
1369 5469 1567 5522 iusilire
1580 5467 1834 5537 quotidie,
1849 5483 2028 5522 annon

458 5577 639 5624 essem
663 5567 840 5621 omnia
883 5563 1234 5618 sustinenda?
1263 5561 1365 5618 Sed
1394 5571 1453 5616 ut
1499 5562 1862 5630 magistratum
1906 5561 2029 5630 qui-

456 5662 577 5715 dem
627 5655 950 5727 assequaris,
978 5654 1108 5709 nihil
1158 5671 1262 5707 non
1312 5652 1490 5717 facis;
1542 5651 1806 5722 Unigeniti
1849 5662 2026 5707 autem

457 5752 606 5824 regni
649 5751 858 5806 futurus
889 5748 1174 5819 particeps,
1205 5762 1312 5800 non
1361 5746 1413 5798 in
1459 5745 1603 5800 mille
1648 5759 1806 5799 enses
1837 5745 2025 5810 iusilis,

459 5863 565 5902 non
597 5846 647 5900 in
696 5845 870 5916 ignem
915 5853 965 5898 te
996 5839 1208 5912 injicis?
1258 5839 1320 5893 Et
1351 5837 1452 5893 hoc
1500 5840 1732 5894 nondum
1764 5837 1834 5893 ita
1863 5852 2025 5908 grave

1289 373 1355 429 IN
1396 373 1612 431 EPIST';
1653 369 2058 428 AU'COLOSS.
2099 370 2251 427 CAP.
2295 372 2328 424 l.
2376 374 2610 431 llOMlL.
2655 377 2720 433 ll.

3561 379 3672 437 5H

2099 505 2201 562 est,
2243 495 2336 550 sed
2368 497 2509 566 quod
2557 499 2717 552 etiam
2748 513 3086 567 excessurus,
3121 500 3449 563 lamentaris,
3479 508 3534 555 et
3581 501 3668 556 hic

2092 587 2338 642 lubenter
2354 588 2604 654 versaris,
2621 605 2738 644 cum
2758 589 2830 643 sis
2851 600 3058 644 amator
3076 590 3480 659 corporis.Quid
3501 606 3629 646 vero
3643 593 3668 643 ἲ

2095 680 2324 734 etiamne
2354 691 2580 735 mortem
2627 696 2816 736 censes
2865 697 2984 736 csse
3035 682 3560 753 terribilemHlujus
3589 685 3668 738 rei

2093 785 2253 825 causa
2306 781 2430 826 sunt
2471 773 2676 828 delicia:
2705 782 2760 828 et
2802 774 2968 828 otium
3003 793 3014 827 :
3047 792 3166 828 nam
3197 775 3285 844 qui
3317 775 3478 828 vitmn
3523 775 3667 844 degit

2094 862 2365 926 acerbam,
2391 862 2472 916 vel
2503 863 2674 917 alatus
2701 879 2820 918 esse
2859 872 3074 933 cuperet
3113 873 3168 917 et
3197 863 3321 919 hinc
3368 863 3666 919 discedere.

2093 943 2244 1006 Nunc
2269 961 2444 1006 autem
2475 952 2574 1007 hoc
2606 953 2776 1023 ipsum
2805 953 2958 1009 nobis
2984 957 3231 1010 usuvenit
3255 997 3268 1020 ,
3300 954 3439 1025 quod
3487 955 3668 1024 pullis,

2094 1043 2182 1115 qui
2210 1044 2400 1098 molles
2429 1044 2724 1099 redduntur
2746 1056 2800 1099 ct
2836 1047 3002 1099 teneri
3032 1046 3082 1099 in
3115 1045 3241 1100 nido
3271 1045 3512 1100 volentes
3555 1060 3672 1098 ma-

2093 1150 2224 1190 nere
2251 1144 2527 1205 perpetuo.
2560 1135 2664 1190 Sed
2693 1150 2800 1206 quo
2827 1135 3026 1191 diutius
3070 1137 3444 1203 manserimus,
3470 1151 3536 1190 eo
3562 1135 3669 1190 eri-

2095 1242 2214 1281 mus
2243 1227 2639 1282 imbecilliores.

2167 1318 2338 1374 Nidus
2365 1319 2508 1374 enim
2537 1329 2621 1374 est
2650 1321 2755 1375 vita
2787 1335 3046 1390 praesens,
3076 1320 3438 1390 conglutinata
3471 1335 3535 1374 ex
3577 1335 3673 1390 pa-

2095 1411 2194 1466 leis
2236 1421 2291 1467 et
2337 1411 2469 1467 luto.
2523 1412 2742 1466 Etiamsi
2774 1413 2902 1466 mihi
2931 1429 3149 1483 magnas
3179 1413 3322 1468 aedes
3347 1411 3673 1476 ostenderis,

2096 1512 2153 1558 et
2182 1504 2325 1573 ipsas
2360 1504 2534 1574 regias
2556 1504 2723 1558 multo
2751 1520 2882 1559 auro
2910 1513 2962 1560 et
2987 1503 3217 1575 gemmis
3245 1504 3527 1573 fulgentes,
3558 1503 3674 1556 exi-

2098 1602 2327 1658 stimabo
2353 1618 2444 1656 eas
2473 1601 2600 1655 nihil
2630 1601 2847 1656 differre
2888 1617 2916 1654 a
2948 1600 3088 1656 nidis
3141 1599 3502 1654 hirundinum.
3540 1596 3673 1652 Nam

2096 1709 2219 1750 cum
2247 1694 2417 1749 hiems
2447 1693 2744 1757 advenerit,
2766 1692 2946 1746 omnia
2976 1706 3070 1746 sua
3099 1700 3291 1763 sponte
3311 1690 3536 1745 cadent:
3562 1689 3677 1742 hie-

2098 1804 2239 1843 mem
2271 1796 2444 1842 autem
2490 1787 2703 1856 appello
2729 1786 2881 1840 illum
2911 1784 3076 1850 diem,
3104 1786 3194 1854 qui
3235 1801 3342 1839 non
3374 1794 3456 1837 est
3499 1782 3673 1837 hiems

2099 1880 2366 1936 omnibus.
2395 1880 2526 1933 Nam
2560 1879 2700 1934 Deus
2749 1893 2963 1949 quoque
3008 1888 3216 1932 noctem
3265 1886 3320 1932 et
3371 1877 3514 1931 diem
3545 1874 3673 1930 illud

2099 1983 2310 2044 tempus
2340 1973 2592 2044 appellat,
2626 1973 2755 2027 illud
2785 1971 3024 2041 quidem,
3056 1971 3352 2040 respiciens
3391 1970 3458 2023 ad
3488 1983 3675 2038 pecca-

2101 2076 2283 2131 tores;
2310 2068 2415 2120 boc
2439 2081 2589 2131 vero,
2613 2065 2680 2120 ad
2703 2065 2900 2135 justos.
2927 2063 3003 2117 lta
3031 2078 3128 2133 ego
3155 2077 3296 2117 nunc
3327 2076 3535 2132 quoque
3555 2067 3688 2115 eum

2098 2174 2235 2214 voco
2267 2157 2518 2213 hiemem.
2539 2157 2592 2213 Si
2623 2167 2807 2212 testate
2835 2170 2945 2211 non
2979 2155 3235 2210 fuerimus
3264 2154 3400 2208 bene
3438 2152 3676 2211 enutriti,

2101 2260 2161 2304 ut
2191 2249 2454 2320 possimus
2483 2247 2666 2302 volare
2693 2261 2814 2301 cum
2847 2247 3018 2301 hiems
3063 2244 3367 2309 advenerit,
3393 2258 3500 2296 non
3529 2241 3674 2295 acci-

2101 2344 2250 2414 pient
2280 2356 2379 2396 nos
2427 2350 2646 2402 matres,
2679 2337 2774 2400 sed
2814 2353 2913 2393 nos
2940 2336 3082 2392 fame
3111 2338 3290 2390 sinent
3315 2333 3552 2400 enecari,
3588 2341 3682 2386 aut

2103 2434 2230 2489 nido
2256 2433 2481 2490 cadente
2512 2432 2755 2486 interire.
2785 2431 2914 2486 Nam
2944 2431 3082 2485 sicut
3101 2429 3305 2490 nidum.
3335 2428 3442 2482 imo
3464 2441 3592 2482 vero
3615 2441 3681 2482 eo

2104 2526 2326 2592 facilius,
2351 2523 2530 2579 omnia
2560 2539 2700 2578 nunc
2721 2531 2986 2592 expurgat
3008 2521 3169 2588 Deus,
3197 2522 3374 2575 omnia
3403 2518 3681 2573 destructis

2104 2633 2466 2690 reparatisque
2489 2628 2544 2672 et
2569 2630 2917 2686 componens.
2947 2614 3256 2669 lnvolucres
3287 2622 3486 2678 autem,
3509 2622 3564 2667 et
3590 2611 3680 2679 qui

2108 2729 2212 2767 non
2243 2721 2464 2782 possunt
2488 2711 2536 2764 ei
2565 2709 2775 2764 obviam
2807 2708 2994 2764 venire
3021 2707 3073 2762 in
3099 2721 3247 2769 aere,
3275 2705 3369 2761 sed
3399 2705 3534 2760 adeo
3559 2719 3680 2758 sor-

2108 2805 2230 2860 dide
2256 2813 2310 2860 et
2335 2802 2669 2858 illiberaliter
2708 2811 2833 2857 sunt
2859 2800 3068 2856 educati
3098 2808 3155 2854 ut
3184 2799 3329 2854 leves
3358 2813 3560 2868 pennas
3590 2799 3685 2852 ha-

2107 2897 2236 2953 bere
2284 2909 2388 2950 non
2440 2895 2667 2966 possint,
2697 2909 2759 2948 ea
2807 2893 3077 2963 patientur
3102 2907 3222 2963 quae
3265 2900 3684 2946 consentaneum

2110 2999 2194 3045 est
2222 3002 2316 3044 eos
2356 2986 2464 3058 pati
2494 2987 2584 3057 qui
2614 2987 2692 3042 sic
2719 2993 2848 3040 sunt
2885 2983 3078 3040 allecti.
3128 2986 3301 3054 Atque
3343 2981 3684 3036 hirundinum

2111 3082 2324 3153 quidem
2358 3080 2514 3134 nidus
2538 3094 2657 3133 cum
2707 3076 2983 3145 ceciderit,
3015 3077 3122 3130 cito
3153 3076 3292 3145 perit
3320 3093 3333 3130 :
3364 3091 3461 3130 nos
3507 3083 3682 3128 autem

2113 3189 2219 3229 non
2249 3172 2506 3242 perimus,
2531 3169 2626 3225 sed
2653 3179 2908 3240 perpetuo
2935 3171 3203 3239 punimur.
3223 3168 3406 3222 Hiems
3426 3168 3524 3222 erit
3546 3165 3684 3236 quud

2114 3275 2243 3321 tunc
2271 3264 2374 3319 erit
2394 3275 2627 3330 tempus,
2660 3262 2767 3316 imo
2797 3276 2924 3316 vero
2948 3259 3123 3315 hieme
3159 3259 3380 3330 gravius
3416 3273 3479 3313 ac
3516 3258 3688 3312 mole-

2114 3359 2269 3413 stins.
2294 3355 2408 3411 Non
2430 3356 2572 3410 enim
2606 3353 2888 3408 trahuntur
2919 3362 3184 3407 torrentes
3214 3366 3388 3421 aquae,
3419 3350 3514 3405 sed
3541 3349 3686 3404 fluvii

2116 3450 2291 3520 ignis:
2321 3463 2427 3502 non
2459 3456 2584 3500 sunt
2613 3444 2849 3500 tenebras
2886 3459 2916 3498 e
2948 3443 3197 3505 nubibus,
3221 3442 3314 3497 sed
3349 3442 3578 3496 tenebrat
3607 3440 3688 3494 in-

2117 3541 2486 3605 dissolubiles,
2513 3549 2568 3594 et
2593 3539 2714 3592 luce
2744 3537 2955 3606 penitus
2993 3543 3274 3599 carentes;
3317 3533 3452 3588 adeo
3499 3541 3559 3587 ut
3595 3547 3692 3586 nec

2118 3637 2308 3691 cadum
2335 3633 2550 3688 videant
2589 3645 2690 3686 nec
2719 3645 2920 3693 aerem,
2953 3627 3048 3682 sed
3093 3628 3144 3680 in
3189 3625 3419 3695 majores
3447 3624 3692 3694 redigano

2121 3737 2208 3782 tur
2253 3725 2545 3794 angustias,
2579 3737 2738 3792 quam
2769 3720 2858 3790 qui
2903 3719 3086 3774 infossi
3129 3725 3255 3771 sunt
3295 3717 3348 3771 in
3379 3725 3541 3770 terra.
3571 3715 3695 3768 Haec

2121 3835 2266 3888 saepe
2290 3817 2544 3881 dicimus,
2572 3813 2668 3868 sed
2716 3827 2823 3866 non
2874 3809 3258 3880 persuademus
3282 3807 3562 3877 aliquibus.
3590 3805 3694 3861 Sed

2124 3929 2230 3969 non
2263 3920 2346 3966 est
2393 3909 2608 3972 mirum,
2640 3905 2685 3961 si
2727 3904 2902 3969 nobis,
2931 3903 3021 3974 qui
3051 3917 3235 3956 sumus
3279 3901 3409 3955 viles
3436 3900 3694 3962 homines,

2123 3992 2566 4060 concionantibus
2615 3998 2729 4052 haec
2757 3994 3021 4058 accidunt,
3053 4009 3173 4048 cum
3221 3992 3338 4046 haec
3368 3991 3529 4047 etiam
3556 3990 3696 4044 acci-

2124 4095 2313 4150 derent
2355 4089 2654 4164 prophetis,
2684 4103 2790 4142 non
2818 4085 2883 4141 de
2924 4087 3009 4140 his
3037 4085 3210 4138 solum
3243 4082 3402 4138 rebus
3429 4082 3700 4136 disseren-

2126 4189 2292 4253 tibus,
2324 4185 2418 4242 sed
2449 4193 2503 4239 et
2540 4183 2608 4237 de
2646 4181 2787 4236 bello
2833 4187 2888 4234 et
2936 4177 3264 4246 captivitate.
3307 4175 3375 4230 Et
3415 4173 3702 4229 Sedechias

2128 4279 2449 4351 arguebatur
2469 4291 2496 4328 a
2529 4273 2784 4336 Jeremia,
2816 4284 2915 4325 nec
2942 4267 3272 4322 afficiebatur
3304 4265 3524 4336 pudore.
3567 4264 3702 4319 Pro-

2130 4385 2316 4448 pterea
2344 4369 2592 4425 dicebant
2618 4363 2891 4434 propheta:
2917 4379 2930 4415 :
2973 4360 3058 4414 Va:
3081 4360 3164 4429 qui
3191 4357 3384 4423 dicunt,
3413 4357 3703 4428 Appropin-

2130 4447 2281 4533 gueut
2307 4462 2404 4516 cito
2429 4474 2542 4529 qua:
2567 4457 2716 4526 faciet
2738 4453 2894 4515 Deus,
2924 4461 2979 4504 ut
3002 4450 3276 4514 videamus,
3309 4456 3353 4500 et
3377 4447 3541 4500 veniat
3579 4463 3704 4501 con—

2131 4557 2303 4611 silium
2347 4550 2524 4606 Sancti
2568 4544 2752 4610 Israel,
2784 4553 2840 4597 ut
2879 4556 3241 4612 cognoscamus
3283 4537 3434 4608 (Isai.
3472 4538 3702 4608 54.19).

2131 4646 2209 4702 Ne
2237 4645 2339 4700 hoc
2381 4642 2657 4696 miremur.
2688 4637 2820 4692 Nam
2851 4645 2904 4689 et
2945 4634 3034 4703 qui
3083 4643 3238 4687 erant
3278 4640 3516 4701 tempore
3544 4646 3704 4697 ιιι-(κν,

2135 4753 2239 4792 non
2267 4733 2581 4797 credebant,
2614 4728 2708 4785 sed
2735 4725 3093 4786 crediderunt,
3118 4722 3330 4793 quando
3359 4721 3564 4777 nullum
3593 4733 3707 4777 erat

2133 4831 2340 4886 lucrum
2387 4825 2507 4880 fidei
2541 4839 2554 4877 :
2591 4819 2887 4898 nequc-qui
2913 4825 3071 4872 erant
3121 4814 3389 4881 Sodomis,
3432 4824 3710 4884 exspecta-

2135 4931 2281 4987 runt,
2319 4919 2416 4976 sed
2460 4917 2559 4988 ipsi
2595 4930 2806 4984 quoque
2833 4911 3196 4974 crediderunt,
3228 4907 3441 4980 quando
3468 4908 3601 4963 nihil
3628 4909 3708 4962 eis

2136 5017 2356 5088 proluit.
2385 5013 2452 5068 Et
2495 5009 2620 5082 quid
2651 5008 2772 5064 dico
2815 5005 2882 5062 de
2911 5004 3143 5060 futuris?
3173 5003 3294 5074 quis
3347 5010 3708 5072 exspectasset

2136 5126 2198 5166 ea
2226 5123 2346 5180 qu:e
2385 5120 2527 5160 nunc
2554 5104 2686 5158 tiunt
2728 5102 2780 5154 in
2811 5099 3037 5154 diversis
3064 5097 3217 5164 locis,
3250 5106 3404 5151 terra:
3435 5104 3631 5154 motus.
3658 5100 3710 5147 et

2137 5201 2346 5258 urbium
2375 5196 2683 5252 eversiones
2703 5190 2776 5264 (α)
2801 5192 2823 5244 ?
2876 5190 3036 5260 Atqui
3086 5188 3203 5243 lucc
3231 5197 3385 5242 erant
3413 5185 3518 5240 illis
3542 5184 3710 5254 magis

2137 5290 2438 5355 credibilia,
2467 5302 2624 5358 quam
2673 5299 2820 5348 arca,
2866 5283 3104 5353 inquam.
3135 5278 3412 5336 Undenam
3458 5277 3560 5330 hoc
3585 5289 3712 5330 con-

2136 5383 2278 5440 stat?
2307 5380 2459 5449 Quod
2506 5379 2578 5434 illi
2605 5377 2818 5448 quidem
2854 5391 2957 5429 non
3013 5372 3286 5444 potuerint
3333 5369 3474 5424 aliud
3519 5383 3710 5424 uern-

2135 5478 2281 5547 p'um
2309 5472 2568 5542 aspicere,
2593 5482 2764 5538 neque
2783 5465 3084 5535 Scripturas
3099 5462 3408 5518 audierunt:
3433 5459 3518 5514 hic
3534 5467 3710 5514 autem

2138 5579 2260 5626 sunt
2302 5561 2732 5628 innumerabilia,
2763 5574 2883 5631 quae
2911 5566 2966 5612 et
3011 5556 3212 5612 nostris
3250 5554 3389 5610 facta
3424 5565 3548 5608 sunt.
3580 5563 3714 5607 tem-

2201 5783 2273 5841 (τι)
2297 5781 2373 5831 De
2396 5785 2542 5830 terra;
2564 5777 2776 5841 molibus
2798 5781 2849 5841 et
2872 5773 3066 5841 urbium
3089 5770 3440 5841 eversionibus,
3462 5782 3571 5833 quae
3588 5775 3703 5817 tunc

2139 5833 2437 5905 acciderunt,
2456 5841 2568 5895 vide
2590 5853 2699 5904 quae
2719 5839 2930 5889 diximus
2953 5838 3001 5884 in
3024 5833 3239 5892 Monum;
