4120 6400
372 404 477 459 315

370 520 593 590 poribus
642 521 698 569 et
744 509 1187 583 prazeedentibus.
1220 507 1326 562 Sed
1375 506 1637 560 undenam
1681 500 1940 572 processit

374 623 561 663 eorum
595 603 979 661 incredulitas?
1020 602 1099 656 Ex
1128 600 1273 655 molli
1317 609 1369 654 et
1395 600 1579 669 ignava
1607 595 1781 648 anima
1811 610 1824 646 :
1856 592 1938 645 bi-

375 700 578 756 bebant
618 705 674 753 et
698 697 1073 759 comedehant,
1108 704 1162 747 et
1189 703 1472 762 propterea
1500 705 1605 743 non
1632 686 1938 742 credebant.

374 791 506 848 Nam
528 805 647 861 quae
669 789 781 843 vult
802 787 1086 858 quispiam,
1111 800 1174 839 ea
1196 794 1250 838 et
1280 792 1446 852 putat,
1469 797 1527 835 ea
1560 790 1614 833 et
1638 784 1939 847 exspectat:

377 887 467 955 qui
498 895 671 938 autem
702 880 1105 945 contradicunt,
1133 889 1364 945 nugaces
1393 874 1671 928 habentur.

450 976 505 1030 5.
545 973 649 1028 Sed
683 989 748 1027 ne
784 971 887 1025 hoc
915 971 1072 1024 nobis
1098 968 1304 1022 accidat
1334 983 1347 1018 :
1396 980 1502 1019 non
1530 964 1671 1018 enim
1703 961 1804 1015 erit
1826 974 1943 1013 am-

380 1068 519 1136 plius
548 1064 828 1129 diluvium,
860 1078 1033 1131 neque
1058 1060 1122 1114 ad
1147 1069 1371 1113 mortem
1401 1072 1567 1125 usque
1590 1053 1821 1125 punitio;
1852 1050 1946 1106 sed

381 1155 764 1225 suppliciorum
792 1153 1002 1207 initium
1034 1163 1116 1207 est
1146 1166 1291 1205 mors
1318 1164 1423 1202 non
1454 1147 1785 1202 credentium
1806 1141 1947 1213 quod

379 1248 449 1301 sit
475 1246 754 1315 judicium.
788 1245 854 1298 Et
892 1245 1032 1313 quis,
1057 1243 1242 1312 inquit,
1275 1239 1398 1295 inde
1438 1239 1654 1292 veniens
1685 1237 1800 1290 haec
1827 1250 1949 1288 nar-

380 1339 538 1401 ravit,
566 1348 619 1391 et
646 1338 759 1390 haec
785 1334 959 1389 dixit?
1005 1334 1060 1390 Si
1090 1334 1276 1388 ludens
1299 1330 1512 1401 quidem
1558 1328 1671 1383 haec
1696 1327 1851 1391 dicis,
1883 1339 1951 1379 ne

381 1430 460 1484 sic
486 1428 699 1499 quidem
726 1437 910 1490 recte;
940 1441 1047 1480 non
1076 1434 1157 1479 est
1203 1424 1343 1478 enim
1376 1420 1665 1476 ludendum
1705 1418 1757 1472 in
1791 1416 1951 1471 rebus

389 1520 733 1594 huiusmodi;
781 1537 886 1574 non
934 1521 1073 1573 enim
1108 1518 1339 1573 ludimus
1389 1518 1441 1571 in
1492 1515 1729 1576 ludicris,
1761 1512 1855 1567 sed
1900 1512 1952 1565 in

384 1614 546 1668 rebus
577 1612 890 1680 periculosis
922 1630 934 1664 :
969 1609 1014 1664 si
1063 1618 1240 1663 autem
1270 1623 1391 1664 cum
1423 1621 1611 1662 revera
1660 1605 1733 1659 ita
1779 1614 1831 1657 te
1860 1602 1953 1656 ha-

386 1704 534 1768 beas,
572 1718 675 1755 non
703 1701 976 1756 existimas
1005 1708 1122 1770 post
1164 1699 1279 1753 hmo
1299 1715 1419 1753 esse
1440 1696 1663 1767 aliquid,
1688 1692 1955 1764 quomodo

387 1793 521 1847 dicis
553 1800 605 1847 te
629 1807 747 1847 esse
774 1790 1175 1846 Christianum?
1218 1790 1360 1844 nulla
1384 1789 1527 1844 enim
1555 1803 1585 1841 a
1616 1802 1700 1841 me
1729 1785 1955 1840 habetur

392 1886 528 1939 ratio
554 1894 917 1939 externorum.
950 1882 1057 1937 Cur
1088 1883 1351 1937 lavacrum
1380 1881 1619 1949 accipis?
1648 1894 1744 1933 cur
1785 1878 1957 1933 eccle—

390 1979 524 2031 siam
553 1977 885 2047 ingrcderis?
915 1992 1039 2030 num
1071 1976 1384 2045 pollicemur
1423 1976 1749 2044 principatus
1770 1982 1824 2028 et
1847 1987 1958 2026 ma-

391 2070 681 2137 gistratus?
713 2078 823 2123 tota
870 2083 994 2137 spes
1040 2067 1194 2121 nobis
1237 2077 1320 2120 est
1347 2067 1399 2120 in
1431 2066 1637 2119 futuris.
1672 2064 1805 2131 Quid
1833 2079 1960 2131 ergo

391 2161 621 2223 accedis,
655 2160 700 2215 si
730 2176 833 2213 non
862 2160 1037 2214 credis
1059 2159 1368 2228 Scripturis,
1393 2158 1436 2211 si
1478 2174 1582 2211 non
1616 2156 1787 2210 credis
1807 2154 1963 2209 Chri-

394 2252 517 2305 sto?
542 2250 655 2304 Non
687 2252 912 2305 dixerim
936 2266 1055 2304 eum
1086 2266 1205 2305 esse
1230 2248 1623 2313 Christianum;
1652 2247 1821 2311 absit;
1867 2246 1962 2300 sed

395 2343 478 2397 vel
507 2342 732 2397 ethnicis
770 2344 1112 2397 deteriorem.
1158 2342 1269 2408 Qua
1297 2342 1363 2395 de
1398 2342 1491 2395 re?
1536 2342 1610 2395 Eo
1639 2339 1778 2410 quod
1808 2339 1962 2393 Chrio

394 2442 531 2487 stum
550 2434 861 2487 existimans
882 2450 1002 2488 esse
1028 2434 1213 2496 Deum,
1239 2449 1341 2485 non
1366 2432 1539 2486 credis
1566 2432 1664 2501 ipsi
1698 2443 1965 2501 tamquam

400 2526 527 2579 Deo.
576 2524 707 2578 Nam
765 2524 839 2578 illi
885 2524 1099 2593 quidem
1148 2524 1384 2592 opinioni
1437 2523 1682 2593 adjuncta
1732 2533 1813 2577 est
1862 2523 1964 2576 im-

400 2618 568 2686 pietas
602 2634 614 2670 :
655 2632 774 2672 eum
803 2619 944 2671 enim
973 2617 1063 2685 qui
1085 2614 1353 2671 Christum
1398 2632 1505 2669 non
1544 2616 1815 2670 existimat
1842 2630 1963 2670 esse

400 2709 586 2773 Deum,
614 2723 835 2763 necesse
861 2717 943 2761 est
969 2724 1066 2763 nec
1095 2708 1314 2762 credere
1338 2725 1352 2762 :
1382 2708 1496 2763 haec
1522 2719 1696 2763 autem
1726 2710 1967 2777 impietas

400 2814 467 2854 ne
496 2798 659 2853 habet
689 2798 903 2868 quidem
931 2799 1388 2867 consequentiam,
1434 2799 1597 2853 Deum
1626 2800 1887 2864 confiteri,
1916 2808 1970 2853 et

398 2890 705 2944 existimare
752 2904 873 2944 eum
928 2906 1034 2943 non
1084 2905 1203 2944 esse
1234 2890 1337 2943 fide
1385 2890 1601 2959 dignum
1655 2891 1707 2943 in
1758 2891 1823 2944 iis
1852 2906 1970 2959 qua:

399 2986 555 3039 dixit.
586 2985 872 3039 Ebrietatis
899 2994 1022 3038 sunt
1072 2984 1187 3039 haec
1211 2984 1394 3049 verba,
1426 2982 1737 3039 deliciarum
1766 2994 1819 3038 et
1847 2984 1969 3038 libi-

401 3078 605 3131 dinosa:
634 3078 1058 3146 intemperantia:
1083 3094 1096 3130 :
1128 3076 1459 3131 Comedamus
1489 3087 1535 3130 et
1561 3076 1785 3131 bibamus
1810 3093 1829 3141 ;
1858 3094 1970 3132 cras

402 3170 537 3222 enim
564 3170 808 3221 morimur
833 3169 907 3237 (l.
932 3168 1054 3222 Cor.
1074 3169 1160 3222 15.
1191 3167 1304 3237 52).
1328 3168 1444 3221 Non
1471 3182 1610 3233 cras,
1638 3169 1730 3223 sed
1758 3169 1970 3238 quando

405 3261 520 3313 haec
548 3259 741 3324 dicitis,
768 3259 877 3328 jam
923 3261 1049 3314 estis
1076 3261 1290 3313 mortui.
1318 3258 1459 3312 Nihil
1490 3274 1616 3330 ergo
1660 3260 1970 3315 differemus

403 3368 431 3403 a
461 3352 634 3420 porcis
664 3361 719 3406 et
738 3353 921 3417 asinis,
954 3352 1289 3421 dic,qua:so?
1319 3350 1373 3406 Si
1401 3352 1542 3406 enim
1576 3366 1683 3405 non
1721 3361 1803 3406 est
1827 3353 1971 3422 judi-

405 3444 569 3509 cium,
599 3458 772 3511 neque
798 3458 1005 3496 merces
1036 3458 1096 3497 ac
1122 3443 1503 3507 remuneratio,
1528 3458 1695 3512 neque
1722 3443 1970 3509 tribunal,

407 3547 504 3585 cur
534 3547 719 3587 sumus
747 3534 847 3587 hoc
869 3535 1041 3586 ornati
1066 3533 1227 3598 dono,
1248 3548 1443 3602 nempe
1464 3534 1690 3600 ratione,
1714 3543 1767 3587 et
1796 3536 1973 3588 omnia

405 3622 663 3678 habemus
694 3625 975 3691 subjecta?
1004 3640 1098 3677 cur
1128 3639 1227 3678 nos
1256 3624 1467 3693 quidem
1509 3625 1852 3694 imperamus,
1883 3627 1972 3680 illa

404 3722 582 3767 autem
633 3714 867 3784 parent?
914 3714 1074 3768 Vides
1119 3714 1386 3784 quomodo
1433 3715 1666 3783 undique
1724 3727 1875 3785 urget
1922 3728 1976 3770 et

408 3805 593 3859 incitat
614 3804 880 3871 diabolus,
898 3816 955 3859 ut
977 3807 1130 3861 nobis
1160 3806 1472 3876 persuadeat
1498 3808 1585 3861 Dei
1611 3808 1806 3863 donum
1831 3811 1977 3879 igno-

406 3896 566 3949 rare?
594 3895 793 3950 Servos
824 3898 1010 3950 miscet
1031 3912 1149 3951 eum
1174 3898 1436 3961 dominis;
1467 3900 1602 3952 sicut
1628 3900 1838 3969 quidam
1868 3903 1977 3970 pla-

406 3987 625 4057 giarius,
678 3996 734 4042 et
783 4002 969 4041 servus
1025 3990 1299 4058 ingratus,
1342 3990 1526 4043 nititur
1578 3991 1861 4060 ingenuum
1909 3992 1976 4047 ad

407 4082 651 4136 eamdem
675 4081 941 4137 deducere
961 4084 1216 4137 vilitatem
1245 4095 1298 4139 et
1324 4085 1695 4154 abjectionem,
1728 4087 1795 4141 ad
1820 4104 1977 4157 quam

410 4172 671 4228 deductus
712 4182 795 4227 est
842 4174 888 4228 is
913 4175 1001 4243 qui
1037 4174 1294 4229 oiTendit:
1326 4186 1381 4229 et
1421 4176 1633 4230 videtur
1660 4178 1871 4246 quidem
1912 4178 1980 4233 de

412 4250 599 4318 medio
619 4265 807 4319 tollere
846 4265 1122 4335 judicium,
1160 4267 1295 4319 tollit
1324 4276 1501 4320 autem
1531 4267 1673 4336 quod
1722 4270 1791 4322 sit
1818 4270 1973 4323 Deus.

410 4356 634 4426 Semper
660 4357 804 4411 enim
856 4359 975 4411 talis
1002 4368 1079 4412 est
1107 4357 1384 4422 diabolus;
1437 4359 1711 4413 fraudibtts
1741 4359 1981 4429 dolisque

411 4457 466 4502 et
494 4448 718 4514 insidiis,
744 4464 848 4504 non
873 4449 1071 4503 directe
1102 4451 1563 4519 proponitomnia,
1594 4459 1651 4504 ut
1676 4467 1976 4506 caveamus.

411 4539 467 4594 Si
498 4555 601 4593 non
630 4550 711 4595 est
734 4540 1011 4610 judicium,
1042 4542 1180 4595 Deus
1212 4557 1314 4593 non
1339 4550 1420 4595 est
1442 4542 1654 4611 justus;
1687 4543 1978 4597 secundum

413 4630 682 4684 hominem
700 4631 820 4686 dico
840 4649 853 4686 :
876 4632 922 4685 si
951 4632 1089 4686 Deus
1120 4648 1221 4685 non
1247 4641 1330 4687 est
1353 4633 1548 4701 justus,
1574 4648 1673 4687 nec
1700 4644 1782 4688 est
1806 4634 1977 4688 Deus:

415 4723 460 4777 si
503 4722 641 4777 Deus
683 4738 789 4777 non
828 4732 929 4789 est,
959 4732 1159 4778 temere
1207 4724 1447 4779 feruntur
1494 4726 1702 4787 omnia,
1730 4725 1859 4777 nihil
1898 4735 1980 4779 est

416 4815 606 4880 virtus,
639 4815 767 4868 nihil
808 4816 1013 4869 vitium.
1056 4815 1158 4869 Sed
1202 4816 1331 4869 nihil
1380 4816 1567 4870 horum
1596 4816 1725 4869 dicit
1773 4826 1978 4885 aperte.

420 4905 683 4959 Satanicze
727 4908 1061 4975 cogitationis
1103 4906 1281 4961 vidisti
1322 4910 1578 4973 animum,
1612 4909 1877 4977 quomodo
1914 4925 1981 4963 ex

411 4994 718 5051 hominibus
768 4998 897 5052 velit
944 5012 1040 5052 nos
1086 4998 1236 5051 bruta
1280 4998 1473 5062 facere,
1503 5000 1584 5052 vel
1617 5000 1791 5068 potius
1841 5000 1979 5055 feras

416 5100 479 5141 ac
505 5087 723 5152 bestias,
752 5088 857 5143 imo
885 5103 1012 5142 vero
1038 5088 1348 5143 daemones?
1392 5089 1468 5144 Ne
1494 5105 1619 5158 ergo
1659 5091 1982 5157 persuadea-

419 5193 558 5231 mur.
607 5179 701 5232 Est
743 5179 881 5233 enim
919 5180 1195 5249 judicium,
1237 5196 1269 5234 o
1309 5181 1470 5236 miser
1511 5192 1563 5236 et
1611 5183 1824 5237 infelix!
1861 5183 1981 5238 Scio

418 5270 684 5324 undenam
734 5272 914 5325 venias
944 5271 1011 5325 ad
1056 5270 1171 5325 hare
1200 5271 1469 5326 dicenda:
1516 5287 1545 5325 a
1588 5281 1640 5327 te
1690 5275 1852 5327 multa
1885 5274 1982 5327 ad-

419 5361 580 5415 missa
621 5371 745 5415 sunt
789 5372 1023 5431 peccata,
1050 5362 1339 5427 oifendisti,
1385 5378 1493 5416 non
1522 5374 1604 5416 est
1634 5364 1726 5417 tibi
1772 5365 1981 5420 dicendi

422 5450 641 5505 libertas
664 5461 716 5504 et
744 5452 951 5519 fiducia,
971 5454 1243 5505 existimas
1268 5468 1445 5505 rerum
1470 5464 1710 5506 naturam
1736 5456 1838 5508 tuis
1865 5471 1983 5510 esse

419 5542 597 5596 verbis
635 5554 1066 5613 consequentem.
1115 5543 1349 5608 Interim,
1385 5545 1569 5611 inquit,
1599 5560 1701 5597 non
1730 5547 1981 5599 cruciabo

420 5635 649 5687 animam
696 5636 950 5704 gehennae
978 5636 1415 5705 exspectatione;
1449 5644 1503 5688 et
1545 5636 1588 5687 si
1630 5637 1718 5700 sit,
1752 5638 1798 5689 ei
1840 5638 1980 5705 quod

415 5738 523 5777 non
561 5724 628 5777 sit
651 5728 980 5795 persuadebo
1011 5746 1024 5781 :
1070 5727 1280 5781 interim
1310 5725 1394 5781 hic
1420 5742 1503 5781 me
1532 5726 1724 5781 dedam
1753 5727 1973 5783 deliciis.

415 5814 520 5871 Cur
564 5821 792 5887 peccatis
814 5820 961 5875 addis
992 5822 1242 5891 peccata?
1284 5819 1341 5876 Si
1387 5836 1505 5875 cum
1538 5821 1767 5890 peccatis
1802 5821 1973 5878 credi-

1105 396 1162 452 S.
1192 394 1463 451 JOANNIS
1500 386 1968 448 CllRYSUSTOMl
2005 385 2318 443 ARCHIEP.
2357 387 2883 446 CONSTANTINOP.

3509 400 3613 455 516

2048 498 2191 553 deris
2218 516 2338 555 esse
2367 503 2687 570 gehennam,
2721 505 2891 559 abibis
2934 505 3085 560 luens
3115 522 3325 577 patiam
3373 522 3617 577 peccato-

2050 606 2210 644 rum:
2256 594 2337 646 sin
2379 604 2555 647 autem
2601 595 2700 649 hoc
2726 612 2938 666 quoque
2970 598 3186 667 impium
3234 600 3523 662 addideris,
3565 612 3619 654 et

2050 679 2339 750 impietatis
2366 694 2418 737 et
2446 685 2602 752 hujus
2624 687 2960 755 cogitationis
2987 689 3231 743 ultimum
3262 692 3401 744 feres
3421 694 3620 759 suppli-

2050 772 2189 827 cium
2213 792 2228 837 ;
2264 786 2317 829 et
2346 792 2464 844 qua)
2495 777 2585 830 tibi
2613 778 2788 831 brevis
2826 790 2879 833 et
2907 780 3094 849 frigida
3122 781 3278 835 fuerit
3305 784 3618 846 consolatio,

2051 864 2155 917 erit
2199 864 2288 918 tibi
2338 878 2707 934 argumentum
2742 870 2985 937 perpetui
3026 872 3292 939 supplicii.
3322 873 3467 931 Esto.
3494 889 3619 943 pec-

2052 957 2217 1010 casti:
2243 956 2368 1025 quid
2396 958 2529 1011 alios
2557 973 2768 1027 quoque
2807 960 3038 1014 hortaris
3073 962 3137 1015 ad
3171 965 3512 1031 peccandum,
3536 966 3618 1019 di-

2053 1060 2178 1099 cens
2208 1062 2311 1100 non
2340 1062 2457 1102 esse
2486 1049 2825 1118 gehennam?
2855 1052 2977 1120 quid
3006 1053 3206 1122 decipis
3236 1057 3622 1126 simpliciores?

2055 1154 2151 1192 cur
2195 1140 2372 1208 populi
2425 1156 2613 1195 manus
2653 1142 2903 1196 dissolvis
2947 1155 2999 1197 ct
3051 1148 3310 1200 enervas?
3359 1149 3626 1213 Quantum

2057 1230 2271 1298 quidem
2321 1232 2371 1284 in
2420 1240 2473 1286 te
2513 1243 2614 1291 est,
2649 1235 2825 1287 omnia
2875 1244 3000 1287 sunt
3048 1252 3232 1291 eversa
3268 1255 3280 1289 :
3314 1255 3485 1309 neque
3524 1244 3622 1295 viri

2059 1322 2210 1391 probi
2242 1332 2399 1376 erunt
2426 1325 2698 1390 meliores,
2732 1325 2824 1379 sed
2871 1327 3043 1395 ignavi
3073 1343 3133 1381 ae
3159 1328 3404 1393 desides;
3456 1348 3626 1402 neque

2059 1415 2183 1468 mali
2214 1415 2475 1470 desistent
2500 1432 2529 1470 a
2562 1419 2711 1471 vitio.
2744 1418 2880 1472 Num
2929 1421 2972 1473 si
3022 1421 3159 1475 alios
3202 1438 3633 1494 corrumpamus,

2060 1504 2317 1562 habemus
2348 1508 2555 1561 veniam
2583 1510 2961 1577 peccaturum?
3001 1511 3114 1565 Non
3160 1514 3332 1568 vidisti
3362 1519 3627 1586 quomodo

2060 1596 2304 1651 diabolus
2343 1614 2623 1669 aggressus
2652 1602 2721 1654 sit
2765 1613 3103 1671 prosternere
3129 1616 3183 1659 et
3208 1606 3444 1676 dejicere
3484 1611 3626 1665 Ada-

2063 1690 2247 1742 mum?
2273 1704 2341 1743 an
2370 1691 2421 1745 ei
2448 1691 2567 1744 data
2592 1703 2671 1746 est
2689 1695 2880 1747 venia?
2905 1695 3070 1765 Major
3093 1698 3303 1767 quidem
3330 1712 3474 1756 certe
3504 1702 3628 1758 hinc

2063 1778 2163 1833 fuit
2186 1782 2397 1834 occasio
2420 1784 2683 1851 supplicii.
2717 1783 2783 1839 Ut
2825 1786 2966 1839 enim
3000 1803 3103 1840 non
3136 1804 3232 1858 pro
3276 1792 3471 1845 nostris
3510 1803 3630 1847 tan-

2066 1880 2197 1936 tum,
2221 1871 2313 1925 sed
2346 1872 2503 1926 etiam
2539 1890 2632 1942 pro
2653 1875 2841 1929 alienis
2870 1880 3097 1946 peccatis
3128 1881 3428 1947 puniamur,
3452 1886 3635 1939 omnia

2066 1963 2417 2019 machinatur.
2446 1965 2521 2019 Nc
2550 1982 2676 2036 ergo
2701 1969 3081 2033 existimemus,
3100 1973 3239 2041 quod
3262 1974 3390 2027 alios
3411 1990 3633 2031 conver-

2068 2068 2237 2111 tamus
2281 2059 2349 2113 ad
2398 2059 2643 2113 eumdem
2698 2061 2851 2115 nobis
2899 2074 3137 2131 paratum
3192 2064 3490 2133 interitum,
3536 2084 3637 2122 nos

2067 2151 2219 2204 nobis
2262 2151 2445 2205 mitius
2488 2150 2661 2207 facere
2700 2153 2955 2221 judicium
2992 2172 3005 2207 :
3057 2154 3159 2209 hoc
3213 2156 3384 2225 ipsum
3419 2158 3632 2228 quidem

2068 2252 2214 2297 certe
2236 2242 2393 2297 faciet
2416 2245 2631 2313 gravius
2659 2254 2713 2298 et
2741 2245 3004 2314 asperius.
3037 2246 3173 2313 Quid
3218 2263 3315 2302 nos
3341 2251 3483 2321 ipsos
3509 2266 3632 2319 pro-

2071 2335 2332 2389 trudimus
2361 2345 2414 2389 ct
2461 2336 2777 2405 perdimus?
2827 2338 2938 2401 Hoc
2986 2349 3150 2393 totum
3199 2350 3281 2394 est
3322 2340 3633 2397 satanicum.

2072 2426 2260 2491 llomo,
2290 2429 2561 2496 peccasti?
2591 2428 2885 2497 Benignum
2914 2442 2968 2485 et
2999 2432 3319 2487 clementem
3353 2434 3514 2489 habes
3536 2437 3638 2490 Do-

2072 2519 2299 2583 minum,
2353 2534 2501 2587 roga,
2553 2521 2821 2589 supplica,
2870 2522 3182 2592 lacrymare,
3234 2524 3540 2594 ingemisce,
3586 2538 3641 2581 et

2073 2610 2207 2665 alios
2251 2620 2415 2668 terre.
2448 2622 2501 2665 ct
2551 2622 2673 2680 pete
2719 2629 2785 2666 ne
2818 2613 2869 2666 iu
2900 2614 3084 2667 eadem
3139 2616 3393 2670 incidant.
3427 2617 3479 2672 Si
3522 2620 3640 2687 quis

2073 2717 2259 2757 servus
2300 2719 2483 2757 eorum
2530 2705 2618 2773 qui
2648 2704 2917 2759 dominum
2964 2706 3321 2773 oll'cnderunt,
3348 2709 3488 2763 dicat
3535 2712 3647 2765 tilio

2072 2808 2188 2859 suo,
2238 2795 2358 2859 Fili,
2396 2811 2494 2864 ego
2537 2796 2732 2850 oll‘endi
2763 2798 3033 2851 dominum
3066 2818 3078 2851 :
3114 2810 3166 2853 tu
3215 2801 3277 2853 da
3324 2817 3539 2869 cperant
3588 2814 3644 2857 ut

2074 2886 2123 2940 ei
2168 2886 2401 2956 placeas,
2434 2902 2499 2941 ne
2550 2886 2737 2942 eadem
2788 2890 2882 2941 tibi
2934 2892 3211 2943 accidant:
3244 2907 3344 2945 non
3389 2894 3645 2961 aliquam,

2074 2994 2256 3048 qumso
2283 2990 2354 3042 te,
2378 2990 2693 3049 assequetur
2722 2982 2971 3035 veniam?
3017 2998 3123 3037 non
3152 2982 3359 3053 franget
3388 2994 3442 3038 et
3469 2985 3647 3041 flectet

2076 3069 2387 3124 dominum?
2437 3072 2527 3126 Sin
2576 3083 2751 3127 autem
2810 3072 2891 3127 his
2938 3074 3115 3129 missis
3162 3076 3341 3130 verbis
3369 3077 3508 3131 dicat
3538 3078 3646 3134 fere

2079 3165 2225 3230 talia,
2252 3164 2523 3219 dominum
2550 3180 2655 3218 non
2688 3180 2783 3233 pro
2812 3166 3002 3221 merito
3051 3166 3274 3237 singulis
3319 3168 3649 3225 redditurum

2079 3271 2218 3321 esse,
2250 3256 2428 3309 omnia
2462 3264 2571 3308 tum
2625 3254 2757 3309 bona
2790 3240 2897 3309 tum
2947 3258 3079 3311 mala
3110 3258 3322 3313 misceri
3351 3269 3405 3313 et
3428 3260 3648 3316 confusa

2079 3362 2215 3409 esse,
2250 3347 2554 3415 nullamque
2582 3345 2633 3398 in
2664 3345 2766 3400 hac
2803 3347 2965 3401 domo
3008 3347 3189 3402 haberi
3229 3352 3452 3419 gratiam
3479 3369 3491 3405 :
3524 3353 3648 3421 quid

2080 3441 2352 3495 existimas
2373 3439 2646 3493 dominum
2672 3439 2737 3493 de
2761 3439 2853 3492 illo
2880 3440 3117 3494 sentire?
3148 3456 3324 3495 annon
3353 3443 3437 3497 ille
3466 3459 3650 3513 pecca-

2082 3542 2254 3586 torum
2287 3547 2504 3585 snorum
2535 3532 2768 3600 majores
2811 3532 2958 3586 dabit
2986 3534 3208 3602 paruas?
3255 3535 3443 3590 Merito
3469 3547 3647 3592 certe:

2083 3639 2202 3677 nam
2236 3623 2343 3676 illic
2374 3622 2585 3691 quidem
2623 3624 2898 3677 excusabit
2926 3625 3087 3678 animi
3129 3637 3305 3679 motus
3343 3638 3397 3680 et
3441 3638 3651 3696 pertur-

2083 3715 2247 3778 batio,
2272 3717 2370 3769 etsi
2400 3714 2677 3779 debilitor;
2710 3714 2795 3769 hic
2823 3726 2997 3768 autem
3039 3718 3186 3770 nihil.
3211 3717 3264 3772 Si
3294 3734 3421 3787 ergo
3448 3720 3654 3774 nullum

2082 3809 2277 3871 alium,
2312 3824 2430 3862 eum
2486 3808 2698 3877 quidem
2748 3819 2893 3863 certe
2943 3809 3149 3863 imitare
3196 3809 3411 3865 divitem
3460 3814 3547 3881 qui
3599 3814 3654 3868 in

2082 3899 2323 3967 gehenua
2354 3898 2578 3961 dicebat,
2633 3898 2789 3952 Pater
2833 3900 3105 3965 Abraham,
3138 3902 3275 3953 mille
3300 3901 3550 3956 Lazarum
3586 3906 3654 3957 ad

2083 4002 2320 4060 cognatos
2364 4007 2518 4055 meos,
2549 4008 2609 4043 ne
2648 3991 2849 4044 veniunt
2886 3992 2935 4043 iu
2978 3992 3109 4043 hunc
3155 3992 3319 4044 locum
3351 3993 3498 4063 (Luc.
3532 3996 3650 4064 16);

2083 4084 2329 4151 quoniam
2366 4083 2479 4150 ipse
2507 4082 2655 4136 abire
2681 4097 2786 4135 n0u
2813 4094 3052 4151 poterat;
3086 4098 3151 4135 ne
3176 4084 3225 4135 in
3256 4084 3345 4137 illa
3377 4086 3486 4153 ipsa
3521 4086 3655 4141 inci-

2085 4176 2230 4229 dant.
2263 4175 2639 4228 Abstineatuus
2668 4174 2736 4227 ab
2767 4174 2849 4228 his
2877 4174 3052 4227 verbis
3080 4175 3353 4228 satanicis.

2155 4266 2208 4319 6.
2250 4264 2386 4331 Quid
2432 4280 2581 4333 ergo,
2633 4264 2877 4332 inquies,
2926 4265 3139 4332 quando
3185 4281 3283 4320 nos
3329 4266 3658 4338 interrogant

2085 4357 2259 4413 Graeci
2286 4374 2381 4411 seu
2423 4357 2643 4422 ethnici,
2676 4356 2790 4409 Non
2836 4358 2914 4410 vis
2948 4357 3066 4410 illos
3108 4359 3336 4414 curare?
3389 4360 3491 4415 Sed
3535 4377 3653 4415 cum

2086 4450 2445 4504 Christianum
2495 4449 2744 4516 injeceris
2776 4448 2826 4502 in
2858 4449 3269 4513 dubitationem,
3308 4453 3525 4507 obtentu
3557 4469 3653 4507 cu-

2088 4541 2237 4595 randi
2271 4540 2465 4603 Graeci,
2495 4540 2574 4593 vis
2602 4539 2793 4608 dogma
2825 4540 3147 4595 confirmare
3177 4544 3492 4599 satanicum.
3524 4544 3654 4599 Nam

2087 4632 2336 4700 quoniam
2371 4633 2483 4699 ipse
2512 4645 2576 4684 ex
2610 4631 2727 4683 solo
2760 4632 2982 4700 loquens
3013 4634 3192 4687 animo
3232 4634 3345 4689 haec
3390 4652 3495 4691 non
3538 4652 3657 4707 per-

2088 4724 2316 4785 suades,
2360 4723 2494 4777 alios
2541 4733 2703 4776 testes
2743 4724 2824 4776 vis
2876 4724 3161 4778 adducere.
3212 4726 3268 4781 Si
3312 4737 3486 4781 autem
3534 4744 3657 4783 cum

2088 4815 2275 4870 Grzeco
2301 4825 2512 4883 Oportet
2542 4814 2829 4879 disserere,
2864 4832 2967 4869 non
3023 4816 3148 4872 hinc
3192 4820 3507 4873 sumendum
3551 4822 3654 4874 ini-

2093 4907 2220 4959 tium
2244 4905 2641 4974 disputationis,
2670 4904 2763 4959 sed
2812 4922 2878 4958 an
2908 4905 3150 4961 Christus
3191 4910 3260 4961 sit
3308 4910 3444 4963 Deus
3471 4919 3525 4964 ct
3565 4911 3656 4964 Dei

2090 4996 2287 5061 Filius;
2326 5012 2391 5048 an
2433 4995 2702 5049 dzctnones
2727 4996 2836 5049 sint
2864 4996 2952 5065 qui
2980 5009 3100 5051 sunt
3127 5000 3262 5068 apud
3292 4999 3407 5053 illos
3440 5001 3531 5053 dii.
3564 5000 3656 5054 Sin

2092 5090 2205 5143 haec
2236 5090 2452 5158 probata
2486 5089 2717 5153 fuerint,
2759 5089 2863 5141 alia
2904 5092 3081 5144 omnia
3129 5101 3440 5161 sequuntur.
3475 5093 3656 5147 Prius-

2091 5197 2246 5250 quam
2273 5194 2445 5234 autem
2477 5182 2701 5251 positum
2732 5182 2800 5234 sit
2832 5183 3180 5250 principium,
3220 5201 3407 5237 vanum
3437 5197 3521 5240 est
3546 5186 3655 5239 dis-

2091 5288 2268 5327 serere
2298 5273 2365 5327 de
2394 5273 2495 5328 fine
2521 5292 2533 5327 :
2562 5274 2869 5343 priusquam
2898 5274 3067 5343 prima
3095 5276 3356 5331 elementa
3385 5278 3653 5342 didiceris,

2093 5380 2539 5435 supervacaneum
2582 5374 2636 5420 et
2666 5366 2852 5420 inutile
2890 5377 2971 5421 est
3010 5368 3074 5421 ad
3112 5368 3267 5422 finem
3300 5372 3499 5425 venire.
3542 5372 3659 5425 Non

2092 5458 2258 5511 credit
2286 5458 2500 5512 Graecus
2527 5457 2725 5525 judicio
2746 5499 2760 5519 ,
2809 5470 2862 5512 et
2892 5460 2965 5513 illi
2996 5461 3130 5515 idem
3160 5462 3298 5530 quod
3330 5464 3417 5515 tibi
3447 5465 3656 5521 accidit.

2092 5549 2220 5602 Nam
2254 5550 2365 5617 ipse
2391 5565 2601 5617 quoque
2645 5550 2839 5604 multos
2882 5551 3040 5605 habet
3084 5553 3171 5621 qui
3218 5570 3278 5607 ea
3327 5557 3392 5608 dc
3439 5567 3662 5615 re.sunt

2093 5640 2481 5711 phil050phati;
2514 5644 2723 5696 etiamsi
2758 5644 2859 5697 hoc
2897 5644 3122 5697 dixerint
3151 5645 3216 5698 de
3244 5662 3467 5713 corpore
3504 5665 3660 5717 sepa-

2092 5742 2206 5788 rato
2232 5733 2297 5786 ab
2325 5734 2521 5796 anima,
2555 5735 2649 5788 sed
2684 5747 2856 5787 tamen
2884 5736 3136 5803 judicium
3165 5740 3573 5793 etmstituerunt.
3599 5743 3666 5797 lit.

2093 5841 2178 5882 res
2208 5835 2289 5881 est
2336 5834 2441 5882 tam
2474 5828 2611 5882 clara
2643 5837 2698 5881 ttt
2742 5844 2897 5882 nemo
2928 5827 3040 5882 fere
3087 5827 3185 5882 hoc
3224 5830 3446 5901 ignoret,
3477 5834 3568 5888 sed
3612 5839 3667 5882 et
