  <div class='ocr_page' id='page_1' title='image "/cluster/home/n/w/nwhite01/storage/ocr_20150623/62/nnc1.0046979654/322.png"; bbox 0 0 4120 6400; ppageno 0'>
   <div class='ocr_carea' id='block_1_1' title="bbox 390 372 513 432">
    <p class='ocr_par' dir='ltr' id='par_1_1' title="bbox 390 372 513 432">
     <span class='ocr_line' id='line_1_1' title="bbox 390 372 513 432; baseline 0.024 -3"><span class='ocrx_word' id='word_1_1' title='bbox 390 372 513 432; x_wconf 73' lang='grc'><strong>3⁵15⁷</strong></span> 
     </span>
    </p>
   </div>
   <div class='ocr_carea' id='block_1_2' title="bbox 393 489 1960 575">
    <p class='ocr_par' dir='ltr' id='par_1_2' title="bbox 393 489 1960 575">
     <span class='ocr_line' id='line_1_2' title="bbox 393 489 1960 575; baseline 0.011 -32"><span class='ocrx_word' id='word_1_2' title='bbox 393 489 490 544; x_wconf 73' lang='grc' dir='ltr'>καὶ</span> <span class='ocrx_word' id='word_1_3' title='bbox 520 490 737 545; x_wconf 79' lang='grc' dir='ltr'>ἐλθέτω</span> <span class='ocrx_word' id='word_1_4' title='bbox 759 495 797 562; x_wconf 80' lang='grc' dir='ltr'>ἡ</span> <span class='ocrx_word' id='word_1_5' title='bbox 822 496 1026 564; x_wconf 76' lang='grc' dir='ltr'>βουλῆ</span> <span class='ocrx_word' id='word_1_6' title='bbox 1049 499 1155 553; x_wconf 86' lang='grc' dir='ltr'>τοῦ</span> <span class='ocrx_word' id='word_1_7' title='bbox 1177 502 1350 571; x_wconf 78' lang='grc' dir='ltr'>ἁγίου</span> <span class='ocrx_word' id='word_1_8' title='bbox 1379 503 1648 572; x_wconf 69' lang='grc' dir='ltr'>Ἰσραὴλ,</span> <span class='ocrx_word' id='word_1_9' title='bbox 1684 507 1785 559; x_wconf 75' lang='grc' dir='ltr'>ἵνα</span> <span class='ocrx_word' id='word_1_10' title='bbox 1813 506 1960 575; x_wconf 79' lang='grc' dir='ltr'>γνῶ-</span> 
     </span>
    </p>
   </div>
   <div class='ocr_carea' id='block_1_3' title="bbox 385 580 1963 664">
    <p class='ocr_par' dir='ltr' id='par_1_3' title="bbox 385 580 1963 664">
     <span class='ocr_line' id='line_1_3' title="bbox 385 580 1963 664; baseline 0.012 -35"><span class='ocrx_word' id='word_1_11' title='bbox 385 594 519 646; x_wconf 75' lang='grc' dir='ltr'>μεν.</span> <span class='ocrx_word' id='word_1_12' title='bbox 555 581 644 649; x_wconf 84' lang='grc' dir='ltr'>Μὴ</span> <span class='ocrx_word' id='word_1_13' title='bbox 675 580 1046 654; x_wconf 75' lang='grc' dir='ltr'>θαυμάζωμεν</span> <span class='ocrx_word' id='word_1_14' title='bbox 1066 588 1242 641; x_wconf 86' lang='grc' dir='ltr'>τοῦτο.</span> <span class='ocrx_word' id='word_1_15' title='bbox 1284 591 1419 644; x_wconf 74' lang='grc' dir='ltr'><strong>Οὐδὲ</strong></span> <span class='ocrx_word' id='word_1_16' title='bbox 1467 592 1575 662; x_wconf 78' lang='grc' dir='ltr'>γὰρ</span> <span class='ocrx_word' id='word_1_17' title='bbox 1627 595 1675 646; x_wconf 87' lang='grc' dir='ltr'>οί</span> <span class='ocrx_word' id='word_1_18' title='bbox 1723 595 1817 646; x_wconf 75' lang='grc' dir='ltr'>ἐπὶ</span> <span class='ocrx_word' id='word_1_19' title='bbox 1863 595 1963 664; x_wconf 88' lang='grc' dir='ltr'>τῆς</span> 
     </span>
    </p>
   </div>
   <div class='ocr_carea' id='block_1_4' title="bbox 392 665 1963 750">
    <p class='ocr_par' dir='ltr' id='par_1_4' title="bbox 392 665 1963 750">
     <span class='ocr_line' id='line_1_4' title="bbox 392 665 1963 750; baseline 0.011 -34"><span class='ocrx_word' id='word_1_20' title='bbox 392 665 624 718; x_wconf 87' lang='grc' dir='ltr'>κιϐωτοῦ</span> <span class='ocrx_word' id='word_1_21' title='bbox 655 669 961 734; x_wconf 83' lang='grc' dir='ltr'>ἐπίστευον,</span> <span class='ocrx_word' id='word_1_22' title='bbox 988 673 1102 726; x_wconf 85' lang='grc' dir='ltr'>ἀλλ’</span> <span class='ocrx_word' id='word_1_23' title='bbox 1129 676 1458 731; x_wconf 84' lang='grc' dir='ltr'>ἐπίστευσαν</span> <span class='ocrx_word' id='word_1_24' title='bbox 1487 681 1575 731; x_wconf 84' lang='grc' dir='ltr'>ὅτε</span> <span class='ocrx_word' id='word_1_25' title='bbox 1599 681 1696 750; x_wconf 86' lang='grc' dir='ltr'>τῆς</span> <span class='ocrx_word' id='word_1_26' title='bbox 1725 683 1963 745; x_wconf 82' lang='grc' dir='ltr'>πίστεως</span> 
     </span>
    </p>
   </div>
   <div class='ocr_carea' id='block_1_5' title="bbox 391 749 1955 837">
    <p class='ocr_par' dir='ltr' id='par_1_5' title="bbox 391 749 1955 837">
     <span class='ocr_line' id='line_1_5' title="bbox 391 749 1955 837; baseline 0.011 -33"><span class='ocrx_word' id='word_1_27' title='bbox 391 752 580 823; x_wconf 83' lang='grc' dir='ltr'>κέρδος</span> <span class='ocrx_word' id='word_1_28' title='bbox 611 749 678 824; x_wconf 83' lang='grc' dir='ltr'>ἦν</span> <span class='ocrx_word' id='word_1_29' title='bbox 717 757 898 810; x_wconf 74' lang='grc' dir='ltr'>οὐδὲνο</span> <span class='ocrx_word' id='word_1_30' title='bbox 933 760 1051 813; x_wconf 76' lang='grc' dir='ltr'>οὖδέ</span> <span class='ocrx_word' id='word_1_31' title='bbox 1073 762 1122 813; x_wconf 89' lang='grc' dir='ltr'>οί</span> <span class='ocrx_word' id='word_1_32' title='bbox 1154 763 1213 815; x_wconf 87' lang='grc' dir='ltr'>ἐν</span> <span class='ocrx_word' id='word_1_33' title='bbox 1242 765 1494 834; x_wconf 75' lang='grc' dir='ltr'>Σοδόμοις</span> <span class='ocrx_word' id='word_1_34' title='bbox 1526 749 1955 837; x_wconf 86' lang='grc' dir='ltr'>προσεδόκησαν,</span> 
     </span>
    </p>
   </div>
   <div class='ocr_carea' id='block_1_6' title="bbox 389 838 2015 916">
    <p class='ocr_par' dir='ltr' id='par_1_6' title="bbox 389 838 2015 916">
     <span class='ocr_line' id='line_1_6' title="bbox 389 838 2015 916; baseline 0.011 -26"><span class='ocrx_word' id='word_1_35' title='bbox 389 838 506 890; x_wconf 81' lang='grc' dir='ltr'>ἀλλ’</span> <span class='ocrx_word' id='word_1_36' title='bbox 541 841 868 898; x_wconf 85' lang='grc' dir='ltr'>ἐπίστευσαν</span> <span class='ocrx_word' id='word_1_37' title='bbox 900 848 993 898; x_wconf 70' lang='grc' dir='ltr'>καὶ</span> <span class='ocrx_word' id='word_1_38' title='bbox 1045 849 1221 914; x_wconf 77' lang='grc' dir='ltr'>αὐτοὶ,</span> <span class='ocrx_word' id='word_1_39' title='bbox 1265 850 1352 903; x_wconf 84' lang='grc' dir='ltr'>ὅτε</span> <span class='ocrx_word' id='word_1_40' title='bbox 1403 851 1552 905; x_wconf 80' lang='grc' dir='ltr'>οὐδὲν</span> <span class='ocrx_word' id='word_1_41' title='bbox 1588 853 1749 906; x_wconf 84' lang='grc' dir='ltr'>πλέον</span> <span class='ocrx_word' id='word_1_42' title='bbox 1778 856 1962 916; x_wconf 84' lang='grc' dir='ltr'>αὐτοῖς</span> <span class='ocrx_word' id='word_1_43' title='bbox 1994 849 2015 856; x_wconf 74' lang='grc'><em>”</em></span> 
     </span>
    </p>
   </div>
   <div class='ocr_carea' id='block_1_7' title="bbox 389 927 1960 1007">
    <p class='ocr_par' dir='ltr' id='par_1_7' title="bbox 389 927 1960 1007">
     <span class='ocr_line' id='line_1_7' title="bbox 389 927 1960 1007; baseline 0.011 -29"><span class='ocrx_word' id='word_1_44' title='bbox 389 927 600 994; x_wconf 87' lang='grc' dir='ltr'>γέγονε.</span> <span class='ocrx_word' id='word_1_45' title='bbox 654 931 764 984; x_wconf 69' lang='grc' dir='ltr'>Καὶ</span> <span class='ocrx_word' id='word_1_46' title='bbox 803 933 856 985; x_wconf 86' lang='grc' dir='ltr'>τί</span> <span class='ocrx_word' id='word_1_47' title='bbox 909 932 1053 1002; x_wconf 83' lang='grc' dir='ltr'>λέγω</span> <span class='ocrx_word' id='word_1_48' title='bbox 1075 935 1162 988; x_wconf 72' lang='grc' dir='ltr'>τά·</span> <span class='ocrx_word' id='word_1_49' title='bbox 1207 937 1506 1007; x_wconf 73' lang='grc' dir='ltr'>μέλλοντας</span> <span class='ocrx_word' id='word_1_50' title='bbox 1556 941 1641 1003; x_wconf 89' lang='grc' dir='ltr'>τίς</span> <span class='ocrx_word' id='word_1_51' title='bbox 1686 939 1752 993; x_wconf 80' lang='grc' dir='ltr'>ἂν</span> <span class='ocrx_word' id='word_1_52' title='bbox 1785 941 1960 994; x_wconf 83' lang='grc' dir='ltr'>ταῦτα</span> 
     </span>
    </p>
   </div>
   <div class='ocr_carea' id='block_1_8' title="bbox 390 1015 1959 1098">
    <p class='ocr_par' dir='ltr' id='par_1_8' title="bbox 390 1015 1959 1098">
     <span class='ocr_line' id='line_1_8' title="bbox 390 1015 1959 1098; baseline 0.011 -33"><span class='ocrx_word' id='word_1_53' title='bbox 390 1015 759 1086; x_wconf 79' lang='grc' dir='ltr'>προσεδόκησε</span> <span class='ocrx_word' id='word_1_54' title='bbox 816 1019 883 1073; x_wconf 83' lang='grc' dir='ltr'>τὰ</span> <span class='ocrx_word' id='word_1_55' title='bbox 936 1020 1034 1074; x_wconf 85' lang='grc' dir='ltr'>νῦν</span> <span class='ocrx_word' id='word_1_56' title='bbox 1077 1024 1337 1094; x_wconf 89' lang='grc' dir='ltr'>γινόμενα</span> <span class='ocrx_word' id='word_1_57' title='bbox 1383 1026 1523 1080; x_wconf 86' lang='grc' dir='ltr'>κατά</span> <span class='ocrx_word' id='word_1_58' title='bbox 1564 1027 1850 1098; x_wconf 79' lang='grc' dir='ltr'>διαφόρους</span> <span class='ocrx_word' id='word_1_59' title='bbox 1871 1028 1959 1082; x_wconf 86' lang='grc' dir='ltr'>τό·</span> 
     </span>
    </p>
   </div>
   <div class='ocr_carea' id='block_1_9' title="bbox 388 1106 1954 1186">
    <p class='ocr_par' dir='ltr' id='par_1_9' title="bbox 388 1106 1954 1186">
     <span class='ocr_line' id='line_1_9' title="bbox 388 1106 1954 1186; baseline 0.011 -33"><span class='ocrx_word' id='word_1_60' title='bbox 388 1116 545 1168; x_wconf 83' lang='grc' dir='ltr'>πους,</span> <span class='ocrx_word' id='word_1_61' title='bbox 575 1106 701 1167; x_wconf 80' lang='grc' dir='ltr'>τοὺς</span> <span class='ocrx_word' id='word_1_62' title='bbox 750 1109 1027 1176; x_wconf 73' lang='grc' dir='ltr'>σεισμοὺς,</span> <span class='ocrx_word' id='word_1_63' title='bbox 1063 1109 1173 1162; x_wconf 81' lang='grc' dir='ltr'>τῶν</span> <span class='ocrx_word' id='word_1_64' title='bbox 1216 1111 1424 1165; x_wconf 84' lang='grc' dir='ltr'>πόλεων</span> <span class='ocrx_word' id='word_1_65' title='bbox 1458 1113 1558 1177; x_wconf 74' lang='grc' dir='ltr'>τὰς</span> <span class='ocrx_word' id='word_1_66' title='bbox 1606 1115 1954 1186; x_wconf 76' lang='grc' dir='ltr'>ἀναιρέσειςς</span> 
     </span>
    </p>
   </div>
   <div class='ocr_carea' id='block_1_10' title="bbox 389 1191 1957 1272">
    <p class='ocr_par' dir='ltr' id='par_1_10' title="bbox 389 1191 1957 1272">
     <span class='ocr_line' id='line_1_10' title="bbox 389 1191 1957 1272; baseline 0.01 -31"><span class='ocrx_word' id='word_1_67' title='bbox 389 1191 582 1244; x_wconf 78' lang='grc' dir='ltr'>Καίτοι</span> <span class='ocrx_word' id='word_1_68' title='bbox 627 1195 895 1261; x_wconf 74' lang='grc' dir='ltr'>γε-ταῦτα</span> <span class='ocrx_word' id='word_1_69' title='bbox 945 1197 1168 1252; x_wconf 82' lang='grc' dir='ltr'>ἐκείνων</span> <span class='ocrx_word' id='word_1_70' title='bbox 1214 1201 1533 1272; x_wconf 88' lang='grc' dir='ltr'>πιστότερα,</span> <span class='ocrx_word' id='word_1_71' title='bbox 1572 1203 1670 1270; x_wconf 86' lang='grc' dir='ltr'>τῆς</span> <span class='ocrx_word' id='word_1_72' title='bbox 1721 1204 1957 1258; x_wconf 86' lang='grc' dir='ltr'>κιϐωτοῦ</span> 
     </span>
    </p>
   </div>
   <div class='ocr_carea' id='block_1_11' title="bbox 388 1276 1957 1362">
    <p class='ocr_par' dir='ltr' id='par_1_11' title="bbox 388 1276 1957 1362">
     <span class='ocr_line' id='line_1_11' title="bbox 388 1276 1957 1362; baseline 0.011 -34"><span class='ocrx_word' id='word_1_73' title='bbox 388 1276 554 1344; x_wconf 83' lang='grc' dir='ltr'>λέγω.</span> <span class='ocrx_word' id='word_1_74' title='bbox 592 1280 762 1332; x_wconf 86' lang='grc' dir='ltr'>Πόθεν</span> <span class='ocrx_word' id='word_1_75' title='bbox 808 1282 1005 1353; x_wconf 85' lang='grc' dir='ltr'>δῆλον;</span> <span class='ocrx_word' id='word_1_76' title='bbox 1051 1286 1174 1339; x_wconf 82' lang='grc' dir='ltr'>Ὀτι</span> <span class='ocrx_word' id='word_1_77' title='bbox 1211 1288 1404 1340; x_wconf 85' lang='grc' dir='ltr'>ἐκεῖνοι</span> <span class='ocrx_word' id='word_1_78' title='bbox 1441 1290 1540 1358; x_wconf 85' lang='grc' dir='ltr'>μὲν</span> <span class='ocrx_word' id='word_1_79' title='bbox 1569 1290 1670 1344; x_wconf 90' lang='grc' dir='ltr'>ούκ</span> <span class='ocrx_word' id='word_1_80' title='bbox 1711 1288 1854 1362; x_wconf 78' lang='grc' dir='ltr'>εἶχον</span> <span class='ocrx_word' id='word_1_81' title='bbox 1877 1293 1957 1356; x_wconf 80' lang='grc' dir='ltr'>εἰς</span> 
     </span>
    </p>
   </div>
   <div class='ocr_carea' id='block_1_12' title="bbox 388 1365 1952 1448">
    <p class='ocr_par' dir='ltr' id='par_1_12' title="bbox 388 1365 1952 1448">
     <span class='ocr_line' id='line_1_12' title="bbox 388 1365 1952 1448; baseline 0.009 -30"><span class='ocrx_word' id='word_1_82' title='bbox 388 1365 516 1418; x_wconf 77' lang='grc' dir='ltr'>ἄλλο</span> <span class='ocrx_word' id='word_1_83' title='bbox 548 1368 900 1442; x_wconf 82' lang='grc' dir='ltr'>παράδειγμα</span> <span class='ocrx_word' id='word_1_84' title='bbox 942 1372 1088 1436; x_wconf 89' lang='grc' dir='ltr'>ίδεῖν,</span> <span class='ocrx_word' id='word_1_85' title='bbox 1141 1374 1259 1427; x_wconf 77' lang='grc' dir='ltr'>οὐδὲ</span> <span class='ocrx_word' id='word_1_86' title='bbox 1282 1375 1392 1428; x_wconf 86' lang='grc' dir='ltr'>τῶν</span> <span class='ocrx_word' id='word_1_87' title='bbox 1421 1377 1650 1448; x_wconf 81' lang='grc' dir='ltr'>Γραφῶν</span> <span class='ocrx_word' id='word_1_88' title='bbox 1679 1379 1918 1448; x_wconf 71' lang='grc' dir='ltr'>ἥκουσαν</span> <span class='ocrx_word' id='word_1_89' title='bbox 1938 1395 1952 1408; x_wconf 91' lang='grc'><strong>·</strong></span> 
     </span>
    </p>
   </div>
   <div class='ocr_carea' id='block_1_13' title="bbox 387 1453 1954 1529">
    <p class='ocr_par' dir='ltr' id='par_1_13' title="bbox 387 1453 1954 1529">
     <span class='ocr_line' id='line_1_13' title="bbox 387 1453 1954 1529; baseline 0.009 -25"><span class='ocrx_word' id='word_1_90' title='bbox 387 1453 621 1508; x_wconf 85' lang='grc' dir='ltr'>ἐνταῦθα</span> <span class='ocrx_word' id='word_1_91' title='bbox 655 1455 710 1508; x_wconf 82' lang='grc' dir='ltr'>δέ</span> <span class='ocrx_word' id='word_1_92' title='bbox 743 1458 916 1529; x_wconf 88' lang='grc' dir='ltr'>μυρία</span> <span class='ocrx_word' id='word_1_93' title='bbox 937 1460 1036 1512; x_wconf 79' lang='grc' dir='ltr'>ὅσα</span> <span class='ocrx_word' id='word_1_94' title='bbox 1066 1460 1278 1529; x_wconf 89' lang='grc' dir='ltr'>γέγονε,</span> <span class='ocrx_word' id='word_1_95' title='bbox 1313 1464 1407 1517; x_wconf 74' lang='grc' dir='ltr'>καὶ</span> <span class='ocrx_word' id='word_1_96' title='bbox 1433 1463 1655 1517; x_wconf 77' lang='grc' dir='ltr'>ἐπὶτῶν</span> <span class='ocrx_word' id='word_1_97' title='bbox 1690 1465 1824 1517; x_wconf 86' lang='grc' dir='ltr'>ἐτῶν</span> <span class='ocrx_word' id='word_1_98' title='bbox 1847 1466 1954 1518; x_wconf 86' lang='grc' dir='ltr'>τῶν</span> 
     </span>
    </p>
   </div>
   <div class='ocr_carea' id='block_1_14' title="bbox 388 1541 1954 1623">
    <p class='ocr_par' dir='ltr' id='par_1_14' title="bbox 388 1541 1954 1623">
     <span class='ocr_line' id='line_1_14' title="bbox 388 1541 1954 1623; baseline 0.01 -32"><span class='ocrx_word' id='word_1_99' title='bbox 388 1541 696 1613; x_wconf 74' lang='grc' dir='ltr'>ἡμετέρων,</span> <span class='ocrx_word' id='word_1_100' title='bbox 745 1545 836 1597; x_wconf 87' lang='grc' dir='ltr'>καὶ</span> <span class='ocrx_word' id='word_1_101' title='bbox 878 1546 1107 1600; x_wconf 72' lang='grc' dir='ltr'>ἐπὶτῶν</span> <span class='ocrx_word' id='word_1_102' title='bbox 1152 1549 1453 1622; x_wconf 84' lang='grc' dir='ltr'>προτέρων.</span> <span class='ocrx_word' id='word_1_103' title='bbox 1499 1551 1662 1604; x_wconf 75' lang='grc' dir='ltr'>Ἀλλὰ</span> <span class='ocrx_word' id='word_1_104' title='bbox 1711 1552 1876 1605; x_wconf 83' lang='grc' dir='ltr'>πόθεν</span> <span class='ocrx_word' id='word_1_105' title='bbox 1920 1553 1954 1623; x_wconf 82' lang='grc' dir='ltr'><strong>ἡ</strong></span> 
     </span>
    </p>
   </div>
   <div class='ocr_carea' id='block_1_15' title="bbox 387 1631 1957 1710">
    <p class='ocr_par' dir='ltr' id='par_1_15' title="bbox 387 1631 1957 1710">
     <span class='ocr_line' id='line_1_15' title="bbox 387 1631 1957 1710; baseline 0.009 -30"><span class='ocrx_word' id='word_1_106' title='bbox 387 1631 614 1684; x_wconf 81' lang='grc' dir='ltr'>ἀπιστία</span> <span class='ocrx_word' id='word_1_107' title='bbox 642 1631 749 1684; x_wconf 86' lang='grc' dir='ltr'>τῶν</span> <span class='ocrx_word' id='word_1_108' title='bbox 778 1633 1031 1688; x_wconf 73' lang='grc' dir='ltr'>τοιούτων</span> <span class='ocrx_word' id='word_1_109' title='bbox 1051 1652 1080 1700; x_wconf 88' lang='grc'>;..</span> <span class='ocrx_word' id='word_1_110' title='bbox 1101 1637 1236 1689; x_wconf 85' lang='grc' dir='ltr'>Ἀπὸ</span> <span class='ocrx_word' id='word_1_111' title='bbox 1266 1638 1514 1708; x_wconf 82' lang='grc' dir='ltr'>μαλακῆς</span> <span class='ocrx_word' id='word_1_112' title='bbox 1535 1640 1712 1710; x_wconf 74' lang='grc' dir='ltr'>ψυχῆς</span> <span class='ocrx_word' id='word_1_113' title='bbox 1731 1658 1744 1670; x_wconf 91' lang='grc'><strong>·</strong></span> <span class='ocrx_word' id='word_1_114' title='bbox 1774 1639 1957 1694; x_wconf 72' lang='grc' dir='ltr'>ἔπινον</span> 
     </span>
    </p>
   </div>
   <div class='ocr_carea' id='block_1_16' title="bbox 386 1715 1956 1797">
    <p class='ocr_par' dir='ltr' id='par_1_16' title="bbox 386 1715 1956 1797">
     <span class='ocr_line' id='line_1_16' title="bbox 386 1715 1956 1797; baseline 0.011 -33"><span class='ocrx_word' id='word_1_115' title='bbox 386 1715 481 1766; x_wconf 74' lang='grc' dir='ltr'>καὶ</span> <span class='ocrx_word' id='word_1_116' title='bbox 511 1715 716 1785; x_wconf 80' lang='grc' dir='ltr'>ἤσθιον,</span> <span class='ocrx_word' id='word_1_117' title='bbox 747 1719 838 1771; x_wconf 78' lang='grc' dir='ltr'>καὶ</span> <span class='ocrx_word' id='word_1_118' title='bbox 861 1720 949 1773; x_wconf 78' lang='grc' dir='ltr'>διὰ</span> <span class='ocrx_word' id='word_1_119' title='bbox 979 1721 1138 1774; x_wconf 87' lang='grc' dir='ltr'>τοῦτο</span> <span class='ocrx_word' id='word_1_120' title='bbox 1162 1725 1261 1776; x_wconf 82' lang='grc' dir='ltr'>οὐκ</span> <span class='ocrx_word' id='word_1_121' title='bbox 1278 1725 1577 1779; x_wconf 85' lang='grc' dir='ltr'>ἐπίστευον.</span> <span class='ocrx_word' id='word_1_122' title='bbox 1608 1728 1673 1778; x_wconf 84' lang='lat' dir='ltr'>&quot;A</span> <span class='ocrx_word' id='word_1_123' title='bbox 1700 1727 1806 1797; x_wconf 75' lang='grc' dir='ltr'>γάρ</span> <span class='ocrx_word' id='word_1_124' title='bbox 1833 1727 1956 1797; x_wconf 83' lang='grc' dir='ltr'>βού-</span> 
     </span>
    </p>
   </div>
   <div class='ocr_carea' id='block_1_17' title="bbox 384 1799 1944 1885">
    <p class='ocr_par' dir='ltr' id='par_1_17' title="bbox 384 1799 1944 1885">
     <span class='ocr_line' id='line_1_17' title="bbox 384 1799 1944 1885; baseline 0.011 -33"><span class='ocrx_word' id='word_1_125' title='bbox 384 1799 534 1854; x_wconf 80' lang='grc' dir='ltr'>λεταί</span> <span class='ocrx_word' id='word_1_126' title='bbox 561 1821 664 1869; x_wconf 89' lang='grc' dir='ltr'>τις,</span> <span class='ocrx_word' id='word_1_127' title='bbox 688 1804 857 1858; x_wconf 89' lang='grc' dir='ltr'>ταῦτα</span> <span class='ocrx_word' id='word_1_128' title='bbox 883 1808 976 1860; x_wconf 78' lang='grc' dir='ltr'>καὶ</span> <span class='ocrx_word' id='word_1_129' title='bbox 1006 1809 1197 1876; x_wconf 80' lang='grc' dir='ltr'>οἴεται,</span> <span class='ocrx_word' id='word_1_130' title='bbox 1228 1811 1400 1866; x_wconf 90' lang='grc' dir='ltr'>ταῦτα</span> <span class='ocrx_word' id='word_1_131' title='bbox 1430 1814 1524 1866; x_wconf 72' lang='grc' dir='ltr'>καὶ</span> <span class='ocrx_word' id='word_1_132' title='bbox 1554 1814 1858 1885; x_wconf 74' lang='grc' dir='ltr'>προσδοκᾷσ</span> <span class='ocrx_word' id='word_1_133' title='bbox 1896 1817 1944 1869; x_wconf 84' lang='grc' dir='ltr'>οί</span> 
     </span>
    </p>
   </div>
   <div class='ocr_carea' id='block_1_18' title="bbox 391 1890 1139 1966">
    <p class='ocr_par' dir='ltr' id='par_1_18' title="bbox 391 1890 1139 1966">
     <span class='ocr_line' id='line_1_18' title="bbox 391 1890 1139 1966; baseline 0.009 -23"><span class='ocrx_word' id='word_1_134' title='bbox 391 1890 764 1959; x_wconf 85' lang='grc' dir='ltr'>ἀντιλέγοντες</span> <span class='ocrx_word' id='word_1_135' title='bbox 791 1894 956 1966; x_wconf 86' lang='grc' dir='ltr'>λῆρός</span> <span class='ocrx_word' id='word_1_136' title='bbox 983 1899 1139 1951; x_wconf 76' lang='grc' dir='ltr'>εἰσιν.</span> 
     </span>
    </p>
   </div>
   <div class='ocr_carea' id='block_1_19' title="bbox 473 1981 1956 2062">
    <p class='ocr_par' dir='ltr' id='par_1_19' title="bbox 473 1981 1956 2062">
     <span class='ocr_line' id='line_1_19' title="bbox 473 1981 1956 2062; baseline 0.008 -28"><span class='ocrx_word' id='word_1_137' title='bbox 473 1981 534 2034; x_wconf 84' lang='grc' dir='ltr'>ε’.</span> <span class='ocrx_word' id='word_1_138' title='bbox 586 1981 741 2037; x_wconf 86' lang='grc' dir='ltr'>Ἀλλά</span> <span class='ocrx_word' id='word_1_139' title='bbox 778 1984 860 2055; x_wconf 60' lang='grc' dir='ltr'>μὴ</span> <span class='ocrx_word' id='word_1_140' title='bbox 895 1985 1150 2057; x_wconf 81' lang='grc' dir='ltr'>πάθωμεν</span> <span class='ocrx_word' id='word_1_141' title='bbox 1191 1991 1418 2043; x_wconf 65' lang='grc' dir='ltr'>ταύτόνα</span> <span class='ocrx_word' id='word_1_142' title='bbox 1447 1991 1508 2044; x_wconf 83' lang='grc' dir='ltr'>ού</span> <span class='ocrx_word' id='word_1_143' title='bbox 1537 1991 1644 2062; x_wconf 76' lang='grc' dir='ltr'>γάρ</span> <span class='ocrx_word' id='word_1_144' title='bbox 1691 1992 1956 2045; x_wconf 88' lang='grc' dir='ltr'>κατακλυ-</span> 
     </span>
    </p>
   </div>
   <div class='ocr_carea' id='block_1_20' title="bbox 387 2067 1953 2150">
    <p class='ocr_par' dir='ltr' id='par_1_20' title="bbox 387 2067 1953 2150">
     <span class='ocr_line' id='line_1_20' title="bbox 387 2067 1953 2150; baseline 0.008 -31"><span class='ocrx_word' id='word_1_145' title='bbox 387 2067 522 2136; x_wconf 92' lang='grc' dir='ltr'>σμὸς</span> <span class='ocrx_word' id='word_1_146' title='bbox 542 2067 691 2122; x_wconf 78' lang='grc' dir='ltr'>ἔσται</span> <span class='ocrx_word' id='word_1_147' title='bbox 714 2069 916 2135; x_wconf 89' lang='grc' dir='ltr'>λοιπὸν,</span> <span class='ocrx_word' id='word_1_148' title='bbox 933 2072 1053 2125; x_wconf 82' lang='grc' dir='ltr'>οὑδέ</span> <span class='ocrx_word' id='word_1_149' title='bbox 1075 2075 1234 2146; x_wconf 69' lang='grc' dir='ltr'>μέχρι</span> <span class='ocrx_word' id='word_1_150' title='bbox 1250 2077 1504 2148; x_wconf 80' lang='grc' dir='ltr'>τελευτῆς</span> <span class='ocrx_word' id='word_1_151' title='bbox 1524 2081 1556 2150; x_wconf 80' lang='grc' dir='ltr'>ἡ</span> <span class='ocrx_word' id='word_1_152' title='bbox 1580 2080 1818 2146; x_wconf 84' lang='grc' dir='ltr'>κόλασις,</span> <span class='ocrx_word' id='word_1_153' title='bbox 1839 2078 1953 2134; x_wconf 81' lang='grc' dir='ltr'>ἀλλ’</span> 
     </span>
    </p>
   </div>
   <div class='ocr_carea' id='block_1_21' title="bbox 383 2154 1953 2239">
    <p class='ocr_par' dir='ltr' id='par_1_21' title="bbox 383 2154 1953 2239">
     <span class='ocr_line' id='line_1_21' title="bbox 383 2154 1953 2239; baseline 0.01 -34"><span class='ocrx_word' id='word_1_154' title='bbox 383 2154 538 2225; x_wconf 85' lang='grc' dir='ltr'>ἀρχὴ.</span> <span class='ocrx_word' id='word_1_155' title='bbox 560 2156 843 2227; x_wconf 83' lang='grc' dir='ltr'>τιμωριῶν</span> <span class='ocrx_word' id='word_1_156' title='bbox 863 2161 889 2211; x_wconf 92' lang='grc' dir='ltr'>ὁ</span> <span class='ocrx_word' id='word_1_157' title='bbox 913 2158 1140 2224; x_wconf 89' lang='grc' dir='ltr'>θάνατος</span> <span class='ocrx_word' id='word_1_158' title='bbox 1168 2165 1541 2221; x_wconf 81' lang='grc' dir='ltr'>ἀπιστούντων</span> <span class='ocrx_word' id='word_1_159' title='bbox 1568 2167 1648 2220; x_wconf 85' lang='grc' dir='ltr'>ὅτι</span> <span class='ocrx_word' id='word_1_160' title='bbox 1689 2169 1805 2220; x_wconf 71' lang='grc' dir='ltr'>ἐστὶ</span> <span class='ocrx_word' id='word_1_161' title='bbox 1831 2168 1953 2239; x_wconf 79' lang='grc' dir='ltr'>κρί-</span> 
     </span>
    </p>
   </div>
   <div class='ocr_carea' id='block_1_22' title="bbox 385 2246 1955 2325">
    <p class='ocr_par' dir='ltr' id='par_1_22' title="bbox 385 2246 1955 2325">
     <span class='ocr_line' id='line_1_22' title="bbox 385 2246 1955 2325; baseline 0.008 -29"><span class='ocrx_word' id='word_1_162' title='bbox 385 2261 489 2306; x_wconf 82' lang='grc' dir='ltr'>σις.</span> <span class='ocrx_word' id='word_1_163' title='bbox 544 2246 654 2298; x_wconf 71' lang='grc' dir='ltr'>Καὶ</span> <span class='ocrx_word' id='word_1_164' title='bbox 684 2247 770 2310; x_wconf 88' lang='grc' dir='ltr'>τίς</span> <span class='ocrx_word' id='word_1_165' title='bbox 820 2249 1031 2302; x_wconf 87' lang='grc' dir='ltr'>ἐκεῖθεν</span> <span class='ocrx_word' id='word_1_166' title='bbox 1058 2246 1212 2320; x_wconf 84' lang='grc' dir='ltr'>ἦλθε,</span> <span class='ocrx_word' id='word_1_167' title='bbox 1261 2255 1412 2323; x_wconf 69' lang='grc' dir='ltr'>φησὶ,</span> <span class='ocrx_word' id='word_1_168' title='bbox 1444 2257 1536 2308; x_wconf 74' lang='grc' dir='ltr'>καὶ</span> <span class='ocrx_word' id='word_1_169' title='bbox 1564 2256 1736 2308; x_wconf 88' lang='grc' dir='ltr'>ταῦτα</span> <span class='ocrx_word' id='word_1_170' title='bbox 1763 2256 1955 2325; x_wconf 85' lang='grc' dir='ltr'>ἐφθέγ-</span> 
     </span>
    </p>
   </div>
   <div class='ocr_carea' id='block_1_23' title="bbox 385 2327 1949 2408">
    <p class='ocr_par' dir='ltr' id='par_1_23' title="bbox 385 2327 1949 2408">
     <span class='ocr_line' id='line_1_23' title="bbox 385 2327 1949 2408; baseline 0.009 -26"><span class='ocrx_word' id='word_1_171' title='bbox 385 2327 547 2395; x_wconf 84' lang='grc' dir='ltr'>ξατο;</span> <span class='ocrx_word' id='word_1_172' title='bbox 585 2333 647 2384; x_wconf 85' lang='grc' dir='ltr'><strong>Εἰ</strong></span> <span class='ocrx_word' id='word_1_173' title='bbox 673 2333 771 2402; x_wconf 79' lang='grc' dir='ltr'>μὲν</span> <span class='ocrx_word' id='word_1_174' title='bbox 809 2334 1018 2400; x_wconf 81' lang='grc' dir='ltr'>παίζων</span> <span class='ocrx_word' id='word_1_175' title='bbox 1043 2338 1216 2391; x_wconf 85' lang='grc' dir='ltr'>ταῦτα</span> <span class='ocrx_word' id='word_1_176' title='bbox 1230 2339 1429 2408; x_wconf 85' lang='grc' dir='ltr'>λέγεις,</span> <span class='ocrx_word' id='word_1_177' title='bbox 1455 2342 1575 2394; x_wconf 75' lang='grc' dir='ltr'>οὐδὲ</span> <span class='ocrx_word' id='word_1_178' title='bbox 1591 2342 1732 2395; x_wconf 74' lang='grc' dir='ltr'>οὕτω</span> <span class='ocrx_word' id='word_1_179' title='bbox 1752 2341 1949 2405; x_wconf 82' lang='grc' dir='ltr'>καλῶς·</span> 
     </span>
    </p>
   </div>
   <div class='ocr_carea' id='block_1_24' title="bbox 382 2419 1954 2500">
    <p class='ocr_par' dir='ltr' id='par_1_24' title="bbox 382 2419 1954 2500">
     <span class='ocr_line' id='line_1_24' title="bbox 382 2419 1954 2500; baseline 0.008 -30"><span class='ocrx_word' id='word_1_180' title='bbox 382 2419 443 2470; x_wconf 83' lang='grc' dir='ltr'>ού</span> <span class='ocrx_word' id='word_1_181' title='bbox 476 2419 584 2490; x_wconf 83' lang='grc' dir='ltr'>γὰρ</span> <span class='ocrx_word' id='word_1_182' title='bbox 610 2420 692 2472; x_wconf 85' lang='grc' dir='ltr'>δεῖ</span> <span class='ocrx_word' id='word_1_183' title='bbox 713 2423 771 2474; x_wconf 81' lang='grc' dir='ltr'>ἐν</span> <span class='ocrx_word' id='word_1_184' title='bbox 802 2425 912 2486; x_wconf 90' lang='grc' dir='ltr'>τοῖς</span> <span class='ocrx_word' id='word_1_185' title='bbox 943 2424 1204 2489; x_wconf 70' lang='grc' dir='ltr'>τοιούτοις</span> <span class='ocrx_word' id='word_1_186' title='bbox 1223 2427 1446 2492; x_wconf 80' lang='grc' dir='ltr'>παίζειν</span> <span class='ocrx_word' id='word_1_187' title='bbox 1475 2447 1487 2459; x_wconf 89' lang='grc'><strong>·</strong></span> <span class='ocrx_word' id='word_1_188' title='bbox 1532 2432 1591 2482; x_wconf 85' lang='grc' dir='ltr'>ού</span> <span class='ocrx_word' id='word_1_189' title='bbox 1615 2431 1724 2500; x_wconf 80' lang='grc' dir='ltr'>γὰρ</span> <span class='ocrx_word' id='word_1_190' title='bbox 1753 2433 1811 2483; x_wconf 91' lang='grc' dir='ltr'>ἐν</span> <span class='ocrx_word' id='word_1_191' title='bbox 1837 2448 1954 2483; x_wconf 86' lang='grc' dir='ltr'>παι-</span> 
     </span>
    </p>
   </div>
   <div class='ocr_carea' id='block_1_25' title="bbox 382 2504 1953 2582">
    <p class='ocr_par' dir='ltr' id='par_1_25' title="bbox 382 2504 1953 2582">
     <span class='ocr_line' id='line_1_25' title="bbox 382 2504 1953 2582; baseline 0.007 -28"><span class='ocrx_word' id='word_1_192' title='bbox 382 2505 552 2568; x_wconf 86' lang='grc' dir='ltr'>κτοῖς,</span> <span class='ocrx_word' id='word_1_193' title='bbox 574 2504 689 2558; x_wconf 82' lang='grc' dir='ltr'>ἀλλ’</span> <span class='ocrx_word' id='word_1_194' title='bbox 718 2506 1072 2571; x_wconf 80' lang='grc' dir='ltr'>ἐπικινδύνως</span> <span class='ocrx_word' id='word_1_195' title='bbox 1096 2511 1387 2582; x_wconf 81' lang='grc' dir='ltr'>παίζομεν’</span> <span class='ocrx_word' id='word_1_196' title='bbox 1424 2514 1474 2565; x_wconf 91' lang='grc' dir='ltr'>εί</span> <span class='ocrx_word' id='word_1_197' title='bbox 1501 2513 1556 2566; x_wconf 83' lang='grc' dir='ltr'>δὲ</span> <span class='ocrx_word' id='word_1_198' title='bbox 1586 2514 1755 2577; x_wconf 79' lang='grc' dir='ltr'>ὅντως</span> <span class='ocrx_word' id='word_1_199' title='bbox 1783 2513 1953 2576; x_wconf 75' lang='grc' dir='ltr'>οὕτως</span> 
     </span>
    </p>
   </div>
   <div class='ocr_carea' id='block_1_26' title="bbox 383 2589 1952 2669">
    <p class='ocr_par' dir='ltr' id='par_1_26' title="bbox 383 2589 1952 2669">
     <span class='ocr_line' id='line_1_26' title="bbox 383 2589 1952 2669; baseline 0.008 -27"><span class='ocrx_word' id='word_1_200' title='bbox 383 2589 542 2660; x_wconf 72' lang='grc' dir='ltr'>ἔχων,</span> <span class='ocrx_word' id='word_1_201' title='bbox 585 2592 679 2645; x_wconf 77' lang='grc' dir='ltr'>καὶ</span> <span class='ocrx_word' id='word_1_202' title='bbox 726 2594 826 2646; x_wconf 83' lang='grc' dir='ltr'>οὐκ</span> <span class='ocrx_word' id='word_1_203' title='bbox 858 2595 958 2647; x_wconf 86' lang='grc' dir='ltr'>οίει</span> <span class='ocrx_word' id='word_1_204' title='bbox 1009 2593 1148 2650; x_wconf 82' lang='grc' dir='ltr'>εἷναί</span> <span class='ocrx_word' id='word_1_205' title='bbox 1176 2615 1228 2651; x_wconf 88' lang='grc' dir='ltr'>τι</span> <span class='ocrx_word' id='word_1_206' title='bbox 1264 2600 1400 2669; x_wconf 86' lang='grc' dir='ltr'>μετά</span> <span class='ocrx_word' id='word_1_207' title='bbox 1437 2600 1626 2664; x_wconf 85' lang='grc' dir='ltr'>ταῦτα,</span> <span class='ocrx_word' id='word_1_208' title='bbox 1672 2601 1788 2666; x_wconf 85' lang='grc' dir='ltr'>πῶς</span> <span class='ocrx_word' id='word_1_209' title='bbox 1819 2599 1952 2658; x_wconf 84' lang='grc' dir='ltr'>εἶναι</span> 
     </span>
    </p>
   </div>
   <div class='ocr_carea' id='block_1_27' title="bbox 324 2677 1956 2757">
    <p class='ocr_par' dir='ltr' id='par_1_27' title="bbox 324 2677 1956 2757">
     <span class='ocr_line' id='line_1_27' title="bbox 324 2677 1956 2757; baseline 0.01 -29"><span class='ocrx_word' id='word_1_210' title='bbox 324 2751 329 2757; x_wconf 28' lang='grc'><strong>’</strong></span> <span class='ocrx_word' id='word_1_211' title='bbox 384 2677 490 2748; x_wconf 81' lang='grc' dir='ltr'>φὴς</span> <span class='ocrx_word' id='word_1_212' title='bbox 523 2679 876 2750; x_wconf 75' lang='grc' dir='ltr'>Χριστιανόςς</span> <span class='ocrx_word' id='word_1_213' title='bbox 913 2683 1089 2748; x_wconf 72' lang='grc' dir='ltr'>οὐδεὶς</span> <span class='ocrx_word' id='word_1_214' title='bbox 1120 2687 1229 2756; x_wconf 91' lang='grc' dir='ltr'>γάρ</span> <span class='ocrx_word' id='word_1_215' title='bbox 1257 2705 1348 2756; x_wconf 89' lang='grc' dir='ltr'>μοι</span> <span class='ocrx_word' id='word_1_216' title='bbox 1382 2688 1489 2741; x_wconf 88' lang='grc' dir='ltr'>τῶν</span> <span class='ocrx_word' id='word_1_217' title='bbox 1518 2689 1621 2753; x_wconf 78' lang='grc' dir='ltr'>ἔξω</span> <span class='ocrx_word' id='word_1_218' title='bbox 1653 2689 1832 2757; x_wconf 87' lang='grc' dir='ltr'>λόγος.</span> <span class='ocrx_word' id='word_1_219' title='bbox 1857 2692 1956 2745; x_wconf 78' lang='grc' dir='ltr'>Διά</span> 
     </span>
    </p>
   </div>
   <div class='ocr_carea' id='block_1_28' title="bbox 380 2766 1956 2848">
    <p class='ocr_par' dir='ltr' id='par_1_28' title="bbox 380 2766 1956 2848">
     <span class='ocr_line' id='line_1_28' title="bbox 380 2766 1956 2848; baseline 0.01 -31"><span class='ocrx_word' id='word_1_220' title='bbox 380 2766 435 2818; x_wconf 89' lang='grc' dir='ltr'>τί</span> <span class='ocrx_word' id='word_1_221' title='bbox 469 2766 694 2836; x_wconf 78' lang='grc' dir='ltr'>λουτρὸν</span> <span class='ocrx_word' id='word_1_222' title='bbox 723 2768 1054 2839; x_wconf 78' lang='grc' dir='ltr'>λαμϐάνεις;</span> <span class='ocrx_word' id='word_1_223' title='bbox 1083 2773 1171 2826; x_wconf 77' lang='grc' dir='ltr'>διὰ</span> <span class='ocrx_word' id='word_1_224' title='bbox 1200 2774 1251 2826; x_wconf 90' lang='grc' dir='ltr'>τί</span> <span class='ocrx_word' id='word_1_225' title='bbox 1293 2779 1390 2844; x_wconf 81' lang='grc' dir='ltr'>τῆς</span> <span class='ocrx_word' id='word_1_226' title='bbox 1415 2777 1708 2848; x_wconf 77' lang='grc' dir='ltr'>ἐκκλησίας</span> <span class='ocrx_word' id='word_1_227' title='bbox 1741 2779 1956 2832; x_wconf 88' lang='grc' dir='ltr'>ἐπιϐαί-</span> 
     </span>
    </p>
   </div>
   <div class='ocr_carea' id='block_1_29' title="bbox 381 2855 1940 2935">
    <p class='ocr_par' dir='ltr' id='par_1_29' title="bbox 381 2855 1940 2935">
     <span class='ocr_line' id='line_1_29' title="bbox 381 2855 1940 2935; baseline 0.008 -29"><span class='ocrx_word' id='word_1_228' title='bbox 381 2870 524 2919; x_wconf 78' lang='grc' dir='ltr'>νειςς</span> <span class='ocrx_word' id='word_1_229' title='bbox 559 2855 633 2927; x_wconf 83' lang='grc' dir='ltr'>μὴ</span> <span class='ocrx_word' id='word_1_230' title='bbox 663 2858 771 2928; x_wconf 72' lang='grc' dir='ltr'>γάρ</span> <span class='ocrx_word' id='word_1_231' title='bbox 806 2859 910 2929; x_wconf 89' lang='grc' dir='ltr'>ἀρχ</span> <span class='ocrx_word' id='word_1_232' title='bbox 924 2863 980 2922; x_wconf 63' lang='grc' dir='ltr'>ἃς</span> <span class='ocrx_word' id='word_1_233' title='bbox 1008 2860 1452 2933; x_wconf 73' lang='grc' dir='ltr'>ύπισχνούμεθας</span> <span class='ocrx_word' id='word_1_234' title='bbox 1485 2866 1632 2918; x_wconf 81' lang='grc' dir='ltr'>πᾶσα</span> <span class='ocrx_word' id='word_1_235' title='bbox 1662 2865 1817 2935; x_wconf 81' lang='grc' dir='ltr'>ἡμῶν</span> <span class='ocrx_word' id='word_1_236' title='bbox 1853 2866 1940 2918; x_wconf 82' lang='grc' dir='ltr'>ἐλ-</span> 
     </span>
    </p>
   </div>
   <div class='ocr_carea' id='block_1_30' title="bbox 381 2942 1956 3022">
    <p class='ocr_par' dir='ltr' id='par_1_30' title="bbox 381 2942 1956 3022">
     <span class='ocr_line' id='line_1_30' title="bbox 381 2942 1956 3022; baseline 0.008 -29"><span class='ocrx_word' id='word_1_237' title='bbox 381 2942 476 3006; x_wconf 78' lang='grc' dir='ltr'>πὶς</span> <span class='ocrx_word' id='word_1_238' title='bbox 503 2945 560 2998; x_wconf 89' lang='grc' dir='ltr'>ἐν</span> <span class='ocrx_word' id='word_1_239' title='bbox 581 2946 691 3007; x_wconf 86' lang='grc' dir='ltr'>τοῖς</span> <span class='ocrx_word' id='word_1_240' title='bbox 727 2945 1000 3016; x_wconf 88' lang='grc' dir='ltr'>μέλλουσι.</span> <span class='ocrx_word' id='word_1_241' title='bbox 1045 2948 1109 3000; x_wconf 94' lang='grc' dir='ltr'>Τί</span> <span class='ocrx_word' id='word_1_242' title='bbox 1139 2949 1316 3002; x_wconf 78' lang='grc' dir='ltr'>τοίνυν</span> <span class='ocrx_word' id='word_1_243' title='bbox 1357 2951 1654 3022; x_wconf 76' lang='grc' dir='ltr'>προσέρχῃ,</span> <span class='ocrx_word' id='word_1_244' title='bbox 1686 2953 1734 3004; x_wconf 90' lang='grc' dir='ltr'>εί</span> <span class='ocrx_word' id='word_1_245' title='bbox 1767 2953 1827 3005; x_wconf 86' lang='grc' dir='ltr'>ού</span> <span class='ocrx_word' id='word_1_246' title='bbox 1865 2970 1956 3004; x_wconf 91' lang='grc' dir='ltr'>πι-</span> 
     </span>
    </p>
   </div>
   <div class='ocr_carea' id='block_1_31' title="bbox 382 3030 1957 3112">
    <p class='ocr_par' dir='ltr' id='par_1_31' title="bbox 382 3030 1957 3112">
     <span class='ocr_line' id='line_1_31' title="bbox 382 3030 1957 3112; baseline 0.007 -30"><span class='ocrx_word' id='word_1_247' title='bbox 382 3030 592 3094; x_wconf 89' lang='grc' dir='ltr'>στεύεις</span> <span class='ocrx_word' id='word_1_248' title='bbox 615 3035 732 3096; x_wconf 85' lang='grc' dir='ltr'>ταῖς</span> <span class='ocrx_word' id='word_1_249' title='bbox 757 3034 1021 3104; x_wconf 83' lang='grc' dir='ltr'>Γραφαίς,</span> <span class='ocrx_word' id='word_1_250' title='bbox 1063 3036 1112 3088; x_wconf 87' lang='grc' dir='ltr'>εί</span> <span class='ocrx_word' id='word_1_251' title='bbox 1162 3035 1235 3106; x_wconf 84' lang='grc' dir='ltr'>μὴ</span> <span class='ocrx_word' id='word_1_252' title='bbox 1278 3037 1554 3100; x_wconf 84' lang='grc' dir='ltr'>πιστεύεις</span> <span class='ocrx_word' id='word_1_253' title='bbox 1585 3038 1662 3108; x_wconf 83' lang='grc' dir='ltr'>τῷ</span> <span class='ocrx_word' id='word_1_254' title='bbox 1689 3040 1907 3112; x_wconf 85' lang='grc' dir='ltr'>Χριστῷ</span> <span class='ocrx_word' id='word_1_255' title='bbox 1935 3058 1957 3107; x_wconf 77' lang='grc'>;</span> 
     </span>
    </p>
   </div>
   <div class='ocr_carea' id='block_1_32' title="bbox 380 3117 1951 3196">
    <p class='ocr_par' dir='ltr' id='par_1_32' title="bbox 380 3117 1951 3196">
     <span class='ocr_line' id='line_1_32' title="bbox 380 3117 1951 3196; baseline 0.006 -26"><span class='ocrx_word' id='word_1_256' title='bbox 380 3117 493 3170; x_wconf 78' lang='grc' dir='ltr'>Οὐκ</span> <span class='ocrx_word' id='word_1_257' title='bbox 527 3118 592 3171; x_wconf 81' lang='grc' dir='ltr'>ἂν</span> <span class='ocrx_word' id='word_1_258' title='bbox 626 3119 838 3190; x_wconf 82' lang='grc' dir='ltr'>εἴποιμι</span> <span class='ocrx_word' id='word_1_259' title='bbox 867 3121 958 3175; x_wconf 89' lang='grc' dir='ltr'>τὸν</span> <span class='ocrx_word' id='word_1_260' title='bbox 984 3122 1222 3175; x_wconf 86' lang='grc' dir='ltr'>τοιοῦτον</span> <span class='ocrx_word' id='word_1_261' title='bbox 1243 3125 1587 3195; x_wconf 84' lang='grc' dir='ltr'>Χριστιανὸν,</span> <span class='ocrx_word' id='word_1_262' title='bbox 1621 3125 1696 3196; x_wconf 80' lang='grc' dir='ltr'>μὴ</span> <span class='ocrx_word' id='word_1_263' title='bbox 1721 3126 1951 3194; x_wconf 87' lang='grc' dir='ltr'>γένοιτο,</span> 
     </span>
    </p>
   </div>
   <div class='ocr_carea' id='block_1_33' title="bbox 377 3204 1951 3282">
    <p class='ocr_par' dir='ltr' id='par_1_33' title="bbox 377 3204 1951 3282">
     <span class='ocr_line' id='line_1_33' title="bbox 377 3204 1951 3282; baseline 0.009 -25"><span class='ocrx_word' id='word_1_264' title='bbox 377 3204 513 3258; x_wconf 83' lang='grc' dir='ltr'>ἀλλά</span> <span class='ocrx_word' id='word_1_265' title='bbox 538 3208 630 3260; x_wconf 75' lang='grc' dir='ltr'>καὶ</span> <span class='ocrx_word' id='word_1_266' title='bbox 657 3207 923 3279; x_wconf 85' lang='grc' dir='ltr'>Ἑλλήνων</span> <span class='ocrx_word' id='word_1_267' title='bbox 945 3210 1133 3282; x_wconf 86' lang='grc' dir='ltr'>χείρω.</span> <span class='ocrx_word' id='word_1_268' title='bbox 1156 3213 1314 3266; x_wconf 85' lang='grc' dir='ltr'>Κατά</span> <span class='ocrx_word' id='word_1_269' title='bbox 1342 3213 1396 3266; x_wconf 88' lang='grc' dir='ltr'>τί</span> <span class='ocrx_word' id='word_1_270' title='bbox 1417 3229 1431 3276; x_wconf 90' lang='lat'><strong>;</strong></span> <span class='ocrx_word' id='word_1_271' title='bbox 1473 3215 1628 3268; x_wconf 86' lang='grc' dir='ltr'>Κατά</span> <span class='ocrx_word' id='word_1_272' title='bbox 1660 3214 1839 3280; x_wconf 89' lang='grc' dir='ltr'>τοῦτο,</span> <span class='ocrx_word' id='word_1_273' title='bbox 1868 3218 1951 3272; x_wconf 87' lang='grc' dir='ltr'>ὃτι</span> 
     </span>
    </p>
   </div>
   <div class='ocr_carea' id='block_1_34' title="bbox 376 3294 1954 3370">
    <p class='ocr_par' dir='ltr' id='par_1_34' title="bbox 376 3294 1954 3370">
     <span class='ocr_line' id='line_1_34' title="bbox 376 3294 1954 3370; baseline 0.008 -25"><span class='ocrx_word' id='word_1_274' title='bbox 376 3294 470 3346; x_wconf 88' lang='grc' dir='ltr'>τὸν</span> <span class='ocrx_word' id='word_1_275' title='bbox 509 3296 745 3366; x_wconf 83' lang='grc' dir='ltr'>Χριστὸν</span> <span class='ocrx_word' id='word_1_276' title='bbox 784 3298 1020 3367; x_wconf 82' lang='grc' dir='ltr'>νομίζων</span> <span class='ocrx_word' id='word_1_277' title='bbox 1066 3295 1207 3353; x_wconf 81' lang='grc' dir='ltr'>εἶναι</span> <span class='ocrx_word' id='word_1_278' title='bbox 1253 3300 1405 3362; x_wconf 86' lang='grc' dir='ltr'>Θεὸν,</span> <span class='ocrx_word' id='word_1_279' title='bbox 1437 3302 1496 3354; x_wconf 83' lang='grc' dir='ltr'>ού</span> <span class='ocrx_word' id='word_1_280' title='bbox 1553 3302 1830 3367; x_wconf 83' lang='grc' dir='ltr'>πιστεύεις</span> <span class='ocrx_word' id='word_1_281' title='bbox 1877 3305 1954 3370; x_wconf 87' lang='grc' dir='ltr'>ὼς</span> 
     </span>
    </p>
   </div>
   <div class='ocr_carea' id='block_1_35' title="bbox 377 3381 1948 3460">
    <p class='ocr_par' dir='ltr' id='par_1_35' title="bbox 377 3381 1948 3460">
     <span class='ocr_line' id='line_1_35' title="bbox 377 3381 1948 3460; baseline 0.008 -27"><span class='ocrx_word' id='word_1_282' title='bbox 377 3381 518 3452; x_wconf 82' lang='grc' dir='ltr'>Θεῷ.</span> <span class='ocrx_word' id='word_1_283' title='bbox 555 3383 765 3454; x_wconf 86' lang='grc' dir='ltr'>Ἐκείνη</span> <span class='ocrx_word' id='word_1_284' title='bbox 802 3385 1033 3455; x_wconf 74' lang='grc' dir='ltr'>μὲνγὰρ</span> <span class='ocrx_word' id='word_1_285' title='bbox 1061 3387 1382 3450; x_wconf 77' lang='grc' dir='ltr'>ἀκολουθίας</span> <span class='ocrx_word' id='word_1_286' title='bbox 1425 3388 1610 3457; x_wconf 80' lang='grc' dir='ltr'>ἔχεται</span> <span class='ocrx_word' id='word_1_287' title='bbox 1640 3391 1673 3460; x_wconf 86' lang='grc' dir='ltr'><strong>ἡ</strong></span> <span class='ocrx_word' id='word_1_288' title='bbox 1700 3391 1948 3445; x_wconf 83' lang='grc' dir='ltr'>ἀσέϐεια·</span> 
     </span>
    </p>
   </div>
   <div class='ocr_carea' id='block_1_36' title="bbox 376 3467 1948 3548">
    <p class='ocr_par' dir='ltr' id='par_1_36' title="bbox 376 3467 1948 3548">
     <span class='ocr_line' id='line_1_36' title="bbox 376 3467 1948 3548; baseline 0.006 -28"><span class='ocrx_word' id='word_1_289' title='bbox 376 3467 469 3521; x_wconf 89' lang='grc' dir='ltr'>τὸν</span> <span class='ocrx_word' id='word_1_290' title='bbox 490 3469 598 3540; x_wconf 87' lang='grc' dir='ltr'>γάρ</span> <span class='ocrx_word' id='word_1_291' title='bbox 621 3469 694 3541; x_wconf 82' lang='grc' dir='ltr'>μὴ</span> <span class='ocrx_word' id='word_1_292' title='bbox 723 3471 1010 3540; x_wconf 80' lang='grc' dir='ltr'>νομίζοντα</span> <span class='ocrx_word' id='word_1_293' title='bbox 1037 3469 1174 3524; x_wconf 75' lang='grc' dir='ltr'>εἶναι</span> <span class='ocrx_word' id='word_1_294' title='bbox 1195 3474 1324 3526; x_wconf 88' lang='grc' dir='ltr'>Θεὸν</span> <span class='ocrx_word' id='word_1_295' title='bbox 1347 3474 1435 3526; x_wconf 86' lang='grc' dir='ltr'>τὸν</span> <span class='ocrx_word' id='word_1_296' title='bbox 1459 3477 1713 3543; x_wconf 85' lang='grc' dir='ltr'>Χριστὸν,</span> <span class='ocrx_word' id='word_1_297' title='bbox 1734 3479 1948 3548; x_wconf 82' lang='grc' dir='ltr'>ἀνάγκη</span> 
     </span>
    </p>
   </div>
   <div class='ocr_carea' id='block_1_37' title="bbox 381 3558 1952 3632">
    <p class='ocr_par' dir='ltr' id='par_1_37' title="bbox 381 3558 1952 3632">
     <span class='ocr_line' id='line_1_37' title="bbox 381 3558 1952 3632; baseline 0.004 -21"><span class='ocrx_word' id='word_1_298' title='bbox 381 3558 518 3626; x_wconf 88' lang='grc' dir='ltr'>μηδέ</span> <span class='ocrx_word' id='word_1_299' title='bbox 547 3558 824 3612; x_wconf 83' lang='grc' dir='ltr'>πιστεύειν</span> <span class='ocrx_word' id='word_1_300' title='bbox 847 3575 864 3590; x_wconf 75' lang='grc' dir='ltr'>ο</span> <span class='ocrx_word' id='word_1_301' title='bbox 905 3559 1042 3631; x_wconf 83' lang='grc' dir='ltr'>αῦτη</span> <span class='ocrx_word' id='word_1_302' title='bbox 1073 3560 1128 3613; x_wconf 80' lang='grc' dir='ltr'>δὲ</span> <span class='ocrx_word' id='word_1_303' title='bbox 1157 3563 1189 3632; x_wconf 78' lang='grc' dir='ltr'>ἡ</span> <span class='ocrx_word' id='word_1_304' title='bbox 1227 3562 1451 3615; x_wconf 85' lang='grc' dir='ltr'>ἀσέϐεια</span> <span class='ocrx_word' id='word_1_305' title='bbox 1477 3564 1599 3616; x_wconf 78' lang='grc' dir='ltr'>ούδέ</span> <span class='ocrx_word' id='word_1_306' title='bbox 1629 3565 1952 3619; x_wconf 84' lang='grc' dir='ltr'>ἀκολουθίαν</span> 
     </span>
    </p>
   </div>
   <div class='ocr_carea' id='block_1_38' title="bbox 378 3646 1951 3721">
    <p class='ocr_par' dir='ltr' id='par_1_38' title="bbox 378 3646 1951 3721">
     <span class='ocr_line' id='line_1_38' title="bbox 378 3646 1951 3721; baseline 0.002 -18"><span class='ocrx_word' id='word_1_307' title='bbox 378 3646 530 3720; x_wconf 73' lang='grc'>[540]</span> <span class='ocrx_word' id='word_1_308' title='bbox 561 3646 695 3718; x_wconf 81' lang='grc' dir='ltr'>ἔχει,</span> <span class='ocrx_word' id='word_1_309' title='bbox 721 3646 854 3700; x_wconf 86' lang='grc' dir='ltr'>Θεὸν</span> <span class='ocrx_word' id='word_1_310' title='bbox 889 3649 1190 3718; x_wconf 80' lang='grc' dir='ltr'>ὁμολογεῖν,</span> <span class='ocrx_word' id='word_1_311' title='bbox 1235 3651 1331 3701; x_wconf 69' lang='grc' dir='ltr'>καὶ</span> <span class='ocrx_word' id='word_1_312' title='bbox 1365 3651 1437 3719; x_wconf 85' lang='grc' dir='ltr'>μὴ</span> <span class='ocrx_word' id='word_1_313' title='bbox 1469 3651 1712 3721; x_wconf 86' lang='grc' dir='ltr'>νομίζειν</span> <span class='ocrx_word' id='word_1_314' title='bbox 1739 3653 1951 3717; x_wconf 80' lang='grc' dir='ltr'>ἀξιόπι-</span> 
     </span>
    </p>
   </div>
   <div class='ocr_carea' id='block_1_39' title="bbox 379 3733 1950 3813">
    <p class='ocr_par' dir='ltr' id='par_1_39' title="bbox 379 3733 1950 3813">
     <span class='ocr_line' id='line_1_39' title="bbox 379 3733 1950 3813; baseline 0.001 -21"><span class='ocrx_word' id='word_1_315' title='bbox 379 3756 504 3792; x_wconf 88' lang='grc' dir='ltr'>στον</span> <span class='ocrx_word' id='word_1_316' title='bbox 533 3735 672 3792; x_wconf 75' lang='grc' dir='ltr'>εἶναι</span> <span class='ocrx_word' id='word_1_317' title='bbox 706 3738 848 3809; x_wconf 82' lang='grc' dir='ltr'>ὺπέρ</span> <span class='ocrx_word' id='word_1_318' title='bbox 883 3733 958 3791; x_wconf 82' lang='grc' dir='ltr'>ὧν</span> <span class='ocrx_word' id='word_1_319' title='bbox 993 3738 1120 3809; x_wconf 79' lang='grc' dir='ltr'>ἔφη.</span> <span class='ocrx_word' id='word_1_320' title='bbox 1153 3740 1264 3810; x_wconf 86' lang='grc' dir='ltr'>Τῆς</span> <span class='ocrx_word' id='word_1_321' title='bbox 1301 3739 1473 3810; x_wconf 90' lang='grc' dir='ltr'>μέθης</span> <span class='ocrx_word' id='word_1_322' title='bbox 1531 3742 1706 3794; x_wconf 88' lang='grc' dir='ltr'>ταῦτα</span> <span class='ocrx_word' id='word_1_323' title='bbox 1734 3743 1804 3795; x_wconf 83' lang='grc' dir='ltr'>τὰ</span> <span class='ocrx_word' id='word_1_324' title='bbox 1850 3743 1950 3813; x_wconf 78' lang='grc' dir='ltr'>ρή-</span> 
     </span>
    </p>
   </div>
   <div class='ocr_carea' id='block_1_40' title="bbox 380 3825 1950 3898">
    <p class='ocr_par' dir='ltr' id='par_1_40' title="bbox 380 3825 1950 3898">
     <span class='ocr_line' id='line_1_40' title="bbox 380 3825 1950 3898; baseline 0.004 -21"><span class='ocrx_word' id='word_1_325' title='bbox 380 3844 547 3897; x_wconf 76' lang='grc' dir='ltr'>ματα,</span> <span class='ocrx_word' id='word_1_326' title='bbox 603 3827 704 3896; x_wconf 87' lang='grc' dir='ltr'>τῆς</span> <span class='ocrx_word' id='word_1_327' title='bbox 753 3825 987 3897; x_wconf 78' lang='grc' dir='ltr'>τρυφῆς,</span> <span class='ocrx_word' id='word_1_328' title='bbox 1033 3827 1133 3896; x_wconf 80' lang='grc' dir='ltr'>τῆς</span> <span class='ocrx_word' id='word_1_329' title='bbox 1184 3826 1501 3898; x_wconf 75' lang='grc' dir='ltr'>σπατάληςο</span> <span class='ocrx_word' id='word_1_330' title='bbox 1538 3828 1825 3898; x_wconf 76' lang='grc' dir='ltr'>Φάτωμεν</span> <span class='ocrx_word' id='word_1_331' title='bbox 1853 3829 1950 3882; x_wconf 79' lang='grc' dir='ltr'>καὶ</span> 
     </span>
    </p>
   </div>
   <div class='ocr_carea' id='block_1_41' title="bbox 376 3913 1950 3989">
    <p class='ocr_par' dir='ltr' id='par_1_41' title="bbox 376 3913 1950 3989">
     <span class='ocr_line' id='line_1_41' title="bbox 376 3913 1950 3989; baseline 0 -19"><span class='ocrx_word' id='word_1_332' title='bbox 376 3917 605 3985; x_wconf 79' lang='grc' dir='ltr'>πίωμεν·</span> <span class='ocrx_word' id='word_1_333' title='bbox 627 3933 640 3946; x_wconf 89' lang='grc'><strong>·</strong></span> <span class='ocrx_word' id='word_1_334' title='bbox 692 3916 902 3984; x_wconf 79' lang='grc' dir='ltr'>αὔριον</span> <span class='ocrx_word' id='word_1_335' title='bbox 931 3915 1040 3984; x_wconf 72' lang='grc' dir='ltr'>γὰρ</span> <span class='ocrx_word' id='word_1_336' title='bbox 1072 3913 1557 3984; x_wconf 68' lang='grc' dir='ltr'>ἀποθνήσκομεν.</span> <span class='ocrx_word' id='word_1_337' title='bbox 1592 3917 1704 3970; x_wconf 85' lang='grc' dir='ltr'>υύκ</span> <span class='ocrx_word' id='word_1_338' title='bbox 1740 3917 1950 3989; x_wconf 78' lang='grc' dir='ltr'>αὔριον,</span> 
     </span>
    </p>
   </div>
   <div class='ocr_carea' id='block_1_42' title="bbox 377 4001 1952 4074">
    <p class='ocr_par' dir='ltr' id='par_1_42' title="bbox 377 4001 1952 4074">
     <span class='ocr_line' id='line_1_42' title="bbox 377 4001 1952 4074; baseline 0.001 -17"><span class='ocrx_word' id='word_1_339' title='bbox 377 4003 491 4057; x_wconf 86' lang='grc' dir='ltr'>ἀλλ’</span> <span class='ocrx_word' id='word_1_340' title='bbox 529 4005 658 4057; x_wconf 80' lang='grc' dir='ltr'>ὅταν</span> <span class='ocrx_word' id='word_1_341' title='bbox 690 4002 868 4058; x_wconf 87' lang='grc' dir='ltr'>ταῦτα</span> <span class='ocrx_word' id='word_1_342' title='bbox 897 4003 1120 4073; x_wconf 80' lang='grc' dir='ltr'>λέγητε,</span> <span class='ocrx_word' id='word_1_343' title='bbox 1166 4002 1264 4074; x_wconf 72' lang='grc' dir='ltr'>ἤδη</span> <span class='ocrx_word' id='word_1_344' title='bbox 1309 4003 1629 4074; x_wconf 82' lang='grc' dir='ltr'>τεθνήκατε.</span> <span class='ocrx_word' id='word_1_345' title='bbox 1662 4005 1826 4058; x_wconf 77' lang='grc' dir='ltr'>Οὐδὲν</span> <span class='ocrx_word' id='word_1_346' title='bbox 1859 4001 1952 4058; x_wconf 78' lang='grc' dir='ltr'>οὖν</span> 
     </span>
    </p>
   </div>
   <div class='ocr_carea' id='block_1_43' title="bbox 377 4090 1951 4163">
    <p class='ocr_par' dir='ltr' id='par_1_43' title="bbox 377 4090 1951 4163">
     <span class='ocr_line' id='line_1_43' title="bbox 377 4090 1951 4163; baseline 0.001 -18"><span class='ocrx_word' id='word_1_347' title='bbox 377 4091 484 4145; x_wconf 86' lang='grc' dir='ltr'>τῶν</span> <span class='ocrx_word' id='word_1_348' title='bbox 521 4092 719 4163; x_wconf 87' lang='grc' dir='ltr'>χοίρων</span> <span class='ocrx_word' id='word_1_349' title='bbox 747 4091 1017 4160; x_wconf 87' lang='grc' dir='ltr'>διοίσομεν</span> <span class='ocrx_word' id='word_1_350' title='bbox 1057 4090 1177 4143; x_wconf 84' lang='grc' dir='ltr'>ούδέ</span> <span class='ocrx_word' id='word_1_351' title='bbox 1217 4091 1326 4143; x_wconf 76' lang='grc' dir='ltr'>τῶν</span> <span class='ocrx_word' id='word_1_352' title='bbox 1360 4090 1517 4154; x_wconf 79' lang='grc' dir='ltr'>ὄνων,</span> <span class='ocrx_word' id='word_1_353' title='bbox 1558 4093 1678 4144; x_wconf 82' lang='grc' dir='ltr'>εἰπέ</span> <span class='ocrx_word' id='word_1_354' title='bbox 1720 4109 1848 4162; x_wconf 82' lang='grc' dir='ltr'>μοι;</span> <span class='ocrx_word' id='word_1_355' title='bbox 1889 4095 1951 4147; x_wconf 78' lang='lat' dir='ltr'>El</span> 
     </span>
    </p>
   </div>
   <div class='ocr_carea' id='block_1_44' title="bbox 376 4177 1952 4252">
    <p class='ocr_par' dir='ltr' id='par_1_44' title="bbox 376 4177 1952 4252">
     <span class='ocr_line' id='line_1_44' title="bbox 376 4177 1952 4252; baseline 0 -19"><span class='ocrx_word' id='word_1_356' title='bbox 376 4179 486 4249; x_wconf 82' lang='grc' dir='ltr'>γὰρ</span> <span class='ocrx_word' id='word_1_357' title='bbox 522 4179 656 4250; x_wconf 80' lang='grc' dir='ltr'>μήτε</span> <span class='ocrx_word' id='word_1_358' title='bbox 685 4177 864 4248; x_wconf 81' lang='grc' dir='ltr'>κρίσις</span> <span class='ocrx_word' id='word_1_359' title='bbox 891 4178 1029 4240; x_wconf 69' lang='grc' dir='ltr'>ἐστὶ,</span> <span class='ocrx_word' id='word_1_360' title='bbox 1050 4177 1188 4247; x_wconf 89' lang='grc' dir='ltr'>μήτε</span> <span class='ocrx_word' id='word_1_361' title='bbox 1212 4178 1499 4242; x_wconf 86' lang='grc' dir='ltr'>ἀντίδοσις,</span> <span class='ocrx_word' id='word_1_362' title='bbox 1526 4181 1663 4250; x_wconf 82' lang='grc' dir='ltr'>μήτε</span> <span class='ocrx_word' id='word_1_363' title='bbox 1697 4180 1952 4252; x_wconf 78' lang='grc' dir='ltr'>δικαστή-</span> 
     </span>
    </p>
   </div>
   <div class='ocr_carea' id='block_1_45' title="bbox 379 4264 1952 4338">
    <p class='ocr_par' dir='ltr' id='par_1_45' title="bbox 379 4264 1952 4338">
     <span class='ocr_line' id='line_1_45' title="bbox 379 4264 1952 4338; baseline 0.001 -21"><span class='ocrx_word' id='word_1_364' title='bbox 379 4283 516 4336; x_wconf 89' lang='grc' dir='ltr'>ριον,</span> <span class='ocrx_word' id='word_1_365' title='bbox 552 4266 692 4328; x_wconf 90' lang='grc' dir='ltr'>τίνος</span> <span class='ocrx_word' id='word_1_366' title='bbox 740 4264 926 4317; x_wconf 81' lang='grc' dir='ltr'>’ένεκεν</span> <span class='ocrx_word' id='word_1_367' title='bbox 963 4264 1190 4335; x_wconf 86' lang='grc' dir='ltr'>τοιούτῳ</span> <span class='ocrx_word' id='word_1_368' title='bbox 1240 4267 1586 4336; x_wconf 85' lang='grc' dir='ltr'>τετιμήμεθα</span> <span class='ocrx_word' id='word_1_369' title='bbox 1640 4267 1818 4338; x_wconf 85' lang='grc' dir='ltr'>δώρῳ,</span> <span class='ocrx_word' id='word_1_370' title='bbox 1874 4266 1952 4337; x_wconf 80' lang='grc' dir='ltr'>τῷ</span> 
     </span>
    </p>
   </div>
   <div class='ocr_carea' id='block_1_46' title="bbox 376 4352 1952 4427">
    <p class='ocr_par' dir='ltr' id='par_1_46' title="bbox 376 4352 1952 4427">
     <span class='ocr_line' id='line_1_46' title="bbox 376 4352 1952 4427; baseline 0.001 -20"><span class='ocrx_word' id='word_1_371' title='bbox 376 4353 540 4422; x_wconf 81' lang='grc' dir='ltr'>λόγῳ,</span> <span class='ocrx_word' id='word_1_372' title='bbox 571 4354 664 4407; x_wconf 76' lang='grc' dir='ltr'>καὶ</span> <span class='ocrx_word' id='word_1_373' title='bbox 687 4353 864 4406; x_wconf 87' lang='grc' dir='ltr'>πάντα</span> <span class='ocrx_word' id='word_1_374' title='bbox 902 4352 1095 4423; x_wconf 79' lang='grc' dir='ltr'>ἔχομεν</span> <span class='ocrx_word' id='word_1_375' title='bbox 1119 4352 1562 4423; x_wconf 83' lang='grc' dir='ltr'>ὑποτεταγμένα;</span> <span class='ocrx_word' id='word_1_376' title='bbox 1593 4355 1681 4407; x_wconf 79' lang='grc' dir='ltr'>διὰ</span> <span class='ocrx_word' id='word_1_377' title='bbox 1715 4356 1767 4408; x_wconf 87' lang='grc' dir='ltr'>τί</span> <span class='ocrx_word' id='word_1_378' title='bbox 1793 4358 1952 4427; x_wconf 80' lang='grc' dir='ltr'>ἡμεῖς</span> 
     </span>
    </p>
   </div>
   <div class='ocr_carea' id='block_1_47' title="bbox 379 4440 1955 4512">
    <p class='ocr_par' dir='ltr' id='par_1_47' title="bbox 379 4440 1955 4512">
     <span class='ocr_line' id='line_1_47' title="bbox 379 4440 1955 4512; baseline 0.001 -18"><span class='ocrx_word' id='word_1_379' title='bbox 379 4443 480 4512; x_wconf 81' lang='grc' dir='ltr'>μὲν</span> <span class='ocrx_word' id='word_1_380' title='bbox 505 4442 764 4512; x_wconf 79' lang='grc' dir='ltr'>ἄρχομεν,</span> <span class='ocrx_word' id='word_1_381' title='bbox 796 4443 978 4494; x_wconf 86' lang='grc' dir='ltr'>ἐκεῖνα</span> <span class='ocrx_word' id='word_1_382' title='bbox 1014 4440 1070 4493; x_wconf 82' lang='grc' dir='ltr'>δέ</span> <span class='ocrx_word' id='word_1_383' title='bbox 1108 4441 1399 4510; x_wconf 79' lang='grc' dir='ltr'>ἄρχονταις</span> <span class='ocrx_word' id='word_1_384' title='bbox 1437 4441 1575 4512; x_wconf 85' lang='grc' dir='ltr'>Ὅρα</span> <span class='ocrx_word' id='word_1_385' title='bbox 1607 4442 1722 4506; x_wconf 82' lang='grc' dir='ltr'>πῶς</span> <span class='ocrx_word' id='word_1_386' title='bbox 1755 4445 1955 4496; x_wconf 85' lang='grc' dir='ltr'>πάντο-</span> 
     </span>
    </p>
   </div>
   <div class='ocr_carea' id='block_1_48' title="bbox 378 4527 1948 4600">
    <p class='ocr_par' dir='ltr' id='par_1_48' title="bbox 378 4527 1948 4600">
     <span class='ocr_line' id='line_1_48' title="bbox 378 4527 1948 4600; baseline 0.001 -17"><span class='ocrx_word' id='word_1_387' title='bbox 378 4530 470 4584; x_wconf 85' lang='grc' dir='ltr'>θεν</span> <span class='ocrx_word' id='word_1_388' title='bbox 501 4532 530 4584; x_wconf 84' lang='grc' dir='ltr'>ὁ</span> <span class='ocrx_word' id='word_1_389' title='bbox 555 4529 799 4591; x_wconf 86' lang='grc' dir='ltr'>διάϐολος</span> <span class='ocrx_word' id='word_1_390' title='bbox 827 4527 1103 4596; x_wconf 74' lang='grc' dir='ltr'>ἐπείγεται</span> <span class='ocrx_word' id='word_1_391' title='bbox 1132 4529 1279 4598; x_wconf 79' lang='grc' dir='ltr'>ἡμᾶς</span> <span class='ocrx_word' id='word_1_392' title='bbox 1328 4530 1512 4582; x_wconf 82' lang='grc' dir='ltr'>πεῖσαι</span> <span class='ocrx_word' id='word_1_393' title='bbox 1553 4529 1818 4600; x_wconf 76' lang='grc' dir='ltr'>ἀγνοῆσαι</span> <span class='ocrx_word' id='word_1_394' title='bbox 1847 4532 1948 4600; x_wconf 81' lang='grc' dir='ltr'>τὴν</span> 
     </span>
    </p>
   </div>
   <div class='ocr_carea' id='block_1_49' title="bbox 375 4613 1951 4686">
    <p class='ocr_par' dir='ltr' id='par_1_49' title="bbox 375 4613 1951 4686">
     <span class='ocr_line' id='line_1_49' title="bbox 375 4613 1951 4686; baseline 0 -16"><span class='ocrx_word' id='word_1_395' title='bbox 375 4617 586 4686; x_wconf 84' lang='grc' dir='ltr'>δωρεὰν</span> <span class='ocrx_word' id='word_1_396' title='bbox 611 4615 704 4670; x_wconf 88' lang='grc' dir='ltr'>τοῦ</span> <span class='ocrx_word' id='word_1_397' title='bbox 733 4614 889 4668; x_wconf 80' lang='grc' dir='ltr'>Θεοῦ.</span> <span class='ocrx_word' id='word_1_398' title='bbox 939 4615 1077 4676; x_wconf 79' lang='grc' dir='ltr'>Τοὺς</span> <span class='ocrx_word' id='word_1_399' title='bbox 1105 4613 1326 4676; x_wconf 87' lang='grc' dir='ltr'>δούλους</span> <span class='ocrx_word' id='word_1_400' title='bbox 1369 4615 1698 4684; x_wconf 79' lang='grc' dir='ltr'>ἀναμίγνυσι</span> <span class='ocrx_word' id='word_1_401' title='bbox 1730 4621 1840 4680; x_wconf 87' lang='grc' dir='ltr'>τοῖς</span> <span class='ocrx_word' id='word_1_402' title='bbox 1864 4618 1951 4670; x_wconf 88' lang='grc' dir='ltr'>δε-</span> 
     </span>
    </p>
   </div>
   <div class='ocr_carea' id='block_1_50' title="bbox 378 4701 1951 4774">
    <p class='ocr_par' dir='ltr' id='par_1_50' title="bbox 378 4701 1951 4774">
     <span class='ocr_line' id='line_1_50' title="bbox 378 4701 1951 4774; baseline -0.001 -15"><span class='ocrx_word' id='word_1_403' title='bbox 378 4705 626 4768; x_wconf 84' lang='grc' dir='ltr'>σπόταις’</span> <span class='ocrx_word' id='word_1_404' title='bbox 676 4701 928 4772; x_wconf 85' lang='grc' dir='ltr'>καθάπερ</span> <span class='ocrx_word' id='word_1_405' title='bbox 972 4718 1057 4764; x_wconf 87' lang='grc' dir='ltr'>τις</span> <span class='ocrx_word' id='word_1_406' title='bbox 1113 4701 1539 4772; x_wconf 86' lang='grc' dir='ltr'>ἀνδραποδιστὴς</span> <span class='ocrx_word' id='word_1_407' title='bbox 1585 4704 1679 4755; x_wconf 70' lang='grc' dir='ltr'>καὶ</span> <span class='ocrx_word' id='word_1_408' title='bbox 1732 4705 1951 4774; x_wconf 79' lang='grc' dir='ltr'>οἰκέτης</span> 
     </span>
    </p>
   </div>
   <div class='ocr_carea' id='block_1_51' title="bbox 377 4788 1951 4863">
    <p class='ocr_par' dir='ltr' id='par_1_51' title="bbox 377 4788 1951 4863">
     <span class='ocr_line' id='line_1_51' title="bbox 377 4788 1951 4863; baseline -0.002 -16"><span class='ocrx_word' id='word_1_409' title='bbox 377 4792 670 4863; x_wconf 83' lang='grc' dir='ltr'>ἀγνώμων,</span> <span class='ocrx_word' id='word_1_410' title='bbox 710 4790 800 4843; x_wconf 88' lang='grc' dir='ltr'>τὸν</span> <span class='ocrx_word' id='word_1_411' title='bbox 833 4788 1112 4860; x_wconf 86' lang='grc' dir='ltr'>ἐλεύθερον</span> <span class='ocrx_word' id='word_1_412' title='bbox 1138 4790 1218 4852; x_wconf 84' lang='grc' dir='ltr'>εἰς</span> <span class='ocrx_word' id='word_1_413' title='bbox 1250 4788 1349 4858; x_wconf 82' lang='grc' dir='ltr'>τὴν</span> <span class='ocrx_word' id='word_1_414' title='bbox 1387 4790 1556 4859; x_wconf 76' lang='grc' dir='ltr'>αὐτὴν</span> <span class='ocrx_word' id='word_1_415' title='bbox 1592 4789 1834 4861; x_wconf 81' lang='grc' dir='ltr'>βιάζεται</span> <span class='ocrx_word' id='word_1_416' title='bbox 1871 4791 1951 4862; x_wconf 82' lang='grc' dir='ltr'>τῷ</span> 
     </span>
    </p>
   </div>
   <div class='ocr_carea' id='block_1_52' title="bbox 379 4877 1954 4952">
    <p class='ocr_par' dir='ltr' id='par_1_52' title="bbox 379 4877 1954 4952">
     <span class='ocr_line' id='line_1_52' title="bbox 379 4877 1954 4952; baseline 0 -18"><span class='ocrx_word' id='word_1_417' title='bbox 379 4877 852 4952; x_wconf 86' lang='grc' dir='ltr'>προσκεκρουκότι</span> <span class='ocrx_word' id='word_1_418' title='bbox 892 4879 1223 4944; x_wconf 86' lang='grc' dir='ltr'>καταγαγεῖν</span> <span class='ocrx_word' id='word_1_419' title='bbox 1285 4877 1580 4931; x_wconf 71' lang='grc' dir='ltr'>εὐτέλειαν.</span> <span class='ocrx_word' id='word_1_420' title='bbox 1645 4879 1754 4930; x_wconf 72' lang='grc' dir='ltr'>Καὶ</span> <span class='ocrx_word' id='word_1_421' title='bbox 1806 4878 1954 4934; x_wconf 86' lang='grc' dir='ltr'>δοκεῖ</span> 
     </span>
    </p>
   </div>
   <div class='ocr_carea' id='block_1_53' title="bbox 380 4961 1949 5039">
    <p class='ocr_par' dir='ltr' id='par_1_53' title="bbox 380 4961 1949 5039">
     <span class='ocr_line' id='line_1_53' title="bbox 380 4961 1949 5039; baseline 0.002 -19"><span class='ocrx_word' id='word_1_422' title='bbox 380 4969 480 5038; x_wconf 83' lang='grc' dir='ltr'>μὲν</span> <span class='ocrx_word' id='word_1_423' title='bbox 508 4968 609 5039; x_wconf 82' lang='grc' dir='ltr'>τὴν</span> <span class='ocrx_word' id='word_1_424' title='bbox 649 4967 832 5035; x_wconf 85' lang='grc' dir='ltr'>κρίσιν</span> <span class='ocrx_word' id='word_1_425' title='bbox 864 4967 1126 5035; x_wconf 87' lang='grc' dir='ltr'>ἀναιρεῖν,</span> <span class='ocrx_word' id='word_1_426' title='bbox 1159 4965 1374 5035; x_wconf 89' lang='grc' dir='ltr'>ἀναιρεί</span> <span class='ocrx_word' id='word_1_427' title='bbox 1420 4964 1477 5017; x_wconf 91' lang='grc' dir='ltr'>δέ</span> <span class='ocrx_word' id='word_1_428' title='bbox 1526 4965 1585 5017; x_wconf 89' lang='grc' dir='ltr'>τὸ</span> <span class='ocrx_word' id='word_1_429' title='bbox 1612 4961 1753 5018; x_wconf 81' lang='grc' dir='ltr'>εἶναι</span> <span class='ocrx_word' id='word_1_430' title='bbox 1794 4966 1949 5023; x_wconf 88' lang='grc' dir='ltr'>Θεόν.</span> 
     </span>
    </p>
   </div>
   <div class='ocr_carea' id='block_1_54' title="bbox 380 5051 1951 5124">
    <p class='ocr_par' dir='ltr' id='par_1_54' title="bbox 380 5051 1951 5124">
     <span class='ocr_line' id='line_1_54' title="bbox 380 5051 1951 5124; baseline -0.002 -15"><span class='ocrx_word' id='word_1_431' title='bbox 380 5054 630 5117; x_wconf 86' lang='grc' dir='ltr'>Τοιοῦτος</span> <span class='ocrx_word' id='word_1_432' title='bbox 668 5054 776 5123; x_wconf 77' lang='grc' dir='ltr'>γὰρ</span> <span class='ocrx_word' id='word_1_433' title='bbox 811 5053 897 5107; x_wconf 78' lang='grc' dir='ltr'>ἀεὶ</span> <span class='ocrx_word' id='word_1_434' title='bbox 926 5057 954 5106; x_wconf 97' lang='lat'>6</span> <span class='ocrx_word' id='word_1_435' title='bbox 995 5051 1265 5116; x_wconf 87' lang='grc' dir='ltr'>διάϐολος,</span> <span class='ocrx_word' id='word_1_436' title='bbox 1315 5052 1570 5124; x_wconf 78' lang='grc' dir='ltr'>μεθοδείᾳ</span> <span class='ocrx_word' id='word_1_437' title='bbox 1613 5052 1810 5118; x_wconf 85' lang='grc' dir='ltr'>πάντα,</span> <span class='ocrx_word' id='word_1_438' title='bbox 1855 5053 1951 5107; x_wconf 65' lang='lat' dir='ltr'>xal</span> 
     </span>
    </p>
   </div>
   <div class='ocr_carea' id='block_1_55' title="bbox 378 5140 1950 5214">
    <p class='ocr_par' dir='ltr' id='par_1_55' title="bbox 378 5140 1950 5214">
     <span class='ocr_line' id='line_1_55' title="bbox 378 5140 1950 5214; baseline -0.002 -16"><span class='ocrx_word' id='word_1_439' title='bbox 378 5145 477 5198; x_wconf 75' lang='grc' dir='ltr'>οὐκ</span> <span class='ocrx_word' id='word_1_440' title='bbox 511 5144 570 5208; x_wconf 81' lang='grc' dir='ltr'>ἐξ</span> <span class='ocrx_word' id='word_1_441' title='bbox 595 5142 808 5204; x_wconf 81' lang='grc' dir='ltr'>εὐθείας</span> <span class='ocrx_word' id='word_1_442' title='bbox 838 5140 1149 5212; x_wconf 76' lang='grc' dir='ltr'>προϐάλλει,</span> <span class='ocrx_word' id='word_1_443' title='bbox 1183 5140 1266 5193; x_wconf 87' lang='grc' dir='ltr'>ἵνα</span> <span class='ocrx_word' id='word_1_444' title='bbox 1297 5140 1712 5210; x_wconf 80' lang='grc' dir='ltr'>φυλαττώμεθα.</span> <span class='ocrx_word' id='word_1_445' title='bbox 1742 5143 1805 5194; x_wconf 74' lang='lat' dir='ltr'>El</span> <span class='ocrx_word' id='word_1_446' title='bbox 1828 5143 1950 5214; x_wconf 91' lang='grc' dir='ltr'>κρί-</span> 
     </span>
    </p>
   </div>
   <div class='ocr_carea' id='block_1_56' title="bbox 381 5227 1953 5302">
    <p class='ocr_par' dir='ltr' id='par_1_56' title="bbox 381 5227 1953 5302">
     <span class='ocr_line' id='line_1_56' title="bbox 381 5227 1953 5302; baseline 0 -19"><span class='ocrx_word' id='word_1_447' title='bbox 381 5248 466 5294; x_wconf 89' lang='grc' dir='ltr'>σις</span> <span class='ocrx_word' id='word_1_448' title='bbox 499 5231 597 5284; x_wconf 76' lang='grc' dir='ltr'>οὐκ</span> <span class='ocrx_word' id='word_1_449' title='bbox 622 5230 786 5291; x_wconf 79' lang='grc' dir='ltr'>ἐστιν,</span> <span class='ocrx_word' id='word_1_450' title='bbox 815 5228 916 5281; x_wconf 82' lang='grc' dir='ltr'>οὐκ</span> <span class='ocrx_word' id='word_1_451' title='bbox 945 5228 1058 5281; x_wconf 76' lang='grc' dir='ltr'>ἐστι</span> <span class='ocrx_word' id='word_1_452' title='bbox 1091 5227 1293 5291; x_wconf 89' lang='grc' dir='ltr'>δίκαιος</span> <span class='ocrx_word' id='word_1_453' title='bbox 1321 5229 1349 5280; x_wconf 91' lang='lat'>6</span> <span class='ocrx_word' id='word_1_454' title='bbox 1379 5228 1508 5291; x_wconf 88' lang='grc' dir='ltr'>Θεός</span> <span class='ocrx_word' id='word_1_455' title='bbox 1531 5245 1547 5257; x_wconf 73' lang='grc' dir='ltr'>ο</span> <span class='ocrx_word' id='word_1_456' title='bbox 1580 5229 1718 5282; x_wconf 81' lang='grc' dir='ltr'>κατά</span> <span class='ocrx_word' id='word_1_457' title='bbox 1751 5230 1953 5302; x_wconf 77' lang='grc' dir='ltr'>ἄνθρωο</span> 
     </span>
    </p>
   </div>
   <div class='ocr_carea' id='block_1_57' title="bbox 380 5316 1951 5385">
    <p class='ocr_par' dir='ltr' id='par_1_57' title="bbox 380 5316 1951 5385">
     <span class='ocr_line' id='line_1_57' title="bbox 380 5316 1951 5385; baseline 0.001 -15"><span class='ocrx_word' id='word_1_458' title='bbox 380 5335 482 5371; x_wconf 85' lang='grc' dir='ltr'>πον</span> <span class='ocrx_word' id='word_1_459' title='bbox 507 5317 651 5385; x_wconf 90' lang='grc' dir='ltr'>λέγω</span> <span class='ocrx_word' id='word_1_460' title='bbox 674 5333 689 5345; x_wconf 80' lang='lat'><strong><em>°</em></strong></span> <span class='ocrx_word' id='word_1_461' title='bbox 726 5318 772 5370; x_wconf 90' lang='grc' dir='ltr'>εἰ</span> <span class='ocrx_word' id='word_1_462' title='bbox 807 5316 1015 5378; x_wconf 82' lang='grc' dir='ltr'>δίκαιος</span> <span class='ocrx_word' id='word_1_463' title='bbox 1061 5316 1158 5368; x_wconf 77' lang='grc' dir='ltr'>οὐκ</span> <span class='ocrx_word' id='word_1_464' title='bbox 1205 5316 1351 5368; x_wconf 81' lang='grc' dir='ltr'>ἐστιν</span> <span class='ocrx_word' id='word_1_465' title='bbox 1391 5318 1419 5368; x_wconf 80' lang='grc' dir='ltr'>ὁ</span> <span class='ocrx_word' id='word_1_466' title='bbox 1465 5317 1616 5380; x_wconf 82' lang='grc' dir='ltr'>Θεὸς,</span> <span class='ocrx_word' id='word_1_467' title='bbox 1662 5317 1785 5370; x_wconf 80' lang='grc' dir='ltr'>οὐδὲ</span> <span class='ocrx_word' id='word_1_468' title='bbox 1820 5317 1951 5380; x_wconf 85' lang='grc' dir='ltr'>Θεὸς</span> 
     </span>
    </p>
   </div>
   <div class='ocr_carea' id='block_1_58' title="bbox 381 5403 1948 5477">
    <p class='ocr_par' dir='ltr' id='par_1_58' title="bbox 381 5403 1948 5477">
     <span class='ocr_line' id='line_1_58' title="bbox 381 5403 1948 5477; baseline 0.001 -19"><span class='ocrx_word' id='word_1_469' title='bbox 381 5407 529 5460; x_wconf 65' lang='grc' dir='ltr'>ἔστιν</span> <span class='ocrx_word' id='word_1_470' title='bbox 551 5423 566 5438; x_wconf 80' lang='grc' dir='ltr'><strong><em>ο</em></strong></span> <span class='ocrx_word' id='word_1_471' title='bbox 627 5406 675 5457; x_wconf 88' lang='grc' dir='ltr'>εί</span> <span class='ocrx_word' id='word_1_472' title='bbox 709 5405 840 5468; x_wconf 86' lang='grc' dir='ltr'>Θεὸς</span> <span class='ocrx_word' id='word_1_473' title='bbox 872 5405 972 5457; x_wconf 82' lang='grc' dir='ltr'>οὐκ</span> <span class='ocrx_word' id='word_1_474' title='bbox 1025 5403 1190 5466; x_wconf 80' lang='grc' dir='ltr'>ἔστιν,</span> <span class='ocrx_word' id='word_1_475' title='bbox 1221 5403 1406 5467; x_wconf 83' lang='grc' dir='ltr'>ἁπλῶς</span> <span class='ocrx_word' id='word_1_476' title='bbox 1456 5405 1669 5458; x_wconf 79' lang='grc' dir='ltr'>ἅπαντα</span> <span class='ocrx_word' id='word_1_477' title='bbox 1704 5406 1948 5477; x_wconf 85' lang='grc' dir='ltr'>φέρεται,</span> 
     </span>
    </p>
   </div>
   <div class='ocr_carea' id='block_1_59' title="bbox 380 5491 1950 5564">
    <p class='ocr_par' dir='ltr' id='par_1_59' title="bbox 380 5491 1950 5564">
     <span class='ocr_line' id='line_1_59' title="bbox 380 5491 1950 5564; baseline 0.001 -18"><span class='ocrx_word' id='word_1_478' title='bbox 380 5494 532 5546; x_wconf 81' lang='grc' dir='ltr'>οὐδὲν</span> <span class='ocrx_word' id='word_1_479' title='bbox 570 5493 759 5564; x_wconf 86' lang='grc' dir='ltr'>ἀρετὴ,</span> <span class='ocrx_word' id='word_1_480' title='bbox 795 5493 946 5544; x_wconf 76' lang='grc' dir='ltr'>οὐδὲν</span> <span class='ocrx_word' id='word_1_481' title='bbox 981 5493 1168 5544; x_wconf 80' lang='grc' dir='ltr'>κακία.</span> <span class='ocrx_word' id='word_1_482' title='bbox 1213 5491 1351 5544; x_wconf 77' lang='grc' dir='ltr'>Ἀλλ’</span> <span class='ocrx_word' id='word_1_483' title='bbox 1390 5493 1539 5544; x_wconf 79' lang='grc' dir='ltr'>οὐδὲν</span> <span class='ocrx_word' id='word_1_484' title='bbox 1571 5494 1774 5546; x_wconf 81' lang='grc' dir='ltr'>τούτων</span> <span class='ocrx_word' id='word_1_485' title='bbox 1803 5494 1950 5562; x_wconf 88' lang='grc' dir='ltr'>λέγει</span> 
     </span>
    </p>
   </div>
   <div class='ocr_carea' id='block_1_60' title="bbox 383 5576 1951 5654">
    <p class='ocr_par' dir='ltr' id='par_1_60' title="bbox 383 5576 1951 5654">
     <span class='ocr_line' id='line_1_60' title="bbox 383 5576 1951 5654; baseline 0.002 -20"><span class='ocrx_word' id='word_1_486' title='bbox 383 5581 649 5652; x_wconf 79' lang='grc' dir='ltr'>φανερῶς.</span> <span class='ocrx_word' id='word_1_487' title='bbox 679 5576 830 5641; x_wconf 82' lang='grc' dir='ltr'>Εἶδες</span> <span class='ocrx_word' id='word_1_488' title='bbox 859 5579 950 5632; x_wconf 86' lang='grc' dir='ltr'>τοῦ</span> <span class='ocrx_word' id='word_1_489' title='bbox 985 5579 1270 5634; x_wconf 86' lang='grc' dir='ltr'>σατανικοῦ</span> <span class='ocrx_word' id='word_1_490' title='bbox 1304 5579 1680 5652; x_wconf 79' lang='grc' dir='ltr'>ἐνθυμήματος</span> <span class='ocrx_word' id='word_1_491' title='bbox 1709 5583 1806 5654; x_wconf 80' lang='grc' dir='ltr'>τὴν</span> <span class='ocrx_word' id='word_1_492' title='bbox 1837 5584 1951 5638; x_wconf 88' lang='grc' dir='ltr'>διά-</span> 
     </span>
    </p>
   </div>
   <div class='ocr_carea' id='block_1_61' title="bbox 383 5667 1945 5739">
    <p class='ocr_par' dir='ltr' id='par_1_61' title="bbox 383 5667 1945 5739">
     <span class='ocr_line' id='line_1_61' title="bbox 383 5667 1945 5739; baseline 0.002 -18"><span class='ocrx_word' id='word_1_493' title='bbox 383 5687 574 5736; x_wconf 69' lang='grc' dir='ltr'>νοιανς</span> <span class='ocrx_word' id='word_1_494' title='bbox 618 5668 734 5732; x_wconf 84' lang='grc' dir='ltr'>πῶς</span> <span class='ocrx_word' id='word_1_495' title='bbox 760 5668 820 5730; x_wconf 82' lang='grc' dir='ltr'>ἐξ</span> <span class='ocrx_word' id='word_1_496' title='bbox 850 5667 1151 5737; x_wconf 86' lang='grc' dir='ltr'>ἀνθρώπων</span> <span class='ocrx_word' id='word_1_497' title='bbox 1199 5667 1369 5734; x_wconf 85' lang='grc' dir='ltr'>ἄλογα</span> <span class='ocrx_word' id='word_1_498' title='bbox 1409 5667 1655 5737; x_wconf 86' lang='grc' dir='ltr'>βούλεται</span> <span class='ocrx_word' id='word_1_499' title='bbox 1703 5673 1945 5739; x_wconf 79' lang='grc' dir='ltr'>ποιῆσαι,</span> 
     </span>
    </p>
   </div>
   <div class='ocr_carea' id='block_1_62' title="bbox 389 5755 1949 5829">
    <p class='ocr_par' dir='ltr' id='par_1_62' title="bbox 389 5755 1949 5829">
     <span class='ocr_line' id='line_1_62' title="bbox 389 5755 1949 5829; baseline 0.003 -22"><span class='ocrx_word' id='word_1_500' title='bbox 389 5756 587 5826; x_wconf 70' lang='grc' dir='ltr'>μᾶλλον</span> <span class='ocrx_word' id='word_1_501' title='bbox 619 5757 676 5808; x_wconf 86' lang='grc' dir='ltr'>δὲ</span> <span class='ocrx_word' id='word_1_502' title='bbox 733 5756 918 5826; x_wconf 84' lang='grc' dir='ltr'>θηρία,</span> <span class='ocrx_word' id='word_1_503' title='bbox 969 5755 1169 5825; x_wconf 82' lang='grc' dir='ltr'>μᾶλλον</span> <span class='ocrx_word' id='word_1_504' title='bbox 1218 5755 1274 5807; x_wconf 83' lang='grc' dir='ltr'>δέ</span> <span class='ocrx_word' id='word_1_505' title='bbox 1306 5756 1594 5827; x_wconf 85' lang='grc' dir='ltr'>δαίμονας;</span> <span class='ocrx_word' id='word_1_506' title='bbox 1633 5757 1724 5829; x_wconf 84' lang='grc' dir='ltr'>Μὴ</span> <span class='ocrx_word' id='word_1_507' title='bbox 1771 5759 1949 5813; x_wconf 86' lang='grc' dir='ltr'>τοίνυν</span> 
     </span>
    </p>
   </div>
   <div class='ocr_carea' id='block_1_63' title="bbox 388 5842 1940 5918">
    <p class='ocr_par' dir='ltr' id='par_1_63' title="bbox 388 5842 1940 5918">
     <span class='ocr_line' id='line_1_63' title="bbox 388 5842 1940 5918; baseline 0.004 -22"><span class='ocrx_word' id='word_1_508' title='bbox 388 5842 721 5914; x_wconf 78' lang='grc' dir='ltr'>πειθώμεθα.</span> <span class='ocrx_word' id='word_1_509' title='bbox 752 5844 904 5898; x_wconf 82' lang='grc' dir='ltr'>’Ἐστι</span> <span class='ocrx_word' id='word_1_510' title='bbox 929 5843 1037 5913; x_wconf 75' lang='grc' dir='ltr'>γὰρ</span> <span class='ocrx_word' id='word_1_511' title='bbox 1071 5843 1270 5914; x_wconf 81' lang='grc' dir='ltr'>κρίσις,</span> <span class='ocrx_word' id='word_1_512' title='bbox 1301 5842 1450 5896; x_wconf 75' lang='grc' dir='ltr'>ἄθλιε</span> <span class='ocrx_word' id='word_1_513' title='bbox 1488 5845 1579 5899; x_wconf 80' lang='grc' dir='ltr'>καὶ</span> <span class='ocrx_word' id='word_1_514' title='bbox 1607 5846 1940 5918; x_wconf 78' lang='grc' dir='ltr'>ταλαίπωρε.</span> 
     </span>
    </p>
   </div>
   <div class='ocr_carea' id='block_1_64' title="bbox 1308 383 2741 454">
    <p class='ocr_par' dir='ltr' id='par_1_64' title="bbox 1308 383 2741 454">
     <span class='ocr_line' id='line_1_64' title="bbox 1308 383 2741 454; baseline 0.01 -15"><span class='ocrx_word' id='word_1_515' title='bbox 1308 383 1378 439; x_wconf 80' lang='grc' dir='ltr'>ΙΝ</span> <span class='ocrx_word' id='word_1_516' title='bbox 1410 384 1628 442; x_wconf 72' lang='grc' dir='ltr'>ΕΡΙΞΤ.</span> <span class='ocrx_word' id='word_1_517' title='bbox 1679 388 2092 446; x_wconf 68' lang='lat' dir='ltr'>AD‘COLOSS:</span> <span class='ocrx_word' id='word_1_518' title='bbox 2128 393 2279 450; x_wconf 82' lang='lat' dir='ltr'>CAP.</span> <span class='ocrx_word' id='word_1_519' title='bbox 2322 396 2359 449; x_wconf 91' lang='grc' dir='ltr'>Ι.</span> <span class='ocrx_word' id='word_1_520' title='bbox 2402 395 2634 453; x_wconf 79' lang='lat' dir='ltr'>IIOMIL.</span> <span class='ocrx_word' id='word_1_521' title='bbox 2678 399 2741 454; x_wconf 85' lang='lat' dir='ltr'><strong>ll.</strong></span> 
     </span>
    </p>
   </div>
   <div class='ocr_carea' id='block_1_65' title="bbox 3524 404 3652 460">
    <p class='ocr_par' dir='ltr' id='par_1_65' title="bbox 3524 404 3652 460">
     <span class='ocr_line' id='line_1_65' title="bbox 3524 404 3652 460; baseline 0 0"><span class='ocrx_word' id='word_1_522' title='bbox 3524 404 3652 460; x_wconf 75' lang='lat'>516’-</span> 
     </span>
    </p>
   </div>
   <div class='ocr_carea' id='block_1_66' title="bbox 2067 504 3633 588">
    <p class='ocr_par' dir='ltr' id='par_1_66' title="bbox 2067 504 3633 588">
     <span class='ocr_line' id='line_1_66' title="bbox 2067 504 3633 588; baseline 0.007 -27"><span class='ocrx_word' id='word_1_523' title='bbox 2067 504 2196 564; x_wconf 73' lang='grc' dir='ltr'>Οἶδα</span> <span class='ocrx_word' id='word_1_524' title='bbox 2243 513 2404 566; x_wconf 86' lang='grc' dir='ltr'>πόθεν</span> <span class='ocrx_word' id='word_1_525' title='bbox 2433 513 2586 588; x_wconf 77' lang='grc' dir='ltr'>-ἔρχῃ</span> <span class='ocrx_word' id='word_1_526' title='bbox 2640 516 2732 568; x_wconf 71' lang='grc' dir='ltr'>ἐπὶ</span> <span class='ocrx_word' id='word_1_527' title='bbox 2773 517 2991 581; x_wconf 85' lang='grc' dir='ltr'>τούτους</span> <span class='ocrx_word' id='word_1_528' title='bbox 3029 518 3154 581; x_wconf 68' lang='grc' dir='ltr'>τοῦς</span> <span class='ocrx_word' id='word_1_529' title='bbox 3202 517 3425 585; x_wconf 86' lang='grc' dir='ltr'>λόγους·</span> <span class='ocrx_word' id='word_1_530' title='bbox 3462 519 3633 573; x_wconf 85' lang='grc' dir='ltr'>πολλά</span> 
     </span>
    </p>
   </div>
   <div class='ocr_carea' id='block_1_67' title="bbox 2067 603 3631 679">
    <p class='ocr_par' dir='ltr' id='par_1_67' title="bbox 2067 603 3631 679">
     <span class='ocr_line' id='line_1_67' title="bbox 2067 603 3631 679; baseline 0.006 -26"><span class='ocrx_word' id='word_1_531' title='bbox 2067 618 2148 653; x_wconf 92' lang='grc' dir='ltr'>σοι</span> <span class='ocrx_word' id='word_1_532' title='bbox 2171 603 2481 675; x_wconf 80' lang='grc' dir='ltr'>ἡμάρτηται</span> <span class='ocrx_word' id='word_1_533' title='bbox 2493 646 2506 668; x_wconf 90' lang='grc'>,</span> <span class='ocrx_word' id='word_1_534' title='bbox 2525 607 2993 677; x_wconf 80' lang='grc' dir='ltr'>προσκέκρουκας,</span> <span class='ocrx_word' id='word_1_535' title='bbox 3029 607 3337 679; x_wconf 75' lang='grc' dir='ltr'>παρρησίαν</span> <span class='ocrx_word' id='word_1_536' title='bbox 3353 609 3451 660; x_wconf 82' lang='grc' dir='ltr'>οὐκ</span> <span class='ocrx_word' id='word_1_537' title='bbox 3467 609 3631 678; x_wconf 76' lang='grc' dir='ltr'>ἔχεις,</span> 
     </span>
    </p>
   </div>
   <div class='ocr_carea' id='block_1_68' title="bbox 2061 688 3634 766">
    <p class='ocr_par' dir='ltr' id='par_1_68' title="bbox 2061 688 3634 766">
     <span class='ocr_line' id='line_1_68' title="bbox 2061 688 3634 766; baseline 0.007 -26"><span class='ocrx_word' id='word_1_538' title='bbox 2061 688 2161 740; x_wconf 81' lang='grc' dir='ltr'>οίει</span> <span class='ocrx_word' id='word_1_539' title='bbox 2187 692 2297 752; x_wconf 88' lang='grc' dir='ltr'>τοῖς</span> <span class='ocrx_word' id='word_1_540' title='bbox 2319 693 2430 750; x_wconf 82' lang='grc' dir='ltr'>σοῖς</span> <span class='ocrx_word' id='word_1_541' title='bbox 2459 692 2635 760; x_wconf 87' lang='grc' dir='ltr'>λόγοις</span> <span class='ocrx_word' id='word_1_542' title='bbox 2666 693 2977 747; x_wconf 81' lang='grc' dir='ltr'>ἀκολουθεῖν</span> <span class='ocrx_word' id='word_1_543' title='bbox 3007 697 3101 747; x_wconf 71' lang='grc' dir='ltr'>καὶ</span> <span class='ocrx_word' id='word_1_544' title='bbox 3125 694 3222 766; x_wconf 82' lang='grc' dir='ltr'>τὴν</span> <span class='ocrx_word' id='word_1_545' title='bbox 3247 694 3354 747; x_wconf 82' lang='grc' dir='ltr'>τῶν</span> <span class='ocrx_word' id='word_1_546' title='bbox 3378 699 3634 766; x_wconf 88' lang='grc' dir='ltr'>πραγμά-</span> 
     </span>
    </p>
   </div>
   <div class='ocr_carea' id='block_1_69' title="bbox 2060 777 3631 854">
    <p class='ocr_par' dir='ltr' id='par_1_69' title="bbox 2060 777 3631 854">
     <span class='ocr_line' id='line_1_69' title="bbox 2060 777 3631 854; baseline 0.015 -25"><span class='ocrx_word' id='word_1_547' title='bbox 2060 794 2170 830; x_wconf 87' lang='grc' dir='ltr'>των</span> <span class='ocrx_word' id='word_1_548' title='bbox 2201 777 2381 845; x_wconf 83' lang='grc' dir='ltr'>φύσιν.</span> <span class='ocrx_word' id='word_1_549' title='bbox 2416 779 2565 844; x_wconf 89' lang='grc' dir='ltr'>Τέως</span> <span class='ocrx_word' id='word_1_550' title='bbox 2599 782 2672 852; x_wconf 83' lang='grc' dir='ltr'>μὴ</span> <span class='ocrx_word' id='word_1_551' title='bbox 2706 783 2973 852; x_wconf 83' lang='grc' dir='ltr'>ὀδυνήσω,</span> <span class='ocrx_word' id='word_1_552' title='bbox 3028 783 3185 852; x_wconf 54' lang='grc' dir='ltr'>φησὶ.</span> <span class='ocrx_word' id='word_1_553' title='bbox 3226 783 3324 852; x_wconf 83' lang='grc' dir='ltr'>τὴν</span> <span class='ocrx_word' id='word_1_554' title='bbox 3366 783 3541 853; x_wconf 61' lang='grc' dir='ltr'>ψοχῆν</span> <span class='ocrx_word' id='word_1_555' title='bbox 3564 787 3631 854; x_wconf 74' lang='grc' dir='ltr'>τῇ</span> 
     </span>
    </p>
   </div>
   <div class='ocr_carea' id='block_1_70' title="bbox 2061 865 3634 942">
    <p class='ocr_par' dir='ltr' id='par_1_70' title="bbox 2061 865 3634 942">
     <span class='ocr_line' id='line_1_70' title="bbox 2061 865 3634 942; baseline 0.004 -25"><span class='ocrx_word' id='word_1_556' title='bbox 2061 865 2357 937; x_wconf 77' lang='grc' dir='ltr'>προσδοκίᾳ</span> <span class='ocrx_word' id='word_1_557' title='bbox 2393 867 2492 938; x_wconf 87' lang='grc' dir='ltr'>τῆς</span> <span class='ocrx_word' id='word_1_558' title='bbox 2514 867 2733 938; x_wconf 83' lang='grc' dir='ltr'>γεέννης</span> <span class='ocrx_word' id='word_1_559' title='bbox 2753 889 2766 900; x_wconf 78' lang='grc' dir='ltr'>ο</span> <span class='ocrx_word' id='word_1_560' title='bbox 2811 871 2911 923; x_wconf 70' lang='grc' dir='ltr'>κᾶν</span> <span class='ocrx_word' id='word_1_561' title='bbox 3011 871 3224 937; x_wconf 83' lang='grc' dir='ltr'>γέεννα,</span> <span class='ocrx_word' id='word_1_562' title='bbox 3259 871 3433 924; x_wconf 85' lang='grc' dir='ltr'>πείσω</span> <span class='ocrx_word' id='word_1_563' title='bbox 3465 869 3634 942; x_wconf 76' lang='grc' dir='ltr'>αὐτὴν</span> 
     </span>
    </p>
   </div>
   <div class='ocr_carea' id='block_1_71' title="bbox 2059 953 3634 1032">
    <p class='ocr_par' dir='ltr' id='par_1_71' title="bbox 2059 953 3634 1032">
     <span class='ocr_line' id='line_1_71' title="bbox 2059 953 3634 1032; baseline 0.005 -26"><span class='ocrx_word' id='word_1_564' title='bbox 2059 953 2270 1007; x_wconf 85' lang='grc' dir='ltr'>ὅτιούκ</span> <span class='ocrx_word' id='word_1_565' title='bbox 2287 954 2403 1008; x_wconf 79' lang='grc' dir='ltr'>ἐστι</span> <span class='ocrx_word' id='word_1_566' title='bbox 2423 971 2435 982; x_wconf 93' lang='grc'><strong>·</strong></span> <span class='ocrx_word' id='word_1_567' title='bbox 2466 955 2602 1018; x_wconf 89' lang='grc' dir='ltr'>τέως</span> <span class='ocrx_word' id='word_1_568' title='bbox 2631 957 2863 1010; x_wconf 84' lang='grc' dir='ltr'>ἐνταῦθα</span> <span class='ocrx_word' id='word_1_569' title='bbox 2889 961 3172 1030; x_wconf 79' lang='grc' dir='ltr'>τρυφήσω.</span> <span class='ocrx_word' id='word_1_570' title='bbox 3204 960 3304 1012; x_wconf 87' lang='grc' dir='ltr'>Διά</span> <span class='ocrx_word' id='word_1_571' title='bbox 3335 959 3387 1011; x_wconf 91' lang='grc' dir='ltr'>τί</span> <span class='ocrx_word' id='word_1_572' title='bbox 3413 977 3634 1032; x_wconf 88' lang='grc' dir='ltr'>προστι-</span> 
     </span>
    </p>
   </div>
   <div class='ocr_carea' id='block_1_72' title="bbox 2061 1039 3634 1119">
    <p class='ocr_par' dir='ltr' id='par_1_72' title="bbox 2061 1039 3634 1119">
     <span class='ocr_line' id='line_1_72' title="bbox 2061 1039 3634 1119; baseline 0.005 -26"><span class='ocrx_word' id='word_1_573' title='bbox 2061 1039 2171 1104; x_wconf 82' lang='grc' dir='ltr'>θεῖς</span> <span class='ocrx_word' id='word_1_574' title='bbox 2237 1043 2610 1113; x_wconf 82' lang='grc' dir='ltr'>ἁμαρτήματα</span> <span class='ocrx_word' id='word_1_575' title='bbox 2683 1046 3109 1118; x_wconf 74' lang='grc' dir='ltr'>ἀμαρτήμασινς</span> <span class='ocrx_word' id='word_1_576' title='bbox 3169 1048 3266 1101; x_wconf 78' lang='grc' dir='ltr'>Ἂν</span> <span class='ocrx_word' id='word_1_577' title='bbox 3310 1047 3634 1119; x_wconf 78' lang='grc' dir='ltr'>ἁμαρτήσας</span> 
     </span>
    </p>
   </div>
   <div class='ocr_carea' id='block_1_73' title="bbox 2060 1124 3630 1206">
    <p class='ocr_par' dir='ltr' id='par_1_73' title="bbox 2060 1124 3630 1206">
     <span class='ocr_line' id='line_1_73' title="bbox 2060 1124 3630 1206; baseline 0.006 -26"><span class='ocrx_word' id='word_1_578' title='bbox 2060 1131 2357 1200; x_wconf 81' lang='grc' dir='ltr'>πιστεύσῃς</span> <span class='ocrx_word' id='word_1_579' title='bbox 2389 1124 2529 1184; x_wconf 79' lang='grc' dir='ltr'>εἶναι</span> <span class='ocrx_word' id='word_1_580' title='bbox 2570 1131 2819 1199; x_wconf 83' lang='grc' dir='ltr'>γέενναν,</span> <span class='ocrx_word' id='word_1_581' title='bbox 2839 1135 3128 1206; x_wconf 62' lang='grc' dir='ltr'>ἀπελέύσῃ,</span> <span class='ocrx_word' id='word_1_582' title='bbox 3153 1135 3264 1195; x_wconf 85' lang='grc' dir='ltr'>τῶν</span> <span class='ocrx_word' id='word_1_583' title='bbox 3299 1137 3630 1205; x_wconf 54' lang='grc' dir='ltr'>ἁμάρτημά*</span> 
     </span>
    </p>
   </div>
   <div class='ocr_carea' id='block_1_74' title="bbox 2057 1215 3633 1292">
    <p class='ocr_par' dir='ltr' id='par_1_74' title="bbox 2057 1215 3633 1292">
     <span class='ocr_line' id='line_1_74' title="bbox 2057 1215 3633 1292; baseline 0.005 -25"><span class='ocrx_word' id='word_1_584' title='bbox 2057 1232 2164 1268; x_wconf 90' lang='grc' dir='ltr'>των</span> <span class='ocrx_word' id='word_1_585' title='bbox 2192 1215 2351 1285; x_wconf 89' lang='grc' dir='ltr'>μόνον</span> <span class='ocrx_word' id='word_1_586' title='bbox 2387 1217 2548 1270; x_wconf 87' lang='grc' dir='ltr'>τίνων</span> <span class='ocrx_word' id='word_1_587' title='bbox 2569 1219 2726 1290; x_wconf 87' lang='grc' dir='ltr'>δίκην</span> <span class='ocrx_word' id='word_1_588' title='bbox 2744 1235 2757 1250; x_wconf 69' lang='grc' dir='ltr'><strong>ο</strong></span> <span class='ocrx_word' id='word_1_589' title='bbox 2808 1219 2875 1274; x_wconf 82' lang='grc' dir='ltr'>ἂν</span> <span class='ocrx_word' id='word_1_590' title='bbox 2908 1221 3091 1274; x_wconf 78' lang='grc' dir='ltr'>δὲκαὶ</span> <span class='ocrx_word' id='word_1_591' title='bbox 3115 1222 3274 1274; x_wconf 88' lang='grc' dir='ltr'>τοῦτο</span> <span class='ocrx_word' id='word_1_592' title='bbox 3309 1221 3548 1292; x_wconf 80' lang='grc' dir='ltr'>προσθῇς</span> <span class='ocrx_word' id='word_1_593' title='bbox 3571 1222 3633 1275; x_wconf 91' lang='grc' dir='ltr'>τὸ</span> 
     </span>
    </p>
   </div>
   <div class='ocr_carea' id='block_1_75' title="bbox 2059 1304 3634 1380">
    <p class='ocr_par' dir='ltr' id='par_1_75' title="bbox 2059 1304 3634 1380">
     <span class='ocr_line' id='line_1_75' title="bbox 2059 1304 3634 1380; baseline 0.006 -25"><span class='ocrx_word' id='word_1_594' title='bbox 2059 1304 2334 1375; x_wconf 88' lang='grc' dir='ltr'>ἀσέϐημα,</span> <span class='ocrx_word' id='word_1_595' title='bbox 2364 1305 2460 1359; x_wconf 74' lang='grc' dir='ltr'>καὶ</span> <span class='ocrx_word' id='word_1_596' title='bbox 2492 1307 2591 1378; x_wconf 89' lang='grc' dir='ltr'>τῆς</span> <span class='ocrx_word' id='word_1_597' title='bbox 2615 1309 2872 1372; x_wconf 85' lang='grc' dir='ltr'>ἀσεϐείας</span> <span class='ocrx_word' id='word_1_598' title='bbox 2894 1310 2990 1364; x_wconf 78' lang='grc' dir='ltr'>καὶ</span> <span class='ocrx_word' id='word_1_599' title='bbox 3020 1308 3126 1363; x_wconf 91' lang='grc' dir='ltr'>τοῦ.</span> <span class='ocrx_word' id='word_1_600' title='bbox 3154 1310 3413 1380; x_wconf 78' lang='grc' dir='ltr'>λογισμοῦ</span> <span class='ocrx_word' id='word_1_601' title='bbox 3435 1310 3634 1364; x_wconf 72' lang='grc' dir='ltr'>,τούτου</span> 
     </span>
    </p>
   </div>
   <div class='ocr_carea' id='block_1_76' title="bbox 2056 1390 3632 1468">
    <p class='ocr_par' dir='ltr' id='par_1_76' title="bbox 2056 1390 3632 1468">
     <span class='ocr_line' id='line_1_76' title="bbox 2056 1390 3632 1468; baseline 0.005 -25"><span class='ocrx_word' id='word_1_602' title='bbox 2056 1390 2248 1454; x_wconf 85' lang='grc' dir='ltr'>δώσεις</span> <span class='ocrx_word' id='word_1_603' title='bbox 2281 1391 2379 1464; x_wconf 83' lang='grc' dir='ltr'>τὴν</span> <span class='ocrx_word' id='word_1_604' title='bbox 2398 1395 2633 1464; x_wconf 79' lang='grc' dir='ltr'>ἐσχάτην</span> <span class='ocrx_word' id='word_1_605' title='bbox 2655 1395 2878 1449; x_wconf 85' lang='grc' dir='ltr'>κόλασιν</span> <span class='ocrx_word' id='word_1_606' title='bbox 2902 1411 2916 1434; x_wconf 62' lang='grc' dir='ltr'><strong><em>η</em></strong></span> <span class='ocrx_word' id='word_1_607' title='bbox 2949 1397 3044 1450; x_wconf 76' lang='grc' dir='ltr'>καὶ</span> <span class='ocrx_word' id='word_1_608' title='bbox 3072 1399 3130 1468; x_wconf 77' lang='grc' dir='ltr'>ἡ.</span> <span class='ocrx_word' id='word_1_609' title='bbox 3151 1399 3210 1450; x_wconf 92' lang='grc' dir='ltr'>ἐν</span> <span class='ocrx_word' id='word_1_610' title='bbox 3239 1398 3430 1468; x_wconf 84' lang='grc' dir='ltr'>βραχεῖ</span> <span class='ocrx_word' id='word_1_611' title='bbox 3477 1416 3632 1468; x_wconf 85' lang='grc' dir='ltr'>γενο-</span> 
     </span>
    </p>
   </div>
   <div class='ocr_carea' id='block_1_77' title="bbox 2061 1479 3635 1556">
    <p class='ocr_par' dir='ltr' id='par_1_77' title="bbox 2061 1479 3635 1556">
     <span class='ocr_line' id='line_1_77' title="bbox 2061 1479 3635 1556; baseline 0.006 -24"><span class='ocrx_word' id='word_1_612' title='bbox 2061 1479 2193 1551; x_wconf 87' lang='grc' dir='ltr'>μένη</span> <span class='ocrx_word' id='word_1_613' title='bbox 2224 1497 2307 1534; x_wconf 90' lang='grc' dir='ltr'>σοι</span> <span class='ocrx_word' id='word_1_614' title='bbox 2339 1482 2662 1552; x_wconf 89' lang='grc' dir='ltr'>παραμυθία</span> <span class='ocrx_word' id='word_1_615' title='bbox 2684 1483 2867 1556; x_wconf 79' lang='grc' dir='ltr'>ψυχρά</span> <span class='ocrx_word' id='word_1_616' title='bbox 2897 1483 3048 1538; x_wconf 76' lang='grc' dir='ltr'>ἔσται</span> <span class='ocrx_word' id='word_1_617' title='bbox 3077 1503 3158 1538; x_wconf 91' lang='grc' dir='ltr'>σοι</span> <span class='ocrx_word' id='word_1_618' title='bbox 3177 1486 3458 1556; x_wconf 79' lang='grc' dir='ltr'>διηνεκοῦς</span> <span class='ocrx_word' id='word_1_619' title='bbox 3479 1489 3635 1541; x_wconf 85' lang='grc' dir='ltr'>κολά-</span> 
     </span>
    </p>
   </div>
   <div class='ocr_carea' id='block_1_78' title="bbox 2061 1568 3632 1642">
    <p class='ocr_par' dir='ltr' id='par_1_78' title="bbox 2061 1568 3632 1642">
     <span class='ocr_line' id='line_1_78' title="bbox 2061 1568 3632 1642; baseline 0.004 -23"><span class='ocrx_word' id='word_1_620' title='bbox 2061 1583 2196 1632; x_wconf 90' lang='grc' dir='ltr'>σεως</span> <span class='ocrx_word' id='word_1_621' title='bbox 2223 1568 2498 1632; x_wconf 83' lang='grc' dir='ltr'>ὑπόθεσις.</span> <span class='ocrx_word' id='word_1_622' title='bbox 2523 1571 2724 1632; x_wconf 84' lang='grc' dir='ltr'>Ἔστω,</span> <span class='ocrx_word' id='word_1_623' title='bbox 2751 1572 2994 1642; x_wconf 81' lang='grc' dir='ltr'>ἥμαρτες</span> <span class='ocrx_word' id='word_1_624' title='bbox 3021 1586 3034 1602; x_wconf 87' lang='grc'><strong>·</strong></span> <span class='ocrx_word' id='word_1_625' title='bbox 3069 1571 3123 1624; x_wconf 87' lang='grc' dir='ltr'>τί</span> <span class='ocrx_word' id='word_1_626' title='bbox 3159 1574 3253 1626; x_wconf 72' lang='grc' dir='ltr'>καὶ</span> <span class='ocrx_word' id='word_1_627' title='bbox 3287 1574 3412 1636; x_wconf 80' lang='grc' dir='ltr'>τοὺς</span> <span class='ocrx_word' id='word_1_628' title='bbox 3439 1573 3632 1638; x_wconf 77' lang='grc' dir='ltr'>ἄλλους</span> 
     </span>
    </p>
   </div>
   <div class='ocr_carea' id='block_1_79' title="bbox 2059 1655 3634 1729">
    <p class='ocr_par' dir='ltr' id='par_1_79' title="bbox 2059 1655 3634 1729">
     <span class='ocr_line' id='line_1_79' title="bbox 2059 1655 3634 1729; baseline 0.003 -21"><span class='ocrx_word' id='word_1_629' title='bbox 2059 1656 2393 1725; x_wconf 86' lang='grc' dir='ltr'>ἁμαρτάνειν</span> <span class='ocrx_word' id='word_1_630' title='bbox 2423 1657 2776 1726; x_wconf 88' lang='grc' dir='ltr'>προτρέπεις,</span> <span class='ocrx_word' id='word_1_631' title='bbox 2802 1659 2977 1726; x_wconf 87' lang='grc' dir='ltr'>λέγων</span> <span class='ocrx_word' id='word_1_632' title='bbox 3020 1659 3094 1729; x_wconf 84' lang='grc' dir='ltr'>μὴ</span> <span class='ocrx_word' id='word_1_633' title='bbox 3127 1655 3268 1713; x_wconf 74' lang='grc' dir='ltr'>εἶναι</span> <span class='ocrx_word' id='word_1_634' title='bbox 3289 1659 3548 1728; x_wconf 86' lang='grc' dir='ltr'>γέενναν;</span> <span class='ocrx_word' id='word_1_635' title='bbox 3579 1662 3634 1714; x_wconf 86' lang='grc' dir='ltr'>τί</span> 
     </span>
    </p>
   </div>
   <div class='ocr_carea' id='block_1_80' title="bbox 2057 1743 3634 1817">
    <p class='ocr_par' dir='ltr' id='par_1_80' title="bbox 2057 1743 3634 1817">
     <span class='ocr_line' id='line_1_80' title="bbox 2057 1743 3634 1817; baseline 0.003 -22"><span class='ocrx_word' id='word_1_636' title='bbox 2057 1743 2271 1813; x_wconf 86' lang='grc' dir='ltr'>ἀπατᾷς</span> <span class='ocrx_word' id='word_1_637' title='bbox 2292 1743 2419 1805; x_wconf 78' lang='grc' dir='ltr'>τοὺς</span> <span class='ocrx_word' id='word_1_638' title='bbox 2466 1743 2899 1815; x_wconf 83' lang='grc' dir='ltr'>ἀφελεστέρους;</span> <span class='ocrx_word' id='word_1_639' title='bbox 2939 1745 2992 1797; x_wconf 88' lang='grc' dir='ltr'>τί</span> <span class='ocrx_word' id='word_1_640' title='bbox 3043 1745 3142 1808; x_wconf 74' lang='grc' dir='ltr'>τὰς</span> <span class='ocrx_word' id='word_1_641' title='bbox 3188 1747 3376 1817; x_wconf 86' lang='grc' dir='ltr'>χεῖρας</span> <span class='ocrx_word' id='word_1_642' title='bbox 3419 1746 3634 1811; x_wconf 80' lang='grc' dir='ltr'>ἐξέλυες</span> 
     </span>
    </p>
   </div>
   <div class='ocr_carea' id='block_1_81' title="bbox 2056 1829 3632 1904">
    <p class='ocr_par' dir='ltr' id='par_1_81' title="bbox 2056 1829 3632 1904">
     <span class='ocr_line' id='line_1_81' title="bbox 2056 1829 3632 1904; baseline 0.003 -22"><span class='ocrx_word' id='word_1_643' title='bbox 2056 1829 2148 1882; x_wconf 85' lang='grc' dir='ltr'>τοῦ</span> <span class='ocrx_word' id='word_1_644' title='bbox 2173 1829 2302 1883; x_wconf 84' lang='grc' dir='ltr'>λαοῦ</span> <span class='ocrx_word' id='word_1_645' title='bbox 2328 1847 2343 1896; x_wconf 87' lang='grc'><strong>;</strong></span> <span class='ocrx_word' id='word_1_646' title='bbox 2372 1830 2451 1882; x_wconf 90' lang='grc' dir='ltr'>Τὸ</span> <span class='ocrx_word' id='word_1_647' title='bbox 2481 1831 2571 1884; x_wconf 81' lang='grc' dir='ltr'>σὸν</span> <span class='ocrx_word' id='word_1_648' title='bbox 2598 1833 2780 1901; x_wconf 87' lang='grc' dir='ltr'>μέρος,</span> <span class='ocrx_word' id='word_1_649' title='bbox 2814 1833 3029 1886; x_wconf 73' lang='grc' dir='ltr'>ἅπαντα</span> <span class='ocrx_word' id='word_1_650' title='bbox 3050 1833 3479 1904; x_wconf 79' lang='grc' dir='ltr'>ἀνατέτραπταιο</span> <span class='ocrx_word' id='word_1_651' title='bbox 3509 1833 3632 1887; x_wconf 79' lang='grc' dir='ltr'>οὔτε</span> 
     </span>
    </p>
   </div>
   <div class='ocr_carea' id='block_1_82' title="bbox 2057 1918 3630 1994">
    <p class='ocr_par' dir='ltr' id='par_1_82' title="bbox 2057 1918 3630 1994">
     <span class='ocr_line' id='line_1_82' title="bbox 2057 1918 3630 1994; baseline 0.003 -24"><span class='ocrx_word' id='word_1_652' title='bbox 2057 1919 2104 1970; x_wconf 88' lang='grc' dir='ltr'>οἱ</span> <span class='ocrx_word' id='word_1_653' title='bbox 2139 1918 2413 1971; x_wconf 88' lang='grc' dir='ltr'>σπουδαῖοι</span> <span class='ocrx_word' id='word_1_654' title='bbox 2443 1919 2848 1990; x_wconf 85' lang='grc' dir='ltr'>σπουδαιότεροι</span> <span class='ocrx_word' id='word_1_655' title='bbox 2891 1919 3126 1984; x_wconf 78' lang='grc' dir='ltr'>ἔσονται,</span> <span class='ocrx_word' id='word_1_656' title='bbox 3174 1921 3310 1974; x_wconf 89' lang='grc' dir='ltr'>ἀλλά</span> <span class='ocrx_word' id='word_1_657' title='bbox 3359 1923 3590 1994; x_wconf 79' lang='grc' dir='ltr'>ρᾴθυμοι</span> <span class='ocrx_word' id='word_1_658' title='bbox 3615 1939 3630 1952; x_wconf 90' lang='grc'><strong>·</strong></span> 
     </span>
    </p>
   </div>
   <div class='ocr_carea' id='block_1_83' title="bbox 2056 2001 3634 2080">
    <p class='ocr_par' dir='ltr' id='par_1_83' title="bbox 2056 2001 3634 2080">
     <span class='ocr_line' id='line_1_83' title="bbox 2056 2001 3634 2080; baseline 0.005 -24"><span class='ocrx_word' id='word_1_659' title='bbox 2056 2001 2176 2056; x_wconf 75' lang='grc' dir='ltr'>οὔτε</span> <span class='ocrx_word' id='word_1_660' title='bbox 2201 2005 2250 2058; x_wconf 88' lang='grc' dir='ltr'>οί</span> <span class='ocrx_word' id='word_1_661' title='bbox 2283 2007 2442 2058; x_wconf 74' lang='grc' dir='ltr'>κακοὶ</span> <span class='ocrx_word' id='word_1_662' title='bbox 2483 2007 2883 2077; x_wconf 85' lang='grc' dir='ltr'>ἀποστήσονται</span> <span class='ocrx_word' id='word_1_663' title='bbox 2919 2008 3013 2078; x_wconf 85' lang='grc' dir='ltr'>τῆς</span> <span class='ocrx_word' id='word_1_664' title='bbox 3047 2008 3264 2071; x_wconf 89' lang='grc' dir='ltr'>κακίας.</span> <span class='ocrx_word' id='word_1_665' title='bbox 3293 2010 3382 2079; x_wconf 85' lang='grc' dir='ltr'>Μὴ</span> <span class='ocrx_word' id='word_1_666' title='bbox 3411 2008 3540 2080; x_wconf 84' lang='grc' dir='ltr'>γὰρ,</span> <span class='ocrx_word' id='word_1_667' title='bbox 3567 2008 3634 2064; x_wconf 87' lang='grc' dir='ltr'>ἂν</span> 
     </span>
    </p>
   </div>
   <div class='ocr_carea' id='block_1_84' title="bbox 2057 2091 3650 2168">
    <p class='ocr_par' dir='ltr' id='par_1_84' title="bbox 2057 2091 3650 2168">
     <span class='ocr_line' id='line_1_84' title="bbox 2057 2091 3650 2168; baseline 0.005 -26"><span class='ocrx_word' id='word_1_668' title='bbox 2057 2091 2275 2162; x_wconf 82' lang='grc' dir='ltr'>ἐτέρους</span> <span class='ocrx_word' id='word_1_669' title='bbox 2302 2091 2726 2163; x_wconf 84' lang='grc' dir='ltr'>διαφθείρωμεν,</span> <span class='ocrx_word' id='word_1_670' title='bbox 2755 2093 3084 2164; x_wconf 80' lang='grc' dir='ltr'>συγγνώμην</span> <span class='ocrx_word' id='word_1_671' title='bbox 3109 2095 3304 2166; x_wconf 79' lang='grc' dir='ltr'>ἔχομεν</span> <span class='ocrx_word' id='word_1_672' title='bbox 3330 2096 3436 2149; x_wconf 83' lang='grc' dir='ltr'>τῶν</span> <span class='ocrx_word' id='word_1_673' title='bbox 3457 2099 3650 2168; x_wconf 63' lang='grc' dir='ltr'>ἀμαρυ</span> 
     </span>
    </p>
   </div>
   <div class='ocr_carea' id='block_1_85' title="bbox 2055 2178 3634 2254">
    <p class='ocr_par' dir='ltr' id='par_1_85' title="bbox 2055 2178 3634 2254">
     <span class='ocr_line' id='line_1_85' title="bbox 2055 2178 3634 2254; baseline 0.003 -23"><span class='ocrx_word' id='word_1_674' title='bbox 2055 2178 2352 2248; x_wconf 81' lang='grc' dir='ltr'>τημάτωνς</span> <span class='ocrx_word' id='word_1_675' title='bbox 2413 2181 2524 2248; x_wconf 85' lang='grc' dir='ltr'>Οὐχ</span> <span class='ocrx_word' id='word_1_676' title='bbox 2564 2180 2698 2250; x_wconf 80' lang='grc' dir='ltr'>ὁρᾷς</span> <span class='ocrx_word' id='word_1_677' title='bbox 2745 2180 2836 2232; x_wconf 90' lang='grc' dir='ltr'>τὸν</span> <span class='ocrx_word' id='word_1_678' title='bbox 2883 2181 3129 2235; x_wconf 88' lang='grc' dir='ltr'>διάϐολον</span> <span class='ocrx_word' id='word_1_679' title='bbox 3159 2183 3273 2246; x_wconf 82' lang='grc' dir='ltr'>πῶς</span> <span class='ocrx_word' id='word_1_680' title='bbox 3311 2184 3634 2254; x_wconf 79' lang='grc' dir='ltr'>ἐπεχείρησε</span> 
     </span>
    </p>
   </div>
   <div class='ocr_carea' id='block_1_86' title="bbox 2058 2264 3634 2341">
    <p class='ocr_par' dir='ltr' id='par_1_86' title="bbox 2058 2264 3634 2341">
     <span class='ocr_line' id='line_1_86' title="bbox 2058 2264 3634 2341; baseline 0.003 -23"><span class='ocrx_word' id='word_1_681' title='bbox 2058 2269 2402 2333; x_wconf 83' lang='grc' dir='ltr'>κατενεγκεῖν</span> <span class='ocrx_word' id='word_1_682' title='bbox 2448 2267 2537 2320; x_wconf 84' lang='grc' dir='ltr'>τὸν</span> <span class='ocrx_word' id='word_1_683' title='bbox 2567 2268 2768 2338; x_wconf 83' lang='grc' dir='ltr'>Ἀδάμ;</span> <span class='ocrx_word' id='word_1_684' title='bbox 2806 2264 2918 2338; x_wconf 85' lang='grc' dir='ltr'>ἆρα</span> <span class='ocrx_word' id='word_1_685' title='bbox 2969 2269 3144 2340; x_wconf 85' lang='grc' dir='ltr'>τούτῳ</span> <span class='ocrx_word' id='word_1_686' title='bbox 3196 2271 3492 2341; x_wconf 87' lang='grc' dir='ltr'>συγγνώμη</span> <span class='ocrx_word' id='word_1_687' title='bbox 3539 2271 3634 2338; x_wconf 85' lang='grc' dir='ltr'>γέ-</span> 
     </span>
    </p>
   </div>
   <div class='ocr_carea' id='block_1_87' title="bbox 2057 2351 3635 2428">
    <p class='ocr_par' dir='ltr' id='par_1_87' title="bbox 2057 2351 3635 2428">
     <span class='ocr_line' id='line_1_87' title="bbox 2057 2351 3635 2428; baseline 0.003 -23"><span class='ocrx_word' id='word_1_688' title='bbox 2057 2369 2215 2420; x_wconf 87' lang='grc' dir='ltr'>γονε;</span> <span class='ocrx_word' id='word_1_689' title='bbox 2244 2354 2507 2417; x_wconf 83' lang='grc' dir='ltr'>Μείζονος</span> <span class='ocrx_word' id='word_1_690' title='bbox 2542 2353 2640 2424; x_wconf 86' lang='grc' dir='ltr'>μέν</span> <span class='ocrx_word' id='word_1_691' title='bbox 2667 2351 2760 2408; x_wconf 76' lang='grc' dir='ltr'>οὖν</span> <span class='ocrx_word' id='word_1_692' title='bbox 2800 2356 3074 2420; x_wconf 89' lang='grc' dir='ltr'>κολάσεως</span> <span class='ocrx_word' id='word_1_693' title='bbox 3105 2358 3349 2428; x_wconf 85' lang='grc' dir='ltr'>ἀφορμή.</span> <span class='ocrx_word' id='word_1_694' title='bbox 3377 2357 3492 2410; x_wconf 76' lang='grc' dir='ltr'>Ἵνα</span> <span class='ocrx_word' id='word_1_695' title='bbox 3527 2358 3635 2427; x_wconf 79' lang='grc' dir='ltr'>γὰρ</span> 
     </span>
    </p>
   </div>
   <div class='ocr_carea' id='block_1_88' title="bbox 2061 2441 3633 2515">
    <p class='ocr_par' dir='ltr' id='par_1_88' title="bbox 2061 2441 3633 2515">
     <span class='ocr_line' id='line_1_88' title="bbox 2061 2441 3633 2515; baseline 0.001 -21"><span class='ocrx_word' id='word_1_696' title='bbox 2061 2442 2134 2512; x_wconf 85' lang='grc' dir='ltr'>μὴ</span> <span class='ocrx_word' id='word_1_697' title='bbox 2169 2441 2306 2512; x_wconf 81' lang='grc' dir='ltr'>ὑπὲρ</span> <span class='ocrx_word' id='word_1_698' title='bbox 2329 2441 2437 2493; x_wconf 82' lang='grc' dir='ltr'>τῶν</span> <span class='ocrx_word' id='word_1_699' title='bbox 2470 2443 2708 2505; x_wconf 79' lang='grc' dir='ltr'>οἰκείων,</span> <span class='ocrx_word' id='word_1_700' title='bbox 2742 2443 2877 2496; x_wconf 80' lang='grc' dir='ltr'>ἀλλᾶ</span> <span class='ocrx_word' id='word_1_701' title='bbox 2909 2444 3001 2496; x_wconf 83' lang='grc' dir='ltr'>καὶ</span> <span class='ocrx_word' id='word_1_702' title='bbox 3029 2445 3168 2515; x_wconf 80' lang='grc' dir='ltr'>ὑπὲρ</span> <span class='ocrx_word' id='word_1_703' title='bbox 3197 2445 3306 2497; x_wconf 84' lang='grc' dir='ltr'>τῶν</span> <span class='ocrx_word' id='word_1_704' title='bbox 3336 2444 3633 2515; x_wconf 85' lang='grc' dir='ltr'>ἀλλοτρίων</span> 
     </span>
    </p>
   </div>
   <div class='ocr_carea' id='block_1_89' title="bbox 2058 2523 3631 2602">
    <p class='ocr_par' dir='ltr' id='par_1_89' title="bbox 2058 2523 3631 2602">
     <span class='ocr_line' id='line_1_89' title="bbox 2058 2523 3631 2602; baseline 0.001 -20"><span class='ocrx_word' id='word_1_705' title='bbox 2058 2530 2472 2599; x_wconf 87' lang='grc' dir='ltr'>ἁμαρτημάτων</span> <span class='ocrx_word' id='word_1_706' title='bbox 2519 2523 2902 2601; x_wconf 85' lang='grc' dir='ltr'>κολαζώμεθα,</span> <span class='ocrx_word' id='word_1_707' title='bbox 2955 2533 3133 2586; x_wconf 91' lang='grc' dir='ltr'>πάντα</span> <span class='ocrx_word' id='word_1_708' title='bbox 3179 2533 3503 2602; x_wconf 79' lang='grc' dir='ltr'>μηχανᾶται.</span> <span class='ocrx_word' id='word_1_709' title='bbox 3541 2531 3631 2599; x_wconf 78' lang='grc' dir='ltr'><strong>Μὴ</strong></span> 
     </span>
    </p>
   </div>
   <div class='ocr_carea' id='block_1_90' title="bbox 2056 2603 3634 2692">
    <p class='ocr_par' dir='ltr' id='par_1_90' title="bbox 2056 2603 3634 2692">
     <span class='ocr_line' id='line_1_90' title="bbox 2056 2603 3634 2692; baseline 0.001 -21"><span class='ocrx_word' id='word_1_710' title='bbox 2056 2618 2365 2687; x_wconf 83' lang='grc' dir='ltr'>νομίζωμεν</span> <span class='ocrx_word' id='word_1_711' title='bbox 2383 2617 2569 2672; x_wconf 75' lang='grc' dir='ltr'>τοίνυν</span> <span class='ocrx_word' id='word_1_712' title='bbox 2598 2619 2658 2670; x_wconf 87' lang='grc' dir='ltr'>τὸ</span> <span class='ocrx_word' id='word_1_713' title='bbox 2689 2620 2910 2688; x_wconf 85' lang='grc' dir='ltr'>ἐτέρους</span> <span class='ocrx_word' id='word_1_714' title='bbox 2943 2603 3272 2692; x_wconf 80' lang='grc' dir='ltr'>καταφέρειν</span> <span class='ocrx_word' id='word_1_715' title='bbox 3300 2623 3379 2684; x_wconf 89' lang='grc' dir='ltr'>είς</span> <span class='ocrx_word' id='word_1_716' title='bbox 3405 2620 3502 2691; x_wconf 74' lang='grc' dir='ltr'>τὴν</span> <span class='ocrx_word' id='word_1_717' title='bbox 3535 2621 3634 2674; x_wconf 85' lang='grc' dir='ltr'>αύ-</span> 
     </span>
    </p>
   </div>
   <div class='ocr_carea' id='block_1_91' title="bbox 2055 2705 3632 2778">
    <p class='ocr_par' dir='ltr' id='par_1_91' title="bbox 2055 2705 3632 2778">
     <span class='ocr_line' id='line_1_91' title="bbox 2055 2705 3632 2778; baseline 0.001 -20"><span class='ocrx_word' id='word_1_718' title='bbox 2055 2706 2154 2775; x_wconf 75' lang='grc' dir='ltr'>τὴν</span> <span class='ocrx_word' id='word_1_719' title='bbox 2183 2707 2315 2774; x_wconf 74' lang='grc' dir='ltr'>ἡμῖν</span> <span class='ocrx_word' id='word_1_720' title='bbox 2339 2705 2638 2771; x_wconf 88' lang='grc' dir='ltr'>ἀπώλειαν,</span> <span class='ocrx_word' id='word_1_721' title='bbox 2671 2706 3020 2776; x_wconf 81' lang='grc' dir='ltr'>ἡμερώτερον</span> <span class='ocrx_word' id='word_1_722' title='bbox 3040 2709 3170 2777; x_wconf 82' lang='grc' dir='ltr'>ἡμῖν</span> <span class='ocrx_word' id='word_1_723' title='bbox 3197 2708 3258 2773; x_wconf 76' lang='grc' dir='ltr'>τὸ</span> <span class='ocrx_word' id='word_1_724' title='bbox 3289 2708 3632 2778; x_wconf 59' lang='grc' dir='ltr'>δικαστήριον</span> 
     </span>
    </p>
   </div>
   <div class='ocr_carea' id='block_1_92' title="bbox 2055 2789 3634 2866">
    <p class='ocr_par' dir='ltr' id='par_1_92' title="bbox 2055 2789 3634 2866">
     <span class='ocr_line' id='line_1_92' title="bbox 2055 2789 3634 2866; baseline 0.001 -21"><span class='ocrx_word' id='word_1_725' title='bbox 2055 2792 2414 2863; x_wconf 81' lang='grc' dir='ltr'>ἐργάζεσθαι’</span> <span class='ocrx_word' id='word_1_726' title='bbox 2449 2794 2608 2846; x_wconf 87' lang='grc' dir='ltr'>τοῦτο</span> <span class='ocrx_word' id='word_1_727' title='bbox 2646 2794 2745 2863; x_wconf 84' lang='grc' dir='ltr'>μὲν</span> <span class='ocrx_word' id='word_1_728' title='bbox 2781 2789 2873 2846; x_wconf 75' lang='grc' dir='ltr'>οὖν</span> <span class='ocrx_word' id='word_1_729' title='bbox 2904 2794 3281 2865; x_wconf 80' lang='grc' dir='ltr'>χαλεπώτερον</span> <span class='ocrx_word' id='word_1_730' title='bbox 3310 2796 3440 2848; x_wconf 78' lang='grc' dir='ltr'>αὐτὸ</span> <span class='ocrx_word' id='word_1_731' title='bbox 3479 2796 3634 2866; x_wconf 81' lang='grc' dir='ltr'>ποιή-</span> 
     </span>
    </p>
   </div>
   <div class='ocr_carea' id='block_1_93' title="bbox 2056 2879 3632 2953">
    <p class='ocr_par' dir='ltr' id='par_1_93' title="bbox 2056 2879 3632 2953">
     <span class='ocr_line' id='line_1_93' title="bbox 2056 2879 3632 2953; baseline 0 -21"><span class='ocrx_word' id='word_1_732' title='bbox 2056 2897 2159 2934; x_wconf 86' lang='grc' dir='ltr'>σει.</span> <span class='ocrx_word' id='word_1_733' title='bbox 2181 2881 2246 2932; x_wconf 89' lang='grc' dir='ltr'>Τί</span> <span class='ocrx_word' id='word_1_734' title='bbox 2267 2879 2516 2949; x_wconf 83' lang='grc' dir='ltr'>ώθοῦμεν</span> <span class='ocrx_word' id='word_1_735' title='bbox 2546 2881 2798 2946; x_wconf 74' lang='grc' dir='ltr'>ἑαυτοὺς,</span> <span class='ocrx_word' id='word_1_736' title='bbox 2826 2881 2921 2933; x_wconf 75' lang='grc' dir='ltr'>καὶ</span> <span class='ocrx_word' id='word_1_737' title='bbox 2956 2881 3304 2947; x_wconf 84' lang='grc' dir='ltr'>ἀπόλλυμεν;</span> <span class='ocrx_word' id='word_1_738' title='bbox 3338 2881 3492 2953; x_wconf 63' lang='grc'><strong>[541]</strong></span> <span class='ocrx_word' id='word_1_739' title='bbox 3528 2881 3632 2932; x_wconf 86' lang='grc' dir='ltr'>Σα-</span> 
     </span>
    </p>
   </div>
   <div class='ocr_carea' id='block_1_94' title="bbox 2053 2965 3631 3038">
    <p class='ocr_par' dir='ltr' id='par_1_94' title="bbox 2053 2965 3631 3038">
     <span class='ocr_line' id='line_1_94' title="bbox 2053 2965 3631 3038; baseline 0.002 -21"><span class='ocrx_word' id='word_1_740' title='bbox 2053 2966 2271 3018; x_wconf 89' lang='grc' dir='ltr'>τανικὸν</span> <span class='ocrx_word' id='word_1_741' title='bbox 2298 2965 2458 3019; x_wconf 89' lang='grc' dir='ltr'>τοῦτο</span> <span class='ocrx_word' id='word_1_742' title='bbox 2487 2967 2607 3018; x_wconf 84' lang='grc' dir='ltr'>ὅλον</span> <span class='ocrx_word' id='word_1_743' title='bbox 2639 2967 2806 3022; x_wconf 85' lang='grc' dir='ltr'>ἐστίν.</span> <span class='ocrx_word' id='word_1_744' title='bbox 2839 2968 3150 3036; x_wconf 65' lang='lat' dir='ltr'>&quot;A&#39;vawns,</span> <span class='ocrx_word' id='word_1_745' title='bbox 3194 2967 3631 3038; x_wconf 79' lang='grc' dir='ltr'>ἥμαρτες;·Φιλ-</span> 
     </span>
    </p>
   </div>
   <div class='ocr_carea' id='block_1_95' title="bbox 2054 3050 3631 3126">
    <p class='ocr_par' dir='ltr' id='par_1_95' title="bbox 2054 3050 3631 3126">
     <span class='ocr_line' id='line_1_95' title="bbox 2054 3050 3631 3126; baseline 0.001 -22"><span class='ocrx_word' id='word_1_746' title='bbox 2054 3050 2344 3123; x_wconf 85' lang='grc' dir='ltr'>άνθρωπον</span> <span class='ocrx_word' id='word_1_747' title='bbox 2374 3051 2515 3120; x_wconf 78' lang='grc' dir='ltr'>ἔχεις</span> <span class='ocrx_word' id='word_1_748' title='bbox 2547 3052 2648 3105; x_wconf 68' lang='grc' dir='ltr'>τὸνι</span> <span class='ocrx_word' id='word_1_749' title='bbox 2674 3053 2950 3124; x_wconf 87' lang='grc' dir='ltr'>Δεσπότην</span> <span class='ocrx_word' id='word_1_750' title='bbox 2971 3070 2986 3083; x_wconf 84' lang='lat'><strong><em>°</em></strong></span> <span class='ocrx_word' id='word_1_751' title='bbox 3041 3055 3366 3126; x_wconf 89' lang='grc' dir='ltr'>παρακάλει,</span> <span class='ocrx_word' id='word_1_752' title='bbox 3399 3055 3631 3117; x_wconf 77' lang='grc' dir='ltr'>ἱκέτευε,</span> 
     </span>
    </p>
   </div>
   <div class='ocr_carea' id='block_1_96' title="bbox 2051 3139 3631 3210">
    <p class='ocr_par' dir='ltr' id='par_1_96' title="bbox 2051 3139 3631 3210">
     <span class='ocr_line' id='line_1_96' title="bbox 2051 3139 3631 3210; baseline 0.003 -19"><span class='ocrx_word' id='word_1_753' title='bbox 2051 3139 2288 3210; x_wconf 72' lang='grc' dir='ltr'>δάκρυε,</span> <span class='ocrx_word' id='word_1_754' title='bbox 2321 3139 2571 3203; x_wconf 81' lang='grc' dir='ltr'>στέναζε,</span> <span class='ocrx_word' id='word_1_755' title='bbox 2603 3141 2698 3194; x_wconf 74' lang='grc' dir='ltr'>καὶ</span> <span class='ocrx_word' id='word_1_756' title='bbox 2738 3143 2864 3205; x_wconf 80' lang='grc' dir='ltr'>τοὺς</span> <span class='ocrx_word' id='word_1_757' title='bbox 2895 3141 3090 3206; x_wconf 86' lang='grc' dir='ltr'>ἄλλους</span> <span class='ocrx_word' id='word_1_758' title='bbox 3123 3142 3299 3210; x_wconf 86' lang='grc' dir='ltr'>φόϐει,</span> <span class='ocrx_word' id='word_1_759' title='bbox 3335 3142 3431 3196; x_wconf 77' lang='grc' dir='ltr'>καὶ</span> <span class='ocrx_word' id='word_1_760' title='bbox 3479 3141 3631 3209; x_wconf 81' lang='grc' dir='ltr'>ἀξίου</span> 
     </span>
    </p>
   </div>
   <div class='ocr_carea' id='block_1_97' title="bbox 2056 3225 3633 3299">
    <p class='ocr_par' dir='ltr' id='par_1_97' title="bbox 2056 3225 3633 3299">
     <span class='ocr_line' id='line_1_97' title="bbox 2056 3225 3633 3299; baseline 0.004 -22"><span class='ocrx_word' id='word_1_761' title='bbox 2056 3225 2130 3296; x_wconf 82' lang='grc' dir='ltr'>μὴ</span> <span class='ocrx_word' id='word_1_762' title='bbox 2155 3227 2266 3289; x_wconf 88' lang='grc' dir='ltr'>τοῖς</span> <span class='ocrx_word' id='word_1_763' title='bbox 2295 3226 2479 3290; x_wconf 76' lang='grc' dir='ltr'>αὐτοῖς</span> <span class='ocrx_word' id='word_1_764' title='bbox 2510 3231 2850 3297; x_wconf 83' lang='grc' dir='ltr'>περιπεσεῖν.</span> <span class='ocrx_word' id='word_1_765' title='bbox 2883 3229 2949 3282; x_wconf 83' lang='grc' dir='ltr'>Εἰ</span> <span class='ocrx_word' id='word_1_766' title='bbox 2977 3247 3061 3292; x_wconf 89' lang='grc' dir='ltr'>τις</span> <span class='ocrx_word' id='word_1_767' title='bbox 3087 3231 3144 3282; x_wconf 84' lang='grc' dir='ltr'>ἐν</span> <span class='ocrx_word' id='word_1_768' title='bbox 3174 3229 3322 3299; x_wconf 78' lang='grc' dir='ltr'>οίκίᾳ</span> <span class='ocrx_word' id='word_1_769' title='bbox 3341 3228 3525 3292; x_wconf 88' lang='grc' dir='ltr'>δοῦλος</span> <span class='ocrx_word' id='word_1_770' title='bbox 3557 3228 3633 3283; x_wconf 82' lang='grc' dir='ltr'>ὢν</span> 
     </span>
    </p>
   </div>
   <div class='ocr_carea' id='block_1_98' title="bbox 2051 3312 3631 3386">
    <p class='ocr_par' dir='ltr' id='par_1_98' title="bbox 2051 3312 3631 3386">
     <span class='ocr_line' id='line_1_98' title="bbox 2051 3312 3631 3386; baseline 0.005 -22"><span class='ocrx_word' id='word_1_771' title='bbox 2051 3312 2160 3365; x_wconf 84' lang='grc' dir='ltr'>τῶν</span> <span class='ocrx_word' id='word_1_772' title='bbox 2195 3314 2718 3384; x_wconf 84' lang='grc' dir='ltr'>προσκεκρουκότων</span> <span class='ocrx_word' id='word_1_773' title='bbox 2764 3315 2910 3384; x_wconf 86' lang='grc' dir='ltr'>λέγει</span> <span class='ocrx_word' id='word_1_774' title='bbox 2941 3317 3079 3386; x_wconf 89' lang='grc' dir='ltr'>πρὸς</span> <span class='ocrx_word' id='word_1_775' title='bbox 3105 3317 3197 3370; x_wconf 89' lang='grc' dir='ltr'>τὸν</span> <span class='ocrx_word' id='word_1_776' title='bbox 3228 3316 3422 3371; x_wconf 86' lang='grc' dir='ltr'>ἐαυτοῦ</span> <span class='ocrx_word' id='word_1_777' title='bbox 3448 3317 3631 3372; x_wconf 83' lang='grc' dir='ltr'>παῖδα’</span> 
     </span>
    </p>
   </div>
   <div class='ocr_carea' id='block_1_99' title="bbox 2053 3400 3634 3476">
    <p class='ocr_par' dir='ltr' id='par_1_99' title="bbox 2053 3400 3634 3476">
     <span class='ocr_line' id='line_1_99' title="bbox 2053 3400 3634 3476; baseline 0.004 -24"><span class='ocrx_word' id='word_1_778' title='bbox 2053 3401 2276 3466; x_wconf 85' lang='grc' dir='ltr'>Τέκνον,</span> <span class='ocrx_word' id='word_1_779' title='bbox 2307 3400 2420 3468; x_wconf 84' lang='grc' dir='ltr'>ἐγὼ</span> <span class='ocrx_word' id='word_1_780' title='bbox 2434 3403 2818 3473; x_wconf 87' lang='grc' dir='ltr'>προσέκρουσα</span> <span class='ocrx_word' id='word_1_781' title='bbox 2843 3403 2922 3473; x_wconf 81' lang='grc' dir='ltr'>τῷ</span> <span class='ocrx_word' id='word_1_782' title='bbox 2941 3403 3210 3476; x_wconf 81' lang='grc' dir='ltr'>Δεσπότῃ.</span> <span class='ocrx_word' id='word_1_783' title='bbox 3239 3404 3303 3456; x_wconf 80' lang='grc' dir='ltr'>σὺ</span> <span class='ocrx_word' id='word_1_784' title='bbox 3335 3404 3634 3470; x_wconf 78' lang='grc' dir='ltr'>σπούδασον</span> 
     </span>
    </p>
   </div>
   <div class='ocr_carea' id='block_1_100' title="bbox 2055 3488 3634 3563">
    <p class='ocr_par' dir='ltr' id='par_1_100' title="bbox 2055 3488 3634 3563">
     <span class='ocr_line' id='line_1_100' title="bbox 2055 3488 3634 3563; baseline 0.001 -23"><span class='ocrx_word' id='word_1_785' title='bbox 2055 3489 2270 3556; x_wconf 86' lang='grc' dir='ltr'>ἀρέσαι,</span> <span class='ocrx_word' id='word_1_786' title='bbox 2305 3488 2392 3540; x_wconf 79' lang='grc' dir='ltr'>ἵνα</span> <span class='ocrx_word' id='word_1_787' title='bbox 2448 3491 2524 3558; x_wconf 87' lang='grc' dir='ltr'>μὴ</span> <span class='ocrx_word' id='word_1_788' title='bbox 2560 3488 2628 3541; x_wconf 65' lang='grc' dir='ltr'>τε</span> <span class='ocrx_word' id='word_1_789' title='bbox 2667 3489 2809 3542; x_wconf 81' lang='grc' dir='ltr'>αὐτὰ</span> <span class='ocrx_word' id='word_1_790' title='bbox 2834 3489 3045 3563; x_wconf 82' lang='grc' dir='ltr'>πάθῃς·</span> <span class='ocrx_word' id='word_1_791' title='bbox 3075 3490 3173 3560; x_wconf 84' lang='grc' dir='ltr'>ούχ</span> <span class='ocrx_word' id='word_1_792' title='bbox 3201 3489 3314 3554; x_wconf 77' lang='grc' dir='ltr'>ἕξει</span> <span class='ocrx_word' id='word_1_793' title='bbox 3348 3489 3472 3544; x_wconf 80' lang='grc' dir='ltr'>τινὰ</span> <span class='ocrx_word' id='word_1_794' title='bbox 3503 3506 3634 3556; x_wconf 70' lang='grc' dir='ltr'>συγο</span> 
     </span>
    </p>
   </div>
   <div class='ocr_carea' id='block_1_101' title="bbox 2053 3576 3632 3648">
    <p class='ocr_par' dir='ltr' id='par_1_101' title="bbox 2053 3576 3632 3648">
     <span class='ocr_line' id='line_1_101' title="bbox 2053 3576 3632 3648; baseline 0.003 -20"><span class='ocrx_word' id='word_1_795' title='bbox 2053 3576 2302 3647; x_wconf 88' lang='grc' dir='ltr'>γνώμην,</span> <span class='ocrx_word' id='word_1_796' title='bbox 2339 3577 2461 3630; x_wconf 85' lang='grc' dir='ltr'>εἰπέ</span> <span class='ocrx_word' id='word_1_797' title='bbox 2489 3594 2609 3648; x_wconf 82' lang='grc' dir='ltr'>μοι;</span> <span class='ocrx_word' id='word_1_798' title='bbox 2667 3578 2767 3630; x_wconf 84' lang='grc' dir='ltr'>οὐκ</span> <span class='ocrx_word' id='word_1_799' title='bbox 2816 3577 3105 3632; x_wconf 85' lang='grc' dir='ltr'>ἐπικλάσει</span> <span class='ocrx_word' id='word_1_800' title='bbox 3152 3580 3248 3632; x_wconf 79' lang='grc' dir='ltr'>καὶ</span> <span class='ocrx_word' id='word_1_801' title='bbox 3281 3578 3632 3648; x_wconf 75' lang='grc' dir='ltr'>κατακάμψει</span> 
     </span>
    </p>
   </div>
   <div class='ocr_carea' id='block_1_102' title="bbox 2051 3663 3635 3738">
    <p class='ocr_par' dir='ltr' id='par_1_102' title="bbox 2051 3663 3635 3738">
     <span class='ocr_line' id='line_1_102' title="bbox 2051 3663 3635 3738; baseline 0.003 -23"><span class='ocrx_word' id='word_1_802' title='bbox 2051 3663 2143 3716; x_wconf 89' lang='grc' dir='ltr'>τὸν</span> <span class='ocrx_word' id='word_1_803' title='bbox 2176 3663 2476 3736; x_wconf 85' lang='grc' dir='ltr'>δεσπότην;</span> <span class='ocrx_word' id='word_1_804' title='bbox 2505 3665 2600 3717; x_wconf 78' lang='grc' dir='ltr'>Ἂν</span> <span class='ocrx_word' id='word_1_805' title='bbox 2631 3665 2688 3718; x_wconf 83' lang='grc' dir='ltr'>δὲ</span> <span class='ocrx_word' id='word_1_806' title='bbox 2716 3663 2890 3718; x_wconf 88' lang='grc' dir='ltr'>ταῦτα</span> <span class='ocrx_word' id='word_1_807' title='bbox 2921 3665 3080 3734; x_wconf 68' lang='grc' dir='ltr'>ἀφεὶς</span> <span class='ocrx_word' id='word_1_808' title='bbox 3108 3664 3180 3717; x_wconf 84' lang='grc' dir='ltr'>τὰ</span> <span class='ocrx_word' id='word_1_809' title='bbox 3210 3667 3456 3735; x_wconf 81' lang='grc' dir='ltr'>ῥήματα,</span> <span class='ocrx_word' id='word_1_810' title='bbox 3499 3665 3635 3738; x_wconf 77' lang='grc' dir='ltr'>λέγῃ</span> 
     </span>
    </p>
   </div>
   <div class='ocr_carea' id='block_1_103' title="bbox 2055 3746 3627 3823">
    <p class='ocr_par' dir='ltr' id='par_1_103' title="bbox 2055 3746 3627 3823">
     <span class='ocr_line' id='line_1_103' title="bbox 2055 3746 3627 3823; baseline 0.001 -19"><span class='ocrx_word' id='word_1_811' title='bbox 2055 3754 2260 3815; x_wconf 86' lang='grc' dir='ltr'>ἐκεῖνα,</span> <span class='ocrx_word' id='word_1_812' title='bbox 2284 3746 2417 3817; x_wconf 80' lang='grc' dir='ltr'>οἷον,</span> <span class='ocrx_word' id='word_1_813' title='bbox 2446 3751 2528 3804; x_wconf 84' lang='grc' dir='ltr'>ὅτι</span> <span class='ocrx_word' id='word_1_814' title='bbox 2553 3751 2612 3805; x_wconf 89' lang='grc' dir='ltr'>τὸ</span> <span class='ocrx_word' id='word_1_815' title='bbox 2644 3751 2764 3804; x_wconf 90' lang='grc' dir='ltr'>κατ’</span> <span class='ocrx_word' id='word_1_816' title='bbox 2786 3751 2943 3815; x_wconf 84' lang='grc' dir='ltr'>ἀξίαν</span> <span class='ocrx_word' id='word_1_817' title='bbox 2971 3751 3187 3823; x_wconf 77' lang='grc' dir='ltr'>ἑκάστῳ</span> <span class='ocrx_word' id='word_1_818' title='bbox 3213 3752 3314 3806; x_wconf 85' lang='grc' dir='ltr'>οὐκ</span> <span class='ocrx_word' id='word_1_819' title='bbox 3340 3751 3627 3815; x_wconf 82' lang='grc' dir='ltr'>ἀποδώσει,</span> 
     </span>
    </p>
   </div>
   <div class='ocr_carea' id='block_1_104' title="bbox 2053 3838 3630 3910">
    <p class='ocr_par' dir='ltr' id='par_1_104' title="bbox 2053 3838 3630 3910">
     <span class='ocr_line' id='line_1_104' title="bbox 2053 3838 3630 3910; baseline 0.002 -20"><span class='ocrx_word' id='word_1_820' title='bbox 2053 3839 2133 3891; x_wconf 82' lang='grc' dir='ltr'>ὅτι</span> <span class='ocrx_word' id='word_1_821' title='bbox 2166 3839 2355 3902; x_wconf 80' lang='grc' dir='ltr'>ἀπλῶς</span> <span class='ocrx_word' id='word_1_822' title='bbox 2397 3839 2576 3896; x_wconf 80' lang='grc' dir='ltr'>πάντα</span> <span class='ocrx_word' id='word_1_823' title='bbox 2606 3838 3002 3910; x_wconf 87' lang='grc' dir='ltr'>ἀναμέμικται,</span> <span class='ocrx_word' id='word_1_824' title='bbox 3035 3841 3130 3892; x_wconf 81' lang='grc' dir='ltr'>καὶ</span> <span class='ocrx_word' id='word_1_825' title='bbox 3160 3839 3231 3892; x_wconf 74' lang='grc' dir='ltr'>τὰ</span> <span class='ocrx_word' id='word_1_826' title='bbox 3269 3839 3410 3894; x_wconf 89' lang='grc' dir='ltr'>καλά</span> <span class='ocrx_word' id='word_1_827' title='bbox 3441 3840 3534 3892; x_wconf 78' lang='grc' dir='ltr'>καὶ</span> <span class='ocrx_word' id='word_1_828' title='bbox 3563 3841 3630 3893; x_wconf 74' lang='grc' dir='ltr'>τά</span> 
     </span>
    </p>
   </div>
   <div class='ocr_carea' id='block_1_105' title="bbox 2052 3926 3628 3999">
    <p class='ocr_par' dir='ltr' id='par_1_105' title="bbox 2052 3926 3628 3999">
     <span class='ocr_line' id='line_1_105' title="bbox 2052 3926 3628 3999; baseline -0.001 -20"><span class='ocrx_word' id='word_1_829' title='bbox 2052 3927 2218 3990; x_wconf 76' lang='grc' dir='ltr'>κακὰ,</span> <span class='ocrx_word' id='word_1_830' title='bbox 2265 3929 2345 3980; x_wconf 79' lang='grc' dir='ltr'>ὅτι</span> <span class='ocrx_word' id='word_1_831' title='bbox 2389 3927 2488 3980; x_wconf 74' lang='grc' dir='ltr'>οὐκ</span> <span class='ocrx_word' id='word_1_832' title='bbox 2517 3926 2663 3979; x_wconf 80' lang='grc' dir='ltr'>ἐστιν</span> <span class='ocrx_word' id='word_1_833' title='bbox 2692 3927 3009 3997; x_wconf 85' lang='grc' dir='ltr'>εὐχαριστία</span> <span class='ocrx_word' id='word_1_834' title='bbox 3057 3928 3113 3980; x_wconf 88' lang='grc' dir='ltr'>ἐν</span> <span class='ocrx_word' id='word_1_835' title='bbox 3145 3926 3223 3997; x_wconf 84' lang='grc' dir='ltr'>τῷ</span> <span class='ocrx_word' id='word_1_836' title='bbox 3256 3926 3392 3999; x_wconf 81' lang='grc' dir='ltr'>οἴκῳ</span> <span class='ocrx_word' id='word_1_837' title='bbox 3434 3927 3628 3997; x_wconf 86' lang='grc' dir='ltr'>τούτῳ,</span> 
     </span>
    </p>
   </div>
   <div class='ocr_carea' id='block_1_106' title="bbox 2050 4013 3629 4086">
    <p class='ocr_par' dir='ltr' id='par_1_106' title="bbox 2050 4013 3629 4086">
     <span class='ocr_line' id='line_1_106' title="bbox 2050 4013 3629 4086; baseline 0 -20"><span class='ocrx_word' id='word_1_838' title='bbox 2050 4014 2172 4068; x_wconf 84' lang='grc' dir='ltr'>τίνα</span> <span class='ocrx_word' id='word_1_839' title='bbox 2216 4013 2455 4085; x_wconf 85' lang='grc' dir='ltr'>νομίζεις</span> <span class='ocrx_word' id='word_1_840' title='bbox 2489 4015 2579 4067; x_wconf 85' lang='grc' dir='ltr'>τὸν</span> <span class='ocrx_word' id='word_1_841' title='bbox 2609 4014 2878 4084; x_wconf 69' lang='grc' dir='ltr'>δεσπότην</span> <span class='ocrx_word' id='word_1_842' title='bbox 2917 4013 3042 4068; x_wconf 87' lang='grc' dir='ltr'>νοῦν</span> <span class='ocrx_word' id='word_1_843' title='bbox 3083 4015 3228 4084; x_wconf 80' lang='grc' dir='ltr'>ἔχειν</span> <span class='ocrx_word' id='word_1_844' title='bbox 3261 4015 3390 4086; x_wconf 73' lang='grc' dir='ltr'>περὶ</span> <span class='ocrx_word' id='word_1_845' title='bbox 3425 4015 3629 4080; x_wconf 74' lang='grc' dir='ltr'>αὐτοῦς</span> 
     </span>
    </p>
   </div>
   <div class='ocr_carea' id='block_1_107' title="bbox 2053 4098 3632 4173">
    <p class='ocr_par' dir='ltr' id='par_1_107' title="bbox 2053 4098 3632 4173">
     <span class='ocr_line' id='line_1_107' title="bbox 2053 4098 3632 4173; baseline 0 -17"><span class='ocrx_word' id='word_1_846' title='bbox 2053 4098 2162 4173; x_wconf 86' lang='grc' dir='ltr'>ἆρα</span> <span class='ocrx_word' id='word_1_847' title='bbox 2201 4103 2319 4173; x_wconf 81' lang='grc' dir='ltr'>ούχὶ</span> <span class='ocrx_word' id='word_1_848' title='bbox 2364 4102 2469 4154; x_wconf 82' lang='grc' dir='ltr'>τῶν</span> <span class='ocrx_word' id='word_1_849' title='bbox 2517 4103 2736 4156; x_wconf 85' lang='grc' dir='ltr'>οἰκείων</span> <span class='ocrx_word' id='word_1_850' title='bbox 2767 4103 3182 4173; x_wconf 85' lang='grc' dir='ltr'>ἁμαρτημάτων</span> <span class='ocrx_word' id='word_1_851' title='bbox 3211 4103 3437 4171; x_wconf 83' lang='grc' dir='ltr'>μείζονα</span> <span class='ocrx_word' id='word_1_852' title='bbox 3469 4102 3632 4156; x_wconf 80' lang='grc' dir='ltr'>δώσει</span> 
     </span>
    </p>
   </div>
   <div class='ocr_carea' id='block_1_108' title="bbox 2053 4189 3629 4261">
    <p class='ocr_par' dir='ltr' id='par_1_108' title="bbox 2053 4189 3629 4261">
     <span class='ocr_line' id='line_1_108' title="bbox 2053 4189 3629 4261; baseline 0.001 -19"><span class='ocrx_word' id='word_1_853' title='bbox 2053 4189 2209 4259; x_wconf 89' lang='grc' dir='ltr'>δίκην</span> <span class='ocrx_word' id='word_1_854' title='bbox 2233 4207 2248 4255; x_wconf 88' lang='grc'>;</span> <span class='ocrx_word' id='word_1_855' title='bbox 2289 4190 2528 4254; x_wconf 84' lang='grc' dir='ltr'>Εἰκότως</span> <span class='ocrx_word' id='word_1_856' title='bbox 2550 4208 2564 4222; x_wconf 88' lang='grc'><strong>·</strong></span> <span class='ocrx_word' id='word_1_857' title='bbox 2605 4193 2724 4244; x_wconf 87' lang='grc' dir='ltr'>ἐκεῖ</span> <span class='ocrx_word' id='word_1_858' title='bbox 2757 4192 2854 4260; x_wconf 83' lang='grc' dir='ltr'>μὲν</span> <span class='ocrx_word' id='word_1_859' title='bbox 2881 4191 2988 4261; x_wconf 85' lang='grc' dir='ltr'>γάρ</span> <span class='ocrx_word' id='word_1_860' title='bbox 3014 4190 3075 4244; x_wconf 85' lang='grc' dir='ltr'>τό</span> <span class='ocrx_word' id='word_1_861' title='bbox 3101 4189 3269 4255; x_wconf 87' lang='grc' dir='ltr'>πάθος</span> <span class='ocrx_word' id='word_1_862' title='bbox 3299 4191 3629 4260; x_wconf 80' lang='grc' dir='ltr'>ἀπολογήσε·</span> 
     </span>
    </p>
   </div>
   <div class='ocr_carea' id='block_1_109' title="bbox 2052 4277 3630 4350">
    <p class='ocr_par' dir='ltr' id='par_1_109' title="bbox 2052 4277 3630 4350">
     <span class='ocr_line' id='line_1_109' title="bbox 2052 4277 3630 4350; baseline 0 -19"><span class='ocrx_word' id='word_1_863' title='bbox 2052 4295 2162 4341; x_wconf 86' lang='grc' dir='ltr'>ται,</span> <span class='ocrx_word' id='word_1_864' title='bbox 2200 4279 2248 4331; x_wconf 87' lang='grc' dir='ltr'>εί</span> <span class='ocrx_word' id='word_1_865' title='bbox 2298 4277 2392 4332; x_wconf 75' lang='grc' dir='ltr'>καὶ</span> <span class='ocrx_word' id='word_1_866' title='bbox 2416 4278 2682 4342; x_wconf 84' lang='grc' dir='ltr'>ἀσθενῶς,</span> <span class='ocrx_word' id='word_1_867' title='bbox 2718 4278 2954 4332; x_wconf 87' lang='grc' dir='ltr'>ἐνταῦθα</span> <span class='ocrx_word' id='word_1_868' title='bbox 2991 4279 3045 4331; x_wconf 86' lang='grc' dir='ltr'>δὲ</span> <span class='ocrx_word' id='word_1_869' title='bbox 3084 4278 3256 4332; x_wconf 75' lang='grc' dir='ltr'>οὐδέν.</span> <span class='ocrx_word' id='word_1_870' title='bbox 3310 4279 3371 4331; x_wconf 82' lang='grc' dir='ltr'>Εἰ</span> <span class='ocrx_word' id='word_1_871' title='bbox 3428 4279 3630 4350; x_wconf 81' lang='grc' dir='ltr'>μηδένα</span> 
     </span>
    </p>
   </div>
   <div class='ocr_carea' id='block_1_110' title="bbox 2053 4365 3627 4439">
    <p class='ocr_par' dir='ltr' id='par_1_110' title="bbox 2053 4365 3627 4439">
     <span class='ocr_line' id='line_1_110' title="bbox 2053 4365 3627 4439; baseline 0 -19"><span class='ocrx_word' id='word_1_872' title='bbox 2053 4365 2228 4420; x_wconf 88' lang='grc' dir='ltr'>τοίνυν</span> <span class='ocrx_word' id='word_1_873' title='bbox 2250 4366 2462 4436; x_wconf 71' lang='grc' dir='ltr'>ἕτερον,</span> <span class='ocrx_word' id='word_1_874' title='bbox 2486 4366 2580 4418; x_wconf 90' lang='grc' dir='ltr'>τὸν</span> <span class='ocrx_word' id='word_1_875' title='bbox 2622 4365 2756 4434; x_wconf 90' lang='grc' dir='ltr'>γοῦν</span> <span class='ocrx_word' id='word_1_876' title='bbox 2791 4365 3046 4420; x_wconf 87' lang='grc' dir='ltr'>πλούσιον</span> <span class='ocrx_word' id='word_1_877' title='bbox 3081 4367 3319 4436; x_wconf 89' lang='grc' dir='ltr'>μίμησαι</span> <span class='ocrx_word' id='word_1_878' title='bbox 3347 4367 3438 4419; x_wconf 86' lang='grc' dir='ltr'>τὸν</span> <span class='ocrx_word' id='word_1_879' title='bbox 3465 4369 3522 4420; x_wconf 85' lang='grc' dir='ltr'>ἐν</span> <span class='ocrx_word' id='word_1_880' title='bbox 3560 4371 3627 4439; x_wconf 78' lang='grc' dir='ltr'>τῇ</span> 
     </span>
    </p>
   </div>
   <div class='ocr_carea' id='block_1_111' title="bbox 2052 4453 3630 4526">
    <p class='ocr_par' dir='ltr' id='par_1_111' title="bbox 2052 4453 3630 4526">
     <span class='ocr_line' id='line_1_111' title="bbox 2052 4453 3630 4526; baseline 0.003 -21"><span class='ocrx_word' id='word_1_881' title='bbox 2052 4455 2270 4526; x_wconf 79' lang='grc' dir='ltr'>γεέννῃ,</span> <span class='ocrx_word' id='word_1_882' title='bbox 2303 4455 2392 4506; x_wconf 79' lang='grc' dir='ltr'>τὸν</span> <span class='ocrx_word' id='word_1_883' title='bbox 2434 4453 2685 4522; x_wconf 85' lang='grc' dir='ltr'>λέγοντα,</span> <span class='ocrx_word' id='word_1_884' title='bbox 2718 4453 2910 4522; x_wconf 82' lang='grc' dir='ltr'>Πάτερ</span> <span class='ocrx_word' id='word_1_885' title='bbox 2938 4455 3212 4522; x_wconf 77' lang='grc' dir='ltr'>Ἀϐραὰμ,</span> <span class='ocrx_word' id='word_1_886' title='bbox 3247 4454 3489 4524; x_wconf 67' lang='grc' dir='ltr'>πέμψον</span> <span class='ocrx_word' id='word_1_887' title='bbox 3511 4455 3630 4511; x_wconf 83' lang='grc' dir='ltr'>Λά-</span> 
     </span>
    </p>
   </div>
   <div class='ocr_carea' id='block_1_112' title="bbox 2053 4542 3631 4612">
    <p class='ocr_par' dir='ltr' id='par_1_112' title="bbox 2053 4542 3631 4612">
     <span class='ocr_line' id='line_1_112' title="bbox 2053 4542 3631 4612; baseline 0 -16"><span class='ocrx_word' id='word_1_888' title='bbox 2053 4543 2227 4611; x_wconf 79' lang='grc' dir='ltr'>ζαρον</span> <span class='ocrx_word' id='word_1_889' title='bbox 2255 4543 2353 4596; x_wconf 78' lang='grc' dir='ltr'>ἐπὶ</span> <span class='ocrx_word' id='word_1_890' title='bbox 2407 4542 2549 4609; x_wconf 82' lang='grc' dir='ltr'>τοὺς</span> <span class='ocrx_word' id='word_1_891' title='bbox 2591 4543 2912 4612; x_wconf 75' lang='grc' dir='ltr'>συγγενεῖς</span> <span class='ocrx_word' id='word_1_892' title='bbox 2949 4561 3089 4610; x_wconf 78' lang='grc' dir='ltr'>μου,</span> <span class='ocrx_word' id='word_1_893' title='bbox 3123 4544 3222 4596; x_wconf 75' lang='grc' dir='ltr'>ἵνα</span> <span class='ocrx_word' id='word_1_894' title='bbox 3251 4543 3335 4612; x_wconf 78' lang='grc' dir='ltr'>μὴ</span> <span class='ocrx_word' id='word_1_895' title='bbox 3367 4544 3631 4597; x_wconf 77' lang='grc' dir='ltr'>ἔλθωσιν</span> 
     </span>
    </p>
   </div>
   <div class='ocr_carea' id='block_1_113' title="bbox 2052 4630 3628 4701">
    <p class='ocr_par' dir='ltr' id='par_1_113' title="bbox 2052 4630 3628 4701">
     <span class='ocr_line' id='line_1_113' title="bbox 2052 4630 3628 4701; baseline 0.001 -16"><span class='ocrx_word' id='word_1_896' title='bbox 2052 4635 2139 4697; x_wconf 88' lang='grc' dir='ltr'>είς</span> <span class='ocrx_word' id='word_1_897' title='bbox 2174 4632 2279 4685; x_wconf 65' lang='grc' dir='ltr'>τὸν</span> <span class='ocrx_word' id='word_1_898' title='bbox 2312 4631 2500 4684; x_wconf 74' lang='grc' dir='ltr'>τόπον</span> <span class='ocrx_word' id='word_1_899' title='bbox 2546 4632 2780 4694; x_wconf 81' lang='grc' dir='ltr'>τοῦτον,</span> <span class='ocrx_word' id='word_1_900' title='bbox 2821 4630 3011 4701; x_wconf 87' lang='grc' dir='ltr'>ἐπειδὴ</span> <span class='ocrx_word' id='word_1_901' title='bbox 3049 4630 3210 4694; x_wconf 84' lang='grc' dir='ltr'>αὐτὸς</span> <span class='ocrx_word' id='word_1_902' title='bbox 3244 4631 3498 4685; x_wconf 87' lang='grc' dir='ltr'>ἀπελθεῖν</span> <span class='ocrx_word' id='word_1_903' title='bbox 3529 4634 3628 4686; x_wconf 79' lang='grc' dir='ltr'>οὐκ</span> 
     </span>
    </p>
   </div>
   <div class='ocr_carea' id='block_1_114' title="bbox 2052 4717 3623 4789">
    <p class='ocr_par' dir='ltr' id='par_1_114' title="bbox 2052 4717 3623 4789">
     <span class='ocr_line' id='line_1_114' title="bbox 2052 4717 3623 4789; baseline 0.002 -18"><span class='ocrx_word' id='word_1_904' title='bbox 2052 4720 2302 4788; x_wconf 79' lang='grc' dir='ltr'>ἠδύνατο,</span> <span class='ocrx_word' id='word_1_905' title='bbox 2353 4718 2494 4771; x_wconf 84' lang='grc' dir='ltr'>ὥστε</span> <span class='ocrx_word' id='word_1_906' title='bbox 2537 4718 2610 4788; x_wconf 84' lang='grc' dir='ltr'>μὴ</span> <span class='ocrx_word' id='word_1_907' title='bbox 2641 4721 2754 4781; x_wconf 88' lang='grc' dir='ltr'>τοῖς</span> <span class='ocrx_word' id='word_1_908' title='bbox 2802 4719 2988 4780; x_wconf 80' lang='grc' dir='ltr'>αὐτοῖς</span> <span class='ocrx_word' id='word_1_909' title='bbox 3015 4717 3259 4782; x_wconf 81' lang='grc' dir='ltr'>ἐκείνους</span> <span class='ocrx_word' id='word_1_910' title='bbox 3287 4723 3623 4789; x_wconf 85' lang='grc' dir='ltr'>περιπεσεῖν.</span> 
     </span>
    </p>
   </div>
   <div class='ocr_carea' id='block_1_115' title="bbox 2066 4805 3626 4877">
    <p class='ocr_par' dir='ltr' id='par_1_115' title="bbox 2066 4805 3626 4877">
     <span class='ocr_line' id='line_1_115' title="bbox 2066 4805 3626 4877; baseline 0.001 -18"><span class='ocrx_word' id='word_1_911' title='bbox 2066 4807 2414 4876; x_wconf 77' lang='grc' dir='ltr'>Ἀποστώμεν</span> <span class='ocrx_word' id='word_1_912' title='bbox 2447 4805 2558 4859; x_wconf 86' lang='grc' dir='ltr'>τῶν</span> <span class='ocrx_word' id='word_1_913' title='bbox 2613 4805 2871 4877; x_wconf 79' lang='grc' dir='ltr'>ῥημάτων</span> <span class='ocrx_word' id='word_1_914' title='bbox 2904 4805 3111 4858; x_wconf 83' lang='grc' dir='ltr'>τούτων</span> <span class='ocrx_word' id='word_1_915' title='bbox 3154 4805 3263 4857; x_wconf 86' lang='grc' dir='ltr'>τῶν</span> <span class='ocrx_word' id='word_1_916' title='bbox 3298 4807 3626 4861; x_wconf 85' lang='grc' dir='ltr'>σατανικῶν.</span> 
     </span>
    </p>
   </div>
   <div class='ocr_carea' id='block_1_116' title="bbox 2122 4886 3622 4964">
    <p class='ocr_par' dir='ltr' id='par_1_116' title="bbox 2122 4886 3622 4964">
     <span class='ocr_line' id='line_1_116' title="bbox 2122 4886 3622 4964; baseline -0.003 -15"><span class='ocrx_word' id='word_1_917' title='bbox 2122 4901 2199 4960; x_wconf 79' lang='grc' dir='ltr'>ς’.</span> <span class='ocrx_word' id='word_1_918' title='bbox 2237 4895 2300 4946; x_wconf 91' lang='grc' dir='ltr'>Τί</span> <span class='ocrx_word' id='word_1_919' title='bbox 2326 4890 2450 4958; x_wconf 81' lang='grc' dir='ltr'>οὖν,</span> <span class='ocrx_word' id='word_1_920' title='bbox 2479 4894 2608 4947; x_wconf 87' lang='grc' dir='ltr'>ὅταν</span> <span class='ocrx_word' id='word_1_921' title='bbox 2644 4892 2902 4963; x_wconf 85' lang='grc' dir='ltr'>Ἓλληνες</span> <span class='ocrx_word' id='word_1_922' title='bbox 2951 4894 3096 4962; x_wconf 80' lang='grc' dir='ltr'>ἡμᾶς</span> <span class='ocrx_word' id='word_1_923' title='bbox 3139 4894 3404 4960; x_wconf 83' lang='grc' dir='ltr'>ἐρωτῶσι,</span> <span class='ocrx_word' id='word_1_924' title='bbox 3439 4886 3622 4964; x_wconf 76' lang='grc' dir='ltr'>φησὶν,</span> 
     </span>
    </p>
   </div>
   <div class='ocr_carea' id='block_1_117' title="bbox 2051 4979 3626 5052">
    <p class='ocr_par' dir='ltr' id='par_1_117' title="bbox 2051 4979 3626 5052">
     <span class='ocr_line' id='line_1_117' title="bbox 2051 4979 3626 5052; baseline -0.001 -17"><span class='ocrx_word' id='word_1_925' title='bbox 2051 4983 2152 5035; x_wconf 85' lang='grc' dir='ltr'>ούκ</span> <span class='ocrx_word' id='word_1_926' title='bbox 2194 4980 2431 5042; x_wconf 84' lang='grc' dir='ltr'>ἐκείνους</span> <span class='ocrx_word' id='word_1_927' title='bbox 2466 4979 2648 5050; x_wconf 74' lang='grc' dir='ltr'>βούλει.</span> <span class='ocrx_word' id='word_1_928' title='bbox 2687 4979 3058 5052; x_wconf 88' lang='grc' dir='ltr'>θεραπεῦσαι;</span> <span class='ocrx_word' id='word_1_929' title='bbox 3109 4980 3249 5034; x_wconf 84' lang='grc' dir='ltr'>Ἀλλ’</span> <span class='ocrx_word' id='word_1_930' title='bbox 3279 4982 3359 5044; x_wconf 86' lang='grc' dir='ltr'>εἰς</span> <span class='ocrx_word' id='word_1_931' title='bbox 3391 4981 3626 5052; x_wconf 88' lang='grc' dir='ltr'>ἀπορίαν</span> 
     </span>
    </p>
   </div>
   <div class='ocr_carea' id='block_1_118' title="bbox 2052 5067 3622 5139">
    <p class='ocr_par' dir='ltr' id='par_1_118' title="bbox 2052 5067 3622 5139">
     <span class='ocr_line' id='line_1_118' title="bbox 2052 5067 3622 5139; baseline -0.001 -17"><span class='ocrx_word' id='word_1_932' title='bbox 2052 5067 2305 5139; x_wconf 82' lang='grc' dir='ltr'>ἐμϐαλὼν</span> <span class='ocrx_word' id='word_1_933' title='bbox 2325 5068 2416 5121; x_wconf 88' lang='grc' dir='ltr'>τὸν</span> <span class='ocrx_word' id='word_1_934' title='bbox 2436 5068 2758 5138; x_wconf 88' lang='grc' dir='ltr'>Χριστιανὸν</span> <span class='ocrx_word' id='word_1_935' title='bbox 2781 5067 3129 5138; x_wconf 80' lang='grc' dir='ltr'>προσχήματι</span> <span class='ocrx_word' id='word_1_936' title='bbox 3148 5067 3240 5120; x_wconf 85' lang='grc' dir='ltr'>τοῦ</span> <span class='ocrx_word' id='word_1_937' title='bbox 3271 5067 3361 5121; x_wconf 89' lang='grc' dir='ltr'>τὸν</span> <span class='ocrx_word' id='word_1_938' title='bbox 3385 5067 3622 5138; x_wconf 84' lang='grc' dir='ltr'>Ἕλληνα</span> 
     </span>
    </p>
   </div>
   <div class='ocr_carea' id='block_1_119' title="bbox 2052 5153 3623 5225">
    <p class='ocr_par' dir='ltr' id='par_1_119' title="bbox 2052 5153 3623 5225">
     <span class='ocr_line' id='line_1_119' title="bbox 2052 5153 3623 5225; baseline 0.001 -15"><span class='ocrx_word' id='word_1_939' title='bbox 2052 5156 2395 5225; x_wconf 83' lang='grc' dir='ltr'>θεραπεύειν,</span> <span class='ocrx_word' id='word_1_940' title='bbox 2424 5155 2669 5224; x_wconf 84' lang='grc' dir='ltr'>κυρῶσαι</span> <span class='ocrx_word' id='word_1_941' title='bbox 2705 5153 2884 5224; x_wconf 88' lang='grc' dir='ltr'>βούλει</span> <span class='ocrx_word' id='word_1_942' title='bbox 2918 5153 2979 5206; x_wconf 88' lang='grc' dir='ltr'>τὸ</span> <span class='ocrx_word' id='word_1_943' title='bbox 3004 5153 3182 5222; x_wconf 85' lang='grc' dir='ltr'>δόγμα</span> <span class='ocrx_word' id='word_1_944' title='bbox 3210 5155 3272 5208; x_wconf 90' lang='grc' dir='ltr'>τὸ</span> <span class='ocrx_word' id='word_1_945' title='bbox 3311 5154 3623 5211; x_wconf 86' lang='grc' dir='ltr'>σατανικόν.</span> 
     </span>
    </p>
   </div>
   <div class='ocr_carea' id='block_1_120' title="bbox 2061 5241 3625 5316">
    <p class='ocr_par' dir='ltr' id='par_1_120' title="bbox 2061 5241 3625 5316">
     <span class='ocr_line' id='line_1_120' title="bbox 2061 5241 3625 5316; baseline -0.001 -20"><span class='ocrx_word' id='word_1_946' title='bbox 2061 5245 2278 5316; x_wconf 83' lang='grc' dir='ltr'>Ἐπειδὴ</span> <span class='ocrx_word' id='word_1_947' title='bbox 2298 5243 2407 5314; x_wconf 80' lang='grc' dir='ltr'>γὰρ</span> <span class='ocrx_word' id='word_1_948' title='bbox 2438 5243 2599 5306; x_wconf 71' lang='grc' dir='ltr'>αὐτὸς</span> <span class='ocrx_word' id='word_1_949' title='bbox 2635 5243 2770 5313; x_wconf 86' lang='grc' dir='ltr'>μόνῃ</span> <span class='ocrx_word' id='word_1_950' title='bbox 2804 5245 2869 5312; x_wconf 81' lang='grc' dir='ltr'>τῇ</span> <span class='ocrx_word' id='word_1_951' title='bbox 2899 5241 3044 5312; x_wconf 71' lang='grc' dir='ltr'>ψυχῇ</span> <span class='ocrx_word' id='word_1_952' title='bbox 3070 5241 3450 5312; x_wconf 80' lang='grc' dir='ltr'>διαλεγόμενος</span> <span class='ocrx_word' id='word_1_953' title='bbox 3485 5243 3625 5314; x_wconf 83' lang='grc' dir='ltr'>ὑπὲρ</span> 
     </span>
    </p>
   </div>
   <div class='ocr_carea' id='block_1_121' title="bbox 1993 5329 3620 5400">
    <p class='ocr_par' dir='ltr' id='par_1_121' title="bbox 1993 5329 3620 5400">
     <span class='ocr_line' id='line_1_121' title="bbox 1993 5329 3620 5400; baseline -0.001 -16"><span class='ocrx_word' id='word_1_954' title='bbox 1993 5397 1996 5399; x_wconf 19' lang='grc' dir='ltr'>λ</span> <span class='ocrx_word' id='word_1_955' title='bbox 2047 5332 2251 5384; x_wconf 88' lang='grc' dir='ltr'>τούτων</span> <span class='ocrx_word' id='word_1_956' title='bbox 2263 5331 2323 5383; x_wconf 81' lang='grc' dir='ltr'>ού</span> <span class='ocrx_word' id='word_1_957' title='bbox 2343 5329 2570 5394; x_wconf 86' lang='grc' dir='ltr'>πείθεις,</span> <span class='ocrx_word' id='word_1_958' title='bbox 2590 5330 2810 5399; x_wconf 86' lang='grc' dir='ltr'>ἐτέρους</span> <span class='ocrx_word' id='word_1_959' title='bbox 2828 5329 3003 5388; x_wconf 81' lang='grc' dir='ltr'>θέλεις</span> <span class='ocrx_word' id='word_1_960' title='bbox 3023 5329 3294 5399; x_wconf 89' lang='grc' dir='ltr'>παράγειν</span> <span class='ocrx_word' id='word_1_961' title='bbox 3319 5330 3620 5400; x_wconf 85' lang='grc' dir='ltr'>μάρτυρας.</span> 
     </span>
    </p>
   </div>
   <div class='ocr_carea' id='block_1_122' title="bbox 2048 5414 3622 5487">
    <p class='ocr_par' dir='ltr' id='par_1_122' title="bbox 2048 5414 3622 5487">
     <span class='ocr_line' id='line_1_122' title="bbox 2048 5414 3622 5487; baseline -0.001 -18"><span class='ocrx_word' id='word_1_962' title='bbox 2048 5419 2110 5470; x_wconf 85' lang='grc' dir='ltr'>Εἰ</span> <span class='ocrx_word' id='word_1_963' title='bbox 2145 5418 2201 5471; x_wconf 77' lang='grc' dir='ltr'>δὲ</span> <span class='ocrx_word' id='word_1_964' title='bbox 2222 5417 2460 5487; x_wconf 82' lang='grc' dir='ltr'>Ἕλληνι.</span> <span class='ocrx_word' id='word_1_965' title='bbox 2481 5419 2586 5487; x_wconf 84' lang='grc' dir='ltr'>χρὴ</span> <span class='ocrx_word' id='word_1_966' title='bbox 2625 5416 2987 5482; x_wconf 85' lang='grc' dir='ltr'>διαλέγεσθαι,</span> <span class='ocrx_word' id='word_1_967' title='bbox 3005 5415 3122 5473; x_wconf 73' lang='grc' dir='ltr'>,οὐκ</span> <span class='ocrx_word' id='word_1_968' title='bbox 3144 5414 3393 5467; x_wconf 86' lang='grc' dir='ltr'>ἐντεῦθεν</span> <span class='ocrx_word' id='word_1_969' title='bbox 3423 5416 3455 5485; x_wconf 86' lang='grc' dir='ltr'><strong>ἡ</strong></span> <span class='ocrx_word' id='word_1_970' title='bbox 3481 5416 3622 5486; x_wconf 81' lang='grc' dir='ltr'>ἀρχὴ</span> 
     </span>
    </p>
   </div>
   <div class='ocr_carea' id='block_1_123' title="bbox 2046 5500 3622 5575">
    <p class='ocr_par' dir='ltr' id='par_1_123' title="bbox 2046 5500 3622 5575">
     <span class='ocr_line' id='line_1_123' title="bbox 2046 5500 3622 5575; baseline -0.002 -18"><span class='ocrx_word' id='word_1_971' title='bbox 2046 5504 2147 5575; x_wconf 86' lang='grc' dir='ltr'>τῆς</span> <span class='ocrx_word' id='word_1_972' title='bbox 2186 5505 2487 5570; x_wconf 79' lang='grc' dir='ltr'>διαλέξεως,</span> <span class='ocrx_word' id='word_1_973' title='bbox 2527 5504 2640 5556; x_wconf 87' lang='grc' dir='ltr'>ἀλλ’</span> <span class='ocrx_word' id='word_1_974' title='bbox 2702 5505 2750 5554; x_wconf 88' lang='grc' dir='ltr'>εί</span> <span class='ocrx_word' id='word_1_975' title='bbox 2803 5501 2936 5565; x_wconf 84' lang='grc' dir='ltr'>Θεὸς</span> <span class='ocrx_word' id='word_1_976' title='bbox 2972 5503 2999 5554; x_wconf 89' lang='grc' dir='ltr'>ὁ</span> <span class='ocrx_word' id='word_1_977' title='bbox 3037 5500 3290 5570; x_wconf 82' lang='grc' dir='ltr'>Χριστὸς,</span> <span class='ocrx_word' id='word_1_978' title='bbox 3322 5501 3431 5572; x_wconf 42' lang='grc' dir='ltr'>,καὶ</span> <span class='ocrx_word' id='word_1_979' title='bbox 3487 5501 3622 5554; x_wconf 82' lang='grc' dir='ltr'>Θεοῦ</span> 
     </span>
    </p>
   </div>
   <div class='ocr_carea' id='block_1_124' title="bbox 2048 5587 3619 5660">
    <p class='ocr_par' dir='ltr' id='par_1_124' title="bbox 2048 5587 3619 5660">
     <span class='ocr_line' id='line_1_124' title="bbox 2048 5587 3619 5660; baseline -0.002 -15"><span class='ocrx_word' id='word_1_980' title='bbox 2048 5595 2202 5654; x_wconf 87' lang='grc' dir='ltr'>Παῖς,</span> <span class='ocrx_word' id='word_1_981' title='bbox 2234 5594 2281 5644; x_wconf 85' lang='grc' dir='ltr'>εἰ</span> <span class='ocrx_word' id='word_1_982' title='bbox 2311 5593 2558 5660; x_wconf 72' lang='grc' dir='ltr'>δαίμονες</span> <span class='ocrx_word' id='word_1_983' title='bbox 2586 5591 2636 5643; x_wconf 81' lang='grc' dir='ltr'>οἱ</span> <span class='ocrx_word' id='word_1_984' title='bbox 2685 5592 2810 5660; x_wconf 78' lang='grc' dir='ltr'>παρ’</span> <span class='ocrx_word' id='word_1_985' title='bbox 2842 5589 3068 5650; x_wconf 79' lang='grc' dir='ltr'>ἐκείνοις</span> <span class='ocrx_word' id='word_1_986' title='bbox 3105 5589 3236 5642; x_wconf 88' lang='grc' dir='ltr'>θεοί.</span> <span class='ocrx_word' id='word_1_987' title='bbox 3285 5588 3413 5641; x_wconf 75' lang='grc' dir='ltr'>Ἐάν</span> <span class='ocrx_word' id='word_1_988' title='bbox 3443 5587 3619 5642; x_wconf 88' lang='grc' dir='ltr'>ταῦτα</span> 
     </span>
    </p>
   </div>
   <div class='ocr_carea' id='block_1_125' title="bbox 2049 5672 3623 5746">
    <p class='ocr_par' dir='ltr' id='par_1_125' title="bbox 2049 5672 3623 5746">
     <span class='ocr_line' id='line_1_125' title="bbox 2049 5672 3623 5746; baseline -0.001 -18"><span class='ocrx_word' id='word_1_989' title='bbox 2049 5675 2490 5746; x_wconf 79' lang='grc' dir='ltr'>κατασκευασθῇ,</span> <span class='ocrx_word' id='word_1_990' title='bbox 2544 5674 2720 5728; x_wconf 83' lang='grc' dir='ltr'>πάντα</span> <span class='ocrx_word' id='word_1_991' title='bbox 2770 5672 2839 5726; x_wconf 87' lang='grc' dir='ltr'>τά</span> <span class='ocrx_word' id='word_1_992' title='bbox 2875 5672 3010 5726; x_wconf 84' lang='grc' dir='ltr'>ἄλλα</span> <span class='ocrx_word' id='word_1_993' title='bbox 3031 5672 3250 5725; x_wconf 72' lang='grc' dir='ltr'>ἕπεται·</span> <span class='ocrx_word' id='word_1_994' title='bbox 3289 5673 3494 5743; x_wconf 76' lang='grc' dir='ltr'>πρὶνδέ</span> <span class='ocrx_word' id='word_1_995' title='bbox 3523 5674 3623 5746; x_wconf 75' lang='grc' dir='ltr'>τὴν</span> 
     </span>
    </p>
   </div>
   <div class='ocr_carea' id='block_1_126' title="bbox 2047 5755 3619 5830">
    <p class='ocr_par' dir='ltr' id='par_1_126' title="bbox 2047 5755 3619 5830">
     <span class='ocr_line' id='line_1_126' title="bbox 2047 5755 3619 5830; baseline -0.003 -18"><span class='ocrx_word' id='word_1_996' title='bbox 2047 5759 2220 5830; x_wconf 81' lang='grc' dir='ltr'>ἀρχὴν</span> <span class='ocrx_word' id='word_1_997' title='bbox 2266 5759 2472 5819; x_wconf 84' lang='grc' dir='ltr'>θέσθαι,</span> <span class='ocrx_word' id='word_1_998' title='bbox 2519 5758 2746 5828; x_wconf 86' lang='grc' dir='ltr'>μάταιον</span> <span class='ocrx_word' id='word_1_999' title='bbox 2784 5756 2909 5825; x_wconf 69' lang='grc' dir='ltr'>περὶ</span> <span class='ocrx_word' id='word_1_1000' title='bbox 2949 5755 3049 5823; x_wconf 81' lang='grc' dir='ltr'>τῆς</span> <span class='ocrx_word' id='word_1_1001' title='bbox 3077 5755 3333 5825; x_wconf 85' lang='grc' dir='ltr'>τελευτῆς</span> <span class='ocrx_word' id='word_1_1002' title='bbox 3379 5757 3619 5824; x_wconf 59' lang='grc' dir='ltr'>διαλέγει</span> 
     </span>
    </p>
   </div>
   <div class='ocr_carea' id='block_1_127' title="bbox 2055 5840 3620 5914">
    <p class='ocr_par' dir='ltr' id='par_1_127' title="bbox 2055 5840 3620 5914">
     <span class='ocr_line' id='line_1_127' title="bbox 2055 5840 3620 5914; baseline -0.001 -18"><span class='ocrx_word' id='word_1_1003' title='bbox 2055 5843 2215 5897; x_wconf 74' lang='grc' dir='ltr'>σθαι·⁶</span> <span class='ocrx_word' id='word_1_1004' title='bbox 2256 5844 2384 5912; x_wconf 74' lang='grc' dir='ltr'>πρὶν</span> <span class='ocrx_word' id='word_1_1005' title='bbox 2431 5842 2559 5912; x_wconf 62' lang='grc' dir='ltr'>ἢετά</span> <span class='ocrx_word' id='word_1_1006' title='bbox 2593 5843 2780 5914; x_wconf 83' lang='grc' dir='ltr'>πρῶτα</span> <span class='ocrx_word' id='word_1_1007' title='bbox 2842 5841 3077 5908; x_wconf 83' lang='grc' dir='ltr'>στοιχεῖα</span> <span class='ocrx_word' id='word_1_1008' title='bbox 3119 5840 3328 5910; x_wconf 88' lang='grc' dir='ltr'>μαθεῖν,</span> <span class='ocrx_word' id='word_1_1009' title='bbox 3367 5843 3620 5913; x_wconf 55' lang='grc' dir='ltr'>περιττὸν</span> 
     </span>
    </p>
   </div>
  </div>
