4148 6402
417 532 512 584 καὶ⁵
536 529 792 599 ἀνόνητον
822 526 949 597 περὶ
979 526 1038 579 τὸ
1061 526 1210 588 τέλος
1228 525 1501 595 ἔρχεσθαι.
1549 527 1792 579 Ἀπιστεῖ
1811 528 1839 580 ὁ
1865 527 1996 580 Ἔλ-

415 614 515 684 λην
546 615 612 684 τῇ
643 612 844 682 κρίσει,
891 611 985 664 καὶ
1023 610 1186 672 αὐτὸς
1221 611 1283 662 τὸ
1314 611 1447 663 αὐτό
1486 628 1568 663 σοι
1608 612 1805 680 πάσχει
1830 626 1844 641 ο
1869 611 1995 664 ἐπεὶ

416 697 529 766 ἔχει
555 695 652 750 καὶ
677 695 836 758 αὐτὸς
868 693 1094 755 πολλοὺς
1124 693 1264 762 ὑπὲρ
1279 693 1482 745 τούτων
1501 693 1992 766 φιλοσοφήσαντας,

416 781 466 832 εί
495 780 587 832 καὶ
613 778 673 831 τὸ
695 777 852 847 σῶμα
878 775 1271 845 ἀποσχίσαντες
1290 776 1388 844 τῆς
1415 775 1593 845 ψυχῆς
1616 775 1775 828 τοῦτο
1798 775 1950 828 εἷπον
1976 792 1991 806 ⁶

417 861 532 914 ἀλλ’
564 861 712 928 ὅμως
761 859 1117 929 δικαστήριον
1150 857 1432 910 ἐκάθισαν.
1465 860 1573 911 Καὶ
1611 859 1849 929 τοσαύτη
1877 860 1995 912 ἐστὶ

416 944 511 998 τοῦ
558 944 878 1014 πράγματος
919 945 952 1012 ή
1017 943 1377 1012 περιφάνεια,
1432 941 1507 1004 ὡς
1549 941 1753 1010 μηδένα
1807 942 1992 1012 σχεδὸν

417 1026 684 1098 ἀγνοῆσαι
713 1024 889 1089 τοῦτο,
931 1025 1064 1078 ἀλλά
1095 1025 1187 1078 καὶ
1229 1022 1477 1094 ποιητὰς,
1503 1026 1596 1076 καὶ
1628 1025 1836 1087 πάντας
1862 1042 1995 1096 συμ-

419 1114 664 1183 φωνῆσαι
688 1112 898 1174 ἑαυτοῖς
931 1111 1174 1181 καὶπερὶ
1203 1107 1552 1178 δικαστηρίου
1585 1108 1678 1160 καὶ
1711 1109 1839 1176 περὶ
1873 1109 1995 1179 κρί-

419 1213 578 1258 σεως.
611 1195 775 1247 Ὥστε
805 1197 1058 1257 κάκεῖνος
1084 1196 1194 1256 τοῖς
1217 1191 1436 1253 οἰκείοις
1465 1191 1564 1243 οὐκ
1596 1193 1832 1253 ἀπιστεῖ,
1869 1190 1996 1244 οὔτε

430 1280 682 1342 Ἰουδαῖος
731 1277 1067 1346 ἀμφισϐητεῖ
1115 1274 1490 1346 περὶτούτων,
1544 1275 1666 1327 οὔτε
1693 1293 1776 1337 τις
1806 1275 1994 1338 ἁπλῶς

417 1360 720 1431 ἄνθρωπος.
744 1360 808 1412 Τί
838 1361 1014 1412 τοίνυν
1035 1359 1332 1428 ἀπαιτῶμεν
1355 1358 1614 1422 ὲαυτούς;
1663 1357 1794 1410 Ἰδοὺ
1822 1357 1995 1412 ταῦτα

418 1445 596 1512 λέγεις
635 1444 769 1516 πρὸς
818 1443 919 1512 ὲμέ
944 1460 957 1473 ·
989 1442 1042 1495 τί
1075 1443 1210 1512 πρὸς
1244 1443 1335 1494 τὸν
1363 1441 1494 1494 Θεὸν
1538 1443 1683 1510 ἐρεῖς
1714 1442 1806 1492 τὸν
1851 1442 1994 1494 πλά-

420 1547 586 1582 σαντα
619 1528 929 1597 καταμόνας
970 1527 1068 1590 τὰς
1115 1525 1344 1596 καρδίας
1387 1523 1578 1594 ήμῶν;
1609 1523 1700 1576 τὸν
1729 1523 1904 1576 εἰδότα
1929 1525 1996 1576 τὰ

420 1616 478 1666 έν
505 1615 568 1683 τῇ
599 1611 808 1682 διανοίᾳ
846 1610 1020 1663 πάντα
1045 1627 1059 1675 ;
1090 1609 1180 1661 τὸν
1209 1607 1389 1671 ζῶντα
1419 1607 1516 1659 καὶ
1545 1605 1872 1676 ἐνεργοῦντα
1903 1608 1997 1661 κσίι

418 1697 730 1766 τομώτατον
783 1694 923 1764 ὑπὲρ
973 1695 1156 1746 πᾶσαν
1203 1691 1478 1762 μάχαιραν
1519 1689 1813 1761 δίστομον;
1862 1691 1998 1744 Εἰπὲ

417 1781 527 1852 γάρ
554 1796 645 1850 μοι
672 1778 807 1848 μετά
831 1775 1090 1846 ἀληθείας
1116 1792 1129 1806 ·
1161 1776 1226 1828 σὺ
1252 1775 1312 1827 ού
1337 1772 1770 1842 καταγινώσκεις
1793 1773 1993 1828 σαυτοῦ

417 1864 851 1934 ἀμαρτάνοντος;
887 1860 1000 1913 ἔστι
1033 1859 1090 1912 δέ
1115 1877 1198 1923 τις
1218 1858 1326 1911 τῶν
1356 1860 1412 1911 ὲν
1433 1857 1760 1928 ἀνθρώποις,
1789 1857 1848 1922 ὃς
1867 1862 1994 1912 ὲαυ-

417 1947 496 2018 τῷ
515 1948 576 2000 ού
619 1946 892 2017 μέμφεται
938 1942 1303 2015 ῥᾳθυμοῦντι;
1340 1941 1448 1994 Καὶ
1493 1942 1613 2003 πῶς
1645 1941 1709 1994 ἂν
1730 1942 1838 1994 ἀπὸ
1865 1944 1993 1995 ταύ-

417 2032 653 2102 τομάτου
702 2032 938 2096 τοσαύτη
987 2028 1150 2095 σοφία
1198 2029 1456 2096 γέγονεν,
1494 2025 1635 2079 ὥστε
1686 2026 1849 2079 αὑτὸν
1900 2028 1992 2080 τὸν

421 2114 800 2185 ἀμαρτοάνοντα
830 2111 1258 2179 καταγινώσκειν
1287 2110 1481 2162 ἑαυτοῦ
1508 2127 1521 2174 ;
1558 2109 1716 2162 τοῦτο
1745 2111 1852 2182 γὰρ
1889 2128 1986 2181 με-

420 2197 591 2266 γάλης
613 2194 760 2268 [542]
781 2195 970 2264 σοφίας
988 2194 1122 2247 ἐστί.
1148 2194 1217 2246 Σὺ
1240 2192 1439 2245 σαυτοῦ
1462 2193 1896 2259 καταγινώσκεις
1919 2209 1931 2220 ·
1954 2195 1984 2246 ὁ

418 2281 476 2336 δὲ
487 2280 584 2350 τὴν
599 2278 850 2348 τοιαύτην
863 2295 944 2331 σοι
959 2277 1131 2340 διδοὺς
1145 2276 1380 2330 διάνοιαν
1399 2277 1574 2330 πάντα
1587 2276 1772 2340 ἁπλῶς
1791 2278 1990 2347 ἀφήσει

420 2361 717 2432 φέρεσθαι;
784 2362 976 2414 Κανών
1023 2357 1115 2414 οὖν
1148 2353 1300 2422 οὗτος
1351 2360 1502 2412 ἔσται
1541 2359 1845 2425 καθολικὸς,
1898 2362 1994 2414 καὶ

419 2450 543 2518 ὅρος
568 2463 580 2476 ·
617 2446 788 2508 οὐδεὶς
826 2445 934 2498 τῶν
966 2447 1021 2497 ἐν
1047 2445 1214 2515 ἀρετῇ
1241 2443 1461 2507 ζώντων
1488 2448 1762 2496 διαπιστεῖ
1789 2443 1867 2514 τῷ
1893 2444 1993 2514 τῆς

421 2529 653 2600 κρίσεως
681 2529 845 2599 λόγῳ,
878 2527 980 2581 κᾶν
1009 2528 1208 2596 Ἕλλην
1291 2569 1305 2592 ,
1339 2528 1444 2580 κᾶν
1477 2527 1750 2597 αἱρετικός
1779 2544 1793 2559 ο
1819 2527 1991 2592 οὐδεὶς

418 2611 528 2666 τῶν
553 2614 610 2664 ὲν
635 2611 802 2683 κακίᾳ
827 2611 1311 2680 ἀναστρεφομένων
1343 2610 1509 2680 πολλῇ
1527 2649 1542 2673 ,
1585 2610 1726 2681 πλὴν
1759 2610 1985 2678 ὀλίγων,

420 2696 784 2765 παραδέχεται
814 2695 905 2747 τὸν
946 2694 1044 2764 τῆς
1085 2693 1432 2756 ἀναστάσεως
1467 2693 1643 2762 λόγον.
1691 2696 1795 2747 Καὶ
1828 2696 1987 2749 τοῦτό

421 2779 625 2848 φησινό
645 2779 976 2849 Ψαλμῳδός·
1015 2777 1461 2845 Ἄνταναιρεῐται
1491 2777 1564 2831 τὰ
1589 2778 1843 2845 κρίματά
1870 2793 1991 2832 σου

418 2861 537 2916 ἀπὸ
561 2862 884 2931 προσώπου
916 2859 1122 2914 αὑτοῦ.
1154 2861 1252 2913 Διά
1274 2859 1362 2928 τί;
1397 2860 1520 2913 Ὅτι
1549 2860 1903 2930 βεόηλοῦνται
1932 2863 1988 2915 αἰ

419 2945 528 2996 ὁδοὶ
555 2945 719 2997 αὑτοῦ
757 2947 816 2997 ὲν
861 2944 1024 2996 παντὶ
1063 2943 1239 3014 καιρῷ
1274 2959 1288 2974 ·
1317 2943 1600 3013 Φάγωμεν
1628 2946 1756 3016 γὰρ,
1803 2947 1988 3015 φησὶν,

420 3027 519 3080 καὶ
554 3029 815 3096 πίωμεν-ο
863 3029 1075 3096 αὔριον
1131 3028 1240 3098 γὰρ
1285 3028 1768 3098 ἀποθνήσκομεν.
1828 3030 1990 3101 Ὁρᾷς

420 3111 500 3164 ὅτι
521 3111 789 3163 ταπεινῶν
805 3113 921 3164 ἐστι
934 3111 1106 3166 ταῦτα
1121 3111 1329 3180 λέγειν;
1367 3112 1498 3163 Ἀπὸ
1520 3111 1616 3164 τοῦ
1636 3112 1872 3182 τρώγειν
1895 3113 1990 3166 καὶ

421 3197 597 3246 πίνειν
631 3194 804 3248 ταῦτα
849 3195 918 3248 τά
972 3197 1194 3267 ῥήματὰ
1242 3197 1358 3248 ὲστι
1397 3194 1466 3248 τά
1498 3195 1872 3264 ἀνατρεπτικά
1894 3196 1994 3266 τῆς

421 3277 788 3342 ἀναστάσεως.
813 3280 887 3332 Ού
915 3279 1067 3350 φέρει
1097 3279 1228 3348 γὰρ,
1260 3281 1319 3332 οὐ
1349 3280 1504 3350 φέρει
1531 3280 1592 3334 τὸ
1613 3281 1720 3333 ἀπὸ
1747 3280 1843 3333 τοῦ
1871 3298 1994 3334 συν-

422 3361 622 3423 ειδότος
652 3364 930 3433 κριτήριον
983 3364 1016 3433 ἡ
1045 3362 1189 3432 ψυχή
1215 3380 1230 3396 ο
1281 3363 1373 3416 καὶ
1405 3364 1600 3417 ταύτὸν
1631 3363 1859 3431 γίνεται,
1887 3359 1998 3418 οἷον

421 3445 448 3497 ὑ
477 3445 800 3514 ἀνδροφόνος
845 3447 1107 3516 πρότερον
1140 3445 1360 3509 ὑποθεὶς
1409 3445 1588 3517 ἐαυτῷ
1611 3447 1694 3500 ὅτι
1725 3447 1822 3516 οὐχ
1851 3447 1992 3500 ἀλώ-

425 3543 596 3593 σεται,
622 3527 766 3582 οὕτω
797 3529 1011 3598 φονεύει
1031 3547 1045 3560 ·
1083 3530 1227 3595 ἐπεὶ,
1249 3529 1342 3584 τοῦ
1379 3530 1677 3594 συνειδότος
1697 3531 1860 3584 αὑτὸν
1879 3530 1997 3600 κρί-

1097 409 1156 464 S.
1193 405 1479 464 JOANNIS
1517 405 2005 463 CHRYSOSTOMI
2045 408 2366 465 ARCHIEP.
2410 407 2961 464 CONSTANTINOP.

3563 413 3672 468 5|8

2100 546 2306 592 νοντος,
2335 527 2434 580 οὐκ
2472 528 2536 580 ἂν
2567 527 2774 596 ταχέως
2796 523 2956 596 ἦλθεν
2988 527 3079 578 ἐπὶ
3125 528 3182 579 τὸ
3233 527 3507 595 τόλμημα.
3561 529 3670 581 Καὶ

2097 607 2242 666 οἶδεν
2271 606 2385 672 οὖν,
2421 611 2514 661 καὶ
2535 611 2747 677 ἀγνοεῖν
2786 612 3188 678 προσποιεῖται,
3223 611 3310 662 ἵνα
3345 608 3420 679 μὴ
3457 609 3677 678 βασανί-

2097 693 2258 765 ζηται
2292 694 2370 764 τῷ
2403 693 2664 746 συνειδότι
2691 693 2784 746 καὶ
2811 691 2888 762 τῷ
2916 693 3065 762 φόϐῳ
3088 710 3102 724 ·
3135 689 3169 764 ἦ
3194 694 3303 763 γὰρ
3342 695 3427 756 ἂν,
3463 695 3682 748 ἀσθενὲ-

2098 793 2290 847 στερος
2336 777 2525 844 γέγονε
2581 776 2717 845 πρὸς
2768 775 2860 829 τὸν
2923 775 3100 842 φόνον.
3155 776 3313 828 Οὕτω
3367 776 3428 843 δὴ
3485 778 3578 830 καὶ
3630 782 3680 830 οἱ

2097 860 2501 930 ἁμαρτάνοντες
2553 860 2645 912 καὶ
2713 858 2912 916 ἴσασιν,
2941 860 3022 912 ὅτι
3049 858 3109 911 τὸ
3131 859 3468 930 ἁμαρτάνειν
3491 862 3679 924 κακὸν,

2098 944 2192 996 καί
2213 942 2332 995 καθ’
2359 942 2598 1010 ἑκάστην
2622 941 2678 993 ἐν
2695 944 2806 1003 τοῖς
2830 942 3014 1004 αὐτοῖς
3044 944 3232 1004 κακοῖς
3259 941 3679 1012 κυλινδούμενοι,

2095 1028 2156 1080 ού
2192 1025 2436 1078 θέλουσιν
2463 1025 2683 1084 εἰδέναι,
2717 1025 2890 1077 καίτοι
2914 1023 3006 1077 τοῦ
3035 1025 3337 1086 συνειδότος
3357 1025 3535 1077 αὐτῶν
3561 1030 3680 1080 επις-

2095 1109 2532 1179 λαμϐανομένου.
2579 1107 2738 1160 Ἀλλά
2768 1109 2842 1178 μὴ
2872 1109 3100 1171 ἐκείνοις
3120 1110 3504 1179 προσέχωμεν·
3530 1109 3681 1163 ἔσται

2097 1195 2224 1264 γάρ,
2278 1192 2430 1244 ἔσται
2467 1192 2681 1256 πάντως
2735 1194 2914 1261 κρίσις
2958 1193 3052 1246 καὶ
3090 1193 3410 1256 ἀνάστασις,
3461 1196 3553 1247 καὶ
3583 1196 3682 1248 οὐκ

2097 1273 2294 1343 ἀφήσει
2341 1275 2464 1344 εἰκῆ
2497 1273 2736 1326 τοσαῦτα
2783 1275 2918 1344 ἔργα
2963 1274 2990 1326 ὁ
3023 1275 3174 1337 Θεός.
3217 1275 3327 1338 Διὸ,
3357 1276 3678 1343 παρακαλῶ,

2095 1359 2196 1427 τῆς
2223 1359 2426 1421 κακίας
2469 1359 2856 1428 ἀποσχόμενοιν
2909 1359 3005 1428 τῆς
3047 1359 3248 1428 ἀρετῆς
3281 1357 3555 1428 ἐχιῖιμεθαο
3595 1360 3686 1414 ἶνα-

2096 1441 2186 1493 τὺν
2253 1442 2426 1512 ἀληθῆ
2467 1443 2624 1508 λόγον
2663 1439 3095 1513 παραδεξώμεθα
3142 1444 3199 1494 ὲν
3245 1442 3464 1513 Χριστῷ
3504 1445 3677 1515 Ἰησοῦ

2095 1524 2173 1594 τῷ
2199 1526 2388 1595 Κυρίῳ
2411 1525 2590 1595 ήμῶν.

2169 1607 2360 1660 Καίτοι
2420 1609 2471 1659 τί
2522 1607 2922 1678 εὐκολώτερον,
3001 1610 3090 1662 τὸν
3151 1609 3278 1678 περὶ
3335 1609 3681 1674 ἀναστάσεως

2097 1694 2351 1760 δέξασθαι
2405 1695 2595 1763 λόγον,
2663 1696 2695 1766 ἢ
2767 1697 2856 1749 τὸν
2915 1697 3043 1767 περὶ
3099 1696 3244 1768 [τῆς]
3305 1699 3678 1767 είμαρμένης;

2112 1777 2346 1841 Ἐκεῖνος
2401 1778 2617 1842 ἀδικίας
2660 1778 2860 1848 γέμει,
2923 1781 3130 1844 ἐκεῖνος
3176 1781 3419 1848 ἀλογίας,
3476 1781 3682 1841 ἐκεῖνος

2097 1861 2396 1930 ὠμότητος,
2422 1863 2630 1922 ἐκεῖνος
2659 1862 3060 1932 ἀπανθρωπίας
3080 1879 3091 1890 ·
3126 1857 3281 1925 οὗτος
3311 1864 3678 1930 δικαιοσύνης,

2097 1944 2188 1997 τοῦ
2240 1944 2357 1996 κατ’
2391 1944 2550 2010 ἀξίαν
2589 1945 3030 2014 ἀπονεμητικός’
3085 1947 3181 1998 καὶ
3235 1949 3383 2016 ὅμως
3424 1947 3587 1999 αὐτὸν
3618 1951 3678 1998 οὑ

2098 2028 2510 2098 παραδέχονται.
2538 2029 2610 2080 Τὸ
2633 2028 2688 2080 δὲ
2720 2029 2891 2082 αἴτιον
2919 2031 2951 2099 ἡ
2977 2031 3146 2100 ἀργία
3167 2046 3180 2059 ·
3210 2031 3333 2083 ἐπεὶ
3359 2031 3532 2094 οὐδεὶς
3556 2031 3682 2082 νοῦν

2095 2111 2252 2180 ἔχων,
2283 2114 2486 2163 ἐκεῖνον
2524 2111 2756 2180 δέχεται.
2807 2113 2929 2178 [Kal
2971 2112 3080 2182 γὰρ
3112 2114 3206 2165 καὶ
3243 2114 3300 2165 ὲν
3337 2113 3674 2182 Ἕλλησινοῖ

2095 2196 2193 2264 τὴν
2225 2195 2416 2264 ἡδονὴν
2438 2193 2761 2264 ὁριζόμενοι,
2795 2195 2947 2257 τέλος
2979 2191 3118 2248 εἷναί
3141 2212 3327 2263 φασιν,
3361 2196 3558 2249 ἐκεῖνοι
3584 2198 3678 2247 αύς

2095 2277 2187 2330 τὸν
2215 2277 2460 2337 ἐδέξαντο
2484 2292 2499 2306 ⁸
2531 2279 2579 2328 οί
2602 2277 2657 2328 δὲ
2684 2277 2784 2349 τὴν
2811 2277 3014 2349 ἀρετὴν
3042 2279 3448 2348 ἀγαπήσαντες,
3476 2279 3682 2343 οὐκέτι,

2097 2359 2210 2412 ἀλλ’
2241 2359 2491 2423 ἐξέϐαλον
2529 2359 2604 2422 ὠς
2654 2359 2867 2429 ἄλογον.
2918 2361 2981 2413 El
3021 2361 3078 2414 δὲ
3123 2363 3182 2414 ἐν
3228 2361 3456 2433 Ἕλλησι
3499 2362 3678 2424 τοῦτο,

2098 2441 2276 2512 πολλῷ
2318 2443 2516 2512 μᾶλλον
2541 2443 2633 2495 καὶ
2666 2445 2722 2495 ἐν
2751 2443 2998 2515 rgum-:9).
3038 2444 3138 2514 τῆς
3167 2444 3521 2506 ἀναστάσεως
3542 2445 3684 2513 λόγῳ

2096 2526 2257 2579 οὕτω.
2308 2526 2415 2579 Θέα
2460 2527 2517 2578 δέ
2553 2543 2644 2596 μοι
2682 2527 2798 2590 πῶς
2826 2527 2920 2580 δύο
2964 2528 3187 2582 ἐναντία
3227 2529 3631 2582 κατεσκεύασεν
3655 2532 3683 2581 ό

2095 2608 2338 2672 διάὸολος
2361 2627 2373 2638 ο
2407 2609 2494 2661 ἵνα
2521 2609 2631 2680 γὰρ
2656 2609 2951 2679 ἀμελῶμεν
2995 2612 3219 2679 ἀρετῆς,
3260 2614 3356 2666 καὶ
3406 2612 3492 2665 ἵνα
3521 2612 3680 2682 θεραα

2098 2692 2352 2760 πεύωμεν
2379 2692 2658 2761 δαίμονας,
2698 2695 2797 2764 τὴν
2846 2695 3090 2765 ἀνάγκην
3135 2698 3448 2766 εἰσήγαγεν,
3485 2697 3577 2748 καὶ
3613 2697 3680 2748 δι’

2097 2775 2371 2845 ἑκατέρων
2395 2786 2421 2814 ﬂ
2441 2775 2724 2846 ἀμφότερα
2740 2777 2946 2830 ἔπεισε.
2973 2778 3102 2830 Τίνα
3119 2775 3211 2832 οῦν
3225 2780 3512 2850 δυνήσεται
3524 2781 3679 2847 λόγον

2095 2858 2326 2911 δοῦναιὸ
2370 2858 2665 2911 διαπιστῶν
2711 2861 2996 2930 πράγματι
3031 2862 3174 2915 οὕτω
3220 2863 3538 2933 θαυμαστῷ,
3587 2864 3680 2916 καλ⁵

2095 2942 2206 3003 τοῖς
2259 2943 2438 2992 ἐκεῖνα
2481 2939 2705 3010 ληροῦσι
2761 2942 3110 3012 πειθόμενος;
3185 2946 3276 3014 Μὴ
3323 2946 3502 2998 τοίνυν
3549 2945 3684 3015 μηδὲ

2095 3021 2228 3094 αῦτη
2255 3040 2312 3075 σε
2392 3024 2707 3092 παραμυθία
2731 3025 3000 3095 τρεφέτω,
3038 3028 3113 3090 ὡς
3142 3029 3305 3100 τεύξῃ
3328 3029 3678 3098 συγγνώμης’

2102 3106 2240 3160 ἀλλά
2273 3107 2670 3174 συστρέψαντες
2704 3109 2954 3172 ἑαυτοὺς,
2996 3110 3352 3180 διεγείρωμεν
3395 3111 3530 3182 πρὸς
3557 3113 3686 3179 ἀρε-

2102 3188 2222 3260 τὴν,
2255 3190 2349 3242 καὶ
2378 3189 2633 3259 ζήσωμεν
2663 3191 2878 3261 ἀληθῶς
2923 3191 3002 3262 τῷ
3036 3192 3176 3263 Θεῷ,
3217 3194 3278 3245 ὲν
3310 3193 3552 3265 Χριστῷ,
3591 3193 3685 3246 καὶ

2095 3272 2165 3326 τά
2205 3272 2357 3342 ἑξῆς.

2160 3369 2187 3397 ¹ι
2207 3369 2324 3432 Haec
2349 3375 2427 3416 est
2450 3370 2600 3417 lectin
2623 3370 2770 3432 unius
2786 3369 2890 3432 cod.
2913 3374 2963 3417 et
2988 3368 3178 3418 Savilii.
3195 3369 3482 3432 Legebatur
3498 3370 3686 3432 ἀρετῆς,

2093 3431 2180 3487 τήν
2203 3431 2410 3494 ἀνάγκην
2435 3432 2681 3494 εἰσήγαγεν
2695 3433 2731 3494 -ὁ
2756 3431 2993 3494 διάϐολος,
3026 3433 3106 3494 καὶ
3129 3433 3205 3479 ἵνα
3231 3431 3563 3494 θεραπεύωμεν
3586 3432 3686 3478 δαί-

2097 3509 2240 3555 μονας
2259 3493 2528 3555 προθύμως,
2556 3493 2634 3539 διὰ
2653 3492 2737 3555 δύο
2773 3493 2997 3540 ἐναντίων
3033 3493 3212 3552 ἔπεισε,
3238 3492 3316 3541 ἵνα
3357 3492 3686 3555 θεραπεύωμεπν

2096 3553 2338 3614 δαίμονας,
2359 3555 2440 3601 καὶ
2458 3554 2516 3601 δι’
2540 3555 2672 3602 ἑκατ.
2701 3553 2846 3602 Εῡιτ.

1873 3738 2114 3792 ΟΜΙΛΙΛ
2159 3739 2231 3790 Γ’.

432 3828 582 3902 [545]
623 3829 730 3896 Ὃς
767 3830 938 3884 ἐστιν
989 3831 1166 3883 εἰκὼν
1207 3830 1314 3884 τοῦ
1351 3830 1500 3886 Θεοῦ
1546 3832 1653 3886 τοῦ
1704 3831 1998 3899 ἀοράτου,

501 3914 872 3979 πρωτότοκος
933 3911 1135 3980 πάσης
1196 3915 1468 3980 κτίσεως.
1530 3913 1658 3966 Ὀτι
1713 3915 1785 3967 ἐν
1844 3913 2003 3978 αὐτῷ

495 3996 740 4064 ἐκτίσθη
781 3996 852 4050 τὰ
892 3995 1110 4063 πάντα,
1157 3998 1228 4052 τὰ
1265 3999 1334 4050 ἐν
1353 3998 1476 4063 τοῖς
1496 3998 1773 4066 οὐρανοῖς
1802 4000 1899 4052 καὶ
1927 3999 1999 4052 τὰ

494 4080 594 4135 ἐπὶ
649 4078 758 4146 τῆς
806 4079 957 4149 γῆς,
1004 4081 1076 4134 τὰ
1123 4082 1304 4149 ὁρατὰ
1351 4083 1450 4134 καὶ
1489 4083 1563 4136 τὰ
1591 4082 1834 4150 ἀόρατα,
1881 4083 2002 4135 εἴτε

497 4165 696 4232 θρόνοι
711 4163 828 4216 εἴτε
843 4164 1208 4230 κυριότητες,
1231 4165 1350 4216 εἴτε
1369 4163 1544 4232 ἀρχαὶ
1562 4165 1617 4216 εἴ
1623 4181 1681 4217 τε
1699 4164 1998 4227 ἐξουσίαν

498 4249 572 4301 τά
617 4247 813 4300 πάντα
849 4248 922 4300 δι’
967 4248 1152 4302 αὐτοῦ
1175 4287 1189 4312 ,
1238 4248 1335 4302 καὶ
1369 4251 1455 4314 εἰς
1483 4249 1670 4302 αὐτὸν
1707 4251 1997 4304 ἔκτισται.

497 4330 600 4385 Καὶ
628 4333 811 4395 αὑτός
849 4331 978 4384 ἐστι
1009 4332 1119 4400 πρὸ
1162 4333 1422 4396 πάντων,
1462 4332 1559 4385 καὶ
1598 4331 1671 4385 τὰ
1700 4333 1898 4386 πάντα
1931 4334 2001 4387 ἐν

495 4414 655 4480 αὐτῷ
698 4415 1061 4481 συνέστηκε.
1095 4415 1200 4468 Καὶ
1245 4416 1429 4480 αὐτός
1470 4415 1643 4468 ἐστιν
1687 4417 1725 4486 ἠ
1759 4417 1997 4488 κεφαλὴ

499 4498 603 4553 τοῦ
629 4498 897 4569 σώματος
921 4497 1031 4566 τῆς
1077 4499 1461 4566 Ἐκκλησίας.

500 4618 566 4674 α’.
601 4619 849 4688 Τήμερον
881 4616 1171 4671 ἀποδοῦναι
1203 4617 1497 4685 ἀναγκαῖον
1524 4615 1585 4669 τὺ
1605 4616 1842 4686 ὄφλημα,
1865 4617 2001 4690 ὅπερ

431 4703 554 4770 χθὲς
579 4701 938 4770 ἀνεϐαλόμην,
985 4698 1125 4752 ὥστε
1162 4697 1536 4766 ἀκμαζούσαις
1570 4699 1723 4768 ὑμῶν
1751 4701 1999 4772 προσϐα-

433 4786 540 4837 λεῖν
566 4787 681 4847 ταῖς
702 4784 976 4846 διανοίαις.
1013 4785 1086 4836 IIS
1098 4782 1148 4852 ρὶ
1177 4784 1275 4853 τῆς
1307 4783 1398 4835 τοῦ
1424 4783 1553 4835 Υίοῦ
1575 4784 1729 4850 ἀξίας
1755 4785 2000 4854 διαλεγό-

433 4885 590 4938 μενος
620 4868 876 4931 ὀΠαῦλος
920 4867 1093 4920 ταῦτά
1136 4885 1318 4937 φησιν,
1360 4867 1548 4938 ὥσπερ
1583 4871 1676 4921 καὶ
1713 4865 2000 4936 ἀπεδείξα-

434 4967 554 5020 μεν’
595 4951 702 5016 Ὃς
717 4952 887 5004 ἐστιν
905 4951 1080 5004 εἰκὼν
1114 4951 1218 5004 τοῦ
1238 4951 1385 5004 Θεοῦ
1406 4950 1513 5004 τοῦ
1533 4951 1810 5018 ἀοράτου.
1840 4953 1998 5016 Τίνος

431 5029 521 5086 οῦν
559 5033 719 5086 αὐτὸν
748 5035 848 5086 οἴει
871 5033 1049 5101 λέγειν
1077 5035 1260 5086 εἰκόνα
1288 5031 1459 5100 εἶναι;
1492 5033 1555 5086 Et
1586 5035 1682 5103 μὲν
1722 5034 1814 5087 τοῦ
1840 5035 1995 5101 Θεοῦ,

432 5117 608 5180 καλῶς
645 5133 657 5146 ·
694 5116 825 5180 Θεὸς
853 5116 961 5185 γὰρ
992 5117 1084 5170 καὶ
1128 5116 1261 5169 Θεοῦ
1293 5117 1448 5181 Υίός⁸
1489 5116 1622 5170 Θεοῦ
1661 5117 1718 5170 δὲ
1747 5117 1911 5171 εἰκὼν
1937 5119 1997 5172 τὸ

433 5199 844 5270 ἀπαράλλακτον
866 5199 1132 5252 δείκνυσιν
1155 5216 1170 5230 ⁶
1199 5200 1390 5253 οὐκοῦν
1417 5200 1833 5270 ἀπαράλλακτος
1858 5202 2001 5254 κατά

432 5283 623 5337 τοῦτο·
658 5287 706 5337 εἰ
749 5284 806 5337 δὲ
869 5283 1178 5355 ἀνθρώπου,
1230 5286 1370 5350 εἰπὲ,
1412 5286 1506 5337 καὶ
1563 5287 1634 5348 ὡς
1675 5287 1998 5356 μαινομένου

434 5375 615 5428 λοιπὸν
638 5377 1031 5446 ἀποστήσομαι.
1073 5377 1172 5428 Διά
1198 5375 1250 5428 τί
1277 5376 1336 5429 δὲ
1367 5375 1612 5445 μηδαμοῦ
1644 5378 1780 5445 μήτε
1812 5376 1999 5440 εἰκὼν,

439 5461 574 5529 μήτε
605 5459 736 5522 υίὸς,
771 5460 997 5526 άγγελος
1031 5459 1310 5527 κέκληται,
1356 5459 1469 5511 ἀλλ’
1503 5459 1788 5528 ἄνθρωπος
1822 5461 2002 5531 ἀμφό-

435 5562 601 5616 τερα;
644 5545 741 5597 Διά
781 5543 872 5608 τί;
912 5542 1031 5595 Ὅτι
1062 5544 1178 5595 ἐκεῖ
1215 5543 1314 5611 μὲν
1343 5543 1402 5594 τὸ
1440 5544 1537 5611 τῆς
1574 5542 1788 5610 φύσεως
1835 5544 2004 5614 ἀνηρ-

442 5628 598 5698 μένον
631 5628 838 5698 ταχέως
876 5628 942 5682 ἂν
979 5629 1106 5690 τοὺς
1152 5627 1376 5690 πολλοὺς
1410 5628 1489 5690 εἰς
1508 5627 1715 5698 ταύτην
1743 5628 1841 5698 τὴν
1873 5629 2004 5682 ἀσέ-

440 5711 591 5762 ϐειαν
625 5712 902 5766 ἐνέϐαλενο
947 5711 1184 5766 ἐνταῦθα
1223 5711 1280 5764 δὲ
1314 5711 1376 5763 τὸ
1399 5711 1612 5773 εὐτελὲς
1638 5714 1732 5765 καὶ
1756 5715 2005 5768 ταπεινὸν

443 5792 700 5859 ἐγγυᾶται
729 5795 828 5864 τὴν
859 5795 1174 5863 ἀσφάλειαν,
1206 5794 1297 5848 καὶ
1322 5793 1441 5847 οὐδὲ
1465 5794 1818 5865 βουλομένους
1848 5796 2008 5867 ἀφίη-

447 5891 529 5930 σιν
555 5877 890 5932 ύποπτεῦσαί
919 5897 970 5933 τι
1003 5879 1260 5949 τοιοίτον,
1279 5880 1371 5934 καὶ
1390 5884 1720 5950 καταγαγεῖν
1739 5881 1828 5934 τὸν
1855 5881 2012 5950 λόγον

2104 3830 2274 3884 κάτω.
2331 3831 2428 3883 Διά
2491 3829 2649 3882 τοῦτο
2696 3829 2825 3882 ἔνθα
2875 3831 2972 3900 μὲν
3019 3826 3086 3902 ἦν
3122 3829 3294 3901 πολλὴ
3336 3831 3682 3902 ταπεινότης,

2104 3912 2454 3984 θαρρούντως
2482 3912 2516 3982 ἡ
2541 3913 2731 3982 Γραφὴ
2757 3914 2940 3983 τίθησι
2975 3914 3072 3982 τὴν
3100 3914 3266 3983 τιμήν
3289 3929 3304 3941 ⁸
3337 3913 3465 3966 ἔνθα
3486 3913 3546 3966 δὲ
3577 3913 3688 3984 μεί-

2104 3996 2210 4060 ζων
2235 3997 2266 4065 ή
2306 3994 2464 4063 φύσις
2488 4035 2502 4058 ,
2539 3995 2744 4047 οὐκέτι.
2818 3995 2980 4061 Ἀλλ’,
3027 3995 3225 4049 Εὶκὼν
3263 3995 3367 4048 τοῦ
3407 3993 3686 4063 ἀοράτου,

2103 4080 2288 4148 φησίν.
2325 4077 2534 4131 Οὐκοῦν
2576 4080 2623 4129 εἰ
2653 4080 2856 4141 ἐκεῖνος
2887 4079 3137 4148 ἀόρατος,
3187 4078 3284 4132 καὶ
3309 4077 3447 4148 αῦτη
3487 4080 3688 4148 ὁμοίως

2102 4163 2351 4231 ἀόρατος,
2401 4161 2524 4213 ἐπεὶ
2567 4161 2675 4212 οὐδ’
2711 4161 2777 4213 ἂν
2824 4163 2986 4214 εἰκὼν
3019 4163 3128 4232 εἴη.
3191 4161 3300 4232 Τὴν
3339 4161 3448 4233 γάρ
3482 4161 3688 4227 εἰκόνα,

2104 4245 2236 4296 καθό
2268 4247 2414 4297 ἐστιν
2440 4243 2623 4308 εἰκὼν,
2675 4244 2770 4296 καὶ
2810 4247 2940 4315 παρ’
2980 4247 3113 4316 ἡμῖν
3159 4245 3578 4316 ἀπαράλλακτον
3610 4245 3692 4299 δεῖ

2102 4322 2404 4390 εἶναι,οἴον
2462 4327 2571 4380 τῶν
2627 4329 2993 4398 χαρακτήρων
3043 4328 3135 4381 καὶ
3198 4328 3299 4398 τῆς
3356 4329 3686 4400 ὁμοιώσεως.

2117 4409 2253 4463 Ἀλλ’
2277 4410 2507 4463 ἐνταῦθα
2528 4410 2630 4481 μὲν
2661 4410 2915 4480 οὐδαμῶς
2938 4410 3096 4464 τοῦτο
3117 4411 3338 4464 δυνατόν
3361 4429 3374 4442 ·
3397 4413 3559 4484 τέχνη
3580 4414 3689 4483 γάρ

2101 4495 2248 4547 ἐστιν
2287 4493 2601 4563 ἀνθρωπίνη
2638 4495 2671 4563 ή
2719 4493 2988 4564 πολλαχοῦ
3038 4494 3439 4560 διαπίπτουσα,
3489 4496 3690 4566 μᾶλλον

2100 4577 2157 4628 δὲ
2187 4577 2485 4646 πανταχοῦ,
2518 4579 2612 4629 ἐὰν
2636 4577 2705 4629 τὰ
2731 4577 2832 4645 τῆς
2879 4577 3164 4647 ἀκριϐείας
3193 4577 3361 4648 ζητῇς
3381 4596 3394 4609 ·
3428 4578 3554 4632 ἔνθα
3578 4577 3632 4630 δὲ
3659 4580 3688 4632 ὁ

2101 4660 2254 4723 Θεὸς,
2298 4659 2539 4730 οὐδαμοῦ
2573 4659 2890 4728 σφάλλεται,
2921 4660 3042 4712 οὐδὲ
3071 4660 3370 4724 διάπτωσίς
3406 4678 3491 4724 τις
3540 4662 3688 4730 γίνε-

2101 4759 2208 4797 ται.
2243 4744 2306 4796 Εἰ
2351 4743 2406 4795 δὲ
2454 4743 2680 4812 κτίσμα,
2717 4743 2832 4806 πῶς
2880 4744 3045 4798 εἰκὼν
3073 4744 3166 4796 τοῦ
3209 4744 3496 4808 κτίσαντος
3522 4761 3537 4810 ;
3568 4746 3688 4798 οὐδὲ

2102 4825 2210 4896 γὰρ
2241 4826 2399 4888 ἵππος
2420 4825 2706 4896 ἀνθρώπου
2731 4839 2755 4867 α
2779 4824 2963 4880 εἰκών.
3002 4829 3064 4880 Εἰ
3091 4827 3164 4898 μὴ
3190 4828 3249 4880 τὸ
3269 4829 3688 4898 ἀπαράλλακτον

2102 4907 2196 4960 τοῦ
2230 4909 2462 4979 ἀοράτου
2491 4909 2642 4978 δηλοί
2673 4912 2707 4978 ἡ
2733 4909 2916 4972 εἰκὼν,
2971 4910 3021 4963 τί
3055 4910 3250 4964 κωλύει
3303 4913 3396 4964 καὶ¹
3425 4913 3688 4978 ἀγγέλους

2103 4991 2284 5044 εἰκόνα
2335 4987 2509 5056 εἷναι;
2551 4993 2782 5062 καὶγὰρ
2821 4994 2913 5046 καὶ
2960 4993 3116 5046 αὐτοὶ
3155 4995 3398 5065 ἀόρατοι,
3439 4995 3552 5047 ἀλλ’
3589 4995 3689 5064 οὐχ

2106 5075 2320 5137 ἑαυτοῖς
2345 5091 2359 5105 ·
2402 5075 2494 5127 καὶ
2540 5075 2687 5145 ψυχὴ
2736 5076 3004 5147 ἀόρατος·
3045 5077 3160 5130 ἀλλ’
3198 5078 3385 5147 ἐπειδὴ
3437 5077 3684 5147 ἀόρατος,

2107 5157 2292 5219 ἁπλῶς
2341 5156 2430 5209 διὰ
2475 5157 2632 5210 τοῦτο
2660 5157 2842 5224 εἰκὼν,
2901 5161 2951 5212 εἰ
3002 5161 3094 5214 καὶ
3138 5160 3212 5231 μὴ
3261 5159 3434 5224 οὕτως
3499 5161 3687 5230 ὥσπερ

2110 5241 2270 5303 αὑτός
2300 5241 2347 5291 b.
2382 5242 2754 5308 Πρωτότοκος
2779 5242 2981 5310 πάσης
3011 5245 3283 5310 κτίσεως.

2182 5324 2240 5391 β’.
2279 5324 2342 5376 Τί
2367 5320 2480 5385 οῦν,
2503 5327 2699 5395 φησίν;
2743 5326 2849 5380 ἰδοὺ
2871 5328 3145 5394 ἕκτισται;
3180 5327 3372 5394 Πόθεν,
3407 5328 3529 5381 εἰπέ
3562 5344 3682 5396 μοις

2121 5406 2360 5474 Ἐπειδὴ,
2401 5411 2794 5475 Πρωτότοκος,
2823 5406 2961 5463 εἷπε.
2995 5413 3102 5465 Καὶ
3129 5412 3232 5482 μὴν
3256 5412 3344 5476 οὐ,
3382 5412 3684 5480 πρωτόκτι-

2109 5508 2252 5551 στος,
2284 5486 2458 5555 εἷπεν,
2486 5493 2640 5556 ἀλλά,
2663 5497 3056 5561 Πρωτότοκος.
3094 5499 3321 5550 Ἔπειτα
3364 5506 3387 5534 ε
3437 5499 3483 5548 εἰ
3509 5495 3595 5547 διὰ
3623 5494 3685 5547 τὸ

2166 5582 2314 5648 “Sic.
2352 5583 2501 5645 Atqui
2533 5587 2699 5648 _’L'mrov
2755 5586 2842 5632 οὐκ
2883 5587 3065 5633 ἔκτισεν
3107 5587 3364 5648 ἄνθρωπος’
3416 5586 3546 5634 unde
3569 5592 3684 5634 nata

2103 5646 2404 5703 conjectura.
2435 5644 2580 5694 Θεοῦ.
2606 5648 2738 5694 lion.

2167 5707 2338 5768 blieg.
2378 5707 2498 5756 1955
2523 5714 2575 5756 et
2596 5705 2879 5757 Commelin.
2917 5705 2987 5755 sic
3039 5707 3200 5756 locum
3239 5709 3516 5758 exhibent:
3558 5709 3682 5756 ἀλλά

2105 5769 2185 5818 καὶ
2208 5770 2573 5832 ιίωχὴγάὁρατος·
2598 5770 2701 5816 ἀλλ’
2723 5770 2879 5832 ἐπειδῂ
2905 5769 3102 5832 ἀόρατος
3120 5772 3298 5832 ἁπλῶς,
3339 5772 3418 5818 διὰ
3439 5769 3581 5829 τοῦτο
3612 5772 3682 5818 εἰσ

2107 5831 2230 5884 κώνζ
2259 5833 2340 5877 καὶ
2360 5832 2443 5892 μή,
2469 5831 2618 5885 οὕτως
2640 5833 2799 5891 ὥσπερ
2824 5831 2980 5892 αὐτὸς,
3007 5831 3086 5877 καὶ
3108 5831 3298 5892 ἄγγελοι
3321 5832 3522 5887 εἰκόνες;

2173 5893 2194 5922 ε
2225 5889 2384 5944 Codex
2410 5891 2531 5954 Reg.
2548 5899 2598 5940 et
2622 5889 2946 5954 margJSavil.
2973 5889 3234 5953 sequentia
3257 5892 3329 5944 sic
3352 5893 3574 5956 exhibet,
3595 5890 3684 5941 τοῦ
