4120 6400
382 382 484 437 517

389 502 560 565 poeta:
606 502 661 549 et
689 508 877 549 omnes
920 494 1059 548 inter
1088 506 1147 547 se
1171 491 1507 547 consentiant
1546 488 1693 543 etde
1725 483 1974 540 tribunali

386 598 439 640 et
469 586 537 640 de
560 585 783 655 judicio.
830 583 1013 652 Itaque
1043 598 1142 638 nec
1182 583 1402 637 Graecus
1430 583 1543 635 suis
1584 578 1741 632 fidem
1774 584 1971 644 negat,

390 694 489 731 nec
533 676 751 732 Judaeus
796 677 861 732 de
907 677 989 729 his
1031 676 1258 739 dubitat,
1293 689 1392 729 nec
1418 674 1595 743 quivis
1626 672 1803 725 homo.
1834 667 1974 736 Quid

390 785 519 839 ergo
548 784 648 823 nos
678 768 821 837 ipsos
842 767 1177 836 decipimus?
1206 765 1331 820 Haec
1360 765 1488 818 mihi
1514 764 1647 818 dicis
1677 781 1689 816 :
1715 762 1839 832 quid
1867 762 1975 815 Deo

389 861 536 913 dices
563 860 650 929 qui
678 860 945 928 sigillatim
990 858 1141 911 tinxit
1168 858 1326 911 corda
1357 865 1558 919 nostra,
1587 856 1674 924 qui
1705 869 1823 923 qua:
1850 862 1974 906 sunt

394 953 444 1004 in
475 952 795 1021 cogitatione
825 951 971 1004 novit
1010 949 1211 1013 omnia,
1246 949 1333 1018 qui
1365 948 1493 1001 vivit
1518 958 1571 1002 et
1596 955 1881 1015 operatur;
1916 950 1971 997 et

394 1044 564 1112 magis
610 1042 792 1096 incidit
832 1058 989 1111 quam
1020 1042 1193 1110 quivis
1235 1040 1441 1110 gladius
1469 1054 1664 1107 anceps
1696 1035 1874 1108 (Hebr.
1920 1037 1973 1089 4.

400 1134 530 1203 1‘2)?
574 1134 730 1200 Nam,
771 1134 858 1189 dic
901 1134 1026 1187 mihi
1059 1150 1154 1203 per
1186 1136 1486 1197 veritatem,
1518 1148 1622 1185 non
1654 1141 1707 1184 tu
1750 1129 1976 1196 teipsnm

403 1235 709 1294 pet-cantem
739 1224 1111 1279 condemnas?
1149 1240 1214 1278 an
1246 1228 1523 1294 quisquam
1566 1222 1726 1275 homo
1771 1230 1853 1275 est
1891 1220 1981 1289 qui

406 1318 637 1386 scipsnm
665 1318 899 1387 segniter
923 1326 1166 1387 agentem
1200 1332 1301 1368 non
1333 1314 1727 1385 reprehendat?
1758 1314 1823 1367 Et
1850 1328 1985 1383 quo-

405 1406 563 1461 modo
613 1423 739 1460 casu
787 1416 900 1461 orta
950 1417 1031 1461 est
1080 1406 1377 1475 sapientia,
1409 1414 1465 1459 ut
1509 1407 1622 1474 ipse
1661 1405 1749 1473 qui
1804 1412 1988 1473 peccat

403 1500 635 1568 seipsum
687 1498 1045 1553 condemnet?
1072 1497 1175 1551 hoc
1219 1497 1359 1552 enim
1400 1507 1481 1551 est
1526 1512 1731 1565 magna:
1771 1495 1986 1562 sapien-

409 1593 515 1645 tiai.
544 1592 621 1645 'l'n
652 1592 879 1660 teipsum
910 1592 1271 1655 condemnas;
1296 1593 1383 1660 qui
1407 1602 1584 1645 autem
1618 1591 1750 1643 hanc
1781 1590 1872 1644 tibi
1901 1590 1990 1643 dat

410 1695 642 1739 mentem
675 1696 727 1738 et
771 1685 1143 1755 cogitationem
1168 1726 1183 1749 ,
1214 1686 1355 1739 sinet
1384 1685 1558 1738 omnia
1592 1684 1713 1738 ferri
1748 1683 1993 1738 temere?

408 1776 485 1830 Sit
518 1791 646 1846 ergo
679 1778 791 1830 haec
820 1777 1001 1846 regula
1042 1786 1115 1837 et.
1140 1776 1385 1830 deﬁnitio
1426 1777 1477 1829 in
1524 1792 1739 1845 genere,
1785 1786 1838 1828 et
1878 1777 1997 1829 nni-

416 1882 570 1921 verse
606 1886 618 1921 :
654 1867 830 1923 nullus
858 1884 922 1921 ex
953 1869 1013 1921 iis
1042 1868 1129 1936 qui
1157 1868 1339 1921 vivunt
1366 1868 1416 1921 in
1443 1868 1656 1933 virtute,
1690 1884 1793 1923 non
1824 1869 1998 1923 credit

414 1960 647 2013 sermoni
685 1958 752 2013 de
776 1959 1000 2025 judicio,
1033 1960 1241 2013 etiamsi
1272 1960 1340 2012 sit
1370 1959 1611 2023 Graccus,
1645 1961 1851 2014 etiamsi
1885 1961 1995 2013 int:-

391 2051 613 2139 oreticus
644 2068 656 2105 :
686 2051 866 2105 nullus
904 2068 965 2105 ex
1008 2051 1073 2105 iis
1109 2052 1199 2119 qui
1232 2052 1282 2104 in
1315 2052 1482 2105 multo
1513 2062 1792 2106 versantur
1822 2055 1950 2105 vitio
1980 2094 1996 2119 ,

419 2151 612 2210 praeter
644 2157 861 2211 paucos,
893 2142 1127 2197 admittit
1155 2160 1457 2197 sermonem
1487 2144 1913 2199 resurrectionis.
1937 2144 2005 2198 Et

420 2234 522 2287 hoc
557 2244 639 2288 est
676 2235 815 2304 quod
844 2234 971 2288 dicit
996 2234 1442 2305 psalmographus
1478 2253 1491 2289 :
1524 2236 2002 2305 Anfernntnrjudi-

422 2329 499 2380 cia
527 2336 612 2379 tua
641 2344 672 2380 a
700 2328 829 2396 [acie
872 2328 980 2395 ejus
1024 2326 1210 2396 (Psal.
1245 2327 1298 2381 9.
1330 2328 1397 2380 27
1424 2329 1465 2395 ).
1500 2326 1712 2393 Quare?
1742 2327 2004 2393 Quoniam

428 2422 771 2491 profanautur
807 2422 907 2475 via:
937 2422 1053 2490 ejus
1091 2422 1142 2475 in
1171 2424 1313 2475 omni
1344 2433 1583 2490 tempore
1622 2440 1634 2473 :
1676 2420 2009 2475 Comedumus

427 2515 569 2568 enim
593 2554 608 2579 ,
643 2513 846 2582 inquit,
878 2526 925 2567 ει
954 2513 1217 2575 bibamus;
1247 2531 1359 2567 cras
1391 2515 1522 2566 enim
1553 2514 1815 2566 morimur.
1852 2513 2011 2567 Vides

430 2603 573 2673 quod
596 2604 708 2657 h:ec
734 2603 915 2658 dicere
944 2603 1014 2656 sit
1042 2604 1222 2657 vilium
1254 2614 1307 2657 et
1331 2604 1661 2672 abjectorum
1685 2605 1707 2657 ?
1735 2606 1817 2659 Ab
1839 2620 1933 2659 esu
1961 2615 2015 2659 et

432 2707 558 2768 potu
597 2698 839 2749 oriuntur
869 2698 981 2751 btec
1020 2696 1182 2750 verba
1218 2712 1337 2764 qua:
1368 2706 1620 2751 evertunt
1659 2698 2012 2753 resurrectio-

434 2804 575 2843 nem.
606 2787 721 2842 Non
766 2787 868 2843 fert
906 2790 1069 2854 enim,
1112 2804 1215 2843 non
1247 2788 1348 2842 fert
1393 2790 1568 2843 anima
1597 2790 1855 2858 judicium
1883 2806 2015 2844 con-

435 2882 707 2947 scienti.e;
742 2891 793 2937 et
820 2882 1039 2951 perinde
1062 2891 1144 2936 est
1169 2892 1329 2951 atque
1358 2884 1402 2936 si
1434 2883 1699 2938 homicida
1723 2899 1843 2938 cum
1870 2886 2018 2953 prius

437 2972 537 3025 sibi
565 2973 892 3042 snggesserit
914 2972 1027 3027 fore
1054 2982 1109 3026 ut
1132 2989 1235 3027 non
1263 2974 1527 3043 capiatur,
1559 2975 1752 3029 deinde
1774 2978 1849 3031 sic
1877 2978 2019 3031 occi-

439 3063 530 3115 dat
558 3080 571 3116 :
602 3078 760 3128 nam,
803 3079 922 3117 eum
964 3063 1239 3132 jndicnutc
1279 3066 1601 3119 conscientia
1623 3107 1638 3132 ,
1671 3082 1774 3121 non
1799 3068 1903 3123 cito
1930 3084 2020 3123 ve-

442 3155 609 3211 nisset
636 3155 700 3210 ad
728 3156 1028 3210 audendum
1057 3158 1332 3226 suscipere
1364 3157 1588 3213 facinus.
1625 3161 1687 3213 Et
1715 3161 1818 3215 scit
1851 3177 1978 3232 ergo
2001 3203 2017 3229 ,

441 3257 497 3304 et
528 3265 635 3319 prae
662 3266 721 3305 se
753 3249 856 3304 fert
879 3266 937 3304 se
964 3250 1229 3319 ignorare.
1259 3266 1325 3305 ne
1355 3260 1662 3321 torqueatur
1686 3269 1717 3308 a
1739 3256 2023 3310 conscien-

1282 374 1347 428 1Ν
1390 371 1600 429 EPIST.
1645 370 1735 426 AD
1772 362 2045 422 COLOSS.
2087 361 2239 419 CAP.
2283 363 2323 418 I.
2367 363 2596 419 IIOMIL
2642 361 2728 417 Ill.

3552 367 3656 422 3n;

2086 480 2155 533 tia
2199 490 2251 533 et
2280 491 2423 535 metu
2452 501 2465 533 :
2494 481 2728 551 alioquin
2760 483 2903 537 enim
2932 482 3192 537 evasisset
3235 484 3550 538 imbecillior
3588 486 3657 539 ad

2082 571 2304 627 caedem.
2331 572 2402 626 Ita
2433 583 2576 627 certe
2603 584 2654 626 et
2681 573 2770 643 qui
2798 583 3020 641 peccant
3044 576 3219 628 sciunt
3242 587 3514 644 peccatum
3544 592 3657 630 rem

2081 679 2202 719 esse
2231 665 2459 728 malam;
2492 676 2547 719 et
2576 667 2662 735 qn-i
2691 667 2927 735 quotidie
2963 667 3271 720 volutantur
3298 669 3349 720 in
3379 668 3507 736 ipsis
3542 684 3658 721 ma-

2081 756 2145 809 lis
2168 798 2181 820 ,
2211 757 2397 810 nolunt
2427 759 2565 812 scire
2585 798 2599 822 ,
2630 774 2949 827 quamquam
2975 774 3160 811 eorum
3188 760 3515 813 conscientia
3548 776 3662 813 rem

2080 850 2590 918 comprehendente.
2618 850 2720 905 Sed
2751 866 2817 903 ne
2844 850 2947 904 illis
2977 852 3348 915 attendamus;
3384 852 3486 905 erit
3518 853 3665 906 enim

2081 947 2300 998 omnino
2335 945 2592 1015 judicium
2639 957 2691 1000 et
2737 947 3083 1011 resurrectio,
3130 961 3298 1014 neque
3349 955 3454 998 tam
3500 947 3667 1000 multa

2082 1053 2243 1106 Opera
2275 1038 2467 1091 frustra
2512 1039 2746 1091 dimittet
2787 1039 2947 1092 Dens.
2991 1038 3349 1104 Quamobrem
3390 1052 3555 1107 rogo,
3586 1038 3655 1091 ab

2084 1129 2344 1182 stinentes
2388 1144 2417 1181 a
2463 1129 2615 1192 vitio,
2664 1130 2914 1183 virtutem
2944 1130 3353 1195 amplectamur,
3401 1139 3459 1182 ut
3487 1144 3668 1181 verum

2086 1222 2408 1290 accipiamus
2431 1236 2735 1276 sermonem
2766 1223 2815 1275 in
2834 1222 3049 1276 Christo
3068 1221 3196 1275 Jesu
3219 1221 3445 1274 Domino
3465 1232 3669 1273 nostra.

2160 1313 2280 1367 Fati
2322 1315 2494 1383 Opinio
2536 1316 2781 1383 rejicitur.
2820 1345 2889 1353 —
2915 1315 3245 1383 Quamquam
3274 1312 3400 1381 quid
3433 1323 3515 1366 est
3542 1312 3669 1366 faci-

2088 1407 2191 1461 lius
2214 1448 2228 1470 ,
2270 1407 2623 1461 adtnittereue
2652 1398 2791 1476 quod
2819 1406 3015 1460 dicitur
3044 1407 3111 1459 de
3140 1406 3536 1460 resurrectione
3557 1446 3571 1467 ,
3607 1422 3673 1459 an

2092 1499 2232 1570 quod
2259 1500 2458 1554 dicitur
2483 1501 2550 1555 de
2584 1500 2727 1553 fato?
2755 1500 2867 1553 Hoc
2899 1502 3111 1569 plenum
3146 1510 3227 1552 est
3258 1500 3538 1568 injustitia,
3565 1500 3677 1567 ple-

2096 1608 2218 1645 num
2245 1593 2547 1660 insipientia
2575 1604 2627 1645 et
2651 1602 2887 1661 egestate
2916 1592 3157 1656 rationis,
3189 1591 3402 1660 plenum
3428 1591 3680 1643 inhuma-

2096 1685 2261 1737 nitate
2292 1700 2305 1748 ;
2339 1683 2468 1736 illud
2500 1693 2581 1736 est
2612 1685 2823 1751 plenum
2845 1683 3072 1751 ju5titia,
3106 1681 3433 1735 distribuens
3462 1698 3557 1752 pro
3579 1696 3682 1735 nte-

2098 1777 2253 1841 ritis;
2286 1787 2339 1831 et
2379 1786 2555 1831 tamen
2599 1778 2769 1844 ipsum
2817 1792 2921 1830 non
2965 1776 3271 1829 admittunt.
3302 1775 3470 1829 Causa
3502 1783 3679 1827 autem

2099 1880 2182 1923 est
2208 1869 2459 1939 segnities
2491 1886 2504 1922 :
2537 1868 2712 1922 nullus
2740 1869 2881 1921 enim
2909 1868 2997 1937 qui
3040 1868 3212 1935 sapiat
3235 1907 3249 1929 ,
3284 1867 3386 1920 hoc
3426 1865 3680 1917 admittit.

2101 1960 2235 2015 Nam
2281 1970 2335 2016 et
2378 1961 2518 2014 inter
2560 1959 2796 2020 Grmcos.
2845 1960 2934 2027 qui
2978 1958 3302 2026 voluptatem
3350 1956 3685 2014 deﬁnientes.

2106 2054 2265 2108 ﬁnem
2294 2068 2413 2109 esse
2438 2055 2641 2118 dicunt,
2675 2053 2747 2106 illi
2788 2055 2959 2121 ipsum
2993 2052 3362 2105 admiserunt:
3391 2051 3477 2118 qui
3510 2059 3687 2102 autem

2106 2149 2356 2203 virtutem
2399 2154 2731 2210 amaverunt,
2780 2160 3136 2213 nequaquam,
3190 2142 3284 2197 sed
3329 2143 3687 2211 expulerunt,

2111 2250 2379 2310 tamquam
2407 2238 2549 2309 quod
2572 2247 2749 2291 careat
2774 2237 2998 2289 ratione.
3026 2236 3081 2290 Si
3109 2235 3209 2289 hoc
3230 2244 3408 2287 autem
3438 2235 3507 2287 ita
3533 2232 3695 2286 habet

2111 2332 2250 2385 inter
2276 2331 2495 2385 Graecos
2524 2371 2538 2395 ,
2568 2328 2737 2382 multo
2766 2327 2933 2396 magis
2970 2327 3040 2379 ita
3086 2326 3247 2379 habet
3276 2326 3326 2378 in
3356 2325 3566 2377 ratione
3608 2339 3697 2376 re-

2112 2422 2479 2477 surrectionis.
2528 2422 2821 2475 Considera
2864 2428 3040 2473 autem
3088 2418 3242 2482 mihi,
3275 2416 3545 2487 quomodo
3589 2416 3698 2469 duo

2115 2514 2380 2569 contraria
2418 2512 2774 2567 introduxerit
2804 2512 3047 2566 diabolus
3090 2529 3102 2563 :
3138 2527 3331 2579 nempe
3361 2520 3416 2563 ut
3445 2511 3697 2563 virtutem

2118 2609 2468 2677 negligamus,
2515 2606 2890 2660 necessitatem
2935 2605 3170 2670 induxit;
3200 2613 3254 2659 et
3285 2615 3340 2657 ut
3370 2613 3617 2672 prompto
3646 2612 3702 2657 et

2118 2702 2278 2754 alacri
2318 2699 2497 2753 animo
2534 2700 2773 2753 colamus
2813 2697 3207 2766 dmmones,per
3238 2697 3344 2749 duo
3381 2697 3540 2750 etiam
3568 2710 3702 2749 con-

2121 2793 2279 2846 traria
2304 2790 2583 2861 persuasit.
2608 2791 2902 2855 Quamnam
2927 2804 3054 2857 ergo
3076 2789 3270 2856 poterit
3290 2788 3417 2841 dare
3443 2788 3704 2841 rationem

2122 2886 2211 2955 qui
2244 2901 2347 2938 non
2378 2883 2547 2937 credit
2574 2884 2648 2935 rei
2680 2883 2814 2936 adeo
2846 2881 3165 2946 admirabili,
3208 2890 3261 2935 et
3301 2880 3471 2934 credit
3514 2882 3577 2933 iis
3616 2882 3706 2949 qui

2125 2980 2211 3033 illa
2240 2987 2503 3048 nngantnr
2524 2976 2546 3027 ?
2571 2976 2649 3030 Ne
2676 2990 2826 3046 ergo,
2858 2992 2923 3029 ne
2946 2975 3062 3029 lucc
3089 2985 3140 3028 te
3161 2974 3457 3028 consolatio
3487 2977 3706 3039 nutriat,

2124 3071 2266 3139 quod
2318 3070 2524 3123 veniam
2577 3068 2923 3133 consequeris
2969 3084 2981 3130 ;
3040 3066 3134 3121 sed
3189 3082 3286 3120 nos
3338 3068 3581 3119 conversi
3643 3068 3708 3119 ad

2126 3164 2377 3217 virtutem
2409 3161 2703 3216 excitemur
2727 3201 2743 3227 ,
2770 3174 2833 3213 ac
2860 3174 2985 3213 vere
3014 3158 3124 3213 Deo
3154 3159 3428 3223 vivamus;
3473 3159 3523 3211 in
3556 3157 3715 3213 Citri-

2132 3266 2237 3321 sto,
2264 3266 2368 3309 etc.

1810 3439 2159 3503 HOMILIA
2204 3442 2314 3502 Ill.

446 3580 577 3635 CAP.
609 3578 660 3632 1.
693 3593 742 3629 v.
772 3578 857 3630 15.
903 3576 1000 3642 Qui
1043 3586 1115 3629 est
1152 3576 1317 3647 imago
1361 3576 1453 3630 Dei
1484 3578 1746 3633 invisibilis
1780 3582 2034 3652 primoge-

519 3672 655 3725 nitus
685 3671 845 3723 omnis
870 3678 1116 3723 creatura:
1146 3685 1164 3723 :
1196 3670 1280 3724 16.
1323 3671 1561 3740 quoniam
1589 3673 1643 3725 in
1680 3673 1791 3740 ipso
1832 3675 2037 3729 condita

519 3772 633 3818 sunt
682 3763 944 3827 universa,
1011 3762 1065 3813 in
1111 3762 1248 3815 cwlis
1297 3772 1345 3814 et
1396 3765 1448 3815 in
1494 3772 1661 3827 terra,
1719 3765 1932 3818 visibilia
1989 3777 2037 3820 et

521 3855 813 3919 invisibilia,
840 3854 942 3907 sive
966 3852 1161 3906 Throni
1189 3854 1290 3906 sive
1322 3851 1725 3921 Dominationes,
1754 3858 1853 3911 sive
1879 3856 2037 3911 Prin-

522 3952 717 4019 cipatus
744 3950 846 4002 sive
877 3947 1194 4013 I’otestates;
1225 3949 1395 4001 omnia
1422 3965 1511 4012 per
1534 3950 1720 4018 ipsum,
1753 3960 1800 4003 et
1846 3952 1898 4003 in
1929 3951 2039 4016 ipso

524 4052 690 4096 creata
716 4051 850 4095 sunt.
885 4043 971 4096 17.
1007 4038 1073 4093 Et
1125 4042 1234 4110 ipse
1263 4050 1333 4094 est
1375 4052 1493 4095 ante
1540 4043 1733 4109 omnia,
1783 4054 1830 4097 et
1870 4046 2041 4096 omnia

525 4133 581 4185 in
624 4134 735 4202 ipso
762 4142 994 4185 constant
1027 4148 1045 4186 :
1073 4134 1159 4188 18.
1189 4142 1234 4185 ει
1263 4133 1370 4202 ipse
1398 4142 1473 4186 εει
1500 4142 1650 4203 caput
1680 4136 1906 4203 corporis
1937 4133 2039 4187 Ec-

529 4225 716 4278 desim.

528 4318 581 4370 1.
607 4314 685 4369 De
712 4314 836 4368 Filii
864 4314 956 4368 Dei
980 4325 1183 4381 natura,
1208 4326 1250 4370 et
1280 4315 1414 4387 quod
1448 4332 1547 4369 non
1584 4316 1649 4369 sit
1693 4326 1940 4369 creatura.
1971 4348 2042 4359 --

462 4405 632 4461 llodie
653 4420 871 4460 necesse
896 4415 977 4461 est
998 4407 1223 4462 reddere
1245 4407 1501 4469 debitum,
1518 4408 1658 4476 quod
1693 4408 1806 4463 heri
1832 4410 2036 4477 distuli,

462 4509 519 4552 ιιι
540 4498 589 4551 id
617 4496 853 4551 discendi
884 4497 1088 4565 cupidis
1112 4497 1307 4552 animis
1335 4501 1527 4553 vestris
1557 4508 1610 4552 et
1634 4500 2042 4569 cogitationibus

464 4588 760 4656 subjiciam.
782 4587 858 4641 De
876 4588 988 4640 Filii
1008 4588 1260 4656 dignitate
1274 4589 1543 4643 disserens
1558 4590 1749 4644 Paulus
1764 4592 1876 4645 ha'c
1893 4592 2039 4656 dicit,

466 4684 601 4737 sicut
629 4682 790 4736 etiam
813 4681 1142 4735 ostendimus
1175 4699 1187 4735 :
1215 4682 1315 4746 Qui
1340 4694 1408 4737 εει
1447 4684 1614 4755 imago
1645 4683 1739 4736 Dri
1763 4686 2042 4738 invisibilis.

463 4772 628 4841 Cujus
655 4786 782 4841 ergo
814 4771 889 4824 vis
917 4787 1039 4825 eum
1065 4786 1183 4827 esse
1212 4772 1538 4842 imaginem?
1584 4773 1636 4828 Si
1670 4774 1757 4827 Dei
1804 4774 2041 4843 quidem,

469 4863 724 4933 pulchre;
775 4863 914 4916 Deus
964 4863 1105 4916 enim
1137 4872 1306 4918 estet
1360 4865 1449 4918 Dei
1483 4865 1682 4931 Filius;
1736 4866 1830 4919 Dei
1870 4878 2047 4921 autem

470 4956 649 5025 imago
677 4955 958 5023 perfectam
992 4954 1393 5010 similitudinem
1416 4956 1681 5010 ostendit:
1709 4972 1838 5027 ergo
1854 4973 2048 5011 secun-

470 5049 598 5102 dum
630 5048 731 5101 hoc
758 5047 977 5117 mqualis
1001 5058 1083 5101 est
1112 5066 1125 5101 :
1157 5049 1201 5102 si
1245 5057 1422 5103 autem
1470 5051 1643 5119 imago
1684 5051 1935 5114 hominis,
1964 5051 2050 5105 dic

471 5140 621 5203 mihi,
656 5148 711 5193 et
756 5154 784 5190 a
817 5148 867 5193 te
897 5147 1164 5208 tamquam
1190 5141 1258 5193 ab
1287 5142 1477 5195 insano
1507 5141 1798 5196 discedam.
1826 5141 1934 5195 Cur
1958 5158 2051 5222 ap-

472 5242 576 5286 tem
604 5247 862 5301 nusquam
882 5246 1053 5300 neque
1077 5231 1269 5301 imago,
1287 5248 1457 5301 neque
1486 5232 1623 5286 ﬁlius
1652 5233 1949 5302 appellatus
1970 5242 2051 5288 est

471 5326 725 5393 angelus,
786 5324 877 5378 sed
931 5326 1091 5377 homo
1146 5326 1466 5394 utrumque?
1519 5324 1736 5390 Quare?
1791 5327 2050 5391 Quoniam

474 5418 581 5471 illic
610 5417 824 5485 quidem
857 5426 1061 5470 natura:
1089 5416 1387 5470 sublimitas
1424 5416 1528 5471 cito
1558 5416 1753 5470 multos
1784 5416 2052 5484 injeeisset

474 5508 527 5563 in
583 5508 719 5563 hanc
759 5508 1081 5576 impietatem
1114 5526 1128 5561 :
1161 5509 1245 5563 hic
1293 5519 1468 5562 autem
1518 5508 1694 5562 vilitas
1729 5517 1783 5561 et
1826 5507 2053 5576 abjectio

476 5592 703 5671 spondet
727 5618 837 5655 rem
871 5600 985 5656 fore
1011 5602 1061 5654 in
1092 5610 1225 5669 tuto,
1255 5611 1308 5655 et
1336 5617 1401 5655 ne
1426 5602 1670 5656 volentes
1686 5594 1897 5669 quidem
1930 5601 2056 5657 sinit

480 5694 586 5747 tale
625 5692 749 5761 quid
802 5693 1080 5762 suspicari,
1112 5702 1167 5746 et
1205 5708 1507 5748 sermonem
1562 5693 1881 5762 deprimere.
1926 5693 2055 5746 Pro-

484 5795 663 5855 pterea
696 5785 782 5840 ubi
814 5786 975 5839 multa
1008 5784 1220 5856 quidem
1248 5795 1361 5841 erat
1402 5785 1694 5854 humilitas,
1726 5783 2057 5841 conlidenter

2139 3586 2411 3655 Scriptura
2444 3584 2592 3652 ponit
2618 3582 2877 3636 honorem
2909 3598 2923 3634 :
2956 3580 3045 3635 ubi
3074 3588 3251 3635 autem
3291 3579 3466 3648 major
3493 3589 3576 3634 est
3627 3597 3722 3633 na-

2141 3688 2276 3741 tura,
2309 3695 2413 3733 non
2443 3679 2591 3732 item.
2611 3675 2715 3731 Sed
2739 3675 2915 3745 Imago
2938 3686 3007 3728 εει
3025 3673 3308 3737 invisibilis,
3332 3673 3521 3742 inquit.
3553 3673 3715 3743 Ergo,

2141 3773 2185 3826 si
2218 3773 2305 3826 ille
2335 3782 2419 3827 est
2460 3768 2737 3823 invisibilis
2757 3808 2773 3833 ,
2803 3780 2885 3821 est
2931 3766 3042 3834 ipsa
3073 3781 3283 3834 quoque
3324 3765 3639 3829 invisibilis,
3669 3776 3725 3819 et

2142 3864 2387 3919 similiter
2418 3861 2733 3925 invisibilis;
2769 3859 3003 3928 alioquin
3038 3857 3213 3927 imago
3262 3872 3368 3911 non
3400 3866 3563 3911 esset.
3590 3856 3722 3911 Nam

2144 3958 2449 4025 imaginem,
2482 3965 2741 4025 quatenus
2773 3961 2856 4007 est
2882 3953 3075 4021 imago,
3108 3952 3269 4005 etiam
3290 3950 3430 4021 apud
3451 3966 3546 4005 nos
3566 3965 3726 4019 Opor—

2146 4057 2219 4101 tet
2244 4062 2363 4101 esse
2391 4045 2670 4115 aequalem,
2704 4051 2757 4096 et
2782 4058 2811 4097 a
2855 4042 3252 4097 eharacteribns
3277 4050 3330 4096 et
3356 4040 3724 4095 similitudine.

2144 4137 2249 4192 Sed
2272 4138 2357 4191 hic
2373 4136 2585 4205 quidem
2606 4135 2708 4189 hoc
2732 4149 3067 4203 nequaquam
3092 4142 3263 4200 potest
3292 4132 3404 4186 fieri
3431 4149 3445 4197 ;
3477 4148 3565 4186 ars
3584 4132 3728 4185 enim

2146 4231 2375 4285 humana
2405 4244 2547 4298 saepe
2580 4244 2683 4282 non
2734 4228 3058 4295 assequitur,
3092 4225 3200 4278 imo
3244 4240 3372 4279 vero
3404 4239 3727 4292 numquam,

2146 4323 2188 4377 si
2212 4331 2459 4375 accurate
2483 4320 2758 4375 exatnines
2784 4337 2794 4370 :
2829 4318 2913 4372 ubi
2938 4327 3113 4370 autem
3145 4326 3229 4370 est
3256 4316 3416 4380 Deus,
3442 4331 3730 4385 numquam

2146 4413 2344 4466 excidit
2396 4420 2449 4465 et
2491 4411 2726 4473 aberrat,
2757 4423 2929 4477 neque
2959 4407 3097 4461 ullus
3136 4421 3385 4476 umquam
3413 4415 3497 4460 est
3530 4407 3727 4475 lapsus.

2148 4506 2203 4561 Si
2236 4516 2412 4558 autem
2443 4510 2526 4556 est
2551 4510 2818 4562 creatura,
2860 4496 3130 4568 quomodo
3171 4507 3255 4551 est
3296 4498 3471 4566 imago
3498 4497 3617 4566 ejus
3642 4499 3734 4567 qui

2148 4598 2376 4653 creavit?
2403 4611 2573 4665 neque
2598 4594 2739 4649 enim
2768 4608 2937 4660 equus
2952 4600 3032 4646 est
3053 4592 3229 4659 imago
3260 4589 3510 4644 hominis.
3535 4590 3591 4644 Si
3618 4591 3734 4659 ejus

2151 4690 2237 4760 qui
2267 4699 2345 4743 est
2375 4685 2656 4741 invisibilis
2696 4683 3097 4739 similitudinem
3123 4697 3230 4736 non
3274 4681 3508 4736 ostendit
3536 4685 3733 4751 imago,

2151 4779 2275 4850 quid
2301 4778 2548 4848 prohibet
2569 4777 2729 4830 etiam
2753 4774 2971 4845 angelos
2992 4788 3111 4829 esse
3140 4772 3462 4843 imaginem?
3491 4788 3611 4827 nam
3637 4775 3736 4841 ipsi

2152 4885 2362 4940 quoque
2410 4877 2536 4923 sunt
2583 4866 2899 4931 invisibiles,
2952 4864 3047 4919 sed
3102 4879 3208 4918 non
3266 4864 3521 4934 sibiipsis.
3561 4863 3625 4934 ¹[
3666 4864 3738 4917 At

2153 4963 2329 5016 anima
2356 4970 2439 5015 est
2466 4958 2746 5014 invisibilis
2770 4980 2783 5021 ;
2829 4956 2923 5012 sed
2951 4972 3015 5011 ex
3044 4970 3109 5010 eo
3138 4954 3279 5024 quod
3308 4965 3391 5009 est
3416 4954 3699 5008 invisibilis
3718 4994 3736 5017 ,

2154 5064 2238 5110 est
2278 5052 2674 5124 quodammodo
2719 5051 2928 5120 imago;
2955 5059 3008 5103 at
3033 5063 3139 5103 non
3167 5049 3305 5103 sicut
3333 5048 3446 5117 ipse
3472 5054 3576 5103 est.
3616 5042 3729 5099 Pn'o

2156 5148 2437 5217 magenitus
2466 5145 2627 5198 omnis
2653 5138 2943 5213 creaturaa]

2227 5239 2282 5292 2.
2301 5237 2435 5304 Quid
2465 5239 2615 5293 vero?
2636 5236 2834 5304 inquit;
2859 5248 2983 5289 ecce
3008 5240 3089 5287 est
3116 5230 3364 5285 creatus?
3388 5228 3540 5285 Unde
3563 5227 3612 5281 id
3638 5227 3740 5281 col-

2159 5331 2296 5403 ligis,
2325 5328 2652 5398 dic,qnzeso?
2681 5326 2941 5394 Quoniam
2972 5324 3123 5386 dixit,
3158 5321 3546 5391 Primogenitus.
3579 5316 3747 5388 Atqui

2163 5439 2268 5478 non
2299 5421 2451 5484 dixit,
2484 5420 2895 5482 Primocreatus,
2925 5416 3018 5471 sed
3044 5412 3439 5483 Printogenitus.
3470 5409 3670 5464 Deinde
3696 5410 3743 5464 si

2227 5607 2243 5637 ι
2278 5611 2449 5666 locum
2484 5602 2676 5666 uncinis
2697 5596 3208 5666 clatISttm_sic_ltabeut
3231 5591 3511 5643 Commelin.
3539 5597 3591 5666 et
3612 5588 3740 5666 Reg.

2166 5650 2293 5731 193357
2309 5650 2613 5731 {semanima
2630 5650 2823 5731 quoque
2833 5672 2901 5731 est
2914 5656 3162 5728 inrisibitis
3180 5669 3195 5705 :
3213 5668 3327 5731 mon
3344 5667 3411 5731 ea.
3421 5666 3488 5731 eo.
3608 5651 3747 5731 quod

2163 5716 2223 5781 sit
2246 5727 2512 5783 inrisionis,
2536 5716 2749 5788 sequitur
2786 5724 2925 5788 illam
2967 5735 3068 5788 esse
3102 5716 3411 5788 marginem?
3450 5725 3574 5788 tyum
3599 5716 3750 5767 etiam

2166 5778 2333 5857 Limn
2356 5778 2585 5854 margines
2600 5778 2726 5852 Sunt,
2751 5787 2916 5839 eodem
2940 5786 3080 5837 nde
3102 5778 3426 5846 quo'christus
3448 5778 3473 5832 γ
