4120 6400
387 360 492 420 519

386 479 510 546 quia
539 469 921 544 primogenitus
936 473 1038 531 est,
1061 464 1209 518 illum
1234 470 1471 518 creatum
1503 456 1726 520 dixeris,
1747 451 1872 523 quid
1890 451 1962 505 di-

386 541 478 621 ces
504 541 714 634 quando
733 561 879 614 illum
903 556 1136 612 audieris
1158 555 1372 608 fratrem
1395 549 1572 605 vocari
1589 548 1613 602 ?
1630 545 1838 601 Etenim
1863 541 1967 596 fra-

388 669 520 713 trem
550 657 697 710 ill-um
720 660 875 708 vocat
895 650 1166 718 Scriptura
1189 645 1483 701 secundum
1506 640 1685 696 onmia
1703 638 1856 694 nobis
1882 650 1968 689 as-

387 750 694 803 similatum.
724 746 934 814 Ergone
971 741 1089 795 ideo
1116 739 1261 793 illum
1280 735 1584 790 Creatorem
1604 745 1724 786 esse
1747 727 1966 798 negabi-

389 860 529 908 mus,
557 851 612 897 et
640 856 737 896 nec
762 839 1018 909 dignitate
1045 849 1217 904 neque
1240 832 1346 886 alio
1376 828 1622 898 quopiam
1642 823 1793 879 nobis
1815 830 1968 876 ante-

390 951 589 1005 p0ucre
618 929 988 1003 dignabimur?
1009 926 1190 996 ecquis
1212 932 1389 978 mente
1418 920 1601 974 valens
1623 919 1722 972 hoc
1739 911 1968 970 dixerit?

386 1028 520 1082 Nam
551 1024 698 1086 illud,
728 1020 1122 1091 Primogenitus,
1145 1031 1248 1070 non
1271 1014 1580 1084 dignitatem
1603 1019 1656 1064 et
1685 1008 1964 1070 honorem,

385 1119 479 1172 sed
499 1129 704 1185 tempus
723 1123 924 1168 tantum
947 1107 1275 1180 exprimitSi
1295 1121 1420 1176 ergo
1436 1101 1818 1174 primogenitus
1837 1098 1966 1152 nihil

385 1211 504 1280 plus
529 1209 688 1262 habet
709 1221 864 1276 quam
893 1219 1026 1267 nos;
1055 1212 1213 1270 atque
1231 1199 1329 1253 hac
1354 1198 1560 1251 ratione
1583 1189 1966 1262 primogenitus

384 1312 466 1355 est
494 1302 755 1363 omnium,
787 1294 1256 1352 consubstantialis
1281 1293 1382 1345 erit
1411 1291 1546 1344 Deus
1571 1286 1801 1342 Verbum
1829 1281 1964 1352 lapi-

385 1394 558 1457 dibus,
590 1391 745 1462 lignis
766 1400 819 1445 et
837 1387 1059 1456 reliquis
1085 1402 1098 1438 :
1131 1400 1252 1438 nam
1276 1385 1371 1448 ait,
1405 1378 1779 1449 l’rimogenitus
1802 1373 1968 1428 omnis

383 1496 644 1539 creaturis.
682 1486 748 1538 At.
775 1482 1158 1552 primogenilus
1180 1519 1194 1542 ,
1242 1476 1468 1545 inquies,
1498 1472 1672 1527 dictus
1699 1479 1810 1534 est;
1837 1481 1966 1536 ergo

385 1589 596 1634 creatus
622 1586 724 1632 est.
759 1576 900 1629 Bene
938 1573 1178 1644 quidem,
1223 1571 1266 1622 si
1320 1583 1405 1621 res
1451 1567 1518 1618 ita
1550 1580 1609 1618 se
1639 1563 1880 1622 haberet,
1911 1567 1966 1613 ct

388 1670 486 1724 nisi
518 1668 616 1721 alia
649 1667 838 1722 similia
869 1665 1124 1728 haberet,
1152 1657 1614 1727 ttt,Primogenitus
1644 1671 1706 1708 ea:
1727 1653 1960 1715 mortuis,

385 1771 463 1827 et,
491 1759 866 1829 Primogenitus
891 1758 943 1810 in
969 1756 1138 1808 multis
1164 1753 1401 1821 fratribus
1434 1746 1566 1819 (Col.
1591 1748 1642 1800 1.
1677 1745 1763 1799 18.
1807 1743 1958 1796 Rom.

384 1854 440 1907 8.
469 1852 538 1906 29
559 1852 602 1920 ).
642 1851 995 1917 Dic,qu;eso,
1045 1845 1425 1914 primogenitus
1465 1856 1528 1894 ex
1587 1836 1810 1892 mortuis
1837 1833 1964 1903 quid

384 1944 684 2014 signiﬁcat?
710 1943 824 1997 Non
853 1941 993 2009 quod
1042 1939 1244 2009 printus
1273 1933 1586 1998 resurrexit,
1623 1931 1769 1986 dices
1813 1948 1824 1982 :
1856 1942 1962 1982 non

384 2037 525 2090 enim
557 2035 691 2088 dixit
720 2032 1033 2100 simpliciter
1057 2026 1406 2098 quorumdam
1438 2033 1791 2083 mortuorum,
1838 2017 1959 2083 sed,

385 2126 776 2196 Primogenilus
798 2139 864 2178 ex
907 2122 1129 2176 mortuis
1162 2137 1175 2172 :
1207 2132 1377 2187 neque
1402 2115 1534 2170 dixit
1582 2129 1702 2168 eum
1735 2111 1961 2182 primum

383 2234 505 2274 esse
539 2228 826 2277 mortuum,
857 2215 948 2268 sed
982 2210 1389 2282 primogenitum
1417 2205 1716 2260 surrexisse
1735 2219 1800 2258 ex
1822 2217 1966 2256 mor-

386 2312 510 2365 tuis.
543 2309 901 2377 Quamobrem
962 2305 1090 2358 nihil
1141 2302 1284 2355 aliud
1329 2297 1607 2369 signiﬁcat,
1650 2311 1807 2366 quam
1839 2310 1961 2350 eum

385 2403 550 2459 fuisse
599 2400 859 2470 primitias
903 2395 1314 2453 resurrectionis
1339 2409 1369 2446 a
1402 2391 1646 2445 mortuis.
1678 2389 1817 2457 Ergo
1864 2401 1965 2441 nec

386 2495 472 2549 hic
497 2493 693 2562 aliquid
719 2491 990 2561 probatur.
1017 2487 1215 2542 Deinde
1236 2485 1536 2556 aggreditur
1559 2483 1729 2552 ipsum
1747 2481 1958 2550 dogma.

383 2589 514 2643 Nam
548 2604 614 2642 ne
645 2587 1012 2640 existimarent
1035 2597 1156 2636 cum
1199 2595 1318 2634 esse
1347 2578 1697 2633 recentiorem
1724 2589 1790 2630 eo
1819 2573 1964 2644 quod

382 2681 512 2736 olim
543 2678 756 2748 quidem
806 2675 1162 2729 adduceretur
1205 2687 1301 2740 per
1324 2669 1562 2739 angelos,
1595 2682 1738 2722 nunc
1783 2673 1967 2720 autem

383 2785 480 2840 per
503 2771 709 2838 ipsum;
740 2765 972 2821 ostendit
1001 2765 1230 2834 primum
1260 2778 1354 2816 eos
1391 2760 1520 2814 nihil
1559 2760 1831 2830 potuisse;
1856 2773 1961 2811 non

382 2863 525 2917 enim
567 2862 681 2930 ipse
709 2858 998 2914 eduxisset
1032 2871 1063 2910 e
1115 2855 1348 2909 tenebris
1381 2871 1393 2905 :
1425 2852 1713 2906 secundum
1746 2858 1960 2915 autem,

383 2952 526 3022 quod
555 2953 622 3006 sit
648 2960 768 3004 ante
813 2949 978 3018 ipsos.
1028 2946 1180 3012 Quod
1208 2957 1386 2999 autem
1417 2945 1486 2997 sit
1509 2953 1632 2996 ante
1664 2943 1830 3012 ipsos,
1863 2940 1963 2993 hoc

382 3046 574 3115 probat
619 3052 950 3114 argumento,
1000 3039 1137 3110 quod
1170 3038 1268 3107 ipsi
1296 3054 1389 3107 per
1432 3053 1553 3091 eum
1609 3037 1716 3090 sint
1758 3033 1960 3089 creati:

386 3139 641 3204 Quoniam
667 3138 718 3190 in
741 3137 871 3207 ipso,
903 3134 1092 3202 inquit,
1115 3133 1321 3186 condita
1348 3141 1463 3184 sunt
1489 3130 1676 3183 omnia.

457 3229 654 3282 Paulus
673 3224 1266 3291 Samosatenus.—-Quid
1284 3222 1561 3277 hicdicunt
1579 3220 1796 3275 assecltn
1813 3219 1964 3274 Pauli

381 3319 758 3377 Samosateui?
792 3317 977 3373 Omnia
1007 3317 1058 3370 in
1092 3317 1206 3385 ipso
1235 3315 1367 3369 facta
1399 3329 1518 3368 esse
1546 3330 1561 3366 :
1593 3312 1792 3368 dictum
1821 3312 1962 3366 enim

383 3411 583 3476 l'ttit,ln
612 3413 720 3480 ipso
745 3409 948 3463 condita
973 3417 1089 3462 sunt
1115 3407 1303 3460 omnia.
1329 3405 1432 3461 Sed
1455 3421 1572 3475 qua:
1601 3414 1726 3459 sunt
1747 3405 1796 3457 in
1819 3403 1964 3457 cadis

382 3516 436 3560 et
460 3519 578 3574 quae
605 3514 726 3558 sunt
749 3502 799 3556 in
829 3511 965 3556 terra
995 3501 1166 3570 primo
1194 3499 1346 3552 dixit.
1370 3497 1442 3552 De
1471 3512 1575 3567 quo
1601 3506 1714 3550 erat
1740 3496 1964 3564 quaestio

383 3597 486 3650 hoc
511 3595 680 3664 pritno
710 3593 876 3662 ponit.
911 3591 1111 3645 Deinde
1139 3589 1406 3658 subjungit
1425 3630 1440 3653 ,
1472 3588 1698 3641 Visibilia
1727 3597 1772 3641 et
1789 3587 1966 3640 invisi—

381 3688 525 3742 bilia.
559 3686 842 3740 lnvisibilia
875 3685 1108 3738 animam
1138 3682 1287 3747 dicit,
1316 3681 1563 3745 \‘isibilia,
1587 3695 1774 3735 omnes
1795 3679 1967 3734 homi-

384 3794 500 3833 nes.
531 3779 597 3832 Et
632 3777 773 3847 quod
802 3777 852 3829 in
883 3776 1128 3829 confesso
1157 3783 1262 3840 est,
1293 3773 1579 3842 relinquit;
1615 3772 1764 3842 ponit
1787 3781 1964 3824 autem

382 3871 434 3925 id
461 3869 528 3924 de
556 3884 662 3938 quo
684 3867 974 3922 dubitatur.
1007 3865 1125 3919 Sive
1165 3863 1378 3926 T/troni,
1411 3865 1604 3932 inquit,
1635 3865 1737 3916 sive
1785 3861 1962 3914 Domi-

383 3963 635 4026 nationes,
664 3961 766 4013 sive
799 3958 1147 4027 Principatas,
1190 3957 1294 4009 sive
1321 3955 1624 4009 Potestates.
1656 3952 1807 4016 Illud,
1843 3954 1964 4017 sive,

383 4051 792 4122 comprehendit
821 4050 1151 4103 universum.
1183 4047 1412 4116 Spiritus
1439 4054 1616 4100 autem
1651 4059 1756 4098 non
1781 4060 1968 4098 nume-

383 4153 534 4199 ratur
583 4158 702 4197 cum
763 4140 1143 4202 l’otestatibus,
1205 4138 1298 4192 sed
1349 4153 1377 4191 a
1410 4137 1596 4206 majori
1649 4136 1714 4190 ad
1760 4137 1965 4190 minora

382 4234 709 4291 ostendenda
740 4232 1062 4303 proceditur.
1108 4230 1312 4291 Omnia,
1360 4228 1550 4298 inquit,
1586 4244 1674 4299 per
1703 4229 1891 4296 ipsum,
1921 4235 1966 4279 et

383 4331 436 4382 in
460 4330 568 4398 ipso
594 4337 761 4380 creata
781 4336 916 4378 sunt.
947 4325 1080 4378 Ecce
1108 4321 1255 4384 illud,
1283 4319 1348 4373 In
1374 4320 1504 4388 ipso,
1525 4327 1605 4372 est
1636 4333 1730 4387 per
1750 4319 1920 4387 ipsum
1949 4335 1965 4374 :

386 4435 508 4474 nam
541 4435 661 4473 cum
691 4416 933 4479 dixisset,
960 4413 1027 4467 In
1059 4413 1190 4482 ipso,
1218 4410 1507 4479 subjunxit,
1541 4407 1642 4463 Per
1680 4409 1866 4477 ipsum.
1900 4407 1968 4462 ll-

387 4509 477 4564 lttd
501 4519 701 4572 autem,
727 4506 791 4559 In
821 4507 950 4576 ipso,
978 4503 1104 4574 quid
1128 4503 1246 4557 est?
1272 4502 1384 4555 lloc
1406 4509 1510 4565 cst,
1543 4499 1595 4553 in
1619 4499 1790 4568 ipsum
1838 4516 1966 4569 peu-

387 4602 478 4655 dct
501 4600 738 4653 omnium
765 4596 1084 4651 substantia.
1114 4595 1228 4649 Non
1257 4593 1429 4647 solum
1462 4592 1576 4661 ipse
1617 4606 1679 4646 ea
1706 4606 1770 4645 ex
1800 4592 1968 4646 nihilo

389 4691 457 4747 ad
489 4692 588 4745 hoc
614 4699 670 4744 ιιι
693 4698 875 4744 essent
905 4687 1148 4753 deduxit,
1199 4684 1295 4740 sed
1327 4685 1440 4754 ipse
1479 4698 1690 4753 quoque
1718 4698 1780 4736 ea
1829 4697 1971 4738 nunc

387 4787 664 4842 continet:
696 4787 1041 4854 quamobrem
1073 4781 1118 4836 si
1147 4789 1327 4836 essent
1363 4780 1565 4834 divulsa
1589 4781 1657 4834 ab
1700 4779 1816 4849 ejus
1841 4795 1971 4849 pro~

388 4880 645 4943 videntia,
675 4878 1020 4932 iuteriissent.
1050 4875 1157 4929 Sed
1201 4889 1303 4927 nou
1347 4873 1501 4938 dixit,
1529 4872 1798 4934 Continct,
1828 4871 1971 4942 quod

389 4971 780 5030 craterassius;
801 4968 892 5022 sed
912 4967 1052 5037 quod
1079 4977 1158 5021 cst
1189 4967 1454 5032 subtilius,
1474 4964 1526 5018 ltt
1554 4965 1724 5034 ipsum
1753 4965 1967 5035 pendet.

392 5066 576 5119 Solum
609 5061 673 5116 ad
702 5077 821 5116 cum
865 5074 1102 5114 annuere
1130 5070 1184 5114 et
1228 5059 1493 5123 inclinari,
1525 5057 1808 5112 sul'ﬁcitad
1835 5072 1968 5111 con-

390 5157 667 5214 tinendum
691 5168 745 5211 ct
787 5153 1277 5222 constringendam.
1310 5152 1398 5206 Sic
1428 5151 1609 5217 etiam,
1649 5151 1968 5222 Primogeni-

392 5262 491 5317 tus,
522 5261 788 5319 tamquam
827 5247 1225 5301 fundamentum
1266 5246 1483 5300 dicitur.
1515 5245 1626 5300 lloc
1655 5257 1832 5301 autem
1865 5262 1968 5300 non

390 5343 654 5412 signiﬁcat
690 5348 960 5396 creaturas
1005 5355 1126 5394 esse
1164 5339 1403 5408 ejusdem
1459 5340 1727 5404 essentiie,
1774 5338 1869 5394 sed
1916 5339 1969 5394 in

391 5451 509 5506 ipso
542 5451 663 5490 esse
689 5435 867 5488 omnia
891 5475 906 5500 ,
961 5442 1016 5488 et
1047 5449 1140 5503 per
1179 5435 1372 5502 ipsum.
1409 5432 1537 5486 Nam
1570 5432 1696 5486 alibi
1725 5447 1970 5502 qquue,

389 5530 602 5597 quando
627 5527 786 5590 dicit,
818 5526 1229 5580 Fundamentum
1258 5526 1404 5595 posui
1447 5525 1532 5594 (1.
1585 5525 1704 5578 Cor.
1746 5525 1800 5579 '5.
1834 5524 1969 5595 10),

392 5636 498 5674 non
547 5617 767 5674 dicitde
793 5621 1048 5684 essentia,
1085 5617 1178 5671 sed
1229 5617 1296 5670 de
1341 5617 1670 5687 operatione.
1721 5616 1851 5670 Nam
1905 5632 1972 5669 ne

393 5710 664 5765 existimes
691 5709 860 5777 ipsum
891 5724 1012 5764 esse
1035 5708 1360 5771 ministrum,
1392 5707 1524 5762 dicit
1550 5707 1719 5778 ipsum
1750 5722 1813 5762 ea
1843 5721 1972 5761 con-

393 5802 565 5858 linere
590 5818 602 5832 ·
630 5799 769 5864 quod
796 5817 900 5857 nou
927 5810 1008 5858 est
1028 5800 1202 5856 minus
1223 5814 1381 5869 quam
1404 5798 1613 5857 fecisse.
1639 5797 1970 5868 Quamquam

1067 349 1121 405 S.
1166 345 1441 403 JO.\N-.\"lS
1475 337 1954 400 CllRYSOSTOMI
1993 337 2306 394 ARClllEP.
2349 341 2882 404 (IONSTANTINOP.

3555 327 3666 416 32c

2082 450 2134 505 iu
2165 451 2318 509 nobis
2346 464 2429 510 est
2457 459 2616 512 etiam
2649 460 2820 530 majus
2853 480 2866 516 :
2896 479 3017 518 nam
3060 465 3188 521 illttd
3215 468 3428 538 quidem
3457 486 3544 528 ars
3571 475 3658 530 ln-

2079 543 2260 610 ducit,
2309 545 2413 603 hoc
2451 565 2579 606 vero
2609 567 2976 623 nequaquam;
3023 573 3208 629 neque
3234 562 3375 617 enim
3421 566 3658 622 continet

2079 636 2222 705 quod
2247 638 2450 699 interit.
2483 641 2549 695 Et
2577 643 2686 710 ipse
2710 656 2786 698 est
2810 657 2927 701 ante
2969 664 3162 715 omnes,
3218 653 3406 724 inquit.
3441 656 3551 712 Hoc
3575 671 3658 714 est

2080 726 2190 782 Deo
2238 732 2579 788 conveniens.
2607 735 2717 790 Ubi
2755 747 2838 792 est
2884 738 3078 795 Paulus
3119 741 3539 804 Samosatenus?
3591 752 3656 807 Et

2079 823 2250 875 omnia
2285 823 2338 876 in
2364 824 2732 895 ipso-constant
2762 845 2780 884 :
2806 829 2907 886 hoc
2937 843 3042 899 eSt,
3071 834 3127 889 ln
3165 836 3334 905 ipsum
3367 851 3491 895 sunt
3515 857 3647 897 con-

2079 911 2206 967 dita.
2238 915 2465 971 Assidue
2488 918 2674 974 eadem
2704 931 2899 989 versat,
2927 926 3211 982 verborum
3233 905 3653 1002 continuatione,

2080 1013 2348 1074 tamquam
2405 1011 2610 1065 crebris
2663 1015 2978 1082 quibusdam
3022 1019 3235 1086 ictibus,
3294 1026 3654 1093 perniciosum

2078 1097 2268 1167 dogma
2295 1111 2551 1157 evertens
2573 1104 2848 1161 radicitus.
2877 1108 3008 1163 Nam
3039 1111 3082 1165 si
3111 1122 3163 1166 et
3186 1123 3291 1168 tam
3323 1116 3484 1170 multa
3512 1119 3652 1177 dicta

2077 1201 2221 1257 sunt,
2253 1201 2307 1246 et
2349 1203 2470 1262 post
2501 1204 2704 1251 tantum
2731 1205 2941 1269 tempus
2970 1213 3188 1258 exortus
3217 1215 3298 1260 est
3331 1207 3522 1262 Paulus
3551 1211 3650 1264 Sa-

2077 1293 2418 1350 mosatenus;
2467 1299 2666 1356 quanto
2701 1293 2885 1361 magis,
2917 1293 2961 1348 si
2992 1293 3105 1351 haec
3135 1312 3238 1352 non
3271 1297 3490 1355 fuissent
3518 1317 3655 1370 prae-

2075 1373 2256 1429 dicta?
2305 1375 2373 1430 Et
2427 1380 2619 1445 omnia,
2676 1381 2865 1451 inquit,
2894 1384 2948 1438 in
2988 1401 3048 1438 eo
3089 1399 3338 1444 constant.
3373 1390 3655 1458 Quomodo

2075 1477 2321 1523 constant
2353 1472 2403 1524 in
2432 1487 2497 1526 eo
2535 1474 2623 1544 qui
2655 1491 2760 1531 non
2791 1481 2908 1534 est?
2953 1483 3309 1548 Quamobrem
3335 1496 3389 1542 et
3413 1504 3530 1558 qtae
3559 1506 3650 1559 per

2074 1559 2295 1628 angelos
2321 1561 2469 1627 ﬁunt,
2497 1565 2610 1634 ejus
2631 1577 2776 1622 sunt.
2807 1570 2872 1623 Et
2900 1572 3007 1644 ipse
3030 1585 3102 1628 est
3126 1588 3280 1647 caput
3304 1582 3530 1649 corporis
3556 1583 3653 1636 Ec-

2072 1651 2258 1743 clesia'.
2300 1653 2585 1724 Postquam
2613 1659 2820 1716 dixerat
2845 1663 2912 1719 de
2937 1665 3212 1737 dignitate,
3240 1671 3493 1743 deinceps
3521 1677 3650 1731 dicit

2073 1741 2142 1797 de
2174 1743 2496 1814 benignitate
2521 1768 2532 1802 :
2558 1749 2681 1820 Ipse
2707 1763 2797 1822 est,
2828 1756 3016 1827 inquit,
3046 1773 3198 1831 caput
3217 1741 3446 1832 corporis
3471 1766 3648 1822 Eccle-

2073 1835 2347 1928 sian-Non
2379 1838 2742 1910 dixitautem,
2805 1847 3190 1920 Plenitudiuis,
3245 1856 3383 1910 idem
3435 1860 3646 1928 quidem

2072 1924 2396 2014 signiﬁcans,
2425 1932 2517 1984 sed
2543 1933 2727 1990 volens
2753 1939 3035 1997 ostendere
3060 1958 3180 1997 eum
3214 1948 3364 2001 nobis
3388 1924 3507 2004 esse
3529 1966 3648 2005 con-

2068 2014 2388 2084 junctiorent
2415 2062 2436 2087 ,.
2476 2025 2615 2092 quod
2665 2028 2753 2096 qui
2792 2038 2845 2084 et
2873 2031 2953 2085 sic
2992 2044 3072 2088 est
3116 2049 3274 2105 supra
3321 2049 3376 2093 et
3404 2044 3648 2110 superior
3703 2064 3714 2076 -

2074 2109 2343 2176 omnibus,
2378 2113 2440 2167 iis
2465 2129 2523 2170 se
2544 2118 2821 2187 eonjunxit
2845 2124 2934 2192 qui
2973 2136 3095 2180 sunt
3128 2127 3256 2181 infra
3287 2109 3485 2186 omnia.
3519 2134 3648 2189 Ubi-

2072 2215 2176 2270 que
2225 2205 2365 2257 enim
2413 2207 2615 2274 primus
2670 2220 2754 2265 est
2786 2230 2800 2265 :
2833 2230 2992 2283 supra
3039 2219 3278 2286 primus,
3318 2223 3368 2276 itt
3409 2224 3644 2281 Ecclesia

2075 2291 2310 2387 primus;
2344 2304 2425 2387 est
2467 2300 2606 2352 enitn
2645 2312 2836 2371 caput;
2891 2307 2942 2360 in
2987 2315 3380 2370 resurrectione
3421 2318 3644 2387 primus.

2070 2380 2183 2435 lloc
2205 2385 2342 2438 enim
2373 2385 2472 2442 sibi
2506 2391 2619 2445 vult
2645 2392 2795 2461 illud,
2823 2395 2892 2450 Ut
2924 2400 2987 2452 sit
3018 2401 3124 2470 ipse
3151 2405 3365 2474 primas.

2141 2475 2193 2570 5‘.
2226 2477 2580 2544 Quamobrem
2613 2485 2664 2538 in
2701 2491 3043 2556 generatione
3073 2511 3284 2566 quoque
3315 2509 3396 2554 est
3425 2502 3645 2570 primus.

2072 2566 2142 2620 EI.
2171 2567 2271 2624 hoc
2309 2579 2390 2626 est
2419 2574 2560 2643 quod
2616 2577 2809 2634 Paulus
2856 2584 3086 2639 maxime
3115 2589 3293 2643 studet
3341 2566 3646 2652 ostendere.

2071 2659 2203 2716 Nam
2246 2664 2289 2716 si
2321 2664 2422 2720 hoc
2451 2668 2606 2722 fuerit
2630 2671 2929 2739 probatum,
2960 2677 3099 2746 quod
3140 2693 3282 2736 esset
3311 2694 3436 2740 ante
3462 2702 3648 2744 omnes

2071 2754 2322 2825 angelos;
2351 2759 2483 2814 illud
2511 2777 2723 2833 quoque
2749 2765 2902 2821 simul
2925 2769 3169 2838 infertur,
3203 2791 3321 2843 qua:
3346 2789 3501 2833 erant
3535 2781 3650 2834 illu-

2073 2862 2208 2942 rum-
2231 2865 2392 2918 opera
2425 2852 2594 2922 ipsum
2637 2856 2828 2914 fecisse
2857 2863 3230 2932 imperantem.
3263 2869 3325 2923 Et
3376 2873 3518 2942 quod
3569 2886 3663 2931 est-

2071 2939 2404 3034 admirabilc,
2435 2944 2486 2998 iu
2512 2950 2790 3014 posteriori
2815 2956 3161 3022 generatione
3181 2939 3454 3017 contendit
3476 2965 3648 3034 ipsum

2075 3033 2301 3122 primum
2355 3039 2658 3095 ostendere.
2701 3044 3029 3116 Quamquam
3075 3051 3200 3105 alibi
3241 3055 3466 3122 primum
3499 3033 3653 3116 dicit

2073 3121 2264 3222 Adam,
2297 3125 2434 3180 sicut
2471 3139 2552 3184 est
2576 3147 2634 3186 re
2661 3149 2822 3200 vera;
2847 3137 2941 3193 sed
2968 3142 3175 3211 accepit
3216 3121 3508 3204 Ecclesium
3553 3169 3664 3222 pro-

2074 3215 2324 3272 universo
2374 3235 2574 3289 genere
2605 3223 2900 3282 hominum.
2947 3231 3039 3286 Est
3086 3235 3227 3289 enim
3259 3237 3512 3296 Ecclesiae
3537 3215 3650 3316 pri-

2073 3325 2225 3375 mus;
2258 3322 2312 3366 et
2362 3312 2632 3370 hominum
2664 3321 2875 3389 quidem
2904 3329 3173 3396 tamquam
3221 3332 3508 3388 creationis
3537 3312 3649 3404 pri-

2073 3419 2191 3460 mus
2216 3417 2300 3460 est
2327 3410 2615 3464 secundum
2647 3429 2862 3469 carnem
2893 3432 2907 3470 :
2939 3427 2990 3472 et
3039 3432 3323 3490 propterea
3369 3423 3456 3480 hic
3504 3430 3651 3497 ponit

2074 3500 2505 3569 primogenitum.
2553 3503 2690 3569 Quid
2740 3516 2823 3560 est
2849 3506 2937 3562 hic
2965 3511 3384 3581 primogenitus?
3409 3515 3512 3583 Qui
3539 3519 3648 3589 pri-

2073 3605 2190 3646 mus
2211 3600 2293 3646 est
2317 3605 2546 3659 creatus,
2571 3605 2662 3650 aut
2687 3600 2775 3667 qui
2807 3603 3092 3656 resurrexit
3117 3615 3238 3660 ante
3263 3623 3482 3676 omnes;
3513 3612 3653 3667 sicut

2072 3695 2128 3738 et
2171 3685 2312 3751 illic,
2363 3688 2460 3756 Qui
2501 3698 2584 3743 est
2625 3701 2752 3748 ante
2784 3709 2994 3750 omnes.
3025 3697 3091 3752 Et
3116 3698 3444 3770 hicquidem
3473 3708 3651 3774 posuit

2073 3778 2354 3847 primitias,
2388 3780 2570 3837 dicens
2598 3785 2614 3815 ί
2647 3801 2659 3837 :
2694 3785 2794 3851 Qui
2821 3796 2894 3840 est
2934 3789 3259 3860 principium,
3293 3795 3652 3866 primogenitae

2073 3887 2135 3924 ca:
2159 3874 2391 3938 mortuis,
2423 3887 2476 3928 ut
2515 3876 2580 3930 sit
2609 3877 2663 3931 in
2709 3879 2939 3932 omnibus
2968 3880 3076 3951 ipse
3119 3885 3393 3953 primatum
3440 3897 3649 3954 tenens;

2073 3966 2363 4021 ostendens
2390 3970 2528 4039 quod
2557 3970 2645 4024 aiii
2675 3987 2886 4041 quoque
2912 3983 3036 4028 sunt
3081 3976 3342 4045 ejusmodi
3373 3997 3386 4032 :
3422 3980 3527 4036 illic
3557 3997 3652 4036 au-

2074 4068 2178 4114 tem
2205 4077 2309 4114 non
2339 4071 2421 4115 est
2447 4064 2693 4131 primitia:
2722 4075 3000 4119 creaturis.
3033 4066 3101 4122 Et
3152 4069 3261 4123 illic
3298 4070 3509 4142 quidem
3535 4085 3647 4141 est,

2072 4150 2255 4224 Imago
2285 4154 2380 4209 Dei
2405 4156 2688 4223 invisibilis,
2714 4169 2768 4213 et
2794 4169 2939 4226 tunc,
2966 4160 3365 4232 Primogenitus.
3399 4167 3485 4222 19.
3519 4169 3650 4236 Quia

2073 4245 2124 4298 in
2147 4246 2256 4316 ipso
2278 4249 2583 4318 complacuit
2612 4265 2810 4304 omnem
2857 4253 3222 4322 plenitudinem
3263 4257 3508 4328 habitare,
3555 4261 3645 4317 20.

2073 4347 2119 4391 et
2147 4354 2236 4406 per
2260 4355 2372 4393 eum
2409 4341 2736 4395 reconciliare
2772 4345 2940 4396 omnia
2981 4345 3035 4398 in
3086 4347 3230 4417 ipso;
3258 4350 3536 4418 paciﬁcans
3563 4370 3652 4424 per

2073 4433 2369 4500 sanguinem
2400 4435 2562 4488 crucis
2594 4435 2724 4504 ejus,
2752 4437 2854 4489 sive
2870 4453 2983 4507 qua:
3015 4438 3068 4492 in
3103 4441 3268 4506 terris,
3311 4443 3413 4498 sive
3457 4461 3571 4516 qua:
3597 4450 3650 4501 in

2074 4525 2209 4579 cretis
2235 4536 2370 4579 sunt.
2400 4525 2779 4596 Quaecumque,
2807 4529 2994 4598 inquit,
3027 4540 3150 4585 sunt
3176 4532 3374 4600 Patris,
3407 4550 3470 4590 ea
3512 4553 3650 4607 quo-

2074 4633 2179 4686 que
2205 4626 2331 4671 sunt
2382 4616 2522 4683 Filii,
2574 4618 2731 4689 idque
2775 4621 2959 4690 majori
2989 4622 3186 4693 studio,
3217 4627 3356 4693 quod
3396 4636 3448 4682 et
3495 4627 3651 4683 fuerit

2075 4718 2353 4778 mortuus,
2410 4720 2464 4764 et
2511 4711 2664 4766 nobis
2693 4712 2927 4782 seipsum
2976 4715 3332 4785 conjunxerit.
3381 4719 3652 4775 Primitias

2076 4812 2251 4857 autem
2283 4802 2418 4856 dixit
2443 4810 2710 4873 tamquam
2740 4804 2807 4859 de
2854 4804 3024 4862 fructu
3069 4807 3268 4876 aliquo.
3319 4808 3437 4863 Non
3476 4809 3648 4876 dixit,

2076 4893 2452 4959 Resurrectio,
2508 4895 2640 4961 sed,
2697 4896 2985 4962 Primitiae;
3041 4898 3330 4954 ostendens
3377 4901 3519 4969 quod
3551 4917 3651 4957 nos

2077 5002 2262 5042 omnes
2284 4988 2645 5054 sanctilicarit,
2668 4999 2721 5044 et
2748 4998 3016 5059 tamquam
3037 4990 3350 5046 sacriﬁcium
3378 4992 3651 5051 obtulerit.

2080 5081 2466 5137 Plenitudinem
2494 5082 2562 5137 dc
2581 5081 2858 5138 divinitate
2884 5083 3037 5148 dixit,
3066 5085 3204 5138 sicut
3231 5084 3442 5140 dicebat
3485 5087 3650 5142 Joan-

2077 5171 2209 5231 nes:
2239 5175 2316 5229 De
2360 5175 2670 5248 plenitudine
2697 5178 2805 5244 ejus
2826 5193 2917 5230 nos
2941 5193 3111 5231 omnes
3140 5179 3422 5246 accepimus
3459 5177 3650 5248 (Joan.

2078 5271 2131 5325 1.
2167 5269 2293 5340 16).
2323 5268 2436 5325 Hoc
2471 5277 2572 5334 est,
2600 5269 2723 5324 Sive
2750 5269 2916 5325 Filius
2939 5279 3074 5336 erat,
3099 5272 3210 5325 sive
3243 5269 3494 5340 Verbum,
3542 5272 3652 5327 illic

2143 5431 2158 5461 ¹
2185 5429 2277 5478 llic
2299 5428 2436 5476 locus
2467 5428 2536 5474 sic
2559 5426 2768 5476 habetur
2792 5426 2839 5474 in
2858 5425 2990 5475 Coll).
3015 5426 3432 5485 909,nunc7-i.'5...
3481 5436 3652 5478 Secun-

2079 5491 2195 5542 dam
2218 5502 2412 5539 carnem
2442 5502 2458 5538 :
2480 5496 2735 5552 propterea
2757 5495 2800 5537 et
2819 5486 2924 5552 illic
2944 5494 2988 5536 et
3017 5488 3094 5552 hic
3118 5489 3263 5537 etiam
3312 5489 3652 5552 Printogcnitut

2079 5561 2267 5604 vocatus
2286 5559 2372 5601 vst.
2402 5549 2523 5610 Quid
2547 5549 2614 5599 est
2633 5558 2791 5600 autem
2815 5551 3178 5610 Primogenilus
3197 5553 3354 5598 omnis
3374 5549 3612 5601 creatura-
3632 5552 3650 5602 Ξ

2080 5619 2166 5665 hoc
2189 5622 2261 5664 est
2284 5627 2388 5674 pro,
2416 5613 2608 5662 Primus
2629 5622 2846 5675 u'eator;
2872 5613 3278 5671 quemadmodum
3300 5652 3312 5671 ,
3346 5615 3654 5675 Primogeni~

2081 5688 2158 5729 tus
2179 5689 2241 5725 ex
2267 5677 2488 5737 mortuis,
2514 5680 2582 5723 est
2603 5688 2707 5736 pro,
2726 5674 2814 5732 Qui
2831 5683 2944 5722 ante
2967 5687 3136 5721 omnes
3159 5676 3465 5737 resurrexit;
3491 5674 3536 5724 et
3557 5675 3655 5724 sies

2079 5747 2128 5790 ut
2174 5737 2274 5787 illic
2308 5737 2436 5796 ponit
2455 5735 2482 5795 ,⁷
2513 5735 2610 5794 Qui
2632 5746 2708 5787 est
2730 5743 2844 5786 ante
2867 5749 3038 5787 omnes
3059 5769 3073 5796 ,
3117 5737 3188 5787 sic
3222 5737 3364 5788 etiam
3396 5735 3475 5788 hic
3498 5738 3654 5797 posuit

2077 5800 2314 5867 primitias
2339 5799 2520 5863 dicens,
2547 5807 2640 5850 etc.
