4120 6400
382 362 487 422 519

372 481 716 552 πρωτότοκον
746 481 1022 550 λέγεσθαι,
1070 482 1316 536 ἐκτίσθαι
1343 482 1505 536 αὑτὸν
1533 483 1660 552 φὴς,
1691 480 1744 533 τί
1774 479 1954 548 εἴπῃς.

375 566 523 640 [544]
549 568 677 620 ὅταν
705 568 932 636 ἀδελφὸν
977 567 1141 621 αὐτὸν
1167 567 1435 638 ἀκούσητε
1475 567 1805 637 λεγόμενον;
1850 564 1960 616 Καὶ

372 650 481 721 γὰρ
507 651 737 719 ἀδελφὸν
767 651 935 703 αὑτὸν
975 651 1130 703 καλεῖ
1153 653 1186 720 ἡ
1215 652 1403 720 Γραφὴ
1443 650 1584 703 κοιτά
1617 649 1792 701 πάντα
1828 649 1958 715 ἡμῖν

370 734 726 804 ὁμοιωθέντα.
761 731 908 805 *Αρα
953 730 1044 787 οῦν
1095 733 1183 786 διὰ
1218 734 1376 786 τοῦτο
1425 733 1518 786 καὶ
1546 733 1607 784 10
1633 725 1770 783 εἶναι
1796 728 1957 782 αὐτὸν

370 817 700 887 δημιουργὸν
744 818 1148 888 ἀφαιρήσομεν,
1197 817 1293 869 καὶ
1339 814 1461 868 οὔτε
1503 813 1799 883 ἀξιώματι,
1833 811 1956 864 οὔτε

371 901 514 971 ἄλλῳ
528 901 636 954 τινί
661 901 908 972 προέχειν
930 900 1083 970 ήμῶν
1110 899 1413 969 ἀξιώσομεν
1437 915 1450 962 ;
1483 900 1576 950 καὶ
1593 898 1674 960 τίς
1708 896 1777 949 ἂν
1798 893 1958 948 τοῦτο

370 983 480 1036 τῶν
510 983 632 1036 νοῦν
663 985 893 1054 ἐχόντων
921 984 1098 1048 εἴποι;
1144 983 1216 1035 Τὸ
1257 982 1365 1052 γὰρ
1392 981 1792 1048 Πρωτότοκος,
1836 979 1956 1047 οὐχὶ

370 1067 528 1131 ἀξίας
564 1068 658 1120 καὶ
696 1067 879 1138 τιμῆς,
930 1066 1064 1120 ἀλλά
1099 1065 1289 1136 χρόνου
1347 1066 1504 1134 μόνον
1545 1065 1661 1115 ἐστὶ
1692 1079 1956 1133 σημαντι-

371 1151 486 1204 κόν.
529 1151 627 1203 Ἂν
671 1151 850 1203 τοίνυν
884 1150 1044 1203 πλέον
1085 1149 1245 1221 ἡμῶν
1282 1149 1434 1202 οὐδὲν
1468 1149 1588 1220 ἔχη.
1631 1147 1772 1216 τάχα
1812 1145 1956 1199 κατά

371 1233 560 1287 τοῦτον
631 1233 720 1286 10v
783 1233 942 1300 λόγον
1008 1233 1227 1286 πάντων
1269 1233 1386 1284 έστί
1441 1230 1784 1302 πρωτότοκος
1806 1270 1820 1293 ,
1864 1227 1956 1280 καί

371 1318 652 1389 ὁμοούσιος
687 1317 838 1369 ἔσται
879 1317 907 1368 0
948 1315 1082 1378 Θεὸς
1122 1316 1295 1382 Λόγος
1335 1314 1432 1367 καὶ
1474 1313 1638 1366 λίθων
1664 1313 1758 1366 καὶ
1785 1311 1956 1376 ξύλων

373 1401 600 1454 καὶτῶν
631 1399 833 1452 λοιπῶν
856 1416 867 1427 ·
913 1400 1289 1467 Πρωτότοκος
1337 1398 1443 1468 γὰρ
1465 1439 1483 1462 ,
1533 1397 1702 1466 φησι,
1751 1394 1955 1461 πάσης

373 1485 642 1549 κτίσεως.
674 1483 834 1536 Ἀλλά
882 1483 1220 1553 πρωτότοκος
1252 1482 1488 1551 εἴρηται,
1533 1479 1694 1550 φησίν
1714 1493 1727 1506 '
1759 1477 1956 1531 ούκοῦν

373 1568 639 1621 ἔκτισται.
678 1566 892 1628 Καλῶς,
934 1566 1027 1618 ὲάν
1055 1564 1215 1618 τοῦτο
1257 1559 1314 1638 ᾗ,
1353 1563 1446 1616 καὶ
1495 1562 1570 1633 μὴ
1608 1561 1812 1629 ἀδελφά
1837 1578 1957 1613 τινα

373 1651 471 1721 ἔχῃ
493 1652 584 1703 καὶ
601 1649 755 1709 ἄλλα,
793 1643 902 1701 οἷον
927 1649 1008 1711 10,
1046 1648 1426 1715 Πρωτότοκος
1443 1646 1510 1698 ἐκ
1530 1644 1776 1712 νεκρῶν,
1800 1659 1953 1710 πρω-

374 1735 614 1797 τότοκος
649 1735 719 1787 ἐν
748 1733 1001 1799 πολλοῖς
1029 1732 1335 1800 ἀδελφοῖς.
1383 1730 1476 1793 T0,
1520 1730 1864 1800 πρωτότοκος
1893 1731 1957 1780 ἐκ

373 1816 481 1871 τῶν
511 1816 740 1887 νεκρῶν,
770 1816 911 1878 τίνος
953 1815 1070 1868 ἐστὶ
1090 1815 1408 1884 δηλωτικὸν,
1446 1813 1566 1865 εἰπέ
1601 1830 1723 1882 μοι;
1756 1813 1829 1864 Ού
1850 1812 1956 1882 γάρ

370 1902 487 1964 τοῦ,
520 1901 602 1953 ὅτι
633 1899 847 1970 πρῶτος
885 1899 1103 1967 ἀνέστη,
1132 1901 1275 1968 ἐρεῖς
1296 1915 1310 1928 °
1336 1898 1395 1950 ού
1433 1897 1539 1966 γάρ
1585 1892 1738 1948 εἶπεν
1770 1895 1954 1958 ἁπλῶς

371 1982 602 2053 νεκρῶν,
639 1981 774 2034 ἀλλά
824 1982 1166 2052 πρωτότοκος
1198 1982 1262 2033 ὲκ
1291 1979 1399 2032 τῶν
1438 1978 1683 2048 νεκρῶν·
1717 1979 1838 2030 οὐδὲ
1873 1978 1958 2029 ὅτι

371 2065 610 2118 ἀπέθανε
630 2064 868 2134 πρῶτος.
911 2063 1026 2116 ἀλλ’
1057 2064 1138 2115 ὅτι
1167 2061 1510 2132 πρωτότοκος
1537 2064 1600 2112 ἐκ
1623 2060 1728 2112 τῶν
1747 2059 1957 2130 νεκρῶν

370 2148 597 2218 ἀνέστη.
635 2149 797 2200 Ὥστε
837 2148 989 2200 οὐδὲν
1037 2147 1224 2217 ἓτερον
1273 2145 1440 2216 δηλοῖ,
1543 2144 1720 2206 τοῦτο,
1753 2145 1834 2196 ὃτι
1857 2143 1957 2212 τῆς

371 2232 720 2293 ἀναστάσεως
747 2231 970 2302 ἀπαρχὴ
1011 2232 1252 2298 γέγονεν.
1300 2229 1507 2282 Οὐκοῦν
1544 2229 1665 2281 οὐδὲ
1698 2229 1952 2282 ἐνταῦθα.

373 2312 504 2368 Εἶτα
519 2315 702 2367 λοιπὸν
735 2313 982 2384 ἐμϐαίνει
1005 2315 1084 2376 είς
1100 2313 1160 2365 10
1189 2313 1365 2380 δόγμα
1417 2312 1569 2364 αὑτό.
1601 2311 1722 2364 Ἵνα
1745 2311 1855 2380 γὰρ
1881 2311 1954 2381 μὴ

373 2399 636 2462 νομίσωσι
682 2397 948 2467 νεώτερον
977 2396 1136 2449 αὑτὸν
1163 2392 1322 2460 εἶναι,
1364 2396 1451 2448 διὰ
1482 2395 1542 2448 τὸ
1567 2396 1734 2449 πάλαι
1768 2396 1866 2465 μὲν
1890 2395 1954 2447 δι’

373 2480 621 2548 ἀγγέλων
664 2479 1057 2548 προσάγεσθαι,
1113 2478 1204 2531 νῦν
1250 2480 1317 2548 δὲ,
1357 2479 1423 2531 δι’
1476 2479 1662 2540 αὐτοῦ,
1718 2479 1958 2532 δείκνυσι

375 2563 623 2634 πρῶτον,
672 2563 754 2616 ὅτι
793 2562 942 2615 οὐδὲν
983 2563 1210 2632 ἴσχυσαν
1253 2564 1484 2614 ἐκεῖνοι·
1527 2562 1588 2613 ού
1625 2562 1732 2631 γὰρ
1764 2561 1827 2613 ἀν
1850 2559 1958 2612 ἀπὸ

376 2647 600 2710 σκότους
635 2641 788 2708 οὗτος
829 2645 1003 2714 ἤγαγε
1029 2662 1041 2674 ⁸
1071 2644 1340 2715 δεύτερον.
1374 2646 1455 2698 ὃτι
1501 2645 1594 2696 καὶ
1629 2644 1736 2714 1:90
1778 2643 1957 2696 αὐτῶν

375 2732 510 2783 ἐστι.
547 2730 655 2783 Καὶ
685 2733 908 2798 σημεῖον
941 2731 1172 2780 ποιεῖται
1211 2728 1305 2780 τοῦ
1362 2728 1465 2800 πρὸ
1487 2729 1665 2781 αὐτῶν
1705 2723 1866 2788 εἶναι,
1897 2727 1961 2779 10

372 2815 440 2867 δι’
482 2815 648 2867 αὑτοῦ
674 2814 872 2876 αὐτοὺς
929 2812 1210 2865 ἐκτίσθαι·
1265 2813 1382 2864 Ὅτι
1425 2812 1494 2864 ἐν
1531 2811 1730 2877 αὐτῷ,
1768 2812 1952 2881 φησὶν,

373 2899 621 2966 ἐκτίσθη
645 2896 718 2950 τὰ
742 2896 960 2949 πάντα.

443 2981 509 3034 Τί
527 2981 774 3050 λέγουσιν
794 2979 1026 3032 ἐνταῦθα
1056 2980 1105 3031 οἱ
1134 2977 1201 3030 τά
1227 2976 1436 3030 Παύλου
1455 2977 1550 3030 τοῦ
1596 2975 1956 3046 Σαμοσατέως

376 3065 731 3135 φρονοῦντες;
777 3064 900 3117 Ὄτι
930 3063 997 3116 τά
1018 3064 1197 3116 πάντα
1244 3063 1300 3114 ὲν
1344 3061 1492 3131 αὐτῴ
1533 3061 1774 3128 γέγονεν.
1825 3061 1952 3114 Ἰδοὺ

374 3148 486 3218 γάρ
513 3148 758 3217 εἴρηται.
813 3145 940 3202 ’Ότι
983 3145 1054 3197 ἐν
1096 3143 1256 3209 αὐτῷ
1315 3145 1559 3209 ἐκτίσθη
1621 3143 1692 3197 τὰ
1736 3141 1953 3196 πάντα.

387 3231 548 3283 Ἀλλά
570 3231 640 3283 τά
662 3232 716 3282 ὲν
738 3231 847 3292 τοῖς
877 3229 1146 3296 οὐρανοῖς,
1177 3228 1274 3280 καὶ
1301 3227 1371 3279 τὰ
1397 3229 1488 3279 ἐπὶ
1515 3229 1612 3297 τῆς
1647 3227 1746 3296 γῆς
1777 3223 1950 3279 εἶπεν.

376 3315 554 3384 Ὅπερ
576 3310 1093 3382 ἀμφισϐητούμενον
1129 3306 1218 3380 ἦν,
1265 3310 1481 3378 πρῶτον
1531 3310 1793 3362 τέθεικεν.
1820 3303 1955 3361 Εἶτα

373 3398 592 3465 ἐπάγει,
625 3397 701 3449 Τὰ
726 3395 906 3462 ὁρατὰ
923 3395 1018 3447 καὶ
1042 3396 1111 3447 τὰ
1142 3395 1389 3462 ἀόρατα,
1424 3394 1631 3464 ἀόρατα
1654 3393 1751 3464 τὴν
1776 3393 1953 3464 ψυχὴν

373 3480 568 3547 λέγων,
611 3479 781 3550 ὁρατά
821 3478 1028 3540 πάντας
1066 3476 1406 3547 ἀνθρώπους.
1456 3476 1564 3528 Καὶ
1601 3477 1660 3528 10
1701 3478 1798 3546 μὲν
1823 3479 1953 3544 09.0-

373 3562 698 3632 λογούμενον
730 3561 950 3630 ἀφίησι,
997 3559 1058 3612 10
1103 3559 1159 3612 δὲ
1194 3558 1670 3629 ἀμφιϐαλλόμενον
1718 3559 1948 3629 τίθησιν.

376 3642 513 3700 Εἶτά
559 3662 756 3715 φησιν,
798 3645 936 3697 Εἴτε
979 3644 1205 3711 θρόνοι,
1262 3642 1383 3695 εἴτε
1407 3643 1771 3709 κυριότητες,
1831 3644 1952 3696 εἶτε

375 3731 574 3799 ἀρχαὶ,
607 3730 726 3783 εἴτε
753 3728 1048 3792 ἐξουσίαι.
1099 3726 1208 3792 Τὸ,
1242 3726 1400 3790 Εἴτε,
1435 3725 1531 3777 τοῦ
1570 3728 1769 3789 παντὸς
1799 3744 1951 3797 περι-

373 3814 633 3884 ληπτικόν
664 3815 800 3866 έστι.
844 3812 916 3864 Τὸ
941 3811 998 3864 δὲ
1033 3810 1258 3880 Πνεῦμα.
1290 3809 1351 3862 ού
1397 3810 1534 3879 μετά
1553 3809 1662 3861 τῶν
1692 3810 1949 3874 ἐξουσιῶν

372 3897 754 3969 ἀριθμοῦντος,
799 3895 936 3949 ἀλλά
958 3894 1066 3948 ἀπὸ
1094 3893 1202 3946 τῶν
1234 3893 1494 3963 μειζόνων
1520 3894 1614 3946 καὶ
1649 3893 1716 3945 τὰ
1745 3893 1949 3948 ἐλάττω

369 3983 675 4044 δεικνύντος
715 3981 853 4033 ἐστί.
916 3979 996 4033 Τὰ
1030 3977 1248 4040 πάντα,
1288 3975 1442 4046 φησί,
1496 3975 1571 4030 δι’
1605 3977 1814 4040 αὑτοῦ,
1848 3979 1947 4032 καὶ

369 4069 458 4133 εἰς
476 4065 661 4120 αὐτὸν
696 4063 986 4118 ἔκτισται.
1066 4061 1197 4114 Ἰδοὺ
1228 4059 1311 4124 τὸ,
1353 4060 1449 4111 Ἐν
1473 4056 1653 4122 αὐτῷ,
1681 4058 1748 4111 δι’
1783 4059 1946 4112 αὑτοῦ

371 4151 538 4202 ἐστιν.
591 4145 775 4200 Εἰπὼν
805 4146 934 4217 γὰρ,
965 4147 1061 4197 Ἐν
1089 4143 1270 4208 αὐτῷ,
1317 4143 1582 4211 ἐπήγαγε,
1625 4142 1706 4193 Δι’
1735 4141 1942 4196 αὐτοῦ.

369 4232 444 4285 T0
493 4231 570 4292 δὲ,
615 4233 720 4295 Εἰς
765 4229 972 4292 αὑτὸν,
1010 4226 1064 4278 τί
1094 4228 1241 4292 έστι;
1309 4224 1614 4289 Τουτέστιν,
1667 4225 1747 4287 εἰς
1787 4224 1947 4278 αὐτὸν

370 4315 646 4386 κρέμαται
672 4315 705 4382 ὴ
727 4312 942 4366 πάντων
968 4311 1284 4372 ὑπόστασις.
1313 4309 1386 4361 Ού
1422 4307 1582 4377 μόνον
1613 4307 1773 4370 αὐτὸς
1809 4308 1946 4362 αύτά

370 4401 436 4453 ὲκ
459 4399 553 4452 τοῦ
585 4398 660 4469 μὴ
701 4397 853 4460 ὄντος
889 4397 968 4458 εἰς
1003 4395 1066 4446 τὸ
1113 4389 1254 4446 εἷναι
1298 4393 1641 4460 παρήγαγεν,
1678 4391 1813 4444 ἀλλά
1854 4393 1946 4445 καὶ

370 4482 529 4543 αὐτὸς
563 4482 701 4532 αὐτὰ
733 4479 1029 4547 συγκρατεῖ
1057 4476 1170 4529 νῦν·
1206 4477 1346 4530 ῶστε
1392 4474 1458 4528 ἂν
1491 4473 1817 4545 ἀποσπασθῇ
1847 4475 1946 4544 τῆς

369 4563 535 4618 αὑτοῦ
563 4563 838 4634 προνοίας,
870 4561 1116 4614 ἀπόλωλε
1156 4561 1250 4614 καὶ
1281 4558 1619 4628 διέφθαρται.
1664 4557 1804 4609 Ἀλλ’
1845 4559 1946 4611 οὐκ

369 4645 512 4713 εἶπε,
537 4648 839 4717 διακρατεῖ,
874 4646 1012 4716 ὅπερ
1033 4641 1100 4715 ἦν
1133 4644 1457 4714 παχύτερον,
1495 4640 1630 4694 ἀλλά
1665 4641 1724 4694 τὸ
1753 4641 1942 4694 λεπτό-

369 4749 546 4801 τερον,
573 4732 656 4784 ὅτι
695 4731 772 4792 εἰς
815 4727 979 4780 αὑτὸν
1027 4727 1320 4798 κρέμαται.
1382 4725 1558 4778 Μόνον
1586 4724 1692 4794 γὰρ
1718 4723 1778 4778 τὸ
1810 4725 1946 4795 πρὸς

367 4815 528 4868 αὑτὸν
549 4813 742 4876 νεύειν,
771 4811 948 4865 ἰκανὸν
966 4809 1324 4880 διακρατῆσαι
1347 4809 1439 4860 καὶ
1460 4807 1766 4876 συσφίγξαι.
1789 4807 1944 4861 Ούτω

368 4897 566 4961 καὶτὸ,
600 4897 999 4963 Πρωτότοκος,
1033 4893 1109 4954 ῶς
1139 4893 1383 4962 θεμέλιος
1412 4891 1644 4958 λέγεται.
1691 4891 1860 4943 Τοῦτο
1886 4891 1943 4943 δὲ

365 4980 428 5033 ού
461 4978 609 5052 [545]
645 4977 707 5030 10
747 4976 1028 5046 όμοούσιον
1076 4973 1188 5027 τῶν
1229 4973 1564 5042 κτισμάτων,
1614 4973 1749 5026 ἀλλὰ
1778 4975 1837 5026 τὸ
1875 4974 1942 5026 δι’

367 5063 531 5116 αὐτοῦ
585 5061 761 5114 πάντα
809 5055 969 5122 εἶναι,
1019 5057 1112 5110 καὶ
1155 5058 1212 5109 ὲν
1250 5055 1398 5125 αὐτῷ
1440 5056 1610 5125 δηλοῖ.
1644 5055 1803 5110 Οὕτω
1847 5058 1942 5110 καὶ

368 5147 599 5217 ἀλλαχοῦ
627 5148 755 5200 ὅταν
788 5144 944 5216 λέγῃ.
975 5142 1259 5212 Θεμέλιον
1287 5140 1537 5204 τέθεικα,
1577 5142 1636 5193 οὐ
1683 5141 1813 5212 περὶ
1843 5140 1942 5210 τῆς

366 5230 550 5294 οὐσίας
580 5229 764 5300 φησὶν,
799 5228 934 5280 ἀλλά
965 5226 1064 5296 τῆς
1087 5225 1386 5296 ἐνεργείας.
1416 5225 1532 5276 Ἰνα
1561 5225 1666 5295 γὰρ
1696 5223 1770 5294 μὴ
1797 5224 1940 5294 νομί-

369 5330 468 5384 σῃς
498 5313 776 5384 ὑπηρέτην
808 5307 946 5365 εἶναι
978 5309 1161 5373 αὑτὸν,
1214 5308 1398 5378 φησὶν,
1437 5307 1597 5360 αὐτὸν
1635 5306 1772 5360 αύτά
1820 5307 1935 5360 δια-

365 5512 678 5573 Σαμρσατέως
699 5509 996 5573 φρονοῦντες
1039 5510 1099 5557 τὰ
1121 5510 1167 5558 ἐν
1189 5509 1286 5573 τοῖς
1306 5507 1534 5573 οὐρανοῖς,
1558 5508 1934 5573 ὅπερ-ἀμφισϐη-

364 5570 586 5633 τούμενον
605 5571 682 5631 ἦν,
705 5570 890 5634 πρῶτον
909 5576 1101 5629 τέθεικε,
1136 5572 1214 5618 καὶ
1236 5572 1295 5617 τά
1317 5572 1390 5617 ἐπὶ
1412 5577 1494 5634 τῆς
1515 5577 1615 5634 γῆς.
1641 5570 1777 5634 ιᾷὶτα,
1798 5573 1930 5630 φησί,

365 5632 526 5682 καὶτὰ
563 5636 710 5691 ὁρατὰ
735 5632 814 5680 καὶ
857 5635 1051 5695 ἀόρατα·
1100 5634 1198 5695 οἷον
1231 5633 1356 5694 ψυχὴ
1403 5633 1450 5678 ἓν
1475 5633 1683 5695 Δοὐρανῷ
1727 5632 1929 5691 γέγονεν·

367 5697 530 5754 ὁρατὰ,
556 5695 654 5742 οἱον
681 5699 724 5742 οἰ
765 5691 1018 5757 ἅνθρωποι,
1061 5697 1088 5742 ὁ
1119 5691 1366 5757 Ἠλίας,ίὸ
1395 5691 1598 5746 Παῦλος.
1625 5694 1734 5740 Εἰτε
1757 5695 1927 5757 θρόνοι,

366 5758 524 5823 φησίν,
559 5756 970 5823 εἶτε-κυριότητες.
1013 5759 1167 5814 Quam
1211 5756 1476 5804 lationem
1503 5761 1725 5804 'seculus
1769 5756 1929 5804 fuerat

367 5816 635 5867 Ucnlianus
661 5816 902 5868 l’lcxivelus
923 5816 1186 5878 interpres.

1312 366 1379 422 ΙΝ
1422 364 1639 422 EPIST.
1676 363 1768 419 AD
1806 357 2094 417 COLOSS.
2127 361 2274 416 CAP.
2311 361 2348 416 Ι.
2386 361 2620 418 HOMIL.
2663 362 2750 418 III.

3531 362 3636 420 520

2063 479 2309 545 κρατεῖν,
2341 479 2477 549 ὅπερ
2497 480 2594 548 οὐχ
2623 473 2785 550 ἦττον
2808 476 2900 531 τοῦ
2926 477 3145 549 ποιῆσαί
3175 478 3308 532 ἐστι.
3329 478 3518 532 Καίτοι
3548 481 3635 548 ἐφ’

2058 563 2214 630 ἡμῶν
2247 563 2340 615 καὶ
2382 562 2598 632 μεῖζον·
2629 565 2804 616 ἐκεῖνο
2851 563 2951 632 μὲν
2990 561 3097 635 γάρ
3127 565 3160 633 ἡ
3209 564 3370 633 τέχνη
3403 564 3636 632 εἰσάγει,

2057 644 2296 699 τοῦτοδὲ
2325 647 2507 700 οὐκέτι
2531 665 2544 678 ·
2580 647 2699 700 οὐδὲ
2734 649 2843 718 γὰρ
2879 648 3229 720 φθειρόμενον
3260 648 3496 717 κατέχει.
3525 650 3632 701 Καί

2057 730 2240 796 αὐτός
2265 731 2393 784 ἐστι
2417 731 2530 799 πρὸ
2560 731 2818 796 πάντων,
2846 731 2996 801 φησί.
3023 731 3191 786 Τοῦτο
3214 732 3334 801 Θεῷ
3375 731 3634 802 ἁρμόζον.

2059 813 2170 866 Ποῦ
2202 815 2411 878 Παῦλος
2444 815 2471 866 0
2501 816 2883 885 Σαμοσατεύς;
2940 815 3048 870 Καὶ
3074 816 3145 869 τὰ
3172 815 3368 869 πάντα
3391 817 3460 868 ἐν
3477 815 3638 880 αὐτῷ

2061 899 2424 966 συνέστηκε·
2453 901 2748 965 τουτέστιν,
2781 904 2859 964 εἰς
2886 901 3046 955 αὑτὸν
3077 901 3341 954 ἔκτισται.
3390 900 3639 971 Συνεχῶς

2059 983 2199 1036 αὐτὰ
2243 983 2483 1054 στρέφει,
2528 987 2592 1054 τῇ
2633 984 2886 1056 συνεχείᾳ
2919 984 3026 1037 τῶν
3085 986 3345 1054 ῥημάτων
3385 985 3639 1054 καθάπερ

2058 1069 2289 1129 πυκναῖς
2307 1085 2416 1119 τισι
2431 1066 2662 1137 πληγαῖς
2703 1066 2996 1140 πρόρριζον
3028 1067 3285 1121 ἀνασπῶν
3304 1067 3364 1120 τὸ
3384 1068 3557 1137 δόγμα
3577 1068 3642 1120 τὸ

2057 1147 2321 1220 ὀλέθριον.
2347 1151 2407 1203 Εἰ
2425 1151 2530 1221 γὰρ
2548 1151 2640 1204 καὶ
2652 1151 2889 1204 τοσαῦτα
2925 1151 3158 1222 εἴρηται,
3180 1151 3272 1203 καί
3291 1152 3429 1220 μετά
3446 1151 3637 1203 τοσοῦ-

2058 1250 2148 1285 τον
2167 1234 2354 1304 χρόνον
2379 1234 2546 1302 ἀνέφυ
2572 1235 2783 1296 Παῦλος
2801 1237 2826 1288 0
2853 1235 3220 1304 Σαμοσατεὺς,
3249 1235 3398 1304 πόσῳ
3417 1234 3636 1303 μᾶλλον,

2057 1318 2105 1369 εἰ
2127 1318 2201 1388 μὴ
2223 1317 2394 1370 ταῦτα
2411 1318 2703 1389 προείρητο
2719 1337 2733 1383 ;
2755 1320 2856 1372 Καὶ
2876 1320 2948 1373 τὰ
2967 1318 3181 1384 πάντα,
3201 1319 3464 1390 φησίν,ἐν
3479 1317 3640 1383 αὐτῷ

2056 1397 2417 1463 συνέστηκε.
2447 1399 2570 1462 Πῶς
2602 1399 2929 1467 συνέστηκεν
2969 1400 3026 1451 ὲν
3055 1399 3135 1468 τῷ
3163 1401 3262 1452 οὐκ
3288 1399 3400 1452 ὄντι
3425 1418 3439 1466 ;
3474 1400 3637 1453 Ὥστε

2057 1479 2152 1532 καὶ
2178 1481 2247 1533 τά
2277 1480 2346 1533 δι’
2377 1480 2622 1548 ἀγγέλων
2648 1480 2813 1534 αὐτοῦ
2845 1485 2982 1534 ἐστι.
3020 1481 3130 1534 Καὶ
3168 1483 3350 1546 αὑτός
3393 1483 3568 1536 ἐστιν
3592 1485 3632 1550 ἠ

2056 1562 2289 1632 κεφαλὴ
2312 1564 2420 1617 τοῦ
2442 1564 2714 1634 σώματος
2737 1563 2849 1632 τῆς
2875 1565 3263 1630 Ἐκκλησίας,
3295 1565 3476 1618 Εἰπὼν
3506 1583 3573 1617 πε
3583 1566 3638 1635 ρὶ

2055 1647 2153 1715 τῆς
2180 1646 2357 1712 ἀξίας,
2387 1647 2533 1714 λέγει
2563 1647 2749 1700 λοιπὸν
2779 1648 2872 1700 κα)⁸
2907 1648 3036 1716 περὶ
3068 1647 3164 1716 τῆς
3203 1647 3632 1718 φιλανθρωπίας.

2055 1731 2247 1795 Αὐτός
2292 1730 2444 1794 ἐστι,
2494 1730 2676 1800 φησὶν,
2722 1730 2756 1797 ὴ
2803 1730 3038 1799 κεφαλὴ
3075 1731 3181 1785 τοῦ
3229 1729 3502 1801 σώματος
3523 1731 3635 1801 τῆς

2070 1813 2447 1880 Ἐκκλησίας.
2481 1815 2592 1866 Ούκ
2626 1810 2768 1876 εἷπε,
2807 1814 2902 1867 τοῦ
2943 1813 3326 1885 πληρώματος,
3360 1815 3492 1868 αὐτὸ
3537 1816 3636 1885 μὲν

2058 1894 2213 1948 τοῦτο
2257 1898 2351 1950 καὶ
2395 1895 2537 1949 οὕτω
2585 1897 2777 1964 δηλῶν,
2819 1898 2987 1951 θέλων
3024 1898 3082 1950 δὲ
3141 1899 3271 1968 ἡμῖν
3309 1898 3636 1968 οἰκειότερον

2057 1977 2226 2044 δεῖξαι
2256 1979 2437 2044 αὑτὸν,
2473 1981 2556 2032 ὅτι
2580 1983 2607 2034 0
2627 1980 2802 2044 οὕτως
2825 1982 2936 2035 ἂνω
2969 1981 3060 2034 καὶ
3091 1981 3309 2035 πάντων
3339 1980 3631 2052 ἀνώτερος,

2057 2065 2170 2125 τοῖς
2191 2063 2342 2116 κάτω
2362 2062 2553 2116 ἑαυτὸν
2573 2063 2799 2132 συνῆψε.
2825 2065 3105 2134 Πανταχοῦ
3127 2065 3234 2136 γάρ
3253 2065 3367 2117 ἐστι
3393 2065 3630 2134 πρῶτος·

2058 2147 2170 2199 ἄνω
2201 2147 2436 2217 πρῶτος,
2466 2149 2524 2199 ὲν
2555 2150 2619 2218 τῇ
2665 2147 2962 2219 Ἐκκλησία
3009 2149 3226 2219 πρῶτος
3246 2165 3259 2178 ·
3291 2150 3499 2222 κεφαλὴ
3525 2151 3634 2218 γάρ

2057 2231 2237 2282 ἐστιν·
2275 2231 2334 2282 ὲν
2386 2233 2452 2300 τῇ
2499 2231 2792 2284 ἀναστάσει
2844 2233 3080 2301 πρῶτος.
3128 2233 3296 2286 Τοῦτο
3329 2234 3437 2306 γάρ
3463 2235 3632 2299 ἐστιν,

2060 2312 2193 2367 Ἵνα
2222 2312 2468 2382 γένηται
2498 2312 2679 2378 αὐτὸς
2703 2314 3034 2380 πρωτεύων.

2126 2401 2196 2462 γ’.
2234 2397 2392 2448 Ὥστε
2436 2396 2530 2448 καὶ
2567 2398 2622 2449 ἐν
2650 2396 2856 2463 γενέσει
2903 2396 3139 2464 πρῶτος.
3171 2397 3278 2450 Καὶ
3322 2395 3480 2451 τοῦτό
3510 2401 3628 2452 ἐστι

2067 2477 2304 2548 μάλιστα
2336 2479 2395 2531 10
2418 2477 2848 2548 σπουδαζόμενον
2874 2478 2950 2548 τῷ
2972 2479 3167 2550 Παύλῳ
3187 2479 3374 2546 δεῖξαι.
3401 2484 3498 2536 “Av
3518 2483 3625 2553 γάρ

2056 2561 2211 2613 τοῦτο
2236 2560 2672 2631 κατασκευασθῇ,
2702 2561 2782 2613 ὅτι
2811 2562 2919 2636 πρὸ
2948 2563 3164 2616 πάντων
3201 2559 3270 2634 ἦν
3310 2564 3419 2618 τῶν
3452 2566 3625 2635 ἀγγέ-

2056 2643 2184 2702 λων,
2223 2645 2442 2696 κάκεῖνο
2495 2645 2893 2712 συνεισάγεται,
2948 2646 3028 2698 ὅτι
3081 2645 3149 2700 τά
3198 2647 3423 2700 ἐκείνων
3471 2651 3632 2713 αὐτὸς

2057 2727 2230 2778 ἐποίει
2288 2725 2610 2780 ἐπιτάττων.
2671 2728 2779 2780 Καὶ
2821 2728 2881 2781 τὸ
2927 2727 2990 2798 δὴ
3047 2727 3392 2797 θαυμαστὸν,
3456 2732 3513 2783 έν
3563 2734 3630 2800 τῇ

2058 2809 2260 2879 ὑστέρᾳ
2299 2809 2513 2876 γενέσει
2561 2808 2933 2879 ἐφιλονείκησε
2984 2810 3200 2881 πρῶτον
3233 2811 3391 2864 αὐτὸν
3439 2812 3629 2879 δεῖξαι.

2057 2891 2247 2944 Καίτοι
2279 2909 2341 2958 γε
2388 2892 2620 2960 ἀλλαχοῦ
2651 2893 2868 2962 πρῶτόν
2921 2911 3054 2963 φησι
3083 2894 3176 2946 τὸν
3217 2893 3405 2965 Ἀδὰμ,
3443 2896 3630 2969 ῶσπερ

2055 2969 2148 3026 οὖν
2176 2974 2270 3026 καὶ
2298 2975 2444 3027 ἔστιν
2475 2992 2489 3006 ·
2524 2975 2659 3028 ἀλλά
2683 2977 2782 3045 τὴν
2826 2976 3153 3047 Ἐκκλησίαν
3175 2976 3366 3029 ἔλαϐεν
3387 2978 3506 3030 ἀντὶ
3533 2979 3628 3032 τοῦ

2057 3056 2258 3119 παντὸς
2299 3057 2397 3110 ἀνθ
2405 3056 2604 3126 ρώπων
2626 3057 2836 3126 γένους.
2858 3058 2971 3128 Τῆς
2993 3059 3101 3130 γὰρ
3135 3059 3457 3130 Ἐκκλησίας
3476 3061 3629 3132 πρῶ-

2055 3140 2144 3202 τός
2173 3143 2309 3204 ἐστι,
2343 3143 2436 3196 καὶ
2461 3141 2570 3195 τῶν
2601 3143 2698 3213 μὲν
2723 3142 3046 3213 ἀνθρώπων,
3071 3157 3096 3185 α
3117 3145 3366 3217 καθάπερ
3389 3146 3485 3216 τῆς
3512 3147 3630 3200 κτίσ

2058 3240 2215 3286 σεως,
2257 3225 2474 3294 πρῶτος
2521 3224 2665 3278 κατὰ
2705 3227 2914 3296 σάρκα·
2950 3227 3044 3280 καὶ
3076 3226 3166 3280 διὰ
3195 3227 3353 3280 τοῦτο
3395 3229 3628 3282 ἐνταῦθα

2054 3307 2144 3360 τὸν
2176 3310 2524 3378 πρωτότοκον
2567 3308 2770 3378 τίθησι.
2804 3309 2868 3361 Τί
2899 3311 3046 3364 ἐστιν
3087 3310 3322 3366 ἐνταῦθα
3353 3314 3380 3365 0
3412 3316 3627 3384 πρωτό-

2053 3406 2240 3455 τοκος;
2289 3391 2346 3440 ’0
2375 3390 2588 3461 πρῶτος
2614 3392 2877 3456 κτισθείς,
2913 3393 2945 3462 ἢ
2980 3393 3084 3463 πρὸ
3118 3394 3334 3446 πάντων
3365 3396 3624 3460 ἀναστὰς,

2052 3472 2240 3540 ῶσπερ
2269 3473 2364 3525 καὶ
2402 3475 2535 3539 ἐκεῖ,
2559 3475 2586 3526 0
2617 3474 2723 3544 πρὸ
2752 3475 2971 3528 πάντων
3000 3474 3094 3529 ῶν.
3130 3477 3239 3530 Καὶ
3267 3477 3500 3530 ἐνταῦθα
3526 3478 3626 3549 μὲν

2051 3558 2310 3628 ἀπαρχὴν
2338 3558 2580 3610 τέθεικεν
2614 3559 2782 3611 εἰπών
2806 3575 2820 3590 ο
2851 3560 2959 3626 ’ος
2979 3562 3150 3613 ἐστιν
3179 3561 3443 3629 ἀπαρχὴ,
3467 3579 3595 3630 πρω

2052 3645 2297 3706 τότοκος
2346 3641 2416 3694 ἐκ
2457 3641 2575 3694 τῶν
2609 3642 2858 3712 νεκρῶν,
2905 3644 3005 3696 ἵνα
3039 3643 3280 3710 γένηται
3321 3645 3392 3696 ἐν
3435 3645 3626 3701 πᾶσιν

2051 3725 2234 3790 αὐτὸς
2262 3724 2576 3791 πρωτεύων
2601 3739 2614 3754 ·
2640 3725 2854 3788 δεικνὺς
2882 3726 2964 3778 ὅτι
2992 3726 3085 3778 καὶ
3105 3727 3152 3778 οἱ
3177 3726 3327 3779 ἄλλοι
3351 3726 3582 3781 τοιοῦτοι
3607 3745 3623 3761 ·

2051 3809 2170 3861 ἐκεῖ
2217 3805 2273 3858 δὲ
2317 3806 2418 3858 οὐκ
2464 3807 2687 3877 ἀπαρχὴ
2733 3808 2833 3876 τῆς
2878 3807 3126 3870 κτίσεως.
3185 3809 3292 3860 Καὶ
3335 3810 3455 3863 ἐκεῖ
3496 3811 3617 3881 μὲν,

2045 3889 2238 3944 Είκὼν
2255 3889 2359 3942 τοῦ
2396 3889 2545 3942 Θεοῦ
2572 3891 2678 3943 τοῦ
2711 3889 2989 3956 ἀοράτου,
3019 3892 3112 3944 καὶ
3136 3891 3255 3944 τότε
3287 3893 3364 3958 τὸ,
3396 3895 3623 3960 Πρωτό-

2049 3989 2243 4038 τοκος.
2279 3971 2409 4024 Ὅτι
2445 3971 2516 4024 ἐν
2547 3971 2707 4036 αὐτῷ
2739 3973 3045 4041 ηὺδόκησε
3085 3973 3207 4028 πᾶν
3235 3974 3301 4026 τι)
3330 3976 3623 4044 πλήρωμα

2050 4053 2426 4122 κατοικῆσαι,
2485 4053 2584 4107 καὶ
2635 4054 2709 4108 δι’
2755 4056 2942 4109 αὑτοῦ
2997 4057 3493 4122 ἀποκαταλλάξαι
3550 4059 3622 4114 τὰ

2048 4139 2245 4191 πάντα
2278 4139 2365 4203 εἰς
2407 4137 2613 4203 αὐτὸν,
2641 4139 3102 4206 εἰρηνοποιήσας
3121 4140 3218 4194 διὰ
3247 4141 3352 4194 τοῦ
3373 4143 3620 4212 αἵματος

2046 4219 2153 4273 τοῦ
2175 4220 2443 4288 σταιιοοῦ
2472 4219 2680 4286 αὐτοῦ,
2714 4221 2832 4275 εἴτε
2869 4223 2940 4276 τὰ
2975 4222 3072 4276 ἐπὶ
3105 4222 3215 4292 τῆς
3241 4223 3375 4293 γῆς,
3399 4226 3515 4278 εἴτε
3547 4228 3621 4282 τὰ

2046 4305 2116 4358 ἐν
2152 4303 2277 4368 τοῖς
2308 4302 2608 4370 οὐρανοῖς.
2645 4305 2785 4357 Ὀσα
2830 4305 2923 4358 τοῦ
2971 4305 3200 4376 Πατρὸς,
3244 4309 3397 4378 φησί,
3447 4309 3618 4365 ταῦτα

2047 4388 2140 4440 καὶ
2173 4385 2268 4440 τοῦ
2300 4385 2453 4449 Υίοῦ,
2496 4388 2589 4438 καὶ
2639 4388 2776 4456 μετά
2813 4388 3057 4451 πλείονος
3105 4389 3362 4460 σπουδῆς,
3403 4391 3484 4444 ὃτι
3523 4395 3618 4448 καὶ

2046 4471 2238 4541 νεκρὸς
2274 4472 2488 4538 γέγονε,
2529 4469 2620 4522 καὶ
2653 4471 2863 4540 ἥνωσεν
2905 4472 3096 4524 ἑαυτὸν
3139 4473 3289 4541 ἡμῖν.
3339 4473 3618 4548 Ἀπαρχὴν

2046 4553 2102 4608 δὲ
2143 4551 2284 4619 εἶπε,
2336 4552 2590 4623 καθάπερ
2647 4554 2741 4605 ἐπὶ
2789 4554 3004 4623 καρποῦ
3057 4573 3221 4618 τινος.
3283 4556 3396 4609 Ούκ
3441 4554 3614 4623 εἶπεν,

2045 4639 2362 4701 ἀνάστασις,
2395 4634 2552 4696 ἀλλὰ,
2589 4635 2834 4707 ἀπαρχὴ,
2870 4636 3024 4708 [546]
3055 4637 3268 4701 δεικνὺς
3288 4639 3370 4691 ὅτι
3409 4640 3616 4706 πάντας

2045 4721 2194 4792 ἡμᾶς
2231 4719 2449 4789 ήγίασε,
2493 4719 2589 4770 καὶ
2633 4716 2822 4788 ὥσπερ
2871 4719 3063 4773 θυσίαν
3122 4723 3484 4793 προσήνεγκε.
3543 4726 3617 4779 Τὸ

2047 4805 2324 4874 πλήρωμα
2374 4801 2504 4872 περὶ
2560 4800 2658 4879 τῆς
2718 4801 2973 4872 θεότητος
3027 4804 3252 4874 εἴρηκε,
3312 4806 3616 4879 καθάπερό

2058 4888 2311 4956 Ἰωάννης
2358 4884 2543 4952 ἔλεγεν
2570 4900 2584 4915 ⁸
2615 4878 2628 4892 ’
2653 4884 2745 4938 Ἐκ
2814 4885 2920 4940 τοῦ
2979 4886 3372 4956 πληρώματος
3425 4878 3615 4946 αὑτοῦ

2045 4968 2217 5039 ἡμεῖς
2237 4969 2460 5034 ,πάντες
2481 4966 2793 5035 ἐλάϐομεν.
2828 4968 3138 5032 Τουτέστιν,
3167 4971 3277 5023 εἴτε
3309 4967 3378 5042 ἦν
3406 4975 3434 5026 0
3464 4973 3612 5040 Υἱὸς,

2044 5053 2156 5105 εἴτε
2189 5054 2216 5106 0
2242 5051 2434 5118 Λόγος,
2471 5053 2588 5104 ἐκεῖ
2633 5050 2848 5121 ᾤκησεν
2893 5052 3012 5120 οὐχὶ
3061 5052 3309 5122 ἐνέργειά
3356 5071 3460 5116 τις,
3497 5055 3612 5108 ἀλλ’

2043 5137 2224 5191 οὐσία.
2262 5136 2375 5187 Ούκ
2414 5135 2526 5205 ἔχει
2568 5136 2747 5188 αἰτίαν
2785 5137 2961 5187 εἰπεῖν
3011 5136 3298 5206 οὐδεμίαν,
3348 5139 3483 5192 ἀλλά
3515 5139 3612 5212 τὴν

2044 5221 2261 5290 θέλησιν
2306 5222 2401 5272 τοῦ
2436 5219 2572 5272 Θεοῦ
2600 5235 2612 5248 ·
2649 5219 2807 5272 τοῦτο
2849 5221 2958 5291 γάρ
2988 5221 3153 5284 ἐστιν,
3201 5222 3282 5274 ὅτι
3324 5222 3418 5274 Ἐν
3453 5223 3611 5290 αὐτῷ

2039 5304 2366 5375 ηὑδόκησε,
2426 5303 2525 5358 καὶ
2577 5304 2656 5357 δι’
2713 5304 2900 5359 αὐτοῦ
2979 5306 3471 5370 ἀποκαταλλάξαι
3540 5312 3611 5364 τὰ

2099 5518 2122 5546 a
2161 5506 2292 5570 U_nus
2312 5507 2421 5570 cod,
2442 5506 2513 5570 sic
2535 5504 2790 5570 sequentia
2818 5508 2982 5563 effert,
3007 5507 3216 5570 καθάπερ
3239 5507 3316 5570 καὶ
3340 5513 3424 5564 τῆς

2035 5571 2113 5640 διὰ
2134 5568 2276 5615 τοῦτο
2299 5571 2378 5642 καὶ
2399 5569 2645 5640 ὡδεικάκεῐ
2669 5570 2968 5646 πρωτότοκος
2989 5568 3265 5642 εἰρηταιξίί
3284 5570 3334 5616 δὲ
3358 5569 3457 5646 ἐστι
3480 5586 3611 5646 πρωῒ

2032 5633 2225 5684 τότοκος
2257 5631 2413 5686 πάσης
2437 5631 2662 5688 κτίσεως
2698 5629 2798 5678 ἀντὶ
2823 5629 2908 5692 τοῦ
2932 5629 3115 5692 πρῶτος
3135 5631 3344 5686 κτίστης,
3371 5629 3532 5692 ὥσπερ
3553 5633 3610 5680 τὸ

2031 5693 2331 5754 πρωτότοκος
2355 5692 2408 5738 ἐκ
2429 5693 2624 5766 νεκρῶν.
2665 5693 2766 5740 ἀντὶ
2789 5691 2874 5738 τοῦ
2902 5695 2928 5739 ὁ
2948 5691 3038 5753 πρὸ
3058 5692 3262 5766 πάντων,
3312 5691 3455 5766 ἐστὶν,
3494 5691 3611 5741 ἀνα-

2031 5752 2277 5821 σταςλρκαι
2302 5755 2464 5821 ὥσπερ
2509 5752 2605 5821 ἐκεῖ
2628 5755 2808 5812 τίθησιν
2831 5755 2858 5800 ό
2899 5752 2994 5816 πρὸ
3010 5752 3197 5800 πάντων
3229 5754 3313 5812 ῶν,
3360 5753 3487 5802 οὕτω
3527 5758 3610 5805 καί

2033 5815 2226 5863 ἐνταῦθα
2243 5815 2456 5877 ἀπαρχὴν
2479 5817 2568 5864 τέθ.
