4120 6400
422 362 519 418 321

426 476 701 538 habitavit,
745 489 849 529 non
905 475 1146 544 operatio
1195 475 1390 544 aliqua,
1438 474 1531 528 sed
1578 472 1829 528 essentia.
1882 466 1997 522 Non

423 575 595 633 potest
620 566 779 619 ullam
806 565 985 620 dicere
1009 580 1248 626 causam.
1270 567 1371 620 nisi
1401 567 1494 619 Dei
1514 565 1837 619 voluntatem
1862 579 1875 613 :
1900 560 2003 614 hoc

424 662 561 711 enim
590 669 692 719 est.
725 656 792 710 In
814 658 923 725 ipso
947 658 1276 726 complacuit,
1303 668 1352 711 et
1373 674 1461 723 per
1489 674 1599 709 eum
1630 655 1800 708 omnia
1829 668 2001 705 recon-

423 749 594 803 ciliare
621 750 673 799 in
704 749 835 817 ipso.
868 747 944 801 Ne
971 748 1246 802 existimes
1274 748 1413 817 quod
1436 747 1572 801 servi
1607 756 1783 814 partes
1820 756 2002 798 susce-

423 841 579 907 perit,
610 838 676 892 ln
726 841 912 908 seipso,
946 841 1134 908 inquit.
1168 840 1325 909 Atqui
1372 839 1497 892 alibi
1543 838 1672 891 dicit
1700 836 1839 906 quod
1893 836 2001 887 Deo

423 930 754 993 reconciliet,
788 934 924 985 sicut
949 931 1000 983 in
1030 931 1267 999 Epistola
1294 930 1358 985 ad
1403 930 1705 984 Corinthios
1735 927 1995 991 scribens,

420 1023 650 1077 dicebat.
714 1024 878 1078 Recte
928 1033 1105 1077 autem
1148 1023 1316 1088 dixit,
1379 1023 1478 1078 Per
1527 1040 1637 1077 eum
1674 1022 2001 1076 reconciliare

420 1117 438 1181 (
464 1115 516 1168 2.
546 1114 666 1170 Cor.
701 1117 824 1184 15).
854 1115 969 1169 Jam
998 1117 1139 1170 enim
1166 1126 1316 1170 erant
1345 1115 1693 1180 reconciliati,
1737 1114 1829 1169 sed
1881 1129 2001 1182 per-

423 1206 558 1259 fecte
608 1207 910 1275 Oportebat,
956 1214 1014 1260 ut
1041 1222 1145 1260 non
1190 1216 1370 1260 essent
1410 1205 1639 1273 amplius
1683 1204 1732 1259 ei
1779 1205 1996 1258 inimici.

421 1296 699 1363 Quomodo
731 1298 781 1351 id
812 1298 921 1358 fiat.
954 1296 1190 1351 declarat
1216 1305 1418 1366 postea.
1448 1295 1560 1349 Non
1595 1297 1735 1350 enim
1769 1295 1888 1348 data
1918 1302 1999 1348 est

420 1390 593 1443 solum
626 1390 1017 1455 reconciliatio,
1070 1389 1162 1443 sed
1191 1390 1350 1443 etiam
1384 1389 1572 1443 modus
1600 1388 1998 1443 reeimciliatio-

422 1480 522 1531 nis.
560 1478 849 1548 Paci/icans
891 1497 978 1546 per
1023 1480 1319 1550 sanguinem
1344 1481 1508 1532 crucis
1536 1482 1661 1549 ejus.
1695 1478 1999 1534 Inimicitias

420 1570 635 1639 quidem
687 1571 922 1626 ostendit
967 1571 1116 1635 illud,
1168 1570 1547 1635 Reconciliare;
1593 1570 1792 1625 bellum
1821 1581 1997 1625 autem

421 1662 550 1717 illud
570 1705 585 1728 ,
619 1662 928 1731 Paciﬁcans.
963 1661 1066 1716 Per
1094 1663 1390 1733 sanguinem
1411 1702 1427 1727 ,
1462 1663 1648 1731 inquit,
1698 1663 1860 1715 crucis
1890 1664 1999 1731 ejus

418 1753 471 1805 in
498 1754 628 1821 ipso,
658 1754 760 1807 sive
781 1769 893 1821 qua:
917 1755 970 1806 in
996 1754 1162 1814 terris,
1190 1755 1294 1807 sive
1318 1769 1430 1822 quae
1451 1755 1502 1805 in
1536 1754 1673 1806 caelis
1722 1764 1852 1806 sunt.
1888 1752 1997 1806 Ma-

418 1860 581 1912 gnum
612 1845 825 1914 quidem
854 1854 936 1898 cst
982 1844 1365 1907 reconciliare;
1424 1858 1518 1911 per
1570 1844 1739 1911 ipsum
1782 1854 1992 1906 autem,

420 1935 620 2003 majus;
646 1946 699 1989 et
728 1950 792 1990 eo
819 1935 990 2003 majus
1014 1946 1117 2001 est,
1141 1950 1236 2003 per
1263 1936 1572 2003 sanguinem
1620 1934 1753 2004 ejus.
1784 1932 1852 1988 Et
1893 1951 1997 1988 non

420 2027 591 2081 solum
624 2043 716 2095 per
754 2030 1088 2098 sanguinem,
1139 2028 1233 2081 sed
1265 2027 1406 2097 quod
1436 2038 1516 2081 est
1552 2041 1617 2082 eo
1646 2027 1814 2095 majus
1839 2068 1853 2091 ,
1904 2043 1999 2096 per

419 2136 654 2174 erucem.
685 2120 1044 2188 Quamobrem
1089 2121 1322 2190 quinque
1351 2128 1475 2173 sunt
1500 2120 1855 2183 admirabilia,
1890 2119 1998 2174 Dco

418 2213 797 2275 reconciliavit,
831 2228 926 2281 per
953 2212 1209 2280 seipsum,
1237 2227 1329 2280 per
1352 2222 1599 2276 mortem,
1632 2227 1726 2280 per
1755 2226 1992 2265 crucem.

420 2306 608 2376 Papae!
636 2306 906 2375 quomodo
932 2320 1114 2359 rursus
1139 2305 1391 2359 miscuit?
1418 2304 1548 2358 Nam
1575 2320 1640 2357 ne
1666 2303 1998 2359 exisnmarcs

420 2412 581 2450 unum
608 2411 749 2460 esse,
794 2411 967 2465 neque
992 2410 1206 2451 crucem
1234 2410 1353 2450 esse
1378 2396 1575 2465 aliquid
1608 2411 1701 2464 per
1739 2410 1817 2455 se.
1846 2396 1995 2462 dicit,

420 2486 526 2539 Per
553 2487 795 2555 seipsum.
821 2486 1100 2552 Quomodo
1129 2488 1275 2540 novit
1302 2488 1402 2540 hoc
1422 2502 1541 2541 esse
1559 2502 1803 2555 magnum
1821 2488 1843 2540 ?
1863 2486 1996 2540 Cum

419 2596 526 2636 non
549 2582 745 2647 verbis,
772 2583 868 2637 sed
911 2582 1092 2652 seipso
1114 2582 1239 2637 dato
1277 2598 1375 2652 pro
1420 2584 1871 2649 reconciliatione,
1921 2585 1999 2639 sic

419 2675 598 2730 omnia
646 2676 840 2731 effecit.
891 2676 1028 2744 Quid
1081 2686 1164 2732 est
1205 2687 1380 2731 autem
1408 2678 1557 2743 illud,
1585 2677 1711 2742 Qua:
1732 2678 1783 2731 in
1821 2676 1999 2732 cwlis?

419 2786 541 2824 nam
570 2785 688 2839 quae
715 2770 768 2824 in
796 2780 936 2825 terra
967 2770 1179 2840 quidem
1202 2781 1342 2832 sunt,
1382 2772 1605 2835 merito;
1630 2771 1827 2840 repleta
1853 2771 1995 2825 enim

418 2870 534 2916 erat
559 2862 867 2927 inimicitiis,
900 2871 953 2917 et
978 2861 1145 2915 divisa
1180 2871 1293 2915 erat
1322 2862 1373 2914 in
1403 2862 1594 2929 multa,
1629 2871 1681 2915 et
1709 2861 1996 2932 unusquisc

417 2971 520 3025 que
542 2965 781 3009 nostrum
823 2968 1005 3009 secum
1056 2953 1349 3007 dissidebat
1391 2962 1441 3006 et
1468 2968 1588 3006 cum
1622 2952 1801 3006 multis
1834 2968 1846 3004 :
1876 2967 1995 3021 qua:

368 3068 371 3071 ·
416 3056 595 3099 autem
624 3056 747 3099 sunt
776 3045 826 3097 in
879 3043 1027 3098 ctelis
1055 3042 1326 3112 quomodo
1357 3042 1690 3112 paeiticavit?
1730 3042 1835 3095 illic
1863 3058 1995 3113 quo-

417 3154 522 3209 que
552 3147 667 3192 erat
694 3137 893 3191 bellum
939 3145 993 3191 et
1022 3136 1235 3205 pugna?
1268 3146 1321 3189 et
1373 3134 1641 3204 quomodo
1667 3149 1880 3188 oramus
1911 3135 1994 3188 di-

417 3239 635 3291 centes,
668 3227 788 3280 Fiat
832 3227 1061 3280 voluntas
1103 3238 1191 3278 tua
1231 3226 1357 3278 sicut
1400 3228 1450 3278 in
1490 3226 1614 3279 cwlo
1667 3235 1713 3277 et
1765 3227 1817 3279 in
1863 3236 1995 3280 terra

418 3318 643 3389 (Matth.
668 3317 720 3371 6.
744 3317 850 3387 10)
874 3318 897 3370 ?
918 3316 1042 3385 quid
1070 3330 1199 3385 ergo
1227 3316 1343 3368 cst?
1371 3316 1619 3369 Abscissa
1646 3325 1757 3369 erat
1798 3324 1933 3371 terra
1964 3330 1995 3369 a

418 3412 552 3465 cznlo
580 3452 594 3473 ,
624 3410 820 3464 bellum
844 3408 1103 3479 gerebant
1129 3407 1299 3476 angeli
1327 3407 1579 3461 adversus
1607 3406 1848 3461 homines
1874 3448 1888 3473 ,
1919 3410 1995 3460 vi-

418 3507 605 3561 dentes
631 3520 784 3558 suum
814 3503 1092 3556 Dominum
1113 3504 1306 3571 probro
1326 3509 1378 3554 et
1397 3501 1711 3553 contumelia
1727 3500 1993 3554 allectum.

422 3601 555 3653 Dicit
577 3599 753 3651 omnia
773 3596 1052 3650 instaurari
1072 3596 1122 3648 in
1144 3595 1372 3657 Christo,
1393 3610 1510 3663 quae
1539 3603 1661 3647 sunt
1681 3594 1730 3647 in
1760 3594 1921 3657 cazlis,
1943 3604 1997 3649 et

416 3707 535 3761 quae
553 3698 675 3743 sunt
698 3690 747 3742 in
778 3698 916 3743 terra
939 3685 1166 3757 (Ephes.
1194 3688 1242 3739 1.
1273 3685 1401 3754 10).
1426 3684 1743 3750 Quomodo?
1772 3686 1847 3739 Ea
1878 3701 1995 3754 qua:

418 3792 543 3836 sunt
573 3783 623 3835 in
662 3780 791 3835 ca~lo
840 3778 917 3833 sic
958 3798 971 3833 :
1026 3777 1291 3831 transtulit
1334 3775 1458 3829 illuc
1488 3774 1778 3840 hominem,
1822 3776 1997 3829 inimi-

419 3892 538 3931 cum
561 3876 647 3945 qui
667 3874 790 3927 odio
809 3872 1104 3926 habebatur
1127 3870 1231 3923 illis
1258 3868 1509 3923 reddidit.
1542 3866 1657 3922 Non
1681 3867 1852 3921 solum
1876 3882 1995 3936 qua:

418 3978 541 4023 sunt
564 3969 615 4021 in
646 3977 783 4020 terra
811 3965 933 4019 fecit
964 3977 1148 4032 pacem
1179 3976 1356 4028 agere,
1382 3960 1476 4014 sed
1505 3959 1571 4013 ad
1610 3960 1753 4028 ipsos
1782 3958 1997 4013 sustulit

422 4065 625 4115 hostem
652 4069 706 4113 et
729 4058 1019 4112 inimicum.
1054 4054 1165 4108 lloc
1211 4070 1311 4123 pax
1344 4052 1625 4122 profunda.
1658 4051 1843 4121 Angeli
1871 4068 1994 4105 rura

418 4170 509 4208 sus
533 4160 821 4207 cernuntur
848 4150 898 4203 in
933 4159 1092 4212 terra,
1118 4147 1366 4216 quoniam
1407 4144 1568 4199 homo
1591 4159 1806 4214 quoque
1826 4159 1993 4213 appa-

418 4245 525 4299 ruit
551 4244 601 4295 in
632 4241 783 4295 caelo.
812 4239 938 4294 Mihi
964 4247 1142 4293 autem
1169 4236 1377 4289 videtur
1421 4250 1484 4289 ea
1529 4234 1599 4291 de
1625 4249 1784 4290 causa
1832 4234 1995 4288 fuisse

422 4345 600 4401 raptus
640 4332 856 4395 Paulus,
886 4340 941 4383 et
993 4338 1049 4383 ut
1078 4326 1390 4382 ostenderet
1420 4325 1561 4396 quod
1592 4324 1759 4380 Filius
1782 4340 1994 4396 quoque

420 4429 541 4481 illuc
572 4428 641 4480 sit
668 4434 991 4493 assumptus.
1024 4421 1153 4475 Nam
1183 4422 1237 4474 in
1267 4430 1408 4474 terra
1436 4434 1537 4488 pax
1578 4429 1662 4473 est
1691 4418 1912 4487 duplex,
1944 4430 1995 4473 et

417 4536 537 4573 cum
566 4517 887 4578 cmlestibus,
918 4524 972 4570 et
994 4515 1130 4570 inter
1153 4529 1249 4578 se;
1281 4513 1332 4567 in
1364 4512 1510 4567 caelis
1538 4521 1713 4566 autem
1743 4511 1990 4581 simplex.

419 4612 556 4664 Nam
580 4611 623 4663 si
656 4618 873 4677 propter
896 4622 1057 4661 unum
1080 4613 1417 4675 peccatorem
1440 4604 1807 4673 pmnitentiam
1834 4619 1994 4673 agen-

420 4712 525 4754 tem
549 4701 794 4753 laetantur
810 4696 1003 4766 angeli,
1024 4696 1191 4749 multo
1219 4696 1386 4764 magis
1404 4704 1619 4764 propter
1641 4704 1746 4747 tam
1774 4697 1990 4748 multos.

418 4792 543 4847 Hice
567 4791 742 4845 omnia
774 4787 947 4842 effecit
976 4786 1067 4840 Dei
1098 4786 1284 4839 virtus.
1315 4787 1419 4839 Cur
1447 4801 1595 4855 ergo,
1623 4785 1809 4855 inquit,
1835 4800 1993 4855 ange-

418 4884 484 4937 hs
511 4877 812 4935 conliditis?
831 4877 1056 4931 Tantum
1079 4876 1219 4930 enim
1242 4875 1414 4940 abest,
1439 4885 1496 4929 ut
1523 4876 1595 4929 illi
1617 4890 1709 4930 vos
1728 4875 1995 4930 adducant

416 4984 472 5027 et
500 4985 772 5025 accessum
805 4969 1094 5036 praebeant,
1130 4978 1185 5021 ut
1210 4968 1371 5021 etiam
1395 4968 1596 5022 bellum
1622 4968 1906 5038 gesserint,
1940 4978 1994 5023 et

418 5064 518 5115 nisi
572 5075 667 5113 vos
717 5060 854 5113 Dens
901 5060 1013 5127 ipse
1061 5058 1164 5113 illis
1213 5058 1628 5123 reconciliasset,
1667 5074 1849 5128 pacem
1887 5075 1991 5115 non

418 5152 645 5205 habituri
663 5151 843 5205 cratis.
867 5149 1002 5217 Quid
1029 5164 1156 5219 ergo
1182 5152 1246 5203 ad
1274 5150 1395 5204 illos
1415 5151 1731 5205 accurritis?
1752 5151 1840 5205 Vis
1856 5153 1992 5207 scire

415 5254 671 5303 quantum
698 5241 1005 5312 angelorum
1032 5250 1175 5296 esset
1200 5242 1251 5295 in
1279 5256 1377 5295 nos
1415 5241 1613 5304 odium,
1644 5253 1697 5297 et
1724 5243 1990 5311 quomodo

416 5350 513 5388 nos
554 5348 767 5402 semper
804 5332 1222 5387 aversabantur?
1246 5331 1523 5386 Mittuntur
1564 5332 1630 5386 ad
1672 5333 1988 5402 supplicium

415 5425 669 5479 adversus
692 5423 981 5489 lsraelitas,
1013 5423 1268 5477 adversus
1302 5422 1484 5487 David,
1533 5424 1788 5479 adversus
1818 5424 1991 5479 Sodo-

416 5520 590 5577 mitas,
626 5518 676 5570 in
708 5517 847 5571 valle
878 5517 1069 5571 luctus.
1100 5516 1205 5571 Sed
1252 5532 1356 5570 non
1405 5532 1576 5582 nunc;
1626 5519 1732 5572 imo
1759 5530 1943 5573 contra
1969 5562 1985 5585 ,

416 5614 466 5662 in
500 5622 639 5663 terra
668 5609 933 5663 canebant
956 5608 1111 5662 valde
1152 5610 1427 5676 laetantes;
1463 5619 1517 5663 et
1547 5610 1644 5664 hos
1673 5609 1892 5665 deduxit
1920 5610 1987 5666 ad

414 5702 581 5771 ipms,
613 5712 665 5756 et
693 5702 939 5758 homines
969 5703 1092 5756 illuc
1119 5704 1349 5757 sustulit.

480 5794 535 5847 4.
580 5791 643 5847 In
690 5794 903 5847 decursu
948 5796 1097 5858 huius
1138 5797 1333 5849 numeri
1360 5796 1544 5850 mentio
1568 5796 1656 5863 ﬁet
1694 5798 1754 5851 de
1782 5798 1984 5866 Angelis

1342 361 1407 415 ΙΝ
1445 359 1657 415 EPIST.
1701 356 1791 411 AD
1829 348 2095 409 COLOSS.
2146 350 2295 407 CAP.
2345 355 2381 409 Ι.
2416 356 2646 413 "Olim.
2713 358 2802 413 ΙΙΙ.

3585 366 3687 420 52?.

2112 469 2439 533 custodibus;
2466 488 2569 539 pax
2589 483 2634 525 et
2658 474 2929 525 concordia
2955 476 3438 530 commendabnntur
3455 519 3469 541 ,
3513 488 3692 533 ream-

2110 567 2324 625 guentur
2351 560 2461 613 lites
2486 570 2533 614 et
2560 562 2790 617 dissidia.
2829 595 2899 604 —
2926 563 2992 619 Et
3020 565 3146 618 mihi
3177 569 3540 637 contemplare
3571 586 3685 625 rem

2111 650 2429 705 mirandam.
2483 653 2593 707 Hos
2625 656 2825 724 primos
2853 658 2955 710 huc
2981 657 3232 724 deduxit;
3266 669 3319 714 et
3355 671 3482 715 tunc
3507 662 3682 717 honri-

2110 757 2232 796 nem
2263 743 2331 797 ad
2353 760 2447 799 eos
2476 749 2731 805 sustulit:
2762 750 2949 803 cmlum
2981 750 3113 804 facta
3137 762 3219 806 est
3252 761 3413 817 terra,
3436 758 3686 823 quoniam

2108 848 2226 899 quae
2247 844 2401 889 erant
2424 844 2601 902 terra},
2633 840 2819 893 caelum
2852 852 2966 895 erat
2991 852 3382 911 suscepturum.
3402 845 3687 915 Propterea

2106 924 2305 991 gratias
2331 937 2549 995 agentes
2574 931 2800 985 dicimus
2826 954 2841 985 .-
2882 930 3057 985 Gloria
3083 934 3134 985 in
3161 936 3371 988 excelsis
3401 935 3528 999 Deo,
3562 948 3608 990 et
3633 940 3686 991 in

2111 1024 2241 1066 terra
2260 1033 2382 1085 pax,
2413 1018 2693 1074 hominibus
2715 1020 2845 1073 bona
2874 1022 3257 1094 t'oluntas(Luc.
3287 1025 3341 1078 2.
3373 1026 3485 1095 14).
3520 1027 3679 1091 Ecce,

2109 1106 2314 1175 inquit,
2365 1123 2729 1179 apparuerunt
2756 1114 2915 1167 etiam
2956 1115 3199 1169 homines
3222 1117 3289 1170 de
3319 1128 3515 1172 caetero
3546 1119 3684 1176 bene

2109 1198 2402 1267 placentes.
2459 1202 2593 1269 Quid
2631 1213 2715 1259 est
2740 1206 2875 1259 bene
2913 1207 3207 1274 placitum?
3249 1209 3677 1266 Rcconciliatio:

2107 1305 2211 1343 non
2244 1300 2324 1344 est
2346 1294 2570 1361 amplius
2591 1296 2777 1349 carlum
2800 1299 2975 1366 paries
3003 1300 3367 1354 intermedius.
3392 1302 3570 1357 Primo
3592 1318 3683 1357 sc-

2106 1379 2335 1433 cnndnm
2366 1398 2646 1437 numermn
2675 1388 2908 1454 gentium
2938 1399 3095 1443 erant
3137 1392 3313 1459 angeli
3363 1392 3539 1461 (Deut.
3589 1394 3681 1450 32.

2106 1472 2156 1526 8.
2184 1474 2236 1526 in
2264 1472 2463 1544 Crceco)
2490 1491 2503 1540 ;
2564 1493 2703 1532 nunc
2728 1488 2902 1533 autem
2936 1496 3040 1534 non
3076 1484 3365 1537 secundum
3398 1501 3679 1541 numerum

2104 1564 2365 1631 gentium,
2392 1566 2484 1619 sed
2504 1569 2795 1623 secundum
2820 1587 3097 1626 numerum
3118 1573 3375 1631 ﬁdelium.
3402 1576 3556 1633 Unde
3578 1579 3680 1635 hoc

2105 1667 2316 1713 constat
2356 1659 2379 1711 ?
2406 1660 2542 1714 Audi
2572 1661 2841 1717 Christum
2873 1664 3137 1719 dicentem
3173 1686 3184 1721 :
3235 1668 3405 1722 Videte
3433 1687 3494 1724 ne
3516 1674 3685 1740 despi—

2103 1749 2247 1803 ciatis
2276 1767 2429 1803 unum
2454 1768 2516 1805 ea:
2553 1753 2661 1806 istis
2690 1755 2911 1823 pusillis.
2938 1758 3117 1826 Angeli
3144 1759 3275 1811 enim
3301 1778 3474 1814 eorum
3507 1780 3683 1832 perpe-

2107 1848 2192 1892 tuo
2214 1841 2378 1893 rident
2409 1843 2586 1911 facient
2610 1842 2782 1896 Patris
2803 1846 2898 1897 mei
2918 1847 3005 1913 qui
3032 1848 3167 1901 estin
3194 1850 3330 1904 (telis
3352 1850 3561 1918 (Matth.
3591 1854 3681 1908 18.

2107 1932 2221 1999 10).
2254 1933 2627 2003 Unusquisque
2672 1938 2814 1990 enim
2845 1937 3015 1993 fidelis
3049 1940 3205 1995 habet
3236 1944 3481 2013 angelum
3514 1963 3526 1999 :
3557 1962 3679 2001 nam

2104 2024 2259 2078 etiam
2274 2026 2341 2079 ab
2355 2026 2501 2080 initio
2513 2031 2869 2099 unusquisque
2880 2030 2957 2085 vir
2969 2032 3162 2101 probus
3178 2033 3681 2106 babebatangelum,

2110 2115 2250 2169 sicut
2279 2118 2405 2170 dicit
2428 2118 2616 2175 Jacob:
2645 2122 2865 2190 Angelus
2885 2125 2970 2193 qui
2992 2127 3151 2193 pascit
3178 2143 3255 2180 me
3270 2137 3313 2180 et
3332 2128 3510 2182 liberat
3538 2147 3616 2182 me
3646 2148 3679 2183 a

2095 2208 2358 2277 juventute
2372 2228 2480 2265 mea
2503 2212 2655 2280 (Cen.
2675 2216 2894 2284 48.16).
2915 2217 2969 2270 Si
2996 2233 3125 2288 ergo
3155 2219 3409 2276 habemus
3431 2225 3673 2294 angelos,

2103 2300 2345 2355 modeste
2373 2318 2471 2357 nos
2499 2320 2747 2374 geramus
2778 2317 3044 2378 tamquam
3078 2310 3233 2365 nobis
3261 2313 3440 2369 adsint
3464 2316 3677 2385 quidam

2104 2394 2409 2465 paedagogi:
2443 2412 2562 2450 nam
2604 2398 2756 2452 adest
2781 2401 2940 2455 etiam
2968 2402 3198 2457 daemon.
3225 2406 3516 2475 Propterea
3547 2425 3676 2463 ora-

2103 2501 2243 2549 mus,
2271 2495 2325 2541 et
2380 2487 2607 2542 dicimus
2636 2500 2876 2556 petentes
2914 2495 3160 2562 angelum
3206 2498 3372 2563 pacis,
3404 2509 3458 2552 et
3485 2498 3681 2569 ubique

2103 2593 2288 2647 pacem
2318 2580 2569 2649 petimus.
2622 2583 2759 2636 Nihil
2787 2586 2928 2639 enim
2960 2597 3135 2655 potest
3162 2589 3209 2643 ei
3231 2590 3544 2660 mquiparari
3578 2610 3591 2646 :
3625 2594 3676 2647 in

2105 2670 2359 2726 Ecclesiis
2389 2688 2595 2740 pacem,
2628 2674 2681 2727 in
2713 2675 3215 2745 supplicationibus,
3248 2679 3301 2734 in
3332 2682 3675 2737 salutationi-

2102 2759 2235 2827 bus;
2282 2774 2335 2816 et
2378 2764 2541 2817 semel
2576 2772 2631 2819 et
2656 2764 2737 2820 bis
2771 2775 2825 2820 et
2856 2776 2968 2834 ter,
3000 2777 3054 2822 et
3081 2784 3225 2839 saepe
3250 2786 3367 2825 eam
3395 2772 3489 2826 dat
3513 2772 3558 2828 is
3586 2791 3675 2844 qui

2102 2862 2297 2921 praeest
2318 2852 2592 2919 Ecclesia»,
2616 2855 2801 2911 dicens
2825 2873 2839 2909 :
2871 2856 2989 2912 Pax
3003 2861 3155 2914 vobis.
3181 2862 3393 2927 Quare?
3413 2863 3675 2933 Quoniam

2103 2946 2215 3014 ipsa
2243 2954 2325 3000 est
2347 2956 2516 3001 mater
2540 2948 2777 3002 omnium
2807 2950 3093 3015 bonorum,
3126 2953 3236 3022 ipsa
3257 2963 3339 3009 est
3362 2956 3539 3025 gaudii
3564 2974 3678 3011 ma-

2104 3038 2233 3091 teria
2277 3046 2332 3092 et
2377 3050 2772 3109 argumentum.
2826 3041 3114 3111 Propterea
3172 3044 3418 3101 Christus
3459 3064 3673 3120 quoque

2101 3128 2377 3197 apostolos
2398 3129 2588 3183 domos
2618 3130 2978 3200 ingredientes
3008 3134 3106 3188 hoc
3123 3134 3281 3204 jussit
3306 3139 3483 3193 statim
3502 3140 3679 3198 dicere

2102 3230 2369 3290 tamquam
2420 3221 2631 3290 aliquod
2684 3222 2942 3278 bonorum
2996 3228 3296 3297 symbolum
3344 3249 3356 3284 :
3417 3232 3678 3288 latrantes

2101 3311 2264 3377 enim,
2287 3311 2475 3381 inquit,
2501 3312 2695 3379 domos,
2713 3313 2862 3369 dicite
2882 3332 2901 3369 :
2922 3315 3036 3370 Pax
3060 3319 3195 3371 vobis
3218 3320 3428 3389 (Matth.
3448 3324 3532 3378 10.
3563 3326 3675 3395 12).

2099 3400 2229 3453 Nam
2250 3402 2294 3454 si
2322 3417 2383 3455 ea
2403 3416 2504 3454 non
2529 3403 2617 3466 sit,
2636 3405 2810 3456 omnia
2829 3414 2953 3458 sunt
2973 3423 3387 3477 supervacanea.
3410 3413 3476 3467 Et
3491 3431 3677 3471 rursus

2100 3492 2310 3547 diccbat
2330 3494 2634 3563 discipulis:
2671 3494 2855 3549 Pacem
2885 3499 3109 3567 relinquo
3132 3503 3285 3568 vobis,
3316 3522 3489 3574 pacem
3512 3525 3675 3562 meant

2102 3586 2167 3638 (ιο
2197 3586 2332 3639 vobis
2351 3586 2530 3655 (Joan.
2551 3588 2637 3642 M.
2663 3589 2899 3659 ‘27).lpsa
2927 3592 3064 3645 viam
3096 3596 3267 3648 munit
3288 3595 3354 3649 ad
3377 3599 3674 3655 caritatem.

2101 3674 2170 3728 Et
2199 3690 2301 3729 non
2330 3676 2459 3730 dicit
2482 3677 2570 3745 qui
2602 3687 2796 3747 prmest
2826 3679 3102 3745 Ecclesiae,
3138 3683 3244 3737 Pax
3276 3685 3445 3751 vobis,
3472 3691 3677 3745 solum-

2100 3765 2259 3819 modo
2280 3807 2295 3831 ,
2328 3766 2421 3820 sed
2448 3809 2461 3832 ,
2508 3767 2626 3821 Pax
2674 3770 2921 3824 omnibus.
2952 3771 3085 3838 Quid
3138 3775 3302 3841 enim,
3355 3779 3399 3832 si
3428 3796 3546 3835 cum
3576 3782 3679 3838 hoc

2102 3844 2313 3925 quidem
2344 3874 2525 3927 pacem
2551 3859 2871 3926 habeamus,
2902 3878 3020 3917 cum
3050 3864 3142 3919 illo
3171 3877 3348 3921 autem
3380 3872 3580 3927 bellum
3618 3886 3674 3931 et

2102 3963 2354 4018 pugnam,
2400 3950 2526 4019 quid
2572 3951 2705 4005 lucri
2735 3952 3071 4008 referemus?
3106 3955 3287 4027 Neque
3309 3962 3449 4014 enim
3475 3963 3524 4017 in
3553 3980 3672 4020 cor-

2102 4056 2265 4109 pore,
2320 4042 2361 4095 si
2392 4058 2457 4095 ex
2486 4042 2767 4097 elementis
2810 4045 2910 4099 alia
2952 4048 3167 4116 quidem
3199 4049 3516 4123 quiescant,
3570 4060 3672 4114 alia

2100 4149 2230 4188 vero
2256 4135 2573 4189 seditionem
2598 4138 2824 4207 agitent,
2846 4140 2955 4193 fieri
2986 4151 3160 4209 potest
3189 4156 3243 4199 ut
3275 4162 3522 4218 umquam
3552 4168 3680 4207 con-

2098 4228 2250 4279 sistat
2301 4227 2533 4292 sanitas,
2590 4229 2682 4283 sed
2729 4244 2825 4300 per
2853 4232 3050 4286 bonum
3082 4238 3318 4291 omnium
3350 4241 3591 4295 ordinem
3624 4255 3680 4299 et

2099 4333 2419 4373 consensum
2453 4330 2504 4374 et
2530 4336 2715 4391 pacem
2742 4340 2754 4376 :
2801 4332 2855 4376 et
2884 4326 2925 4377 si
2958 4340 3061 4379 non
3090 4330 3265 4381 omnia
3297 4331 3591 4400 quiescant,
3623 4348 3679 4391 et

2098 4416 2151 4463 in
2183 4416 2293 4464 suis
2323 4416 2552 4479 propriis
2582 4424 2834 4466 maneant
2862 4416 3124 4478 terminis.
3150 4421 3326 4473 omnia
3345 4434 3673 4481 evertentur.

2100 4501 2154 4555 In
2186 4512 2363 4555 nostra
2386 4517 2597 4572 quoque
2629 4514 2806 4558 mente
2836 4506 2933 4558 nisi
2959 4522 3145 4561 omnes
3170 4512 3450 4578 quiescant
3477 4517 3677 4585 cogita-

2100 4596 2293 4659 tiones,
2322 4608 2422 4661 pax
2451 4608 2555 4647 non
2603 4595 2722 4647 erit.
2758 4594 2985 4649 Tantum
3016 4598 3213 4653 bonum
3237 4612 3319 4657 est
3348 4619 3469 4673 pax,
3504 4618 3559 4661 ut
3581 4610 3675 4664 lilii

2100 4687 2193 4741 Dei
2218 4697 2473 4741 vocentur
2501 4688 2617 4756 ejus
2639 4688 2919 4744 elTecmres
2961 4699 3010 4745 et
3052 4694 3425 4753 conciliaturas
3453 4700 3669 4769 (Matth.

2098 4780 2150 4835 5.
2182 4779 2276 4845 45)
2308 4796 2320 4830 :
2351 4787 2403 4833 et
2428 4782 2637 4832 merito.
2668 4779 2797 4833 Nam
2835 4780 2922 4834 Dei
2953 4781 3117 4837 Filius
3145 4784 3264 4839 ideo
3284 4803 3498 4859 quoque
3526 4794 3671 4850 venit

2099 4870 2150 4923 in
2172 4878 2365 4925 terram
2385 4869 2752 4938 pacificatnrus
2774 4887 2890 4929 quae
2921 4873 2971 4924 in
3003 4883 3166 4939 terra,
3200 4887 3253 4929 et
3283 4894 3400 4947 qua:
3430 4880 3483 4935 in
3503 4885 3666 4937 caelis.

2098 4960 2155 5015 Si
2179 4972 2353 5014 autem
2384 4960 2586 5039 pacifici
2618 4971 2742 5014 sunt
2774 4961 2867 5015 lilii
2900 4963 3021 5027 Dei,
3079 4966 3167 5034 qui
3193 4983 3279 5021 res
3304 4985 3467 5025 novas
3495 4976 3669 5028 moliri

2098 5052 2312 5106 student
2342 5061 2465 5105 sunt
2492 5052 2585 5105 lilii
2612 5052 2831 5106 diaboli.
2858 5053 2994 5121 Quid
3024 5055 3197 5111 dicis?
3239 5057 3360 5114 lites
3386 5073 3439 5117 et
3467 5078 3668 5134 pugnas

2096 5144 2375 5199 immittis?
2407 5143 2472 5197 Et
2497 5144 2615 5214 quis
2642 5154 2759 5209 est,
2814 5145 3020 5216 inquies
3043 5189 3056 5211 ,
3087 5149 3221 5204 adeo
3258 5151 3480 5207 infelix?
3526 5156 3662 5211 Sunt

2095 5239 2237 5293 enim
2268 5237 2417 5291 multi
2457 5237 2697 5292 laetantes
2727 5238 2913 5302 malis,
2956 5250 3010 5295 et
3048 5240 3242 5296 Christi
3276 5260 3471 5313 corpus
3498 5251 3666 5318 magis

2098 5330 2489 5399 discerpentes,
2518 5344 2675 5398 quam
2705 5331 2900 5385 milites
2929 5332 2978 5385 id
3006 5332 3187 5388 lancea
3218 5334 3578 5403 dissecabant,
3611 5353 3665 5393 et

2093 5423 2261 5478 Judtei
2303 5422 2467 5476 clavis
2509 5423 2892 5477 dissolvebant.
2949 5424 3078 5478 Illud
3114 5425 3214 5480 hoc
3236 5428 3411 5481 minus
3438 5440 3521 5484 est
3548 5447 3665 5485 ma-

2095 5516 2241 5570 lum:
2291 5515 2379 5569 illa
2424 5515 2661 5569 membra
2692 5515 2919 5570 dissecta
2960 5532 3147 5571 rursus
3173 5519 3519 5588 coaluerunt;
3550 5523 3667 5580 huic

2094 5620 2269 5663 autem
2299 5608 2503 5670 avulsa,
2537 5608 2636 5660 nisi
2668 5606 2756 5661 hic
2787 5624 2971 5661 rursus
3001 5609 3195 5663 fuerint
3223 5612 3528 5679 conjuncta,
3559 5631 3665 5670 non

2095 5702 2483 5770 conjungentur
2512 5700 2770 5769 amplius,
2824 5700 2918 5756 sed
2962 5713 3174 5755 manent
3215 5717 3365 5758 extra
3415 5706 3666 5763 Ecclesiae

2099 5795 2500 5865 plenitudinem.
2544 5794 2766 5860 Quando
2814 5795 2960 5849 voles
3002 5810 3121 5851 cum
3152 5796 3316 5854 fratre
3344 5798 3540 5855 bellum
3567 5816 3662 5870 ge-
