4120 6400
434 422 538 477 525

444 550 585 596 rere,
615 527 785 599 cogita
813 534 862 579 te
892 521 1091 577 bellum
1128 528 1317 587 gerere
1341 524 1462 565 cum
1498 501 1753 559 membris
1781 493 2012 553 Christi,

439 641 492 686 et
526 625 710 683 desine
740 619 936 673 furere.
966 611 1103 679 Quid
1132 608 1297 668 enim,
1326 604 1368 658 si
1394 603 1436 654 is
1467 606 1549 653 est
1569 594 1830 662 abjectus,
1861 586 1905 639 si
1932 586 2013 638 vi-

440 722 526 782 lis,
559 717 601 768 si
629 704 1076 765 contemnendus?
1109 699 1226 753 Non
1252 705 1341 758 est,
1377 691 1566 761 inquit,
1592 687 1823 739 voluntas
1848 691 2019 731 coram

445 813 600 864 Patre
630 823 736 859 meo
760 846 775 869 ,
808 812 860 854 ut
894 808 1062 870 pereat
1103 810 1233 847 unus
1258 807 1319 844 ea:
1350 789 1425 841 Itis
1456 783 1656 855 pusillis
1681 775 1895 845 (Matth.
1932 772 2018 825 l8.

447 906 532 969 ιιι)
558 919 573 966 ;
606 910 657 953 et
695 867 918 959 rursus,
976 888 1153 960 Angeli
1181 899 1351 938 eorum
1380 889 1621 950 perpetuo
1649 871 1815 925 vident
1845 867 2022 938 faciem

452 966 623 1049 Patris
650 991 775 1054 mei,
808 988 892 1056 qui
930 986 983 1038 in
1009 981 1144 1036 cwlis
1171 988 1242 1032 est
1266 975 1373 1044 (lb.
1407 991 1453 1026 v.
1481 969 1591 1037 10).
1642 966 1781 1019 Deus
1808 970 2023 1032 propter

449 1090 620 1156 ipsum
653 1092 707 1137 et
744 1094 933 1136 servus
960 1077 1131 1131 factus
1156 1114 1169 1136 ,
1226 1079 1280 1124 et
1316 1066 1524 1119 occisus
1569 1068 1688 1114 est:
1752 1065 1805 1109 tu
1843 1065 2022 1106 autem

448 1195 569 1235 eum
614 1174 746 1231 nihil
776 1186 895 1228 esse
927 1167 1201 1223 existimas
1218 1164 1239 1215 ’ἒ
1274 1161 1413 1229 Ergo
1442 1157 1492 1209 in
1522 1154 1623 1206 hoc
1656 1161 1867 1220 quoque
1900 1156 2024 1195 eum

448 1274 559 1327 Deo
589 1281 808 1338 pugnas,
840 1261 1160 1318 contrariam
1189 1256 1237 1309 ei
1277 1250 1452 1307 ferens
1496 1243 1840 1301 sententiam.
1887 1237 2022 1292 Cum

450 1371 720 1437 ingressus
750 1360 910 1414 fuerit
939 1356 981 1409 is
1013 1354 1101 1423 qui
1128 1356 1321 1420 praeest
1350 1341 1621 1404 Ecclesiae,
1654 1336 1831 1391 statim
1860 1328 2024 1391 dicit,

451 1460 569 1513 Pax
594 1454 822 1511 omnibus
843 1467 861 1515 ;
919 1444 1130 1518 quando
1156 1452 1464 1496 sermonem
1491 1432 1616 1487 facit
1643 1445 1705 1483 ac
1732 1425 2026 1481 conciona-

452 1560 554 1612 tur,
594 1547 707 1600 Pas:
732 1541 998 1603 omnibus;
1027 1534 1237 1607 quando
1280 1526 1565 1589 benedicit,
1615 1521 1733 1575 Pas:
1756 1515 2025 1576 omnibus;

451 1642 664 1711 quando
701 1638 848 1706 jubet
887 1633 1138 1691 salutare,
1189 1625 1303 1678 Pax
1350 1618 1577 1676 omnibus
1603 1632 1620 1680 ,'
1650 1610 1862 1684 quando
1903 1622 2029 1677 per-

454 1746 628 1791 actmn
662 1730 819 1785 fuerit
846 1724 1162 1780 sacrificium
1186 1761 1199 1783 ,
1234 1716 1350 1770 Pas:
1375 1712 1603 1768 onmibus
1626 1723 1645 1772 ;
1674 1714 1729 1761 et
1765 1715 1950 1758 rursus
1976 1700 2027 1753 in

453 1827 645 1889 medio,
682 1822 857 1875 Gratia
880 1817 1014 1871 vobis
1045 1823 1089 1868 et
1121 1827 1241 1883 pax.
1264 1803 1541 1874 Quomodo
1558 1814 1685 1869 ergo
1710 1810 1816 1851 non
1843 1793 2031 1847 absur-

452 1920 601 1981 dum,
635 1917 677 1970 si
699 1913 856 1969 toties
886 1909 1163 1964 audientes
1192 1916 1288 1956 nos
1309 1900 1505 1953 habere
1532 1907 1741 1964 pacem,
1772 1890 1912 1943 inter
1932 1898 2031 1939 nos

451 2010 648 2065 bellum
682 2006 971 2059 habeamus
994 2041 1007 2063 ,
1037 2008 1090 2050 et
1120 1994 1440 2063 accipientes
1468 1996 1522 2043 et
1548 1984 1834 2040 reddentes
1854 2022 1870 2047 ,
1910 1994 2031 2034 cum

454 2118 520 2157 eo
536 2102 623 2172 qui
648 2100 737 2153 dat
760 2112 944 2167 pacem
978 2092 1174 2147 bellum
1203 2083 1492 2157 geramus?
1524 2081 1666 2134 Dicis
1688 2120 1703 2145 ,
1741 2076 1801 2130 Et
1830 2072 2034 2145 spiritui

457 2209 572 2260 tuo,
628 2203 682 2248 et
702 2208 820 2247 eum
854 2190 980 2243 foris
1004 2179 1389 2241 calumniaris?
1420 2176 1516 2233 Hei
1544 2173 1673 2229 mihi
1694 2212 1710 2238 ,
1764 2182 1883 2240 qum
1910 2172 2036 2220 sunt

454 2289 711 2346 Ecclesiae
766 2284 990 2337 honesta
1032 2294 1093 2332 ac
1126 2272 1464 2334 veneranda,
1519 2267 1655 2322 facta
1702 2271 1827 2318 sunt
1852 2259 2035 2329 figam

458 2395 660 2439 tantum
689 2393 888 2439 rerum,
924 2375 1016 2429 sed
1046 2389 1148 2426 non
1180 2370 1352 2437 aliqua
1381 2364 1580 2419 veritas
1607 2361 1620 2413 ἓ
1655 2359 1738 2412 hei
1773 2354 1922 2417 mihi,
1948 2366 2039 2405 us-

463 2493 568 2546 que
614 2475 678 2529 ad
727 2473 889 2526 verba
941 2474 1161 2522 manent
1199 2460 1438 2533 symbola
1483 2456 1670 2508 horum
1697 2442 2035 2504 castrorum!

462 2569 616 2625 Unde
645 2566 804 2621 etiam
846 2560 1102 2632 ignoratis
1128 2572 1223 2610 cur
1251 2554 1478 2616 dicatur,
1517 2547 1629 2601 Pax
1653 2541 1900 2599 omnibus.
1933 2537 2038 2593 Sed

458 2660 636 2717 audite
665 2658 937 2722 deinceps,
962 2650 1087 2720 quid
1109 2648 1247 2701 dicat
1278 2643 1544 2704 Christus,
1569 2639 1623 2692 lu
1649 2644 2039 2706 quamcumque

458 2765 636 2806 autem
670 2749 937 2803 civitatem
971 2739 1252 2796 autvicum
1277 2732 1500 2803 ingressi
1525 2727 1754 2791 fueritis,
1782 2723 2040 2777 Intrautes

464 2845 671 2897 domum
698 2839 916 2894 salutate
936 2836 1098 2900 ipsam
1132 2846 1149 2884 :
1177 2838 1220 2882 et
1252 2828 1295 2880 si
1320 2826 1498 2878 domus
1525 2816 1726 2889 quidem
1751 2816 1814 2871 sit
1845 2814 1999 2882 digna
2020 2850 2034 2875 ,

459 2937 623 2992 veniat
654 2949 757 3005 pax
784 2940 947 2985 vestra
994 2941 1143 2994 super
1174 2922 1377 2991 ipsum;
1422 2916 1500 2970 sin
1544 2922 1710 2965 autem
1736 2924 1836 2961 non
1862 2907 1925 2960 sit
1952 2904 2033 2955 di-

460 3047 593 3099 gna,
626 2994 729 3097 p'aa:
748 3032 911 3077 vestra
937 3017 1003 3071 ad
1032 3033 1117 3069 vos
1150 3020 1425 3066 revertatur
1447 3008 1465 3079 (
1487 3004 1669 3057 Matth.
1700 2999 1786 3055 10.
1812 2997 1897 3052 1⁸2.
1926 2994 2037 3063 15).

463 3126 751 3190 Propterea
775 3115 1065 3176 nescimus,
1094 3108 1215 3179 quia
1232 3104 1513 3159 verborum
1538 3097 1759 3166 figuram
1783 3091 1898 3145 haec
1923 3101 2044 3142 esse

467 3213 858 3272 existimamus,
890 3213 945 3261 et
978 3217 1081 3257 non
1113 3206 1291 3253 mente
1318 3192 1657 3249 assentimur.
1688 3185 1824 3240 Num
1848 3196 1947 3252 ego
1976 3180 2044 3234 do

463 3304 688 3375 pacem?
738 3300 982 3354 Christus
1026 3302 1129 3359 est,
1185 3290 1273 3359 qui
1304 3302 1399 3356 per
1444 3299 1541 3337 nos
1580 3278 1720 3349 loqui
1772 3276 2041 3345 dignatur.

467 3398 686 3454 Etiamsi
716 3393 861 3447 omni
889 3390 995 3444 alio
1024 3398 1264 3453 tempore
1293 3395 1476 3435 sumus
1499 3373 1651 3429 vacui
1681 3370 1849 3441 gratia
1869 3409 1883 3433 ,
1938 3380 2044 3419 non

466 3503 642 3546 tamen
671 3501 852 3541 sumus
888 3496 1027 3535 nunc
1054 3485 1270 3549 propter
1299 3488 1414 3526 vos.
1450 3468 1579 3524 Nam
1601 3466 1645 3521 si
1678 3464 1729 3517 in
1757 3463 1965 3515 asinum
1994 3464 2048 3511 et

467 3589 518 3641 in
544 3595 716 3638 vatem
748 3586 965 3648 operata
992 3583 1073 3627 est
1123 3572 1212 3625 Dei
1239 3567 1407 3638 gratia
1442 3569 1660 3632 propter
1687 3551 2046 3623 dispensatio-

467 3695 587 3735 nem
617 3686 665 3730 et
702 3671 1057 3728 lsraelitarum
1090 3663 1413 3721 utilitatem,
1467 3650 1725 3722 liquidum
1773 3656 1856 3700 est
1906 3639 2048 3712 quod

469 3786 568 3826 nec
598 3771 648 3822 in
671 3781 767 3820 nos
796 3760 1066 3817 recusabit
1090 3751 1323 3825 Operari,
1352 3746 1445 3803 sed
1471 3747 1572 3798 hoc
1596 3753 1810 3812 quoque
1832 3743 2049 3806 propter

470 3880 568 3919 nos
597 3854 901 3915 sustinebit.

544 3954 597 4008 5.
630 3951 798 4005 Nemo
825 3960 950 4015 ergo
969 3943 1130 4003 dicat,
1147 3952 1232 3993 me
1252 3949 1372 3989 esse
1394 3926 1761 4000 imperfectum
1784 3922 2049 3987 vilemque

470 4058 528 4101 et
553 4045 818 4113 abjectum
872 4010 926 4091 et
973 4033 1170 4087 nullius
1199 4026 1385 4096 pretii,
1443 4031 1496 4076 et
1534 4020 1605 4073 ita
1634 4015 1762 4070 mihi
1791 4010 2046 4065 attendat.

471 4144 599 4197 Smn
626 4137 767 4191 enim
800 4132 951 4195 talis;
980 4125 1072 4181 sed
1104 4135 1314 4190 semper
1335 4116 1472 4171 solet
1498 4114 1640 4167 Deus
1666 4117 1883 4177 propter
1911 4101 2051 4155 mu:-

472 4230 752 4287 titudinem
778 4225 840 4277 iis
864 4192 1026 4275 etiam
1051 4215 1240 4269 adesse
1270 4208 1359 4278 qui
1389 4213 1514 4259 sunt
1541 4196 1868 4267 hujusmodi.
1905 4192 1970 4245 Et
1997 4198 2055 4243 ut

473 4338 587 4377 rem
633 4316 813 4373 sciatis
857 4313 925 4366 ita
972 4323 1031 4362 se
1072 4304 1306 4363 habere;
1360 4296 1608 4365 dignatus
1651 4298 1735 4343 est
1764 4283 1907 4353 loqui
1930 4295 2051 4336 cum

473 4416 604 4469 Cain
633 4418 848 4483 propter
883 4401 1053 4465 Abel,
1103 4411 1224 4451 cum
1276 4388 1489 4446 diabolo
1521 4391 1739 4453 propter
1766 4377 1896 4438 .loh,
1929 4388 2052 4428 cum

474 4473 758 4563 Pharaone
784 4505 1001 4567 prepter
1024 4486 1246 4556 Joseph,
1271 4497 1391 4537 cum
1418 4473 1910 4533 Nabuchodonosor
1934 4480 2054 4535 pro-

477 4610 594 4670 pter
623 4557 918 4652 Danieleni,
937 4601 1056 4639 cum
1080 4578 1362 4635 Balthasar
1381 4578 1599 4641 propter
1621 4562 1888 4620 eumdem.
1917 4557 2052 4626 Magi

476 4649 687 4760 quoque
717 4677 983 4750 assequuti
1017 4680 1141 4727 sunt
1185 4664 1603 4723 revelationcm;
1634 4664 1688 4711 et
1717 4649 2056 4724 prophetarit

475 4748 704 4851 Caiplias
732 4748 1023 4829 cutn'esset
1046 4761 1241 4820 Christi
1273 4758 1480 4812 occisor
1500 4762 1553 4806 et
1577 4748 1847 4817 indignus,
1884 4757 2048 4813 prop-

478 4844 883 4942 terdignitatem
903 4858 1203 4916 sacerdotii.
1223 4854 1421 4907 Dicitur
1439 4849 1596 4903 etiam
1614 4844 1791 4898 Aaron
1808 4848 2052 4909 propter—

477 4984 540 5023 ea
569 4980 672 5019 non
712 4960 871 5014 [UlSSC
911 4956 1058 5021 lepra
1080 4947 1329 5002 infectus.
1378 4941 1507 4994 Nam
1549 4952 1677 4999 cur,
1704 4933 1813 5003 pic,
1838 4942 2052 4999 quaso,

484 5075 605 5117 cum
633 5055 791 5109 ambo
822 5049 1244 5103 murmurassent
1263 5077 1277 5099 ,
1333 5048 1485 5088 soror
1522 5030 1635 5084 sola
1656 5026 1803 5080 dedit
1831 5020 2054 5093 poenas?

479 5155 555 5211 Ne
586 5146 832 5205 mireris:
864 5154 985 5195 nam
1014 5136 1056 5189 si
1096 5134 1147 5186 in
1179 5127 1416 5184 externis
1442 5118 1783 5191 ngnitatibus
1805 5157 1818 5180 ,
1846 5111 2055 5168 etiamsi

480 5236 947 5302 innumerabilium
1040 5224 1323 5281 criminum
1405 5221 1682 5269 accusetur
1756 5206 2051 5277 quispiam,

481 5354 587 5395 non
624 5334 770 5406 prius
795 5326 1000 5383 ducitur
1028 5322 1078 5375 in
1107 5317 1361 5390 judicium
1383 5354 1396 5375 ,
1428 5322 1585 5378 quam
1614 5300 1920 5371 deposuerit
1945 5311 2057 5350 ma-

480 5434 782 5502 gistratum,
835 5434 899 5473 ne
926 5418 1015 5470 ille
1040 5411 1197 5467 simul
1227 5424 1346 5462 cum
1377 5405 1491 5473 ipso
1517 5400 1711 5469 probro
1739 5392 2003 5448 afficiatur
2040 5408 2050 5441 :

480 5480 647 5580 inulto
684 5513 851 5585 magis
884 5512 935 5564 in
965 5505 1273 5575 magistratu
1315 5492 1601 5566 spirituali,
1658 5487 1979 5557 quicumque
2013 5480 2058 5531 is

479 5620 565 5684 sit,
636 5617 887 5683 operatur
917 5602 1006 5659 Dei
1035 5598 1241 5671 gratia;
1302 5586 1536 5660 alioquin
1564 5583 1741 5640 omnia
1764 5576 2002 5652 perirent
2036 5590 2049 5625 :

1136 402 1195 458 S.
1234 392 1511 455 JOANNIS
1550 375 2025 445 CllBYSOSTOMl
2064 375 2378 432 ARCIIIEP.
2421 356 2979 433 cousranrmoe.‘

3329 430 3351 455 ,
3598 376 3704 435 me

2127 490 2342 559 quando
2370 500 2545 545 autem
2579 507 2698 545 eum
2726 487 3070 560 deposuerit,
3120 488 3235 544 sive
3257 503 3376 543 eum
3407 504 3439 544 e
3468 488 3574 543 vita
3603 506 3701 545 ex-

2124 583 2371 648 cesserit,
2412 585 2524 637 sive
2564 584 2650 637 hic
2688 600 2919 653 quoque,
2954 594 3079 636 tunc
3115 585 3385 653 graviores
3410 581 3561 637 dabit
3586 598 3702 652 pte-

2128 690 2243 728 nas.
2284 674 2359 728 Ne
2383 678 2579 744 putetis
2612 675 2724 729 ha:c
2752 692 2780 729 a
2810 676 2962 729 nobis
2988 675 3090 728 dici
3121 693 3134 729 :
3166 676 3255 729 Dei
3282 684 3363 728 est
3391 676 3556 745 gratia
3583 691 3704 745 qua:
3764 680 3771 686 '

2128 779 2381 837 operatur
2410 769 2460 821 in
2490 769 2782 835 indignum.
2816 782 2920 820 non
2956 776 3172 835 propter
3196 781 3315 830 nos,
3360 766 3454 819 Sed
3484 776 3701 836 propter

2129 875 2245 913 vos.
2277 860 2470 912 Audite
2509 875 2636 929 ergo
2663 858 2786 927 quid
2828 858 2970 911 dicat
2999 858 3281 911 Christus:
3325 856 3388 911 Si
3424 857 3603 911 domus
3640 859 3707 911 sit

2129 952 2304 1022 digna,
2353 952 2517 1005 veniat
2559 968 2658 1020 pax
2697 961 2856 1003 vestra
2895 950 2963 1002 ad
3001 950 3183 1018 ipsam.
3225 948 3503 1015 Quomodo
3528 959 3707 1003 autem

2132 1046 2189 1099 fit
2220 1045 2413 1114 digna?
2453 1044 2504 1098 Si
2532 1058 2645 1109 vos,
2686 1042 2878 1111 inquit,
2912 1041 3268 1111 susceperint.
3311 1040 3407 1094 Sin
3433 1049 3598 1093 autem
3621 1056 3707 1094 vos

2133 1155 2233 1191 non
2285 1138 2595 1206 susceperint
2617 1177 2631 1200 ,
2684 1151 2839 1202 neque
2867 1149 3147 1187 sermonem
3179 1140 3393 1184 vestrum
3420 1129 3704 1197 audierint,

2132 1246 2279 1281 amen
2307 1228 2418 1280 dico
2441 1226 2598 1292 vobis,
2642 1224 2954 1278 tolerabilius
2990 1222 3086 1276 erit
3114 1232 3261 1275 terra:
3281 1220 3624 1276 Sodomorum
3658 1229 3708 1273 et

2136 1318 2581 1372 Gomorrliworum
2607 1317 2658 1369 in
2681 1316 2960 1385 diejudicii
2990 1330 3143 1383 quant
3170 1313 3248 1366 illi
3286 1312 3475 1365 civitati
3495 1308 3706 1381 (Matth.

2136 1414 2223 1468 10.
2254 1411 2319 1467 15
2339 1438 2366 1453 -
2392 1412 2457 1466 15
2490 1411 2533 1483 ).
2566 1410 2699 1477 Quid
2725 1425 2853 1479 ergo
2874 1408 3093 1480 prodest
3126 1407 3266 1477 quod
3297 1420 3395 1460 nos
3419 1404 3708 1474 suscipitis,

2136 1517 2191 1563 et
2227 1522 2333 1560 non
2372 1505 2566 1559 auditis
2604 1520 2667 1559 ea
2707 1518 2825 1573 quae
2863 1518 2891 1556 a
2924 1502 3077 1556 nobis
3103 1501 3387 1556 dicuntur?
3416 1498 3541 1569 quid
3572 1497 3707 1553 lucri

2135 1600 2201 1654 ad
2230 1615 2323 1654 vos
2344 1598 2484 1654 redit
2513 1598 2555 1651 si
2586 1613 2690 1651 non
2715 1596 2914 1659 colitis,
2946 1604 3001 1649 et
3039 1609 3143 1649 non
3180 1592 3456 1649 attenditis
3491 1607 3556 1647 ea
3594 1607 3714 1663 quae

2138 1695 2291 1748 vobis
2319 1690 2609 1747 dicuntur?
2648 1690 2741 1744 llle
2770 1699 2853 1744 est
2883 1688 3036 1742 nobis
3062 1688 3252 1753 honor,
3293 1687 3381 1741 ille
3418 1685 3595 1740 cultus
3631 1690 3716 1738 est

2142 1784 2507 1849 admirandus,
2545 1782 2637 1853 qui
2667 1782 2821 1836 vobis
2849 1790 2903 1836 et
2941 1780 3096 1834 nobis
3118 1778 3358 1849 prodest,
3401 1778 3445 1831 si
3486 1789 3584 1830 nos
3620 1790 3717 1829 au-

2148 1878 2324 1934 diatis.
2358 1876 2550 1931 Audite
2579 1886 2632 1930 et
2659 1874 2879 1928 Paulum
2908 1870 3200 1935 dicentem,
3243 1866 3569 1931 Nescisbam,
3609 1864 3718 1918 fra-

2140 1981 2269 2037 tres,
2299 1970 2434 2040 quod
2454 1970 2519 2022 sit
2545 1967 2772 2038 pontifex
2798 1962 2931 2032 (Act.
2958 1962 3049 2016 25.
3072 1961 3105 2015 5
3131 1962 3150 2031 )
3176 1978 3188 2013 :
3221 1958 3343 2014 audi
3370 1967 3423 2012 et
3451 1956 3716 2012 Christum

2139 2067 2430 2131 dicentem,
2465 2064 2648 2117 Omnia
2674 2077 2786 2133 qua:
2804 2059 3024 2113 dixerint
3045 2056 3179 2110 vobis
3199 2064 3255 2108 ut
3276 2052 3501 2118 servetis,
3529 2059 3720 2105 servate

2141 2168 2187 2211 et
2209 2154 2583 2228 facite(Mattlt.
2612 2155 2701 2208 25.
2723 2151 2803 2223 5).
2828 2151 2941 2204 Non
2970 2164 3055 2204 me
3070 2145 3391 2207 contemnis,
3421 2142 3515 2198 sed
3541 2156 3721 2196 sacer-

2142 2247 2347 2302 dotium
2379 2264 2392 2300 :
2432 2245 2479 2300 si
2518 2260 2604 2298 me
2643 2258 2708 2298 eo
2749 2240 2947 2296 videris
2988 2239 3263 2302 nudatum,
3305 2245 3431 2289 tunc
3468 2248 3554 2288 me
3591 2246 3721 2287 con-

2144 2349 2325 2395 temne
2358 2356 2370 2392 :
2414 2346 2539 2391 tunc
2578 2350 2677 2389 nec
2715 2350 2816 2404 ego
2857 2334 3123 2402 imperare
3163 2343 3401 2399 pergam.
3454 2323 3720 2392 Quamdiu

2143 2442 2321 2487 autem
2355 2432 2409 2485 in
2442 2430 2543 2483 hac
2573 2426 2702 2483 sede
2722 2427 2973 2481 sedemus
2997 2464 3012 2490 ,
3052 2421 3303 2493 quamdiu
3333 2417 3681 2489 praesidemus
3702 2458 3718 2482 ,

2147 2524 2406 2579 habemus
2431 2530 2485 2576 et
2514 2518 2884 2574 auctoritatem
2915 2522 2972 2569 et
2999 2515 3273 2577 virtutem,
3316 2508 3525 2565 etiamsi
3554 2507 3723 2562 simus

2147 2616 2369 2687 indigni.
2402 2614 2457 2670 Si
2486 2612 2683 2683 Moysis
2709 2609 2933 2663 thronus
2962 2614 3078 2662 erat
3106 2604 3240 2659 adeo
3267 2599 3603 2657 venerandus
3621 2638 3637 2660 .
3662 2606 3722 2651 ut

2148 2720 2368 2783 prepter
2395 2708 2546 2762 illum
2585 2704 2879 2769 audiretur,
2921 2699 3091 2754 multo
3130 2696 3297 2767 magis
3334 2693 3532 2748 Christi
3574 2689 3726 2745 thro-

2148 2821 2249 2859 nus
2282 2820 2295 2856 :
2337 2802 2490 2856 illum
2516 2813 2615 2854 nos
2640 2796 2962 2866 accepimus,
2984 2793 3059 2845 .in
3098 2791 3190 2844 illo
3210 2788 3497 2857 loquimur,
3531 2799 3596 2838 es
3618 2798 3725 2854 quo

2146 2895 2395 2953 Christus
2432 2895 2486 2948 in
2529 2892 2684 2946 nobis
2720 2888 2900 2958 posuit
2937 2883 3292 2940 ministerium
3332 2877 3725 2935 reconciliatio-

2151 2990 2255 3044 nis.
2296 2986 2502 3056 Legati,
2544 2984 2865 3053 quicumque
2905 2978 2939 3032 ii
2981 2978 3200 3041 fuerint,
3242 2982 3462 3043 propter
3498 2969 3727 3039 dignita-

2153 3092 2259 3137 tem
2299 3077 2579 3149 legationis
2620 3074 2841 3128 multum
2883 3071 3140 3124 honorem
3180 3072 3555 3133 assequuntur.
3597 3059 3727 3115 Vide

2156 3176 2296 3229 enim
2327 3191 2340 3226 :
2369 3171 2590 3225 veniunt
2619 3168 2670 3221 in
2701 3166 2933 3221 mediam
2957 3161 3302 3216 barbarorum
3329 3158 3599 3225 regionem
3627 3152 3726 3208 soli

2154 3270 2293 3324 inter
2316 3275 2394 3321 tot
2425 3264 2643 3329 hostes;
2679 3269 2731 3314 et
2759 3258 3008 3327 quoniam
3042 3267 3288 3321 magnam
3316 3251 3421 3303 vim
3462 3246 3621 3301 habet
3641 3245 3729 3314 jus

2152 3361 2454 3432 legationis,
2477 3371 2663 3412 onmes
2690 3368 2783 3408 eos
2810 3352 3103 3410 intuentur,
3122 3361 3307 3400 omnes
3325 3358 3419 3397 eos
3443 3352 3556 3397 tuto
3572 3339 3732 3395 emit-

2155 3464 2291 3509 tunt.
2338 3452 2404 3506 Et
2444 3463 2541 3503 nos
2579 3461 2709 3516 ergo
2738 3442 3074 3511 suscepimus
3114 3451 3306 3492 munus
3333 3433 3636 3505 legationis,
3666 3439 3720 3486 et

2155 3564 2185 3603 a
2210 3549 2322 3602 Deo
2349 3545 2591 3600 venimus
2621 3559 2633 3594 :
2676 3539 2790 3593 hzcc
2830 3544 2913 3592 est
2934 3534 3075 3588 enim
3104 3530 3333 3600 dignitas
3363 3528 3722 3596 episcopatus.

2162 3640 2415 3695 Venimus
2439 3636 2504 3689 ad
2528 3648 2622 3688 vos
2644 3631 2905 3701 legatione
2937 3626 3235 3695 fungentes,
3259 3629 3511 3690 rogantes
3530 3626 3587 3671 ut
3616 3616 3732 3671 bel-

2155 3734 2208 3788 lo
2234 3734 2394 3787 finem
2422 3725 2725 3797 imponatis,
2748 3732 2801 3779 et
2822 3722 3047 3776 dicimus
3072 3716 3387 3787 quibusnam
3411 3709 3736 3766 conditionin

2156 3826 2276 3888 bus,
2319 3837 2424 3877 non
2470 3820 2714 3874 civitates
2752 3813 2901 3868 vobis
2933 3813 3147 3865 daturos
3177 3806 3528 3877 pollicentes,
3562 3815 3735 3870 neque

2159 3925 2238 3971 tot
2263 3924 2317 3970 et
2344 3922 2421 3968 tot
2453 3907 2703 3966 frumenti
2734 3904 2941 3960 modios
2968 3944 2982 3968 ,
3018 3915 3191 3969 neque
3216 3895 3511 3971 mancipia,
3562 3905 3735 3961 neque

2158 4026 2366 4072 aurum,
2392 4006 2483 4062 sed
2516 4018 2737 4074 regnum
2777 3999 3027 4054 caalorum
3048 4037 3063 4059 ,
3107 3994 3268 4047 vitam
3292 3999 3543 4043 aeternam
3566 4026 3581 4052 ,
3611 3998 3732 4038 cum

2160 4104 2373 4159 Christo
2412 4095 2851 4154 consuetudinem
2879 4135 2893 4157 ,
2950 4100 3000 4144 et
3054 4089 3153 4141 alia
3179 4087 3313 4140 bona
3346 4096 3467 4151 quas
3506 4092 3679 4149 neque
3701 4089 3731 4128 a

2161 4198 2313 4250 nobis
2359 4193 2533 4247 verbis
2588 4195 2812 4259 possunt
2864 4180 3113 4251 exprimi,
3156 4191 3331 4245 neque
3370 4189 3401 4227 a
3454 4170 3605 4226 vobis
3639 4184 3736 4223 au-

2159 4289 2283 4355 diri,
2316 4283 2565 4356 quamdiu
2622 4278 2874 4334 fuerimus
2913 4276 2963 4329 in
3020 4272 3118 4324 hac
3164 4282 3325 4323 carne
3375 4273 3430 4319 et
3466 4263 3570 4316 vita
3600 4275 3737 4331 prte—

2162 4381 2317 4437 senti.
2368 4377 2654 4447 Legatione
2713 4387 2840 4440 ergo
2913 4365 3219 4435 fungimur:
3289 4359 3493 4413 honore
3556 4361 3736 4408 autem

2164 4475 2264 4530 frui
2290 4473 2555 4533 volumus,
2598 4480 2701 4519 non
2742 4470 2960 4532 prepter
2998 4471 3118 4521 nos,
3152 4452 3325 4517 absit;
3366 4449 3566 4504 scimus
3593 4445 3739 4500 enim

2161 4580 2319 4638 quam
2351 4564 2418 4617 sit
2444 4560 2595 4621 vilis;
2635 4554 2729 4610 sed
2749 4560 2965 4623 propter
2995 4562 3111 4615 vos,
3152 4553 3213 4600 ut
3250 4558 3345 4598 vos
3365 4556 3484 4611 qua:
3512 4538 3737 4595 dicimus

2161 4634 2443 4730 diligenter
2470 4651 2696 4707 audiatis
2733 4666 2746 4701 :
2786 4654 2844 4699 ut
2870 4643 3154 4698 utilitatem
3182 4634 3452 4704 accipiatis
3479 4674 3495 4698 ,
3535 4642 3592 4685 ut
3629 4644 3734 4683 non

2161 4728 2283 4811 cum
2312 4746 2552 4804 socordia
2580 4752 2635 4799 et
2658 4737 2975 4811 negligentia
3004 4748 3066 4788 ea
3104 4745 3223 4801 quae
3258 4728 3529 4790 dicuntur,
3566 4732 3737 4776 atten-

2164 4848 2323 4905 datis.
2364 4843 2479 4898 Non
2519 4837 2713 4894 videtis
2750 4829 3018 4903 quomodo
3058 4828 3261 4896 legatos
3298 4820 3475 4876 cuncti
3508 4818 3737 4871 circum-

2165 4947 2309 4995 stant
2333 4944 2387 4991 et
2406 4928 2732 4987 observant?
2762 4926 2869 4979 Nos
2894 4930 3071 4976 autem
3101 4917 3193 4972 Dei
3225 4911 3510 4983 legationis
3540 4922 3735 4962 munus

2162 5033 2374 5089 obimus
2412 5024 2551 5096 apud
2602 5020 2863 5077 homines.
2904 5015 2958 5069 Si
3011 5018 3187 5066 autem
3228 5006 3329 5061 hoc
3368 5002 3519 5057 vobis
3548 5001 3739 5054 durum

2165 5124 2412 5187 videtur;
2444 5134 2550 5173 non
2582 5130 2679 5169 nos
2709 5155 2724 5179 ,
2765 5112 2856 5165 sed
2900 5111 3012 5177 ipse
3055 5104 3437 5174 episcopatus;
3479 5110 3584 5148 non
3638 5092 3741 5145 ista

2166 5231 2256 5274 aut
2289 5221 2394 5283 ille,
2430 5215 2520 5267 sed
2552 5208 2860 5277 episcopus.
2890 5201 3059 5256 Nemo
3092 5211 3177 5249 me
3207 5191 3411 5256 audiat,
3440 5186 3534 5242 sed
3562 5183 3737 5253 digni—

2165 5323 2347 5371 tatem.
2383 5306 2570 5361 Omnia
2599 5316 2723 5368 ergo
2750 5297 3024 5354 faciamus,
3048 5300 3106 5344 ut
3135 5288 3246 5341 Deo
3277 5284 3474 5353 placet,
3505 5288 3561 5330 nt
3592 5277 3739 5328 viva-

2168 5369 2287 5463 mus
2310 5404 2373 5458 ad
2404 5400 2497 5455 Dei
2526 5396 2787 5468 gloriam,
2826 5398 2884 5443 et
2920 5383 3064 5455 digni
3103 5380 3397 5435 habeamur
3434 5369 3586 5425 bonis
3613 5379 3740 5435 pro-

2169 5498 2347 5555 missis
2384 5495 2449 5549 iis
2486 5456 2576 5562 qui
2616 5489 2789 5560 ipsum
2813 5480 3058 5551 diligunt,
3100 5472 3267 5546 gratia
3290 5478 3343 5524 et
3373 5456 3698 5533 benignitate
3720 5493 3740 5523 ,

2169 5607 2297 5659 etc.,
2324 5601 2426 5644 etc.
