4148 6402
397 330 504 386 325

1097 325 1154 380 S.
1194 321 1479 379 JOANNIS
1517 314 2000 376 CIIRYSOSTOM]
2040 315 2360 369 ARCHIEP.
2400 311 2940 369 CONSTANTINOP.

3545 310 3656 367 326

1879 621 2122 674 ΟΜΙΛΙΑ
2157 621 2208 669 Δ’

396 746 503 800 Καὶ
531 742 687 812 ὑμᾶς
713 758 857 812 ποτε
905 739 1159 812 ἐχθροὺς
1195 739 1373 812 ὄντας
1407 739 1506 791 καί
1565 737 1980 812 ἀπηλλοτριω-

465 805 690 884 μένους
710 811 794 884 τῇ,
811 805 1047 884 ama/sz
1069 805 1144 863 ἐν
1160 810 1284 884 τοῖς
1303 810 1499 884 ξργοις
1520 808 1646 872 τοῖς
1663 805 1980 884 πονηροῖς,

469 875 605 937 νυνί
657 875 724 936 δὲ
753 875 1230 946 ’ἀποκατήλλαξε
1253 879 1334 944 τῷ
1366 875 1590 946 σώματι
1615 877 1725 943 τῆς
1757 875 1984 946 σαρκάς

469 954 659 1008 αὐτοῦ
727 953 823 1005 διὰ
881 951 986 1004 τοῦ
1055 952 1348 1011 θανάτου,
1400 945 1783 1014 παραστῆσαι
1824 945 1984 1012 ὑμᾶς

469 1027 677 1094 ἁγίους
707 1024 809 1094 καί
841 1021 1122 1090 ἀμώμους
1159 1019 1256 1073 καί
1283 1019 1692 1088 ἀνεγκλήτους
1719 1017 1814 1070 καὶ
1837 1016 1985 1068 ἐνώ-

471 1092 611 1148 πιον
639 1092 843 1147 αὑτοῦ.

473 1267 540 1314 α’.
601 1257 865 1312 Ἐνταῦθα
908 1257 1092 1309 λοιπὸν
1129 1254 1429 1314 δείκνυσιν,
1471 1255 1553 1306 ὅτι
1589 1252 1684 1306 καὶ
1736 1249 1989 1316 ἀναξίους

405 1346 563 1407 ὂντας
589 1340 941 1408 καταλλαγῆς
971 1339 1298 1410 κατήλλαξε.
1324 1337 1397 1389 Τὸ
1429 1338 1528 1406 μέν
1549 1335 1658 1406 γάρ
1688 1338 1881 1398 εἰπεῖν,
1908 1336 1989 1388 ὅτι

407 1427 511 1482 ὑπὸ
542 1427 641 1496 τὴν
675 1425 924 1488 ἐξουσίαν
975 1423 1068 1476 τοῦ
1121 1424 1344 1483 σκότους
1385 1415 1547 1488 ἦσαν,
1593 1420 1833 1472 δείκνυσι
1891 1418 1991 1488 τὴν

407 1509 714 1580 συμφοράν,
740 1510 797 1560 ἐν
892 1503 1052 1576 ἦσαν.
1088 1506 1230 1558 ’Λλλ’
1257 1505 1342 1556 ἵνα
1372 1505 1446 1574 μὴ
1479 1503 1716 1566 ἀκούσας
1748 1502 1992 1568 ἐξουσίαν

409 1595 656 1657 σκότους,
691 1592 939 1660 ἀνάγκην
979 1589 1204 1660 νομίσῃς
1231 1584 1391 1651 εἷναι,
1415 1587 1613 1656 ἐπάγει
1653 1603 1669 1619 ⁸
1705 1587 1811 1642 Καὶ
1841 1583 1993 1654 ὑμᾶς

409 1677 588 1740 ὄντας
613 1672 1219 1741 ἀπηλλοτριωμένους
1247 1688 1257 1700 ·
1287 1671 1429 1723 ὥστε
1461 1670 1610 1722 δοκεῖ
1645 1669 1745 1738 μὲν
1777 1669 1838 1721 τὸ
1865 1668 1996 1720 αὐτὸ

409 1759 604 1826 λέγειν,
631 1757 732 1810 οὐκ
761 1757 874 1808 ἐστι
902 1756 960 1808 δέ
985 1773 998 1785 ο
1023 1755 1085 1808 οὑ
1116 1754 1225 1823 γάρ
1252 1754 1400 1806 ἐστιν
1426 1754 1539 1805 ῐσον
1564 1749 1778 1826 ἀνάγκῃ
1810 1751 1997 1816 κακῶς

411 1842 674 1901 παθόντα,
701 1841 797 1892 καὶ
837 1839 1032 1891 ἑκόντα
1079 1837 1238 1890 τοῦτο
1275 1837 1648 1904 ὑπομείναντα
1690 1835 1998 1899 ἀπαλλάξαι

413 1925 522 1978 τῶν
556 1922 767 1977 δεινῶν.
811 1923 1049 1984 Ἐκεῖνος
1078 1921 1176 1990 μὲν
1205 1919 1314 1988 γάρ
1351 1917 1616 1971 ἐλεεῖσθαι
1649 1917 1818 1983 ἄξιος,
1849 1914 2000 1982 οὗτος

413 2009 471 2061 δέ
508 2006 803 2078 μισεῖσθαι.
850 2005 990 2058 Ἀλλ’
1029 2005 1176 2074 ὅμως
1207 2003 1372 2072 ὑμᾶς,
1400 2003 1588 2070 φησὶν,
1619 2003 1740 2072 οὐχὶ
1769 2004 2001 2064 ἄκοντας

416 2090 538 2144 ούδέ
584 2088 1083 2158 ἀναγκαζομένους,
1137 2085 1252 2138 ἀλλ’
1302 2086 1527 2148 ἑκόντας
1574 2086 1667 2136 καὶ
1717 2085 1862 2154 μετά
1906 2084 2000 2138 τοῦ

423 2173 711 2244 βούλεσθαι
750 2170 1148 2241 ἀποπηδῶντας
1186 2168 1374 2231 αὑτοῦ,
1416 2169 1512 2222 καὶ
1552 2169 1805 2234 ἀναξίους
1847 2169 2004 2232 ὄντας

419 2256 717 2327 ἀπήλλαξε.
739 2255 850 2308 Kal
879 2252 1067 2324 ἐπειδὴ
1095 2253 1202 2304 τῶν
1237 2253 1294 2304 ἐν
1325 2254 1436 2313 τοῖς
1467 2251 1711 2322 οὐρανοῖς
1735 2252 2002 2322 ἐμνήσθη,

419 2342 688 2394 δείκνυσιν
719 2339 800 2391 ὅτι
843 2339 875 2406 ἡ
899 2335 1068 2406 ἔχθρα
1107 2336 1256 2386 πᾶσα
1279 2333 1526 2386 ἐντεῦθεν
1550 2331 1662 2403 εἶχε
1685 2335 1784 2405 τὴν
1807 2335 2002 2405 ἀρχὴν,

419 2425 519 2478 ούκ
565 2423 794 2476 ἐκεῖθεν.
832 2421 1062 2474 Ἐκεῖνοι
1096 2418 1192 2488 μὲν
1231 2420 1340 2488 γὰρ
1374 2418 1540 2470 πάλαι
1583 2417 1883 2480 ἐϐούλοντο,
1915 2417 2007 2471 καὶ

421 2511 449 2561 ὁ
477 2509 608 2570 Θεός
629 2525 642 2537 ·
677 2503 843 2577 ὑμεῖς’
866 2504 922 2556 δὲ
964 2505 1063 2556 οὐκ
1083 2503 1403 2572 ἠθελήσατε.
1428 2502 1537 2553 Kal
1566 2501 1742 2554 διόλου
1768 2502 2006 2554 δείκνυσι

419 2594 546 2656 τοὺς
577 2592 839 2659 ἀγγέλους
879 2587 1042 2658 μηδὲν
1080 2586 1412 2655 ἰσχύσαντας
1444 2586 1503 2636 ἐν
1543 2587 1656 2648 τοῖς
1698 2587 1848 2638 κάτω
1879 2585 2006 2655 χρό..

425 2693 562 2739 νοις,
593 2677 646 2728 εἴ
678 2690 738 2741 γε
772 2672 962 2742 έμενον
993 2670 1195 2739 ἐχθροὶ,
1234 2669 1328 2720 καὶ
1361 2667 1483 2720 οὔτε
1519 2671 1702 2720 πεῖσαι
1725 2669 2006 2738 ἠδύναντο,

426 2760 554 2812 οὔτε
601 2756 928 2818 πεισθέντας
967 2753 1277 2818 ἀπαλλάξαι
1307 2751 1398 2804 τοῦ
1439 2751 1704 2803 διαϐόλου.
1735 2752 1870 2806 Οὐδὲ
1902 2751 2010 2822 γάρ

427 2845 492 2899 τὸ
525 2847 711 2896 πεῖσαι
741 2838 857 2910 εἶχέ
888 2857 942 2892 τι
987 2839 1198 2908 κέρδος,
1234 2836 1326 2889 τοῦ
1358 2836 1679 2934 κατέχοντος
1715 2837 1787 2907 μὴ
1833 2836 2012 2889 δεθέν-

429 2945 520 2990 10;
554 2945 566 2958 ·
599 2926 721 2978 ούδέ
755 2925 816 2976 τὸ
845 2923 1064 2992 δεθῆναι
1093 2917 1208 2990 εἶχέ
1240 2938 1293 2972 τι
1323 2917 1535 2988 κέρδοξ,
1567 2919 1672 2971 τῶν
1712 2919 2009 2989 κατεχομέ-

431 3027 540 3064 νων
576 3008 651 3078 μὴ
675 3007 1014 3076 βουλομένων
1045 3001 1378 3055 ἐπανελθεῖν.
1412 3001 1551 3053 Ἀλλ’
1575 3002 1856 3073 ἀμφότερα
1884 3003 2010 3063 ἔδει,

429 3087 506 3147 ὧν
538 3094 733 3144 ἐκεῖνοι
781 3088 877 3158 μέν
915 3087 1090 3149 ούδέν,
1299 3086 1328 3136 ὁ
1376 3084 1607 3155 Χριστὸς
1637 3085 1691 3137 δὲ
1732 3085 2014 3155 ἀμφότερα

433 3175 752 3242 πεποίηκεν.
792 3172 952 3223 ’Ὥστε
980 3168 1073 3222 τοῦ
1113 3168 1202 3221 τὸν
1232 3168 1458 3220 θάνατον
1503 3166 1660 3220 λῦσαι
1701 3167 2014 3238 θαυμασιώ-

432 3276 588 3329 τερον
617 3257 678 3310 τὸ
711 3243 918 3309 πεῖσᾶι.
959 3254 1164 3305 Ἐκεῖνο
1196 3253 1294 3322 μέν
1327 3252 1434 3323 γὰρ
1459 3251 1578 3305 ὅλον
1603 3252 1767 3305 αὑτοῦ
1798 3248 1886 3324 ἦν,
1920 3253 2014 3305 καὶ

437 3343 601 3405 αὐτὸς
641 3341 802 3412 μόνος
839 3338 1026 3409 κύριος
1049 3333 1116 3408 ἦν
1140 3353 1154 3366 '
1187 3337 1378 3390 τούτου
1408 3337 1462 3389 δέ
1499 3336 1619 3406 οὐχὶ
1649 3336 1807 3398 αὐτὸς
1835 3336 2012 3406 μόνος,

435 3426 572 3480 ἀλλά
609 3425 703 3478 καὶ
729 3425 888 3494 ἡμεῖς
923 3437 934 3449 ·
972 3419 1338 3491 εὐκολώτερον
1370 3420 1426 3472 δέ
1461 3419 1635 3472 ταῦτα
1664 3419 1916 3488 ἀνύομεν,
1941 3412 2014 3471 ῶν

436 3511 591 3564 αὐτοὶ
622 3507 801 3579 κύριοί
836 3508 1024 3574 ἐσμεν.
1056 3505 1190 3558 ”Λτε
1220 3501 1311 3556 οὖν
1344 3505 1435 3556 καὶ
1463 3503 1646 3572 μεῖζον
1678 3501 1754 3566 ὃν,
1792 3502 2015 3573 ὕστερον

437 3595 568 3648 αὐτὸ
597 3592 802 3662 τίθησι.
837 3590 946 3642 Kal
988 3589 1084 3658 οὐχ
1112 3587 1294 3652 ἁπλῶς
1326 3585 1499 3646 εἶπεν,
1537 3587 2012 3654 Ἐχθραίνοντας,

437 3676 594 3741 ἀλλά,
629 3669 1269 3740 Ἀπηλλοτριωμένους,
1300 3670 1328 3722 ὂ
1351 3669 1551 3739 πολλῆς
1592 3670 1790 3740 ἔχθρας
1833 3672 1977 3721 ἐστίν
1999 3683 2014 3697 ⁶

437 3761 559 3812 ούδέ
613 3757 1080 3827 ἢλλοτριωμένους
1108 3793 1123 3817 ,
1184 3753 1322 3806 ἀλλὰ
1399 3753 1533 3823 μηδέ
1603 3752 2017 3820 προσδοκῶντας

439 3839 776 3895 ἐπανελθεῖν.
836 3837 946 3890 Kal
1003 3836 1254 3908 ἐχθροὺς,
1307 3837 1470 3906 φησὶ,
1526 3837 1590 3905 τῇ
1645 3834 1876 3904 διανοίᾳ,
1930 3832 2020 3885 διὰ

439 3923 628 3980 τούτου
662 3920 860 3990 δηλῶν,
880 3921 960 3972 ὅτι
980 3920 1099 3990 οὐχὶ
1137 3921 1299 3990 μέχρι
1326 3920 1426 3987 τῆς
1458 3920 1828 3990 προαιρέσεως
1860 3918 2018 3989 μόνον

441 4010 476 4079 ἡ
532 4003 884 4075 ἀλλοτρίωσις
939 3997 1006 4073 ἦν
1063 4003 1446 4056 αὐτῶνάλλά
1484 4003 1568 4068 τί;
1602 4004 1709 4056 Καὶ
1772 4004 1843 4056 ἐν
1896 4002 2020 4068 τοῖς

440 4092 634 4159 ἔργοις
655 4087 779 4152 τοῖς
812 4085 1117 4154 πονηροῖς.
1159 4085 1268 4138 Kal
1301 4085 1483 4156 ἐχθροὶ
1511 4081 1631 4155 ἦτε,
1665 4086 1818 4156 φησὶ,
1838 4087 1930 4138 καὶ
1954 4086 2021 4139 τὰ

441 4173 551 4226 τῶν
605 4169 813 4240 ἐχθρῶν
859 4169 1179 4240 ἐπράττετε.
1213 4169 1364 4222 Νυνὶ
1405 4169 1473 4221 δὲ
1519 4168 2021 4234 ἀποκατήλλαξεν

443 4258 513 4310 ἐν
538 4254 618 4320 τῷ
646 4253 872 4320 σώματι
901 4252 1012 4319 τῆς
1035 4253 1262 4320 σαρκὸς
1279 4252 1464 4305 αὑτοῦ
1493 4251 1591 4304 διὰ
1609 4252 1711 4304 τοῦ
1739 4251 2018 4319 θανάτου,

446 4336 831 4406 παραστῆσαι
865 4333 1022 4404 ὑμᾶς
1047 4335 1254 4404 ἁγίους
1284 4335 1381 4388 καὶ
1409 4332 1684 4404 ἀμώμους
1713 4335 1810 4387 καί
1845 4335 2020 4402 ἀνεγε-

447 4426 711 4492 κλήτους
748 4419 1116 4476 κατενώπιον
1159 4421 1365 4474 αὐτοῦ.
1404 4419 1667 4473 Ἐνταῦθα
1705 4419 1890 4490 τίθησι
1930 4420 2022 4472 καὶ

447 4512 538 4564 τὸν
577 4511 773 4581 τρόπον
818 4511 918 4578 τῆς
957 4508 1322 4577 καταλλαγῆς,
1358 4509 1440 4561 ὅτι
1474 4508 1532 4560 ἐν
1557 4507 1636 4576 τῷ
1665 4506 1895 4576 σώματι,
1927 4507 2023 4560 καὶ

449 4599 530 4651 ὅτι
561 4598 658 4665 οὐχ
687 4595 872 4657 ἁπλῶς
903 4593 1152 4664 πληγεὶς,
1180 4595 1298 4647 ούδέ
1325 4596 1709 4664 μαστιγωθεὶς,
1734 4595 1855 4647 ούδέ
1882 4611 2026 4664 πρα-

452 4684 585 4746 θεὶς,
625 4681 761 4734 ἀλλά
787 4681 880 4732 καὶ
915 4681 1200 4733 ἀποθανὼν
1232 4682 1309 4748 τῷ
1344 4682 1612 4752 αἰσχίστῳ
1643 4681 1875 4752 θανάτῳ.
1909 4681 2025 4734 Πά-

451 4770 534 4822 λιν
563 4769 657 4822 τοῦ
683 4767 917 4836 σταυροῦ
949 4769 1240 4838 μέμνηται,
1277 4769 1370 4820 καὶ
1398 4770 1559 4822 πάλιν
1592 4769 1782 4840 ἑτέραν
1815 4769 2026 4840 τίθησιν

453 4856 786 4928 εὐεργεσίαν.
843 4856 916 4906 Ού
973 4855 1080 4924 γὰρ
1125 4853 1401 4924 ἀπήλλαξε
1453 4856 1646 4925 μόνον,
1693 4855 1827 4908 ἀλλά
1857 4858 1952 4909 καὶ
1998 4858 2027 4910 ὃ

456 4961 618 5014 φησιν
641 4943 921 5012 ἀνωτέρω,
957 4941 1040 5006 Τῷ
1065 4941 1424 4995 ἱκανώσαντι
1453 4941 1630 5010 ἡμᾶς,
1655 4942 1813 4995 τοῦτο
1843 4943 1899 4996 δέ
1932 4942 2028 4995 καὶ

458 5030 690 5085 ἐνταῦθα
726 5029 1039 5082 αἰνίττεται.
1073 5030 1177 5083 Διὰ
1205 5029 1310 5083 τοῦ
1341 5029 1602 5083 θανάτου
1634 5030 1842 5092 αὑτοῦ,
1872 5031 2024 5098 φησὶ,

459 5119 842 5188 παραστῆσαι
876 5115 1031 5187 ὑμᾶς
1063 5119 1266 5186 ἁγίους
1303 5119 1399 5172 καί
1427 5118 1703 5187 ἀμώμους
1728 5118 1824 5172 καί
1859 5121 2029 5186 ἀνεγ-

465 5209 728 5273 κλήτους
766 5205 1129 5258 κατενώπιον
1159 5205 1364 5259 αὐτοῦ.
1401 5206 1472 5259 Οὺ
1503 5206 1609 5276 γάρ
1640 5205 1702 5275 δὴ
1732 5207 1886 5274 μόνον
1922 5206 2030 5259 τῶν

464 5292 876 5365 ἁμαρτημάτων
919 5291 1228 5362 ἀπήλλαξεν
1249 5331 1263 5354 ,
1305 5291 1439 5345 ἀλλά
1465 5293 1560 5344 καὶ
1585 5294 1642 5344 ἐν
1668 5295 1780 5355 τοῖς
1819 5293 2031 5345 εὐδοκι-

465 5383 661 5452 μηκόσι
694 5380 1046 5449 κατέστησεν.
1070 5379 1142 5432 Ού
1169 5379 1275 5448 γάρ
1299 5379 1388 5430 ἵνα
1411 5378 1596 5431 κακῶν
1623 5379 1900 5448 ἀπαλλάξῃ
1936 5382 2031 5448 μό-

462 5487 551 5520 νον
575 5467 811 5520 τοσαῦτα
833 5467 1053 5531 ἔπαθεν,
1082 5465 1194 5518 ἀλλ’
1225 5465 1312 5519 ἵνα
1337 5468 1431 5520 καὶ
1459 5467 1564 5520 τῶν
1589 5469 1819 5538 πρώτων
1847 5468 2032 5520 ἐπιτύ-

465 5570 646 5622 χωμεν
670 5569 683 5582 ·
724 5552 910 5623 ὥσπερ
947 5552 1013 5606 ἂν
1063 5555 1113 5605 εί
1161 5570 1247 5614 τις
1283 5553 1571 5607 κατάδικον
1619 5555 1692 5625 μὴ
1731 5556 1892 5625 μόνον
1932 5557 2030 5626 τῆς

467 5641 729 5707 τιμωρίας
762 5639 1119 5710 ἐλευθερώσῃ,
1161 5639 1295 5692 ἀλλά
1328 5640 1422 5692 καὶ
1454 5643 1531 5702 εἰς
1559 5641 1723 5713 τιμὴν
1757 5644 2026 5714 ἀναγάγῃ.

472 5725 580 5775 Kal
606 5728 712 5787 τοῖς
739 5725 888 5780 οὐδὲν
929 5727 1300 5798 ἡμαρτηκόσιν
1338 5729 1665 5796 ἐγκατέταξε
1693 5748 1707 5762 ο
1746 5730 1944 5802 μᾶλλον
1975 5731 2030 5784 δέ

2086 735 2148 786 ού
2177 735 2286 795 τοῖς
2319 732 2394 802 μὴ
2421 730 2767 802 ἡμαρτηκόσι
2794 729 2952 800 μόνον
2973 767 2986 790 ,
3018 727 3154 781 ἀλλά
3179 727 3272 779 καὶ
3305 727 3417 788 τοῖς
3449 743 3664 798 κατωρο

2090 820 2288 871 θωκόσι
2311 819 2378 870 τά
2409 819 2642 887 μέγιστα
2662 833 2676 849 ο
2709 819 2804 869 καὶ
2833 816 2892 868 τὸ
2911 817 2974 885 δὴ
3006 813 3208 886 μεῖζον,
3241 815 3324 866 ὅτι
3356 814 3666 885 ἁγιωσύνην

2089 906 2186 976 τὴν
2241 905 2579 959 κατενώπιον
2617 903 2784 956 αὑτοῦ
2824 901 3044 956 δέδωκε.
3083 902 3156 954 Τὸ
3199 902 3256 954 δέ
3303 902 3665 972 ἀνέγκλητον,

2092 996 2340 1058 ἐπίτασις
2370 995 2464 1048 τοῦ
2493 992 2727 1064 ἀμώμου
2754 1007 2766 1020 ’
2793 992 3124 1062 ἀνέγκλητον
3153 991 3261 1062 γὰρ
3288 991 3407 1043 τότε
3432 991 3666 1058 λέγεται,

2091 1083 2219 1136 ὅταν
2264 1081 2400 1152 μηδέ
2446 1082 2607 1152 μέχρι
2641 1078 3068 1147 καταγνώσεως,
3106 1078 3240 1148 μηδέ
3277 1079 3438 1147 μέχρι
3468 1076 3668 1148 ἐγκλή-

2098 1166 2324 1243 ματοςῇ
2364 1187 2417 1221 τι
2444 1166 2830 1236 πεπραγμένον
2865 1168 3017 1235 ἡμῖν.
3057 1166 3197 1217 Ἀλλ’
3225 1165 3414 1236 ἐπειδὴ
3451 1165 3513 1218 τὸ
3547 1166 3668 1219 ὅλον

2095 1257 2259 1310 αὑτοῦ
2281 1255 2524 1309 τέθεικεν
2545 1253 2733 1318 εἰπὼν,
2761 1254 2843 1306 ὅτι
2867 1253 2953 1306 διὰ
2967 1252 3059 1305 τοῦ
3087 1253 3316 1305 θανάτου
3337 1251 3511 1305 ταῦτα
3538 1269 3672 1306 κατ-

2093 1343 2382 1414 ώρθωσεν,
2423 1342 2509 1394 ἵνα
2561 1343 2634 1412 μή
2689 1358 2776 1403 τις
2809 1341 2958 1414 εἴπῃ,
2989 1339 3195 1394 Ούκοῦν
3237 1340 3446 1403 οὐδενὸς
3477 1338 3674 1410 χρῄζο-

2102 1449 2220 1502 μεν,
2257 1430 2346 1482 διά
2374 1428 2533 1482 τοῦτο
2568 1429 2846 1497 ἐπήγαγεν
2870 1445 2883 1458 ο
2928 1427 3000 1481 ΕΖ
3029 1444 3094 1496 γε
3133 1427 3439 1496 ἐπιμένετε
3473 1425 3548 1496 τῇ
3580 1428 3674 1480 πί-

2098 1537 2229 1573 στει
2262 1516 2746 1586 τεθεμελιωμένοι
2778 1515 2875 1568 καὶ
2913 1514 3164 1582 ἑδραῖοι,
3197 1513 3290 1567 καί
3320 1515 3406 1584 μὴ
3438 1530 3676 1583 μετακι-

2099 1607 2378 1674 νούμενοι
2407 1605 2522 1658 ἀπὸ
2567 1603 2678 1672 τῆς
2714 1602 2964 1668 ἐλπίδος
3005 1601 3110 1656 τοῦ
3139 1603 3528 1672 Εὐαγγελίου.
3563 1600 3675 1672 Τὴν

2105 1693 2377 1764 ῥᾳθυμίαν
2414 1692 2590 1746 αὐτῶν
2621 1691 2851 1744 ἐνταῦθα
2886 1691 3189 1744 ἐπικύπτει.
3225 1691 3334 1744 Kal
3360 1689 3456 1760 ούχ
3489 1689 3674 1754 ἁπλῶς

2104 1778 2276 1842 εἶπεν,
2320 1778 2654 1848 Ἑπιμένετε
2673 1796 2686 1809 ·
2720 1778 2833 1831 ἔστι
2861 1778 2967 1849 γάρ
2991 1778 3268 1849 ἐπιμένειν
3296 1778 3672 1848 σαλευόμενον,

2105 1871 2200 1924 καὶ
2230 1867 2646 1940 διχοστατοῦντα
2669 1882 2683 1896 ·
2713 1866 2857 1920 ἔστιν
2881 1867 3100 1921 ἑστάναι
3126 1868 3217 1920 καὶ
3245 1869 3426 1937 μένειν
3447 1882 3674 1938 περιφεο

2109 1958 2356 2028 ρόμενον.
2375 1957 2449 2011 El
2469 1973 2534 2025 γε
2554 1954 2880 2024 ἐπιμένετε,
2906 1956 3056 2024 φησὶ,
3080 1953 3559 2022 τεθεμελιωμένοι
3579 1953 3679 2008 καί

2103 2044 2344 2112 ἑδραῖοι,
2377 2043 2579 2112 καὶμὴ
2609 2043 3120 2112 μετακινούμενοι.
3165 2040 3358 2103 Βαὸαὶ,
3397 2041 3558 2114 ἡλίκῃ
3596 2041 3680 2094 κέ-

2103 2149 2301 2202 χρηται
2325 2133 2500 2202 τροπῇ
2521 2170 2535 2185 .
2558 2131 2620 2182 ού
2645 2130 2806 2200 μόνον
2837 2130 2911 2199 μὴ
2939 2127 3308 2198 σαλευόμενοι,
3334 2130 3519 2199 φησὶν,
3547 2127 3680 2181 ἀλλά

2108 2220 2241 2290 μηδέ
2268 2217 2415 2272 κινού
2427 2235 2593 2289 μενοι.
2615 2218 2725 2270 Kal
2751 2217 2850 2286 ὅρα
2873 2233 2886 2246 ο
2918 2216 3068 2269 ούδέν
3091 2217 3344 2285 φορτικὸν
3368 2217 3502 2280 τέως
3529 2216 3682 2287 τίθη-

2107 2325 2210 2368 σιν,
2245 2307 2364 2359 ούδέ
2400 2307 2672 2367 ἐπίπονον,
2715 2304 2849 2356 ἀλλὰ
2897 2302 3078 2354 πίστιν
3127 2305 3220 2356 καὶ
3257 2303 3461 2356 ἐλπίδα.
3511 2305 3682 2356 Τουτ-

2109 2395 2295 2457 έστιν,
2341 2395 2434 2446 ἐὰν
2475 2393 2671 2462 μένητε
2707 2390 3073 2454 πιστεύοντες,
3106 2391 3187 2443 ὅτι
3223 2390 3486 2462 άληθὴςὴ
3529 2391 3684 2452 ἐλπὶς

2106 2480 2214 2534 τῶν
2262 2480 2584 2551 μελλόντων.
2640 2476 2906 2531 Ἐνταῦθα
2945 2476 3043 2546 μέν
3069 2477 3176 2548 γὰρ
3211 2477 3428 2530 δυνατόν
3450 2493 3464 2508 ⁸
3498 2479 3589 2530 ἐπί
3625 2477 3680 2529 δέ

2107 2570 2206 2638 τῆς
2237 2569 2435 2640 ἀρετῆς
2461 2568 2562 2620 ούκ
2583 2566 2664 2619 ἔνι
2691 2567 2764 2638 μὴ
2798 2564 3286 2635 μετασαλευθῆναι,
3316 2567 3419 2620 κᾶν
3443 2568 3640 2636 μικρόν
3665 2583 3679 2597 ·

2064 2687 2067 2690 -
2107 2655 2280 2718 οὕτως
2315 2655 2416 2707 ούκ
2449 2653 2596 2706 ἐστιν
2616 2653 2876 2722 ἐπαχθές.
2921 2652 3065 2706 Ἀπὸ
3095 2651 3203 2720 τῆς
3230 2654 3498 2720 ἐλπίδος,
3525 2654 3680 2724 φησί,

2114 2743 2220 2796 τοῦ
2246 2742 2613 2812 Εὑαγγελίου
2632 2782 2647 2807 ,
2677 2737 2748 2797 οὗ
2778 2742 3109 2808 ἠκούσατε,
3142 2739 3249 2793 τοῦ
3277 2743 3681 2810 κηρυχθέντος

2110 2831 2180 2886 ἐν
2210 2829 2376 2899 πάσῃ
2408 2831 2600 2883 κτίσει
2624 2829 2697 2897 τῇ
2731 2829 2847 2884 ὑπὸ
2878 2829 2985 2882 τὸν
3014 2831 3292 2896 οὐρανόν.
3327 2832 3420 2894 Τίς
3448 2830 3505 2883 δέ
3535 2833 3681 2884 ἐστιν

2111 2920 2146 2989 ἡ
2175 2918 2328 2981 ἐλπὶς
2347 2916 2441 2970 τοῦ
2473 2915 2621 2988 [552]
2646 2916 3000 2984 Εὑαγγελίου,
3030 2917 3145 2970 ἀλλ’
3175 2916 3208 2986 ἦ
3235 2919 3263 2970 ό
3290 2918 3521 2988 Χριστὸς
3542 2934 3556 2983 ;
3575 2918 3699 2970 Af».

2113 3005 2204 3068 τὸς
2242 3007 2349 3075 γάρ
2383 3006 2529 3056 ἐστιν
2567 3005 2600 3074 ἡ
2642 3005 2832 3073 εἰρήνη
2873 3004 3060 3074 ἡμῶν,
3094 3004 3189 3056 καὶ
3223 3004 3398 3057 πάντα
3441 3004 3612 3058 ταῦτα
3654 3005 3683 3056 ὁ

2114 3093 2506 3164 ἐργασάμενος.
2547 3091 2710 3143 Ὥστε
2744 3093 2771 3144 ὁ
2794 3093 3000 3162 ἑτέροις
3025 3091 3366 3161 ἐπιγράφων,
3403 3092 3659 3162 μετακεκί
3680 3120 3701 3166 θε

2115 3196 2306 3250 νηταιο
2341 3179 2517 3233 πάντα
2558 3177 2668 3248 γὰρ
2717 3177 3018 3244 ἀπώλεσεν,
3057 3179 3152 3232 ἐάν
3194 3181 3269 3251 μὴ
3314 3181 3394 3243 εἰς
3421 3181 3510 3232 τὸν
3548 3182 3682 3250 Χρι-

2124 3267 2246 3319 στὸν
2276 3265 2526 3336 πιστεύῃ.
2557 3264 2908 3330 Ἠκούσατε,
2939 3267 3092 3335 φησί.
3121 3267 3288 3320 Πάλιν
3316 3267 3508 3329 αὐτοὺς
3531 3267 3683 3336 φέρει

2126 3355 2408 3426 μάρτυρας
2429 3395 2443 3418 ,
2475 3349 2593 3406 εἶτα
2621 3351 2720 3423 τὴν
2749 3354 3076 3423 οἰκουμένην
3109 3352 3346 3410 ἃπασαν.
3390 3353 3465 3406 Ού
3503 3352 3682 3421 λέγει,

2120 3442 2213 3496 τοῦ
2253 3443 2654 3514 κηρυττομένου
2677 3481 2692 3505 ,
2734 3441 2868 3506 ἀλλ’,
2905 3441 3004 3512 ἥδη
3045 3442 3422 3505 πιστευθέντος
3449 3441 3542 3493 καὶ
3575 3445 3686 3508 Κη-

2115 3532 2447 3601 ρυχϐἐντος
2467 3547 2480 3562 ·
2509 3532 2645 3602 ὅπερ
2681 3531 2775 3584 καὶ
2805 3531 3102 3601 ἀρχόμενος
3137 3531 3409 3599 ἐποίησεν,
3451 3530 3556 3584 ἀπὸ
3587 3530 3685 3598 τῆς

2121 3619 2229 3671 τῶν
2260 3619 2468 3670 πολλῶν
2497 3617 2798 3689 μαρτυρίας
2831 3617 2923 3670 καὶ
2948 3616 3169 3679 τούτους
3197 3620 3390 3687 στῆσαι
3425 3615 3685 3687 βουλόμε-

2123 3724 2229 3768 νος.
2263 3701 2345 3762 Οὗ
2371 3706 2662 3775 ἐγενόμην
2686 3703 2800 3774 ἐγὼ
2825 3703 3063 3769 Παῦλος
3082 3703 3375 3770 διάκονος.
3407 3705 3513 3756 Kal
3533 3703 3687 3756 τοῦτο

2124 3795 2204 3855 εἰς
2247 3794 2308 3844 τὸ
2353 3791 2662 3857 ἀξιόπιστον
2709 3790 2968 3843 συντελεῖ.
3014 3791 3188 3859 Ἐγὼ,
3236 3791 3401 3860 φησὶ,
3449 3789 3688 3856 Παῦλος

2124 3879 2423 3944 διάκονος.
2477 3879 2636 3946 Μέγα
2687 3877 2794 3948 γὰρ
2845 3876 3008 3931 αὑτοῦ
3057 3873 3123 3946 ἦν
3161 3877 3220 3928 τὸ
3259 3877 3470 3948 ἀξίωμα
3503 3877 3688 3930 λοιπὸν

2126 3966 2403 4036 πανταχοῦ
2446 3966 2728 4037 ᾀδομένου,
2763 3965 2855 4018 καὶ
2880 3965 2979 4028 τῆς
3016 3964 3334 4035 οἰκουμένης
3371 3965 3520 4029 ὄντος
3543 3966 3686 4019 διδα-

2127 4054 2348 4109 σκάλου.
2390 4054 2519 4108 Νῦν
2557 4053 2738 4122 χαίρω
2781 4053 2850 4106 ἐν
2882 4052 3004 4117 τοῖς
3039 4051 3346 4120 παθήμασί
3389 4071 3506 4121 μου
3541 4053 3687 4122 ὑπὲρ

2127 4139 2312 4209 ὑμῶν,
2348 4140 2446 4192 καὶ
2468 4137 2902 4206 ἀνταναπληρῶ
2929 4139 3000 4190 τὰ
3023 4139 3400 4206 ὑστερήματα
3424 4139 3538 4192 τῶν
3566 4141 3688 4194 θλί-

2125 4232 2291 4297 ψεων
2322 4229 2428 4283 τοῦ
2453 4228 2708 4296 Χριστοῦ
2731 4227 2800 4280 ἐν
2828 4227 2900 4294 τῇ
2921 4228 3100 4294 σαρκί
3116 4245 3236 4296 μου
3267 4228 3417 4295 ὑπὲρ
3440 4228 3546 4284 τοῦ
3569 4227 3688 4284 σώ-

2122 4331 2312 4384 ματος
2340 4314 2527 4368 αὺτοῦ
2546 4355 2561 4379 ,
2602 4314 2635 4367 ὅ
2664 4315 2836 4367 ἐστιν
2868 4315 2905 4378 ἡ
2952 4315 3292 4380 Ἐκκλησία.

2183 4418 2247 4488 β’.
2269 4419 2376 4472 Kal
2393 4419 2522 4471 ποία
2539 4416 2675 4488 αῦτη
2692 4415 3006 4482 ἀκολουθία;
3029 4419 3184 4470 Δοκεῖ
3203 4418 3302 4486 μὲν
3321 4419 3686 4490 ἀπηρτῆσθαι,

2130 4507 2330 4578 πολλὴν
2358 4507 2414 4560 δέ
2447 4507 2560 4577 ἔχει
2585 4507 2682 4575 τὴν
2716 4506 3053 4559 ἀκολουθίαν.
3087 4507 3214 4570 Καὶ,
3247 4507 3549 4572 Διάκονος,
3584 4525 3686 4577 φη-

2127 4598 2210 4651 σίν
2227 4612 2238 4624 ·
2264 4596 2383 4650 ἀντὶ
2401 4595 2516 4659 τοῦ,
2547 4596 2697 4648 ούδέν
2724 4596 2852 4664 παρ’
2886 4593 3122 4662 ἐμαυτοῦ
3146 4595 3434 4666 εἰσφέρων,
3462 4595 3594 4647 ἀλλά
3618 4597 3684 4648 τά

2124 4681 2310 4753 ἐτέρου
2328 4683 2734 4751 καταγγέλλων.
2754 4681 2908 4736 Οὕτω
2929 4683 2985 4735 δὲ
3008 4681 3265 4746 πιστεύω,
3283 4684 3366 4736 ὅτι
3387 4685 3478 4737 καὶ
3496 4683 3687 4752 πάσχω

2125 4773 2264 4842 ὑπὲρ
2293 4771 2490 4825 αὐτοῦ’
2528 4773 2619 4826 καὶ
2668 4775 2728 4825 ού
2775 4772 2967 4842 πάσχω
3008 4773 3188 4842 μόνον,
3221 4772 3354 4826 ἀλλά
3388 4773 3481 4825 καὶ
3519 4773 3688 4842 χαίρω

2127 4860 2382 4929 πάσχων,
2420 4858 2555 4929 πρὸς
2593 4858 2690 4927 τὴν
2733 4859 2923 4912 ἐλπίδα
2961 4859 3058 4928 τὴν
3095 4857 3390 4927 μέλλουσαν
3433 4858 3685 4930 ἀφορῶν·

2127 4950 2223 5003 καὶ
2257 4952 2448 5018 πάσχω
2480 4949 2576 5015 οὐχ
2602 4947 2740 5017 ὑπὲρ
2768 4946 3024 5016 ἐμαυτοῦ,
3059 4946 3172 4999 ἀλλ’
3209 4947 3344 5017 ύπέρ
3371 4947 3540 5016 ὑμῶν.
3583 4946 3688 5000 Καὶ

2127 5033 2582 5102 ἀνταναπληρῶ,
2606 5034 2758 5102 φησὶ,
2788 5034 2859 5086 τὰ
2889 5034 3264 5101 ὑστερήματα
3288 5033 3404 5086 τῶν
3429 5034 3691 5101 θλίψεων

2127 5123 2234 5176 τοῦ
2253 5121 2510 5189 Χριστοῦ
2535 5123 2602 5174 ἐν
2618 5120 2692 5188 τῇ
2717 5121 2899 5187 σαρκί
2915 5138 3053 5189 μου.
3084 5123 3241 5173 Δοκεῖ
3264 5121 3360 5189 μὲν
3383 5123 3524 5189 μέγα
3553 5117 3690 5173 εἶναι

2129 5213 2262 5283 ὅπερ
2299 5210 2627 5279 ἐφθέγξατο,
2683 5209 2800 5262 ἀλλ’
2833 5210 2932 5262 οὐκ
2972 5209 3118 5261 ἐστιν
3163 5209 3450 5274 ἀπονοίας,
3489 5210 3562 5280 μὴ
3603 5210 3693 5276 γέ-

2129 5315 2298 5360 νοιτο,
2347 5296 2482 5348 ἀλλά
2515 5295 2608 5348 καὶ
2649 5295 2849 5364 πολλῆς
2895 5295 3270 5365 φιλοστοργίας
3310 5295 3408 5362 τῆς
3441 5296 3567 5365 περὶ
3604 5295 3694 5348 τὸν

2130 5384 2360 5456 Χριστὸν
2385 5397 2398 5413 ⁶
2438 5383 2499 5434 ού
2537 5383 2643 5452 γάρ
2675 5381 2920 5450 βούλεται
2949 5382 3112 5434 αὐτοῦ
3150 5378 3308 5442 εἶναι,
3342 5382 3455 5434 ἀλλ’
3485 5383 3692 5434 ἐκείνου

2130 5472 2199 5524 τὰ
2221 5471 2385 5537 πάθη·
2420 5469 2576 5522 Οὖτω
2599 5471 2654 5522 δὲ
2681 5466 2819 5534 εἶπεν
2850 5469 3068 5530 τούτους
3097 5470 3370 5522 οἰκειῶσαι
3401 5469 3546 5539 αὐτῷ
3571 5469 3695 5540 βου.

2131 5560 2375 5630 λόμενος.
2423 5559 2531 5610 Kal
2554 5557 2588 5610 ἃ.
2617 5557 2727 5624 ἐγὼ
2765 5558 2974 5626 πάσχω,
3008 5555 3075 5608 δι’
3113 5557 3318 5610 ἐκεῖνον
3348 5557 3560 5626 πάσχω,
3591 5573 3696 5626 φη-

2135 5650 2218 5700 σίν
2241 5665 2254 5678 ο
2287 5647 2425 5698 ὥστε
2463 5645 2538 5714 μὴ
2571 5646 2693 5714 ἐμοὶ
2743 5645 2901 5712 χάριν
2943 5643 3250 5711 ὁμολογεῖτε
3273 5685 3287 5705 ,
3326 5643 3440 5696 ἀλλ’
3465 5645 3689 5712 ἐκείνῳο

2135 5734 2294 5796 αὐτὸς
2319 5732 2426 5803 γὰρ
2457 5733 2650 5801 πάσχει
2678 5732 2868 5785 ταῦτα.
2902 5731 3110 5799 ’Ὠσπερ
3150 5729 3214 5784 ἂν
3237 5730 3288 5782 εἴ
3315 5749 3395 5794 τις
3420 5731 3693 5802 πεμφθεὶς
