4120 6400
1245 563 1264 568 _
1273 561 1598 568 .—-—._——-
1605 561 1634 566 _

1331 385 1394 439 IN
1439 383 1649 438 EPIST.
1691 383 1780 436 AD
1819 379 2094 433 COLOSS.
2134 378 2285 433 CAP.
2329 381 2369 433 1.
2408 377 2633 432 ειυιιιιη
2673 376 2759 429 ιγ.

3581 373 3686 429 3‘26

2231 555 2542 562 ..ρ--μ--ν-
2561 551 2978 560 ..ο-...σ---ῌ-ο-..γ
3007 553 3042 558 ο..
3083 554 3122 558 ._
3167 547 3659 558 _e____.._——_—————-—-

1801 616 2146 676 HOMILIA
2191 615 2296 674 ιν.

411 765 540 822 CAP.
578 766 631 820 Ι.
673 780 727 817 v.
763 762 854 817 2L
888 761 956 816 Et
997 779 1082 816 vos
1112 779 1225 814 cum
1261 764 1431 816 essetis
1472 760 1746 828 aliquando
1782 761 1989 813 alienati

481 865 528 910 et
564 855 757 908 inimici
796 870 946 907 sensu
975 854 1026 905 in
1063 852 1296 918 operibus
1333 851 1500 914 malis,
1545 853 1637 905 22.
1670 869 1802 904 nunc
1827 861 1995 904 autem

482 948 822 1002 reconciliavit
852 947 904 998 in
929 961 1138 1013 corpore
1165 945 1330 998 carnis
1349 945 1457 1011 ejus
1480 960 1568 1012 per
1592 953 1820 1006 mortem,
1847 943 1996 994 exhi-

481 1039 596 1093 bere
623 1053 707 1090 vos
741 1049 942 1091 sanctos
981 1047 1029 1089 et
1067 1035 1419 1088 inmaculatos
1459 1045 1506 1087 et
1535 1033 1995 1103 irrepreltensibiles

482 1148 653 1185 coram
673 1132 807 1200 ipso.

484 1227 538 1278 1.
590 1224 685 1278 Hic
729 1223 983 1290 deinceps
1022 1219 1280 1286 ostendit,
1309 1218 1450 1290 quod
1473 1219 1634 1274 etiam
1666 1234 1786 1273 cum
1814 1228 1996 1273 essent

415 1317 615 1386 indigni
638 1315 1094 1376 reconciliatione,
1117 1327 1212 1367 eos
1230 1312 1617 1366 reconciliavit.
1640 1312 1828 1366 Dicere
1849 1313 1993 1366 enim

411 1408 551 1478 quod
597 1416 779 1461 essent
820 1407 918 1459 sub
945 1414 1206 1474 potestate
1236 1403 1600 1467 tenebrarum,
1634 1401 1868 1456 ostendit
1903 1417 1994 1454 ca-

412 1500 700 1554 lamitatem
744 1499 796 1551 in
837 1513 939 1567 qua
968 1506 1140 1551 erant.
1169 1496 1275 1552 Sed
1306 1513 1393 1559 tte,
1422 1511 1544 1548 cum
1576 1495 1808 1548 audieris
1841 1503 1994 1562 pote-

410 1602 602 1646 statem
656 1590 994 1644 tenebrarum
1024 1629 1038 1652 ,
1093 1589 1368 1642 existimes
1415 1602 1538 1641 esse
1583 1587 1992 1647 necessitatem,

411 1684 690 1750 suhjttnxit
723 1701 737 1736 :
772 1681 834 1733 Et
879 1697 962 1734 vos
1000 1697 1112 1733 cum
1153 1681 1322 1734 essetis
1358 1678 1587 1732 alienati.
1637 1678 1992 1744 Quamobrem

410 1774 620 1828 videtur
644 1773 858 1842 quidem
903 1771 1040 1825 idem
1081 1771 1282 1832 dicere,
1326 1784 1430 1823 non
1471 1777 1554 1822 est
1596 1777 1774 1821 autem
1809 1767 1946 1822 idem
1980 1789 1992 1822 :

412 1879 516 1918 non
546 1874 670 1918 sunt
713 1865 856 1917 enim
890 1862 1056 1930 paria,
1103 1877 1222 1914 eum
1274 1861 1362 1928 qui
1408 1875 1474 1913 ex
1514 1861 1833 1913 necessitate
1875 1874 1998 1928 per-

411 1970 600 2025 pessus
624 1962 726 2017 est,
755 1963 811 2007 et
838 1968 956 2006 eutn
986 1951 1074 2021 qui
1107 1966 1200 2003 sua
1231 1958 1421 2018 sponte
1463 1958 1520 2004 et
1560 1949 1745 2003 volens
1769 1958 1852 2002 est
1877 1963 1996 2016 pas-

411 2061 502 2102 sus
527 2086 540 2108 ,
579 2061 608 2098 a
654 2045 809 2100 malis
849 2044 1125 2098 liberasse.
1154 2042 1285 2096 Nam
1332 2042 1420 2096 ille
1450 2041 1663 2110 quidem
1689 2041 1879 2110 digntts
1914 2051 1994 2095 est

416 2136 818 2201 misericordia;
853 2135 938 2189 hic
964 2144 1142 2188 autent
1187 2135 1376 2204 dignus
1407 2144 1497 2187 est
1525 2134 1611 2200 qtti
1643 2133 1767 2186 odio
1795 2132 1994 2186 habea-

411 2239 518 2283 tur.
548 2229 653 2283 Sed
688 2239 862 2282 tanten
892 2242 1009 2290 vos,
1048 2226 1238 2295 inquit,
1284 2243 1391 2280 non
1426 2228 1641 2291 invitos,
1677 2242 1775 2281 nec
1807 2241 1996 2281 neces-

411 2324 568 2376 sitate
595 2321 924 2391 compulsos,
957 2319 1050 2374 sed
1093 2320 1336 2374 lubentes
1365 2331 1419 2374 et
1454 2321 1750 2374 voluntarie
1786 2321 1854 2374 ab
1882 2321 1998 2390 ipso

413 2415 732 2481 resilientes,
751 2429 872 2468 cum
894 2414 1084 2468 essetis
1108 2413 1328 2482 indigni,
1359 2414 1624 2466 liberavit.
1652 2413 1718 2466 Et
1742 2414 1993 2482 quoniam

413 2508 657 2561 meminit
683 2523 870 2561 eorum
908 2523 1026 2576 qua:
1055 2515 1180 2559 sunt
1222 2507 1273 2559 in
1314 2506 1488 2570 cst-lis,
1538 2505 1769 2559 ostendit
1809 2519 1996 2559 omnes

411 2600 720 2653 inimicitias
749 2599 893 2662 hinc,
921 2615 1026 2651 non
1056 2598 1203 2650 illinc
1233 2597 1458 2651 duxisse
1491 2597 1719 2650 initium.
1748 2596 1880 2650 Nam
1920 2595 1994 2650 illi

413 2691 516 2760 iam
549 2692 674 2745 olim
703 2691 971 2756 volebant,
995 2701 1051 2745 et
1079 2691 1217 2744 Deus
1245 2691 1411 2744 voluit
1436 2707 1450 2752 ;
1483 2707 1577 2743 vos
1609 2700 1785 2744 autem
1817 2690 1994 2743 nolui-

412 2785 528 2836 stis.
568 2784 632 2837 Et
655 2784 875 2837 omnino
899 2782 1137 2837 ostendit
1165 2782 1300 2848 fore,
1337 2793 1392 2836 nt
1419 2783 1469 2835 in
1502 2783 1839 2836 inferioribus
1864 2792 1997 2836 tem-

415 2876 632 2942 poribus
675 2875 802 2929 nihil
841 2884 1058 2944 possent
1086 2876 1279 2945 angeli,
1325 2876 1367 2928 si
1401 2874 1724 2929 mansissent
1754 2875 1992 2939 inimici;

414 2977 466 3020 ct
495 2983 666 3036 neque
713 2977 930 3038 possent
962 2969 1304 3037 persuadere,
1340 2983 1511 3038 neque
1539 2982 1824 3037 persuasos
1859 2967 1994 3022 libe-

414 3074 532 3112 rare
553 3075 582 3112 a
609 3059 846 3114 diabolo.
889 3060 1071 3128 Neque
1099 3061 1242 3114 enim
1285 3060 1616 3129 persuasisse
1645 3059 1846 3128 aliquid
1874 3076 1996 3128 pro-

414 3152 620 3218 t'uisset,
668 3155 712 3208 si
755 3155 844 3224 qui
885 3153 1158 3208 detinebat
1188 3169 1293 3206 non
1345 3151 1781 3221 fuissetligatus;
1826 3166 1997 3221 neque

415 3259 536 3296 esse
565 3243 782 3312 ligatum
823 3243 1021 3312 aliqttid
1055 3242 1380 3312 profuisset,
1431 3244 1474 3297 si
1507 3243 1596 3312 qtti
1624 3242 1993 3297 detinebantur

419 3337 625 3389 nollent
654 3337 848 3390 redire.
880 3336 986 3390 Sed
1014 3346 1298 3404 utrumque
1326 3334 1633 3403 Oportebat,
1667 3349 1891 3404 quorum
1920 3332 1996 3386 illi

416 3428 628 3494 quidem
659 3426 812 3486 nihil,
843 3425 1089 3479 Christus
1123 3437 1298 3479 autem
1329 3425 1450 3479 fecit
1483 3435 1785 3493 utrumque.
1818 3425 1998 3491 Itaque

418 3518 710 3571 mirabilius
739 3526 857 3571 erat
903 3517 1258 3586 persuadere,
1303 3532 1463 3585 quam
1506 3525 1731 3568 mortem
1764 3514 1994 3569 solvere.

418 3610 546 3664 Nam
579 3610 703 3664 illud
742 3609 954 3678 quidem
1005 3618 1172 3662 totum
1231 3619 1348 3662 erat
1397 3609 1447 3662 in
1494 3607 1608 3677 ejus
1649 3607 1814 3660 solius
1845 3617 1996 3675 pote-

417 3711 582 3765 state;
617 3701 717 3754 hoc
743 3710 919 3755 autem
969 3717 1072 3753 non
1120 3701 1172 3753 itt
1212 3700 1329 3767 ejus
1369 3700 1532 3752 solius
1578 3707 1861 3767 potestate,
1902 3696 1997 3750 sed

419 3794 575 3847 etiam
604 3801 721 3847 erat
748 3794 799 3846 in
831 3801 1010 3846 nostra
1045 3809 1057 3843 :
1090 3791 1296 3845 facilius
1321 3801 1498 3844 autem
1517 3790 1777 3844 efficimus
1795 3806 1853 3842 ea
1879 3803 2000 3856 quae

419 3894 545 3940 Sunt
575 3887 624 3939 itt
670 3894 852 3939 nostra
902 3895 1183 3954 potestate.
1232 3885 1368 3953 Ergo
1415 3895 1682 3951 tamquam
1726 3882 1913 3950 majus.
1948 3881 2000 3934 id

421 3979 568 4047 ponit
597 3982 882 4047 posterius.
946 3978 1126 4046 Neque
1167 3977 1340 4030 solum
1368 3977 1517 4040 dixit,
1545 3975 1672 4030 Cum
1705 3975 1895 4028 inimici
1920 3991 1998 4027 es-

421 4071 553 4132 setis,
585 4069 677 4122 sed
703 4070 887 4134 etiam,
921 4067 1182 4120 Alienati:
1211 4066 1350 4136 quod
1386 4082 1630 4135 magnam
1663 4064 1878 4133 praefert
1903 4065 2001 4116 iui-

421 4158 714 4213 micitiam:
749 4173 922 4227 neque
963 4158 1134 4210 solum
1175 4157 1422 4220 alienati,
1466 4156 1560 4210 sed
1596 4170 1769 4222 neque
1803 4169 2001 4222 exspe-

419 4259 630 4304 ctantes
659 4250 872 4303 reverti.
909 4248 978 4302 Et
1010 4249 1256 4302 inimicos
1284 4247 1414 4302 dicit
1451 4263 1610 4301 sensu
1653 4262 1748 4300 seu
1784 4246 1998 4309 animo;

423 4342 546 4394 hinc
573 4341 850 4395 declarans
876 4356 1062 4394 eorum
1098 4340 1473 4394 alienationem
1507 4355 1610 4392 non
1643 4341 1696 4393 in
1727 4341 2002 4409 proposito

423 4441 627 4485 tantum
653 4432 893 4496 stetisse;
937 4431 1028 4485 sed
1056 4430 1226 4499 quid?
1266 4430 1332 4483 Et
1372 4431 1425 4482 in
1465 4429 1700 4499 operibus
1739 4432 1906 4484 malis.
1939 4432 2002 4484 Et

426 4524 646 4586 inimici,
695 4524 883 4592 inquit,
911 4524 1104 4587 eratis;
1146 4533 1199 4576 et
1237 4524 1473 4592 agebatis
1503 4539 1621 4592 qua:
1661 4532 1788 4577 sunt
1827 4523 2002 4577 inimi-

423 4632 628 4670 corum.
657 4614 705 4668 Ν
713 4632 810 4668 unc
837 4626 1000 4668 autem
1029 4615 1368 4668 reconciliavit
1391 4618 1441 4667 in
1468 4631 1678 4683 corpore
1699 4616 1867 4668 carnis
1895 4617 2004 4686 ejus

425 4725 513 4776 per
551 4719 789 4771 mortem,
836 4707 1066 4760 exhibere
1115 4723 1200 4760 vos
1239 4717 1438 4760 sanctos
1475 4717 1520 4759 et
1565 4708 1916 4761 immaculatos
1957 4719 2006 4762 et

425 4798 883 4866 trrepreltensibiles
918 4799 1237 4866 coramipso.
1283 4798 1376 4851 llic
1401 4798 1547 4866 ponit
1589 4798 1749 4850 etiam
1789 4798 2004 4852 modum

429 4891 878 4944 reconciliationis
909 4905 926 4943 z
954 4889 1095 4958 quod
1145 4891 1196 4943 ιιι
1245 4904 1471 4958 corpore
1520 4905 1624 4942 non
1671 4890 1843 4943 solum
1873 4907 2005 4958 pper-

426 4998 634 5047 Cttsstts,
668 4981 969 5048 flagellatus
993 4991 1047 5035 et
1074 4983 1341 5042 venditus,
1370 4982 1463 5035 sed
1514 4983 1675 5036 etiam
1704 4984 2004 5051 turpissima

428 5084 600 5127 morte
628 5084 866 5127 mortuus
893 5074 980 5127 sit.
1011 5073 1215 5127 Rursus
1238 5075 1484 5127 meminit
1507 5075 1710 5139 crucis;
1738 5084 1793 5128 et
1825 5089 2008 5128 rursus

430 5165 570 5219 aliud
602 5166 750 5234 ponit
797 5165 1135 5219 beneficium.
1189 5166 1302 5219 Non
1352 5167 1520 5219 solum
1551 5167 1693 5219 enim
1743 5167 2002 5230 liberavit,

431 5255 526 5310 sed
570 5257 730 5309 etiam
759 5255 901 5324 quod
940 5257 1186 5324 superius
1229 5256 1378 5320 dicit,
1416 5256 1510 5320 Qui
1540 5272 1630 5308 nos
1659 5259 1775 5326 fecit
1802 5256 2008 5309 idoneos

432 5358 478 5402 et
498 5349 814 5418 sttﬁicientes,
846 5348 930 5401 hic
952 5364 1165 5416 quoque
1191 5349 1346 5402 tacite
1367 5347 1646 5416 significat.
1671 5347 1776 5401 Per
1800 5359 2011 5402 mortem

434 5442 563 5510 ejus,
593 5441 781 5510 inquit,
811 5439 1042 5494 exhibere
1073 5456 1157 5494 vos
1180 5451 1381 5496 sanctos
1413 5451 1457 5493 et
1484 5439 1833 5494 immaculatos
1863 5453 1908 5495 et
1935 5442 2010 5494 ir-

436 5532 844 5600 repreltensibiles
870 5548 1041 5586 coram
1071 5532 1202 5599 ipso.
1244 5531 1359 5586 Non
1387 5532 1560 5585 Solum
1595 5533 1737 5585 enim
1769 5532 2013 5587 liberavit

438 5639 466 5675 a
497 5625 746 5691 peccatis,
777 5622 872 5677 sed
902 5624 1059 5677 etiam
1106 5623 1160 5677 in
1191 5623 1479 5692 proborum
1509 5637 1574 5677 ac
1616 5623 1876 5677 bonorum
1909 5639 2013 5676 nu-

443 5732 646 5770 merum
676 5717 877 5771 retulit.
919 5715 1037 5770 Non
1076 5717 1218 5771 enim
1242 5725 1385 5770 tanta
1413 5731 1600 5786 passus
1637 5726 1718 5770 est
1753 5717 1923 5769 solum
1957 5726 2014 5770 ut

449 5822 542 5860 nos
570 5807 824 5863 liberaret
861 5823 888 5859 a
940 5807 1116 5871 malis,
1162 5807 1258 5862 sed
1300 5808 1460 5862 etiam
1507 5819 1562 5860 ut
1595 5809 1792 5877 primas
1834 5818 2016 5880 partes

450 5915 851 5971 isseqtteremur
882 5918 893 5952 :
929 5909 984 5953 ιιι
1039 5897 1081 5951 si
1109 5899 1226 5967 quis
1255 5913 1403 5956 reum
1436 5915 1536 5955 non
1566 5902 1734 5959 solum
1765 5903 2017 5957 liberaret

767 6017 1036 6076 PATBOL.
1081 6016 1198 6075 Gn.
1249 6011 1438 6075 LX”.

2102 775 2130 811 a
2160 761 2443 830 supplicio,
2475 761 2566 814 sed
2596 761 2755 814 etiam
2783 761 2847 814 ad
2883 761 3139 816 honorem
3190 763 3464 820 eveheret.
3502 765 3570 822 Et
3586 780 3676 819 re-

2103 851 2222 905 tulit
2243 852 2294 904 in
2324 868 2624 918 numerum,
2656 869 2760 906 non
2799 854 2972 906 solum
3003 870 3189 908 eorum
3215 857 3304 924 qtti
3333 856 3463 910 nihil
3495 871 3687 926 pecca-

2101 953 2245 1007 runt,
2270 942 2362 995 sed
2389 942 2548 995 etiam
2577 958 2762 996 eorum
2791 944 2878 1011 qtti
2914 959 3002 998 res
3027 953 3311 1013 gesserunt
3341 947 3602 1001 maximas
3623 955 3680 1002 et

2101 1032 2542 1101 praeclarissimas
2573 1051 2584 1086 :
2615 1042 2669 1087 et
2711 1033 2852 1103 quod
2891 1035 3063 1102 majus
3092 1046 3196 1099 est,
3228 1037 3376 1090 dedit
3422 1040 3681 1092 sanctita-

2103 1131 2206 1175 tem
2233 1138 2351 1190 quae
2380 1133 2462 1176 est
2488 1138 2667 1177 coram
2700 1125 2837 1194 ipso.
2865 1124 2998 1179 lllud
3038 1137 3240 1192 autem,
3291 1127 3685 1198 irreprehensi-

2100 1211 2285 1278 bilem,
2313 1214 2486 1281 majus
2526 1224 2627 1279 est,
2674 1231 2833 1284 quam
2877 1216 3248 1286 inculpatum:
3294 1218 3681 1288 irrept'ebensi-

2101 1303 2232 1358 biles
2259 1305 2400 1359 enim
2438 1304 2697 1368 dicimur,
2737 1307 2950 1376 quando
2993 1323 3093 1362 nec
3132 1308 3550 1377 reprehensione
3582 1325 3684 1367 nec

2098 1398 2474 1451 criminatione
2499 1398 2718 1468 dignum
2759 1401 2885 1469 quid
2912 1401 3154 1456 fecimus.
3182 1403 3284 1457 Sed
3309 1406 3560 1473 quoniam
3597 1415 3683 1458 to-

2099 1498 2209 1544 tttm
2238 1491 2285 1542 ei
2311 1491 2573 1557 attribuit,
2606 1491 2811 1556 dicens,
2841 1494 2980 1563 quod
3015 1511 3109 1563 per
3147 1507 3376 1552 mortem
3411 1499 3524 1553 htec
3559 1514 3683 1568 ges-

2100 1583 2252 1647 serit,
2282 1599 2346 1636 ne
2368 1584 2488 1652 quis
2515 1584 2676 1647 dicat,
2710 1585 2860 1640 Nulla
2889 1602 3018 1656 ergo
3044 1603 3102 1640 re
3128 1603 3368 1656 egemus,
3398 1599 3682 1658 propterea

2099 1673 2372 1741 subjunxit
2403 1691 2414 1726 :
2449 1674 2538 1729 25.
2571 1674 2629 1728 Si
2659 1684 2825 1729 tamen
2856 1680 3159 1746 permanetis
3182 1679 3234 1730 in
3265 1680 3366 1747 ﬁde
3391 1681 3610 1747 fundati,
3638 1691 3684 1736 et

2098 1766 2320 1830 stabiles,
2345 1777 2390 1820 et
2419 1769 2695 1823 immobiles
2713 1788 2745 1823 a
2766 1787 2854 1839 spe
2873 1773 3139 1842 evangelii.
3164 1774 3358 1828 Eorum
3381 1775 3680 1829 socordiam

2101 1856 2186 1910 hic
2216 1859 2563 1929 perstringit:
2593 1870 2649 1915 et
2675 1877 2781 1914 non
2813 1863 2986 1916 solum
3014 1864 3168 1928 dixit,
3205 1863 3562 1922 Permanetis:
3591 1882 3684 1935 po-

2101 1957 2204 2001 test
2253 1951 2394 2004 enim
2441 1964 2558 2005 esse
2598 1960 2654 2004 ut
2693 1965 3002 2020 permaneat
3053 1955 3239 2010 labans
3269 1964 3323 2010 et
3365 1956 3681 2011 seditionem

2098 2038 2344 2108 agitans;
2377 2049 2552 2110 potest
2581 2044 2740 2096 etiam
2765 2060 2884 2098 esse
2917 2055 2972 2099 ιιι
3001 2058 3106 2100 Stet
3133 2055 3187 2101 et
3208 2057 3422 2101 maneat
3453 2049 3682 2103 circinu-

2097 2140 2246 2185 actus
2279 2150 2290 2184 :
2327 2132 2388 2186 Si
2417 2143 2582 2187 tamen
2629 2139 2953 2205 permanetis,
2997 2138 3184 2208 inquit,
3240 2140 3441 2207 fundati
3486 2149 3534 2194 et
3575 2151 3683 2194 sta-

2101 2222 2241 2288 biles,
2272 2233 2316 2276 et
2340 2225 2635 2280 immobiles.
2665 2227 2852 2295 Papaal
2886 2238 3082 2296 quanta
3106 2244 3232 2283 usus
3261 2241 3343 2284 est
3369 2229 3680 2300 metaphora

2097 2330 2160 2367 ac
2189 2316 2568 2372 translatione!
2610 2319 2726 2373 Non
2772 2321 2967 2387 solum,
3018 2322 3224 2391 inquit,
3268 2339 3373 2377 non
3418 2324 3678 2387 labantes.

2099 2406 2192 2459 sed
2221 2422 2288 2461 ne
2311 2409 2438 2462 moti
2466 2410 2701 2478 quidem.
2727 2410 2861 2465 Vide
2884 2423 3062 2466 autem
3086 2430 3100 2478 ;
3133 2412 3264 2467 nihil
3292 2415 3504 2469 interim
3536 2418 3684 2484 ponit

2099 2512 2262 2564 grave
2292 2513 2389 2552 nec
2415 2499 2764 2563 laboriosum,
2809 2503 2903 2556 sed
2935 2503 3090 2557 fidem
3123 2513 3177 2558 et
3211 2520 3382 2569 spem.
3425 2507 3540 2562 Hoc
3575 2518 3678 2570 est,

2099 2586 2154 2641 Si
2202 2590 2463 2644 maneatis
2501 2591 2784 2646 credentes
2837 2593 2979 2662 quod
3021 2610 3146 2647 vera
3177 2596 3247 2648 sit
3291 2610 3415 2663 spes
3460 2595 3681 2651 futuro-

2101 2697 2238 2734 rum.
2270 2681 2400 2736 Nam
2429 2682 2514 2738 hic
2544 2684 2757 2754 quidem
2789 2696 2961 2754 potest
3002 2687 3146 2752 fieri;
3180 2689 3232 2742 in
3274 2689 3470 2744 virtute
3504 2700 3680 2744 autem

2103 2789 2206 2828 non
2231 2775 2353 2830 licet
2386 2793 2452 2831 ne
2491 2779 2574 2832 vel
2603 2795 2786 2847 parum
2820 2779 3029 2848 quidem
3058 2783 3381 2836 commoveri
3412 2801 3424 2835 :
3460 2784 3530 2837 ita
3575 2800 3679 2838 non

2101 2876 2183 2921 est
2215 2884 2394 2936 grave.
2421 2869 2465 2921 Α
2490 2886 2598 2939 spe,
2629 2871 2818 2939 inquit,
2841 2873 3104 2942 evangelii,
3127 2875 3260 2938 quod
3285 2875 3517 2938 audistis,
3548 2875 3682 2942 quod

2102 2958 2432 3027 prwdicatum
2461 2971 2535 3015 est
2562 2963 2612 3015 in
2639 2966 2870 3016 universa
2895 2976 3126 3018 creatura
3168 2981 3281 3035 quw
3308 2967 3398 3021 sub
3437 2967 3560 3022 caelo
3587 2979 3681 3022 est.

2100 3051 2355 3115 Quaenam
2387 3062 2468 3105 est
2495 3062 2675 3108 autem
2703 3055 2807 3108 alia
2854 3069 2978 3125 spes
3017 3059 3301 3126 evangelii,
3332 3075 3491 3127 quam
3531 3060 3680 3114 Chri-

2100 3142 2257 3195 Slus?
2288 3142 2400 3210 ipse
2425 3145 2569 3198 enim
2601 3153 2684 3198 est
2721 3159 2847 3214 spes
2885 3157 3092 3212 nostra,
3139 3158 3194 3203 et
3222 3149 3312 3218 qui
3353 3150 3468 3203 htee
3507 3165 3683 3204 omina

2098 3243 2185 3288 est
2211 3245 2482 3302 operatus.
2510 3236 2872 3302 Quamobrem
2901 3238 2992 3307 qui
3016 3255 3132 3292 eam
3158 3241 3276 3293 aliis
3303 3241 3576 3304 adscribit,
3602 3253 3686 3297 est

2103 3336 2433 3381 tranSmOtus
2467 3344 2530 3382 ac
2576 3337 2998 3383 transmutatus:
3031 3333 3210 3384 omnia
3249 3333 3391 3385 enitn
3435 3333 3681 3402 perdidit,

2102 3418 2205 3471 nisi
2251 3418 2433 3472 credat
2477 3419 2530 3472 in
2559 3419 2855 3473 Christum.
2883 3420 3178 3484 .Attdivistis,
3213 3422 3402 3491 inquit.
3435 3424 3540 3477 Eos
3566 3441 3686 3478 rur-

2103 3524 2194 3563 sus
2221 3511 2351 3564 citat
2379 3519 2564 3572 testes.
2602 3512 2799 3567 deinde
2827 3521 2994 3566 totum
3025 3514 3211 3568 orbem
3243 3527 3420 3570 terrae.
3459 3516 3576 3572 Non
3603 3519 3686 3573 di-

2101 3604 2193 3666 cit,
2222 3602 2374 3668 Quod
2408 3604 2745 3673 prwdicatur,
2796 3603 3068 3670 sed,Quod
3108 3616 3181 3659 est
3204 3606 3314 3676 jam
3342 3607 3602 3663 creditum
3634 3622 3688 3664 et

2105 3696 2450 3762 prwdicatum,
2484 3695 2626 3764 quod
2655 3696 2817 3750 etiam
2848 3695 2973 3750 fecit
3004 3697 3054 3750 in
3090 3698 3354 3767 principio
3391 3717 3404 3751 :
3435 3716 3463 3755 a
3494 3703 3689 3756 multo-

2106 3803 2221 3840 rum
2255 3788 2564 3840 testimonio
2589 3803 2684 3842 eos
2712 3789 2896 3842 volens
2916 3789 3174 3845 stabilire.
3203 3790 3363 3862 Cujus
3389 3796 3554 3864 factus
3579 3813 3690 3848 sunt

2105 3894 2195 3947 ego
2227 3876 2424 3932 Paulus
2451 3880 2696 3933 minister.
2744 3881 2809 3934 Et
2845 3880 2947 3936 hoc
2988 3898 3199 3952 quoque
3227 3884 3435 3939 confert
3475 3887 3541 3941 ad
3589 3888 3691 3944 hoc

2109 3981 2164 4023 ut
2187 3971 2256 4024 sit
2283 3970 2387 4024 fide
2426 3971 2637 4040 dignus.
2674 3971 2804 4042 Ego,
2835 3973 3024 4041 inquit,
3060 3972 3259 4028 Paulus
3288 3977 3531 4030 minister.
3564 3979 3695 4034 Erat

2105 4063 2247 4115 enim
2276 4077 2464 4132 magna
2499 4062 2618 4131 ejus
2658 4064 2970 4128 auctoritas,
2999 4073 3056 4120 ut
3079 4065 3171 4134 qui
3203 4065 3396 4136 ubique
3413 4068 3522 4136 jam
3554 4073 3691 4126 cele-

2108 4156 2351 4208 braretur
2377 4165 2430 4208 et
2456 4165 2598 4210 esset
2641 4155 2830 4210 doctor
2859 4156 3006 4210 orbis
3053 4166 3231 4212 terrm.
3261 4157 3352 4211 24.
3386 4158 3539 4212 Nunc
3569 4180 3696 4229 gau-

2107 4247 2200 4300 deo
2226 4248 2277 4300 in
2303 4248 2618 4315 passionibus
2642 4263 2732 4316 pro
2761 4249 2917 4313 vobis,
2942 4259 2989 4302 et
3017 4249 3271 4315 adimpleo
3293 4269 3352 4303 ea
3375 4270 3489 4322 qua:
3511 4255 3693 4308 desunt

2109 4339 2402 4406 passionum
2425 4337 2616 4392 Christi
2637 4340 2689 4391 in
2721 4355 2870 4392 carne
2907 4355 3018 4392 mea
3053 4357 3145 4408 pro
3169 4357 3380 4410 corpore
3404 4346 3535 4412 ejus,
3559 4352 3695 4416 quod

2107 4441 2181 4483 est
2210 4429 2460 4484 Ecclesia.

2181 4520 2235 4573 9..
2269 4522 2334 4573 Et
2361 4535 2606 4590 quantam
2636 4529 2720 4574 est
2746 4520 2861 4575 bzec
2885 4523 3268 4590 consequentia
3293 4523 3314 4575 ?
3343 4523 3559 4580 Videtur
3577 4529 3696 4598 qui-

2110 4612 2233 4665 dem
2269 4611 2591 4680 sejunetum,
2623 4613 2716 4666 sed
2750 4629 2994 4682 magnam
3026 4613 3190 4668 habet
3227 4621 3689 4686 consequentiam.

2117 4702 2462 4769 Et..ﬂinister,
2505 4703 2706 4772 inquit;
2735 4704 2785 4757 id
2815 4714 2918 4771 est,
2958 4704 3098 4758 Nihil
3141 4721 3171 4759 a
3213 4722 3298 4762 me
3321 4707 3569 4772 aﬂ'erens,
3600 4714 3694 4766 sed

2112 4811 2230 4864 qua:
2257 4805 2382 4849 sunt
2410 4795 2632 4848 alterius
2660 4797 3004 4850 annuntians.
3036 4797 3108 4850 ita
3137 4799 3300 4854 credo
3335 4802 3477 4871 quod
3517 4812 3572 4856 et
3599 4823 3696 4874 pro

2116 4887 2229 4954 ipso
2272 4888 2476 4956 patior;
2505 4895 2560 4939 et
2603 4901 2709 4942 non
2756 4888 2930 4942 solum
2963 4891 3168 4959 patior,
3209 4891 3302 4946 sed
3335 4895 3495 4948 etiam
3541 4895 3695 4952 lzetor

2118 4981 2343 5046 patiens,
2373 4979 2439 5033 ad
2471 4995 2622 5049 spem
2665 4982 2896 5036 futuram
2944 4984 3249 5050 aspiciens;
3289 4996 3345 5040 et
3389 4988 3561 5056 patior
3590 5005 3695 5044 non

2117 5087 2212 5139 pro
2244 5090 2349 5138 me,
2378 5073 2472 5127 sed
2503 5089 2597 5142 pro
2625 5075 2796 5128 vobis.
2838 5073 2904 5128 Et
2931 5077 3206 5146 adintpleo,
3245 5078 3435 5149 inquit,
3465 5098 3580 5147 qua:
3611 5083 3700 5136 de-

2114 5175 2230 5219 sunt
2256 5168 2553 5234 passionum
2583 5167 2771 5223 Christi
2810 5169 2863 5220 in
2893 5185 3046 5222 carne
3071 5187 3201 5223 mea.
3236 5171 3455 5228 Videtur
3480 5175 3696 5244 quidem

2117 5273 2364 5327 magnum
2394 5273 2516 5313 esse
2543 5260 2684 5329 quod
2713 5271 2795 5315 est
2826 5261 3096 5330 loquutus,
3146 5262 3239 5316 sed
3285 5279 3389 5318 non
3421 5275 3506 5320 est
3550 5283 3701 5322 arro-

2115 5351 2328 5418 gantim,
2353 5350 2512 5415 absit,
2536 5352 2628 5405 sed
2657 5368 2862 5422 magna:
2892 5355 2942 5406 in
2974 5355 3245 5409 Christum
3273 5356 3656 5415 benevolentim
3682 5379 3696 5415 :

2120 5456 2223 5495 non
2250 5442 2395 5496 enim
2417 5444 2525 5496 vult
2553 5457 2677 5498 esse
2701 5461 2846 5509 suas,
2867 5445 2960 5500 sed
2984 5444 3129 5500 illius
3157 5452 3450 5516 passiones.
3477 5451 3549 5505 Ita
3571 5469 3701 5509 vero

2120 5531 2372 5600 loquutus
2397 5542 2499 5598 est,
2531 5548 2626 5587 eos
2664 5534 2762 5602 ipsi
2790 5536 2974 5590 volens
3002 5539 3308 5592 conciliare.
3341 5540 3406 5594 Et
3434 5558 3550 5611 qua:
3576 5559 3698 5613 ego,

2123 5623 2312 5694 inquit,
2347 5626 2538 5694 patior,
2568 5639 2789 5696 propter
2813 5629 2961 5682 illum
2993 5631 3164 5698 patior
3185 5648 3197 5684 :
3217 5633 3567 5699 quamobrem
3594 5653 3698 5690 non

2122 5716 2270 5780 mihi,
2297 5716 2390 5770 sed
2413 5717 2488 5771 illi
2509 5717 2700 5772 habete
2719 5721 2949 5788 gratias;
2971 5719 3086 5788 ipse
3103 5723 3243 5775 enim
3265 5721 3378 5777 haec
3397 5727 3614 5794 patitur.
3633 5727 3704 5783 Ut

2124 5809 2167 5863 si
2190 5811 2307 5880 quis
2323 5811 2516 5864 missus
2532 5810 2597 5864 ad
2620 5805 2848 5881 aliquem
2867 5813 3050 5880 alium,
3070 5825 3220 5882 roget
3241 5815 3447 5884 dicens,
3463 5819 3611 5892 Rogo
3630 5832 3700 5886 te,

2126 5914 2222 5970 pro
2245 5900 2410 5956 mead
2444 5901 2591 5956 illum
2618 5902 2777 5958 vade:
2804 5903 2993 5959 ceinde
3023 5906 3112 5961 ille
3134 5907 3294 5962 dicat.
3313 5910 3536 5978 PrOpter
3563 5911 3705 5965 hunc

3293 5997 3363 6060 21
