4120 6400
429 342 530 400 59.7

432 461 547 512 hinc
570 461 724 513 facio.
743 457 1100 525 Quamobrem
1127 474 1234 514 non
1257 459 1526 514 erubescit
1546 459 1641 513 has
1664 473 1878 529 quoque
1893 457 2008 528 ejus

430 551 705 619 appellare
753 550 1051 620 passiones.
1080 549 1196 604 Non
1247 551 1419 605 solum
1459 553 1600 606 enim
1630 567 1728 622 pro
1754 552 1908 605 nobis
1930 561 2013 605 est

432 651 696 708 mortuus,
727 640 824 696 sed
845 641 1006 696 etiam
1041 652 1321 712 postquam
1362 642 1460 696 fuit
1500 653 1763 707 mortuus,
1798 653 2012 712 paratus

425 732 523 786 fuit
553 748 650 802 pro
675 732 828 786 nobis
857 731 1036 801 afﬂigi.
1067 731 1465 803 Contenditque
1486 743 1540 788 et
1567 735 1764 788 acriter
1785 741 2011 788 conatur

424 825 710 880 ostendere
753 825 926 896 ipsum
955 841 1167 895 quoque
1192 841 1335 880 nunc
1363 827 1662 896 periculum
1702 827 1883 881 subire
1914 841 2012 895 pro

426 918 664 973 Ecclesia
688 933 783 988 per
805 918 1076 987 proprium
1095 933 1322 987 corpus;
1343 927 1399 972 et
1419 919 1546 972 illuc
1566 918 1785 988 respicit
1802 919 2003 982 dicens,

426 1011 543 1065 Non
570 1026 664 1080 per
685 1025 784 1065 nos
803 1009 1127 1064 adducimini
1149 1021 1204 1064 et
1228 1026 1504 1066 accessum
1537 1011 1764 1076 habetis,
1788 1011 1882 1066 sed
1914 1027 2011 1080 per

422 1105 621 1172 ipsum,
645 1103 851 1157 etiamsi
874 1118 974 1158 nos
1000 1103 1114 1157 haec
1143 1103 1400 1158 faciamus
1424 1121 1437 1156 :
1468 1120 1572 1158 non
1594 1105 1739 1158 enim
1767 1113 2006 1159 nostrum

420 1211 555 1266 opus
578 1197 932 1265 suscepimus,
955 1196 1048 1250 sed
1073 1211 1209 1266 opus
1231 1197 1392 1251 illius.
1417 1197 1482 1252 Et
1503 1198 1724 1267 perinde
1747 1207 1852 1262 est,
1882 1208 1939 1252 ut
1961 1200 2004 1252 si

418 1290 682 1359 quispiam
708 1289 1001 1354 exercitus,
1033 1289 1121 1343 cui
1163 1289 1447 1359 obtigisset
1475 1290 1583 1344 dux
1614 1291 1738 1345 belli
1765 1292 1853 1360 qui
1879 1306 2002 1345 eum

415 1382 729 1438 defenderet
748 1397 811 1438 ac
836 1390 1164 1453 protegeret,
1191 1383 1242 1436 in
1270 1383 1412 1438 bello
1432 1393 1598 1438 staret
1622 1400 1636 1448 ;
1665 1383 1858 1438 deinde
1880 1399 2003 1438 eum

416 1477 507 1532 ille
527 1478 870 1540 excessisset.
890 1477 1008 1544 ejus
1021 1477 1165 1530 vices
1181 1491 1375 1546 gerens
1394 1476 1602 1546 legatus
1621 1476 1763 1531 illius
1782 1476 2000 1531 vulnera

413 1570 732 1640 susciperet,
753 1568 923 1621 donec
943 1577 1218 1639 peractum
1242 1577 1387 1622 esset
1399 1567 1616 1622 bellum.
1639 1567 1840 1621 Deinde
1857 1566 1998 1637 quod

413 1669 633 1731 propter
660 1661 834 1730 ipsum
864 1659 966 1714 hoc
992 1660 1166 1724 faciat,
1201 1660 1358 1715 audi:
1387 1660 1494 1714 Pro
1520 1677 1730 1730 corpore
1756 1661 1888 1729 ejus,
1917 1661 1998 1714 in-

410 1754 546 1823 quit;
564 1752 667 1807 hoc
685 1752 869 1806 volens
884 1752 1087 1818 dicere,
1106 1751 1221 1806 Non
1247 1752 1396 1806 vobis
1416 1752 1707 1821 gratiﬁcer,
1726 1751 1821 1806 sed
1843 1751 1998 1806 Chri-

405 1856 490 1900 sto
513 1865 525 1900 :
549 1861 671 1900 nam
693 1862 811 1916 quze
830 1847 975 1900 illum
996 1846 1277 1914 Oportebat
1296 1847 1424 1914 pati,
1440 1859 1539 1914 ego
1556 1859 1653 1913 pro
1667 1845 1782 1913 ipso
1798 1844 1991 1912 patior.

407 1939 541 1994 Vide
579 1955 738 2010 quam
775 1939 946 1994 multa
977 1939 1164 2009 probet
1188 1949 1242 1993 et
1269 1939 1571 1994 confirmet.
1602 1935 1851 1991 Ostendit
1875 1951 1994 1990 ma-

401 2047 564 2099 gnum
601 2047 873 2095 amorem;
905 2033 1043 2086 sicut
1081 2032 1133 2086 in
1177 2031 1410 2086 secunda
1450 2030 1683 2098 Epistola
1713 2029 1777 2083 ad
1805 2029 1996 2084 Corin-

403 2123 544 2177 thios
594 2124 809 2178 dicebat
839 2142 852 2178 :
884 2123 950 2176 In
998 2125 1140 2177 nobis
1185 2125 1354 2193 posuit
1393 2123 1727 2176 ministerium
1769 2122 1992 2175 reconci-

399 2217 644 2271 liationis.
684 2217 750 2271 Et
788 2231 973 2271 rursus
998 2257 1013 2283 ,
1062 2232 1154 2286 pro
1197 2215 1399 2270 Christo
1436 2215 1684 2286 legatione
1727 2215 1990 2285 fungimur

398 2320 657 2372 tamquam
701 2307 810 2361 Deo
852 2309 1085 2361 hortante
1127 2323 1218 2377 per
1257 2324 1349 2361 nos
1376 2306 1450 2378 (2.
1478 2307 1597 2362 Cor.
1630 2308 1682 2363 5.
1716 2307 1803 2360 18.
1847 2305 1983 2376 20);

396 2400 499 2454 hoc
523 2399 610 2455 hic
634 2415 850 2470 quoque
879 2399 1030 2466 dicit,
1059 2399 1163 2453 Pro
1192 2399 1310 2469 ipso
1343 2399 1537 2467 patior,
1567 2407 1622 2452 ut
1649 2398 1793 2467 ipsos
1819 2400 1988 2468 magis

395 2492 710 2547 attraheret.
745 2493 859 2547 lloc
879 2502 984 2560 est,
1013 2494 1221 2548 etiamsi
1255 2493 1299 2547 is
1327 2493 1416 2562 qui
1441 2491 1595 2545 vobis
1620 2491 1801 2557 debet,
1831 2491 1980 2555 abiit,

393 2601 490 2655 ego
522 2594 698 2640 tamen
746 2584 936 2639 reddo.
969 2586 1262 2656 Propterea
1291 2585 1432 2638 enim
1471 2582 1601 2637 dicit
1627 2583 1822 2647 etiam,
1858 2583 1986 2649 Qua:

391 2679 614 2743 desunt;
649 2686 707 2730 ut
736 2677 988 2731 ostendat
1014 2687 1198 2746 putare
1239 2691 1298 2730 se
1326 2677 1501 2745 ipsum
1536 2673 1772 2728 nondum
1813 2681 1982 2727 totum

391 2786 490 2852 ιιι-ρ
531 2769 684 2824 nobis
730 2783 851 2823 esse
882 2784 1118 2838 passum.
1150 2766 1286 2822 Dicit
1311 2767 1469 2822 etiam
1501 2781 1625 2821 eum
1677 2773 1797 2835 post
1837 2781 1984 2818 mor-

393 2871 501 2913 tem
530 2859 659 2929 pati,
677 2861 937 2932 siquidem
966 2859 1140 2912 adhuc
1170 2865 1482 2912 manserunt
1507 2873 1628 2926 qua:
1653 2857 1850 2912 desint.
1869 2856 1982 2912 Hoc

389 2953 443 3007 in
462 2953 697 3022 Epistola
720 2954 784 3007 ad
814 2951 1086 3006 Romanos
1107 2950 1264 3005 aliter
1290 2950 1432 3014 facit,
1460 2949 1644 3004 dicens
1669 2968 1683 3005 :
1712 2950 1813 3015 Qui
1829 2950 1980 3002 etiam

387 3042 680 3111 interpellat
722 3061 814 3111 pro
854 3043 996 3115 nobis
1035 3039 1214 3109 (Rom.
1261 3042 1314 3096 8.
1349 3041 1480 3111 '54);
1523 3041 1815 3096 ostendens
1855 3057 1979 3098 eum

387 3148 494 3188 non
525 3134 637 3188 sola
682 3144 856 3189 morte
895 3135 1058 3189 fuisse
1094 3142 1402 3188 contentum
1428 3173 1445 3200 ,
1484 3133 1576 3188 sed
1607 3134 1765 3188 etiam
1794 3144 1976 3203 postea

385 3229 561 3282 facere
604 3227 1036 3282 innumerabilia.
1085 3227 1205 3282 Non
1257 3242 1388 3297 ergo
1431 3227 1667 3296 scipsum
1713 3227 1976 3282 extollens

385 3317 501 3373 haec
526 3318 674 3383 dicit,
707 3319 800 3373 sed
826 3319 1010 3373 volens
1038 3318 1327 3374 ostendere
1355 3317 1628 3371 Christum
1661 3333 1849 3372 eorum
1877 3319 1975 3370 ad-

385 3413 490 3472 ljue
512 3427 697 3467 curam
722 3427 935 3482 gerere.
965 3413 1032 3466 Et
1060 3427 1174 3466 rem
1204 3411 1328 3466 facit
1357 3411 1459 3466 fide
1480 3411 1718 3481 dignam,
1750 3411 1974 3480 subjun-

380 3506 576 3575 gendo,
612 3505 717 3560 Pro
741 3522 953 3575 corpore
978 3508 1108 3575 ejus.
1139 3504 1272 3559 Nam
1299 3503 1440 3573 quod
1472 3505 1540 3557 ita
1572 3517 1631 3558 se
1663 3503 1891 3569 habeat,
1919 3511 1974 3557 et

382 3614 490 3652 non
522 3599 592 3653 sit
621 3598 994 3667 improbabile,
1022 3606 1103 3651 est
1137 3595 1473 3665 perspicuum
1503 3609 1571 3648 ex
1601 3609 1667 3648 eo
1692 3593 1832 3663 quod
1858 3593 1973 3648 inec

382 3694 511 3746 tiant
540 3705 638 3760 pro
665 3707 891 3761 corpore
931 3691 1071 3760 ejus.
1105 3689 1238 3744 Vide
1275 3687 1547 3759 quomodo
1581 3702 1680 3740 nos
1710 3686 1810 3741 sibi
1835 3701 1970 3741 con-

373 3784 578 3852 junxit.
605 3781 712 3837 Cur
733 3798 862 3853 ergo
892 3787 943 3837 in
966 3781 1201 3836 medium
1226 3781 1442 3850 angelos
1468 3778 1780 3833 addueitis?
1810 3777 1970 3846 Cujus

379 3881 545 3948 factus
575 3893 686 3930 sum
712 3893 824 3946 ego,
858 3876 1050 3946 inquit,
1081 3876 1332 3929 minister.
1370 3872 1505 3942 Quid
1537 3873 1673 3927 alios
1694 3913 1709 3936 ,
1761 3871 1966 3940 inquit,

381 3969 721 4024 iulroducitis
762 3968 1026 4038 angelos?
1053 3981 1153 4036 ego
1180 3981 1297 4019 sum
1328 3965 1594 4019 minister.
1645 3962 1846 4016 Deinde
1875 3977 1968 4014 os-

379 4061 550 4116 tendit
579 4076 636 4116 se
677 4061 807 4114 nihil
851 4060 1083 4126 fecisse,
1122 4057 1383 4127 siquidem
1426 4063 1511 4110 est
1555 4056 1822 4110 minister.
1871 4054 1963 4108 9.5.

378 4153 558 4224 Cujus,
590 4154 792 4224 inquit,
826 4153 990 4222 factus
1014 4167 1130 4204 sum
1179 4167 1270 4220 ego
1308 4149 1538 4202 minister
1578 4147 1854 4201 secundum
1888 4147 1968 4198 di-

377 4247 747 4319 spensationem
772 4244 868 4300 Dei
932 4260 1044 4314 qua:
1070 4243 1191 4296 data
1215 4253 1288 4297 est
1317 4242 1441 4295 mihi
1483 4241 1538 4294 in
1569 4241 1727 4305 vobis,
1770 4251 1824 4292 ut
1869 4242 1966 4292 im-

378 4340 545 4406 pleam
581 4337 787 4393 verbum
830 4335 947 4390 Dei.
997 4333 1464 4404 Dispensationem.
1517 4336 1623 4387 Aut
1663 4334 1767 4387 hoc
1793 4333 1962 4399 dicit,

376 4430 518 4501 quod
547 4431 624 4484 sic
650 4429 820 4484 voluit
847 4443 968 4484 cum
1001 4429 1116 4497 ipse
1141 4427 1360 4481 abiisset
1384 4467 1400 4492 ,
1430 4441 1529 4480 nos
1569 4425 1842 4494 suscipere
1883 4424 1967 4478 di-

375 4523 794 4592 spensationem,
818 4536 887 4576 ne
915 4519 1258 4576 efﬁceremini
1290 4527 1561 4588 tamquam
1591 4517 1819 4581 deserti;
1849 4517 1964 4587 ipse

376 4616 520 4669 enim
550 4624 632 4670 est
655 4614 747 4684 qui
768 4626 845 4668 est
876 4626 1086 4683 passus,
1119 4611 1233 4680 ipse
1258 4611 1349 4681 qui
1377 4610 1644 4679 legatione
1674 4609 1913 4680 fungitur
1945 4625 1960 4663 :

374 4715 468 4762 aut
496 4707 596 4760 hoc
625 4706 754 4760 dicit
779 4723 792 4759 :
821 4704 906 4760 Me
940 4705 1030 4774 qui
1058 4705 1295 4758 omnium
1336 4703 1567 4758 maxime
1596 4719 1742 4757 eram
1775 4719 1964 4772 perse-

375 4808 571 4868 quutor
592 4838 604 4861 ,
635 4807 917 4868 propterea
956 4797 1084 4850 sivit
1111 4797 1392 4865 persequi,
1433 4806 1490 4851 ut
1521 4797 1819 4866 praadieans
1859 4797 1959 4851 sim

379 4889 482 4944 fide
512 4888 742 4958 dignus:
774 4897 865 4941 aut
891 4887 1017 4942 dicit
1047 4887 1503 4956 dispensationem
1525 4928 1542 4954 ,
1571 4887 1821 4957 quoniam
1853 4904 1959 4943 non

374 4981 622 5052 quaesivit
647 4995 810 5050 opera
832 5021 846 5042 .
875 4995 1049 5049 neque
1078 4980 1316 5035 actiones
1339 5021 1355 5046 ,
1385 4995 1560 5050 neque
1597 4981 1852 5049 prazclara
1885 4979 1964 5033 fa-

375 5076 560 5129 cinora
582 5116 595 5137 ,
627 5073 720 5128 sed
751 5073 909 5127 fidem
938 5083 994 5127 et
1029 5073 1313 5141 baptisma.
1341 5073 1458 5127 Non
1496 5075 1635 5127 enim
1663 5075 1816 5127 aliter
1841 5090 1962 5128 ver-

375 5167 501 5220 bum
522 5165 917 5233 suscepisselis.
949 5162 1014 5216 In
1042 5165 1199 5226 vobis,
1229 5164 1421 5233 inquit,
1445 5173 1499 5217 ut
1527 5165 1735 5234 impleat
1757 5166 1958 5217 verbum

378 5259 492 5311 Dei.
529 5256 671 5311 Dicit
695 5256 762 5311 de
797 5256 1044 5326 gentibus
1065 5298 1078 5316 .
1108 5256 1398 5310 ostendens
1426 5271 1522 5310 eos
1543 5257 1716 5312 adhuc
1743 5258 1924 5313 labare
1943 5299 1958 5323 ,

373 5346 622 5414 dicendo,
657 5345 726 5402 Ut
751 5348 1013 5416 impleam.
1039 5347 1170 5402 Nam
1203 5348 1345 5417 quod
1380 5358 1567 5418 gentes
1590 5349 1828 5418 disjecta:
1858 5365 1958 5418 po-

376 5438 574 5494 tuerint
598 5439 905 5510 dogmatum
932 5448 1130 5493 tantam
1156 5440 1431 5508 suscipere
1461 5440 1820 5505 altitudinem,
1850 5456 1955 5495 non

373 5536 492 5585 erat
515 5531 684 5596 Pauli,
714 5531 808 5586 sed
841 5531 933 5585 Dei
955 5531 1369 5598 dispensationis
1401 5549 1413 5584 :
1443 5531 1574 5586 Nam
1607 5548 1728 5603 ego,
1759 5533 1952 5603 inquit,

375 5637 482 5677 non
513 5623 824 5692 potuissem.
852 5621 986 5677 Cum
1022 5632 1202 5677 autem
1230 5623 1574 5689 ostendisset,
1607 5624 1748 5694 quod
1781 5625 1955 5693 majus

370 5721 494 5778 est,
536 5727 659 5766 suas
703 5715 1079 5783 perpessiones
1113 5729 1235 5769 esse
1277 5714 1523 5781 Christi,
1567 5725 1693 5770 tunc
1718 5718 1956 5786 apertius

368 5805 678 5878 subjungit,
710 5807 812 5866 hoc
855 5822 1068 5880 quoque
1093 5822 1213 5866 esse
1251 5807 1348 5866 Dei
1373 5850 1389 5881 ,
1439 5809 1582 5881 quod
1629 5811 1853 5869 verbum
1898 5811 1952 5868 in

1082 345 1140 401 S.
1178 343 1456 404 JOANNIS
1491 341 1968 401 CIIRYSOSTOMI
2009 345 2329 402 ARCIIIEP.
2367 348 2900 412 CONSTANTINOP.

3603 367 3708 424 3:18

2120 461 2200 514 eis
2228 461 2552 532 impleverit.
2583 467 2650 522 Et
2672 469 2755 522 hic
2787 470 3056 540 ostendit,
3094 473 3218 530 licet
3248 492 3351 530 non
3385 481 3701 550 manifeste,

2119 551 2221 607 hoc
2248 569 2487 625 quoque,
2520 559 2660 628 quod
2686 560 2888 616 dictum
2914 573 3018 628 est,
3049 581 3212 635 quum
3244 569 3428 624 audire
3455 577 3701 642 potestis,

2116 659 2182 697 ex
2212 644 2611 714 dispensatione
2645 666 2766 707 esse
2788 694 2804 719 ,
2841 670 2945 708 non
2976 665 3155 711 autem
3195 675 3262 714 ex
3311 662 3517 718 incuria
3543 707 3559 730 ,
3606 669 3704 721 sed

2116 745 2174 790 ut
2199 739 2316 792 sltis
2343 755 2585 811 capaces.
2615 743 2758 799 Deus
2784 747 2926 806 enim
2957 764 3065 803 non
3094 762 3318 817 repente
3345 753 3473 810 facit
3497 758 3699 822 omnia.

2114 826 2210 882 sed
2237 830 2402 884 utitur
2437 834 2518 886 sui
2547 833 2870 892 demissione
2907 851 3124 910 propter
3151 859 3393 913 magnam
3421 863 3571 902 suam
3605 850 3702 905 hu-

2113 920 2444 977 manitatem.
2489 923 2558 978 Et
2589 926 2702 980 haec
2728 938 2813 982 est
2840 944 2998 984 causa
3023 972 3038 994 ,
3087 935 3229 1002 quod
3273 951 3415 991 nunc
3454 940 3700 996 Christus

2113 1011 2410 1079 advenerit,
2441 1031 2547 1070 non
2574 1019 2724 1072 olim.
2753 1021 2841 1075 Sic
2864 1023 3024 1078 etiam
3056 1026 3293 1081 ostendit
3324 1030 3374 1082 iu
3403 1030 3698 1101 Evangelia

2111 1105 2253 1172 quod
2285 1121 2470 1162 servos
2499 1109 2704 1165 miserit
2740 1113 2940 1180 primos
2961 1156 2977 1181 ,
3022 1131 3090 1170 ne
3116 1117 3183 1171 ad
3204 1119 3404 1175 caedem
3434 1122 3522 1177 lilii
3551 1127 3700 1180 veni-

2110 1207 2249 1250 rent.
2277 1198 2492 1253 Sienim
2517 1214 2584 1254 ne
2604 1200 2795 1259 Filium
2825 1206 3040 1275 quidem
3072 1209 3162 1263 Dei
3191 1221 3315 1266 sunt
3341 1216 3578 1281 reveriti,
3604 1221 3694 1287 qui

2111 1298 2230 1356 post
2260 1303 2446 1345 servos
2472 1304 2731 1362 venerat,
2763 1299 2934 1352 multo
2967 1301 3136 1369 magis
3165 1311 3320 1358 antea
3352 1323 3364 1358 :
3395 1307 3438 1359 si
3487 1309 3692 1364 minora

2107 1391 2372 1449 praecepta
2416 1397 2522 1437 non
2563 1386 2884 1455 audierunt,
2917 1392 3188 1459 quomodo
3218 1395 3420 1464 majora
3445 1399 3692 1454 audivis-

2106 1473 2268 1525 sent?
2292 1473 2431 1539 Quid
2460 1489 2589 1546 ergo
2613 1477 2784 1532 dicit?
2809 1481 3004 1535 Annon
3033 1495 3159 1537 sunt
3195 1500 3338 1541 nunc
3360 1503 3572 1560 quoque
3598 1491 3690 1546 Ju-

2105 1560 2204 1614 dari
2229 1573 2284 1616 et
2303 1563 2475 1619 Graeci
2501 1566 2864 1637 imperfectius
2885 1572 3058 1627 affecti
3082 1573 3105 1626 ’ἲ
3126 1574 3202 1629 Ea
3227 1592 3357 1632 vero
3375 1590 3459 1634 eSt
3480 1594 3690 1637 summa

2103 1654 2347 1708 socordia
2379 1673 2392 1708 :
2425 1672 2546 1711 nam
2571 1670 2693 1728 post
2723 1671 2926 1716 tantum
2969 1672 3176 1735 tempus
3203 1708 3220 1733 ,
3259 1680 3379 1737 post
3408 1679 3486 1724 tot
3524 1671 3691 1726 docu-

2106 1756 2306 1812 menta,
2335 1749 2509 1804 adhuc
2537 1767 2755 1808 manere
2785 1755 3124 1824 imperfectos
3143 1799 3159 1825 ,
3184 1770 3264 1813 est
3295 1777 3504 1832 magna:
3523 1764 3688 1820 hebe-

2102 1837 2319 1894 tudinis.

2171 1932 2224 1985 ὃ.
2272 1932 2498 1997 Quando
2541 1951 2670 2007 ergo
2695 1938 2929 1996 dixerint
2964 1943 3138 1999 Graeci
3165 1988 3181 2011 ,
3209 1949 3319 2004 Cur
3357 1965 3501 2005 nunc
3536 1953 3685 2008 venit

2096 2022 2388 2079 Christus?
2428 2043 2496 2083 ne
2524 2031 2763 2087 sinamus
2800 2051 2894 2089 eos
2917 2036 3020 2090 hoc
3043 2038 3223 2095 dicere
3248 2081 3263 2106 ,
3304 2042 3402 2096 sed
3430 2059 3682 2113 rogemus

2097 2133 2223 2170 num
2248 2128 2396 2173 recte
2422 2136 2480 2174 se
2501 2125 2752 2190 gesserit.
2789 2125 2860 2181 Ut
2888 2129 3028 2182 enim
3052 2130 3100 2184 si
3130 2133 3368 2189 venisset
3395 2135 3464 2188 ab
3483 2137 3636 2190 initio
3660 2179 3676 2197 .

2098 2220 2154 2265 et
2178 2225 2236 2264 se
2263 2230 2370 2268 non
2401 2223 2548 2268 recte
2576 2217 2832 2284 gessisset
2859 2259 2875 2284 ,
2909 2235 3014 2274 non
3046 2221 3346 2279 suffecisset
3378 2236 3588 2297 tempus
3613 2231 3679 2284 ad

2094 2309 2498 2363 excusationem
2534 2326 2548 2362 :
2580 2309 2651 2362 ita
2679 2312 2932 2378 quoniam
2961 2327 3019 2365 se
3050 2325 3199 2368 recte
3228 2317 3436 2384 gessit,
3469 2333 3576 2372 non
3598 2330 3681 2374 est

2093 2412 2304 2467 arquum
2347 2409 2404 2453 ut
2450 2403 2706 2471 temporis
2743 2417 2773 2454 a
2812 2402 2968 2456 nobis
3008 2405 3250 2473 exigatur
3291 2409 3448 2462 ratio.
3495 2410 3680 2481 Neque

2090 2491 2232 2543 enim
2255 2506 2284 2544 a
2315 2491 2521 2547 medico
2549 2495 2636 2562 qui
2667 2495 2911 2548 morbum
2934 2499 3155 2563 curarit,
3182 2508 3236 2552 et
3260 2501 3477 2556 sanitati
3504 2519 3677 2572 a:gro-

2091 2589 2202 2634 tum
2231 2583 2548 2649 restituerit,
2572 2585 2738 2654 exigit
2757 2586 3022 2654 quispiam
3055 2589 3316 2644 rationem
3347 2593 3672 2656 curationis;

2089 2685 2263 2740 neque
2297 2672 2486 2728 ducem
2529 2675 2805 2730 exercitus
2845 2675 3067 2731 victoria
3100 2681 3329 2747 potitum
3355 2683 3629 2738 examinat
3652 2726 3668 2747 ,

2087 2776 2181 2815 cur
2219 2762 2270 2816 in
2300 2763 2401 2817 hoc
2431 2773 2706 2834 tempore,
2735 2775 2788 2820 et
2830 2783 2927 2821 cur
2965 2769 3020 2821 in
3070 2769 3162 2822 illo
3212 2772 3417 2827 vicerit.
3465 2774 3594 2829 Nam
3627 2778 3672 2831 si

2085 2869 2192 2908 non
2231 2870 2343 2909 rem
2399 2865 2542 2910 recte
2585 2857 2879 2926 gessisset,
2909 2871 3026 2913 erat
3074 2861 3522 2932 interrogandus;
3551 2882 3671 2921 cum

2084 2952 2262 2999 autem
2313 2961 2426 3000 rem
2478 2958 2624 3002 recte
2674 2951 2948 3018 gesserit,
2990 2966 3112 3006 cum
3175 2952 3334 3008 laude
3384 2965 3468 3010 est
3515 2959 3669 3012 exci-

2083 3039 2329 3107 piendus.
2372 3039 2502 3104 Qure
2540 3050 2626 3096 est
2659 3045 2801 3096 enim
2825 3084 2839 3107 ,
2881 3043 2994 3103 dic.
3023 3060 3206 3114 quteso
3233 3088 3247 3111 ,
3281 3048 3387 3101 fide
3414 3048 3667 3118 dignior.

2087 3139 2246 3184 tuane
2276 3131 2616 3185 ratiocinatio
2645 3141 2702 3186 et
2727 3134 3014 3198 calumnia,
3047 3151 3113 3188 an
3141 3136 3216 3190 rei
3250 3137 3510 3205 perfectio
3536 3140 3559 3191 ἵ
3585 3143 3666 3194 vi-

2081 3222 2245 3288 eitne,
2265 3228 2479 3280 annon?
2503 3223 2604 3278 hoc
2643 3225 2867 3279 ostende
2901 3243 2913 3278 :
2949 3226 3277 3296 Superiorne
3305 3227 3405 3282 fuit
3441 3247 3619 3287 annon
3642 3232 3668 3286 ἲ

2080 3318 2148 3369 ad
2176 3318 2404 3371 linemne
2435 3318 2684 3386 perduxit
2708 3334 2828 3389 qua:
2849 3319 3004 3384 dixit,
3039 3321 3261 3374 annon?
3293 3321 3418 3376 litec
3443 3334 3570 3380 sunt
3596 3325 3665 3381 de
3718 3323 3723 3326 ’

2079 3411 2271 3480 quibus
2300 3411 2572 3466 reddenda
2602 3420 2685 3465 est
2715 3413 2871 3466 ratio.
2915 3413 3006 3466 Dic
3034 3413 3162 3467 mihi
3188 3455 3202 3479 ,
3248 3415 3413 3470 Deum
3446 3419 3666 3475 omnino

2079 3503 2263 3558 fateris
2292 3519 2430 3570 esse,
2466 3507 2510 3559 si
2538 3522 2644 3559 non
2670 3505 2941 3560 Christum
2963 3507 2985 3560 ?
3006 3523 3072 3562 ex
3098 3517 3151 3563 te
3178 3517 3354 3564 autem
3381 3511 3662 3566 sciscitor:

2079 3595 2290 3650 Deusne
2315 3606 2398 3651 est
2439 3598 2557 3651 sine
2601 3598 2906 3668 principio?
2939 3599 3094 3654 Dices
3119 3643 3136 3667 ,
3167 3601 3328 3656 Sane.
3360 3603 3454 3659 Dic
3482 3615 3662 3659 autem

2076 3686 2207 3740 mihi
2235 3703 2249 3741 :
2281 3687 2390 3742 Cur
2411 3705 2516 3742 non
2539 3700 2663 3744 ante
2683 3689 2863 3746 decies
2886 3691 3031 3745 mille
3052 3708 3222 3746 annos
3249 3695 3370 3748 fecit
3393 3695 3662 3752 homines?

2075 3779 2334 3833 vixissent
2371 3780 2512 3833 enim
2552 3780 2781 3850 longiori
2814 3791 3074 3850 tempore.
3114 3783 3245 3837 Nam
3273 3785 3316 3838 si
3345 3785 3547 3839 bonum
3578 3797 3662 3841 est

2074 3883 2217 3934 esse,
2245 3870 2414 3923 multo
2444 3871 2610 3940 magis
2637 3887 2756 3926 esse
2775 3871 2998 3928 diutius.
3017 3873 3168 3927 Nunc
3183 3885 3360 3930 autem
3378 3875 3660 3931 damnum-

2075 3975 2141 4013 ne
2165 3969 2488 4029 acceperunt
2507 3961 2625 4030 ejus
2649 3961 2906 4032 temporis
2926 3979 3034 4033 quo
3055 3980 3158 4018 non
3184 3963 3418 4026 fuerunt.
3438 3969 3660 4022 annon?

2073 4051 2180 4106 Sed
2207 4051 2461 4106 damnum
2497 4069 2602 4107 non
2630 4065 2986 4123 acceperunt:
3013 4057 3282 4125 quomodo
3309 4067 3508 4123 autem,
3542 4059 3659 4128 ipse

2071 4144 2174 4197 scit
2197 4144 2286 4213 qui
2317 4143 2486 4198 fecit?
2516 4143 2722 4199 Rursus
2751 4161 2823 4199 ex
2853 4155 2904 4199 te
2928 4161 3116 4216 quaero
3145 4189 3160 4213 ,
3192 4163 3290 4202 cur
3318 4164 3426 4202 non
3469 4164 3658 4206 omnes

2072 4246 2294 4304 repente
2337 4245 2392 4290 et
2426 4236 2584 4290 simul
2615 4235 2776 4292 fecit?
2803 4246 2859 4292 et
2887 4238 3032 4291 illius
3060 4239 3274 4309 quidem
3303 4241 3394 4310 qui
3438 4242 3642 4310 primus

2071 4337 2154 4383 est
2178 4339 2356 4395 natus,
2389 4330 2589 4394 anima,
2624 4338 2702 4383 tot
2726 4328 3099 4396 habetannos,
3131 4330 3298 4385 altera
3326 4341 3504 4386 autem
3531 4347 3654 4388 cum

2070 4421 2308 4476 nondum
2349 4422 2419 4475 sit
2471 4421 2610 4476 facta
2638 4462 2655 4488 ,
2691 4423 2867 4478 minus
2899 4423 3059 4478 habet
3084 4424 3108 4477 ’ἰ
3136 4439 3232 4478 cur
3261 4423 3409 4478 illum
3435 4425 3651 4494 quidem

2068 4515 2323 4586 primum,
2349 4514 2488 4569 hunc
2511 4531 2640 4570 vero
2667 4517 3018 4586 posteriorem
3045 4519 3095 4573 in
3125 4517 3266 4572 hunc
3290 4517 3547 4573 mundum
3573 4520 3655 4573 in-

2068 4606 2267 4661 duxit?
2296 4606 2361 4660 Et
2393 4606 2507 4661 hare
2537 4608 2751 4677 quidem
2787 4623 2914 4663 vere
2955 4608 3117 4678 digna
3144 4619 3271 4663 sunt
3301 4650 3315 4674 ,
3347 4609 3416 4665 de
3457 4611 3654 4681 quibus

2067 4707 2359 4769 qtueratur,
2385 4707 2441 4752 at
2461 4715 2566 4753 non
2594 4715 2714 4769 quae
2743 4701 2956 4754 curiose
2997 4700 3317 4770 indagentur
3349 4720 3362 4755 :
3396 4718 3517 4756 nam
3547 4703 3652 4758 hoc

2070 4807 2139 4846 ne
2165 4801 2247 4846 est
2267 4793 2484 4861 quidem
2514 4794 2883 4862 quarrendum.
2917 4795 3025 4863 Ego
3050 4795 3192 4848 enim
3220 4794 3397 4849 dicam
3427 4811 3649 4851 causam

2068 4900 2226 4955 quam
2271 4887 2588 4956 dixizpone
2625 4886 2753 4940 mihi
2796 4887 3012 4956 quidem
3067 4889 3356 4942 humanam
3399 4899 3649 4944 naturam

2067 4991 2187 5031 esse
2212 4977 2374 5031 veluti
2399 4976 2682 5046 quamdam
2711 4985 2921 5031 aetatem
2945 4996 2959 5043 ;
2988 4989 3042 5034 et
3067 4981 3253 5048 primis
3275 4979 3490 5049 quidem
3517 4991 3653 5035 tem-

2067 5069 2285 5138 poribus
2320 5069 2678 5125 adolescentis
2718 5070 2893 5124 loeum
2929 5071 3127 5125 habere
3157 5079 3402 5126 nostrum
3431 5086 3646 5141 genus;

2067 5161 2131 5215 iis
2156 5170 2337 5215 autem
2366 5163 2455 5231 qui
2483 5171 2803 5232 sequuntur,
2854 5162 3067 5231 juvenis
3096 5179 3109 5226 ;
3144 5162 3207 5215 iis
3233 5177 3362 5217 vero
3397 5165 3486 5232 qui
3523 5174 3649 5217 sunt

2064 5267 2231 5322 prepe
2252 5254 2481 5318 senium,
2500 5256 2662 5308 senis.
2683 5254 2799 5309 Jam
2829 5270 2959 5309 vero
2986 5270 3107 5309 cum
3139 5255 3190 5308 in
3218 5254 3351 5308 ﬂore
3378 5267 3432 5308 et
3461 5255 3648 5324 vigore

2067 5347 2223 5399 fuerit
2244 5347 2440 5411 anima,
2459 5347 2649 5400 laxatis
2675 5347 2928 5401 membris
2945 5348 3208 5417 corporis,
3235 5348 3446 5402 etbello
3473 5347 3645 5413 ﬁnito,

2065 5447 2189 5492 tunc
2217 5439 2358 5492 ducti
2386 5455 2568 5492 sumus
2595 5439 2659 5492 ad
2687 5439 3102 5509 philosophiam.
3135 5441 3293 5508 Atqui
3321 5449 3533 5503 contra,
3567 5440 3648 5492 in-

2063 5532 2231 5600 quies,
2266 5547 2352 5586 res
2382 5547 2440 5585 se
2466 5531 2625 5585 habet
2657 5549 2671 5585 :
2702 5549 2796 5587 eos
2819 5534 2907 5602 qui
2940 5543 3065 5587 sunt
3091 5533 3459 5587 adolescentes
3486 5532 3646 5586 doce-

2063 5641 2203 5691 mus,
2235 5625 2326 5678 sed
2360 5641 2464 5679 non
2495 5641 2682 5696 magna
2709 5627 2984 5696 dogmata,
3017 5642 3204 5680 verum
3233 5625 3558 5680 rhetoricam
3590 5633 3643 5677 et

2063 5719 2274 5772 dicendi
2309 5717 2616 5774 facultatem
2650 5735 2664 5784 ;
2699 5719 2812 5773 haec
2837 5735 2968 5773 vero
2994 5719 3210 5790 quando
3237 5719 3432 5773 ﬂorent
3460 5727 3638 5771 aetate.

2063 5810 2197 5868 Vide
2225 5820 2401 5868 autem
2435 5811 2600 5869 Deum
2640 5825 2854 5883 quoque
2884 5809 2999 5868 haec
3030 5811 3206 5868 facere
3236 5811 3374 5882 apud
3403 5809 3640 5865 iudices.
