4148 6402
519 273 626 330 527

519 390 658 462 1.96;
700 406 856 451 τινα,
886 389 1071 461 ¹ιίτερον
1108 387 1356 455 ἀξιώσειε
1386 388 1591 456 λέγων’
1642 385 1952 459 Παρακαλῶ
1995 401 2053 437 σε
2077 425 2092 448 ,

522 479 665 549 ὑπὲρ
693 475 829 544 ἐμοῦ
855 476 1056 530 άπελθε
1081 476 1219 547 πρὸς
1231 475 1380 528 τόνδε
1400 490 1414 503 ⁸
1447 471 1563 528 εἶτα
1593 475 1796 530 ἐκεῖνος
1820 473 1988 541 λέγοι,
2013 471 2096 524 611

526 567 628 620 A10
660 565 808 619 τόνδε
834 565 1009 619 ταῦτα
1049 565 1206 619 ποιῶ.
1243 565 1403 616 Ὥστε
1437 565 1538 617 οὐκ
1566 561 1956 632 ἐπαισχύνεται
2001 561 2097 612 καὶ

520 653 693 707 ταῦτα
715 651 884 708 αὐτοῦ
911 651 1211 724 παθήματα
1238 651 1438 720 λέγειν.
1465 651 1540 704 Οὐ
1563 651 1670 722 γὰρ
1700 650 1859 720 μόνον
1888 647 2096 702 ἀπέθα-

520 757 610 794 νεν
660 740 802 811 ὑπὲρ
834 739 1014 810 ἡμῶν,
1049 738 1188 794 ἀλλὰ
1216 739 1310 794 καὶ
1345 739 1484 810 μετὰ
1514 737 1575 791 τὸ
1614 737 1907 792 ἀποθανεῖν
1951 735 2097 788 ἐτοι-

523 828 624 900 μός
645 828 763 881 ἐστι
798 826 1046 898 θλιῆἧναι
1068 825 1138 879 δι’
1163 827 1333 897 ἡμᾶς.
1380 824 1783 894 Ἐφιλονείκησε
1823 824 1919 876 καὶ
1947 822 2098 876 E610-

522 935 656 971 0010
694 917 866 982 δεῖξαι
899 916 1063 970 αὐτὸν
1110 918 1206 970 καὶ
1246 915 1344 968 νῦν
1387 914 1766 970 κινδυνεύοντα
1810 913 1951 984 ὑπὲρ
1998 915 2098 983 τῆς

533 1005 857 1074 Ἕκκλησίας
893 1003 980 1056 διά
1017 1002 1111 1056 τοῦ
1151 1003 1278 1056 ίδίου
1318 1001 1594 1072 σώματος,
1625 1002 1722 1056 καὶ
1753 1000 1890 1071 πρὸς
1921 1002 2099 1054 ἐκεῖνο

520 1093 898 1156 ἀποτείνεται,
936 1091 1122 1145 61106
1158 1089 1227 1144 δι’
1266 1089 1423 1161 ήμῶν
1454 1088 1818 1160 προσάγεσθε,
1852 1087 1989 1142 ἀλλὰ
2029 1088 2103 1140 διἰ

521 1178 688 1232 06106
710 1221 727 1246 ,
763 1177 868 1231 κᾶν
913 1178 1072 1248 ἡμεῖς
1114 1175 1289 1231 ταῦτα
1323 1175 1567 1246 ποιῶμεν
1594 1194 1606 1209 ο
1641 1177 1702 1230 06
1755 1175 1868 1249 γὰρ
1897 1177 2098 1230 οἰκεῖον

520 1266 681 1337 ἔργον
715 1265 1106 1335 ἀνεδεξάμεθα,
1138 1262 1274 1317 ἀλλά
1297 1263 1360 1316 τὸ
1387 1263 1616 1318 ἐκείνου.
1649 1263 1759 1318 Καὶ
1782 1264 1982 1319 ταυτόν
2004 1264 2096 1318 ἐσ-

520 1370 638 1415 τιν,
677 1351 869 1424 ῶσπερ
907 1353 973 1406 ἂν
1003 1351 1058 1404 εῖ
1089 1368 1173 1414 τις
1205 1350 1358 1416 τάξις
1393 1350 1630 1422 λαχοῦσα
1665 1350 1969 1422 στρατηγὸν
2004 1351 2099 1406 τὸν

523 1437 962 1511 ύπερασπίζοντα
987 1437 1179 1509 αὐτῆς,
1205 1439 1300 1491 καὶ
1323 1440 1381 1490 ἐν
1399 1439 1476 1508 τῷ
1496 1439 1718 1509 πολέμῳ
1741 1440 1953 1509 στήκοι,
1977 1433 2098 1492 εἶτα

521 1527 848 1591 ἀπελθόντος
874 1526 1106 1592 ἐκείνου,
1134 1528 1162 1580 6
1186 1527 1681 1598 ὑποστράτηγοςτά
1701 1527 1910 1580 ἐκείνου
1936 1526 2099 1598 1906-

525 1634 672 1688 ματα
713 1615 1024 1683 ἀναδέξοιτο
1069 1614 1234 1688 μέχρι
1277 1615 1372 1669 τοῦ
1428 1615 1656 1686 λυθῆναι
1703 1615 1792 1668 ’ὡν
1838 1615 2093 1685 πόλεμον.

524 1703 656 1761 Εἶτα
685 1705 767 1758 611
799 1703 894 1758 καὶ
917 1703 986 1757 δι’
1020 1703 1182 1757 αὑτὸν
1212 1703 1386 1757 ταῦτα
1416 1705 1590 1766 ποιεῖ,
1623 1702 1874 1757 ἄκουσον.
1917 1700 2097 1770 ’Υπὲρ

520 1794 628 1849 τοῦ
657 1794 933 1862 σώματος
964 1790 1174 1859 αὐτοῦ,
1197 1791 1331 1862 φησί
1355 1806 1370 1821 ’
1402 1788 1560 1844 τοῦτο
1589 1789 1758 1843 θέλων
1793 1790 1987 1850 είπεῖν,
2013 1789 2096 1844 611

521 1884 636 1952 06x
659 1882 789 1952 ὑμῖν
815 1879 1133 1952 χαρίζομαι,
1167 1879 1303 1934 ἀλλά
1321 1878 1400 1950 τῷ
1427 1878 1669 1952 Χριστῷ·
1701 1877 1737 1932 0
1759 1877 1868 1950 γὰρ
1893 1878 2099 1932 ἐκεῖνον

521 1970 631 2023 εδει
665 1969 860 2024 παθεῖν
881 2011 896 2034 ,
928 1969 1040 2038 ἐγὼ
1065 1968 1260 2039 πάσχω
1290 1969 1405 2021 ἀντ’
1443 1968 1610 2022 06106
1630 1983 1645 2000 °
1692 1968 1796 2036 690
1825 1967 1967 2020 πόσα
1999 1984 2099 2020 κα-

519 2056 864 2119 τασκευάζει.
899 2057 1148 2110 Δείκνυσι
1180 2055 1314 2108 πολὺ
1343 2055 1405 2108 16
1432 2055 1653 2125 φίλτρον
1675 2070 1688 2084 ⁸
1725 2053 1915 2124 ὥσπερ
1943 2055 2002 2107 ἐν
2029 2055 2096 2124 τῇ

521 2144 752 2215 δευτέρα
779 2143 918 2215 πρὸς
943 2142 1262 2214 Κορινθίους
1295 2142 1584 2214 Ἐπιστολῇ
1605 2142 1844 2214 γράφων
1874 2141 2060 2210 ἔλεγεν
2079 2181 2094 2207 ,

533 2233 638 2287 Ἕν
667 2231 814 2301 ἡμῖν
840 2231 1008 2285 ἔθετο
1038 2229 1156 2298 τὴν
1186 2230 1498 2285 διακονίαν
1532 2228 1644 2298 τῆς
1671 2228 2062 2298 “ma-uarii?
2078 2244 2093 2260 ⁸

519 2319 616 2373 καὶ
654 2318 837 2382 πάλιν,
883 2317 1052 2386 ’Υπὲρ
1089 2317 1347 2387 Χριστοῦ
1381 2317 1809 2386 πρεσϐεύομεν,
1838 2315 1986 2389 [353]
2015 2317 2095 2383 ὡς

519 2407 628 2461 τοῦ
664 2405 812 2461 Θεοῦ
847 2405 1342 2475 παρακαλοῦντος
1364 2405 1440 2458 δι’
1460 2403 1631 2475 ἡμῶν
1653 2420 1670 2436 ο
1699 2404 1858 2458 τοῦτο
1882 2406 1976 2458 καὶ
2006 2405 2097 2457 ἐν-

518 2493 694 2549 ταῦθά
715 2511 900 2564 φησιν,
933 2492 1103 2564 ’Υπὲρ
1119 2492 1286 2547 06106
1311 2492 1528 2564 πάσχω,
1555 2492 1643 2545 ἶνα
1666 2491 1868 2562 μᾶλλον
1898 2492 2097 2554 06106;

519 2579 912 2650 ἐπισπάσηται.
971 2579 1294 2643 Τουτὲστιν,
1350 2579 1415 2632 El
1476 2579 1570 2632 καὶ
1610 2579 1640 2630 6
1687 2578 1920 2647 ὀφείλων
1967 2578 2099 2647 ὑμῖν

520 2666 763 2736 ἀπῆλθεν
788 2707 804 2732 ,
853 2665 970 2720 ἀλλ’
1007 2665 1118 2736 ἐγὼ
1167 2665 1490 2738 ἀποδίδωμι.
1531 2666 1630 2719 Διά
1668 2664 1778 2736 γὰρ
1809 2665 1967 2719 τοῦτο
2002 2666 2097 2719 καὶ

527 2753 931 2822 Ὺστερήματα
960 2748 1142 2819 εἶπεν,
1173 2753 1260 2807 ἵνα
1283 2751 1434 2826 δείξῃ
1465 2754 1548 2806 611
1573 2752 1692 2806 οὐδὲ
1722 2751 1784 2805 τὸ
1814 2753 1922 2806 πᾶν
1946 2753 2097 2823 ἡγεῖο

518 2857 613 2894 101
628 2840 843 2893 οὐδέπω
868 2839 1216 2894 πεπονθέναι.
1249 2839 1423 2912 ’Υπὲρ
1450 2839 1625 2910 ὑμῶν,
1649 2841 1805 2910 φησὶ,
1830 2839 1924 2892 καὶ
1957 2839 2096 2908 μετὰ

526 2928 755 2981 θάνατον
784 2924 984 2998 πάσχει
1001 2966 1016 2989 .
1042 2926 1098 2980 εί
1120 2943 1184 2995 γε
1210 2926 1290 2980 ἐτι
1322 2926 1661 2998 ἐλλείμματα
1689 2925 1892 2994 ἔμεινε.
1925 2925 2097 2979 Τοῦτο

519 3017 578 3068 ἐν
625 3019 691 3086 τῇ
737 3016 881 3086 ,πρὸς
939 3014 1244 3086 Ῥωμαίους
1285 3014 1490 3084 ἑτέρως
1536 3016 1683 3068 ποιεῖ
1727 3013 1940 3083 λέγων*
1991 3015 2097 3080 ’ος

521 3104 617 3156 καί
647 3101 998 3171 ἐντυγχάνει
1029 3100 1181 3170 ὑπὲρ
1212 3098 1383 3170 ἡμῶν
1403 3117 1418 3131 '
1447 3101 1659 3164 δεικνὺς
1695 3100 1776 3154 ότι
1805 3101 1905 3154 οὐκ
1926 3102 2094 3170 ἠρκέ-

521 3190 624 3253 σθη
651 3189 730 3260 τῷ
771 3189 984 3259 θανάτῳ
1017 3188 1197 3259 μόνον,
1239 3187 1375 3242 άλλά
1414 3188 1505 3240 καὶ
1536 3186 1676 3258 μετά
1719 3186 1894 3240 ταῦτα
1927 3187 2094 3258 μυρία

520 3281 683 3332 ποιεῖ.
715 3279 788 3332 06
825 3279 1006 3333 τοίνυν
1046 3277 1237 3333 ἐαυτὸν
1275 3277 1518 3348 ἐπαίρων
1551 3277 1726 3330 ταῦτα
1758 3277 1930 3345 λέγει,
1957 3275 2094 3330 ἀλλὰ

518 3367 612 3419 τὸν
645 3365 878 3438 Χριστὸν
907 3366 1076 3432 δεῖξαι
1105 3364 1426 3436 βουλόμενος
1459 3364 1540 3418 ἔτι
1573 3365 1668 3418 καὶ
1696 3363 1791 3418 νῦν
1821 3364 1962 3434 ὑπὲρ
1990 3365 2093 3416 06-

517 3452 628 3507 τῶν
656 3453 1029 3525 φροντίζοντα.
1056 3453 1166 3505 Καὶ
1198 3452 1288 3505 τὸν
1316 3452 1475 3521 λόγον
1509 3451 1824 3516 ἀξιόπιστον
1853 3451 2094 3504 δείκνυσι

517 3539 596 3610 τῷ
639 3540 981 3608 ἐπαγαγεῖν,
1044 3539 1225 3606 Ὑπὲρ
1269 3539 1376 3592 τοῦ
1420 3537 1696 3606 σώματος
1729 3539 1937 3592 αὐτοῦ.
1972 3539 2095 3592 Ὅτι

515 3627 628 3699 γάρ
675 3626 851 3690 0610);
893 3626 1030 3696 ἔχει,
1081 3627 1176 3680 καὶ
1218 3625 1370 3678 οὐδὲν
1420 3624 1670 3690 ἀπεικὸς,
1699 3625 1857 3696 δῆλον
1889 3625 1955 3678 ἐκ
1996 3624 2093 3678 τοῦ

517 3715 661 3786 ὑπὲρ
685 3713 780 3768 τοῦ
813 3713 1066 3784 σώματος
1095 3711 1261 3767 06106
1288 3711 1462 3766 10610
1493 3711 1770 3781 γενέσθαι.
1805 3712 1948 3782 Ὅρα
1977 3711 2094 3776 πῶς

516 3803 666 3873 ἡμᾶς
701 3801 937 3869 συνῆψεν
971 3799 1168 3869 ἐαυτῷ.
1199 3799 1266 3852 Τί
1303 3799 1484 3852 τοίνυν
1512 3799 1839 3867 ἐπεισάγετε
1865 3797 1957 3852 διὰ
1998 3798 2094 3869 μέ-

519 3907 616 3943 σου
663 3888 965 3957 ἀγγέλους;
1008 3881 1122 3954 Ἦς
1160 3886 1276 3956 ἐγὼ
1320 3887 1636 3957 ἐγενόμην,
1686 3884 1842 3956 φησὶ,
1898 3885 2094 3940 610x0—

516 3993 644 4042 νος.
674 3976 741 4029 Τί
770 3976 991 4047 ἐτέρους
1019 3974 1342 4044 ἐπεισάγετε
1370 3972 1670 4041 ἀγγέλους;
1700 3969 1810 4040 ἐγώ
1831 3971 1947 4042 εἰμι
1977 3972 2093 4026 διά-

516 4079 692 4126 κονος.
726 4059 858 4117 Εῐτα
880 4063 1150 4116 δείκνυσιν
1169 4063 1250 4115 611
1273 4060 1428 4114 οὐδὲν
1455 4058 1616 4122 0616;
1637 4058 1916 4128 ἐποίησεν,
1951 4059 2005 4112 εί
2026 4075 2090 4128 γε

515 4150 763 4214 διάκονός
795 4153 966 4205 ἐστιν.
998 4143 1111 4216 Ἦς
1147 4149 1440 4219 ἐγενόμην
1461 4145 1594 4216 ἐγὼ,
1627 4144 1782 4215 φησὶ,
1811 4143 2092 4212 διάκονος

516 4240 669 4290 κατὰ
694 4235 810 4305 τὴν
841 4237 1189 4306 οἰκονομίαν
1223 4233 1330 4290 τοῦ
1363 4233 1511 4288 Θεοῦ
1540 4232 1655 4300 τὴν
1681 4230 1964 4286 δοθεῖσάν
1989 4248 2092 4302 μοι

513 4325 603 4389 είς
632 4322 808 4392 ὑμᾶς,
836 4323 1154 4393 πληρῶσαι
1183 4321 1288 4376 τὸν
1314 4322 1502 4389 λόγον
1530 4318 1636 4373 τοῦ
1666 4318 1816 4373 Θεοῦ
1859 4311 2091 4374 οἰκονο-

511 4413 680 4479 μίαν.
714 4411 870 4463 Ἤτοι
895 4409 1054 4463 τοῦτό
1081 4426 1267 4478 φησιν,
1296 4406 1582 4470 6110610);
1607 4405 1891 4478 ἠθέλησεν,
1921 4404 2088 4459 06106

515 4498 860 4562 ἀπελθόντος,
890 4501 1038 4570 ἡμᾶς
1058 4497 1403 4562 διαδέξασθαι
1428 4495 1528 4568 τὴν
1549 4496 1880 4563 οἰκονομίαν,
1902 4495 1988 4548 ἵνα
2013 4496 2088 4565 μὴ

515 4587 592 4648 ὡς
617 4585 1167 4657 ἐγκαταλελειμμένα
1191 4583 1481 4654 διακέησθε
1510 4601 1524 4615 ·
1557 4582 1719 4645 0616;
1748 4582 1858 4653 γάρ
1889 4584 2032 4634 ἐστιν
2061 4585 2089 4635 6

515 4671 724 4732 παθὼν,
744 4673 905 4736 0616;
939 4673 966 4725 6
993 4671 1329 4742 πρεσϐεύων*
1358 4671 1390 4741 ἢ
1423 4670 1582 4723 τοῦτό
1620 4686 1806 4737 φησιν,
1832 4670 1913 4722 611
1955 4669 2086 4738 Ἑμέ

515 4755 607 4808 τὸν
633 4755 866 4826 μάλιστα
897 4757 1112 4810 πάντων
1132 4756 1365 4824 διώκτην
1395 4754 1484 4806 διὰ
1513 4753 1672 4806 τοῦτο
1700 4754 1848 4807 εἴασε
1877 4753 2083 4817 διῶξαι,

516 4842 604 4894 ἵνα
637 4843 944 4909 ἀξιόπιστος
973 4837 1017 4896 ὧ
1051 4842 1359 4915 κηρύσσων*
1390 4841 1424 4909 ἢ
1456 4840 1764 4910 οἰκονομίαν
1790 4841 1973 4911 φησὶν,
2005 4842 2087 4894 611

513 4929 629 4982 Οὐκ
657 4929 794 5001 ἔργα
822 4931 1082 5002 ἐζήτησεν
1114 4929 1236 4982 ούδέ
1260 4927 1486 4998 πράξεις
1513 4927 1634 4980 οὐδὲ
1663 4926 2085 4997 κατορθώματα,

512 5015 650 5068 ἀλλὰ
682 5017 865 5070 πίστιν
896 5019 990 5069 καὶ
1017 5016 1324 5087 βάπτισμα.
1372 5015 1446 5067 Οὐ
1494 5014 1604 5083 γάρ
1633 5012 1698 5067 ἂν
1737 5014 1940 5083 ἑτέρως
1973 5014 2088 5067 ἐδέ-

515 5103 677 5168 ξασθε
703 5105 796 5158 τὸν
816 5103 994 5172 λόγον.
1012 5105 1117 5170 Εἰς
1137 5101 1312 5170 ὑμᾶς,
1340 5103 1495 5171 φησὶ,
1513 5098 1827 5168 πληρῶσαι
1848 5100 1956 5154 τὸν
1981 5102 2085 5154 λό-

512 5207 623 5259 γον
649 5190 756 5245 τοῦ
783 5190 952 5245 Θεοῦ.
975 5190 1112 5260 Περὶ
1137 5188 1245 5244 τῶν
1264 5188 1432 5242 ἐθνῶν
1461 5189 1628 5257 λέγει,
1652 5189 1866 5251 δεικνὺς
1891 5189 2087 5252 06106;

512 5277 596 5330 ἔτι
652 5277 1045 5349 σαλευομένους
1080 5275 1158 5346 τῷ
1210 5277 1420 5340 εἰπεῖν,
1473 5275 1814 5343 Πληρῶσαι.
1857 5275 1931 5326 Τὸ
1978 5275 2086 5344 γάρ

512 5363 639 5434 ἔθνη
678 5365 1065 5437 άπερῤιμμένα
1105 5363 1396 5434 δυνηθῆναι
1420 5360 1672 5414 τοσοῦτον
1711 5362 1842 5431 ὕψος
1880 5361 2088 5430 δογμά-

511 5471 621 5507 των
660 5454 947 5519 δέξασθαι,
986 5455 1107 5524 ούχὶ
1141 5453 1353 5506 Παύλου
1378 5447 1476 5522 ἦν,
1513 5451 1626 5503 ἀλλ’
1657 5450 1963 5521 οἰκονομίας
1989 5451 2086 5518 τῆς

511 5541 604 5594 τοῦ
636 5542 793 5596 Θεοῦ·
837 5544 988 5596 Ἐπεὶ
1011 5541 1120 5610 ἐγώ
1151 5542 1252 5594 ούκ
1276 5541 1340 5593 ἂν
1365 5541 1582 5609 ἴσχυσα,
1613 5540 1765 5608 φησί.
1795 5539 1986 5603 Δείξας
2020 5538 2085 5608 δὴ

509 5631 570 5680 τὸ
616 5632 818 5698 μεῖζον,
867 5630 936 5683 10
967 5629 1132 5683 06106
1177 5629 1474 5698 παθήματα
1517 5625 1610 5678 τοῦ
1649 5626 1886 5697 Χριστοῦ
1933 5625 2081 5686 ὅντα,

512 5719 629 5770 τότε
665 5719 724 5774 τὸ
763 5718 1094 5789 σαφέστερον
1132 5718 1348 5788 ἐπάγει,
1390 5717 1472 5771 ὅτι
1499 5716 1607 5769 Καὶ
1640 5715 1797 5779 τοῦτο
1826 5714 1918 5769 τοῦ
1947 5715 2082 5768 Θεοῦ

1464 271 1530 326 ΙΝ
1568 269 1787 329 EPIST.
1828 268 1919 322 Al)
1951 265 2231 325 COLOSS.
2272 268 2424 346 CAP,
2472 271 2510 324 Ι.
2551 269 2782 326 IIOMIL.
2827 271 2915 326 IV.

3663 277 3768 329 528

2201 385 2341 451 ἐστι,
2366 385 2428 438 τὸ
2456 385 2740 456 πληρῶσαι
2763 387 2853 440 τὸν
2881 385 3038 455 λόγον
3062 387 3142 450 είς
3172 386 3333 456 ῢμᾶς.
3367 389 3474 443 Καὶ
3501 387 3770 442 δείκνυσιν

2200 472 2435 525 ἐνταῦθα
2471 472 2578 545 [06]
2617 473 2887 544 φανερῶς,
2905 476 2989 528 611
3018 475 3130 528 Καὶ
3164 475 3325 528 τοῦτο
3347 476 3680 544 οίκονομίας,
3708 477 3770 529 τὸ

2200 560 2295 612 νῦν
2321 561 2597 633 λεχθῆναι,
2617 564 2699 616 ὅτι
2720 561 2950 616 δύνασθε
2966 562 3205 628 ἀκούειν,
3228 562 3342 616 ἀλλ’
3367 566 3466 618 οὐκ
3489 565 3770 632 ἀμελείας,

2199 645 2316 700 ἀλλ’
2362 647 2502 702 ὥστε
2557 648 2838 712 δεκτικοὺς
2882 649 3157 717 γενέσθαι.
3221 651 3278 704 '0
3326 651 3434 722 γὰρ
3490 651 3622 716 Θεὸς
3672 653 3774 707 οὐκ

2201 734 2414 806 ἀθρόως
2454 739 2631 791 πάντα
2673 740 2849 802 ποιεῖ,
2889 737 3028 792 άλλά
3057 738 3321 810 κέχρηται
3365 739 3774 806 συγκαταϐάσει

2201 821 2290 874 διά
2309 823 2407 893 τὴν
2422 824 2623 895 πολλὴν
2647 825 2812 878 06106
2831 825 3256 896 φιλανθρωπίαν.
3289 827 3398 882 Καὶ
3417 828 3575 882 τοῦτο
3602 829 3776 882 αἴτιον

2199 910 2294 962 τοῦ
2329 910 2422 963 νῦν
2455 914 2857 982 παραγενέσθαι
2884 914 2977 967 τὸν
3008 915 3261 985 Χριστὸν,
3300 915 3438 969 ἀλλά
3478 916 3553 987 μὴ
3579 916 3772 970 πάλαι.

2202 995 2359 1049 0610)
2392 999 2488 1051 καὶ
2528 999 2798 1053 δείκνυσιν
2829 1001 2889 1053 ἐν
2920 999 2998 1070 τῷ
3027 1001 3345 1072 Εὑαγγελίῳ
3369 1003 3452 1056 611
3489 1003 3577 1057 διὰ
3615 1004 3774 1057 τοῦτο

2199 1085 2327 1146 τοὺς
2356 1084 2577 1148 δούλους
2612 1087 2894 1140 ἀπέστειλε
2921 1088 3189 1160 πρώτους,
3226 1090 3310 1143 ῖνα
3335 1091 3408 1160 μὴ
3442 1093 3534 1144 ἐπὶ
3561 1091 3654 1143 τὸν
3679 1093 3775 1159 φό-

2204 1186 2292 1223 νον
2334 1171 2529 1226 ἔλθωσι
2570 1173 2665 1226 τοῦ
2715 1173 2854 1227 υἱοῦ.
2900 1174 2965 1226 Et
3009 1174 3119 1245 γάρ
3160 1175 3283 1229 οὐδὲ
3319 1177 3456 1247 μετά
3490 1177 3616 1242 106;
3653 1176 3777 1230 606-

2200 1257 2327 1322 λους
2356 1260 2580 1315 ἐλθόντα
2608 1262 2698 1314 τὸν
2736 1262 2851 1316 υίὸν
2879 1263 3207 1334 ᾐδέσθησαν,
3231 1265 3410 1337 πολλῷ
3440 1266 3640 1332 μᾶλλον
3668 1266 3776 1336 πρὸ

2200 1346 2426 1401 τούτου·
2463 1352 2513 1402 εἰ
2559 1349 2669 1403 τῶν
2699 1350 2998 1404 ἐλαττόνων
3039 1352 3138 1404 οὑκ
3187 1351 3381 1423 ἢκουον
3416 1355 3774 1424 προσταγμάο

2200 1453 2340 1500 των,
2386 1439 2504 1502 πῶς
2551 1439 2660 1492 τῶν
2721 1441 2982 1510 μειζόνων
3030 1441 3272 1510 ἥκουσαν
3306 1441 3405 1507 ἄν;
3446 1442 3512 1495 Τί
3540 1437 3633 1494 οὖν
3673 1457 3777 1510 φη-

2203 1539 2326 1588 σιν;
2375 1523 2488 1578 Ούκ
2539 1525 2678 1578 είσὶν
2737 1526 2982 1580 Ἰουδαῖοι
3039 1527 3134 1581 καὶ
3181 1528 3310 1594 νῦν,
3362 1529 3456 1581 καὶ
3514 1527 3776 1598 ’Έλληνες

2201 1609 2552 1681 ἀτελέστερον
2574 1612 2939 1684 διακείμενοι;
2964 1616 3134 1670 Τοῦτο
3161 1615 3345 1670 λοιπὸν
3372 1617 3644 1689 ὑπερϐολὴ
3675 1620 3774 1690 ῥᾳ-

2201 1698 2419 1770 θυμίας.
2468 1701 2543 1755 Τὸ
2580 1701 2689 1774 γὰρ
2721 1703 2860 1774 μετά
2891 1703 3146 1758 τοσοῦτον
3179 1704 3330 1777 [554]
3366 1707 3587 1778 χρόνον,
3635 1706 3774 1776 μετὰ.

2198 1788 2436 1842 τοσαῦτα
2481 1788 2782 1860 διδάγματα
2813 1789 2894 1844 ἔτι
2940 1791 3122 1862 μένειν
3164 1793 3396 1860 ἀτελεῖς,
3435 1791 3633 1864 πολλῆς
3668 1813 3772 1847 νω-

2201 1870 2352 1935 θείας
2375 1872 2539 1926 ἐστίν.

2269 2057 2341 2121 γ’.
2362 2051 2536 2106 Ὅταν
2564 2047 2910 2121 οὗνλέγωσιν
2941 2055 3218 2125 Ἕλληνες,
3244 2055 3343 2109 Διά
3363 2057 3414 2110 τί
3445 2056 3540 2110 νῦν
3561 2053 3721 2125 ἦλθεν
3746 2061 3776 2110 6

2199 2139 2468 2209 X91016;;
2504 2139 2580 2210 μὴ
2617 2139 2773 2194 τοῦτο
2809 2141 3037 2212 ἀφῶμεν
3070 2142 3251 2211 λέγειν
3278 2145 3510 2208 06106;,
3543 2145 3658 2197 ἀλλ’
3678 2187 3692 2208 ,
3725 2146 3776 2198 εί

2203 2225 2277 2296 μὴ
2311 2225 2694 2298 κατώρθωσεν,
2725 2226 3037 2298 ἐρωτῶμεν.
3065 2230 3273 2302 Ὥσπερ
3303 2231 3412 2301 γὰρ
3436 2233 3484 2285 εί
3514 2233 3605 2285 καὶ
3627 2233 3778 2302 παρά

2199 2312 2296 2384 τὴν
2322 2314 2496 2386 ἀρχὴν
2526 2310 2661 2386 ἦλθε
2680 2315 2776 2368 καὶ
2807 2315 2882 2386 μὴ
2917 2317 3300 2389 κατώρθωσεν,
3325 2320 3426 2373 οὐκ
3449 2322 3613 2390 ἤρκει
3644 2323 3776 2392 ἡμῖν

2199 2402 2336 2472 πρὸς
2356 2401 2652 2470 ἀπολογίαν
2666 2402 2695 2454 6
2710 2407 2900 2475 καιρός
2919 2418 2934 2434 ⁶
2957 2403 3152 2470 0610);,
3179 2406 3366 2475 ἐπειδὴ
3389 2406 3774 2478 κατώρθωσεν,

2197 2490 2299 2544 οὐκ
2329 2489 2394 2543 ἂν
2433 2489 2628 2559 εἴημεν
2665 2489 2865 2544 δίκαιοι
2892 2490 2986 2544 τοῦ
3027 2491 3222 2562 καιροῦ
3254 2493 3354 2556 τὰς
3386 2493 3614 2556 εὐθύνας
3674 2494 3778 2547 ὐπ-

2198 2577 2364 2646 έχειν.
2384 2576 2518 2629 Οὑδέ
2545 2576 2652 2648 γὰρ
2674 2576 2858 2648 ἰατρόν
2882 2595 2967 2641 τις
2997 2579 3098 2648 τὴν
3123 2579 3280 2632 νόσον
3299 2579 3538 2634 λύσαντα
3569 2582 3661 2634 καὶ
3681 2582 3777 2634 ἐπὶ⁸

2201 2665 2387 2731 ὑγείαν
2426 2664 2701 2733 ἀγαγόντα
2728 2667 2955 2719 ἀπαιτεί
2984 2669 3084 2737 τῆς
3117 2667 3360 2738 ἰατρείας
3390 2669 3488 2732 τὰς
3520 2668 3773 2736 εὐθύνας,

2195 2752 2316 2805 ούδέ
2347 2753 2654 2824 στρατηγὸν
2681 2754 3005 2823 νενικηκότα
3030 2771 3116 2817 τις
3148 2754 3420 2820 ἐξετάζει,
3448 2755 3537 2810 διὰ
3563 2757 3616 2808 τί
3640 2755 3775 2826 τῷδε

2194 2840 2274 2909 τῷ
2299 2839 2497 2912 καιρῷ,
2537 2841 2631 2894 καὶ
2659 2841 2745 2894 διὰ
2773 2841 2826 2894 τί
2855 2842 2913 2896 ἐν
2940 2841 3077 2912 τῷδε
3110 2843 3188 2912 τῷ
3226 2844 3396 2914 τόπῳ.
3425 2843 3612 2897 Ταῦτα
3641 2843 3774 2913 γάρ,

2200 2927 2274 2997 μὴ
2321 2927 2787 2998 κατορθώσαντος,
2815 2923 2884 2999 ἦν
2930 2929 3141 3000 ἐρωτᾷν
3165 2946 3179 2960 ’
3213 2929 3658 3001 κατορθώσαντος
3694 2931 3771 2994 δὲ,

2196 3017 2286 3067 καί
2313 3015 2695 3086 ἀποδέχεσθαι.
2731 3017 2827 3078 Τίς
2853 3015 2982 3088 γάρ,
3009 3017 3130 3069 εἰπέ
3162 3034 3272 3087 μοι,
3305 3017 3772 3088 άξιοπιστότερος;

2193 3100 2224 3152 6
2250 3101 2340 3164 σὸς
2355 3101 2614 3175 λογισμὸς
2640 3103 2734 3157 καὶ
2759 3105 2792 3175 ἡ
2815 3103 3171 3172 συκοφαντία,
3201 3107 3236 3176 ἢ
3263 3106 3297 3176 ἡ
3325 3105 3421 3158 τοῦ
3447 3105 3774 3175 πράγματος

2195 3188 2508 3258 τελειότηςς
2551 3181 2840 3262 ἐνίκησεν,
2879 3191 2914 3263 ἦ
2950 3192 3051 3244 οὐκ
3089 3191 3338 3262 ἐνίκησε;
3378 3193 3539 3246 τοῦτο
3565 3191 3772 3260 δεῖξον·

2196 3276 2564 3347 ἐκράτησεν,ἢ
2592 3278 2691 3330 06x
2711 3279 3014 3349 ἐκράτησεν
3033 3296 3047 3347 ;
3066 3278 3334 3350 ἐξήγαγεν
3360 3281 3442 3343 είς
3465 3279 3616 3344 τέλος
3631 3280 3774 3352 ἅπερ

2194 3357 2377 3428 εἶπεν,
2408 3361 2441 3432 ἢ
2475 3361 2571 3427 ού;
2613 3355 2791 3416 Αὗταί
2829 3367 2965 3418 εἰσιν
2997 3367 3051 3420 αί
3086 3366 3334 3420 εὐθῦναι.
3368 3366 3504 3423 Είπέ
3548 3367 3610 3439 δή
3649 3385 3772 3438 μοι,

2194 3446 2328 3499 Θεὸν
2366 3445 2586 3510 πάντως
2613 3447 2896 3516 ὁμολογεῖς
2936 3444 3111 3514 εἶναι,
3149 3452 3198 3505 εί
3248 3451 3342 3504 καὶ
3384 3451 3458 3522 μὴ
3501 3453 3771 3523 Χριστόνς

2195 3532 2386 3603 ἐρωτῶ
2415 3534 2480 3604 δή
2523 3549 2582 3586 σε
2604 3548 2620 3564 ο
2657 3533 2892 3604 ἄναρχος
2923 3535 2952 3588 6
2991 3536 3150 3602 Θεόςς
3180 3539 3406 3602 Πάντως
3437 3540 3599 3610 ἐρεῖς.
3636 3540 3772 3597 Εἰπὲ

2194 3619 2257 3690 δή
2291 3637 2402 3689 μοι,
2432 3619 2523 3674 διὰ
2553 3619 2610 3673 τί
2639 3621 2714 3691 μὴ
2746 3620 2853 3692 πρὸ
2885 3622 3094 3695 μυρίων
3123 3623 3258 3678 ἐτῶν
3282 3626 3410 3688 τοὺς
3448 3625 3773 3697 ἀνθρώπους

2197 3707 2446 3780 ἐποίησε;
2486 3706 2711 3762 πλείονα
2746 3708 2855 3778 γάρ
2894 3707 3120 3778 ἔμελλον
3161 3711 3424 3781 ζήσεσθαι
3455 3713 3665 3783 χρόνον.
3705 3714 3771 3768 Et

2197 3793 2305 3864 γὰρ
2330 3795 2492 3849 καλὸν
2512 3795 2573 3848 τὸ
2595 3792 2755 3861 εἶναι,
2784 3795 2965 3868 πολλῷ
2999 3795 3197 3867 μᾶλλον
3214 3797 3274 3850 τὸ
3301 3798 3583 3852 ἐπιπλεῖον
3603 3797 3768 3856 εἶναι.

2194 3880 2310 3934 Νῦν
2338 3881 2395 3934 δέ
2429 3876 2816 3953 ἐζημιώθησαν
2849 3882 2909 3936 ὃν
2944 3883 3046 3937 οὐκ
3073 3883 3319 3952 ἐγένοντο
3359 3885 3579 3956 χρόνον;
3629 3888 3771 3940 Ἀλλ’

2194 3966 2293 4018 οὐκ
2325 3966 2712 4040 ἐζημιώθησαν
2734 3986 2750 4001 ο
2776 3969 2838 4022 τὸ
2865 3970 2922 4024 δὲ
2950 3969 3089 4035 πῶς,
3120 3970 3282 4034 αὐτὸς
3316 3967 3456 4025 οἶδεν
3478 3975 3505 4025 ό
3538 3992 3771 4044 πεποιη-

2195 4053 2326 4119 κώς.
2353 4057 2524 4110 Πάλιν
2550 4075 2609 4112 σε
2631 4059 2841 4130 ἐρωτῶ,
2862 4059 2950 4113 διά
2968 4059 3022 4113 τί
3049 4059 3122 4130 μὴ
3142 4062 3349 4123 πάντας
3373 4061 3568 4132 ἀθρόον
3585 4064 3771 4130 ἐποίη-

2197 4159 2309 4206 σεν,
2348 4143 2464 4197 ἀλλ’
2495 4144 2530 4214 ὴ
2565 4145 2662 4214 μὲν
2684 4145 2780 4200 τοῦ
2811 4147 2979 4210 δεῖνος
3003 4147 3148 4218 ψυχὴ
3181 4147 3276 4201 τοῦ
3303 4149 3522 4218 πρώτου
3547 4154 3766 4220 γενομέ-

2200 4248 2284 4284 νου
2309 4231 2545 4285 τοσαῦτα
2575 4231 2668 4304 ἐτη
2715 4234 2826 4303 ἔχει
2857 4232 3012 4299 οὖσα,
3039 4236 3073 4305 ἡ
3104 4235 3160 4288 δέ
3197 4237 3364 4305 ἑτέρα
3391 4236 3697 4305 ἠλάττωται
3733 4241 3766 4308 ἡ

2196 4318 2422 4388 μηδέπω
2436 4320 2700 4391 γενομένη
2722 4321 2842 4385 ;διά
2856 4323 2910 4376 τί
2934 4323 3026 4375 τὸν
3052 4323 3150 4393 μὲν
3167 4322 3405 4393 πρῶτον,
3425 4323 3515 4375 τὸν
3540 4323 3596 4376 δὲ
3622 4323 3771 4377 601a-

2194 4422 2287 4476 ρον
2315 4405 2571 4478 ἐποίησεν
2596 4409 2677 4472 εἰς
2707 4409 2854 4462 τόνδε
2894 4409 3239 4480 παραχθῆναι
3271 4411 3363 4463 τὸν
3400 4411 3639 4482 κόσμον;
3675 4415 3768 4466 καὶ

2193 4493 2420 4548 τοιαῦτα
2448 4496 2616 4558 δντως
2641 4495 2920 4568 ζητήσεως
2947 4498 3101 4562 ἄξια,
3131 4499 3243 4551 ἀλλ’
3277 4499 3336 4550 06
3369 4497 3767 4570 πολυπραγμο-

2194 4580 2358 4652 σύνης
2379 4597 2394 4612 ’
2416 4581 2576 4636 τοῦτο
2599 4583 2705 4655 γὰρ
2719 4583 2840 4636 ούδέ
2862 4582 3159 4654 ζητήσεως.
3200 4583 3340 4652 Ἐγὼ
3356 4585 3412 4638 δὲ
3439 4585 3552 4654 ἐρῶ
3575 4586 3675 4655 τὴν
3689 4589 3769 4640 αῖ-

2191 4665 2311 4720 τίαν
2347 4669 2526 4740 ἤνπερ
2562 4665 2714 4722 εἷπον
2734 4687 2748 4701 ·
2792 4669 2994 4723 ὑπόθου
3023 4673 3131 4739 γάρ
3163 4687 3252 4740 μοι
3285 4670 3382 4742 τὴν
3417 4671 3767 4744 ἀνθρωπίνην

2192 4755 2356 4824 φύσιν
2380 4755 2568 4829 ῶσπερ
2586 4759 2718 4828 μίαν
2735 4757 2858 4811 τινὰ
2885 4757 3229 4828 ήλικίαν.καὶ
3252 4760 3378 4822 106;
3397 4761 3494 4830 μὲν
3519 4759 3768 4833 πρώτους

2191 4843 2417 4914 χρόνους
2453 4845 2735 4914 μειρακίου
2769 4845 2922 4912 τάξιν
2960 4845 3104 4916 ἔχειν
3125 4845 3188 4899 16
3212 4846 3368 4914 γένος
3389 4847 3450 4900 16
3476 4849 3762 4918 ἡμέτερον,

2189 4930 2316 4992 τοὺς
2346 4931 2402 4984 δὲ
2435 4933 2554 5002 μετ’
2585 4933 2759 4986 ἐκεῖνο
2778 4933 3084 4996 νεανίσκου,
3120 4933 3342 4998 τούτους
3368 4934 3423 4986 δὲ
3456 4936 3580 4998 τοὺς
3601 4937 3767 5003 ἐγγὺς

2192 5014 2288 5067 τοῦ
2317 5017 2502 5088 γήρως
2531 5019 2858 5089 πρεσϐύτου.
2888 5021 3091 5080 Λοιπὸν
3123 5022 3250 5076 ὅταν
3283 5024 3316 5092 ἡ
3347 5021 3492 5092 ψυχὴ
3518 5021 3764 5094 ἀκμάζῃ.

2191 5102 2301 5155 τῶν
2331 5103 2423 5156 τοῦ
2453 5104 2700 5175 σώματος
2727 5107 2904 5177 μελῶν
2936 5108 3337 5178 χαλασθέντων,
3376 5107 3582 5161 καὶτοῦ
3611 5110 3768 5160 πολέ-

2197 5205 2299 5258 μου
2328 5189 2598 5259 λυθέντος,
2633 5194 2752 5247 τότε
2776 5193 3022 5266 ἦχθημεν
3049 5196 3142 5248 ἐπὶ
3173 5196 3270 5266 τὴν
3299 5195 3639 5264 φιλοσοφίαν.
3659 5197 3770 5248 Καὶ

2197 5275 2304 5346 μὴν
2328 5277 2653 5344 τούναντίον,
2687 5283 2817 5352 φησί
2843 5299 2856 5313 ⁸
2932 5284 3193 5354 μειράκια
3249 5283 3374 5334 ὄντα
3417 5283 3768 5350 διδάσκομεν,

2192 5363 2308 5416 ἀλλ’
2333 5364 2392 5416 οὐ
2417 5365 2486 5417 10
2523 5367 2732 5434 μεγάλα
2778 5369 3043 5439 δόγματα,
3077 5369 3214 5422 ἀλλὰ
3269 5371 3576 5440 ῥητορείαν,
3627 5371 3769 5423 ἀλλὰ

2191 5451 2472 5522 δεινότητα
2496 5454 2695 5522 λόγων’
2731 5457 2900 5510 ταῦτα
2931 5462 3026 5528 μὲν
3056 5456 3170 5520 οὖν,
3196 5460 3320 5512 ὅταν
3345 5460 3658 5527 ἀκμάζοντα
3686 5461 3777 5526 γέ·-

2193 5557 2373 5606 νηται.
2405 5541 2545 5612 Ὅρα
2583 5543 2676 5596 καὶ
2725 5544 2813 5596 τὸν
2847 5545 2978 5597 Θεὸν
3019 5544 3196 5598 ταῦτα
3229 5544 3487 5598 ποιοῦντα
3531 5547 3625 5598 ἐπὶ
3658 5548 3769 5599 τῶν

2207 5627 2492 5682 Ἰουδαίων.
2551 5631 2821 5701 Καθάπερ
2877 5633 2984 5702 γὰρ
3034 5632 3266 5695 παιδίοις
3326 5636 3435 5695 τοῖς
3492 5633 3770 5698 Ἰουδαίοις

2192 5718 2614 5788 γραμματιστὴν
2655 5719 2746 5772 τὸν
2779 5719 3016 5773 Μωῧςέα
3042 5717 3210 5784 οὕτως
3247 5719 3429 5796 αὐτοῖς
3471 5723 3763 5792 ἐπέστησε,
