  <div class='ocr_page' id='page_1' title='image "/cluster/home/n/w/nwhite01/storage/ocr_20150623/62/nnc1.0046979654/335.png"; bbox 0 0 4148 6402; ppageno 0'>
   <div class='ocr_carea' id='block_1_1' title="bbox 382 297 486 351">
    <p class='ocr_par' dir='ltr' id='par_1_1' title="bbox 382 297 486 351">
     <span class='ocr_line' id='line_1_1' title="bbox 382 297 486 351; baseline -0.019 0"><span class='ocrx_word' id='word_1_1' title='bbox 382 297 486 351; x_wconf 72' lang='lat'>329</span> 
     </span>
    </p>
   </div>
   <div class='ocr_carea' id='block_1_2' title="bbox 383 406 1961 478">
    <p class='ocr_par' dir='ltr' id='par_1_2' title="bbox 383 406 1961 478">
     <span class='ocr_line' id='line_1_2' title="bbox 383 406 1961 478; baseline -0.004 -14"><span class='ocrx_word' id='word_1_2' title='bbox 383 412 476 464; x_wconf 73' lang='grc' dir='ltr'>καὶ</span> <span class='ocrx_word' id='word_1_3' title='bbox 509 408 584 473; x_wconf 85' lang='grc' dir='ltr'>ὡς</span> <span class='ocrx_word' id='word_1_4' title='bbox 617 406 820 471; x_wconf 84' lang='grc' dir='ltr'>παιδία,</span> <span class='ocrx_word' id='word_1_5' title='bbox 853 406 1023 470; x_wconf 72' lang='grc' dir='ltr'>οὕτως</span> <span class='ocrx_word' id='word_1_6' title='bbox 1045 408 1241 471; x_wconf 78' lang='grc' dir='ltr'>αὐτοὺς</span> <span class='ocrx_word' id='word_1_7' title='bbox 1274 408 1547 478; x_wconf 83' lang='grc' dir='ltr'>ἀνήγαγεν</span> <span class='ocrx_word' id='word_1_8' title='bbox 1582 409 1785 469; x_wconf 85' lang='grc' dir='ltr'>ἐκεῖνος</span> <span class='ocrx_word' id='word_1_9' title='bbox 1814 422 1961 458; x_wconf 85' lang='grc' dir='ltr'>σκια-</span> 
     </span>
    </p>
   </div>
   <div class='ocr_carea' id='block_1_3' title="bbox 379 485 1963 565">
    <p class='ocr_par' dir='ltr' id='par_1_3' title="bbox 379 485 1963 565">
     <span class='ocr_line' id='line_1_3' title="bbox 379 485 1963 565; baseline -0.004 -18"><span class='ocrx_word' id='word_1_10' title='bbox 379 490 630 565; x_wconf 80' lang='grc' dir='ltr'>γραφῶν,</span> <span class='ocrx_word' id='word_1_11' title='bbox 658 490 909 560; x_wconf 86' lang='grc' dir='ltr'>καθάπερ</span> <span class='ocrx_word' id='word_1_12' title='bbox 937 491 1101 560; x_wconf 85' lang='grc' dir='ltr'>ήμεῖς</span> <span class='ocrx_word' id='word_1_13' title='bbox 1134 491 1203 543; x_wconf 82' lang='grc' dir='ltr'>τά</span> <span class='ocrx_word' id='word_1_14' title='bbox 1235 494 1497 561; x_wconf 90' lang='grc' dir='ltr'>στοιχεῖα.</span> <span class='ocrx_word' id='word_1_15' title='bbox 1530 493 1717 544; x_wconf 79' lang='grc' dir='ltr'>Σκιὰν</span> <span class='ocrx_word' id='word_1_16' title='bbox 1741 490 1851 560; x_wconf 78' lang='grc' dir='ltr'>γὰρ</span> <span class='ocrx_word' id='word_1_17' title='bbox 1883 485 1963 557; x_wconf 78' lang='grc' dir='ltr'>ἦν</span> 
     </span>
    </p>
   </div>
   <div class='ocr_carea' id='block_1_4' title="bbox 380 572 1963 645">
    <p class='ocr_par' dir='ltr' id='par_1_4' title="bbox 380 572 1963 645">
     <span class='ocr_line' id='line_1_4' title="bbox 380 572 1963 645; baseline -0.003 -16"><span class='ocrx_word' id='word_1_18' title='bbox 380 577 538 645; x_wconf 74' lang='grc' dir='ltr'>ἔχων</span> <span class='ocrx_word' id='word_1_19' title='bbox 559 577 591 628; x_wconf 84' lang='grc' dir='ltr'>ό</span> <span class='ocrx_word' id='word_1_20' title='bbox 622 575 805 641; x_wconf 79' lang='grc' dir='ltr'>νόμος</span> <span class='ocrx_word' id='word_1_21' title='bbox 832 572 949 625; x_wconf 75' lang='grc' dir='ltr'>τῶν</span> <span class='ocrx_word' id='word_1_22' title='bbox 969 573 1324 641; x_wconf 73' lang='grc' dir='ltr'>μελλόντων</span> <span class='ocrx_word' id='word_1_23' title='bbox 1342 574 1599 641; x_wconf 75' lang='grc' dir='ltr'>ἀγαθῶν,</span> <span class='ocrx_word' id='word_1_24' title='bbox 1632 576 1743 627; x_wconf 80' lang='grc' dir='ltr'>οὐκ</span> <span class='ocrx_word' id='word_1_25' title='bbox 1768 572 1963 639; x_wconf 73' lang='grc' dir='ltr'>αὐτὴν</span> 
     </span>
    </p>
   </div>
   <div class='ocr_carea' id='block_1_5' title="bbox 380 652 1962 727">
    <p class='ocr_par' dir='ltr' id='par_1_5' title="bbox 380 652 1962 727">
     <span class='ocr_line' id='line_1_5' title="bbox 380 652 1962 727; baseline -0.004 -14"><span class='ocrx_word' id='word_1_26' title='bbox 380 658 497 727; x_wconf 80' lang='grc' dir='ltr'>τὴν</span> <span class='ocrx_word' id='word_1_27' title='bbox 531 657 735 712; x_wconf 71' lang='grc' dir='ltr'>εἰκόνα</span> <span class='ocrx_word' id='word_1_28' title='bbox 767 653 885 709; x_wconf 77' lang='grc' dir='ltr'>τῶν</span> <span class='ocrx_word' id='word_1_29' title='bbox 919 655 1300 724; x_wconf 71' lang='grc' dir='ltr'>πραγμάτων.</span> <span class='ocrx_word' id='word_1_30' title='bbox 1354 657 1621 727; x_wconf 83' lang='grc' dir='ltr'>Καθάπερ</span> <span class='ocrx_word' id='word_1_31' title='bbox 1665 652 1758 710; x_wconf 80' lang='grc' dir='ltr'>οὖν</span> <span class='ocrx_word' id='word_1_32' title='bbox 1800 658 1962 726; x_wconf 83' lang='grc' dir='ltr'>ἡμεῖς</span> 
     </span>
    </p>
   </div>
   <div class='ocr_carea' id='block_1_6' title="bbox 379 738 1961 811">
    <p class='ocr_par' dir='ltr' id='par_1_6' title="bbox 379 738 1961 811">
     <span class='ocr_line' id='line_1_6' title="bbox 379 738 1961 811; baseline -0.002 -17"><span class='ocrx_word' id='word_1_33' title='bbox 379 744 492 804; x_wconf 86' lang='grc' dir='ltr'>τοῖς</span> <span class='ocrx_word' id='word_1_34' title='bbox 518 740 752 803; x_wconf 77' lang='grc' dir='ltr'>παιδίοις</span> <span class='ocrx_word' id='word_1_35' title='bbox 793 740 889 791; x_wconf 73' lang='grc' dir='ltr'>καὶ</span> <span class='ocrx_word' id='word_1_36' title='bbox 935 738 1277 803; x_wconf 80' lang='grc' dir='ltr'>πλακοῦντας</span> <span class='ocrx_word' id='word_1_37' title='bbox 1315 739 1622 811; x_wconf 86' lang='grc' dir='ltr'>ὠνούμεθα,</span> <span class='ocrx_word' id='word_1_38' title='bbox 1658 740 1753 793; x_wconf 77' lang='grc' dir='ltr'>καὶ</span> <span class='ocrx_word' id='word_1_39' title='bbox 1791 738 1961 809; x_wconf 80' lang='grc' dir='ltr'>ἀργύο</span> 
     </span>
    </p>
   </div>
   <div class='ocr_carea' id='block_1_7' title="bbox 384 822 1960 896">
    <p class='ocr_par' dir='ltr' id='par_1_7' title="bbox 384 822 1960 896">
     <span class='ocr_line' id='line_1_7' title="bbox 384 822 1960 896; baseline -0.001 -19"><span class='ocrx_word' id='word_1_40' title='bbox 384 842 473 896; x_wconf 88' lang='grc' dir='ltr'>ρια</span> <span class='ocrx_word' id='word_1_41' title='bbox 500 823 738 892; x_wconf 90' lang='grc' dir='ltr'>δίδομεν,</span> <span class='ocrx_word' id='word_1_42' title='bbox 792 822 850 874; x_wconf 82' lang='grc' dir='ltr'>ἐν</span> <span class='ocrx_word' id='word_1_43' title='bbox 884 823 1044 893; x_wconf 85' lang='grc' dir='ltr'>μόνον</span> <span class='ocrx_word' id='word_1_44' title='bbox 1096 822 1227 894; x_wconf 75' lang='grc' dir='ltr'>παρ’</span> <span class='ocrx_word' id='word_1_45' title='bbox 1261 823 1440 875; x_wconf 85' lang='grc' dir='ltr'>αὐτῶν</span> <span class='ocrx_word' id='word_1_46' title='bbox 1482 824 1864 886; x_wconf 80' lang='grc' dir='ltr'>ἀπαιτοῦντες,</span> <span class='ocrx_word' id='word_1_47' title='bbox 1899 823 1960 876; x_wconf 89' lang='grc' dir='ltr'>τὸ</span> 
     </span>
    </p>
   </div>
   <div class='ocr_carea' id='block_1_8' title="bbox 378 905 1961 978">
    <p class='ocr_par' dir='ltr' id='par_1_8' title="bbox 378 905 1961 978">
     <span class='ocr_line' id='line_1_8' title="bbox 378 905 1961 978; baseline -0.002 -17"><span class='ocrx_word' id='word_1_48' title='bbox 378 911 515 971; x_wconf 84' lang='grc' dir='ltr'>τέως</span> <span class='ocrx_word' id='word_1_49' title='bbox 542 907 776 978; x_wconf 72' lang='grc' dir='ltr'>βαδίζειν</span> <span class='ocrx_word' id='word_1_50' title='bbox 804 905 896 958; x_wconf 83' lang='grc' dir='ltr'>ἐπὶ</span> <span class='ocrx_word' id='word_1_51' title='bbox 926 906 987 959; x_wconf 91' lang='grc' dir='ltr'>τὸ</span> <span class='ocrx_word' id='word_1_52' title='bbox 1012 905 1385 959; x_wconf 85' lang='grc' dir='ltr'>διδασκαλεῖον</span> <span class='ocrx_word' id='word_1_53' title='bbox 1407 922 1420 935; x_wconf 85' lang='grc'>⁸</span> <span class='ocrx_word' id='word_1_54' title='bbox 1476 905 1620 960; x_wconf 79' lang='grc' dir='ltr'>οὕτω</span> <span class='ocrx_word' id='word_1_55' title='bbox 1649 908 1743 960; x_wconf 74' lang='grc' dir='ltr'>καὶ</span> <span class='ocrx_word' id='word_1_56' title='bbox 1771 909 1799 961; x_wconf 99' lang='lat'>6</span> <span class='ocrx_word' id='word_1_57' title='bbox 1828 906 1961 969; x_wconf 82' lang='grc' dir='ltr'>Θεὸς</span> 
     </span>
    </p>
   </div>
   <div class='ocr_carea' id='block_1_9' title="bbox 377 986 1959 1059">
    <p class='ocr_par' dir='ltr' id='par_1_9' title="bbox 377 986 1959 1059">
     <span class='ocr_line' id='line_1_9' title="bbox 377 986 1959 1059; baseline 0 -18"><span class='ocrx_word' id='word_1_58' title='bbox 377 992 499 1044; x_wconf 82' lang='grc' dir='ltr'>τότε</span> <span class='ocrx_word' id='word_1_59' title='bbox 527 991 621 1043; x_wconf 78' lang='grc' dir='ltr'>καὶ</span> <span class='ocrx_word' id='word_1_60' title='bbox 650 988 878 1042; x_wconf 86' lang='grc' dir='ltr'>πλοῦτον</span> <span class='ocrx_word' id='word_1_61' title='bbox 921 988 1089 1042; x_wconf 75' lang='grc' dir='ltr'>ἔδωκε</span> <span class='ocrx_word' id='word_1_62' title='bbox 1133 989 1228 1041; x_wconf 75' lang='grc' dir='ltr'>καὶ</span> <span class='ocrx_word' id='word_1_63' title='bbox 1257 989 1490 1059; x_wconf 80' lang='grc' dir='ltr'>τρυφὴν,</span> <span class='ocrx_word' id='word_1_64' title='bbox 1522 986 1583 1042; x_wconf 83' lang='grc' dir='ltr'>ἓν</span> <span class='ocrx_word' id='word_1_65' title='bbox 1623 991 1753 1059; x_wconf 83' lang='grc' dir='ltr'>παρ’</span> <span class='ocrx_word' id='word_1_66' title='bbox 1779 989 1959 1041; x_wconf 82' lang='grc' dir='ltr'>αὐτῶν</span> 
     </span>
    </p>
   </div>
   <div class='ocr_carea' id='block_1_10' title="bbox 379 1071 1959 1145">
    <p class='ocr_par' dir='ltr' id='par_1_10' title="bbox 379 1071 1959 1145">
     <span class='ocr_line' id='line_1_10' title="bbox 379 1071 1959 1145; baseline -0.002 -19"><span class='ocrx_word' id='word_1_67' title='bbox 379 1074 685 1144; x_wconf 83' lang='grc' dir='ltr'>ὠνούμενος</span> <span class='ocrx_word' id='word_1_68' title='bbox 708 1074 867 1143; x_wconf 89' lang='grc' dir='ltr'>μόνον</span> <span class='ocrx_word' id='word_1_69' title='bbox 897 1072 986 1124; x_wconf 85' lang='grc' dir='ltr'>διά</span> <span class='ocrx_word' id='word_1_70' title='bbox 1010 1071 1109 1142; x_wconf 79' lang='grc' dir='ltr'>τῆς</span> <span class='ocrx_word' id='word_1_71' title='bbox 1147 1072 1295 1145; x_wconf 69' lang='grc'>[555]</span> <span class='ocrx_word' id='word_1_72' title='bbox 1320 1073 1523 1141; x_wconf 86' lang='grc' dir='ltr'>πολλῆς</span> <span class='ocrx_word' id='word_1_73' title='bbox 1555 1077 1959 1144; x_wconf 86' lang='grc' dir='ltr'>συγχωρήσεως</span> 
     </span>
    </p>
   </div>
   <div class='ocr_carea' id='block_1_11' title="bbox 378 1155 1959 1226">
    <p class='ocr_par' dir='ltr' id='par_1_11' title="bbox 378 1155 1959 1226">
     <span class='ocr_line' id='line_1_11' title="bbox 378 1155 1959 1226; baseline -0.001 -16"><span class='ocrx_word' id='word_1_74' title='bbox 378 1158 437 1210; x_wconf 87' lang='grc' dir='ltr'>τὸ</span> <span class='ocrx_word' id='word_1_75' title='bbox 472 1157 690 1210; x_wconf 81' lang='grc' dir='ltr'>ἀκούειν</span> <span class='ocrx_word' id='word_1_76' title='bbox 719 1155 1018 1218; x_wconf 83' lang='grc' dir='ltr'>Μωῦσέως.</span> <span class='ocrx_word' id='word_1_77' title='bbox 1077 1158 1176 1209; x_wconf 79' lang='grc' dir='ltr'>Διά</span> <span class='ocrx_word' id='word_1_78' title='bbox 1222 1156 1383 1209; x_wconf 80' lang='grc' dir='ltr'>τοῦτο</span> <span class='ocrx_word' id='word_1_79' title='bbox 1426 1158 1626 1220; x_wconf 73' lang='grc' dir='ltr'>αὐτοὺς</span> <span class='ocrx_word' id='word_1_80' title='bbox 1651 1156 1959 1226; x_wconf 80' lang='grc' dir='ltr'>διδασκάλῳ</span> 
     </span>
    </p>
   </div>
   <div class='ocr_carea' id='block_1_12' title="bbox 380 1238 1959 1311">
    <p class='ocr_par' dir='ltr' id='par_1_12' title="bbox 380 1238 1959 1311">
     <span class='ocr_line' id='line_1_12' title="bbox 380 1238 1959 1311; baseline 0.001 -19"><span class='ocrx_word' id='word_1_81' title='bbox 380 1240 716 1311; x_wconf 79' lang='grc' dir='ltr'>παρέδωκεν,</span> <span class='ocrx_word' id='word_1_82' title='bbox 745 1239 832 1291; x_wconf 86' lang='grc' dir='ltr'>ἵνα.</span> <span class='ocrx_word' id='word_1_83' title='bbox 873 1238 948 1310; x_wconf 81' lang='grc' dir='ltr'>μὴ</span> <span class='ocrx_word' id='word_1_84' title='bbox 977 1238 1142 1291; x_wconf 84' lang='grc' dir='ltr'>αὐτοῦ</span> <span class='ocrx_word' id='word_1_85' title='bbox 1165 1240 1603 1311; x_wconf 83' lang='grc' dir='ltr'>καταφρονῶσιν,</span> <span class='ocrx_word' id='word_1_86' title='bbox 1640 1239 1779 1293; x_wconf 90' lang='grc' dir='ltr'>ἀλλά</span> <span class='ocrx_word' id='word_1_87' title='bbox 1803 1257 1959 1309; x_wconf 86' lang='grc' dir='ltr'>περι-</span> 
     </span>
    </p>
   </div>
   <div class='ocr_carea' id='block_1_13' title="bbox 379 1321 1958 1395">
    <p class='ocr_par' dir='ltr' id='par_1_13' title="bbox 379 1321 1958 1395">
     <span class='ocr_line' id='line_1_13' title="bbox 379 1321 1958 1395; baseline 0 -19"><span class='ocrx_word' id='word_1_88' title='bbox 379 1324 610 1395; x_wconf 79' lang='grc' dir='ltr'>έχωνται</span> <span class='ocrx_word' id='word_1_89' title='bbox 668 1321 918 1391; x_wconf 88' lang='grc' dir='ltr'>καθάπερ</span> <span class='ocrx_word' id='word_1_90' title='bbox 974 1322 1181 1391; x_wconf 85' lang='grc' dir='ltr'>πατρὸς</span> <span class='ocrx_word' id='word_1_91' title='bbox 1246 1322 1625 1392; x_wconf 87' lang='grc' dir='ltr'>φιλοστόργου.</span> <span class='ocrx_word' id='word_1_92' title='bbox 1647 1322 1793 1393; x_wconf 87' lang='grc' dir='ltr'>Ὅρα</span> <span class='ocrx_word' id='word_1_93' title='bbox 1845 1324 1958 1393; x_wconf 86' lang='grc' dir='ltr'>γὰρ</span> 
     </span>
    </p>
   </div>
   <div class='ocr_carea' id='block_1_14' title="bbox 379 1403 1953 1479">
    <p class='ocr_par' dir='ltr' id='par_1_14' title="bbox 379 1403 1953 1479">
     <span class='ocr_line' id='line_1_14' title="bbox 379 1403 1953 1479; baseline -0.001 -18"><span class='ocrx_word' id='word_1_94' title='bbox 379 1409 497 1471; x_wconf 84' lang='grc' dir='ltr'>πῶς</span> <span class='ocrx_word' id='word_1_95' title='bbox 523 1408 728 1460; x_wconf 87' lang='grc' dir='ltr'>ἐκεῖνον</span> <span class='ocrx_word' id='word_1_96' title='bbox 781 1405 939 1476; x_wconf 89' lang='grc' dir='ltr'>μόνον</span> <span class='ocrx_word' id='word_1_97' title='bbox 968 1405 1322 1460; x_wconf 89' lang='grc' dir='ltr'>ἐδεδοίκεσαν.</span> <span class='ocrx_word' id='word_1_98' title='bbox 1364 1408 1437 1459; x_wconf 84' lang='grc' dir='ltr'>Ού</span> <span class='ocrx_word' id='word_1_99' title='bbox 1474 1407 1585 1479; x_wconf 84' lang='grc' dir='ltr'>γάρ</span> <span class='ocrx_word' id='word_1_100' title='bbox 1616 1403 1791 1472; x_wconf 84' lang='grc' dir='ltr'>εἷπον,</span> <span class='ocrx_word' id='word_1_101' title='bbox 1842 1405 1953 1459; x_wconf 85' lang='grc' dir='ltr'>Ποῦ</span> 
     </span>
    </p>
   </div>
   <div class='ocr_carea' id='block_1_15' title="bbox 378 1486 1956 1562">
    <p class='ocr_par' dir='ltr' id='par_1_15' title="bbox 378 1486 1956 1562">
     <span class='ocr_line' id='line_1_15' title="bbox 378 1486 1956 1562; baseline -0.001 -19"><span class='ocrx_word' id='word_1_102' title='bbox 378 1494 526 1543; x_wconf 87' lang='grc' dir='ltr'>ἐστιν</span> <span class='ocrx_word' id='word_1_103' title='bbox 572 1492 602 1543; x_wconf 98' lang='lat'>6</span> <span class='ocrx_word' id='word_1_104' title='bbox 639 1488 801 1554; x_wconf 87' lang='grc' dir='ltr'>Θεός;</span> <span class='ocrx_word' id='word_1_105' title='bbox 841 1486 996 1553; x_wconf 84' lang='grc' dir='ltr'>ἀλλά,</span> <span class='ocrx_word' id='word_1_106' title='bbox 1034 1488 1146 1540; x_wconf 90' lang='grc' dir='ltr'>Ποῦ</span> <span class='ocrx_word' id='word_1_107' title='bbox 1177 1492 1293 1542; x_wconf 83' lang='grc' dir='ltr'>ἐστι</span> <span class='ocrx_word' id='word_1_108' title='bbox 1328 1491 1603 1562; x_wconf 82' lang='grc' dir='ltr'>Μωῦσῆς;</span> <span class='ocrx_word' id='word_1_109' title='bbox 1640 1490 1735 1543; x_wconf 81' lang='grc' dir='ltr'>καὶ</span> <span class='ocrx_word' id='word_1_110' title='bbox 1765 1488 1956 1560; x_wconf 86' lang='grc' dir='ltr'>παρὼν</span> 
     </span>
    </p>
   </div>
   <div class='ocr_carea' id='block_1_16' title="bbox 380 1570 1956 1645">
    <p class='ocr_par' dir='ltr' id='par_1_16' title="bbox 380 1570 1956 1645">
     <span class='ocr_line' id='line_1_16' title="bbox 380 1570 1956 1645; baseline 0.001 -20"><span class='ocrx_word' id='word_1_111' title='bbox 380 1575 541 1645; x_wconf 84' lang='grc' dir='ltr'>μόνον</span> <span class='ocrx_word' id='word_1_112' title='bbox 594 1571 823 1642; x_wconf 86' lang='grc' dir='ltr'>φοϐερὸς</span> <span class='ocrx_word' id='word_1_113' title='bbox 855 1570 941 1643; x_wconf 80' lang='grc' dir='ltr'>ἦν.</span> <span class='ocrx_word' id='word_1_114' title='bbox 968 1572 1098 1625; x_wconf 89' lang='grc' dir='ltr'>Ὅτε</span> <span class='ocrx_word' id='word_1_115' title='bbox 1154 1573 1285 1638; x_wconf 88' lang='grc' dir='ltr'>γοῦν</span> <span class='ocrx_word' id='word_1_116' title='bbox 1328 1573 1516 1636; x_wconf 84' lang='grc' dir='ltr'>κακῶς</span> <span class='ocrx_word' id='word_1_117' title='bbox 1561 1572 1827 1643; x_wconf 74' lang='grc' dir='ltr'>ἔπραξαν.</span> <span class='ocrx_word' id='word_1_118' title='bbox 1854 1575 1956 1643; x_wconf 82' lang='grc' dir='ltr'>ὅρα</span> 
     </span>
    </p>
   </div>
   <div class='ocr_carea' id='block_1_17' title="bbox 378 1655 1950 1726">
    <p class='ocr_par' dir='ltr' id='par_1_17' title="bbox 378 1655 1950 1726">
     <span class='ocr_line' id='line_1_17' title="bbox 378 1655 1950 1726; baseline -0.001 -16"><span class='ocrx_word' id='word_1_119' title='bbox 378 1657 496 1719; x_wconf 82' lang='grc' dir='ltr'>πῶς</span> <span class='ocrx_word' id='word_1_120' title='bbox 531 1658 727 1718; x_wconf 74' lang='grc' dir='ltr'>αὐτοὺς</span> <span class='ocrx_word' id='word_1_121' title='bbox 754 1655 1035 1708; x_wconf 88' lang='grc' dir='ltr'>ἐκόλασεν.</span> <span class='ocrx_word' id='word_1_122' title='bbox 1062 1655 1120 1708; x_wconf 87' lang='grc' dir='ltr'>Ὀ</span> <span class='ocrx_word' id='word_1_123' title='bbox 1154 1656 1253 1726; x_wconf 87' lang='grc' dir='ltr'>μὲν</span> <span class='ocrx_word' id='word_1_124' title='bbox 1279 1656 1386 1726; x_wconf 92' lang='grc' dir='ltr'>γάρ</span> <span class='ocrx_word' id='word_1_125' title='bbox 1431 1655 1564 1719; x_wconf 80' lang='grc' dir='ltr'>Θεὸς</span> <span class='ocrx_word' id='word_1_126' title='bbox 1588 1658 1785 1719; x_wconf 81' lang='grc' dir='ltr'>αὐτοὺς</span> <span class='ocrx_word' id='word_1_127' title='bbox 1814 1658 1950 1709; x_wconf 88' lang='grc' dir='ltr'>ἀπο-</span> 
     </span>
    </p>
   </div>
   <div class='ocr_carea' id='block_1_18' title="bbox 376 1738 1953 1811">
    <p class='ocr_par' dir='ltr' id='par_1_18' title="bbox 376 1738 1953 1811">
     <span class='ocr_line' id='line_1_18' title="bbox 376 1738 1953 1811; baseline 0.001 -19"><span class='ocrx_word' id='word_1_128' title='bbox 376 1740 614 1811; x_wconf 78' lang='grc' dir='ltr'>κηρῦξαι</span> <span class='ocrx_word' id='word_1_129' title='bbox 653 1739 925 1803; x_wconf 91' lang='grc' dir='ltr'>ἐϐούλετο,</span> <span class='ocrx_word' id='word_1_130' title='bbox 960 1738 1124 1802; x_wconf 82' lang='grc' dir='ltr'>αὐτὸς</span> <span class='ocrx_word' id='word_1_131' title='bbox 1170 1738 1226 1792; x_wconf 83' lang='grc' dir='ltr'>δὲ</span> <span class='ocrx_word' id='word_1_132' title='bbox 1258 1741 1359 1792; x_wconf 88' lang='grc' dir='ltr'>ούκ</span> <span class='ocrx_word' id='word_1_133' title='bbox 1384 1740 1612 1809; x_wconf 87' lang='grc' dir='ltr'>ἀφίησι·</span> <span class='ocrx_word' id='word_1_134' title='bbox 1655 1740 1855 1808; x_wconf 82' lang='grc' dir='ltr'>μᾶλλον</span> <span class='ocrx_word' id='word_1_135' title='bbox 1896 1740 1953 1793; x_wconf 88' lang='grc' dir='ltr'>δέ</span> 
     </span>
    </p>
   </div>
   <div class='ocr_carea' id='block_1_19' title="bbox 374 1822 1952 1894">
    <p class='ocr_par' dir='ltr' id='par_1_19' title="bbox 374 1822 1952 1894">
     <span class='ocr_line' id='line_1_19' title="bbox 374 1822 1952 1894; baseline -0.001 -17"><span class='ocrx_word' id='word_1_136' title='bbox 374 1825 436 1877; x_wconf 87' lang='grc' dir='ltr'>τὸ</span> <span class='ocrx_word' id='word_1_137' title='bbox 462 1826 578 1877; x_wconf 80' lang='grc' dir='ltr'>ὅλον</span> <span class='ocrx_word' id='word_1_138' title='bbox 616 1823 711 1875; x_wconf 85' lang='grc' dir='ltr'>τοῦ</span> <span class='ocrx_word' id='word_1_139' title='bbox 737 1822 872 1876; x_wconf 86' lang='grc' dir='ltr'>Θεοῦ</span> <span class='ocrx_word' id='word_1_140' title='bbox 898 1824 1110 1890; x_wconf 85' lang='grc' dir='ltr'>γέγονε,</span> <span class='ocrx_word' id='word_1_141' title='bbox 1147 1823 1401 1894; x_wconf 87' lang='grc' dir='ltr'>καθάπερ</span> <span class='ocrx_word' id='word_1_142' title='bbox 1429 1824 1636 1893; x_wconf 87' lang='grc' dir='ltr'>πατρὸς</span> <span class='ocrx_word' id='word_1_143' title='bbox 1663 1824 1952 1877; x_wconf 88' lang='grc' dir='ltr'>ἀπειλοῦν-</span> 
     </span>
    </p>
   </div>
   <div class='ocr_carea' id='block_1_20' title="bbox 375 1906 1954 1978">
    <p class='ocr_par' dir='ltr' id='par_1_20' title="bbox 375 1906 1954 1978">
     <span class='ocr_line' id='line_1_20' title="bbox 375 1906 1954 1978; baseline -0.001 -17"><span class='ocrx_word' id='word_1_144' title='bbox 375 1925 488 1971; x_wconf 87' lang='grc' dir='ltr'>τος,</span> <span class='ocrx_word' id='word_1_145' title='bbox 523 1908 735 1961; x_wconf 83' lang='grc' dir='ltr'>ἐκείνου</span> <span class='ocrx_word' id='word_1_146' title='bbox 763 1907 821 1959; x_wconf 82' lang='grc' dir='ltr'>δὲ</span> <span class='ocrx_word' id='word_1_147' title='bbox 850 1906 1013 1959; x_wconf 83' lang='grc' dir='ltr'>αὐτὸν</span> <span class='ocrx_word' id='word_1_148' title='bbox 1038 1906 1199 1959; x_wconf 86' lang='grc' dir='ltr'>οἱονεὶ</span> <span class='ocrx_word' id='word_1_149' title='bbox 1225 1906 1544 1960; x_wconf 84' lang='grc' dir='ltr'>διδασκάλου</span> <span class='ocrx_word' id='word_1_150' title='bbox 1579 1908 1954 1978; x_wconf 85' lang='grc' dir='ltr'>παραιτουμέ-</span> 
     </span>
    </p>
   </div>
   <div class='ocr_carea' id='block_1_21' title="bbox 375 1988 1951 2061">
    <p class='ocr_par' dir='ltr' id='par_1_21' title="bbox 375 1988 1951 2061">
     <span class='ocr_line' id='line_1_21' title="bbox 375 1988 1951 2061; baseline 0 -18"><span class='ocrx_word' id='word_1_151' title='bbox 375 2007 490 2056; x_wconf 92' lang='grc' dir='ltr'>νου,</span> <span class='ocrx_word' id='word_1_152' title='bbox 517 1991 610 2043; x_wconf 70' lang='grc' dir='ltr'>καὶ</span> <span class='ocrx_word' id='word_1_153' title='bbox 632 1991 899 2057; x_wconf 84' lang='grc' dir='ltr'>λέγοντος,</span> <span class='ocrx_word' id='word_1_154' title='bbox 931 1990 1014 2041; x_wconf 81' lang='grc' dir='ltr'>ὄτι</span> <span class='ocrx_word' id='word_1_155' title='bbox 1057 1988 1211 2059; x_wconf 71' lang='grc' dir='ltr'>Ἐμοὶ</span> <span class='ocrx_word' id='word_1_156' title='bbox 1237 1990 1613 2061; x_wconf 81' lang='grc' dir='ltr'>συγχώρησον,</span> <span class='ocrx_word' id='word_1_157' title='bbox 1645 1992 1738 2044; x_wconf 79' lang='grc' dir='ltr'>καὶ</span> <span class='ocrx_word' id='word_1_158' title='bbox 1772 1993 1835 2043; x_wconf 93' lang='grc' dir='ltr'>ἐκ</span> <span class='ocrx_word' id='word_1_159' title='bbox 1859 1990 1951 2043; x_wconf 86' lang='grc' dir='ltr'>τοῦ</span> 
     </span>
    </p>
   </div>
   <div class='ocr_carea' id='block_1_22' title="bbox 374 2071 1953 2145">
    <p class='ocr_par' dir='ltr' id='par_1_22' title="bbox 374 2071 1953 2145">
     <span class='ocr_line' id='line_1_22' title="bbox 374 2071 1953 2145; baseline -0.001 -17"><span class='ocrx_word' id='word_1_160' title='bbox 374 2073 470 2128; x_wconf 86' lang='grc' dir='ltr'>νῦν</span> <span class='ocrx_word' id='word_1_161' title='bbox 500 2073 854 2142; x_wconf 77' lang='grc' dir='ltr'>ἀναδέχομαι.</span> <span class='ocrx_word' id='word_1_162' title='bbox 884 2071 1071 2136; x_wconf 74' lang='grc' dir='ltr'>Οὕτως</span> <span class='ocrx_word' id='word_1_163' title='bbox 1098 2073 1317 2139; x_wconf 87' lang='grc' dir='ltr'>ἐγένετο</span> <span class='ocrx_word' id='word_1_164' title='bbox 1362 2074 1733 2128; x_wconf 80' lang='grc' dir='ltr'>διδασκαλεῖον</span> <span class='ocrx_word' id='word_1_165' title='bbox 1763 2076 1795 2144; x_wconf 80' lang='grc' dir='ltr'>ἡ</span> <span class='ocrx_word' id='word_1_166' title='bbox 1825 2074 1953 2145; x_wconf 78' lang='grc' dir='ltr'>ἐρη-</span> 
     </span>
    </p>
   </div>
   <div class='ocr_carea' id='block_1_23' title="bbox 378 2156 1954 2229">
    <p class='ocr_par' dir='ltr' id='par_1_23' title="bbox 378 2156 1954 2229">
     <span class='ocr_line' id='line_1_23' title="bbox 378 2156 1954 2229; baseline 0.001 -19"><span class='ocrx_word' id='word_1_167' title='bbox 378 2174 500 2227; x_wconf 91' lang='grc' dir='ltr'>μος.</span> <span class='ocrx_word' id='word_1_168' title='bbox 534 2158 644 2210; x_wconf 85' lang='lat' dir='ltr'>Kal</span> <span class='ocrx_word' id='word_1_169' title='bbox 671 2156 924 2226; x_wconf 89' lang='grc' dir='ltr'>καθάπερ</span> <span class='ocrx_word' id='word_1_170' title='bbox 954 2156 1141 2208; x_wconf 84' lang='grc' dir='ltr'>παιδία</span> <span class='ocrx_word' id='word_1_171' title='bbox 1162 2158 1486 2226; x_wconf 90' lang='grc' dir='ltr'>χρονίσαντα</span> <span class='ocrx_word' id='word_1_172' title='bbox 1515 2159 1607 2211; x_wconf 76' lang='grc' dir='ltr'>ἐπὶ</span> <span class='ocrx_word' id='word_1_173' title='bbox 1635 2160 1732 2228; x_wconf 77' lang='grc' dir='ltr'>τῆς</span> <span class='ocrx_word' id='word_1_174' title='bbox 1755 2159 1954 2229; x_wconf 89' lang='grc' dir='ltr'>διατρι-</span> 
     </span>
    </p>
   </div>
   <div class='ocr_carea' id='block_1_24' title="bbox 373 2238 1950 2311">
    <p class='ocr_par' dir='ltr' id='par_1_24' title="bbox 373 2238 1950 2311">
     <span class='ocr_line' id='line_1_24' title="bbox 373 2238 1950 2311; baseline 0.003 -19"><span class='ocrx_word' id='word_1_175' title='bbox 373 2240 497 2311; x_wconf 81' lang='grc' dir='ltr'>ϐῆς,</span> <span class='ocrx_word' id='word_1_176' title='bbox 526 2239 882 2311; x_wconf 81' lang='grc' dir='ltr'>ἀναχωρῆσαι</span> <span class='ocrx_word' id='word_1_177' title='bbox 938 2238 1225 2308; x_wconf 85' lang='grc' dir='ltr'>βούλεται·</span> <span class='ocrx_word' id='word_1_178' title='bbox 1264 2240 1407 2294; x_wconf 82' lang='grc' dir='ltr'>οῦτω</span> <span class='ocrx_word' id='word_1_179' title='bbox 1448 2243 1544 2294; x_wconf 87' lang='grc' dir='ltr'>καί</span> <span class='ocrx_word' id='word_1_180' title='bbox 1581 2242 1779 2295; x_wconf 83' lang='grc' dir='ltr'>ἐκεῖνοι</span> <span class='ocrx_word' id='word_1_181' title='bbox 1828 2244 1950 2296; x_wconf 87' lang='grc' dir='ltr'>τότε</span> 
     </span>
    </p>
   </div>
   <div class='ocr_carea' id='block_1_25' title="bbox 374 2323 1951 2395">
    <p class='ocr_par' dir='ltr' id='par_1_25' title="bbox 374 2323 1951 2395">
     <span class='ocr_line' id='line_1_25' title="bbox 374 2323 1951 2395; baseline 0.001 -19"><span class='ocrx_word' id='word_1_182' title='bbox 374 2323 615 2393; x_wconf 83' lang='grc' dir='ltr'>συνεχῶς</span> <span class='ocrx_word' id='word_1_183' title='bbox 660 2324 760 2393; x_wconf 80' lang='grc' dir='ltr'>τὴν</span> <span class='ocrx_word' id='word_1_184' title='bbox 801 2323 1076 2390; x_wconf 81' lang='grc' dir='ltr'>Αἴγυπτον</span> <span class='ocrx_word' id='word_1_185' title='bbox 1105 2324 1352 2392; x_wconf 72' lang='grc' dir='ltr'>ἐζήτουν,</span> <span class='ocrx_word' id='word_1_186' title='bbox 1387 2324 1481 2377; x_wconf 77' lang='grc' dir='ltr'>καὶ</span> <span class='ocrx_word' id='word_1_187' title='bbox 1521 2325 1734 2379; x_wconf 79' lang='grc' dir='ltr'>ἔκλαιον</span> <span class='ocrx_word' id='word_1_188' title='bbox 1763 2326 1951 2395; x_wconf 86' lang='grc' dir='ltr'>λέγον-</span> 
     </span>
    </p>
   </div>
   <div class='ocr_carea' id='block_1_26' title="bbox 372 2405 1947 2481">
    <p class='ocr_par' dir='ltr' id='par_1_26' title="bbox 372 2405 1947 2481">
     <span class='ocr_line' id='line_1_26' title="bbox 372 2405 1947 2481; baseline 0.002 -20"><span class='ocrx_word' id='word_1_189' title='bbox 372 2405 922 2477; x_wconf 81' lang='grc' dir='ltr'>τες⁸’Λπολώλαμεν,</span> <span class='ocrx_word' id='word_1_190' title='bbox 980 2406 1394 2479; x_wconf 79' lang='grc' dir='ltr'>ἐξανηλώμεθα,</span> <span class='ocrx_word' id='word_1_191' title='bbox 1448 2409 1947 2481; x_wconf 86' lang='grc' dir='ltr'>παραπολώλαμεν.</span> 
     </span>
    </p>
   </div>
   <div class='ocr_carea' id='block_1_27' title="bbox 371 2490 1949 2566">
    <p class='ocr_par' dir='ltr' id='par_1_27' title="bbox 371 2490 1949 2566">
     <span class='ocr_line' id='line_1_27' title="bbox 371 2490 1949 2566; baseline 0.002 -21"><span class='ocrx_word' id='word_1_192' title='bbox 371 2491 483 2545; x_wconf 85' lang='lat' dir='ltr'>Kal</span> <span class='ocrx_word' id='word_1_193' title='bbox 509 2490 608 2562; x_wconf 86' lang='grc' dir='ltr'>τὴν</span> <span class='ocrx_word' id='word_1_194' title='bbox 628 2490 880 2544; x_wconf 81' lang='grc' dir='ltr'>πινακίδα</span> <span class='ocrx_word' id='word_1_195' title='bbox 921 2492 1101 2543; x_wconf 78' lang='grc' dir='ltr'>αὐτῶν</span> <span class='ocrx_word' id='word_1_196' title='bbox 1154 2492 1477 2562; x_wconf 77' lang='grc' dir='ltr'>συνέτριψεν</span> <span class='ocrx_word' id='word_1_197' title='bbox 1508 2495 1536 2546; x_wconf 93' lang='lat'>6</span> <span class='ocrx_word' id='word_1_198' title='bbox 1568 2495 1829 2566; x_wconf 80' lang='grc' dir='ltr'>Μωῦσῆς,</span> <span class='ocrx_word' id='word_1_199' title='bbox 1863 2496 1949 2565; x_wconf 83' lang='grc' dir='ltr'>ἐφ’</span> 
     </span>
    </p>
   </div>
   <div class='ocr_carea' id='block_1_28' title="bbox 368 2570 1950 2646">
    <p class='ocr_par' dir='ltr' id='par_1_28' title="bbox 368 2570 1950 2646">
     <span class='ocr_line' id='line_1_28' title="bbox 368 2570 1950 2646; baseline -0.012 -1"><span class='ocrx_word' id='word_1_200' title='bbox 368 2571 437 2644; x_wconf 70' lang='grc' dir='ltr'>ἧς</span> <span class='ocrx_word' id='word_1_201' title='bbox 477 2573 692 2646; x_wconf 77' lang='grc' dir='ltr'>γράψας</span> <span class='ocrx_word' id='word_1_202' title='bbox 717 2575 902 2637; x_wconf 80' lang='grc' dir='ltr'>αὐτοῖς</span> <span class='ocrx_word' id='word_1_203' title='bbox 928 2570 997 2645; x_wconf 79' lang='grc' dir='ltr'>ἦν</span> <span class='ocrx_word' id='word_1_204' title='bbox 1039 2573 1293 2645; x_wconf 84' lang='grc' dir='ltr'>καθάπερ</span> <span class='ocrx_word' id='word_1_205' title='bbox 1321 2576 1564 2644; x_wconf 88' lang='grc' dir='ltr'>ὀνόματά</span> <span class='ocrx_word' id='word_1_206' title='bbox 1586 2594 1710 2632; x_wconf 88' lang='grc' dir='ltr'>τινα</span> <span class='ocrx_word' id='word_1_207' title='bbox 1729 2594 1743 2608; x_wconf 89' lang='grc'>·</span> <span class='ocrx_word' id='word_1_208' title='bbox 1787 2580 1950 2631; x_wconf 82' lang='grc' dir='ltr'>ταυτὸ</span> 
     </span>
    </p>
   </div>
   <div class='ocr_carea' id='block_1_29' title="bbox 372 2658 1947 2732">
    <p class='ocr_par' dir='ltr' id='par_1_29' title="bbox 372 2658 1947 2732">
     <span class='ocr_line' id='line_1_29' title="bbox 372 2658 1947 2732; baseline 0.004 -21"><span class='ocrx_word' id='word_1_209' title='bbox 372 2659 563 2722; x_wconf 82' lang='grc' dir='ltr'>ποιῶν,</span> <span class='ocrx_word' id='word_1_210' title='bbox 595 2659 733 2728; x_wconf 87' lang='grc' dir='ltr'>ὅπερ</span> <span class='ocrx_word' id='word_1_211' title='bbox 762 2658 857 2711; x_wconf 79' lang='grc' dir='ltr'>καὶ</span> <span class='ocrx_word' id='word_1_212' title='bbox 887 2658 1208 2722; x_wconf 85' lang='grc' dir='ltr'>διδάσκαλος</span> <span class='ocrx_word' id='word_1_213' title='bbox 1253 2660 1534 2729; x_wconf 77' lang='grc' dir='ltr'>ποιήσειεν</span> <span class='ocrx_word' id='word_1_214' title='bbox 1569 2660 1658 2724; x_wconf 84' lang='grc' dir='ltr'>ἂν,</span> <span class='ocrx_word' id='word_1_215' title='bbox 1691 2662 1792 2732; x_wconf 83' lang='grc' dir='ltr'>τὴν</span> <span class='ocrx_word' id='word_1_216' title='bbox 1824 2663 1947 2716; x_wconf 72' lang='grc' dir='ltr'>δέλε-</span> 
     </span>
    </p>
   </div>
   <div class='ocr_carea' id='block_1_30' title="bbox 368 2739 1948 2818">
    <p class='ocr_par' dir='ltr' id='par_1_30' title="bbox 368 2739 1948 2818">
     <span class='ocr_line' id='line_1_30' title="bbox 368 2739 1948 2818; baseline 0.002 -21"><span class='ocrx_word' id='word_1_217' title='bbox 368 2759 462 2797; x_wconf 84' lang='grc' dir='ltr'>τον</span> <span class='ocrx_word' id='word_1_218' title='bbox 489 2739 691 2804; x_wconf 86' lang='grc' dir='ltr'>λαϐὼν,</span> <span class='ocrx_word' id='word_1_219' title='bbox 715 2742 810 2795; x_wconf 79' lang='lat' dir='ltr'><strong><em>xal</em></strong></span> <span class='ocrx_word' id='word_1_220' title='bbox 837 2740 962 2796; x_wconf 81' lang='grc' dir='ltr'>ἰδὼν</span> <span class='ocrx_word' id='word_1_221' title='bbox 992 2743 1177 2805; x_wconf 84' lang='grc' dir='ltr'>κακῶς</span> <span class='ocrx_word' id='word_1_222' title='bbox 1203 2744 1620 2815; x_wconf 81' lang='grc' dir='ltr'>γεγραμμένην,</span> <span class='ocrx_word' id='word_1_223' title='bbox 1655 2746 1753 2799; x_wconf 75' lang='grc' dir='ltr'>καὶ</span> <span class='ocrx_word' id='word_1_224' title='bbox 1779 2747 1948 2818; x_wconf 79' lang='grc' dir='ltr'>αὐτὴν</span> 
     </span>
    </p>
   </div>
   <div class='ocr_carea' id='block_1_31' title="bbox 372 2824 1948 2898">
    <p class='ocr_par' dir='ltr' id='par_1_31' title="bbox 372 2824 1948 2898">
     <span class='ocr_line' id='line_1_31' title="bbox 372 2824 1948 2898; baseline 0.004 -22"><span class='ocrx_word' id='word_1_225' title='bbox 372 2825 553 2894; x_wconf 77' lang='grc' dir='ltr'>ῥίπτει</span> <span class='ocrx_word' id='word_1_226' title='bbox 579 2824 679 2896; x_wconf 81' lang='grc' dir='ltr'>τὴν</span> <span class='ocrx_word' id='word_1_227' title='bbox 701 2824 905 2892; x_wconf 87' lang='grc' dir='ltr'>δέλτον,</span> <span class='ocrx_word' id='word_1_228' title='bbox 931 2824 1100 2877; x_wconf 81' lang='grc' dir='ltr'>πολὺν</span> <span class='ocrx_word' id='word_1_229' title='bbox 1132 2826 1225 2877; x_wconf 89' lang='grc' dir='ltr'>τὸν</span> <span class='ocrx_word' id='word_1_230' title='bbox 1251 2825 1423 2894; x_wconf 83' lang='grc' dir='ltr'>θυμὸν</span> <span class='ocrx_word' id='word_1_231' title='bbox 1452 2825 1788 2891; x_wconf 74' lang='grc' dir='ltr'>ἐνδείξασθαι</span> <span class='ocrx_word' id='word_1_232' title='bbox 1822 2828 1948 2898; x_wconf 89' lang='grc' dir='ltr'>βου-</span> 
     </span>
    </p>
   </div>
   <div class='ocr_carea' id='block_1_32' title="bbox 370 2907 1948 2983">
    <p class='ocr_par' dir='ltr' id='par_1_32' title="bbox 370 2907 1948 2983">
     <span class='ocr_line' id='line_1_32' title="bbox 370 2907 1948 2983; baseline 0.004 -24"><span class='ocrx_word' id='word_1_233' title='bbox 370 2907 625 2978; x_wconf 86' lang='grc' dir='ltr'>λόμενος·</span> <span class='ocrx_word' id='word_1_234' title='bbox 658 2908 765 2961; x_wconf 83' lang='grc' dir='ltr'>κᾶν</span> <span class='ocrx_word' id='word_1_235' title='bbox 792 2908 1057 2980; x_wconf 78' lang='grc' dir='ltr'>κατεάξῃ,</span> <span class='ocrx_word' id='word_1_236' title='bbox 1088 2910 1116 2961; x_wconf 93' lang='lat'>6</span> <span class='ocrx_word' id='word_1_237' title='bbox 1145 2908 1330 2979; x_wconf 80' lang='grc' dir='ltr'>πατὴρ</span> <span class='ocrx_word' id='word_1_238' title='bbox 1357 2910 1419 2961; x_wconf 87' lang='grc' dir='ltr'>οὐ</span> <span class='ocrx_word' id='word_1_239' title='bbox 1460 2911 1614 2980; x_wconf 82' lang='grc' dir='ltr'>κολᾷ.</span> <span class='ocrx_word' id='word_1_240' title='bbox 1638 2912 1811 2975; x_wconf 80' lang='grc' dir='ltr'>Αὐτὸς</span> <span class='ocrx_word' id='word_1_241' title='bbox 1847 2913 1948 2983; x_wconf 84' lang='grc' dir='ltr'>μὲν</span> 
     </span>
    </p>
   </div>
   <div class='ocr_carea' id='block_1_33' title="bbox 370 2989 1947 3066">
    <p class='ocr_par' dir='ltr' id='par_1_33' title="bbox 370 2989 1947 3066">
     <span class='ocr_line' id='line_1_33' title="bbox 370 2989 1947 3066; baseline 0.004 -25"><span class='ocrx_word' id='word_1_242' title='bbox 370 2989 481 3066; x_wconf 79' lang='grc' dir='ltr'>γὰρ</span> <span class='ocrx_word' id='word_1_243' title='bbox 510 2990 750 3043; x_wconf 84' lang='grc' dir='ltr'>ἐνέκειτο</span> <span class='ocrx_word' id='word_1_244' title='bbox 797 2992 1053 3061; x_wconf 87' lang='grc' dir='ltr'>γράφων·</span> <span class='ocrx_word' id='word_1_245' title='bbox 1094 2992 1296 3043; x_wconf 82' lang='grc' dir='ltr'>ἐκεῖνοι</span> <span class='ocrx_word' id='word_1_246' title='bbox 1342 2991 1401 3044; x_wconf 87' lang='grc' dir='ltr'>δὲ</span> <span class='ocrx_word' id='word_1_247' title='bbox 1447 2993 1546 3062; x_wconf 82' lang='grc' dir='ltr'>οὐχ</span> <span class='ocrx_word' id='word_1_248' title='bbox 1591 2994 1829 3064; x_wconf 84' lang='grc' dir='ltr'>ὁρῶντες</span> <span class='ocrx_word' id='word_1_249' title='bbox 1865 2998 1947 3061; x_wconf 87' lang='grc' dir='ltr'>είς</span> 
     </span>
    </p>
   </div>
   <div class='ocr_carea' id='block_1_34' title="bbox 370 3073 1951 3144">
    <p class='ocr_par' dir='ltr' id='par_1_34' title="bbox 370 3073 1951 3144">
     <span class='ocr_line' id='line_1_34' title="bbox 370 3073 1951 3144; baseline 0.004 -18"><span class='ocrx_word' id='word_1_250' title='bbox 370 3073 552 3138; x_wconf 84' lang='grc' dir='ltr'>αὑτὸν,</span> <span class='ocrx_word' id='word_1_251' title='bbox 586 3074 703 3127; x_wconf 84' lang='grc' dir='ltr'>ἀλλ’</span> <span class='ocrx_word' id='word_1_252' title='bbox 732 3073 960 3142; x_wconf 85' lang='grc' dir='ltr'>ἐτέρωθι</span> <span class='ocrx_word' id='word_1_253' title='bbox 996 3074 1366 3144; x_wconf 85' lang='grc' dir='ltr'>ἐστραμμένοι</span> <span class='ocrx_word' id='word_1_254' title='bbox 1395 3075 1696 3144; x_wconf 80' lang='grc' dir='ltr'>ἠτάκτουν·</span> <span class='ocrx_word' id='word_1_255' title='bbox 1729 3081 1822 3131; x_wconf 73' lang='grc' dir='ltr'>καὶ</span> <span class='ocrx_word' id='word_1_256' title='bbox 1856 3097 1951 3133; x_wconf 89' lang='grc' dir='ltr'>κα-</span> 
     </span>
    </p>
   </div>
   <div class='ocr_carea' id='block_1_35' title="bbox 370 3156 1945 3229">
    <p class='ocr_par' dir='ltr' id='par_1_35' title="bbox 370 3156 1945 3229">
     <span class='ocr_line' id='line_1_35' title="bbox 370 3156 1945 3229; baseline 0.003 -17"><span class='ocrx_word' id='word_1_257' title='bbox 370 3157 544 3228; x_wconf 84' lang='grc' dir='ltr'>θάπερ</span> <span class='ocrx_word' id='word_1_258' title='bbox 567 3158 625 3209; x_wconf 94' lang='grc' dir='ltr'>ἐν</span> <span class='ocrx_word' id='word_1_259' title='bbox 651 3158 717 3228; x_wconf 76' lang='grc' dir='ltr'>τῇ</span> <span class='ocrx_word' id='word_1_260' title='bbox 748 3156 998 3226; x_wconf 84' lang='grc' dir='ltr'>διατριϐῇ</span> <span class='ocrx_word' id='word_1_261' title='bbox 1031 3156 1293 3227; x_wconf 81' lang='grc' dir='ltr'>ἀλλήλους</span> <span class='ocrx_word' id='word_1_262' title='bbox 1320 3156 1613 3212; x_wconf 89' lang='grc' dir='ltr'>τύπτουσιν</span> <span class='ocrx_word' id='word_1_263' title='bbox 1645 3160 1695 3213; x_wconf 83' lang='grc' dir='ltr'>οί</span> <span class='ocrx_word' id='word_1_264' title='bbox 1735 3162 1945 3229; x_wconf 86' lang='grc' dir='ltr'>παῖδες,</span> 
     </span>
    </p>
   </div>
   <div class='ocr_carea' id='block_1_36' title="bbox 368 3238 1948 3309">
    <p class='ocr_par' dir='ltr' id='par_1_36' title="bbox 368 3238 1948 3309">
     <span class='ocr_line' id='line_1_36' title="bbox 368 3238 1948 3309; baseline 0.004 -16"><span class='ocrx_word' id='word_1_265' title='bbox 368 3239 510 3293; x_wconf 76' lang='grc' dir='ltr'>οὕτω</span> <span class='ocrx_word' id='word_1_266' title='bbox 539 3240 634 3292; x_wconf 80' lang='grc' dir='ltr'>καὶ</span> <span class='ocrx_word' id='word_1_267' title='bbox 661 3239 783 3292; x_wconf 83' lang='grc' dir='ltr'>τότε</span> <span class='ocrx_word' id='word_1_268' title='bbox 832 3240 1100 3309; x_wconf 82' lang='grc' dir='ltr'>ἀλλήλους</span> <span class='ocrx_word' id='word_1_269' title='bbox 1128 3238 1355 3292; x_wconf 86' lang='grc' dir='ltr'>τύπτειν</span> <span class='ocrx_word' id='word_1_270' title='bbox 1384 3240 1641 3295; x_wconf 86' lang='grc' dir='ltr'>ἐκέλευσε</span> <span class='ocrx_word' id='word_1_271' title='bbox 1670 3244 1765 3297; x_wconf 76' lang='grc' dir='ltr'>καὶ</span> <span class='ocrx_word' id='word_1_272' title='bbox 1793 3245 1948 3298; x_wconf 90' lang='grc' dir='ltr'>ἀναι-</span> 
     </span>
    </p>
   </div>
   <div class='ocr_carea' id='block_1_37' title="bbox 370 3321 1946 3395">
    <p class='ocr_par' dir='ltr' id='par_1_37' title="bbox 370 3321 1946 3395">
     <span class='ocr_line' id='line_1_37' title="bbox 370 3321 1946 3395; baseline 0.004 -20"><span class='ocrx_word' id='word_1_273' title='bbox 370 3325 504 3394; x_wconf 86' lang='grc' dir='ltr'>ρεῖν.</span> <span class='ocrx_word' id='word_1_274' title='bbox 557 3322 670 3375; x_wconf 87' lang='lat' dir='ltr'>Kal</span> <span class='ocrx_word' id='word_1_275' title='bbox 719 3322 884 3376; x_wconf 89' lang='grc' dir='ltr'>πάλιν</span> <span class='ocrx_word' id='word_1_276' title='bbox 933 3321 1185 3395; x_wconf 84' lang='grc' dir='ltr'>καθάπερ</span> <span class='ocrx_word' id='word_1_277' title='bbox 1240 3324 1536 3394; x_wconf 88' lang='grc' dir='ltr'>μαθήματα</span> <span class='ocrx_word' id='word_1_278' title='bbox 1578 3325 1774 3393; x_wconf 84' lang='grc' dir='ltr'>διδοὺς,</span> <span class='ocrx_word' id='word_1_279' title='bbox 1828 3323 1946 3381; x_wconf 80' lang='grc' dir='ltr'>εἶτα</span> 
     </span>
    </p>
   </div>
   <div class='ocr_carea' id='block_1_38' title="bbox 369 3404 1942 3480">
    <p class='ocr_par' dir='ltr' id='par_1_38' title="bbox 369 3404 1942 3480">
     <span class='ocr_line' id='line_1_38' title="bbox 369 3404 1942 3480; baseline 0.004 -21"><span class='ocrx_word' id='word_1_280' title='bbox 369 3405 635 3470; x_wconf 82' lang='grc' dir='ltr'>ἀπαιτῶν,</span> <span class='ocrx_word' id='word_1_281' title='bbox 664 3407 759 3458; x_wconf 77' lang='grc' dir='ltr'>καὶ</span> <span class='ocrx_word' id='word_1_282' title='bbox 784 3407 881 3475; x_wconf 80' lang='grc' dir='ltr'>οὐχ</span> <span class='ocrx_word' id='word_1_283' title='bbox 911 3406 1199 3477; x_wconf 73' lang='grc' dir='ltr'>εὑρίσκων,</span> <span class='ocrx_word' id='word_1_284' title='bbox 1232 3407 1510 3472; x_wconf 74' lang='grc' dir='ltr'>ἐκόλαζεν.</span> <span class='ocrx_word' id='word_1_285' title='bbox 1538 3404 1663 3463; x_wconf 76' lang='grc' dir='ltr'>Οἴόν</span> <span class='ocrx_word' id='word_1_286' title='bbox 1695 3429 1748 3464; x_wconf 89' lang='grc' dir='ltr'>τι</span> <span class='ocrx_word' id='word_1_287' title='bbox 1780 3411 1942 3480; x_wconf 86' lang='grc' dir='ltr'>λέγω·</span> 
     </span>
    </p>
   </div>
   <div class='ocr_carea' id='block_1_39' title="bbox 368 3488 1946 3567">
    <p class='ocr_par' dir='ltr' id='par_1_39' title="bbox 368 3488 1946 3567">
     <span class='ocr_line' id='line_1_39' title="bbox 368 3488 1946 3567; baseline 0.008 -27"><span class='ocrx_word' id='word_1_288' title='bbox 368 3488 673 3558; x_wconf 77' lang='grc' dir='ltr'>γράμματα</span> <span class='ocrx_word' id='word_1_289' title='bbox 701 3490 801 3559; x_wconf 81' lang='grc' dir='ltr'>τῆς</span> <span class='ocrx_word' id='word_1_290' title='bbox 822 3491 1107 3559; x_wconf 87' lang='grc' dir='ltr'>δυνάμεως</span> <span class='ocrx_word' id='word_1_291' title='bbox 1151 3491 1246 3544; x_wconf 91' lang='grc' dir='ltr'>τοῦ</span> <span class='ocrx_word' id='word_1_292' title='bbox 1275 3491 1411 3545; x_wconf 83' lang='grc' dir='ltr'>Θεοῦ</span> <span class='ocrx_word' id='word_1_293' title='bbox 1442 3488 1583 3564; x_wconf 83' lang='grc' dir='ltr'>ἦσαν</span> <span class='ocrx_word' id='word_1_294' title='bbox 1608 3499 1946 3567; x_wconf 87' lang='grc' dir='ltr'>γνωριστικά</span> 
     </span>
    </p>
   </div>
   <div class='ocr_carea' id='block_1_40' title="bbox 366 3572 1942 3653">
    <p class='ocr_par' dir='ltr' id='par_1_40' title="bbox 366 3572 1942 3653">
     <span class='ocr_line' id='line_1_40' title="bbox 366 3572 1942 3653; baseline 0.008 -27"><span class='ocrx_word' id='word_1_295' title='bbox 366 3575 435 3626; x_wconf 72' lang='grc' dir='ltr'>τὰ</span> <span class='ocrx_word' id='word_1_296' title='bbox 469 3575 527 3626; x_wconf 87' lang='grc' dir='ltr'>ἐν</span> <span class='ocrx_word' id='word_1_297' title='bbox 555 3572 834 3643; x_wconf 78' lang='grc' dir='ltr'>Αἰγύπτῳ.</span> <span class='ocrx_word' id='word_1_298' title='bbox 879 3574 1006 3637; x_wconf 88' lang='lat' dir='ltr'><strong><em>Nal,</em></strong></span> <span class='ocrx_word' id='word_1_299' title='bbox 1059 3575 1224 3644; x_wconf 90' lang='grc' dir='ltr'>φησίν</span> <span class='ocrx_word' id='word_1_300' title='bbox 1242 3591 1257 3603; x_wconf 90' lang='grc'>⁸</span> <span class='ocrx_word' id='word_1_301' title='bbox 1302 3576 1435 3629; x_wconf 86' lang='grc' dir='ltr'>ἀλλά</span> <span class='ocrx_word' id='word_1_302' title='bbox 1461 3578 1634 3632; x_wconf 87' lang='grc' dir='ltr'>ταῦτα</span> <span class='ocrx_word' id='word_1_303' title='bbox 1662 3580 1729 3633; x_wconf 84' lang='grc' dir='ltr'>τὰ</span> <span class='ocrx_word' id='word_1_304' title='bbox 1758 3585 1942 3653; x_wconf 89' lang='grc' dir='ltr'>γράμ-</span> 
     </span>
    </p>
   </div>
   <div class='ocr_carea' id='block_1_41' title="bbox 371 3656 1944 3735">
    <p class='ocr_par' dir='ltr' id='par_1_41' title="bbox 371 3656 1944 3735">
     <span class='ocr_line' id='line_1_41' title="bbox 371 3656 1944 3735; baseline 0.007 -27"><span class='ocrx_word' id='word_1_305' title='bbox 371 3675 398 3725; x_wconf 76' lang='grc' dir='ltr'>μ</span> <span class='ocrx_word' id='word_1_306' title='bbox 418 3672 518 3709; x_wconf 84' lang='grc' dir='ltr'>ατα</span> <span class='ocrx_word' id='word_1_307' title='bbox 546 3657 646 3715; x_wconf 83' lang='grc' dir='ltr'>τὰς</span> <span class='ocrx_word' id='word_1_308' title='bbox 675 3656 890 3726; x_wconf 77' lang='grc' dir='ltr'>πληγὰς</span> <span class='ocrx_word' id='word_1_309' title='bbox 906 3657 1117 3727; x_wconf 84' lang='grc' dir='ltr'>ἐδήλου,</span> <span class='ocrx_word' id='word_1_310' title='bbox 1148 3659 1239 3711; x_wconf 78' lang='grc' dir='ltr'>καὶ</span> <span class='ocrx_word' id='word_1_311' title='bbox 1266 3659 1347 3713; x_wconf 79' lang='grc' dir='ltr'>ὅτι</span> <span class='ocrx_word' id='word_1_312' title='bbox 1375 3662 1502 3724; x_wconf 84' lang='grc' dir='ltr'>τοὺς</span> <span class='ocrx_word' id='word_1_313' title='bbox 1531 3662 1758 3735; x_wconf 75' lang='grc' dir='ltr'>ἐχθροὺς</span> <span class='ocrx_word' id='word_1_314' title='bbox 1780 3666 1944 3721; x_wconf 91' lang='grc' dir='ltr'>κολά-</span> 
     </span>
    </p>
   </div>
   <div class='ocr_carea' id='block_1_42' title="bbox 367 3738 1944 3821">
    <p class='ocr_par' dir='ltr' id='par_1_42' title="bbox 367 3738 1944 3821">
     <span class='ocr_line' id='line_1_42' title="bbox 367 3738 1944 3821; baseline 0.009 -31"><span class='ocrx_word' id='word_1_315' title='bbox 367 3739 472 3821; x_wconf 74' lang='grc' dir='ltr'>ζε.,</span> <span class='ocrx_word' id='word_1_316' title='bbox 504 3741 597 3793; x_wconf 64' lang='grc' dir='ltr'>καὶ</span> <span class='ocrx_word' id='word_1_317' title='bbox 618 3739 987 3793; x_wconf 83' lang='grc' dir='ltr'>διδασκαλεῖον</span> <span class='ocrx_word' id='word_1_318' title='bbox 1017 3743 1203 3807; x_wconf 76' lang='grc' dir='ltr'>αὐτοῖς</span> <span class='ocrx_word' id='word_1_319' title='bbox 1250 3738 1319 3815; x_wconf 79' lang='grc' dir='ltr'>ἦν</span> <span class='ocrx_word' id='word_1_320' title='bbox 1360 3745 1609 3816; x_wconf 85' lang='grc' dir='ltr'>ἀκριϐές.</span> <span class='ocrx_word' id='word_1_321' title='bbox 1636 3747 1702 3799; x_wconf 89' lang='grc' dir='ltr'>Τί</span> <span class='ocrx_word' id='word_1_322' title='bbox 1731 3747 1839 3820; x_wconf 89' lang='grc' dir='ltr'>γάρ</span> <span class='ocrx_word' id='word_1_323' title='bbox 1873 3745 1944 3821; x_wconf 81' lang='grc' dir='ltr'>ἦν</span> 
     </span>
    </p>
   </div>
   <div class='ocr_carea' id='block_1_43' title="bbox 367 3820 1944 3902">
    <p class='ocr_par' dir='ltr' id='par_1_43' title="bbox 367 3820 1944 3902">
     <span class='ocr_line' id='line_1_43' title="bbox 367 3820 1944 3902; baseline 0.006 -26"><span class='ocrx_word' id='word_1_324' title='bbox 367 3820 550 3892; x_wconf 76' lang='grc' dir='ltr'>ἄλλοή</span> <span class='ocrx_word' id='word_1_325' title='bbox 583 3823 805 3885; x_wconf 86' lang='grc' dir='ltr'>κόλασις</span> <span class='ocrx_word' id='word_1_326' title='bbox 839 3824 946 3876; x_wconf 90' lang='grc' dir='ltr'>τῶν</span> <span class='ocrx_word' id='word_1_327' title='bbox 973 3824 1207 3895; x_wconf 86' lang='grc' dir='ltr'>ἐχθρῶν,</span> <span class='ocrx_word' id='word_1_328' title='bbox 1250 3826 1421 3899; x_wconf 83' lang='grc' dir='ltr'>ἀλλ’ἢ</span> <span class='ocrx_word' id='word_1_329' title='bbox 1454 3829 1698 3901; x_wconf 82' lang='grc' dir='ltr'>ὑμετέρα</span> <span class='ocrx_word' id='word_1_330' title='bbox 1722 3820 1944 3902; x_wconf 84' lang='grc' dir='ltr'>εὐεργε-</span> 
     </span>
    </p>
   </div>
   <div class='ocr_carea' id='block_1_44' title="bbox 369 3906 1943 3984">
    <p class='ocr_par' dir='ltr' id='par_1_44' title="bbox 369 3906 1943 3984">
     <span class='ocr_line' id='line_1_44' title="bbox 369 3906 1943 3984; baseline 0.007 -26"><span class='ocrx_word' id='word_1_331' title='bbox 369 3906 488 3970; x_wconf 56' lang='lat' dir='ltr'>cia;</span> <span class='ocrx_word' id='word_1_332' title='bbox 514 3906 724 3969; x_wconf 73' lang='grc' dir='ltr'>’Ἄλλως</span> <span class='ocrx_word' id='word_1_333' title='bbox 758 3906 815 3959; x_wconf 86' lang='grc' dir='ltr'>δέ</span> <span class='ocrx_word' id='word_1_334' title='bbox 845 3908 937 3959; x_wconf 76' lang='grc' dir='ltr'>καὶ</span> <span class='ocrx_word' id='word_1_335' title='bbox 966 3909 1251 3977; x_wconf 79' lang='grc' dir='ltr'>εὐηργέτει</span> <span class='ocrx_word' id='word_1_336' title='bbox 1284 3911 1458 3979; x_wconf 84' lang='grc' dir='ltr'>ὑμᾶς·</span> <span class='ocrx_word' id='word_1_337' title='bbox 1491 3914 1587 3965; x_wconf 74' lang='grc' dir='ltr'>καὶ</span> <span class='ocrx_word' id='word_1_338' title='bbox 1625 3915 1823 3968; x_wconf 90' lang='grc' dir='ltr'>ταυτὸν</span> <span class='ocrx_word' id='word_1_339' title='bbox 1851 3917 1943 3984; x_wconf 86' lang='grc' dir='ltr'>γέ-</span> 
     </span>
    </p>
   </div>
   <div class='ocr_carea' id='block_1_45' title="bbox 366 3985 1938 4068">
    <p class='ocr_par' dir='ltr' id='par_1_45' title="bbox 366 3985 1938 4068">
     <span class='ocr_line' id='line_1_45' title="bbox 366 3985 1938 4068; baseline 0.007 -27"><span class='ocrx_word' id='word_1_340' title='bbox 366 4004 540 4054; x_wconf 82' lang='grc' dir='ltr'>γονεν,</span> <span class='ocrx_word' id='word_1_341' title='bbox 568 3985 679 4041; x_wconf 77' lang='grc' dir='ltr'>οἷον</span> <span class='ocrx_word' id='word_1_342' title='bbox 708 3988 775 4042; x_wconf 84' lang='grc' dir='ltr'>ἂν</span> <span class='ocrx_word' id='word_1_343' title='bbox 805 3990 859 4042; x_wconf 82' lang='grc' dir='ltr'>ετ</span> <span class='ocrx_word' id='word_1_344' title='bbox 886 4006 968 4052; x_wconf 87' lang='grc' dir='ltr'>τις</span> <span class='ocrx_word' id='word_1_345' title='bbox 1014 3989 1161 4058; x_wconf 75' lang='grc' dir='ltr'>λέγοι</span> <span class='ocrx_word' id='word_1_346' title='bbox 1210 3991 1310 4062; x_wconf 89' lang='grc' dir='ltr'>μὲν</span> <span class='ocrx_word' id='word_1_347' title='bbox 1353 3995 1552 4047; x_wconf 78' lang='grc' dir='ltr'>εἰδέναι</span> <span class='ocrx_word' id='word_1_348' title='bbox 1581 3995 1650 4048; x_wconf 89' lang='grc' dir='ltr'>τά</span> <span class='ocrx_word' id='word_1_349' title='bbox 1680 4002 1938 4068; x_wconf 85' lang='grc' dir='ltr'>στοιχεῖα,</span> 
     </span>
    </p>
   </div>
   <div class='ocr_carea' id='block_1_46' title="bbox 367 4071 1937 4146">
    <p class='ocr_par' dir='ltr' id='par_1_46' title="bbox 367 4071 1937 4146">
     <span class='ocr_line' id='line_1_46' title="bbox 367 4071 1937 4146; baseline 0.008 -23"><span class='ocrx_word' id='word_1_350' title='bbox 367 4071 645 4144; x_wconf 77' lang='grc' dir='ltr'>σποράδην</span> <span class='ocrx_word' id='word_1_351' title='bbox 665 4071 722 4124; x_wconf 82' lang='grc' dir='ltr'>δέ</span> <span class='ocrx_word' id='word_1_352' title='bbox 748 4072 1107 4143; x_wconf 84' lang='grc' dir='ltr'>ἐρωτώμενος</span> <span class='ocrx_word' id='word_1_353' title='bbox 1131 4073 1206 4145; x_wconf 80' lang='grc' dir='ltr'>μή</span> <span class='ocrx_word' id='word_1_354' title='bbox 1230 4075 1497 4146; x_wconf 79' lang='grc' dir='ltr'>εὑρίσκοι,</span> <span class='ocrx_word' id='word_1_355' title='bbox 1538 4080 1634 4132; x_wconf 77' lang='grc' dir='ltr'>καὶ</span> <span class='ocrx_word' id='word_1_356' title='bbox 1662 4080 1937 4138; x_wconf 89' lang='grc' dir='ltr'>τύπτοιτο,</span> 
     </span>
    </p>
   </div>
   <div class='ocr_carea' id='block_1_47' title="bbox 366 4150 1940 4235">
    <p class='ocr_par' dir='ltr' id='par_1_47' title="bbox 366 4150 1940 4235">
     <span class='ocr_line' id='line_1_47' title="bbox 366 4150 1940 4235; baseline 0.008 -28"><span class='ocrx_word' id='word_1_357' title='bbox 366 4154 523 4208; x_wconf 83' lang='grc' dir='ltr'>υῦτω</span> <span class='ocrx_word' id='word_1_358' title='bbox 580 4157 824 4210; x_wconf 88' lang='grc' dir='ltr'>κάκεῖνοι</span> <span class='ocrx_word' id='word_1_359' title='bbox 859 4156 1047 4225; x_wconf 79' lang='grc' dir='ltr'>ἔλεγον</span> <span class='ocrx_word' id='word_1_360' title='bbox 1079 4159 1177 4227; x_wconf 87' lang='grc' dir='ltr'>μὲν</span> <span class='ocrx_word' id='word_1_361' title='bbox 1206 4150 1405 4212; x_wconf 81' lang='grc' dir='ltr'>εἰδέναι</span> <span class='ocrx_word' id='word_1_362' title='bbox 1453 4162 1553 4233; x_wconf 83' lang='grc' dir='ltr'>τὴν</span> <span class='ocrx_word' id='word_1_363' title='bbox 1594 4162 1823 4235; x_wconf 88' lang='grc' dir='ltr'>δύναμιν</span> <span class='ocrx_word' id='word_1_364' title='bbox 1846 4166 1940 4220; x_wconf 88' lang='grc' dir='ltr'>τοῦ</span> 
     </span>
    </p>
   </div>
   <div class='ocr_carea' id='block_1_48' title="bbox 364 4237 1941 4319">
    <p class='ocr_par' dir='ltr' id='par_1_48' title="bbox 364 4237 1941 4319">
     <span class='ocr_line' id='line_1_48' title="bbox 364 4237 1941 4319; baseline 0.007 -29"><span class='ocrx_word' id='word_1_365' title='bbox 364 4237 523 4301; x_wconf 82' lang='grc' dir='ltr'>Θεοῦ,</span> <span class='ocrx_word' id='word_1_366' title='bbox 561 4239 837 4310; x_wconf 77' lang='grc' dir='ltr'>σποράδην</span> <span class='ocrx_word' id='word_1_367' title='bbox 872 4239 927 4291; x_wconf 89' lang='grc' dir='ltr'>δέ</span> <span class='ocrx_word' id='word_1_368' title='bbox 976 4241 1369 4311; x_wconf 82' lang='grc' dir='ltr'>ἀπαιτούμενοι</span> <span class='ocrx_word' id='word_1_369' title='bbox 1391 4244 1491 4314; x_wconf 77' lang='grc' dir='ltr'>τὴν</span> <span class='ocrx_word' id='word_1_370' title='bbox 1523 4244 1746 4313; x_wconf 84' lang='grc' dir='ltr'>γνῶσιν,</span> <span class='ocrx_word' id='word_1_371' title='bbox 1772 4249 1941 4319; x_wconf 82' lang='grc' dir='ltr'>αὐτὴν</span> 
     </span>
    </p>
   </div>
   <div class='ocr_carea' id='block_1_49' title="bbox 364 4321 1943 4400">
    <p class='ocr_par' dir='ltr' id='par_1_49' title="bbox 364 4321 1943 4400">
     <span class='ocr_line' id='line_1_49' title="bbox 364 4321 1943 4400; baseline 0.009 -28"><span class='ocrx_word' id='word_1_372' title='bbox 364 4321 423 4373; x_wconf 84' lang='grc' dir='ltr'>ού</span> <span class='ocrx_word' id='word_1_373' title='bbox 450 4322 802 4392; x_wconf 85' lang='grc' dir='ltr'>παρείχοντο·</span> <span class='ocrx_word' id='word_1_374' title='bbox 836 4322 918 4375; x_wconf 90' lang='grc' dir='ltr'>διὸ</span> <span class='ocrx_word' id='word_1_375' title='bbox 947 4325 1042 4377; x_wconf 66' lang='grc' dir='ltr'>καὶ</span> <span class='ocrx_word' id='word_1_376' title='bbox 1071 4324 1387 4379; x_wconf 88' lang='grc' dir='ltr'>ἐτύπτοντο.</span> <span class='ocrx_word' id='word_1_377' title='bbox 1413 4325 1566 4390; x_wconf 82' lang='grc' dir='ltr'>Εἶδες</span> <span class='ocrx_word' id='word_1_378' title='bbox 1595 4327 1772 4400; x_wconf 74' lang='grc' dir='ltr'>ῦδωρς</span> <span class='ocrx_word' id='word_1_379' title='bbox 1800 4333 1943 4400; x_wconf 79' lang='grc' dir='ltr'>ὀφεί-</span> 
     </span>
    </p>
   </div>
   <div class='ocr_carea' id='block_1_50' title="bbox 364 4403 1940 4484">
    <p class='ocr_par' dir='ltr' id='par_1_50' title="bbox 364 4403 1940 4484">
     <span class='ocr_line' id='line_1_50' title="bbox 364 4403 1940 4484; baseline 0.008 -29"><span class='ocrx_word' id='word_1_380' title='bbox 364 4403 475 4465; x_wconf 85' lang='grc' dir='ltr'>λεις</span> <span class='ocrx_word' id='word_1_381' title='bbox 506 4404 927 4484; x_wconf 78' lang='grc' dir='ltr'>ἀναμνησθῆναι</span> <span class='ocrx_word' id='word_1_382' title='bbox 968 4406 1061 4459; x_wconf 88' lang='grc' dir='ltr'>τοῦ</span> <span class='ocrx_word' id='word_1_383' title='bbox 1115 4406 1310 4472; x_wconf 80' lang='grc' dir='ltr'>ὕδατος</span> <span class='ocrx_word' id='word_1_384' title='bbox 1336 4409 1432 4463; x_wconf 86' lang='grc' dir='ltr'>τοῦ</span> <span class='ocrx_word' id='word_1_385' title='bbox 1464 4411 1523 4463; x_wconf 92' lang='grc' dir='ltr'>ἐν</span> <span class='ocrx_word' id='word_1_386' title='bbox 1560 4411 1841 4484; x_wconf 77' lang='grc' dir='ltr'>Αἰγύπτῳ.</span> <span class='ocrx_word' id='word_1_387' title='bbox 1882 4416 1940 4469; x_wconf 91' lang='lat'>&#39;0</span> 
     </span>
    </p>
   </div>
   <div class='ocr_carea' id='block_1_51' title="bbox 363 4482 1941 4564">
    <p class='ocr_par' dir='ltr' id='par_1_51' title="bbox 363 4482 1941 4564">
     <span class='ocr_line' id='line_1_51' title="bbox 363 4482 1941 4564; baseline 0.01 -27"><span class='ocrx_word' id='word_1_388' title='bbox 363 4486 470 4556; x_wconf 85' lang='grc' dir='ltr'>γὰρ</span> <span class='ocrx_word' id='word_1_389' title='bbox 506 4486 612 4539; x_wconf 85' lang='grc' dir='ltr'>ἀπὸ</span> <span class='ocrx_word' id='word_1_390' title='bbox 645 4486 833 4552; x_wconf 79' lang='grc' dir='ltr'>ὓδατος</span> <span class='ocrx_word' id='word_1_391' title='bbox 876 4482 1017 4559; x_wconf 76' lang='grc' dir='ltr'>αἷμα</span> <span class='ocrx_word' id='word_1_392' title='bbox 1046 4493 1295 4560; x_wconf 86' lang='grc' dir='ltr'>ποιήσας,</span> <span class='ocrx_word' id='word_1_393' title='bbox 1330 4492 1619 4564; x_wconf 88' lang='grc' dir='ltr'>δυνήσεται</span> <span class='ocrx_word' id='word_1_394' title='bbox 1661 4482 1941 4553; x_wconf 77' lang='grc' dir='ltr'>καὶτοῦτο</span> 
     </span>
    </p>
   </div>
   <div class='ocr_carea' id='block_1_52' title="bbox 365 4568 1940 4647">
    <p class='ocr_par' dir='ltr' id='par_1_52' title="bbox 365 4568 1940 4647">
     <span class='ocr_line' id='line_1_52' title="bbox 365 4568 1940 4647; baseline 0.009 -27"><span class='ocrx_word' id='word_1_395' title='bbox 365 4568 620 4638; x_wconf 79' lang='grc' dir='ltr'>ποιῆσαι·</span> <span class='ocrx_word' id='word_1_396' title='bbox 676 4569 864 4642; x_wconf 80' lang='grc' dir='ltr'>ὥσπερ</span> <span class='ocrx_word' id='word_1_397' title='bbox 916 4573 1011 4625; x_wconf 76' lang='grc' dir='ltr'>καὶ</span> <span class='ocrx_word' id='word_1_398' title='bbox 1047 4576 1211 4643; x_wconf 80' lang='grc' dir='ltr'>ἡμεῖς</span> <span class='ocrx_word' id='word_1_399' title='bbox 1261 4575 1493 4647; x_wconf 87' lang='grc' dir='ltr'>λέγομεν</span> <span class='ocrx_word' id='word_1_400' title='bbox 1540 4579 1801 4643; x_wconf 84' lang='grc' dir='ltr'>πολλάκις</span> <span class='ocrx_word' id='word_1_401' title='bbox 1829 4584 1940 4645; x_wconf 90' lang='grc' dir='ltr'>τοῖς</span> 
     </span>
    </p>
   </div>
   <div class='ocr_carea' id='block_1_53' title="bbox 367 4650 1941 4730">
    <p class='ocr_par' dir='ltr' id='par_1_53' title="bbox 367 4650 1941 4730">
     <span class='ocr_line' id='line_1_53' title="bbox 367 4650 1941 4730; baseline 0.009 -27"><span class='ocrx_word' id='word_1_402' title='bbox 367 4650 618 4714; x_wconf 80' lang='grc' dir='ltr'>παιδίοις·</span> <span class='ocrx_word' id='word_1_403' title='bbox 635 4650 803 4705; x_wconf 86' lang='grc' dir='ltr'>Ὅταν</span> <span class='ocrx_word' id='word_1_404' title='bbox 826 4652 940 4724; x_wconf 81' lang='grc' dir='ltr'>ἴδῃς</span> <span class='ocrx_word' id='word_1_405' title='bbox 958 4655 1016 4707; x_wconf 89' lang='grc' dir='ltr'>ἐν</span> <span class='ocrx_word' id='word_1_406' title='bbox 1037 4655 1116 4726; x_wconf 84' lang='grc' dir='ltr'>τῷ</span> <span class='ocrx_word' id='word_1_407' title='bbox 1132 4656 1321 4728; x_wconf 82' lang='grc' dir='ltr'>βιϐλίῳ</span> <span class='ocrx_word' id='word_1_408' title='bbox 1342 4658 1424 4724; x_wconf 89' lang='grc' dir='ltr'>τὸ,</span> <span class='ocrx_word' id='word_1_409' title='bbox 1443 4678 1497 4725; x_wconf 91' lang='grc' dir='ltr'>α,</span> <span class='ocrx_word' id='word_1_410' title='bbox 1514 4665 1795 4730; x_wconf 88' lang='grc' dir='ltr'>στοιχεῖον,</span> <span class='ocrx_word' id='word_1_411' title='bbox 1817 4663 1941 4716; x_wconf 84' lang='grc' dir='ltr'>ἀνα-</span> 
     </span>
    </p>
   </div>
   <div class='ocr_carea' id='block_1_54' title="bbox 369 4735 1938 4814">
    <p class='ocr_par' dir='ltr' id='par_1_54' title="bbox 369 4735 1938 4814">
     <span class='ocr_line' id='line_1_54' title="bbox 369 4735 1938 4814; baseline 0.009 -28"><span class='ocrx_word' id='word_1_412' title='bbox 369 4735 635 4806; x_wconf 86' lang='grc' dir='ltr'>μνήσθητι</span> <span class='ocrx_word' id='word_1_413' title='bbox 656 4736 735 4789; x_wconf 85' lang='grc' dir='ltr'>ὅτι</span> <span class='ocrx_word' id='word_1_414' title='bbox 761 4738 817 4788; x_wconf 86' lang='grc' dir='ltr'>ἐν</span> <span class='ocrx_word' id='word_1_415' title='bbox 841 4740 905 4806; x_wconf 81' lang='grc' dir='ltr'>τῇ</span> <span class='ocrx_word' id='word_1_416' title='bbox 934 4741 1173 4794; x_wconf 81' lang='grc' dir='ltr'>πινακίδι</span> <span class='ocrx_word' id='word_1_417' title='bbox 1198 4743 1329 4795; x_wconf 86' lang='grc' dir='ltr'>αὐτὸ</span> <span class='ocrx_word' id='word_1_418' title='bbox 1356 4738 1522 4813; x_wconf 77' lang='grc' dir='ltr'>εἶχες.</span> <span class='ocrx_word' id='word_1_419' title='bbox 1564 4742 1718 4809; x_wconf 85' lang='grc' dir='ltr'>Εἶδες</span> <span class='ocrx_word' id='word_1_420' title='bbox 1740 4745 1897 4814; x_wconf 87' lang='grc' dir='ltr'>λιμόν</span> <span class='ocrx_word' id='word_1_421' title='bbox 1922 4765 1938 4813; x_wconf 87' lang='grc'>;</span> 
     </span>
    </p>
   </div>
   <div class='ocr_carea' id='block_1_55' title="bbox 365 4817 1936 4897">
    <p class='ocr_par' dir='ltr' id='par_1_55' title="bbox 365 4817 1936 4897">
     <span class='ocr_line' id='line_1_55' title="bbox 365 4817 1936 4897; baseline 0.009 -28"><span class='ocrx_word' id='word_1_422' title='bbox 365 4817 739 4897; x_wconf 81' lang='grc' dir='ltr'>ἀναμνήσθητι</span> <span class='ocrx_word' id='word_1_423' title='bbox 760 4819 840 4871; x_wconf 83' lang='grc' dir='ltr'>ὅτι</span> <span class='ocrx_word' id='word_1_424' title='bbox 865 4821 1026 4885; x_wconf 81' lang='grc' dir='ltr'>αὐτὸς</span> <span class='ocrx_word' id='word_1_425' title='bbox 1051 4818 1117 4894; x_wconf 82' lang='grc' dir='ltr'>ἦν</span> <span class='ocrx_word' id='word_1_426' title='bbox 1143 4824 1171 4875; x_wconf 91' lang='lat'>6</span> <span class='ocrx_word' id='word_1_427' title='bbox 1196 4824 1265 4877; x_wconf 82' lang='grc' dir='ltr'>τὰ</span> <span class='ocrx_word' id='word_1_428' title='bbox 1292 4828 1610 4897; x_wconf 85' lang='grc' dir='ltr'>γεννήματα</span> <span class='ocrx_word' id='word_1_429' title='bbox 1645 4828 1936 4892; x_wconf 84' lang='grc' dir='ltr'>ἀπολέσας.</span> 
     </span>
    </p>
   </div>
   <div class='ocr_carea' id='block_1_56' title="bbox 364 4896 1934 4983">
    <p class='ocr_par' dir='ltr' id='par_1_56' title="bbox 364 4896 1934 4983">
     <span class='ocr_line' id='line_1_56' title="bbox 364 4896 1934 4983; baseline 0.011 -31"><span class='ocrx_word' id='word_1_430' title='bbox 364 4896 515 4983; x_wconf 65' lang='grc' dir='ltr'>Είδες</span> <span class='ocrx_word' id='word_1_431' title='bbox 546 4900 848 4970; x_wconf 76' lang='grc' dir='ltr'>πολέμουςς</span> <span class='ocrx_word' id='word_1_432' title='bbox 912 4905 1291 4979; x_wconf 84' lang='grc' dir='ltr'>ἀναμνήσθητι</span> <span class='ocrx_word' id='word_1_433' title='bbox 1336 4896 1934 4983; x_wconf 87' lang='grc' dir='ltr'>τοῦκαταποντισμοῦ.</span> 
     </span>
    </p>
   </div>
   <div class='ocr_carea' id='block_1_57' title="bbox 363 4979 1940 5059">
    <p class='ocr_par' dir='ltr' id='par_1_57' title="bbox 363 4979 1940 5059">
     <span class='ocr_line' id='line_1_57' title="bbox 363 4979 1940 5059; baseline 0.01 -23"><span class='ocrx_word' id='word_1_434' title='bbox 363 4979 519 5047; x_wconf 72' lang='grc' dir='ltr'>Εἶδες</span> <span class='ocrx_word' id='word_1_435' title='bbox 546 4983 628 5036; x_wconf 82' lang='grc' dir='ltr'>ὅτι</span> <span class='ocrx_word' id='word_1_436' title='bbox 660 4986 883 5054; x_wconf 81' lang='grc' dir='ltr'>μεγάλοι</span> <span class='ocrx_word' id='word_1_437' title='bbox 908 4988 956 5039; x_wconf 79' lang='grc' dir='ltr'>οἱ</span> <span class='ocrx_word' id='word_1_438' title='bbox 984 4989 1082 5059; x_wconf 80' lang='grc' dir='ltr'>τήν</span> <span class='ocrx_word' id='word_1_439' title='bbox 1104 4990 1208 5057; x_wconf 82' lang='grc' dir='ltr'>γῆν</span> <span class='ocrx_word' id='word_1_440' title='bbox 1237 4992 1553 5059; x_wconf 87' lang='grc' dir='ltr'>οίκοῦντες;</span> <span class='ocrx_word' id='word_1_441' title='bbox 1590 4996 1706 5047; x_wconf 85' lang='grc' dir='ltr'>ἀλλ’</span> <span class='ocrx_word' id='word_1_442' title='bbox 1733 4979 1940 5051; x_wconf 28' lang='grc' dir='ltr'>οὑντῶν</span> 
     </span>
    </p>
   </div>
   <div class='ocr_carea' id='block_1_58' title="bbox 362 5067 1938 5145">
    <p class='ocr_par' dir='ltr' id='par_1_58' title="bbox 362 5067 1938 5145">
     <span class='ocr_line' id='line_1_58' title="bbox 362 5067 1938 5145; baseline 0.011 -28"><span class='ocrx_word' id='word_1_443' title='bbox 362 5067 673 5135; x_wconf 83' lang='grc' dir='ltr'>Αἰγυπτίων</span> <span class='ocrx_word' id='word_1_444' title='bbox 705 5069 943 5137; x_wconf 77' lang='grc' dir='ltr'>μείζους.</span> <span class='ocrx_word' id='word_1_445' title='bbox 979 5069 1112 5125; x_wconf 74' lang='grc' dir='ltr'>Εἶτα</span> <span class='ocrx_word' id='word_1_446' title='bbox 1157 5076 1186 5126; x_wconf 89' lang='grc' dir='ltr'>ὀ</span> <span class='ocrx_word' id='word_1_447' title='bbox 1214 5076 1277 5126; x_wconf 86' lang='grc' dir='ltr'>ἐκ</span> <span class='ocrx_word' id='word_1_448' title='bbox 1313 5075 1479 5145; x_wconf 87' lang='grc' dir='ltr'>μέσου</span> <span class='ocrx_word' id='word_1_449' title='bbox 1520 5078 1699 5131; x_wconf 88' lang='grc' dir='ltr'>αύτῶν</span> <span class='ocrx_word' id='word_1_450' title='bbox 1737 5097 1797 5133; x_wconf 91' lang='grc' dir='ltr'>σε</span> <span class='ocrx_word' id='word_1_451' title='bbox 1838 5081 1938 5134; x_wconf 89' lang='grc' dir='ltr'>λα-</span> 
     </span>
    </p>
   </div>
   <div class='ocr_carea' id='block_1_59' title="bbox 364 5149 1935 5229">
    <p class='ocr_par' dir='ltr' id='par_1_59' title="bbox 364 5149 1935 5229">
     <span class='ocr_line' id='line_1_59' title="bbox 364 5149 1935 5229; baseline 0.013 -31"><span class='ocrx_word' id='word_1_452' title='bbox 364 5149 494 5214; x_wconf 78' lang='grc' dir='ltr'>ϐὼν,</span> <span class='ocrx_word' id='word_1_453' title='bbox 516 5151 576 5203; x_wconf 87' lang='grc' dir='ltr'>ού</span> <span class='ocrx_word' id='word_1_454' title='bbox 602 5151 779 5223; x_wconf 84' lang='grc' dir='ltr'>πολλῷ</span> <span class='ocrx_word' id='word_1_455' title='bbox 804 5154 1001 5222; x_wconf 77' lang='grc' dir='ltr'>μᾶλλον</span> <span class='ocrx_word' id='word_1_456' title='bbox 1026 5156 1222 5222; x_wconf 76' lang='grc' dir='ltr'>ἔξωθεν</span> <span class='ocrx_word' id='word_1_457' title='bbox 1243 5158 1371 5211; x_wconf 81' lang='grc' dir='ltr'>ὄντα</span> <span class='ocrx_word' id='word_1_458' title='bbox 1403 5162 1630 5215; x_wconf 89' lang='grc' dir='ltr'>σώσειεν</span> <span class='ocrx_word' id='word_1_459' title='bbox 1658 5163 1756 5229; x_wconf 71' lang='lat' dir='ltr'>av;</span> <span class='ocrx_word' id='word_1_460' title='bbox 1795 5165 1935 5218; x_wconf 85' lang='grc' dir='ltr'>Ἀλλ’</span> 
     </span>
    </p>
   </div>
   <div class='ocr_carea' id='block_1_60' title="bbox 361 5232 1937 5316">
    <p class='ocr_par' dir='ltr' id='par_1_60' title="bbox 361 5232 1937 5316">
     <span class='ocr_line' id='line_1_60' title="bbox 361 5232 1937 5316; baseline 0.012 -33"><span class='ocrx_word' id='word_1_461' title='bbox 361 5232 461 5284; x_wconf 82' lang='grc' dir='ltr'>ούκ</span> <span class='ocrx_word' id='word_1_462' title='bbox 496 5233 691 5305; x_wconf 78' lang='grc' dir='ltr'>ᾔδεσαν</span> <span class='ocrx_word' id='word_1_463' title='bbox 720 5238 1023 5307; x_wconf 84' lang='grc' dir='ltr'>σκορπιστά</span> <span class='ocrx_word' id='word_1_464' title='bbox 1054 5241 1358 5309; x_wconf 81' lang='grc' dir='ltr'>ἐρωτᾶσθαι</span> <span class='ocrx_word' id='word_1_465' title='bbox 1397 5243 1467 5296; x_wconf 86' lang='grc' dir='ltr'>τά</span> <span class='ocrx_word' id='word_1_466' title='bbox 1517 5250 1790 5316; x_wconf 89' lang='grc' dir='ltr'>στοιχεῖα⁸</span> <span class='ocrx_word' id='word_1_467' title='bbox 1848 5248 1937 5303; x_wconf 80' lang='grc' dir='ltr'>διὰ</span> 
     </span>
    </p>
   </div>
   <div class='ocr_carea' id='block_1_61' title="bbox 360 5317 1936 5390">
    <p class='ocr_par' dir='ltr' id='par_1_61' title="bbox 360 5317 1936 5390">
     <span class='ocr_line' id='line_1_61' title="bbox 360 5317 1936 5390; baseline 0.012 -23"><span class='ocrx_word' id='word_1_468' title='bbox 360 5317 523 5369; x_wconf 87' lang='grc' dir='ltr'>τοῦτο</span> <span class='ocrx_word' id='word_1_469' title='bbox 550 5317 860 5372; x_wconf 86' lang='grc' dir='ltr'>ἐτύπτοντο.</span> <span class='ocrx_word' id='word_1_470' title='bbox 891 5320 1134 5390; x_wconf 83' lang='grc' dir='ltr'>Ἐφαγον</span> <span class='ocrx_word' id='word_1_471' title='bbox 1159 5325 1253 5376; x_wconf 80' lang='grc' dir='ltr'>καὶ</span> <span class='ocrx_word' id='word_1_472' title='bbox 1286 5324 1460 5390; x_wconf 79' lang='grc' dir='ltr'>ἔπιον,</span> <span class='ocrx_word' id='word_1_473' title='bbox 1494 5328 1590 5380; x_wconf 83' lang='grc' dir='ltr'>καὶ</span> <span class='ocrx_word' id='word_1_474' title='bbox 1632 5331 1936 5386; x_wconf 88' lang='grc' dir='ltr'>ἀπελάκτι-</span> 
     </span>
    </p>
   </div>
   <div class='ocr_carea' id='block_1_62' title="bbox 364 5400 1934 5483">
    <p class='ocr_par' dir='ltr' id='par_1_62' title="bbox 364 5400 1934 5483">
     <span class='ocr_line' id='line_1_62' title="bbox 364 5400 1934 5483; baseline 0.012 -34"><span class='ocrx_word' id='word_1_475' title='bbox 364 5414 484 5483; x_wconf 77' lang='grc' dir='ltr'>σαν.</span> <span class='ocrx_word' id='word_1_476' title='bbox 521 5400 666 5452; x_wconf 83' lang='grc' dir='ltr'>Ἔδει</span> <span class='ocrx_word' id='word_1_477' title='bbox 695 5402 752 5452; x_wconf 86' lang='grc' dir='ltr'>ἐν</span> <span class='ocrx_word' id='word_1_478' title='bbox 780 5401 857 5473; x_wconf 84' lang='grc' dir='ltr'>τῷ</span> <span class='ocrx_word' id='word_1_479' title='bbox 911 5403 1089 5473; x_wconf 87' lang='grc' dir='ltr'>μάννα</span> <span class='ocrx_word' id='word_1_480' title='bbox 1122 5405 1195 5475; x_wconf 85' lang='grc' dir='ltr'>μὴ</span> <span class='ocrx_word' id='word_1_481' title='bbox 1236 5406 1418 5477; x_wconf 86' lang='grc' dir='ltr'>ζητεῖν</span> <span class='ocrx_word' id='word_1_482' title='bbox 1455 5413 1687 5483; x_wconf 78' lang='grc' dir='ltr'>τρυφὴν,</span> <span class='ocrx_word' id='word_1_483' title='bbox 1728 5415 1789 5468; x_wconf 89' lang='grc' dir='ltr'>τὸ</span> <span class='ocrx_word' id='word_1_484' title='bbox 1826 5417 1934 5470; x_wconf 84' lang='grc' dir='ltr'>ἀπὸ</span> 
     </span>
    </p>
   </div>
   <div class='ocr_carea' id='block_1_63' title="bbox 362 5479 1932 5562">
    <p class='ocr_par' dir='ltr' id='par_1_63' title="bbox 362 5479 1932 5562">
     <span class='ocr_line' id='line_1_63' title="bbox 362 5479 1932 5562; baseline 0.015 -33"><span class='ocrx_word' id='word_1_485' title='bbox 362 5479 561 5562; x_wconf 75' lang='grc' dir='ltr'>ταύτης</span> <span class='ocrx_word' id='word_1_486' title='bbox 593 5483 861 5549; x_wconf 84' lang='grc' dir='ltr'>μαθόντας</span> <span class='ocrx_word' id='word_1_487' title='bbox 890 5488 1078 5539; x_wconf 85' lang='grc' dir='ltr'>κακόν.</span> <span class='ocrx_word' id='word_1_488' title='bbox 1111 5489 1221 5541; x_wconf 85' lang='lat' dir='ltr'>Kal</span> <span class='ocrx_word' id='word_1_489' title='bbox 1249 5490 1443 5543; x_wconf 85' lang='grc' dir='ltr'>ταυτὸν</span> <span class='ocrx_word' id='word_1_490' title='bbox 1474 5479 1714 5562; x_wconf 80' lang='grc' dir='ltr'>ἐποίουν,</span> <span class='ocrx_word' id='word_1_491' title='bbox 1746 5493 1860 5551; x_wconf 72' lang='grc' dir='ltr'>οἷον</span> <span class='ocrx_word' id='word_1_492' title='bbox 1884 5502 1932 5553; x_wconf 81' lang='grc' dir='ltr'>εἰ</span> 
     </span>
    </p>
   </div>
   <div class='ocr_carea' id='block_1_64' title="bbox 362 5559 1935 5651">
    <p class='ocr_par' dir='ltr' id='par_1_64' title="bbox 362 5559 1935 5651">
     <span class='ocr_line' id='line_1_64' title="bbox 362 5559 1935 5651; baseline 0.017 -43"><span class='ocrx_word' id='word_1_493' title='bbox 362 5559 642 5651; x_wconf 74' lang='grc' dir='ltr'>ἐλεύθερος</span> <span class='ocrx_word' id='word_1_494' title='bbox 654 5568 810 5651; x_wconf 57' lang='grc' dir='ltr'>-παῖς</span> <span class='ocrx_word' id='word_1_495' title='bbox 835 5569 913 5629; x_wconf 84' lang='grc' dir='ltr'>είς</span> <span class='ocrx_word' id='word_1_496' title='bbox 934 5562 1303 5651; x_wconf 82' lang='grc' dir='ltr'>διδασκαλεῖον</span> <span class='ocrx_word' id='word_1_497' title='bbox 1333 5559 1707 5645; x_wconf 81' lang='grc' dir='ltr'>πεμπόμενος,</span> <span class='ocrx_word' id='word_1_498' title='bbox 1740 5580 1935 5651; x_wconf 83' lang='grc' dir='ltr'>ἐπιζη-</span> 
     </span>
    </p>
   </div>
   <div class='ocr_carea' id='block_1_65' title="bbox 362 5638 1930 5725">
    <p class='ocr_par' dir='ltr' id='par_1_65' title="bbox 362 5638 1930 5725">
     <span class='ocr_line' id='line_1_65' title="bbox 362 5638 1930 5725; baseline 0.019 -37"><span class='ocrx_word' id='word_1_499' title='bbox 362 5638 481 5708; x_wconf 86' lang='grc' dir='ltr'>τοίη</span> <span class='ocrx_word' id='word_1_500' title='bbox 528 5642 589 5725; x_wconf 71' lang='grc' dir='ltr'>τὸ</span> <span class='ocrx_word' id='word_1_501' title='bbox 631 5642 778 5717; x_wconf 78' lang='lat'>[556]</span> <span class='ocrx_word' id='word_1_502' title='bbox 820 5650 957 5717; x_wconf 88' lang='grc' dir='ltr'>μετά</span> <span class='ocrx_word' id='word_1_503' title='bbox 998 5653 1107 5705; x_wconf 84' lang='grc' dir='ltr'>τῶν</span> <span class='ocrx_word' id='word_1_504' title='bbox 1136 5653 1335 5708; x_wconf 82' lang='grc' dir='ltr'>δούλων</span> <span class='ocrx_word' id='word_1_505' title='bbox 1384 5638 1633 5725; x_wconf 73' lang='grc' dir='ltr'>άγεσθαι,</span> <span class='ocrx_word' id='word_1_506' title='bbox 1664 5638 1780 5715; x_wconf 27' lang='grc' dir='ltr'>Ἰκαὶ</span> 
     </span>
    </p>
   </div>
   <div class='ocr_carea' id='block_1_66' title="bbox 364 5723 1928 5819">
    <p class='ocr_par' dir='ltr' id='par_1_66' title="bbox 364 5723 1928 5819">
     <span class='ocr_line' id='line_1_66' title="bbox 364 5723 1928 5819; baseline 0.021 -50"><span class='ocrx_word' id='word_1_507' title='bbox 364 5723 576 5789; x_wconf 74' lang='grc' dir='ltr'>ηρετεῖν</span> <span class='ocrx_word' id='word_1_508' title='bbox 599 5724 795 5791; x_wconf 71' lang='grc' dir='ltr'>αὐτοῖς,</span> <span class='ocrx_word' id='word_1_509' title='bbox 819 5731 910 5783; x_wconf 73' lang='grc' dir='ltr'>καὶ</span> <span class='ocrx_word' id='word_1_510' title='bbox 938 5734 1035 5791; x_wconf 70' lang='grc' dir='ltr'>τὴν</span> <span class='ocrx_word' id='word_1_511' title='bbox 1058 5736 1360 5803; x_wconf 84' lang='grc' dir='ltr'>ἀναγκαίαν</span> <span class='ocrx_word' id='word_1_512' title='bbox 1387 5741 1479 5795; x_wconf 73' lang='grc' dir='ltr'>καὶ</span> <span class='ocrx_word' id='word_1_513' title='bbox 1509 5723 1779 5817; x_wconf 59' lang='grc' dir='ltr'>ἐλευθέρῳ</span> <span class='ocrx_word' id='word_1_514' title='bbox 1798 5750 1928 5819; x_wconf 78' lang='grc' dir='ltr'>πρέ-</span> 
     </span>
    </p>
   </div>
   <div class='ocr_carea' id='block_1_67' title="bbox 1054 286 2908 348">
    <p class='ocr_par' dir='ltr' id='par_1_67' title="bbox 1054 286 2908 348">
     <span class='ocr_line' id='line_1_67' title="bbox 1054 286 2908 348; baseline -0.001 -1"><span class='ocrx_word' id='word_1_515' title='bbox 1054 292 1115 347; x_wconf 88' lang='lat' dir='ltr'>S.</span> <span class='ocrx_word' id='word_1_516' title='bbox 1166 289 1451 348; x_wconf 76' lang='lat' dir='ltr'>JOANNIS</span> <span class='ocrx_word' id='word_1_517' title='bbox 1485 288 1968 347; x_wconf 75' lang='lat' dir='ltr'>CIIRYSOSTOMI</span> <span class='ocrx_word' id='word_1_518' title='bbox 2006 286 2322 344; x_wconf 77' lang='lat' dir='ltr'>ARCIIIEP.</span> <span class='ocrx_word' id='word_1_519' title='bbox 2361 290 2908 347; x_wconf 70' lang='lat' dir='ltr'>CONSTANTINOP.</span> 
     </span>
    </p>
   </div>
   <div class='ocr_carea' id='block_1_68' title="bbox 3533 296 3637 351">
    <p class='ocr_par' dir='ltr' id='par_1_68' title="bbox 3533 296 3637 351">
     <span class='ocr_line' id='line_1_68' title="bbox 3533 296 3637 351; baseline -0.038 0"><span class='ocrx_word' id='word_1_520' title='bbox 3533 296 3637 351; x_wconf 73' lang='lat'>530</span> 
     </span>
    </p>
   </div>
   <div class='ocr_carea' id='block_1_69' title="bbox 2070 402 3641 477">
    <p class='ocr_par' dir='ltr' id='par_1_69' title="bbox 2070 402 3641 477">
     <span class='ocr_line' id='line_1_69' title="bbox 2070 402 3641 477; baseline 0.001 -19"><span class='ocrx_word' id='word_1_521' title='bbox 2070 423 2277 459; x_wconf 87' lang='grc' dir='ltr'>πουσαν</span> <span class='ocrx_word' id='word_1_522' title='bbox 2306 405 2512 477; x_wconf 82' lang='grc' dir='ltr'>τροφὴν</span> <span class='ocrx_word' id='word_1_523' title='bbox 2564 404 2764 469; x_wconf 85' lang='grc' dir='ltr'>λαϐὼν,</span> <span class='ocrx_word' id='word_1_524' title='bbox 2799 405 2892 458; x_wconf 70' lang='grc' dir='ltr'>καὶ</span> <span class='ocrx_word' id='word_1_525' title='bbox 2925 406 2982 457; x_wconf 87' lang='grc' dir='ltr'>ἐν</span> <span class='ocrx_word' id='word_1_526' title='bbox 3012 406 3076 475; x_wconf 81' lang='grc' dir='ltr'>τῇ</span> <span class='ocrx_word' id='word_1_527' title='bbox 3123 402 3215 457; x_wconf 79' lang='grc' dir='ltr'>τοῦ</span> <span class='ocrx_word' id='word_1_528' title='bbox 3259 403 3462 475; x_wconf 79' lang='grc' dir='ltr'>πατρὸς</span> <span class='ocrx_word' id='word_1_529' title='bbox 3508 423 3641 476; x_wconf 82' lang='grc' dir='ltr'>τρα-</span> 
     </span>
    </p>
   </div>
   <div class='ocr_carea' id='block_1_70' title="bbox 2069 487 3638 563">
    <p class='ocr_par' dir='ltr' id='par_1_70' title="bbox 2069 487 3638 563">
     <span class='ocr_line' id='line_1_70' title="bbox 2069 487 3638 563; baseline 0.001 -21"><span class='ocrx_word' id='word_1_530' title='bbox 2069 491 2208 563; x_wconf 81' lang='grc' dir='ltr'>πέζῃ</span> <span class='ocrx_word' id='word_1_531' title='bbox 2254 491 2581 561; x_wconf 84' lang='grc' dir='ltr'>καθήμενος,</span> <span class='ocrx_word' id='word_1_532' title='bbox 2616 491 2716 560; x_wconf 76' lang='grc' dir='ltr'>τῆς</span> <span class='ocrx_word' id='word_1_533' title='bbox 2746 489 2857 543; x_wconf 81' lang='grc' dir='ltr'>τῶν</span> <span class='ocrx_word' id='word_1_534' title='bbox 2887 488 3113 542; x_wconf 85' lang='grc' dir='ltr'>οἰκετῶν</span> <span class='ocrx_word' id='word_1_535' title='bbox 3157 487 3452 558; x_wconf 82' lang='grc' dir='ltr'>ἀπολαύειν</span> <span class='ocrx_word' id='word_1_536' title='bbox 3496 488 3638 543; x_wconf 80' lang='grc' dir='ltr'>θέλοι</span> 
     </span>
    </p>
   </div>
   <div class='ocr_carea' id='block_1_71' title="bbox 2067 571 3640 645">
    <p class='ocr_par' dir='ltr' id='par_1_71' title="bbox 2067 571 3640 645">
     <span class='ocr_line' id='line_1_71' title="bbox 2067 571 3640 645; baseline 0.001 -19"><span class='ocrx_word' id='word_1_537' title='bbox 2067 574 2163 645; x_wconf 82' lang='grc' dir='ltr'>τῆς</span> <span class='ocrx_word' id='word_1_538' title='bbox 2192 575 2480 637; x_wconf 87' lang='grc' dir='ltr'>δυσώδους,</span> <span class='ocrx_word' id='word_1_539' title='bbox 2532 575 2633 642; x_wconf 83' lang='grc' dir='ltr'>τῆς</span> <span class='ocrx_word' id='word_1_540' title='bbox 2662 572 2906 644; x_wconf 82' lang='grc' dir='ltr'>ταραχῆς</span> <span class='ocrx_word' id='word_1_541' title='bbox 2938 571 3423 643; x_wconf 81' lang='grc' dir='ltr'>ἐμπεπλησμένης.</span> <span class='ocrx_word' id='word_1_542' title='bbox 3483 571 3640 627; x_wconf 85' lang='grc' dir='ltr'>Οῦτω</span> 
     </span>
    </p>
   </div>
   <div class='ocr_carea' id='block_1_72' title="bbox 2069 651 3636 727">
    <p class='ocr_par' dir='ltr' id='par_1_72' title="bbox 2069 651 3636 727">
     <span class='ocr_line' id='line_1_72' title="bbox 2069 651 3636 727; baseline -0.001 -19"><span class='ocrx_word' id='word_1_543' title='bbox 2069 658 2162 709; x_wconf 81' lang='grc' dir='ltr'>καὶ</span> <span class='ocrx_word' id='word_1_544' title='bbox 2194 651 2338 711; x_wconf 81' lang='grc' dir='ltr'>οῦτοι</span> <span class='ocrx_word' id='word_1_545' title='bbox 2375 658 2649 726; x_wconf 74' lang='grc' dir='ltr'>Αἴγυπτον</span> <span class='ocrx_word' id='word_1_546' title='bbox 2683 656 2927 727; x_wconf 75' lang='grc' dir='ltr'>ἐζήτουν,</span> <span class='ocrx_word' id='word_1_547' title='bbox 2970 656 3064 708; x_wconf 79' lang='grc' dir='ltr'>καὶ</span> <span class='ocrx_word' id='word_1_548' title='bbox 3094 654 3275 722; x_wconf 73' lang='grc' dir='ltr'>ἔλεγον</span> <span class='ocrx_word' id='word_1_549' title='bbox 3306 654 3385 724; x_wconf 85' lang='grc' dir='ltr'>τῷ</span> <span class='ocrx_word' id='word_1_550' title='bbox 3406 655 3636 725; x_wconf 81' lang='grc' dir='ltr'>Μωῦσῇ,</span> 
     </span>
    </p>
   </div>
   <div class='ocr_carea' id='block_1_73' title="bbox 2066 737 3638 809">
    <p class='ocr_par' dir='ltr' id='par_1_73' title="bbox 2066 737 3638 809">
     <span class='ocr_line' id='line_1_73' title="bbox 2066 737 3638 809; baseline -0.003 -15"><span class='ocrx_word' id='word_1_551' title='bbox 2066 741 2202 805; x_wconf 76' lang='grc' dir='ltr'>Ναὶ,</span> <span class='ocrx_word' id='word_1_552' title='bbox 2239 742 2434 809; x_wconf 81' lang='grc' dir='ltr'>Κύριε,</span> <span class='ocrx_word' id='word_1_553' title='bbox 2459 740 2657 793; x_wconf 80' lang='grc' dir='ltr'>πάντα</span> <span class='ocrx_word' id='word_1_554' title='bbox 2692 742 2809 793; x_wconf 85' lang='grc' dir='ltr'>ὅσα</span> <span class='ocrx_word' id='word_1_555' title='bbox 2837 739 2913 792; x_wconf 83' lang='grc' dir='ltr'>ἂν</span> <span class='ocrx_word' id='word_1_556' title='bbox 2941 740 3119 807; x_wconf 71' lang='grc' dir='ltr'>εἴπῃς</span> <span class='ocrx_word' id='word_1_557' title='bbox 3154 737 3507 806; x_wconf 78' lang='grc' dir='ltr'>ποιήσομεν,</span> <span class='ocrx_word' id='word_1_558' title='bbox 3540 739 3638 791; x_wconf 79' lang='grc' dir='ltr'>καὶ</span> 
     </span>
    </p>
   </div>
   <div class='ocr_carea' id='block_1_74' title="bbox 2066 822 3641 895">
    <p class='ocr_par' dir='ltr' id='par_1_74' title="bbox 2066 822 3641 895">
     <span class='ocr_line' id='line_1_74' title="bbox 2066 822 3641 895; baseline -0.003 -17"><span class='ocrx_word' id='word_1_559' title='bbox 2066 825 2470 893; x_wconf 80' lang='grc' dir='ltr'>ἀκουσόμεθα.</span> <span class='ocrx_word' id='word_1_560' title='bbox 2502 827 2607 877; x_wconf 81' lang='grc' dir='ltr'>Καὶ</span> <span class='ocrx_word' id='word_1_561' title='bbox 2656 826 2791 895; x_wconf 85' lang='grc' dir='ltr'>ὅπερ</span> <span class='ocrx_word' id='word_1_562' title='bbox 2818 825 2912 876; x_wconf 74' lang='grc' dir='ltr'>ἐπὶ</span> <span class='ocrx_word' id='word_1_563' title='bbox 2938 825 3048 876; x_wconf 84' lang='grc' dir='ltr'>τῶν</span> <span class='ocrx_word' id='word_1_564' title='bbox 3088 824 3292 894; x_wconf 86' lang='grc' dir='ltr'>σφόδρα</span> <span class='ocrx_word' id='word_1_565' title='bbox 3318 822 3641 892; x_wconf 84' lang='grc' dir='ltr'>δυσδιορθὼ-</span> 
     </span>
    </p>
   </div>
   <div class='ocr_carea' id='block_1_75' title="bbox 2065 905 3640 977">
    <p class='ocr_par' dir='ltr' id='par_1_75' title="bbox 2065 905 3640 977">
     <span class='ocr_line' id='line_1_75' title="bbox 2065 905 3640 977; baseline -0.002 -17"><span class='ocrx_word' id='word_1_566' title='bbox 2065 924 2173 961; x_wconf 90' lang='grc' dir='ltr'>των</span> <span class='ocrx_word' id='word_1_567' title='bbox 2204 909 2408 962; x_wconf 83' lang='grc' dir='ltr'>παίδων</span> <span class='ocrx_word' id='word_1_568' title='bbox 2445 909 2676 976; x_wconf 83' lang='grc' dir='ltr'>γίνεται,</span> <span class='ocrx_word' id='word_1_569' title='bbox 2707 906 2800 961; x_wconf 87' lang='grc' dir='ltr'>τοῦ</span> <span class='ocrx_word' id='word_1_570' title='bbox 2838 908 3045 977; x_wconf 87' lang='grc' dir='ltr'>πατρὸς</span> <span class='ocrx_word' id='word_1_571' title='bbox 3072 908 3267 969; x_wconf 76' lang='grc' dir='ltr'>αὐτοὺς</span> <span class='ocrx_word' id='word_1_572' title='bbox 3290 906 3495 959; x_wconf 85' lang='grc' dir='ltr'>ἀνελεῖν</span> <span class='ocrx_word' id='word_1_573' title='bbox 3518 905 3640 974; x_wconf 80' lang='grc' dir='ltr'>βου-</span> 
     </span>
    </p>
   </div>
   <div class='ocr_carea' id='block_1_76' title="bbox 2064 990 3639 1063">
    <p class='ocr_par' dir='ltr' id='par_1_76' title="bbox 2064 990 3639 1063">
     <span class='ocr_line' id='line_1_76' title="bbox 2064 990 3639 1063; baseline 0 -20"><span class='ocrx_word' id='word_1_574' title='bbox 2064 990 2369 1061; x_wconf 82' lang='grc' dir='ltr'>λομένου,ό</span> <span class='ocrx_word' id='word_1_575' title='bbox 2401 992 2723 1057; x_wconf 87' lang='grc' dir='ltr'>διδάσκαλος</span> <span class='ocrx_word' id='word_1_576' title='bbox 2773 995 3122 1063; x_wconf 89' lang='grc' dir='ltr'>παραιτεῖται</span> <span class='ocrx_word' id='word_1_577' title='bbox 3169 992 3429 1060; x_wconf 79' lang='grc' dir='ltr'>συνεχῶς,</span> <span class='ocrx_word' id='word_1_578' title='bbox 3479 990 3639 1044; x_wconf 84' lang='grc' dir='ltr'>τοῦτο</span> 
     </span>
    </p>
   </div>
   <div class='ocr_carea' id='block_1_77' title="bbox 2066 1076 2577 1146">
    <p class='ocr_par' dir='ltr' id='par_1_77' title="bbox 2066 1076 2577 1146">
     <span class='ocr_line' id='line_1_77' title="bbox 2066 1076 2577 1146; baseline 0.004 -18"><span class='ocrx_word' id='word_1_579' title='bbox 2066 1076 2161 1130; x_wconf 80' lang='grc' dir='ltr'>καὶ</span> <span class='ocrx_word' id='word_1_580' title='bbox 2192 1076 2315 1129; x_wconf 80' lang='grc' dir='ltr'>τότε</span> <span class='ocrx_word' id='word_1_581' title='bbox 2349 1076 2577 1146; x_wconf 86' lang='grc' dir='ltr'>ἐγίνετο.</span> 
     </span>
    </p>
   </div>
   <div class='ocr_carea' id='block_1_78' title="bbox 2135 1241 3639 1315">
    <p class='ocr_par' dir='ltr' id='par_1_78' title="bbox 2135 1241 3639 1315">
     <span class='ocr_line' id='line_1_78' title="bbox 2135 1241 3639 1315; baseline -0.003 -18"><span class='ocrx_word' id='word_1_582' title='bbox 2135 1244 2198 1299; x_wconf 87' lang='grc' dir='ltr'>δ’.</span> <span class='ocrx_word' id='word_1_583' title='bbox 2236 1243 2302 1297; x_wconf 87' lang='grc' dir='ltr'>Τί</span> <span class='ocrx_word' id='word_1_584' title='bbox 2327 1242 2391 1314; x_wconf 80' lang='grc' dir='ltr'>δὴ</span> <span class='ocrx_word' id='word_1_585' title='bbox 2419 1244 2593 1297; x_wconf 88' lang='grc' dir='ltr'>ταῦτα</span> <span class='ocrx_word' id='word_1_586' title='bbox 2637 1244 2770 1315; x_wconf 82' lang='grc' dir='ltr'>ἡμῖν</span> <span class='ocrx_word' id='word_1_587' title='bbox 2818 1243 3068 1313; x_wconf 75' lang='grc' dir='ltr'>εἴρηταις</span> <span class='ocrx_word' id='word_1_588' title='bbox 3098 1242 3217 1296; x_wconf 83' lang='grc' dir='ltr'>’Ότι</span> <span class='ocrx_word' id='word_1_589' title='bbox 3249 1242 3455 1296; x_wconf 82' lang='grc' dir='ltr'>παίδων</span> <span class='ocrx_word' id='word_1_590' title='bbox 3487 1241 3639 1294; x_wconf 79' lang='grc' dir='ltr'>οὐδὲν</span> 
     </span>
    </p>
   </div>
   <div class='ocr_carea' id='block_1_79' title="bbox 2070 1325 3635 1398">
    <p class='ocr_par' dir='ltr' id='par_1_79' title="bbox 2070 1325 3635 1398">
     <span class='ocr_line' id='line_1_79' title="bbox 2070 1325 3635 1398; baseline -0.005 -15"><span class='ocrx_word' id='word_1_591' title='bbox 2070 1327 2420 1398; x_wconf 84' lang='grc' dir='ltr'>διαφέρομεν.</span> <span class='ocrx_word' id='word_1_592' title='bbox 2456 1327 2646 1380; x_wconf 87' lang='grc' dir='ltr'>Βούλει</span> <span class='ocrx_word' id='word_1_593' title='bbox 2678 1325 2906 1380; x_wconf 87' lang='grc' dir='ltr'>ἀκοῦσαι</span> <span class='ocrx_word' id='word_1_594' title='bbox 2944 1328 3037 1381; x_wconf 77' lang='grc' dir='ltr'>καὶ</span> <span class='ocrx_word' id='word_1_595' title='bbox 3065 1326 3133 1379; x_wconf 83' lang='grc' dir='ltr'>τὰ</span> <span class='ocrx_word' id='word_1_596' title='bbox 3166 1326 3410 1395; x_wconf 78' lang='grc' dir='ltr'>δόγματα</span> <span class='ocrx_word' id='word_1_597' title='bbox 3436 1326 3635 1386; x_wconf 77' lang='grc' dir='ltr'>αὐτῶν,</span> 
     </span>
    </p>
   </div>
   <div class='ocr_carea' id='block_1_80' title="bbox 2064 1408 3635 1479">
    <p class='ocr_par' dir='ltr' id='par_1_80' title="bbox 2064 1408 3635 1479">
     <span class='ocr_line' id='line_1_80' title="bbox 2064 1408 3635 1479; baseline -0.003 -13"><span class='ocrx_word' id='word_1_598' title='bbox 2064 1414 2182 1478; x_wconf 82' lang='grc' dir='ltr'>πῶς</span> <span class='ocrx_word' id='word_1_599' title='bbox 2240 1413 2449 1466; x_wconf 82' lang='grc' dir='ltr'>παίδων</span> <span class='ocrx_word' id='word_1_600' title='bbox 2510 1411 2660 1477; x_wconf 87' lang='grc' dir='ltr'>ἐστί;</span> <span class='ocrx_word' id='word_1_601' title='bbox 2711 1410 3052 1479; x_wconf 67' lang='grc' dir='ltr'>Ὀφθαλμὸν</span> <span class='ocrx_word' id='word_1_602' title='bbox 3103 1411 3237 1465; x_wconf 82' lang='grc' dir='ltr'>ἀντὶ</span> <span class='ocrx_word' id='word_1_603' title='bbox 3301 1408 3635 1478; x_wconf 71' lang='grc' dir='ltr'>ὀφθαλμοῦ,</span> 
     </span>
    </p>
   </div>
   <div class='ocr_carea' id='block_1_81' title="bbox 2064 1491 3637 1566">
    <p class='ocr_par' dir='ltr' id='par_1_81' title="bbox 2064 1491 3637 1566">
     <span class='ocr_line' id='line_1_81' title="bbox 2064 1491 3637 1566; baseline -0.004 -17"><span class='ocrx_word' id='word_1_604' title='bbox 2064 1496 2221 1566; x_wconf 76' lang='grc' dir='ltr'>φησὶ,</span> <span class='ocrx_word' id='word_1_605' title='bbox 2273 1494 2371 1550; x_wconf 78' lang='grc' dir='ltr'>καὶ</span> <span class='ocrx_word' id='word_1_606' title='bbox 2406 1492 2622 1547; x_wconf 81' lang='grc' dir='ltr'>ὀδόντα</span> <span class='ocrx_word' id='word_1_607' title='bbox 2655 1494 2789 1548; x_wconf 79' lang='grc' dir='ltr'>ἀντὶ</span> <span class='ocrx_word' id='word_1_608' title='bbox 2835 1492 3099 1559; x_wconf 77' lang='grc' dir='ltr'>ὀδόντος.</span> <span class='ocrx_word' id='word_1_609' title='bbox 3153 1492 3420 1555; x_wconf 80' lang='grc' dir='ltr'>Εἰκότως·</span> <span class='ocrx_word' id='word_1_610' title='bbox 3484 1491 3637 1543; x_wconf 86' lang='grc' dir='ltr'>ούδέν</span> 
     </span>
    </p>
   </div>
   <div class='ocr_carea' id='block_1_82' title="bbox 2062 1575 3638 1651">
    <p class='ocr_par' dir='ltr' id='par_1_82' title="bbox 2062 1575 3638 1651">
     <span class='ocr_line' id='line_1_82' title="bbox 2062 1575 3638 1651; baseline -0.004 -17"><span class='ocrx_word' id='word_1_611' title='bbox 2062 1581 2172 1651; x_wconf 89' lang='grc' dir='ltr'>γάρ</span> <span class='ocrx_word' id='word_1_612' title='bbox 2201 1581 2344 1633; x_wconf 82' lang='grc' dir='ltr'>οῦτω</span> <span class='ocrx_word' id='word_1_613' title='bbox 2396 1578 2533 1649; x_wconf 86' lang='grc' dir='ltr'>πρὸς</span> <span class='ocrx_word' id='word_1_614' title='bbox 2567 1577 2780 1648; x_wconf 80' lang='grc' dir='ltr'>ἄμυναν</span> <span class='ocrx_word' id='word_1_615' title='bbox 2805 1578 3085 1649; x_wconf 78' lang='grc' dir='ltr'>ὥρμηται,</span> <span class='ocrx_word' id='word_1_616' title='bbox 3133 1576 3208 1640; x_wconf 87' lang='grc' dir='ltr'>ὡς</span> <span class='ocrx_word' id='word_1_617' title='bbox 3254 1575 3478 1647; x_wconf 84' lang='grc' dir='ltr'>παιδικὴ</span> <span class='ocrx_word' id='word_1_618' title='bbox 3521 1576 3638 1628; x_wconf 81' lang='grc' dir='ltr'>διά⁶</span> 
     </span>
    </p>
   </div>
   <div class='ocr_carea' id='block_1_83' title="bbox 2062 1658 3634 1735">
    <p class='ocr_par' dir='ltr' id='par_1_83' title="bbox 2062 1658 3634 1735">
     <span class='ocr_line' id='line_1_83' title="bbox 2062 1658 3634 1735; baseline -0.005 -17"><span class='ocrx_word' id='word_1_619' title='bbox 2062 1682 2201 1720; x_wconf 89' lang='grc' dir='ltr'>νοια.</span> <span class='ocrx_word' id='word_1_620' title='bbox 2238 1664 2458 1735; x_wconf 83' lang='grc' dir='ltr'>Ἐπειδὴ</span> <span class='ocrx_word' id='word_1_621' title='bbox 2490 1663 2599 1735; x_wconf 86' lang='grc' dir='ltr'>γάρ</span> <span class='ocrx_word' id='word_1_622' title='bbox 2630 1662 2851 1731; x_wconf 86' lang='grc' dir='ltr'>ἀλογίας</span> <span class='ocrx_word' id='word_1_623' title='bbox 2874 1661 2989 1713; x_wconf 87' lang='grc' dir='ltr'>ἐστί</span> <span class='ocrx_word' id='word_1_624' title='bbox 3018 1660 3077 1713; x_wconf 89' lang='grc' dir='ltr'>τὸ</span> <span class='ocrx_word' id='word_1_625' title='bbox 3108 1660 3299 1725; x_wconf 87' lang='grc' dir='ltr'>πάθος,</span> <span class='ocrx_word' id='word_1_626' title='bbox 3328 1658 3493 1729; x_wconf 85' lang='grc' dir='ltr'>πολλὴ</span> <span class='ocrx_word' id='word_1_627' title='bbox 3521 1658 3575 1710; x_wconf 87' lang='grc' dir='ltr'>δὲ</span> <span class='ocrx_word' id='word_1_628' title='bbox 3601 1660 3634 1728; x_wconf 90' lang='grc' dir='ltr'>ή</span> 
     </span>
    </p>
   </div>
   <div class='ocr_carea' id='block_1_84' title="bbox 2062 1741 3637 1816">
    <p class='ocr_par' dir='ltr' id='par_1_84' title="bbox 2062 1741 3637 1816">
     <span class='ocr_line' id='line_1_84' title="bbox 2062 1741 3637 1816; baseline -0.006 -15"><span class='ocrx_word' id='word_1_629' title='bbox 2062 1748 2276 1816; x_wconf 88' lang='grc' dir='ltr'>ἀλογία,</span> <span class='ocrx_word' id='word_1_630' title='bbox 2310 1750 2402 1801; x_wconf 75' lang='grc' dir='ltr'>καὶ</span> <span class='ocrx_word' id='word_1_631' title='bbox 2432 1746 2602 1815; x_wconf 84' lang='grc' dir='ltr'>πολλὴ</span> <span class='ocrx_word' id='word_1_632' title='bbox 2638 1746 2731 1799; x_wconf 86' lang='grc' dir='ltr'>τοῦ</span> <span class='ocrx_word' id='word_1_633' title='bbox 2783 1743 3045 1813; x_wconf 88' lang='grc' dir='ltr'>λογισμοῦ</span> <span class='ocrx_word' id='word_1_634' title='bbox 3076 1745 3109 1814; x_wconf 85' lang='grc' dir='ltr'>ή</span> <span class='ocrx_word' id='word_1_635' title='bbox 3140 1742 3343 1813; x_wconf 81' lang='grc' dir='ltr'>ἐρημία</span> <span class='ocrx_word' id='word_1_636' title='bbox 3373 1744 3430 1794; x_wconf 87' lang='grc' dir='ltr'>ἐν</span> <span class='ocrx_word' id='word_1_637' title='bbox 3452 1741 3637 1814; x_wconf 83' lang='grc' dir='ltr'>ἐκείνῃ</span> 
     </span>
    </p>
   </div>
   <div class='ocr_carea' id='block_1_85' title="bbox 2061 1825 3635 1902">
    <p class='ocr_par' dir='ltr' id='par_1_85' title="bbox 2061 1825 3635 1902">
     <span class='ocr_line' id='line_1_85' title="bbox 2061 1825 3635 1902; baseline -0.006 -17"><span class='ocrx_word' id='word_1_638' title='bbox 2061 1835 2126 1902; x_wconf 84' lang='grc' dir='ltr'>τῇ</span> <span class='ocrx_word' id='word_1_639' title='bbox 2156 1831 2362 1902; x_wconf 85' lang='grc' dir='ltr'>ήλικίᾳ,</span> <span class='ocrx_word' id='word_1_640' title='bbox 2415 1830 2641 1893; x_wconf 77' lang='grc' dir='ltr'>εἰκότως</span> <span class='ocrx_word' id='word_1_641' title='bbox 2683 1830 3028 1899; x_wconf 86' lang='grc' dir='ltr'>τυραννεῖται</span> <span class='ocrx_word' id='word_1_642' title='bbox 3055 1826 3160 1879; x_wconf 84' lang='grc' dir='ltr'>ὑπὸ</span> <span class='ocrx_word' id='word_1_643' title='bbox 3204 1825 3376 1896; x_wconf 88' lang='grc' dir='ltr'>θυμοῦ</span> <span class='ocrx_word' id='word_1_644' title='bbox 3405 1825 3465 1878; x_wconf 89' lang='grc' dir='ltr'>τὸ</span> <span class='ocrx_word' id='word_1_645' title='bbox 3506 1844 3635 1877; x_wconf 86' lang='grc' dir='ltr'>παι-</span> 
     </span>
    </p>
   </div>
   <div class='ocr_carea' id='block_1_86' title="bbox 2060 1908 3637 1982">
    <p class='ocr_par' dir='ltr' id='par_1_86' title="bbox 2060 1908 3637 1982">
     <span class='ocr_line' id='line_1_86' title="bbox 2060 1908 3637 1982; baseline -0.004 -15"><span class='ocrx_word' id='word_1_646' title='bbox 2060 1916 2173 1967; x_wconf 89' lang='grc' dir='ltr'>δίον</span> <span class='ocrx_word' id='word_1_647' title='bbox 2193 1930 2207 1945; x_wconf 87' lang='grc'>·</span> <span class='ocrx_word' id='word_1_648' title='bbox 2238 1916 2335 1967; x_wconf 72' lang='grc' dir='ltr'>καὶ</span> <span class='ocrx_word' id='word_1_649' title='bbox 2362 1913 2599 1982; x_wconf 90' lang='grc' dir='ltr'>τοσαύτη</span> <span class='ocrx_word' id='word_1_650' title='bbox 2635 1914 2667 1982; x_wconf 86' lang='grc' dir='ltr'>ή</span> <span class='ocrx_word' id='word_1_651' title='bbox 2696 1912 2953 1982; x_wconf 79' lang='grc' dir='ltr'>τυραννὶς</span> <span class='ocrx_word' id='word_1_652' title='bbox 2980 1910 3074 1963; x_wconf 89' lang='grc' dir='ltr'>τοῦ</span> <span class='ocrx_word' id='word_1_653' title='bbox 3105 1909 3299 1978; x_wconf 85' lang='grc' dir='ltr'>θυμοῦ,</span> <span class='ocrx_word' id='word_1_654' title='bbox 3334 1908 3473 1961; x_wconf 80' lang='grc' dir='ltr'>ὥστε</span> <span class='ocrx_word' id='word_1_655' title='bbox 3507 1909 3637 1961; x_wconf 88' lang='grc' dir='ltr'>πολ-</span> 
     </span>
    </p>
   </div>
   <div class='ocr_carea' id='block_1_87' title="bbox 2060 1991 3635 2068">
    <p class='ocr_par' dir='ltr' id='par_1_87' title="bbox 2060 1991 3635 2068">
     <span class='ocr_line' id='line_1_87' title="bbox 2060 1991 3635 2068; baseline -0.004 -17"><span class='ocrx_word' id='word_1_656' title='bbox 2060 1998 2218 2061; x_wconf 88' lang='grc' dir='ltr'>λάκις</span> <span class='ocrx_word' id='word_1_657' title='bbox 2254 1997 2707 2068; x_wconf 88' lang='grc' dir='ltr'>προσπταίσαντα</span> <span class='ocrx_word' id='word_1_658' title='bbox 2736 1996 2829 2049; x_wconf 79' lang='grc' dir='ltr'>καὶ</span> <span class='ocrx_word' id='word_1_659' title='bbox 2872 1993 3253 2056; x_wconf 84' lang='grc' dir='ltr'>διαναστάντα,</span> <span class='ocrx_word' id='word_1_660' title='bbox 3372 1992 3499 2059; x_wconf 84' lang='grc' dir='ltr'>γόνυ</span> <span class='ocrx_word' id='word_1_661' title='bbox 3539 1992 3635 2045; x_wconf 86' lang='grc' dir='ltr'>τύ-</span> 
     </span>
    </p>
   </div>
   <div class='ocr_carea' id='block_1_88' title="bbox 2061 2076 3633 2149">
    <p class='ocr_par' dir='ltr' id='par_1_88' title="bbox 2061 2076 3633 2149">
     <span class='ocr_line' id='line_1_88' title="bbox 2061 2076 3633 2149; baseline -0.003 -16"><span class='ocrx_word' id='word_1_662' title='bbox 2061 2098 2215 2134; x_wconf 84' lang='grc' dir='ltr'>πτειν</span> <span class='ocrx_word' id='word_1_663' title='bbox 2231 2080 2665 2149; x_wconf 77' lang='grc' dir='ltr'>ἀγανακτοῦντα,</span> <span class='ocrx_word' id='word_1_664' title='bbox 2689 2078 2721 2149; x_wconf 83' lang='grc' dir='ltr'>ἢ</span> <span class='ocrx_word' id='word_1_665' title='bbox 2746 2078 2807 2131; x_wconf 87' lang='grc' dir='ltr'>τὸ</span> <span class='ocrx_word' id='word_1_666' title='bbox 2831 2076 3119 2130; x_wconf 83' lang='grc' dir='ltr'>ὑποπόδιον</span> <span class='ocrx_word' id='word_1_667' title='bbox 3134 2077 3515 2148; x_wconf 80' lang='grc' dir='ltr'>ἀναστρέφειν,</span> <span class='ocrx_word' id='word_1_668' title='bbox 3538 2077 3633 2128; x_wconf 76' lang='grc' dir='ltr'>καὶ</span> 
     </span>
    </p>
   </div>
   <div class='ocr_carea' id='block_1_89' title="bbox 2059 2160 3629 2232">
    <p class='ocr_par' dir='ltr' id='par_1_89' title="bbox 2059 2160 3629 2232">
     <span class='ocr_line' id='line_1_89' title="bbox 2059 2160 3629 2232; baseline -0.004 -14"><span class='ocrx_word' id='word_1_669' title='bbox 2059 2164 2233 2226; x_wconf 76' lang='grc' dir='ltr'>οὕτως</span> <span class='ocrx_word' id='word_1_670' title='bbox 2278 2163 2579 2217; x_wconf 86' lang='grc' dir='ltr'>ἀναπαύειν</span> <span class='ocrx_word' id='word_1_671' title='bbox 2607 2160 2788 2215; x_wconf 85' lang='grc' dir='ltr'>αὐτῶν</span> <span class='ocrx_word' id='word_1_672' title='bbox 2829 2160 2930 2232; x_wconf 83' lang='grc' dir='ltr'>τὴν</span> <span class='ocrx_word' id='word_1_673' title='bbox 2973 2160 3166 2229; x_wconf 82' lang='grc' dir='ltr'>ὀδύνην</span> <span class='ocrx_word' id='word_1_674' title='bbox 3208 2161 3301 2213; x_wconf 79' lang='grc' dir='ltr'>καὶ</span> <span class='ocrx_word' id='word_1_675' title='bbox 3333 2160 3429 2231; x_wconf 84' lang='grc' dir='ltr'>τὴν</span> <span class='ocrx_word' id='word_1_676' title='bbox 3457 2160 3629 2229; x_wconf 83' lang='grc' dir='ltr'>ὀργὴν</span> 
     </span>
    </p>
   </div>
   <div class='ocr_carea' id='block_1_90' title="bbox 2061 2241 3631 2313">
    <p class='ocr_par' dir='ltr' id='par_1_90' title="bbox 2061 2241 3631 2313">
     <span class='ocr_line' id='line_1_90' title="bbox 2061 2241 3631 2313; baseline -0.004 -12"><span class='ocrx_word' id='word_1_677' title='bbox 2061 2246 2364 2301; x_wconf 87' lang='grc' dir='ltr'>σϐεννύναι.</span> <span class='ocrx_word' id='word_1_678' title='bbox 2409 2246 2662 2301; x_wconf 89' lang='grc' dir='ltr'>Τοιοῦτόν</span> <span class='ocrx_word' id='word_1_679' title='bbox 2694 2262 2747 2297; x_wconf 89' lang='grc' dir='ltr'>τι</span> <span class='ocrx_word' id='word_1_680' title='bbox 2776 2244 2871 2297; x_wconf 81' lang='grc' dir='ltr'>καὶ</span> <span class='ocrx_word' id='word_1_681' title='bbox 2903 2245 2932 2295; x_wconf 89' lang='grc' dir='ltr'>ὁ</span> <span class='ocrx_word' id='word_1_682' title='bbox 2968 2242 3101 2305; x_wconf 86' lang='grc' dir='ltr'>Θεὸς</span> <span class='ocrx_word' id='word_1_683' title='bbox 3125 2241 3399 2313; x_wconf 80' lang='grc' dir='ltr'>ἐποίησεν,</span> <span class='ocrx_word' id='word_1_684' title='bbox 3429 2242 3631 2312; x_wconf 76' lang='grc' dir='ltr'>ὀφθαλο</span> 
     </span>
    </p>
   </div>
   <div class='ocr_carea' id='block_1_91' title="bbox 2062 2326 3632 2404">
    <p class='ocr_par' dir='ltr' id='par_1_91' title="bbox 2062 2326 3632 2404">
     <span class='ocr_line' id='line_1_91' title="bbox 2062 2326 3632 2404; baseline -0.005 -18"><span class='ocrx_word' id='word_1_685' title='bbox 2062 2333 2161 2404; x_wconf 90' lang='grc' dir='ltr'>μὸν</span> <span class='ocrx_word' id='word_1_686' title='bbox 2185 2333 2307 2386; x_wconf 77' lang='grc' dir='ltr'>ἀντὶ</span> <span class='ocrx_word' id='word_1_687' title='bbox 2347 2330 2628 2401; x_wconf 80' lang='grc' dir='ltr'>ὀφθαλμοῦ</span> <span class='ocrx_word' id='word_1_688' title='bbox 2658 2330 2781 2393; x_wconf 78' lang='grc' dir='ltr'>δοὺς</span> <span class='ocrx_word' id='word_1_689' title='bbox 2825 2327 3137 2389; x_wconf 83' lang='grc' dir='ltr'>ἐκκόπτειν,</span> <span class='ocrx_word' id='word_1_690' title='bbox 3186 2327 3278 2378; x_wconf 75' lang='lat' dir='ltr'><strong><em>xal</em></strong></span> <span class='ocrx_word' id='word_1_691' title='bbox 3303 2326 3487 2379; x_wconf 80' lang='grc' dir='ltr'>ὀδόντα</span> <span class='ocrx_word' id='word_1_692' title='bbox 3511 2326 3632 2378; x_wconf 75' lang='grc' dir='ltr'>ἀντὶ</span> 
     </span>
    </p>
   </div>
   <div class='ocr_carea' id='block_1_92' title="bbox 2057 2410 3632 2483">
    <p class='ocr_par' dir='ltr' id='par_1_92' title="bbox 2057 2410 3632 2483">
     <span class='ocr_line' id='line_1_92' title="bbox 2057 2410 3632 2483; baseline -0.005 -14"><span class='ocrx_word' id='word_1_693' title='bbox 2057 2417 2291 2479; x_wconf 82' lang='grc' dir='ltr'>ὀδόντος,</span> <span class='ocrx_word' id='word_1_694' title='bbox 2342 2416 2437 2469; x_wconf 76' lang='grc' dir='ltr'>καὶ</span> <span class='ocrx_word' id='word_1_695' title='bbox 2490 2414 2821 2483; x_wconf 80' lang='grc' dir='ltr'>Αἰγυπτίους</span> <span class='ocrx_word' id='word_1_696' title='bbox 2868 2410 3105 2481; x_wconf 82' lang='grc' dir='ltr'>ἀναιρῶν</span> <span class='ocrx_word' id='word_1_697' title='bbox 3140 2412 3233 2463; x_wconf 82' lang='grc' dir='ltr'>καὶ</span> <span class='ocrx_word' id='word_1_698' title='bbox 3265 2411 3632 2482; x_wconf 82' lang='grc' dir='ltr'>Ἀμαληκίτας</span> 
     </span>
    </p>
   </div>
   <div class='ocr_carea' id='block_1_93' title="bbox 2056 2493 3631 2570">
    <p class='ocr_par' dir='ltr' id='par_1_93' title="bbox 2056 2493 3631 2570">
     <span class='ocr_line' id='line_1_93' title="bbox 2056 2493 3631 2570; baseline -0.004 -17"><span class='ocrx_word' id='word_1_699' title='bbox 2056 2501 2185 2563; x_wconf 82' lang='grc' dir='ltr'>τοὺς</span> <span class='ocrx_word' id='word_1_700' title='bbox 2219 2498 2594 2570; x_wconf 84' lang='grc' dir='ltr'>λελυπηκότας</span> <span class='ocrx_word' id='word_1_701' title='bbox 2640 2495 2857 2559; x_wconf 83' lang='grc' dir='ltr'>αὐτούς.</span> <span class='ocrx_word' id='word_1_702' title='bbox 2906 2495 3014 2548; x_wconf 97' lang='lat' dir='ltr'>Kal</span> <span class='ocrx_word' id='word_1_703' title='bbox 3040 2494 3264 2547; x_wconf 88' lang='grc' dir='ltr'>τοιαῦτα</span> <span class='ocrx_word' id='word_1_704' title='bbox 3298 2493 3631 2561; x_wconf 82' lang='grc' dir='ltr'>ἐπαγγέλλε-</span> 
     </span>
    </p>
   </div>
   <div class='ocr_carea' id='block_1_94' title="bbox 2055 2577 3633 2651">
    <p class='ocr_par' dir='ltr' id='par_1_94' title="bbox 2055 2577 3633 2651">
     <span class='ocr_line' id='line_1_94' title="bbox 2055 2577 3633 2651; baseline -0.003 -16"><span class='ocrx_word' id='word_1_705' title='bbox 2055 2600 2167 2647; x_wconf 89' lang='grc' dir='ltr'>ται,</span> <span class='ocrx_word' id='word_1_706' title='bbox 2197 2582 2385 2651; x_wconf 81' lang='grc' dir='ltr'>ὥσπερ</span> <span class='ocrx_word' id='word_1_707' title='bbox 2416 2582 2483 2635; x_wconf 88' lang='grc' dir='ltr'>ἂν</span> <span class='ocrx_word' id='word_1_708' title='bbox 2512 2582 2659 2635; x_wconf 75' lang='grc' dir='ltr'>εἴποι</span> <span class='ocrx_word' id='word_1_709' title='bbox 2683 2596 2787 2643; x_wconf 87' lang='grc' dir='ltr'>τις·</span> <span class='ocrx_word' id='word_1_710' title='bbox 2826 2579 3029 2649; x_wconf 89' lang='grc' dir='ltr'>Πάτερ,</span> <span class='ocrx_word' id='word_1_711' title='bbox 3063 2580 3090 2630; x_wconf 92' lang='lat'>6</span> <span class='ocrx_word' id='word_1_712' title='bbox 3121 2577 3266 2630; x_wconf 88' lang='grc' dir='ltr'>δεῖνά</span> <span class='ocrx_word' id='word_1_713' title='bbox 3294 2595 3360 2647; x_wconf 88' lang='grc' dir='ltr'>με</span> <span class='ocrx_word' id='word_1_714' title='bbox 3392 2578 3633 2647; x_wconf 78' lang='grc' dir='ltr'>ἐτύπτη-</span> 
     </span>
    </p>
   </div>
   <div class='ocr_carea' id='block_1_95' title="bbox 2059 2660 3632 2736">
    <p class='ocr_par' dir='ltr' id='par_1_95' title="bbox 2059 2660 3632 2736">
     <span class='ocr_line' id='line_1_95' title="bbox 2059 2660 3632 2736; baseline -0.006 -16"><span class='ocrx_word' id='word_1_715' title='bbox 2059 2684 2151 2720; x_wconf 91' lang='grc' dir='ltr'>σεν</span> <span class='ocrx_word' id='word_1_716' title='bbox 2172 2682 2183 2695; x_wconf 82' lang='grc'>·</span> <span class='ocrx_word' id='word_1_717' title='bbox 2216 2661 2313 2719; x_wconf 79' lang='grc' dir='ltr'>εἶτ’</span> <span class='ocrx_word' id='word_1_718' title='bbox 2349 2668 2463 2736; x_wconf 85' lang='grc' dir='ltr'>ἐρεῖ</span> <span class='ocrx_word' id='word_1_719' title='bbox 2494 2666 2522 2717; x_wconf 93' lang='lat'>6</span> <span class='ocrx_word' id='word_1_720' title='bbox 2547 2664 2751 2734; x_wconf 82' lang='grc' dir='ltr'>πατὴρ·</span> <span class='ocrx_word' id='word_1_721' title='bbox 2778 2663 2960 2724; x_wconf 87' lang='grc' dir='ltr'>Κακὸς</span> <span class='ocrx_word' id='word_1_722' title='bbox 2983 2660 3077 2715; x_wconf 85' lang='grc' dir='ltr'>ἄνθ</span> <span class='ocrx_word' id='word_1_723' title='bbox 3088 2677 3266 2730; x_wconf 89' lang='grc' dir='ltr'>ρωπος</span> <span class='ocrx_word' id='word_1_724' title='bbox 3294 2662 3321 2713; x_wconf 93' lang='lat'>6</span> <span class='ocrx_word' id='word_1_725' title='bbox 3343 2660 3509 2722; x_wconf 87' lang='grc' dir='ltr'>δεῖνα,</span> <span class='ocrx_word' id='word_1_726' title='bbox 3537 2661 3632 2712; x_wconf 77' lang='grc' dir='ltr'>καὶ</span> 
     </span>
    </p>
   </div>
   <div class='ocr_carea' id='block_1_96' title="bbox 2059 2741 3631 2820">
    <p class='ocr_par' dir='ltr' id='par_1_96' title="bbox 2059 2741 3631 2820">
     <span class='ocr_line' id='line_1_96' title="bbox 2059 2741 3631 2820; baseline -0.006 -18"><span class='ocrx_word' id='word_1_727' title='bbox 2059 2750 2381 2820; x_wconf 85' lang='grc' dir='ltr'>μισήσωμεν</span> <span class='ocrx_word' id='word_1_728' title='bbox 2407 2750 2588 2801; x_wconf 85' lang='grc' dir='ltr'>αὐτόν.</span> <span class='ocrx_word' id='word_1_729' title='bbox 2607 2746 2762 2800; x_wconf 84' lang='grc' dir='ltr'>Οῦτω</span> <span class='ocrx_word' id='word_1_730' title='bbox 2787 2746 2879 2798; x_wconf 74' lang='grc' dir='ltr'>καὶ</span> <span class='ocrx_word' id='word_1_731' title='bbox 2905 2745 2933 2798; x_wconf 93' lang='lat'>6</span> <span class='ocrx_word' id='word_1_732' title='bbox 2960 2743 3112 2805; x_wconf 85' lang='grc' dir='ltr'>Θεὸς,</span> <span class='ocrx_word' id='word_1_733' title='bbox 3143 2743 3267 2806; x_wconf 89' lang='grc' dir='ltr'>Τοῖς</span> <span class='ocrx_word' id='word_1_734' title='bbox 3290 2741 3631 2813; x_wconf 87' lang='grc' dir='ltr'>ἐχθραίνουσί</span> 
     </span>
    </p>
   </div>
   <div class='ocr_carea' id='block_1_97' title="bbox 2058 2824 3627 2901">
    <p class='ocr_par' dir='ltr' id='par_1_97' title="bbox 2058 2824 3627 2901">
     <span class='ocr_line' id='line_1_97' title="bbox 2058 2824 3627 2901; baseline -0.004 -16"><span class='ocrx_word' id='word_1_735' title='bbox 2058 2850 2161 2894; x_wconf 91' lang='grc' dir='ltr'>σοι,</span> <span class='ocrx_word' id='word_1_736' title='bbox 2194 2832 2381 2901; x_wconf 76' lang='grc' dir='ltr'>φησὶν,</span> <span class='ocrx_word' id='word_1_737' title='bbox 2407 2830 2707 2901; x_wconf 85' lang='grc' dir='ltr'>ἐχθρεύσω,</span> <span class='ocrx_word' id='word_1_738' title='bbox 2732 2829 2971 2891; x_wconf 77' lang='grc' dir='ltr'>καὶτοὺς</span> <span class='ocrx_word' id='word_1_739' title='bbox 2996 2824 3285 2897; x_wconf 87' lang='grc' dir='ltr'>μισοῦντάς</span> <span class='ocrx_word' id='word_1_740' title='bbox 3307 2843 3365 2879; x_wconf 90' lang='grc' dir='ltr'>σε</span> <span class='ocrx_word' id='word_1_741' title='bbox 3392 2826 3627 2895; x_wconf 90' lang='grc' dir='ltr'>μισήσω.</span> 
     </span>
    </p>
   </div>
   <div class='ocr_carea' id='block_1_98' title="bbox 2056 2904 3631 2982">
    <p class='ocr_par' dir='ltr' id='par_1_98' title="bbox 2056 2904 3631 2982">
     <span class='ocr_line' id='line_1_98' title="bbox 2056 2904 3631 2982; baseline -0.006 -14"><span class='ocrx_word' id='word_1_742' title='bbox 2056 2915 2169 2968; x_wconf 84' lang='lat' dir='ltr'>Kal</span> <span class='ocrx_word' id='word_1_743' title='bbox 2199 2915 2385 2980; x_wconf 88' lang='grc' dir='ltr'>πάλιν,</span> <span class='ocrx_word' id='word_1_744' title='bbox 2420 2917 2509 2968; x_wconf 86' lang='grc' dir='ltr'>ὅτε</span> <span class='ocrx_word' id='word_1_745' title='bbox 2537 2916 2565 2967; x_wconf 89' lang='lat'>6</span> <span class='ocrx_word' id='word_1_746' title='bbox 2590 2913 2819 2982; x_wconf 86' lang='grc' dir='ltr'>Βαλαὰμ</span> <span class='ocrx_word' id='word_1_747' title='bbox 2839 2910 3060 2981; x_wconf 76' lang='grc' dir='ltr'>ηὔχετο,</span> <span class='ocrx_word' id='word_1_748' title='bbox 3087 2909 3309 2979; x_wconf 86' lang='grc' dir='ltr'>παιδικὴ</span> <span class='ocrx_word' id='word_1_749' title='bbox 3336 2904 3403 2980; x_wconf 80' lang='grc' dir='ltr'>ἦν</span> <span class='ocrx_word' id='word_1_750' title='bbox 3438 2910 3470 2979; x_wconf 91' lang='grc' dir='ltr'>ή</span> <span class='ocrx_word' id='word_1_751' title='bbox 3501 2924 3631 2974; x_wconf 91' lang='grc' dir='ltr'>συγ-</span> 
     </span>
    </p>
   </div>
   <div class='ocr_carea' id='block_1_99' title="bbox 2055 2991 3631 3067">
    <p class='ocr_par' dir='ltr' id='par_1_99' title="bbox 2055 2991 3631 3067">
     <span class='ocr_line' id='line_1_99' title="bbox 2055 2991 3631 3067; baseline -0.005 -14"><span class='ocrx_word' id='word_1_752' title='bbox 2055 2998 2361 3061; x_wconf 86' lang='grc' dir='ltr'>κατάϐασις</span> <span class='ocrx_word' id='word_1_753' title='bbox 2390 3000 2421 3067; x_wconf 86' lang='grc' dir='ltr'>ή</span> <span class='ocrx_word' id='word_1_754' title='bbox 2451 2999 2706 3067; x_wconf 91' lang='grc' dir='ltr'>γεγονυῖα</span> <span class='ocrx_word' id='word_1_755' title='bbox 2742 2996 2943 3057; x_wconf 75' lang='grc' dir='ltr'>αὐτοῖς.</span> <span class='ocrx_word' id='word_1_756' title='bbox 2981 2992 3247 3063; x_wconf 84' lang='grc' dir='ltr'>Καθάπερ</span> <span class='ocrx_word' id='word_1_757' title='bbox 3270 2992 3378 3062; x_wconf 82' lang='grc' dir='ltr'>γάρ</span> <span class='ocrx_word' id='word_1_758' title='bbox 3402 2991 3492 3043; x_wconf 78' lang='grc' dir='ltr'>ἐπὶ</span> <span class='ocrx_word' id='word_1_759' title='bbox 3522 2991 3631 3045; x_wconf 83' lang='grc' dir='ltr'>τῶν</span> 
     </span>
    </p>
   </div>
   <div class='ocr_carea' id='block_1_100' title="bbox 2056 3070 3626 3148">
    <p class='ocr_par' dir='ltr' id='par_1_100' title="bbox 2056 3070 3626 3148">
     <span class='ocr_line' id='line_1_100' title="bbox 2056 3070 3626 3148; baseline -0.007 -12"><span class='ocrx_word' id='word_1_760' title='bbox 2056 3082 2304 3145; x_wconf 86' lang='grc' dir='ltr'>παιδίων,</span> <span class='ocrx_word' id='word_1_761' title='bbox 2324 3084 2449 3135; x_wconf 82' lang='grc' dir='ltr'>ὅταν</span> <span class='ocrx_word' id='word_1_762' title='bbox 2475 3099 2527 3134; x_wconf 90' lang='grc' dir='ltr'>τι</span> <span class='ocrx_word' id='word_1_763' title='bbox 2550 3082 2657 3134; x_wconf 84' lang='grc' dir='ltr'>τῶν</span> <span class='ocrx_word' id='word_1_764' title='bbox 2690 3082 2749 3132; x_wconf 87' lang='grc' dir='ltr'>ού</span> <span class='ocrx_word' id='word_1_765' title='bbox 2775 3077 3020 3148; x_wconf 85' lang='grc' dir='ltr'>φοϐερῶν</span> <span class='ocrx_word' id='word_1_766' title='bbox 3046 3078 3247 3140; x_wconf 73' lang='grc' dir='ltr'>ἴδωσιν,</span> <span class='ocrx_word' id='word_1_767' title='bbox 3267 3070 3375 3129; x_wconf 76' lang='grc' dir='ltr'>οἷον</span> <span class='ocrx_word' id='word_1_768' title='bbox 3398 3075 3430 3145; x_wconf 83' lang='grc' dir='ltr'>ἢ</span> <span class='ocrx_word' id='word_1_769' title='bbox 3461 3075 3626 3144; x_wconf 79' lang='grc' dir='ltr'>ἔριον,</span> 
     </span>
    </p>
   </div>
   <div class='ocr_carea' id='block_1_101' title="bbox 2054 3158 3627 3241">
    <p class='ocr_par' dir='ltr' id='par_1_101' title="bbox 2054 3158 3627 3241">
     <span class='ocr_line' id='line_1_101' title="bbox 2054 3158 3627 3241; baseline -0.007 -20"><span class='ocrx_word' id='word_1_770' title='bbox 2054 3167 2088 3238; x_wconf 82' lang='grc' dir='ltr'>ἦ</span> <span class='ocrx_word' id='word_1_771' title='bbox 2114 3167 2242 3221; x_wconf 79' lang='grc' dir='ltr'>ἄλλο</span> <span class='ocrx_word' id='word_1_772' title='bbox 2261 3184 2314 3219; x_wconf 91' lang='grc' dir='ltr'>τι</span> <span class='ocrx_word' id='word_1_773' title='bbox 2336 3165 2602 3228; x_wconf 85' lang='grc' dir='ltr'>τοιοῦτον,</span> <span class='ocrx_word' id='word_1_774' title='bbox 2632 3164 2887 3233; x_wconf 78' lang='grc' dir='ltr'>ἐξαίφνης</span> <span class='ocrx_word' id='word_1_775' title='bbox 2921 3161 3209 3230; x_wconf 88' lang='grc' dir='ltr'>φοϐοῦνται</span> <span class='ocrx_word' id='word_1_776' title='bbox 3229 3176 3251 3241; x_wconf 74' lang='grc'>⁸</span> <span class='ocrx_word' id='word_1_777' title='bbox 3278 3158 3418 3212; x_wconf 82' lang='grc' dir='ltr'>ὥστε</span> <span class='ocrx_word' id='word_1_778' title='bbox 3454 3158 3510 3212; x_wconf 82' lang='grc' dir='ltr'>δέ</span> <span class='ocrx_word' id='word_1_779' title='bbox 3551 3159 3627 3229; x_wconf 76' lang='grc' dir='ltr'>μὴ</span> 
     </span>
    </p>
   </div>
   <div class='ocr_carea' id='block_1_102' title="bbox 2054 3244 3628 3322">
    <p class='ocr_par' dir='ltr' id='par_1_102' title="bbox 2054 3244 3628 3322">
     <span class='ocr_line' id='line_1_102' title="bbox 2054 3244 3628 3322; baseline -0.007 -17"><span class='ocrx_word' id='word_1_780' title='bbox 2054 3254 2409 3322; x_wconf 84' lang='grc' dir='ltr'>ἐναπομεῖναι</span> <span class='ocrx_word' id='word_1_781' title='bbox 2441 3250 2625 3313; x_wconf 83' lang='grc' dir='ltr'>αὐτοῖς</span> <span class='ocrx_word' id='word_1_782' title='bbox 2653 3249 2741 3302; x_wconf 89' lang='grc' dir='ltr'>τὸν</span> <span class='ocrx_word' id='word_1_783' title='bbox 2779 3248 2961 3317; x_wconf 82' lang='grc' dir='ltr'>φόϐον,</span> <span class='ocrx_word' id='word_1_784' title='bbox 2998 3246 3203 3315; x_wconf 87' lang='grc' dir='ltr'>ἄγομεν</span> <span class='ocrx_word' id='word_1_785' title='bbox 3231 3244 3332 3298; x_wconf 83' lang='grc' dir='ltr'>ὑπὸ</span> <span class='ocrx_word' id='word_1_786' title='bbox 3363 3244 3461 3306; x_wconf 81' lang='grc' dir='ltr'>τὰς</span> <span class='ocrx_word' id='word_1_787' title='bbox 3485 3244 3628 3296; x_wconf 85' lang='grc' dir='ltr'>ἐκεί-</span> 
     </span>
    </p>
   </div>
   <div class='ocr_carea' id='block_1_103' title="bbox 2053 3326 3624 3406">
    <p class='ocr_par' dir='ltr' id='par_1_103' title="bbox 2053 3326 3624 3406">
     <span class='ocr_line' id='line_1_103' title="bbox 2053 3326 3624 3406; baseline -0.007 -17"><span class='ocrx_word' id='word_1_788' title='bbox 2053 3353 2160 3390; x_wconf 91' lang='grc' dir='ltr'>νων</span> <span class='ocrx_word' id='word_1_789' title='bbox 2187 3337 2378 3406; x_wconf 86' lang='grc' dir='ltr'>χεῖρας</span> <span class='ocrx_word' id='word_1_790' title='bbox 2405 3333 2558 3392; x_wconf 82' lang='grc' dir='ltr'>αὐτὸ,</span> <span class='ocrx_word' id='word_1_791' title='bbox 2582 3334 2679 3386; x_wconf 59' lang='grc' dir='ltr'>καί⁸</span> <span class='ocrx_word' id='word_1_792' title='bbox 2707 3331 2894 3394; x_wconf 86' lang='grc' dir='ltr'>τίτθας</span> <span class='ocrx_word' id='word_1_793' title='bbox 2930 3327 3193 3399; x_wconf 86' lang='grc' dir='ltr'>ποιοῦμεν</span> <span class='ocrx_word' id='word_1_794' title='bbox 3233 3326 3624 3380; x_wconf 59' lang='grc' dir='ltr'>ὑποδεικνύειν</span> 
     </span>
    </p>
   </div>
   <div class='ocr_carea' id='block_1_104' title="bbox 2053 3407 3627 3487">
    <p class='ocr_par' dir='ltr' id='par_1_104' title="bbox 2053 3407 3627 3487">
     <span class='ocr_line' id='line_1_104' title="bbox 2053 3407 3627 3487; baseline -0.006 -16"><span class='ocrx_word' id='word_1_795' title='bbox 2053 3416 2196 3471; x_wconf 74' lang='grc' dir='ltr'>οὕτω</span> <span class='ocrx_word' id='word_1_796' title='bbox 2220 3420 2314 3471; x_wconf 78' lang='grc' dir='ltr'>καὶ</span> <span class='ocrx_word' id='word_1_797' title='bbox 2341 3418 2370 3469; x_wconf 91' lang='lat'>6</span> <span class='ocrx_word' id='word_1_798' title='bbox 2398 3417 2530 3480; x_wconf 89' lang='grc' dir='ltr'>Θεὸς</span> <span class='ocrx_word' id='word_1_799' title='bbox 2556 3415 2813 3487; x_wconf 87' lang='grc' dir='ltr'>ἐποίησεν</span> <span class='ocrx_word' id='word_1_800' title='bbox 2835 3432 2848 3447; x_wconf 91' lang='grc'>·</span> <span class='ocrx_word' id='word_1_801' title='bbox 2891 3412 3079 3483; x_wconf 83' lang='grc' dir='ltr'>ἐπειδὴ</span> <span class='ocrx_word' id='word_1_802' title='bbox 3106 3412 3216 3481; x_wconf 83' lang='grc' dir='ltr'>γὰρ</span> <span class='ocrx_word' id='word_1_803' title='bbox 3253 3410 3480 3480; x_wconf 86' lang='grc' dir='ltr'>φοϐερὸς</span> <span class='ocrx_word' id='word_1_804' title='bbox 3510 3407 3577 3480; x_wconf 81' lang='grc' dir='ltr'>ἦν</span> <span class='ocrx_word' id='word_1_805' title='bbox 3596 3412 3627 3462; x_wconf 87' lang='lat'>6</span> 
     </span>
    </p>
   </div>
   <div class='ocr_carea' id='block_1_105' title="bbox 2056 3494 3624 3572">
    <p class='ocr_par' dir='ltr' id='par_1_105' title="bbox 2056 3494 3624 3572">
     <span class='ocr_line' id='line_1_105' title="bbox 2056 3494 3624 3572; baseline -0.005 -18"><span class='ocrx_word' id='word_1_806' title='bbox 2056 3501 2271 3571; x_wconf 86' lang='grc' dir='ltr'>μάντις,</span> <span class='ocrx_word' id='word_1_807' title='bbox 2310 3500 2537 3572; x_wconf 73' lang='grc' dir='ltr'>ἔτρεψεν</span> <span class='ocrx_word' id='word_1_808' title='bbox 2561 3512 2584 3539; x_wconf 74' lang='grc'><strong><em>⁸</em></strong></span> <span class='ocrx_word' id='word_1_809' title='bbox 2619 3500 2803 3561; x_wconf 86' lang='grc' dir='ltr'>αὐτοῖς</span> <span class='ocrx_word' id='word_1_810' title='bbox 2835 3497 2925 3550; x_wconf 89' lang='grc' dir='ltr'>τὸν</span> <span class='ocrx_word' id='word_1_811' title='bbox 2958 3497 3122 3565; x_wconf 83' lang='grc' dir='ltr'>φόϐον</span> <span class='ocrx_word' id='word_1_812' title='bbox 3147 3498 3226 3558; x_wconf 86' lang='grc' dir='ltr'>είς</span> <span class='ocrx_word' id='word_1_813' title='bbox 3253 3494 3472 3565; x_wconf 87' lang='grc' dir='ltr'>θάρσος.</span> <span class='ocrx_word' id='word_1_814' title='bbox 3515 3496 3624 3548; x_wconf 85' lang='grc' dir='ltr'>Καὶ</span> 
     </span>
    </p>
   </div>
   <div class='ocr_carea' id='block_1_106' title="bbox 2052 3579 3628 3656">
    <p class='ocr_par' dir='ltr' id='par_1_106' title="bbox 2052 3579 3628 3656">
     <span class='ocr_line' id='line_1_106' title="bbox 2052 3579 3628 3656; baseline -0.004 -19"><span class='ocrx_word' id='word_1_815' title='bbox 2052 3583 2306 3656; x_wconf 89' lang='grc' dir='ltr'>καθάπερ</span> <span class='ocrx_word' id='word_1_816' title='bbox 2330 3584 2399 3636; x_wconf 84' lang='grc' dir='ltr'>τά</span> <span class='ocrx_word' id='word_1_817' title='bbox 2419 3581 2966 3651; x_wconf 83' lang='grc' dir='ltr'>ἀπογαλακτιζόμενα</span> <span class='ocrx_word' id='word_1_818' title='bbox 2995 3580 3104 3632; x_wconf 84' lang='grc' dir='ltr'>τῶν</span> <span class='ocrx_word' id='word_1_819' title='bbox 3130 3579 3355 3632; x_wconf 85' lang='grc' dir='ltr'>παιδίων</span> <span class='ocrx_word' id='word_1_820' title='bbox 3380 3582 3436 3631; x_wconf 84' lang='grc' dir='ltr'>ἐν</span> <span class='ocrx_word' id='word_1_821' title='bbox 3461 3579 3628 3631; x_wconf 88' lang='grc' dir='ltr'>καλα-</span> 
     </span>
    </p>
   </div>
   <div class='ocr_carea' id='block_1_107' title="bbox 2053 3662 3623 3738">
    <p class='ocr_par' dir='ltr' id='par_1_107' title="bbox 2053 3662 3623 3738">
     <span class='ocr_line' id='line_1_107' title="bbox 2053 3662 3623 3738; baseline -0.003 -19"><span class='ocrx_word' id='word_1_822' title='bbox 2053 3666 2261 3732; x_wconf 87' lang='grc' dir='ltr'>θίσκοις</span> <span class='ocrx_word' id='word_1_823' title='bbox 2277 3670 2456 3723; x_wconf 86' lang='grc' dir='ltr'>πάντα</span> <span class='ocrx_word' id='word_1_824' title='bbox 2481 3667 2694 3738; x_wconf 78' lang='grc' dir='ltr'>ἔχουσιν</span> <span class='ocrx_word' id='word_1_825' title='bbox 2711 3681 2727 3696; x_wconf 99' lang='grc'>⁸</span> <span class='ocrx_word' id='word_1_826' title='bbox 2759 3665 2902 3721; x_wconf 75' lang='grc' dir='ltr'>οὕτω</span> <span class='ocrx_word' id='word_1_827' title='bbox 2930 3664 3204 3725; x_wconf 87' lang='grc' dir='ltr'>κάκείνοις</span> <span class='ocrx_word' id='word_1_828' title='bbox 3225 3662 3403 3716; x_wconf 88' lang='grc' dir='ltr'>πάντα</span> <span class='ocrx_word' id='word_1_829' title='bbox 3428 3662 3623 3725; x_wconf 83' lang='grc' dir='ltr'>ἐδίδου,</span> 
     </span>
    </p>
   </div>
   <div class='ocr_carea' id='block_1_108' title="bbox 2052 3745 3625 3824">
    <p class='ocr_par' dir='ltr' id='par_1_108' title="bbox 2052 3745 3625 3824">
     <span class='ocr_line' id='line_1_108' title="bbox 2052 3745 3625 3824; baseline -0.004 -19"><span class='ocrx_word' id='word_1_830' title='bbox 2052 3753 2149 3805; x_wconf 79' lang='grc' dir='ltr'>καὶ</span> <span class='ocrx_word' id='word_1_831' title='bbox 2196 3752 2400 3824; x_wconf 84' lang='grc' dir='ltr'>πολλὴν</span> <span class='ocrx_word' id='word_1_832' title='bbox 2428 3752 2528 3823; x_wconf 82' lang='grc' dir='ltr'>τὴν</span> <span class='ocrx_word' id='word_1_833' title='bbox 2556 3751 2767 3823; x_wconf 78' lang='grc' dir='ltr'>τρυφήν</span> <span class='ocrx_word' id='word_1_834' title='bbox 2817 3752 3092 3822; x_wconf 87' lang='grc' dir='ltr'>ἐχορήγει.</span> <span class='ocrx_word' id='word_1_835' title='bbox 3128 3745 3288 3800; x_wconf 85' lang='grc' dir='ltr'>Ἀλλά</span> <span class='ocrx_word' id='word_1_836' title='bbox 3321 3745 3381 3798; x_wconf 88' lang='grc' dir='ltr'>τὸ</span> <span class='ocrx_word' id='word_1_837' title='bbox 3408 3747 3625 3799; x_wconf 86' lang='grc' dir='ltr'>παιδίον</span> 
     </span>
    </p>
   </div>
   <div class='ocr_carea' id='block_1_109' title="bbox 2051 3825 3621 3907">
    <p class='ocr_par' dir='ltr' id='par_1_109' title="bbox 2051 3825 3621 3907">
     <span class='ocr_line' id='line_1_109' title="bbox 2051 3825 3621 3907; baseline -0.004 -18"><span class='ocrx_word' id='word_1_838' title='bbox 2051 3836 2149 3907; x_wconf 82' lang='grc' dir='ltr'>τήν</span> <span class='ocrx_word' id='word_1_839' title='bbox 2180 3835 2350 3907; x_wconf 85' lang='grc' dir='ltr'>θηλήν</span> <span class='ocrx_word' id='word_1_840' title='bbox 2395 3835 2678 3905; x_wconf 80' lang='grc' dir='ltr'>ἐπιζητεῖ·</span> <span class='ocrx_word' id='word_1_841' title='bbox 2718 3834 2861 3889; x_wconf 78' lang='grc' dir='ltr'>οὕτω</span> <span class='ocrx_word' id='word_1_842' title='bbox 2912 3835 3007 3888; x_wconf 67' lang='grc' dir='ltr'>κα)⁸</span> <span class='ocrx_word' id='word_1_843' title='bbox 3035 3825 3180 3886; x_wconf 78' lang='grc' dir='ltr'>οὗτοι</span> <span class='ocrx_word' id='word_1_844' title='bbox 3206 3831 3304 3900; x_wconf 78' lang='grc' dir='ltr'>τὴν</span> <span class='ocrx_word' id='word_1_845' title='bbox 3328 3832 3621 3899; x_wconf 79' lang='grc' dir='ltr'>Αἴγυπτον,</span> 
     </span>
    </p>
   </div>
   <div class='ocr_carea' id='block_1_110' title="bbox 2051 3920 2566 3992">
    <p class='ocr_par' dir='ltr' id='par_1_110' title="bbox 2051 3920 2566 3992">
     <span class='ocr_line' id='line_1_110' title="bbox 2051 3920 2566 3992; baseline -0.004 -18"><span class='ocrx_word' id='word_1_846' title='bbox 2051 3920 2146 3974; x_wconf 75' lang='grc' dir='ltr'>καὶ</span> <span class='ocrx_word' id='word_1_847' title='bbox 2168 3921 2236 3975; x_wconf 85' lang='grc' dir='ltr'>τά</span> <span class='ocrx_word' id='word_1_848' title='bbox 2259 3922 2377 3973; x_wconf 87' lang='grc' dir='ltr'>ἐκεῖ</span> <span class='ocrx_word' id='word_1_849' title='bbox 2407 3920 2566 3992; x_wconf 82' lang='grc' dir='ltr'>κρέα.</span> 
     </span>
    </p>
   </div>
   <div class='ocr_carea' id='block_1_111' title="bbox 2123 4083 3624 4155">
    <p class='ocr_par' dir='ltr' id='par_1_111' title="bbox 2123 4083 3624 4155">
     <span class='ocr_line' id='line_1_111' title="bbox 2123 4083 3624 4155; baseline 0.001 -19"><span class='ocrx_word' id='word_1_850' title='bbox 2123 4084 2285 4137; x_wconf 80' lang='grc' dir='ltr'>Ὥστε</span> <span class='ocrx_word' id='word_1_851' title='bbox 2318 4084 2414 4137; x_wconf 72' lang='grc' dir='ltr'>καὶ</span> <span class='ocrx_word' id='word_1_852' title='bbox 2442 4083 2761 4137; x_wconf 81' lang='grc' dir='ltr'>διδάσκαλον</span> <span class='ocrx_word' id='word_1_853' title='bbox 2793 4086 2889 4137; x_wconf 74' lang='grc' dir='ltr'>καὶ</span> <span class='ocrx_word' id='word_1_854' title='bbox 2922 4084 3128 4155; x_wconf 85' lang='grc' dir='ltr'>τροφέα</span> <span class='ocrx_word' id='word_1_855' title='bbox 3156 4086 3249 4137; x_wconf 75' lang='grc' dir='ltr'>καὶ</span> <span class='ocrx_word' id='word_1_856' title='bbox 3276 4084 3624 4152; x_wconf 85' lang='grc' dir='ltr'>παιδαγωγὸν</span> 
     </span>
    </p>
   </div>
   <div class='ocr_carea' id='block_1_112' title="bbox 2049 4168 3619 4241">
    <p class='ocr_par' dir='ltr' id='par_1_112' title="bbox 2049 4168 3619 4241">
     <span class='ocr_line' id='line_1_112' title="bbox 2049 4168 3619 4241; baseline 0.001 -20"><span class='ocrx_word' id='word_1_857' title='bbox 2049 4168 2150 4221; x_wconf 84' lang='grc' dir='ltr'>οὐκ</span> <span class='ocrx_word' id='word_1_858' title='bbox 2173 4168 2239 4221; x_wconf 81' lang='grc' dir='ltr'>ἄν</span> <span class='ocrx_word' id='word_1_859' title='bbox 2262 4186 2348 4231; x_wconf 87' lang='grc' dir='ltr'>τις</span> <span class='ocrx_word' id='word_1_860' title='bbox 2376 4170 2616 4239; x_wconf 85' lang='grc' dir='ltr'>ἁμάρτοι</span> <span class='ocrx_word' id='word_1_861' title='bbox 2664 4168 2758 4221; x_wconf 86' lang='grc' dir='ltr'>τὸν</span> <span class='ocrx_word' id='word_1_862' title='bbox 2786 4169 3025 4222; x_wconf 86' lang='grc' dir='ltr'>Μωῦσέα</span> <span class='ocrx_word' id='word_1_863' title='bbox 3054 4168 3367 4240; x_wconf 85' lang='grc' dir='ltr'>προσειπών</span> <span class='ocrx_word' id='word_1_864' title='bbox 3392 4186 3404 4199; x_wconf 92' lang='grc'>⁸</span> <span class='ocrx_word' id='word_1_865' title='bbox 3450 4170 3619 4241; x_wconf 80' lang='grc' dir='ltr'>πολλὴ</span> 
     </span>
    </p>
   </div>
   <div class='ocr_carea' id='block_1_113' title="bbox 2049 4250 3623 4322">
    <p class='ocr_par' dir='ltr' id='par_1_113' title="bbox 2049 4250 3623 4322">
     <span class='ocr_line' id='line_1_113' title="bbox 2049 4250 3623 4322; baseline 0 -18"><span class='ocrx_word' id='word_1_866' title='bbox 2049 4251 2161 4320; x_wconf 86' lang='grc' dir='ltr'>γάρ</span> <span class='ocrx_word' id='word_1_867' title='bbox 2190 4252 2223 4321; x_wconf 85' lang='grc' dir='ltr'>ή</span> <span class='ocrx_word' id='word_1_868' title='bbox 2255 4253 2417 4319; x_wconf 87' lang='grc' dir='ltr'>σοφία</span> <span class='ocrx_word' id='word_1_869' title='bbox 2457 4250 2552 4305; x_wconf 87' lang='grc' dir='ltr'>τοῦ</span> <span class='ocrx_word' id='word_1_870' title='bbox 2587 4251 2799 4322; x_wconf 82' lang='grc' dir='ltr'>ἀνδρός.</span> <span class='ocrx_word' id='word_1_871' title='bbox 2855 4252 2969 4304; x_wconf 85' lang='grc' dir='ltr'>Οὐκ</span> <span class='ocrx_word' id='word_1_872' title='bbox 2996 4251 3110 4304; x_wconf 79' lang='grc' dir='ltr'>ἐστι</span> <span class='ocrx_word' id='word_1_873' title='bbox 3155 4251 3213 4304; x_wconf 88' lang='grc' dir='ltr'>δέ</span> <span class='ocrx_word' id='word_1_874' title='bbox 3249 4252 3361 4304; x_wconf 75' lang='grc' dir='ltr'>ἴσον</span> <span class='ocrx_word' id='word_1_875' title='bbox 3412 4253 3623 4322; x_wconf 83' lang='grc' dir='ltr'>ἀνδρῶν</span> 
     </span>
    </p>
   </div>
   <div class='ocr_carea' id='block_1_114' title="bbox 2049 4334 3624 4405">
    <p class='ocr_par' dir='ltr' id='par_1_114' title="bbox 2049 4334 3624 4405">
     <span class='ocr_line' id='line_1_114' title="bbox 2049 4334 3624 4405; baseline 0.001 -18"><span class='ocrx_word' id='word_1_876' title='bbox 2049 4336 2149 4405; x_wconf 84' lang='grc' dir='ltr'>ήδη</span> <span class='ocrx_word' id='word_1_877' title='bbox 2189 4335 2496 4404; x_wconf 88' lang='grc' dir='ltr'>φιλοσοφεῖν</span> <span class='ocrx_word' id='word_1_878' title='bbox 2521 4334 2830 4405; x_wconf 82' lang='grc' dir='ltr'>δυναμένων</span> <span class='ocrx_word' id='word_1_879' title='bbox 2854 4334 3127 4404; x_wconf 85' lang='grc' dir='ltr'>ἡγεῖσθαι,</span> <span class='ocrx_word' id='word_1_880' title='bbox 3158 4335 3250 4387; x_wconf 74' lang='grc' dir='ltr'>καὶ</span> <span class='ocrx_word' id='word_1_881' title='bbox 3270 4336 3473 4389; x_wconf 88' lang='grc' dir='ltr'>παίδων</span> <span class='ocrx_word' id='word_1_882' title='bbox 3504 4336 3624 4388; x_wconf 83' lang='grc' dir='ltr'>ἀλο-</span> 
     </span>
    </p>
   </div>
   <div class='ocr_carea' id='block_1_115' title="bbox 2048 4416 3622 4489">
    <p class='ocr_par' dir='ltr' id='par_1_115' title="bbox 2048 4416 3622 4489">
     <span class='ocr_line' id='line_1_115' title="bbox 2048 4416 3622 4489; baseline 0.001 -19"><span class='ocrx_word' id='word_1_883' title='bbox 2048 4419 2251 4484; x_wconf 85' lang='grc' dir='ltr'>γίστων</span> <span class='ocrx_word' id='word_1_884' title='bbox 2274 4418 2485 4488; x_wconf 84' lang='grc' dir='ltr'>ἄρχειν.</span> <span class='ocrx_word' id='word_1_885' title='bbox 2514 4418 2641 4483; x_wconf 88' lang='lat' dir='ltr'><strong><em>Kal,</em></strong></span> <span class='ocrx_word' id='word_1_886' title='bbox 2670 4419 2717 4469; x_wconf 85' lang='grc' dir='ltr'>εί</span> <span class='ocrx_word' id='word_1_887' title='bbox 2747 4416 3000 4487; x_wconf 88' lang='grc' dir='ltr'>βούλεσθε</span> <span class='ocrx_word' id='word_1_888' title='bbox 3034 4418 3126 4470; x_wconf 57' lang='grc' dir='ltr'>καί⁵</span> <span class='ocrx_word' id='word_1_889' title='bbox 3160 4418 3344 4489; x_wconf 76' lang='grc' dir='ltr'>ἔτερόν</span> <span class='ocrx_word' id='word_1_890' title='bbox 3375 4436 3426 4470; x_wconf 91' lang='grc' dir='ltr'>τι</span> <span class='ocrx_word' id='word_1_891' title='bbox 3456 4419 3622 4471; x_wconf 88' lang='grc' dir='ltr'>ἀκοῦ-</span> 
     </span>
    </p>
   </div>
   <div class='ocr_carea' id='block_1_116' title="bbox 2049 4500 3624 4571">
    <p class='ocr_par' dir='ltr' id='par_1_116' title="bbox 2049 4500 3624 4571">
     <span class='ocr_line' id='line_1_116' title="bbox 2049 4500 3624 4571; baseline 0 -16"><span class='ocrx_word' id='word_1_892' title='bbox 2049 4518 2141 4555; x_wconf 90' lang='grc' dir='ltr'>σαι</span> <span class='ocrx_word' id='word_1_893' title='bbox 2156 4502 2205 4563; x_wconf 72' lang='lat' dir='ltr'><strong>b,</strong></span> <span class='ocrx_word' id='word_1_894' title='bbox 2226 4500 2480 4571; x_wconf 89' lang='grc' dir='ltr'>καθάπερ</span> <span class='ocrx_word' id='word_1_895' title='bbox 2505 4502 2537 4570; x_wconf 79' lang='grc' dir='ltr'>ἡ</span> <span class='ocrx_word' id='word_1_896' title='bbox 2562 4500 2759 4571; x_wconf 86' lang='grc' dir='ltr'>τροφὸς</span> <span class='ocrx_word' id='word_1_897' title='bbox 2779 4500 2856 4570; x_wconf 83' lang='grc' dir='ltr'>τῷ</span> <span class='ocrx_word' id='word_1_898' title='bbox 2876 4500 3070 4571; x_wconf 84' lang='grc' dir='ltr'>παιδίῳ</span> <span class='ocrx_word' id='word_1_899' title='bbox 3095 4501 3264 4569; x_wconf 82' lang='grc' dir='ltr'>λέγει’</span> <span class='ocrx_word' id='word_1_900' title='bbox 3295 4503 3461 4554; x_wconf 81' lang='grc' dir='ltr'>’Ὀταν</span> <span class='ocrx_word' id='word_1_901' title='bbox 3486 4503 3624 4556; x_wconf 82' lang='grc' dir='ltr'>ἀπο-</span> 
     </span>
    </p>
   </div>
   <div class='ocr_carea' id='block_1_117' title="bbox 2049 4582 3620 4655">
    <p class='ocr_par' dir='ltr' id='par_1_117' title="bbox 2049 4582 3620 4655">
     <span class='ocr_line' id='line_1_117' title="bbox 2049 4582 3620 4655; baseline -0.001 -18"><span class='ocrx_word' id='word_1_902' title='bbox 2049 4587 2248 4654; x_wconf 83' lang='grc' dir='ltr'>πατῇς,</span> <span class='ocrx_word' id='word_1_903' title='bbox 2285 4582 2601 4636; x_wconf 86' lang='grc' dir='ltr'>ἀνάστειλόν</span> <span class='ocrx_word' id='word_1_904' title='bbox 2632 4600 2725 4636; x_wconf 91' lang='grc' dir='ltr'>σου</span> <span class='ocrx_word' id='word_1_905' title='bbox 2754 4585 2821 4637; x_wconf 76' lang='grc' dir='ltr'>τὰ</span> <span class='ocrx_word' id='word_1_906' title='bbox 2853 4583 3065 4653; x_wconf 83' lang='grc' dir='ltr'>ἱμάτια,</span> <span class='ocrx_word' id='word_1_907' title='bbox 3091 4585 3185 4637; x_wconf 85' lang='grc' dir='ltr'>καὶ</span> <span class='ocrx_word' id='word_1_908' title='bbox 3220 4584 3380 4655; x_wconf 84' lang='grc' dir='ltr'>μέχρι</span> <span class='ocrx_word' id='word_1_909' title='bbox 3429 4583 3620 4637; x_wconf 87' lang='grc' dir='ltr'>τοσού-</span> 
     </span>
    </p>
   </div>
   <div class='ocr_carea' id='block_1_118' title="bbox 2046 4665 3615 4737">
    <p class='ocr_par' dir='ltr' id='par_1_118' title="bbox 2046 4665 3615 4737">
     <span class='ocr_line' id='line_1_118' title="bbox 2046 4665 3615 4737; baseline 0.001 -18"><span class='ocrx_word' id='word_1_910' title='bbox 2046 4683 2163 4729; x_wconf 86' lang='grc' dir='ltr'>του,</span> <span class='ocrx_word' id='word_1_911' title='bbox 2197 4668 2324 4720; x_wconf 83' lang='grc' dir='ltr'>ὂταν</span> <span class='ocrx_word' id='word_1_912' title='bbox 2367 4668 2664 4737; x_wconf 74' lang='grc' dir='ltr'>καθιζάνῃς</span> <span class='ocrx_word' id='word_1_913' title='bbox 2688 4683 2702 4697; x_wconf 88' lang='grc'>·</span> <span class='ocrx_word' id='word_1_914' title='bbox 2752 4665 2893 4719; x_wconf 80' lang='grc' dir='ltr'>οὕτω</span> <span class='ocrx_word' id='word_1_915' title='bbox 2928 4668 3021 4720; x_wconf 63' lang='grc' dir='ltr'>καὶ¹</span> <span class='ocrx_word' id='word_1_916' title='bbox 3070 4668 3097 4720; x_wconf 91' lang='lat'>6</span> <span class='ocrx_word' id='word_1_917' title='bbox 3137 4668 3377 4737; x_wconf 83' lang='grc' dir='ltr'>Μωῦσῆς</span> <span class='ocrx_word' id='word_1_918' title='bbox 3422 4668 3615 4720; x_wconf 76' lang='grc' dir='ltr'>ἐποίει.</span> 
     </span>
    </p>
   </div>
   <div class='ocr_carea' id='block_1_119' title="bbox 2047 4748 3620 4820">
    <p class='ocr_par' dir='ltr' id='par_1_119' title="bbox 2047 4748 3620 4820">
     <span class='ocr_line' id='line_1_119' title="bbox 2047 4748 3620 4820; baseline -0.001 -19"><span class='ocrx_word' id='word_1_919' title='bbox 2047 4750 2157 4801; x_wconf 86' lang='lat' dir='ltr'>Kal</span> <span class='ocrx_word' id='word_1_920' title='bbox 2185 4748 2372 4820; x_wconf 82' lang='grc' dir='ltr'>ὥσπερ</span> <span class='ocrx_word' id='word_1_921' title='bbox 2422 4752 2600 4803; x_wconf 87' lang='grc' dir='ltr'>πάντα</span> <span class='ocrx_word' id='word_1_922' title='bbox 2651 4749 2721 4802; x_wconf 89' lang='grc' dir='ltr'>τά</span> <span class='ocrx_word' id='word_1_923' title='bbox 2761 4749 2905 4819; x_wconf 86' lang='grc' dir='ltr'>πάθη</span> <span class='ocrx_word' id='word_1_924' title='bbox 2938 4752 3194 4819; x_wconf 86' lang='grc' dir='ltr'>τυραννεῖ</span> <span class='ocrx_word' id='word_1_925' title='bbox 3234 4749 3293 4801; x_wconf 87' lang='grc' dir='ltr'>ἐν</span> <span class='ocrx_word' id='word_1_926' title='bbox 3323 4751 3435 4812; x_wconf 82' lang='grc' dir='ltr'>τοῖς</span> <span class='ocrx_word' id='word_1_927' title='bbox 3463 4749 3620 4801; x_wconf 74' lang='grc' dir='ltr'>παισὶ</span> 
     </span>
    </p>
   </div>
   <div class='ocr_carea' id='block_1_120' title="bbox 2049 4831 3617 4904">
    <p class='ocr_par' dir='ltr' id='par_1_120' title="bbox 2049 4831 3617 4904">
     <span class='ocr_line' id='line_1_120' title="bbox 2049 4831 3617 4904; baseline 0.001 -20"><span class='ocrx_word' id='word_1_928' title='bbox 2049 4832 2279 4901; x_wconf 82' lang='grc' dir='ltr'>(οὐδέπω</span> <span class='ocrx_word' id='word_1_929' title='bbox 2313 4832 2420 4903; x_wconf 90' lang='grc' dir='ltr'>γάρ</span> <span class='ocrx_word' id='word_1_930' title='bbox 2447 4832 2671 4903; x_wconf 73' lang='grc' dir='ltr'>ἔχειτὸν</span> <span class='ocrx_word' id='word_1_931' title='bbox 2705 4832 2959 4904; x_wconf 83' lang='grc' dir='ltr'>ἡνίοχον),</span> <span class='ocrx_word' id='word_1_932' title='bbox 3001 4831 3293 4899; x_wconf 82' lang='grc' dir='ltr'>κενοδοξία,</span> <span class='ocrx_word' id='word_1_933' title='bbox 3330 4833 3617 4902; x_wconf 86' lang='grc' dir='ltr'>ἐπιθυμία,</span> 
     </span>
    </p>
   </div>
   <div class='ocr_carea' id='block_1_121' title="bbox 2046 4914 3619 4985">
    <p class='ocr_par' dir='ltr' id='par_1_121' title="bbox 2046 4914 3619 4985">
     <span class='ocr_line' id='line_1_121' title="bbox 2046 4914 3619 4985; baseline 0.001 -19"><span class='ocrx_word' id='word_1_934' title='bbox 2046 4914 2260 4983; x_wconf 87' lang='grc' dir='ltr'>ἀλογία,</span> <span class='ocrx_word' id='word_1_935' title='bbox 2284 4914 2472 4985; x_wconf 88' lang='grc' dir='ltr'>θυμὸς,</span> <span class='ocrx_word' id='word_1_936' title='bbox 2498 4915 2765 4985; x_wconf 83' lang='grc' dir='ltr'>βασκανία</span> <span class='ocrx_word' id='word_1_937' title='bbox 2785 4932 2798 4944; x_wconf 92' lang='grc'>⁸</span> <span class='ocrx_word' id='word_1_938' title='bbox 2840 4915 2980 4968; x_wconf 75' lang='grc' dir='ltr'>οὕτω</span> <span class='ocrx_word' id='word_1_939' title='bbox 3003 4916 3097 4967; x_wconf 75' lang='grc' dir='ltr'>καὶ</span> <span class='ocrx_word' id='word_1_940' title='bbox 3122 4916 3180 4966; x_wconf 86' lang='grc' dir='ltr'>ἐν</span> <span class='ocrx_word' id='word_1_941' title='bbox 3203 4917 3316 4977; x_wconf 87' lang='grc' dir='ltr'>τοῖς</span> <span class='ocrx_word' id='word_1_942' title='bbox 3348 4914 3619 4978; x_wconf 88' lang='grc' dir='ltr'>Ἰουδαίοις</span> 
     </span>
    </p>
   </div>
   <div class='ocr_carea' id='block_1_122' title="bbox 2047 4996 3615 5069">
    <p class='ocr_par' dir='ltr' id='par_1_122' title="bbox 2047 4996 3615 5069">
     <span class='ocr_line' id='line_1_122' title="bbox 2047 4996 3615 5069; baseline 0.001 -20"><span class='ocrx_word' id='word_1_943' title='bbox 2047 4996 2227 5050; x_wconf 87' lang='grc' dir='ltr'>πάντα</span> <span class='ocrx_word' id='word_1_944' title='bbox 2250 4997 2423 5050; x_wconf 88' lang='grc' dir='ltr'>ταῦτα</span> <span class='ocrx_word' id='word_1_945' title='bbox 2454 4999 2706 5069; x_wconf 90' lang='grc' dir='ltr'>ἐκράτει·</span> <span class='ocrx_word' id='word_1_946' title='bbox 2739 4998 3019 5061; x_wconf 84' lang='grc' dir='ltr'>ἐνέπτυον,</span> <span class='ocrx_word' id='word_1_947' title='bbox 3046 4996 3275 5050; x_wconf 76' lang='grc' dir='ltr'>ἔτυπτον</span> <span class='ocrx_word' id='word_1_948' title='bbox 3324 4997 3413 5050; x_wconf 86' lang='grc' dir='ltr'>τὸν</span> <span class='ocrx_word' id='word_1_949' title='bbox 3446 4998 3615 5050; x_wconf 86' lang='grc' dir='ltr'>Μωῦ-</span> 
     </span>
    </p>
   </div>
   <div class='ocr_carea' id='block_1_123' title="bbox 2048 5079 3613 5151">
    <p class='ocr_par' dir='ltr' id='par_1_123' title="bbox 2048 5079 3613 5151">
     <span class='ocr_line' id='line_1_123' title="bbox 2048 5079 3613 5151; baseline 0.001 -19"><span class='ocrx_word' id='word_1_950' title='bbox 2048 5079 2167 5133; x_wconf 84' lang='grc' dir='ltr'>σέα.</span> <span class='ocrx_word' id='word_1_951' title='bbox 2191 5082 2302 5133; x_wconf 87' lang='lat' dir='ltr'>Kal</span> <span class='ocrx_word' id='word_1_952' title='bbox 2334 5081 2586 5151; x_wconf 87' lang='grc' dir='ltr'>καθάπερ</span> <span class='ocrx_word' id='word_1_953' title='bbox 2611 5081 2825 5133; x_wconf 88' lang='grc' dir='ltr'>παιδίον</span> <span class='ocrx_word' id='word_1_954' title='bbox 2852 5080 3117 5150; x_wconf 84' lang='grc' dir='ltr'>λαμϐάνει</span> <span class='ocrx_word' id='word_1_955' title='bbox 3156 5079 3322 5139; x_wconf 84' lang='grc' dir='ltr'>λίθον,</span> <span class='ocrx_word' id='word_1_956' title='bbox 3356 5080 3450 5131; x_wconf 76' lang='grc' dir='ltr'>καὶ</span> <span class='ocrx_word' id='word_1_957' title='bbox 3475 5079 3613 5133; x_wconf 62' lang='grc' dir='ltr'>πάνυ</span> 
     </span>
    </p>
   </div>
   <div class='ocr_carea' id='block_1_124' title="bbox 2044 5160 3615 5236">
    <p class='ocr_par' dir='ltr' id='par_1_124' title="bbox 2044 5160 3615 5236">
     <span class='ocr_line' id='line_1_124' title="bbox 2044 5160 3615 5236; baseline 0 -21"><span class='ocrx_word' id='word_1_958' title='bbox 2044 5179 2135 5226; x_wconf 87' lang='grc' dir='ltr'>τες</span> <span class='ocrx_word' id='word_1_959' title='bbox 2167 5163 2398 5235; x_wconf 81' lang='grc' dir='ltr'>βοῶμεν·</span> <span class='ocrx_word' id='word_1_960' title='bbox 2429 5166 2492 5216; x_wconf 84' lang='grc' dir='ltr'><strong>Ὢ</strong></span> <span class='ocrx_word' id='word_1_961' title='bbox 2516 5164 2590 5234; x_wconf 82' lang='grc' dir='ltr'>μή</span> <span class='ocrx_word' id='word_1_962' title='bbox 2619 5164 2800 5236; x_wconf 70' lang='grc' dir='ltr'>ῥίψῃς·</span> <span class='ocrx_word' id='word_1_963' title='bbox 2820 5164 2960 5216; x_wconf 79' lang='grc' dir='ltr'>οὕτω</span> <span class='ocrx_word' id='word_1_964' title='bbox 2986 5165 3229 5216; x_wconf 87' lang='grc' dir='ltr'>κάκεῖνοι</span> <span class='ocrx_word' id='word_1_965' title='bbox 3255 5160 3404 5233; x_wconf 80' lang='grc'>[557]</span> <span class='ocrx_word' id='word_1_966' title='bbox 3434 5161 3615 5224; x_wconf 87' lang='grc' dir='ltr'>λίθους</span> 
     </span>
    </p>
   </div>
   <div class='ocr_carea' id='block_1_125' title="bbox 2044 5246 3617 5317">
    <p class='ocr_par' dir='ltr' id='par_1_125' title="bbox 2044 5246 3617 5317">
     <span class='ocr_line' id='line_1_125' title="bbox 2044 5246 3617 5317; baseline 0 -18"><span class='ocrx_word' id='word_1_967' title='bbox 2044 5246 2348 5317; x_wconf 86' lang='grc' dir='ltr'>ἐλάμϐανον</span> <span class='ocrx_word' id='word_1_968' title='bbox 2376 5248 2520 5300; x_wconf 84' lang='grc' dir='ltr'>κατά</span> <span class='ocrx_word' id='word_1_969' title='bbox 2547 5247 2641 5300; x_wconf 90' lang='grc' dir='ltr'>τοῦ</span> <span class='ocrx_word' id='word_1_970' title='bbox 2672 5248 2897 5316; x_wconf 82' lang='grc' dir='ltr'>πατρὸς,</span> <span class='ocrx_word' id='word_1_971' title='bbox 2923 5249 2950 5299; x_wconf 93' lang='grc' dir='ltr'>ὀ</span> <span class='ocrx_word' id='word_1_972' title='bbox 2982 5246 3037 5298; x_wconf 90' lang='grc' dir='ltr'>δέ</span> <span class='ocrx_word' id='word_1_973' title='bbox 3066 5246 3284 5313; x_wconf 79' lang='grc' dir='ltr'>ἔφευγε.</span> <span class='ocrx_word' id='word_1_974' title='bbox 3314 5248 3422 5299; x_wconf 83' lang='lat' dir='ltr'>Kal</span> <span class='ocrx_word' id='word_1_975' title='bbox 3446 5249 3617 5299; x_wconf 79' lang='grc' dir='ltr'>καθά-</span> 
     </span>
    </p>
   </div>
   <div class='ocr_carea' id='block_1_126' title="bbox 2044 5328 3616 5401">
    <p class='ocr_par' dir='ltr' id='par_1_126' title="bbox 2044 5328 3616 5401">
     <span class='ocr_line' id='line_1_126' title="bbox 2044 5328 3616 5401; baseline -0.002 -19"><span class='ocrx_word' id='word_1_976' title='bbox 2044 5346 2151 5399; x_wconf 88' lang='grc' dir='ltr'>περ</span> <span class='ocrx_word' id='word_1_977' title='bbox 2181 5332 2229 5383; x_wconf 89' lang='grc' dir='ltr'>εί</span> <span class='ocrx_word' id='word_1_978' title='bbox 2271 5331 2473 5401; x_wconf 90' lang='grc' dir='ltr'>κόσμον</span> <span class='ocrx_word' id='word_1_979' title='bbox 2501 5332 2624 5383; x_wconf 83' lang='grc' dir='ltr'>τινὰ</span> <span class='ocrx_word' id='word_1_980' title='bbox 2654 5331 2767 5401; x_wconf 80' lang='grc' dir='ltr'>ἔχοι</span> <span class='ocrx_word' id='word_1_981' title='bbox 2813 5334 2840 5383; x_wconf 87' lang='lat'>6</span> <span class='ocrx_word' id='word_1_982' title='bbox 2877 5330 3076 5400; x_wconf 84' lang='grc' dir='ltr'>πατὴρ,</span> <span class='ocrx_word' id='word_1_983' title='bbox 3109 5329 3295 5381; x_wconf 89' lang='grc' dir='ltr'>τοῦτον</span> <span class='ocrx_word' id='word_1_984' title='bbox 3320 5328 3377 5382; x_wconf 90' lang='grc' dir='ltr'>τὸ</span> <span class='ocrx_word' id='word_1_985' title='bbox 3403 5331 3616 5385; x_wconf 84' lang='grc' dir='ltr'>παιδίον</span> 
     </span>
    </p>
   </div>
   <div class='ocr_carea' id='block_1_127' title="bbox 2042 5411 3615 5483">
    <p class='ocr_par' dir='ltr' id='par_1_127' title="bbox 2042 5411 3615 5483">
     <span class='ocr_line' id='line_1_127' title="bbox 2042 5411 3615 5483; baseline 0.001 -18"><span class='ocrx_word' id='word_1_986' title='bbox 2042 5414 2185 5465; x_wconf 89' lang='grc' dir='ltr'>αίτεῖ</span> <span class='ocrx_word' id='word_1_987' title='bbox 2209 5415 2339 5483; x_wconf 81' lang='grc' dir='ltr'>παρ’</span> <span class='ocrx_word' id='word_1_988' title='bbox 2368 5413 2531 5466; x_wconf 86' lang='grc' dir='ltr'>αὑτοῦ</span> <span class='ocrx_word' id='word_1_989' title='bbox 2559 5414 2886 5482; x_wconf 78' lang='grc' dir='ltr'>φιλόκοσμον</span> <span class='ocrx_word' id='word_1_990' title='bbox 2909 5413 2965 5463; x_wconf 77' lang='grc' dir='ltr'>δν</span> <span class='ocrx_word' id='word_1_991' title='bbox 2982 5428 2996 5440; x_wconf 84' lang='grc'>·</span> <span class='ocrx_word' id='word_1_992' title='bbox 3027 5411 3168 5463; x_wconf 76' lang='grc' dir='ltr'>οὕτω</span> <span class='ocrx_word' id='word_1_993' title='bbox 3187 5412 3249 5482; x_wconf 83' lang='grc' dir='ltr'>δὴ</span> <span class='ocrx_word' id='word_1_994' title='bbox 3276 5415 3325 5464; x_wconf 88' lang='grc' dir='ltr'>οί</span> <span class='ocrx_word' id='word_1_995' title='bbox 3360 5415 3488 5481; x_wconf 71' lang='grc' dir='ltr'>περὶ</span> <span class='ocrx_word' id='word_1_996' title='bbox 3511 5418 3615 5466; x_wconf 84' lang='grc' dir='ltr'>Δα-</span> 
     </span>
    </p>
   </div>
   <div class='ocr_carea' id='block_1_128' title="bbox 2045 5494 3613 5568">
    <p class='ocr_par' dir='ltr' id='par_1_128' title="bbox 2045 5494 3613 5568">
     <span class='ocr_line' id='line_1_128' title="bbox 2045 5494 3613 5568; baseline 0.001 -19"><span class='ocrx_word' id='word_1_997' title='bbox 2045 5494 2144 5549; x_wconf 89' lang='grc' dir='ltr'>θάν</span> <span class='ocrx_word' id='word_1_998' title='bbox 2174 5496 2271 5549; x_wconf 79' lang='grc' dir='ltr'>καὶ</span> <span class='ocrx_word' id='word_1_999' title='bbox 2307 5494 2570 5568; x_wconf 77' lang='grc' dir='ltr'>’Λϐειρὼν</span> <span class='ocrx_word' id='word_1_1000' title='bbox 2605 5496 2939 5564; x_wconf 86' lang='grc' dir='ltr'>πεποιήκασι</span> <span class='ocrx_word' id='word_1_1001' title='bbox 2985 5496 3050 5564; x_wconf 85' lang='grc' dir='ltr'>τῇ</span> <span class='ocrx_word' id='word_1_1002' title='bbox 3104 5494 3367 5565; x_wconf 80' lang='grc' dir='ltr'>ἱερωσύνῃ</span> <span class='ocrx_word' id='word_1_1003' title='bbox 3407 5498 3613 5550; x_wconf 84' lang='grc' dir='ltr'>ἐπανα-</span> 
     </span>
    </p>
   </div>
   <div class='ocr_carea' id='block_1_129' title="bbox 2044 5574 3613 5649">
    <p class='ocr_par' dir='ltr' id='par_1_129' title="bbox 2044 5574 3613 5649">
     <span class='ocr_line' id='line_1_129' title="bbox 2044 5574 3613 5649; baseline 0 -18"><span class='ocrx_word' id='word_1_1004' title='bbox 2044 5579 2287 5640; x_wconf 87' lang='grc' dir='ltr'>στάντες.</span> <span class='ocrx_word' id='word_1_1005' title='bbox 2324 5579 2434 5631; x_wconf 88' lang='lat' dir='ltr'>Kal</span> <span class='ocrx_word' id='word_1_1006' title='bbox 2462 5578 2724 5649; x_wconf 84' lang='grc' dir='ltr'>βάσκανοι</span> <span class='ocrx_word' id='word_1_1007' title='bbox 2746 5578 2803 5630; x_wconf 87' lang='grc' dir='ltr'>δὲ</span> <span class='ocrx_word' id='word_1_1008' title='bbox 2831 5578 3066 5647; x_wconf 88' lang='grc' dir='ltr'>μάλιστα</span> <span class='ocrx_word' id='word_1_1009' title='bbox 3091 5577 3309 5629; x_wconf 86' lang='grc' dir='ltr'>πάντων</span> <span class='ocrx_word' id='word_1_1010' title='bbox 3330 5574 3490 5649; x_wconf 78' lang='grc' dir='ltr'>ἦσαν,</span> <span class='ocrx_word' id='word_1_1011' title='bbox 3516 5580 3613 5633; x_wconf 80' lang='grc' dir='ltr'>καὶ</span> 
     </span>
    </p>
   </div>
   <div class='ocr_carea' id='block_1_130' title="bbox 2104 5692 3609 5758">
    <p class='ocr_par' dir='ltr' id='par_1_130' title="bbox 2104 5692 3609 5758">
     <span class='ocr_line' id='line_1_130' title="bbox 2104 5692 3609 5758; baseline 0.001 -15"><span class='ocrx_word' id='word_1_1012' title='bbox 2104 5694 2131 5758; x_wconf 67' lang='lat' dir='ltr'>f‘</span> <span class='ocrx_word' id='word_1_1013' title='bbox 2154 5694 2237 5758; x_wconf 64' lang='lat' dir='ltr'>Sic</span> <span class='ocrx_word' id='word_1_1014' title='bbox 2259 5711 2321 5743; x_wconf 79' lang='lat' dir='ltr'>ex</span> <span class='ocrx_word' id='word_1_1015' title='bbox 2349 5710 2445 5744; x_wconf 89' lang='lat' dir='ltr'>uno</span> <span class='ocrx_word' id='word_1_1016' title='bbox 2471 5697 2579 5745; x_wconf 85' lang='lat' dir='ltr'>cod.</span> <span class='ocrx_word' id='word_1_1017' title='bbox 2601 5701 2893 5758; x_wconf 82' lang='lat' dir='ltr'>correctum.</span> <span class='ocrx_word' id='word_1_1018' title='bbox 2917 5692 3197 5758; x_wconf 22' lang='lat' dir='ltr'>Le‘gqbalur</span> <span class='ocrx_word' id='word_1_1019' title='bbox 3220 5694 3458 5758; x_wconf 61' lang='grc' dir='ltr'>ἔστρεψεν.</span> <span class='ocrx_word' id='word_1_1020' title='bbox 3473 5696 3609 5747; x_wconf 70' lang='lat' dir='ltr'>Enn.</span> 
     </span>
    </p>
   </div>
   <div class='ocr_carea' id='block_1_131' title="bbox 2107 5752 3368 5818">
    <p class='ocr_par' dir='ltr' id='par_1_131' title="bbox 2107 5752 3368 5818">
     <span class='ocr_line' id='line_1_131' title="bbox 2107 5752 3368 5818; baseline -0.002 -12"><span class='ocrx_word' id='word_1_1021' title='bbox 2107 5752 2133 5798; x_wconf 64' lang='grc' dir='ltr'>δ</span> <span class='ocrx_word' id='word_1_1022' title='bbox 2157 5754 2239 5806; x_wconf 81' lang='lat' dir='ltr'>Sic</span> <span class='ocrx_word' id='word_1_1023' title='bbox 2259 5770 2388 5807; x_wconf 82' lang='lat' dir='ltr'>unus</span> <span class='ocrx_word' id='word_1_1024' title='bbox 2403 5758 2533 5818; x_wconf 81' lang='lat' dir='ltr'>cod.;</span> <span class='ocrx_word' id='word_1_1025' title='bbox 2555 5760 2682 5808; x_wconf 77' lang='lat' dir='ltr'><strong><em>alius</em></strong></span> <span class='ocrx_word' id='word_1_1026' title='bbox 2699 5757 2953 5806; x_wconf 80' lang='grc' dir='ltr'>ἀκούσατε.</span> <span class='ocrx_word' id='word_1_1027' title='bbox 2980 5752 3099 5804; x_wconf 77' lang='lat' dir='ltr'>Edd.</span> <span class='ocrx_word' id='word_1_1028' title='bbox 3120 5752 3368 5808; x_wconf 77' lang='grc' dir='ltr'>ἀκούσετε.</span> 
     </span>
    </p>
   </div>
  </div>
