4120 6400
470 423 572 478 5'25

464 538 665 595 Judaeis
695 537 836 591 enim
884 545 1150 605 tamquam
1199 532 1375 604 pueris
1416 533 1557 587 Deus
1602 530 1802 585 Mosem
1843 527 2040 598 prmfe-

465 633 540 684 cit
586 630 694 683 ludi
745 629 1078 697 magistrum,
1109 635 1162 681 et
1205 634 1261 679 ut
1291 626 1469 697 pueris
1512 624 1627 678 haec
1656 623 1779 677 fecit
1808 621 1913 685 ille,
1947 620 2046 674 ad-

465 722 723 775 umbrans
750 721 888 773 sicut
915 734 1013 773 nos
1042 720 1305 773 elementa
1337 736 1350 771 :
1384 716 1626 777 Umbram
1651 715 1783 768 enim
1807 754 1823 773 .
1854 715 2042 782 inquit,

466 810 652 863 habens
675 810 757 863 lea:
785 809 1075 877 futurorum
1096 808 1339 861 bonorum
1364 848 1377 870 ,
1409 824 1509 860 non
1539 806 1705 876 ipsam
1734 821 1899 858 rerum
1920 805 2048 856 ima-

465 905 631 971 ginem
672 903 690 973 (
719 901 878 956 Hebr.
909 903 995 959 10.
1030 903 1054 957 l
1090 902 1132 972 ).
1183 900 1331 955 Sicut
1359 916 1455 955 nos
1484 900 1664 970 pueris
1691 909 1745 953 et
1776 899 2047 967 placentas

463 998 713 1062 emimus,
746 1006 799 1051 et
825 998 1129 1053 nummulos
1159 998 1349 1052 damus
1374 1039 1388 1060 ,
1422 1014 1583 1051 lllllllll
1614 996 1682 1050 ab
1712 996 1789 1051 eis
1819 997 2039 1065 exigen-

468 1098 546 1141 tes
569 1098 625 1141 ut
647 1104 786 1142 nunc
815 1099 937 1142 eant
965 1089 1030 1142 ad
1061 1088 1240 1142 lmlum
1270 1089 1562 1144 literarium
1594 1106 1607 1142 :
1638 1089 1707 1143 ita
1743 1089 1881 1141 Deus
1924 1096 2049 1141 tunc

466 1197 679 1249 quoque
723 1192 775 1235 et
828 1182 1038 1236 divitias
1065 1183 1209 1237 dedit
1245 1194 1301 1237 et
1344 1184 1558 1237 delicias
1585 1224 1600 1247 ,
1642 1182 1805 1236 multa
1849 1196 2047 1235 conce—

465 1273 641 1325 dendo
663 1290 824 1327 unum
849 1274 916 1327 ab
945 1275 1026 1328 eis
1046 1290 1254 1338 etnens,
1277 1284 1334 1329 ut
1362 1275 1607 1329 audirent
1635 1274 1892 1345 Moysem.
1917 1273 2052 1327 Pro-

466 1375 648 1434 pterea
701 1366 848 1420 dedit
893 1382 989 1421 eos
1036 1366 1243 1421 doctori
1294 1383 1356 1421 ac
1407 1368 1707 1437 magistro.
1758 1383 1824 1421 ne
1874 1367 2047 1435 ipsum

466 1457 845 1524 despicerent,
879 1456 971 1510 sed
1016 1466 1073 1510 ut
1116 1467 1320 1529 patrem
1366 1457 1683 1511 benevolum
1713 1456 2045 1525 exciperent.

468 1545 599 1600 \‘ide
620 1547 887 1613 quomodo
913 1548 1057 1600 illum
1088 1549 1258 1602 solum
1290 1547 1710 1601 timuerint.Non
1738 1547 1878 1600 enim
1899 1546 2050 1600 dixe-

465 1646 609 1701 runt,
644 1636 740 1691 Ubi
784 1647 867 1691 est
907 1638 1047 1692 Deus
1073 1680 1087 1703 ,
1116 1638 1207 1692 sed
1236 1678 1251 1699 ,
1282 1637 1381 1693 Ubi
1430 1650 1514 1693 est
1560 1638 1815 1708 Moyses?
1842 1644 1898 1690 et
1925 1651 2046 1690 cum

465 1728 637 1782 selum
665 1728 1032 1793 adesset,erat
1059 1730 1334 1784 terribilis.
1369 1729 1594 1798 Quando
1623 1730 1786 1801 igitur
1808 1729 1947 1783 male
1976 1729 2050 1783 fe-

465 1829 654 1874 cerunt
678 1862 692 1883 ,
727 1820 846 1875 vide
874 1822 1143 1890 quomodo
1166 1838 1261 1877 eos
1287 1824 1475 1891 puniit.
1504 1822 1635 1877 Nam
1668 1823 1807 1877 Deus
1834 1821 2047 1891 quidem

466 1912 677 1967 volebat
719 1927 813 1967 eos
851 1914 1101 1968 abdicare
1127 1956 1141 1977 ,
1176 1915 1290 1983 ipse
1320 1930 1449 1971 vero
1476 1929 1581 1968 non
1612 1914 1905 1984 permittit:
1942 1915 2049 1967 imo

467 2018 594 2056 vero
618 2013 782 2057 totum
811 2004 907 2058 fuit
931 2005 1045 2072 Dei,
1069 2005 1157 2059 illo
1182 2015 1449 2075 tamquam
1474 2013 1624 2074 patre
1651 2006 1907 2068 minante,
1932 2019 2045 2057 ma-

464 2097 633 2164 gistro
661 2106 837 2151 autem
863 2107 1084 2167 rogante
1110 2113 1173 2151 ac
1194 2098 1522 2167 deprecante
1543 2098 1885 2165 dicenteque,
1919 2097 2047 2151 Mihi

467 2187 733 2253 condona,
765 2198 818 2242 et
843 2189 909 2242 ab
937 2188 1061 2243 inde
1084 2189 1134 2242 in
1158 2205 1244 2244 me
1268 2189 1527 2258 suscipio.
1555 2188 1644 2243 Sic
1666 2189 1934 2244 desertum
1953 2189 2052 2245 fuit

467 2278 624 2333 ludus
655 2281 938 2334 literarius.
967 2280 1035 2334 Et
1063 2281 1201 2335 sicut
1230 2282 1375 2350 pueri
1404 2297 1524 2336 cum
1556 2282 1608 2336 in
1652 2282 1777 2335 ludo
1807 2281 2051 2336 literario

468 2368 665 2423 fuerint
694 2370 852 2440 longo
880 2382 1141 2441 tempore,
1173 2374 1359 2427 volunt
1385 2371 1641 2427 recedere
1672 2390 1685 2425 :
1720 2372 1789 2426 ita
1819 2373 1891 2427 illi
1920 2387 2053 2442 quo-

467 2474 572 2527 que
601 2469 725 2514 tunc
765 2462 978 2515 assidue
1003 2463 1317 2531 quicrehant
1346 2462 1639 2534 Egyptum
1666 2503 1683 2530 ,
1712 2472 1769 2518 et
1812 2464 2048 2529 flebant,

469 2552 711 2607 dicentes
742 2594 756 2616 ,
798 2554 1094 2618 Periimus,
1129 2558 1430 2627 consumpti
1462 2573 1649 2610 sumus
1674 2598 1692 2623 ,
1724 2557 2048 2612 interiimus.

469 2643 537 2698 Et
564 2645 795 2699 tabulam
820 2661 1006 2700 eorum
1036 2648 1288 2701 contrivit
1312 2648 1542 2719 Moyses,
1572 2664 1694 2703 cum
1722 2650 1881 2703 veluti
1905 2665 2053 2720 quae-

468 2734 589 2788 dam
614 2740 827 2790 nomina
857 2737 935 2792 eis
967 2740 1293 2807 scripsisset.
1328 2740 1479 2808 Quod
1526 2741 1691 2796 etiam
1721 2742 1905 2796 fecerit
1932 2756 2049 2795 ma-

468 2827 653 2895 gister,
673 2842 793 2881 cum
822 2839 1036 2898 accepta
1064 2830 1235 2885 tabula
1261 2847 1379 2886 eam
1402 2832 1593 2886 viderit
1615 2833 1753 2887 male
1774 2834 2046 2902 scriptam,

472 2919 638 2985 ipsam
685 2935 896 2990 quoque
929 2921 1061 2990 jacit
1103 2923 1379 2988 tabulam,
1410 2940 1654 2994 tnagnam
1702 2924 1835 2978 iram
1868 2926 2053 2979 volens

470 3010 796 3077 ostendere;
834 3021 890 3066 et
930 3013 974 3066 si
1015 3013 1383 3084 confregerit,
1435 3026 1586 3085 pater
1630 3032 1734 3070 non
1782 3018 2047 3071 irascitur.

469 3101 601 3156 Nam
632 3104 743 3172 ipse
770 3103 981 3173 quidem
1008 3104 1058 3159 ei
1083 3106 1379 3160 SCI‘ibClldiB
1403 3106 1751 3173 incubuerat;
1778 3109 1850 3163 illi
1873 3118 2051 3163 autem

470 3210 575 3247 non
602 3195 667 3247 ad
704 3211 826 3250 eum
858 3198 1200 3265 aSpicientes,
1235 3198 1332 3253 sed
1362 3199 1467 3253 alio
1492 3203 1759 3265 conversi,
1782 3203 2052 3257 seimmo-

471 3287 620 3340 deste
638 3296 690 3341 et
720 3288 1012 3343 insolenter
1038 3291 1319 3358 gerebant:
1340 3300 1394 3345 et
1420 3292 1556 3346 sicut
1587 3292 1639 3346 in
1667 3292 1793 3347 ludo
1815 3295 2052 3351 literario

472 3379 623 3447 pueri
654 3392 711 3433 se
742 3380 963 3434 invicem
994 3382 1234 3450 pulsant,
1263 3384 1332 3437 ita
1385 3392 1508 3438 tunc
1538 3400 1747 3455 quoque
1773 3386 1931 3455 jussit
1954 3404 2050 3443 eos

474 3487 533 3521 se
553 3480 738 3523 mutuo
764 3472 1043 3526 verberare
1060 3482 1111 3527 et
1131 3474 1452 3528 interimere.
1469 3476 1733 3530 Etrursus
1759 3478 1897 3533 sicut
1920 3480 2052 3534 dans

472 3560 801 3628 disciplinas,
830 3562 1023 3617 deinde
1052 3565 1291 3633 exigens,
1320 3576 1374 3620 et
1401 3584 1504 3620 non
1536 3571 1834 3635 inveniens,
1858 3570 1927 3623 ita
1960 3588 2053 3640 pu-

475 3651 669 3704 niebat.
713 3652 782 3708 Ut
819 3654 964 3708 verbi
1006 3656 1172 3725 gratia
1207 3671 1221 3713 :
1267 3657 1431 3710 litera:
1458 3669 1609 3712 erant
1640 3659 1731 3714 Dei
1764 3664 2049 3729 potentiam

473 3745 765 3800 indicantes
792 3762 909 3815 qua:
953 3748 1004 3801 in
1031 3747 1262 3819 Egypto
1288 3760 1433 3818 gesta
1481 3760 1621 3804 sunt.
1658 3751 1818 3816 Sane,
1848 3754 2047 3824 inquit;

471 3836 563 3889 sed
608 3838 710 3891 illa:
752 3838 917 3892 Iiterre
957 3841 1323 3909 signiﬁcabant
1355 3842 1552 3912 plagas.
1586 3843 1689 3897 Sed
1713 3846 1924 3913 etquod
1957 3862 2054 3916 pu-

474 3930 581 3982 niat
626 3931 902 3995 inimicos;
932 3940 986 3987 et
1012 3942 1164 3986 erant
1204 3932 1282 3987 eis
1326 3934 1479 3987 ludus
1526 3935 1791 3990 literarius
1836 3952 2053 3991 accura-

473 4029 576 4073 tus.
605 4022 738 4089 Quid
767 4024 909 4077 enim
936 4034 1051 4078 erat
1075 4024 1217 4078 aliud
1242 4026 1446 4094 punitio
1476 4027 1813 4082 inimicorum
1838 4071 1852 4093 ,
1889 4046 2047 4100 quam

472 4120 704 4165 vestrum
735 4113 1095 4169 beneficium?
1119 4116 1329 4185 Alioqui
1360 4126 1537 4171 autem
1569 4133 1664 4172 vos
1694 4135 1903 4189 quoque
1927 4121 2048 4175 affi-

473 4202 645 4255 ciebat
668 4202 961 4271 beneficio;
985 4216 1039 4260 et
1065 4207 1288 4276 perinde
1318 4207 1437 4273 fuit,
1458 4218 1516 4261 ut
1544 4209 1587 4263 si
1620 4211 1879 4279 quispiam
1906 4212 2048 4268 dicat

474 4296 682 4359 quidem
708 4311 765 4349 se
792 4313 949 4352 nosse
979 4299 1180 4365 literas,
1205 4301 1431 4369 sparsim
1454 4311 1630 4355 autem
1665 4302 2047 4373 interrogatus,

474 4402 577 4437 Imn
602 4387 865 4451 inveniat,
901 4398 954 4442 et
982 4390 1313 4444 verberetur.
1342 4391 1414 4445 Ita
1448 4392 1522 4446 illi
1555 4408 1770 4463 quoque
1794 4395 2050 4451 dicebant

470 4478 685 4543 quidem
716 4494 775 4533 se
797 4495 953 4535 nosse
982 4482 1070 4536 Dei
1101 4484 1387 4550 potentiam
1411 4501 1424 4549 ;
1450 4486 1494 4538 si
1521 4487 1745 4553 sparsim
1776 4498 1953 4542 autem
1981 4490 2049 4544 ab

471 4570 549 4620 eis
575 4570 875 4637 exigeretur
904 4572 1016 4638 ipsa
1041 4575 1277 4642 cognitio
1301 4616 1314 4637 ,
1354 4592 1419 4629 ne
1446 4577 1751 4643 pl‘tBbEi):llll
1776 4578 1995 4648 quidem
2029 4620 2043 4643 ,

472 4666 525 4711 et
551 4658 671 4712 ideo
703 4661 1145 4717 verberabantur.
1183 4664 1373 4721 Vidisti
1413 4669 1639 4737 aquam?
1668 4668 1834 4723 debes
1866 4685 2048 4724 recor-

475 4750 584 4803 dari
615 4766 765 4820 aqua:
794 4769 912 4822 qu:e
937 4752 1035 4808 fuit
1063 4756 1114 4809 in
1145 4756 1401 4827 Egypto.
1435 4759 1566 4813 Nam
1591 4760 1679 4829 qui
1707 4776 1770 4814 ex
1804 4776 1939 4831 aqua
1971 4761 2048 4817 fe-

472 4841 541 4892 cit
562 4844 869 4912 sanguinem
893 4886 907 4908 ,
942 4848 1134 4914 poterit
1164 4848 1275 4917 ipse
1301 4866 1513 4920 quoque
1542 4851 1641 4905 hoc
1668 4852 1863 4906 facere.
1898 4853 2045 4909 Sicut

472 4951 566 4989 nos
595 4952 735 5004 stupe
768 4936 991 4993 dicimus
1021 4941 1196 5008 pueris
1222 4984 1235 5004 ,
1279 4941 1410 4996 Cum
1443 4943 1642 4997 videris
1673 4946 1722 4999 in
1755 4946 1894 4999 libro
1935 4947 2045 5001 ele-

430 5051 435 5059 -
470 5038 725 5091 mentum,
749 5030 811 5091 Α.
836 5030 1120 5085 recordare
1146 5034 1284 5101 quod
1304 5034 1354 5087 id
1378 5034 1610 5088 habebas
1640 5036 1688 5088 in
1720 5036 1934 5091 tabella.
1958 5037 2046 5091 Υἱ-

470 5118 592 5171 disti
645 5120 874 5173 famem?
906 5121 1191 5175 recordare
1240 5124 1379 5192 quod
1425 5125 1466 5177 is
1496 5129 1607 5192 ipse
1647 5133 1766 5179 erat
1807 5126 1894 5195 qui
1920 5142 2042 5196 ger-

470 5210 608 5261 mina
660 5210 907 5279 perdidit.
942 5212 1127 5267 Vidisti
1160 5213 1339 5267 bella?
1386 5216 1665 5270 recordare
1717 5217 1916 5271 diluvii.
1952 5217 2043 5271 Vi-

469 5300 590 5352 disti
619 5316 838 5370 magnos
867 5318 986 5358 esse
1027 5305 1113 5373 qui
1142 5314 1335 5358 terram
1361 5306 1636 5360 habitant?
1672 5309 1764 5361 sed
1796 5324 1901 5361 non
1933 5324 2043 5361 Ina-

464 5389 609 5459 jnrcs
634 5389 916 5462 IEgyptiis.
940 5393 1038 5461 Qui
1055 5410 1122 5449 ex
1144 5410 1328 5448 eorum
1353 5397 1529 5450 medio
1552 5407 1602 5450 te
1624 5399 1841 5461 exemit,
1862 5413 2038 5451 annon

468 5483 634 5535 lltttllO
675 5484 842 5552 magis
881 5493 931 5537 te
972 5499 1092 5539 cum
1140 5486 1214 5539 sis
1261 5497 1409 5540 extra
1438 5488 1769 5541 servaverit?
1795 5487 1898 5543 Sed
1932 5504 2036 5542 non

469 5586 659 5629 norant
688 5593 745 5631 se
765 5577 831 5632 de
858 5578 1056 5647 sparsis
1087 5580 1403 5648 interrogari
1432 5580 1753 5644 elementis;
1787 5593 2040 5651 prepter-

468 5684 529 5719 ea
570 5668 1007 5724 verberabantur.
1040 5671 1404 5727 Comederunt
1432 5681 1487 5727 et
1511 5672 1761 5726 biberunt
1790 5682 1844 5727 et
1872 5675 2041 5727 recal-

468 5761 741 5815 citrarunt.
761 5761 1051 5833 Oportebat
1079 5765 1130 5818 in
1163 5779 1355 5818 manna
1387 5780 1491 5818 non
1520 5779 1758 5833 quaerere
1794 5766 2039 5835 volupta-

468 5862 574 5907 tcm
605 5894 619 5921 ,
646 5868 767 5908 cum
800 5855 921 5912 inde
963 5866 1137 5912 ortum
1180 5858 1377 5914 malum
1409 5858 1735 5916 didicissent.
1771 5861 1837 5917 Et
1878 5862 2018 5918 idem

1381 414 1442 469 IN
1482 412 1695 469 EPIST.
1738 411 1831 466 AD
1866 408 2145 466 COLOSS.
2186 407 2343 463 CAP.
2386 407 2425 462 I.
2468 407 2701 462 HOMIL.
2744 407 2831 463 Ν.

3631 414 3745 471 350

2172 522 2439 578 faciebant
2469 521 2607 591 quod
2642 538 2771 591 puer
2796 522 3058 592 ingenuus
3088 523 3283 579 missus
3309 523 3376 580 ad
3403 524 3581 579 ludum
3615 527 3735 582 lite-

2154 616 2355 670 rarium
2380 654 2395 679 ,
2421 614 2512 684 qui
2542 623 2747 683 qua-rat
2784 612 2979 683 degere
3018 629 3137 669 cum
3166 614 3361 683 servis,
3388 624 3443 672 et
3472 618 3549 673 eis
3577 619 3739 673 mini-

2155 715 2357 769 strare;
2382 716 2576 761 etcum
2606 702 2936 761 necessarios
2962 721 3025 761 ac
3050 706 3282 777 ingenuo
3299 706 3485 778 dignos
3505 709 3654 765 cibos
3686 711 3737 765 in

2154 812 2340 853 mensa
2373 798 2537 867 patris
2557 796 2753 851 sedens
2778 812 2992 853 sumere
3021 799 3209 867 possit,
3246 800 3397 853 malit
3426 798 3527 855 frui
3554 800 3735 856 fmtida

2154 902 2207 944 et
2234 890 2457 944 tumultu
2500 906 2563 945 ac
2606 890 3010 959 perturbatione
3034 891 3189 959 plena
3224 907 3499 945 servorum
3525 907 3732 947 mensa.

2156 981 2231 1035 Ita
2262 991 2315 1036 et
2347 982 2419 1035 illi
2450 982 2743 1053 Egyptum
2773 982 3106 1051 quirrebant.
3141 982 3206 1037 Et
3249 982 3502 1037 dicebant
3526 983 3692 1056 Moysi
3718 1025 3735 1050 ,

2154 1072 2317 1138 Certe,
2342 1072 2560 1127 Domine
2588 1090 2607 1127 :
2633 1075 2802 1127 omnia
2829 1090 3155 1143 quazcumque
3179 1075 3371 1129 dixeris
3400 1076 3662 1145 faciemus,
3692 1086 3739 1129 et

2153 1164 2418 1218 audiemus
2453 1168 2470 1236 (
2498 1165 2669 1221 Exod.
2701 1165 2793 1221 24.
2821 1167 2851 1218 7
2877 1168 2919 1238 ).
2953 1166 3019 1220 Et
3049 1178 3104 1219 ut
3132 1177 3284 1236 patre
3316 1166 3738 1225 inemendabiles

2155 1258 2292 1311 filios
2315 1258 2627 1312 interimere
2657 1259 2873 1313 volente
2897 1299 2912 1323 ,
2944 1260 3203 1328 magister
3230 1260 3446 1315 assidue
3470 1260 3732 1332 depreca-

2156 1359 2260 1413 tur,
2290 1351 2340 1404 id
2372 1363 2497 1406 tunc
2518 1367 2662 1422 szrpe
2694 1350 2890 1405 factum
2922 1360 3025 1406 est.

2225 1443 2277 1496 4.
2311 1443 2416 1496 Cur
2442 1442 2555 1496 hare
2585 1457 2613 1495 a
2642 1443 2797 1495 nobis
2827 1443 2967 1497 dicta
2992 1443 3155 1496 sunt?
3182 1443 3333 1511 Quod
3362 1459 3389 1497 a
3426 1446 3608 1515 pueris
3650 1445 3735 1499 ni-

2112 1532 2119 1539 ’
2155 1530 2226 1585 hil
2267 1532 2598 1587 differamus.
2634 1533 2727 1587 Vis
2764 1534 2952 1588 audire
2992 1550 3179 1588 eorum
3227 1552 3439 1605 quoque
3483 1536 3734 1607 dogmata

2156 1638 2441 1692 puerorum
2470 1624 2629 1679 esse?
2659 1623 2875 1678 Oculum
2902 1666 2915 1687 ,
2951 1626 3121 1694 inquit
3148 1667 3162 1688 ,
3192 1643 3286 1694 pro
3314 1627 3461 1680 oculo
3486 1669 3501 1692 ,
3531 1638 3579 1681 et
3609 1629 3737 1682 deu-

2154 1724 2253 1767 tem
2284 1732 2376 1784 pro
2398 1716 2547 1769 dente
2588 1718 2605 1785 (
2634 1714 2755 1769 Leu.
2788 1716 2879 1771 24.
2903 1716 2974 1771 20
2994 1716 3037 1787 ).
3066 1716 3255 1772 Merito
3284 1731 3299 1771 ξ
3324 1719 3459 1773 nihil
3488 1721 3629 1774 enim
3670 1721 3738 1775 ad

2156 1808 2411 1863 ultionem
2452 1825 2605 1879 :eque
2650 1810 2904 1864 incitatur
2941 1821 3101 1879 atque
3144 1812 3294 1881 pueri
3336 1812 3566 1868 animus.
3605 1812 3737 1871 Nam

2154 1900 2406 1969 quoniam
2436 1902 2660 1956 rationis
2690 1914 2902 1972 egestas
2930 1915 3014 1957 est
3040 1912 3095 1957 et
3123 1905 3287 1957 animi
3310 1914 3488 1960 motus
3514 1919 3579 1961 ac
3605 1904 3758 1973 per-1

2155 1993 2407 2059 turbatio,
2437 2010 2628 2064 magna
2658 2005 2836 2048 autem
2863 2006 3075 2065 egestas
3103 1998 3325 2052 rationis
3355 2008 3409 2053 et
3433 1999 3739 2055 considera-

2158 2085 2318 2138 tionis
2360 2095 2442 2140 est
2492 2086 2543 2139 in
2594 2086 2683 2139 illa
2728 2096 2925 2150 :ctate,
2956 2088 3147 2142 merito
3192 2088 3261 2143 ab
3312 2090 3405 2144 ira:
3454 2093 3738 2161 tyrannide

2155 2176 2471 2243 opprimitur
2514 2193 2680 2247 puer;
2721 2187 2773 2231 et
2822 2188 2962 2231 tanta
2997 2179 3273 2248 tyrannide
3299 2221 3313 2245 ,
3343 2190 3399 2234 ut
3427 2196 3569 2251 szepc
3616 2199 3735 2238 cum

2156 2268 2222 2323 ad
2251 2279 2442 2323 terram
2475 2286 2532 2324 se
2559 2271 2783 2325 alliserit
2811 2280 2865 2325 et
2893 2274 3205 2336 surrexerit,
3231 2282 3322 2328 aut
3345 2275 3579 2331 irascens
3596 2292 3733 2346 genu

2157 2362 2353 2431 pulset,
2385 2372 2476 2417 aut
2500 2363 2789 2418 scabellum
2818 2375 3041 2426 evertat,
3074 2376 3127 2420 et
3155 2366 3225 2421 ita
3245 2366 3485 2422 dolorem
3511 2370 3661 2425 sedet
3686 2382 3740 2425 et

2158 2455 2288 2508 iram
2320 2456 2641 2526 exstinguat.
2662 2456 2792 2512 Tale
2820 2457 2948 2528 quid
2977 2459 3137 2512 etiam
3173 2459 3311 2513 Dens
3332 2460 3476 2528 fecit,
3515 2464 3729 2518 oculum

2158 2560 2254 2615 pro
2277 2546 2431 2600 oculo
2457 2547 2590 2602 dans
2610 2548 3047 2617 exsculpendum,
3077 2557 3132 2604 et
3161 2549 3376 2605 dentem
3406 2568 3501 2618 pro
3527 2551 3688 2608 dente
3714 2595 3730 2615 .

2157 2645 2211 2691 et
2238 2635 2520 2709 Egyptios
2562 2640 2854 2708 perimens,
2886 2656 3092 2695 necnon
3126 2642 3449 2698 Amalecitas
3478 2646 3566 2714 qui
3594 2646 3741 2715 ipsos

2159 2727 2401 2781 molestia
2431 2727 2745 2783 affecerant.
2773 2731 2837 2785 Et
2863 2731 2990 2786 talia
3018 2731 3096 2786 eis
3119 2734 3383 2802 promittit.
3410 2775 3425 2799 ,
3457 2745 3513 2789 ut
3539 2736 3583 2791 si
3613 2739 3734 2808 quis

2156 2817 2301 2872 dicat
2337 2836 2351 2872 :
2383 2819 2560 2884 Pater,
2592 2821 2680 2876 ille
2708 2838 2794 2877 me
2826 2825 3128 2891 percussit;
3153 2826 3346 2881 deinde
3372 2827 3514 2882 dicat
3544 2840 3695 2899 pater
3718 2872 3734 2898 ,

2158 2908 2251 2966 ille
2282 2898 2451 2967 homo
2469 2914 2641 2969 malus
2663 2925 2747 2969 est
2772 2957 2788 2980 ,
2819 2916 2965 2970 illum
2992 2916 3282 2973 habeamus
3303 2920 3448 2975 odio.
3477 2898 3554 2978 ita
3578 2925 3738 2980 etiam

2162 3004 2300 3058 Deus
2334 3022 2345 3057 :
2377 3004 2468 3058 Eis
2492 3006 2580 3075 qui
2616 3006 2709 3060 tibi
2732 3018 2856 3061 sunt
2884 3009 3082 3063 inimici
3110 3024 3205 3064 ero
3234 3011 3495 3072 inimicus.
3524 3014 3693 3086 inquit
3718 3059 3735 3085 ,

2159 3104 2214 3150 et
2238 3112 2331 3150 eos
2361 3098 2449 3167 qui
2481 3108 2529 3153 te
2551 3099 2783 3165 oderint,
2801 3100 2966 3155 odero
2988 3100 3183 3171 (Exod.
3207 3102 3297 3158 25.
3326 3102 3439 3176 22).
3464 3105 3531 3160 Et
3555 3123 3741 3165 rursus

2157 3189 2371 3259 quando
2410 3191 2728 3261 precabatur
2757 3193 3012 3257 Balaam,
3046 3196 3262 3263 puerilis
3302 3206 3417 3253 erat
3455 3214 3575 3268 quae
3612 3201 3740 3271 ipsis

2161 3282 2294 3335 facta
2324 3292 2408 3337 est
2430 3283 2591 3337 animi
2615 3284 2890 3339 demissio.
2906 3285 3057 3341 Sicut
3077 3288 3221 3342 enim
3251 3290 3559 3357 pueri,cum
3587 3294 3743 3363 quid-

2162 3372 2299 3441 piam
2329 3389 2434 3427 non
2476 3374 2810 3430 formidabile
2849 3376 3030 3431 vident
3062 3418 3078 3443 ,
3129 3387 3185 3431 ut
3214 3378 3392 3435 lanam
3421 3390 3476 3436 et
3503 3382 3693 3439 similia
3720 3425 3737 3452 ,

2158 3465 2335 3518 statim
2360 3465 2583 3529 timent;
2618 3475 2849 3536 tuncque
2871 3484 2938 3523 ne
2970 3475 3158 3524 timere
3188 3482 3428 3540 pergant,
3460 3473 3511 3528 id
3539 3474 3604 3530 ad
3628 3492 3741 3531 ma-

2160 3572 2259 3609 nus
2286 3556 2497 3610 illorum
2525 3556 2841 3612 adducimus
2866 3600 2881 3623 ,
2927 3568 2982 3613 et
3010 3561 3242 3614 nutrices
3266 3561 3520 3629 jubemus
3548 3574 3734 3620 osten-

2158 3644 2287 3699 dere
2330 3644 2455 3715 quid
2502 3647 2572 3699 sit
2606 3664 2619 3699 :
2652 3648 2721 3701 ita
2745 3650 2904 3702 etiam
2934 3649 3059 3704 fecit
3088 3650 3228 3703 Deus
3259 3669 3273 3705 :
3301 3654 3551 3721 quoniam
3590 3666 3740 3714 vates

2158 3745 2274 3797 erat
2304 3737 2557 3791 terribilis
2584 3781 2598 3803 ,
2634 3741 2884 3794 timorem
2916 3740 3020 3795 illis
3046 3743 3313 3797 convertit
3353 3744 3406 3798 in
3439 3746 3736 3803 audaciam.

2160 3829 2225 3882 Et
2258 3828 2396 3883 sicut
2432 3829 2661 3885 infantes
2700 3832 2789 3901 qui
2828 3833 3165 3888 ablactantur
3192 3876 3207 3901 ,
3239 3838 3417 3891 onmia
3450 3837 3647 3896 habent
3685 3841 3736 3896 in

2158 3922 2333 3989 parvis
2360 3921 2580 3978 calathis
2611 3941 2624 3977 :
2657 3924 2726 3977 ita
2755 3924 2861 3979 illis
2887 3941 3098 3996 quoque
3120 3926 3279 3983 dabat
3299 3930 3499 3996 omnia,
3522 3940 3577 3988 et
3604 3934 3740 3988 mul—

2160 4024 2239 4067 tas
2270 4014 2509 4070 delicias.
2554 4016 2661 4071 Sed
2692 4021 2829 4071 sicut
2859 4017 3032 4074 infans
3057 4022 3278 4090 requirit
3307 4038 3595 4080 mammam
3619 4066 3633 4090 ,
3666 4026 3736 4080 ita

2158 4106 2244 4161 isti
2273 4124 2486 4178 quoque
2510 4108 2826 4181 AEgyptum,
2854 4120 2909 4166 et
2928 4128 3049 4181 qua:
3079 4113 3186 4168 illic
3212 4122 3365 4169 erant
3390 4130 3603 4174 carnes.

2226 4196 2363 4252 Laus
2402 4198 2617 4271 Moysis.
2647 4200 2752 4255 Cur
2779 4201 3008 4257 Christus
3042 4207 3095 4256 in
3137 4205 3379 4259 mundum
3421 4208 3615 4262 tardius
3655 4226 3734 4266 ve-

2157 4292 2305 4343 nerit.
2325 4291 2767 4358 —-Quamobrem
2800 4310 2903 4347 non
2926 4294 3274 4361 aberraverit,
3300 4298 3387 4364 qui
3416 4296 3651 4370 Moysem
3684 4311 3737 4357 et

2155 4383 2429 4438 doctorem
2471 4393 2524 4438 et
2560 4385 2784 4439 altorem
2826 4395 2880 4441 et
2908 4387 3252 4456 paedagogum
3282 4390 3650 4460 appellaverit,
3683 4403 3739 4451 et

2154 4475 2271 4544 ejus
2298 4492 2540 4545 magnam
2571 4476 2765 4532 dixerit
2790 4494 2910 4534 esse
2937 4482 3270 4549 sapientiam.
3307 4482 3420 4539 Non
3449 4496 3572 4541 sunt
3592 4488 3733 4544 enim

2158 4568 2299 4635 paria
2332 4569 2458 4622 viris
2482 4568 2593 4637 jam
2631 4568 2960 4639 phil050phis
2987 4588 3239 4641 praeesse,
3271 4583 3324 4628 et
3354 4577 3530 4645 pueris
3560 4578 3734 4647 impe-

2157 4674 2295 4721 rare,
2328 4659 2533 4713 ratione
2557 4660 2730 4713 minns
2757 4661 3008 4729 przeditis.
3038 4663 3121 4726 Et.
3153 4665 3195 4717 si
3227 4666 3368 4721 aliud
3395 4684 3604 4740 quoque
3626 4674 3734 4726 vul-

2157 4752 2223 4805 tis
2250 4751 2453 4814 audire,
2488 4752 2625 4805 sicut
2656 4753 2832 4806 nutrix
2865 4752 2995 4808 dicit
3022 4754 3232 4823 infanti,
3264 4757 3487 4825 Quando
3515 4775 3575 4815 es
3604 4778 3731 4833 ege-

2154 4855 2353 4905 sturus,
2388 4852 2561 4896 vestes
2590 4851 2709 4896 tuas
2738 4844 2928 4914 collige
2965 4854 3020 4899 et
3058 4861 3342 4916 compone,
3385 4860 3440 4905 et
3476 4853 3731 4922 quamdiu

2152 4933 2453 4987 considcbis
2478 4951 2492 4988 :
2516 4934 2585 4987 ita
2609 4937 2769 4989 etiam
2798 4934 3025 4989 faciebat
3050 4936 3278 5009 Moyses.
3301 4938 3370 4994 Et
3389 4940 3526 4997 sicut
3543 4958 3733 5000 omnes

2151 5029 2314 5082 animi
2346 5038 2521 5083 motus
2550 5038 2602 5083 et
2645 5028 3074 5098 perturbationes
3116 5033 3447 5103 tyrannidem
3478 5046 3735 5093 exercent

2151 5119 2203 5171 in
2251 5118 2428 5187 pueris
2473 5118 2731 5189 (nondum
2782 5120 2923 5173 enim
2976 5119 3172 5175 habent
3220 5122 3503 5195 aurigam),
3556 5126 3731 5183 inanis

2150 5210 2339 5279 gloria,
2379 5210 2659 5279 cupiditas,
2714 5210 2935 5264 rationis
2964 5220 3194 5283 egestas,
3238 5214 3336 5279 ira,
3386 5214 3580 5269 invidia
3613 5233 3628 5271 :
3659 5217 3727 5271 ita

2150 5301 2308 5353 etiam
2342 5300 2392 5353 in
2424 5299 2623 5353 Judreis
2664 5301 2776 5354 haec
2803 5301 2980 5355 omnia
3010 5301 3341 5357 dominatum
3369 5305 3674 5361 obtinebant
3711 5326 3725 5362 :

2147 5392 2516 5461 conspuebant
2545 5392 2802 5463 Moysen),
2832 5394 3207 5449 verberabant.
3238 5394 3306 5449 Et
3329 5396 3463 5450 sicut
3485 5411 3620 5467 puer
3640 5414 3728 5453 ac-

2148 5485 2277 5553 cipit
2304 5483 2549 5552 lapidem,
2582 5493 2637 5537 et
2664 5498 2851 5538 omnes
2879 5484 3191 5548 clamamus,
3227 5485 3272 5541 Ο
3296 5501 3363 5542 ne
3392 5486 3583 5557 ieceris
3610 5505 3626 5544 :
3655 5491 3725 5543 ita

2149 5578 2223 5632 illi
2260 5593 2469 5647 quoque
2514 5577 2716 5646 lapides
2745 5579 3027 5648 capiebant
3065 5577 3322 5632 adversus
3363 5591 3604 5648 patrem;
3638 5582 3727 5635 ille

2149 5686 2277 5724 vero
2307 5669 2557 5739 fugiebat.
2579 5669 2647 5724 Et
2666 5672 2802 5725 sicut
2829 5670 2875 5725 si
2898 5680 3269 5724 ornamentum
3299 5671 3511 5741 aliquod
3535 5671 3725 5728 haheat

2149 5772 2320 5833 pater,
2350 5762 2418 5817 ab
2446 5778 2511 5817 eo
2537 5763 2665 5832 petit
2693 5778 2823 5832 puer
2843 5762 3141 5818 ornamenti
3168 5762 3391 5833 cupidus
3419 5782 3432 5816 :
3465 5764 3534 5820 ita
3562 5766 3723 5822 etiam

2150 5859 2387 5915 fecerunt
2416 5858 2620 5916 Dathan
2651 5868 2705 5914 et
2734 5858 2957 5923 Ahiron,
2988 5857 3323 5928 insurgentes
3348 5858 3602 5917 adversus
3638 5874 3725 5916 sa-
