4120 6400
381 360 477 417 ’551

380 472 677 530 eordotium
707 467 896 542 (Num.
925 467 1039 535 16).
1067 466 1234 520 Erant
1259 473 1437 518 autem
1476 459 1715 515 omnium
1744 456 1975 510 maxime

385 564 570 628 invidi,
613 562 783 616 rixosi
819 568 876 615 et
908 557 1201 627 imperfecti
1246 557 1296 608 iu
1338 552 1609 608 omnibus.
1642 549 1793 603 Tunc
1820 561 1970 615 ergo,

384 658 472 713 ilic
513 655 666 718 mihi,
697 667 900 724 qumso,
943 650 1179 720 Oportuit
1205 646 1476 703 Christum
1515 654 1809 710 apparere;
1851 646 1976 691 tunc

386 750 503 802 ha-c
549 754 813 817 pra-cepta
853 743 982 798 dare
1025 737 1416 811 philosophica,
1465 732 1681 804 quando
1730 728 1979 791 furebant

387 840 627 904 libidine,
675 837 888 909 quando
917 844 1069 891 erant
1099 834 1223 903 equi
1268 832 1320 885 in
1362 829 1587 884 feminas
1622 823 1974 881 insanientes.

388 932 602 1003 quando
631 930 937 985 serviebant
970 926 1207 997 pecunia:
1236 932 1293 978 et
1327 920 1498 977 ventri
1519 920 1541 972 ?
1566 916 1670 973 Sed
1701 914 1979 970 eﬂ'udiSset

390 1027 709 1080 documenta
741 1020 1092 1093 philosophiae
1118 1016 1391 1072 disserens
1410 1027 1533 1066 cum
1566 1006 1974 1077 insipientibus;

390 1128 443 1172 et
475 1130 646 1183 neque
674 1113 814 1176 11188,
856 1125 1027 1179 neque
1064 1109 1151 1163 illa
1180 1105 1493 1161 didicissent
1521 1118 1535 1155 :
1564 1108 1621 1155 et
1644 1100 1784 1153 sicut
1814 1097 1859 1151 is
1887 1095 1977 1165 qui

391 1218 517 1263 ante
541 1208 807 1262 elementa
853 1203 1010 1257 docet
1053 1201 1253 1270 legere,
1299 1209 1586 1264 numquam
1619 1206 1685 1245 ne
1714 1189 1979 1244 elementa

393 1299 607 1369 quidem
638 1296 889 1359 docebit;
936 1295 1003 1347 ita
1048 1301 1176 1347 tunc
1218 1302 1451 1359 quoque.
1499 1282 1605 1340 Sed
1648 1296 1752 1335 non
1790 1292 1929 1333 nunc
1963 1294 1976 1330 :

396 1407 518 1446 nam
550 1405 644 1460 per
690 1386 784 1442 Dei
827 1385 1053 1456 gratiam
1098 1382 1264 1436 multa
1312 1372 1668 1433 mansuetudo
1715 1380 1771 1427 et
1817 1369 1980 1423 multa

396 1486 563 1538 virtus
592 1481 786 1550 ubique
811 1488 892 1534 est
928 1478 1185 1549 plantata.
1214 1473 1320 1528 Pro
1349 1468 1601 1525 omnibus
1629 1479 1758 1534 ergo
1783 1460 1982 1532 gratias

396 1590 635 1645 agamus,
680 1581 735 1628 et
776 1586 844 1626 ne
886 1570 1055 1624 simus
1098 1565 1320 1621 nimium
1348 1561 1568 1618 curiosi.
1600 1557 1734 1613 Nam
1774 1563 1984 1622 tempus

398 1642 497 1724 nos
524 1667 812 1729 nescimus,
854 1661 949 1719 sed
978 1661 1080 1716 scit
1126 1658 1360 1714 Ell’ector
1391 1651 1676 1723 temporis,
1706 1657 1761 1703 et
1794 1642 1984 1714 Opiiex

398 1761 735 1815 smculorum.
758 1756 1021 1812 Omnibus
1043 1767 1175 1823 ergo
1198 1750 1272 1807 illi
1294 1748 1548 1804 cedamus
1572 1762 1585 1795 :
1610 1743 1714 1798 hoc
1739 1750 1822 1794 est
1842 1736 1984 1793 enim

1110 353 1167 408 S.
1206 348 1481 407 JOANNIS
1517 340 1994 401 CIIRYSOSTOMI
2030 336 2348 396 ARCHIEP.
2370 336 2902 394 CONSTANTINOP.

3567 334 3674 393 532

2083 451 2251 507 Deum
2300 451 2630 523 gloriﬁcare,
2672 452 2742 507 de
2784 452 2849 506 iis
2894 466 3015 521 qum
3058 450 3205 518 facit,
3254 450 3516 506 rationem
3565 466 3671 505 non

2080 543 2316 629 exigere.
2350 543 2440 600 Sic
2482 555 2539 605 et
2575 545 2843 600 Abraham
2889 545 3035 599 dedit
3083 545 3310 613 gratiam
3346 544 3455 599 Deo
3489 560 3503 598 :
3538 542 3672 598 Per-

2078 652 2283 690 suasum
2316 637 2525 704 habens,
2571 637 2758 705 inquit,
2801 637 2939 707 quod
2978 638 3033 691 id
3068 636 3205 707 quod
3235 638 3466 708 promisit
3497 646 3674 707 potens

2081 738 2157 781 est
2185 728 2336 783 etiam
2368 733 2534 800 facere
2560 719 2743 801 (Rom.
2773 732 2826 783 Α.
2854 730 2971 799 21).
3016 729 3108 785 1118
3145 746 3212 785 88
3241 730 3310 785 118
3339 730 3518 785 futuro
3550 730 3672 800 qui-

2080 818 2201 873 dem
2238 828 2322 873 est
2346 821 2650 875 sciscitatus
2681 836 2694 873 :
2728 836 2825 875 nos
2870 832 3046 874 autem
3088 821 3248 875 etiam
3287 818 3355 875 de
3388 820 3675 890 praeteritis

2082 910 2345 964 rationem
2376 912 2717 980 inquirimus.
2753 912 2885 967 Vide
2906 927 3103 981 quanta
3131 914 3201 967 sit
3229 913 3483 977 amentia,
3507 929 3676 981 quan-

2085 1010 2193 1055 tum
2223 1001 2412 1071 ingrati
2439 1003 2601 1059 animi
2634 1004 2841 1058 vitium.
2870 1003 2974 1060 Sed
3004 1005 3070 1058 de
3089 1014 3287 1060 caatero
3307 1003 3633 1059 desistamus
3655 1021 3673 1058 :

2086 1092 2217 1147 nihil
2264 1094 2406 1149 enim
2453 1112 2517 1151 ex
2572 1112 2638 1151 eo
2681 1096 2813 1151 lucri
2843 1098 3123 1167 accipitur,
3154 1096 3248 1152 sed
3291 1111 3540 1166 magnum
3577 1095 3677 1151 da-

2086 1202 2267 1241 mnum
2300 1207 2312 1242 :
2342 1198 2398 1243 et
2425 1199 2576 1258 grato
2606 1191 2774 1247 simus
2803 1192 2981 1245 animo
3014 1192 3065 1246 in
3099 1199 3338 1245 nostrum
3369 1189 3674 1255 Dominum,

2086 1287 2140 1332 81
2168 1277 2276 1332 Deo
2304 1280 2529 1347 gloriam
2553 1282 2880 1347 emittamus,
2913 1292 2971 1335 ut
2996 1298 3093 1350 pro
3116 1282 3366 1336 omnibus
3390 1280 3678 1336 ollcrentes

2086 1369 2379 1436 gratiarum
2433 1372 2723 1436 actionem,
2773 1373 2891 1442 ejus
2940 1373 3309 1428 misericordia
3359 1373 3677 1443 dignemur,

2086 1459 2258 1527 gratia
2301 1468 2357 1513 et
2403 1460 2730 1532 benignitate
2778 1464 2986 1518 Domini
3037 1464 3203 1518 nostri
3260 1463 3388 1519 Jesu
3437 1463 3678 1530 Christi,

2088 1564 2208 1605 cum
2241 1567 2348 1620 quo
2390 1552 2533 1608 Patri
2566 1555 2829 1625 simulque
2860 1568 3047 1611 sancto
3088 1555 3310 1624 Spiritui
3351 1557 3544 1627 gloria,
3582 1557 3678 1611 im-

2092 1642 2322 1710 perium,
2353 1643 2545 1711 honor,
2577 1662 2719 1702 nunc
2757 1657 2813 1702 et
2854 1662 3087 1718 semper,
3118 1657 3173 1703 et
3201 1649 3255 1702 in
3281 1648 3476 1703 saacula
3506 1663 3680 1704 sarcu-

2092 1735 2291 1792 lorum.
2324 1739 2516 1795 Amen.

406 1871 3679 1909 -—___————__————-—_—_—'—_—-————-——————-

1796 1945 2143 2008 HOMILIA
2178 1948 2256 2010 V.

401 2116 529 2171 CAP.
574 2117 629 2170 1.
676 2130 728 2167 v.
770 2112 863 2167 ‘26.
904 2108 1229 2181 Mysterium,
1270 2103 1407 2174 quod
1448 2100 1543 2171 fuit
1582 2094 1930 2151 absconditum
1961 2111 1994 2147 a

475 2208 676 2264 sttculis
703 2217 749 2262 et
777 2202 1208 2277 generationibus,
1249 2212 1384 2252 nunc
1418 2203 1587 2247 autem
1611 2190 1991 2259 manifestatum

475 2310 551 2355 est
579 2298 767 2353 sanctis
790 2298 924 2367 ejus,
958 2293 1053 2348 27.
1083 2291 1261 2362 quibus
1291 2286 1450 2343 uoluit
1479 2283 1619 2338 Deus
1650 2290 1795 2334 notas
1829 2280 1994 2349 facere

472 2392 677 2449 divitias
701 2391 881 2463 gloria:
904 2384 1207 2444 sacramenti
1229 2381 1382 2450 hujus
1402 2380 1456 2431 in
1482 2374 1733 2448 gentibus,
1758 2371 1893 2442 quod
1921 2379 1995 2422 est

476 2487 709 2543 Christus
733 2484 787 2537 in
815 2482 959 2536 nobis
982 2494 1097 2548 spes
1127 2475 1306 2547 gloria:
1335 2488 1354 2525 :
1378 2470 1468 2526 28.
1496 2484 1644 2538 quem
1670 2480 1761 2519 nos
1788 2478 1992 2515 annuu-

475 2581 681 2641 tiamus,
728 2573 1057 2644 corripientes
1104 2581 1303 2623 onmem
1349 2560 1623 2623 hominem,
1662 2566 1707 2610 et
1760 2554 1995 2607 docentes

475 2687 673 2727 omnem
701 2668 956 2723 hominem
998 2664 1052 2718 in
1082 2661 1220 2717 omni
1255 2654 1525 2725 sapientia,
1571 2659 1624 2703 ut
1671 2647 1995 2702 exhibeamus

474 2780 675 2821 omnem
698 2761 950 2815 hominem
972 2755 1253 2828 perfectum
1280 2750 1333 2803 in
1363 2745 1566 2803 Christo
1595 2741 1744 2796 Jesu.

479 2859 533 2913 1.
572 2855 706 2911 Cum
737 2851 962 2907 dixisset
982 2863 1044 2902 ea
1067 2861 1186 2916 quae
1208 2853 1393 2897 sumus
1413 2833 1709 2905 assequuti,
1738 2840 1792 2886 et
1812 2838 1995 2884 osten-

406 2952 577 3007 disset
606 2946 699 3002 Dei
729 2942 1113 3014 benignitatem
1142 2944 1198 2991 et
1227 2934 1511 2997 honorem,
1538 2942 1605 2982 ex
1632 2920 1998 2994 magnitudine

407 3055 597 3095 eorum
636 3052 756 3107 qua:
794 3010 917 3088 (1818
944 3041 1090 3093 sunt,
1119 3039 1304 3081 rursus
1328 3020 1545 3076 adducit
1568 3016 1728 3071 aliam
1755 3010 1993 3081 ampliﬁ-

408 3105 699 3195 cationem,
736 3138 929 3193 nempe
969 3119 1112 3191 quod
1158 3131 1260 3172 nec
1289 3123 1413 3168 ante
1443 3125 1540 3165 nos
1578 3105 1845 3177 quispiam
1873 3116 1997 3157 eum

412 3225 579 3281 novit.
612 3192 763 3288 Quod
789 3192 952 3273 etiam
984 3214 1109 3268 facit
1136 3210 1188 3264 iu
1224 3205 1462 3277 Epistola
1493 3200 1561 3255 ad
1596 3196 1877 3268 Ephesios.
1919 3192 1994 3247 oi.

410 3330 541 3372 cens
570 3334 584 3370 :
612 3312 796 3382 Neque
827 3304 1024 3377 angeli,
1063 3317 1238 3372 neque
1284 3296 1640 3364 Principatus,
1681 3302 1854 3358 neque
1893 3285 2000 3340 ulla

410 3410 517 3464 alia
548 3377 726 3462 creata
755 3403 946 3465 virtus,
974 3396 1070 3453 sed
1097 3396 1245 3449 solus
1285 3389 1381 3446 Dei
1406 3387 1574 3443 Filius
1603 3382 1753 3438 novit
1782 3377 1998 3451 (Ephes.

412 3503 467 3558 3.
498 3501 576 3569 5).
608 3498 731 3552 Ideo
767 3509 871 3550 non
904 3492 1077 3546 solum
1117 3485 1277 3551 dixit,
1324 3480 1634 3546 Conditum,
1677 3473 1774 3530 sed
1815 3472 2000 3535 etiam,

413 3565 820 3649 Absconditum;
847 3594 903 3639 et
932 3579 1074 3653 quod
1104 3576 1315 3634 etiamsi
1358 3587 1504 3628 nunc
1539 3569 1739 3625 factum
1783 3565 1875 3630 sit,
1920 3572 2005 3618 est

416 3696 594 3739 tamen
623 3688 815 3742 vetus;
856 3684 913 3731 et
953 3669 1095 3741 quod
1128 3669 1268 3723 Deus
1303 3664 1419 3719 haec
1458 3661 1527 3717 ab
1574 3659 1727 3715 initio
1769 3654 2002 3713 volebat.

416 3788 472 3832 et
497 3776 576 3829 sic
600 3780 716 3827 erat
738 3767 1085 3824 constitutum
1108 3780 1124 3829 ;
1148 3776 1244 3816 cur
1272 3767 1473 3821 autem,
1502 3752 1739 3808 nondum
1778 3749 1930 3804 dicit.
1962 3748 2004 3799 Λ

417 3865 639 3929 swculis,
686 3860 878 3931 inquit,
926 3856 990 3911 ab
1029 3854 1193 3909 initio.
1237 3850 1303 3904 Et
1339 3846 1653 3919 mysterium
1695 3842 1817 3913 jure
1850 3846 2007 3893 voc:it

417 3960 558 4031 quod
588 3971 745 4011 nemo
772 3958 994 4008 noverat
1023 3947 1125 4003 nisi
1162 3945 1327 4000 Deus.
1364 3940 1432 3996 Et
1462 3938 1551 3994 ubi
1593 3929 2005 3992 absconditum?

421 4025 489 4107 in
518 4051 717 4106 Christo
748 4062 766 4101 :
795 4045 935 4099 sicut
962 4041 1093 4097 dicit
1122 4035 1359 4107 Epistula
1387 4032 1453 4086 ad
1481 4029 1746 4100 Ephesios
1784 4025 2003 4098 (Ep/tes.

420 4149 476 4202 ὃ.
499 4146 599 4217 9);
629 4153 720 4198 8111
744 4142 883 4197 sicut
917 4133 1132 4209 quando
1159 4130 1293 4186 dicit
1332 4126 1593 4200 propheta
1625 4144 1638 4180 :
1666 4122 1710 4175 A
1748 4119 1936 4175 swculo
1960 4126 2009 4172 et

419 4214 577 4309 usque
603 4238 656 4289 in
684 4232 927 4289 steculum
949 4238 1003 4281 tu
1032 4242 1084 4280 es
1113 4221 1285 4296 (Psal.
1307 4219 1397 4276 89.
1423 4217 1502 4287 2).
1531 4214 1683 4269 Nunc
1704 4223 1874 4265 autem
1892 4224 2006 4262 nta-

424 4307 715 4405 nifestatum
742 4335 815 4380 est
835 4321 1021 4377 sanctis
1046 4320 1179 4389 ejus,
1217 4312 1407 4383 inquit.
1435 4307 1795 4377 Quamobrem
1836 4311 2009 4357 totum

423 4401 508 4481 est
534 4423 627 4478 Dei
657 4412 1089 4488 dispensationis.
1118 4408 1273 4465 Nunc
1303 4414 1472 4460 autem
1497 4401 1879 4472 manifestatum
1910 4405 2005 4460 est,

426 4514 621 4585 inquit.
652 4511 765 4567 Non
791 4508 944 4569 dixit,
977 4504 1201 4560 Factum
1237 4506 1340 4564 est,
1372 4495 1489 4558 sed,
1522 4492 1908 4560 Manifestatum
1935 4495 2010 4541 est

427 4579 618 4664 sanctis
643 4604 773 4674 ejus.
812 4601 995 4667 Itaque
1021 4609 1165 4651 nunc
1189 4605 1403 4663 quoque
1432 4587 1607 4641 adhuc
1640 4579 2005 4644 absconditur,

429 4696 692 4768 siquidem
723 4690 1115 4746 manifestatum
1140 4684 1239 4739 fuit
1267 4681 1397 4737 solis
1422 4678 1640 4734 sanctis.
1665 4674 1744 4730 Ne
1778 4674 1851 4728 illi
1883 4684 2011 4740 ergo

428 4806 525 4844 vos
548 4786 816 4854 decipiant
845 4800 859 4836 :
889 4780 1133 4836 nesciunt
1160 4776 1304 4832 enim
1328 4790 1424 4829 cur
1443 4772 1572 4827 solis
1594 4770 1679 4836 iis,
1705 4768 1897 4834 Quibus
1923 4782 2009 4820 uo-

429 4882 546 4945 luit,
568 4877 759 4948 inquit.
784 4873 915 4927 Vide
935 4868 1204 4941 quomodo
1226 4866 1420 4935 ubique
1454 4860 1698 4932 reprimit
1718 4872 1902 4913 eorum
1931 4856 2011 4909 in-

431 4971 841 5042 terrogationes.
862 4964 1053 5034 Quibus
1079 4960 1231 5017 voluit
1254 4957 1415 5022 Deus,
1440 4955 1631 5025 inquit,
1651 4961 1794 5005 notas
1826 4952 2008 5022 facere.

432 5066 566 5135 Ejus
594 5071 770 5117 autem
796 5058 1043 5113 voluntas
1070 5069 1177 5109 non
1203 5059 1351 5107 caret
1377 5049 1604 5103 ratione.
1637 5045 1748 5099 Hoc
1770 5057 1900 5098 vero
1927 5042 2011 5096 di-

433 5134 531 5220 xit,
550 5171 642 5211 eos
668 5152 852 5224 gratia:
873 5147 1040 5218 magis
1063 5143 1293 5200 reddens
1317 5140 1602 5203 obnoxios,
1624 5151 1783 5208 quam
1800 5135 1845 5189 si
1869 5134 2013 5203 ipsos

432 5250 635 5304 sineret
670 5247 738 5299 de
780 5243 938 5298 rebus
966 5254 997 5293 a
1026 5252 1085 5293 se
1114 5246 1258 5291 recte
1282 5234 1445 5303 gestis
1482 5228 1719 5301 gloriari.
1755 5225 2014 5291 Quidnam

433 5343 533 5396 sint
560 5336 748 5391 divitiis
767 5334 943 5406 glorite
967 5328 1189 5401 mysterii
1229 5327 1380 5397 hujus
1416 5324 1469 5376 in
1494 5320 1742 5393 gentibus.
1767 5318 2015 5374 Graviter

435 5435 570 5488 dixit
588 5440 643 5487 et
673 5428 1018 5500 prmclare,et
1042 5440 1107 5479 ex
1137 5435 1329 5492 magno
1349 5416 1539 5473 all'ectu
1571 5415 1777 5485 pondus
1791 5411 2013 5476 addidit,

435 5522 907 5593 ampliﬁcationem
953 5530 1201 5587 quaerens
1247 5509 1727 5581 ampliﬁcationes:
1759 5516 1842 5562 est
1873 5508 2016 5560 enim

439 5616 541 5671 hoc
570 5627 780 5683 quoque
804 5606 1231 5679 amplilicationis
1260 5601 1533 5657 indeﬁnite
1559 5598 1740 5653 dicere
1763 5638 1777 5662 ,
1813 5595 2018 5649 Divitiae

437 5709 615 5780 gloria:
640 5706 862 5776 mysterii
880 5704 1030 5773 hujus
1051 5701 1103 5755 in
1127 5699 1374 5771 gentibus.
1392 5696 1521 5751 Nam
1546 5695 1775 5749 maxime
1798 5698 2020 5762 apparet

439 5806 492 5855 in
529 5798 799 5870 gentibus,
830 5798 969 5853 sicut
1008 5796 1166 5853 etiam
1206 5792 1332 5849 dicit
1360 5788 1508 5857 alibi,
1543 5788 1724 5870 (icit-tes
1750 5804 1843 5871 pro
1872 5787 2015 5842 misc—

2102 2094 2324 2147 ricordia
2348 2094 2641 2164 gloriﬁcare
2672 2093 2835 2148 Deum
2861 2094 3036 2163 (Rom.
3071 2095 3157 2150 15.
3188 2094 3258 2166 9)
3284 2105 3536 2165 :apparet
3558 2110 3691 2151 vero

2100 2186 2260 2240 etiam
2289 2186 2340 2240 in
2371 2187 2509 2252 aliis,
2550 2188 2718 2241 multo
2750 2188 2917 2256 magis
2944 2197 3124 2241 autem
3153 2187 3203 2241 in
3238 2187 3320 2241 his
3350 2203 3537 2258 magna
3569 2189 3688 2258 glo-

2100 2276 2175 2330 ria
2216 2277 2479 2348 mysterii.
2530 2277 2787 2332 iloinines
2826 2279 2970 2333 enim
3011 2293 3173 2332 sensu
3221 2278 3397 2332 minus
3437 2279 3691 2348 prxcditos

2100 2382 2257 2437 quam
2289 2369 2512 2438 lapides,
2544 2380 2765 2440 repente
2789 2369 3080 2425 deduxisse
3100 2370 3165 2424 ad
3193 2370 3502 2442 dignitatem
3530 2387 3691 2442 auge—

2102 2458 2301 2526 lorum,
2348 2460 2691 2516 solummodo
2733 2477 2831 2532 per
2860 2462 3000 2517 nuda
3035 2462 3196 2518 verba
3225 2473 3281 2519 et
3309 2462 3467 2518 ﬁdem
3499 2465 3689 2528 solani,

2101 2552 2303 2623 absque
2329 2555 2473 2609 omni
2499 2556 2833 2625 operatione,
2874 2572 3058 2611 revera
3104 2566 3187 2611 est
3214 2557 3382 2627 gloria
3410 2567 3462 2613 et
3488 2557 3687 2613 divitia:

2104 2645 2364 2715 mysterii.
2396 2645 2465 2700 Ut
2500 2648 2544 2700 si
2571 2648 2693 2717 quis
2718 2663 2907 2703 canem
2952 2648 3091 2702 fame
3117 2656 3171 2703 et
3197 2648 3376 2703 scabie
3402 2649 3692 2719 perditum,

2104 2745 2314 2804 turpem
2343 2745 2399 2791 et
2432 2737 2750 2805 deformem,
2778 2749 2832 2793 et
2856 2739 2943 2809 qui
2972 2756 3039 2793 ne
3076 2741 3280 2795 moveri
3317 2740 3533 2810 quidem
3565 2757 3694 2811 pos-

2102 2839 2206 2889 set.
2238 2831 2333 2886 sed
2371 2832 2599 2902 iaceret,
2642 2842 2865 2903 repente
2900 2841 2956 2887 et
2994 2832 3267 2888 hominem
3306 2836 3512 2901 fecerit,
3543 2843 3598 2889 et
3640 2836 3695 2891 in

2104 2920 2230 2975 sede
2261 2922 2404 2991 regia
2434 2921 2748 2977 ostenderit.
2780 2921 2914 2976 Vide
2956 2937 3187 2992 namque
3217 2940 3232 2977 :
3265 2923 3471 2993 lapides
3505 2923 3697 2979 adora-

2104 3011 2233 3065 bant
2262 3021 2318 3066 et
2354 3019 2589 3078 terram;
2616 3012 2919 3068 didicerunt
2945 3014 3085 3084 quod
3113 3022 3168 3069 et
3201 3015 3336 3069 caelo
3363 3024 3418 3069 et
3445 3016 3561 3071 sole
3588 3018 3698 3071 sint

2106 3103 2393 3169 meliores,
2436 3115 2491 3158 et
2532 3104 2817 3160 universus
2866 3104 3096 3159 mundus
3146 3104 3226 3160 eis
3265 3106 3510 3161 serviat:
3543 3116 3700 3163 erant

2106 3194 2325 3264 captivi,
2348 3201 2405 3248 et
2429 3195 2483 3249 in
2512 3196 2740 3250 vinculis
2766 3195 2963 3250 diaboli
2991 3214 3009 3263 ;
3038 3207 3261 3266 repente
3289 3198 3505 3252 l‘ueruut
3534 3215 3697 3268 supra

2106 3292 2265 3353 caput
2307 3284 2447 3354 ejus,
2494 3286 2652 3356 eique
2692 3287 3028 3355 imperabant
3068 3296 3124 3342 81
3168 3302 3292 3342 eum
3336 3286 3696 3359 ﬂagellabant.

2105 3375 2238 3431 Cum
2260 3376 2563 3432 dmmonum
2586 3389 2767 3433 essent
2786 3379 2981 3448 captivi
3003 3389 3055 3433 et
3077 3379 3242 3445 servi,
3264 3394 3460 3450 corpus
3485 3381 3697 3436 Domini

2107 3467 2421 3538 angelorum
2447 3478 2501 3523 et
2527 3469 2974 3538 archangelorum
3005 3468 3124 3523 facti
3161 3480 3285 3523 sunt
3312 3486 3327 3523 :
3358 3471 3446 3541 qui
3471 3486 3539 3526 ne
3568 3472 3699 3542 quid

2108 3570 2253 3615 esset
2281 3559 2497 3631 quidem
2529 3561 2671 3615 Deus
2696 3560 2961 3628 sciebant,
2986 3577 3111 3616 mox
3138 3562 3191 3615 in
3218 3560 3407 3617 eodem
3438 3578 3558 3617 cum
3592 3564 3700 3618 Deo

2111 3651 2305 3705 throno
2334 3650 2712 3706 consederunt.
2738 3650 2831 3705 Vis
2853 3652 3040 3706 videre
3068 3652 3483 3709 innumerabiles
3502 3654 3701 3724 gradus

2108 3759 2270 3814 supra
2316 3760 2450 3814 quos
2497 3744 2848 3800 exsilierunt?
2883 3744 3172 3814 Oportebat
3222 3745 3452 3815 primum
3491 3747 3700 3802 discere

2110 3835 2253 3905 quod
2276 3836 2481 3907 lapides
2511 3852 2617 3891 non
2649 3838 2757 3891 sint
2779 3836 2876 3903 dii,
2908 3838 3144 3892 secundo
3173 3847 3374 3903 autem,
3408 3839 3551 3909 quod
3592 3856 3699 3895 non

2111 3931 2287 3985 solum
2317 3946 2423 3984 non
2459 3929 2567 3984 sint
2607 3926 2706 3997 dii,
2743 3930 2837 3985 sed
2873 3932 3032 3985 etiam
3066 3930 3305 3987 minores
3350 3932 3696 3998 hominibus;

2113 4023 2294 4087 tertio,
2321 4022 2464 4092 quod
2491 4032 2544 4077 et
2570 4022 2739 4077 brutis
2767 4023 3003 4077 minores
3027 4039 3041 4089 ;
3064 4033 3278 4094 quarto,
3308 4024 3451 4095 quod
3476 4034 3530 4080 et
3549 4026 3700 4097 plan-

2114 4113 2449 4183 tis;quinto,
2495 4112 2638 4183 quod
2669 4122 2908 4169 extrema
2946 4114 3108 4169 simul
3143 4114 3507 4185 collegerunt;
3556 4116 3700 4186 quod

2114 4220 2224 4260 non
2249 4206 2422 4260 solum
2449 4205 2674 4275 lapides,
2700 4205 2795 4262 sed
2825 4222 2923 4261 nec
2953 4217 3113 4270 terra.
3144 4223 3245 4263 nec
3271 4209 3582 4277 animantia,
3606 4227 3701 4266 nc-

2113 4314 2219 4368 que
2247 4298 2461 4368 plantae,
2490 4313 2592 4353 nec
2620 4301 2802 4363 homo,
2832 4312 2931 4353 nec
2966 4300 3155 4353 caelum
3178 4316 3193 4366 ;
3216 4301 3320 4366 vel,
3345 4301 3487 4371 quod
3516 4303 3701 4357 excel-

2114 4392 2228 4445 sius
2247 4400 2350 4456 est,
2369 4389 2509 4461 quod
2532 4406 2637 4445 non
2660 4389 2887 4458 lapides,
2920 4405 3025 4445 non
3049 4390 3321 4458 animalia,
3352 4408 3456 4447 non
3480 4394 3698 4463 plantar,

2116 4498 2222 4536 non
2250 4483 2535 4549 elementa,
2560 4496 2668 4535 non
2695 4495 2948 4551 superna,
2976 4498 3083 4536 non
3104 4482 3333 4547 inferna,
3369 4500 3475 4539 non
3514 4484 3698 4554 homo,

2117 4590 2224 4629 non
2255 4572 2549 4637 darmoncs,
2584 4587 2690 4626 non
2728 4572 2927 4642 angeli,
2961 4572 3421 4644 nonarchangeli,
3459 4589 3567 4629 non
3603 4576 3701 4630 ali-

2115 4681 2217 4736 qua
2245 4665 2348 4719 alia
2373 4680 2439 4718 ex
2464 4664 2708 4733 supernis
2740 4664 2846 4718 illis
2884 4664 3265 4731 Potestatibus,
3308 4666 3467 4721 debet
3495 4667 3598 4723 coli
3632 4666 3703 4723 ab

2118 4760 2347 4813 humana
2376 4769 2587 4812 natura.
2625 4756 2917 4826 Tamquam
2945 4774 3009 4813 ex
3053 4759 3315 4827 profundo
3351 4760 3534 4830 aliquo
3564 4759 3700 4814 hau-

2117 4853 2316 4908 rientes
2346 4853 2557 4908 discere
2584 4852 2888 4922 oportebat,
2918 4852 3059 4922 quod
3091 4854 3180 4922 qui
3216 4864 3297 4909 cst
3323 4855 3563 4908 omnium
3594 4854 3699 4909 Do-

2118 4948 2315 5012 minus,
2347 4948 2391 5001 is
2420 4956 2504 5002 est
2530 4947 2709 5013 Deus;
2737 4946 2878 5017 quod
2905 4962 3026 5001 eum
3059 4948 3233 5002 solum
3258 4958 3468 5018 oportet
3496 4950 3699 5015 colere,

2117 5037 2262 5108 quod
2292 5053 2376 5093 res
2408 5037 2626 5106 pulchra
2656 5047 2711 5093 et
2740 5038 2879 5093 bona
2905 5039 2974 5092 sit
3000 5039 3307 5094 admiranda
3336 5040 3457 5095 vita:
3492 5041 3705 5095 institu-

2120 5134 2233 5197 tio;
2264 5131 2405 5201 quod
2437 5146 2582 5186 mors
2607 5146 2843 5201 praesens
2869 5147 2972 5185 non
2998 5133 3070 5186 sit
3090 5147 3251 5197 mors,
3285 5133 3428 5203 quod
3460 5134 3565 5187 vita
3594 5149 3700 5189 non

2119 5225 2262 5289 vita;
2286 5223 2426 5293 quod
2457 5238 2654 5292 corpus
2682 5232 2943 5293 resurgat,
2982 5224 3123 5291 quod
3156 5224 3558 5294 iucorruptihile
3587 5225 3701 5291 ﬁat,

2119 5317 2263 5388 quod
2288 5315 2543 5372 ascendat
2569 5315 2622 5369 in
2652 5316 2837 5381 caelos,
2864 5315 3003 5385 quod
3046 5326 3363 5386 assequatur
3391 5315 3704 5371 immortali-

2122 5421 2305 5475 tatem,
2343 5409 2488 5479 quod
2526 5417 2632 5464 stet
2661 5424 2783 5464 cum
2812 5408 3035 5477 angelis,
3079 5409 3221 5478 quod
3250 5410 3374 5465 illuc
3415 5408 3705 5464 transien-

2125 5514 2227 5558 tur.
2258 5501 2363 5558 Sed
2394 5503 2536 5557 hunc
2569 5501 2660 5571 qui
2688 5500 2797 5556 illic
2822 5511 2941 5556 erat
2969 5501 3022 5554 in
3053 5500 3182 5567 imo,
3213 5516 3334 5555 cum
3382 5500 3496 5557 haec
3523 5500 3705 5555 omnia

2125 5603 2431 5665 superasset
2479 5602 2536 5648 et
2588 5592 2960 5657 transiliisset,
3013 5594 3261 5661 superius
3311 5592 3597 5647 collocavit
3649 5591 3704 5645 in

2128 5689 2324 5743 tln'ono
2358 5707 2371 5742 :
2402 5687 2551 5742 illum
2577 5686 2665 5755 qui
2694 5694 2809 5740 erat
2833 5683 2972 5738 infra
3004 5684 3228 5752 lapides,
3260 5683 3438 5739 ell'ecit
3459 5686 3707 5751 superio-

2131 5801 2245 5841 rem
2274 5783 2474 5854 angelis
2504 5791 2559 5837 ct
2588 5778 2919 5848 archangelis
2951 5786 3005 5831 et
3034 5776 3265 5832 Thronis
3291 5784 3346 5832 et
3372 5774 3706 5832 0818188118-
