4120 6400
451 303 548 359 551

452 418 804 490 μικρόψυχοι,
850 418 943 471 καί
974 419 1115 471 κατά
1169 416 1346 470 πάντα
1372 417 1600 478 ἀτελεῖς.
1624 415 1757 468 Τότε
1792 411 1884 469 οῦν
1911 416 2019 469 ἔδει

449 502 685 572 φανῆναι
714 501 806 554 τὸν
841 501 1096 572 Χριστὸν,
1122 500 1245 553 εἰπέ
1270 516 1396 569 μοι;
1427 499 1549 551 τότε
1577 499 1646 551 τά
1674 499 2021 569 διατάγματα

450 585 623 638 ταῦτα
661 585 843 638 δοῦναι
898 586 967 638 τὰ
1014 584 1300 653 φιλόσοφα,
1355 584 1443 635 ὅτε
1470 583 1754 653 ἐμαίνοντο
1787 584 1890 636 ὑπὸ
1920 583 2021 653 τῆς

451 667 768 736 ἐπιθυμίας,
803 669 890 721 ὅτε
933 669 1088 721 ἵπποι
1118 663 1257 737 ἦσαν
1284 666 1633 736 θηλυμανεῖς,
1675 667 1765 719 ὅτε
1798 665 2018 737 χρημά-

450 766 557 803 των
594 750 792 815 δοῦλοι,
819 752 910 803 ὅτε
953 750 1190 821 γαστρός
1220 766 1236 815 ;
1288 749 1427 801 Ἀλλ’
1468 748 1684 819 ἐξέχεεν
1727 749 1793 803 ἂν
1829 749 1898 803 τά
1922 750 2021 819 τῆς

452 832 769 902 φιλοσοφίας
823 833 1130 902 διδάγματα
1174 833 1423 902 ἀνοήτοις
1447 828 1567 885 οὖσι
1600 831 1980 902 διαλεγόμενος
2002 848 2017 863 ·

453 916 547 969 καὶ
577 916 703 969 οὔτε
735 916 927 978 ταῦτα,
958 916 1083 969 οὗτε
1115 917 1298 969 ἐκεῖνα
1326 916 1526 985 ἔμαθον
1567 915 1653 969 ἄν.
1681 915 1792 968 Καὶ
1834 915 2021 986 ῶσπερ

450 1000 481 1053 ὁ
512 998 619 1069 πρὸ
667 999 778 1054 τῶν
814 999 1096 1069 στοιχείων
1129 998 1527 1066 ἀναγινώσκειν
1558 998 1847 1062 διδάσκων,
1876 997 2023 1051 οὐδέ-

453 1099 583 1135 ποτε
629 1083 750 1135 ούδέ
804 1083 874 1136 τὰ
932 1085 1168 1153 στοιχεῖα
1212 1082 1434 1148 διδάξει,
1479 1080 1621 1135 οῦτω
1655 1082 1717 1151 δὴ
1749 1083 1843 1135 καὶ
1875 1082 2017 1135 τότε.

465 1164 605 1217 Ἀλλ’
635 1165 697 1217 ού
753 1166 878 1219 νῦν·
943 1166 1081 1219 ἀλλὰ
1127 1168 1194 1236 τῇ
1253 1168 1435 1237 χάριτι
1463 1166 1558 1218 τοῦ
1600 1165 1736 1218 Θεοῦ
1789 1165 2019 1237 πολλὴή

452 1248 742 1311 ἐπιείκεια,
773 1248 993 1320 πολλὴή
1020 1250 1187 1319 ἀρετὴ
1214 1248 1491 1319 πανταχοῦ
1522 1248 2019 1318 καταπεφύτευται.

454 1331 879 1401 Εὐχάριστῶμεν
906 1328 999 1384 οὖν
1033 1332 1173 1402 ὑπὲρ
1202 1334 1441 1392 πάντων,
1493 1332 1589 1385 καὶ
1623 1333 1697 1403 μὴ
1743 1332 2022 1403 πολυπρα-

451 1414 763 1483 γμονῶμεν.
796 1414 900 1467 Τὸν
946 1415 1056 1483 γάρ
1099 1415 1291 1485 καιρὸν
1313 1415 1411 1484 οὐχ
1444 1416 1605 1485 ἡμεῖς
1633 1415 1813 1485 ἴσμεν,
1850 1416 1965 1468 ἀλλ’
1994 1418 2024 1469 ὁ

451 1496 545 1550 τοῦ
604 1496 796 1567 καιροῦ
840 1497 1087 1568 ποιητὴς,
1134 1499 1228 1551 καὶ
1281 1497 1394 1551 τῶν
1417 1499 1630 1550 αἰώνων
1672 1499 2021 1569 δημιουργός.

454 1580 676 1634 Πάντων
704 1580 888 1634 τοίνυν
914 1581 1064 1652 αὐτῷ
1086 1580 1509 1653 παραχωρῶμεν
1526 1597 1543 1611 ·
1582 1581 1742 1634 τοῦτο
1771 1581 1880 1653 γάρ
1906 1584 2023 1635 ἐστι

1330 302 1398 357 ΙΝ
1440 300 1652 358 EPIST.
1696 300 1784 355 AD
1811 299 2098 359 COLOSS.
2138 302 2289 359 CAP.
2348 304 2387 360 1.
2440 304 2673 361 llOM’lL.
2716 304 2782 360 γ’.

3583 305 3687 361 539.

2119 415 2366 483 δοξάζειν
2396 417 2489 471 τὸν
2520 418 2672 479 Θεὸν,
2708 416 2769 468 :0
2802 414 2877 486 μὴ
2906 415 3157 469 ἀπαιτεῖν
3182 415 3343 469 αὐτὸν
3368 416 3596 480 εὐθύνας
3614 411 3688 470 ὧν

2120 503 2282 554 ποιεῖ.
2328 499 2486 554 Οῦτω
2538 502 2635 553 καὶ
2674 499 2925 571 Ἀϐραάμ
2989 498 3147 565 δόξαν
3197 499 3367 551 ἔδωκε
3417 499 3497 570 τῷ
3545 499 3685 569 Θεῷ,

2120 583 2613 653 Πληροφορηθείς
2658 584 2749 637 ὅτι
2789 583 2821 636 ὃ
2863 581 3246 653 ἐπήγγελται,
3277 582 3535 648 δυνατός
3557 583 3691 636 ἐστι

2119 666 2219 719 καὶ
2265 666 2538 735 ποιῆσαι.
2589 667 2828 729 Ἐκεῖνος
2867 665 2987 718 ούδέ
3033 665 3095 718 τὸ
3147 663 3338 734 μέλλον
3373 662 3687 734 ἠρώτησεν·

2119 750 2280 819 ἡμεῖς
2314 751 2372 804 δὲ
2402 751 2495 803 καὶ
2513 751 2621 803 τῶν
2641 749 3021 821 παρελθόντων
3052 747 3377 818 ἐξετάζομεν
3395 748 3488 800 τὸν
3509 747 3689 815 λόγον.

2122 832 2267 904 Ὅρα
2292 834 2431 905 πόση
2461 836 2495 904 η
2514 834 2692 898 ἄνοια,
2721 834 2860 904 πόση
2886 835 2919 903 ἡ
2951 830 3333 902 ἀγνωμοσύνη.
3363 830 3526 884 Ἀλλά
3546 848 3691 884 παυ-

2123 914 2352 985 σώμεθα
2390 915 2578 969 λοιπόν
2598 932 2612 945 ·
2647 916 2801 970 οὐδὲν
2826 916 2936 987 γὰρ
2956 916 3064 969 ἀπὸ
3086 914 3277 968 τούτου
3313 913 3524 985 κέρδος,
3556 913 3717 987 ἀλλά.

2121 1002 2217 1052 καὶ
2258 1001 2429 1071 πολλὴ
2462 1002 2497 1072 ἡ
2544 999 2746 1071 βλάϐη·
2810 1001 2906 1052 καὶ
2953 998 3315 1068 εὐγνωμόνως
3360 997 3693 1067 διατεθῶμεν

2123 1085 2254 1152 περὶ
2282 1084 2375 1136 τὸν
2401 1083 2670 1153 ἡμέτερον
2697 1083 2998 1151 Δεσπότην,
3022 1082 3118 1134 καί
3161 1081 3321 1148 δόξαν
3350 1079 3691 1150 ἀναπέμψω-

2124 1184 2224 1237 μεν
2245 1165 2322 1236 τῷ
2350 1165 2491 1237 Θεῷ,
2511 1167 2600 1219 ἵνα
2630 1166 2770 1236 ὑπὲρ
2785 1167 3039 1221 ἁπάντων
3063 1166 3162 1233 τὴν
3189 1163 3539 1234 εὐχαριστίαν
3560 1165 3694 1216 άνα-

2123 1249 2405 1319 φέροντες,
2466 1249 2567 1319 τῆς
2619 1248 2749 1318 παρ’
2783 1248 2950 1302 αὐτοῦ
2998 1246 3408 1315 φιλανθρωπίας
3448 1245 3696 1312 ἀξιωθῶ-

2127 1348 2254 1400 μεν,
2286 1332 2470 1401 χάριτι
2496 1332 2591 1385 καὶ
2630 1331 3012 1403 φιλανθρωπίᾳ
3039 1330 3133 1383 τοῦ
3168 1329 3375 1400 Κυρίου
3409 1328 3567 1399 ἡμῶν
3591 1329 3696 1398 Ἰη-

2131 1415 2226 1468 σοῦ
2255 1413 2518 1486 Χριστοῦ,
2558 1414 2677 1485 μεθ’
2704 1409 2766 1468 οῦ
2794 1416 2874 1486 τῷ
2900 1414 3076 1484 Πατρί
3103 1414 3218 1483 ἅμα
3237 1414 3315 1483 τῷ
3352 1413 3491 1483 ἁγίῳ
3526 1413 3695 1465 Πνεύ-

2130 1515 2265 1568 ματι
2297 1497 2445 1564 δόξα,
2483 1499 2705 1568 κράτος,
2748 1498 2906 1568 τιμὴ,
2938 1498 3035 1552 νῦν
3072 1499 3168 1551 καὶ
3194 1498 3305 1562 ἀεὶ,
3347 1499 3443 1550 καὶ
3469 1498 3548 1557 εἰς
3570 1498 3694 1559 τοὺς

2124 1582 2329 1646 αἰῶνας
2350 1583 2459 1635 τῶν
2487 1581 2718 1636 αἰώνων.
2754 1583 2947 1654 Ἀμήν.

1922 1991 2169 2045 ΟΜῙΛΙΑ
2206 1992 2281 2047 E'.

460 2146 532 2202 Τὸ
552 2144 887 2215 μυστήριον
926 2144 992 2197 τὸ
1022 2143 1566 2215 ᾀποκεκρυμμένον
1595 2145 1713 2215 ἀπὸ
1744 2144 1863 2198 τῶν
1886 2146 2023 2198 αἰώ-

526 2212 647 2269 τέων
685 2212 782 2267 καὶ
829 2215 943 2268 ἀπὸ
976 2214 1093 2284 τῶν
1134 2212 1389 2284 γενεῶν,
1418 2216 1553 2269 νυνί
1587 2214 1654 2267 δὲ
1683 2216 2023 2284 ἐφανερώθη

526 2286 651 2352 τοῖς
682 2286 871 2353 ἁγίοις
900 2283 1106 2341 αὐτοῦ.
1141 2280 1234 2350 οἷς
1262 2285 1566 2351 ἠθέλησεν
1591 2288 1624 2337 ὁ
1650 2280 1793 2349 Θεὸς
1814 2280 2024 2354 γὶοωρίἐ

528 2372 634 2409 σαι
665 2356 757 2419 τίς
799 2358 832 2407 ὀ
883 2355 1146 2420 πλοῦτος
1176 2354 1287 2421 τῆς
1329 2355 1515 2420 δόξης
1547 2356 1655 2408 τοῦ
1683 2356 2025 2424 μυστηρίου

525 2426 631 2479 τοῦ
655 2425 725 2477 ἐν
749 2424 874 2490 τοῖς
900 2425 1163 2485 ἔθνεσιν,
1194 2424 1260 2489 ὅς
1288 2425 1421 2477 ἐστι
1466 2424 1720 2492 Χριστὸς
1753 2425 1823 2478 ἐν
1856 2425 2021 2493 ὑμῖν,

527 2496 565 2562 ἡ
608 2493 928 2579 ἐξπίςθτῆς
957 2494 1164 2578 δόξης,
1201 2494 1274 2579 63'
1301 2495 1473 2579 ημεῖς
1516 2495 2024 2579 καταγζέέᾼομεν,

525 2564 951 2629 νουθετοῦντες
984 2563 1179 2617 πάντα
1219 2563 1555 2631 ἄνθρωπον,
1584 2566 1682 2617 καὶ
1709 2563 2028 2618 διδάσκον-

527 2652 627 2700 τες
686 2632 883 2686 πάντα
950 2635 1265 2703 ἄνθρωπον
1305 2635 1375 2687 ἐν
1428 2635 1599 2701 πάσῃ
1660 2636 1864 2703 σοφίᾳ,
1927 2636 2028 2687 ἵνα

526 2704 1009 2772 παραστήσωμεν
1058 2702 1253 2757 πάντα
1300 2706 1616 2772 ἄνθρωπον
1673 2702 1909 2758 τέλειον
1958 2705 2029 2757 ἐν

430 2828 433 2829 ,
525 2774 760 2844 Χριστῷ
802 2774 1029 2841 Ἰησοῦ.

525 2953 593 2999 α’.
618 2944 801 2998 Εἰπὼν
820 2938 894 2997 ὧν
912 2942 1197 3014 ἐτύχομεν,
1217 2942 1312 2995 καὶ
1324 2941 1503 3009 δείξας
1523 2941 1617 2997 τοῦ
1637 2941 1771 2995 Θεοῦ
1792 2942 1891 3012 τὴν
1911 2942 2029 3011 φιλ-

448 3033 772 3102 ανθρωπίαν
804 3034 899 3084 καὶ
927 3031 1024 3099 τὴν
1052 3030 1220 3100 τιμὴν
1242 3030 1331 3101 Δτῷ
1365 3029 1587 3099 μεγέθει
1612 3030 1721 3082 τῶν
1741 3029 2023 3095 δοθέντων,

456 3119 618 3173 πάλιν
649 3118 841 3186 ἑτέραν
859 3116 1109 3168 ἐπίτασιν
1130 3114 1361 3181 εἰσάγει,
1392 3115 1474 3167 6::
1497 3115 1617 3167 οὐδὲ
1635 3114 1742 3184 πρὸ
1764 3114 1920 3184 ἡμῶν
1946 3131 2031 3177 τις

455 3206 619 3266 αὐτὸν
635 3204 839 3272 ἔμαθεν
856 3219 868 3231 ·
896 3203 924 3255 6
938 3204 1031 3256 καὶ
1050 3203 1108 3257 ἐν
1127 3204 1194 3272 τῇ
1216 3201 1352 3272 πρὸς
1378 3202 1655 3269 Ἐφεσίους
1674 3204 1819 3255 ποιεῖ
1832 3202 2029 3271 λέγων’

456 3287 610 3361 [558]
642 3286 780 3341 Ούτε
822 3286 1066 3354 ἄγγελοι,
1094 3284 1219 3339 οὔτε
1250 3287 1435 3356 ἁρχαὶ,
1465 3285 1589 3338 οὒτε
1628 3286 1762 3357 άλλη
1793 3303 1878 3350 τις
1911 3304 2029 3339 κτι-

458 3373 557 3442 στὴ
585 3372 837 3439 δύναμις,
865 3368 1001 3421 ἀλλὰ
1045 3368 1205 3439 μόνος
1244 3369 1272 3420 ό
1312 3367 1404 3419 τοῦ
1442 3368 1577 3420 Θεοῦ
1603 3368 1731 3431 Υἱὸς
1769 3369 1907 3439 ⁴ᾔδει.
1938 3369 2029 3422 Διὸ

456 3456 554 3511 καὶ
596 3454 695 3522 οὐχ
728 3450 912 3515 ἁπλῶς
959 3450 1345 3521 κεκρυμμένον
1385 3445 1557 3515 εἶπεν,
1607 3450 1723 3502 ἀλλ’
1789 3451 2030 3504 Ἀποκε-

457 3538 819 3608 κρυμμένονο
843 3538 936 3589 καὶ
960 3537 1042 3589 ὅτι
1062 3538 1111 3589 εἰ
1139 3538 1233 3589 καὶ
1261 3536 1358 3590 νῦν
1379 3537 1623 3605 γέγονεν,
1643 3536 1777 3590 ἀλλά
1800 3538 2029 3590 παλαιόν

458 3631 600 3691 ἐστι,
634 3626 728 3679 καὶ
754 3625 960 3679 ἀνωθεν
1007 3622 1185 3677 ταῦτα
1216 3625 1245 3676 ὁ
1280 3623 1413 3685 Θεὸς
1460 3624 1732 3690 ἐῦούλετο,
1766 3626 1860 3677 καὶ
1889 3625 2029 3678 οὓτω

454 3714 853 3770 διετετύπωτοο
905 3710 994 3765 διά
1051 3712 1211 3775 τίδὲ,
1255 3711 1441 3764 οὐκέτι
1492 3711 1662 3779 λέγει.
1718 3711 1864 3766 Ἀπὸ
1911 3711 2032 3763 τῶν

457 3804 706 3865 αἰώνων,
736 3802 920 3871 φησὶν,
959 3800 1028 3865 ἐξ
1058 3798 1272 3869 ἀρχῆς.
1321 3800 1431 3853 Καὶ
1474 3801 1774 3871 μυστήριον
1808 3801 2032 3861 εἰκότως

455 3890 635 3955 καλεῖ,
664 3889 693 3942 ὃ
729 3889 906 3951 οὐδεὶς
936 3887 1054 3959 ᾔδει
1079 3887 1219 3957 πλὴν
1250 3888 1279 3939 ὁ
1309 3887 1462 3949 Θεός.
1509 3888 1619 3940 Καὶ
1652 3887 1754 3941 ποῦ
1780 3904 2031 3957 κεκρυμ-

462 3980 658 4051 μένον;
700 3979 789 4031 Ἐν
816 3976 895 4047 τῷ
924 3977 1176 4048 Χριστῷ’
1198 3975 1387 4046 ὥσπερ
1412 3977 1471 4028 ἐν
1497 3979 1564 4047 τῇ
1587 3976 1721 4048 πρὸς
1751 3975 2032 4043 Ἐφεσίους

457 4067 643 4135 λέγει’
690 4066 724 4138 ἦ
759 4066 947 4136 ὥσπερ
981 4067 1109 4119 ὅταν
1153 4062 1289 4136 λέγῃ
1316 4066 1345 4118 ὁ
1375 4065 1682 4134 προφήτης,
1742 4064 1884 4117 Ἀπὸ
1922 4060 2032 4116 τοῦ

458 4154 695 4219 ίῑίῶνος,
723 4153 823 4207 καὶ
853 4154 965 4219 ἕως
996 4153 1101 4206 τοῦ
1130 4150 1346 4217 αἰῶνος
1377 4151 1459 4204 σὺ
1486 4147 1756 4205 εἶ.·Νυνί
1791 4150 1861 4203 δὲ
1890 4150 2035 4219 ἐφα-

456 4243 704 4312 νερώθη,
746 4243 903 4312 φησί,
929 4242 1055 4308 τοῖς
1098 4241 1291 4310 ἁγίοις
1344 4241 1553 4295 αὑτοῦ.
1603 4240 1767 4293 Ὥστε
1799 4238 1899 4308 τῆς
1934 4236 2031 4290 τοῦ

457 4332 593 4385 Θεοῦ
623 4331 934 4400 οἰκονομίας
961 4329 1079 4382 ἐστὶ
1102 4328 1163 4382 :0
1187 4328 1330 4383 ὅλον.
1362 4328 1515 4382 Νυνί
1541 4327 1630 4393 δὲ,
1665 4327 1853 4397 φησὶν,
1884 4326 2030 4396 ἐφα-

459 4418 709 4487 νερώθη.
772 4419 887 4471 Οὐκ
939 4413 1115 4480 εἶπεν,
1162 4416 1431 4484 Ἐγένετο,
1460 4415 1598 4479 ἀλλ’,
1657 4416 2032 4483 Ἐφανερώθη

464 4507 589 4572 τοῖς
639 4506 832 4574 ἁγίοις
870 4503 1078 4557 αὐτοῦ.
1111 4502 1275 4555 ’Ὠστε
1316 4503 1412 4556 καὶ
1443 4502 1538 4557 νῦν
1572 4503 1654 4555 ἐτι
1701 4502 2028 4571 κρύπτεται,

461 4597 621 4665 εἰπερ
677 4595 795 4656 τοῖς
851 4591 1027 4660 ἁγίοις
1083 4588 1400 4661 ἐφανερώθη
1461 4590 1663 4659 μόνοις.
1719 4588 1815 4659 Μὴ
1856 4588 2034 4641 τοίνυν

463 4684 607 4752 ὑμᾶς
640 4682 1003 4735 άπατάτωσαν
1031 4680 1228 4732 ἐκεῖνοι
1250 4696 1263 4710 ·
1302 4679 1362 4731 ού
1395 4678 1503 4748 γὰρ
1535 4678 1708 4741 ἴσασι,
1744 4676 1832 4730 διὰ
1855 4677 1907 4730 τί
1934 4676 2032 4747 μό-

460 4788 592 4834 νοις,
633 4764 732 4835 Οἴς
750 4768 1035 4836 ἠθέλησε,
1068 4766 1252 4838 φησίν.
1283 4766 1428 4835 Ὅρα
1463 4764 1579 4826 πῶς
1605 4764 1882 4834 πανταχοῦ
1914 4766 2034 4818 ἐπι-

464 4857 710 4927 στομίζει
761 4855 862 4918 τὰς
917 4856 1212 4925 ἐρωτήσεις
1241 4853 1437 4906 αὐτῶν.
1498 4848 1600 4918 Οἷς
1650 4851 1955 4919 ἠθέλησεν
1998 4853 2032 4904 ὁ

464 4946 630 5010 Θεὸς,
663 4943 817 5013 φησί,
859 4942 1160 5011 γνωρίσαι.
1194 4941 1269 4993 T0
1292 4941 1349 4994 δὲ
1384 4938 1559 4993 θέλειν
1579 4937 1763 5001 αὑτοῦ,
1788 4938 1886 4993 οὐκ
1906 4939 2031 4993 ἄλο-

462 5049 579 5101 γον.
607 5031 778 5083 Τοῦτο
792 5029 848 5082 δέ
872 5028 1017 5091 εἰπε,
1032 5028 1253 5098 χάριτος
1269 5026 1468 5096 μᾶλλον
1491 5024 1821 5087 ὑπευθύνους
1838 5025 2027 5089 ποιῶν,

459 5120 497 5189 ἦ
530 5119 710 5188 ἀφιεὶς
768 5116 964 5178 αὐτοὺς
1014 5115 1110 5167 ἐπὶ
1164 5114 1548 5185 κατορθώματι
1598 5113 1740 5182 μέγα
1790 5115 2028 5183 φρονεῖν.

468 5209 563 5273 Τίς
586 5209 619 5260 ό
646 5205 911 5270 πλοῦτος
950 5202 1059 5272 τῆς
1096 5202 1283 5269 δόξης
1311 5202 1419 5255 τοῦ
1446 5202 1785 5271 μυστηρίου
1816 5202 2031 5255 τούτου

462 5296 533 5347 ἐν
552 5293 676 5358 τοῖς
705 5295 933 5346 ἔθνεσι.
966 5289 1187 5360 Σεμνῶς
1222 5287 1364 5352 εἷπε,
1411 5291 1505 5342 καὶ
1544 5289 1707 5356 ὄγκον
1737 5288 2028 5358 ἐπέθηκεν,

462 5383 573 5436 ἀπὸ
602 5381 803 5451 πολλῆς
845 5379 1139 5441 διαθέσεως
1168 5380 1449 5443 ἐπιτάσεις
1499 5378 1677 5449 ζητῶν
1707 5379 2029 5433 ἐπιτάσεων.

464 5471 576 5523 Καὶ
606 5470 716 5540 γὰρ
744 5469 839 5522 καί
866 5466 1026 5520 τοῦτο
1064 5467 1390 5529 ἐπιτάσεως,
1436 5466 1498 5519 τὸ
1530 5465 1799 5536 ἀορίστως
1837 5467 2030 5530 εἰπεῖν,

475 5558 529 5605 ἰ)
560 5556 827 5622 Πλοῦτος
848 5554 961 5624 τῆς
988 5555 1175 5623 δόξης
1203 5554 1311 5608 τοῦ
1348 5556 1688 5622 μυστηρίου
1718 5554 1934 5607 τούτου
1966 5554 2036 5608 ἐν

465 5644 587 5711 τοῖς
612 5646 833 5699 ἔθνεσι.
867 5645 1116 5699 Μάλιστα
1157 5644 1255 5710 μέν
1282 5642 1389 5714 γὰρ
1442 5644 1500 5696 ἐν
1529 5644 1641 5705 τοῖς
1681 5641 1858 5696 ἔθνεσι
1900 5643 2029 5713 φαί-

466 5752 634 5801 ντται,
664 5735 843 5801 καθὼς
881 5736 971 5789 καί
1009 5732 1243 5805 ἀλλαχοῦ
1287 5751 1441 5805 φησι,
1496 5731 1573 5786 Τὰ
1605 5732 1672 5784 δὲ
1709 5732 1852 5795 ἔθνη
1880 5736 2028 5799 ὑπὲρ

2127 2146 2341 2214 ἐλέους
2365 2148 2623 2213 δοξάσαι
2652 2149 2761 2203 τὸν
2785 2150 2934 2203 Θεόν
2959 2167 2972 2180 ·
3015 2152 3265 2220 φαίνεται
3298 2155 3356 2209 δὲ
3382 2157 3478 2211 καὶ
3507 2157 3565 2211 ἐν
3586 2160 3701 2213 ἐτέρ

2130 2253 2266 2305 ροις,
2299 2236 2479 2306 πολλῷ
2500 2238 2557 2291 δὲ
2583 2237 2745 2291 πλέον
2772 2239 2830 2291 ὲν
2864 2238 3077 2303 τούτοις
3099 2242 3133 2311 ἡ
3166 2242 3334 2314 πολλὴ
3368 2245 3464 2297 τοῦ
3495 2264 3703 2317 μυστη-

2121 2324 2247 2394 ρίου
2268 2323 2417 2390 δόξα.
2443 2322 2516 2377 Τὸ
2545 2324 2654 2395 γὰρ
2681 2325 2893 2395 ἀθρόως
2917 2325 3240 2396 ἀνθρώπους
3261 2329 3426 2384 λίθων
3440 2332 3702 2404 ἀναισθη-

2126 2411 2381 2480 τοτέρους
2413 2413 2494 2473 εἰς
2540 2411 2790 2480 ἀγγέλων
2843 2414 3075 2481 ἀγαγεῖν
3121 2412 3339 2485 ἀξίωμα
3375 2418 3565 2483 ἁπλῶς
3612 2421 3701 2480 διὰ

2126 2497 2300 2567 ψιλῶν
2332 2499 2593 2569 ῥημάτων
2632 2501 2726 2553 καὶ
2751 2501 2991 2564 πίστεως
3032 2502 3201 2572 μόνης
3238 2505 3406 2575 χωρὶς
3436 2508 3702 2576 ἐργωδίας

2128 2585 2331 2653 πάσης,
2357 2585 2529 2646 ὅντως
2551 2584 2679 2649 δόξα
2718 2586 2814 2638 καὶ
2853 2586 3086 2651 πλοῦτος
3131 2591 3435 2662 μυστηρίου
3462 2610 3478 2624 ’
3512 2595 3703 2668 ῶσπερ

2128 2673 2198 2727 ἂν
2230 2674 2285 2726 εί
2301 2691 2384 2736 τις
2412 2673 2548 2727 κύνα
2580 2673 2721 2744 λιμῷ
2744 2674 2840 2727 καὶ
2859 2674 3020 2746 ψώρᾳ
3046 2676 3462 2750 διεφθαρμένον,
3480 2684 3705 2754 αἰσχρόν

2127 2777 2252 2814 τινα
2285 2763 2380 2814 καὶ
2405 2760 2623 2828 δυσειδῆ
2658 2762 2751 2814 καί
2777 2763 2900 2815 οὐδὲ
2934 2766 3203 2819 κινεῖσθαι
3242 2767 3562 2838 δυνάμενον,
3587 2772 3705 2825 ἀλλ’

2129 2848 2486 2920 ἐρριμμένον,
2531 2847 2790 2918 ἐξαίφνης
2841 2850 2936 2902 καὶ
2981 2850 3268 2922 ἄνθρωπον
3302 2856 3569 2925 ποιήσειε,
3609 2860 3705 2912 καὶ

2131 2936 2225 2988 ἐπὶ
2262 2936 2356 2988 τοῦ
2414 2935 2604 3006 θρόνου
2642 2935 2835 3001 δείξειε
2875 2937 2970 2990 τοῦ
3021 2938 3324 3007 βασιλικοῦ.
3349 2943 3492 3014 Ὅρα
3545 2946 3655 3016 γάρ
3686 2964 3701 2977 ν

2130 3025 2258 3087 τοὺς
2293 3023 2475 3086 λίθους
2505 3024 2897 3093 προσεκύνουν,
2937 3028 3032 3080 καὶ
3066 3029 3164 3098 τὴν
3211 3030 3347 3100 γῆν·
3394 3032 3596 3102 ἔμαθον
3622 3036 3705 3089 6::

2133 3112 2226 3163 καὶ
2255 3110 2485 3181 ούρανοῦ
2519 3112 2610 3163 καὶ
2650 3111 2802 3181 ἡλίου
2844 3113 3103 3183 ἀμείνους
3141 3117 3270 3182 εἰσὶ,
3302 3117 3398 3171 καί
3427 3121 3455 3172 ὁ
3502 3120 3705 3192 κόσμος

2131 3198 2281 3260 ἄπας
2338 3199 2520 3260 αὐτοῖς
2573 3197 2843 3251 δουλεύει·
2899 3200 3238 3271 αἰχμάλωτοι
3288 3205 3385 3257 καὶ
3430 3206 3707 3277 δεσμῶται

2132 3286 2275 3359 ἦσαν
2336 3287 2430 3341 τοῦ
2477 3287 2760 3341 διαϐόλουο
2817 3288 3012 3359 ἁθρόον
3060 3291 3353 3359 γεγόνασιν
3388 3296 3553 3349 αὐτοῦ
3609 3298 3708 3368 τῆς

2137 3375 2381 3444 κεφαλῆς
2413 3376 2749 3441 ἐπάνω,,καί
2796 3374 3093 3430 ἐπέταττον
3131 3378 3302 3449 αὐτῷ,
3344 3384 3438 3433 καί
3477 3383 3707 3451 ἐμάστι-

2137 3463 2230 3526 ζον
2263 3462 2426 3515 αὐτόν
2447 3480 2462 3495 ο
2495 3463 2765 3532 δαιμόνων
2799 3464 2953 3527 ὄντες
2988 3464 3330 3534 θεραπευταὶ
3373 3469 3468 3521 καὶ
3508 3470 3703 3538 δοῦλοι,

2134 3550 2229 3601 τοῦ
2254 3550 2362 3602 τῶν
2389 3550 2637 3618 ἀγγέλων
2674 3552 2942 3603 Δεσπότου
2968 3555 3063 3605 καὶ
3097 3555 3207 3607 τῶν
3225 3558 3581 3626 ἀρχαγγέλων
3614 3576 3709 3628 γε·

2137 3639 2328 3706 γόνασι
2363 3640 2521 3710 σῶμα
2551 3659 2564 3672 ο
2596 3641 2720 3693 ούδέ
2743 3641 2796 3692 τί
2833 3643 2952 3695 ἐστι
2983 3642 3116 3706 Θεὸς
3154 3645 3378 3709 εἰδότες,
3419 3649 3710 3715 γεγόνασιν

2138 3726 2400 3797 ἐξαίφνης
2448 3729 2543 3779 καὶ
2584 3726 2870 3797 σύνθρονοι
2913 3728 3008 3781 τοῦ
3056 3730 3212 3783 Θεοῦ.
3251 3732 3440 3786 Βούλει
3483 3736 3708 3805 μυρίους

2142 3813 2270 3867 ἰδεῖν
2299 3813 2672 3883 ἀναϐαθμοῦς,
2719 3814 2813 3878 οὓς
2852 3817 3311 3888 ὑπερεπήδησαν;
3337 3821 3484 3874 Ἔδει
3516 3824 3711 3890 μαθεῖν

2139 3900 2381 3970 πρῶτον,
2409 3902 2493 3954 6::
2523 3904 2572 3955 οἱ
2612 3901 2747 3955 λίθοι
2768 3903 2830 3955 ού
2863 3903 3007 3956 θεοί·
3043 3904 3318 3976 δεύτερον,
3345 3908 3427 3961 6::
3457 3909 3517 3962 οὐ
3550 3910 3711 3980 μόνον

2138 3988 2201 4041 ού
2233 3987 2368 4049 θεοὶ,
2401 3988 2540 4041 ἀλλὰ
2587 3990 2681 4042 καὶ
2727 3989 3030 4061 ἀνθρώπιον
3061 3992 3318 4059 ἐλάττους
3345 4013 3360 4025 ·
3392 3997 3598 4067 τρίτον,
3627 4000 3711 4055 ὅτι

2141 4077 2237 4129 καὶ
2266 4076 2479 4144 ἀλόγων
2499 4093 2514 4106 °
2540 4078 2822 4146 τέταρτον,
2857 4079 2942 4132 6::
2964 4078 3061 4131 καὶ
3083 4083 3267 4149 φυτῶν
3284 4099 3298 4114 ·
3325 4083 3596 4152 πέμπτον,
3628 4088 3711 4141 6::

2138 4162 2207 4215 τὰ
2239 4162 2386 4233 ἄκρα
2416 4165 2724 4235 συνήγαγον
2761 4165 2842 4227 εἰς
2873 4168 3088 4230 ταυτὸν,
3129 4168 3210 4221 6::
3250 4169 3311 4221 ού
3355 4170 3516 4239 μόνον
3549 4173 3710 4238 λίθοι,

2139 4252 2259 4304 ἀλλ’
2292 4251 2415 4305 οὐδὲ
2447 4253 2540 4322 γῆ,
2568 4253 2689 4304 οὐδὲ
2726 4252 2862 4317 ζῶα,
2891 4254 3013 4307 ούδέ
3042 4256 3208 4325 φυτά,
3252 4259 3373 4310 οὐδὲ
3402 4260 3709 4331 ἄνθρωπος,

2138 4340 2260 4392 οὐδὲ
2288 4340 2537 4409 οὐρανός·
2564 4340 2597 4411 ἢ
2630 4341 2835 4395 ἄνωθεν
2873 4342 3055 4406 πάλιν,
3090 4344 3173 4396 6::
3210 4346 3269 4397 ού
3303 4346 3458 4411 λίθοι,
3489 4348 3551 4403 ού
3575 4350 3709 4414 ζῶα,

2139 4427 2200 4478 ού
2229 4426 2380 4498 [559]
2413 4426 2576 4495 φυτὰ,
2607 4428 2668 4479 ού
2698 4432 2959 4498 στοιχεῖα,
2994 4430 3055 4482 ού
3084 4430 3153 4482 τά
3182 4431 3317 4498 ἄνω,
3348 4434 3409 4486 οὐ
3438 4434 3505 4487 τά
3536 4437 3706 4502 κάτω,

2140 4515 2242 4566 οὐκ
2269 4514 2574 4584 ἄνθρωπος,
2598 4516 2657 4567 ού
2683 4515 2958 4586 δαίμονες,
2983 4518 3085 4571 οὐκ
3105 4518 3351 4587 ἄγγελοι,
3378 4523 3481 4576 οὐκ
3500 4525 3713 4597 ἀρχάγ-

2141 4602 2314 4668 γελοι,
2353 4603 2452 4673 οὐχ
2487 4603 2650 4675 ἑτέρα
2700 4622 2785 4670 τις
2836 4605 2945 4658 τῶν
2991 4607 3105 4662 άνω
3156 4610 3440 4679 δυνάμεων
3489 4614 3712 4667 ἐκείνων

2141 4690 2248 4742 ὑπὸ
2273 4689 2371 4759 τῆς
2408 4689 2755 4763 ἀνθρωπίνης
2800 4693 3014 4761 φύσεως
3052 4694 3453 4765 θεραπεύεσθαι
3481 4699 3708 4768 ὀφείλει.

2141 4774 2411 4845 Καθάπερ
2433 4776 2543 4829 ἀπό
2567 4794 2710 4842 τινος
2737 4777 2899 4847 βυθοῦ
2929 4780 3311 4851 ἀνιμωμένους
3356 4783 3463 4838 ἔδει
3492 4787 3709 4856 μαθεῖν,

2139 4862 2279 4950 ὅτιλό
2317 4862 2536 4917 πάντων
2565 4867 2841 4938 Δεσπότης
2879 4860 3033 4933 οὗτος
3066 4870 3196 4934 Θεός
3226 4874 3395 4936 ἐστιν,
3435 4874 3518 4928 6::
3545 4876 3711 4950 θερα-

2141 4948 2331 5003 πεύειν
2356 4950 2518 5004 αὐτὸν
2550 4953 2710 5022 μόνον
2745 4954 2871 5026 χρὴ,
2901 4956 2984 5009 6::
3015 4958 3178 5011 καλὸν
3205 4961 3239 5029 ἡ
3292 4960 3582 5032 θαυμαστὴ
3612 4948 3713 5017 πο-

2140 5035 2339 5101 λιτεία,
2363 5038 2443 5091 δτι
2473 5039 2502 5091 ὁ
2529 5039 2722 5110 παρὼν
2756 5041 2983 5105 θάνατος
3023 5046 3084 5097 οὐ
3119 5045 3367 5111 θάνατος,
3402 5049 3485 5102 6::
3527 5052 3560 5119 ὴ
3599 5051 3712 5122 ζωὴ

2139 5126 2202 5178 ού
2230 5125 2364 5197 ζωὴ,
2386 5126 2549 5180 ὅτιτὸ
2581 5127 2741 5198 σῶμα
2755 5130 3059 5196 ἀνίσταται,
3088 5134 3170 5186 6::
3190 5134 3464 5206 ἄφθαρτον
3480 5138 3713 5204 γίνεται,

2140 5214 2223 5266 δτι
2258 5214 2337 5277 εἰς
2366 5215 2630 5284 οὐρανοὺς
2654 5216 2882 5282 ἄνεισιν,
2903 5220 2983 5272 6::
3008 5220 3305 5286 ἀθανασίας
3337 5224 3711 5294 ἐπιτυγχάνει,

2140 5302 2222 5354 6::
2265 5302 2403 5371 μετά
2448 5303 2699 5371 ἀγγέλων
2743 5304 2994 5376 ἕστηκεν,
3033 5309 3115 5361 ὅτι
3160 5308 3502 5378 μεθίσταται.
3553 5313 3714 5367 Ἀλλά

2140 5387 2329 5441 τοῦτον
2350 5389 2440 5445 τὸν
2472 5391 2590 5443 ἐκεῖ
2612 5390 2785 5454 κάτω,
2812 5393 2987 5447 ταῦτα
3013 5396 3192 5449 πάντα
3225 5397 3716 5469 ὑπερπηδήσαντα,

2142 5473 2254 5527 ἄνω
2284 5474 2534 5531 ἐκάθισεν
2565 5477 2660 5529 ἐπὶ
2686 5477 2780 5530 τοῦ
2810 5479 3022 5549 θρόνου,
3062 5482 3170 5536 τῶν
3196 5483 3444 5552 ἀγγέλων
3479 5487 3575 5540 καὶ
3601 5489 3712 5541 τῶν

2141 5564 2499 5633 ἀρχαγγέλων
2547 5566 2781 5620 καὶτῶν
2830 5568 3036 5639 θρόνων
3080 5572 3174 5625 καὶ
3224 5573 3332 5624 τῶν
3376 5577 3716 5646 κυριοτήτωι·

2142 5651 2375 5721 ποιήσας
2410 5651 2740 5723 κυριώτερον
2774 5655 2865 5709 τὸν
2895 5657 3154 5712 ὑποκάτω
3196 5660 3359 5715 λίθων
3392 5662 3542 5717 ὄντα.
3587 5667 3712 5717 "Ov-

2140 5754 2248 5800 τως
2278 5739 2454 5803 καλῶς
2511 5739 2650 5807 εἷπε,
2709 5743 2803 5808 Τίς
2848 5747 2881 5799 ό
2911 5746 3175 5813 πλοῦτος
3208 5747 3319 5816 τῆς
3372 5749 3555 5819 δόξης
3604 5754 3712 5814 ταῦ
