4120 6400
424 253 532 309 535

417 363 756 437 μυστηρίου
794 362 1028 417 τούτου.
1072 373 1097 401 ι
1123 362 1145 379 ”
1179 363 1364 431 Ωσπερ
1390 362 1455 415 ἂν
1485 362 1538 414 εἴ
1557 379 1640 425 τις
1674 362 1854 431 μωρόν
1878 379 1998 415 τινα

422 452 709 521 φιλόσοφον
747 449 1009 519 ἐξαίφνης
1042 447 1235 513 δείξειε
1257 466 1271 480 ·
1307 449 1509 519 μᾶλλον
1538 449 1595 501 δὲ
1631 450 1733 501 ὃσα
1755 449 1821 502 ἂν
1858 451 1999 502 εἴποι

419 558 528 604 τις.
551 540 704 592 οὐδὲν
737 540 892 609 ἐρεῖ·
922 540 1017 591 καὶ
1044 538 1152 608 γὰρ
1183 538 1276 590 καὶ
1299 540 1366 589 τά
1396 536 1492 589 τοῦ
1522 536 1736 589 Παύλου
1769 536 2001 607 ἀόριστά

420 632 557 683 ἐστι.
597 629 692 693 Τίς
723 629 757 680 ό
780 626 1067 691 πλοῦτος,
1096 627 1250 695 φησὶ,
1286 623 1398 693 τῆς
1424 624 1611 691 δόξης
1636 625 1745 678 τοῦ
1765 640 2002 693 μυστη-

417 718 552 787 ρίου
580 717 797 770 τούτου
832 714 904 767 ἐν
932 714 1057 779 τοῖς
1093 715 1358 775 ἔθνεσιν,
1386 714 1454 778 ὅς
1492 714 1625 765 ἐστι
1650 712 1903 781 Χριστὸς
1931 713 2002 765 ἐν

420 805 583 873 ὑμῖν.
631 803 801 857 Πάλιν
831 802 940 855 ἔδει
995 800 1207 871 μαθεῖν,
1257 801 1338 853 ὅτι
1370 802 1397 852 ό
1432 800 1652 853 πάντων
1702 797 1997 869 ἀνώτερος,

419 896 515 946 καὶ
539 891 788 958 ἀγγέλων
825 888 1032 960 ἄρχων,
1060 889 1157 941 καὶ
1205 887 1315 941 τῶν
1345 886 1522 941 ἄλλων
1569 886 1800 941 ἀπασῶν
1838 887 1999 940 δυνά-

421 998 567 1050 μεων
596 979 838 1051 κρατῶν,
874 976 1081 1047 κατέϐη
1113 976 1285 1042 κάτω,
1330 976 1426 1029 καὶ
1459 974 1556 1029 ἀνθ
1567 991 1750 1047 ρωπος
1779 974 1996 1044 γέγονε,

418 1071 514 1122 καὶ
545 1068 714 1140 μυρία
742 1066 932 1131 ἐπαθε,
964 1068 1058 1119 καὶ
1087 1064 1293 1135 ἀνέστη
1328 1064 1423 1117 καὶ
1450 1063 1749 1134 ἀνελήφθη.

492 1159 555 1230 β’,
576 1157 763 1211 Ταῦτα
798 1157 980 1209 πάντα
1006 1154 1310 1225 μυστηρίου
1332 1148 1422 1223 ἦν,
1449 1153 1543 1206 καὶ
1572 1153 1690 1223 μετ’
1719 1154 1996 1224 ἐγκωμίου

415 1246 596 1316 τίθησι
624 1245 819 1313 λέγων,
854 1242 959 1308 ’ος
980 1243 1111 1296 ἐστι
1140 1241 1395 1308 Χριστός
1430 1241 1501 1293 ἐν
1533 1240 1696 1310 ὑμῖν.
1735 1241 1800 1294 El
1842 1242 1900 1295 δὲ
1938 1245 1997 1296 ἐν

418 1337 545 1406 ὑμῖν
582 1338 720 1396 ἐστι,
753 1336 805 1385 τί
858 1332 1127 1400 ἀγγέλους
1175 1329 1391 1399 ζητεῖτε
1445 1330 1832 1397 διδασκάλους;
1884 1331 1996 1386 Τοῦ

410 1425 749 1492 μυστηρίου
788 1422 1027 1475 τούτου.
1069 1421 1225 1473 Ἐστι
1252 1420 1362 1490 γάρ
1395 1419 1489 1471 καὶ
1512 1418 1641 1472 ἄλλο
1672 1420 1992 1491 μυστήριον.

430 1511 588 1564 Ἀλλά
614 1509 773 1562 τοῦτο
802 1511 971 1571 ὅντως
1015 1509 1340 1579 μυστήριον,
1359 1507 1386 1560 ὃ
1412 1506 1586 1570 οὐδεὶς
1616 1502 1779 1572 οἶδεν,
1817 1508 1844 1561 6
1878 1510 1995 1560 ἐστι

417 1601 751 1671 θαυμαστὸν,
784 1600 812 1651 6
850 1599 1000 1668 παρά
1028 1598 1125 1668 τὴν
1157 1598 1345 1667 κοινὴν
1385 1596 1739 1666 προσδοκίαν,
1769 1596 1797 1648 ὂ
1832 1597 1995 1667 ἐκρύ-

418 1708 598 1743 πτετο.
635 1691 742 1755 Ὃς
785 1689 915 1741 ἐστι
951 1686 1207 1755 Χριστὸς
1233 1686 1301 1739 ἑν
1332 1686 1496 1754 ὑμῖν,
1525 1687 1713 1755 φησὶν,
1741 1685 1780 1751 ή
1819 1685 1995 1751 ἐλπὶς

417 1777 527 1846 τῆς
561 1775 845 1844 δίξης,ὃν
868 1774 1039 1844 ἡμεῖς
1074 1772 1579 1843 καταγγέλλομεν,
1604 1772 1812 1828 ἀνωθεν
1832 1774 1995 1826 αὑτὸν

418 1867 681 1935 φέροντες
705 1880 720 1895 ·
756 1863 815 1915 ὃν
842 1865 1027 1933 ἡμεῖς,
1053 1863 1153 1915 οὐκ
1184 1862 1409 1930 ἄγγελοι
1434 1879 1447 1891 ·
1472 1860 1867 1927 διδάσκοντες
1896 1861 1995 1914 καί

416 1952 863 2018 νουθετοῦντες,
886 1952 985 2005 οὐκ
1010 1951 1380 2013 ἐπιτακτικῶς
1404 1950 1526 2003 οὐδὲ
1554 1950 1692 2020 μετὰ
1715 1950 1960 2019 ἀνάγκης
1977 1966 1991 1978 ·

417 2045 510 2098 καὶ
539 2045 645 2114 γὰρ
676 2044 769 2095 καὶ
811 2041 969 2094 τοῦτο
1002 2041 1102 2110 τῆς
1152 2039 1247 2092 τοῦ
1292 2037 1429 2091 Θεοῦ
1466 2038 1898 2109 φιλανθρωπίας,
1933 2038 1996 2091 16

418 2134 493 2204 μὴ
512 2130 855 2202 τυραννικῶς
874 2128 1270 2200 προσάγεσθαι.
1312 2127 1530 2198 Ἐπειδὴ
1554 2126 1635 2189 16,
1673 2126 1997 2181 Διδάσκον-

414 2238 533 2285 τες,
583 2221 729 2290 μέγα
770 2215 860 2291 ἦν,
915 2219 1188 2288 ἐπήγαγε,
1238 2215 1714 2280 Νουθετοῦντες,
1747 2215 1885 2286 ὅπερ
1925 2210 1995 2284 ἦν

417 2308 621 2378 μᾶλλον
669 2308 902 2379 πατρὸς,
943 2306 976 2378 ἢ
1029 2305 1377 2359 διδασκάλου.
1448 2305 1550 2355 Ὃν
1603 2302 1792 2371 ἡμεῖς,
1835 2304 1991 2373 φησὶ,

412 2396 919 2466 καταγγέλλομεν,
950 2393 1381 2458 νουθετοῦντες
1409 2391 1607 2444 πάντα
1653 2390 1992 2458 ἄνθρωπον,

413 2486 508 2538 καί
538 2483 935 2548 διδάσκοντες
951 2482 1147 2535 πάντα
1168 2480 1482 2549 ἄνθρωπον
1506 2479 1577 2533 ἐν
1593 2478 1761 2546 πάσῃ
1784 2478 1990 2547 σοφίᾳ·

410 2572 680 2633 τουτέστι,
709 2571 849 2641 μετὰ
874 2570 1057 2639 πάσης
1090 2569 1281 2636 σοφίας
1312 2567 1405 2621 καὶ
1429 2567 1717 2631 συνέσεως,
1751 2566 1784 2637 ἢ
1814 2566 1993 2619 πάντα

412 2663 473 2713 ἐν
506 2661 668 2731 σοφία
696 2659 967 2726 λέγοντες.
1004 2658 1166 2710 Ὥστε
1200 2656 1392 2725 σοφίας
1423 2656 1504 2707 δεῖ
1545 2655 1728 2720 πάσης
1750 2669 1764 2685 ⁸
1795 2653 1857 2707 τό
1886 2652 1996 2725 γὰρ

411 2750 481 2803 τά
502 2751 730 2805 τοιαῦτα
746 2750 1040 2819 δυνηθῆναι
1073 2748 1285 2817 μαθεῖν,
1316 2747 1377 2799 οὐ
1400 2746 1511 2798 τῶν
1531 2746 1805 2816 τυχόντων
1822 2744 1992 2796 ἐστίν.

414 2838 550 2892 Ἷνα
585 2836 1067 2905 παραστήσωμεν
1094 2833 1290 2887 πάντα
1318 2834 1633 2900 ἄνθρωπον
1663 2833 1897 2886 τέλειον
1926 2832 1997 2885 ἐν

412 2924 646 2995 Χριστῷ
683 2925 899 2992 Ἰησοῦ.
929 2924 994 2977 Τί
1027 2924 1226 2991 λέγεις,
1263 2922 1467 2976 Πάντα
1485 2922 1837 2988 άνθρωπον;
1862 2920 1991 2984 Ναὶ,

411 3015 569 3085 φησὶ,
610 3012 771 3066 τοῦτο
802 3011 1199 3082 σπουδάζομεν.
1232 3010 1299 3063 Τί
1334 3009 1477 3080 γάρ;
1508 3011 1556 3061 εἰ
1582 3010 1679 3061 καὶ
1723 3009 1798 3080 μὴ
1839 3010 1993 3077 γίνε-

410 3121 503 3157 ται
552 3102 752 3167 τοῦτο,
812 3101 1075 3155 ἔσπευδεν
1126 3102 1156 3153 ό
1213 3099 1485 3170 μακάριος
1531 3097 1743 3160 Παῦλος
1785 3097 1996 3151 τέλειον

411 3192 658 3261 ποιῆσαι.
699 3193 844 3260 Ἀρα
889 3190 1050 3242 τοῦτο
1095 3189 1403 3259 τελειότης,
1439 3188 1617 3239 ἐκεῖνο
1653 3186 1710 3240 δὲ
1755 3186 1946 3249 ἀτελές
1978 3199 1993 3215 ⁸

410 3278 552 3332 ὥστε
584 3279 685 3332 κᾶν
718 3281 793 3349 μὴ
830 3277 1011 3331 πᾶσάν
1050 3294 1133 3339 τις
1168 3276 1265 3347 ἔχῃ
1295 3278 1394 3345 τὴν
1424 3274 1573 3346 [360]
1616 3275 1831 3342 σοφίαν,
1865 3275 1994 3328 ἀτε-

411 3368 511 3439 λής
541 3370 679 3422 ἐστι.
717 3366 962 3426 Τέλειον
980 3366 1052 3419 ἐν
1084 3361 1315 3434 Χριστῷ
1361 3363 1575 3431 Ἰησοῦ.
1608 3364 1723 3416 Οὐκ
1754 3365 1811 3417 ἐν
1846 3362 1997 3434 νόμῳ

410 3458 531 3512 οὐδὲ
558 3460 616 3510 ἐν
650 3456 906 3525 ἀγγέλοις
934 3471 950 3486 ο
976 3456 1155 3508 έκεῖνο
1180 3454 1289 3522 γὰρ
1317 3454 1378 3505 οὐ
1424 3452 1654 3508 τέλειον.
1715 3453 1818 3507 Ἔν
1862 3455 1997 3521 Χρι-

410 3546 557 3612 στῷ,
588 3545 889 3605 τουτέστιν,
920 3544 978 3597 ἐν
1005 3546 1072 3613 τῇ
1100 3540 1302 3611 γνώσει
1334 3540 1428 3594 τοῦ
1463 3540 1727 3612 Χριστοῦ.
1761 3539 1821 3593 Ὀ
1841 3539 1998 3604 εἰδὼς

410 3635 464 3688 τί
505 3634 763 3703 ἐποίησεν
794 3634 823 3685 6
852 3632 1111 3702 Χριστὸς,
1162 3630 1349 3701 μεῖζον
1399 3631 1665 3701 φρονήσει
1721 3630 1993 3698 ἀγγέλων.

425 3723 528 3779 Ἐν
571 3720 803 3791 Χριστῷ
853 3720 1080 3788 Ἰησοῦ·
1108 3720 1198 3785 είς
1226 3717 1258 3771 ὃ
1293 3718 1392 3771 καὶ
1420 3716 1610 3771 κοπιῶ
1650 3715 1998 3787 ἀγωνιζόμε-

410 3828 537 3877 νος.
573 3813 685 3879 Οὐχ
711 3808 897 3871 ἁπλῶς
929 3805 1236 3872 σπουδάζω,
1271 3807 1459 3877 φησὶν,
1496 3804 1619 3857 οὐδὲ
1666 3805 1741 3868 ὡς
1780 3804 1994 3875 ἔτυχεν,

411 3899 573 3963 ἀλλὰ,
602 3896 802 3950 Κοπιῶ
827 3893 1276 3966 ἀγωνιζόμενος,
1312 3893 1451 3964 μετὰ
1476 3893 1679 3965 πολλῆς
1703 3893 1805 3963 τῆς
1831 3910 1999 3946 σπου-

412 3987 531 4057 δῆς,
559 3985 826 4044 τπσυτέστι,
874 3983 1014 4054 μετά
1045 3982 1251 4052 πολλῆς
1284 3982 1387 4052 τῆς
1418 3982 1751 4051 ἀγρυπνίας.
1789 3982 1853 4034 Εί
1887 3981 1999 4047 ἐγὼ

414 4075 555 4143 ὑπὲρ
576 4073 685 4125 τῶν
722 4072 1006 4141 ὑμετέρων
1038 4070 1261 4138 ἀγαθῶν
1295 4068 1470 4132 οῦτως
1500 4068 1788 4139 ἀγρυετνῶ,
1816 4068 1998 4140 πολλῷ

418 4160 617 4231 μᾶλλον
651 4161 810 4229 ὑμεῖς
840 4159 1106 4227 ὀφείλετε.
1144 4153 1280 4211 Εἶτα
1308 4156 1471 4211 πάλιν
1507 4156 1722 4220 δεικνὺς
1753 4155 1894 4209 θεῖον
1914 4157 1996 4221 ὃν,

413 4252 579 4303 Κατὰ
610 4244 1046 4314 τὴνέι·ἐργειαν
1069 4245 1277 4309 αὐτοῦ,
1308 4244 1463 4314 φησὶ,
1490 4245 1605 4312 τὴν
1644 4244 1998 4313 ἐνεργουμέ-

414 4353 534 4403 νην
574 4336 644 4387 ἐν
697 4334 825 4402 ἐμοὶ
869 4335 939 4387 ἐν
970 4333 1241 4402 δυνάμει.
1284 4332 1568 4385 Δείκνυσιν
1611 4332 1694 4384 ὅτι
1723 4330 1819 4384 τοῦ
1862 4331 1997 4385 Θεοῦ

412 4424 573 4477 τοῦτο
607 4422 769 4493 ἔργον
807 4422 977 4475 ἐστίν.
1022 4421 1082 4471 '0
1121 4421 1306 4473 τοίνυν
1349 4420 1570 4489 ἰσχυρόν
1603 4436 1670 4486 με
1708 4418 1879 4473 ποιῶν
1918 4422 2000 4483 εἰς

414 4513 592 4575 τοῦτο,
632 4510 794 4581 δῆλον
830 4512 912 4564 ὅτι
944 4510 1101 4563 τοῦτο
1141 4509 1394 4577 βούλεται
1417 4524 1431 4538 ·
1463 4507 1544 4561 6:6
1574 4511 1668 4561 καὶ
1695 4508 2000 4578 άρχόμενός

415 4616 569 4671 φησι,
601 4599 703 4652 Διὰ
726 4598 1060 4669 θελήματος
1093 4598 1262 4650 Θεοῦ.
1292 4598 1455 4649 Ὥστε
1485 4595 1545 4648 οὐ
1578 4596 1737 4666 μόνον
1772 4598 1998 4667 μετριά-

418 4690 526 4751 ζων
541 4687 674 4739 αῦτδ
695 4688 963 4751 τέθεικεν,
992 4686 1129 4739 ἀλλά
1146 4687 1241 4739 καὶ
1259 4683 1615 4754 ἐπαληθεῦων
1634 4682 1711 4753 τῷ
1725 4684 1889 4754 λόγῳ,
1904 4685 2001 4737 καὶ

417 4774 871 4845 ἀγωνιζόμενος.
912 4776 1087 4828 Τοῦτο
1133 4775 1328 4834 εἰπὼν,
1374 4773 1648 4825 δείκνυσιν
1697 4772 1780 4824 ὅτι
1818 4770 2002 4824 πολλοὶ

419 4865 683 4935 μάχονται
698 4865 837 4935 πρὸς
855 4864 1035 4917 αὐτόν.
1056 4860 1189 4916 Εἶτα
1206 4866 1240 4932 ἡ
1265 4861 1613 4932 φιλοστοργία
1632 4860 1819 4931 πολλή·
1842 4859 2003 4913 Θέλω

416 4954 529 5023 γὰρ
556 4953 713 5023 ὑμᾶς
735 4955 953 5007 είδὲναι
984 4954 1202 5021 ἡλίκον
1229 4951 1431 5022 ἀγῶνα
1478 4951 1597 5019 ἔχω
1645 4950 1777 5018 περὶ
1812 4948 1999 5018 ὑμῶν,

417 5042 518 5095 καὶ
544 5042 661 5095 τῶν
676 5043 746 5095 ἐν
780 5042 1120 5107 Λαοδικείᾳ.
1160 5036 1292 5093 Εἶτα
1326 5040 1414 5092 ἵνα
1442 5039 1516 5108 μὴ
1538 5037 1667 5111 δόξῃ
1694 5038 1792 5108 τῆς
1820 5036 2002 5089 αὐτῶν

417 5130 705 5193 ἀσθενείας
738 5126 877 5183 εἶναι
907 5130 1088 5185 τοῦτο.
1119 5128 1323 5198 συνῆψε
1356 5131 1451 5179 καὶ
1503 5126 1748 5195 ἐτέρους,
1788 5125 1883 5178 καὶ
1911 5124 2004 5178 οὑ-

417 5218 567 5272 δέπω
608 5219 873 5287 κατέγνω.
910 5218 1021 5271 Καὶ
1065 5217 1198 5271 ὅσοι
1242 5219 1355 5284 οὺχ
1401 5212 1698 5281 ἑωράκασι
1724 5213 1790 5266 τὸ
1815 5213 2004 5279 πρόσ-

419 5308 584 5359 ωπόν
620 5324 741 5375 μου
808 5306 878 5359 ἐν
939 5305 1142 5373 σαρκί.
1191 5303 1363 5366 Θείως
1417 5302 1692 5355 δείκνυσιν
1740 5298 2000 5365 ἐνταῦθα,

418 5395 501 5448 61:
534 5395 560 5434 ι)
596 5395 781 5467 ἐώρων
810 5392 1048 5465 συνεχῶς
1077 5395 1135 5445 ἐν
1160 5391 1456 5467 πνεύματι.
1491 5391 1782 5461 Μαρτυρεῖ
1813 5388 1871 5441 δέ
1902 5388 2003 5442 αὺ-

484 5591 509 5619 I
535 5577 622 5628 Hic
640 5593 733 5628 non
768 5592 923 5648 pauca.
940 5576 1114 5627 omisxa
1139 5585 1252 5626 sunt
1278 5575 1330 5624 in
1361 5572 1587 5625 versione
1615 5569 1849 5622 Gentiani
1872 5568 2006 5620 Her-

420 5650 543 5696 \Tll.
567 5656 678 5703 quae
700 5656 787 5688 nos
807 5648 1133 5689 resutunnus.

488 5705 513 5743 b
536 5694 675 5751 Linus
696 5715 743 5752 el
767 5716 914 5765 marg.
940 5705 1111 5761 διινίιη
1135 5702 1257 5757 ξένον
1279 5717 1322 5748 τι
1346 5700 1579 5748 δείκνυσιν
1623 5694 1838 5745 ἐνταῦθα.
1864 5694 2004 5755 Λέγει

419 5767 510 5830 γὰρ
532 5768 631 5815 οτι.

1166 246 1222 302 s.
1262 244 1549 302 10:1:le
1586 204 1996 317 cnn‘vsolsro

2118 247 2437 305 ARCIIIEP.
2480 251 3026 312 CONSTANTINOP.

3585 259 3690 316 354

2119 367 2235 427 τοῖς
2259 366 2483 436 ἀγάπην
2505 367 2707 439 πολλήν
2726 386 2741 399 ·
2776 371 2857 425 διδ
2880 373 2976 425 καὶ
3001 373 3282 442 ἐπήγαγεν
3309 389 3322 403 ·
3358 373 3483 426 Ἵνα
3502 388 3691 443 παρα-

2107 452 2417 519 κληθῶσιν
2444 458 2506 509 αἱ
2535 457 2771 524 καρδίαι
2800 460 3020 525 αὐτῶν,
3053 461 3589 528 συμϐιϐασθέντων
3615 464 3687 515 ἐν

2106 540 2329 610 ἀγάπῃ,
2366 545 2463 597 καί
2492 548 2579 610 είς
2602 546 2798 601 πάντα
2833 550 3101 603 πλοῦτον
3128 550 3240 617 τῆς
3274 553 3686 620 πληροφορίας

2105 628 2218 696 τῆς
2247 630 2582 698 συνέσεως,
2601 638 2686 701 εὶς
2709 637 3039 705 ἐπίγνωσιν
3070 638 3179 690 τοῦ
3216 640 3554 707 μυστηρίου
3580 640 3685 692 τοῦ

2108 718 2257 771 Θεοῦ
2284 721 2516 788 Πατρός
2550 724 2647 774 καί
2679 724 2786 777 τοῦ
2812 725 3099 792 Χριστοῦ·
3131 727 3200 778 ἐν
3231 719 3280 793 ᾧ
3311 728 3431 779 είσι
3462 726 3686 793 πάντες

2105 808 2159 858 οί
2181 809 2471 877 θησαυροί
2496 809 2606 878 τῆς
2629 812 2852 879 σοφίας
2874 812 2973 865 καί
2997 812 3108 881 τῆς
3136 812 3414 883 γνώσεως
3432 815 3685 883 ἀπόκρυ-

2103 910 2224 959 εροι.
2264 895 2403 966 Ἤδη
2428 895 2613 949 λοιπὸν
2648 900 2871 952 σπεύδει
2906 902 2999 953 καὶ
3024 901 3203 953 ὼδίνει
3230 901 3487 971 ἐμϐαλεῖν
3524 904 3603 965 είς
3623 903 3685 954 τδ

2103 980 2300 1051 δόγμα,
2320 982 2443 1038 οὕτε
2468 986 2813 1056 κατηγορῶν,
2836 986 2960 1040 οὔτε
2989 988 3346 1041 ἀπαλλάττων
3368 989 3563 1053 αὐτοὺς
3586 990 3685 1060 τῆς

2105 1073 2463 1141 κατηγορίας.
2493 1075 2727 1141 Ἀγῶνα,
2743 1077 2928 1143 φησὶν,
2948 1075 3075 1146 ἔχω.
3098 1078 3216 1130 ἰνα
3231 1076 3549 1147 τίγένηται;
3568 1078 3683 1130 Ἵνα

2106 1160 2592 1233 συμϐιϐασθῶμεν.
2635 1166 2699 1215 Ὃ
2721 1164 2775 1215 δὲ
2802 1163 2974 1231 λέγει,
3006 1162 3164 1217 τοῦτό
3192 1167 3340 1219 ἐστιν
3363 1182 3376 1195 ·
3401 1166 3489 1219 ἵνα
3516 1165 3683 1220 στῶσι

2106 1245 2315 1316 βέϐαιοι
2353 1250 2412 1302 ἐν
2457 1252 2522 1320 τῇ
2559 1251 2761 1307 πίστει.
2808 1254 2948 1305 Ἀλλ’
2974 1253 3035 1305 οὐ
3080 1254 3295 1323 τίθησιν
3339 1253 3537 1320 οῦτως,
3568 1254 3684 1307 ἀλλ’

2105 1336 2469 1405 ὑποτέμνεται
2498 1338 2566 1392 τὰ
2590 1341 2689 1407 τῆς
2717 1342 3070 1412 κατηγορίας.
3104 1342 3413 1404 Τουτέστιν,
3438 1342 3525 1395 ἵνα
3549 1343 3683 1395 ἐνω-

2105 1421 2239 1475 θῶσι
2276 1425 2414 1494 μετά
2447 1427 2689 1496 ἀγάπης,
2733 1427 2853 1480 οὐδὲ
2902 1431 3040 1497 μετά
3072 1428 3340 1497 ἀνάγκης,
3392 1429 3512 1482 οὐδὲ
3547 1430 3685 1499 μετά

2106 1511 2251 1579 βίας.
2286 1512 2465 1584 Ὅπερ
2490 1514 2597 1584 γάρ
2626 1511 2800 1579 εἷπον,
2845 1516 3185 1586 Ἀνεπαχθής
3207 1518 3353 1569 ἐστιν
3381 1508 3471 1570 ἀεὶ
3501 1518 3684 1579 αὐτοῖς

2105 1600 2440 1670 ἐπιτρέπων,
2460 1603 2552 1654 καὶ
2568 1602 2654 1654 διὰ
2667 1602 2823 1654 τοῦτό
2841 1620 3023 1672 φησιν·
3058 1605 3320 1671 Ἀγωνιῶ,
3344 1604 3531 1675 ἐπειδὴ
3546 1605 3684 1675 μετά

2102 1688 2346 1759 ἀγάπης,
2381 1688 2475 1741 καὶ
2510 1691 2734 1754 ἑκόντας
2784 1690 3066 1760 βούλομαι.
3096 1691 3169 1743 Οὐ
3216 1691 3325 1761 γὰρ
3372 1691 3558 1755 ἁπλῶς
3586 1693 3685 1763 τὴν

2106 1776 2428 1847 συναγωγὴν
2444 1776 2707 1847 βούλομαι
2725 1777 2989 1845 γίνεσθαι,
3009 1779 3106 1847 οὐχ
3130 1779 3316 1842 ἁπλῶς
3339 1778 3416 1850 τῷ
3434 1779 3682 1849 στόματι,

2102 1863 2219 1915 ἀλλ’
2250 1864 2340 1915 ἵνα
2376 1865 2431 1917 αί
2476 1865 2693 1934 καρδίαι
2723 1865 2902 1916 αὐτῶν
2934 1865 3344 1936 παρακληθῶσι.
3396 1868 3685 1936 Συμόιόα-

2101 1950 2375 2006 σθέντων
2395 1954 2465 2006 ἐν
2490 1952 2691 2023 ἀγάπῃ
2711 1955 2796 2018 είς
2816 1953 3009 2007 πάντα
3038 1953 3305 2008 πλοῦτον
3325 1952 3434 2021 τῆς
3462 1957 3686 2024 πληροο

2102 2041 2319 2108 φορίας
2348 2041 2458 2109 τῆς
2483 2044 2812 2107 συνέσεως,
2845 2041 3155 2106 Τουτέστιν,
3190 2042 3276 2095 ῖνα
3293 2043 3431 2113 ὑπὲρ
3457 2042 3685 2113 μηδενὸς

2102 2130 2536 2199 ἀμφιϐάλλωσιν,
2582 2130 2649 2185 ἵν’
2690 2131 2829 2202 ὑπὲρ
2873 2126 3089 2186 πάντων
3134 2132 3685 2204 πεπληροφορημένοι

2102 2210 2223 2272 ὦσι.
2260 2218 2639 2291 Πληροφορίαν
2667 2219 2722 2273 δὲ
2748 2216 2869 2273 εἷπε
2892 2222 2987 2291 τὴν
3011 2220 3097 2273 διὰ
3130 2220 3365 2285 πίστεως
3386 2238 3402 2253 ·
3434 2220 3549 2274 ἐστι
3573 2221 3705 2290 γὰρ.

2103 2305 2452 2376 πληροφορία
2483 2307 2579 2359 καὶ
2604 2308 2637 2376 ή
2669 2307 2758 2359 διὰ
2790 2307 3087 2378 λογισμῶν,
3129 2308 3244 2361 ἀλλ’
3285 2308 3499 2372 οὐδενὸς
3525 2308 3684 2376 λόγου

2102 2394 2287 2464 ἐκείνη
2316 2388 2462 2458 ἅξία.
2489 2390 2639 2458 Οἶδα,
2672 2396 2856 2465 φησὶν,
2883 2395 2964 2447 61:
2985 2395 3291 2459 πιστεύετε,
3318 2394 3455 2448 ἀλλὰ
3480 2395 3685 2465 πληρο·

2104 2481 2413 2552 φορηθῆναι
2436 2483 2579 2551 ὑμᾶς
2603 2482 2885 2553 βούλομαι,
2912 2484 3009 2535 οὐκ
3034 2484 3112 2545 είς
3132 2482 3223 2535 τὸν
3250 2482 3477 2536 πλοῦτον
3502 2482 3682 2552 μόνον,

2108 2570 2225 2622 ἀλλ’
2260 2572 2367 2634 Εἰς
2396 2570 2597 2623 πάντα
2632 2571 2741 2623 τόν
2770 2570 3059 2635 πλοῦτον,
3091 2570 3175 2623 ἵνα
3208 2572 3301 2629 καὶ
3334 2572 3393 2623 ἐν
3420 2571 3555 2622 πᾶσι
3593 2572 3687 2623 καὶ

2102 2659 2505 2728 ἐπιτεταμένως
2556 2658 3106 2728 πεπληροφορημένοι
3147 2652 3267 2726 ἦτε.
3321 2656 3433 2709 Καὶ
3463 2647 3561 2709 θέα
3584 2655 3686 2727 τὴν

2106 2744 2321 2798 σύνεσιν
2346 2744 2440 2797 τοῦ
2479 2747 2752 2817 μακαρίου
2783 2747 2995 2799 τούτου.
3025 2747 3139 2799 Οὐκ
3165 2741 3338 2809 εἶπεν,
3372 2746 3453 2798 61:
3485 2745 3687 2807 Κακῶς

2105 2838 2330 2895 ποιεῖτε,
2363 2835 2443 2887 61:
2478 2835 2552 2886 Οὐ
2590 2835 3104 2906 πεπληροφόρησθε,
3141 2835 3233 2887 καὶ
3265 2833 3644 2904 κατηγόρησεν
3668 2848 3681 2862 ·

2103 2920 2242 2983 ἀλλ’,
2259 2922 2371 2974 Οὐκ
2389 2922 2502 2973 ῐστε
2520 2920 2640 2985 πῶς
2657 2922 2961 2987 σπουδάζω,
2977 2922 3063 2974 ἵνα
3079 2922 3184 2992 πλη
3193 2921 3529 2993 ροφορηθῆτε
3550 2920 3687 2991 μετά

2105 3010 2395 3075 συνέσεως,
2408 3012 2503 3061 καὶ
2522 3011 2619 3080 οὐχ
2638 3010 2845 3073 ἁπλῶς.
2871 3011 3088 3081 Ἐπειδὴ
3101 3012 3209 3080 γάρ
3231 3005 3350 3062 εἷπε
3368 3009 3570 3072 πίστιν,
3593 3007 3686 3079 Μὴ

2103 3098 2385 3168 νομίσητε,
2412 3098 2563 3170 [561]
2588 3100 2773 3170 φησὶν,
2794 3100 2874 3151 ὅτι
2898 3098 3084 3162 ἁπλῶς
3100 3100 3195 3150 καὶ
3217 3098 3495 3160 ἀνονήτως
3512 3092 3687 3159 εἶπον,

2105 3187 2243 3241 ἀλλὰ
2276 3189 2418 3258 μετά
2446 3189 2735 3251 συνέσεως,
2768 3188 2904 3257 μετά
2948 3189 3189 3256 ἀγάπης.
3222 3188 3328 3253 Είς
3357 3186 3688 3255 ἐπίγνωσιν

2104 3275 2212 3329 τοῦ
2241 3278 2583 3345 μυστηρίου
2628 3276 2735 3329 τοῦ
2788 3276 2937 3330 Θεοῦ
2980 3275 3231 3344 Πατρός,
3279 3275 3379 3327 καί
3414 3275 3520 3329 τοῦ
3556 3276 3689 3343 Χρι-

2105 3364 2277 3417 στοῦ.
2313 3365 2474 3416 Ὥστε
2494 3364 2589 3416 τοῦ
2615 3363 2751 3416 Θεοῦ
2776 3363 2934 3416 τοῦτό
2959 3365 3075 3415 ἐστι
3100 3364 3159 3415 τὸ
3179 3364 3501 3434 μυστήριον,
3521 3362 3581 3415 16
3599 3362 3687 3415 διὰ.

2104 3454 2197 3505 τοῦ
2224 3453 2353 3506 Υἱοῦ
2385 3454 2777 3524 προσάγεσθαι.
2828 3454 2938 3507 Καὶ
2963 3452 3071 3507 τοῦ
3096 3452 3380 3520 Χριστοῦ,
3412 3446 3545 3521 ἐ·νῷ
3566 3455 3688 3507 εισι

2105 3542 2329 3609 πάντες
2355 3547 2409 3596 οἱ
2434 3544 2725 3610 θησαυροί
2751 3542 2861 3609 τῆς
2888 3544 3110 3613 σοφίας
3140 3542 3239 3595 καὶ
3271 3542 3379 3611 τῆς
3409 3543 3688 3611 γνώσεως

2104 3631 2465 3700 ἀπόκρυφοι.
2497 3632 2560 3683 Εἰ
2586 3632 2643 3684 δὲ
2666 3633 2723 3683 έν
2752 3630 2901 3699 αὐτῷ
2925 3633 3083 3693 εἰσιν,
3114 3630 3224 3701 ἄρα
3259 3630 3440 3700 σοφῶς
3471 3632 3568 3683 καὶ
3590 3629 3686 3684 νῦν

2103 3714 2256 3788 ἦλθε.
2284 3720 2442 3782 Τίνος
2466 3715 2560 3772 οὖν
2577 3719 2765 3773 ’ἐνεκεν
2796 3718 3088 3785 ἐγκαλοῦσι
3105 3736 3249 3779 τινες
3269 3719 3379 3772 τῶν
3397 3720 3641 3788 ἀνοήτων
3664 3734 3681 3783 ;

2108 3808 2252 3877 Ὅρα
2282 3807 2396 3870 πῶς
2427 3810 2539 3870 τοῖς
2564 3808 2952 3877 ἁπλουστέροις
2981 3807 3323 3875 διαλέγεται·
3362 3808 3464 3861 Ἑν
3488 3800 3537 3874 ᾧ
3566 3808 3687 3859 εισι

2106 3896 2330 3959 πάντες
2360 3898 2414 3949 οί
2439 3897 2754 3963 θησαυροί.
2789 3896 2960 3958 Αὐτὸς
2985 3895 3162 3948 πάντα
3199 3890 3360 3948 οἶδεν.
3410 3896 3687 3962 Ἀπόκρυ-

2104 4001 2225 4052 φοι.
2267 3984 2358 4055 Μὴ
2397 3984 2505 4057 γὰρ
2536 3984 2599 4056 δὴ
2633 3984 2891 4055 νομίσητε
2941 3984 3041 4055 ἤδη
3078 3984 3139 4037 16
3172 3985 3280 4037 πᾶν
3326 3984 3504 4054 ἔχειν·
3548 3982 3688 4036 ἀπό-

2107 4072 2307 4143 κρυφοί
2330 4073 2434 4125 εἰσι
2471 4074 2564 4125 καὶ
2596 4072 2706 4126 ἀπὸ
2738 4072 3007 4140 ἀγγέλων,
3035 4072 3136 4123 οὐκ
3165 4072 3258 4140 ἀφ’
3289 4071 3443 4142 ὑμῶν
3488 4071 3682 4140 μόνον·

2106 4161 2248 4214 ὥστε
2276 4162 2407 4232 παρ’
2448 4162 2611 4215 αὐτοῦ
2641 4162 2721 4214 δεῖ
2748 4163 2924 4215 πάντα
2952 4162 3155 4213 αἰτεῖν·
3186 4160 3348 4225 αὐτὸς
3387 4159 3569 4213 δίδωσι
3599 4177 3687 4214 σο-

2108 4249 2237 4318 φίαν
2276 4250 2370 4302 καὶ
2404 4248 2626 4318 γνῶσιν.
2660 4248 2751 4318 Τῷ
2776 4249 2875 4319 μὲν
2898 4243 3011 4312 οὖν,
3047 4248 3369 4316 Θησαυροί,
3404 4248 3595 4312 είπεῖν,
3625 4248 3687 4302 16

2108 4335 2243 4389 πολὺ
2270 4335 2544 4388 δείκνυσι·
2572 4335 2650 4406 τῷ
2693 4336 2769 4399 δὲ,
2807 4333 3054 4400 Πάντες,
3083 4335 3146 4387 16
3178 4334 3315 4405 μηδὲ
3336 4334 3577 4402 ἀγνοεῖν·
3609 4333 3687 4405 τῷ

2106 4425 2185 4488 δὲ,
2222 4426 2597 4493 Ἀπόκρυροι,
2639 4424 2700 4476 16
2741 4424 2899 4494 μόνος
2932 4425 3150 4477 εἰδέναι.
3184 4422 3362 4477 Τοῦτο
3405 4420 3474 4474 δὲ
3509 4421 3684 4489 λέγω,

2108 4512 2209 4565 ἵνα
2266 4512 2352 4580 μη
2412 4530 2503 4578 τις
2560 4510 2716 4580 ὑμᾶς
2778 4509 3247 4581 παραλογίζηται
3307 4510 3378 4564 ἐν
3444 4515 3689 4565 πιθανο-

2108 4604 2303 4672 λογίςι.

2180 4689 2430 4759 γ’.’ορᾅς
2460 4690 2541 4742 61:
2578 4688 2667 4741 διά
2694 4686 2853 4740 τοῦτο
2890 4684 3063 4751 εἶπον,
3088 4686 3245 4757 φησὶ,
3281 4686 3479 4752 ταῦτα,
3504 4685 3590 4737 ἵνα
3613 4683 3689 4755 μὴ

2109 4778 2260 4849 παρά
2285 4777 2589 4849 ἀνθρώπων
2623 4776 2843 4848 ζητῆτε.
2873 4775 3364 4846 Παραλογίζηται,
3400 4776 3584 4845 φησὶν,
3617 4772 3689 4827 ἐν

2109 4866 2520 4934 πιθανολογίᾳ.
2553 4865 2619 4918 Τί
2650 4865 2780 4936 γάρ,
2809 4867 2857 4917 εί
2892 4864 3130 4927 πιθανῶς
3156 4865 3341 4932 λέγει;
3380 4864 3447 4915 Εἰ
3475 4863 3584 4933 γὰρ
3610 4859 3687 4930 τῇ

2109 4955 2289 5022 σαρκί
2326 4953 2546 5023 ἄπειμι,
2579 4954 2742 5007 ἀλλὰ
2772 4952 2852 5018 τῷ
2878 4954 3172 5022 πνεύματι
3210 4952 3332 5007 σὺν
3372 4951 3518 5021 ὑμῖν
3545 4952 3682 5018 εἰμι.

2109 5042 2183 5095 Τὸ
2209 5042 2499 5094 ἀκόλουθον
2531 5041 2690 5095 τοῦτο
2719 5038 2786 5113 ἦν
2816 5042 3014 5094 εἰπεῖν·
3042 5042 3103 5093 Ei
3135 5040 3241 5112 γάρ
3267 5041 3362 5094 καὶ
3402 5042 3468 5111 τῇ
3519 5037 3685 5108 σαρκὶ

2109 5133 2326 5201 ἄπειμι,
2360 5131 2473 5184 ἀλλ’
2507 5133 2656 5201 ὅμως
2687 5127 2805 5185 οἴδα
2849 5133 2975 5195 106;
3002 5132 3354 5193 ἀπατεῶνας·
3388 5129 3483 5183 νῦν
3516 5128 3572 5182 δέ
3607 5128 3689 5191 είς

2110 5219 2387 5289 ἐγκώμιον
2419 5218 2703 5287 κατέληξε.
2726 5220 2960 5287 Χαίρων
2987 5220 3083 5271 καὶ
3102 5218 3356 5282 ,ϐλέπων
3377 5214 3546 5285 ὑμῶν
3574 5214 3690 5281 τὴν

2110 5307 2285 5371 τάξιν
2308 5307 2403 5361 καί
2453 5306 2519 5361 τὸ
2560 5307 2865 5375 στερέωμα
2891 5306 2999 5375 τῆς
3032 5309 3119 5371 είς
3153 5305 3410 5375 Χριστόν
3430 5318 3691 5367 πίστεως

2110 5394 2299 5465 ὑμῶν.
2318 5395 2430 5465 Τὴν
2449 5396 2622 5461 τάξιν,
2650 5396 2749 5467 τὴν
2766 5395 3039 5461 εὐταξίαν,
3066 5395 3219 5465 φησί.
3250 5392 3355 5447 Καὶ
3384 5390 3691 5458 στερέωμα

2112 5482 2222 5550 τῆς
2257 5485 2345 5549 είς
2368 5483 2626 5551 Χριστὸν
2653 5484 2932 5548 πίστεως.
2957 5482 3140 5535 Ταῦτα
3170 5479 3461 5550 ἐγκωμίων
3491 5476 3692 5548 μᾶλλόν

2115 5574 2252 5626 ἐστι.
2281 5572 2392 5624 Καὶ
2417 5572 2517 5624 οὐκ
2537 5566 2682 5635 εἶπε,
2710 5572 2811 5642 τὴν
2839 5571 3045 5629 πίστιν,
3076 5569 3230 5631 ἀλλὰ,
3259 5567 3332 5622 Τὸ
3365 5565 3689 5633 στερέωμα,

2115 5656 2367 5726 καθάπερ
2413 5655 2551 5722 πρὸς
2612 5654 2950 5724 στρατιώτας
2984 5654 3261 5715 εὐτάκτως
3302 5649 3546 5710 ἑστῶτας
3596 5648 3691 5701 καὶ

2120 5743 2370 5812 βεϐαίως.
2424 5744 2464 5797 Τ
2468 5744 2497 5796 ὸ
2536 5742 2760 5814 στερρὸν
2787 5741 2886 5794 οὐκ
2914 5740 3120 5811 ἀπάτη,
3154 5741 3214 5793 οὐ
3242 5735 3543 5808 πειρασμὸς
3572 5734 3695 5790 δια-
