4120 6400
437 294 542 353 ’535

440 420 708 478 tamquam
756 419 1071 480 praisentem
1098 427 1110 462 :
1140 411 1218 465 sic
1264 408 1406 463 enim
1449 416 1693 461 servatur
1736 402 1891 456 ordo.
1941 400 2015 454 Ex

440 506 777 559 ﬁrmamento
799 505 1037 574 sequitur
1060 503 1318 557 densitas.
1353 502 1442 556 Sic
1469 499 1611 554 enim
1639 498 1698 550 ﬁt
1727 496 2020 549 ﬁrmamen-

440 604 577 657 tum,
606 593 819 664 quando
861 594 1023 647 multa
1066 602 1251 648 coacta
1299 607 1362 646 ac
1409 596 1727 659 congregata
1770 584 1937 638 dense
1964 588 2019 635 et

442 686 705 741 imlivulse
733 685 1203 755 conglutinaveris,
1245 694 1306 739 ut
1336 683 1394 737 ﬁt
1417 682 1471 735 in
1499 694 1671 733 muro.
1700 677 1813 731 Hoc
1840 684 2017 728 autem

438 788 524 832 est
548 793 682 847 epus
698 778 934 831 caritatis
963 794 977 830 :
1010 791 1098 832 eos
1116 777 1258 831 enim
1278 775 1366 844 qui
1393 772 1532 841 apud
1560 786 1618 825 se
1646 779 1786 831 sunt,
1807 763 2019 836 quando

441 879 633 925 exacte
664 870 1041 938 eonglutinarit
1065 882 1125 921 ac
1153 864 1505 933 conjunxerit,
1540 862 1703 915 fortes
1749 856 1922 913 reddit
1956 868 2018 908 ac

442 961 671 1016 solidos.
698 960 852 1014 Fides
876 973 1088 1029 quoque
1116 971 1299 1011 rursus
1328 955 1429 1009 hoc
1449 955 1619 1023 ipsum
1643 950 1788 1014 facit,
1807 944 2019 1017 quando

443 1067 553 1107 non
582 1052 709 1105 sinit
738 1050 942 1119 ingredi
970 1048 1267 1102 ratiocinia.
1303 1045 1434 1100 Nam
1472 1044 1607 1098 sicut
1630 1039 1905 1095 ratiocinia
1933 1034 2018 1088 di-

438 1142 626 1196 vidunt
652 1151 706 1196 et
731 1141 1065 1202 concutiunt,
1101 1139 1170 1193 ita
1201 1136 1499 1192 consolidat
1529 1133 1659 1187 ﬁdes
1693 1140 1747 1185 et
1775 1127 2017 1185 conden-

437 1245 541 1293 ειη..
570 1236 703 1302 Quia
732 1235 876 1290 enim
909 1234 1047 1288 Deus
1070 1248 1168 1286 nos
1191 1229 1481 1299 majoribus
1507 1225 1682 1281 aﬁ'eeit
1721 1220 2015 1285 beneﬁciis,

437 1342 597 1395 quam
618 1342 737 1396 qua:
762 1325 931 1394 pes-sit
952 1324 1181 1377 humana
1211 1320 1349 1375 ratio
1379 1316 1613 1387 assequi,
1640 1313 1831 1368 merito
1860 1310 2017 1365 ﬁdem

441 1419 753 1472 introduxit.
790 1417 928 1471 Fieri
950 1417 1092 1469 enim
1124 1428 1229 1468 non
1258 1418 1433 1481 potest
1453 1419 1510 1463 ut
1529 1407 1599 1463 sit
1636 1407 1819 1461 ﬁrmus
1844 1418 1907 1457 ac
1926 1417 2017 1456 so-

438 1510 599 1573 lidus,
631 1508 719 1578 qui
747 1508 909 1577 exigit
937 1506 1194 1560 rationes.
1229 1503 1365 1557 Ecce
1392 1500 1533 1554 enim
1554 1512 1672 1567 qua:
1700 1496 1938 1566 graviora
1965 1503 2021 1549 et

436 1599 640 1668 majora
669 1609 793 1652 sunt
839 1597 977 1666 apud
1010 1613 1127 1660 nos,
1157 1590 1445 1648 ratiociniis
1491 1604 1657 1643 vacua
1685 1587 1784 1642 soli
1822 1585 2019 1639 adlue—

437 1704 558 1747 reut
609 1690 772 1746 ﬁdei:
805 1690 1071 1759 Nusquam
1109 1697 1191 1741 est
1232 1686 1392 1750 Deus,
1422 1692 1477 1738 et
1514 1691 1596 1736 est
1640 1679 1855 1750 ubique.
1882 1677 2017 1745 Quid

436 1794 522 1838 est
554 1788 654 1841 hoc
683 1783 852 1852 magis
876 1798 904 1833 a
933 1780 1137 1834 ratione
1161 1778 1395 1833 alienum
1419 1775 1442 1829 ?
1467 1770 1892 1841 Unumquodque
1920 1784 2019 1840 per

437 1893 496 1931 se
539 1887 625 1933 est
662 1876 970 1947 perplexum
1014 1882 1069 1925 et
1111 1870 1370 1926 refertum
1414 1865 1765 1921 haesitatione.
1793 1862 1909 1916 Non
1936 1869 2020 1916 est

436 1970 578 2025 enim
603 1970 657 2023 in
680 1969 828 2032 loco;
858 1980 1028 2035 neque
1044 1973 1125 2019 est
1145 1964 1281 2018 ullus
1309 1962 1358 2015 in
1383 1974 1490 2030 quo
1518 1958 1587 2012 sit
1613 1957 1779 2012 locus.
1800 1953 1917 2008 Non
1938 1965 2021 2011 est

437 2062 667 2132 genitus,
694 2077 800 2116 non
830 2062 1063 2129 scipsum
1092 2057 1237 2121 fecit,
1270 2070 1375 2109 non
1405 2053 1567 2122 coepit
1592 2065 1732 2106 esse.
1765 2051 2018 2116 Quaenam

438 2156 578 2212 ratio
604 2155 718 2208 hmc
747 2152 1063 2222 susceperit,
1094 2152 1137 2204 si
1169 2166 1275 2206 non
1303 2149 1371 2202 sit
1395 2146 1564 2202 ﬁdes?
1603 2160 1780 2200 annon
1811 2142 2020 2197 videtur

438 2262 561 2302 esse
582 2244 883 2308 ridiculum,
911 2252 965 2296 et
1008 2242 1213 2296 nullum
1244 2240 1442 2295 habere
1471 2238 1629 2291 ﬁnem
1666 2234 1834 2304 magis
1858 2248 2017 2302 quam

439 2338 704 2408 aanigma?
732 2339 902 2405 Atque
931 2334 1072 2405 quod
1101 2334 1171 2387 sit
1205 2332 1322 2386 sine
1371 2327 1634 2400 principio
1673 2334 1727 2381 et
1757 2325 2020 2395 ingenitus

438 2442 493 2489 et
532 2428 1023 2497 incircumscriptus
1066 2434 1121 2481 et
1164 2424 1439 2485 inﬁnitus,
1488 2421 1558 2475 ita
1587 2428 1670 2475 est
1715 2416 1933 2472 dubium
1966 2424 2023 2473 et

442 2524 754 2595 perplexum
785 2520 962 2593 :quod
1007 2519 1078 2574 sit
1123 2526 1301 2572 autem
1347 2515 1714 2582 incorporeus,
1746 2509 2022 2565 videamus

440 2634 567 2673 num
581 2618 847 2687 possimus
866 2613 1117 2682 indagare
1142 2610 1370 2664 ratione.
1400 2606 1539 2660 Deus
1552 2612 1635 2659 est
1652 2604 2020 2670 incorporeus.

440 2710 578 2779 Quid
604 2719 686 2764 est
714 2705 1104 2777 incorporeus?
1141 2703 1324 2758 Solum
1350 2699 1568 2754 verbum
1596 2695 1795 2749 nudum
1826 2712 1840 2747 :
1870 2708 2024 2748 mens

440 2806 584 2858 enim
617 2802 748 2857 nihil
779 2800 1032 2869 suscepit,
1066 2810 1239 2866 neque
1290 2793 1391 2848 sibi
1438 2793 1657 2862 ligarant
1704 2788 1973 2858 impressit
2005 2803 2020 2839 :

445 2912 568 2950 nam
598 2895 643 2949 si
670 2893 892 2963 ﬁguram
924 2886 1277 2960 impresserit,
1316 2884 1465 2939 venit
1488 2882 1555 2937 ad
1582 2890 1847 2939 naturam,
1878 2889 1930 2932 et
1958 2893 2023 2932 ea

443 3006 563 3061 qum
596 2987 930 3043 constituunt
971 2995 1187 3051 corpus.
1235 2977 1594 3044 Quamobrem
1634 2973 1765 3029 dicit
1808 2970 2025 3041 quidem

444 3096 559 3147 ore,
588 3078 681 3134 sed
710 3076 836 3148 quid
862 3075 1007 3131 dicat
1048 3087 1154 3127 non
1204 3071 1355 3125 novit
1393 3067 1668 3138 cogitatio,
1717 3064 1817 3119 nisi
1862 3079 2026 3117 unum

445 3173 643 3233 solum,
666 3182 858 3239 nempe
883 3165 1024 3237 quod
1046 3180 1152 3219 non
1178 3165 1249 3217 sit
1277 3175 1495 3231 corpus,
1527 3159 1630 3213 hoc
1657 3159 1829 3212 solum
1857 3156 2025 3210 novit.

448 3266 519 3322 Et
563 3262 690 3334 quid
733 3262 854 3316 dico
885 3259 954 3315 de
983 3259 1133 3312 Deo?
1178 3255 1434 3309 inanima
1468 3252 1611 3308 enim
1659 3250 1787 3321 quid
1813 3259 1895 3305 est
1942 3250 2026 3303 iu-

446 3369 790 3426 corporeum,
820 3367 940 3422 qua:
966 3361 1047 3406 est
1078 3348 1237 3413 facta,
1265 3362 1383 3417 qua:
1408 3346 1634 3409 inclusa,
1664 3359 1783 3412 quae
1808 3343 2031 3397 cireum-

447 3447 738 3501 scribitur?
776 3444 895 3508 dic,
932 3439 1173 3495 ostende.
1217 3436 1322 3492 Sed
1368 3451 1472 3489 non
1523 3443 1695 3504 potes.
1762 3432 1860 3487 Est
1898 3430 2030 3486 aer?

446 3538 554 3595 Sed
604 3553 696 3592 aer
735 3544 818 3589 est
866 3547 1081 3601 corpus,
1136 3528 1343 3583 etiamsi
1390 3543 1496 3582 non
1538 3524 1811 3590 solidum,
1865 3533 1921 3578 et
1963 3538 2030 3577 ex

449 3633 632 3687 multis
651 3638 858 3684 constat
885 3628 1022 3697 quod
1048 3626 1117 3680 sit
1142 3637 1334 3693 corpus
1366 3622 1560 3676 laxum.
1606 3618 1746 3688 Ignis
1771 3616 1892 3673 eSI?
1924 3614 2031 3671 Sed

450 3726 586 3795 ignis
627 3732 710 3779 est
759 3735 953 3790 corpus
978 3760 991 3783 ,
1015 3716 1253 3787 operatio
1294 3721 1471 3769 autem
1512 3711 1703 3765 animae
1746 3720 1828 3763 est
1855 3708 2031 3761 incor-

449 3834 633 3889 porea.
681 3813 890 3881 Quare?
934 3810 1207 3880 Siquidem
1237 3807 1412 3861 omnia
1454 3802 1715 3874 pervadit.
1767 3800 1823 3856 Si
1855 3810 2031 3854 autem

454 3911 570 3980 ipsa
591 3918 671 3963 est
702 3920 919 3975 corpus,
960 3906 1012 3958 in
1058 3903 1176 3957 loco
1201 3908 1283 3955 est
1325 3900 1699 3967 incorporeum
1727 3910 1741 3947 :
1773 3908 1900 3962 ergo
1925 3892 2035 3946 eir-

453 3998 865 4060 cumscribitur;
897 3994 1038 4064 quod
1070 4002 1245 4045 autem
1284 3987 1756 4050 circumscribitur,
1778 3994 1857 4041 est
1888 3985 1939 4038 in
1968 3984 2032 4037 ﬁ-

451 4108 613 4165 gura;
646 4092 825 4160 ﬁgurae
856 4098 1034 4142 autem
1064 4101 1131 4140 cx
1161 4086 1337 4149 linea;
1369 4082 1525 4137 linea:
1549 4088 1726 4134 autem
1757 4088 1882 4133 sunt
1909 4093 2035 4131 cor-

454 4199 663 4255 porum.
707 4181 911 4235 Rursus
954 4177 1093 4247 quod
1131 4184 1219 4231 est
1259 4187 1455 4243 expers
1495 4174 1699 4241 ﬁgurae,
1748 4183 2033 4239 quamnam

454 4275 614 4330 habet
652 4268 963 4327 notionem?
991 4267 1105 4322 Non
1150 4266 1309 4320 habet
1353 4263 1598 4334 ﬁguram,
1638 4277 1744 4315 non
1783 4260 2033 4324 formam,

456 4384 560 4422 non
607 4367 805 4420 locum.
851 4361 1014 4416 Vides
1056 4357 1323 4428 quomodo
1359 4370 1509 4410 mens
1557 4353 1793 4424 caligat?
1832 4352 2037 4406 Rursus

457 4472 644 4513 natura
670 4456 757 4511 illa
787 4469 893 4508 non
916 4462 998 4507 est
1017 4465 1181 4520 capax
1203 4449 1460 4502 malorum
1490 4463 1505 4499 :
1535 4445 1629 4501 sed
1654 4455 1708 4501 et
1734 4460 1828 4499 sua
1846 4454 2037 4513 sponte

457 4551 719 4621 quispiam
750 4557 835 4604 est
855 4550 1025 4602 bonus
1054 4563 1066 4599 :
1098 4559 1226 4614 ergo
1248 4552 1331 4598 est
1356 4557 1543 4612 capax.
1565 4539 1671 4596 Sed
1702 4539 1806 4594 diei
1829 4554 1932 4593 non
1954 4555 2040 4606 po-

459 4652 596 4707 test;
626 4642 785 4696 absit.
814 4640 1019 4694 Rursus
1044 4636 1110 4691 ad
1141 4635 1241 4689 hoc
1282 4642 1340 4688 ut
1368 4642 1531 4697 esset,
1564 4631 1750 4687 volens
1777 4630 2037 4685 deductus

455 4742 562 4797 est,
591 4748 659 4785 an
687 4730 914 4785 nolens?
943 4729 1047 4784 Sed
1076 4742 1176 4781 nec
1213 4726 1315 4781 hoc
1338 4724 1441 4779 dici
1472 4731 1668 4794 potest.
1702 4722 1906 4777 Rursus
1935 4722 2040 4776 cir-

459 4822 769 4879 etimscribit
788 4822 971 4876 orbem
995 4828 1172 4885 terrm,
1190 4818 1406 4873 annon?
1424 4817 1479 4872 Si
1499 4832 1605 4871 non
1627 4816 2039 4883 circumscribit,

462 4919 576 4986 ipse
604 4914 1062 4971 circumscribitur
1092 4931 1106 4964 :
1132 4913 1177 4967 si
1205 4920 1382 4967 autem
1413 4911 1823 4976 circumscribit,
1845 4920 1929 4966 est
1955 4911 2039 4964 in-

464 5008 643 5061 ﬁnitus
695 5013 905 5059 natura.
967 5004 1173 5057 Rursus
1217 5001 1934 5072 eircttmseribitseipsum?
1984 5001 2040 5057 Si

460 5096 855 5154 circumscribit
880 5095 1139 5166 scipsum,
1168 5110 1273 5149 non
1301 5104 1383 5150 est
1407 5109 1534 5163 ergo
1560 5093 1658 5147 sibi
1706 5095 1823 5149 sine
1853 5093 2042 5165 prineio

463 5190 573 5259 pio,
604 5189 697 5243 sed
728 5187 881 5243 nobis
910 5204 923 5240 :
957 5203 1063 5241 non
1084 5194 1171 5242 est
1217 5200 1348 5256 ergo
1396 5195 1584 5240 natura
1611 5185 1728 5239 sine
1757 5186 2040 5255 principio.

464 5279 674 5350 Ubique
706 5288 918 5348 oportet
946 5278 1076 5333 dare
1101 5278 1392 5332 contraria.
1429 5275 1590 5331 Vides
1614 5286 1808 5346 quanta
1839 5277 1910 5332 sit
1946 5292 2041 5331 ea-

466 5371 593 5440 ligo,
623 5380 675 5425 et
701 5370 840 5439 quod
872 5369 1068 5439 ubique
1095 5384 1229 5439 opus
1260 5369 1331 5424 sit
1369 5368 1513 5424 ﬁde?
1541 5368 1657 5438 Ipsa
1692 5378 1775 5423 est
1803 5369 1953 5423 ﬁrma
1982 5384 2046 5425 ac

464 5461 657 5516 solida.
689 5462 793 5516 Sed
816 5462 860 5516 si
883 5462 1065 5527 vultis,
1098 5462 1375 5516 veniamus
1404 5459 1468 5515 ad
1502 5461 1583 5515 his
1609 5460 1838 5515 minora.
1874 5460 2047 5515 Habet

466 5554 831 5623 operationem
855 5554 943 5609 illa
974 5554 1227 5609 essentia.
1253 5552 1321 5607 Et
1340 5552 1465 5623 quid
1488 5561 1572 5607 est
1601 5551 1653 5606 in
1685 5567 1749 5607 eo
1766 5552 2045 5621 operatio?

468 5655 716 5700 metusne
761 5645 988 5715 aliquis?
1036 5644 1152 5701 Net.
1197 5653 1281 5701 est
1325 5659 1455 5714 ergo
1498 5642 1844 5697 immutabilis
1878 5660 1891 5696 :
1922 5658 2045 5699 nam

467 5738 608 5808 quod
640 5749 901 5807 movetur,
947 5756 1053 5796 non
1080 5751 1159 5796 est
1201 5737 1530 5795 immutabile
1562 5755 1572 5790 :
1608 5752 1729 5793 nam
1756 5753 1819 5794 ex
1851 5737 2040 5794 immo-

1141 294 1201 352 S.
1238 292 1514 350 JOANNIS
1550 286 2018 347 CIIRYSOSTOMI
2055 283 2369 341 ARClllEP.
2407 284 2930 343 CONSTANTINOP.

3600 284 3703 352 336

2125 396 2330 451 bilitate
2373 410 2636 454 movetur.
2679 400 2783 456 Sed
2827 413 3001 459 tamen
3030 415 3290 469 movetur,
3318 416 3373 462 et
3412 422 3699 479 numquam

2123 496 2246 542 stat.
2296 489 2535 557 Quonam
2582 502 2759 547 autem
2793 504 2964 560 motu,
3006 495 3357 565 die,quarso?
3409 501 3547 568 apud
3601 518 3700 559 nos

2121 579 2263 634 enim
2296 588 2422 634 sunt
2464 589 2691 651 septem,
2726 598 2975 649 sursum,
3016 584 3288 652 deorsum,
3331 589 3487 652 intra,
3535 592 3698 660 foras,

2121 671 2332 726 sinistra
2357 712 2371 735 ,
2397 672 2604 739 dextra,
2636 675 2962 731 circulariter
2986 691 3001 727 ε
3026 688 3117 735 aut
3157 681 3202 734 si
3254 696 3358 736 non
3404 682 3524 751 hoc,
3573 701 3701 757 aug-

2122 773 2359 817 mentum
2384 804 2400 828 ,
2431 764 2710 821 diminutio
2731 808 2747 832 ,
2774 779 2925 824 ortus
2944 811 2959 833 ,
2991 770 3232 827 interitus
3256 815 3271 837 ,
3301 774 3562 831 alteratio.
3590 778 3697 834 Sed

2122 853 2267 906 nullo
2294 853 2504 918 horum,
2539 872 2723 911 verum
2767 874 2833 912 eo
2869 869 3016 915 motu
3059 879 3166 932 quo
3208 880 3381 932 mens,
3410 880 3650 924 movetur
3674 874 3700 926 ?

2123 942 2229 997 Sed
2275 959 2375 999 nec
2402 943 2503 999 hoe
2545 947 2798 1016 quidem;
2831 950 3005 1004 absit:
3040 954 3092 1007 in
3133 954 3314 1009 multis
3356 959 3497 1011 enim
3535 961 3697 1014 etiam

2121 1035 2348 1090 absurde
2370 1052 2524 1092 mens
2544 1051 2806 1095 movetur.
2838 1041 2989 1097 Velle
3008 1053 3092 1099 est
3110 1053 3318 1114 eperari
3337 1048 3361 1101 ?
3381 1066 3571 1107 omnes
3602 1070 3699 1107 au-

2123 1134 2227 1180 tem
2271 1127 2511 1183 homines
2541 1130 2654 1183 vult
2693 1145 2817 1186 esse
2863 1133 3033 1188 bonos
3080 1146 3135 1191 et
3173 1139 3393 1197 salvos:
3429 1145 3705 1212 quomodo

2123 1233 2227 1272 non
2256 1220 2315 1273 ﬁt
2338 1220 2360 1274 ?
2383 1220 2488 1275 Sed
2518 1222 2659 1277 aliud
2679 1234 2762 1278 est
2786 1226 2942 1293 velle,
2960 1227 3103 1284 aliud
3127 1235 3379 1300 operari?
3408 1237 3488 1291 Ad
3510 1253 3699 1307 opera-

2121 1309 2321 1364 tionem
2349 1326 2476 1381 ergo
2504 1330 2609 1368 non
2635 1315 2832 1370 sufﬁcit
2875 1319 3012 1373 velle
3044 1337 3058 1374 :
3090 1320 3372 1388 Quomodo
3416 1341 3545 1397 ergo
3569 1330 3700 1385 dicit

2120 1400 2414 1472 Scriptura,
2446 1404 2631 1459 Omnia
2658 1424 2979 1477 quascumque
3004 1411 3160 1465 voluit
3190 1414 3307 1483 fecit
3337 1415 3356 1488 (
3384 1416 3532 1473 Psal.
3574 1421 3697 1476 H5.

2123 1494 2263 1565 ‘11)?
2288 1504 2343 1549 et
2387 1512 2572 1551 rursus
2601 1499 2842 1567 leprosos
2869 1503 2998 1557 dicit
3025 1504 3257 1572 Christo,
3290 1509 3354 1563 Si
3389 1511 3528 1578 velis,
3561 1524 3701 1583 potes

2121 1604 2201 1640 me
2227 1590 2471 1643 mundare
2486 1589 2694 1659 (Matth.
2723 1594 2775 1647 8.
2800 1593 2859 1662 9)
2882 1595 2904 1647 7
2924 1595 3092 1651 Vultis
3110 1598 3252 1654 aliud
3272 1616 3483 1672 quoque
3500 1604 3700 1661 dicam?

2121 1678 2399 1743 Quomodo
2417 1696 2485 1735 ex
2511 1682 2574 1735 iis
2595 1699 2711 1750 qua:
2742 1699 2847 1738 non
2872 1695 3047 1752 erant,
3076 1687 3213 1743 facta
3243 1701 3364 1745 sunt
3390 1709 3510 1763 qua:
3534 1700 3703 1751 sunt?

2120 1771 2390 1839 quomodo
2412 1775 2465 1827 in
2497 1773 2719 1828 nihilum
2746 1776 3154 1836 dissolvuntur?
3180 1782 3315 1851 Quid
3345 1797 3425 1840 est
3465 1790 3597 1844 emlo
3623 1791 3701 1844 al-

2122 1863 2263 1918 tius?
2302 1864 2393 1919 illo
2422 1875 2605 1920 autem
2650 1867 2810 1925 altius
2836 1871 3006 1940 quid?
3031 1882 3086 1927 et
3132 1874 3226 1929 illo
3256 1878 3379 1945 quid
3403 1880 3429 1932 ?
3469 1890 3526 1934 et
3573 1884 3701 1952 quid

2122 1965 2241 2026 post
2261 1957 2431 2011 illud?
2456 1970 2511 2013 et
2531 1958 2633 2015 hoe
2653 1962 2706 2013 in
2737 1961 3023 2017 inﬁnitum.
3048 1964 3183 2032 Quid
3204 1966 3339 2023 infra
3367 1981 3561 2025 terram
3582 1976 3709 2027 est?-

2122 2063 2271 2103 mare
2300 2064 2315 2102 :
2340 2056 2394 2103 et
2416 2061 2532 2118 post
2556 2051 2727 2121 ipsum
2757 2054 2927 2122 quid?
2966 2066 3021 2111 et
3048 2072 3231 2113 rursus
3258 2071 3376 2129 post
3403 2063 3529 2117 illud
3551 2066 3574 2118 ?
3594 2065 3703 2121 Sed

2122 2140 2175 2194 in
2217 2140 2451 2197 dexteris
2480 2152 2535 2197 et
2580 2144 2811 2201 sinistris
2840 2162 3020 2205 nonne
3067 2152 3253 2207 eadem
3293 2164 3375 2210 est
3399 2156 3706 2214 dubitatio?

2192 2239 2243 2289 4.
2287 2235 2390 2289 Sed
2434 2235 2550 2291 hinc
2597 2238 2813 2308 quidem
2863 2242 2963 2296 sub
3011 2255 3285 2314 aspectum
3335 2262 3441 2304 non
3482 2251 3695 2308 cadunt.

2123 2325 2295 2380 Vultis
2321 2327 2373 2381 in
2401 2328 2467 2381 iis
2511 2344 2631 2398 qua:
2665 2341 2959 2387 cernuntur
2982 2334 3312 2392 deducamus
3351 2341 3648 2397 orationem
3675 2345 3707 2397 ἲ

2123 2418 2176 2472 ἱη
2202 2418 2266 2472 iis
2286 2435 2405 2490 qua:
2426 2420 2535 2489 jam
2563 2425 2902 2478 evenerunt?
2928 2426 3023 2481 Dic
3061 2429 3490 2500 mihi,quomodo
3528 2434 3705 2491 bellua

2122 2509 2311 2565 Jonam
2336 2511 2562 2567 habebat
2604 2514 2657 2568 in
2689 2525 2896 2581 ventre,
2922 2526 2979 2572 et
3026 2520 3069 2572 is
3109 2536 3218 2575 non
3250 2522 3496 2591 peribat?
3524 2541 3705 2581 annon

2126 2601 2179 2656 id
2208 2616 2400 2673 expers
2426 2613 2508 2659 est
2538 2606 2798 2661 rationis?
2828 2622 3005 2662 annon
3037 2619 3239 2667 temere
3261 2616 3541 2670 movetur?
3570 2634 3705 2685 quo-

2125 2694 2285 2748 modo
2311 2694 2457 2765 justo
2481 2698 2757 2766 pepercit?
2786 2700 3061 2769 quomodo
3083 2703 3229 2756 calor
3250 2718 3355 2757 non
3382 2720 3503 2758 eum
3535 2707 3703 2762 suﬁ'o-

2125 2788 2304 2841 cavit?
2331 2789 2601 2857 quomodo
2632 2806 2741 2844 non
2777 2791 3095 2860 putrefeeit?
3128 2794 3259 2848 Nam
3290 2796 3334 2849 si
3365 2797 3417 2851 in
3444 2799 3711 2867 profundo

2128 2879 2298 2934 solum
2337 2895 2477 2941 esse,
2508 2882 2867 2950 periculosum
2914 2892 3036 2950 est;
3068 2900 3187 2942 esse
3217 2888 3376 2942 etiam
3405 2889 3457 2943 in
3486 2891 3705 2946 visceri-

2128 2971 2249 3035 bus,
2276 2972 2411 3026 etin
2450 2972 2542 3026 illo
2582 2974 2785 3040 calore,
2817 2975 2974 3044 longe
3017 2977 3390 3045 periculosius.
3424 2980 3711 3047 Quomodo

2130 3060 2279 3115 illine
2304 3062 2535 3132 spirabat
2563 3065 2789 3119 aerem?
2824 3067 3096 3135 quomodo
3120 3068 3327 3124 duobus
3350 3072 3709 3127 animantibus

2129 3153 2428 3208 Sufﬁciebat
2464 3155 2787 3223 respiratio?
2808 3158 3079 3225 quomodo
3105 3167 3283 3214 autem
3322 3176 3445 3215 eum
3475 3165 3711 3217 evomuit

2133 3244 2355 3298 illa-sum
2377 3245 2400 3299 ?
2425 3246 2695 3314 quomodo
2725 3258 2781 3302 et
2810 3247 3172 3318 loquebatur?
3198 3253 3467 3321 quomodo
3494 3263 3547 3308 et
3572 3256 3708 3324 apud

2133 3350 2191 3390 se
2215 3348 2331 3391 erat
2356 3348 2410 3392 et
2435 3338 2791 3405 precabatur?
2812 3356 2990 3395 annon
3026 3353 3150 3396 sunt
3193 3342 3307 3399 haec
3334 3345 3660 3402 incredibilia
3684 3348 3711 3400 ?

2133 3430 2489 3493 Incredibilia,
2518 3431 2563 3487 si
2607 3433 2812 3488 ratione
2857 3435 3233 3504 exquiramus;
3276 3437 3320 3490 si
3354 3445 3531 3492 autem
3583 3439 3708 3500 lide.

2133 3524 2288 3578 valde
2330 3523 2631 3578 credibilia.
2683 3524 2869 3579 Dicam
2899 3535 2955 3580 et
3002 3527 3144 3595 quod
3189 3538 3272 3582 est
3310 3529 3411 3584 hoe
3453 3531 3716 3601 amplius?

2136 3614 2483 3670 Frumentum
2514 3618 2565 3670 in
2596 3616 2717 3672 sinu
2747 3627 2905 3673 terrae
2951 3620 3313 3690 corrumpitur
3356 3631 3413 3677 et
3457 3625 3707 3693 resurgit.

2138 3708 2267 3763 Vide
2300 3710 2551 3764 miracula
2596 3711 2883 3777 contraria,
2926 3719 2981 3766 et
3015 3728 3133 3783 qua:
3174 3713 3399 3769 alterum
3440 3717 3509 3771 ab
3547 3717 3717 3773 altero

2136 3802 2421 3855 vincuntur
2447 3820 2461 3856 :
2491 3812 2574 3857 est
2615 3802 2916 3857 mirandum
2960 3804 3100 3874 quod
3132 3822 3237 3860 non
3266 3808 3600 3876 putruerint;
3633 3819 3719 3865 est

2139 3892 2441 3947 mirandum
2466 3894 2609 3963 quod
2638 3893 2931 3962 putrefacta
2962 3898 3375 3953 resurrexerint.

2207 3982 2396 4039 Contra
2420 4001 2504 4038 eos
2530 3986 2615 4055 qui
2636 3986 3049 4040 resurrectionem
3077 3988 3344 4058 negabant.
3374 4018 3446 4030 —
3472 3991 3571 4046 Ubi
3596 4000 3720 4047 sunt

2139 4077 2226 4146 qui
2274 4091 2379 4131 non
2424 4076 2650 4131 credunt
2694 4079 3096 4146 resurrectioni,
3144 4092 3200 4135 et
3246 4080 3470 4138 dicunt:
3501 4083 3616 4139 Hoc
3655 4100 3719 4140 os

2140 4169 2408 4239 quomodo
2448 4168 2570 4224 huic
2609 4170 3044 4240 conglutinatur?
3087 4181 3140 4226 et
3179 4172 3442 4241 ejusmodi
3481 4174 3719 4231 fabulosa

2140 4259 2509 4315 introducunt.
2545 4260 2639 4314 Dic
2680 4261 2832 4327 mihi,
2876 4259 3026 4317 Elias
3063 4262 3335 4332 quomodo
3376 4267 3620 4322 ascendit
3666 4269 3719 4321 in

2142 4367 2301 4407 curru
2343 4352 2478 4421 ignis
2508 4352 2602 4422 (4.
2626 4351 2756 4420 Reg.
2793 4351 2849 4407 2.
2880 4353 2940 4407 11
2976 4351 3043 4423 )?
3072 4354 3212 4423 Ignis
3235 4356 3373 4411 solet
3403 4371 3580 4423 urere,
3613 4374 3719 4411 non

2141 4459 2352 4498 sursum
2391 4445 2597 4499 tollere.
2638 4444 2918 4512 Quomodo
2960 4446 3087 4502 vivit
3126 4456 3329 4502 tantum
3362 4452 3627 4520 tempus?
3667 4450 3723 4504 in

2142 4549 2248 4604 quo
2288 4541 2372 4589 est
2408 4534 2567 4589 loco?
2596 4549 2759 4604 quare
2809 4535 2910 4590 hoc
2950 4534 3149 4591 factum
3188 4539 3314 4592 est?
3369 4538 3487 4605 Quo
3536 4549 3714 4593 autem

2147 4627 2430 4683 translatus
2456 4636 2539 4684 est
2565 4627 2793 4682 Enoch?
2837 4645 2971 4683 eone
3013 4630 3134 4685 cibo
3168 4632 3401 4685 vescitur
3429 4646 3537 4701 quo
3577 4648 3675 4686 nos
3700 4632 3726 4684 ?

2146 4730 2200 4776 et
2223 4721 2349 4792 quid
2378 4731 2522 4777 vetat
2545 4722 2833 4792 quominus
2859 4723 2928 4776 sit
2954 4722 3077 4777 hic?
3125 4724 3197 4777 At
3241 4740 3345 4777 non
3375 4724 3643 4778 vescitur?
3672 4733 3726 4777 et

2147 4829 2243 4867 cur
2271 4812 2372 4867 fuit
2417 4813 2750 4868 translatus?
2788 4813 2919 4869 Vide
2950 4814 3115 4868 Deum
3160 4815 3415 4884 paulatim
3456 4831 3554 4871 nos
3600 4830 3725 4869 eru-

2148 4907 2404 4961 dientem.
2442 4905 2734 4960 Transtulit
2774 4904 2956 4960 Enoch
2982 4923 2996 4959 :
3025 4905 3127 4961 hoc
3170 4922 3276 4959 non
3320 4914 3405 4960 est
3450 4921 3723 4976 magnum.

2149 4997 2262 5052 Hoc
2286 5011 2383 5051 nos
2410 4995 2594 5050 docuit
2628 4997 2682 5050 in
2723 4997 2850 5049 [ﬁliae
2882 4996 2938 5050 in
2967 4996 3132 5051 altum
3160 4997 3460 5051 evectione.
3491 4996 3725 5051 Rursum

2149 5092 2363 5147 inclusit
2388 5091 2502 5147 Noe
2525 5091 2578 5145 in
2607 5107 2730 5146 arca
2759 5108 2968 5161 :neque
2989 5093 3090 5146 hoc
3117 5102 3199 5147 est
3224 5093 3293 5147 ita
3315 5106 3586 5162 magnum.
3615 5089 3729 5145 Hoc

2150 5199 2249 5238 nos
2275 5183 2453 5238 docuit
2478 5183 2534 5237 in
2555 5184 2829 5253 prepheue
2852 5184 3149 5239 inclusione
3176 5185 3227 5238 in
3254 5193 3394 5239 ceto.
3425 5183 3516 5238 Sic
3542 5192 3729 5237 vetera

2150 5289 2361 5345 quoque
2409 5274 2832 5343 prmcursoribus
2874 5289 3009 5344 opus
3060 5275 3360 5329 habuerunt
3408 5284 3469 5329 et
3517 5273 3728 5340 ﬁguris.

2150 5366 2299 5421 Sicut
2318 5365 2459 5419 enim
2490 5365 2543 5418 in
2565 5364 2724 5419 scalis
2755 5364 2961 5433 primus
2979 5364 3178 5434 gradus
3204 5362 3515 5419 transmittit
3538 5362 3606 5416 ad
3635 5378 3728 5416 se-

2150 5458 2415 5522 cundum;
2443 5473 2474 5511 a
2503 5458 2674 5528 primo
2712 5467 2892 5512 autem
2919 5472 3025 5511 non
3069 5457 3194 5513 licet
3243 5456 3425 5512 venire
3457 5454 3525 5510 ad
3568 5470 3729 5526 quar-

2152 5561 2288 5618 tum,
2312 5559 2369 5605 et
2391 5551 2490 5605 iste
2514 5550 2581 5605 ad
2614 5551 2787 5615 illum,
2822 5558 2882 5604 ut
2910 5550 2997 5604 ille
3024 5549 3093 5604 ad
3121 5550 3279 5603 istum
3316 5550 3387 5603 sit
3408 5549 3491 5602 via
3512 5565 3528 5612 ;
3553 5563 3729 5617 neque

2152 5652 2278 5698 ante
2306 5642 2532 5713 primum
2574 5642 2687 5697 ﬁeri
2732 5652 2906 5711 potest
2936 5652 2996 5696 ut
3017 5642 3262 5697 veniatur
3288 5642 3357 5697 ad
3384 5641 3677 5697 secundum
3710 5658 3725 5692 :

2157 5738 2225 5793 ita
2248 5736 2331 5793 hic
2360 5751 2587 5809 quoque.
2622 5737 2687 5792 Et
2726 5736 2847 5791 vide
2892 5736 3038 5807 signa
3080 5735 3351 5807 signorum
3386 5747 3485 5792 :et
3524 5734 3729 5790 videbis
