4120 6400
462 298 569 353 337

460 415 606 482 ἰξρω
636 411 934 482 ἀγάγωμεν
963 415 1054 468 16v
1079 417 1236 485 λόγον
1259 435 1273 449 ο
1329 419 1433 472 ἔδει
1467 421 1843 490 πιστευθῆναι,
1872 420 1953 473 ὅτι
1975 419 2036 485 ἐξ

461 497 657 549 αὑτοῦ·
698 497 752 548 τί
778 492 908 562 οὗν;
943 497 1155 553 Γίνεται
1203 500 1383 565 τοῦτο,
1419 503 1676 572 ἀμυδρῶς
1702 503 1821 572 μὲν,
1855 503 1952 556 ἇτε
1979 505 2038 555 ἐν

460 579 618 650 τύπῳ
641 581 734 631 καὶ
767 581 912 648 σκιᾷ,
937 580 1075 648 πλὴν
1099 583 1338 650 γίνεται·
1374 585 1469 638 καὶ
1490 584 1680 655 προϊὸν
1705 584 2039 654 σαφέστερόν

463 680 582 724 πως
610 664 843 730 γίνεται.
878 664 965 730 Ἐξ
1013 666 1303 735 ἀνθρώπου
1341 669 1504 738 μόνου
1554 669 1715 739 γυνὴ,
1757 669 1850 722 καὶ
1887 668 2040 738 μένει

463 750 670 810 ἐκεῖνος
696 747 1008 819 ὁλόκληρος.
1047 747 1216 804 Πάλιν
1242 753 1341 820 τῆς
1380 753 1443 805 ἐκ
1482 752 1762 822 Παρθένου
1789 754 2040 822 κυήσεως

462 833 569 884 ἔδει
601 831 856 900 γενέσθαι
885 850 938 884 τι
965 834 1281 903 τεκμήριον.
1315 835 1502 887 Τίκτει
1537 835 1841 907 πεῖραΙοὺχ
1869 835 2036 901 ἆπαξ,

463 915 602 967 ἀλλά
659 915 752 967 καὶ
803 915 1055 985 δεύτερον
1098 918 1192 969 κα)⁵
1237 918 1420 987 τρίτον
1468 919 1563 970 καὶ
1598 917 1880 981 πολλάκις.
1927 918 2041 988 Τῆς

467 999 565 1066 μέν
597 995 690 1051 οὖν
717 1001 779 1050 ἐκ
813 999 1088 1069 Παρθένου
1119 1003 1426 1071 γεννήσεως
1452 1001 1669 1074 τύποςή
1694 1005 1907 1073 στεῖρα·
1946 1003 2041 1054 καὶ

463 1079 600 1148 αῦτη
629 1081 775 1152 [564]
803 1083 1163 1152 παραπέμπει
1188 1086 1253 1152 τῇ
1294 1085 1474 1137 πίστει
1505 1086 1604 1149 τὴν
1634 1085 1893 1138 διάνοιαν.
1932 1085 2042 1138 Πά-

463 1164 546 1214 λιν
571 1161 728 1215 τοῦτο
754 1164 922 1227 τύπος
949 1165 1166 1232 ἐγένετο
1198 1165 1289 1218 τοῦ
1321 1167 1480 1236 μόνον
1501 1167 1759 1221 δύνασθαι
1783 1169 2041 1238 γεννῆσαι

458 1245 555 1296 -τδν
589 1245 741 1300 Θεόν.
791 1246 854 1299 Εἰ
885 1248 993 1317 γὰρ
1023 1248 1358 1319 κυριώτερον
1402 1250 1708 1320 ἄνθρωπος,
1742 1252 1836 1304 καὶ
1869 1252 2042 1320 χωρὶς

462 1327 654 1380 τούτου
687 1330 956 1394 τίκτεται,
1011 1330 1190 1400 πολλῷ
1232 1331 1433 1400 μᾶλλον
1473 1335 1537 1385 ἐκ
1578 1331 1673 1386 τοῦ
1705 1333 2040 1402 κυριωτέρου

463 1416 740 1479 γεννᾶται.
767 1415 921 1466 Ἔστι
953 1416 1046 1466 καὶ
1077 1415 1213 1483 άλλη
1242 1416 1497 1486 γέννησις
1541 1420 1640 1487 τῆς
1670 1417 1924 1488 ἀληθείας
1951 1415 2043 1468 τύ-

465 1512 590 1561 πος,
618 1498 650 1566 ἡ
679 1497 922 1567 ήμετέρα
964 1498 996 1566 ή
1051 1499 1115 1550 ἐκ
1155 1499 1490 1568 Πνεύματος.
1549 1499 1768 1570 Ταύτης
1819 1499 2041 1570 πάλινή

469 1581 656 1648 στεῖρα
688 1581 876 1644 τύπος,
931 1583 1014 1634 ὃτι
1041 1582 1140 1634 οὐκ
1169 1581 1229 1646 ἐξ
1271 1582 1553 1652 αίμάτων’
1595 1581 1736 1653 αῦτη
1783 1582 1882 1652 τῆς
1933 1583 2044 1637 ἄνω

467 1665 794 1732 γεννήσεως.
831 1664 894 1717 Ἢ
931 1665 1027 1731 μὲν
1064 1661 1158 1718 οὖν
1190 1665 1359 1735 αὐτῆς
1400 1665 1460 1718 16
1494 1664 1703 1728 ἀπαθὲς
1745 1665 2038 1729 δείκνυσιν,

469 1747 503 1814 η
532 1745 588 1798 δέ
623 1745 683 1799 τὸ
715 1748 779 1798 ἐκ
816 1747 978 1817 μόνου
1002 1746 1261 1801 δύνασθαι
1287 1747 1602 1814 γεννᾶσθαι.
1628 1749 1784 1801 Ἔστι
1810 1748 2044 1818 Χριστὸς

468 1830 580 1882 ἀνω
612 1831 829 1884 πάντων
850 1831 1070 1900 κρατῶν
1088 1849 1101 1862 ο
1133 1831 1240 1884 ἔδει
1268 1831 1619 1902 πιστευθῆναι
1637 1831 1816 1884 τοῦτο.
1830 1831 2045 1885 Γίνεται

467 1913 625 1967 τοῦτο
649 1916 706 1969 ἐν
733 1919 796 1986 τῇ
833 1919 902 1985 γῇ
943 1917 1035 1969 ἐπὶ
1064 1915 1156 1969 τοῦ
1188 1914 1500 1986 ἀνθρώπου.
1537 1915 1890 1984 Ποιήσωμεν
1913 1917 2043 1986 γάρ,

472 1999 658 2067 φησὶν,
690 1998 1004 2066 ἄνθρωπον
1031 1997 1159 2051 κατ’
1210 2001 1419 2052 εἰκόνα
1463 1997 1562 2052 καὶ
1595 1999 1724 2052 καθ’
1765 1999 2052 2068 ὁμοίωσιν

473 2081 784 2149 ἡμετέραν,
827 2083 920 2134 καὶ
965 2081 1291 2134 καθίσταται
1321 2081 1415 2133 ἐπὶ
1449 2080 1548 2150 τῆς
1569 2082 1745 2152 ἀρχῆς
1779 2081 1891 2135 τῶν
1919 2081 2048 2135 ἀλό-

472 2181 586 2232 γων
609 2166 844 2219 πάντων.
877 2165 1066 2227 Οὕτως
1093 2165 1154 2216 οὑ
1177 2164 1266 2217 διὰ
1297 2165 1579 2234 ῥημάτων,
1612 2164 1750 2217 ἀλλά
1779 2165 1868 2219 διά
1903 2183 2049 2238 πρα-

471 2249 697 2316 γμάτων
726 2249 870 2316 ὑμᾶς
901 2247 1211 2300 ἐπαίδευσε.
1245 2246 1319 2299 Τὸ
1354 2247 1781 2318 ἀνακεχωρηκὸς
1813 2251 1914 2320 τῆς
1942 2249 2045 2316 φύ-

475 2349 612 2394 σεως
662 2334 691 2384 6
745 2330 1075 2401 παράδεισος
1138 2329 1357 2400 ἐδήλου,
1405 2331 1500 2384 καὶ
1554 2330 1616 2383 τὸ
1652 2331 1870 2384 πάντων
1907 2327 2048 2385 εῖναι

475 2413 834 2484 βελτιὼτατον
868 2417 958 2467 τὸν
1002 2413 1315 2485 ἄνθρωπον.
1349 2413 1614 2484 Ἐμελλεν
1649 2415 1969 2468 ἀνίστασθαι
2019 2418 2049 2470 6

473 2503 740 2569 Χριστός·
780 2503 880 2570 ὅρα
935 2501 1118 2555 λοιπὸν
1165 2501 1307 2554 πόσα
1356 2501 1597 2554 τοιούτου
1647 2503 1958 2572 τεκμήρια·
2019 2505 2048 2556 6

486 2588 677 2656 Ἑνὼχ,
704 2589 733 2640 6
774 2586 977 2653 Ἠλίας,
1007 2587 1037 2639 6
1073 2587 1278 2650 Ἰωνᾶς,
1310 2586 1380 2639 τά
1403 2586 1462 2638 ἐν
1492 2589 1558 2657 τῇ
1589 2587 1824 2656 καμίνῳ,
1854 2586 1916 2640 τὸ
1954 2588 2048 2641 ἐπὶ

1165 301 1223 357 S.
1264 301 1546 358 JOANNIS
1583 300 2064 361 CHRYSOSTOMI
2103 305 2426 363 ARCHIEP.
2466 301 3019 360 CONSTANTINOP.

3603 307 3709 363 538

2137 425 2230 478 τοῦ
2261 427 2382 481 Νῶε
2423 429 2486 481 τὸ
2518 427 2838 497 βάπτισμα,
2874 421 2942 475 τά
2997 420 3310 490 σπέρματα,
3349 420 3419 473 τὰ
3465 422 3628 491 φυτὰ,
3680 427 3712 492 ή

2138 509 2391 581 γέννησις
2420 513 2453 580 ὴ
2502 510 2770 580 ἡμετέρα,
2809 508 2843 576 ἡ
2889 505 2998 556 τῶν
3031 502 3186 566 ζώων
3229 506 3470 558 πάντων.
3499 506 3715 578 Ἐπειδὴ

2138 591 2248 662 γάρ
2287 595 2342 646 ἐν
2379 594 2552 664 τούτῳ
2610 591 2788 644 πάντα
2836 585 3227 652 ἐκινδυνεύετο,
3284 586 3443 641 τοῦτο
3481 589 3716 658 μάλιστα

2140 675 2357 730 πάντων
2389 677 2616 739 πολλοὺς
2649 676 2773 743 έσχε
2806 673 2932 734 τοὺς
2965 669 3190 732 τύπους.
3222 670 3345 723 ’Ότι
3391 673 3491 724 οὐκ
3547 674 3718 745 ἀπροο

2139 758 2308 828 νόητα
2347 760 2414 812 τά
2464 760 2642 813 πάντα
2676 755 2845 820 ἐστὶν,
2881 753 2990 806 ἀπὸ
3017 754 3126 806 τῶν
3163 752 3292 824 παρ’
3323 755 3458 824 ἡμῖν
3487 754 3717 809 δυνατὸν

2143 841 2537 910 στοχάσασθαιο
2570 841 2723 894 οὑδέν
2755 838 2863 908 γὰρ
2893 836 3229 906 ἀπρονόητον
3263 837 3434 906 μένει,
3465 837 3602 890 ἀλλά
3623 838 3718 891 καὶ

2140 924 2330 991 ἀγέλαι
2361 926 2452 978 καὶ
2471 924 2543 978 τά
2578 924 2712 978 ἀλλα
2745 923 2922 976 πάντα
2945 921 3116 990 ἀρχῆς
3137 919 3332 974 δεῖται.
3365 921 3476 973 Καὶ
3511 922 3593 974 ὅτι
3617 921 3718 976 οὑκ

2139 1007 2425 1077 αὐτόματα
2471 1008 2658 1076 γέγονε
2705 1008 2773 1060 τά
2826 1005 3024 1066 πάντα,
3075 1003 3350 1057 δείκνυσιν
3407 1005 3441 1074 ἡ
3499 1003 3716 1072 γέεννα,

2140 1089 2308 1154 ἔδειξε
2338 1091 2394 1143 δέ
2423 1093 2450 1160 6
2477 1089 2860 1161 κατακλυσμὸς
2883 1091 2911 1142 6
2942 1088 3035 1140 ἐπὶ
3059 1087 3206 1153 Νῶε,
3235 1086 3298 1139 16
3323 1085 3454 1157 πῦρ.
3495 1089 3523 1140 ὀ
3557 1104 3719 1141 κατα-

2143 1175 2437 1244 ποντισμὸς
2461 1176 2488 1227 ὁ
2520 1175 2629 1228 τῶν
2668 1174 3004 1242 Αἰγυπτίων,
3031 1173 3100 1224 τὰ
3133 1173 3190 1223 ἐν
3231 1174 3297 1242 τῇ
3325 1172 3536 1242 ἐρήμῳ.
3570 1172 3718 1226 Ἔδει

2141 1258 2236 1310 καὶ
2261 1257 2354 1310 τοῦ
2388 1257 2759 1328 βαπτίσματος
2789 1256 2960 1309 πολλὰ
2987 1253 3406 1326 προηγήσασθαι
3428 1269 3440 1282 ·
3474 1253 3717 1321 γέγονεν,

2141 1341 2244 1393 ὅσα
2280 1342 2337 1393 ἐν
2364 1339 2538 1399 ὓδατι.
2566 1341 2658 1393 καὶ
2687 1341 2852 1410 μυρία
2882 1339 3038 1402 ἀλλα,
3063 1334 3173 1390 οἷον
3205 1338 3274 1388 τά
3301 1337 3358 1388 ὲν
3387 1338 3452 1405 τῇ
3485 1335 3716 1406 Παλαιᾷ,

2142 1423 2210 1476 τὰ
2248 1426 2304 1476 ἐν
2331 1426 2398 1494 τῇ
2429 1422 2806 1493 κολυμϐήθρα,
2851 1422 2913 1474 τὸ
2941 1422 3032 1473 16v
3073 1421 3146 1490 μὴ
3181 1419 3494 1487 ὑγιαίνοντα
3523 1419 3719 1472 καθαί-

2147 1508 2356 1579 ρεσθαι,
2379 1507 2540 1569 αὐτὸς
2561 1508 2588 1558 6
2620 1505 3026 1575 κατακλυσμὸς.
3053 1504 3112 1556 τὸ
3138 1503 3420 1573 βάπτισμα
3451 1503 3718 1558 Ἰωάννου.

2148 1590 2296 1642 Ἔδει
2331 1589 2682 1659 πιστευθῆναι
2740 1589 2821 1642 ὃτι
2850 1588 2941 1641 τὸν
2977 1589 3102 1640 Υἱὸν
3148 1584 3314 1639 αὑτοῦ
3366 1585 3647 1639 ἐκδίδωσιν
3693 1587 3723 1638 6

2146 1673 2279 1735 Θεός
2302 1690 2316 1704 ·
2361 1671 2646 1742 προλαϐὼν
2669 1673 2892 1744 ἐποίησε
2917 1671 3077 1724 τοῦτο
3099 1668 3401 1738 ἄνθρωπος.
3421 1667 3518 1731 Τίς
3544 1662 3719 1733 οὑτοςς

2161 1756 2413 1827 Ἀϐραάμ
2441 1758 2470 1808 ό
2497 1755 2864 1826 πατριάρχης.
2897 1755 3120 1808 Πάντων
3144 1747 3238 1804 οὖν
3263 1749 3465 1804 τούτων
3492 1747 3719 1813 τύπους,

2151 1839 2217 1894 ἂν
2249 1839 2514 1908 θέλωμεν,
2569 1839 2899 1911 εὑρήσομεν,
2933 1838 2999 1892 ἂν
3038 1836 3293 1908 ζητῶμεν
3315 1837 3374 1888 ἐν
3406 1836 3473 1906 τῇ
3504 1835 3717 1904 Γραφῇ.

2164 1923 2323 1976 Ἀλλά
2349 1922 2423 1993 μὴ
2444 1923 2844 1994 ἀποκάμωμεν,
2875 1922 2991 1977 ἀλλ’
3039 1924 3097 1974 ἐν
3127 1921 3339 1982 τούτοις
3368 1916 3723 1989 ρυθμίζωμεν

2151 2006 2404 2068 ἑαυτούς’
2442 2006 2676 2078 στερρὰν
2705 2006 2921 2077 ἔχωμεν
2949 2005 3049 2076 τὴν
3088 2004 3292 2065 πίστιν,
3315 2003 3410 2056 καὶ
3436 1999 3722 2072 ἀκρίϐειαν

2150 2089 2426 2152 πολιτείας
2451 2089 2873 2160 ἐπιδειξώμεθα,
2903 2090 2992 2144 ἵνα
3021 2089 3110 2142 διά
3143 2089 3364 2142 πάντων
3395 2083 3722 2154 εὐχαριστή-

2153 2189 2344 2235 σαντες
2388 2172 2464 2242 τῷ
2498 2159 2639 2242 Θεῷ,
2677 2159 3109 2242 καταξιωθῶμεν
3157 2172 3265 2225 τῶν
3298 2168 3723 2240 ἐπηγγελμένων

2149 2255 2373 2324 ἀγαθῶν
2406 2259 2519 2319 τοῖς
2551 2256 2843 2324 ἀγαπῶσιν
2875 2256 3057 2320 αὑτὸν,
3086 2255 3270 2326 χάριτι
3299 2255 3394 2307 καὶ
3426 2248 3725 2322 φιλανθρω-

2151 2340 2255 2412 πίᾳ
2304 2338 2398 2392 τοῦ
2439 2341 2644 2408 Κυρίου
2684 2340 2840 2410 ἡμῶν
2877 2339 3052 2410 Ἰησοῦ
3102 2337 3363 2409 Χριστοῦ,
3394 2332 3513 2406 μεθ’
3555 2327 3618 2387 οὑ
3643 2331 3723 2402 τῷ

2155 2423 2332 2493 Πατρὶ
2361 2422 2478 2492 ἅμα
2531 2423 2610 2495 τῷ
2648 2425 2792 2494 ἀγίῳ
2820 2424 3101 2494 Πνεύματι
3129 2421 3277 2488 δόξα,
3304 2420 3532 2489 κράτος,
3562 2416 3719 2487 τιμὴ,

2153 2508 2249 2561 νῦν
2292 2509 2388 2562 καὶ
2441 2508 2558 2575 ἀεὶ,
2615 2509 2710 2564 καὶ
2761 2511 2840 2573 εἰς
2893 2510 3022 2574 τοὺς
3079 2507 3283 2570 αἰῶνας
3330 2503 3442 2557 τῶν
3487 2500 3718 2555 αἰώνων.

2168 2590 2364 2662 Ἀμήν.

1945 3056 2194 3112 ΟΜΙΛΙΑ
2232 3058 2322 3123 εῖν.

482 3212 631 3289 [565]
688 3215 784 3289 Ὠς
815 3211 928 3271 οὖν
966 3219 1330 3289 παρελάβετε
1365 3218 1472 3273 τὸν
1512 3215 1782 3289 Χριστόν-
1806 3212 2051 3289 Ἰησοῦν

551 3285 656 3357 τὸν·
689 3287 926 3357 Κύριον,
955 3289 1025 3341 ἐν
1045 3283 1224 3355 ἀὐτῷ
1264 3289 1650 3357 περιπατεῖτε,
1685 3283 2051 3357 ἐρριζωμένοι

551 3353 649 3406 κ(ιί
677 3353 1238 3426 ἐποικοδομούμενοι
1265 3353 1540 3422 ἐνάῠτῴ.
1571 3357 1669 3410 καὶ
1699 3354 2050 3420 βεϐαιούμε-

549 3426 741 3496 νοιίέν
785 3425 867 3494 τῇ
902 3425 1124 3489 πίστει,
1168 3430 1363 3495 καθὼς
1418 3427 1800 3496 ἐδιδάχθητε,
1843 3437 2050 3490 περισ-

551 3495 833 3563 σεύοντες
862 3497 933 3550 ἑν
968 3497 1123 3567 αὺτῇ
1143 3498 1213 3553 ἐν
1239 3495 1610 3569 εὐχαριστίᾳ.

551 3649 621 3698 α’.
641 3645 808 3698 Πάλιν
823 3645 1019 3710 αὐτοὺς
1034 3649 1098 3716 τῇ
1119 3647 1294 3719 οἰκείᾳ
1318 3643 1829 3717 προκαταλαμϐάνει
1854 3659 2054 3714 μαρτυ-

483 3731 595 3802 pia},
626 3731 796 3799 λέγων
814 3773 829 3794 ,
864 3733 962 3799 Ὠς
991 3729 1105 3788 οὖν
1133 3733 1512 3802 παρελάϐετε.
1545 3731 1712 3786 Οὐδὲν
1740 3731 1888 3796 ξένον
1907 3771 1922 3792 .
1947 3747 2052 3798 φη·-

485 3819 604 3878 σὶν,
653 3817 1057 3888 ἐπεισάγομενο
1099 3820 1295 3872 οὑκοῦν
1347 3820 1480 3889 μηδέ
1525 3820 1703 3888 ὑμεῖς.
1758 3819 1856 3870 Ἑν
1890 3815 2050 3880 αὐτῷ

480 3905 854 3972 περιπατεῖτε
878 3921 891 3934 ·
928 3907 1088 3968 αὐτὸς
1116 3907 1224 3974 γάρ
1255 3909 1402 3960 ἐστιν
1429 3908 1461 3976 ἡ
1493 3905 1612 3968 ὁδὸς
1635 3907 1668 3974 ἡ
1704 3903 2054 3974 προσάγουσα

481 3994 562 4054 εἱς
599 3991 689 4044 τὸν
728 3993 943 4060 Πατέρα
961 4011 975 4026 ο
1005 3994 1079 4065 μὴ
1106 3995 1161 4046 ἐν
1181 3996 1294 4057 τοῖς
1325 3993 1576 4061 ἀγγέλοις
1597 4009 1610 4021 ·
1639 3993 1699 4044 οὑ
1723 3991 1877 4060 φέρει
1913 3989 2050 4059 αὕτη

478 4081 515 4148 ἡ
546 4078 660 4141 666;
687 4080 822 4132 ἐκεῖ.
857 4079 1244 4149 Ἐρῤιζωμένοι
1265 4097 1278 4110 ·
1301 4079 1566 4140 τουτέστι,
1595 4078 1904 4146 πεπηγότες
1928 4094 1942 4108 ⁸
1976 4077 2051 4146 μὴ

481 4167 613 4218 ποτέ
639 4166 738 4237 μὲν
761 4166 982 4237 ταύτην,
1012 4168 1143 4220 ποτὲ
1170 4167 1225 4220 δέ
1249 4167 1483 4236 ἐκείνην,
1511 4165 1626 4219 ἀλλ’
1657 4164 2016 4236 ἐρριζωμένοι
2035 4179 2049 4193 ·

465 4253 543 4305 τὸ
566 4253 621 4306 δέ
648 4253 1012 4325 ἐρριζωμένον
1043 4255 1143 4308 οὑκ
1170 4253 1236 4307 ἀν
1265 4270 1395 4306 ποτε
1420 4251 1742 4323 μετασταίη.
1768 4252 1909 4322 Ὅρα
1936 4249 2053 4314 πῶς

484 4341 679 4410 κυρίας
707 4341 803 4404 τάς
848 4341 1019 4406 λέξεις
1055 4341 1253 4410 τίθησι.
1311 4344 1420 4394 Καὶ
1453 4339 2050 4409 ἐποικοδομούμενοι,

485 4427 652 4498 φησί·
685 4429 951 4484 τουτέστι.
975 4432 1040 4499 τῇ
1067 4429 1272 4500 διανοίᾳ
1302 4427 1594 4497 φθάνοντες
1625 4427 1704 4490 εἰς
1729 4426 1910 4479 αὑτόν.
1941 4424 2052 4479 Καὶ

477 4517 892 4584 ,ϐεϐαιούμενοι
917 4518 974 4568 ἐν
993 4516 1141 4585 αὐτῷ
1158 4531 1171 4543 ⁸
1202 4516 1481 4588 τουτέστι,
1508 4514 1828 4584 κατέχοντες
1856 4511 2018 4566 αὑτὸν
2037 4551 2052 4576 ,

484 4603 578 4655 καὶ
600 4602 673 4664 ὡς
695 4603 785 4655 ἐπὶ
806 4602 1050 4672 θεμέλιον
1074 4602 1354 4672 οἰκοδομού
1365 4619 1533 4670 μενοι.
1557 4602 1836 4656 Δείκνυσιν
1859 4599 2057 4661 αὐτοὺς

487 4689 920 4750 καταπεσόντας·
963 4691 1024 4742 16
1055 4689 1182 4761 γὰρ,
1219 4689 1730 4758 Οὶκοδομούμενοι,
1770 4685 1931 4740 τοῦτο
1965 4685 2060 4756 δη-

483 4777 585 4830 λοῖ.
619 4775 888 4847 Οἱκοδομὴ
930 4777 1038 4848 γάρ
1069 4779 1214 4831 ἐστιν
1236 4777 1402 4840 ὅντως
1430 4780 1462 4848 ἡ
1499 4777 1700 4842 πίστις,
1732 4777 1826 4829 καὶ
1855 4775 1937 4827 δεῖ
1963 4775 2058 4827 καὶ

464 4849 579 4938 ῖτοῦ
619 4865 866 4936 θεμελίου
896 4865 1137 4936 ἰσχυροῦ,
1162 4866 1257 4918 καὶ
1286 4866 1386 4936 τῆς
1415 4866 1723 4936 οἰκοδομίας
1757 4862 2053 4932 ἀσφαλοῦς.

491 4957 591 5008 Ἂν
613 4972 671 5008 τε
696 4953 802 5026 γάρ
833 4955 905 5024 μὴ
939 4956 1023 5008 ἐπ’
1053 4954 1323 5026 ἀσφαλείᾳ
1354 4970 1437 5016 τις
1460 4954 1806 5024 οἰκοδομήσῃ.
1837 4951 2059 5006 σαλεύε-

486 5057 612 5095 ται·
663 5041 727 5096 ἄν
760 5059 818 5094 τε
859 5041 946 5093 ἐπ’
981 5041 1276 5109 ἀσφαλείας
1302 5080 1316 5102 ,
1349 5040 1440 5093 καὶ
1487 5043 1559 5109 μὴ
1597 5041 1800 5111 ἑστήκῃ
1825 5083 1838 5101 ,
1875 5038 2057 5092 οὐκέτι

485 5132 722 5186 ἵσταται.
761 5131 964 5197 Καθὼς
988 5130 1359 5199 ἐδιδάχθητε.
1398 5130 1563 5182 Πάλιν
1592 5129 1669 5189 τὺ,
1709 5127 1932 5194 Καθὼς,
1961 5129 2056 5198 δη-

485 5220 712 5274 λωτικόν
733 5221 845 5272 ἐστι
872 5218 966 5271 τοῦ
985 5217 1150 5289 μηδὲν
1174 5219 1357 5270 καινόν
1377 5233 1429 5268 τι
1447 5217 1644 5284 λέγειν.
1665 5217 2060 5283 Περισσεύον-

412 5318 414 5321 ’
487 5325 621 5373 τες,
659 5307 856 5378 φησὶν,
894 5307 964 5360 ἐν
1010 5303 1164 5373 αὐτῇ
1205 5305 1274 5356 ἐν
1311 5303 1681 5372 εὐχαριστίᾳ.
1729 5303 1899 5356 Τοῦτο
1949 5303 2058 5374 γάρ

486 5397 844 5466 εὐγνωμόνων
863 5413 876 5428 ’
909 5397 970 5449 οὑ
999 5395 1141 5462 λέγω
1164 5393 1350 5456 ἁπλῶς
1377 5395 1737 5464 εὐχαριστεῖν,
1761 5392 1896 5446 ἀλλὰ
1923 5393 2059 5463 μετά

490 5484 692 5554 πολλῆς
721 5485 823 5552 τῆς
850 5481 1174 5552 παρουσίας,
1213 5481 1374 5534 πλέον
1411 5482 1444 5551 ἢ
1477 5479 1728 5550 ἐμάθετε,
1759 5481 1807 5533 εί
1841 5475 1951 5534 οἷόν
1975 5497 2054 5541 τε,

491 5571 634 5642 μετά
664 5571 862 5641 πολλῆς
899 5571 997 5642 τῆς
1029 5570 1357 5639 φιλοτιμίας.
1390 5567 1650 5622 Βλέπετε
1671 5566 1756 5636 μή
1786 5585 1878 5632 τις
1903 5566 2058 5636 ὑμᾶς

487 5661 658 5712 ἔσται
705 5661 738 5711 ό
784 5655 1174 5726 συλαγωγῶν.
1235 5655 1399 5725 Ὁρᾷς
1444 5653 1563 5717 πῶς
1605 5652 1772 5718 ἔδειξε
1818 5653 2057 5721 κλέπτην

491 5746 640 5814 ὅντα,
679 5747 772 5800 καὶ
796 5745 1095 5818 ἀλλότριον,
1127 5743 1219 5799 καὶ
1242 5742 1424 5815 ήρέμα
1453 5740 1796 5809 ὲπεισιόντα;
1823 5739 1920 5812 ἤδη
1950 5740 2058 5812 γὰρ

2158 3209 2500 3281 παρέστησεν
2541 3208 2703 3263 αὑτὸν
2741 3208 2993 3260 εἰσιόντα.
3026 3206 3135 3260 Καὶ
3178 3204 3355 3267 καλῶς
3385 3201 3527 3264 εἰπε,
3569 3205 3723 3256 Συλ-

2157 3296 2420 3366 αγωγῶν.
2456 3297 2665 3368 Ὥσπερ
2692 3294 2756 3349 ἄν
2771 3312 2854 3358 τις
2879 3293 3040 3364 χῶμα
3065 3291 3307 3346 κάτωθεν
3337 3289 3627 3360 διορύττων
3650 3289 3722 3358 μὴ

2157 3385 2373 3456 παρέχῃ
2407 3382 2687 3454 αἴσθησιν,
2710 3382 2772 3434 τὺ
2798 3381 2854 3434 δὲ
2883 3382 3168 3434 ὑπονοστεῖ
3186 3399 3200 3414 ο
3230 3378 3371 3434 οῦτω
3404 3381 3497 3430 καὶ
3523 3378 3725 3437 ἐκεῖνος

2157 3474 2320 3526 ποιεῖ.
2352 3471 2587 3525 Βλέπετε
2611 3465 2705 3523 οὖν
2725 3486 2737 3499 °
2763 3467 2920 3522 τοῦτο
2940 3467 3048 3537 γάρ
3078 3467 3239 3539 ἔργον
3271 3465 3464 3536 ἐκείνῳ
3499 3463 3560 3518 16
3593 3462 3724 3533 μηδὲ

2155 3558 2406 3627 αἴσθησιν
2453 3556 2735 3628 παρέχειν.
2797 3555 2900 3610 Διά
2953 3552 3062 3621 τῆς
3117 3553 3498 3623 φιλοσοφίας.
3559 3548 3721 3614 Εἶτα,

2157 3645 2345 3717 ἐπειδὴ
2371 3644 2519 3697 δοκεῖ
2546 3643 2744 3714 σεμνὸν
2774 3641 2914 3696 εἶναι
2953 3641 3013 3695 τὺ
3053 3642 3153 3712 τῆς
3187 3641 3524 3710 φιλοσοφίας,
3558 3653 3726 3708 προσ-

2157 3731 2351 3799 έθηκε,
2406 3731 2518 3784 Καὶ
2559 3729 2745 3798 κενῆς
2793 3730 3048 3796 ἀπάτης.
3097 3729 3252 3780 Ἔστι
3304 3727 3412 3797 γάρ
3443 3726 3539 3779 καὶ
3585 3724 3726 3796 καλὴ

2157 3820 2342 3888 ἀπάτη
2365 3859 2380 3882 ,
2429 3820 2549 3872 οῖαν
2590 3819 2949 3890 ἠπατήθησαν
2985 3817 3169 3870 πολλοὶ
3192 3857 3207 3882 ,
3249 3818 3313 3885 ἣν
3347 3816 3467 3869 οὐδὲ
3509 3815 3726 3882 ἀπάτην

2156 3907 2235 3960 δεῖ
2259 3907 2445 3961 καλεῖν
2468 3923 2486 3940 ο
2520 3908 2648 3973 περὶ
2673 3902 2741 3978 ἧς
2770 3922 2933 3976 φησιν
2975 3907 3004 3958 ὁ
3046 3905 3343 3974 Ἱερεμίας·
3387 3897 3727 3970 Ἠπὰτησάς

2153 4012 2257 4063 με,
2305 3995 2512 4062 Κύριε,
2557 3993 2657 4047 καὶ
2691 3992 3025 4061 ἠπατήθην.
3071 3991 3144 4044 Τὸ
3177 3989 3286 4062 γὰρ
3321 3989 3558 4043 τοιοῦτον
3607 3987 3723 4042 οίδέ

2158 4081 2375 4150 ἀπάτην
2404 4081 2485 4134 δεῖ
2515 4081 2699 4134 καλεῖν
2721 4096 2732 4108 '
2763 4079 2885 4132 ἐπεὶ
2911 4079 3005 4131 καὶ
3029 4079 3122 4130 τὸν
3156 4078 3368 4148 πατέρα
3391 4078 3671 4148 ἠπάτησεν
3697 4077 3727 4129 6

2172 4167 2387 4228 Ἰακὼϐ.
2414 4169 2529 4222 ἀλλ’
2551 4169 2652 4222 οὑκ
2679 4167 2884 4236 ἀπάτη,
2921 4165 3037 4219 ἀλλ’
3070 4165 3348 4236 οἰκονομία
3370 4160 3460 4236 ἦν.
3486 4164 3591 4219 Διὰ
3615 4163 3726 4232 τῆς

2159 4257 2542 4325 φιλοσοφίας,
2582 4255 2734 4325 φησί,
2778 4254 2875 4307 καὶ
2903 4251 3087 4320 κεν-ῆς
3131 4253 3385 4319 ἀπάτης,
3426 4252 3577 4305 κατὰ
3613 4250 3728 4319 τὴν

2159 4343 2493 4412 παράδοσιν
2526 4343 2642 4398 τῶν
2664 4341 2989 4410 ἀνθρώπων
3007 4383 3022 4406 ,
3049 4341 3198 4395 κατὰ
3223 4343 3296 4395 τὰ
3323 4338 3590 4408 στοιχεῖα
3619 4339 3726 4393 τοῦ

2160 4433 2409 4500 κόσμου,
2445 4430 2541 4484 καὶ
2572 4432 2642 4483 οὐ
2667 4429 2817 4483 κατὰ
2855 4430 3126 4497 Χριστόν.

2225 4519 2376 4583 Τέως
2403 4517 2497 4572 τοῦ
2525 4517 2744 4588 ἐλέγχου
2781 4516 3011 4570 ἅπτεται
3041 4516 3140 4586 τῆς
3163 4514 3272 4568 τῶν
3297 4513 3520 4586 ἡμερῶν
3551 4530 3728 4582 παρα-

2154 4607 2439 4678 τηρήσεως
2463 4648 2478 4672 ,
2524 4607 2760 4676 στοιχεῖα
2793 4605 2999 4675 κόσμου
3037 4603 3187 4675 ἥλιον
3235 4605 3328 4656 καὶ
3371 4603 3598 4673 σελήνην
3639 4600 3724 4654 λέ-

2155 4711 2269 4763 γων
2291 4735 2306 4758 ,
2347 4693 2598 4764 καθάπερ
2631 4694 2726 4746 καὶ
2757 4694 2816 4746 ἐν
2840 4695 2904 4763 τῇ
2943 4691 3080 4762 πρὸς
3109 4690 3352 4752 Γαλάτας
3375 4689 3527 4757 ἔλεγε
3547 4704 3561 4718 ο
3595 4686 3726 4753 Πῶς

2155 4781 2343 4836 πάλιν
2360 4781 2741 4852 ἐπιστρέφετε
2761 4780 2858 4834 ἐπὶ
2882 4780 2952 4833 τὰ
2973 4777 3124 4850 [366]
3142 4777 3370 4844 ἀσθενῆ
3400 4776 3499 4830 καί
3524 4777 3726 4846 πτωχὰ

2156 4869 2462 4938 στοιχεῖα;
2501 4871 2611 4923 Καὶ
2643 4870 2744 4922 οὐκ
2775 4863 2948 4930 εἶπεν,
2977 4865 3228 4936 Ἧμερῶν
3277 4865 3723 4935 παρατηρήσεις,

2157 4957 2292 5010 ἀλλὰ
2320 4956 2396 5009 Δι’
2424 4956 2545 5010 ὅλου
2573 4955 2666 5010 τοῦ
2697 4955 2902 5026 κόσμου
2938 4953 3030 5006 τοῦ
3058 4953 3344 5024 παρόντος,
3380 4952 3466 5004 ἵνα
3486 4951 3547 5004 τὸ
3575 4951 3724 5004 εὑτεο

2157 5042 2246 5106 λές
2291 5041 2476 5116 δείξῃο
2516 5043 2564 5095 εἰ
2623 5042 2732 5112 γάρ
2775 5044 2804 5094 6
2838 5041 3040 5111 κόσμος
3068 5040 3252 5103 οὐδὲν,
3301 5038 3480 5110 πολλῷ
3529 5038 3726 5108 μᾶλλον

2159 5127 2298 5200 [ml]
2335 5130 2404 5182 τὰ
2434 5132 2688 5199 στοιχεῖα.
2722 5126 2908 5191 Δείξας
2938 5123 3029 5180 οὖν
3059 5126 3273 5194 πρῶτον
3305 5127 3402 5178 ὅσα
3435 5124 3725 5195 εὐεργετή-

2161 5217 2349 5286 θησαν,
2391 5217 2490 5268 ὅσα
2524 5212 2580 5269 εὗ
2611 5215 2833 5279 ἔπαθον,
2859 5214 2981 5267 τότε
3010 5215 3204 5282 ἐπάγει
3229 5214 3325 5281 τὴν
3356 5212 3688 5284 κατηγορίαν
3707 5251 3723 5274 ,

2160 5303 2246 5356 ἵνα
2298 5303 2519 5373 μείζονα
2541 5301 2724 5373 δείξῃ,
2778 5304 2870 5354 καὶ
2902 5301 2998 5373 ἕλῃ
3034 5303 3158 5364 τοὺς
3204 5300 3520 5362 ἀκούοντας.
3558 5301 3728 5354 Τοῦτο

2161 5391 2250 5444 καὶ
2282 5392 2330 5443 οἰ
2363 5390 2637 5460 προφῆται
2671 5388 2912 5443 ποιοῦσιν
2936 5391 3022 5442 ἀεί
3043 5406 3056 5419 ο
3093 5388 3358 5458 πρότερον
3379 5387 3475 5451 τάς
3504 5389 3726 5456 εὐεργε-

2161 5478 2280 5541 σίας
2321 5477 2657 5541 δεικνύουσι,
2687 5477 2782 5530 καὶ
2819 5476 2936 5528 τότε
2964 5479 3060 5539 τάς
3091 5477 3427 5545 κατηγορίας
3460 5473 3684 5540 αὑξουσι
3708 5514 3724 5537 ,

2159 5564 2406 5632 καθάπερ
2450 5565 2480 5615 6
2541 5563 2766 5626 Ἡσαΐας
2813 5563 3012 5634 φησίν·
3075 5565 3242 5629 Υἱοὺς
3289 5564 3588 5633 ἐγέννησα
3625 5563 3726 5615 καὶ

2157 5653 2410 5720 ὕψωσα,
2441 5653 2609 5707 αὐτοὶ
2636 5651 2704 5705 δέ
2733 5669 2810 5720 με
2833 5651 3139 5719 ἠθέτησαν
3158 5668 3171 5682 ο
3215 5654 3310 5706 καὶ
3341 5651 3526 5710 πάλιν.
3568 5652 3727 5718 Λαός

2151 5757 2292 5810 μου,
2326 5741 2382 5794 τί
2407 5737 2664 5808 ἐποίησά
2692 5754 2813 5809 σοι,
2837 5739 2874 5809 ἢ
2894 5740 2952 5794 τί
2974 5739 3254 5810 ἐλύπησα
3278 5756 3371 5808 σε,
3410 5739 3449 5809 ἣ
3492 5741 3548 5794 τί
3582 5753 3725 5809 παρα
