4120 6400
302 371 405 429 5‘57

306 485 407 539 hoc
434 483 486 536 in
510 481 649 536 scala
678 493 837 550 quam
862 475 995 531 vidit
1021 474 1187 530 Jacob
1212 491 1225 527 :
1258 473 1516 542 Superius
1536 472 1775 543 quidem,
1801 472 1885 527 in-

306 575 440 645 quit,
468 573 655 627 ﬁrmus
683 579 739 625 et
762 569 969 624 stabilis
990 567 1166 621 stabat
1197 565 1490 631 Dominus;
1521 564 1747 619 inferius
1789 578 1889 618 au-

309 678 413 721 tem
444 663 618 733 angeli
645 659 1008 715 ascendebant
1032 667 1087 713 et
1124 655 1543 712 descendebant.
1573 654 1892 725 Prophetica

309 756 654 813 nuntiabatur
678 752 818 823 quod
868 751 1065 807 Filium
1110 749 1335 803 haberet
1383 747 1580 801 Pater:
1611 746 1895 815 oportebat

309 850 410 905 hoc
440 847 607 902 credi.
645 845 921 901 Undenam
967 844 1050 897 vis
1086 841 1368 896 ostendam
1413 840 1556 895 illius
1598 839 1785 909 signa?
1823 838 1894 895 ab

307 940 414 992 alto
449 939 607 1000 infra,
637 938 706 991 ab
744 938 853 991 imo
906 933 1102 1004 supra?
1140 929 1545 987 Ostendendum
1590 938 1706 984 erat
1750 928 1894 998 quod

307 1035 486 1099 gignat
514 1027 882 1097 impatibiliter
914 1044 927 1079 :
956 1032 1239 1095 propterea
1265 1022 1447 1092 genuit
1472 1022 1703 1090 primum
1733 1019 1895 1075 steri-

310 1123 393 1176 lis.
422 1120 533 1175 lmo
562 1136 689 1176 vero
728 1122 796 1176 ab
836 1120 945 1174 alto
986 1118 1207 1187 petitum
1259 1115 1516 1170 ducamus
1544 1129 1894 1170 sermonem:

307 1215 452 1270 credi
483 1214 789 1285 oportebat,
820 1212 963 1283 quod
994 1227 1059 1266 ex
1089 1212 1204 1280 ipso
1238 1227 1252 1264 :
1281 1208 1407 1278 quid
1452 1206 1620 1278 ergo?
1666 1207 1779 1261 lloc
1814 1207 1892 1271 fit,

309 1306 405 1361 sed
431 1306 681 1371 obscure,
714 1314 896 1374 utpote
940 1303 991 1357 in
1022 1302 1209 1356 umbra
1250 1309 1306 1355 et
1344 1299 1547 1370 ﬁgura;
1585 1297 1679 1353 sed
1712 1298 1770 1352 ﬁt
1800 1315 1815 1353 :
1842 1306 1898 1351 et

312 1398 649 1468 procedendo
680 1397 737 1451 fit
763 1394 1158 1467 quodammodo
1186 1393 1540 1449 manifestius.
1572 1392 1649 1446 Ex
1683 1391 1899 1446 homine

311 1491 428 1546 solo
451 1500 535 1546 est
574 1491 789 1555 mulier,
820 1500 873 1544 et
900 1489 989 1543 ille
1036 1496 1215 1542 manet
1254 1488 1480 1556 integer.
1512 1485 1718 1540 Rursus
1764 1498 1899 1538 con-

313 1583 577 1653 ceptionis
603 1598 670 1638 ex
697 1581 918 1653 Virgine
943 1581 1229 1651 Oportebat
1269 1594 1389 1635 esse
1420 1577 1636 1649 aliquod
1662 1578 1893 1648 signum.

313 1676 459 1730 Parit
479 1676 699 1743 sterilis,
730 1690 835 1729 non
867 1675 1054 1738 semel,
1091 1672 1186 1727 sed
1228 1672 1308 1726 bis
1329 1680 1384 1726 et
1409 1680 1490 1726 ter
1518 1681 1570 1725 et
1594 1685 1757 1739 smpc.
1790 1667 1899 1724 Ge-

311 1768 604 1822 ncrationis
628 1782 757 1838 ergo
783 1782 849 1822 ex
880 1766 1099 1836 Virgine
1123 1765 1322 1820 sterilis
1349 1763 1448 1818 fuit
1474 1762 1692 1834 quidem
1715 1772 1897 1832 typus,

312 1869 367 1914 ct
411 1860 500 1913 illa
554 1870 789 1914 mentem
844 1858 1160 1913 transmittit
1201 1855 1271 1911 ad
1326 1855 1508 1911 ﬁdem.
1565 1856 1675 1908 lloc
1715 1869 1901 1920 rursus

314 1950 411 2005 fuit
465 1959 624 2020 typus
672 1949 814 2019 quod
854 1950 1001 2005 solus
1040 1950 1176 2003 Deus
1213 1948 1381 2017 possit
1409 1948 1646 2017 gignere.
1671 1946 1727 2001 Si
1758 1947 1901 2000 enim

312 2040 453 2112 quod
485 2051 568 2097 est
596 2042 932 2110 przestantius
965 2041 1143 2104 homo,
1170 2040 1329 2093 etiam
1354 2039 1555 2105 absque
1572 2052 1637 2092 eo
1662 2037 1899 2107 paritur;

314 2131 486 2187 multo
522 2132 689 2201 magis
715 2139 1001 2200 generatur
1026 2146 1090 2183 ex
1119 2144 1188 2184 eo
1226 2128 1370 2198 quod
1399 2137 1481 2182 est
1507 2128 1601 2181 illo
1642 2136 1905 2198 priestan-

323 2224 450 2277 tius.
505 2223 602 2277 Est
654 2223 757 2276 alia
820 2236 1032 2292 quoque
1093 2221 1370 2291 generatio
1417 2228 1575 2291 typus
1624 2218 1902 2281 veritatis;

315 2330 509 2384 nempe
549 2323 730 2368 nostra
783 2329 851 2368 ex
894 2313 1117 2383 Spiritu.
1166 2312 1332 2381 llnjus
1380 2325 1567 2365 rursus
1619 2320 1777 2381 typus
1823 2318 1906 2364 est

315 2409 534 2472 sterilis,
561 2409 815 2478 quoniam
842 2422 947 2461 non
979 2423 1045 2461 ex
1079 2405 1426 2474 sanguinilms
1458 2421 1471 2457 :
1504 2404 1617 2457 haec
1655 2418 1906 2472 supernze

315 2502 677 2575 generationis
723 2511 879 2572 typus
918 2510 1021 2556 est.
1065 2502 1239 2570 Atque
1281 2499 1367 2553 illa
1407 2497 1623 2566 quidem
1670 2495 1908 2552 ostendit

317 2595 437 2664 ejus
466 2593 954 2663 impatibilitatem;
984 2591 1100 2645 hinc
1126 2606 1255 2645 vero
1282 2605 1348 2644 ex
1383 2589 1500 2644 solo
1542 2602 1701 2658 posse
1742 2603 1907 2657 gene-

319 2686 448 2742 rari.
499 2686 595 2741 Est
644 2685 890 2740 Christus
939 2699 1173 2754 superne
1227 2684 1279 2737 in
1328 2696 1521 2737 omnes
1575 2680 1907 2736 dominatum

318 2781 567 2836 obtinens
599 2799 612 2836 :
642 2780 927 2850 oportebat
976 2777 1080 2833 hoc
1119 2778 1285 2833 credi.
1317 2776 1404 2831 Fit
1448 2774 1551 2830 hoc
1595 2776 1648 2829 in
1682 2785 1823 2829 terra
1855 2774 1908 2828 in

320 2873 536 2929 homine
565 2891 578 2929 :
614 2872 889 2927 Faciamus
915 2872 1190 2937 hominem,
1225 2870 1416 2940 inquit,
1456 2867 1525 2921 ad
1558 2868 1825 2938 imaginem
1861 2875 1910 2920 et

320 2970 695 3026 similitudinem
723 2978 945 3022 nostram
969 2964 1122 3037 (Gen.
1156 2966 1208 3019 l.
1232 2964 1351 3035 26),
1374 2972 1432 3018 ut
1462 2963 1636 3018 brutis
1659 2963 1908 3017 omnibus

323 3065 570 3135 imperet.
598 3062 673 3117 lta
702 3075 806 3115 non
832 3058 1033 3123 verbis,
1064 3056 1156 3111 sed
1182 3056 1344 3111 rebus
1368 3055 1531 3111 etiam
1572 3070 1669 3108 nos
1696 3053 1899 3108 docuit.

322 3155 536 3210 Natum
560 3155 954 3224 scparationem
985 3149 1249 3219 signiﬁcat
1272 3148 1573 3218 paradisus,
1599 3157 1654 3202 et
1671 3146 1907 3214 omnium

1188 358 1252 414 1N
1292 356 1505 413 EPIST.
1549 358 1638 412 AD
1674 355 1950 415 COLOSS.
1989 357 2143 414 CAP.
2184 356 2249 414 ll.
2291 357 2519 414 HOMIL.
2567 357 2647 411 Vl.

3466 363 3571 421 338

1989 474 2248 543 Optimum
2275 484 2329 528 et
2352 474 2843 544 praestantissimum
2861 489 2980 530 esse
3003 475 3294 532 hominem.
3328 477 3573 537 Christus

1992 576 2110 621 erat
2155 578 2577 623 resurrecturus.
2626 567 2760 622 Vide
2802 567 2910 637 jam
2956 577 3089 638 quot
3107 569 3257 639 signa
3298 588 3312 624 :
3364 570 3568 636 Enocb,

1994 660 2156 721 Elias,
2185 660 2369 721 Jonas,
2393 676 2512 730 qua:
2541 660 2674 715 facta
2702 661 2893 715 suntin
2922 658 3156 726 fornace,
3190 677 3310 732 quae
3333 671 3575 733 tempore

1993 751 2107 806 Noe
2148 751 2283 806 facta
2313 760 2395 806 est
2438 750 2735 815 inundatio,
2768 751 2994 817 semina,
3024 752 3238 821 plantae,
3267 766 3469 820 nostra,
3519 764 3575 811 et

1995 844 2232 898 omnium
2260 844 2568 898 animalium
2601 844 2897 913 generatio.
2931 843 3062 898 Nam
3088 843 3340 914 quoniam
3385 846 3439 899 in
3473 844 3577 901 hoc

1995 937 2175 991 omnia
2204 935 2681 1005 periclitabantur,
2716 938 2818 991 hoc
2844 936 3075 990 maxime
3111 936 3350 990 omnium
3383 938 3577 993 multas

1999 1030 2182 1084 habuit
2204 1027 2423 1099 ﬁguras.
2447 1027 2599 1094 Quod
2625 1028 2803 1082 omnia
2828 1043 2936 1082 non
2964 1028 3081 1082 sine
3103 1027 3439 1096 providentia
3479 1044 3576 1099 ge-

1998 1129 2203 1183 rantur,
2233 1135 2299 1173 ex
2330 1119 2394 1173 iis
2415 1134 2628 1190 quoque
2648 1135 2767 1187 quae
2792 1118 2930 1189 apud
2960 1133 3058 1175 nos
3085 1119 3216 1173 ﬁunt
3242 1128 3421 1189 potest
3444 1135 3578 1174 con-

1994 1212 2087 1283 jici
2111 1228 2124 1265 :
2155 1211 2358 1266 nullum
2380 1212 2523 1266 enim
2550 1227 2734 1266 eorum
2765 1210 2883 1266 sine
2899 1211 3229 1282 providentia
3254 1220 3452 1265 manet.
3471 1210 3579 1266 Sed

1998 1312 2053 1359 et
2077 1319 2287 1375 greges,
2315 1312 2368 1358 et
2392 1303 2496 1358 alia
2522 1304 2701 1357 omnia
2735 1318 2871 1372 opus
2901 1302 3099 1357 habent
3123 1313 3178 1357 ut
3203 1313 3478 1373 regantur.
3516 1304 3582 1357 Et

1998 1396 2141 1467 quod
2171 1411 2300 1451 casu
2345 1411 2452 1451 non
2491 1397 2627 1451 facta
2675 1396 2782 1450 sint
2810 1398 3009 1461 omnia,
3032 1396 3267 1452 ostendit
3312 1396 3581 1466 gehenna,

2000 1486 2233 1543 ostendit
2252 1487 2412 1541 etiam
2431 1486 2687 1541 diluvium
2713 1487 2855 1557 quod
2886 1487 2982 1541 fuit
3008 1497 3248 1558 tempore
3269 1488 3400 1554 Noe,
3423 1489 3579 1558 ignis,

2001 1579 2271 1635 demersio
2299 1580 2698 1652 Egyptiorum,
2729 1597 2849 1651 quae
2897 1578 3037 1636 facta
3078 1589 3203 1635 sunt
3244 1581 3296 1635 in
3344 1580 3579 1636 deserto.

2002 1669 2292 1740 Oportebat
2316 1670 2705 1741 etbaptismum
2737 1671 2902 1725 multa
2921 1670 3228 1741 prtecedere
3262 1688 3274 1723 :
3308 1671 3440 1724 facta
3459 1679 3587 1725 sunt

2002 1765 2115 1831 illa,
2156 1779 2504 1834 qnmcumque
2550 1764 2602 1818 in
2628 1780 2760 1834 aqua
2783 1806 2797 1829 ,
2828 1772 2987 1834 atque
3012 1764 3116 1818 alia
3148 1763 3582 1830 innumerabilia,

2005 1868 2063 1912 ut
2092 1874 2210 1925 qum
2235 1858 2372 1913 facta
2390 1868 2515 1912 sunt
2533 1858 2586 1912 in
2613 1857 2813 1925 Veteri,
2845 1874 2964 1928 quae
2987 1858 3038 1912 in
3063 1858 3297 1927 piscina;
3328 1858 3468 1925 quod
3496 1858 3585 1928 qui

2005 1964 2167 2004 sanus
2182 1966 2287 2004 non
2313 1958 2429 2005 erat
2450 1949 2819 2017 mundarctnr,
2836 1951 3006 2020 ipsum
3028 1950 3305 2017 diluvium,
3326 1950 3586 2020 baptisma

2005 2041 2246 2097 Joannis.
2279 2043 2574 2112 Oportebat
2621 2042 2787 2107 credi,
2828 2042 2966 2112 quod
3014 2041 3204 2096 Filium
3235 2056 3390 2097 suum
3417 2043 3591 2097 tradat

2008 2133 2149 2189 Deus
2178 2151 2191 2187 :
2222 2132 2322 2187 hoc
2352 2134 2501 2203 prius
2526 2132 2655 2188 fecit
2684 2133 2866 2187 homo.
2890 2132 3021 2201 Quis
3046 2133 3174 2187 ille?
3201 2133 3469 2187 Abraham
3498 2150 3591 2203 pa-

2010 2223 2264 2279 triarcha.
2296 2223 2498 2278 llorum
2530 2240 2660 2295 ergo
2683 2225 2922 2278 omnium
2954 2236 3133 2296 typos,
3164 2226 3208 2278 si
3234 2225 3479 2291 velimus,
3509 2228 3593 2279 in-

2008 2318 2303 2380 veniemus,
2327 2317 2371 2371 si
2404 2333 2704 2386 quteramus
2726 2318 2777 2372 in
2802 2317 3092 2386 Scriptura.
3116 2316 3219 2373 Sed
3246 2334 3313 2372 ne
3334 2318 3592 2388 defatigeé

2011 2425 2152 2473 nmr,
2176 2424 2359 2463 verum
2388 2409 2440 2463 in
2473 2409 2556 2463 his
2582 2425 2680 2463 nos
2706 2424 3111 2478 componamus.
3141 2409 3373 2463 Firmam
3403 2420 3458 2464 et
3477 2419 3592 2464 sta-

2011 2502 2175 2557 bilem
2228 2501 2518 2555 habeamus
2580 2500 2740 2556 ﬁdem
2789 2517 2803 2553 :
2853 2512 3093 2555 exactam
3168 2510 3222 2555 et
3287 2509 3592 2555 accuratam

2011 2590 2359 2646 ostendamus
2384 2592 2508 2646 vitae
2556 2601 2755 2645 nostrae
2803 2591 3237 2656 institutionem;
3271 2599 3330 2645 ut
3356 2606 3475 2646 cum
3502 2600 3596 2660 per

2013 2684 2196 2738 omnia
2225 2684 2333 2738 Deo
2369 2684 2566 2753 gratias
2592 2685 2882 2754 egerimus,
2912 2685 3190 2754 promissis
3219 2686 3381 2739 etiam
3415 2686 3478 2737 iis
3505 2686 3595 2754 qui

2014 2778 2238 2847 diligunt
2285 2793 2405 2832 eum
2446 2776 2730 2848 dignemur
2756 2779 2929 2843 bonis,
2971 2778 3139 2848 gratia
3179 2787 3233 2831 et
3273 2777 3598 2846 benignitate

2010 2871 2229 2926 Domini
2252 2872 2421 2926 nostri
2442 2870 2571 2927 Jesu
2592 2870 2811 2935 Christi,
2842 2886 2965 2925 cum
2995 2884 3100 2940 quo
3141 2870 3305 2937 Patri,
3333 2870 3600 2938 simulque

2015 2977 2201 3021 sancto
2225 2964 2443 3036 Spiritui
2466 2966 2655 3035 gloria,
2678 2974 2935 3033 potestas,
2968 2963 3161 3033 honor,
3193 2978 3335 3019 nunc
3371 2974 3427 3018 et
3454 2977 3600 3018 sem-

2016 3071 2133 3127 per,
2166 3064 2220 3111 et
2240 3056 2291 3111 io
2318 3058 2511 3113 sarcula
2537 3056 2876 3111 saeculorum.
2898 3059 3090 3112 Amen.

324 3273 2578 3301 ________________.____———————————

1649 3370 1997 3434 HOMILIA
2039 3374 2146 3436 VI.

324 3527 451 3583 CAP.
480 3525 534 3579 2.
564 3539 616 3577 v.
640 3524 692 3578 6.
727 3521 875 3578 Sicut
896 3537 1013 3592 ergo
1039 3519 1302 3589 accepistis
1321 3517 1498 3572 Jesum
1519 3515 1777 3571 Christum
1798 3515 1911 3570 Do-

395 3618 590 3671 minum
634 3626 885 3679 nostrum,
932 3614 984 3665 in
1026 3613 1138 3683 ipso
1181 3608 1455 3675 ambulate,
1506 3609 1559 3662 7.
1611 3607 1825 3661 radicati
1865 3618 1911 3661 et

396 3708 793 3778 superwdiﬁcati
834 3708 886 3759 in
916 3707 1049 3775 ipso,
1082 3714 1127 3756 et
1157 3703 1449 3772 conﬁrmati
1473 3702 1527 3754 in
1554 3700 1677 3770 ﬁde,
1710 3701 1838 3753 sicut
1865 3708 1913 3754 et

397 3802 666 3865 didicistis,
693 3798 1007 3853 abundantes
1036 3797 1090 3849 in
1119 3794 1212 3849 illa
1236 3796 1288 3848 in
1314 3794 1593 3865 gratiarum
1619 3796 1838 3845 actione.

398 3893 451 3948 1.
496 3892 649 3947 Prius
670 3890 790 3945 illos
813 3889 1029 3961 prOprio
1054 3888 1318 3960 praevenit
1348 3884 1680 3947 testimonio,
1702 3884 1910 3951 dicens,

328 3985 476 4041 Sicut
500 3984 785 4054 accepistis.
809 3983 954 4039 Nihil
979 3983 1235 4047 alienum,
1265 3981 1455 4050 inquit,
1487 3978 1910 4043 introducimus;

326 4094 457 4151 ergo
496 4095 669 4147 neque
707 4092 823 4132 vos.
865 4075 934 4131 In
963 4093 1020 4130 eo
1045 4075 1343 4129 ambulate:
1375 4074 1486 4143 ipse
1512 4072 1656 4128 enim
1705 4080 1789 4125 est
1827 4071 1913 4125 via

328 4187 448 4241 qua:
472 4170 690 4225 adducit
716 4168 782 4223 ad
829 4169 1039 4223 Patrem
1074 4184 1217 4222 :non
1260 4167 1313 4220 in
1357 4166 1588 4236 angelis;
1630 4180 1738 4218 non
1787 4163 1915 4218 illuc

329 4267 477 4320 ducit
507 4264 620 4319 hxc
639 4264 743 4316 via.
775 4262 1044 4323 Radicati;
1071 4260 1172 4314 hoc
1199 4270 1302 4325 est,
1335 4260 1421 4313 ﬁxi
1443 4273 1506 4313 ac
1532 4259 1772 4324 stabiles,
1806 4274 1913 4312 non

331 4353 616 4426 aliquando
659 4353 874 4422 quidem
923 4351 1082 4417 hanc,
1129 4349 1414 4420 aliquando
1452 4365 1580 4403 vero
1616 4348 1783 4415 illam,
1815 4347 1910 4403 sed

332 4446 551 4501 mdicati
575 4462 587 4497 :
617 4442 761 4513 quod
788 4452 872 4498 est
900 4452 1078 4497 autem
1106 4442 1400 4496 radicatum
1424 4456 1518 4496 seu
1546 4441 1686 4511 quod
1710 4439 1916 4495 radices

332 4536 462 4606 egit,
486 4550 592 4588 non
616 4533 810 4604 poterit
832 4532 1208 4586 transmoveri.
1248 4530 1379 4585 Vide
1408 4546 1568 4600 quam
1594 4531 1838 4600 pr0prias
1863 4540 1918 4585 et

332 4625 605 4696 appositas
634 4623 785 4694 ponit
828 4623 1114 4678 dictiones.
1149 4621 1214 4674 Et
1240 4620 1655 4690 supertedificati,
1712 4621 1917 4691 inquit;

334 4720 438 4774 hoc
465 4724 566 4780 est,
599 4724 781 4770 mente
799 4715 866 4769 ad
894 4714 1068 4783 ipsum
1101 4714 1486 4784 pertingentcs.
1528 4712 1598 4766 Et
1629 4715 1918 4782 conﬁrmati

330 4810 390 4864 in
419 4810 563 4877 ipso;
594 4807 698 4862 hoc
742 4817 845 4873 est,
894 4807 1065 4876 ipsum
1118 4816 1380 4869 tenentes,
1439 4816 1709 4874 tamquam
1758 4820 1921 4875 super

337 4900 743 4956 fundamentum
781 4898 1047 4954 aediﬁcati.
1079 4897 1325 4953 Ostendit
1350 4913 1444 4952 eos
1470 4897 1730 4953 cecidisse
1762 4916 1775 4951 :
1821 4898 1923 4952 hoc

338 4994 482 5049 enim
515 4992 713 5047 indicat
739 4990 887 5057 illud,
912 4989 1206 5059 1Ediﬁcati.
1232 4990 1438 5045 Revera
1466 4990 1606 5044 enim
1638 4989 1920 5045 aedilicium

340 5092 424 5138 cst
452 5081 618 5137 ﬁdes:
649 5091 704 5137 et
723 5096 858 5152 opus
889 5090 972 5136 est
998 5080 1121 5135 forti
1160 5079 1531 5147 fundamento,
1558 5080 1841 5151 stabilique
1869 5089 1924 5136 et

342 5187 454 5231 tuta
482 5174 858 5231 aediﬁcatione.
884 5173 1013 5229 Nam
1045 5174 1089 5229 si
1117 5173 1236 5243 quis
1262 5174 1314 5226 in
1343 5182 1456 5227 tuto
1486 5187 1592 5227 non
1620 5172 1924 5227 tediﬁcavc-

342 5269 431 5333 rit,
462 5268 711 5332 labascit;
738 5276 792 5323 et
836 5268 880 5321 si
921 5266 972 5319 in
1014 5274 1147 5331 tuto,
1175 5275 1230 5319 et
1255 5281 1359 5319 non
1388 5265 1649 5328 ﬁrmetur,
1682 5278 1790 5319 non
1820 5271 1927 5318 stat

342 5357 596 5428 amplius.
629 5357 777 5413 Sicut
816 5365 861 5411 et
888 5356 1157 5410 didicistis.
1190 5356 1417 5421 Rursus,
1460 5354 1628 5420 Sicut,
1663 5353 1926 5424 signiﬁcat

344 5450 477 5504 nihil
499 5464 695 5504 novum
722 5448 849 5503 dici.
876 5448 1225 5514 Abundantes,
1256 5447 1445 5518 inquit,
1473 5447 1527 5501 in
1552 5447 1643 5500 illa
1662 5447 1716 5501 in
1736 5447 1927 5518 gratia-

344 5560 462 5599 rum
489 5544 702 5597 actione.
747 5542 859 5597 Hoc
885 5550 968 5596 est
993 5542 1135 5596 enim
1165 5554 1353 5595 eorum
1390 5540 1479 5609 qui
1507 5548 1632 5593 sunt
1661 5553 1930 5594 memores

348 5635 593 5691 beneﬁcii
628 5658 643 5690 :
677 5649 781 5689 non
824 5634 1023 5702 solum,
1072 5634 1311 5702 inquam,
1355 5631 1552 5703 gratias
1600 5645 1779 5700 agere,
1834 5629 1931 5683 sed

350 5742 473 5783 cum
499 5742 689 5798 magna
718 5727 1061 5793 abundantia,
1092 5725 1213 5796 plus
1249 5739 1409 5797 quam
1432 5723 1715 5792 didicistis,
1741 5724 1785 5778 si
1816 5722 1931 5777 ﬁeri

352 5828 547 5889 potest,
581 5834 703 5874 cum
734 5834 925 5891 magna
963 5820 1128 5873 animi
1171 5816 1535 5874 contentione.
1556 5816 1623 5873 '8.
1663 5814 1837 5872 Videte
1868 5831 1931 5870 ne

2021 3522 2133 3587 quis
2162 3539 2247 3577 vos
2276 3524 2516 3594 decipiat.
2546 3523 2710 3579 Vides
2739 3523 3009 3593 quomodo
3037 3521 3333 3577 ostenderit
3369 3535 3489 3575 esse
3516 3519 3602 3574 fuo

2018 3628 2154 3677 rem,
2190 3625 2244 3668 et
2267 3616 2521 3681 alienum,
2550 3624 2605 3669 et
2630 3617 2828 3671 sensim
2875 3614 3298 3685 ingredientem?
3322 3615 3428 3682 jam
3458 3615 3601 3668 enim

2018 3705 2203 3759 statuit
2219 3706 2389 3775 ipsum
2418 3706 2824 3777 ingredientem.
2845 3705 2908 3760 Et
2928 3705 3148 3776 pulchre
3166 3704 3600 3767 ἀίςῖῑσυὶανωγῶν,

2020 3798 2391 3854 sullurantem.
2417 3797 2487 3855 Ut
2515 3799 2559 3853 si
2591 3799 2853 3870 quispiam
2895 3813 3143 3869 aggerem
3194 3797 3403 3852 inferne
3433 3797 3601 3851 suffo-

2019 3888 2195 3955 diens,
2225 3890 2304 3944 sui
2327 3904 2544 3944 sensum
2586 3906 2690 3944 non
2724 3891 2978 3960 prmbcat,
3031 3889 3159 3944 illud
3200 3905 3328 3945 vero
3358 3888 3600 3943 labatur:

2021 3983 2101 4037 sic
2121 3982 2208 4037 ille
2240 3982 2384 4037 facit.
2416 3982 2600 4037 Videte
2625 3997 2789 4053 ergo:
2821 3981 2905 4037 ha:
2937 3991 3057 4037 sunt
3089 3983 3232 4036 enim
3258 3981 3398 4035 illius
3428 3992 3604 4049 partes

2021 4092 2089 4131 ne
2116 4090 2333 4132 sensum
2362 4077 2576 4146 quidem
2621 4078 2704 4131 sui
2755 4077 3015 4147 praebere.
3054 4074 3156 4129 Per
3197 4073 3600 4145 philosophiam.

2024 4169 2247 4234 Deinde,
2265 4170 2515 4239 quoniam
2544 4166 2849 4223 veneranda
2878 4168 3087 4222 videtur
3102 4182 3222 4221 esse
3245 4165 3602 4235 philosophia,

2023 4262 2261 4321 addidit;
2292 4261 2357 4315 Et
2383 4262 2586 4316 inanem
2609 4260 2890 4333 fallaciam.
2920 4259 3018 4314 Est
3049 4260 3192 4313 enim
3226 4259 3361 4311 bona
3394 4272 3606 4326 quoque

2022 4353 2269 4423 deccptio
2290 4360 2346 4408 et
2370 4353 2545 4407 bonus
2564 4351 2736 4417 dolus,
2757 4368 2864 4422 quo
2882 4351 3029 4404 multi
3052 4358 3175 4403 sunt
3194 4348 3424 4417 decepti,
3445 4362 3605 4417 quem

2024 4464 2131 4502 non
2161 4447 2421 4502 fallaciam
2452 4445 2668 4516 quidem
2713 4453 2805 4499 aut
2852 4442 3228 4511 deceptionem
3257 4449 3470 4510 oportet
3508 4448 3605 4491 vo-

2025 4555 2182 4593 care:
2212 4538 2279 4594 de
2318 4553 2420 4608 qua
2471 4537 2602 4592 dicit
2645 4534 2927 4598 Jeremias,
2960 4533 3210 4602 Decepisti
3238 4548 3336 4596 me,
3365 4530 3605 4595 Domine,

2027 4642 2072 4687 et
2098 4634 2333 4703 deceptus
2361 4648 2469 4685 sum
2505 4629 2638 4700 (λετ.
2670 4628 2761 4684 20.
2789 4628 2868 4699 7).
2892 4626 3021 4682 Nam
3050 4625 3193 4696 quod
3219 4636 3301 4681 est
3329 4626 3607 4694 hujusmo-

2026 4726 2102 4790 di,
2126 4742 2193 4781 ne
2221 4724 2466 4795 deceptio
2491 4723 2703 4795 quidem
2730 4721 3012 4777 dicendum
3038 4728 3138 4775 est.
3159 4719 3289 4774 Nam
3318 4730 3372 4775 et
3401 4728 3607 4788 patrem

2028 4832 2181 4871 suum
2210 4814 2422 4886 decepit
2460 4814 2647 4877 Jacob,
2682 4812 2776 4869 sed
2808 4828 2912 4867 non
2945 4820 3060 4867 crat
3102 4811 3369 4880 deceptio,
3418 4826 3605 4865 verum

2029 4908 2377 4978 dispensatio.
2413 4906 2515 4961 Per
2535 4905 2930 4976 pliilosOphiam,
2956 4905 3148 4974 inquit,
3166 4912 3212 4957 et
3232 4904 3435 4957 inanem
3456 4902 3613 4973 falla-

2028 5002 2180 5063 ciam,
2209 4998 2485 5053 secundam
2514 4998 2839 5052 traditionem
2884 4996 3165 5059 hominum,
3206 4994 3482 5049 secundum
3511 4994 3612 5047 ele-

2030 5101 2199 5145 menta
2218 5090 2417 5156 mundi,
2442 5100 2487 5143 et
2510 5107 2611 5143 non
2638 5087 2913 5142 secundum
2941 5086 3214 5141 Christum.

2106 5183 2486 5237 Observationes
2513 5182 2726 5234 dierum.
2752 5210 2825 5220 —
2847 5179 2964 5234 Jam
2995 5179 3209 5249 attingit
3238 5176 3612 5248 reprehensio-

2033 5291 2158 5330 nem
2185 5275 2392 5330 dierum
2419 5272 2807 5329 observationis
2829 5272 2924 5341 (a),
2946 5271 3211 5325 elementa
3231 5268 3412 5323 mundi
3430 5267 3617 5321 dicens

2034 5368 2204 5423 solem
2236 5377 2290 5422 et
2317 5366 2533 5420 lunam:
2577 5365 2715 5419 sicut
2758 5364 2917 5418 etiam
2959 5361 3171 5418 dicebat
3198 5361 3252 5415 in
3282 5358 3518 5431 Epistola
3547 5358 3615 5414 ad

2036 5456 2279 5514 Galatas:
2308 5454 2571 5521 Quomodo
2619 5454 2969 5509 convertimini
3011 5452 3081 5506 ad
3126 5452 3333 5521 inﬁrma
3367 5460 3415 5504 et
3458 5466 3614 5521 egena

2100 5638 2172 5699 (a)
2197 5636 2273 5685 De
2295 5636 2483 5685 dierum
2505 5634 2943 5699 observationibus,
2962 5645 3080 5699 gnte
3102 5642 3275 5692 magna
3300 5628 3389 5699 fuit
3410 5627 3523 5677 olim
3546 5641 3625 5699 su-

2037 5689 2276 5764 perstitio,
2298 5699 2430 5764 et_ad
2454 5696 2615 5764 inﬁma
2641 5709 2799 5758 usque
2832 5689 3021 5764 saecula
3041 5689 3279 5764 protracta
3324 5694 3432 5764 t'ni_t,
3474 5689 3626 5764 multa

2037 5754 2163 5811 ilicta
2202 5754 2316 5810 sunt
2351 5762 2400 5810 in
2444 5754 2798 5822 supplemento
2820 5759 2878 5807 ad
2912 5754 3257 5819 Antiquitatcni
3286 5754 3621 5817 explanatam:

2038 5776 2163 5811 meta
2202 5776 2316 5810 sunt
2351 5776 2400 5810 in
2444 5776 2675 5870 Dqulem

2038 5838 2148 5887 quae
2168 5824 2311 5874 adeat
2341 5824 2425 5886 qui
2452 5836 2510 5872 vo
2532 5822 2675 5870 nerit.
