4120 6400
476 414 584 472 339

480 529 657 587 mundi
677 528 920 584 elementa
941 524 1083 597 (Gal.
1106 524 1161 579 4.
1187 520 1286 591 9)?
1316 520 1383 575 Et
1405 533 1511 572 non
1538 515 1689 577 dixit,
1723 512 1934 565 Dierum
1960 506 2057 559 oli-

483 621 833 685 Servatioues,
859 617 955 673 sed
981 615 1201 670 omnino
1228 609 1412 666 mundi
1450 604 1748 677 prmsentis,
1783 608 1841 654 ut
1869 607 2054 651 osten-

483 716 578 770 dat
600 727 759 784 quam
789 711 860 765 sit
882 723 968 764 res
996 708 1145 761 vilis:
1165 719 1285 758 nam
1305 703 1350 756 si
1369 698 1598 755 mundus
1618 694 1745 749 nihil
1764 700 1867 755 est,
1894 687 2061 743 multo

485 807 655 878 magis
679 805 962 859 elementa.
994 798 1125 855 Cum
1156 808 1284 865 ergo
1321 789 1643 848 ostendisset
1683 798 1841 854 quam
1884 778 2063 834 multis

487 899 663 956 affecti
706 895 903 951 fuerint
939 890 1248 953 beneﬁciis,
1294 896 1419 940 tunc
1462 881 1617 935 aﬂ‘ert
1642 872 2061 936 accusationem,

490 999 552 1045 ut
580 988 835 1058 majorem
860 982 1127 1042 ostendat,
1159 988 1214 1034 et
1243 983 1428 1046 arguat
1452 972 1743 1026 auditores.
1774 966 1885 1020 Hoc
1903 965 2065 1018 etiam

491 1054 707 1150 semper
733 1078 935 1133 faciunt
964 1073 1237 1144 propheta:
1258 1087 1271 1123 :
1298 1067 1446 1138 prius
1471 1060 1761 1119 ostendunt
1786 1054 2064 1116 beneﬁcia,

491 1184 547 1228 et
570 1182 694 1226 tunc
720 1177 918 1237 augent
942 1164 1314 1225 accusatione;
1346 1158 1486 1213 sicut
1527 1154 1657 1209 dicit
1688 1150 1870 1214 lsaias,
1903 1145 2070 1199 Filios

494 1264 643 1336 genui
672 1271 718 1315 et
741 1236 984 1324 esialtavi,
1010 1256 1110 1325 ipsi
1140 1268 1255 1307 vero
1286 1267 1364 1304 me
1390 1254 1685 1317 spreverunt
1714 1240 1868 1315 (lsai.
1899 1239 1952 1293 1.
1970 1236 2028 1304 2)
2053 1252 2068 1300 ;

495 1332 551 1411 et
575 1368 781 1417 rursus,
830 1351 1027 1419 Popule
1056 1362 1218 1410 meus,
1258 1341 1380 1413 quid
1420 1338 1515 1408 feci
1561 1336 1668 1401 tibi,
1699 1343 1788 1386 aut
1817 1332 1870 1385 in
1898 1344 1996 1399 quo
2026 1337 2074 1380 te

496 1447 671 1502 dolore
688 1444 858 1511 aﬂeci,
890 1452 935 1496 et
962 1441 1050 1494 tibi
1078 1439 1316 1492 molestus
1342 1433 1416 1505 fui
1443 1430 1628 1503 (Mich.
1662 1427 1712 1481 6.
1745 1423 1846 1496 3)?
1882 1431 1937 1477 et
1964 1421 2072 1473 Da-

499 1537 587 1592 vid
614 1546 670 1591 ut
702 1532 915 1603 quando
937 1528 1091 1594 dicit,
1120 1524 1373 1582 Exaudivi
1398 1533 1444 1576 te
1463 1522 1519 1574 in
1556 1516 1850 1573 abscondito
1880 1522 2076 1580 tempe-

500 1627 643 1683 statis
672 1602 844 1694 (Psal.
876 1622 965 1677 80.
998 1620 1085 1690 8);
1114 1626 1169 1673 et
1199 1629 1404 1677 rursus,
1445 1610 1597 1678 Aperi
1624 1624 1679 1662 os
1713 1616 1872 1669 tuum,
1902 1612 1948 1655 et
1975 1602 2074 1653 itit-

505 1720 650 1790 plebo
671 1689 818 1770 iuuit.
852 1713 921 1768 Et
949 1689 1144 1781 ubique
1185 1708 1265 1762 sic
1290 1703 1552 1760 invenies.
1584 1700 1725 1768 Ergo
1755 1692 1960 1751 etiamsi
1990 1689 2068 1744 illi

504 1809 794 1881 quidquam
823 1806 1082 1867 dicerent,
1118 1814 1225 1855 non
1259 1792 1569 1867 persuaderi
1603 1794 1906 1858 oporteret;
1939 1794 2080 1836 nunc

504 1875 704 1966 autem,
752 1900 911 1953 etiam
954 1894 1155 1962 absque
1202 1887 1497 1950 beneﬁciis,
1529 1883 1615 1937 illa
1641 1887 1852 1949 oportet
1877 1875 2079 1943 fugere.

507 1996 574 2049 Et
603 2011 703 2049 non
730 1990 1007 2047 secundum
1027 1986 1301 2042 Christum.
1334 1979 1465 2035 Nam
1496 1976 1596 2032 etsi
1622 1976 1689 2028 ita
1714 1986 1801 2026 res
1826 1985 1886 2024 se
1915 1967 2082 2021 hahe-

508 2096 591 2144 ret
610 2097 668 2141 ut
694 2084 922 2156 possetis
945 2090 998 2137 et
1029 2079 1151 2134 huic
1190 2087 1246 2132 et
1284 2074 1361 2129 illi
1398 2070 1623 2132 servire,
1668 2081 1734 2120 ne
1763 2065 1840 2119 sic
1867 2059 2083 2131 quidem

508 2186 814 2250 oporteret:
842 2189 980 2229 nunc
1021 2180 1201 2226 autem
1234 2183 1338 2221 non
1381 2165 1564 2218 sinunt
1600 2158 1690 2213 illa
1724 2170 1820 2211 vos
1846 2167 1969 2209 esse
1994 2166 2084 2205 se-

510 2243 743 2327 cundum
772 2266 1040 2322 Christum
1064 2280 1077 2316 :
1107 2276 1170 2316 ea
1198 2273 1291 2313 vos
1321 2256 1444 2312 inde
1469 2252 1760 2309 abducunt.
1779 2247 1911 2301 Cum
1941 2243 2089 2312 prius

512 2365 726 2421 Graecas
752 2358 1122 2415 labefactasset
1137 2349 1559 2407 observationes,
1593 2352 1719 2397 tunc
1743 2337 1905 2393 etiam
1934 2347 2091 2388 ever-

515 2458 579 2510 tit
605 2452 867 2510 ludaieas.
899 2447 1031 2503 Nam
1061 2456 1115 2499 et
1142 2441 1318 2498 Graeci
1346 2448 1401 2494 et
1426 2436 1594 2492 Judiei
1641 2432 1788 2502 plura
1829 2428 2089 2482 observa-

514 2546 673 2609 bant;
705 2542 799 2597 sed
828 2540 902 2595 illi
928 2536 1142 2609 quidem
1170 2548 1236 2587 ex
1267 2526 1622 2601 philosophia,
1645 2522 1700 2577 hi
1718 2533 1927 2575 veroex
1951 2517 2091 2585 lege.

517 2638 674 2697 Prius
702 2649 829 2704 ergo
869 2628 1075 2686 accedit
1112 2624 1180 2681 ad
1218 2638 1333 2686 eos,
1376 2618 1515 2689 apud
1552 2629 1687 2685 quos
1716 2610 1914 2680 majora
1940 2613 2095 2662 erant

517 2726 837 2784 accusanda.
888 2718 1187 2791 Quomodo,
1240 2714 1362 2769 Non
1406 2709 1678 2766 secundum
1720 2698 2011 2758 Christum?
2039 2697 2094 2751 9.

522 2820 659 2885 Quia
685 2820 739 2872 in
765 2818 873 2884 ipso
902 2812 1091 2866 habitat
1117 2806 1281 2862 onmis
1312 2800 1566 2874 plenitudo
1611 2793 1884 2849 divinitatis
1920 2804 2099 2858 corpo-

522 2880 737 2976 raliter;
766 2880 856 2963 10.
896 2914 944 2959 et
978 2903 1095 2957 estis
1121 2900 1175 2953 in
1200 2897 1289 2952 illo
1312 2892 1508 2965 repleti,
1554 2891 1639 2961 qui
1668 2896 1737 2942 est
1760 2893 1910 2955 caput
1939 2880 2101 2935 omnis

527 3004 844 3078 principatus
871 3006 920 3054 et
948 2992 1226 3066 potestatis.

598 3098 655 3152 2.
693 3064 829 3150 'Vide
850 3064 1125 3161 quomodo
1146 3084 1200 3138 in
1229 3093 1417 3137 eorum
1444 3073 1790 3131 accusatione
1815 3064 1947 3123 illud
1970 3078 2105 3120 con-

531 3189 683 3253 fodit,
718 3158 883 3255 prius
906 3191 1111 3251 ponens
1135 3172 1478 3233 solutionem,
1499 3177 1550 3222 et
1575 3175 1698 3219 tunc
1728 3158 2102 3230 objectionem.

533 3277 752 3335 Minime
780 3272 921 3328 enim
953 3273 1199 3337 suspecta
1230 3270 1312 3317 est
1338 3260 1453 3314 haec
1485 3255 1700 3318 solutio,
1731 3261 1786 3306 et
1815 3248 1983 3318 magis
2010 3245 2105 3300 ad-

534 3370 697 3426 mittit
719 3363 950 3427 auditor,
979 3366 1162 3428 utpote
1202 3368 1326 3409 cum
1366 3350 1455 3420 qui
1499 3347 1652 3410 dicit,
1686 3358 1791 3397 non
1822 3339 1889 3394 ad
1921 3338 1971 3393 id
1999 3346 2111 3390 stu-

536 3462 684 3517 dium
711 3453 972 3513 conferat.
1001 3449 1132 3504 Nam
1160 3444 1268 3501 illic
1288 3441 1501 3513 quidem
1532 3438 1696 3492 etiam
1730 3429 2004 3487 contendit
2045 3441 2113 3481 ne

540 3552 816 3612 vincatur;
846 3543 931 3598 hic
955 3549 1133 3595 autem
1162 3535 1401 3590 minime.
1423 3530 1553 3596 Quia
1571 3529 1623 3579 in
1641 3526 1750 3595 ipso
1773 3522 1981 3576 habitat.
2003 3517 2116 3572 Hoc

539 3651 644 3707 est,
669 3639 791 3711 quia
822 3637 960 3691 Deus
985 3632 1039 3687 in
1069 3630 1186 3700 ipso
1212 3626 1439 3682 habitat.
1468 3618 1572 3677 Sed
1597 3633 1665 3672 ne
1692 3614 1970 3670 existimes
1991 3622 2114 3664 eum

543 3748 664 3790 esse
706 3727 1017 3786 conclusum
1045 3732 1316 3790 tamquam
1364 3715 1416 3769 in
1462 3724 1709 3781 corpore,
1738 3707 1904 3762 dicit:
1938 3703 2115 3759 Omnis

547 3821 806 3896 plenitudo
834 3813 1108 3872 divinitatis
1131 3806 1491 3880 corporaliter;
1512 3811 1558 3856 et
1583 3801 1701 3855 estis
1727 3799 1780 3852 in
1800 3796 1891 3851 illo
1918 3793 2119 3865 repleti.

548 3889 653 3973 ἈιῘὶ
678 3915 826 3969 aiunt
845 3923 968 3964 eum
988 3905 1169 3960 dicere
1197 3896 1491 3955 Ecclesiam
1508 3892 1575 3947 ab
1590 3891 1706 3961 ejus
1734 3889 2013 3943 divinitate
2037 3899 2124 3939 re-

550 4009 770 4080 pletam,
800 4002 941 4058 sicut
967 3996 1092 4052 alibi
1120 3991 1270 4057 dicit,
1302 3988 1400 4056 Qui
1420 3985 1589 4042 omnia
1616 3981 1789 4053 implet
1816 3979 1869 4032 in
1895 3974 2124 4032 omnibus

552 4101 772 4175 (Ephes.
802 4097 854 4152 1.
883 4092 1010 4162 23);
1032 4083 1385 4158 corporaliter
1411 4087 1613 4141 autem,
1639 4085 1905 4143 tamquam
1929 4082 2126 4136 corpus

555 4156 609 4249 in
630 4156 823 4260 capite.
855 4156 1145 4252 Quomodo
1164 4189 1291 4246 ergo
1313 4186 1421 4227 non
1446 4164 1739 4238 subjunxit,
1762 4163 1892 4231 Quae
1921 4169 2003 4215 est
2023 4156 2132 4213 Ec-

554 4250 751 4338 clesia?
776 4250 1003 4344 Quidam
1032 4269 1183 4323 aiunt
1208 4278 1331 4321 eum
1360 4262 1427 4316 de
1446 4259 1602 4315 Patre
1617 4255 1819 4320 dicere,
1842 4250 2131 4306 divinitatis

559 4342 944 4447 plenitudinem
965 4364 1018 4418 in
1035 4361 1151 4431 ipso
1175 4356 1441 4420 habitare;
1464 4349 1559 4406 sed
1579 4359 1877 4418 perperam.
1899 4342 2132 4396 Primum

559 4434 795 4539 quidem,
830 4457 951 4530 quia
983 4453 1227 4509 habitare
1256 4462 1362 4503 non
1394 4441 1610 4515 proprie
1640 4439 1833 4494 dicitur
1870 4434 1940 4490 de
1983 4436 2132 4488 Deo:

562 4530 801 4615 secundo
826 4552 947 4624 quia
978 4542 1250 4620 plenitudo
1276 4555 1380 4595 non
1410 4546 1492 4593 est
1517 4549 1636 4605 quae
1673 4530 1989 4600 suscipitur;
2015 4539 2137 4581 nam

567 4647 773 4705 Domini
800 4621 871 4699 est
903 4652 1058 4706 terra,
1099 4644 1146 4691 et
1186 4630 1446 4698 plenitudo
1484 4629 1593 4697 ejus
1623 4623 1792 4696 (Psal.
1833 4621 1925 4676 25.
1961 4621 2052 4689 l);
2085 4626 2139 4671 et

569 4752 756 4797 rursus
789 4731 1095 4804 Apostolus,
1125 4725 1297 4780 Donec
1327 4718 1587 4794 plenitudo
1629 4716 1854 4787 gentium
1892 4710 2145 4765 advenerit

570 4832 744 4903 (Rom.
777 4800 866 4883 11—.
895 4823 1014 4894 25).
1042 4820 1236 4876 Totum
1264 4815 1461 4871 dicitur
1482 4807 1776 4882 plenitudo.
1798 4803 1998 4859 Deinde
2016 4800 2145 4872 quid

571 4896 675 4980 sibi
700 4920 815 4976 vult
843 4917 996 4981 illud,
1023 4906 1402 4983 Corporaliter?
1427 4906 1576 4959 Sicut
1602 4903 1653 4955 in
1684 4899 1878 4969 capite.
1916 4896 2024 4951 Cur
2049 4910 2146 4949 au-

576 5026 682 5069 tem
710 5024 895 5067 rursus
924 5006 1063 5063 idem
1113 5001 1262 5066 dicit,
1294 4997 1361 5050 Et
1399 4994 1514 5049 estis
1551 4993 1602 5045 in
1630 4991 1719 5044 illo
1748 4986 1966 5058 repleti?
2008 4984 2148 5053 Quid

575 5119 705 5175 ergo
734 5099 863 5158 illud
905 5096 1020 5153 est?
1049 5094 1180 5162 Quia
1208 5089 1339 5145 nihil
1369 5087 1544 5141 minus
1577 5081 1782 5136 habetis
1821 5094 1978 5149 quam
2020 5078 2147 5132 ille:

578 5198 716 5252 sicut
749 5193 803 5251 in
835 5189 926 5245 illo
973 5182 1256 5247 habitavit,
1303 5180 1376 5233 ita
1425 5175 1583 5231 etiam
1630 5172 1682 5226 in
1722 5170 1894 5225 vobis.
1926 5168 2151 5237 Semper

579 5286 723 5342 enim
752 5276 1030 5337 contendit
1057 5272 1253 5329 Paulus
1283 5277 1341 5323 ut
1384 5280 1482 5322 nos
1511 5263 1739 5318 adducat
1780 5274 1950 5330 prOpe
1989 5258 2151 5313 Chri-

581 5389 758 5433 stum:
788 5381 845 5426 ut
868 5367 1083 5440 quando
1119 5363 1266 5429 dicit,
1312 5353 1751 5418 Conrcsuscitavit,
1798 5361 1846 5405 et
1885 5349 2153 5405 consedere

584 5472 700 5542 fecit
728 5466 939 5539 (Ephes.
962 5461 1018 5516 2.
1044 5460 1131 5531 6);
1162 5464 1237 5521 et,
1284 5452 1343 5507 Si
1373 5446 1779 5509 sustinuerimus,
1808 5452 1854 5496 et
1880 5457 2155 5511 conregna-

586 5534 748 5616 bimus
786 5556 861 5629 (2.
914 5552 1045 5609 Tim.
1089 5550 1145 5602 2.
1177 5546 1296 5615 i2);
1327 5552 1400 5607 et,
1436 5539 1699 5608 Quomodo
1744 5550 1846 5589 non
1874 5534 2023 5588 etiam
2047 5547 2161 5585 cum

590 5657 698 5723 ipso
727 5622 895 5703 omnia
923 5642 1066 5699 nobis
1093 5637 1298 5693 donabit
1324 5633 1499 5704 (Rom.
1524 5631 1576 5686 8.
1621 5627 1748 5697 '52);
1777 5637 1972 5680 vocans
1995 5622 2158 5677 etiam

591 5719 905 5796 coheredes.
933 5732 1134 5791 Deinde
1151 5728 1220 5785 de
1243 5727 1531 5797 dignitate:
1556 5719 1625 5775 Et
1644 5722 1751 5789 ipse
1777 5726 1849 5771 est
1877 5724 2027 5785 caput
2051 5729 2159 5767 om-

594 5836 673 5889 nis
692 5833 1002 5907 principatus
1020 5835 1071 5884 et
1091 5822 1344 5898 potestatis
1366 5817 1414 5894 (l
1423 5817 1524 5872 bid.
1560 5831 1607 5871 υ.
1638 5814 1747 5891 17).
1769 5810 1868 5879 Qui
1890 5818 1971 5866 est
1996 5821 2155 5879 supe-

1216 406 1274 463 S.
1307 399 1581 460 JOANNIS
1605 387 2075 454 CHRYSOSTOMI
2113 380 2427 442 ARCUIEP.
2468 374 2997 434 CONSTANTINOP.

3638 370 3741 426 350

2165 500 2275 554 rior
2294 495 2561 558 omnibus,
2580 501 2635 548 et
2647 505 2809 546 causa
2825 488 3003 545 omnis
3024 486 3349 556 principatus
3370 493 3425 538 et
3443 485 3737 555 potestatis,

2164 602 2342 642 annon
2398 595 2483 639 est
2521 576 3046 637 consubstantialis?
3102 574 3306 631 Deinde
3357 574 3742 631 admirabiliter

2166 675 2440 747 subiunxit
2466 671 2809 733 beneﬁcium.
2840 679 2896 724 et
2921 667 3089 722 multo
3114 665 3480 721 admirabilius
3509 681 3665 736 quam
3690 667 3743 722 in

2169 769 2402 838 Epistola
2432 767 2498 821 ad
2524 766 2817 820 Romanos.
2848 761 2980 816 Nam
3032 759 3144 813 illic
3194 756 3407 828 quidem
3457 758 3606 823 dicit,
3634 758 3745 812 Cir-

2170 863 2409 916 cumcisio
2437 859 2603 915 cordis
2649 857 2706 911 in
2751 854 2956 925 spiritu,
3003 868 3103 906 non
3150 851 3294 904 litera
3324 848 3498 920 (Rom.
3529 848 3586 903 2.
3614 847 3745 917 29);

2172 955 2259 1009 hie
2283 961 2481 1013 autem,
2523 950 2591 1004 In
2634 948 2853 1002 Christo.
2900 947 2989 1000 11.
3032 943 3098 997 In
3128 959 3225 1013 quo
3251 952 3299 995 et
3325 942 3607 994 circumcisi
3633 944 3750 995 estis

2172 1044 2546 1099 circumcisione
2571 1058 2671 1095 non
2698 1055 2849 1093 manu
2875 1037 3031 1106 facta,
3064 1035 3116 1088 in
3140 1033 3503 1101 exspoliatione
3526 1032 3751 1100 corporis

2176 1144 2492 1205 peccatorum
2516 1133 2705 1197 carnis,
2735 1129 2822 1185 sed
2859 1131 2913 1182 in
2955 1126 3333 1179 circumcisione
3369 1124 3575 1177 Christi.
3624 1125 3751 1179 \"ide

2175 1226 2443 1297 quomodo
2465 1222 2706 1293 proxime
2727 1219 2793 1274 ad
2819 1234 2932 1274 rem
2959 1216 3184 1272 accedit.
3220 1214 3375 1279 Dicit,
3402 1213 3466 1267 1n
3493 1214 3749 1281 exspolia—

2179 1321 2345 1381 tione;
2379 1330 2482 1369 non
2509 1314 2660 1376 dixit,
2689 1312 2744 1366 In
2776 1310 3116 1380 spoliatione.
3145 1306 3384 1377 Corporis
3411 1315 3751 1375 peccatorum:

2181 1420 2415 1465 veterem
2437 1406 2568 1461 dicit
2593 1404 2777 1458 vitam.
2813 1399 3010 1455 Eadem
3053 1396 3267 1452 assidue
3295 1404 3351 1451 et
3378 1396 3525 1451 varie
3550 1403 3748 1459 versat,

2179 1502 2317 1561 sicut
2339 1498 2581 1569 superius
2606 1493 2850 1549 dicebat:
2877 1491 2975 1556 Qui
3001 1490 3184 1559 eripuit
3214 1504 3304 1542 nos
3331 1504 3364 1540 a
3402 1496 3640 1557 potestate
3666 1495 3744 1538 te-

2181 1593 2470 1654 nebrarum,
2497 1598 2543 1643 et
2567 1587 2878 1641 abalienatos
2906 1581 3247 1637 reconciliavit
3272 1589 3325 1633 ut
3355 1594 3572 1634 essemus
3596 1577 3755 1632 sancti

2182 1694 2229 1738 et
2254 1681 2495 1750 inculpati
2526 1678 2660 1748 (Col.
2693 1678 2746 1731 1.
2777 1677 2889 1744 15).
2919 1673 3035 1728 Νοη
3065 1672 3313 1741 amplius,
3345 1670 3535 1740 inquit,
3566 1672 3617 1724 in
3640 1669 3756 1739 gla-

2185 1776 2273 1832 dio
2298 1784 2380 1829 est
2403 1768 2757 1833 circumcisio,
2805 1766 2900 1822 sed
2947 1767 2998 1819 in
3042 1764 3157 1833 ipso
3189 1761 3447 1816 Christo:
3481 1776 3586 1815 non
3615 1761 3757 1816 enim

2187 1882 2372 1925 manus
2400 1864 2581 1930 infert,
2622 1863 2761 1916 sicut
2789 1859 2917 1924 illic,
2966 1856 3105 1910 hanc
3151 1853 3634 1917 circunieisionem,
3665 1851 3759 1907 sed

2187 1959 2436 2029 spiritus:
2469 1969 2572 2009 non
2603 1960 2831 2022 partem,
2858 1947 2952 2003 sed
2982 1956 3150 2001 totum
3182 1944 3451 1999 hominem
3477 1942 3761 1998 circumci-

2188 2053 2287 2107 dit.
2315 2049 2519 2118 Corpus
2547 2053 2631 2100 est
2657 2053 2712 2098 et
2740 2042 2865 2107 hoc,
2901 2051 2955 2095 et
2983 2052 3180 2107 corpus
3206 2044 3290 2089 est
3318 2034 3476 2099 illud;
3510 2034 3603 2090 sed
3635 2031 3760 2087 illud

2189 2142 2402 2213 quidem
2430 2151 2612 2199 carne,
2653 2133 2756 2188 hoc
2783 2146 2911 2186 vero
2956 2126 3308 2199 spiritualiter
3344 2123 3761 2191 circumciditur,

2191 2232 2285 2288 sed
2314 2246 2420 2286 non
2449 2230 2588 2282 sicut
2612 2224 2779 2281 Judaei
2807 2237 2949 2278 :non
2982 2220 3123 2275 enim
3155 2232 3394 2281 carnem,
3420 2215 3513 2271 sed
3546 2225 3765 2285 peccata.

2193 2322 2438 2379 exuistis.
2462 2316 2685 2386 Quando
2704 2323 2759 2370 et
2778 2310 3080 2384 quomodo?
3098 2310 3156 2363 In
3180 2307 3517 2377 baptismate.
3546 2304 3767 2374 thuod

2194 2424 2350 2469 vocat
2378 2408 2865 2469 circumcisionem,
2893 2411 3047 2457 vocat
3089 2401 3249 2456 etiam
3290 2397 3614 2466 sepulcrum.
3639 2395 3771 2449 Vide

2198 2504 2465 2577 quomodo
2492 2516 2678 2557 rursus
2709 2498 2901 2553 transit
2942 2495 3009 2549 ad
3047 2491 3474 2563 justilicationes.
3527 2488 3772 2544 Pcccoto-

2199 2617 2332 2667 rum,
2357 2598 2548 2667 inquit,
2572 2594 2762 2656 carnis,
2784 2607 2904 2662 quae
2931 2589 3175 2643 fecerunt
3202 2586 3253 2639 in
3281 2599 3466 2639 carne.
3497 2582 3637 2637 Dicit
3661 2596 3775 2635 nia-

2197 2694 2286 2766 jus
2313 2687 2752 2748 circumcisione:
2786 2697 2893 2737 non
2935 2680 3078 2735 enim
3117 2678 3366 2747 jecerunt
3411 2673 3462 2728 id
3509 2672 3648 2743 quod
3690 2681 3777 2727 est

2201 2784 2617 2843 circumcisum,
2675 2776 2771 2833 sed
2823 2773 3207 2846 perdiderunt,
3259 2768 3354 2823 sed
3402 2777 3777 2836 corruperunt.

2204 2878 2295 2933 12.
2352 2871 2643 2941 Consepulti
2691 2869 2758 2935 ei,
2806 2866 2995 2935 inquit,
3045 2864 3097 2916 in
3143 2861 3425 2932 baptismo,
3476 2859 3531 2912 in
3586 2874 3681 2927 quo
3732 2866 3781 2915 et

2210 2963 2593 3025 consurrexistis
2641 2977 2733 3030 per
2782 2957 2936 3025 [idem
2977 2953 3283 3025 operationis
3319 2950 3432 3017 Dei,
3460 2950 3544 3021 qui
3569 2950 3784 3004 suscita-

2208 3062 2276 3117 vit
2316 3060 2513 3112 illuma
2539 3053 2767 3107 mortuis.
2812 3048 2918 3105 Sed
2945 3063 3050 3102 non
3094 3054 3179 3102 est
3220 3045 3392 3099 solum
3431 3042 3781 3113 sepulcrum:

2209 3152 2331 3208 vide
2359 3149 2500 3205 enim
2528 3144 2654 3217 quid
2694 3143 2858 3208 dicat,
2890 3139 2958 3194 In
2983 3154 3083 3206 quo
3111 3147 3157 3192 et
3183 3134 3566 3191 consurrexistis
3598 3148 3687 3202 per
3715 3132 3785 3196 fi-

2212 3246 2323 3299 dem
2351 3238 2652 3311 operationis
2680 3234 2795 3300 Dei,
2826 3233 2909 3304 qui
2927 3230 3186 3286 suscitavit
3214 3228 3358 3282 illum
3378 3243 3411 3280 a
3428 3226 3656 3281 mortuis.
3676 3224 3787 3279 Re-

2214 3348 2299 3392 cte
2319 3336 2484 3398 dixit;
2515 3341 2681 3385 totum
2704 3328 2847 3382 enim
2868 3335 2955 3381 est
2979 3324 3122 3378 ﬁdei.
3146 3320 3460 3377 Credidistis
3481 3319 3623 3388 quod
3651 3318 3790 3372 Deus

2219 3435 2392 3499 potest
2420 3423 2714 3485 suscitare;
2744 3429 2793 3472 et
2823 3419 2894 3471 ita
2920 3413 3160 3470 suscitati
3179 3412 3329 3467 estis.
3353 3410 3556 3466 Deinde
3582 3408 3789 3479 etquod

2219 3529 2301 3575 est
2326 3517 2430 3571 ﬁde
2457 3514 2673 3584 dignum
2699 3525 2714 3569 ς
2745 3507 2843 3574 Qui
2869 3505 3147 3569 suscitavit,
3195 3502 3384 3573 inquit,
3431 3502 3577 3555 illum
3596 3518 3627 3553 ιι
3653 3516 3792 3553 mor-

2219 3614 2338 3665 tuis.
2362 3607 2479 3663 Jatn
2523 3601 2755 3658 ostendit
2799 3595 3241 3655 resurrectionem
3277 3612 3291 3649 :
3325 3594 3412 3649 15.
3447 3591 3514 3646 Ει
3560 3608 3645 3645 vos
3678 3606 3795 3645 cum

2222 3700 2409 3757 mortui
2441 3695 2613 3752 essetis
2638 3696 2691 3747 in
2716 3691 2912 3746 delictis
2936 3698 2985 3743 et
3007 3686 3256 3759 prwputio
3277 3685 3446 3740 carnis
3470 3693 3666 3749 vestrae,
3684 3697 3797 3735 con-

2224 3788 2488 3860 viviﬁcavit
2518 3802 2631 3839 cum
2656 3783 2766 3837 illo.
2792 3780 2969 3835 Eratis
3007 3778 3150 3832 enim
3180 3777 3338 3831 morti
3364 3774 3600 3839 obnoxii.
3646 3771 3799 3839 Quod

2226 3884 2273 3941 si
2299 3881 2459 3936 etiam
2488 3875 2683 3934 mortui
2735 3874 2951 3938 essetis,
2982 3885 3087 3924 non
3116 3868 3333 3933 frustra,
3362 3864 3456 3921 sed
3484 3864 3596 3919 utili
3625 3870 3801 3917 morte

2229 3973 2419 4030 essetis
2448 3969 2664 4025 mortui.
2711 3963 2846 4020 Vide
2871 3959 3139 4032 quomodo
3178 3971 3368 4013 rursus
3395 3954 3628 4010 osuandit
3651 3969 3802 4024 qua:-

2232 4082 2354 4124 nam
2379 4073 2532 4121 erant
2561 4059 2759 4125 meriti,
2788 4072 2884 4127 per
2909 4070 2971 4110 ea
3000 4067 3119 4123 quae
3140 4049 3446 4121 subjunxit:
3472 4047 3681 4102 Donans
3709 4062 3804 4099 no-

2236 4160 2310 4215 bis
2359 4155 2529 4212 omnia
2557 4152 2761 4215 delicta,
2807 4148 2896 4203 14.
2934 4146 3106 4199 deletis
3132 4141 3267 4213 quod
3307 4140 3547 4193 adversus
3586 4153 3677 4191 nos
3700 4145 3808 4190 erat

2236 4248 2625 4321 chirographum
2662 4242 2865 4305 decreti,
2898 4237 3034 4308 quod
3059 4245 3170 4291 erat
3212 4231 3522 4287 contrarium
3561 4228 3732 4290 nobis;
3762 4236 3809 4279 et

2238 4345 2403 4415 ipsum
2425 4339 2538 4393 tulit
2565 4336 2626 4389 de
2651 4332 2835 4396 medio,
2858 4330 3063 4399 afﬁgens
3092 4326 3222 4380 illud
3247 4324 3417 4386 cruci;
3442 4321 3530 4377 15.
3555 4329 3604 4375 et
3625 4334 3810 4388 exspo-

2241 4414 2371 4492 lians
2398 4429 2711 4502 principatus
2731 4434 2777 4479 et
2802 4431 3089 4493 potestates,
3121 4416 3346 4472 traduxit
3384 4414 3690 4480 conﬁdenter
3714 4428 3812 4481 pa-

2243 4528 2368 4590 lam,
2393 4520 2712 4586 triumphans
2740 4514 2856 4568 illos
2878 4514 2930 4565 in
2953 4510 3241 4579 semetipso.
3282 4504 3497 4559 Danaus
3535 4503 3696 4565 nobis,
3727 4502 3814 4555 in-

2244 4615 2377 4685 quit,
2406 4610 2574 4665 omnia
2620 4605 2825 4660 delicta.
2856 4598 3147 4669 Quianam?
3173 4597 3305 4663 Qua:
3342 4593 3643 4650 efﬁciebant
3668 4606 3814 4645 mor.

2249 4683 2527 4760 talitatem.
2560 4699 2624 4753 Et
2649 4695 2805 4766 quid?
2848 4691 3043 4747 sivitne
3067 4705 3129 4744 ea
3159 4686 3413 4741 manere?
3441 4683 3811 4753 Nequaquam,

2250 4798 2346 4859 sed
2373 4795 2588 4857 delevit,
2618 4806 2723 4845 non
2757 4786 2931 4841 solum
2958 4780 3236 4851 expunxit,
3268 4777 3363 4833 sed
3391 4774 3616 4841 delevit,
3664 4774 3733 4827 ita
3763 4780 3821 4825 ut

2253 4908 2358 4948 non
2386 4891 2728 4959 apparerent.
2758 4881 2813 4935 In
2844 4876 3097 4937 decretis,
3128 4871 3321 4943 inquit,
3344 4884 3438 4924 seu
3463 4864 3821 4938 dogmatibus.

2254 4986 2313 5040 ln
2364 4953 2713 5052 quibusnam?
2745 4972 2801 5027 In
2853 4968 2975 5023 ﬁde.
3008 4964 3217 5021 Sufﬁcit
3258 4976 3388 5031 ergo
3416 4958 3656 5015 credere.
3705 4953 3823 5008 Non

2254 5045 2506 5144 operibus
2534 5079 2718 5135 opera,
2750 5060 2844 5116 sed
2872 5071 3037 5128 opera
3074 5054 3197 5109 ﬁdei
3228 5050 3449 5107 addidit.
3481 5048 3547 5103 Et
3573 5045 3699 5117 quid
3730 5060 3821 5114 po-

2258 5162 2405 5221 stea?
2453 5134 2779 5215 Remissioni
2824 5163 3010 5207 rursus
3053 5144 3325 5215 subjungit
3366 5141 3707 5197 deletionem.
3760 5134 3829 5189 Et

2255 5257 2445 5326 ipsum,
2462 5248 2647 5318 inquit,
2673 5244 2784 5298 tulit
2810 5242 2873 5295 de
2898 5239 3082 5295 medio.
3112 5237 3177 5291 Et
3203 5250 3271 5289 ne
3297 5234 3373 5287 sic
3397 5232 3609 5301 quidem
3640 5242 3831 5283 serva-

2259 5322 2353 5408 vit,
2379 5343 2472 5399 sed
2499 5350 2553 5397 et
2581 5339 2632 5394 id
2658 5336 2907 5406 disrupit,
2934 5333 3150 5404 Aﬁigens
3172 5328 3329 5383 cruci.
3361 5324 3669 5396 Exspatians
3695 5322 3831 5393 prin~

2262 5444 2455 5511 cipatus
2473 5446 2519 5489 et
2545 5442 2831 5506 potestates,
2857 5426 3082 5482 traduxit
3106 5422 3414 5487 conﬁdenter
3435 5419 3625 5490 palam,
3652 5418 3834 5469 trium-

2264 5535 2427 5605 phans
2455 5528 2571 5582 illos
2609 5528 2660 5579 in
2701 5522 2988 5592 semetipso.
3020 5515 3293 5584 Nusquam
3338 5512 3585 5580 loquutus
3611 5517 3693 5563 est
3721 5516 3832 5561 tam

2266 5620 2566 5691 magnifice.
2625 5658 2660 5667 .-

2339 5714 2391 5767 3.
2434 5708 2594 5765 Vides
2622 5712 2873 5777 quantum
2922 5697 3158 5772 posuerit
3187 5696 3418 5751 studium
3462 5703 3520 5748 ut
3565 5692 3836 5747 deleretur
3880 5697 3891 5705 ‘

2270 5797 2714 5873 chirographum?
2737 5795 2936 5867 Nempe
2977 5804 3191 5848 eramus
3244 5799 3428 5845 omnes
3456 5784 3674 5842 obnoxii
3702 5796 3829 5854 pce-
