4148 6402
373 331 480 389 359

365 446 695 520 ηνιὲιχλησά
727 463 859 513 σοι;
891 449 985 501 καὶ
1013 449 1042 501 6
1063 447 1244 514 Δαυῗδ,
1282 449 1358 512 ὼς
1381 450 1512 503 ὅταν
1545 451 1681 523 λέγῃ
1704 467 1718 481 ο
1764 450 1947 519 Ἐπή-

368 536 565 594 κουσά
595 553 712 589 σου
752 536 821 589 ἐν
853 537 1181 605 ἀποκρύφῳ
1214 536 1556 605 καταιγίδος
1582 554 1598 571 ο
1629 538 1725 591 καὶ
1756 538 1946 601 πάλιν,

374 625 655 690 Ἀνοιξον
679 624 744 676 τὸ
777 624 971 692 στόμα
996 639 1136 686 σου,
1171 623 1270 677 καὶ
1300 626 1601 691 πληρώσω
1633 625 1801 680 αὐτό.
1839 626 1951 678 Καὶ

370 713 649 785 πανταχοῦ
683 712 860 775 οὕτως
880 712 1154 783 εὑρήσεις.
1198 713 1454 767 Μάλιστα
1494 714 1593 783 μὲν
1624 710 1719 768 οὖν
1751 698 1870 767 οὐδὲ
1903 715 1956 769 εῐ

371 822 423 856 τι
462 802 682 871 ἔλεγον,
733 798 1015 853 πείθεσθαι
1054 800 1196 851 ἔδει·
1243 799 1337 854 νῦν
1381 801 1437 854 δὲ
1486 803 1579 855 καὶ
1630 804 1800 873 χωρὶς
1843 801 1952 854 τῶν

373 887 705 961 εὐεργεσιῶν
759 887 978 957 φεύγειν
1012 887 1198 941 ἐκεῖνα
1233 887 1335 942 δεῖ.
1371 889 1481 943 Καὶ
1509 891 1581 943 οὺ
1631 891 1780 943 κατὰ
1818 892 1953 957 Χρι-

372 979 555 1041 στὸν,
602 975 755 1047 φησί.
798 966 1051 1030 Μάλιστα
1084 976 1182 1045 μὲν
1214 976 1356 1046 γὰρ,
1383 978 1433 1029 εί
1471 979 1564 1031 καὶ
1596 978 1769 1041 οὕτως
1794 974 1864 1050 ἦν
1895 978 1954 1043 ἐξ

375 1068 631 1139 ἡμισείας
646 1096 671 1133 ,ο
706 1066 847 1119 ῶστε
902 1064 1161 1118 δύνασθαι
1200 1066 1298 1118 καὶ
1342 1064 1517 1135 τούτῳ
1557 1066 1796 1137 κάκείνῳ
1834 1068 1956 1121 δου-

375 1156 585 1218 λεύειν,
628 1155 750 1207 οὐδὲ
796 1152 969 1215 οὕτως
1002 1152 1140 1206 ἔδειο
1169 1152 1267 1206 νῦν
1294 1152 1352 1205 δὲ
1382 1153 1483 1207 οὐκ
1534 1154 1762 1224 ἀφίησιν
1810 1155 1957 1225 ὑμᾶς

377 1239 518 1296 εἷναι
550 1242 693 1296 κατὰ
724 1241 978 1311 Χριστόν.
1016 1240 1257 1293 Ἐκεῖθεν
1292 1240 1431 1294 αὐτὰ
1472 1242 1719 1310 φέρουσι.
1756 1243 1959 1313 Πρότε-

381 1350 472 1404 ρον
505 1331 561 1384 δὲ
598 1329 959 1390 διασαλεύσας
999 1329 1097 1391 τὰς
1152 1327 1474 1400 Ἑλληνικὰς
1506 1332 1918 1400 παρατηρήσεις
1940 1370 1955 1393 ,

376 1420 499 1473 τότε
530 1418 750 1482 καὶτὰς
805 1417 1102 1480 Ἰουδαῖκὰς
1140 1418 1371 1486 ἀναιρεῖ.
1410 1418 1519 1469 Καὶ
1546 1418 1655 1488 γὰρ
1701 1418 1958 1490 Ἕλληνες

380 1510 477 1562 καὶ
517 1507 757 1560 Ἰουδαῖοι
817 1509 1163 1576 παρετήρουν
1208 1506 1405 1568 πολλὰ,
1452 1505 1566 1558 ἀλλ’
1602 1506 1652 1558 οἱ
1700 1506 1800 1576 μὲν
1851 1504 1960 1560 ἀπὸ

377 1594 721 1667 φιλοσοφίας,
754 1594 804 1647 οἱ
831 1594 888 1648 δὲ
913 1594 1022 1647 ἀπὸ
1047 1594 1235 1663 νόμου.
1278 1595 1549 1664 Πρότερον
1581 1594 1759 1649 τοίνυν
1786 1593 1956 1666 πρόσ-

382 1703 488 1738 εισι
527 1683 776 1748 τούτοις,
838 1681 966 1735 ἔνθα
1012 1683 1272 1753 μείζωνή
1314 1683 1637 1754 κατηγορία.
1675 1682 1831 1747 Πῶς,
1876 1684 1958 1735 Ob

383 1773 533 1827 κατὰ
558 1772 847 1840 Χριστόν;
867 1770 993 1824 ’Ὅτι
1017 1771 1087 1824 ἐν
1114 1769 1272 1835 αὺτῷ
1293 1770 1561 1824 κατοικεῖ
1574 1770 1699 1825 πᾶν
1721 1770 1787 1823 τὸ
1808 1768 1961 1834 πλη-

377 1876 547 1931 ρωμα
568 1859 680 1928 τῆς
710 1858 989 1927 θεότητος
1019 1856 1385 1927 σωματικῶς,
1420 1858 1518 1912 καὶ
1537 1858 1679 1911 ἐστέ
1699 1859 1769 1911 ἐν
1802 1855 1961 1922 αὐτῷ

383 1946 835 2017 πεπληρωμένοι
853 1987 869 2014 ,
910 1946 978 2011 ὅς
1004 1947 1176 2000 ἐστιν
1203 1947 1240 2015 ἡ
1272 1945 1507 2015 κεφαλὴ
1537 1945 1741 2015 πάσης
1771 1944 1963 2014 ἀρχῆς

379 2036 487 2091 καὶ
514 2035 824 2102 ἐξουσίας.

461 2209 527 2278 β’.
556 2210 701 2276 Ὅρα
732 2205 850 2269 πῶς
871 2205 929 2259 tv
951 2206 1018 2275 τῇ
1041 2202 1247 2256 τούτων
1266 2200 1568 2273 κατηγορίᾳ
1583 2199 1754 2254 ἐκεῖνο
1765 2198 1966 2271 διορύτ-

388 2311 494 2359 τει,
525 2292 790 2363 πρότερον
826 2292 995 2356 τιθεὶς
1012 2291 1108 2361 τὴν
1124 2291 1296 2357 λύσιν,
1311 2289 1405 2344 καὶ
1419 2289 1539 2343 τότε
1554 2297 1653 2359 τὴν
1671 2290 1962 2346 ἀντίθεσιν.

398 2382 735 2445 Ἂνύποπτος
760 2380 918 2452 γὰρὴ
953 2378 1177 2449 τοιαύτη
1199 2378 1371 2441 λύσις,
1404 2378 1498 2430 καὶ
1524 2377 1722 2448 μᾶλλον
1749 2377 1966 2447 δέχεται

383 2475 421 2527 6
454 2469 748 2541 ἀκροατὴς.
778 2468 854 2530 ὡς
883 2468 943 2520 οὐ
972 2466 1130 2520 τοῦτο
1155 2464 1545 2528 σπουδάζοντος
1572 2463 1666 2516 τοῦ
1695 2463 1963 2532 λέγοντος.

406 2559 554 2611 Ἐκεῖ
585 2561 683 2627 μὲν
710 2554 819 2626 γὰρ
849 2555 940 2608 καὶ
968 2554 1260 2623 φιλονεικεῖ
1281 2551 1357 2622 μὴ
1383 2551 1707 2622 ἡττηθῆναι,
1736 2550 1969 2605 ἐνταῦθα

388 2647 450 2699 δὲ
480 2644 562 2699 οὗ.
595 2644 812 2698 ⁶Ὀτιέν
838 2642 997 2706 αὐτῷ
1027 2657 1301 2695 κατοικει.
1328 2638 1647 2700 Τουτέστιν,
1677 2638 1759 2692 ὅτι
1788 2640 1816 2690 6
1840 2637 1970 2702 Θεὸς

391 2735 455 2788 tv
503 2732 651 2803 αὐτῷ
698 2732 856 2786 οἰκεῖ.
901 2729 1041 2784 Ἀλλ’
1078 2729 1166 2781 ἵνα
1207 2727 1283 2797 μὴ
1316 2725 1543 2797 νομίσῃς
1576 2724 1737 2778 αὑτὸν
1772 2741 1971 2793 συγκε-

398 2822 664 2883 κλεῖσθαι,
693 2820 774 2884 ὡς
810 2822 869 2873 tv
914 2817 1148 2888 σώματι,
1182 2814 1350 2886 φησί’
1394 2813 1526 2869 Πᾶν
1565 2814 1632 2867 τὸ
1685 2812 1973 2881 πλήρωμα

393 2912 511 2981 τῆς
550 2912 829 2978 θεότητος
855 2902 1222 2975 σωματικῶς,
1275 2901 1372 2956 καὶ
1408 2901 1551 2955 ἐστὲ
1579 2901 1648 2954 ἐν
1674 2899 1834 2965 αὐτῷ
1867 2913 1971 2953 πε-

400 2998 801 3068 πληρωμένοι.
851 2993 1035 3047 Ἀλλοι
1074 2992 1238 3061 φασὶν
1269 2990 1353 3043 ὅτι
1379 2988 1479 3060 τὴν
1529 2987 1853 3057 Ἐκκλησίαν
1884 2987 1972 3039 λέ-

399 3105 489 3157 γει
523 3084 965 3158 πεπληρωμένην
1006 3081 1111 3134 ὑπὸ
1144 3079 1245 3149 τῆς
1275 3078 1526 3149 θεότητος
1569 3078 1757 3143 αὐτοῦ,
1795 3076 1975 3141 καθὼς

402 3175 636 3247 ἀλλαχοῦ
668 3189 836 3244 φησι·
874 3169 992 3225 Τοῦ
1018 3167 1213 3221 πάντα
1239 3166 1310 3219 ἐν
1340 3165 1489 3227 πᾶσι
1517 3165 1939 3234 πληρουμένου
1956 3179 1974 3196 °

400 3267 464 3319 τὸ
488 3265 566 3329 δὲ,
586 3260 935 3333 σωματικῶς,
963 3254 1216 3319 ἐνταῦθα,
1240 3254 1316 3317 ὼς
1335 3255 1394 3308 tv
1417 3252 1627 3324 κεφαλῇ
1648 3253 1827 3324 σῶμα.
1853 3252 1979 3315 Πῶς
2024 3246 2025 3249 “

405 3350 498 3407 οῦν
525 3353 626 3405 οὑκ
659 3352 969 3420 ἐπήγαγεν,
998 3344 1122 3415 ἣτις
1164 3343 1311 3395 ἐστὶν
1346 3344 1381 3412 ἡ
1425 3341 1756 3411 Ἐκκλησία;
1803 3340 1977 3392 Ἔνιοι

406 3443 463 3495 δὲ
492 3443 623 3511 περὶ
649 3437 746 3492 τοῦ
769 3433 981 3506 Πατρός
1010 3449 1142 3501 φασι
1162 3429 1366 3498 λέγειν,
1399 3429 1482 3482 ὅτι
1512 3428 1609 3500 τῆς
1639 3428 1891 3499 θεότητος
1917 3428 1980 3482 τὸ

409 3531 684 3602 πλήρωμα
723 3528 781 3580 tv
806 3522 955 3594 αὐτῷ
978 3521 1149 3574 οἰκεῖ’
1176 3518 1313 3572 ἀλλὰ
1342 3517 1546 3579 κακῶς.
1594 3516 1815 3587 Πρῶτον
1855 3516 1977 3586 μὲν,

409 3624 493 3675 ὅτι
516 3621 577 3674 τὸ
605 3618 773 3672 οἰκεῖν
797 3616 859 3669 οὐ
889 3610 1094 3682 κυρίως
1121 3607 1337 3675 λέγεται
1372 3605 1465 3658 ἐπὶ
1493 3605 1628 3657 Θεοῦ
1654 3620 1669 3635 ⁸
1707 3605 1977 3678 δεύτερον,

410 3711 494 3764 ὃτι
525 3708 585 3762 τὸ
618 3705 890 3776 πλήρωμα
916 3701 976 3753 ού
1008 3698 1070 3751 τὸ
1095 3694 1381 3766 δεχόμενόν
1412 3694 1527 3746 ἐστι
1546 3709 1562 3723 ⁶
1602 3693 1713 3747 Τοῦ
1736 3693 1846 3764 γὰρ
1875 3698 1985 3748 Kv.

407 3798 543 3869 ρίου
568 3796 607 3863 η
624 3792 723 3865 γῆ,
739 3789 911 3846 καὶτὸ
926 3784 1215 3853 πλήρωμα
1237 3780 1435 3869 αὐτῆς
1448 3797 1463 3812 ο
1479 3779 1575 3869 καὶ
1599 3778 1758 3833 πάλιν
1780 3783 1807 3833 6
1834 3781 1985 3834 Ἀ’ττςό⁴

417 3867 624 3952 στολος,
640 3884 848 3951 Ἀχρις
862 3872 933 3934 οὗ
956 3875 1025 3929 τὸ
1052 3870 1344 3940 πλήρωμα
1369 3867 1486 3922 τῶν
1504 3868 1695 3922 ἐθνῶν
1714 3867 1981 3937 εἰσέλθῃ.

414 3974 491 4029 Τὸ
509 3974 629 4027 ὃλον
642 3969 861 4038 λέγεται
886 3963 1179 4034 πλήρωμα.
1206 3960 1437 4011 Ἔπειτα
1453 3955 1531 4019 τὸ,
1552 3955 1919 4025 Σωματικῶς,
1933 3956 1986 4008 τί

417 4062 666 4135 βούλεται
689 4055 907 4127 δηλοῦν;
945 4053 1034 4115 Ὧς
1058 4053 1116 4105 tv
1148 4047 1382 4117 κεφαλῇ.
1408 4045 1473 4097 Τί
1497 4044 1555 4097 δὲ
1582 4045 1744 4098 πάλιν
1771 4044 1832 4096 τὸ
1858 4044 1988 4097 αὐτὸ

415 4127 587 4220 λέγει,
619 4146 729 4201 Καὶ
752 4142 893 4197 ἐστὲ
906 4141 976 4194 ἐν
998 4136 1156 4203 αὐτῷ
1178 4130 1663 4220 πεπληρωμένος
1687 4131 1751 4185 Τί
1779 4127 1872 4185 οὖν
1900 4134 1991 4185 ta-

416 4218 503 4292 τιν
522 4255 537 4304 ;
562 4238 684 4289 Ὅτι
704 4231 857 4285 οὐδὲν
876 4228 1095 4282 ἔλαττον
1116 4223 1265 4294 ἔχετε
1291 4220 1453 4274 αὑτοῦ
1474 4234 1487 4247 ’
1508 4218 1698 4290 ῶσπερ
1720 4220 1776 4272 tv
1796 4218 1991 4291 ἐκείνῳ

420 4326 656 4398 ᾠκησεν,
685 4320 827 4374 οὕτω
854 4316 951 4371 καὶ
978 4317 1035 4368 tv
1064 4314 1213 4383 ὑμῖν.
1238 4307 1495 4398 Βιάζεται
1525 4306 1633 4378 γὰρ
1661 4308 1749 4360 ἀεὶ
1782 4307 1988 4372 Παῦλος

424 4394 576 4486 ίῦδῗ]
601 4410 767 4478 ὲγγὺς
784 4406 934 4476 ἡμᾶς
956 4403 1185 4471 ἀγαγεῖν
1199 4396 1293 4452 τοῦ
1312 4394 1571 4467 Χριστοῦ,
1588 4395 1663 4458 ὡς
1680 4396 1806 4448 ὅταν
1822 4395 1954 4466 λέγῃ
1973 4411 1987 4425 .

422 4483 746 4570 ἐντί-’ἤγειρε
762 4493 860 4548 καὶ
879 4488 1280 4545 συνεκάθισεν
1289 4483 1467 4554 ἡμᾶς’
1497 4484 1609 4546 καὶ,
1624 4485 1695 4537 Et
1710 4483 1995 4552 ὑπομένο.

418 4606 556 4661 μεν,
584 4586 683 4641 καὶ
696 4577 1290 4652 συμϐασιλεύσομεν·
1318 4571 1433 4636 καὶ,
1450 4570 1579 4637 Πῶς
1598 4570 1734 4638 οὐχί
1760 4570 1857 4624 καὶ
1873 4570 1995 4625 σὺν

424 4658 585 4740 αὑτῷ
600 4677 674 4727 τὰ
690 4669 885 4724 πάντα
901 4663 1045 4735 ἡμῖν
1061 4662 1365 4731 χαρίσεται
1383 4675 1402 4724 ;
1417 4660 1511 4712 καὶ
1524 4658 1997 4730 συγκληρονόμους

425 4764 599 4818 καλεῖ.
623 4754 758 4813 Εἶτα
784 4754 915 4825 περὶ
945 4749 1039 4805 τοῦ
1061 4747 1368 4818 ἀξιώματος
1385 4762 1397 4775 ·
1425 4746 1534 4800 Καὶ
1564 4748 1746 4811 αὑτός
1764 4746 1933 4800 ἐστιν
1954 4746 1993 4813 η

429 4850 664 4920 κεφαλὴ
687 4845 890 4912 πάσης
908 4839 1102 4910 ἀρχῆς
1120 4836 1218 4891 καὶ
1236 4835 1542 4920 ἐξουσίας.
1557 4835 1615 4887 '0
1634 4834 1847 4888 πάντων
1860 4834 1997 4887 ἀνώ-

428 4918 606 5013 τερος,
622 4940 656 5009 ἡ
671 4934 839 4995 αἰτία,
856 4927 976 4998 ούχὶ
995 4924 1278 4997 ὁμοούσιος
1296 4938 1312 4987 ;
1330 4918 1462 4975 Εἶτα
1475 4923 1536 4975 τὸ
1556 4922 1654 4991 τῆς
1680 4921 1998 4992 εὐεργεσίας

431 5009 757 5100 θαυμαστῶς
785 5035 903 5081 πως
943 5016 1187 5087 ἐπήγαγε
1206 5050 1221 5076 ,
1252 5011 1347 5100 κα).
1378 5009 1556 5100 πολλῷ
1578 5011 1675 5080 τῆς
1703 5010 1837 5080 πρὸς
1875 5011 2001 5100 Ῥω-

435 5096 625 5190 μαίους
647 5106 1099 5182 θαυμαστότερον.
1116 5101 1262 5190 Ἐκεῖ
1291 5096 1517 5190 μὲν-γάρ
1539 5114 1691 5167 φησι,
1711 5096 2000 5190 Περέτομὴ

434 5183 682 5273 καρδίας
708 5200 778 5253 ἐν
819 5194 1107 5273 πνεύματι
1131 5229 1146 5254 ,
1187 5189 1260 5241 οὺ
1302 5185 1623 5273 γράμματιο
1682 5183 1917 5238 ἐνταῦθα
1944 5184 2001 5237 δὲ

446 5269 551 5347 Ἔν
573 5287 652 5354 τῷ
671 5280 921 5355 Χριστῷ.
955 5282 1056 5333 Ἐν
1070 5269 1116 5342 ᾧ
1149 5273 1249 5329 καὶ
1277 5271 1700 5343 περιετμήθητε
1720 5269 2001 5340 περιτομῇ

430 5368 887 5447 όχειροποιήτῳ,
908 5370 977 5422 ἐν
998 5364 1071 5434 τῇ
1100 5361 1429 5418 ἀπεκδύσει
1458 5359 1565 5413 τοῦ
1598 5358 1869 5428 σώματος
1886 5356 2005 5410 τῶν

440 5444 736 5535 ἁμαρτιῶν
780 5457 890 5526 τῆς
929 5452 1176 5523 σαρκὸς,
1211 5450 1279 5502 ἐν
1310 5445 1385 5516 τῇ
1414 5444 1697 5535 περιτομῇ
1734 5445 1839 5499 τοῦ
1876 5447 2007 5512 Χρι-

440 5533 614 5605 στοῦ.
646 5550 788 5617 Ὀρα
824 5545 939 5607 πῶς
972 5541 1135 5611 ἐγγὺς
1160 5538 1365 5607 γίνεται
1392 5534 1488 5587 τοῦ
1518 5533 1859 5603 πράγματος.
1906 5533 2008 5585 Ἐν

442 5639 515 5707 τῇ
546 5634 893 5698 ἀπεκδύσει,
923 5630 1104 5701 φησίν.
1135 5628 1250 5681 Οὐκ
1272 5621 1445 5687 εἶπεν,
1479 5621 1712 5676 ὲκδύσει.
1748 5620 1858 5674 Τοῦ
1893 5620 2007 5673 σώ-

440 5744 628 5799 ματος
661 5721 779 5777 τῶν
804 5717 1117 5792 ἁμαρτιῶν.
1152 5716 1255 5770 Τὸν
1285 5712 1512 5767 παλαιόν
1540 5727 1672 5799 φησι
1713 5709 1842 5779 βίον,
1874 5710 2006 5762 Συνο

449 5796 587 5887 εχῶς
623 5811 797 5868 ταῦτα
828 5808 1047 5881 στρέφει
1094 5804 1186 5858 καὶ
1225 5800 1516 5873 διαφόρως,
1550 5798 1737 5868 ὥσπερ
1774 5798 1865 5852 καὶ
1898 5796 2009 5852 ἄνω

1280 331 1346 388 ΙΝ
1386 331 1599 389 EPIST.
1640 333 2051 393 AD-COLOSS.
2091 334 2247 391 CAP.
2285 334 2346 390 ll.
2386 333 2623 390 IIOMIL.
2660 333 2749 388 Vl.

3524 332 3632 392 340

2062 451 2247 519 ἔλεγεν
2264 467 2278 482 °
2315 452 2421 516 Ὃς
2458 451 2752 519 ἐρρύσατο
2796 449 2954 518 ἡμᾶς
2980 449 3048 503 ἐκ
3077 449 3185 517 τῆς
3210 449 3495 515 ἐξουσίας
3528 449 3638 505 τοῦ

2059 538 2345 603 σκότους,
2377 536 2477 589 καὶ
2505 535 3012 606 ἀποκατήλλαξεν
3032 537 3638 604 ἀπηλλοτριωμένους

2058 626 2147 691 είς
2178 624 2242 677 τὸ
2281 620 2437 679 εἶναι
2475 622 2635 693 ἡμᾶς
2685 624 2896 693 ἁγίους
2937 623 3036 678 καὶ
3077 623 3373 692 ἀμώμους.
3418 623 3635 687 Οὐκέτι,

2062 712 2248 782 φησὶν,
2306 715 2363 766 tv
2412 712 2658 784 μαχαίρᾳ
2703 713 2737 782 ἠ
2791 713 3083 783 περιτομὴ,
3121 712 3235 766 ἀλλ’
3290 714 3347 765 tv
3375 711 3523 781 αὐτῷ
3560 710 3641 779 τῷ

2061 802 2312 873 Χριστῷο
2340 803 2403 856 οὐ
2434 803 2543 873 γὰρ
2576 804 2696 875 χεὶρ
2725 802 2941 870 ἐπάγει,
2974 801 3154 863 καθώς
3181 803 3317 865 ἐκεῖ,
3349 801 3447 870 τὴν
3480 818 3639 870 περι-

2061 892 2233 965 τομὴν
2264 892 2493 964 ταύτην,
2521 892 2658 946 ἀλλὰ
2688 891 2751 944 τὸ
2780 891 2997 960 πνεῦμα
3018 931 3033 954 ,
3069 892 3130 945 οὐ
3166 891 3354 962 μέρος,
3386 891 3497 943 ἀλλ’
3519 890 3640 943 ὅλον

2063 980 2347 1052 ἄνθρωπον
2364 980 2701 1053 περιτέμνει.
2720 980 2888 1049 Σῶμα
2908 978 3196 1043 καὶτοῦτο,
3218 978 3376 1043 σῶμα
3395 981 3637 1033 κάκεῖνο⁸

2063 1067 2197 1122 ἀλλὰ
2224 1069 2284 1122 τὸ
2308 1071 2405 1138 μὲν
2436 1069 2620 1139 σαρκὶ,
2643 1070 2702 1121 τὸ
2730 1067 2788 1120 δὲ
2814 1067 3198 1137 πνευματικῶς
3226 1066 3640 1136 περιτέμνεται⁶

2065 1158 2179 1212 ἀλλ’
2203 1158 2301 1228 οὐχ
2338 1159 2414 1221 ὡς
2455 1158 2699 1210 Ἰουδαῖοι
2721 1172 2734 1186 ’
2770 1158 2830 1209 ού
2860 1156 2970 1225 γὰρ
2998 1157 3198 1226 σάρκα,
3228 1155 3364 1209 ἀλλὰ
3391 1154 3643 1223 ἁμαρτή-

2069 1265 2210 1319 ματα
2236 1245 2659 1310 ἁπεξεδύσασθε.
2692 1245 2851 1309 Πότε,
2890 1246 2982 1297 καὶ
3013 1243 3146 1305 ποῦς
3203 1244 3290 1295 Ἐν
3328 1242 3406 1312 τῷ
3448 1240 3641 1310 βαπτί-

2069 1353 2256 1406 σματι.
2288 1336 2395 1387 Καὶ
2432 1334 2459 1387 ὃ
2483 1334 2640 1388 καλεῖ
2690 1332 3014 1404 περιτομὴν,
3055 1331 3219 1384 πάλιν
3258 1331 3427 1399 τάφον
3465 1329 3638 1382 καλεῖ.

2070 1424 2211 1493 Ὅρα
2247 1424 2365 1485 πῶς
2399 1422 2560 1475 πάλιν
2590 1421 2681 1473 ἐπὶ
2710 1422 2776 1474 τὰ
2806 1418 3147 1489 δικαιώματα
3189 1418 3473 1472 διαϐαίνει.
3522 1415 3645 1469 Τῶν

2068 1509 2385 1579 ἁμαρτιῶν,
2418 1509 2574 1578 φησὶ,
2601 1507 2721 1561 τῶν
2748 1506 2858 1574 τῆς
2890 1507 3117 1574 σαρκός
3138 1523 3149 1534 ·
3182 1505 3475 1564 τουτέστιν,
3500 1504 3645 1570 ἅπερ

2071 1601 2128 1651 tv
2164 1601 2230 1668 τῇ
2262 1598 2427 1667 σαρκὶ
2465 1597 2726 1667 ἔπραξαν.
2757 1596 2957 1660 Μεῖζον
2987 1594 3084 1664 τῆς
3118 1596 3421 1664 περιτομῆς
3457 1591 3640 1658 λέγει’

2071 1689 2130 1741 ού
2157 1688 2266 1757 γὰρ
2302 1686 2528 1760 ἔρριψαν
2560 1686 2621 1737 τὸ
2661 1684 3017 1756 περιτμηθὲν,
3048 1683 3163 1737 ἀλλ’
3194 1681 3502 1742 ἀπώλεσαν,
3530 1679 3643 1733 ἀλλ’

2072 1776 2345 1846 ἕφθειραν.
2400 1774 2815 1842 Συνταφέντες
2866 1771 3044 1837 αὐτῷ,
3079 1774 3265 1840 φησὶν,
3302 1771 3372 1823 ἐν
3423 1770 3503 1834 τῷ
3530 1771 3647 1833 βα-

2071 1860 2325 1932 πτισμῷ,
2361 1862 2431 1914 ἐν
2461 1854 2509 1927 ᾧ
2539 1860 2635 1914 καὶ
2665 1859 3075 1928 συνηγέρθητε
3110 1858 3207 1911 διὰ
3244 1856 3353 1923 τῆς
3390 1858 3647 1920 πίστεως

2071 1950 2181 2019 τῆς
2224 1948 2527 2018 ἐνεργείας
2566 1947 2673 2001 τοῦ
2722 1946 2870 1999 Θεοῦ
2924 1946 3032 1999 τοῦ
3079 1946 3417 2013 ἐγείραντος
3463 1942 3649 1994 αὑτὸν

2070 2038 2140 2091 ἐκ
2177 2036 2426 2105 νεκρῶν.
2470 2035 2611 2088 Ἀλλ’
2643 2036 2703 2088 οὐ
2731 2034 2899 2103 τάφος
2934 2034 3092 2104 μόνον
3126 2030 3303 2084 ἐστίν·
3334 2030 3434 2099 ὅρα
3459 2028 3567 2098 γὰρ
3594 2027 3649 2079 τί

2073 2144 2273 2196 φησιν·
2324 2126 2427 2180 Ἐν
2454 2118 2502 2191 ᾧ
2538 2124 2636 2178 καί
2676 2122 3085 2191 συνηγέρθητε
3120 2119 3216 2172 διὰ
3252 2117 3362 2185 τῆς
3392 2108 3651 2180 πίστεως

2073 2214 2184 2281 τῆς
2210 2214 2511 2284 ἐνεργείας
2542 2212 2648 2266 τοῦ
2684 2210 2834 2265 Θεοῦ
2870 2209 2977 2284 τοῦ
2999 2208 3336 2277 ἐγείραντος
3367 2204 3555 2259 αὐτὸν
3581 2204 3652 2255 ἐκ

2074 2281 2321 2367 νεκρῶν.
2353 2281 2549 2363 Καλῶς
2569 2295 2691 2353 εἷπε
2712 2314 2727 2329 ⁸
2750 2281 2983 2359 πίστεως
3009 2296 3117 2364 γὰρ
3139 2294 3258 2347 ὅλον
3297 2293 3466 2346 ἐστίν.
3508 2291 3655 2343 Ἐπιο

2077 2389 2339 2443 στεύσατε
2371 2389 2453 2441 ὃτι
2479 2387 2702 2441 δύναται
2725 2387 2755 2439 ὁ
2782 2384 2913 2447 Θεὸς
2930 2385 3160 2453 ἐγεῖραι,
3185 2382 3278 2434 καὶ
3306 2379 3478 2442 οὕτως
3494 2379 3590 2447 ὴγέ
3603 2395 3654 2447 ρ-

2077 2478 2229 2549 θητε.
2264 2472 2396 2530 Εῐτα
2427 2478 2522 2529 καὶ
2556 2477 2616 2528 τὸ
2645 2474 2977 2539 ἀξιόπιστον.
3026 2471 3136 2526 Τοῦ
3174 2470 3515 2539 ἐγείραντος
3546 2468 3653 2519 αύ-

2076 2566 2205 2629 τόν,
2252 2565 2438 2635 φησὶν,
2473 2565 2542 2617 ἐκ
2594 2562 2845 2630 νεκρῶν.
2891 2560 3031 2629 Ἤδη
3081 2558 3318 2611 δείκνυσι
3371 2556 3472 2626 τὴν
3518 2555 3653 2607 ἀνά-

2081 2671 2269 2708 στασιν
2291 2670 2306 2684 ο
2341 2653 2444 2706 Καὶ
2474 2649 2624 2719 ὑμᾶς
2651 2666 2795 2703 ποτε
2824 2648 3003 2713 ὄντας
3029 2644 3282 2715 νεκροὺς
3315 2643 3439 2708 τοῖς
3475 2657 3656 2709 παρα-

2080 2740 2353 2809 πτώμασι
2379 2738 2477 2791 καὶ
2510 2735 2585 2805 τῇ
2629 2735 2998 2805 ἀκροϐυστίᾳ
3044 2732 3155 2798 τῆς
3207 2729 3437 2800 σαρκὸς
3465 2728 3653 2796 ὑμῶν.

2081 2825 2563 2892 συνεζωοποίησε
2603 2822 2725 2877 σὺν
2771 2819 2951 2885 αὐτῷ.
3017 2819 3154 2871 Ὑπὸ
3201 2819 3309 2888 γὰρ
3353 2817 3454 2886 τὴν
3501 2815 3658 2882 δίκην

2083 2914 2295 2967 ἔκεισθε
2333 2912 2645 2965 ἀποθανεῖν.
2695 2909 2757 2961 El
2792 2909 2849 2961 δὲ
2888 2907 2985 2960 καὶ
3028 2906 3328 2959 ἀπεθάνετε
3350 2945 3365 2968 ,
3395 2902 3513 2957 ἀλλ’
3559 2902 3659 2971 οὐχ

2084 3000 2289 3066 ἁπλῶς,
2314 2999 2449 3053 ἀλλὰ
2487 2999 2715 3053 θάνατον
2741 2996 3030 3066 χρήσιμον.
3056 2994 3197 3062 ’Ὀρα
3215 2991 3331 3053 πῶς
3359 2990 3521 3044 πάλιν
3558 2987 3660 3040 δεί-

2084 3107 2242 3143 κνυσι
2261 3089 2423 3142 τίνων
2439 3083 2580 3159 ἦσαν
2594 3085 2755 3149 ἄξιοι,
2778 3085 2845 3138 δι’
2863 3078 2938 3137 ῶν
2950 3084 3197 3152 ἐπήγαγε
3216 3097 3232 3112 ο
3251 3078 3662 3147 Χαρισάμενος

2085 3177 2230 3246 ’ἡμῖν
2254 3175 2453 3230 πάντα
2472 3175 2545 3229 τὰ
2559 3171 3014 3242 παραπτώματα.
3054 3168 3417 3234 Ἐξιιλείψας
3437 3164 3504 3218 τὸ
3529 3164 3659 3218 καθ’

2087 3265 2257 3334 ἡμῶν
2269 3265 2661 3335 χειρόγραφον
2680 3261 2801 3327 τοῖς
2818 3260 3133 3328 δόγμασιν,
3156 3256 3187 3309 ὃ
3206 3251 3288 3325 ἦν
3298 3253 3664 3309 ὑπεναντίον

2088 3354 2253 3424 ἡμῖν,
2275 3352 2372 3407 καὶ
2397 3351 2542 3406 αὐτὸ
2570 3346 2755 3419 ἦρκεν
2779 3348 2847 3400 ἐκ
2876 3344 2984 3398 τοῦ
3006 3344 3225 3413 μέσου,
3257 3339 3664 3410 προσηλώσας

2089 3443 2237 3498 αὐτὸ
2280 3441 2361 3507 τῷ
2388 3437 2647 3507 σταυρῷ,
2680 3434 3175 3502 ἀπεκδυσάμενος
3204 3431 3302 3496 τὰς
3344 3429 3533 3498 ἀρχὰς
3564 3428 3663 3480 καὶ

2091 3534 2197 3597 τὰς
2223 3529 2529 3594 ἐξουσίας,
2565 3524 2978 3593 ἐδειγμάτισεν
3000 3522 3068 3575 ἐν
3110 3518 3436 3587 παρρησίᾳ,
3466 3521 3666 3583 θριαμ-

2093 3619 2316 3681 ϐεύσας
2342 3613 2564 3679 αὐτοὺς
2584 3612 2653 3665 ἐν
2676 3608 2856 3675 αὐτῷ.
2885 3606 3295 3676 Χαρισάμενος
3318 3602 3483 3672 ἡμῖν,
3508 3602 3672 3673 φησὶ,

2093 3706 2289 3760 πάντα
2328 3703 2402 3756 τὰ
2438 3697 2899 3768 παραπτώματα.
2937 3697 3108 3760 Ποῖα;
3147 3695 3215 3746 "A
3244 3691 3343 3763 τὴν
3365 3689 3668 3760 νεκρότητα

2094 3791 2287 3846 ἐποίει.
2319 3789 2429 3844 Καὶ
2465 3788 2549 3853 τίς
2585 3782 2694 3857 ἆρα
2745 3784 2924 3853 ἀφῆκε
2957 3784 3171 3853 μεῖναι;
3212 3780 3368 3848 Οὐχὶ,
3402 3776 3540 3831 ἀλλὰ
3572 3777 3669 3829 καὶ

2095 3878 2245 3953 [368]
2278 3875 2558 3948 ἐξήλειψεν
2577 3891 2592 3905 ο
2616 3873 2714 3926 οὐκ
2742 3870 2976 3941 ἐχάραξε
3012 3870 3190 3939 μόνον,
3221 3866 3335 3920 ἀλλ’
3363 3864 3665 3937 ἐξήλειψεν,

2096 3951 2234 4021 ῶστε
2263 3964 2395 4036 μηδὲ
2412 3959 2717 4032 φαίνεσθαι.
2746 3958 2871 4021 Τοῖς
2888 3958 3143 4028 δόγμασι,
3167 3955 3318 4024 φησί.
3344 3953 3522 4014 Ποίοις
3548 3951 3671 4017 δόγο

2101 4072 2232 4127 μασι
2249 4072 2263 4121 ;
2278 4055 2320 4106 Τ
2323 4056 2357 4124 ᾖ
2388 4052 2590 4106 πίστει.
2611 4048 2820 4103 Οὐκοῦν
2835 4048 2997 4119 ἀρκεῖ
3015 4042 3324 4099 πιστεῦσαι.
3339 4041 3473 4112 Οὐχὶ
3489 4039 3671 4111 ἔργοις

2098 4145 2255 4215 ἔργα,
2310 4140 2447 4196 ἀλλὰ
2494 4138 2676 4192 πίστει
2731 4135 2870 4206 ἔργα
2924 4132 3226 4204 παρέθηκε.
3286 4129 3399 4185 Καὶ
3429 4128 3482 4180 τί
3532 4127 3672 4215 μετὰ

2098 4213 2307 4295 ταῦτα;
2355 4228 2638 4288 Ἐπίτασις
2687 4223 2784 4277 τοῦ
2814 4221 3034 4292 ἀφιέναι
3062 4218 3124 4272 τὸ
3172 4216 3449 4286 ἐξαλεῖψαι
3485 4213 3669 4268 πάλιν.

2099 4321 2207 4375 Καὶ
2248 4317 2394 4371 αὐτὸ
2427 4312 2592 4384 ἦρχε,
2619 4312 2803 4381 φησὶν,
2828 4310 2898 4363 ἐκ
2920 4308 3027 4361 τοῦ
3052 4306 3266 4375 μέσου.
3297 4303 3406 4357 Καὶ
3428 4301 3550 4355 οὐδὲ
3579 4299 3672 4352 οὖ-

2099 4426 2207 4470 τως
2251 4404 2533 4474 ἐφύλαξεν,
2566 4399 2702 4453 ἀλλὰ
2737 4399 2829 4452 καὶ
2854 4394 3136 4468 διέρρηξεν
3169 4392 3320 4456 αὐτὸ,
3346 4387 3673 4458 Προσηλώ-

2100 4513 2215 4558 σας
2240 4493 2319 4557 τῷ
2340 4488 2598 4557 σταυρῷ.
2651 4484 3176 4553 Ἀπεκδυσάμενος
3200 4482 3308 4546 τὰς
3336 4477 3526 4548 ἀρχὰς
3572 4476 3672 4529 καὶ

2100 4583 2209 4649 τὰς
2244 4579 2529 4645 ἐξουσίας
2574 4572 2986 4643 ἐδειγμάτισεν
3008 4571 3078 4624 ἐν
3107 4567 3434 4637 παρρησίᾳ,
3469 4567 3672 4633 θριαμ-

2104 4671 2327 4734 δεύσας
2378 4663 2601 4727 αὐτοὺς
2630 4662 2701 4716 ἐν
2744 4658 2920 4725 αὐτῷ.
2959 4655 3212 4727 Οὐδαμοῦ
3257 4654 3401 4709 οὕτω
3447 4651 3677 4724 μεγαλο-

2103 4757 2296 4828 φώνως
2328 4750 2645 4823 ἐφθέγξατο.

2175 4925 2249 4986 γ’,
2280 4916 2443 4987 Ὁρᾷς
2472 4911 2707 4981 σπουδὴν
2733 4908 2825 4963 τοῦ
2850 4907 3212 4977 ἀφανισθῆναι
3230 4907 3291 4960 τὸ
3307 4907 3673 4979 χειρόγραφον

2102 5008 2238 5078 ὅσην
2260 5006 2585 5074 ἐποιήσατος
2613 4995 2758 5062 Οἷον,
2779 4999 2979 5060 πάντες
3006 4994 3148 5069 ἦμεν
3172 4996 3260 5065 ὑφ’
3286 4996 3561 5067 ἁμαρτίαν
3582 4997 3679 5050 καὶ

2101 5094 2352 5148 κόλασιν
2370 5090 2530 5153 αὐτὸς
2555 5086 2838 5149 κολασθεὶς
2863 5085 3018 5137 ἔλυσε
3044 5084 3137 5137 καὶ
3160 5083 3259 5153 τὴν
3285 5082 3555 5152 ἁμαρτίαν
3583 5082 3680 5135 καὶ

2108 5181 2207 5253 τὴν
2246 5179 2467 5233 κόλασιν
2487 5195 2501 5207 ’
2545 5172 2813 5243 ἐκολάσθη
2841 5172 2897 5225 δὲ
2926 5171 2983 5224 tv
3021 5169 3100 5239 τῷ
3132 5168 3367 5238 σταυρῷ.
3414 5168 3559 5220 Ἐκεῖ
3587 5163 3679 5219 οὖν

2110 5267 2240 5322 αὐτὸ
2263 5265 2641 5335 προσέπειρεν·
2661 5257 2780 5315 εἷτα
2801 5260 2874 5322 ὡς
2891 5257 3141 5323 ἐξουσίαν
3160 5255 3318 5325 ἔχων,
3343 5254 3526 5305 λοιπὸν
3548 5252 3683 5321 διέριι

2115 5354 2263 5429 mea.
2302 5356 2459 5409 Ποῖον
2488 5351 2884 5421 χειρόγραφον;
2919 5347 2989 5398 Ἢ
3027 5343 3184 5429 τοῦτό
3218 5359 3402 5412 φησιν,
3438 5341 3467 5393 ὃ
3497 5339 3682 5409 ἔλεγον

2114 5428 2249 5518 πρὸς
2267 5444 2359 5497 τὸν
2379 5440 2638 5502 Μωῦσέα,
2657 5440 2737 5491 ὅτι
2762 5435 2964 5490 Πάντα
2980 5434 3096 5485 ὅσα
3115 5428 3284 5486 εἶπεν
3300 5432 3333 5483 ὁ
3359 5429 3502 5495 Θεὸς
3519 5429 3684 5498 ποιή-

2114 5516 2321 5603 σομεν,
2342 5522 2903 5594 καὶάκουσόμεθα’ἣ
2928 5524 2976 5574 εἰ
3000 5520 3074 5591 μὴ
3100 5519 3278 5581 τοῦτο,
3300 5516 3684 5586 ὄτιόφείλομεν

2116 5622 2192 5690 τῷ
2218 5617 2337 5689 Θεῷ
2359 5617 2630 5685 ὑπακοήνο
2656 5614 2690 5683 ἣ
2720 5614 2768 5665 εἰ
2807 5610 2880 5681 μὴ
2916 5608 3092 5669 τοῦτο,
3118 5607 3200 5659 ὃτι
3229 5608 3477 5673 κατεῖχεν
3512 5607 3541 5657 6
3567 5605 3682 5658 διὰ-

2117 5708 2267 5771 6ολος
2283 5707 2342 5760 τὸ
2358 5704 2713 5777 χειρόγραφον
2735 5700 2764 5752 ὃ
2781 5698 3001 5765 ἐποίησε
3022 5694 3156 5766 πρὸς
3177 5695 3268 5748 τὸν
3297 5693 3468 5763 ’Λδὰμ
3483 5692 3510 5744 6
3532 5692 3684 5755 Θεὸς,

2118 5792 2302 5849 εἰπών·
2317 5787 2403 5863 ’ῌ
2413 5790 2489 5848 ἂν
2506 5789 2693 5861 ἡμέρᾳ
2707 5786 2900 5859 φάγῃς
2914 5785 3028 5839 ἀπὸ
3045 5782 3150 5839 τοῦ
3162 5783 3373 5851 ξύλου,
3391 5779 3684 5849 ἀποθανῇ.
