4120 6400
358 333 454 387 541

351 459 474 504 cato
502 456 556 503 et
583 462 786 518 ponite;
835 448 947 515 ipse
998 445 1215 515 punitus
1263 444 1427 497 solvit
1468 454 1522 498 et
1567 452 1841 512 peccatum
1887 451 1941 495 et

355 555 598 610 pmuam;
625 538 838 608 punitus
858 545 1033 591 autem
1056 537 1150 589 fuit
1177 536 1229 590 in
1257 552 1439 590 cruce.
1471 534 1582 589 Illic
1608 549 1737 603 ergo
1762 535 1936 602 ipsum

349 633 521 688 afﬁxit
546 652 559 687 :
583 631 777 687 deinde
807 638 864 685 ut
887 630 975 701 qui
1007 629 1226 683 haberet
1249 638 1585 696 potestatem,
1621 627 1794 695 ipsum
1827 623 1940 677 dis-

360 726 526 792 rupit.
555 723 833 791 Quodnam
883 720 1333 791 chirographum?
1378 721 1482 772 Aut
1523 717 1573 771 id
1614 717 1763 780 dicit,
1791 714 1935 785 quod

347 819 599 872 dicebant
624 815 816 886 Moysi,
858 815 1207 883 Quwcumque
1242 812 1372 864 dixit
1414 808 1554 864 Deus
1601 811 1845 880 faciemus
1886 815 1936 861 et

350 908 619 963 audiemus
650 906 845 979 (Exod.
875 905 965 959 24.
997 905 1052 975 5)
1083 923 1094 956 :
1123 913 1217 957 aut
1260 903 1304 957 si
1354 916 1461 956 non
1492 902 1615 964 hoc,
1647 899 1789 969 quod
1821 898 1933 953 Deo

348 1002 640 1057 debeamus
667 999 1026 1055 obedientiam
1053 1016 1066 1051 :
1098 1006 1188 1051 aut
1214 997 1257 1051 si
1286 1012 1392 1049 non
1422 995 1544 1057 hoc,
1579 993 1630 1048 id
1660 992 1801 1063 quod
1853 1002 1931 1046 te—

346 1094 786 1158 nebatdiaholus,
806 1091 1216 1161 chirographum
1234 1089 1374 1159 quod
1400 1088 1538 1142 Deus
1557 1086 1681 1140 fecit
1700 1084 1926 1149 Adamo,

342 1187 548 1252 dicens,
581 1186 695 1253 Quo
742 1186 826 1238 die
861 1201 889 1238 e
916 1186 1053 1254 ligno
1082 1182 1378 1246 comederis,
1433 1179 1663 1233 morieris
1692 1176 1842 1247 (Gen.
1869 1175 1925 1231 2.

344 1282 454 1350 Π).
484 1268 597 1335 Hoc
624 1293 753 1349 ergo
781 1277 1203 1347 chirographum
1250 1274 1466 1329 tenebat
1504 1272 1767 1327 diabolus.
1818 1268 1928 1324 Nec

346 1372 399 1425 id
428 1371 582 1425 nobis
608 1370 756 1425 dedit
777 1367 1042 1433 Christus,
1076 1368 1170 1423 sed
1197 1366 1312 1436 ipse
1344 1365 1394 1419 id
1424 1365 1581 1419 scidit
1604 1380 1615 1415 :
1639 1360 1781 1432 quod
1808 1360 1926 1429 qui-

340 1468 461 1522 dem
489 1476 571 1521 est
596 1466 712 1536 ejus
738 1467 826 1535 qui
850 1465 1003 1519 Itetns
1025 1461 1265 1517 remittit.
1286 1460 1594 1529 Exspolians
1612 1456 1925 1524 principatus

336 1572 382 1615 et
416 1571 701 1630 potestates.
738 1559 1035 1613 Diabolicas
1057 1539 1189 1611 dicit
1211 1564 1537 1626 potestates:
1569 1553 1651 1607 vel
1680 1552 1805 1621 quia
1830 1566 1922 1606 eas

336 1656 582 1709 induerat
610 1655 841 1707 humana
871 1660 1082 1714 natura,
1132 1658 1224 1703 aut
1267 1648 1520 1717 quoniam
1566 1659 1658 1701 eas
1691 1643 1923 1699 habebat

333 1757 601 1816 tamquam
634 1759 840 1805 ansam,
889 1742 1049 1796 homo
1094 1740 1267 1794 factus
1305 1738 1505 1792 amovit
1548 1751 1754 1790 ansam.
1806 1733 1921 1789 Hoc

332 1841 431 1894 sibi
466 1839 577 1893 vult
606 1837 753 1900 illud,
778 1836 1052 1889 Traduxit.
1082 1833 1248 1888 Recte
1270 1832 1422 1895 dixit,
1453 1829 1706 1884 Traduxit
1727 1844 1743 1881 :
1763 1843 1919 1882 num-

331 1948 487 2001 quam
516 1931 659 1985 enim
692 1940 798 1984 tam
827 1929 1054 1998 turpiter
1079 1938 1132 1981 et
1158 1927 1410 1981 indecnre
1451 1939 1510 1979 se
1538 1924 1705 1994 gessit
1730 1921 1917 1977 diabo-

331 2027 430 2079 lus.
462 2022 594 2077 Nam
620 2038 739 2077 cum
771 2037 890 2075 eum
919 2036 977 2074 se
1006 2019 1311 2073 habiturum
1356 2024 1709 2085 exspectaret,
1753 2014 1915 2069 etiam

327 2126 588 2187 quotquot
608 2115 792 2169 habuit
815 2114 1044 2185 perdidit
1069 2131 1081 2166 :
1113 2122 1167 2167 et
1186 2126 1413 2180 corpore
1430 2109 1591 2164 afﬁxo
1614 2108 1805 2162 mortui
1833 2123 1911 2161 re-

326 2211 631 2280 surgebant.
650 2210 760 2263 Illic
778 2210 969 2262 vulnus
987 2207 1194 2275 accepit
1215 2204 1478 2269 diabolus,
1496 2218 1616 2257 cum
1640 2201 1693 2257 id
1714 2200 1909 2256 lethale

324 2302 621 2371 accepisset
650 2316 678 2353 a
709 2314 935 2369 corpore
967 2308 1198 2351 mortuo.
1225 2296 1292 2350 Et
1320 2297 1458 2351 sicut
1483 2295 1681 2349 athleta
1725 2294 1911 2347 existi~

326 2408 478 2447 mans
507 2407 564 2447 se
588 2392 914 2462 percussisse
942 2389 1327 2453 adversarium,
1362 2386 1521 2442 letale
1549 2386 1742 2439 vulnus
1768 2385 1909 2439 acci-

324 2486 431 2553 pit:
468 2485 536 2538 ita
561 2484 720 2539 etiam
751 2482 837 2537 hic
862 2483 1095 2537 ostendit
1113 2480 1256 2552 quod
1284 2496 1473 2535 secure
1493 2489 1547 2533 et
1571 2478 1909 2533 conﬁdenter

323 2577 480 2641 mori,
508 2584 590 2630 est
608 2576 862 2645 probrum
882 2584 936 2628 et
952 2573 1187 2627 dedecus
1208 2572 1428 2628 diaboli.
1448 2571 1544 2627 Ille
1565 2572 1705 2626 enim
1725 2573 1906 2625 omnia

325 2668 561 2733 fecisset,
594 2667 640 2721 si
667 2668 950 2739 potuisset,
982 2676 1041 2720 ul
1067 2665 1417 2736 persuaderet
1446 2665 1752 2719 hominibus
1781 2680 1904 2718 eum

320 2778 427 2815 non
453 2776 574 2816 esse
602 2772 891 2815 mortuum.
920 2759 1052 2815 Nam
1084 2760 1337 2829 quoniam
1358 2768 1526 2813 totum
1552 2757 1691 2828 quod
1720 2768 1904 2826 postea

320 2854 554 2908 futurum
576 2861 692 2908 erat
720 2863 948 2922 tempus,
979 2862 1095 2907 erat
1124 2853 1332 2923 signum
1362 2861 1416 2906 et
1444 2852 1694 2905 indicium
1717 2867 1903 2905 resur-

317 2948 600 3011 rectionis;
635 2947 821 3000 mortis
846 2954 1052 3012 autem,
1079 2946 1121 3000 si
1154 2960 1259 2999 non
1294 2943 1427 2998 illud
1454 2944 1662 3006 fuisset,
1690 2959 1793 2997 non
1821 2943 1901 2997 fu-

315 3048 490 3093 turum
518 3047 636 3093 erat
659 3037 802 3092 aliud
833 3047 1077 3107 tempus:
1110 3046 1394 3107 propterea
1427 3046 1670 3092 mortuus
1685 3036 1899 3106 quidem

313 3141 397 3184 est
426 3130 654 3198 publice,
679 3129 933 3183 omnibus
956 3129 1295 3191 videntibus;
1327 3142 1432 3182 non
1459 3127 1753 3183 resurrexit
1800 3144 1898 3181 au-

313 3232 419 3275 tem
452 3221 685 3291 publice,
717 3230 777 3274 ut
804 3222 891 3289 qui
924 3222 1088 3275 sciret
1128 3229 1341 3289 tempus
1382 3219 1522 3289 quod
1569 3228 1753 3290 postea
1783 3230 1900 3274 erat

313 3314 569 3378 futurum,
612 3313 824 3366 veritati
866 3314 1095 3367 laturum
1144 3313 1527 3366 testimonium.
1574 3313 1707 3366 Nam
1753 3312 1895 3381 quod

310 3406 511 3460 nmndo
548 3406 764 3459 vidente
810 3420 969 3474 supra
1000 3407 1053 3459 in
1105 3405 1249 3475 ligno
1291 3406 1499 3461 occisus
1537 3408 1607 3460 sit
1647 3421 1891 3476 serpens,

310 3499 412 3552 hoc
440 3508 521 3552 est
551 3496 886 3551 admirabile.
916 3496 1052 3564 Quid
1092 3498 1233 3551 enim
1260 3513 1369 3551 non
1400 3496 1527 3552 fecit
1563 3497 1807 3551 diabolus
1838 3508 1896 3552 ut

308 3591 444 3642 clam
499 3586 830 3641 moreretur?
888 3587 1024 3640 Audi
1074 3587 1298 3641 Pilatum
1342 3587 1605 3641 dicentem
1648 3605 1659 3643 :
1708 3587 1896 3641 Tollite

307 3683 473 3750 ipsum
497 3697 600 3742 vos,
629 3690 675 3732 et
702 3679 1017 3750 cruciﬁgite:
1043 3695 1133 3748 ego
1159 3681 1291 3731 enim
1315 3679 1510 3731 nullam
1538 3679 1735 3732 invenio
1759 3680 1811 3731 in
1837 3696 1894 3732 eo

305 3789 511 3825 causam
542 3770 721 3843 (Joan.
757 3770 845 3824 19.
874 3769 951 3840 6).
976 3769 1046 3824 Ει
1076 3784 1263 3824 rursus
1294 3771 1391 3837 ipsi
1422 3770 1673 3824 dicebant
1696 3770 1886 3824 Judaei:

306 3863 365 3917 Si
397 3862 563 3915 Filius
590 3862 687 3917 Dei
716 3879 787 3925 es,
833 3862 1080 3917 descende
1108 3863 1171 3916 de
1200 3880 1347 3917 cruce
1375 3863 1587 3935 (Matth.
1631 3864 1724 3916 27.
1770 3864 1887 3934 40).

302 3955 418 4008 .lam
448 3970 575 4010 vero
599 3956 849 4024 quoniam
893 3956 1051 4011 letale
1080 3956 1270 4010 vulnus
1312 3957 1540 4025 accepit,
1572 3966 1625 4009 et
1657 3972 1761 4010 non
1790 3957 1888 4012 de-

303 4047 540 4111 scendit;
585 4058 867 4116 pr0pterea
907 4048 1067 4102 etiam
1112 4048 1396 4102 mandatus
1436 4062 1519 4103 est
1548 4050 1885 4119 sepulturae:

300 4138 552 4206 quoniam
584 4139 697 4193 ﬁeri
722 4147 930 4208 poterat
959 4148 1017 4194 ut
1037 4141 1217 4194 statim
1249 4150 1583 4211 resurgeret;
1613 4142 1708 4197 sed
1728 4153 1887 4197 utres

300 4230 631 4285 crederetur.
664 4232 823 4301 Atqui
869 4232 920 4285 in
952 4242 1127 4287 morte
1157 4233 1372 4302 quidem
1400 4234 1730 4305 privatorum
1760 4235 1888 4290 licet

299 4337 417 4376 eam
445 4321 706 4391 imputare
728 4324 890 4376 animi
917 4324 1180 4394 deliquio;
1209 4325 1295 4381 hic
1309 4336 1487 4380 autem
1513 4342 1616 4379 non
1643 4329 1731 4380 ita.
1750 4327 1883 4383 Nam

301 4412 460 4466 etiam
506 4413 701 4467 milites
752 4430 857 4468 non
912 4414 1185 4485 fregerunt
1229 4417 1344 4486 ejus
1373 4433 1549 4483 crura,
1579 4421 1717 4473 sicut
1744 4420 1883 4473 alio-

297 4523 440 4568 rum.
470 4516 529 4561 ut
554 4506 894 4562 manifestum
944 4520 1087 4563 esset
1131 4526 1254 4565 cum
1302 4526 1423 4566 esse
1470 4524 1760 4567 mortuum.
1815 4514 1886 4568 Et

298 4598 566 4653 manifesti
616 4609 742 4654 sunt
786 4600 948 4655 etiam
979 4604 1070 4671 qui
1101 4603 1217 4669 ejus
1266 4619 1463 4673 corpus
1506 4607 1877 4684 sepelierunt:

299 4702 581 4762 propterea
601 4692 699 4761 ipsi
724 4692 894 4747 Judaei
915 4709 1035 4749 cum
1055 4695 1311 4750 militibus
1329 4698 1611 4767 obsignant
1628 4700 1878 4769 lapidem.

300 4783 411 4837 lloc
442 4783 585 4838 enim
612 4794 747 4847 erat,
793 4787 846 4838 in
888 4801 996 4855 quo
1027 4791 1263 4842 maxime
1293 4791 1535 4844 omnium
1582 4792 1883 4859 ponebatur

295 4876 551 4941 studium,
579 4893 647 4933 ne
676 4877 727 4931 id
757 4877 1168 4934 adumbraretur
1203 4895 1267 4934 ac
1297 4891 1587 4952 tegeretur.
1616 4884 1685 4938 Et
1715 4893 1881 4939 testes

294 4969 362 5024 ab
390 4970 640 5035 inimicis,
690 4986 718 5023 a
762 4971 983 5027 Judteis.
1030 4975 1167 5027 Audi
1211 4974 1357 5044 ipsos
1385 4976 1627 5031 dicentes
1666 4978 1876 5031 Pilato:

294 5060 438 5114 Diin
464 5062 695 5117 seductor
737 5063 823 5117 ille
860 5064 1026 5117 adhuc
1053 5066 1237 5128 vivens,
1279 5065 1406 5121 Post
1446 5078 1543 5121 tres
1573 5068 1679 5122 dies
1706 5086 1879 5122 resur-

292 5170 429 5223 gant.
447 5152 581 5207 Jube
604 5170 724 5225 ergo
751 5172 783 5208 a
805 5156 1044 5210 militibus
1073 5159 1317 5211 custodiri
1345 5161 1633 5229 sepulcrum
1659 5161 1871 5231 (Matth.

291 5243 380 5297 27.
430 5245 518 5300 65.
562 5244 676 5313 64)
712 5265 724 5299 :
759 5247 898 5316 quod
930 5248 1029 5317 ipsi
1061 5248 1320 5304 fecerunt.
1364 5251 1499 5306 Audi
1550 5254 1694 5321 ipsos
1742 5270 1874 5323 quo-

290 5354 392 5408 que
433 5349 616 5408 postea
664 5341 902 5396 dicentes
948 5343 1244 5411 apostolis,
1294 5343 1458 5398 Vultis
1502 5346 1741 5401 inducere
1784 5365 1875 5401 su-

290 5449 379 5501 per
424 5449 515 5486 nos
557 5434 854 5503 sanguinem
901 5435 997 5488 viri
1046 5436 1201 5501 huius
1254 5435 1391 5508 (Act.
1439 5439 1493 5491 5.
1543 5438 1660 5507 28).
1704 5438 1876 5507 Ipsius

287 5525 464 5579 crucis
488 5526 704 5579 modum
736 5541 843 5582 non
872 5527 999 5581 sivit
1032 5529 1354 5583 contumelia
1392 5529 1555 5585 afiici.
1584 5530 1717 5585 Nam
1740 5547 1874 5601 quo-

288 5617 430 5670 niam
456 5619 627 5685 angeli
655 5619 787 5673 nihil
813 5620 917 5675 tale
943 5630 1067 5675 sunt
1094 5622 1260 5689 passi,
1289 5631 1571 5692 propterea
1600 5622 1727 5677 facit
1750 5638 1871 5677 om-

286 5710 374 5764 nia
400 5710 725 5773 ;ostendeus
746 5712 888 5781 quod
911 5727 1022 5766 rem
1044 5726 1290 5782 magnam
1314 5713 1697 5782 etprzeclaram
1726 5728 1874 5769 mors

284 5805 551 5873 gesserit:
580 5818 641 5859 ea
669 5804 813 5859 enim
843 5804 943 5860 fuit
971 5814 1240 5877 tamquam
1277 5806 1545 5881 singulare
1575 5817 1869 5864 certamen.

598 5898 869 5958 PATROL.
918 5896 1036 5957 (in.
1088 5898 1280 5959 LXII.

1210 328 1276 383 IN
1320 328 1535 382 EPIST.
1578 329 1666 383 AD
1704 326 1984 383 COLOSS.
2025 327 2175 383 CAP.
2221 332 2281 387 ll.
2325 333 2555 392 llOMlL.
2605 339 2690 397 Vl.

3531 352 3635 408 3ίὲ

2048 442 2316 500 Percussit
2361 447 2634 504 Christum
2675 466 2853 519 mors;
2904 456 2995 510 sed
3049 457 3294 515 Christus
3344 475 3633 529 percussus

2046 549 2163 589 eam
2197 549 2377 605 postea
2408 543 2623 597 sustulit
2650 559 2662 595 :
2698 555 2911 600 mortuo
2938 563 3167 618 corpore
3198 553 3404 608 solutus
3423 566 3507 609 est
3539 559 3633 628 qui

2045 626 2328 685 videbatur
2354 646 2475 687 esse
2504 635 2821 693 immortalis
2851 656 2865 693 :
2893 649 2948 695 et
2976 640 3080 695 hoc
3109 643 3240 698 vidit
3263 644 3409 701 orbis
3447 626 3628 703 terrae.

2044 719 2113 774 Et
2142 723 2283 791 quod
2327 734 2411 779 est
2452 727 2789 797 admirabile,
2832 730 2935 787 hoc
2974 734 3130 789 alteri
3170 750 3275 791 non
3319 740 3628 805 commisit;

2041 813 2135 868 sed
2169 815 2365 873 factum
2390 829 2474 875 est
2500 837 2688 878 rursus
2724 824 2869 880 aliud
2914 827 3352 899 chirographum,
3391 848 3495 887 non
3527 836 3631 889 tale

2038 906 2196 975 quale
2221 910 2386 977 prius.

2110 998 2161 1053 4.
2202 999 2391 1058 Videte
2441 1019 2570 1076 ergo
2612 1022 2680 1063 ne
2718 1022 2785 1064 ex
2822 1024 2890 1065 eo
2923 1025 3210 1081 arguamur
3244 1022 3301 1070 et
3337 1018 3626 1074 convineao
3674 1018 3679 1029 '

2036 1104 2191 1158 mur,
2220 1103 2501 1164 postquam
2528 1097 2825 1154 dixerimus
2845 1118 2859 1132 ·
2894 1103 3358 1161 Abrcnuntiamus
3400 1120 3623 1173 satame,

2034 1191 2089 1236 et
2127 1190 2301 1239 tecum
2339 1189 2714 1260 conjungimur
2736 1232 2753 1259 ,
2795 1193 3030 1250 Christe.
3072 1196 3167 1251 Vel
3197 1199 3373 1267 potius
3402 1217 3505 1255 non
3540 1212 3625 1257 est

2035 1273 2137 1329 hoc
2161 1277 2461 1333 vocandum
2498 1281 2937 1352 chirographum,
2979 1286 3073 1340 sed
3116 1287 3289 1343 foedus
3325 1300 3378 1345 et
3406 1302 3621 1362 pactum

2031 1379 2373 1423 conventum.
2394 1372 2489 1427 Est
2514 1375 2656 1428 enim
2682 1376 3094 1447 chirographum
3121 1381 3333 1449 quando
3354 1387 3617 1455 quispiam

2030 1469 2113 1513 est
2134 1461 2315 1515 debito
2336 1463 2639 1520 olnmxius:
2666 1467 2768 1522 hoc
2796 1479 2975 1523 autem
2998 1481 3079 1525 est
3107 1470 3280 1527 fced'us
3298 1484 3352 1529 et
3371 1486 3614 1543 pactum:

2031 1566 2135 1606 non
2154 1555 2391 1609 continet
2419 1572 2650 1625 pomum,
2682 1576 2855 1631 neque
2879 1562 3028 1630 dicit,
3055 1564 3110 1619 Si
3130 1565 3252 1631 hoc,
3275 1568 3442 1622 sinon
3474 1568 3612 1624 hoc:

2027 1645 2166 1712 quod
2210 1646 2345 1701 dixit
2372 1649 2582 1719 Moyses
2611 1666 2903 1724 aspergens
2931 1658 3244 1726 sanguinem
3276 1663 3611 1726 testamenti,

2024 1749 2079 1793 et
2101 1740 2242 1796 Deus
2268 1758 2479 1813 quoque
2505 1747 2664 1800 vitam
2698 1749 2945 1817 promisit
2973 1760 3254 1807 aeternam.
3284 1753 3411 1809 II:ec
3432 1757 3611 1811 omnia

2025 1844 2148 1889 sunt
2176 1847 2385 1904 paetum
2415 1850 2763 1895 conventum.
2794 1843 2909 1898 Illic
2947 1860 3137 1899 servus
3161 1848 3271 1916 agit
3291 1863 3411 1902 cum
3438 1848 3613 1903 domi-

2022 1944 2112 1993 no,
2145 1930 2228 1985 hic
2258 1933 2459 1986 amicus
2487 1949 2606 1988 cum
2643 1937 2836 1991 amico.
2872 1936 2983 2003 Quo
3009 1939 3110 2004 die,
3134 1939 3324 2009 inquit,
3347 1941 3594 2001 comedes.

2022 2022 2251 2075 morieris
2281 2022 2431 2094 (Gen.
2457 2024 2510 2077 2.
2550 2026 2666 2095 17).
2698 2026 2888 2081 Statim
2921 2030 3100 2084 mina}.
3138 2030 3232 2084 llic
3257 2040 3435 2085 autem
3476 2033 3607 2087 nihil

2020 2115 2346 2185 hujusmodi.
2394 2119 2491 2175 llic
2542 2120 2797 2189 nuditas,
2840 2132 2897 2177 et
2931 2124 3040 2179 illic
3069 2124 3317 2191 auditas;
3362 2127 3455 2181 sed
3494 2128 3607 2182 illic

2016 2208 2230 2276 quidem
2272 2224 2393 2263 cum
2433 2222 2729 2281 peccasset,
2777 2213 3006 2268 nudatus
3037 2215 3155 2281 fuit,
3194 2218 3443 2286 quoniam
3475 2233 3601 2287 pec-

2016 2300 2195 2363 cavit;
2232 2300 2317 2355 bic
2351 2311 2530 2355 autem
2580 2303 2812 2357 nudatur
2842 2315 2900 2359 ut
2950 2306 3225 2362 liberetur.
3273 2308 3435 2362 Exuit
3479 2319 3605 2363 tunc

2018 2389 2106 2444 ille
2132 2391 2359 2459 gloriam
2402 2409 2560 2461 quam
2612 2394 2901 2465 aliquando
2930 2396 3149 2461 habuit;
3197 2414 3337 2453 nunc
3378 2400 3465 2454 hic
3504 2416 3600 2453 ve-

2015 2491 2182 2538 terem
2215 2485 2362 2538 exuit
2401 2485 2674 2540 hominem
2696 2527 2712 2553 ,
2745 2498 2800 2541 et
2827 2489 3140 2558 priusquam
3170 2491 3461 2554 ascendat,
3488 2500 3596 2545 tam

1989 2567 2168 2628 facile
2203 2576 2352 2628 exuit
2385 2576 2535 2645 quasi
2562 2578 2905 2632 vestimenta.
2936 2578 3163 2650 Ungitur
3202 2583 3343 2635 sicut
3379 2582 3597 2635 athleta:

2011 2667 2239 2720 stadium
2292 2670 2606 2738 ingressuri.
2662 2670 2832 2725 Simul
2888 2672 3031 2726 cnim
3069 2673 3344 2739 nascitur,
3385 2684 3437 2728 et
3487 2689 3594 2727 non

2008 2759 2150 2812 sicut
2180 2760 2383 2827 primus
2414 2760 2504 2815 ille
2531 2761 2622 2830 qui
2652 2762 2931 2830 paulatim,
2957 2762 3051 2817 sed
3078 2765 3280 2826 statim;
3312 2780 3418 2817 non
3451 2766 3593 2820 sicut

1974 2850 2134 2904 olim
2185 2852 2493 2906 sacerdotes
2542 2854 2662 2907 solo
2746 2855 2958 2923 capite,
3014 2856 3122 2909 imo
3155 2872 3280 2910 vero
3330 2858 3580 2926 amplius.

2007 2942 2138 2997 Nam
2169 2944 2259 2999 ille
2288 2944 2501 3015 quidem
2534 2946 2707 3014 capite
2732 2987 2747 3011 ,
2780 2961 2909 3001 aure
2935 2947 3188 3013 dextera,
3220 2965 3377 3002 mann
3401 2991 3414 3013 ,
3448 2960 3505 3003 ut
3534 2959 3592 3004 et

2006 3034 2070 3087 ad
2114 3034 2470 3089 obedientiam
2518 3044 2574 3089 et
2617 3037 2755 3090 bona
2803 3052 2965 3106 opera
3011 3054 3132 3092 eum
3183 3041 3478 3096 excitaret:
3506 3042 3592 3097 hic

2004 3136 2181 3180 autem
2210 3136 2349 3181 totus
2380 3127 2611 3197 ungitur.
2636 3127 2750 3181 Non
2774 3130 2943 3182 solum
2969 3132 3110 3183 enim
3134 3132 3278 3186 venit
3302 3142 3364 3185 ut
3386 3133 3549 3187 docea
3566 3165 3592 3175 -

2004 3229 2109 3283 tur,
2143 3221 2235 3275 sed
2282 3222 2440 3275 etiam
2470 3230 2527 3275 ut
2552 3221 2789 3277 decertet
2817 3232 2871 3276 et
2897 3233 3227 3278 exerceatur.
3261 3225 3340 3279 Ad
3366 3227 3587 3281 alteram

2002 3314 2276 3367 reducitur
2305 3324 2629 3368 creaturam.
2666 3314 2799 3368 Nam
2850 3316 3066 3384 quando
3110 3316 3389 3371 confessus
3431 3318 3592 3373 fuerit

2002 3405 2163 3458 vitam
2211 3415 2510 3468 aeternam,
2567 3404 2845 3459 confessus
2898 3419 2980 3460 est
3047 3408 3205 3460 aliam
3263 3418 3585 3465 creaturam.

1999 3497 2221 3565 Accepit
2250 3496 2522 3564 pulverem
2549 3512 2579 3549 e.
2609 3505 2768 3557 terra.
2802 3506 2854 3551 et
2878 3496 3021 3550 ﬁnxit
3059 3497 3351 3552 hominem.
3380 3500 3455 3553 De
3479 3516 3585 3553 ca:-

2000 3597 2117 3640 tero
2166 3597 2343 3640 autem
2385 3602 2490 3639 non
2525 3587 2798 3653 pulverem
2826 3626 2842 3648 ,
2875 3586 2969 3641 sed
3001 3586 3257 3655 Spiritum
3289 3599 3530 3643 sanctum
3568 3607 3583 3643 :

2000 3676 2101 3730 hoc
2132 3677 2377 3746 ﬁngitur,
2411 3677 2512 3731 hoc
2540 3678 2900 3745 componitur,
2950 3678 3086 3731 sicut
3116 3688 3171 3733 et
3199 3679 3313 3748 ipse
3350 3681 3399 3733 in
3428 3691 3585 3735 utero

2001 3771 2249 3841 Virginis.
2309 3770 2425 3824 Non
2484 3770 2655 3834 dixit,
2693 3769 2746 3823 lu
2803 3769 3091 3840 paradiso,
3146 3772 3262 3838 sed,
3320 3772 3375 3826 In
3425 3772 3581 3827 caelo.

1994 3862 2109 3917 Non
2166 3863 2619 3929 enim,quoniam
2678 3861 2916 3929 subjecta
2966 3872 3049 3916 est
3089 3871 3251 3929 terra,
3304 3864 3583 3918 existimes

1993 3970 2113 4007 esse
2152 3954 2203 4007 in
2258 3963 2434 4007 terra:
2485 3953 2611 4007 illuc
2664 3953 2954 4007 translatus
3000 3968 3059 4008 es
3112 3953 3164 4007 iu
3214 3954 3425 4021 caelum;
3471 3957 3580 4010 illic.

1996 4049 2110 4103 haec
2163 4050 2297 4101 ﬁunt
2348 4047 2743 4116 interaugelos.
2818 4046 3043 4101 Sursum
3123 4049 3355 4102 animam
3434 4058 3578 4103 tuam

1990 4143 2154 4197 sumit
2180 4142 2343 4204 Deus,
2375 4156 2588 4195 sursum
2614 4155 2731 4194 eam
2759 4154 3088 4205 componens
3116 4148 3173 4195 et
3191 4142 3524 4195 concinnans
3551 4160 3565 4194 :

1991 4241 2044 4288 te
2084 4233 2226 4286 sistit
2264 4232 2329 4285 ad
2374 4232 2558 4286 sedem
2588 4232 2811 4300 regiam.
2859 4230 3107 4301 Fingitur
3130 4246 3192 4287 ac
3233 4231 3492 4287 formatur
3520 4235 3573 4289 in

1988 4342 2146 4396 aqua,
2188 4326 2381 4379 anima?
2411 4324 2821 4394 respondentem
2844 4323 3038 4393 accipit
3094 4325 3360 4394 spiritum.
3412 4325 3572 4380 Post-

1987 4434 2146 4489 quam
2201 4428 2379 4472 autem
2433 4418 2595 4471 homo
2639 4414 2799 4469 fuerit
2851 4414 3132 4480 formatus,
3161 4432 3266 4470 non
3320 4416 3469 4472 ducit
3504 4418 3609 4487 ad,

1986 4526 2108 4564 eum
2141 4510 2362 4574 bestias,
2392 4508 2485 4562 sed
2517 4508 2815 4565 darmoncs.
2845 4514 2900 4559 et
2925 4520 3111 4559 eorum
3148 4507 3446 4576 principem
3474 4530 3486 4563 :
3527 4522 3581 4562 ct
3604 4500 3619 4576 ³;

1985 4604 2133 4667 dicit,
2167 4601 2372 4657 Calcate
2417 4618 2567 4670 super
2593 4608 2845 4666 serpentes
2870 4607 2916 4650 et
2944 4600 3235 4666 scorpiones
3279 4599 3430 4668 (Luc.
3486 4602 3574 4655 10.
3603 4599 3626 4687 ξ

1986 4696 2100 4764 19).
2149 4694 2265 4748 Non
2312 4694 2481 4755 dicit,
2512 4691 2786 4744 Faciamus
2818 4690 3072 4742 hominem
3099 4689 3167 4742 ad
3206 4691 3479 4760 imaginem
3529 4703 3577 4745 et

1984 4792 2367 4846 similitudinem
2394 4799 2617 4843 nostram
2639 4789 2794 4858 (Gen.
2826 4789 2876 4842 1.
2910 4787 3025 4857 26);
3059 4786 3151 4841 sed
3178 4787 3330 4857 quid?
3362 4786 3462 4841 Dat
3495 4787 3575 4841 eis

1985 4885 2123 4939 ﬁlios
2158 4884 2248 4938 Dei
2303 4883 2446 4936 ﬁeri:
2479 4882 2579 4949 Qui
2608 4896 2710 4935 non
2732 4896 2797 4935 ex
2820 4879 3186 4950 sanguinihus,
3207 4878 3301 4933 sed
3334 4895 3399 4934 ex
3435 4879 3565 4945 Deo,

1984 4975 2196 5045 inquit,
2246 4973 2355 5027 nati
2403 4982 2547 5026 sunt.
2604 4970 2805 5024 Deinde
2856 4986 2923 5024 ne
2979 4970 3166 5023 audias
3208 4978 3512 5038 serpentem
3549 5010 3565 5032 ,

1982 5068 2161 5123 Statim
2222 5067 2433 5120 doceris
2477 5063 2703 5119 dicere:
2756 5063 3093 5117 Abrenuntio
3141 5061 3231 5115 tibi
3270 5078 3286 5127 ;
3334 5061 3386 5115 id
3428 5070 3560 5126 est,

1981 5157 2247 5229 Quidquid
2277 5157 2497 5219 dixeris,
2520 5165 2571 5210 te
2602 5170 2708 5208 non
2737 5154 2972 5207 audiam.
2992 5152 3193 5208 Deinde
3216 5167 3282 5208 ne
3310 5168 3409 5223 per
3432 5152 3568 5206 alios

1981 5261 2036 5306 te
2065 5260 2334 5319 expugnet
2356 5289 2371 5307 .
2404 5247 2571 5312 dicit,
2608 5247 2676 5300 Et
2706 5261 2913 5315 pompa:
2944 5254 3047 5299 tua:
3092 5255 3149 5299 et
3182 5244 3345 5297 cultui
3380 5252 3470 5297 tuo
3511 5254 3568 5297 et

1982 5343 2185 5413 angelis
2214 5343 2337 5395 tuis.
2370 5340 2555 5395 Posuit
2579 5355 2701 5394 eum
2736 5381 2750 5401 ,
2797 5353 2903 5393 non
2937 5346 2994 5392 ut
3022 5336 3321 5391 custodiret
3350 5335 3567 5404 paradi-

1980 5450 2121 5495 sum,
2155 5434 2250 5488 sed
2278 5443 2336 5487 ut
2360 5441 2665 5487 versaretur
2692 5432 2744 5486 in
2810 5431 2963 5486 cado.
2991 5430 3132 5484 Cum
3160 5429 3391 5498 primum
3419 5429 3563 5483 enim

1979 5528 2303 5589 ascenderit,
2338 5526 2451 5581 haec
2481 5526 2640 5579 verba
2685 5525 2952 5593 loquitur:
2987 5522 3146 5577 Pater
3189 5532 3358 5576 noster
3397 5521 3485 5591 qui
3515 5538 3567 5573 es

1977 5622 2029 5674 in
2059 5620 2232 5682 caelis,
2282 5619 2373 5686 ﬁat
2428 5617 2658 5671 voluntas
2700 5626 2788 5670 tua
2842 5616 2971 5670 sicut
2999 5615 3053 5668 in
3089 5613 3213 5667 caelo
3247 5622 3293 5666 et
3333 5613 3385 5665 in
3428 5624 3567 5665 terra

1980 5712 2195 5783 (Matth.
2229 5713 2284 5768 6.
2314 5711 2370 5767 9.
2406 5710 2518 5784 IO).
2548 5710 2664 5765 Non
2715 5710 2767 5764 in
2800 5708 2992 5764 faciem
3038 5707 3183 5761 cadit
3230 5721 3363 5776 puer
3385 5748 3400 5767 ,
3454 5721 3564 5759 non

1977 5808 2182 5879 lignum
2213 5805 2401 5874 vides,
2435 5818 2610 5876 neque
2650 5801 2851 5860 fontem
2881 5818 2899 5870 ;
2949 5799 3041 5857 sed
3075 5800 3248 5871 ipsum
3282 5798 3566 5856 Dominum

3136 5910 3215 5971 2‘2
