4120 6400
470 305 574 361 515

469 418 650 471 statim
697 409 1056 483 amplecteris,
1087 404 1456 462 commisceris
1496 415 1620 455 cum
1640 409 1893 465 corpore,
1918 406 2051 446 con-

470 510 739 576 spergeris
780 518 903 558 cum
942 514 1191 569 corpore,
1227 495 1370 566 quod
1411 506 1572 563 supra
1618 492 1780 543 situm
1821 494 1924 550 est,
1947 497 2053 552 quo

473 574 688 653 diabolo
713 610 820 650 non
837 594 960 648 licet
979 589 1258 646 accedere.
1290 586 1406 641 Non
1426 594 1507 638 est
1525 582 1717 636 mulier
1735 587 1794 632 ut
1813 574 2051 636 accedat,

472 698 532 745 et
560 687 792 756 decipiat
839 694 1108 754 tamquam
1136 676 1583 735 imbecilliorem:
1620 670 1741 725 Non
1787 677 1858 723 est
1887 666 2051 728 enim,

476 779 669 849 inquit,
700 777 912 847 femina,
944 790 1035 828 nec
1064 771 1319 826 masculus
1341 767 1483 841 (Gal.
1519 765 1572 820 5.
1600 761 1719 835 28).
1760 759 1872 815 Nisi
1904 766 1959 812 tu
1989 756 2057 810 ad

477 874 652 942 ipsum
674 865 1039 931 descendetis,
1063 878 1169 918 non
1199 860 1395 931 poterit
1420 857 1509 912 ubi
1533 869 1593 910 es
1633 850 1929 908 ascendere
1959 864 1989 942 ε.
2003 856 2059 900 ιιι

477 937 619 1018 enim
639 977 698 1017 es
714 962 764 1015 in
793 959 956 1026 cazlo;
987 955 1175 1012 caelum
1196 960 1375 1007 autem
1394 964 1504 1004 non
1522 953 1669 1018 patet
1687 941 1919 999 diabolo.
1943 937 2061 993 Non

477 1054 639 1108 habet
663 1052 882 1121 lignum,
911 1062 1017 1119 quo
1046 1044 1297 1116 cognosci
1328 1049 1504 1112 potest
1528 1038 1727 1092 bonum
1754 1042 1809 1089 et
1833 1031 2060 1096 malum,

480 1143 577 1199 sed
624 1144 797 1198 solum
838 1140 1040 1211 lignum
1089 1138 1232 1191 vitae.
1266 1133 1383 1189 Non
1414 1129 1645 1200 amplius
1692 1142 1721 1179 a
1775 1125 1946 1179 latere
1972 1132 2065 1175 tuo

481 1234 696 1299 mulier,
730 1232 825 1287 sed
876 1245 1065 1285 omnes
1093 1242 1259 1282 unum
1310 1235 1495 1279 sumus
1546 1235 1577 1273 a
1631 1218 1801 1273 latere
1845 1212 2057 1269 Christi.

482 1328 615 1382 Nam
642 1327 685 1381 si
714 1325 806 1396 qui
835 1334 963 1381 sunt
993 1321 1140 1377 uncti
1172 1322 1240 1373 ab
1268 1314 1597 1376 hominibus,
1639 1308 1767 1364 nihil
1796 1306 2070 1378 patiuntur

482 1436 512 1474 a
558 1419 902 1490 serpentibus
929 1433 944 1484 ;
977 1428 1153 1486 neque
1182 1420 1237 1467 tu
1271 1408 1490 1481 patieris
1542 1402 1740 1474 aliquid
1766 1440 1783 1467 ,
1815 1397 2071 1490 quamdiu

483 1489 666 1566 iuerisﬁ
693 1520 882 1565 unctus
906 1552 920 1574 ,
947 1515 1004 1563 ut
1034 1506 1209 1577 possis
1247 1508 1557 1571 serpentem
1589 1506 1773 1551 tenere
1822 1502 1878 1547 et
1904 1489 2070 1545 sull'o-

1170 293 1226 349 S.
1269 288 1544 348 JOANNIS
1579 278 2055 342 CIIRYSOSTOMI
2093 274 2405 332 ARCHIEP.
2444 274 2978 334 CONSTANTINOP.

3644 283 3705 337 5i
3716 284 3748 339 ὁ

2162 401 2308 453 care,
2366 386 2575 440 calcare
2621 401 2784 456 super
2818 395 3105 457 serpentes
3160 396 3215 443 et
3261 389 3587 460 scorpiones.
3642 394 3747 446 Sed

2160 480 2298 534 sicut
2317 494 2504 549 magna
2534 488 2658 534 sunt
2685 481 2823 535 dona
2844 522 2859 544 ,
2893 482 2964 535 ita
2989 494 3201 551 quoque
3229 496 3483 553 magnum
3509 493 3593 537 est
3617 498 3746 550 sup-

2161 572 2377 640 plicium
2405 589 2419 625 :
2452 586 2557 626 non
2585 572 2711 627 licet
2736 573 2784 626 ei
2805 573 2896 642 qui
2922 572 3118 627 cecidit
3145 589 3176 628 e
3202 574 3474 644 paradiso,
3505 574 3747 630 habitare

2161 678 2229 717 ex
2273 662 2501 719 adverso
2552 664 2832 735 paradisi,
2875 678 3049 734 neque
3079 666 3277 719 reverti
3310 680 3377 720 eo
3416 666 3556 721 unde
3596 666 3744 722 exci-

2164 756 2360 811 dimus.
2414 756 2521 811 Sed
2546 756 2673 825 quid
2726 757 2955 826 postea?
2996 755 3251 812 Cebenna
3301 766 3357 813 et
3400 758 3599 812 vermis
3642 774 3750 812 non

2164 846 2439 903 desinens.
2469 846 2574 902 Sed
2603 846 2763 914 absit,
2810 855 2869 902 ut
2911 847 3178 917 quispiam
3220 862 3285 902 ex
3339 848 3493 903 nobis
3537 849 3607 902 sit
3650 849 3751 903 ob-

2165 938 2358 993 noxius
2403 936 2529 992 huic
2564 938 2863 1008 supplicio;
2893 937 2989 993 sed
3018 952 3087 993 ex
3112 938 3310 994 virtute
3339 939 3602 1006 viventes,
3642 949 3753 993 stu-

2167 1032 2391 1088 deamus
2442 1046 2505 1088 ea
2555 1047 2717 1102 agere
2771 1046 2893 1102 qua:
2941 1031 2992 1086 ei
3038 1040 3188 1086 recta
3232 1030 3483 1087 videntur
3528 1039 3584 1086 et
3630 1041 3755 1085 sunt

2168 1131 2317 1193 grata
2344 1139 2358 1177 :
2410 1122 2519 1178 Deo
2550 1122 2855 1193 placeamus
2887 1164 2902 1189 ,
2935 1131 2993 1176 ut
3021 1122 3287 1191 possimus
3320 1130 3374 1176 et
3402 1137 3432 1176 a
3478 1121 3755 1191 suppliciis

2171 1214 2410 1280 liberari,
2459 1225 2514 1270 et
2556 1215 2773 1269 internis
2815 1215 2971 1269 bonis
3003 1213 3225 1283 perfrui,
3268 1214 3438 1283 gratia
3484 1222 3538 1268 et
3568 1213 3754 1283 benig-

2172 1308 2337 1363 nitate
2365 1308 2573 1362 Domini
2604 1308 2775 1362 nostri
2813 1306 2941 1363 Jcsu
2980 1306 3201 1372 Christi,
3246 1320 3368 1360 cum
3400 1320 3507 1375 quo
3535 1304 3676 1359 Patri
3704 1315 3759 1357 et

2175 1399 2394 1470 Spiritui
2425 1408 2610 1454 sancto
2650 1398 2823 1469 gloria
2854 1439 2868 1462 ,
2919 1399 3202 1468 imperium
3228 1438 3245 1464 ,
3278 1397 3450 1453 honor
3472 1439 3489 1466 ,
3539 1412 3680 1452 nunc
3706 1407 3761 1451 et

2176 1505 2414 1561 semper,
2443 1499 2498 1546 et
2527 1492 2579 1545 in
2606 1490 2798 1545 saacula
2828 1490 3169 1545 saeculorum.
3196 1491 3390 1545 Amen.

482 1619 3765 1657 _________________________________.__________.

1855 1701 2205 1766 HOMILIA
2245 1701 2386 1763 VII.

493 1863 622 1918 CAP.
650 1862 705 1917 2.
734 1878 789 1915 v.
830 1860 916 1917 iii.
970 1857 1136 1913 Nemo
1163 1872 1281 1927 ergo
1316 1870 1402 1908 vos
1418 1850 1620 1925 judicet
1648 1851 1702 1902 in
1733 1847 1863 1913 cibo,
1898 1853 1986 1898 aut
2021 1843 2076 1897 in

564 1966 717 2026 potu,
744 1963 835 2008 aut
876 1955 929 2006 in
965 1961 1110 2022 parte
1129 1950 1228 2003 diei
1258 1947 1370 2018 festi
1398 1954 1487 1999 aut
1524 1940 1799 1996 neomenite
1844 1947 1931 1990 aut
1956 1936 2077 1989 sab-

566 2048 798 2101 batorum
818 2061 837 2099 :
889 2045 977 2101 17.
1025 2057 1139 2111 qute
1162 2050 1279 2095 sunt
1305 2037 1484 2092 umbra
1529 2035 1819 2105 futurorum
1846 2071 1860 2093 ,
1893 2043 2078 2099 corpus

564 2149 731 2192 autem
790 2136 1002 2192 Christi.
1049 2133 1137 2188 18.
1198 2130 1366 2185 Nemo
1410 2144 1497 2182 vos
1544 2126 1751 2179 seducat
1806 2118 1979 2174 volens
2027 2119 2080 2171 in

567 2230 849 2283 humilitate
894 2236 942 2280 et
994 2224 1239 2294 religione
1292 2220 1610 2291 angelorum,
1667 2229 1779 2284 qua:
1823 2227 1925 2265 non
1957 2208 2082 2262 uidit

568 2321 853 2386 ambulans,
889 2322 1080 2388 {rustra
1105 2315 1315 2384 inﬂatus
1344 2328 1493 2366 sensu
1524 2307 1692 2362 carnis
1736 2319 1881 2359 sum:
1912 2302 2001 2357 i9.
2036 2309 2084 2355 et

572 2436 670 2473 non
703 2427 873 2470 lenem
902 2422 1076 2484 caput:
1103 2428 1165 2465 ea:
1193 2425 1289 2476 quo
1315 2416 1473 2460 totum
1514 2418 1697 2472 corpus
1727 2416 1815 2469 per
1844 2413 2000 2451 nexus
2037 2403 2086 2448 et

573 2508 953 2579 conjunctiones
990 2503 1423 2558 subministratum
1453 2506 1499 2550 et
1543 2501 1880 2549 constructum
1911 2488 2087 2543 crescit

569 2606 623 2657 in
645 2610 972 2673 augmentum
1000 2596 1115 2651 Dei.

576 2782 629 2836 1.
658 2780 793 2834 Cum
837 2777 989 2848 prius
1026 2772 1251 2829 dixisset
1294 2764 1645 2837 :enigmatice,
1686 2760 1864 2815 Videte
1891 2774 1955 2814 ne
1978 2757 2092 2829 quis

510 2890 593 2927 vos
665 2871 891 2941 decipiat
945 2866 1227 2921 secundum
1280 2859 1605 2915 traditionem
1668 2853 1985 2915 hominum;
2037 2859 2093 2905 et

509 2978 697 3021 rursus
752 2960 1002 3031 superius
1036 2999 1051 3023 ,
1109 2956 1223 3009 Hoc
1267 2963 1433 3008 autem
1490 2951 1637 3012 dico,
1689 2955 1745 3000 ut
1811 2961 1956 2999 nemo
2006 2957 2095 2997 uos

508 3057 727 3124 decipiat
775 3055 830 3107 in
893 3049 1147 3123 probabili
1197 3057 1479 3107 sermone;
1546 3050 1601 3096 et
1668 3045 2097 3109 prmoccupassct

510 3147 797 3211 animum,
852 3152 908 3198 et
960 3140 1228 3196 effecisset
1276 3136 1610 3196 sollicitum;
1668 3129 1863 3186 deinde
1927 3129 2094 3184 inter-

512 3240 782 3311 posuisset
827 3235 1106 3299 beneﬁcia,
1149 3242 1203 3287 et
1249 3230 1300 3285 id
1343 3227 1754 3297 amplificasset:
1811 3233 1936 3278 tunc
1973 3221 2098 3276 sub-

509 3333 684 3402 juugit
732 3330 1200 3400 reprehensionem
1233 3367 1249 3391 ,
1302 3333 1357 3378 et
1400 3321 1572 3389 dicit,
1624 3319 1790 3373 Nemo
1844 3333 1963 3387 ergo
2013 3331 2098 3369 vos

507 3424 706 3497 judicet
748 3422 802 3475 in
829 3421 957 3487 cibo,
983 3428 1071 3473 aut
1110 3420 1164 3471 in
1207 3427 1349 3487 potu,
1376 3424 1463 3468 aut
1490 3414 1543 3467 in
1568 3419 1710 3483 parte
1738 3410 1838 3463 diei
1871 3408 1984 3480 festi
2014 3416 2099 3460 aut

517 3514 797 3569 neomenite
809 3523 895 3566 aut
914 3511 1254 3565 sabbatorum.
1278 3506 1440 3562 Vides
1459 3502 1729 3575 quomodo
1740 3516 1800 3557 ea
1819 3497 2102 3568 deprimit?

517 3605 572 3662 Si
602 3621 688 3671 ea,
722 3604 912 3674 inquit,
943 3600 1217 3670 assequuti
1243 3598 1395 3662 estis,
1427 3611 1523 3652 cur
1547 3609 1643 3649 vos
1671 3591 1850 3663 parvis
1880 3588 2105 3645 redditis

523 3696 831 3751 obnoxios?
863 3695 930 3747 Et
955 3699 1207 3747 extenuat
1230 3690 1434 3754 dicens,
1468 3687 1569 3741 Aut
1597 3686 1650 3739 in
1672 3694 1814 3756 parte
1831 3682 1931 3736 diei
1952 3680 2107 3752 festi:

522 3806 627 3843 non
659 3789 801 3843 enim
834 3784 1086 3842 tenebant
1128 3783 1307 3838 omnia
1333 3780 1534 3851 priora.
1582 3778 1683 3831 Aut
1718 3774 1995 3831 neomenite
2018 3780 2109 3827 aut

522 3882 863 3936 sabbatorum.
916 3878 1033 3933 Non
1063 3876 1222 3940 dixit,
1276 3873 1353 3929 Ne
1399 3886 1531 3942 ergo
1561 3869 1824 3933 servetis;
1876 3865 1993 3933 sed,
2028 3863 2111 3918 Ne

526 3976 638 4045 quis
666 3988 752 4027 vos
768 3971 984 4042 judicet.
1012 3968 1258 4022 Ostendit
1280 3966 1426 4035 ipsos
1455 3958 1753 4030 transgredi
1780 3967 1835 4013 et
1860 3957 2070 4012 solvere
2094 3971 2109 4019 ;

529 4068 581 4121 in
601 4065 736 4119 alios
753 4073 928 4117 autem
951 4060 1155 4115 crimen
1175 4056 1461 4111 transtulit.
1478 4052 1555 4108 Ne
1569 4050 1899 4116 sustineatis,
1919 4047 2110 4118 inquit,

536 4173 634 4213 eos
656 4156 745 4227 qui
768 4154 1028 4225 judicant.
1058 4151 1164 4207 Sed
1188 4165 1254 4204 ne
1270 4149 1370 4202 hoc
1392 4146 1608 4217 quidem
1635 4162 1649 4209 ;
1675 4157 1861 4198 verum
1884 4156 2006 4196 cum
2035 4140 2115 4194 eis

534 4250 706 4304 solum
764 4246 1025 4309 disserit,
1082 4257 1189 4297 non
1233 4242 1310 4295 eis
1364 4254 1426 4292 os
1455 4238 1741 4290 obstruens
1788 4248 1851 4288 ac
1901 4246 1996 4286 eos
2023 4246 2113 4285 re-

536 4343 776 4413 primens
803 4381 818 4405 ,
850 4336 1081 4393 dicendo
1105 4378 1121 4401 ,
1150 4334 1262 4389 Non
1294 4331 1502 4388 debetis
1528 4328 1841 4399 diiudicare.
1879 4324 1986 4381 Sed
2016 4324 2117 4377 hos

534 4449 639 4486 non
696 4429 1124 4500 reprehensurus
1149 4434 1284 4480 erat.
1333 4424 1448 4477 Non
1495 4421 1651 4485 dixit,
1704 4418 1758 4472 In
1807 4416 2021 4471 mundis
2065 4425 2120 4470 et

535 4521 865 4583 immundis;
896 4534 1067 4588 neque
1113 4516 1267 4581 dixit,
1299 4515 1356 4568 in
1401 4511 1739 4580 scenOpegiis
1766 4507 2040 4579 etazymis
2067 4515 2122 4560 et

536 4622 884 4685 pentecoste;
961 4609 1056 4666 sed
1087 4649 1101 4675 ,
1161 4607 1227 4661 In
1277 4615 1419 4675 parte
1467 4604 1567 4656 diei
1619 4602 1752 4672 festi.
1809 4598 1925 4653 Non
1979 4596 2122 4652 enim

536 4706 804 4760 audebant
832 4710 1005 4758 totum
1054 4715 1273 4756 servare
1301 4718 1313 4762 ;
1343 4706 1399 4752 et
1418 4696 1461 4750 si
1484 4694 1794 4756 servabant,
1825 4705 1930 4744 non
1962 4690 2033 4743 ita
2064 4696 2126 4741 ut

462 4779 489 4811 9‘
542 4799 734 4853 festum
783 4803 1022 4866 agerent.
1077 4793 1145 4846 In
1201 4802 1363 4861 parte,
1423 4789 1629 4859 inquit;
1660 4784 1948 4840 ostendens
1983 4782 2127 4853 quod

546 4905 736 4960 magna
780 4904 845 4943 ex
889 4896 1040 4956 parte
1065 4886 1135 4939 sit
1162 4884 1336 4938 solum
1362 4900 1375 4934 :
1408 4896 1530 4935 nam
1560 4880 1660 4933 etsi
1691 4878 1970 4932 sabbatum
1998 4889 2128 4945 age-

542 4987 694 5047 bant,
725 4997 829 5034 non
855 4990 1032 5034 tamen
1061 4985 1247 5033 exacte
1271 4985 1325 5030 et
1350 4982 1618 5029 accurate.
1649 4970 1778 5038 Quae
1804 4978 1920 5023 sunt
1950 4967 2129 5021 umbra

549 5079 858 5146 futurorum.
904 5071 1062 5136 Novi,
1110 5068 1303 5139 inquit,
1337 5063 1680 5122 Testamenti.
1716 5060 1913 5131 Corpus
1965 5068 2131 5113 autem

560 5167 768 5223 Christi.
799 5164 901 5217 Alii
933 5162 1146 5233 quidem
1178 5160 1256 5214 sic
1302 5165 1502 5227 puncto
1526 5156 1860 5222 distinguunt
1894 5169 1907 5204 :
1937 5149 2133 5215 Corpus

548 5269 739 5323 autem,
765 5255 988 5318 Christi;
1012 5251 1209 5305 veritas
1233 5256 1411 5303 autem
1439 5247 1493 5300 in
1514 5244 1729 5300 Christo
1761 5241 1857 5296 fuit
1881 5258 1894 5294 :
1919 5240 2011 5294 alii
2038 5253 2132 5293 ve-

558 5367 640 5416 ro,
661 5349 856 5418 Corpus
877 5344 1062 5400 Christi
1088 5342 1315 5396 brauium
1345 5353 1491 5393 nemo
1527 5335 1664 5389 vobis
1690 5335 2001 5394 intervertat,
2036 5345 2135 5385 seu

555 5441 877 5509 intercipiat.
905 5442 1363 5506 Καταϐραεευθῆναι
1393 5431 1537 5485 enim
1568 5428 1586 5499 (
1612 5442 1717 5497 quo
1744 5427 1907 5480 verbo
1938 5423 2137 5479 Paulus

557 5532 742 5591 utitur)
758 5540 838 5585 cst
856 5528 1068 5601 quando
1085 5526 1310 5580 aliorum
1325 5521 1537 5591 quidem
1556 5527 1638 5574 est
1652 5518 1890 5580 victoria,
1911 5516 2137 5569 aliorum

554 5642 687 5683 vero
716 5628 953 5681 hravium
983 5639 1074 5677 seu
1108 5619 1384 5690 prmmium
1410 5634 1424 5679 ;
1450 5615 1663 5687 quando
1693 5611 1967 5665 victoriam
1994 5623 2138 5663 asse—

553 5730 717 5792 quuto
754 5716 1084 5786 intercipitur
1127 5712 1424 5784 praemium.
1452 5708 1572 5765 Stas
1598 5719 1756 5775 supra
1788 5701 2057 5759 diabolum
2085 5708 2136 5756 et

2185 1854 2490 1917 peccatum;
2514 1844 2641 1916 quid
2671 1854 2890 1916 peccato
2912 1855 2962 1901 te
2984 1860 3172 1901 rursus
3199 1845 3458 1915 subjicis?
3480 1845 3765 1916 Propterea

2184 1935 2415 2004 dicebat,
2451 1937 2704 2004 Quoniam
2732 1936 2923 1990 debitor
2943 1950 3016 1991 est
3045 1937 3196 1990 totius
3225 1937 3349 2006 legis
3376 1937 3680 2007 intplendw:
3713 1945 3770 1991 et

2184 2043 2391 2092 rursus,
2441 2027 2583 2081 Num
2623 2029 2851 2083 inventus
2896 2037 2971 2083 est
3009 2026 3242 2083 Christus
3296 2030 3525 2083 minister
3576 2032 3767 2100 peccati

2187 2119 2328 2189 (Gal.
2356 2120 2409 2174 5.
2439 2120 2490 2174 5.
2526 2130 2572 2173 et
2598 2118 2655 2173 2.
2685 2120 2815 2192 i7)?
2843 2118 2984 2191 quod
3009 2118 3223 2174 dicebat
3251 2121 3491 2175 scribens
3521 2122 3588 2175 ad
3615 2120 3772 2177 Gala-

2189 2222 2290 2270 tas.
2328 2215 2554 2282 Quando
2593 2215 2753 2286 igitur
2776 2200 2854 2270 eis
2884 2215 3017 2269 iram
3055 2225 3297 2269 moverat
3325 2212 3586 2283 dicendo,
3622 2214 3771 2270 Prte-

2188 2309 2344 2361 mium
2369 2307 2687 2368 intervertat,
2719 2316 2843 2361 tunc
2868 2306 3099 2376 incipit:
3134 2305 3341 2372 Valens,
3375 2308 3565 2377 inquit,
3596 2308 3647 2361 in
3673 2308 3773 2361 hu-

2190 2399 2405 2452 militate
2431 2408 2477 2452 et
2498 2398 2741 2469 religione
2756 2398 3071 2467 angelorum,
3089 2413 3203 2466 quae
3222 2414 3322 2450 non
3343 2398 3466 2450 vidit
3484 2397 3772 2463 ambulans,

2192 2495 2383 2563 frustra
2412 2490 2623 2560 inﬂatus
2650 2506 2800 2544 sensu
2829 2490 2998 2543 carnis
3022 2505 3148 2544 sate.
3182 2489 3481 2557 Quomodo,
3513 2488 3581 2543 ln
3609 2490 3777 2543 humi~

2192 2582 2375 2636 litate?
2402 2591 2493 2635 aut
2521 2579 2819 2650 quomodo,
2851 2580 3114 2651 lnﬂatus?
3158 2580 3405 2636 Ostendit
3449 2588 3615 2635 totum
3660 2597 3779 2637 esse

2194 2675 2368 2730 inanis
2405 2673 2610 2745 gloriae.
2642 2672 2777 2741 Quid
2808 2684 2890 2728 est
2919 2682 3096 2728 autem
3123 2675 3342 2729 omnino
3371 2674 3512 2744 quod
3540 2675 3782 2729 dicitur?

2196 2764 2366 2820 Erant
2409 2765 2625 2836 quidam
2673 2765 2762 2835 qui
2788 2765 3031 2820 dicerent
3079 2780 3183 2819 non
3240 2774 3489 2837 oportere
3536 2780 3636 2820 nos
3690 2782 3784 2835 per

2196 2856 2466 2911 Christum
2495 2855 2726 2922 adduci,
2772 2854 2866 2910 sed
2907 2870 3004 2925 per
3042 2855 3262 2925 angelos
3293 2872 3305 2909 :
3335 2856 3462 2911 illud
3491 2856 3635 2911 enim
3669 2867 3781 2921 est,

2199 2948 2466 3019 inquiunt,
2500 2948 2672 3018 majus
2700 2961 2860 3018 quam
2886 2956 2946 3002 ut
2970 2948 3238 3019 possimus
3266 2949 3499 3019 assequi.
3525 2948 3782 3018 Propter-

2199 3056 2262 3097 ea
2294 3055 2491 3110 susque
2529 3039 2703 3109 dcque
2727 3046 2906 3094 versat
2933 3054 3052 3110 qua:
3088 3039 3229 3094 dicta
3259 3050 3383 3094 sunt
3424 3041 3491 3095 de
3524 3039 3737 3094 Christo
3768 3058 3783 3092 :

2205 3130 2308 3186 Per
2335 3131 2630 3203 sanguinem
2659 3131 2820 3184 crucis
2847 3131 2959 3200 ejus
2988 3130 3315 3185 reconciliati
3346 3144 3530 3185 sumus
3559 3130 3784 3199 (Coloss.

2204 3227 2257 3280 1.
2284 3224 2413 3296 20);
2464 3224 2597 3291 Quia
2638 3240 2730 3294 pro
2770 3224 2912 3277 nobis
2942 3240 3121 3292 passus
3149 3234 3220 3277 est
3248 3225 3326 3291 (1.
3371 3222 3513 3277 Petr.
3556 3224 3609 3278 2.
3650 3223 3785 3293 2i);

2209 3318 2344 3385 Quia
2374 3332 2465 3370 nos
2492 3316 2670 3370 dilexit
2696 3313 2911 3386 (Ephes.
2943 3314 2998 3368 2.
3039 3315 3116 3383 4).
3151 3315 3217 3369 Ει
3248 3315 3301 3369 iu
3331 3319 3432 3370 hoc
3462 3316 3576 3385 ipso
3606 3330 3790 3369 rursus

2206 3408 2402 3465 conlixi
2430 3417 2603 3463 erant.
2631 3406 2742 3462 Nec
2772 3407 2925 3472 dixit,
2961 3406 3374 3471 Adductionem,
3405 3406 3521 3473 sed,
3552 3406 3791 3476 Religio-

2208 3515 2353 3555 nem.
2389 3498 2517 3563 Qute
2553 3515 2652 3551 non
2676 3499 2799 3551 uidit
2829 3497 3115 3551 ambulans.
3147 3496 3260 3551 Non
3289 3498 3431 3552 enim
3461 3496 3595 3550 vidit
3628 3511 3794 3566 ange-

2210 3593 2311 3657 los,
2343 3593 2435 3647 scd
2469 3593 2538 3647 ita
2564 3603 2649 3647 est
2675 3591 2900 3647 aliectus
2924 3599 3194 3661 tamquam
3220 3591 3265 3645 si
3286 3589 3524 3645 vidisset.
3552 3590 3795 3659 Propter-

2211 3700 2274 3739 ea
2326 3683 2488 3750 dicit,
2548 3681 2769 3754 Inﬂatus
2810 3699 2959 3737 sensu
3006 3682 3174 3736 carnis
3220 3696 3325 3736 sine
3370 3691 3571 3734 temere.
3615 3680 3797 3749 Neque

2214 3777 2356 3833 enim
2384 3784 2604 3846 propter
2624 3791 2736 3830 rem
2764 3774 2997 3844 aliquam
3022 3788 3224 3837 veram,
3253 3772 3344 3826 sed
3369 3783 3585 3841 propter
3605 3771 3799 3843 dogma

2215 3869 2317 3924 fuit
2344 3867 2577 3922 inﬂatus.
2611 3866 2678 3920 Et
2718 3865 3028 3920 humilitatis
3054 3879 3164 3934 prae
3202 3878 3261 3918 se
3301 3861 3406 3917 fert
3434 3866 3691 3932 speciem.
3725 3867 3802 3918 Ac

2216 3962 2260 4013 si
2300 3958 2503 4013 diceret
2529 3999 2544 4019 ,
2575 3956 2656 4011 Ob
2686 3965 2917 4010 mentem
2948 3953 3217 4008 carnalem
3243 3994 3259 4019 ,
3291 3969 3398 4007 non
3428 3954 3757 4023 spiritualem

2219 4052 2453 4106 humana
2482 4058 2565 4105 est
2590 4049 2858 4119 cogitatio.
2895 4047 2963 4100 Et
2990 4064 3089 4099 non
3121 4056 3289 4099 tenens
3315 4055 3491 4116 caput,
3520 4047 3708 4115 inquit,
3747 4063 3807 4101 es

2218 4161 2316 4215 quo
2344 4151 2500 4196 totum
2527 4158 2728 4209 corpus.
2769 4139 2823 4193 Id
2851 4147 2952 4201 est,
2987 4137 3110 4192 hinc
3147 4137 3308 4192 habet
3335 4147 3394 4191 ut
3422 4137 3515 4204 sit,
3546 4146 3600 4191 et
3630 4148 3685 4190 ιιι
3716 4153 3805 4190 rc-

2220 4243 2306 4289 cte
2339 4234 2426 4287 sit.
2460 4232 2595 4297 Quid
2629 4246 2757 4301 ergo
2786 4230 3006 4283 dimisso
3034 4230 3210 4299 capite
3237 4229 3410 4282 haeres
3437 4227 3732 4283 membris?
3765 4228 3808 4279 si

2222 4324 2369 4378 illinc
2396 4321 2659 4377 excideris
2680 4363 2695 4386 ,
2728 4320 2952 4389 periisti.
2987 4318 3067 4372 Ea:
3104 4336 3201 4387 quo
3232 4327 3390 4371 totum
3430 4334 3631 4389 corpus.
3674 4317 3804 4383 Qui-

2223 4428 2450 4484 cumque
2476 4413 2565 4479 sit,
2595 4427 2701 4466 non
2734 4412 2904 4465 solum
2935 4410 3055 4464 inde
3082 4409 3241 4463 habet
3263 4419 3319 4463 ut
3342 4411 3501 4474 vivat,
3526 4409 3621 4464 sed
3647 4410 3807 4461 etiam

2226 4517 2285 4560 ut
2324 4506 2398 4559 illi
2442 4503 2817 4574 coniungatur.
2853 4502 3110 4558 Universa
3156 4502 3392 4556 Ecclesia
3422 4501 3675 4572 quamdiu
3715 4502 3809 4553 ha-

2227 4597 2403 4653 buerit
2431 4605 2613 4665 caput,
2642 4605 2887 4665 augetur.
2920 4593 3037 4648 Non
3067 4596 3209 4648 enim
3242 4593 3561 4663 arrogantiae
3583 4602 3635 4646 et
3659 4606 3809 4646 vanae

2228 4689 2415 4759 gloria:
2454 4696 2539 4741 est
2569 4686 2802 4752 affectio,
2833 4686 3106 4738 inventum
3137 4683 3384 4738 humana:
3421 4683 3636 4738 mentis.
3673 4682 3811 4737 Ecce

2232 4778 2361 4833 illud
2383 4818 2397 4842 ,
2433 4775 2515 4831 Ea:
2548 4792 2666 4844 quo,
2696 4775 2892 4830 dicitur
2918 4774 2987 4828 de
3012 4773 3168 4827 Filio.
3200 4772 3303 4826 Per
3328 4790 3487 4826 nexus
3511 4782 3557 4826 et
3596 4774 3812 4842 conjun-

2234 4870 2442 4932 ctiones,
2476 4868 2667 4937 inquit,
2699 4866 3133 4920 submmistratum
3159 4873 3205 4917 et
3242 4873 3579 4917 constructum
3598 4905 3613 4929 ,
3643 4864 3816 4916 crescit

2235 4962 2289 5014 in
2308 4968 2631 5028 augmentum
2658 4957 2773 5010 Dei.
2800 4956 2953 5022 Quod
2979 4965 3062 5010 est
3089 4955 3377 5009 secundum
3408 4954 3594 5018 Deum,
3624 4954 3814 5023 inquit,

2237 5064 2291 5108 et
2319 5068 2385 5108 ex
2413 5052 2614 5120 optimo
2641 5052 2763 5103 vita:
2796 5050 3057 5103 instituto.
3091 5048 3182 5103 20.
3218 5048 3279 5102 Si
3313 5063 3430 5117 ergo
3472 5046 3659 5099 mortui
3700 5048 3818 5099 estis

2239 5162 2352 5199 cum
2392 5144 2612 5198 Christo.
2655 5141 2883 5196 Medium
2915 5140 3045 5195 illud
3076 5142 3259 5210 ponit,
3292 5149 3345 5194 et
3371 5139 3510 5208 quod
3541 5148 3623 5192 est
3653 5138 3818 5192 vehe-

2241 5238 2475 5292 mentius
2500 5235 2785 5304 utrimque.
2822 5234 2882 5288 Si
2908 5233 3091 5286 mortui
3118 5233 3237 5285 estis
3269 5247 3381 5284 cum
3406 5228 3607 5283 Christo
3634 5229 3696 5281 ab
3723 5228 3825 5282 ele-

2245 5327 2424 5380 mentis
2450 5327 2601 5397 hujus
2630 5324 2827 5386 mundi,
2859 5324 2979 5394 quid
3009 5332 3265 5389 tamquam
3304 5322 3518 5375 viventes
3556 5321 3609 5373 in
3634 5320 3823 5373 mundo

2245 5418 2509 5473 decernitis
2532 5415 2688 5470 ?Non
2712 5415 2870 5469 habet
2891 5412 3325 5482 consequentiam
3348 5429 3360 5465 :
3383 5411 3662 5480 Oportebat
3681 5412 3825 5465 enim

2246 5511 2445 5572 dicere,
2490 5508 2768 5577 Quomodo
2796 5517 3064 5574 tamquam
3094 5505 3331 5558 viventes
3358 5504 3679 5572 subjicimini
3718 5505 3833 5557 ele-

2249 5603 2481 5659 mentis?
2517 5602 2621 5655 Scd
2654 5600 2755 5654 huc
2779 5600 3028 5663 dimisso,
3059 5597 3183 5665 quid
3216 5596 3384 5650 dicit?
3414 5596 3507 5651 2i.
3544 5594 3625 5650 Ne
3660 5597 3831 5666 tetige-

2250 5697 2379 5765 ritis,
2412 5710 2566 5766 neque
2584 5692 2917 5764 gustaveritis,
2948 5704 3103 5760 neque
3122 5690 3541 5746 cantrectaaeritis
3564 5706 3582 5744 :
3604 5687 3694 5745 22.
3721 5701 3834 5759 qua
