4148 6402
421 314 524 367 M3

423 429 584 498 πείσῃ
614 444 684 493 τι,
706 429 808 493 ἕως
825 430 888 483 ἂν
910 427 973 504 ᾗς
993 433 1340 504 ἡλειμμένος,
1370 439 1454 491 ἵνα
1476 439 1710 510 δυνηθῇς
1738 439 1989 511 κατέχειν

424 518 514 570 τὸν
537 517 660 588 ὅφιν
703 522 796 574 καὶ
833 523 1176 592 ἀποπνίγειν,
1210 531 1400 580 πατεῖν
1442 531 1628 583 ἐπάνω
1677 529 1853 598 ὄφεων
1899 531 1995 584 καὶ

425 613 719 681 σκορπίων.
765 614 905 667 Ἀλλ’
947 615 1134 687 ῶσπερ
1170 620 1381 689 μεγάλα
1411 621 1479 673 τά
1504 621 1672 690 δῶρα,
1737 623 1874 676 οὕτω
1905 641 2002 693 με-

425 703 562 774 γάλη
600 707 732 774 ἡμῖν
772 709 864 760 καὶ
898 711 930 779 ή
970 712 1206 780 τιμωρία
1234 730 1249 744 '
1291 712 1391 766 οὐκ
1435 713 1513 766 ἔνι
1561 715 1862 769 ἐκπεσόντα
1908 718 2002 770 τοῦ

426 795 756 864 παραδείσου
791 799 1048 854 ἀπέναντι
1074 803 1292 872 οίκῆσαι
1329 804 1423 856 τοῦ
1473 806 1827 874 παραδείσου,
1881 809 2003 862 οὐδὲ

427 887 743 942 ἐπανελθεῖν
775 891 896 944 ὅθεν
923 889 1275 964 ἐξεπέσομεν.
1343 895 1502 949 Ἀλλά
1543 897 1597 948 τί
1631 899 1770 968 μετά
1798 899 2002 965 ταῦτας

430 977 646 1043 Γέεννα,
677 982 774 1034 καὶ
804 981 1018 1053 σκώληξ
1042 985 1418 1058 ἀτελεύτητος.
1495 985 1650 1043 Ἀλλὰ
1689 991 1766 1060 μὴ
1797 992 2004 1060 γένοιτό

429 1085 550 1123 τινα
578 1072 734 1142 ἡμῶν
775 1075 1074 1129 ὑπεύθυνον
1123 1078 1375 1146 γενέσθαι
1423 1077 1590 1150 ταύτῃ
1626 1084 1690 1152 τῇ
1727 1085 1999 1154 τιμωρίᾳ·

1282 318 1353 372 IN
1390 319 1607 375 EPIST.
1651 320 1740 375 AD
1780 322 2064 378 COLOSS.
2103 324 2254 381 CAP.
2299 326 2361 382 ll.
2405 324 2634 381 HOMIL.
2680 329 2786 382 VII.
3581 333 3684 385 3H

2101 442 2214 496 ἀλλ’
2241 442 2508 511 ὲναρέτως
2532 440 2752 508 ζῶντες,
2772 443 3160 513 σπουδάσωμεν
3177 444 3241 498 τά
3256 445 3402 515 αὺτῷ
3427 445 3688 500 δοκοῦντα

2103 534 2526 605 διαπράττεσθαι
2553 553 2567 564 ·
2601 535 3058 606 εὐαρεστήσωμεν
3105 534 3185 605 τῷ
3216 535 3355 606 Θεῷ,
3409 537 3498 590 ἵνα
3526 536 3688 604 δυνη-

2107 625 2292 697 θῶμεν
2350 626 2444 679 καὶ
2482 626 2583 696 τῆς
2639 627 2912 690 κολάσεως
2964 626 3380 697 ἀπαλλαγῆναι,
3435 628 3530 680 καὶ
3582 627 3690 679 τῶν

2113 718 2348 773 αἰωνίων
2386 717 2606 787 ἀγαθῶν
2638 721 2913 789 ἐπιτυχεῖν
2933 759 2947 784 ,
2978 719 3162 790 χάριτι
3189 719 3284 773 καὶ
3313 718 3692 788 φιλανθρωπίᾳ

2111 811 2204 864 τοῦ
2252 810 2456 880 Κυρίου
2515 812 2670 882 ἡμῶν
2751 811 2923 882 Ἰησοῦ
2986 813 3246 883 Χριστοῦ,
3329 811 3447 882 μεθ’
3495 804 3558 864 οὗ
3613 811 3691 879 τῷ

2113 905 2287 974 Πατρὶ
2331 903 2449 974 ἃμα.
2494 905 2570 975 τῷ
2607 905 2744 973 ἁγίῳ
2788 905 3063 974 Πνεύματι
3099 904 3247 970 δόξα,
3277 907 3498 975 κράτος,
3527 905 3686 973 τιμὴ.

2111 995 2206 1047 νῦν
2253 997 2348 1048 καὶ
2405 996 2520 1059 ἀεὶ,
2585 999 2677 1049 καὶ
2729 997 2808 1058 είς
2869 999 2996 1059 τοὺς
3049 996 3249 1060 αἰῶνας
3302 996 3412 1049 τῶν
3457 996 3689 1050 αἰώνων.

2125 1087 2178 1138 Ἀ
2189 1088 2261 1155 μή
2269 1105 2295 1135 ν
2304 1125 2315 1137 .

455 1282 3642 1316 .__________________________________________________________

1952 1463 2199 1517 ΟΜῘΛΙΑ
2241 1463 2315 1519 Ζ’.

506 1636 656 1709 [δτι]
686 1637 781 1709 Μὴ
805 1633 919 1709 οὖν
946 1654 1036 1709 τις
1071 1635 1224 1709 ὑμᾶς
1249 1613 1498 1709 κρινέτω
1527 1639 1596 1691 ἐν
1618 1636 1844 1709 βρώσει
1876 1636 1914 1704 ἣ
1944 1636 2013 1689 ἐν

508 1706 705 1786 Ξτᾷσει,
743 1707 900 1786 ἧκέν·
908 1706 1071 1777 μέρει
1098 1707 1380 1786 ἐορτῆςκῆ
1419 1710 1751 1786 νουμηνίας
1775 1707 1814 1775 ἢ
1865 1709 2012 1786 trag:

510 1777 816 1856 ϐάτων,ῌᾶ
875 1776 1006 1856 ἐστι
1059 1778 1203 1856 σκιά
1236 1776 1383 1856 ’τῶν
1425 1776 2012 1856 μελλόντων-.-τὸδὲ

510 1847 682 1917 σῶμα
727 1846 1006 1916 Χριστοῦ.
1066 1846 1290 1912 Μηδεὶς
1335 1846 1492 1916 ὑμᾶς
1535 1846 2014 1914 καταϐραϐευέτω

513 1918 702 1973 θέλων
748 1920 818 1972 ἐν
856 1918 1379 1984 ταπεινοφροσύνῃ
1422 1916 1524 1970 καὶ
1574 1918 1860 1984 θρησκείᾳ
1897 1917 2016 1971 τῶν

513 1923 702 1973 θέλων
748 1923 818 1972 ἐν
856 1923 1379 2002 ταπεινοφροσύνῃ
1422 1923 1524 1970 καὶ
1574 1923 1873 1997 θρησκείῆ
1897 1923 2014 1971 τῶν

509 1988 800 2074 ἀγγέλων,
928 1987 1014 2074 μῂ
1058 1987 1318 2074 ἑωρακεν
1349 1988 1706 2074 ἐοιιζίιιτειξνωνζ
1742 1989 1874 2074 είκη
1899 2006 2014 2068 φυ-

511 2058 828 2126 σιούμενος
870 2057 992 2112 ὐπὸ
1033 2057 1142 2110 τοῦ
1193 2058 1336 2123 νοὸς
1373 2057 1485 2124 τῆς
1524 2057 1751 2124 σαρκὸς
1803 2058 2013 2120 αὐτοῦ,

513 2126 612 2179 καὶ
653 2131 726 2181 οὺ
769 2125 1000 2194 κρατῶν
1040 2125 1156 2192 τὴν
1192 2127 1498 2194 κεφαλὴν,
1565 2127 1635 2190 ἐξ
1669 2124 1741 2184 οὗ
1788 2127 1912 2182 πᾶν
1950 2127 2018 2180 τὸ

513 2144 612 2179 και
653 2145 726 2181 ου
769 2144 1000 2194 κρατων
1040 2144 1156 2192 την
1192 2144 1498 2196 κεφαλην,
1565 2144 1631 2190 ες
1669 2144 1741 2184 ου
1788 2144 1912 2182 παν
1950 2144 2018 2180 το

511 2197 683 2265 σῶμα
710 2196 808 2250 διὰ
850 2195 968 2267 τῶν
1009 2195 1179 2265 ἁφῶν
1212 2197 1312 2267 καὶ
1345 2195 1707 2266 συνδέσμων
1742 2197 2018 2267 ἐπιχορη-

513 2264 806 2335 γούμενον
846 2264 945 2319 καί
963 2264 1488 2335 συμϐιϐαζόμενον,
1510 2264 1675 2330 αὔξει
1695 2266 1810 2336 τὴν
1832 2264 2020 2333 αὔξη-

515 2352 622 2390 σιν
641 2336 748 2391 τοῦ
773 2335 941 2390 Θεοῦ.

513 2515 586 2563 α’.
615 2506 838 2578 Πρῶτον
865 2505 1276 2576 αἰνιγματωδῶς
1304 2506 1494 2571 εἰπὼν,
1522 2508 1782 2562 Βλέπετε
1812 2508 1897 2577 μή
1932 2525 2021 2573 τις

443 2596 596 2666 ὑμᾶς
640 2595 812 2649 ἔσται
860 2598 893 2649 ό
933 2593 1302 2665 συλαγωγῶν
1357 2595 1509 2650 κατὰ
1545 2594 1662 2665 τὴν
1687 2595 2024 2664 παράδοσιν

447 2686 564 2739 τῶν
591 2684 937 2752 ἀνθρώπων,
955 2683 1052 2736 καὶ
1067 2683 1229 2738 πάλιν
1253 2684 1532 2755 ἀνωτέρω,
1563 2684 1743 2738 Τοῦτο
1763 2685 1832 2738 δὲ
1845 2684 2020 2754 λέγω,

443 2776 546 2830 ἵνα
575 2773 660 2843 μή
691 2791 778 2838 τις
806 2769 964 2841 ὑμᾶς
991 2771 1452 2842 παραλογίζηται
1495 2770 1566 2824 έν
1590 2772 1984 2840 πιθανολογίᾳ
2007 2789 2020 2801 ·

445 2863 537 2915 καὶ
567 2858 1000 2932 προκαταλαϐὼν
1039 2859 1136 2930 τὴν
1174 2859 1353 2930 ψυχὴν
1397 2858 1494 2912 καὶ
1532 2858 2024 2928 μεμεριμνημένην

445 2951 835 3021 ἐργασάμενος,
865 2944 982 3001 εἶτα
1007 2949 1295 3019 παρενθεὶς
1316 2947 1414 3011 τὰς
1437 2947 1774 3018 εὐεργεσίας,
1791 2947 1885 2999 καὶ
1908 2963 2024 3015 μει-

445 3039 611 3102 ζόνως
632 3039 787 3092 τοῦτο
807 3039 1058 3107 ποιήσας,
1086 3038 1206 3091 τότε
1225 3038 1419 3105 ὲπάγει
1435 3038 1526 3090 τὸν
1542 3037 1761 3105 ἔλεγχον
1780 3037 1906 3089 ὓστε
1915 3053 2023 3105 ρον,

443 3127 534 3179 καί
559 3142 710 3196 φησι·
743 3125 837 3192 Μὴ
862 3120 976 3179 οὖν
1008 3142 1096 3190 τις
1116 3123 1273 3194 ὑμᾶς
1301 3127 1544 3192 κρινέτω
1567 3122 1943 3192 ένβρώσει,ἢ
1959 3123 2028 3176 ἐν

441 3214 634 3275 πόσει,
662 3211 701 3279 ἢ
724 3211 795 3264 ἐν
809 3211 973 3280 μέρει
999 3211 1211 3280 ἑορτῆς
1230 3211 1268 3279 ἢ
1293 3213 1619 3282 νεομηνίας
1638 3212 1676 3280 ἢ
1694 3210 2025 3266 σαϐϐάτων.

460 3301 620 3370 Ὁρᾷς
652 3298 769 3362 πῶς
792 3299 933 3352 αὐτά
962 3300 1249 3369 καθαιρεῖς
1291 3301 1352 3352 Εἰ
1388 3300 1643 3353 τοιούτων
1666 3300 2022 3370 τετυχήκατε,

445 3389 600 3458 φησὶ,
654 3386 706 3438 τί
740 3389 854 3449 τοῖς
896 3389 1112 3457 μικροῖς
1148 3385 1485 3448 ὑπευθύνους
1517 3388 1742 3449 ἑαυτοὺς
1780 3389 2024 3453 ποιεῖτε;

440 3474 554 3528 Καὶ
584 3473 912 3538 ὲξευτελίζει
934 3473 1128 3540 λέγων,
1167 3475 1236 3528 Ἥ
1264 3474 1334 3526 ἐν
1357 3473 1523 3542 μέρει
1560 3471 1796 3540 ἑορτῆς·
1824 3473 1884 3523 οὐ
1916 3472 2026 3540 γὰρ

442 3560 505 3630 δὴ
543 3561 721 3614 πάντα
756 3563 1007 3629 κατεῖχον
1047 3560 1116 3612 τὰ
1174 3561 1439 3630 πρότερα.
1479 3561 1552 3613 ’Ὴ
1609 3560 1945 3628 νουμηνίας
1985 3559 2024 3626 ἢ

441 3646 776 3702 σαϐϐάτων.
824 3647 938 3699 Οὐκ
977 3641 1100 3699 εἷπε
1121 3687 1135 3710 ,
1161 3648 1253 3717 Μὴ
1299 3649 1478 3699 τοίνυν
1507 3645 1830 3714 φυλάττετε,
1866 3645 2024 3711 ἀλλά,

442 3731 537 3800 Μή
571 3749 661 3799 τις
685 3732 842 3801 ὑμᾶς
869 3733 1136 3800 κρινέτω.
1166 3731 1407 3797 Ἔδειξεν
1437 3733 1631 3795 αὐτοὺς
1657 3731 2028 3803 παραϐαίνονο

441 3837 540 3883 τας
566 3821 660 3873 καὶ
687 3820 935 3885 λύοντας,
961 3823 1048 3890 ἐφ’
1074 3823 1294 3892 ἐτέρους
1320 3822 1378 3874 δὲ
1434 3822 1494 3872 τὸ
1523 3821 1775 3890 ἔγκλημα
1804 3822 2024 3892 ἤνεγκε.

443 3907 535 3976 Μὴ
586 3907 844 3978 ἀνέχεσθε
905 3908 1014 3961 τῶν
1075 3908 1406 3978 κρινόντων,
1469 3909 1654 3977 φησίν.
1710 3909 1851 3960 Ἀλλ’
1905 3911 2028 3964 οὐδὲ

443 3994 603 4047 τοῦτο
645 4011 660 4025 ⁸
723 3995 842 4048 ἀλλ’
913 3997 1148 4059 ἐκείνοις
1233 3995 1542 4064 διαλέγεται
1629 3997 1832 4066 μόνον,
1906 3999 2028 4069 οὐχὶ⁴

444 4082 813 4152 ἐπιστομίζων
865 4084 1084 4150 αὐτοὺς,
1139 4081 1362 4136 ὅτιούκ
1409 4083 1654 4152 ὀφείλετε
1684 4085 2023 4158 ἀνακρίνειν.

460 4169 600 4221 Ἀλλ’
668 4171 768 4224 οὐκ
852 4170 918 4224 ἂν
993 4163 1198 4224 τούτων
1261 4169 1567 4240 καθήψατο.
1659 4173 1773 4224 Οὐκ
1849 4169 2024 4236 εἶπεν,

460 4256 547 4308 Ἐν
576 4258 836 4327 καθαροῖς
891 4258 982 4310 καὶ
1020 4256 1371 4328 ἀκαθάρτοις,
1403 4258 1522 4312 οὐδὲ
1549 4254 1721 4322 εἶπεν,
1769 4259 1856 4311 Ἐν
1890 4278 2018 4329 σκη-

448 4344 736 4415 νοπηγίαις
792 4345 887 4398 καὶ
918 4343 1150 4415 ἀζύμοις
1177 4347 1270 4397 καὶ
1315 4349 1694 4415 πεντηκοστῇ·
1751 4346 1888 4410 ἀλλ’,
1929 4348 2030 4400 Ἑν

442 4431 611 4500 μέρει
641 4430 884 4499 ἑορτῆς·
941 4432 1003 4484 οὐ
1055 4432 1162 4503 γάρ
1191 4431 1434 4502 ἐτόλμων
1465 4432 1525 4484 τὸ
1553 4435 1660 4484 πᾶν
1692 4434 1986 4501 φυλάττειν
2015 4452 2026 4463 ·

449 4522 542 4574 καὶ
572 4522 622 4574 εἰ
672 4520 994 4588 ἐφύλαττον,
1046 4523 1148 4590 οὐχ
1193 4521 1334 4574 ὥστε
1380 4521 1678 4592 ἑορτάζειν.
1711 4523 1806 4573 Ἐν
1841 4523 2027 4592 μέρει,

448 4609 582 4679 φησί
603 4625 619 4640 ο
654 4608 869 4671 δεικνὺς
891 4608 1053 4661 ὅτιτὸ
1074 4609 1235 4662 πλέον
1255 4609 1494 4662 λέλυται.
1527 4610 1715 4678 Είγάρ
1747 4612 1841 4662 καὶ
1872 4611 2034 4663 ὲσαὸ-

451 4695 690 4760 ϐάτιζον,
711 4695 826 4748 ἀλλ’
844 4696 944 4748 οὐκ
960 4696 1223 4766 ἀκριϐῶς.
1245 4696 1306 4749 Ἃ
1323 4697 1454 4748 ἐστι
1480 4697 1623 4748 σκιὰ
1651 4695 1767 4749 τῶν
1782 4700 2033 4765 μελλόν-

449 4797 608 4836 των·
651 4782 755 4852 τῆς
806 4783 1036 4853 Καινῆς,
1061 4783 1216 4853 φησὶ,
1272 4782 1570 4852 Διαθήκης.
1636 4784 1708 4835 Τὸ
1746 4783 1814 4835 δὲ
1862 4785 2032 4853 σῶμα

450 4869 733 4936 Χριστοῦ.
766 4870 831 4921 Οἱ
889 4870 987 4940 μὲν
1026 4866 1120 4924 οὖν
1161 4869 1318 4922 τοῦτο
1353 4869 1613 4934 στίζουσι,
1645 4869 1720 4923 Τὸ
1749 4870 1817 4922 δὲ
1839 4871 2031 4940 σῶμα,

452 4957 740 5024 Χριστοῦ’
783 4959 818 5028 ἡ
846 4957 904 5011 δὲ
926 4957 1150 5028 ἀλήθεια
1181 4958 1276 5009 ἐπὶ
1317 4957 1553 5026 Χριστοῦ
1591 4959 1841 5025 γέγονεν’
1875 4961 1924 5011 οξ
1952 4961 2030 5023 δὲν

460 5044 530 5096 Τὸ
565 5042 741 5114 σῶμα
786 5045 1049 5113 Χριστοῦ
1087 5046 1303 5114 μηδεὶς
1335 5043 1492 5113 ὑμᾶς
1531 5046 2030 5114 καταϐραϐευέτω,

453 5133 755 5199 τουτέστιν,
788 5133 1165 5205 ὲπηρεαζέτω.
1199 5135 1724 5203 Καταϐραόευθῆναι
1751 5137 1858 5206 γάρ
1887 5139 2034 5188 ἐστιν

453 5221 581 5273 ὅταν
609 5221 739 5292 παρ’
758 5221 934 5291 ἑτέρῳ
964 5222 1063 5291 μὲν
1084 5224 1118 5291 ἡ
1147 5221 1273 5288 νίκη
1302 5217 1358 5295 ᾗ,
1380 5223 1508 5290 παρ’
1542 5223 1713 5293 ἑτέρῳ
1737 5224 1795 5275 δὲ
1822 5225 1882 5276 τὸ
1905 5224 2036 5293 βρα-

456 5307 622 5372 ϐεῖον,
654 5311 786 5364 ὅταν
801 5309 1080 5381 ἐπηρεάζῃ
1104 5321 1131 5350 α
1159 5312 1408 5380 νικήσας.
1434 5311 1670 5365 Ἀνωθεν
1686 5313 1920 5382 ἕστηκας
1941 5313 2033 5364 τοῦ

455 5399 706 5452 διαϐόλου
731 5401 826 5452 καὶ
851 5404 951 5470 τῆς
976 5399 1249 5470 ἁμαρτίας
1271 5415 1282 5427 ·
1313 5399 1365 5451 τί
1390 5399 1553 5454 πάλιν
1583 5401 1814 5467 ὑπάγεις
1842 5402 2035 5454 σαυτὸν

523 5536 786 5602 '__Savilius
823 5540 1097 5600 suspicatur
1144 5540 1409 5602 legendum
1451 5539 1743 5602 ἐπηρεασθῇ·
1788 5548 1842 5589 et
1896 5547 2036 5592 certe

458 5596 638 5664 melius
662 5605 815 5649 esset.
842 5596 1041 5664 e—‘Non
1060 5596 1220 5664 probo'
1235 5613 1250 5648 :
1291 5613 1398 5650 cum
1421 5596 1564 5650 tertia
1589 5596 1717 5651 enini
1742 5615 1946 5664 persona
1967 5605 2037 5655 le-

457 5658 666 5725 gendum
685 5666 806 5711 esset
833 5663 859 5710 ό
878 5658 1088 5720 νικήσαξ.
1119 5665 1266 5712 Locus
1283 5669 1441 5725 aulam
1466 5669 1590 5713 recte
1608 5677 1658 5713 se
1679 5658 1833 5725 habet,
1854 5664 1898 5715 si
1920 5667 2036 5725 ἐπη-

462 5722 601 5784 ρεάζῃ
630 5735 719 5783 pro
739 5725 948 5774 secunda
969 5737 1170 5787 persona
1191 5722 1374 5789 passivi
1395 5731 1628 5775 sumatur.
1653 5726 1790 5775 Enn.

2115 1638 2180 1706 τῇ
2231 1636 2513 1706 ἀμαρτίᾳ;
2579 1634 2678 1688 Διά
2725 1633 2880 1687 τοῦτο
2929 1633 3141 1702 ἔλεγεν,
3202 1636 3330 1689 Ὅτι
3380 1635 3695 1704 ὀφειλέτης

2114 1724 2289 1776 ἐστὶν
2345 1723 2495 1777 ὅλον
2551 1722 2660 1776 τὸν
2712 1723 2900 1790 νόμον
2953 1720 3304 1791 πληρῶσαι·
3357 1726 3451 1778 καὶ
3506 1723 3690 1785 πάλιν,

2118 1808 2344 1879 Εὐρέθη
2371 1809 2626 1878 Χριστὸς
2646 1809 2937 1878 ἁμαρτίας
2965 1809 3246 1876 διάκονος
3269 1827 3286 1874 ;
3315 1811 3343 1864 ὃ
3378 1814 3436 1863 ὲν
3463 1814 3531 1882 τῇ
3560 1813 3695 1882 πρὸς

2116 1898 2357 1960 Γαλάτας
2378 1899 2605 1968 γράφων
2628 1896 2834 1964 ἔλεγεν.
2864 1897 2994 1950 Ὅτε
3013 1898 3196 1950 τοίνυν
3212 1898 3411 1961 αὐτοὺς
3432 1897 3696 1969 ἐνέπλησε

2117 1983 2290 2056 θυμοῦ
2320 1986 2410 2039 διά
2442 1984 2536 2038 τοῦ
2567 1985 2765 2049 εἰπεῖν,
2813 1985 3324 2052 Καταϐραϐευέτω,
3364 1985 3485 2037 τότε
3531 1985 3697 2055 ἄρχε-

2115 2089 2207 2125 ται
2233 2090 2246 2104 ⁸
2281 2073 2506 2136 Θέλων,
2541 2073 2724 2142 φησὶν,
2759 2069 2913 2142 [572]
2940 2073 3008 2125 ἐν
3036 2072 3564 2141 ταπεινοφροσύνῃ
3595 2072 3697 2125 καί

2118 2161 2406 2228 θρησκείᾳ
2425 2159 2544 2213 τῶν
2567 2158 2861 2228 ἀγγέλων,
2888 2159 2926 2212 ἃ
2945 2159 3033 2228 μὴ
3059 2160 3320 2228 ἑώρακεν
3339 2159 3697 2229 ἐμϐατεύων,

2118 2247 2250 2316 εικῆ
2278 2249 2688 2316 φυσιούμενος
2711 2247 2834 2300 ὑπὸ
2856 2246 2965 2300 τοῦ
3001 2245 3144 2313 νοὸς
3184 2246 3300 2316 τῆς
3325 2246 3554 2316 σαρκὸς
3589 2249 3697 2301 αὑ-

2121 2337 2248 2392 τοῦ.
2277 2337 2421 2401 Πῶς,
2474 2338 2576 2390 Ἐν
2599 2336 3128 2404 ταπεινοφροσύνῃ
3152 2350 3172 2396 ;
3200 2335 3233 2405 ἢ
3264 2337 3402 2399 πῶς,
3435 2333 3698 2388 Φυσιού-

2117 2439 2339 2493 μενος;
2389 2424 2640 2477 Δείκνυσι
2680 2421 2985 2487 κενοδοξίας
3017 2421 3075 2475 ὃν
3113 2423 3175 2475 τὸ
3199 2424 3328 2477 πᾶν.
3363 2422 3430 2474 Τί
3459 2422 3517 2474 δὲ
3563 2421 3700 2484 ὅλως

2123 2512 2240 2565 ἐστὶ
2273 2512 2334 2564 τὸ
2376 2512 2706 2583 λεγόμενον;
2737 2506 2921 2563 Ἦσάν
2949 2527 3096 2574 τινες
3122 2512 3173 2563 οἱ
3201 2510 3470 2577 λέγοντες
3504 2509 3578 2562 Οὐ
3620 2509 3705 2560 δεῖ

2123 2602 2272 2671 ἡμᾶς
2297 2600 2388 2654 διὰ
2419 2601 2516 2654 τοῦ
2546 2597 2786 2672 Χριστοῦ
2829 2598 3231 2670 προσάγεσθαι,
3278 2597 3416 2650 ἀλλὰ
3458 2597 3548 2649 διά
3591 2597 3701 2648 τῶν

2125 2688 2369 2756 ἀγγέλων
2389 2705 2401 2717 ·
2437 2689 2613 2741 έκεῖνο
2639 2687 2750 2758 γὰρ
2774 2689 2959 2759 μεῖζόν
2989 2689 3157 2750 ἐστιν,
3187 2687 3221 2754 ἢ
3253 2685 3378 2738 καθ’
3412 2685 3578 2755 ἡμᾶς.
3603 2682 3702 2734 Διά

2125 2774 2283 2827 τοῦτο
2313 2774 2425 2828 άνω
2455 2775 2550 2827 καὶ
2584 2775 2736 2828 κάτω
2775 2776 3005 2846 στρέφει
3037 2775 3107 2828 τά
3135 2774 3278 2843 ὑπὲρ
3314 2771 3410 2825 τοῦ
3457 2768 3700 2840 Χριστοῦ

2126 2862 2386 2934 λεχθέντα
2415 2864 2583 2934 αὐτῷ,
2613 2863 2717 2919 Διὰ
2743 2865 2849 2919 τοῦ
2883 2866 3132 2934 αἵματος
3161 2864 3268 2918 τοῦ
3301 2861 3566 2928 σταυροῦ
3599 2862 3705 2911 αὺ-

2131 2950 2238 3004 τοῦ
2271 2951 2710 3022 κατηλλάγημεν,
2740 2953 2867 3004 Ὅτι
2903 2952 3056 3019 ὑπὲρ
3103 2949 3273 3020 ἡμῶν
3310 2950 3548 3008 ἔπαθεν,
3579 2947 3704 2999 Ὅτι

2128 3037 2448 3106 ἠγάπησεν
2492 3037 2665 3107 ἡμᾶς.
2718 3039 2829 3090 Καὶ
2859 3039 2917 3091 ἐν
2957 3037 3106 3108 αὐτῷ
3133 3038 3188 3090 δὲ
3215 3036 3389 3106 τούτῳ
3424 3035 3706 3105 ἐπείροντο

2130 3126 2314 3179 πάλιν.
2345 3125 2456 3180 Καὶ
2487 3128 2586 3178 οὐκ
2615 3121 2736 3178 εἷπε
2782 3125 3170 3195 προσαγωγὴν,
3208 3123 3346 3178 ἀλλὰ
3383 3121 3701 3194 θρησκείαν.

2133 3216 2192 3266 Ἀ
2217 3214 2304 3283 μὴ
2344 3213 2604 3282 ἑώρακεν
2628 3213 2985 3281 ἐμϐατεύων.
3012 3213 3086 3264 Οὐ
3110 3214 3220 3282 γὰρ
3247 3201 3387 3264 εἶδεν
3413 3209 3701 3278 ἀγγέλους,

2127 3304 2222 3353 καὶ
2254 3301 2396 3355 οὕτω
2434 3301 2704 3354 διάκειται
2743 3300 2818 3362 ὡς
2865 3298 3008 3352 ἰδών.
3064 3301 3161 3352 Διὰ
3199 3297 3362 3350 τοῦτό
3385 3315 3538 3366 φησι,
3591 3299 3707 3348 tim-

2127 3391 2449 3459 σιούμενος
2477 3388 2594 3442 ὑπὸ
2627 3387 2734 3440 τοῦ
2758 3387 2904 3452 νοὸς
2935 3385 3046 3452 τῆς
3069 3384 3302 3452 σαρκὸς
3331 3383 3517 3437 αὐτοῦ
3543 3381 3700 3447 εἰκῆ.

2127 3480 2261 3533 Οὐδὲ
2296 3479 2402 3547 γάρ
2433 3477 2650 3528 ὲπίτινι
2683 3475 2878 3542 ἀληθεῖ
2901 3474 3211 3544 πράγματι,
3244 3473 3338 3522 ἐπὶ
3366 3470 3444 3539 τῷ
3469 3470 3706 3538 δόγματι

2129 3566 2454 3635 πεφύσηται.
2475 3564 2584 3618 Καὶ
2600 3561 2964 3632 προϐάλλεται
2980 3557 3485 3629 ταπεινοφροσύνης
3499 3560 3701 3628 σχῆμαυ

2127 3655 2258 3706 ὡσεὶ
2305 3653 2489 3716 ἔλεγε·
2523 3648 2803 3718 Σαρκικῆς
2869 3647 3149 3710 διανοίας,
3197 3646 3258 3697 οὐ
3301 3644 3705 3713 πνευματικῆς,

2129 3739 2469 3809 ἀνθρώπινος
2500 3737 2530 3788 ὁ
2562 3735 2843 3804 λογισμός.
2875 3732 2986 3787 Καὶ
3021 3735 3092 3786 οὐ
3122 3731 3358 3799 κρατῶν
3388 3732 3503 3798 τὴν
3531 3745 3708 3798 κεφα-

2126 3826 2270 3893 λὴν,
2294 3825 2480 3893 φησὶν,
2511 3823 2580 3885 ἐξ
2603 3817 2678 3877 οὗ
2701 3820 2824 3876 πᾶν
2845 3819 2914 3872 τὸ
2931 3817 3125 3888 σῶμα.
3158 3820 3473 3879 Τουτέστιν,
3499 3817 3708 3871 ἐκεῖθεν

2129 3916 2241 3985 ἔχει
2289 3914 2349 3966 τὸ
2390 3908 2552 3975 εἶναι,
2593 3913 2689 3964 καὶ
2730 3910 2793 3962 τὸ
2839 3908 3024 3971 καλῶς
3065 3903 3227 3962 εἶναι.
3262 3907 3328 3960 Τί
3377 3906 3556 3960 τοίνυν
3609 3903 3707 3973 τὴν

2130 3999 2368 4070 κεφαλὴν
2391 4000 2571 4068 ἀφεὶς,
2592 3999 2692 4072 ἔχῃ
2712 3999 2823 4051 τῶν
2853 3997 3031 4069 μελῶν
3050 4015 3065 4064 ;
3090 3996 3186 4050 ἐὰν
3209 3995 3414 4048 ἐκεῖθεν
3445 3992 3705 4062 ἐκπέσῃς,

2129 4089 2434 4151 ἀπόλωλας.
2470 4089 2565 4153 Ἐξ
2589 4084 2661 4144 οὗ
2684 4085 2808 4141 πᾶν
2826 4088 2893 4139 τὸ
2911 4085 3100 4156 σῶμα.
3127 4084 3314 4146 Ὅστις
3342 4082 3408 4134 ἂν
3435 4079 3489 4152 ᾗ,
3522 4081 3708 4148 φησὶν,

2129 4178 2188 4228 οὐ
2221 4177 2280 4229 τὸ
2326 4177 2446 4247 ζῇν,
2483 4175 2620 4228 ἀλλά
2653 4175 2748 4226 καὶ
2790 4173 2852 4226 τὸ
2883 4172 3228 4226 συντίθεσθαι
3283 4169 3492 4222 ἐκεῖθεν
3531 4167 3706 4235 αὐτῷ.

2135 4266 2287 4318 Πᾶσα
2313 4266 2346 4334 ἡ
2381 4263 2700 4332 Ἐκκλησία,
2730 4262 2836 4323 ἓως
2865 4260 2932 4313 ἂν
2963 4261 3062 4331 ἔχῃ
3082 4259 3179 4328 τὴν
3211 4257 3475 4326 κεφαλὴν,
3511 4254 3664 4318 αὔξει
3695 4271 3708 4284 ·

2132 4353 2254 4404 ἐπεὶ
2271 4349 2454 4402 οὐκέτι
2479 4349 2736 4411 ἀπονοίας
2755 4350 2845 4401 καὶ
2873 4346 3177 4411 κενοδοξίας
3201 4345 3261 4396 τὸ
3289 4342 3479 4406 πάθος,
3500 4342 3709 4412 ἀνθρω-

2136 4440 2294 4508 πίνης
2330 4439 2355 4476 ιι
2392 4437 2596 4498 ἐννοίας
2643 4437 2702 4488 τὸ
2753 4434 2987 4503 εὕρεμα.
3040 4433 3172 4485 Ἰδοὺ
3211 4432 3292 4492 τὸ,
3334 4430 3438 4493 Ἐξ
3483 4425 3578 4490 οὗ,
3616 4431 3710 4481 ἐπὶ

2132 4525 2225 4577 τοῦ
2261 4524 2413 4577 Υίοῦ.
2446 4525 2549 4576 Διά
2574 4521 2694 4574 τῶν
2721 4520 2890 4590 ἁφῶν
2935 4519 3035 4572 καὶ
3083 4518 3469 4586 συνδέσμων,
3520 4518 3707 4584 φησὶν,

2132 4611 2679 4680 ἐπιχορηγούμενον
2707 4607 2805 4660 καὶ
2836 4602 3363 4675 συμϐιϐαζόμενον.
3400 4602 3570 4666 αὔξει
3594 4601 3711 4667 τὴν

2133 4699 2398 4763 αὔξησιν
2442 4696 2548 4749 τοῦ
2581 4694 2727 4748 Θεοῦ
2751 4711 2763 4724 ’
2797 4693 2893 4764 τὴν
2927 4692 3068 4744 κατά
3097 4691 3253 4752 Θεὸν,
3289 4691 3442 4759 φησὶ,
3475 4688 3573 4759 τὴν
3603 4686 3712 4739 ἀπὸ

2133 4788 2230 4855 τῆς
2256 4785 2530 4846 πολιτείας
2557 4783 2658 4852 τῆς
2682 4781 2930 4852 ἀρίστης.
2965 4782 3032 4833 El
3077 4773 3191 4832 οὖν
3227 4777 3556 4831 ἀπεθάνετε
3588 4775 3710 4829 σὺν

2135 4874 2382 4940 Χριστῷ.
2422 4873 2607 4926 Μέσον
2654 4873 2830 4924 ἐκεῖνο
2863 4868 3066 4938 τίθησι,
3099 4867 3194 4919 καὶ
3241 4865 3301 4917 τὸ
3355 4864 3710 4934 σφοδρότερον

2135 4962 2492 5032 ἑκατέρωθεν.
2537 4961 2605 5012 El
2632 4956 2960 5012 ἀπεθάνετε
2989 4955 3110 5009 σὺν
3149 4952 3382 5022 Χριστῷ
3429 4952 3548 5006 ἀπὸ
3593 4951 3712 5004 τῶν

2135 5049 2242 5102 τοῦ
2291 5049 2521 5116 κόσμου
2558 5045 2909 5114 στοιχείων,
2963 5044 3118 5111 φησι,
3175 5042 3232 5093 τί
3280 5041 3354 5106 ὡς
3396 5037 3605 5103 ζῶντες
3643 5039 3713 5090 ἐν

2136 5138 2344 5204 κόσμῳ
2384 5133 2834 5202 δογματίζεσθε;
2885 5131 2999 5183 Οὐκ
3045 5131 3158 5200 ἔχει
3202 5128 3556 5182 ἀκολουθίαν·
3603 5125 3709 5176 ἔδει

2137 5223 2246 5294 γὰρ
2264 5224 2456 5276 εἰπεῖν.
2477 5222 2600 5282 Πῶς
2625 5221 2700 5282 ὡς
2723 5219 2924 5282 ζῶντες
2951 5215 3243 5270 ὑπόκεισθε
3261 5217 3373 5277 τοῖς
3393 5211 3680 5282 στοιχείοις
3699 5227 3710 5272 ;

2150 5310 2310 5364 Ἀλλά
2337 5309 2496 5362 τοῦτο
2528 5309 2707 5377 ἀφεὶς,
2737 5307 2791 5359 τί
2831 5322 3001 5376 φησι;
3036 5305 3132 5370 Μὴ
3177 5302 3304 5369 ἅψῃ
3343 5300 3497 5368 μηδὲ
3521 5299 3709 5366 γεύσῃ

2132 5398 2288 5468 μηδὲ
2331 5399 2534 5466 θίγῃςο
2567 5396 2606 5451 ἄ
2640 5397 2774 5449 ἐστι
2819 5395 3016 5448 πάντα
3054 5395 3143 5458 εἰς
3174 5391 3399 5458 φθορὰν
3448 5385 3522 5455 τῇ
3561 5386 3711 5439 ἀπο-

2145 5487 2382 5556 χρήσει,
2417 5484 2569 5538 κατὰ
2596 5484 2668 5537 τὰ
2693 5481 3032 5550 ἐντάλματα
3055 5478 3153 5531 καὶ
3176 5475 3572 5537 διδασκαλίας
3593 5471 3713 5528 τῶν

2143 5574 2488 5640 ἀνθρώπων.

2207 5731 2235 5770 b
2262 5728 2448 5779 Danao
2469 5725 2733 5788 legendum
2759 5722 2954 5773 videtur
2975 5723 3061 5770 οὐκ
3083 5720 3382 5783 ἀνθρωπίνης.
