4120 6400
452 301 565 358 τις

525 416 590 484 β’.
620 415 733 467 Οὐκ
768 412 887 464 ἐστὲ
916 412 972 463 ἐν
997 409 1071 479 τῷ
1095 412 1302 481 κόσμῳ,
1322 413 1473 480 φησί’
1501 414 1592 466 καὶ
1617 416 1732 479 πῶς
1749 418 1861 479 τοῖς
1882 433 2027 468 στοι-

450 513 618 580 χείοις
654 504 979 569 ὑπόκεισθες
1030 504 1143 567 πῶς
1175 508 1292 568 ταῖς
1326 506 1419 558 τοῦ
1456 507 1659 577 κόσμου
1703 510 2029 578 παρατηρή-

451 618 603 667 cem;
632 601 738 653 Καὶ
780 599 882 670 ὅρα
924 598 1040 660 πῶς
1072 598 1269 660 αὐτοὺς
1303 599 1576 669 κωμῳδεῖ,
1614 599 1705 669 Μὴ
1745 600 1922 671 θίγῃς,
1955 601 2029 671 μὴ

448 693 583 764 ἅψῃ·
640 692 713 763 μὴ
767 690 971 763 γεύσῃ,
1011 691 1085 755 ὼς
1131 691 1381 761 μεγάλων
1434 693 1591 744 τινῶν
1635 694 2027 763 ἀπεχομένους.

448 785 517 838 Ἀ
563 787 693 837 ἐστι
718 784 917 835 πάντα
944 784 1030 848 είς
1051 784 1281 851 φθορὰν
1302 783 1375 850 τῇ
1406 785 1765 853 ἀποχρήσει.
1798 785 2030 837 Καθεῖλε

448 878 556 929 τῶν
594 875 806 929 πολλῶν
843 874 941 944 τὴν
974 876 1263 942 φυσίωσιν,
1304 877 1397 927 καὶ
1435 877 1680 945 ἐπήγαγε
1703 894 1717 908 ο
1762 876 1922 930 Κατὰ
1957 876 2031 929 τὰ

448 967 794 1036 ἐντάλματα
828 967 926 1019 καὶ
980 967 1377 1033 διδασκαλίας
1420 966 1540 1019 τῶν
1578 966 1924 1036 ἀνθρώπων.
1962 967 2029 1019 Τί

450 1061 665 1129 λέγεις;
694 1061 798 1113 κᾶν
818 1060 910 1111 τὸν
935 1060 1097 1128 νόμον
1121 1059 1303 1128 εἴπῃς,
1328 1059 1513 1112 λοιπὸν
1531 1060 1851 1115 διδασκαλία
1881 1062 2028 1114 ἐστὶν

450 1156 736 1227 ἀνθρώπου
770 1156 906 1224 μετὰ
950 1154 1041 1208 τὸν
1077 1155 1287 1222 καιρόν.
1324 1156 1394 1207 Ἢ
1428 1156 1510 1207 ὅτι
1552 1155 1881 1225 παρεποίουν
1925 1155 2025 1207 αύ-

450 1250 543 1302 τὸν
595 1248 767 1312 οὕτως
816 1244 989 1310 εἶπεν,
1046 1247 1079 1316 ἢ
1130 1247 1198 1298 τὰ
1232 1246 1340 1298 τῶν
1386 1247 1656 1318 Ἑλλήνων
1708 1248 2023 1301 αἰνίττεται.

453 1339 614 1391 ὐλον
651 1336 989 1407 ἀνθρώπινον
1018 1336 1077 1388 τὸ
1098 1336 1275 1406 δόγμα
1305 1337 1443 1400 ἐστὶ,
1466 1338 1649 1408 φησίν.
1670 1338 1877 1393 "Auni
1898 1339 2029 1392 ἐστι

452 1434 640 1501 λόγον
662 1430 779 1499 μὲν
811 1431 1033 1499 ἔχοντα
1066 1431 1290 1497 σοφίας
1324 1430 1395 1483 ἐν
1430 1431 1899 1499 ἐθελοθρησκείςι
1932 1431 2030 1485 καὶ

454 1523 979 1591 ταπεινοφροσύνῃ
1022 1522 1119 1575 καί
1177 1521 1418 1590 ἀφειδίᾳ
1470 1522 1763 1591 σώματος,
1798 1526 1911 1575 οὐκ
1962 1523 2031 1576 ἐν

454 1613 594 1683 τιμῇ
648 1631 767 1667 τινι
828 1612 979 1679 πρὸς
1023 1612 1393 1681 πλησμονὴν
1438 1611 1549 1679 τῆς
1598 1611 1746 1684 [575]
1778 1615 2026 1681 σαρκός.

457 1708 673 1778 Λόγον,
705 1706 891 1778 φησὶν,
921 1708 980 1758 οὐ
1007 1706 1235 1777 δύναμιν
1259 1723 1272 1736 ⁸
1295 1705 1405 1775 ἀρα
1439 1706 1539 1758 οῦκ
1574 1705 1851 1777 ἀλήθειαν.
1869 1708 2029 1760 Ὥστε

458 1800 563 1854 κᾶν
598 1799 754 1868 λόγον
800 1797 898 1869 ἔχῃ
944 1799 1153 1866 σοφίας,
1190 1798 1686 1869 ἀποστρεφὼμεθα.
1737 1802 1894 1853 Δοκεῖ
1922 1800 2031 1872 γὰρ

460 1892 694 1963 εὐλαϐής
718 1908 801 1954 τις
825 1888 964 1945 εἶναι
987 1892 1078 1945 καὶ
1107 1891 1330 1962 μέτριος
1347 1892 1443 1945 καὶ
1464 1891 1557 1945 τοῦ
1588 1892 1836 1962 σώματος
1865 1912 2032 1947 κατα-

461 1988 679 2055 φρονεῖν
707 2001 719 2013 ·
752 1984 851 2037 οὐκ
879 1983 993 2036 ἐστι
1025 1984 1102 2039 δέ.
1138 1987 1260 2038 Οὐκ
1281 1985 1351 2038 ἐν
1386 1983 1525 2054 τιμῇ
1548 2002 1665 2039 τινι
1700 1985 1849 2054 πρὸς
1874 1989 2031 2053 πλη-

459 2075 702 2143 σμονὴν
739 2076 850 2145 τῆς
892 2077 1143 2145 σαρκός.
1190 2076 1248 2129 '0
1280 2076 1410 2140 Θεὸς
1460 2077 1569 2147 γὰρ
1607 2077 1771 2147 τιμὴν
1807 2077 2031 2139 ἔδωκεν,

333 2233 340 2245 _
414 2178 417 2185 ‘
460 2169 614 2220 αὐτοὶ
640 2168 697 2221 δὲ
723 2168 822 2220 ούκ
852 2169 909 2221 ἐν
938 2171 1069 2238 τιμῇ
1106 2169 1422 2239 κέχρηνται.
1460 2168 1667 2233 Οὖτως,
1702 2170 1832 2222 ὅταν
1857 2170 2034 2238 δόγμα

460 2256 520 2330 ᾖ,
546 2256 688 2311 οἶδεν
713 2261 845 2313 αὐτὸ
876 2263 1043 2331 τιμὴν
1075 2261 1279 2316 καλεῖν.
1320 2260 1670 2330 ’Λτιμὰζουσι
1702 2260 1800 2329 τὴν
1831 2260 2029 2331 σάρκα,

462 2354 647 2420 φησὶν,
671 2354 1104 2422 ἀποστεροῦντες
1132 2354 1321 2423 αὐτὴν,
1359 2355 1452 2406 καὶ
1480 2354 1577 2422 τὴν
1613 2351 1859 2416 ἐξουσίαν
1877 2353 2035 2420 ἀφαι-

463 2446 739 2519 ρούμενοι,
791 2448 887 2517 οὐχ
954 2448 1168 2510 ἑκόντος
1240 2449 1463 2518 κρατεῖν
1517 2445 1955 2515 συγχωροῦντες·
2008 2449 2036 2498 6

460 2540 593 2600 Θεὸς
628 2540 727 2608 τὴν
759 2539 939 2608 σάρκα
967 2538 1245 2607 ἐτίμησεν.
1274 2540 1343 2590 El
1372 2532 1487 2591 οὖν
1515 2536 1929 2605 συνηγέρθητε
1957 2534 2037 2601 τῷ

466 2628 710 2699 Χριστῷ.
756 2631 988 2698 Συνάγει
1026 2632 1221 2694 αὐτοὺς
1259 2630 1443 2683 λοιπὸν
1481 2631 1593 2684 ἄνω
1621 2631 2037 2692 κατασκευάσας

461 2721 544 2774 δτι
573 2721 830 2775 ἀπέθανε.
874 2722 971 2773 Διὰ
999 2722 1151 2774 τοῦτό
1186 2738 1375 2793 φησιν,
1398 2722 1466 2774 El
1491 2716 1606 2776 οὖν
1630 2719 2038 2789 συνηγέρθητε

464 2812 543 2879 τῷ
568 2814 824 2882 Χριστῷ,
856 2814 928 2866 τὰ
971 2814 1093 2867 ἅνω
1142 2814 1381 2880 ζητεῖτε.
1416 2816 1531 2867 Οὐκ
1553 2814 1699 2868 ἐστιν
1725 2816 1843 2867 ἐκεῖ
1862 2831 2037 2882 παρα-

463 2908 713 2976 τήρησις.
753 2907 830 2959 Τὰ
878 2906 1000 2959 ἅνω
1028 2903 1272 2972 ζητεῖτε,
1295 2902 1367 2961 οὗ
1401 2910 1433 2959 ό
1476 2908 1731 2974 Χριστός
1756 2907 1927 2959 ἐστιν
1971 2908 2041 2961 ἐν

463 2997 638 3064 δεξιᾷ
673 2998 780 3051 τοῦ
830 2997 979 3051 Θεοῦ
1009 2999 1365 3067 καθήμενος.
1415 2998 1587 3051 Βαϐαί
1612 2999 1630 3050 .¹
1656 2996 1757 3050 ποῦ
1791 2999 1883 3050 τὸν
1915 2999 2039 3052 νοῦν

467 3092 712 3160 ἀνήγαγε
770 3090 861 3142 τὸν
912 3089 1208 3160 ἡμέτερον;
1264 3091 1380 3153 πῶς
1433 3092 1783 3162 φρονήματος
1844 3092 2041 3156 αὐτοὺς

468 3182 759 3253 ἐπλήρωσε
794 3182 1060 3252 μεγάλου;
1094 3185 1207 3236 Οὐκ
1236 3185 1395 3255 ἤρκει
1422 3185 1490 3236 τὰ
1525 3185 1636 3237 ἄνω
1665 3185 1861 3249 εἰπεῖν,
1893 3184 2039 3248 οὐδὲ,

466 3269 528 3329 οὗ
559 3276 587 3327 ὀ
620 3274 857 3345 Χριστός
900 3276 1069 3342 ἐστιν,
1127 3277 1263 3331 ἀλλὰ
1301 3276 1678 3348 προστίθησιν,
1724 3279 1826 3332 Ἐν
1872 3276 2044 3345 δεξιᾷ

467 3366 578 3422 τοῦ
619 3368 766 3422 Θεοῦ
796 3370 1153 3436 καθήμενος.
1197 3370 1436 3423 Ἐκεῖθεν
1476 3370 1664 3423 λοιπὸν
1700 3372 1761 3423 οῦ
1800 3372 1897 3441 τὴν
1938 3372 2045 3440 γῆν

466 3465 601 3533 «κρᾷν
650 3465 1049 3534 παρεσκεύαζε.
1093 3467 1167 3520 Τὰ
1203 3466 1326 3520 ἅνω
1371 3467 1663 3535 φρονεῖτε,
1694 3467 1780 3537 μὴ
1830 3468 1904 3521 τὰ
1945 3468 2048 3521 ἐπὶ

470 3555 580 3623 τῆς
601 3556 733 3625 γῆς.
771 3558 1125 3611 Ἀπεθὰνετε
1150 3560 1281 3627 γὰρ,
1313 3562 1411 3614 καὶ
1439 3562 1477 3627 ἡ
1509 3560 1620 3627 ζωὴ
1644 3561 1813 3628 ὑμῶν
1838 3563 2048 3630 κέκρυ·

472 3666 613 3702 πται
642 3649 765 3703 σὺν
792 3647 872 3714 τῷ
900 3652 1132 3718 Χριστῷ
1150 3653 1220 3706 ἐν
1244 3651 1324 3717 τῷ
1355 3652 1495 3717 Θεῷ.
1527 3652 1710 3707 Ὅταν
1733 3655 1769 3708 ὁ
1792 3654 2050 3721 Χριστὸς

473 3742 809 3810 φανερωθῇ,
844 3744 882 3810 ἡ
905 3742 1023 3810 ζωὴ
1048 3744 1234 3813 ὑμῶν,
1263 3746 1396 3798 τότε
1418 3744 1515 3798 καὶ
1547 3744 1719 3813 ὑμεῖς
1750 3746 1872 3799 σὺν
1890 3745 2051 3812 αὐτῷ

473 3833 973 3902 φανερωθήσεσθε
1010 3836 1079 3887 ἐν
1112 3835 1284 3903 δόξῃ.
1318 3837 1431 3888 Οὐκ
1474 3836 1622 3889 ἐστιν
1668 3835 1828 3907 αὕτη,
1862 3839 2048 3906 φησιν,

475 3928 510 3995 ἡ
541 3927 654 3996 ζωὴ
691 3924 845 3995 ὑμῶν
871 3942 885 3957 ο
920 3929 952 3997 ή
992 3926 1237 3995 ὑμετέρα
1266 3927 1378 3997 ζωὴ
1404 3926 1565 3996 ἑτέρα
1598 3927 1684 3989 τίς
1710 3928 1879 3983 ἐστιν.
1910 3929 2049 3999 Ἤδη

478 4016 724 4086 βιάζεται
775 4021 1113 4087 μεταστῆσαι
1160 4020 1381 4081 αὐτοὺς,
1426 4020 1520 4071 καὶ
1556 4018 1852 4087 φιλονεικεῖ
1881 4020 2054 4086 δεῖξαι

477 4107 821 4177 καθημένους
865 4108 996 4171 ἄνω,
1047 4110 1142 4161 καὶ
1171 4112 1399 4180 νεκροὺς
1439 4113 1620 4176 ὄντας,
1678 4114 1736 4180 ἐξ
1776 4115 2054 4185 ἑκατέρων

479 4199 904 4263 κατασκευάζων
930 4199 1004 4269 μὴ
1027 4200 1207 4269 ζητεῖν
1241 4202 1307 4253 τά
1339 4203 1593 4257 ἐνταῦθα.
1624 4205 1748 4257 Εἴτε
1804 4204 1913 4275 γὰρ
1966 4222 2054 4257 νε-

479 4292 602 4361 κροί
628 4292 771 4352 ἐστε,
801 4291 899 4343 οὐκ
930 4292 1175 4359 ὀφείλετε
1205 4291 1386 4363 ζητεῖν
1406 4312 1418 4323 ο
1460 4296 1572 4349 εἴτε
1618 4298 1731 4351 ἄνω
1777 4298 1922 4363 ἐστὲ,
1957 4299 2057 4351 οὐκ

480 4386 725 4455 ὀφείλετε
778 4384 980 4456 ζητεῖν.
1021 4388 1111 4455 Μὴ
1164 4388 1413 4456 φαίνεται
1463 4391 1491 4442 ὀ
1536 4392 1808 4461 Χριστός;
1859 4391 2054 4445 οὐκοῦν

482 4478 603 4530 ούδέ
638 4479 671 4547 ἡ
698 4478 811 4547 ζωὴ
849 4479 1020 4548 ὑμῶν.
1066 4480 1156 4531 Ἐν
1187 4480 1262 4550 τῷ
1297 4481 1415 4550 Θεῷ
1459 4482 1572 4535 ἄνω
1616 4484 1751 4536 ἐστί.
1801 4484 1866 4535 Τί
1926 4481 2054 4549 οῦνς

484 4570 618 4620 πότε
644 4569 921 4639 ζησόμεθα
950 4587 963 4635 ;
998 4571 1167 4623 ’Όταν
1200 4573 1228 4623 ὀ
1255 4571 1491 4641 Χριστὸς
1524 4573 1836 4645 φανερωθῇ,
1868 4576 1899 4643 ἡ
1942 4575 2054 4646 ζωὴ

485 4661 664 4730 ὑμῶν,
692 4661 811 4713 τότε
855 4663 954 4731 τὴν
993 4662 1151 4727 δόξαν
1186 4664 1422 4732 ζητεῖτε,
1458 4666 1579 4717 τότε
1611 4665 1708 4735 τὴν
1734 4666 1899 4735 ζωὴν,
1936 4667 2059 4719 τότε

485 4755 584 4822 τὴν
639 4754 872 4825 τρυφήν.
927 4753 1110 4808 Ταῦτα
1169 4758 1761 4827 προκατασκευαστικά
1809 4758 1903 4810 τοῦ
1963 4760 2060 4828 τῆς

485 4846 697 4915 τρυφῆς
720 4848 915 4911 αὐτοὺς
939 4849 1244 4918 ἀπαγαγεῖν
1277 4852 1372 4903 καὶ
1403 4852 1501 4919 τῆς
1526 4852 1783 4914 ἀνέσεως.
1809 4851 2060 4904 Τοιοῦτον

488 4938 607 5000 ἔθος
642 4938 788 5009 αὐτῷ
833 4940 965 4993 ἄλλα
1010 4944 1470 5006 κατασκευάζοντι
1512 4945 1592 5006 εἰς
1634 4944 1771 4997 ἄλλα
1810 4961 2063 5014 μεταπη-

488 5032 584 5101 δᾷν
611 5047 625 5061 °
650 5026 781 5099 οἷον,
809 5031 998 5104 ῶσπερ
1030 5038 1159 5106 περὶ
1195 5037 1305 5089 τῶν
1348 5037 1839 5107 προλαμϐανόντων
1882 5040 1961 5101 εἰς
1995 5038 2063 5091 τὰ

489 5122 681 5174 δεῖπνα
718 5122 1121 5194 διαλεγόμενος,
1166 5128 1424 5180 ἐνέπεσεν
1469 5128 1665 5198 ἁθρόον
1711 5130 1789 5191 εἰς
1819 5129 1917 5188 τὴν
1955 5129 2063 5183 τῶν

496 5214 809 5283 μυστηρίων
844 5219 1247 5287 παρατήρησιν.
1301 5218 1460 5285 Μέγα
1501 5217 1609 5285 γὰρ
1651 5218 1764 5288 ἔχει
1797 5218 2018 5290 ἔλεγχος
2046 5264 2060 5287 ,

493 5294 621 5359 ὅταν
672 5309 996 5371 ἀνυπόπτως
1039 5311 1284 5380 γένηται.
1342 5310 1701 5377 Κέκρυπται,
1752 5313 1938 5379 φησὶν,
1969 5314 2061 5382 ἀφ’

497 5403 671 5473 ὑμῶν.
712 5405 848 5457 Τότε
887 5406 983 5457 καὶ
1016 5404 1183 5474 ὑμεῖς
1212 5405 1333 5457 σὺν
1356 5404 1515 5468 αὐτῷ
1540 5407 2060 5473 φανερωθήσεσθε.

499 5494 660 5549 Ὥστε
694 5494 787 5548 νῦν
817 5497 877 5549 οὐ
912 5497 1187 5566 φαίνεσθε.
1222 5500 1364 5568 Ὅρα
1400 5500 1517 5562 πῶς
1558 5502 1755 5563 αὐτοὺς
1798 5502 1876 5563 είς
1904 5502 2067 5555 αὐτὸν

498 5586 591 5639 τὸν
616 5588 845 5656 οὐρανὸν
876 5592 1224 5661 μετέστησεν.
1258 5594 1434 5662 Ὅπερ
1469 5594 1574 5661 γὰρ
1605 5593 1762 5662 ἔφην,
1790 5593 1878 5645 ἀεὶ
1912 5594 2066 5661 φιλο-

500 5680 671 5731 νεικεῖ
692 5680 859 5748 δεῖξαι
892 5682 961 5736 τὰ
1004 5683 1141 5737 αὐτὰ
1178 5683 1395 5753 ἔχοντας
1436 5686 1578 5753 ἅπερ
1618 5686 1765 5737 καὶὸ
1802 5687 2063 5756 Χριστός’

1168 298 1223 351 S.
1264 299 1549 355 JOANNIS
1588 298 2080 356 CHRYSOSTOMI
2116 305 2442 366 ARCHIEP.
2478 309 3028 367 CONSTANTINOP.

3596 307 3701 364 346

2136 422 2228 472 καὶ
2264 422 2350 475 διὰ
2384 424 2575 477 πασῶν
2623 425 2786 479 αὐτοῦ
2817 426 2924 478 τῶν
2956 418 3252 475 ἐπιστολῶν
3300 412 3452 482 οὗτος
3486 419 3514 470 6
3547 418 3707 487 λόγος

2132 511 2190 562 ὲν
2228 515 2360 566 πᾶσι
2400 517 2789 579 κοινωνοῦντας
2833 515 2984 585 αὑτῷ
3028 513 3221 579 δεῖξαι.
3273 511 3371 562 Διά
3421 510 3577 563 τοῦτο
3610 515 3705 565 καὶ

2133 606 2394 676 κεφαλήν,
2432 610 2703 679 καὶσῶμα
2721 611 2891 678 λέγει,
2919 609 3012 662 καὶ
3038 608 3217 661 πάντα
3247 606 3413 667 ποιεῖ,
3439 604 3525 656 ἵνα
3548 605 3708 658 τοῦτο

2134 700 2481 771 παραστήσῃ.
2517 701 2579 752 Εἰ
2606 701 2787 753 τοίνυν
2812 699 2936 751 τότε
2978 694 3384 767 φανερούμεθα,
3417 693 3492 764 μὴ
3524 693 3703 761 ἀλγῶν

2134 804 2254 857 μεν,
2279 789 2405 842 ὅταν
2436 791 2601 861 τιμῆς
2646 792 2719 862 μὴ
2766 788 3160 859 ἀπολαύωμεν·
3196 788 3245 839 εἰ
3282 787 3356 856 μή
3389 788 3536 838 ἐστιν
3565 784 3704 855 αὕτη

2132 881 2165 949 ἡ
2202 878 2316 950 ζωὴ
2349 881 2484 953 ζωὴ,
2517 883 2656 936 ἀλλὰ
2681 884 3015 954 κέκρυπται,
3038 881 3114 943 ὡς
3144 879 3332 949 νεκροὶ
3364 877 3465 947 ζῇν
3498 875 3709 945 ὀφείλο-

2136 990 2235 1043 μεν
2267 973 2473 1045 ταύτην
2506 976 2609 1046 τὴν
2643 976 2809 1046 ζωήν.
2848 976 2983 1029 Τότε
3027 972 3126 1025 καὶ
3174 969 3366 1038 ὑμεῖς,
3402 968 3557 1038 φησὶ,
3587 967 3709 1021 σὺν

2131 1064 2291 1130 αὐτῷ
2309 1067 2809 1135 φανερωθήσεσθε
2825 1066 2894 1119 ἐν
2916 1065 3088 1131 δόξῃ.
3108 1093 3177 1101 -
3209 1063 3305 1115 Ἐν
3328 1058 3505 1125 δόξῃ,
3531 1054 3705 1122 εἶπεν,

2131 1157 2229 1226 οὐχ
2267 1157 2455 1220 ἁπλῶς
2476 1175 2491 1189 ο
2530 1160 2652 1213 ἐπεὶ
2682 1159 2777 1212 καὶ
2802 1161 2831 1211 6
2863 1154 3209 1228 μαργαρίτης
3240 1151 3568 1221 κέκρυπται,
3598 1148 3705 1210 ἕως

2132 1244 2265 1322 δινῇ
2315 1251 2373 1302 ἐν
2427 1249 2503 1318 τῷ
2549 1250 2777 1321 ὀστρέῳ.
2814 1251 2914 1303 "Av
2966 1266 3025 1302 τε
3066 1243 3159 1299 οῦν
3218 1241 3588 1314 ὑδριζώμεθα,
3629 1238 3706 1309 μὴ

2131 1341 2412 1411 ἀλγῶμεν,
2443 1343 2508 1396 ἄν
2536 1359 2596 1393 τε
2618 1341 2798 1395 ὁτιοῦν
2819 1341 3139 1410 πάσχωμεν·
3165 1334 3320 1409 [574]
3340 1335 3399 1387 ού
3419 1334 3528 1403 γάρ
3556 1334 3705 1384 ἐστιν

2130 1434 2289 1505 ἡμῶν
2329 1435 2443 1506 ζωὴ
2477 1434 2620 1505 ὰῦτη
2647 1436 2681 1505 ἡ
2712 1436 2823 1504 ζωή
2857 1450 2869 1464 ⁸
2910 1434 3050 1498 ξένοι
3086 1430 3194 1501 γὰρ
3215 1429 3311 1482 καὶ
3334 1423 3707 1497 παρεπίδημοί

2133 1529 2325 1596 ἐσμεν.
2361 1526 2705 1581 Ἀπεθάνετε
2722 1525 2854 1595 γὰρ,
2874 1524 3024 1595 φησί.
3047 1524 3143 1586 Τίς
3166 1523 3313 1573 ἐστιν
3339 1518 3510 1580 οὕτως
3543 1514 3707 1585 ἀνόη-

2133 1635 2247 1683 τος,
2283 1617 2359 1681 ὡς
2391 1618 2469 1689 τῷ
2528 1616 2709 1688 νεκρῷ
2757 1617 2975 1682 σώματι
3024 1614 3103 1684 τῷ
3154 1611 3377 1680 ταφέντι
3423 1609 3457 1679 ἢ
3491 1607 3707 1667 οἰκέτας

2133 1708 2447 1780 ἀγοράζειν,
2473 1710 2507 1781 ἢ
2534 1710 2711 1774 οἰκίας
2732 1710 3059 1777 οἰκοδομεῖν,
3083 1706 3116 1775 ἢ
3149 1706 3340 1776 ἱμάτια
3374 1696 3708 1754 κατασκευάι

2134 1804 2248 1869 ζειν
2282 1803 2545 1874 πολυτελῆ
2571 1820 2587 1869 ;
2620 1802 2828 1865 Οὐδείς,
2860 1802 2952 1872 Μὴ
2976 1800 3158 1852 τοίνυν
3193 1796 3327 1867 μηδὲ
3351 1795 3515 1865 ἡμεῖς
3541 1808 3557 1823 ο
3587 1789 3703 1843 ἀλλ’

2134 1896 2321 1969 ὥσπερ
2356 1896 2414 1949 ἒν
2454 1897 2613 1967 μόνον
2652 1894 2943 1965 ζητοῦμεν,
2993 1892 3134 1944 ὥστε
3185 1890 3262 1961 μὴ
3297 1883 3705 1957 γεγυμνῶσθαι,

2134 1989 2276 2043 οὓτω
2306 1991 2399 2043 καὶ
2439 1988 2675 2042 ἐνταῦθα
2702 1989 2760 2041 ἓν
2797 1986 2957 2057 μόνον
2997 1982 3271 2055 ζητῶμεν.
3316 1980 3518 2048 Ἐτάφη
3552 1975 3708 2046 ήμῶν

2135 2084 2163 2135 ὀ
2192 2083 2404 2152 πρῶτος
2438 2080 2726 2152 ἄνθρωπος
2750 2097 2764 2110 ·
2797 2080 2970 2148 ἐτάφη
2994 2076 3094 2128 οὐκ
3119 2076 3175 2127 ἐν
3190 2075 3281 2144 γῇ,
3308 2069 3422 2125 ἀλλ’
3455 2071 3514 2123 ἐν
3531 2067 3705 2130 ὕδατι,

2136 2176 2196 2227 οὐ
2244 2174 2340 2227 τοῦ
2372 2172 2604 2226 θανάτου
2656 2172 2819 2225 αὐτὸν
2875 2166 3258 2229 καταλύοντος,
3296 2160 3434 2216 ἀλλά
3483 2158 3578 2212 τοῦ
3617 2156 3709 2210 τὸν

2137 2267 2367 2320 θάνατον
2419 2264 2825 2325 καταλύσαντος
2874 2260 3146 2328 θάψαντος
3189 2254 3353 2309 αὑτὸν
3398 2252 3459 2305 ού
3495 2250 3709 2319 φύσεως

2136 2360 2305 2428 νόμῳ,
2330 2356 2466 2409 ἀλλά
2500 2356 2577 2425 τῷ
2592 2357 2693 2426 τῆς
2722 2355 2939 2425 φύσεως
2968 2349 3300 2422 ἰσχυροτέρῳ
3327 2341 3709 2416 προστάγματι

2139 2451 2237 2519 τῆς
2269 2448 2607 2510 δεσποτείας.
2639 2448 2719 2501 Τὰ
2765 2446 2863 2515 μὲν
2904 2445 3011 2515 γὰρ
3050 2441 3152 2496 ὑπὸ
3196 2437 3407 2508 φύσεως
3446 2432 3710 2502 γενόμενα

2139 2542 2243 2596 κᾶν
2274 2540 2560 2595 ἁναλύσειέ
2598 2557 2704 2603 τις,
2739 2538 2805 2591 τὰ
2832 2538 2889 2590 δέ
2914 2536 3019 2589 ὑπὸ
3044 2533 3137 2587 τοῦ
3162 2530 3581 2603 προστάγματος
3612 2522 3710 2576 αὺ-

2139 2633 2255 2700 τοῦ,
2288 2633 2496 2687 ούκέτι.
2530 2632 2695 2685 Οὐδὲν
2723 2630 2927 2699 ταύτης
2958 2624 3368 2697 μακαριώτερον
3392 2620 3491 2689 τῆς
3511 2616 3709 2685 ταφῆς.

2142 2720 2296 2799 ἐφ’ᾖ
2346 2726 2548 2787 πάντες
2583 2722 2853 2794 χαίρουσι,
2909 2718 3001 2772 καί
3026 2716 3245 2785 ἄγγελοι
3298 2713 3392 2767 καὶ
3437 2710 3711 2780 ἄνθρωποι

2141 2819 2234 2871 καὶ
2254 2821 2281 2870 ὀ
2295 2818 2402 2870 τῶν
2428 2816 2675 2885 ἀγγέλων
2692 2814 2965 2885 Δεσπότης
2986 2827 2999 2842 ·
3031 2808 3204 2882 ταύτῃ
3219 2810 3284 2879 τῇ
3305 2806 3448 2876 ταφῇ
3466 2803 3564 2873 οὐχ
3587 2802 3715 2869 ίμα-

2140 2910 2292 2975 τίων,
2327 2910 2386 2962 οὺ
2418 2909 2708 2981 λάρνακος,
2746 2907 2845 2961 οὐκ
2887 2907 3047 2960 ἄλλου
3078 2904 3185 2957 τῶν
3214 2899 3474 2954 τοιούτων
3505 2894 3717 2954 οὐδενὸς

2142 3000 2322 3075 χρεία.
2353 3001 2539 3054 Βούλει
2567 3000 2630 3053 τὸ
2657 2999 2922 3069 σύμδολον
2954 2996 3117 3062 ἰδεῖν;
3149 2993 3316 3057 Δείξω
3341 3007 3422 3042 σοι
3450 2984 3720 3055 κολυμϐή-

2147 3097 2307 3167 θραν,
2336 3096 2394 3146 ἐν
2486 3094 2514 3145 ὀ
2548 3092 2646 3162 μὲν
2677 3091 2872 3159 ἐτάφη,
2892 3092 2919 3142 6
2947 3089 3001 3140 δέ
3030 3086 3227 3155 ἀνέστη
3248 3101 3263 3116 ·
3299 3085 3355 3135 ἐν
3382 3083 3449 3151 τῇ
3481 3076 3720 3149 Ἐρυθρᾷ

2147 3187 2391 3258 θαλάσσῃ
2446 3183 2952 3251 κατεποντίσθησαν
3015 3177 3333 3246 Αἰγύπτιοι,
3385 3171 3613 3243 ἀνῆλθον
3660 3169 3718 3221 δὲ

2159 3280 2489 3351 Ἰσραηλῖται
2518 3294 2531 3307 ·
2570 3277 2665 3330 καὶ
2691 3275 2751 3327 τὸ
2782 3274 2915 3326 αὐτὸ
2960 3273 3192 3344 πρᾶγμα
3222 3268 3313 3321 τὸν
3346 3267 3443 3338 μὲν
3486 3265 3718 3325 θάπτει,

2145 3372 2236 3425 τὸν
2265 3371 2320 3423 δὲ
2349 3371 2536 3440 γεννᾷ.

2215 3467 2290 3529 γ’.
2321 3461 2411 3530 Μὴ
2443 3457 2749 3529 θαυμάσῃς,
2780 3456 2829 3508 εἰ
2857 3454 3069 3520 γένεσις
3106 3453 3199 3505 καί
3234 3448 3408 3521 φθορά
3429 3448 3635 3517 γίνεται
3664 3445 3723 3499 ἐν

2146 3552 2224 3620 τῷ
2250 3550 2605 3621 βαπτίσματι·
2642 3549 2783 3611 ἐπεὶ,
2810 3546 2931 3599 εἰπέ
2970 3561 3081 3615 μοι,
3113 3544 3173 3597 τὸ
3203 3542 3350 3595 λύειν
3386 3540 3463 3610 τῷ
3496 3537 3721 3608 συγκολ-

2148 3644 2245 3714 λᾷν
2271 3644 2371 3696 οὐκ
2403 3640 2681 3705 ἐναντίον;
2715 3638 2887 3691 Παντί
2917 3655 3019 3689 που
3062 3635 3239 3705 δῆλον.
3285 3632 3459 3686 Τοῦτο
3503 3632 3565 3684 τὸ
3611 3628 3721 3699 πῦρ

2150 3738 2327 3790 ποιεῖ’
2370 3734 2537 3805 κηρὸν
2574 3734 2670 3804 μὲν
2699 3732 2808 3802 γὰρ
2835 3731 3039 3783 διαλύει
3078 3728 3172 3781 καὶ
3213 3725 3497 3787 ἀπόλλυσι,
3525 3723 3629 3792 γῆν
3666 3721 3725 3774 δὲ

2155 3827 2481 3897 μεταλλικὴν
2527 3823 2798 3894 συγκολλᾷ
2844 3824 2937 3876 καλ⁸
2982 3821 3182 3892 χρυσὸν
3215 3817 3527 3889 ἐργάζεται.
3568 3813 3725 3867 υῦτω

2150 3920 2215 3992 δὴ
2249 3922 2344 3975 καὶ
2387 3918 2642 3981 ἐνταῦθα,
2682 3916 2772 3970 τὸν
2822 3917 3045 3985 κήρινον
3083 3914 3375 3982 ἀνδριάντα
3413 3908 3727 3979 ἀφανίσασα

2154 4016 2188 4084 ὴ
2227 4014 2321 4066 τοῦ
2353 4013 2522 4083 πυρὸς
2564 4010 2814 4080 δύναμις,
2848 4006 3019 4071 ἔδειξε
3046 4004 3282 4077 χρυσοῦν
3329 4003 3443 4057 ἀντ’
3479 4002 3722 4055 ἐκείνου·

2156 4107 2367 4178 πήλινοι
2397 4108 2506 4176 γὰρ
2530 4105 2699 4167 ὅντως
2732 4098 2875 4173 ἦμεν
2901 4099 3008 4171 πρὸ
3034 4098 3129 4151 τοῦ
3156 4095 3408 4168 λουτροῦ,
3442 4095 3638 4166 χρυσοῖ
3670 4091 3726 4145 δὲ

2159 4199 2297 4271 μετά
2321 4198 2500 4250 τοῦτο.
2533 4197 2704 4247 Πόθεν
2734 4194 2928 4264 δῆλσνς
2964 4192 3230 4243 Ἀκουσον
3259 4186 3424 4241 αὐτοῦ
3447 4187 3725 4254 λέγοντος’

2167 4292 2233 4344 '0
2261 4288 2490 4359 πρῶτος
2513 4287 2825 4355 ἄνθρωπος
2864 4285 2932 4337 ἐκ
2976 4281 3090 4352 γῆς
3130 4279 3356 4349 χοϊκός,
3392 4282 3423 4333 ό
3453 4278 3729 4343 δεύτερος

2159 4383 2467 4449 ἅνθρωπος
2510 4377 2789 4445 οὐράνιος
2830 4376 2897 4439 ἐξ
2943 4372 3226 4441 οὐρανοῦ.
3289 4369 3429 4438 Ἐγὼ
3478 4369 3575 4439 μὲν
3607 4370 3729 4421 ὅσον

2160 4471 2383 4542 πηλίνου
2415 4469 2551 4539 πρὸς
2583 4468 2787 4539 χρυσὸν
2810 4465 2870 4518 τὸ
2904 4464 3067 4534 μέσον
3100 4458 3277 4526 εἷπον,
3320 4456 3479 4531 εὗρον
3517 4459 3573 4513 δὲ
3612 4459 3731 4529 μεί-

2160 4564 2290 4628 ζονα
2316 4561 2579 4630 διαφορὰν
2610 4557 2859 4629 οὐρανίου
2886 4558 2981 4612 καὶ
3001 4557 3192 4627 γηῖνου
3211 4573 3224 4587 ·
3254 4557 3314 4609 οῦ
3341 4552 3594 4608 τοσοῦτον
3624 4551 3681 4603 δέ
3702 4562 3729 4590 ει

2162 4655 2384 4726 πηλίνου
2412 4660 2504 4706 καὶ
2553 4651 2755 4724 χρυσοῦ
2788 4651 2848 4704 τὸ
2878 4648 3064 4721 μέσον,
3105 4649 3228 4701 ὅσον
3268 4648 3376 4702 τῶν
3410 4646 3613 4716 γηίνων
3638 4643 3733 4695 καὶ

2160 4749 2269 4802 τῶν
2295 4745 2584 4815 οὐρανίων.
2617 4745 2847 4815 Κήρινοι
2887 4737 3052 4811 ἦμεν,
3102 4742 3197 4793 καὶ
3228 4739 3469 4811 πήλινοι’
3501 4736 3596 4790 καὶ
3624 4736 3733 4805 γὰρ

2162 4847 2196 4916 ὴ
2222 4846 2320 4914 τῆς
2360 4839 2653 4907 ἐπιθυμίας
2702 4839 2846 4908 ἡμᾶς
2878 4834 3033 4906 ἕτηξε
3087 4834 3220 4904 φλὸξ
3260 4833 3436 4903 πολλῷ
3474 4831 3671 4902 μᾶλλον
3695 4830 3731 4901 ἢ

2162 4939 2251 4991 τὸν
2282 4933 2451 5005 κηρὸν
2478 4933 2539 4984 τὸ
2576 4931 2716 5000 πῦρ’
2747 4931 2841 4982 καὶ
2878 4932 2906 4983 6
2929 4928 3106 5000 τυχὼν
3138 4928 3285 4999 ἡμᾶς
3335 4924 3568 4978 συνέκλα
3612 4940 3735 4975 πει-

2168 5030 2372 5102 ρασμὸς
2407 5024 2584 5095 πολλῷ
2615 5022 2811 5094 μᾶλλον
2841 5022 2873 5091 ἢ
2902 5022 3027 5084 τοὺς
3067 5019 3321 5089 πηλίνους
3348 5019 3376 5071 ὁ
3402 5016 3568 5078 λίθος.
3599 5016 3731 5077 Καὶ,

2165 5124 2214 5175 εἰ
2236 5119 2507 5193 βούλεσθε,
2543 5113 2946 5186 ὑπογράῴωμεν
2987 5112 3079 5164 τὸν
3112 5112 3373 5180 πρότερον
3402 5108 3536 5178 βίον,
3578 5107 3626 5158 εἰ
3655 5105 3733 5174 μὴ

2166 5216 2349 5269 πάντα
2376 5209 2444 5282 ἦν
2474 5209 2669 5282 γῆκαὶ
2716 5206 2881 5276 ὕδωρ,
2931 5207 3025 5258 καὶ
3074 5204 3136 5256 τὸ
3183 5204 3496 5272 εὐρίπιστον
3542 5198 3734 5268 ἔχοντα

2168 5310 2262 5362 καὶ
2288 5308 2380 5361 τὸν
2415 5304 2687 5375 κονιορτὸν
2718 5302 2809 5354 καί
2837 5301 2898 5351 τὸ
2928 5298 3157 5351 ἄστατον
3187 5297 3277 5349 καὶ
3297 5294 3564 5364 διαρρέον.
3601 5292 3729 5350 Καὶ,

2168 5407 2217 5457 εί
2257 5398 2531 5472 βούλεσθε,
2567 5397 2641 5465 μὴ
2679 5395 2745 5447 τὰ
2780 5393 3039 5463 πρότερα,
3083 5389 3218 5443 ἀλλὰ
3259 5388 3326 5442 τὰ
3361 5388 3601 5457 παρόντα
3642 5385 3734 5449 ἑξ·-

2169 5497 2472 5562 ετάσωμεν,
2492 5492 2540 5542 εἰ
2563 5488 2636 5558 μὴ
2655 5487 2928 5557 κονιορτὸν
2951 5490 3041 5539 καὶ
3066 5484 3209 5556 ὓδωρ
3235 5484 3536 5554 εὑρήσομεν
3561 5478 3737 5533 πάντα

2238 5697 2253 5719 ⁸
2279 5697 2413 5758 Lege
2438 5693 2491 5741 οῦ
2508 5688 2737 5740 τοσοῦτον
2756 5688 2861 5751 γάρ.
