4120 6400
436 438 541 497 515

434 560 552 605 sunt
580 549 750 603 omnia
786 549 839 601 in
866 546 1072 599 interitu
1112 543 1223 611 ipso
1250 557 1344 594 usu
1381 536 1657 593 secundant
1686 538 1935 604 precepta
1962 536 2010 581 et

434 642 691 696 doctrinas
718 639 995 693 hominum.

505 734 561 788 2.
593 731 706 789 Non
733 731 885 795 estis,
916 728 1105 797 inquit,
1137 729 1189 780 in
1221 723 1422 779 mundo
1452 741 1467 776 :
1495 718 1764 792 quomodo
1790 715 2011 785 subjici-

436 823 566 878 mini
591 822 911 879 elementis?
937 818 1203 890 quomodo
1225 817 1497 870 hominum
1525 808 2013 867 observationibus?

436 918 503 971 Et
532 915 653 970 vide
680 928 835 983 quam
868 914 988 968 illos
1014 910 1318 965 ludiﬁcetur
1352 926 1366 963 :
1397 907 1474 961 Ne
1502 914 1708 974 tangas,
1732 902 1923 972 inquit,
1947 915 2016 954 ne

435 1016 737 1064 contrectes
758 1046 774 1071 ,
811 1022 879 1060 ne
916 1014 1132 1074 gustes;
1162 1002 1312 1072 quasi
1356 1000 1431 1054 illi
1462 996 1777 1069 quibusdam
1808 993 2013 1063 magnis

436 1101 785 1153 abstinerent.
842 1096 970 1162 Quis
1014 1106 1131 1149 sunt
1173 1095 1343 1148 omnia
1391 1094 1444 1145 in
1484 1091 1691 1144 interitu
1739 1089 1850 1157 ipso
1896 1101 2009 1139 usu.

436 1191 723 1244 Multorum
753 1188 946 1258 dejecit
972 1197 1258 1249 tumorem,
1290 1194 1343 1240 et
1368 1182 1641 1252 subjunxit
1674 1199 1687 1234 :
1720 1178 2013 1235 Secundum

437 1292 686 1353 prwcepta
726 1293 772 1336 et
816 1282 1072 1335 doctrinas
1114 1280 1392 1333 hominum.
1424 1275 1561 1342 Quid
1600 1274 1775 1329 dicis?
1802 1270 2013 1327 etiamsi

439 1375 608 1444 legem
630 1374 798 1440 dicas,
820 1388 884 1428 ea
908 1373 1016 1441 jam
1046 1380 1129 1426 est
1152 1369 1391 1425 doctrina
1422 1368 1695 1422 hominum
1728 1375 1845 1433 post
1872 1373 2011 1418 tem-

435 1482 553 1534 pus.
583 1465 688 1519 Aut
717 1466 786 1518 ita
815 1464 981 1527 dixit,
1011 1462 1132 1532 quia
1159 1476 1276 1516 eam
1305 1459 1677 1515 adulterabant
1715 1472 1778 1511 ac
1811 1455 2007 1524 depra-

434 1558 665 1621 vabant;
693 1564 783 1610 aut
806 1556 964 1610 tacite
988 1553 1251 1623 signiﬁcat
1279 1568 1341 1607 ea
1371 1567 1491 1621 quae
1516 1561 1642 1605 sunt
1670 1549 2003 1605 Grmcorum.

435 1648 647 1713 Totum,
665 1648 852 1718 inquit,
866 1657 949 1701 est
968 1646 1158 1716 dogma
1179 1661 1272 1700 seu
1296 1644 1569 1699 decretum
1591 1642 1900 1695 humanum.
1917 1639 2007 1693 25.

439 1740 568 1806 Quae
585 1748 701 1793 sunt
722 1739 965 1792 rationm
990 1737 1192 1808 quidem
1221 1735 1453 1789 habentia
1478 1734 1739 1804 sapientia:
1756 1735 1808 1785 in
1828 1747 2010 1800 super-

433 1832 634 1884 stitione
662 1838 709 1883 et
733 1830 1028 1891 humilitate,
1058 1836 1105 1882 et
1129 1844 1228 1881 non
1255 1827 1324 1879 ad
1348 1826 1654 1897 parcendum
1677 1823 1897 1893 corpori,
1922 1839 2012 1875 nec

434 1923 487 1975 in
518 1922 706 1976 honore
727 1921 946 1991 quodam
970 1920 1038 1973 ad
1061 1919 1377 1972 saturitatem
1401 1917 1587 1971 carnis.
1612 1916 1899 1980 Rationem,
1925 1915 2012 1968 in-

435 2016 566 2080 quit,
587 2030 690 2069 non
710 2014 815 2068 vim
833 2030 848 2079 ;
866 2028 995 2083 ergo
1016 2027 1116 2067 nec
1136 2012 1432 2066 veritatem.
1451 2008 1808 2078 Quamobrem
1833 2009 2014 2062 etiam-

434 2108 479 2160 si
495 2107 754 2161 rationem
774 2106 973 2161 habeas
993 2104 1288 2174 sapientiae,
1302 2117 1633 2157 aversamur.
1647 2100 1777 2155 Nam
1804 2100 2013 2155 videtur

434 2198 627 2269 aliquis
644 2214 761 2253 esse
782 2199 899 2268 pius
919 2207 971 2252 et
989 2196 1282 2262 modestus,
1301 2205 1353 2250 et
1369 2210 1564 2264 corpus
1585 2194 1889 2263 deSpicere;
1915 2208 2012 2248 ne-

432 2307 538 2361 que
565 2301 742 2345 tamen
766 2291 885 2347 talis
904 2298 1003 2345 est.
1021 2289 1143 2343 Non
1158 2290 1210 2342 in
1228 2289 1417 2343 honore
1430 2288 1598 2357 aliqua
1614 2287 1682 2339 ad
1697 2286 2012 2340 saturitatem

433 2384 619 2437 carnis.
643 2383 781 2438 Deus
811 2383 951 2437 enim
978 2381 1125 2436 dedit
1147 2381 1439 2444 honorem;
1472 2379 1575 2450 ipsi
1601 2388 1779 2434 autem
1801 2392 1905 2433 non
1930 2379 2011 2432 usi

435 2482 559 2528 sunt
595 2489 714 2529 cum
757 2473 979 2529 honore.
1012 2473 1102 2528 Sic
1142 2472 1355 2543 quando
1382 2472 1541 2527 fuerit
1567 2471 1758 2541 dogma
1789 2486 1883 2526 seu
1912 2470 2012 2525 de-

434 2575 659 2630 cretum,
692 2565 745 2620 id
780 2566 881 2621 scit
911 2581 1102 2620 vocare
1130 2565 1409 2619 honorem.
1452 2563 1724 2619 Dedecore
1746 2605 1761 2629 ,
1808 2563 2009 2634 inquit,

434 2658 671 2711 afﬁciunt
720 2672 935 2712 carnem
956 2700 970 2718 .
1003 2673 1119 2712 eam
1153 2658 1422 2726 privantes
1448 2667 1505 2711 et
1534 2665 1846 2725 potestatem
1889 2656 2009 2709 adi-

435 2758 675 2813 mentes;
710 2764 814 2803 non
857 2750 1168 2818 permittens
1209 2760 1267 2803 ut
1316 2748 1627 2802 voluntarias
1669 2746 2010 2802 dominetur:

439 2842 577 2896 Deus
614 2857 826 2897 carnem
883 2842 1179 2898 honoravit.
1231 2841 1380 2911 (Cap.
1410 2834 1488 2905 5.)
1512 2841 1563 2894 1.
1591 2838 1791 2911 Igitur,
1820 2840 1863 2894 si
1889 2857 2014 2894 con-

434 2935 719 2989 surrexistis
749 2951 865 2988 cum
892 2933 1112 2997 Christo,
1140 2950 1253 3003 qua:
1277 2950 1479 2987 sursum
1506 2944 1623 2987 sunt
1648 2936 1874 3003 quaerite.
1906 2933 2017 2989 Eos

437 3025 707 3089 conciliat,
733 3040 856 3079 cum
877 3025 1124 3093 superius
1149 3024 1428 3093 probasset
1443 3039 1567 3078 eum
1584 3039 1705 3079 esse
1726 3035 2013 3078 mortuum.

438 3118 723 3186 Propterea
749 3117 877 3171 dicit
910 3134 923 3169 :
955 3116 981 3169 l
988 3118 1141 3187 gitur,
1166 3117 1210 3170 si
1237 3118 1626 3171 consurrexistis
1651 3134 1766 3170 cum
1792 3116 2012 3183 Christo,

438 3227 550 3280 qua:
592 3228 792 3264 sursum
833 3220 948 3264 sunt
990 3213 1217 3280 quaerite.
1266 3211 1380 3265 Non
1421 3220 1503 3267 est
1544 3212 1650 3267 illic
1692 3214 2015 3268 observatio.

444 3302 571 3366 Quae
604 3317 805 3353 sursum
841 3311 959 3354 sunt
987 3302 1226 3370 quwrite,
1264 3301 1350 3355 ubi
1375 3300 1606 3357 Christus
1632 3313 1702 3356 est
1732 3305 1785 3357 in
1813 3305 2021 3358 dextera

442 3394 538 3444 Dei
580 3392 779 3446 sedens.
824 3391 981 3461 Papae
1020 3394 1033 3447 !
1076 3408 1184 3461 quo
1225 3402 1460 3448 mentem
1507 3405 1743 3448 nostram
1792 3397 2021 3450 evexit?

443 3485 711 3553 quomodo
740 3498 835 3538 eos
871 3500 1067 3555 magno
1098 3485 1339 3555 implevit
1365 3486 1552 3554 spiritu
1576 3487 1589 3540 !
1616 3485 1733 3540 Non
1759 3488 1889 3542 satis
1918 3486 2017 3540 ha-

443 3576 556 3629 buit
600 3574 800 3629 dixisse
841 3590 960 3645 quae
1004 3590 1214 3629 sursum
1244 3586 1398 3640 sunt,
1444 3592 1616 3646 neque
1644 3578 1734 3631 ubi
1774 3576 2022 3633 Christus

443 3681 555 3733 est;
585 3669 678 3723 sed
708 3668 867 3738 quid?
895 3667 960 3722 In
981 3668 1185 3724 dextera
1212 3668 1310 3722 Dei
1337 3669 1534 3723 sedens.
1567 3670 1714 3724 Illinc
1738 3670 1805 3725 de
1823 3680 2025 3726 cretero

444 3762 620 3817 effecit
661 3770 717 3816 ut
761 3762 814 3816 in
849 3771 1045 3817 terram
1086 3777 1191 3816 non
1242 3763 1553 3831 aspiciatur.
1581 3763 1636 3816 2.
1670 3764 1795 3830 Qua:
1821 3781 2023 3820 sursum

444 3866 559 3909 sunt
600 3855 781 3923 sapite,
827 3872 927 3909 non
964 3871 1076 3926 qua:
1104 3872 1255 3923 super
1300 3866 1485 3910 terram
1518 3872 1536 3911 :
1568 3858 1619 3911 3.
1665 3859 1851 3911 mortui
1893 3859 2025 3911 enim

447 3951 563 4003 estis
582 3988 599 4014 ,
631 3959 677 4003 et
702 3950 803 4002 vita
830 3960 993 4003 vestra
1019 3950 1312 4003 abscondita
1347 3960 1419 4003 est
1443 3965 1558 4003 cum
1587 3948 1784 4004 Christo
1810 3952 1864 4004 in
1888 3950 2023 4006 Deo.

446 4041 499 4095 4.
540 4040 667 4096 Cum
695 4052 857 4095 autem
894 4040 1123 4095 Christus
1148 4042 1462 4112 apparuerit,
1485 4043 1590 4096 vita
1619 4055 1801 4107 vestra,
1834 4054 1953 4097 tunc
1979 4054 2026 4098 et

446 4147 532 4187 vos
557 4131 865 4203 apparebitis
893 4149 1004 4185 cum
1030 4134 1139 4202 ipso
1168 4134 1222 4186 in
1261 4133 1443 4204 gloria.
1478 4132 1594 4187 Vita
1613 4173 1629 4200 ,
1672 4135 1876 4204 inquit,
1910 4134 2027 4190 huic

446 4240 552 4279 non
574 4234 654 4280 est
684 4234 895 4289 vestra;
921 4233 1004 4279 est
1031 4224 1274 4294 qumdam
1301 4226 1403 4279 alia
1433 4227 1540 4280 vita
1567 4234 1765 4281 vestra.
1790 4226 1908 4282 Jam
1932 4243 2024 4281 ur-

447 4327 535 4386 get
563 4325 622 4371 ut
647 4332 740 4371 eos
764 4316 1080 4381 transferat,
1107 4327 1162 4371 et
1189 4317 1464 4372 contendit
1501 4317 1788 4372 ostendere
1812 4333 1906 4373 eos
1934 4334 2023 4374 se-

448 4410 576 4464 dere
606 4423 837 4478 superne
856 4450 870 4470 ,
902 4409 1111 4464 etiamsi
1142 4410 1249 4464 sint
1275 4410 1501 4473 mortui,
1532 4425 1598 4465 ex
1632 4411 1873 4480 utrisque
1902 4427 2025 4480 pro-

450 4502 581 4555 bans
630 4515 736 4553 non
778 4514 899 4555 esse
943 4500 1229 4569 quaerenda
1261 4517 1380 4570 quae
1425 4502 1513 4556 hic
1555 4512 1701 4556 sunt.
1731 4503 1863 4556 Nam
1908 4505 2027 4559 sive

450 4593 645 4647 mortui
696 4594 847 4654 estis,
898 4608 1001 4645 non
1044 4593 1250 4649 debetis
1301 4610 1573 4663 quaerere;
1628 4597 1743 4651 sive
1799 4612 2029 4665 superne

449 4685 599 4750 esus,
628 4698 733 4737 non
762 4684 969 4739 debetis
996 4700 1261 4754 quaerere.
1294 4685 1475 4756 Neque
1498 4697 1719 4757 apparet
1746 4689 2024 4753 Christus;

448 4791 577 4845 ergo
620 4792 793 4846 neque
836 4777 941 4830 vita
994 4788 1212 4831 vestra:
1247 4779 1299 4831 in
1332 4778 1441 4832 Deo
1481 4788 1564 4832 est
1599 4780 1737 4847 apud
1782 4795 2027 4850 superos.

452 4869 589 4933 Quid
633 4869 801 4939 ergo?
846 4870 1060 4939 quando
1090 4870 1368 4925 vivemus?
1404 4873 1538 4927 Cum
1567 4873 1812 4929 Christus
1868 4891 2030 4945 appa-

452 4963 641 5026 ruerit,
664 4961 772 5015 vita
799 4973 997 5028 vestra,
1024 4972 1149 5016 tunc
1173 4963 1396 5033 gloriam
1424 4965 1666 5033 quaarite,
1692 4974 1817 5020 tunc
1840 4968 2028 5030 vitam,

453 5065 577 5110 tunc
597 5056 837 5110 delicias.
868 5055 992 5109 ilice
1016 5064 1141 5110 sunt
1168 5057 1358 5125 quibus
1385 5058 1486 5112 iter
1514 5060 1716 5124 munit,
1748 5069 1802 5113 ut
1822 5075 1917 5115 eos
1937 5062 2033 5116 ab-

453 5148 613 5199 ducat
635 5161 667 5199 a
696 5146 902 5200 deliciis
927 5147 1146 5215 otioque
1173 5156 1228 5201 et
1256 5148 1458 5217 requie.
1489 5148 1586 5202 llic
1612 5158 1694 5204 est
1720 5165 1835 5205 mos
1871 5152 1986 5219 ejus
2011 5193 2027 5217 ,

454 5237 629 5289 utalia
663 5237 891 5304 probans
919 5247 974 5291 et
1001 5239 1360 5300 conﬁrmans,
1398 5240 1465 5293 ad
1503 5241 1606 5295 alia
1638 5243 1901 5297 transiliat
1929 5262 1943 5298 :
1974 5255 2031 5298 ut

460 5328 527 5382 de
555 5328 618 5381 iis
648 5329 869 5396 loquens
894 5330 981 5397 qui
1010 5344 1217 5385 cmuam
1257 5332 1636 5399 anticipabant,
1679 5345 1898 5405 repente
1936 5337 2029 5391 de-

458 5418 637 5487 lapsus
664 5430 748 5474 est
779 5420 844 5472 ad
872 5421 1299 5476 observationem
1343 5424 1742 5493 mysteriorum.
1778 5428 2026 5498 Magnum

452 5510 594 5564 enim
620 5510 888 5579 quidpiam
930 5512 1276 5582 reprehensio
1300 5555 1314 5578 ,
1347 5528 1469 5568 cum
1507 5515 1639 5570 facta
1684 5516 1847 5572 fuerit
1892 5520 2026 5575 citra

451 5601 834 5671 suspicionem.
881 5603 1187 5656 Abscondita
1230 5613 1323 5669 est,
1367 5605 1558 5673 inquit,
1600 5621 1628 5659 a
1674 5607 1843 5662 vobis.
1883 5607 2026 5663 Tunc

454 5706 539 5744 vos
561 5708 753 5761 quoque
777 5709 891 5745 cum
919 5710 975 5747 eo
1000 5694 1325 5764 apparebitis.
1356 5696 1711 5764 Quamobrem
1744 5715 1881 5755 nunc
1918 5717 2021 5756 non

453 5784 738 5850 apparetis.
769 5783 903 5838 Vide
934 5787 1203 5854 quomodo
1230 5802 1326 5841 eos
1358 5788 1605 5841 transfert
1635 5790 1684 5842 in
1713 5790 1881 5858 ipsum
1912 5806 2022 5847 eaa-

454 5873 579 5928 lum.
607 5873 737 5929 Nam
769 5877 903 5931 sicut
928 5878 1054 5946 dixi,
1088 5895 1299 5950 semper
1326 5881 1597 5937 contendit
1623 5883 1903 5940 ostendere
1928 5900 2021 5944 eos

1288 426 1353 480 IN
1394 422 1603 479 EPIS'l‘.
1646 421 1737 476 AD
1773 412 2049 473 (IOLOSS.
2090 410 2244 469 CAP.
2287 412 2375 468 Ill.
2417 414 2646 471 llOMlL.
2692 415 2803 469 V'll.

3594 422 3698 479 346

2120 526 2308 581 eadem
2340 529 2537 586 habere
2562 550 2681 603 quae
2708 534 2984 598 Christus;
3015 544 3079 589 et'
3095 550 3188 604 per
3209 522 3394 593 Omnes
3427 556 3551 595 suas
3577 545 3699 612 cpio

2118 627 2287 682 stolas
2306 626 2409 681 hoc
2433 633 2560 696 agit,
2585 636 2642 681 ut
2663 628 2912 682 ostendat
2931 643 3025 682 eos
3051 630 3363 686 societatem
3383 643 3435 687 et
3457 649 3698 690 commu-

2118 720 2333 774 nionem
2360 734 2481 774 cum
2507 735 2573 774 eo
2601 720 2798 774 habere
2825 720 2877 773 in
2908 720 3176 775 omnibus.
3207 722 3498 793 Propterea
3520 736 3574 780 et
3607 741 3699 780 ca-

2118 822 2210 882 put
2238 813 2368 866 dicit
2396 820 2453 867 et
2494 827 2717 880 corpus,
2752 823 2805 866 et
2835 810 3012 868 omnia
3054 813 3199 882 facit,
3249 824 3307 869 ut
3355 816 3456 871 hoc
3496 833 3699 887 reprae-

2117 913 2293 958 sentet
2332 914 2385 958 et
2429 904 2700 959 exhibeat.
2744 903 2800 959 Si
2845 919 2974 975 ergo
3019 916 3145 961 tunc
3188 908 3597 975 apparebimus,
3630 927 3698 965 ne

2116 996 2393 1051 doleamus
2417 996 2630 1066 quando
2662 997 2919 1051 honorem
2959 1012 3065 1052 non
3094 1000 3429 1069 assequimur
3459 1018 3474 1054 :
3508 1003 3554 1056 si
3584 1003 3699 1059 haec

2116 1089 2219 1142 vita
2245 1103 2351 1143 nou
2377 1098 2460 1143 est
2485 1090 2611 1154 vita,
2637 1089 2729 1143 sed
2761 1098 2846 1144 est
2872 1089 3130 1145 absconsa
3151 1134 3166 1157 ,
3201 1102 3470 1162 tamquam
3500 1104 3697 1149 mortm

2117 1181 2374 1235 debemus
2401 1182 2538 1237 hanc
2567 1182 2728 1235 vitam
2757 1183 2957 1237 vivere.
2989 1183 3131 1238 Tunc
3156 1194 3204 1238 et
3229 1201 3332 1251 vos,
3362 1187 3552 1256 inquit,
3581 1203 3697 1241 cum

2114 1275 2226 1344 ipso
2251 1275 2558 1345 apparebitis
2587 1277 2639 1329 in
2668 1277 2852 1346 gloria.
2886 1277 2953 1330 In
2982 1277 3148 1348 gloria
3177 1278 3311 1333 dixit
3336 1294 3443 1333 non
3473 1281 3569 1335 abs
3595 1296 3656 1336 re
3680 1323 3696 1347 ,

2117 1382 2217 1422 nec
2256 1367 2668 1422 inconsiderate.
2704 1368 2834 1421 Nam
2865 1382 2919 1423 et
2946 1371 3231 1440 margarita
3275 1380 3358 1426 est
3386 1370 3649 1428 absconsa
3678 1416 3694 1439 ,

2115 1457 2367 1526 quamdiu
2406 1456 2568 1512 fuerit
2604 1459 2657 1511 in
2683 1469 2880 1514 ostreo.
2912 1460 3035 1516 Sive
3078 1476 3206 1532 ergo
3231 1464 3552 1518 contumelia
3578 1464 3698 1519 εἴην

2114 1549 2339 1611 eiamur,
2383 1565 2450 1603 ne
2488 1550 2800 1617 doleamus;
2844 1552 2960 1607 sive
2999 1553 3223 1621 quodvis
3252 1557 3556 1624 patiamur:
3586 1573 3693 1613 non

2114 1650 2197 1695 est
2220 1643 2361 1695 enim
2391 1652 2574 1698 nostra
2601 1646 2704 1698 vita
2734 1644 2847 1699 hme
2880 1646 2986 1698 vita
3022 1665 3036 1700 :
3074 1647 3310 1716 hospites
3338 1651 3481 1702 enim
3509 1657 3563 1704 et
3591 1664 3690 1721 pe-

2116 1732 2310 1801 regrini
2341 1749 2528 1788 sumus
2552 1750 2568 1799 ;
2597 1734 2792 1789 Mor-tui
2816 1738 2971 1802 enim,
3005 1738 3207 1807 inquit,
3235 1740 3372 1793 estis.
3402 1738 3532 1806 Quis
3558 1740 3695 1796 adeo

2115 1823 2311 1893 desipit
2339 1833 2396 1878 ut
2434 1836 2648 1881 mortuo
2677 1827 2893 1897 corpori
2933 1829 3142 1897 sepulto
3170 1838 3264 1884 aut
3302 1845 3487 1886 servos
3512 1840 3693 1897 emat,

2117 1926 2209 1970 aut
2240 1916 2429 1972 domos
2457 1919 2686 1974 aediﬁcet
2704 1960 2720 1985 ,
2749 1930 2840 1975 aut
2869 1923 3132 1991 pretiosas
3160 1934 3339 1979 vestes
3382 1928 3698 1994 comparet?

2115 2009 2322 2065 Nullus.
2365 2011 2474 2065 Nec
2503 2026 2604 2066 nos
2631 2028 2758 2082 ergo
2782 2029 2798 2078 ;
2827 2014 2921 2067 sed
2949 2015 3086 2070 sicut
3109 2031 3274 2069 unum
3303 2016 3477 2072 solum
3506 2018 3698 2087 quaeri-

2115 2117 2253 2167 mus,
2290 2118 2356 2157 ne
2384 2104 2556 2157 simus
2585 2105 2769 2158 nudati
2801 2122 2815 2158 :
2847 2105 2917 2159 ita
2946 2106 3032 2160 hic
3056 2121 3272 2177 quoque
3298 2123 3462 2161 unum
3488 2124 3697 2178 quaera-

2113 2208 2255 2250 mus.
2282 2194 2532 2263 Sepultus
2568 2204 2651 2251 est
2691 2205 2874 2252 noster
2899 2198 3103 2267 primus
3128 2198 3314 2264 homo,
3345 2200 3588 2269 sepultus
3615 2212 3700 2256 est

2115 2301 2222 2341 non
2250 2287 2303 2341 in
2331 2296 2494 2352 terra,
2524 2289 2619 2342 sed
2646 2289 2697 2341 in
2740 2304 2912 2358 aqua;
2945 2306 3050 2345 non
3087 2300 3262 2347 morte
3301 2293 3473 2361 ipsum
3504 2293 3698 2349 dissol-

2114 2388 2292 2444 vente,
2323 2379 2416 2433 sed
2438 2394 2505 2434 eo
2528 2380 2618 2448 qui
2640 2390 2865 2435 mortem
2887 2381 3150 2447 dissolvit,
3179 2383 3351 2452 ipsum
3374 2385 3695 2452 sepeliente;

2116 2487 2225 2527 non
2252 2472 2368 2541 lege
2398 2482 2625 2538 naturae,
2661 2474 2755 2527 sed
2783 2474 2935 2543 jussu
2962 2475 3183 2530 fortiore
3216 2492 3374 2546 quam
3415 2478 3485 2531 sit
3508 2488 3563 2532 et
3599 2495 3697 2533 na-

2120 2574 2237 2618 tura
2289 2573 2345 2618 et
2389 2563 2705 2619 dominium.
2736 2564 2868 2619 Nam
2899 2582 3018 2635 quae
3058 2566 3195 2621 facta
3236 2576 3361 2620 sunt
3404 2582 3435 2620 a
3481 2577 3695 2630 natura,

2117 2657 2425 2712 dissolverit
2445 2658 2605 2711 etiam
2622 2657 2882 2728 quispiam
2907 2675 2921 2720 ;
2946 2674 3063 2728 quae
3090 2670 3267 2714 autem
3296 2660 3365 2713 ab
3384 2661 3499 2729 ejus
3521 2660 3696 2731 jussu,

2120 2765 2479 2821 nequaquam.
2526 2751 2637 2805 llac
2683 2752 2957 2821 sepultura
3001 2752 3132 2806 nihil
3183 2761 3265 2806 est
3304 2753 3511 2807 beatius
3537 2796 3553 2820 ,
3596 2770 3702 2825 qua

2116 2858 2305 2898 omnes
2345 2844 2611 2909 laetantur,
2642 2852 2697 2899 et
2730 2845 2908 2913 angeli
2952 2852 3008 2898 et
3054 2843 3300 2900 homines
3342 2854 3396 2899 et
3443 2845 3701 2901 Dominus

2118 2935 2432 3007 angelorum
2463 2951 2478 2990 :
2508 2936 2633 2990 huic
2661 2935 2953 3005 sepultura:
2995 2951 3099 2990 non
3130 2952 3264 3004 opus
3303 2946 3385 2991 est
3428 2937 3663 2991 vestibus
3685 2978 3701 2999 ,

2119 3044 2226 3084 non
2275 3029 2473 3095 loculo,
2520 3043 2620 3084 nec
2666 3029 2773 3083 ulla
2817 3044 2876 3083 re
2921 3030 3023 3083 alia
3070 3030 3358 3098 ejusmodi.
3398 3029 3493 3084 Vis
3521 3030 3705 3085 videre

2120 3121 2423 3193 symbolum
2453 3136 2549 3175 seu
2588 3121 2844 3191 signum?
2869 3120 3157 3175 Ostendam
3202 3122 3294 3175 tibi
3337 3122 3616 3191 piscinam,
3651 3123 3703 3177 in

2119 3229 2221 3284 qua
2247 3213 2385 3268 alius
2412 3212 2624 3282 quidem
2654 3222 2735 3266 est
2767 3214 3031 3281 sepultus,
3063 3212 3196 3264 alius
3218 3227 3346 3266 vero
3372 3213 3666 3267 resurrexit
3689 3230 3703 3266 :

2124 3309 2177 3361 in
2200 3307 2336 3362 mari
2360 3306 2543 3360 Rubro
2570 3306 2801 3360 demersi
2828 3314 2953 3359 sunt
2980 3304 3240 3375 Egyptii.
3273 3305 3634 3361 ascenderunt
3654 3316 3709 3359 et

2122 3407 2478 3469 pervaserunt
2512 3396 2789 3452 lsraelitas.
2823 3397 2931 3451 Res
2956 3396 3146 3450 eadem
3183 3396 3343 3450 alium
3373 3397 3587 3466 quidem
3618 3411 3707 3451 se-

2122 3490 2274 3560 pelit,
2296 3491 2462 3544 alium
2485 3504 2613 3543 vero
2642 3498 2880 3558 generat.

2195 3585 2248 3638 '5.
2268 3582 2344 3636 Ne
2365 3581 2598 3646 mireris,
2622 3580 2665 3635 si
2689 3589 2837 3633 ortus
2859 3589 2912 3633 et
2937 3579 3181 3632 interitus
3199 3578 3268 3632 sit
3292 3578 3343 3631 in
3366 3577 3705 3647 baptismate.

2123 3673 2258 3728 Nam
2283 3712 2299 3738 ,
2327 3673 2414 3727 dic
2440 3673 2569 3726 mihi
2594 3713 2610 3736 ,
2651 3672 2864 3726 solvere
2903 3680 2958 3725 et
2986 3670 3354 3739 conglutinare
3384 3684 3561 3724 nonne
3586 3679 3711 3724 sunt

2125 3764 2428 3821 contraria?
2470 3764 2656 3818 Cuivis
2680 3772 2766 3817 est
2794 3763 3157 3832 perspicuum.
3202 3761 3314 3816 Hoc
3360 3762 3485 3815 facit
3524 3761 3706 3832 ignis:

2126 3872 2252 3911 nam
2277 3870 2457 3910 ceram
2482 3855 2697 3925 quidem
2731 3854 2972 3909 dissolvit
2997 3862 3052 3908 et
3079 3854 3276 3924 perdit,
3312 3863 3507 3909 terram
3533 3863 3709 3908 autem

2125 3948 2445 4003 metallicam
2473 3946 2802 4017 conglutinat
2821 3988 2837 4012 ,
2881 3957 2936 4000 et
2965 3962 3154 4001 aurum
3187 3946 3331 4000 facit.
3363 3945 3437 3999 lta
3467 3945 3555 4001 hic
3578 3961 3713 4016 quo-

2126 4054 2253 4109 que,
2284 4053 2493 4094 cereum
2530 4047 2758 4092 statuam
2785 4052 2905 4092 cum
2937 4037 3016 4091 vis
3046 4037 3182 4107 ignis
3209 4036 3489 4102 dcleverit,
3521 4051 3621 4106 pro
3644 4051 3707 4091 ea

2128 4149 2316 4189 aurum
2347 4134 2524 4188 reddit
2556 4151 2569 4188 :
2602 4148 2818 4188 eramus
2847 4133 2991 4187 enim
3033 4132 3193 4203 plane
3234 4132 3363 4187 lutei
3410 4142 3534 4186 ante
3566 4134 3714 4187 lava-

2128 4241 2301 4291 crum,
2344 4226 2492 4279 aurei
2518 4233 2698 4279 autem
2731 4234 2937 4293 postea.
2971 4223 3125 4279 Unde
3156 4223 3257 4278 hoc
3299 4223 3550 4278 constat?
3577 4223 3713 4278 Audi

2130 4319 2303 4389 ipsum
2330 4318 2599 4373 dicentem
2634 4335 2647 4370 :
2684 4316 2890 4370 Primus
2918 4317 3068 4370 homo
3098 4332 3125 4369 e
3153 4325 3309 4380 terra,
3343 4324 3599 4382 terrenus;
3632 4332 3714 4370 se-

2130 4412 2325 4464 cundus
2370 4414 2520 4463 homo
2563 4427 2592 4464 e
2632 4410 2772 4473 creto,
2824 4409 3037 4463 caelestis
3082 4407 3156 4477 (1.
3197 4407 3315 4462 Cor.
3342 4408 3432 4462 15.
3461 4408 3574 4477 «17).
3603 4407 3717 4478 Ego

2130 4503 2346 4573 quidem
2377 4501 2488 4556 dixi
2512 4510 2768 4570 quantum
2798 4500 3013 4554 intersit
3042 4500 3182 4553 inter
3206 4499 3375 4552 lutum
3402 4508 3455 4553 et
3481 4514 3668 4552 aurum
3697 4514 3710 4562 ;

2132 4592 2307 4648 inveni
2339 4602 2518 4647 autem
2545 4591 2804 4661 majorem
2826 4590 3183 4645 diﬁ‘erentiam
3210 4589 3441 4644 czelestis
3462 4600 3517 4643 et
3540 4599 3710 4644 terre-

2133 4688 2186 4740 ni
2215 4704 2226 4738 :
2254 4701 2359 4740 non
2389 4694 2592 4739 tantum
2620 4696 2796 4738 autem
2822 4683 3049 4738 interest
3070 4682 3210 4735 inter
3237 4681 3404 4735 lutum
3428 4691 3479 4735 et
3501 4696 3713 4741 aurum.

2133 4788 2385 4849 quantum
2418 4779 2559 4833 inter
2589 4787 2799 4832 terrena
2826 4786 2881 4830 et
2921 4775 3175 4831 caelestia.
3217 4774 3368 4830 Cerei
3408 4789 3622 4828 eramus
3664 4781 3719 4827 et

2136 4871 2264 4925 lutei
2298 4888 2311 4924 :
2343 4884 2443 4924 nos
2472 4870 2612 4923 enim
2643 4868 2912 4937 liquefecit
2949 4867 3161 4921 ﬂamma
3188 4865 3511 4935 cupiditatis,
3543 4864 3713 4918 multo

2134 4963 2303 5032 magis
2346 4977 2502 5032 quam
2534 4976 2712 5016 ceram
2757 4961 2931 5031 ignis;
2980 4968 3035 5015 et
3075 4962 3275 5028 quaevis
3318 4972 3416 5013 nos
3453 4956 3717 5026 confregit

2137 5055 2377 5116 tcutatio,
2414 5056 2578 5109 nudto
2601 5055 2767 5125 magis
2789 5069 2947 5123 quam
2970 5054 3143 5108 luteos
3170 5052 3331 5123 lapis.
3355 5053 3440 5115 Et,
3468 5053 3510 5105 si
3530 5051 3713 5117 vultis,

2135 5149 2500 5204 describamus
2523 5150 2687 5202 vitam
2713 5148 2967 5218 priorem,
3000 5155 3059 5200 ut
3085 5145 3361 5200 videamus
3389 5160 3512 5198 num
3536 5144 3715 5197 omnia

2134 5251 2315 5297 essent
2347 5252 2485 5296 terra
2515 5250 2570 5297 et
2593 5256 2729 5311 aqua
2755 5282 2769 5306 ,
2798 5251 2854 5295 et
2890 5239 3197 5310 hujusmodi
3234 5248 3294 5296 ut
3332 5240 3502 5293 instar
3531 5237 3715 5307 Euripi

2133 5334 2361 5388 ﬂuerent
2386 5343 2438 5388 et
2464 5333 2770 5397 retinerent,
2805 5342 3093 5403 essentque
3119 5332 3282 5387 veluti
3314 5331 3487 5401 pulvis
3509 5373 3524 5395 ,
3557 5331 3715 5399 plane

2134 5425 2399 5481 instabilia
2442 5434 2496 5479 et
2538 5424 2849 5479 difﬂuentia.
2901 5424 2990 5489 Et,
3039 5425 3083 5478 si
3132 5417 3311 5486 vultis,
3344 5422 3716 5477 cxaminemus

2133 5535 2241 5574 non
2270 5524 2467 5589 priora,
2498 5518 2592 5573 sed
2620 5518 2919 5588 praesentia,
2954 5532 3080 5572 num
3110 5517 3287 5570 omnia
3329 5515 3496 5569 instar
3524 5516 3714 5586 pulve-

2135 5615 2210 5667 ris
2251 5624 2306 5669 et
2341 5628 2494 5683 aqua:
2522 5628 2643 5667 esse
2669 5613 3022 5681 reperiamus.
3052 5611 3189 5679 Quid
3218 5612 3359 5665 enim
3387 5612 3469 5666 vis
3507 5627 3609 5667 nos
3635 5612 3718 5665 di-

2134 5706 2301 5760 cere?
2330 5706 2672 5775 magistratus
2698 5715 2753 5759 et
2783 5702 3157 5773 principatus?
3182 5702 3316 5755 nihil
3348 5703 3488 5757 enim
3516 5703 3569 5757 in
3613 5703 3714 5758 hac

2133 5798 2238 5851 vita
2280 5796 2486 5850 videtur
2516 5810 2636 5851 esse
2670 5795 2836 5864 magis
2867 5793 3252 5848 :etnulandum.
3293 5793 3396 5849 Sed
3437 5794 3605 5864 magis
3634 5796 3713 5848 in-

2134 5889 2341 5945 veneris
2370 5888 2640 5958 pulverea:
2670 5887 2722 5941 in
2749 5901 2873 5942 acre
2901 5894 3166 5954 stantem,
3197 5901 3355 5955 quam
3383 5885 3495 5941 haec
3522 5927 3536 5953 ,
3570 5902 3709 5942 tiunc
