4120 6400
379 396 616 481 δη,

377 513 628 568 maxime.
656 509 753 567 Cui
791 509 936 566 enim
975 523 1083 564 non
1115 517 1240 564 sunt
1267 509 1537 579 subjecti?
1581 508 1652 563 lis
1695 508 1785 578 qui
1815 508 1963 577 ipsos

380 612 582 670 amant,
611 603 871 658 eunuchis
889 644 904 668 ,
939 602 1004 656 iis
1032 602 1120 672 qui
1151 602 1392 670 pecuniae
1419 600 1590 671 gratia
1622 598 1825 654 faciunt
1849 613 1965 653 om-

377 700 486 761 nia,
522 697 615 749 irze
643 695 819 764 populi
846 735 860 761 ,
895 695 1255 763 potentiorum
1306 692 1682 762 indignationi.
1712 690 1815 757 Qui
1846 689 1963 744 heri

378 789 625 843 sublimis
668 790 719 842 in
768 787 1053 849 tribunali,
1102 785 1331 842 habebat
1375 798 1655 855 praecones
1695 785 1804 837 alta
1832 797 1966 838 voce

376 882 707 943 clamantes,
752 890 807 934 et
850 880 1046 934 multos
1073 887 1497 948 praecurrentes,
1528 887 1583 933 et
1620 878 1674 932 in
1710 877 1828 932 foro
1869 892 1965 930 su-

381 972 543 1040 perbe
570 983 624 1026 et
654 972 885 1042 gloriose
915 970 1241 1035 incedentes,
1272 980 1357 1025 est
1378 969 1537 1024 hodie
1556 969 1697 1033 vilis,
1723 968 1962 1034 humilis,

378 1068 640 1136 abjcctus,
686 1066 755 1119 ab
793 1064 1042 1120 omnibus
1088 1064 1193 1119 illis
1233 1063 1479 1119 desertus
1513 1072 1568 1117 et
1609 1062 1801 1127 nudus,
1832 1072 1966 1117 tam-

377 1172 537 1225 quam
573 1156 744 1226 pulvis
778 1156 1117 1221 eventilatas,
1149 1164 1419 1224 tamquam
1450 1154 1590 1209 unda
1616 1170 1734 1224 quae
1771 1164 1964 1223 praete-

309 1236 313 1240 .
376 1248 471 1302 riit
496 1247 601 1319 (a).
632 1246 782 1302 Sicut
816 1256 995 1301 autem
1037 1247 1213 1316 pulvis
1241 1246 1503 1301 excitatur
1529 1262 1558 1299 a
1588 1246 1784 1299 nostris
1817 1244 1967 1314 pedi-

379 1339 507 1407 bus,
557 1340 628 1393 ita
657 1339 821 1394 etiam
859 1338 1134 1407 pariuntur
1161 1337 1506 1407 magistratus
1531 1336 1599 1391 ab
1634 1337 1700 1391 iis
1733 1337 1821 1406 qui
1845 1351 1965 1390 ver—

379 1442 566 1485 santur
592 1429 647 1485 in
676 1429 941 1500 pecuniis,
983 1438 1037 1484 et
1065 1430 1118 1483 in
1150 1438 1260 1483 tota
1291 1428 1392 1483 vita
1435 1428 1611 1483 locum
1641 1437 1696 1481 et
1720 1426 1964 1481 ordinem

378 1525 580 1581 habent
622 1525 817 1594 pedum
851 1539 866 1577 :
894 1533 950 1579 et
978 1524 1117 1578 sicut
1143 1523 1319 1592 pulvis
1362 1522 1576 1592 quidem
1603 1537 1724 1575 cum
1754 1520 1964 1575 extolli-

378 1629 486 1680 tur,
516 1632 762 1688 magnam
794 1627 999 1687 partem
1032 1624 1179 1671 tenet
1204 1616 1366 1680 aeris,
1397 1616 1511 1685 ipse
1539 1625 1716 1669 autem
1741 1622 1824 1669 est
1850 1628 1965 1666 mo-

378 1707 533 1762 dicus
561 1725 573 1761 :
607 1709 677 1761 ita
703 1707 863 1762 etiam
892 1707 1237 1776 magistratus
1264 1725 1278 1761 :
1308 1715 1365 1762 et
1407 1708 1547 1761 sicut
1589 1705 1765 1774 pulvis
1789 1719 1965 1758 excae-

379 1810 467 1855 cat
492 1800 696 1867 oculos,
728 1801 800 1854 ita
827 1800 988 1856 etiam
1022 1798 1189 1854 fastus
1222 1798 1549 1869 principatus
1583 1797 1740 1853 orbat
1773 1797 1966 1851 mentis

379 1894 586 1949 oculos.

459 1984 726 2051 Quomodo
752 1984 943 2038 divitiae
984 2000 1128 2039 vana:
1166 1984 1267 2038 sint
1289 1994 1336 2038 et
1364 2000 1456 2039 nos
1499 1982 1773 2052 aliquando
1817 1981 1966 2052 igno-

386 2080 546 2133 minia
583 2078 822 2150 aﬂiciant.
858 2077 1132 2132 Theodosii
1176 2079 1492 2146 imperatoris
1537 2078 1591 2131 in
1630 2076 1968 2130 Antiocltenos

384 2175 486 2226 ira.
517 2202 590 2211 —
612 2171 722 2226 Sed
749 2170 921 2241 quid?
965 2171 1049 2225 vis
1078 2170 1410 2225 excutiamus
1454 2184 1567 2225 rem
1597 2169 1751 2223 valde
1777 2177 1968 2236 optan-

384 2262 534 2330 dam,
568 2278 762 2332 nempe
811 2261 1073 2317 divitias?
1104 2262 1238 2330 Age,
1266 2276 1358 2317 cas
1386 2258 1656 2330 sigillatim
1699 2259 1969 2313 examine-

384 2371 526 2412 mus.
554 2355 763 2410 llabent
793 2355 1012 2410 delicias
1032 2396 1047 2419 ,
1080 2354 1277 2410 habent
1334 2354 1566 2409 honores
1590 2394 1605 2419 ,
1640 2352 1837 2408 habent
1876 2366 1969 2421 po-

389 2449 633 2504 tentiam.
662 2449 837 2517 Atque
892 2448 1121 2518 primum
1174 2446 1425 2515 quidem,
1458 2447 1500 2500 si
1538 2446 1653 2511 vis,
1698 2445 1970 2501 examine-

384 2557 505 2595 nius
535 2540 757 2596 delicias
781 2557 796 2595 :
827 2554 1005 2596 annon
1034 2556 1111 2595 ea:
1137 2548 1265 2595 sunt
1289 2539 1505 2610 pulvis?
1533 2540 1641 2593 imo
1660 2553 1789 2594 vero
1812 2540 1971 2593 citius

383 2635 605 2702 pulvere
652 2641 932 2688 transeunt
983 2652 997 2688 :
1053 2648 1175 2687 nam
1225 2631 1293 2686 ad
1340 2632 1574 2703 linguam
1622 2645 1791 2701 usque
1841 2644 1969 2699 per-

386 2726 541 2794 tingit
596 2726 841 2795 voluptas
894 2724 1251 2789 deliciarum;
1304 2739 1425 2779 cum
1484 2732 1665 2777 autem
1721 2722 1971 2792 impletus

384 2818 548 2875 fuerit
593 2828 803 2884 venter,
833 2833 901 2873 ne
930 2817 998 2872 ad
1045 2817 1281 2887 linguam
1308 2815 1522 2886 quidem
1554 2830 1743 2888 usque.
1772 2815 1842 2870 At
1871 2815 1972 2886 ipsi

387 2913 646 2971 honores.
682 2911 874 2979 inquit,
905 2919 1032 2966 sunt
1058 2926 1149 2967 res
1178 2910 1358 2965 suavis
1390 2916 1447 2964 et
1467 2908 1720 2977 jucunda.
1754 2909 1818 2963 Et
1845 2907 1973 2979 quid

388 3012 472 3059 est
498 3003 589 3057 illo
614 3003 819 3058 honore
840 3002 1135 3067 insuavius,
1152 3016 1273 3055 cum
1302 2999 1562 3057 habeatur
1584 3008 1799 3070 propter
1819 3014 1973 3054 usum

392 3093 674 3162 pecunia?
715 3093 850 3150 Cum
894 3109 998 3147 non
1047 3093 1308 3148 habeatur
1348 3108 1416 3147 ex
1461 3092 1627 3147 libera
1673 3092 1972 3159 electione,

392 3201 566 3253 neque
593 3200 658 3240 ex
704 3184 881 3253 aliqua
910 3184 1073 3239 animi
1098 3184 1393 3249 alacritate,
1427 3198 1532 3239 non
1562 3194 1616 3238 tu
1658 3183 1851 3239 frueris
1878 3183 1975 3238 ho-

394 3294 545 3343 nore,
578 3278 669 3332 sed
699 3277 918 3333 divitiae.
952 3277 1310 3345 Quamobrem
1343 3276 1443 3332 hoc
1472 3278 1645 3345 ipsum
1687 3277 1811 3332 facit
1836 3276 1976 3332 divi-

394 3383 502 3425 tem
536 3371 767 3424 maxime
795 3370 1033 3424 omnium
1063 3368 1460 3423 inhonoratum.
1487 3367 1644 3435 Nam,
1665 3366 1976 3439 dic,qu:eso,

390 3465 436 3517 si
467 3472 518 3517 te
544 3461 830 3517 habentem
856 3460 1089 3515 amicum
1112 3476 1299 3515 onmes
1321 3458 1669 3527 honorarent,
1689 3460 1981 3515 faterentur

394 3565 572 3609 autem
603 3563 655 3608 te
698 3552 913 3624 quidem
946 3553 1145 3607 nullius
1187 3567 1308 3607 esse
1332 3552 1512 3622 pretii,
1543 3566 1763 3607 necesse
1801 3559 1979 3607 autem

396 3661 515 3701 esse
542 3654 598 3699 ut
625 3654 844 3713 propter
873 3643 1024 3697 illum
1056 3654 1106 3697 te
1136 3643 1423 3706 honorent,
1455 3642 1724 3712 quomodo
1754 3653 1804 3699 te
1832 3644 1978 3714 igno-

396 3739 559 3794 minia
612 3738 769 3792 aliter
816 3737 987 3805 magis
1044 3736 1399 3792 affecissent?
1447 3735 1630 3807 Itaque
1679 3736 1983 3807 ignominiaa

397 3846 557 3887 causa
587 3840 719 3886 sunt
749 3829 908 3884 nobis
931 3829 1157 3894 divitiae,
1188 3838 1246 3882 ut
1272 3843 1391 3898 quae
1430 3828 1561 3898 ipsis
1588 3828 1984 3897 possessoribus

399 3924 509 3977 sint
540 3923 708 3992 magis
757 3920 1056 3985 honoratae,
1090 3929 1144 3975 et
1186 3918 1573 3974 imbecillitatis
1600 3918 1854 3973 indicium
1885 3933 1983 3987 po-

400 4015 509 4068 tius
534 4028 691 4083 quam
724 4012 999 4082 potentiae.
1044 4010 1328 4078 Quomodo
1370 4025 1500 4080 ergo
1527 4025 1632 4064 non
1673 4019 1757 4065 est
1794 4010 1985 4064 absur-

404 4109 554 4170 dum,
589 4116 728 4160 terra
773 4114 828 4159 et
856 4104 1039 4159 cinere
1069 4103 1199 4173 (hoc
1222 4103 1365 4157 enim
1406 4111 1489 4157 est
1512 4102 1723 4171 aurum)
1753 4117 1853 4156 nos
1878 4118 1984 4156 non

400 4197 691 4254 existimari
708 4210 829 4249 esse
843 4194 1052 4264 dignos,
1084 4193 1178 4248 sed
1196 4206 1292 4247 nos
1311 4202 1529 4261 prepter
1545 4191 1671 4246 illud
1699 4192 1987 4246 honorari?

401 4290 467 4344 Et
485 4289 692 4343 merito.
712 4286 828 4341 Non
848 4287 918 4340 ita
944 4300 1070 4339 vero
1089 4284 1312 4339 affectus
1336 4292 1418 4339 est
1436 4283 1738 4337 divitiarum
1757 4291 1991 4339 contem-

400 4392 552 4444 ptor;
574 4379 762 4433 melius
778 4387 861 4432 est
883 4376 1023 4431 enim
1047 4391 1153 4430 non
1172 4374 1420 4429 honorari
1442 4391 1598 4445 quam
1618 4374 1694 4430 sic
1714 4375 1986 4430 honorari.

402 4471 666 4537 Nam,dic,
693 4484 895 4540 quaeso,
933 4468 979 4523 si
1000 4468 1121 4538 quis
1152 4466 1247 4521 tibi
1274 4466 1498 4533 diceret,
1525 4465 1681 4522 Nullo
1708 4476 1758 4521 te
1789 4467 1993 4521 honore

404 4566 624 4634 dignum
649 4577 769 4618 esse
793 4561 1062 4626 existimo,
1081 4559 1174 4615 sed
1193 4570 1414 4629 propter
1432 4558 1665 4614 famulos
1684 4569 1804 4614 tuos
1823 4567 1876 4613 te
1896 4559 1992 4613 ho-

406 4671 540 4710 noro
564 4671 578 4718 ;
610 4670 676 4708 an
706 4653 805 4706 hac
840 4652 1126 4723 ignominia
1149 4660 1324 4720 potest
1347 4650 1636 4720 quidquam
1658 4666 1779 4706 esse
1802 4650 1992 4720 pejus?

405 4752 460 4804 Si
484 4759 660 4803 autem
684 4756 905 4818 propter
946 4761 1131 4801 servos
1160 4754 1313 4815 turpe
1339 4754 1422 4799 est
1448 4744 1721 4808 honorari,
1754 4746 1843 4811 qui
1871 4753 1996 4798 sunt

406 4842 693 4913 participes
719 4838 959 4908 ejusdem
985 4838 1136 4907 cujus
1156 4852 1253 4892 nos
1279 4836 1472 4890 animae
1494 4844 1550 4889 et
1571 4844 1805 4891 naturae:
1826 4834 1996 4888 multo

407 4933 579 5005 magis
607 4941 825 5004 propter
851 4947 911 4986 ea
941 4945 1059 5000 quae
1091 4937 1215 4983 sunt
1242 4929 1324 4982 his
1345 4928 1554 4992 viliora,
1584 4927 1886 4988 domorum,
1911 4926 1997 4979 in-

410 5042 592 5098 quam,
625 5025 857 5095 parietes
886 5030 942 5077 et
968 5021 1125 5086 atria,
1155 5029 1210 5074 et
1231 5035 1355 5074 vasa
1387 5034 1547 5072 aurea
1576 5028 1631 5075 et
1651 5026 1848 5073 vestes.
1875 5016 2000 5070 Hazc

410 5136 537 5175 vere
564 5126 689 5173 sunt
715 5117 938 5171 ridicula
966 5124 1017 5170 et
1048 5113 1293 5183 pudenda
1319 5131 1332 5166 :
1356 5113 1550 5168 melius
1572 5120 1657 5167 est
1681 5112 1817 5165 mori
1841 5125 2003 5180 quam

412 5215 491 5265 sic
520 5208 793 5266 honorari.
836 5209 928 5261 Dic
964 5207 1106 5261 enim
1136 5206 1288 5271 mihi,
1320 5204 1364 5259 si
1391 5212 1445 5258 te
1472 5205 1525 5256 in
1552 5203 1652 5258 hoc
1693 5202 1830 5256 fastu
1869 5202 2002 5272 peri-

413 5304 691 5358 clitantem
718 5301 838 5355 vilis
863 5298 1128 5369 quispiam
1180 5307 1234 5349 et
1271 5294 1615 5364 despuendus
1640 5295 1707 5348 ab
1736 5293 1838 5349 hoc
1865 5293 2003 5361 peri-

374 5444 378 5452 .
418 5396 540 5450 culo
569 5394 731 5448 vellet
762 5393 1016 5454 liberare,
1049 5388 1303 5459 quidnam
1334 5387 1439 5441 hoc
1462 5396 1605 5441 esset
1638 5386 1822 5455 pejus?
1851 5384 2002 5452 Quod

415 5500 596 5545 autem
640 5487 707 5541 de
749 5485 963 5540 civitate
994 5484 1131 5537 inter
1181 5497 1275 5534 vos
1331 5479 1532 5545 dicitis,
1564 5480 1688 5532 volo
1732 5478 1882 5531 vobis
1927 5478 2004 5532 di-

420 5597 563 5640 cere.
590 5580 666 5651 (b)
696 5577 834 5634 Eum
860 5578 948 5648 qui
981 5592 1159 5630 rerum
1188 5573 1494 5644 potiebatur
1518 5568 1805 5639 aliquando
1835 5567 2006 5622 oll‘en-

484 5740 558 5799 (α)
582 5735 659 5785 De
669 5734 1141 5799 Eutropioiiunucho
1164 5739 1322 5780 actum
1349 5728 1500 5778 fuitin
1521 5728 1693 5775 διυηὶιο
1716 5737 1875 5787 supra.
1898 5732 2008 5773 Nam

423 5796 584 5853 deet)
619 5806 814 5860 prorsus
844 5798 971 5858 loqui
1005 5796 1215 5845 videtur.
1326 5856 1333 5860 _
1407 5852 1419 5860 ι
1762 5848 1774 5860 λ
1827 5850 1857 5860 __

487 5863 560 5926 tit)
586 5848 642 5911 tu
684 5848 1008 5922 sequentibus
1030 5860 1232 5920 carptim
1258 5856 1360 5917 agit
1391 5852 1454 5903 de
1487 5851 1729 5902 seditione
1747 5848 2008 5901 Antioche-

1142 390 1200 448 S.
1244 391 1520 449 JOANNIS
1556 391 2026 448 Clll’tYSOSTOMI
2063 392 2383 448 ARCHIEP.
2423 394 2953 451 CONSTANTINOP.

3549 396 3651 450 343

2075 508 2152 563 dit
2192 522 2371 565 nostra
2399 514 2609 573 civitas.
2638 520 2694 567 et
2715 514 2873 581 jussit
2898 527 3018 567 eam
3044 511 3213 566 everti
3244 510 3499 576 funditus,
3530 526 3648 566 cum

2071 608 2218 671 viris,
2241 606 2421 675 pueris
2446 606 2781 661 ctdomibus.
2802 605 2959 660 Tales
2992 606 3133 660 enim
3175 614 3299 660 sunt
3325 606 3417 659 ira:
3443 620 3647 674 regum:

2072 698 2320 768 potestati
2351 706 2606 767 quantum
2640 698 2822 752 volunt
2872 697 3148 767 indulgent
3180 715 3194 746 :
3225 705 3428 751 tantum
3456 698 3652 751 malum

2072 798 2154 843 est
2172 799 2428 860 potestas.
2457 791 2723 861 Eratergo
2751 791 2802 844 in
2834 790 3089 845 extremis
3111 789 3383 859 periculis.
3409 789 3532 844 Haec
3558 805 3649 843 au-

2073 895 2181 938 tem
2198 884 2370 939 vicina
2388 885 2576 939 civitas
2593 883 2855 938 maritima
2875 883 3080 952 rogavit
3097 897 3193 952 pro
3208 882 3359 936 nobis
3372 882 3650 951 Imperato-

2072 991 2184 1030 rem
2206 994 2220 1030 :
2238 977 2328 1047 qui
2347 986 2523 1030 autem
2543 985 2778 1030 nostram
2796 974 2968 1027 habita
2978 972 3653 1038 bantcivitatem,dicebant

2072 1068 2177 1124 hoc
2203 1083 2324 1123 esse
2353 1068 2504 1137 pejus
2526 1082 2686 1138 quam
2715 1068 2853 1121 dirui
2886 1066 3176 1121 civitatem.
3214 1063 3358 1118 Adeo
3383 1064 3461 1118 sic
3487 1063 3654 1117 hono-

2071 1163 2176 1216 rari
2208 1161 2360 1231 pejus
2386 1168 2485 1226 est,
2516 1175 2675 1230 quam
2716 1159 3005 1229 ignominia
3032 1157 3191 1213 affici.
3220 1157 3354 1211 Vide
3390 1156 3531 1211 enim
3565 1173 3652 1210 un-

2072 1253 2264 1307 denam
2289 1252 2499 1307 radices
2528 1259 2649 1321 agat
2676 1250 2866 1305 honor.
2898 1248 3201 1320 Coquorum
3242 1263 3432 1303 manus
3458 1248 3649 1302 faciunt

2072 1354 2132 1398 ut
2158 1360 2253 1398 nos
2284 1342 2611 1397 honoremur
2635 1359 2650 1407 ;
2682 1341 3027 1412 quamobrem
3054 1341 3161 1394 illis
3184 1340 3437 1394 debemus
3457 1338 3654 1394 habere

2071 1436 2296 1505 gratiam
2327 1452 2340 1488 :
2368 1443 2425 1489 et
2464 1434 2671 1489 subulci
2713 1435 2908 1487 lautam
2956 1432 3254 1502 praebentes
3298 1446 3559 1496 mensam,
3600 1439 3656 1484 et

2074 1542 2311 1585 textores
2347 1538 2403 1583 et
2447 1527 2665 1594 lanifici,
2699 1538 2753 1581 et
2787 1527 2874 1596 qui
2908 1525 3122 1580 metalla
3150 1533 3459 1594 operantur,
3488 1532 3541 1577 et
3565 1523 3655 1593 qui

2073 1623 2341 1693 placentas
2368 1621 2641 1686 condiunt,
2668 1623 2756 1689 qui
2786 1628 2839 1673 et
2864 1632 3076 1673 mensas
3104 1624 3371 1671 sternunt.

2144 1716 2198 1770 4.
2235 1716 2424 1769 Annon
2471 1728 2599 1783 ergo
2646 1711 2837 1765 melius
2885 1718 2968 1764 est
3014 1724 3123 1763 non
3180 1706 3449 1769 honorari,
3495 1720 3652 1776 quam

2078 1810 2199 1863 talis
2227 1807 2452 1862 honoris
2483 1807 2589 1860 illis
2617 1804 2816 1861 habere
2838 1804 3083 1875 gratiam.
3122 1801 3324 1856 Prmter
3344 1800 3457 1853 haec
3478 1808 3653 1853 autem

2073 1901 2215 1971 quod
2271 1900 2539 1954 ditescere
2587 1899 2805 1968 plenum
2852 1896 2923 1950 sit
2969 1894 3279 1965 ignominia,
3330 1907 3428 1962 ego
3472 1902 3656 1960 aperte

2074 1996 2311 2050 conabor
2357 1992 2663 2048 ostendere.
2692 1991 2925 2060 Turpem
2955 1989 3079 2044 facit
3122 1988 3351 2041 animam
3384 2005 3397 2040 :
3425 1984 3551 2055 quid
3575 1993 3657 2040 est

2074 2100 2249 2143 autem
2284 2088 2385 2141 hoc
2413 2072 2859 2157 iguominiosius?
2886 2083 3037 2142 Nam.
3057 2081 3374 2150 dic,qua:so,
3399 2079 3441 2133 si
3463 2092 3657 2147 corpus

2074 2195 2216 2237 esset
2242 2181 2563 2253 speciosum.
2613 2188 2666 2234 et
2695 2192 2885 2233 omnes
2923 2190 3184 2246 superans
3224 2173 3653 2245 pulchritudine;

2075 2275 2393 2331 accedentes
2436 2281 2612 2328 autem
2641 2271 2839 2327 divitiae
2878 2270 3262 2342 pollicerentur
3308 2282 3367 2321 se
3411 2265 3462 2319 id
3503 2275 3658 2332 turpe

2078 2370 2331 2425 facturas.
2362 2376 2416 2422 et
2460 2381 2556 2435 pro
2584 2380 2715 2419 sano
2758 2371 3040 2433 agrotum,
3074 2375 3171 2431 pro
3203 2360 3336 2415 bene
3362 2358 3659 2427 composito

2080 2459 2339 2515 tumidum
2392 2467 2447 2511 et
2503 2456 2931 2519 inflammatum;
2981 2462 3036 2508 et
3088 2451 3335 2507 omnibus
3406 2449 3660 2504 membris

2078 2553 2340 2606 intercute
2366 2549 2586 2620 repletis
2634 2547 2909 2602 inﬂassent
2936 2546 3149 2616 quidem
3181 2543 3367 2599 faciem
3390 2583 3405 2608 ,
3430 2552 3485 2597 et
3512 2541 3659 2597 omni

2076 2659 2141 2699 cx
2175 2653 2330 2714 parte
2352 2641 2607 2695 tumidam
2632 2639 2939 2701 redderent,
2968 2637 3129 2707 pedes
3148 2650 3360 2706 quoque
3386 2634 3662 2689 inﬂassent

2079 2744 2132 2791 et
2165 2734 2404 2789 trabibus
2432 2732 2688 2788 fecissent
2713 2731 3005 2801 graviores,
3030 2728 3303 2783 inflassent
3326 2736 3379 2781 et
3398 2737 3657 2786 ventrem,

2078 2838 2133 2884 et
2159 2828 2463 2884 effecissent
2503 2824 2761 2895 majorem
2801 2823 2989 2893 quovis
3017 2820 3161 2876 dolio
3185 2837 3199 2885 ;
3231 2831 3414 2889 postea
3440 2832 3568 2873 vero
3594 2833 3663 2872 ne

2081 2923 2146 2976 iis
2175 2919 2414 2990 quidem,
2447 2917 2535 2988 qui
2563 2916 2763 2971 vellent
2786 2928 2996 2978 curare,
3025 2927 3082 2967 se
3114 2913 3469 2982 pet-missuras
3497 2907 3662 2979 profi-

2081 3013 2363 3082 terentur(
2392 3026 2456 3067 ea
2481 3011 2621 3066 enim
2648 3018 2731 3064 est
2755 3008 2917 3062 nimia
2946 3004 3227 3077 potestas),
3256 3004 3350 3060 sed
3376 3020 3433 3058 se
3463 3012 3662 3058 tantam

2081 3109 2300 3165 daturas
2341 3121 2462 3162 esse
2511 3104 2836 3168 libertatem,
2889 3111 2947 3156 ut
3000 3101 3045 3155 'si
3093 3099 3214 3168 quis
3262 3096 3548 3153 accederet
3596 3094 3664 3150 ad

2083 3206 2256 3274 ipsum
2288 3199 2622 3257 liberandum
2666 3213 2695 3251 a
2727 3195 2925 3261 noxiis,
2966 3208 3087 3248 enm
3135 3202 3317 3247 essent
3357 3190 3661 3259 punitum:

2084 3314 2149 3351 an
2182 3294 2311 3366 quid
2340 3292 2647 3353 immanius.
2675 3303 2878 3360 qumso,
2908 3285 3095 3342 esset?
3119 3284 3253 3340 Cum
3295 3297 3424 3352 ergo
3464 3280 3667 3336 divitia:

2084 3393 2162 3448 sic
2185 3391 2419 3445 animam
2464 3385 2718 3449 afﬁciant,
2745 3380 3013 3452 quomodo
3052 3394 3139 3434 res
3166 3375 3387 3449 pulchra
3430 3373 3669 3429 fuerint?

2085 3482 2192 3539 Sed
2220 3480 2383 3537 nimia
2412 3487 2647 3549 potestas
2674 3484 2755 3531 est
2782 3475 2898 3543 ipso
2925 3470 3111 3527 morbo
3134 3469 3385 3541 gravior:
3415 3476 3670 3540 aegrotan-

2089 3587 2196 3630 tem
2223 3574 2366 3630 enim
2394 3588 2461 3627 ne
2492 3568 2820 3625 medicorum
2850 3565 3062 3635 quidem
3104 3579 3295 3635 parere
3335 3561 3561 3632 legibus,
3589 3569 3670 3613 est

2087 3669 2306 3739 gravius
2332 3680 2491 3736 quam
2518 3670 2796 3734 tngrotare.
2828 3659 2981 3727 Quod
3025 3658 3221 3714 habent
3251 3664 3306 3712 et
3350 3654 3566 3718 divitia),
3594 3653 3672 3708 fa-

2090 3763 2297 3817 cientes
2344 3757 2491 3814 omui
2541 3772 2605 3811 ex
2658 3764 2809 3824 parte
2858 3755 3214 3807 intumescere
3257 3760 3314 3805 et
3356 3746 3670 3804 inflammari

2090 3854 2348 3917 animam,
2373 3862 2427 3905 et
2453 3850 2798 3920 prohibentes
2826 3846 3061 3901 medicos
3099 3842 3376 3899 accedere.
3401 3839 3670 3909 Quamob-

2094 3963 2208 4002 rem
2249 3954 2472 4015 propter
2498 3942 2714 3997 nimiam
2746 3948 3063 4011 potestatem
3095 3952 3161 3992 ne
3202 3950 3298 3992 eos
3339 3934 3523 3989 beatos
3550 3946 3674 4000 pro—

2090 4041 2418 4103 nuntiemus,
2452 4037 2545 4092 sed
2591 4051 2774 4090 eorum
2807 4035 3177 4089 misereamur.
3220 4030 3401 4100 Neque
3438 4029 3599 4091 enim,
3627 4026 3673 4081 si

2094 4145 2228 4200 aqua
2256 4130 2521 4184 intercute
2543 4127 2809 4197 jacentem
2838 4124 3086 4189 viderim,
3117 4131 3170 4177 et
3198 4122 3464 4177 neminem
3487 4128 3675 4174 vetan-

2096 4231 2201 4275 tem
2227 4220 2513 4289 quominus
2536 4228 2661 4287 potu
2690 4215 2975 4285 impleatur
2995 4220 3249 4285 quantum
3278 4211 3406 4267 velit
3430 4218 3484 4266 et
3502 4209 3677 4266 noxiis

2095 4312 2367 4371 carnibus.
2400 4325 2520 4365 cum
2555 4309 2767 4363 beatum
2796 4306 3022 4361 dixerim
3055 4313 3271 4374 propter
3301 4318 3419 4357 eam
3448 4311 3679 4372 potesta-

2099 4418 2225 4461 tem.
2256 4406 2501 4460 Potestas
2545 4403 2685 4456 enim
2738 4417 2841 4455 non
2882 4409 3203 4467 estsemper
3233 4396 3392 4462 bona,
3423 4395 3559 4451 sicut
3581 4409 3681 4449 nec

2098 4500 2332 4555 honores
2363 4516 2375 4550 :
2404 4512 2527 4551 nam
2558 4512 2635 4549 ese
2666 4493 2910 4563 superbia
2944 4492 3165 4560 implent
3188 4498 3241 4545 et
3267 4490 3590 4557 arrogantia.
3624 4488 3677 4541 Si

2100 4605 2276 4647 autem
2305 4591 2478 4645 nolles
2506 4602 2702 4656 corpus
2732 4587 2976 4640 morbum
3003 4584 3276 4651 suscipere
3298 4597 3417 4636 cum
3443 4579 3640 4634 divitiis
3665 4620 3679 4641 ,

2099 4686 2366 4758 quomodo
2418 4683 2647 4751 despicis
2703 4681 2954 4745 animam,
2999 4694 3102 4733 non
3158 4676 3294 4730 hanc
3343 4675 3536 4739 solum,
3588 4672 3680 4726 sed

2102 4782 2259 4836 aliam
2305 4792 2518 4847 quoque
2576 4775 2953 4843 suscipientem
3018 4769 3391 4840 punitionem?
3443 4766 3684 4834 Undique

2102 4876 2244 4929 enim
2299 4879 2490 4926 mstuat
2533 4867 2770 4922 febribus
2813 4875 2869 4920 et
2907 4860 3447 4924 inﬂammationibus;
3481 4857 3683 4913 febrem

2105 4966 2251 5020 illam
2309 4977 2468 5017 nemo
2522 4967 2699 5029 petest
2754 4957 3135 5025 exstinguere:
3171 4970 3275 5007 non
3325 4953 3506 5007 sinunt
3538 4950 3682 5003 enim

2105 5059 2349 5120 divitiaa,
2407 5063 2591 5123 utpote
2638 5068 2757 5121 quae
2808 5050 3122 5104 detrimenta
3185 5045 3505 5115 persuadent
3567 5057 3689 5098 esse

2107 5148 2385 5205 commoda
2418 5165 2430 5199 :
2459 5146 2636 5210 velut,
2670 5143 2935 5197 neminem
2978 5141 3260 5204 sustinere,
3310 5146 3365 5191 et
3409 5152 3500 5206 per
3543 5151 3722 5210 sum»:

2108 5258 2249 5297 mam
2296 5239 2562 5293 licentiam
2611 5235 2788 5289 omnia
2829 5248 3005 5303 agere.
3056 5231 3172 5285 Non
3215 5231 3355 5284 enim
3402 5229 3559 5281 aliain
3604 5228 3725 5295 in-l

2111 5365 2311 5407 norum,
2337 5350 2422 5411 qui
2462 5348 2809 5411 Imperatrieisg
2833 5352 3015 5411 statuas
3058 5349 3364 5411 everterunt.
3400 5341 3505 5411 Qua
3536 5340 3601 5388 de
3634 5352 3691 5387 re

2110 5404 2387 5473 indigna-tus
2418 5404 2746 5473 'l‘hetidosius.
2771 5409 3015 5473 civitatem
3039 5404 3162 5453 male
3188 5405 3440 5473 mulctare,
3468 5405 3564 5451 imo
3583 5415 3692 5472 per-

2110 5466 2239 5524 dere
2254 5476 2476 5536 parabat;
2502 5472 2591 5521 sed
2616 5472 2811 5536 tandem
2833 5466 3420 5536 ira_scdata_antiochenis
3446 5466 3691 5536 pepercit.

2111 5538 2203 5589 Hic
2228 5527 2593 5599 q'umrilurquge
2625 5534 2688 5581 sit
2720 5530 2799 5580 illa
2836 5532 2955 5579 urbs
2989 5528 3273 5599 Antiochiae
3299 5527 3535 5599 vicina'ad
3559 5539 3692 5574 oram

2113 5589 2261 5648 maris
2282 5600 2391 5655 sita,
2417 5589 2527 5658 quae
2551 5595 2911 5658 Imperatorem
2938 5593 3145 5658 rogavit,
3172 5598 3226 5639 ut
3247 5589 3565 5658 Antiochenis
3590 5600 3695 5658 par-

2116 5668 2273 5710 ceret.
2303 5650 2502 5718 Quidam
2524 5650 2694 5719 putant
2714 5653 2993 5719 Seleuciam
3016 5652 3197 5719 fuisse:
3224 5652 3312 5719 sed
3336 5651 3489 5699 resin
3508 5650 3696 5719 incerto

2114 5711 2351 5770 versatur.
2382 5711 2703 5779 Quod'autem
2726 5715 2973 5779 singulare
2990 5716 3184 5779 omnino
3207 5714 3419 5772 videtur;
3435 5711 3695 5779 malebant,

2117 5787 2269 5845 inquit
2293 5774 2673 5845 Chrvsostomus,
2696 5774 2980 5845 _Anti6_cheni
3014 5778 3199 5840 perire,
3228 5788 3371 5839 quam
3405 5778 3541 5825 istius
3562 5774 3698 5824 urbis

2120 5839 2292 5909 rogatu
2314 5858 2341 5893 a
2360 5839 2492 5899 tanto
2522 5839 2741 5907 periculo
2768 5842 2907 5905 eripi.
