4120 6400
364 536 435 589 τά
464 536 611 589 ὄντα.
649 537 713 589 Τί
747 536 852 607 γάρ
887 537 1065 607 βούλει
1098 539 1306 604 είπεῖν;
1345 538 1446 602 τάς
1494 538 1667 610 ἀρχὰς
1710 537 1928 599 καὶτὰς

362 624 713 687 δυναστείαςς
770 625 961 679 τούτου
1017 626 1126 697 γὰρ
1180 626 1336 679 οὐδὲν
1372 626 1518 680 δοκεῖ
1567 627 1933 695 ζηλωτότερον

364 710 502 765 εἶναι
530 715 587 764 ἐν
615 713 693 783 τῷ
723 715 951 784 παρόντι
985 714 1105 784 βίῳ.
1150 716 1312 769 Ἀλλά
1352 716 1443 768 τὸν
1476 715 1755 784 κονιορτὸν
1781 713 1933 782 εὖροι

364 816 446 861 τις
490 798 555 852 ἂν
598 801 794 870 μᾶλλον
834 802 925 854 ἐπὶ
972 802 1066 855 τοῦ
1105 802 1266 873 ἀέρος
1318 804 1628 870 ἱστάμενον,
1664 802 1696 872 ἢ
1737 801 1929 863 ταῦτα,

367 886 599 956 μάλιστα
625 888 742 943 νῦν.
776 890 893 943 Τίνι
924 890 1032 960 γάρ
1061 890 1157 961 οὐχ
1196 890 1542 956 ὑπόκεινται;
1577 891 1619 942 Τ
1622 893 1701 951 οῖς
1732 888 1931 959 ἐρῶσιν

363 974 567 1035 αὑτῶν,
597 978 706 1039 τοῖς
757 976 1050 1047 εὐνούχοις,
1087 980 1199 1040 τοῖς
1248 976 1357 1030 τῶν
1406 978 1703 1049 χρημάτων
1746 978 1932 1030 ἕνεκεν

366 1062 578 1115 ἅπαντα
617 1063 937 1133 πράττουσι,
983 1064 1139 1135 θυμῷ
1168 1065 1363 1133 δήμου,
1401 1066 1592 1133 ὀργαῖς
1619 1066 1726 1118 τῶν
1772 1064 1932 1116 δυνα-

364 1150 636 1219 τωτέρων.
682 1152 741 1203 Ὀ
775 1152 903 1221 χθὲς
930 1153 1023 1206 ἐπὶ⁵
1050 1153 1141 1205 τοῦ
1176 1152 1421 1223 βήματος
1451 1153 1675 1224 ὑψηλὸς,
1704 1154 1732 1205 6
1762 1155 1931 1223 κήρυ-

363 1256 463 1302 κας
501 1239 639 1309 ἔχων
679 1240 908 1312 λαμπρᾷ
944 1244 1010 1312 τῇ
1061 1245 1211 1311 φωνῇ
1262 1242 1521 1312 βοῶντας,
1570 1245 1662 1296 ml
1704 1243 1932 1307 πολλοὺς

363 1328 487 1387 τοὺς
522 1329 918 1400 προτρέχοντας
953 1329 1048 1381 καλ⁵
1077 1328 1369 1392 σοϐοῦντας
1402 1330 1545 1383 κατά
1578 1330 1675 1400 τήν
1699 1330 1927 1401 ἀγορὰν,

364 1414 514 1486 Ιι575]
567 1417 805 1485 σήμερον
856 1416 1081 1486 εὐτελὴς
1138 1419 1233 1470 καὶ¹
1288 1416 1537 1479 ταπεινὸς
1571 1419 1667 1470 καὶ
1712 1417 1930 1471 πάντων

360 1504 584 1555 ἐκείνων
636 1503 839 1573 ἔρημος
894 1502 990 1555 καὶ
1041 1503 1280 1574 γυμνὸς,
1331 1503 1583 1575 καθάπερ
1656 1505 1926 1576 κονιορτὸς

360 1590 799 1660 ἀναῤῥιπισθεὶς,
832 1589 1085 1659 καθάπερ
1117 1590 1294 1661 ῥεῦμα
1330 1591 1619 1661 παρελθόν.
1662 1591 1928 1662 Καθάπερ

358 1677 415 1730 δὲ
450 1679 482 1746 ή
508 1678 656 1739 κόνις
694 1678 802 1731 ἀπὸ
836 1676 945 1729 τῶν
975 1677 1152 1730 ποδῶν
1178 1679 1454 1748 ἐγείρεται
1481 1678 1591 1731 τῶν
1613 1680 1926 1751 ἡμετέρωνο

358 1763 501 1817 οὕτω
530 1764 596 1835 δὴ
614 1764 707 1817 ml
739 1766 792 1817 αί
812 1765 981 1835 ἀρχαὶ
1009 1765 1116 1817 ἀπὸ
1143 1765 1349 1818 τούτων
1369 1765 1639 1819 τίκτονται
1666 1766 1772 1819 τῶν
1800 1769 1928 1837 περὶ

358 1851 427 1903 τὰ
454 1853 558 1921 χρή
570 1869 717 1921 ματα
751 1851 1154 1922 στρεφομένων,
1184 1853 1279 1906 καὶ
1308 1852 1483 1906 ποδῶν
1512 1853 1664 1918 τάξιν
1693 1853 1926 1923 ἐχόντων

356 1939 416 1991 ἐν
440 1941 601 1992 παντὶ
637 1938 716 2008 τῷ
767 1939 866 2009 βίῳ
891 1956 905 1969 ·
953 1939 1045 1992 καὶ
1076 1939 1329 2010 καθάπερ
1363 1942 1395 2009 ἡ
1438 1940 1606 2004 κόνις,
1644 1941 1774 1993 ὅταν
1825 1941 1926 2011 μὲν

355 2029 598 2097 αίρηται,
630 2027 765 2080 πολὺ
786 2026 950 2099 μέρος
976 2027 1194 2097 κατέχει
1214 2026 1307 2079 τοῦ
1337 2026 1674 2098 ἀέρος,αὐτὴ
1692 2027 1748 2082 δέ
1778 2030 1926 2082 ἐστιν

353 2115 533 2184 ὀλίγη,
564 2113 705 2167 οὑτω
734 2116 826 2167 ml
859 2116 891 2184 ὴ
932 2115 1107 2184 ἀρχή·
1142 2115 1236 2167 ml
1274 2113 1525 2184 καθάπερ
1568 2117 1601 2185 ή
1644 2116 1789 2179 κόνις
1838 2134 1926 2169 τυ-

354 2202 477 2270 φλοῖ
512 2204 640 2265 τοὺς
669 2203 1003 2273 ὀφθαλμοὺς,
1035 2203 1177 2256 οὕτω
1218 2204 1309 2255 καὶ
1346 2204 1446 2273 τῆς
1480 2204 1657 2274 ἀρχῆς
1702 2205 1729 2256 6
1758 2205 1925 2273 τῦφος

355 2293 522 2362 πηροῖ
550 2291 675 2353 τοὺς
706 2290 1019 2361 ὀφθαλμοὺς
1046 2290 1145 2362 τῆς
1174 2290 1428 2353 διανοίας.

432 2487 593 2539 Ἀλλά
616 2488 703 2552 τίς
738 2487 915 2557 βούλει
939 2491 1000 2542 τὸ
1030 2488 1361 2542 πολύευκτον
1388 2491 1617 2561 πρᾶγμα
1646 2490 1914 2555 ἐξετάσω-

352 2590 484 2643 μεν,
521 2576 612 2627 τὸν
645 2575 905 2641 πλοῦτον;
936 2577 1072 2646 Φέρε
1109 2577 1422 2648 καταμέρος
1460 2578 1620 2631 αὑτὸν
1654 2577 1920 2643 ἐξετάσω-

351 2678 469 2729 μεν.
510 2663 665 2732 Ἔχει
708 2664 954 2733 τρυφὴν,
1000 2663 1112 2734 ἔχει
1156 2665 1351 2733 τιμὰς,
1386 2665 1497 2734 ἔχει
1538 2666 1599 2717 τὸ
1635 2665 1914 2720 δύνασθαι.

347 2748 571 2818 Πρῶτον
600 2746 715 2811 οῦν,
740 2751 789 2802 εί
814 2751 1013 2821 βούλει,
1042 2751 1141 2819 τὴν
1162 2751 1373 2821 τρυφὴν
1396 2752 1739 2821 ἐξετάσωμεν
1760 2793 1775 2817 ,
1797 2754 1919 2823 οὑχὶ

346 2836 620 2906 κονιορτός
651 2839 801 2903 ἐστι;
830 2837 1031 2907 μᾶλλον
1063 2838 1119 2891 δὲ
1140 2838 1235 2890 ml
1259 2838 1448 2891 τούτου
1481 2839 1776 2910 ταχύτερον
1808 2857 1915 2893 πα-

349 2923 601 2993 ρατρέῆιει
625 2942 657 2980 ἰ
686 2925 847 2995 μέχρι
875 2924 982 2997 γὰρ
1004 2925 1102 2994 τῆς
1133 2925 1379 2995 γλώττης
1409 2928 1443 2998 ἡ
1477 2928 1635 3000 ἡδονὴ
1663 2929 1760 2998 τῆς
1782 2945 1915 2997 τρυ-

345 3011 452 3079 φῆς
474 3028 489 3042 ⁸
525 3012 652 3065 ὅταν
688 3012 745 3065 δὲ
792 3013 1078 3084 ἐμπλησθῇ
1113 3015 1146 3084 ἡ
1196 3015 1429 3083 γαστὴρ,
1465 3015 1585 3067 οὐδὲ
1622 3015 1782 3086 μέχρι
1815 3016 1916 3085 τῆς

344 3096 609 3168 ⁹γλώττης.
664 3100 801 3153 Ἀλλ’
838 3101 999 3154 αὐταὶ
1031 3102 1088 3153 αί
1130 3104 1291 3171 τιμαὶ
1328 3103 1562 3172 πρᾶγμα
1590 3103 1721 3172 ἡδὺ,
1757 3104 1910 3175 φησί.

346 3186 456 3239 Καὶ
480 3187 533 3238 τί
552 3187 650 3256 τῆς
670 3188 835 3259 τιμῆς
860 3188 1074 3258 ἐκείνης
1098 3189 1439 3261 ἀηδέστερον,
1463 3191 1591 3244 ὃταν
1615 3190 1703 3244 διά
1723 3192 1915 3263 χρείαν

344 3274 553 3342 γίνεται
588 3277 922 3346 χρημάτων;
960 3276 1131 3329 Ὅταν
1157 3277 1230 3347 μὴ
1262 3278 1327 3329 ἐκ
1351 3277 1748 3348 προαιρέσεως,
1780 3280 1916 3348 μηδὲ

344 3362 454 3414 ἀπὸ
493 3362 799 3433 προθυμίας
824 3363 987 3425 τινὸς,
1021 3363 1083 3417 οὐ
1119 3364 1183 3416 σύ
1225 3365 1537 3434 καρποῦσαι
1574 3365 1676 3435 τὴν
1707 3366 1871 3437 τιμὴν
1894 3408 1910 3432 ,

343 3450 459 3504 ἀλλ’
494 3451 522 3502 ὀ
555 3451 803 3510 πλοῦτος.
842 3452 1003 3503 Ὥστε
1034 3449 1268 3522 μάλιστα
1303 3451 1522 3506 πάντων
1548 3454 1742 3524 ἄτιμον
1769 3458 1917 3509 ποιεῖ

343 3539 434 3591 τὸν
463 3537 792 3591 πλουτοῦντα
820 3537 979 3590 τοῦτο
1000 3538 1152 3591 αὑτό.
1184 3539 1319 3591 Είπέ
1341 3540 1449 3610 γάρ
1476 3558 1585 3610 μοι,
1608 3540 1663 3592 εί
1679 3559 1736 3594 σε
1762 3543 1914 3611 φίλον

342 3626 533 3695 ἔχοντα
564 3626 764 3688 πάντες
792 3624 1023 3695 ἐτίμων,
1053 3624 1363 3694 ὡμολόγουν
1395 3627 1451 3679 δὲ
1482 3628 1541 3679 σὲ
1567 3628 1664 3697 μὲν
1700 3628 1911 3693 οὐδενὸς

341 3711 492 3777 ἀξιον
538 3708 677 3765 εἶναι
697 3754 710 3776 ,
756 3710 1166 3781 ἀναγκάζεσθαι
1194 3713 1252 3765 δὲ
1279 3712 1348 3764 δι’
1374 3714 1582 3767 ἐκεῖνον
1612 3716 1778 3786 τιμᾷν
1798 3757 1813 3781 ,
1844 3713 1915 3787 ἦν

341 3802 487 3863 ὅπως
526 3801 592 3854 ἄν
625 3817 684 3853 σε
714 3800 915 3871 ἑτέρως
949 3798 1260 3869 ὴτίμασαν;
1302 3801 1463 3853 Ὥστε
1488 3801 1711 3872 ἀτιμίας
1740 3802 1910 3867 αῐτιος

339 3890 370 3942 ὀ
401 3885 627 3950 πλοῦτος
650 3888 784 3957 ἡμῖν
805 3927 820 3949 ,
855 3887 1035 3940 αὐτῶν
1060 3886 1168 3939 τῶν
1203 3888 1554 3958 κεκτημένων
1585 3890 1911 3960 τιμιώτερος

339 3975 448 4042 ὢν,
492 3976 586 4030 ml
631 3974 944 4039 ἀσθενείας,
990 3974 1024 4045 ἢ
1061 3976 1380 4039 δυναστείας
1422 3980 1743 4047 τεκμήριον.
1784 3979 1909 4042 Πῶς

338 4058 434 4117 οὖν
463 4062 563 4115 οὑκ
593 4062 793 4116 ἄτοπον
814 4061 918 4131 γῆς
942 4062 1037 4115 καὶ
1069 4062 1264 4115 σποδοῦ
1287 4061 1598 4133 (τοῦτογάρ
1614 4066 1641 4117 ὀ
1669 4064 1867 4134 χρυσὸς
1888 4069 1908 4135 )

342 4150 419 4223 μὴ
444 4149 759 4220 νομίζεσθαι
792 4151 939 4220 ἡμᾶς
964 4148 1150 4214 ἀξίους
1168 4146 1330 4215 εἷναι,
1356 4150 1471 4203 ἀλλ’
1497 4152 1643 4221 ἡμᾶς
1672 4152 1738 4205 δι’
1764 4155 1910 4206 ἐκεῖ·

339 4255 430 4291 νον
458 4237 758 4308 τιμᾶσθαι;
788 4236 1027 4299 Εἰκότως
1050 4253 1064 4267 ο
1094 4237 1210 4290 ἀλλ’
1238 4238 1338 4307 οὑχ
1365 4237 1396 4290 6
1423 4238 1518 4291 τοῦ
1546 4237 1777 4292 πλούτου
1813 4258 1912 4295 κα-

339 4324 645 4395 ταφρονῶν,
682 4324 824 4377 οὑτω
844 4340 857 4354 ⁸
895 4327 1140 4395 κρεῖττον
1166 4324 1274 4394 γὰρ
1311 4326 1386 4397 μὴ
1411 4326 1677 4396 τιμᾶσθαι
1705 4327 1737 4397 ἢ
1767 4327 1910 4382 οὑτω

338 4414 623 4486 τιμᾶσθαι.
652 4414 786 4466 Είπέ
817 4415 926 4485 γάρ
967 4432 1079 4485 μοι,
1110 4416 1161 4469 εί
1189 4433 1273 4480 τις
1298 4413 1421 4468 εῐπέ
1456 4434 1557 4483 σοι,
1592 4417 1673 4470 ὅτι
1721 4418 1787 4471 Σὲ
1813 4419 1906 4471 οὑ-

337 4504 532 4573 δεμιᾶς
559 4501 802 4573 ἠγοῦμαι
825 4502 974 4568 ἄξιον
999 4503 1188 4573 τιμῆς,
1220 4503 1309 4558 διὰ
1339 4504 1397 4557 δὲ
1421 4506 1548 4567 τοὺς
1572 4505 1789 4570 οἰκέτας
1815 4524 1907 4561 σου

338 4590 486 4661 τιμῶ
517 4607 607 4653 σε,
644 4585 753 4660 ἄρα
785 4588 836 4641 τί
860 4590 1065 4660 ταύτης
1092 4590 1192 4659 τῆς
1222 4591 1445 4661 ἀτιμίας
1474 4592 1682 4660 γένοιτο
1712 4595 1778 4647 ἂν
1799 4597 1910 4665 χεῖ-

342 4696 466 4750 ρον;
503 4678 565 4730 Εί
588 4676 646 4730 δέ
672 4676 732 4728 τὸ
758 4677 825 4729 δι’
860 4677 1074 4741 οίκέτας
1105 4677 1366 4746 τιμᾶσθαι
1399 4679 1625 4749 αίσχρὸν
1656 4681 1783 4743 τοὺς
1809 4682 1908 4746 τῆς

340 4768 513 4836 αὐτῆς
540 4765 716 4835 ψυχῆς
749 4766 880 4834 ἡμῖν
914 4766 1303 4829 κοινωνοῦντας
1340 4767 1436 4820 καὶ
1464 4766 1697 4836 φύσεως,
1730 4770 1909 4841 πολλῷ

343 4855 563 4927 μᾶλλον,
611 4853 698 4907 διά
734 4854 966 4920 τούτων,
1013 4854 1156 4922 ἅπερ
1189 4855 1336 4908 ἐστὶν
1368 4855 1755 4927 εὐτελέστερα,
1794 4859 1909 4911 τοί-

340 4961 471 5013 χους
513 4942 657 5009 λέγω
692 4942 876 4996 οίκιῶν
918 4944 1012 4997 καὶ
1040 4944 1209 5007 αὑλάς
1249 4945 1345 4997 καὶ
1383 4944 1549 5015 σκεύη
1594 4948 1773 5015 χρυσᾶ
1814 4949 1908 5001 καὶ

344 5033 554 5103 ἱμάτια.
602 5029 779 5092 Γέλως
820 5030 988 5093 ὄντως
1027 5032 1122 5084 καὶ
1172 5029 1399 5102 αἰσχύνη
1450 5030 1625 5085 ταῦτα
1649 5052 1662 5064 ·
1701 5033 1908 5101 βέλτιον

340 5118 629 5173 ἀποθανεῖν
650 5158 665 5180 ,
695 5117 728 5186 ἢ
769 5116 912 5171 οὑτω
944 5118 1261 5188 τιμηθῆναι.
1303 5120 1439 5173 Εἰπὲ
1468 5121 1576 5190 γάρ
1608 5138 1718 5191 μοι,
1748 5123 1803 5175 εί
1825 5124 1909 5186 τίς

343 5224 403 5260 σε
433 5204 809 5259 κινδυνεύοντα
834 5206 891 5256 ἐν
913 5204 991 5275 τῷ
1014 5204 1168 5275 τύφῳ
1188 5207 1362 5275 τούτῳ
1382 5207 1602 5278 εὐτελὴς
1627 5210 1721 5261 ml
1740 5211 1908 5263 κατάο

342 5311 576 5357 πτυστος
596 5286 868 5357 ἐξελέσθαι
893 5293 1124 5363 ἠθέλησε
1146 5294 1240 5347 τοῦ
1266 5295 1535 5358 κινδύνου,
1555 5298 1608 5349 τί
1628 5299 1694 5351 ἂν
1715 5298 1905 5353 τούτου

341 5386 519 5455 χεῖρον
549 5376 653 5452 ἧν;
687 5382 863 5450 Ὅπερ
883 5381 939 5434 δὲ
961 5382 1088 5452 περὶ
1120 5386 1219 5453 τῆς
1250 5383 1457 5447 πόλεως
1480 5385 1616 5455 πρὸς
1646 5384 1906 5456 ἀλλήλους

341 5470 558 5538 λέγετε,
610 5467 865 5538 βούλομαι
917 5468 1051 5537 πρὸς
1092 5469 1236 5537 ὑμᾶς
1284 5471 1475 5524 είπεῖν.
1530 5472 1904 5541 Προσέκρουσέ

341 5573 472 5609 ποτε
509 5554 586 5625 τῷ
616 5553 902 5624 κρατοῦντι
946 5556 979 5624 ή
1016 5554 1166 5617 πόλις
1205 5557 1237 5625 ὴ
1272 5557 1549 5627 ἡμετέρα,
1596 5559 1687 5611 ml
1725 5560 1904 5613 πᾶσαν

343 5642 512 5711 αὐτὴν
549 5641 831 5694 ἐκέλευσεν
872 5641 1042 5711 ἄρδην
1072 5642 1368 5695 ἀπολέσθαι
1407 5644 1545 5711 μετά
1573 5644 1781 5715 ἀνδρῶν
1810 5649 1904 5699 ml

343 5728 549 5781 παίδων
572 5730 665 5783 καὶ
696 5728 1029 5799 οἰκημάτων.
1060 5729 1300 5782 Τοιοῦτοι
1334 5731 1442 5802 γάρ
1468 5733 1515 5783 οί
1543 5731 1703 5800 θυμοὶ
1730 5733 1779 5783 οἱ
1807 5732 1901 5801 βα-

346 5815 538 5871 σιλικοί
558 5836 570 5847 ·
606 5820 671 5890 τῇ
703 5816 916 5888 ἐξουσίᾳ
948 5817 1068 5870 ὅσον
1096 5817 1159 5871 ἂν
1192 5817 1405 5883 θέλωσι,
1434 5820 1744 5893 χαρίζονται
1772 5838 1782 5847 ·
1819 5839 1905 5874 τοο

1232 422 1297 476 ΙΝ
1336 422 1554 479 EPIST.
1596 423 1687 477 Al)
1718 418 2004 478 COLOSS.
2046 418 2301 482 CAPJII.
2340 425 2576 482 HOMIL.
2623 427 2728 481 VII.

3478 420 3620 489 ,διε

2048 539 2235 593 σοῦτον
2269 540 2419 615 [576]
2454 544 2487 612 ή
2537 542 2755 608 ἐξουσία
2782 540 2967 593 κακόν.
3003 534 3110 590 Ἦν
3142 533 3233 591 οῦν
3267 538 3322 589 ἐν
3351 534 3612 597 κινδύνοις

2042 628 2153 689 τοῖς
2179 629 2447 698 ἐσχάτοις.
2486 629 2549 682 Ἠ
2573 629 2631 683 δὲ
2652 628 2843 697 γείτων
2874 628 3047 691 πόλις,
3083 624 3221 693 αῦτη
3245 627 3278 693 ἡ
3313 621 3611 674 ἐπιθαλάσ-

2044 730 2176 779 σιος,
2206 715 2434 770 ἐλθοῦσα
2459 717 2797 788 παρεκάλεσε
2818 715 2909 768 τὸν
2937 712 3158 784 βασιλέα
3182 712 3322 781 ὑπὲρ
3343 709 3519 781 ήμῶν·
3559 710 3610 760 οἱ

2040 800 2096 855 δὲ
2126 804 2225 874 τὴν
2269 805 2424 858 πόλιν
2464 805 2737 868 οἰκοῦντες
2770 806 2870 874 τὴν
2908 802 3181 873 ἡμετέραν
3230 800 3415 867 ἔλεγον
3452 795 3614 850 τοῦτο

2041 893 2219 961 χεῖρον
2249 888 2385 946 εἶναι
2414 892 2507 946 τοῦ
2538 894 2951 963 κατασκαφῆναι
2984 890 3083 959 τὴν
3114 889 3287 942 πόλιν.
3321 886 3477 940 Οὕτω
3514 882 3609 936 τοῦ

2040 978 2402 1051 ἀτιμασθῆναι
2427 982 2486 1034 τὸ
2510 981 2652 1035 οὑτω
2682 981 2943 1052 τιμᾶσθαι
2965 979 3144 1049 χεῖρόν
3171 980 3307 1030 ἐστι.
3333 975 3474 1045 Ὅρα
3499 971 3609 1040 γὰρ

2042 1065 2202 1119 πόθεν
2229 1067 2342 1137 ἔχει
2361 1067 2458 1139 τὴν
2482 1070 2636 1139 ῥίζαν
2659 1071 2691 1139 ή
2713 1068 2867 1138 τιμή.
2904 1065 3197 1133 Μαγείρων
3217 1065 3395 1133 χεῖρες
3424 1058 3608 1112 ποιοῦ-

2040 1169 2125 1205 σιν
2170 1156 2317 1224 ἡμᾶς
2350 1155 2609 1224 τιμᾶσθαι
2634 1196 2650 1221 ,
2688 1154 2827 1208 ῶστε
2862 1154 3090 1215 ἐκείνοις
3134 1150 3419 1220 ὀφείλομεν
3448 1146 3608 1216 χάριν

2038 1240 2181 1310 ἔχειν
2201 1257 2214 1270 ·
2248 1243 2341 1296 ml
2365 1243 2601 1297 συϐῶται
2624 1243 2955 1313 παρέχοντες
2988 1239 3249 1293 πλουσίαν
3279 1237 3375 1308 τὴν
3405 1235 3609 1305 τράπε-

2039 1333 2159 1397 ζαν,
2190 1336 2283 1388 καὶ
2310 1336 2542 1404 ὑφάνται
2572 1336 2665 1389 καὶ
2686 1335 2855 1404 ἔριθοι
2892 1334 2985 1386 καὶ
3012 1334 3060 1385 οἱ
3112 1330 3349 1401 μέταλλα
3380 1326 3610 1397 ἐργαζό-

2041 1438 2190 1491 μενοι
2215 1422 2311 1475 ml
2338 1422 2783 1476 πλακουντοποιοὶ
2811 1422 2904 1475 καὶ
2929 1420 3337 1492 τραπεζοποιοί.

2104 1613 2165 1667 δ’.
2200 1612 2306 1666 Τοῦ
2338 1614 2515 1666 τοίνυν
2539 1614 2747 1676 τούτοις
2776 1612 2973 1666 εἰδέναι
3013 1613 3171 1681 χάριν
3202 1610 3301 1679 τῆς
3340 1609 3505 1679 τιμῆς
3529 1608 3592 1661 οὐ

2037 1702 2243 1771 βέλτιον
2264 1703 2323 1755 τὸ
2346 1702 2419 1772 μὴ
2436 1703 2725 1772 τιμᾶσθαι;
2746 1703 2853 1755 Καὶ
2879 1701 3048 1771 χωρὶς
3072 1699 3127 1752 δέ
3147 1698 3358 1763 τούτου,
3377 1699 3457 1751 ὅτι
3487 1699 3605 1750 ἀτι-

2038 1790 2165 1859 μίας
2199 1788 2358 1858 γέμει
2385 1789 2445 1842 τὸ
2471 1789 2740 1853 πλουτεῖν,
2766 1788 2875 1856 ἐγὼ
2898 1787 3082 1856 σαφῶς
3106 1786 3383 1850 ἀποδεῖξαι
3410 1784 3603 1854 πειρά-

2035 1896 2219 1948 σομαι.
2257 1877 2368 1948 Τὴν
2398 1878 2576 1949 ψυχὴν
2606 1877 2837 1949 αίσχράν
2874 1876 3166 1948 ἐργάζεται
3191 1892 3204 1905 '
3234 1876 3287 1927 τί
3321 1875 3377 1927 δέ
3414 1872 3605 1927 τούτου

2032 1966 2391 2037 ἀτιμότερον;
2428 1967 2563 2019 Εἰπὲ
2603 1966 2711 2035 γάρ
2753 1983 2843 2035 μοι
2869 2008 2884 2031 ,
2920 1965 2967 2017 εί
2995 1963 3057 2017 τὸ
3090 1963 3247 2033 σῶμα
3274 1963 3472 2031 ὡραῖον
3500 1958 3569 2032 ἦν
3588 2004 3603 2021 ,

2032 2055 2127 2107 καὶ
2156 2054 2365 2116 πάντας
2402 2053 2569 2106 νικῶν
2613 2053 2689 2124 τῷ
2736 2053 2943 2114 κάλλει,
2975 2054 3003 2104 ὁ
3036 2051 3094 2104 δὲ
3118 2050 3348 2111 πλοῦτος
3382 2049 3607 2119 προσελ-

2030 2142 2139 2196 θὼν
2186 2142 2554 2213 ἐπηγγέλλετο
2597 2142 2842 2211 ποιήσειν
2892 2139 3146 2209 αίσχρδν,
3198 2140 3292 2192 ml
3328 2139 3451 2191 ἀντὶ
3504 2137 3604 2206 μὲν

2030 2228 2215 2297 ὑγιοῦς
2247 2228 2496 2291 νοσῶδες,
2530 2229 2652 2281 ἀντὶ
2687 2227 2745 2281 δὲ
2776 2226 3216 2296 κατεσταλμένου
3249 2225 3601 2295 φλεγμαῖνον,

2029 2318 2123 2370 καὶ
2162 2316 2339 2369 πάντα
2363 2315 2433 2367 τά
2466 2315 2600 2384 μέλη
2634 2314 2826 2387 ὑδέρου
2860 2314 3155 2384 πληρώσας
3183 2313 3473 2381 ἐξώγκωσε
3502 2312 3602 2382 μὲν

2024 2406 2125 2477 τὴν
2148 2404 2288 2473 ὄψιν,
2320 2405 2415 2457 καὶ
2440 2402 2703 2456 πάντοθεν
2731 2404 2987 2473 ἐποίησεν
3008 2402 3280 2463 οίδαίνειν,
3310 2400 3600 2469 ἐξώγκωσε

2024 2494 2081 2547 ἃ
2112 2492 2277 2555 πόδας
2306 2492 2400 2544 καὶ
2424 2490 2531 2543 τῶν
2555 2489 2731 2543 δοκῶν
2762 2490 3094 2562 βαρυτέρους
3129 2490 3403 2558 ἐποίησεν,
3433 2487 3602 2553 ἐξώγο

2026 2598 2171 2635 κωσε
2209 2582 2264 2634 δὲ
2303 2580 2546 2649 γαστέρα
2599 2580 2694 2632 ml
2722 2580 2923 2643 παντὸς
2961 2578 3120 2632 πίθου
3158 2578 3382 2647 μείζονα
3413 2577 3601 2647 είργά-

2026 2686 2194 2733 σατο,
2241 2669 2335 2721 ml
2379 2667 2517 2738 μετὰ
2548 2665 2709 2720 τοῦτο
2736 2667 2857 2720 οὐδὲ
2902 2669 3013 2729 τοῖς
3058 2665 3402 2735 βουλομένοις
3442 2663 3603 2734 θερα-

2024 2755 2212 2810 πεύειν
2237 2754 2606 2825 ἐπηγγέλλετο
2632 2754 3011 2825 συγχωρήσειν
3041 2751 3229 2822 (τοῦτο
3252 2751 3361 2821 γάρ
3389 2753 3422 2820 ή
3448 2751 3601 2815 ἐξου-

2024 2844 2172 2907 σία),
2206 2843 2341 2896 ἀλλά
2366 2842 2632 2913 τοσαύτην
2656 2841 2849 2894 δώσειν
2881 2839 3217 2910 ἐλευθερίαν,
3247 2838 3387 2891 ὥστε
3419 2838 3486 2892 ἄν
3516 2855 3601 2901 τις

2023 2930 2252 3002 προσείη
2291 2930 2523 2997 ἀπάγων
2565 2928 2675 2983 τῶν
2721 2926 3070 2998 βλαπτόντων
3107 2926 3358 2981 κολάσειν
3399 2925 3594 2979 αὐτόν·

2021 3012 2130 3088 ἆρα
2156 3012 2224 3088 ἦν
2253 3019 2317 3072 ἀν
2336 3036 2389 3071 τι
2416 3017 2609 3071 τούτου
2642 3015 2919 3087 ὠμότερον
2937 3054 2953 3079 ,
2991 3013 3113 3067 είπέ
3146 3031 3268 3083 μοις
3302 3011 3512 3065 Οὐκοῦν
3538 3012 3601 3064 τὺ

2022 3104 2291 3168 πλουτεῖν,
2323 3106 2453 3159 ὅταν
2479 3104 2579 3175 τὴν
2613 3103 2791 3173 ψυχήν
2818 3101 2992 3156 ταῦτα
3025 3099 3361 3171 ἐργάζηται,
3388 3098 3505 3161 πῶς
3532 3099 3599 3151 ἂν

2021 3194 2106 3263 εἴη
2137 3192 2329 3259 καλόν;
2371 3192 2512 3244 Ἀλλ’
2542 3194 2576 3261 ή
2604 3189 2823 3257 ἐξουσία
2844 3190 3015 3259 αὐτῆς
3036 3188 3137 3258 τῆς
3166 3188 3324 3241 νόσου
3353 3187 3597 3256 χαλεπω-

2018 3280 2186 3351 τέραο
2222 3280 2282 3332 τὸ
2328 3279 2435 3349 γὰρ
2474 3278 2731 3331 νοσοῦντα
2774 3276 2909 3347 μηδέ
2948 3276 3135 3345 νόμοις
3176 3273 3375 3345 ίατρῶν
3410 3273 3594 3326 πείθε-

2021 3368 2176 3429 σθαι,
2200 3364 2296 3419 τοῦ
2325 3368 2498 3419 νοσεῖν
2526 3363 2907 3435 χαλεπώτερον
2932 3380 2945 3394 ·
2980 3364 3116 3433 ὅπερ
3147 3363 3174 3413 6
3202 3361 3430 3424 πλοῦτος
3456 3361 3590 3431 ἔχει,

2018 3453 2353 3522 πανταχόθεν
2384 3451 2737 3521 φλεγμαίνειν
2770 3449 2940 3503 ποιῶν
2970 3448 3069 3519 τὴν
3107 3447 3283 3518 ψυχὴν
3303 3488 3318 3511 ,
3355 3448 3595 3508 καὶτοὺς

2021 3542 2239 3612 ἰατροὺς
2270 3540 2551 3611 προσιέναι
2593 3539 2837 3595 κωλύων.
2886 3539 3049 3589 Ὥστε
3090 3537 3179 3589 διὰ
3209 3536 3308 3605 τὴν
3346 3535 3594 3599 ἐξουσίαν

2020 3631 2095 3700 μὴ
2140 3630 2533 3700 μακαρίζωμεν
2575 3627 2819 3691 τούτους,
2860 3626 2976 3680 ἀλλ’
3014 3626 3274 3693 ἐλεῶμεν.
3308 3624 3441 3678 Οὐδὲ
3485 3625 3594 3693 γὰρ

2017 3718 2264 3789 ὑδερικὸν
2312 3716 2435 3770 ίδὼν
2475 3732 2905 3786 κατακείμενον,
2946 3714 3041 3766 ml
3077 3712 3277 3781 μηδένα
3316 3710 3593 3765 κωλύοντα

2015 3804 2372 3875 ἐμφορεῖσθαι
2416 3803 2711 3873 πομάτων,
2757 3802 3007 3869 ὅσωνπερ
3057 3799 3237 3870 ἤθελε,
3284 3799 3379 3851 ml
3416 3799 3592 3869 κρεῶν

2014 3892 2125 3945 τῶν
2153 3891 2529 3962 βλαπτόντων,
2561 3889 2875 3958 ἐμακάρισα
2908 3888 2973 3940 ἂν
3006 3886 3169 3940 αὐτὸν
3195 3885 3283 3939 διὰ
3309 3886 3406 3957 τήν
3438 3886 3591 3951 ἐξου-

2017 3980 2159 4035 σίαν.
2211 3979 2287 4031 Οὐ
2337 3979 2447 4047 γὰρ
2483 3976 2758 4045 πανταχοῦ
2797 3979 2829 4045 ἡ
2884 3974 3102 4038 ἐξουσία
3154 3973 3347 4033 καλὸν,
3400 3972 3589 4042 ῶσπερ

2012 4064 2109 4122 οῦν
2151 4068 2272 4120 οὐδέ
2305 4067 2363 4122 αί
2392 4065 2585 4136 τιμαί·
2622 4065 2717 4117 καὶ
2760 4064 2869 4134 γὰρ
2908 4063 3001 4115 ml
3036 4056 3196 4116 αὗται
3244 4062 3590 4133 φρονήματος

2016 4156 2284 4225 πληροῦσι
2312 4153 2528 4209 πολλοῦ.
2564 4154 2628 4206 El
2667 4152 2723 4204 δὲ
2749 4152 2811 4205 τὸ
2850 4151 3013 4220 σῶμα
3040 4151 3138 4204 οὐκ
3168 4150 3234 4204 ἂν
3263 4149 3406 4203 εἵλου
3451 4150 3589 4218 μετά

2016 4245 2247 4299 πλούτου
2278 4244 2483 4313 ταύτην
2525 4240 2781 4307 δέξασθαι
2809 4239 2907 4311 τὴν
2935 4239 3110 4301 νόσον,
3143 4239 3259 4302 πῶς
3287 4239 3385 4309 τὴν
3412 4238 3592 4307 ψυχὴν

2016 4334 2296 4405 περιορᾷς,
2326 4333 2448 4401 οὐχὶ
2472 4331 2630 4385 τοῦτο
2658 4330 2837 4400 μόνον,
2864 4328 3001 4382 ἀλλά
3027 4329 3122 4381 καὶ
3145 4328 3341 4397 ἑτέραν
3368 4327 3591 4381 κόλασιν

2015 4421 2343 4491 δεχομένηνς
2382 4421 2489 4471 Καὶ
2546 4418 2656 4487 γὰρ
2706 4419 2965 4487 πυρετοῖς
3016 4416 3278 4468 πάντοθεν
3332 4414 3593 4483 φλέγεται

2015 4510 2110 4562 καὶ
2136 4508 2464 4577 φλεγμοναῖς
2482 4545 2497 4566 ,
2530 4504 2625 4557 καὶ
2649 4503 2740 4556 τὸν
2770 4501 3003 4572 πυρετόν
3032 4503 3236 4553 ἐκεῖνον
3262 4500 3437 4563 οὐδεὶς
3465 4502 3590 4553 σϐέ-

2017 4613 2105 4648 σαι
2137 4596 2394 4649 δύναται·
2428 4594 2491 4645 οὐ
2520 4592 2628 4661 γὰρ
2663 4590 2887 4659 ἀφίησιν
2923 4590 2952 4641 ὀ
2990 4586 3237 4651 πλοῦτος,
3272 4588 3412 4658 ἆπερ
3441 4589 3588 4641 ἐστὶν

2014 4681 2403 4754 ἐλαττώματα,
2442 4681 2616 4735 ταῦτα
2672 4681 2865 4740 πείσας
2905 4673 3047 4731 εἶναι
3103 4676 3584 4746 πλεονεκτήματα·

2014 4767 2147 4834 οἷον,
2165 4771 2225 4823 τὸ
2250 4769 2477 4841 μηδενὸς
2499 4767 2809 4837 ἀνέχεσθαι,
2833 4768 2928 4817 καὶ
2948 4764 3165 4835 ἐξουσία
3197 4766 3374 4817 πάντα
3390 4769 3584 4821 ποιεῖν.

2016 4861 2091 4911 Οὐ
2120 4861 2228 4929 γάρ
2250 4859 2471 4928 εὑρήσει
2500 4872 2584 4918 τις
2607 4854 2776 4924 ἀλλην
2810 4852 2987 4923 ψυχὴν
3011 4852 3279 4905 τοσούτων
3309 4853 3586 4921 γέμουσαν

2015 4946 2321 5016 ἐπιθυμιῶν
2354 4944 2448 4997 ml
2472 4942 2642 5005 οὑτως
2675 4941 2920 5002 ἀτόπων,
2951 4940 3027 5003 ὼς
3053 4939 3154 5002 τάς
3188 4938 3296 4992 τῶν
3328 4940 3588 5011 βουλομέ-

2015 5052 2121 5086 νων
2148 5032 2415 5085 πλουτεῖν.
2448 5029 2629 5091 Πόσας
2664 5027 2773 5099 γὰρ
2802 5026 3071 5097 ληρωδίας
3098 5027 3196 5097 οὐχ
3236 5026 3585 5097 ὑπογράφου-

2016 5139 2099 5174 σιν
2127 5121 2369 5183 ἐαυτοῖς;
2404 5116 2619 5171 Μᾶλλον
2649 5113 2756 5168 τῶν
2793 5114 2921 5177 τοὺς
2950 5112 3416 5184 ἱπποκενταύρους
3448 5116 3583 5167 ἀνα-

2014 5206 2363 5261 πλαττόντων
2396 5204 2490 5256 καὶ
2517 5201 2614 5265 τὰς
2642 5200 2905 5271 χιμαίρας
2933 5201 3029 5252 καὶ
3058 5201 3187 5263 τοὺς
3221 5200 3581 5271 δρακοντόπο-

2011 5295 2106 5359 δας
2126 5292 2274 5364 [377]
2304 5292 2398 5345 ml
2420 5290 2517 5353 τὰς
2549 5288 2790 5350 Σκύλλας
2816 5288 2910 5341 καὶ
2938 5288 3007 5339 τά
3032 5287 3255 5358 τέρατα,
3288 5288 3384 5340 ἴδοι
3404 5305 3487 5349 τις
3515 5289 3582 5340 ἂν

2011 5383 2203 5444 αὐτοὺς
2261 5377 2717 5438 ἀναπλάττοντας.
2766 5374 2885 5427 Κᾶν
2942 5374 3172 5444 θελήσῃς
3217 5373 3395 5425 αὐτῶν
3453 5374 3582 5443 μίαν

2011 5468 2305 5537 ἐπιθυμίαν
2324 5463 2650 5524 ἀναπλάσαι,
2673 5461 2825 5514 οὐδὲν
2840 5458 2963 5513 οὔτε
2986 5461 3188 5513 σκύλλα
3208 5460 3329 5513 οὔτε
3348 5462 3581 5533 χίμαιρα

2011 5557 2133 5610 οὔτε
2165 5553 2593 5623 ἱπποκένταυρος
2613 5551 2941 5620 φανήσονται
2970 5549 3105 5618 πρὸς
3121 5546 3220 5619 τήν
3247 5550 3581 5618 τερατωδίαν

2012 5644 2246 5712 ἐκείνην,
2278 5640 2391 5693 ἀλλ’
2416 5640 2670 5709 εὑρήσεις
2700 5637 2877 5690 πάντα
2897 5635 3034 5704 ὁμοῦ
3061 5635 3289 5705 ἔχουσαν
3305 5637 3373 5688 τά
3393 5636 3576 5705 θηρία.

2010 5731 2121 5784 Καὶ
2140 5730 2277 5799 τάχα
2301 5727 2364 5797 μέ
2382 5746 2464 5790 τις
2490 5728 2731 5795 οἰήσεται
2751 5725 2806 5776 ἐν
2820 5723 3034 5793 πλούτῳ
3053 5723 3377 5792 γεγενῆσθαι
3402 5726 3579 5793 πολλῷ

2011 5819 2180 5880 οὓτως
2230 5814 2631 5884 ἐπαληθεύοντα
2665 5814 2775 5873 τοῖς
2815 5811 3137 5880 γινομένοις,
3177 5812 3408 5879 Λέγεταί
3455 5829 3575 5877 τιςο
