4148 6402
472 412 580 468 319

472 528 738 599 πρότερον
765 525 874 594 γάρ
896 523 1003 577 ἀπὸ
1030 524 1139 577 τῶν
1167 525 1316 593 παρὰ
1339 526 1453 587 τοῖς
1480 522 1741 592 Ἕλλησιν
1771 519 2044 593 ᾀδομένων

472 619 564 670 τὸν
597 617 753 682 λόγον
784 612 1130 679 πιστώσομαι
1155 629 1168 641 ο
1202 612 1418 679 λέγεταί
1456 629 1540 673 τις
1580 611 1710 679 παρ’
1741 610 1925 670 αὑτοῖς
1956 607 2051 676 βα-

474 706 654 765 σιλεὺς
685 701 938 756 τοσοῦτον
965 699 1246 771 ἐνυϐρίσαι
1278 702 1344 770 τῇ
1374 701 1577 769 τρυφῇ,
1606 697 1748 750 ὥστε
1780 696 2050 749 πλάτανον

472 793 700 859 ποιῆσαι
729 789 959 860 χρυσῆν,
991 788 1087 842 καὶ
1111 789 1341 858 οὐρανὸν
1372 788 1579 842 ἄνωθεν
1598 829 1612 851 ,
1645 788 1739 838 καὶ
1765 786 1908 839 οὕτω
1952 802 2052 837 κα-

472 881 641 942 θίσαι,
676 877 968 932 καὶταῦτα
1002 875 1411 945 ὲπιστρατεύων
1452 875 1758 944 ἀνθρώποις
1798 874 2053 942 πολεμεῖν

476 966 876 1037 μεμαθηκόσιν.
910 960 1055 1035 τΑρα
1090 964 1188 1032 οὑχ
1222 963 1673 1032 ίπποκενταύρων
1699 960 1840 1030 αῦτη
1874 963 1907 1030 ἡ
1938 962 2053 1013 ἐπι-

474 1054 682 1123 θυμίας
716 1051 824 1123 ἆρα
847 1052 908 1104 ού
939 1050 1181 1119 Σκύλλης
1208 1069 1222 1116 ;
1254 1051 1478 1119 Ἕτερος
1508 1050 1670 1103 πάλιν
1702 1052 1780 1111 είς
1809 1048 1935 1118 βοῦν
1966 1046 2056 1111 ξύ-

473 1142 616 1193 λινον
637 1140 853 1193 ἐνέϐαλε
871 1140 995 1201 τοὺς
1015 1138 1111 1190 ἀνθ
1121 1137 1355 1208 ρώπους.
1380 1135 1448 1190 Ἀ
1459 1156 1526 1209 ρα
1554 1139 1613 1190 οὑ
1636 1137 1845 1189 Σκύλλα
1864 1135 2052 1196 τοῦτος

474 1228 626 1291 Τέως
651 1227 708 1279 δὲ
731 1226 840 1279 τῶν
866 1225 1132 1296 πρότερον
1162 1225 1221 1290 ἐξ
1250 1225 1436 1295 ἀνδρὸς
1458 1228 1691 1293 γυναῖκα
1720 1224 1941 1294 ἐποίησε
1962 1224 2055 1275 τὸν

476 1315 735 1385 βασιλέα,
767 1316 860 1367 τὸν
911 1310 1247 1384 στρατιώτην
1271 1330 1284 1345 ·
1322 1313 1429 1365 ἀπὸ
1460 1313 1739 1381 γυναικὸς,
1782 1310 1837 1364 τί
1873 1311 2054 1377 εῖπω;

474 1405 663 1475 θηρίον
691 1404 904 1468 ἄλογον,
945 1402 1039 1454 καὶ
1073 1402 1150 1454 ἔτι
1180 1401 1369 1454 τούτου
1404 1404 1602 1472 χεῖρον.
1640 1402 1720 1454 Τά
1748 1399 1857 1469 γὰρ
1889 1400 2056 1471 θηρία

474 1493 581 1545 ὑπὸ
611 1490 843 1561 δένδρων
875 1490 939 1543 ἂν
970 1484 1023 1562 ᾗ,
1063 1488 1344 1558 ἀνέχονται
1378 1490 1478 1559 τῆς
1507 1490 1743 1557 φύσεως,
1774 1488 1867 1541 καὶ
1889 1486 2055 1539 πλέον

472 1580 627 1634 οὐδὲν
650 1577 994 1647 ἐπιζητοῦσιν
1017 1595 1029 1607 ·
1050 1572 1203 1640 οὗτος
1224 1576 1280 1629 δὲ
1302 1576 1396 1629 καὶ
1418 1576 1525 1629 τῶν
1550 1576 1751 1647 θηρίων
1773 1576 1873 1646 τὴν
1894 1573 2056 1642 φύσιν

476 1667 918 1738 ὑπερηκόντισεν.
952 1660 1098 1733 *Λρα
1135 1665 1187 1717 τί
1225 1664 1422 1732 γένοιτ’
1449 1664 1515 1717 ἂν
1544 1664 1653 1716 τῶν
1684 1663 2055 1717 πλουτούντων

474 1756 863 1826 ἀνοητότερονς
896 1752 1068 1806 Τοῦτο
1097 1752 1154 1804 δὲ
1180 1752 1287 1805 ἀπὸ
1321 1752 1421 1820 τῆς
1449 1751 1765 1817 πλεονεξίας
1791 1751 1902 1803 τῶν
1934 1752 2055 1803 ἐπι-

476 1844 690 1912 θυμιῶν
708 1842 936 1909 γίνεται.
956 1837 1103 1911 Ἀρα
1117 1841 1238 1911 οὑχ).
1255 1840 1441 1892 πολλοὶ
1463 1838 1834 1907 θαυμάζουσιν
1857 1837 2053 1903 αὑτόν;

476 1933 765 2000 Τοιγάρτοι
802 1931 896 1984 τοῦ
935 1930 1171 1997 γέλωτος
1212 1928 1559 1982 κοινωνοῦσιν
1588 1927 1757 1996 αὐτῷ.
1794 1927 1965 1979 Τοῦτο
1993 1926 2054 1979 οὐ

476 2020 569 2072 τὸν
619 2020 849 2072 πλοῦτον
899 2020 1106 2072 ἐδείκνυ
1131 2061 1145 2081 ,
1201 2018 1338 2071 ἀλλά
1375 2019 1476 2086 τὴν
1507 2017 1711 2070 ἄνοιαν.
1764 2016 1921 2084 Πόσῳ
1957 2015 2056 2083 τῆς

479 2108 689 2177 χρυσῆς
716 2108 929 2176 ἐκείνης
958 2106 1229 2159 πλατάνου
1264 2106 1298 2174 ή
1320 2104 1421 2175 τῆς
1443 2104 1547 2173 γῆς
1577 2103 1800 2173 βελτίων
1821 2119 1834 2167 ;
1858 2102 1926 2154 τὰ
1949 2102 2056 2171 γὰρ

477 2197 618 2250 κατά
654 2196 814 2265 φύσιν
836 2196 946 2248 τῶν
979 2195 1130 2264 παρὰ
1168 2195 1330 2263 φύσιν
1367 2194 1522 2264 ἡδίω.
1560 2193 1626 2244 Τί
1651 2193 1708 2245 δέ
1747 2208 1829 2244 σοι
1863 2192 1891 2242 0
1924 2207 2054 2259 χρυ-

481 2284 606 2345 σοῦς
630 2283 860 2355 οὐρανὸς
891 2282 1162 2344 ἐϐούλετο,
1188 2283 1421 2351 ἀνόητε;
1460 2282 1620 2352 Ὁρᾷς
1654 2280 1772 2341 πῶς
1797 2278 2058 2348 μαινομέ-

479 2389 603 2435 νους
633 2374 661 2425 ό
700 2370 928 2433 πλοῦτος
960 2373 1106 2423 ποιεῖ
1128 2373 1156 2424 0
1181 2370 1381 2433 πολύς;
1418 2368 1535 2432 πῶς
1569 2368 1927 2437 φλεγμαίνει;
1962 2363 2056 2417 Οἷ-

484 2477 582 2529 μαι
612 2459 773 2511 αὑτὸν
814 2458 911 2511 καὶ
953 2458 1050 2529 τὴν
1077 2458 1346 2511 θάλατταν
1377 2458 1590 2525 ἀγνοεῖν
1610 2497 1625 2516 ,
1660 2457 1754 2508 καὶ
1785 2455 1927 2522 τάχα
1971 2452 2060 2521 βα-

477 2546 644 2610 δίζειν
673 2545 958 2615 βούλεσθαι
988 2545 1075 2598 ἐπ’
1108 2546 1299 2615 αὐτῆς,
1331 2540 1477 2613 τΛροι
1497 2544 1556 2596 ού
1589 2542 1819 2612 χίμαιρα
1846 2540 2056 2602 ταῦτα;

480 2631 591 2704 ἆρα
628 2634 727 2704 ούχ
760 2633 1226 2701 ίπποκένταυρος;
1275 2630 1415 2684 Ἀλλ’
1452 2631 1556 2682 είσὶ
1589 2631 1682 2682 καὶ
1709 2627 1804 2680 νῦν
1839 2645 1981 2690 τινες
2008 2626 2058 2678 οί

478 2720 601 2773 οὐδὲ
642 2720 851 2773 ἐκείνου
892 2718 1245 2779 ἀποδέουσιν,
1303 2716 1439 2771 ἀλλά
1482 2716 1661 2786 πολλῴ
1711 2715 2057 2783 ἀνοητότεροι

478 2809 838 2879 τυγχάνουσιν
888 2806 1061 2870 ὄντες.
1096 2806 1161 2859 Τί
1209 2806 1352 2877 γάρ,
1389 2806 1511 2858 είπέ
1550 2820 1669 2874 μοι,
1722 2804 1819 2872 τῆς
1851 2802 2059 2873 χρυσῆς

480 2896 755 2949 πλατάνου
784 2893 1105 2964 διαφέρουσι
1134 2895 1275 2948 κατά
1300 2893 1487 2948 ἄνοιαν
1506 2894 1557 2946 οἱ
1586 2892 1827 2961 κεράμια
1852 2889 2062 2945 ποιοῦνο

478 3000 572 3045 τες
602 2983 781 3052 χρυσᾶ
820 2982 913 3033 καὶ
944 2981 1151 3050 χύτρας
1187 2981 1282 3033 καὶ
1306 2981 1661 3051 ἀλάϐαστρα;
1700 2978 1765 3031 Τί
1796 2979 1852 3032 δὲ
1884 2980 1939 3030 αί
1969 2994 2061 3045 γυ-

481 3073 666 3132 ναῖκες
697 3067 1057 3138 (αἰσχύνομαι
1085 3067 1184 3137 μὲν
1208 3064 1321 3131 οῦν,
1345 3068 1483 3137 πλὴν
1505 3069 1801 3135 ἀναγκαῖον
1823 3064 2057 3135 είπεῖν),

480 3157 680 3225 ἀμίδας
724 3156 972 3225 ἀργυρᾶς
1021 3153 1307 3218 ποιοῦσαις
1356 3155 1532 3224 ’Υμᾶς
1576 3153 1928 3221 αἰσχύνεσθαι
1962 3152 2061 3215 τάς

479 3243 654 3297 ταῦτα
697 3241 959 3305 ποιούσας
996 3242 1127 3296 ἔδει.
1163 3240 1268 3294 Τοῦ
1299 3242 1536 3313 Χριστοῦ
1575 3239 1963 3310 λιμώττοντος,
1996 3240 2060 3291 σὺ

481 3332 624 3385 οῦτω
663 3332 909 3402 τρυφᾷςς
952 3329 1155 3401 μᾶλλον
1185 3329 1243 3382 δὲ
1286 3329 1663 3400 ἀνοηταίνεις;
1709 3328 1868 3382 ποίαν
1901 3320 2061 3380 αὗται

482 3420 705 3472 κόλασιν
731 3418 792 3470 οὑ
819 3418 1093 3483 τίσουσιν;
1123 3417 1245 3469 Ἔτι
1272 3412 1366 3470 οῦν
1397 3418 1627 3487 ἐρωτᾷς,
1651 3416 1739 3468 διὰ
1760 3418 1813 3468 τί
1843 3415 2059 3486 λῃσταὶ,

481 3507 570 3559 διὰ
601 3507 654 3559 τί
688 3504 1032 3576 ἀνδροφόνοι,
1065 3504 1155 3557 διὰ
1190 3504 1240 3557 τί
1274 3506 1345 3557 τὰ
1372 3504 1537 3564 κακὰ,
1576 3502 1747 3565 οὕτως
1793 3503 1937 3572 ὑμᾶς
1969 3500 2063 3555 τοῦ

482 3596 732 3650 διαϐόλου
766 3594 1219 3662 παρασύραντοςς
1252 3594 1325 3645 T0
1362 3594 1460 3663 μὲν
1504 3593 1614 3665 γὰρ
1646 3594 1876 3647 πινάκια
1921 3592 2065 3662 ἐχειν

481 3685 734 3753 ἀργυρᾶ,
762 3682 885 3735 οὐδὲ
914 3680 1073 3734 τοῦτο
1102 3682 1198 3751 μὲν
1225 3680 1366 3733 κατά
1392 3681 1679 3749 φιλόσοφον
1704 3680 1901 3751 ψυχὴν,
1929 3680 2068 3733 ἀλλά

482 3772 697 3841 τρυφῆς
728 3770 788 3823 1:0
818 3771 960 3823 πᾶν⁹
1000 3768 1061 3821 τὸ
1082 3769 1139 3821 δὲ
1167 3768 1263 3822 καὶ
1293 3767 1461 3838 σκεύη
1491 3767 1775 3837 ἀκάθαρτα
1804 3770 1975 3820 ποιεῖν
2008 3767 2069 3831 ἐξ

484 3857 754 3928 ἀργύρου.
786 3852 897 3926 ἆρα
934 3856 1179 3927 τρυφῆς;
1217 3854 1334 3907 ἀλλ’
1366 3854 1467 3907 οὐκ
1495 3854 1561 3907 ἂν
1595 3854 1805 3924 εἴποιμι
1829 3854 2065 3923 τρυφῆς,

485 3946 603 3999 ἀλλ’
638 3943 823 4006 ἀνοίας
845 3960 856 3971 ·
889 3943 1005 3997 ἀλλ’
1045 3943 1166 3995 οὑδὲ
1200 3941 1379 4008 τοῦτο,
1415 3940 1552 3994 ἀλλά
1597 3941 1812 4011 μανίας,
1868 3940 2070 4011 μᾶλλον

407 4080 412 4085 .
485 4034 543 4087 δὲ
576 4033 671 4087 καὶ
705 4031 901 4100 μανίας
932 4031 1137 4100 χεῖρον.

558 4114 771 4172 ε’.υἷδα
796 4119 879 4170 ὅτι
909 4116 1093 4169 πολλοί
1124 4133 1192 4185 με
1221 4114 1573 4185 κωμῳδοῦσιν
1603 4115 1694 4167 ἐπὶ
1731 4115 1926 4185 τούτῳ,
1954 4115 2069 4169 ἀλλ’

487 4210 588 4261 οὐκ
618 4207 1039 4277 ἐπιστρέφομαι,
1078 4205 1236 4275 μόνον
1275 4203 1516 4272 γενέσθω
1546 4221 1601 4256 τι
1635 4204 1817 4257 πλέον.
1862 4206 2069 4269 Ὄντως

488 4298 750 4367 ἀνοήτους
784 4299 931 4350 ποιεῖ
963 4296 1024 4349 τὸ
1053 4295 1307 4348 πλουτεῖν
1343 4294 1440 4346 καὶ
1479 4293 1862 4362 μαινομένους.
1896 4296 1956 4347 El
1991 4312 2077 4347 1:0-

491 4387 663 4458 σαύτη
692 4381 842 4458 [378]
866 4382 987 4457 ἦνὴ
1015 4384 1326 4455 περιουσία,
1358 4383 1736 4453 ἐϐουλήθησαν
1752 4383 1818 4435 ἂν
1848 4386 1942 4436 καὶ
1970 4385 2071 4453 τὴν

488 4478 594 4548 γῆν
613 4473 751 4530 εἶναι
780 4475 1009 4545 χρυσῆν,
1036 4476 1132 4528 καὶ
1163 4473 1375 4543 τοίχους
1408 4472 1663 4543 χρυσοῦς,
1688 4472 1829 4541 τάχα
1864 4473 1959 4525 καὶ
1980 4472 2073 4525 τὸν

488 4564 716 4635 οὐρανὸν
744 4563 836 4615 καὶ
866 4562 956 4615 τὸν
979 4563 1117 4632 ἀέρα
1139 4562 1247 4614 ἀπὸ
1273 4560 1500 4631 χρυσοῦ.
1529 4560 1625 4623 Τίς
1654 4562 1686 4627 ἠ
1716 4560 1901 4630 μανία,
1931 4561 2014 4623 τίς
2039 4562 2074 4630 ἡ

490 4650 883 4720 παρανομίαιη
913 4651 1044 4711 τίςό
1073 4648 1342 4720 πυρετός;
1375 4648 1601 4716 Ἕτερος
1624 4647 1702 4716 τῷ
1733 4646 1933 4717 κρυμῷ
1963 4647 2075 4699 δια-

490 4736 771 4806 φθείρεται
804 4737 834 4787 ό
870 4737 994 4789 κατ’
1030 4735 1213 4787 εἰκόνα
1254 4734 1412 4798 Θεοῦ,
1447 4734 1511 4786 σὺ
1556 4733 1613 4786 δὲ
1645 4732 1874 4786 τοιαῦτα
1902 4750 2075 4785 κατα-

493 4826 813 4890 σκευάζεις;
850 4826 915 4877 Ὢ
955 4823 1051 4876 τοῦ
1089 4823 1261 4893 τύφου
1286 4842 1299 4855 ·
1331 4824 1383 4875 τί
1427 4822 1492 4875 ἂν
1540 4821 1702 4875 πλέον
1751 4822 2075 4892 μαινόμενος

493 4914 751 4982 έποίησε;
782 4910 848 4964 τὰ
867 4911 1280 4980 ἀποπατήματα
1308 4910 1450 4963 οὕτω
1469 4911 1656 4979 τιμᾷς,
1683 4909 1823 4962 ὥστε
1850 4908 2077 4980 ἀργύρῳ

494 4999 886 5068 ὑποδέχεσθαι;
929 4994 1062 5053 Οἶδα
1105 4999 1191 5052 ὅτι
1243 4999 1481 5068 ναρκᾶτε
1521 4996 1837 5061 ἀκούοντες,
1865 4997 1980 5050 ἀλλ’
2018 4998 2074 5049 αἱ

496 5088 752 5141 ποιοῦσαι
785 5089 993 5158 ναρκᾷν
1022 5087 1319 5157 ὀφείλουσι,
1361 5088 1456 5139 καὶ
1482 5086 1532 5137 οἱ
1560 5088 1673 5148 τοῖς
1700 5084 1966 5148 τοιούτοις
1999 5102 2082 5138 v0-

498 5178 734 5245 σήμασιν
771 5175 963 5245 ἄνδρες
1002 5173 1469 5244 ὑπηρετούμενοιί
1508 5171 1776 5224 ἀκολασία
1821 5172 1930 5241 γάρ
1960 5172 2076 5222 ἐστι

498 5267 591 5315 καὶ
619 5261 839 5331 ὠμότης
874 5262 967 5313 καὶ
995 5260 1361 5330 άπανθρωπία
1395 5260 1491 5311 καὶ
1519 5256 1782 5328 θηριωδία
1806 5259 1902 5310 καὶ
1930 5257 2082 5310 ἀσέλ-

499 5368 624 5416 γεια
648 5351 822 5402 τοῦτο.
860 5350 995 5401 Ποία
1041 5349 1273 5411 Σκύλλα,
1314 5346 1444 5399 ποία
1487 5346 1744 5416 χίμαιρα,
1777 5348 1926 5407 ποῖος
1951 5344 2080 5415 δρά-

502 5455 612 5491 κων
634 5478 649 5499 ,
694 5437 893 5506 μᾶλλον
922 5438 979 5490 δὲ
1020 5439 1172 5498 ποῖος
1194 5434 1425 5504 δαίμων,
1452 5434 1603 5496 ποῖος
1635 5432 1880 5495 διάϐολος
1909 5432 2081 5487 ταῦτα

505 5524 571 5575 ἂν
615 5525 875 5593 ἐποίησε;
910 5525 975 5576 Τί
1008 5524 1102 5577 τοῦ
1148 5520 1385 5592 Χριστοῦ
1430 5521 1655 5588 δφελος;
1688 5520 1823 5572 τίδὲ
1862 5521 1961 5589 τῆς
1990 5521 2082 5573 πί-

509 5626 697 5673 στεως,
720 5613 848 5664 ὅταν
869 5611 1169 5681 ἀνθρώπων
1188 5608 1446 5680 ἀνέχηταί
1465 5609 1491 5647 δ
1510 5626 1595 5671 τις
1627 5609 1916 5678 Ἑλλήνων,
1949 5608 2085 5678 μᾶλ-

628 5775 875 5849 Ῑηιθεῖβιᾫδ
899 5783 1109 5849 La_linus.
1132 5782 1213 5846 qui
1240 5788 1596 5843 venerantium
1615 5779 1823 5831 amentia
1843 5780 1865 5830 ἰ)
1890 5782 2084 5833 videtur

514 5832 694 5895 ὶεεὶςεο
717 5832 785 5894 τίς
806 5845 834 5897 ἡ
856 5846 1102 5904 παράνοια.

1182 406 1240 459 S.
1280 404 1566 461 JOANNIS
1604 398 2095 459 CHRYSOSTOMI
2147 397 2469 456 ARCHIEP.
2508 392 3060 453 CONSTANTINOP.

3628 385 3734 439 550

2162 515 2251 568 λον
2276 515 2332 568 δὲ
2361 516 2461 584 οὑχ
2506 513 2773 583 Ἑλλήνων
2795 549 2810 573 ,
2841 506 2975 561 ἀλλὰ
3005 504 3310 572 δαιμόνωνς
3347 502 3407 553 Εἰ
3439 498 3620 570 χρυσῴ
3646 500 3739 553 καὶ

2161 602 2529 674 μαργαρίταις
2558 602 2657 669 τὴν
2688 594 2930 665 κεφαλὴν
2975 594 3198 660 κοσμεῖν
3226 590 3285 641 οῦ
3311 589 3426 649 δεῖ,
3471 590 3500 640 ὁ
3531 587 3608 657 τῷ
3636 590 3737 658 ἀρ-

2158 690 2311 761 γύρῳ
2348 692 2428 750 είς
2470 687 2778 755 ἀκάθαρτον
2809 682 2980 743 οὕτως
3013 677 3316 748 ὑπηρεσίαν
3364 674 3735 743 κεχρημένος,

2160 777 2320 840 ποίας
2342 774 2671 843 συγγνώμης
2700 771 2984 837 τεύξεται;
3009 767 3107 821 οὑκ
3131 765 3290 834 ἀρκεῖ
3316 762 3382 814 τὰ
3407 762 3587 824 λοιπὰ,
3618 762 3738 813 καί-

2158 883 2241 918 τοι
2271 882 2334 932 γε
2362 864 2483 916 οὐδὲ
2512 864 2695 914 ἐκεῖνα
2727 858 2949 919 ἀνεκτά,
2975 855 3233 923 καθέδραι
3265 853 3358 905 καὶ
3387 850 3653 902 ὑποπόδια
3680 848 3738 912 ἐξ

2160 954 2400 1024 ἀργύρου
2428 954 2639 1014 πάντας
2664 951 2840 1003 καίτοι
2865 949 2959 999 καὶ
2982 944 3159 997 ταῦτα
3184 941 3387 1004 ἀνοίας.
3430 939 3592 990 Ἀλλὰ
3612 956 3741 991 παν-

2159 1044 2326 1115 ταχοῦ
2351 1047 2379 1096 ό
2404 1043 2567 1111 τῦφος
2591 1044 2619 1094 0
2642 1039 2919 1110 περισσὸς,
2951 1030 3225 1101 πανταχοῦ
3249 1032 3282 1100 ὴ
3310 1028 3584 1095 κενοδοξία
3607 1047 3619 1059 ·
3652 1029 3741 1080 οὑ-

2161 1132 2336 1201 δαμοῦ
2372 1133 2472 1201 τῆς
2518 1129 2745 1199 χρείας,
2789 1123 2928 1178 ἀλλά
2979 1118 3257 1189 πανταχοῦ
3294 1118 3400 1171 τῶν
3445 1115 3735 1187 περιττῶν.

2175 1218 2318 1287 Ἐγὼ
2347 1218 2563 1271 δέδοικα
2613 1215 2685 1285 μὴ
2721 1213 2826 1266 ὑπὸ
2854 1212 2955 1279 τῆς
2988 1208 3183 1274 μανίας
3212 1204 3413 1274 ταύτης
3449 1204 3739 1274 προϐαῖνον

2162 1306 2223 1359 10
2246 1307 2553 1374 γυναικεῖον
2576 1303 2732 1370 γένος
2771 1301 3015 1368 τεράτων
3046 1295 3292 1365 ἀναλάϐῃ
3321 1292 3533 1363 μορφήν
3553 1309 3567 1321 ·
3593 1289 3739 1351 εἰκὸς

2163 1395 2271 1465 γάρ
2301 1394 2467 1456 αὑτὰς
2497 1390 2831 1461 ἐπιθυμῆσαι
2876 1387 2970 1439 καὶ
2996 1384 3186 1453 τρίχας
3225 1382 3368 1451 ἔχειν
3395 1380 3620 1450 χρυσᾶς.
3668 1377 3738 1428 "H

2163 1482 2532 1551 όμολογήσατε
2570 1480 2652 1531 ὅτι
2688 1477 2787 1529 οὑκ
2820 1471 3053 1527 ὲπάθετέ
3087 1488 3139 1523 τι
3172 1469 3311 1539 πρὸς
3349 1467 3409 1519 τὸ
3435 1465 3622 1536 λεχθὲν
3647 1465 3739 1517 καὶ

2161 1569 2475 1636 διανέστητε
2500 1566 2595 1618 καὶ
2620 1566 2697 1627 εἰς
2717 1560 3010 1630 ἐπιθυμίαν
3036 1557 3339 1621 ὲνεπέσετε,
3372 1555 3467 1606 καὶ
3494 1554 3541 1605 εί
3577 1553 3649 1623 μή
3675 1567 3741 1618 γε

2166 1659 2199 1727 ὴ
2234 1655 2461 1726 αἰσχύνη
2492 1655 2767 1721 κατεῖχεν,
2813 1650 2914 1701 οὐκ
2961 1647 3028 1699 ἂν
3081 1640 3490 1715 παρῃτήσασθε.
3537 1641 3599 1727 Et
3633 1638 3742 1709 γὰρ

2164 1726 2260 1796 καὶ
2285 1741 2352 1794 τὰ
2374 1740 2579 1794 τούτων
2600 1736 2926 1805 ἀτοπώτερα
2944 1732 3202 1802 τολμᾶτε,
3228 1727 3406 1798 πολλῷ
3425 1726 3627 1797 μᾶλλον
3648 1727 3743 1779 καὶ

2163 1832 2353 1901 τρίχας
2384 1829 2527 1899 ἔχειν
2552 1824 2705 1896 οἶμαι
2738 1825 2941 1885 ταύτας
2986 1819 3326 1889 ἐπιθυμῆσαι
3376 1818 3603 1887 χρυσᾶς,
3650 1814 3744 1866 καὶ

2164 1922 2232 1973 τὰ
2260 1918 2434 1989 χείλη,
2463 1918 2559 1969 καὶ
2586 1917 2685 1977 τὰς
2708 1912 2902 1983 ὀφρῦς,
2935 1910 3027 1964 καὶ
3060 1909 3237 1961 πάντα
3266 1904 3469 1975 χρυσὸν
3499 1919 3744 1971 κατατηα

2167 2006 2366 2069 κούσας
2397 2003 2541 2057 οὑτω
2585 2001 2911 2073 περιχρίειν.
2948 1999 3010 2049 Et
3053 1994 3109 2048 δὲ
3142 1995 3419 2047 ἀπιστεῖτε
3465 1991 3560 2043 καὶ
3587 1990 3738 2059 νομί-

2168 2096 2287 2160 ζετε
2308 2091 2550 2161 γελῶντά
2569 2107 2634 2161 με
2658 2090 2856 2156 λέγειν,
2876 2084 2986 2153 ἐγὼ
3010 2083 3339 2151 διηγήσομαι
3353 2080 3490 2146 ὅπερ
3513 2076 3744 2147 ῆκουσα,

2170 2183 2367 2252 μᾶλλον
2419 2180 2478 2233 δὲ
2525 2179 2619 2232 καὶ
2664 2176 2781 2228 ἔστι
2812 2174 2924 2226 νῦν.
2972 2173 3033 2223 '0
3072 2169 3182 2223 τῶν
3215 2166 3440 2237 Περσῶν
3489 2162 3745 2233 βασιλεὺς

2167 2270 2401 2342 χρυσοῦν
2446 2268 2560 2337 ἔχει
2601 2265 2663 2317 τὸ
2709 2264 2939 2332 γένειον,
2984 2258 3093 2311 τῶν
3139 2256 3269 2327 περὶ
3312 2254 3488 2307 ταῦτα
3530 2250 3744 2316 δεινῶν,

2166 2338 2418 2425 καθάπερ
2445 2357 2513 2424 τῇ
2552 2352 2750 2421 κρόκῃ,
2808 2348 2951 2401 οὑτω
2997 2346 3093 2399 καὶ
3139 2346 3261 2405 ταῖς
3310 2341 3520 2395 ἐκείνου
3548 2338 3749 2425 θριξὶν

2167 2423 2550 2493 ἐνελισσόντων
2579 2436 2650 2488 τά
2678 2432 2887 2487 πέταλα
2915 2430 3009 2483 τοῦ
3050 2428 3251 2499 χρυσοῦ
3276 2444 3289 2457 ⁸
3342 2425 3438 2480 καὶ
3462 2423 3751 2478 ἀνάκειται

2169 2528 2421 2595 καθάπερ
2451 2526 2638 2595 τέρας.
2677 2522 2813 2585 Δόξα
2847 2538 2950 2584 σοι,
2984 2518 3206 2589 Χριστὲ,
3234 2517 3414 2568 πόσων
3448 2513 3749 2582 ἐνέπλησας

2170 2615 2394 2686 ἀγαθῶν
2422 2615 2570 2686 ἡμᾶς
2590 2656 2605 2679 ,
2642 2612 2759 2674 πῶς
2810 2608 2956 2679 ἡμᾶς
2986 2606 3251 2674 ὑγιαίνειν
3282 2600 3703 2672 παρεσκεύασας
3728 2615 3749 2665 ;

2170 2707 2343 2775 πόσης
2373 2701 2727 2773 τερατωδίας,
2765 2698 2936 2768 πόσης
2966 2694 3190 2762 ἀλογίας
3218 2693 3364 2762 ἡμᾶς
3395 2688 3749 2775 ἁπήλλαξας;

2184 2774 2314 2848 Ἰδοὺ
2342 2792 2596 2862 προλέγω
2621 2806 2633 2816 ·
2679 2786 2864 2840 οὐκέτι
2897 2781 3175 2854 παραινῶ,
3202 2780 3316 2834 ἀλλ’
3348 2777 3621 2830 ἐπιτάττω
3655 2774 3752 2828 καὶ

2172 2878 2562 2951 παραγγέλλω·
2599 2877 2629 2929 0
2663 2873 2981 2943 βουλόμενος
3009 2869 3271 2931 ἀκουέτω,
3303 2869 3331 2919 0
3362 2866 3418 2919 δὲ
3456 2865 3529 2935 μὴ
3569 2861 3755 2951 βουλό-

2176 2950 2333 3040 μενος
2365 2964 2660 3020 ἀπειθείτω
2681 2980 2694 2993 ο
2728 2965 2810 3015 δτι
2832 2960 2897 3013 ἂν
2929 2958 3229 3027 ἐπιμένητε
3274 2953 3448 3006 ταῦτα
3478 2950 3757 3013 ποιοῦσαι,

2171 3037 2272 3111 οὑκ
2300 3056 2559 3125 ἀνέξομαι
2587 3052 2707 3105 οὑδὲ
2729 3048 2954 3119 δέξομαι
2981 3046 3124 3114 ὑμᾶς
3150 3043 3270 3096 οὐδὲ
3301 3042 3497 3111 ἀφήσω
3525 3037 3634 3091 τῶν
3665 3038 3754 3091 ού-

2172 3147 2277 3200 δῶν
2308 3144 2617 3215 ὑπερϐῆναι
2655 3137 2885 3191 τούτων.
2919 3135 2984 3186 Τί
3022 3134 3130 3202 γάρ
3165 3149 3253 3202 μοι
3280 3129 3358 3181 δεῖ
3403 3128 3643 3215 πλήθους
3670 3141 3758 3215 νοξ

2174 3212 2442 3296 σούντωννς
2476 3231 2529 3283 τί
2564 3228 2642 3294 δέ,
2688 3228 2737 3279 εί
2772 3220 3140 3292 παιδοτριϐῶν
3182 3217 3322 3288 ὑμᾶς
3354 3215 3415 3268 οὑ
3460 3214 3652 3266 κωλύω
3684 3212 3757 3263 τὰ

2178 3324 2252 3394 μὴ
2283 3318 2542 3392 περιττάς
2569 3315 2761 3370 Καίτοι
2787 3328 2849 3381 γε
2868 3315 2895 3365 0
2916 3308 3125 3370 Παῦλος
3150 3305 3407 3368 ἐκώλυσε,
3432 3302 3536 3394 καὶΔ
3556 3299 3762 3371 χρυσὸν

2174 3388 2268 3464 καῖι
2304 3388 2668 3479 μαργαρίτας.
2734 3397 3032 3469 Γελώμεθα
3084 3392 3237 3462 παρὰ
3296 3392 3405 3444 τῶν
3460 3388 3760 3458 Ἑλλήνων,

2178 3500 2344 3572 μῦθος
2371 3494 2511 3550 εἶναι
2537 3494 2684 3547 δοκεῖ
2702 3491 2768 3544 τὰ
2789 3488 3052 3559 ἡμέτερα.
3079 3485 3191 3538 Καὶ
3219 3484 3331 3543 τοῖς
3353 3480 3578 3550 ἀνδράσι
3609 3494 3754 3547 παρ-

2173 3566 2306 3645 αινῶ
2356 3585 2566 3639 ταῦτα’
2612 3584 2692 3644 είς
2735 3576 3106 3630 διδασκαλεῖον
3150 3570 3447 3642 παραγίνῃ,
3501 3566 3759 3619 παιδευό-

2179 3692 2339 3745 μενος
2374 3669 2692 3742 φιλοσοφίαν
2725 3662 3144 3732 πνευματικήν;
3198 3656 3417 3727 περίελε
3468 3654 3561 3706 τὸν
3589 3653 3765 3720 τῦφον

2176 3739 2406 3814 ἐκεῖνον.
2439 3757 2610 3810 Τοῦτο
2670 3753 2764 3806 καὶ
2816 3749 3043 3819 ἀνδράσι
3072 3743 3325 3817 παραινῶ
3369 3746 3465 3796 κει.)¹
3506 3739 3747 3811 γυναιξί⁹

2178 3853 2282 3903 κᾶν
2307 3849 2508 3917 ἐτέρως
2538 3860 2620 3905 τις
2666 3842 2816 3910 ποιῇ,
2852 3838 3037 3890 λοιπὸν
3064 3835 3165 3886 οὐκ
3205 3831 3492 3900 ἀνέχομαι.
3541 3827 3762 3880 Δώδεκα

2176 3936 2315 4011 ἦσαν
2349 3938 2399 3988 οί
2443 3930 2705 4004 μαθηταὶ,
2758 3928 2854 3980 καὶ
2902 3924 3134 3979 ἄκουσον
3165 3921 3218 3974 τί
3263 3935 3428 3989 φησιν
3465 3920 3493 3971 0
3524 3918 3759 3987 Χριστὸς

2180 4006 2315 4096 πρὸς
2346 4021 2542 4082 αύτούς
2564 4036 2576 4049 ·
2617 4018 2712 4085 Μὴ
2755 4014 2854 4068 καί
2898 4011 3069 4081 ὑμεῖς
3095 4009 3298 4063 θέλετε
3324 4006 3625 4075 ὑπάγειν;
3660 4006 3761 4056 Ἂν

2178 4091 2287 4185 γάρ
2312 4112 2485 4165 διόλου
2518 4105 2928 4171 κολακεύωμεν,
2959 4097 3110 4171 [579]
3142 4097 3274 4149 πότε
3313 4091 3759 4163 ἀνακτησόμεθα;

2181 4180 2312 4256 πότε
2340 4200 2725 4269 ώφελήσομεν;
2775 4190 2916 4244 Ἀλλ’
2955 4188 3085 4252 εἰσὶ,
3135 4185 3321 4256 φησὶν,
3357 4183 3601 4253 αἱρέσεις
3638 4180 3761 4269 ἓτε-

2186 4309 2294 4363 ραι,
2321 4267 2415 4341 καῖ
2437 4267 2831 4357 μετατίθενται.
2868 4276 3088 4346 Ψυχρὸς
3110 4269 3262 4363 οὗτος
3281 4273 3315 4363 0
3339 4271 3524 4338 λόγος’
3557 4267 3765 4363 Κρεῖον·

2181 4354 2297 4433 σον
2322 4371 2409 4441 εἷς
2438 4354 2625 4426 ποιῶν
2652 4369 2718 4422 τὸ
2745 4368 2974 4434 θέλημα
2998 4362 3243 4430 Κυρίου,
3272 4359 3311 4427 ἢ
3339 4359 3541 4428 μυρίοι
3577 4354 3765 4424 παρά-

2182 4482 2371 4535 νομοι.
2403 4461 2554 4514 Ἐπεὶ
2611 4457 2707 4511 καὶ
2739 4456 2802 4508 σὺ
2849 4454 2901 4506 τί
2952 4451 3153 4522 βούλει,
3188 4448 3310 4501 εἰπέ
3365 4463 3488 4515 μοις
3537 4445 3765 4514 μυρίους

2182 4533 2458 4626 δραπέτας
2503 4548 2647 4618 ἔχειν
2686 4544 2779 4597 καὶ
2807 4542 3041 4604 κλέπτας
3076 4540 3316 4599 οἰκέτας,
3351 4535 3503 4602 ἣένα
3532 4533 3720 4585 εῦνουν
3747 4547 3764 4595 ;

2197 4619 2326 4698 ’ίδοὺ
2362 4635 2613 4708 παραινῶ
2646 4632 2742 4687 καὶ
2777 4626 3077 4699 παρεγγυῶ
3131 4627 3226 4678 καὶ
3258 4624 3343 4677 τὸν
3372 4619 3767 4689 καλλωπισμὸν

2183 4732 2276 4783 τὸν
2306 4707 2562 4797 περὶγτὴν
2587 4723 2733 4793 ὖψιν,
2767 4722 2860 4773 καί⁵
2887 4716 2957 4768 τὰ
3001 4713 3170 4782 σκεύη
3199 4713 3264 4765 τὰ
3289 4709 3516 4763 τοιαῦτα
3549 4707 3767 4776 συντρί-

2186 4820 2325 4882 ϐειν,
2379 4795 2473 4869 καὶ
2525 4813 2717 4879 πένησι
2755 4808 2976 4868 διδόναι,
3026 4803 3120 4856 καὶ
3154 4800 3226 4871 μὴ
3254 4799 3395 4852 οὕτω
3438 4795 3765 4866 μεμηνέναι.

2199 4908 2256 4960 Ὀ
2288 4904 2607 4976 βουλόμενος
2640 4895 2996 4965 ἀποπηδάτω,
3025 4894 3052 4944 0
3086 4882 3767 4976 ﬁou10p5vo;_5yxa15hw'

2187 4973 2298 5050 00:0
2341 4994 2603 5063 ἀνέχομαι
2638 4986 2872 5048 οὐδενός.
2901 4984 3069 5035 ’Ὀταν
3114 4978 3291 5048 μέλλω
3337 4974 3622 5063 κρίνεσθαι
3674 4973 3770 5023 ἐπὶ

2186 5083 2281 5137 τοῦ
2316 5061 2558 5154 βήματος
2601 5074 2696 5129 τοῦ
2742 5069 3004 5143 Χριστοῦ,
3040 5065 3256 5138 μακρὰν
3288 5064 3446 5131 ὑμεῖς
3476 5061 3768 5130 ἑστήκατε,

2189 5173 2284 5225 κοιλ⁵
2316 5146 2507 5239 ῆ’παρ’
2544 5162 2698 5234 ὑμῶν
2724 5160 2884 5231 χάρις
2921 5160 3000 5218 εἰς
3040 5154 3212 5215 οὐδὲν,
3246 5149 3380 5219 ἐμοῦ
3405 5148 3507 5210 τὰς
3534 5146 3771 5208 εὐθύνας

2192 5234 2541 5328 παρέχοντος.
2572 5250 2759 5305 Ταῦτα
2785 5246 2856 5301 τὰ
2888 5246 3105 5315 ῥήματα
3134 5241 3200 5292 τά
3235 5239 3411 5292 πάντα
3437 5234 3768 5304 διέφθειρεν-

2190 5319 2283 5396 ἴνα¹
2312 5319 2523 5410 ἀπέλθῃ
2560 5350 2608 5401 ε,
2645 5336 2828 5405 φησὶν,
2862 5333 2955 5386 καὶ
2998 5327 3265 5399 μετατεθῇ
3296 5324 3432 5395 πρὸς
3459 5323 3655 5410 ἑτέραν
3684 5319 3773 5372 αῖ-

2192 5448 2380 5505 ρεσιν’
2437 5408 2671 5493 ἀσθενής
2728 5425 2863 5481 ἐστι,
2915 5414 3316 5484 συγκατάϐηθι.
3368 5410 3551 5505 ὒίέχρι
3585 5408 3768 5505 τίνοςς

2194 5494 2354 5593 μέχρι
2383 5517 2542 5582 πότε;
2576 5510 2741 5576 ἆπαξ,
2775 5509 2866 5561 καὶ
2893 5507 2995 5573 δὶς,
3030 5504 3124 5557 καὶ
3156 5502 3296 5572 τρῖς»
3352 5497 3427 5569 μὴ
3452 5494 3770 5557 διαπαντόςο

2254 5719 2285 5755 ιι
2312 5712 2539 5775 Profecto
2578 5707 2830 5775 legendum
2870 5702 3140 5763 ἀπέχηται,
3188 5696 3420 5752 imitatur,
3465 5688 3628 5753 inquit
3666 5687 3777 5738 Du-

2192 5794 2417 5893 “aug-inc
2446 5832 2589 5887 dubio
2612 5827 2863 5895 legendum:
2885 5827 2958 5875 ἵνα
2988 5825 3050 5886 μὴ
3073 5823 3267 5880 ἀπέλθῃ,
3297 5822 3433 5869 notat
3453 5814 3692 5866 Dunzrus.
