4120 6400
442 412 546 467 5&9

443 529 628 582 venies
677 526 909 580 animam
959 533 1037 579 tot
1078 534 1129 579 et
1170 532 1278 578 tam
1327 522 1544 578 nefariis
1572 522 1784 592 plenam
1814 521 2028 577 deside~

442 622 555 680 riis,
593 629 645 673 ut
674 633 860 672 eorum
889 617 977 685 qui
1008 616 1189 671 volunt
1217 616 1501 670 ditescere.
1530 615 1671 680 Quas
1692 616 1835 668 enim
1862 630 2027 684 nugas

441 727 543 762 mm
576 710 677 762 sibi
706 706 1043 777 depingunt?
1072 707 1235 777 Magis
1260 722 1415 775 quam
1456 706 1544 774 qui
1574 704 2023 774 ltippoccntauros

437 802 697 869 effingunt
721 808 775 854 et
798 799 1079 853 chimmras
1097 807 1152 851 et
1175 797 1599 867 serpentipedcs,
1629 806 1683 850 et
1711 796 1934 866 Scyllas,
1968 804 2024 849 et

436 903 695 955 monstra,
748 891 946 945 videris
992 905 1085 945 eos
1130 889 1465 959 effingentes.
1510 888 1579 942 Et
1625 889 1669 943 si
1717 889 1835 957 quis
1891 886 2021 940 velit

433 1003 618 1043 eorum
648 1002 807 1041 unam
836 985 1090 1055 eflingcre
1122 984 1488 1054 cupiditatem,
1518 982 1651 1036 nihil
1677 982 2015 1047 videbuntur,

433 1098 533 1138 nec
580 1080 754 1150 Scylla
790 1095 888 1134 nec
936 1078 1186 1133 chimtera
1231 1093 1405 1141 neque
1452 1076 1934 1145 hippocentaurus.
1971 1076 2018 1129 sl

433 1188 553 1225 cum
585 1182 835 1241 portento
865 1170 958 1224 illo
998 1170 1359 1229 conferantur,
1388 1167 1481 1222 sed
1509 1166 1712 1221 videbis
1752 1167 1895 1220 illam
1918 1165 2015 1220 Ita-

431 1264 561 1319 bere
598 1280 785 1317 onincs
814 1262 969 1316 simul
996 1262 1218 1318 belluas.
1251 1260 1320 1315 Et
1345 1260 1482 1314 forte
1510 1259 1833 1314 existimabit
1872 1258 2015 1326 quis-

432 1358 571 1426 piam
602 1372 685 1409 ute
714 1355 877 1409 fuisse
918 1355 970 1407 itt
1007 1354 1172 1407 multa
1202 1352 1502 1407 divitiarum
1530 1350 1701 1419 capia,
1733 1360 1790 1404 ut
1830 1350 1919 1419 qui
1960 1349 2013 1403 in

431 1450 498 1505 iis
541 1465 659 1519 qua:
708 1449 959 1503 dicuntur
1008 1457 1113 1502 tam
1159 1447 1259 1502 sim
1305 1461 1486 1501 verat.
1516 1444 1708 1501 Fertur
1750 1443 2008 1513 quidam:

426 1545 576 1613 prius
616 1544 757 1598 enim
787 1542 1119 1596 confirmabo
1144 1542 1441 1595 orationem
1472 1556 1535 1595 ex
1568 1540 1632 1595 iis
1676 1556 1793 1609 qua:
1816 1537 2015 1593 decan-

426 1644 605 1690 tantur
646 1634 784 1704 apud
830 1632 1047 1689 Graecos
1081 1650 1093 1685 :
1123 1632 1316 1699 fertur,
1360 1633 1612 1702 inquam,
1659 1629 1871 1699 quidam
1916 1644 2009 1683 rex

424 1727 565 1798 apud
592 1742 686 1781 eos
716 1726 971 1780 delicians
1000 1740 1065 1779 eo
1102 1724 1316 1779 venisse
1346 1724 1521 1789 luxus,
1552 1732 1609 1777 ut
1648 1736 1863 1776 auream
1908 1718 2010 1775 sibi

421 1820 607 1873 fecerit
639 1818 929 1887 platanum,
959 1816 1255 1888 cmlumque
1296 1830 1549 1885 superne,
1579 1824 1632 1869 et
1661 1813 1733 1867 ita
1765 1812 1967 1867 sedisse
1990 1854 2006 1878 ,

421 1910 582 1981 idque
626 1924 745 1963 cum
799 1910 997 1963 bellum
1049 1916 1263 1979 gereret
1309 1909 1565 1961 adversus
1616 1904 1739 1959 belli
1786 1905 2004 1975 peritos.

423 2005 616 2058 Annon
650 2014 730 2057 est
757 2002 873 2056 [nec
916 2003 1179 2071 cupiditas
1206 2001 1789 2071 bippocentaurorum?
1827 2015 2005 2053 annon

420 2095 654 2166 Scyllae?
685 2094 835 2148 Alius
881 2109 1066 2148 rursus
1108 2093 1291 2163 injecit
1334 2094 1576 2148 homines
1604 2093 1657 2147 in
1703 2093 1890 2147 bovem
1939 2090 2004 2145 li-

417 2201 631 2256 gneum.
663 2186 854 2239 Annon
882 2195 961 2240 est
988 2184 1208 2254 Scylla?
1237 2184 1535 2250 Quemdam
1560 2193 1737 2237 autem
1768 2198 1833 2236 ex
1865 2183 2007 2251 prio-

418 2278 565 2331 ribus
623 2293 824 2347 regem,
875 2277 1190 2332 bellatorem
1241 2293 1309 2332 ex
1361 2278 1474 2332 viro
1521 2276 1719 2332 divitia:
1762 2276 2005 2332 fecerunt

416 2368 698 2423 mulierem
729 2368 805 2439 (a)
832 2385 847 2432 ;
874 2384 938 2423 ex
972 2370 1214 2434 muliere,
1247 2369 1371 2439 quid
1408 2370 1624 2423 dicam?
1663 2367 1888 2424 bestiam
1916 2385 2005 2425 ra-

416 2462 576 2515 tionis
620 2473 918 2531 expertem,
948 2472 1003 2517 et
1029 2462 1113 2515 liis
1142 2462 1316 2516 adhuc
1348 2462 1515 2531 pejus.
1546 2462 1741 2517 Bestia:
1786 2463 1926 2519 enim
1954 2462 2002 2518 si

416 2554 524 2608 sint
550 2554 649 2607 sub
678 2553 981 2618 arboribus,
1012 2569 1161 2609 suam
1189 2555 1454 2609 sustinent
1498 2564 1762 2619 naturam,
1789 2564 1843 2609 et
1870 2554 2002 2610 nihil

414 2655 663 2714 quierunt
687 2644 914 2715 amplius
938 2665 951 2698 ;
979 2645 1080 2699 iste
1106 2654 1285 2699 autem
1310 2644 1468 2700 etiam
1497 2646 1728 2699 ferarum
1757 2655 2000 2700 naturam

413 2737 570 2807 longe
598 2738 893 2807 superavit.
923 2737 1061 2805 Quid
1103 2753 1233 2808 ergo
1272 2738 1523 2794 divitibus
1561 2739 1722 2794 fuerit
1747 2740 2001 2810 insipien-

414 2831 559 2885 tius?
601 2831 712 2885 Hoc
752 2840 932 2885 autem
980 2831 1040 2885 lit
1082 2847 1148 2886 ex
1193 2831 1352 2886 nimia
1399 2830 1785 2886 desideriorum
1813 2831 1885 2886 vi.
1928 2833 2000 2888 At

412 2937 590 2977 nonne
618 2922 768 2977 multi
795 2938 917 2977 eum
942 2923 1315 2977 admirantur?
1343 2923 1504 2977 Fittnt
1532 2923 1707 2993 itaque
1731 2923 2000 2993 sicutipse

410 3015 641 3071 ridiculi.
676 3016 785 3069 lloc
814 3031 921 3069 non
948 3015 1265 3070 ostendebat
1290 3015 1523 3081 divitias,
1555 3014 1648 3070 sed
1686 3015 1995 3070 amentiam.

410 3108 587 3161 Aurea
609 3106 694 3161 illa
727 3106 946 3176 platano
970 3116 1173 3177 quanto
1202 3115 1285 3162 est
1316 3108 1583 3162 terrestris
1614 3106 1855 3176 platanus
1884 3122 1999 3162 me-

411 3198 512 3253 lior
550 3208 605 3253 et
633 3198 1017 3267 prrestantior?
1063 3214 1183 3252 nam
1235 3214 1353 3268 quae
1400 3209 1524 3253 sunt
1564 3198 1857 3253 secundum
1896 3213 1995 3253 na-

412 3299 585 3344 turam
608 3331 624 3355 ,
670 3301 795 3344 sunt
833 3291 1151 3359 jucundiora
1187 3292 1249 3346 iis
1277 3308 1395 3360 qum
1437 3300 1564 3345 sunt
1612 3302 1808 3360 praner
1845 3300 1999 3346 natu-

410 3398 547 3437 ram.
570 3382 707 3449 Quid
732 3382 824 3436 tibi
850 3382 1062 3437 volebat
1086 3383 1275 3436 caelum
1300 3398 1541 3444 aureum,
1565 3399 1599 3437 o
1627 3382 1810 3436 fatue?
1837 3382 1996 3438 Vides

413 3473 684 3542 quomodo
714 3473 1039 3527 insanientes
1067 3474 1263 3528 faciant
1305 3474 1539 3528 (Ιίνίιίίηῖ
1568 3475 1836 3543 quomodo
1857 3476 1999 3529 intu-

410 3574 652 3620 mescant
687 3574 742 3619 et
760 3567 1029 3620 arstuent?
1054 3567 1314 3621 Existimo
1340 3567 1480 3635 ipsas
1511 3567 1671 3621 etiam
1702 3583 1849 3623 mare
1887 3584 1993 3623 non

409 3674 592 3722 nosse,
623 3669 676 3713 et
703 3658 931 3713 fortasse
960 3660 1099 3714 velle
1123 3660 1281 3714 etiam
1314 3659 1366 3714 in
1406 3660 1521 3729 ipso
1547 3660 1771 3730 ingredi.
1800 3661 1995 3716 Annon

411 3752 527 3807 lucc
550 3761 673 3807 sunt
694 3753 991 3807 chimmra?
1015 3768 1196 3807 annon
1225 3752 1714 3821 hippocentaurus?
1740 3753 1844 3808 Sed
1870 3764 1995 3809 sunt

410 3861 553 3900 nunc
595 3860 810 3914 quoque
836 3846 1017 3915 quiab
1060 3845 1178 3916 ipso
1223 3844 1356 3898 nihil
1396 3845 1628 3910 distant;
1670 3855 1795 3899 sunt
1832 3846 1993 3900 etiam

412 3939 581 3993 multo
605 3938 1018 4007 insipientiores.
1046 3937 1184 4004 Quid
1210 3939 1372 4003 enim,
1403 3938 1716 4009 dic,qu:eso,
1744 3938 1811 3992 ab
1832 3954 1991 3993 aurea

412 4029 630 4096 platano
670 4028 957 4093 differunt,
1004 4028 1148 4098 quod
1191 4029 1385 4083 attinet
1430 4028 1497 4083 ad
1542 4030 1848 4095 amentiam,
1903 4030 1992 4100 qui

412 4119 699 4189 amphoras
745 4120 946 4173 faciunt
972 4133 1163 4174 aureas
1201 4128 1258 4173 et
1291 4118 1426 4173 ollas
1452 4127 1507 4173 et
1533 4119 1839 4174 alabastra?
1868 4119 1993 4190 quid

409 4225 541 4265 vero
576 4209 829 4266 mulieres
857 4210 1037 4280 (pudet
1065 4209 1307 4280 quidem,
1335 4209 1430 4264 sed
1458 4219 1635 4264 tamen
1663 4225 1883 4265 necesse
1912 4219 1995 4265 cst

409 4298 637 4371 dicere),
666 4302 897 4355 matulas
927 4302 1185 4356 facientes
1231 4302 1556 4371 argenteas?
1584 4301 1870 4371 Oporteret
1897 4318 1994 4358 vos

410 4390 611 4460 pudere
638 4406 759 4459 qua:
790 4389 906 4445 h:ec
934 4389 1127 4446 facitis.
1154 4390 1369 4445 Christo
1411 4392 1681 4446 esuriente
1726 4401 1781 4446 tu
1811 4393 1880 4445 ita
1908 4394 1992 4446 in-

408 4481 599 4550 dulges
627 4480 853 4545 deliciis,
901 4482 1010 4536 imo
1035 4496 1164 4537 vero
1190 4482 1433 4551 desipis?
1474 4497 1733 4552 quasnam
1776 4482 1861 4537 ha:
1885 4498 1995 4538 non

412 4573 563 4628 luent
604 4588 793 4644 poenas
813 4575 839 4626 τ
870 4574 1073 4629 Deinde
1111 4590 1268 4645 rogas
1296 4590 1395 4629 cur
1421 4576 1675 4643 latrones,
1702 4592 1799 4632 cur
1826 4577 1996 4646 parri-

411 4665 568 4728 cidae,
598 4680 695 4718 cur
718 4665 876 4727 mala,
900 4679 1020 4719 cum
1048 4665 1291 4721 diabolus
1316 4681 1409 4720 vos
1435 4667 1507 4721 ita
1529 4668 1691 4736 agitet
1707 4683 1771 4722 ac
1795 4668 1997 4757 djscer-

412 4755 537 4823 pat?
565 4754 696 4808 Nam
740 4755 918 4809 discos
961 4755 1160 4810 habere
1207 4766 1527 4826 argenteos,
1560 4773 1629 4812 ne
1656 4759 1757 4813 hoc
1780 4754 1994 4828 quidem

412 4850 592 4901 animo
619 4850 872 4903 convenit
918 4847 1312 4918 philosophice,
1356 4849 1449 4904 sed
1500 4858 1665 4903 totum
1714 4860 1797 4905 est
1839 4851 1996 4919 plane

412 4940 748 5004 deliciarum,
768 4940 1038 4994 immunda
1077 4952 1253 4994 autem
1282 4955 1409 4994 vasa
1436 4941 1612 4995 facere
1633 4951 1903 5011 argentea,
1927 4957 1995 4996 an

412 5029 613 5100 aliquid
662 5030 820 5085 habet
846 5030 1159 5085 deliciarum
1179 5030 1202 5083 ’ἱ
1233 5046 1337 5085 non
1368 5030 1593 5085 dixerim
1643 5030 1956 5087 deliciarum
1977 5073 1994 5099 ,

414 5123 507 5176 sed
541 5123 781 5186 insanim,
811 5126 917 5177 imo
941 5137 1070 5176 vero
1099 5122 1250 5191 pejus
1282 5122 1511 5175 insania.

486 5216 538 5270 5.
567 5214 754 5269 Contra
780 5214 954 5268 luxum
978 5217 1287 5268 uehementer
1310 5214 1579 5267 inuehitur.
1613 5212 1749 5267 Vasa
1778 5214 1999 5268 immun—

415 5308 483 5360 da
520 5324 582 5362 ex
623 5316 831 5378 argento
872 5312 1026 5378 facta.
1057 5305 1227 5361 Barba
1256 5323 1413 5361 aurea
1445 5306 1723 5361 Persarum
1753 5308 1903 5378 regis.
1929 5337 2000 5346 —

478 5440 551 5500 (a)
569 5438 809 5503 Exempla
827 5440 1217 5503 isthmccarptim
1245 5446 1497 5503 enarrata,
1512 5439 1640 5487 haud
1665 5449 1890 5489 accurate
1916 5454 1999 5503 po-

414 5502 508 5550 sita
546 5512 676 5551 sunt.
724 5501 844 5559 Quis
874 5504 937 5550 sit
970 5501 1054 5550 ille
1087 5514 1178 5550 rex
1207 5502 1294 5564 qui
1327 5501 1420 5549 sibi
1456 5502 1699 5564 platanum
1744 5502 1863 5551 fecit
1906 5501 1996 5550 au-

416 5575 571 5626 ream,
601 5572 655 5613 ut
675 5566 767 5613 sub
802 5565 908 5625 ejus
938 5564 1107 5626 umbra
1132 5562 1361 5626 sederet,
1389 5562 1592 5626 ne'scio,
1620 5577 1785 5626 neque
1812 5566 1997 5626 uspiam

417 5636 500 5673 me
527 5624 699 5687 legere
724 5623 939 5673 memini.
964 5624 1063 5685 (De
1087 5626 1175 5673 hac
1198 5637 1254 5672 re
1282 5623 1391 5671 vide
1414 5625 1640 5687 Hierodot.
1665 5623 1717 5683 7,
1738 5626 1841 5687 27.)
1861 5623 1999 5674 Alius

417 5688 500 5748 qui
524 5686 746 5735 homines
766 5686 1019 5748 mjiciebat
1057 5687 1107 5734 in
1129 5687 1305 5748 bovem
1331 5690 1409 5733 est
1445 5686 1682 5748 Phalaris.
1709 5688 1807 5748 Sed
1826 5686 1918 5737 hic
1950 5689 2001 5737 in

418 5745 596 5795 bovem
617 5745 1151 5808 aeneum'conjiciebat.
1187 5747 1445 5809 Antiquior
1470 5762 1590 5798 vero
1614 5747 1701 5797 ille
1725 5747 1851 5799 alius
1873 5764 1963 5799 rex
1980 5787 1994 5809 ,

613 5822 673 5858 ex
712 5811 817 5860 viro
852 5810 1031 5860 divitia:
1076 5812 1295 5860 fecerant
1336 5808 1623 5871 mulierem,
1648 5808 1999 5876 Sardanapalus

436 5876 519 5918 uit.

1300 407 1364 463 IN
1407 407 1618 464 EPIST.
1660 408 1750 463 AD
1788 406 2063 464 COLOSS.
2103 407 2256 464 CAP.
2300 408 2386 465 Ill.
2432 410 2660 467 llOMlL.
2706 414 2811 472 γη.

3609 416 3713 475 350

2135 522 2259 577 Scio
2285 526 2479 579 multos
2502 543 2585 581 me
2610 537 2827 598 propter
2846 528 2947 585 hoc
2976 531 3174 587 habere
3198 532 3461 599 ludibrio;
3488 533 3579 589 sed
3607 548 3711 588 non

2133 631 2265 670 curo
2286 660 2300 682 ,
2328 618 2489 673 modo
2536 621 2732 689 aliquid
2765 624 2985 692 prosim.
3026 624 3232 679 Revera
3274 637 3515 682 amentes
3543 637 3595 682 et
3626 627 3712 682 fu-

2127 718 2306 763 rentes
2334 708 2537 765 faciunt
2562 711 2780 767 divitiae.
2808 714 2863 768 Si
2893 730 3056 785 penes
3083 716 3227 787 ipsos
3254 726 3415 783 esset,
3440 719 3637 776 vellent
3657 730 3715 778 et

2124 808 2319 854 terram
2348 816 2468 857 esse
2497 818 2712 857 auream
2737 847 2751 871 ,
2782 816 2836 859 et
2874 808 3104 876 parietes
3144 824 3371 877 aureos,
3403 810 3628 867 fortasse
3657 824 3713 866 et

2120 893 2309 947 caelum
2341 902 2394 948 et
2422 910 2603 950 aerem
2634 912 2697 953 ex
2725 914 2875 953 auro.
2908 899 3037 967 Quis
3068 900 3254 956 furor?
3278 918 3395 972 qme
3424 904 3709 973 iniquitas?

2120 997 2239 1051 quae
2264 984 2465 1038 febris?
2491 987 2642 1040 Alius
2670 989 2808 1056 perit
2838 989 3051 1060 frigore,
3085 992 3173 1060 qui
3201 1003 3281 1047 est
3317 992 3488 1048 factus
3515 994 3582 1049 ad
3614 996 3705 1050 Dei

2120 1076 2404 1145 imaginem
2432 1095 2445 1143 ;
2476 1087 2531 1133 tu
2556 1091 2732 1135 autem
2764 1082 2877 1138 haec
2906 1083 3180 1140 fabricaris
3203 1087 3225 1139 ?
3249 1086 3293 1141 Ο
3321 1086 3513 1143 fastum
3538 1099 3593 1143 et
3619 1105 3705 1145 ar-

2117 1170 2413 1238 rogantiam
2432 1173 2445 1225 !
2466 1172 2591 1242 quid
2611 1177 2840 1243 amplius
2864 1176 3075 1234 fecisset
3095 1180 3348 1235 insanus?
3364 1193 3702 1239 excrementa
3738 1203 3750 1224 ε

2117 1262 2248 1313 tanti
2277 1261 2403 1316 facis
2426 1274 2482 1316 ut
2506 1279 2565 1317 ea
2593 1277 2813 1335 argento
2852 1269 3129 1337 excipias?
3153 1268 3277 1324 Scio
3302 1287 3399 1326 vos
3424 1272 3703 1331 audientes

2115 1353 2527 1424 ohtorpescere;
2568 1358 2661 1412 sed
2702 1360 3079 1430 ohtorpescere
3108 1363 3307 1419 debent
3332 1381 3450 1435 quae
3477 1365 3591 1422 haec
3620 1367 3700 1423 fa-

2114 1445 2296 1513 ciunt,
2324 1458 2377 1501 et
2415 1448 2514 1501 viri
2550 1450 2637 1519 qui
2671 1451 2871 1505 morbis
2900 1452 3203 1522 hujusmodi
3233 1454 3542 1512 deserviunt
3572 1476 3586 1512 :
3618 1469 3699 1515 est

2112 1538 2254 1590 enim
2286 1538 2386 1593 hoc
2413 1539 2816 1608 intemperantia
2849 1552 2902 1596 et
2942 1544 3228 1598 crudelitas
3257 1558 3311 1600 et
3340 1546 3699 1604 inhumanitas

2110 1638 2166 1683 et
2195 1628 2380 1684 feritas
2406 1638 2458 1684 et
2485 1631 2722 1686 lascivia.
2748 1634 2876 1698 Quae
2902 1634 3099 1705 Scylla,
3133 1652 3250 1704 quae
3275 1636 3547 1705 chimaera,
3579 1642 3698 1711 quis

2111 1720 2274 1776 draco
2299 1764 2313 1789 ,
2341 1724 2425 1777 vel
2454 1725 2624 1793 potius
2650 1725 2769 1794 quis
2796 1726 3005 1780 darmon
3026 1769 3041 1793 ,
3074 1729 3193 1796 quis
3221 1728 3464 1785 diabolus
3489 1731 3590 1786 hoc
3614 1732 3697 1788 fe-

2109 1813 2277 1868 cerit?
2298 1815 2424 1884 quid
2452 1815 2669 1885 prodest
2690 1816 2975 1872 Christus?
3000 1819 3123 1888 quid
3152 1821 3370 1890 prodest
3396 1823 3545 1888 fides,
3572 1840 3694 1881 cum

2110 1904 2369 1959 toleratur
2394 1905 2585 1975 aliquis
2611 1923 2674 1962 ex
2711 1908 2977 1977 gentibus,
3010 1910 3115 1963 imo
3144 1928 3271 1967 vero
3299 1929 3403 1966 non
3430 1930 3495 1969 ex
3524 1918 3696 1987 genti-

2107 1993 2207 2049 bus
2231 2038 2244 2060 ,
2273 1995 2365 2050 sed
2398 2012 2463 2051 ex
2489 1997 2857 2053 daemonibus?
2886 2000 2940 2056 Si
2968 2012 3127 2071 caput
3153 2020 3259 2057 non
3288 2014 3368 2059 est
3394 2008 3695 2064 ornandum

2106 2102 2237 2141 auro
2275 2096 2329 2143 et
2370 2092 2673 2159 margaritis
2703 2107 2718 2154 ;
2751 2093 2838 2162 qui
2881 2104 3102 2163 argento
3146 2098 3312 2151 utitur
3340 2098 3405 2153 ad
3436 2109 3540 2155 tam
3586 2102 3691 2156 im-

2106 2177 2361 2233 mundum
2388 2181 2761 2248 ministerium,
2794 2200 3079 2254 quamnam
3109 2200 3423 2259 assequetur
3446 2192 3694 2250 veniam?

2105 2285 2209 2323 non
2237 2270 2507 2325 sufficiunt
2534 2273 2760 2341 reliqua,
2790 2276 3032 2344 quamvis
3064 2292 3161 2331 nec
3190 2279 3275 2333 illa
3307 2290 3433 2336 sunt
3461 2283 3692 2339 toleran-

2104 2358 2173 2413 da
2204 2378 2216 2414 :
2249 2360 2518 2416 cathedra:
2545 2372 2598 2418 et
2619 2364 2847 2419 scabella
2878 2382 2940 2419 ex
2973 2378 3199 2437 argento
3231 2380 3339 2424 tota
3362 2372 3385 2424 ?
3405 2374 3548 2444 atqui
3574 2374 3691 2432 haec

2100 2467 2313 2523 quoque
2336 2464 2459 2509 sunt
2488 2456 2755 2511 amculizc.
2786 2457 2889 2513 Sed
2919 2461 3114 2530 ubique
3140 2472 3223 2516 est
3247 2463 3413 2519 fastus
3439 2481 3691 2536 superva-

2101 2559 2333 2611 caneus;
2367 2546 2562 2616 ubique
2590 2548 2761 2603 inanis
2786 2551 2955 2619 gloria
2982 2570 2994 2605 :
3024 2568 3284 2623 nusquam
3309 2572 3434 2612 usus
3462 2558 3690 2615 habetur

2101 2640 2238 2689 ratio
2262 2678 2277 2702 ,
2307 2637 2402 2691 sed
2431 2638 2627 2708 ubique
2652 2650 2777 2694 sunt
2818 2658 3233 2711 supervacanea.
3265 2648 3376 2718 Ego
3403 2664 3593 2705 vereor
3620 2666 3687 2707 ne

2099 2728 2167 2783 ab
2196 2727 2293 2784 hac
2324 2730 2528 2785 insania
2561 2732 2859 2802 procedens
2898 2751 3057 2790 sexus
3101 2739 3378 2795 muliebris
3412 2752 3685 2801 monstro.

2099 2836 2217 2875 rum
2244 2822 2468 2877 formam
2494 2824 2747 2893 suscipiat
2771 2842 2784 2878 :
2813 2827 3101 2882 verisimile
3120 2838 3202 2883 est
3221 2845 3313 2885 eas
3332 2847 3530 2902 cupere
3552 2836 3686 2905 pilos

2097 2927 2312 2982 quoque
2346 2912 2542 2969 habere
2583 2930 2797 2970 aureos.
2843 2918 2950 2971 Aut
2995 2917 3266 2975 fateamini
3306 2938 3402 2977 vos
3442 2939 3507 2979 eo
3541 2928 3685 2996 quod

2097 3004 2296 3059 dictqu
2318 3018 2401 3059 est
2432 3006 2562 3060 nihil
2588 3022 2706 3062 esse
2731 3008 2954 3064 affectos
2976 3019 3030 3065 et
3050 3014 3332 3080 excitatos,
3361 3025 3415 3071 et
3436 3018 3685 3078 incidisse

2099 3096 2152 3151 in
2192 3098 2721 3167 concupiscentiam;
2763 3110 2819 3156 et
2856 3102 2956 3156 nisi
2999 3103 3170 3173 pudor
3206 3107 3545 3179 retinuisset,
3575 3127 3684 3171 non

2098 3190 2519 3244 recusavissetis.
2542 3191 2673 3245 Nam
2706 3193 2748 3245 si
2778 3193 2989 3248 audetis
3014 3211 3077 3250 ea
3103 3213 3221 3266 qua:
3245 3210 3370 3254 sunt
3392 3201 3474 3256 his
3496 3203 3682 3260 absur-

2094 3281 2281 3345 diora,
2313 3283 2481 3337 multo
2524 3285 2692 3353 magis
2731 3286 2983 3340 existimo
3023 3303 3114 3342 eas
3158 3289 3294 3357 pilos
3330 3308 3525 3349 aureos
3563 3310 3684 3352 esse

2096 3374 2491 3430 desideraturas
2511 3418 2525 3439 ,
2558 3386 2611 3430 et
2641 3377 2785 3431 labra
2811 3419 2827 3444 ,
2859 3388 2913 3433 et
2942 3382 3227 3449 supercilia
3248 3424 3263 3449 ,
3295 3394 3350 3438 et
3386 3395 3525 3442 totas
3550 3404 3685 3445 auro

2095 3468 2383 3539 liquefacto
2428 3484 2487 3524 se
2518 3471 2657 3524 velle
2688 3472 2903 3527 illinire.
2934 3473 2989 3528 Si
3022 3484 3198 3531 autem
3226 3493 3331 3533 non
3363 3482 3601 3549 creditis,
3630 3494 3686 3541 et

2095 3562 2415 3617 existimatis
2452 3578 2538 3617 me
2582 3563 2845 3618 ridentem
2886 3564 3067 3622 dicere
3091 3609 3107 3634 ,
3137 3583 3238 3639 ego
3282 3574 3513 3629 narrabo
3540 3577 3683 3646 quod

2095 3654 2301 3718 audivi;
2334 3655 2441 3708 imo
2480 3670 2608 3710 vero
2648 3673 2788 3712 nunc
2827 3674 3041 3729 quoque
3087 3672 3189 3716 est.
3234 3662 3352 3718 Rex
3400 3666 3683 3725 Persarum

2094 3745 2313 3800 barbam
2346 3746 2506 3800 habet
2535 3762 2773 3815 auream,
2804 3749 2869 3802 iis
2894 3751 2982 3818 qui
3014 3750 3202 3806 harum
3234 3769 3411 3809 rerum
3441 3767 3566 3813 sunt
3590 3775 3684 3831 pe-

2095 3836 2182 3891 riti
2203 3878 2218 3902 ,
2246 3837 2409 3891 veluti
2438 3839 2772 3908 subtegmine
2793 3882 2809 3908 ,
2840 3841 2979 3897 illius
3018 3844 3139 3912 pilis
3179 3848 3294 3902 auri
3342 3848 3566 3907 laminas
3597 3853 3684 3907 in-

2093 3928 2431 3983 volventibus
2455 3946 2468 3982 :
2492 3942 2545 3983 et
2561 3930 2703 3999 jacet
2722 3940 2990 4001 tamquam
3013 3948 3333 3993 monstrum.
3357 3939 3539 3997 Gloria
3565 3943 3681 4008 tibi,

2092 4016 2334 4087 Christe!
2365 4036 2524 4089 quam
2571 4022 2755 4076 multis
2803 4038 2899 4078 nos
2946 4024 3233 4095 implevisti
3264 4029 3451 4100 bonis,
3484 4042 3541 4088 ut
3566 4036 3685 4091 sani

2093 4126 2335 4166 essemus
2360 4114 2372 4164 !
2402 4128 2430 4164 a
2459 4128 2619 4182 quam
2652 4114 2831 4170 multis
2858 4118 3113 4172 monstris
3138 4130 3192 4174 et
3215 4112 3464 4180 amentiis
3491 4125 3686 4183 libera-

2095 4205 2244 4259 visti!
2277 4205 2417 4260 Ecce
2440 4207 2693 4275 praedico,
2723 4225 2829 4263 non
2855 4212 3082 4281 amplius
3109 4214 3331 4282 suadeo,
3356 4218 3448 4273 sed
3478 4223 3686 4291 impero

2094 4308 2150 4351 et
2177 4296 2433 4352 denuntio
2465 4316 2478 4351 :
2512 4299 2692 4353 audiat
2725 4300 2817 4369 qui
2857 4302 3022 4367 velit;
3053 4305 3139 4373 qui
3183 4322 3288 4361 non
3320 4309 3435 4362 vult
3468 4321 3682 4379 autem,

2096 4404 2203 4442 non
2232 4398 2415 4457 pareat
2445 4407 2458 4442 :
2488 4390 2629 4459 quod
2657 4392 2701 4445 si
2733 4395 2964 4462 pergatis
2992 4393 3106 4449 haec
3133 4396 3328 4466 facere,
3358 4414 3465 4455 non
3491 4402 3687 4458 tolera-

2096 4480 2166 4535 bo
2187 4496 2361 4549 neque
2386 4496 2479 4535 vos
2506 4482 2765 4551 excipiam
2788 4525 2803 4549 ,
2837 4500 3011 4555 neque
3050 4487 3222 4541 sinam
3264 4500 3320 4544 ut
3349 4489 3466 4546 haec
3503 4493 3688 4551 limina

2098 4573 2400 4627 transeatis.
2420 4572 2556 4638 Quid
2581 4573 2725 4628 enim
2748 4574 2877 4629 mihi
2899 4592 3032 4645 opus
3054 4587 3134 4631 est
3154 4583 3530 4649 aegrotandum
3550 4585 3691 4642 mul-

2099 4666 2362 4720 titudine?
2388 4666 2513 4735 quid
2553 4682 2711 4734 vero,
2755 4669 2799 4721 si
2839 4683 2935 4722 vos
2977 4671 3230 4725 erudiens
3275 4689 3381 4729 non
3429 4676 3693 4745 prohibeo

2096 4775 2217 4829 quae
2246 4775 2351 4813 non
2380 4769 2505 4813 sunt
2530 4760 2961 4829 supervacanea?
2985 4762 3144 4831 Atqui
3189 4764 3387 4821 Paulus
3414 4766 3694 4838 prohibuit

2098 4863 2153 4905 et
2178 4867 2367 4906 aurum
2392 4860 2447 4906 et
2485 4854 2820 4921 margaritas.
2851 4852 3111 4909 Ridemur
3140 4872 3168 4907 a
3201 4856 3403 4913 Crarcis
3429 4875 3443 4913 :
3471 4872 3560 4915 res
3585 4874 3692 4915 no-

2099 4954 2225 4999 stra:
2252 4945 2499 4999 videntur
2524 4960 2644 4999 esse
2674 4945 2887 5001 fabultn.
2923 4947 2986 5001 Et
3014 4948 3141 5000 viris
3173 4949 3286 5003 ltzec
3323 4950 3526 5006 suadeo
3556 4968 3570 5006 :
3600 4965 3683 5006 ac-

2100 5037 2247 5093 cedis
2272 5037 2339 5091 ad
2369 5037 2549 5091 ludum
2577 5037 2892 5103 literarium,
2922 5038 3315 5109 philosophiam
3341 5041 3556 5097 discens
3580 5045 3689 5113 Spi-

2100 5128 2346 5183 ritualem
2369 5130 2391 5182 ?
2417 5130 2567 5183 aufer
2592 5128 2738 5183 illum
2768 5128 2985 5185 fastum.
3016 5130 3129 5185 Hoc
3152 5141 3209 5186 et
3240 5134 3370 5187 viris
3407 5134 3608 5190 suadeo
3636 5145 3689 5191 et

2101 5221 2351 5286 feminis;
2381 5230 2435 5275 et
2460 5224 2503 5276 si
2532 5222 2795 5291 quispiam
2823 5222 2979 5277 aliter
3008 5223 3183 5287 faciat,
3218 5240 3323 5279 non
3348 5225 3579 5295 amplius
3609 5243 3689 5296 pa-

2105 5313 2224 5367 tior.
2256 5313 2546 5369 Duodecim
2571 5324 2724 5368 erant
2752 5314 2998 5384 discipuli
3026 5332 3039 5367 :
3066 5325 3121 5370 et
3146 5317 3267 5371 audi
3295 5317 3421 5386 quid
3445 5317 3691 5374 Christus

2103 5406 2182 5459 eis
2208 5405 2345 5459 dicat
2379 5424 2391 5459 :
2422 5405 2561 5459 Nunt
2592 5416 2637 5460 et
2664 5422 2748 5460 vos
2775 5406 2925 5461 vultis
2949 5407 3088 5461 abire
3113 5406 3289 5479 (Joan.
3325 5410 3376 5462 6.
3406 5408 3531 5476 68)?
3559 5409 3692 5464 Nam

2107 5500 2152 5554 si
2176 5514 2389 5568 semper
2414 5499 2711 5567 adulcmur,
2740 5498 2952 5570 quando
2979 5516 3073 5555 vos
3101 5501 3500 5557 recrt-abimus?
3525 5518 3695 5571 quan-

2105 5591 2177 5646 do
2216 5592 2594 5660 proficiemus?
2636 5594 2700 5645 At
2730 5601 2889 5655 sunt,
2936 5592 3140 5660 inquit,
3179 5592 3299 5646 aliae
3340 5592 3611 5661 haereses,
3639 5602 3696 5648 et

2109 5691 2545 5737 transmutantur.
2588 5682 2800 5753 Frigida
2843 5693 2927 5737 est
2971 5683 3085 5737 haec
3127 5685 3299 5738 oratio
3334 5702 3346 5738 :
3393 5683 3577 5739 Melior
3623 5694 3696 5739 est

2106 5790 2239 5829 unus
2264 5775 2453 5844 faciens
2473 5775 2777 5829 voluntatem
2798 5774 3004 5828 Domini
3026 5790 3177 5843 quam
3207 5774 3345 5829 mille
3370 5776 3528 5846 iniqui
3554 5775 3689 5845 (Ec-

2106 5867 2225 5921 cles.
2254 5866 2337 5923 16.
2369 5867 2456 5935 5).
2489 5866 2619 5923 Nam
2646 5876 2703 5923 tu
2731 5881 2961 5937 quoque,
2996 5865 3081 5922 dic
3119 5868 3266 5935 tnihi,
3295 5877 3473 5923 utrum
3504 5869 3670 5923 malis
