4120 6400
403 447 503 503 551

406 558 718 611 immmeros
739 546 940 602 habere
967 557 1154 599 servos
1181 540 1427 610 fugitivos
1453 543 1509 589 et
1536 533 1700 597 fures,
1728 544 1795 582 an
1822 539 1986 581 unum

408 639 757 701 benevolum?
788 638 929 693 Ecce
966 634 1164 690 suadeo
1199 641 1252 686 et
1290 629 1453 699 jubeo
1481 635 1538 679 ut
1566 633 1619 679 et
1646 620 1798 676 faciei
1826 631 1987 671 orna-

409 748 646 793 mentum
663 742 717 789 et
737 728 999 802 ejusmodi
1020 742 1143 781 vasa
1165 734 1432 783 conteras,
1451 728 1506 773 et
1525 718 1619 771 des
1641 710 1990 785 pauperibus,

407 839 462 882 et
497 843 564 883 ne
605 826 682 880 sic
719 822 972 878 insanias.
1001 818 1104 884 Qui
1129 816 1243 871 vult
1268 812 1496 872 resiliat,
1527 808 1616 877 qui
1643 805 1754 859 vult
1777 807 1993 855 accuset

408 931 463 973 et
492 915 844 986 reprehendat
873 931 885 965 :
918 910 1122 965 nullum
1150 906 1338 976 patior.
1364 899 1585 970 Quando
1609 911 1726 951 sum
1749 893 1992 986 judicans

412 1013 515 1065 dus
552 983 699 1063 stans
746 1006 813 1060 ad
859 1001 1090 1058 tribunal
1132 996 1358 1057 Christi,
1392 990 1579 1063 procul
1603 1002 1699 1042 vos
1722 983 1908 1047 statis,
1938 987 1994 1035 et

410 1101 579 1173 gratia
603 1109 780 1153 vestra
806 1097 857 1149 iu
885 1093 1105 1148 nihilum
1130 1088 1294 1151 cedit,
1317 1100 1403 1140 me
1428 1080 1685 1138 reddente
1705 1077 1989 1173 rationem.

413 1166 540 1251 Ilaec
556 1193 715 1248 verba
743 1190 919 1245 omnia
940 1190 1289 1252 corrumpunt
1313 1179 1610 1243 :Discedet,
1635 1171 1824 1242 inquit,
1851 1178 1905 1222 et
1925 1166 1994 1221 ad

412 1287 571 1340 aliam
612 1282 860 1337 lueresim
889 1277 1101 1333 deficiet
1130 1293 1143 1328 :
1173 1281 1255 1329 est
1290 1267 1585 1325 imbecillus
1616 1282 1630 1319 :
1658 1272 1710 1317 te
1740 1259 1991 1320 demitte,

415 1389 471 1434 et
496 1388 547 1432 te
575 1377 623 1432 ei
648 1372 1028 1443 aliquantisper
1052 1361 1416 1421 accommoda.
1439 1359 1556 1426 Quo
1576 1356 1780 1424 usque?
1801 1349 1992 1443 semel,

415 1484 471 1528 et
498 1472 579 1526 bis
600 1510 615 1534 ,
647 1477 702 1522 et
732 1441 811 1520 ler
832 1506 847 1529 ,
878 1478 982 1516 non
1014 1467 1290 1530 perpetuo.
1323 1454 1463 1508 Ecce
1486 1462 1671 1504 rursus
1698 1441 1954 1499 denuntio
1974 1480 1991 1505 ,

415 1570 471 1617 et
498 1575 620 1615 cum
650 1560 806 1613 beato
843 1554 1006 1609 Paulo
1034 1556 1299 1620 protestor
1327 1564 1339 1597 :
1372 1541 1521 1610 Quod
1551 1540 1596 1593 si
1622 1550 1804 1591 rursus
1833 1546 1997 1586 vene-

419 1668 482 1707 ro
508 1693 524 1719 ,
557 1666 664 1705 non
692 1662 904 1719 parcam
936 1644 1021 1715 (2.
1050 1641 1167 1696 Cor.
1197 1640 1283 1694 15.
1314 1635 1383 1706 2)
1415 1652 1427 1688 :
1456 1630 1666 1702 quando
1695 1635 1872 1681 autem
1901 1635 1998 1676 vos

417 1752 562 1798 recte
586 1740 879 1811 gesseritis,
909 1745 1033 1790 tunc
1059 1732 1239 1788 scietis
1264 1735 1517 1798 quantum
1547 1725 1773 1785 lucrum,
1800 1723 1998 1811 quanta

417 1835 488 1889 sit
516 1806 733 1887 utilitas.
766 1831 921 1885 Certe
953 1842 1081 1896 rogo
1108 1833 1163 1880 et
1189 1821 1435 1885 obsecro,
1466 1830 1642 1885 neque
1680 1825 1848 1883 genua
1875 1806 1997 1878 qui-

1106 431 1163 487 S.
1202 425 1478 485 JOANNIS
1514 411 1989 479 CllRYSOSTOMI
2031 408 2350 466 ARCIIIEP.
2389 398 2923 461 CONSTANTINOP.

3572 400 3671 456 559

2094 520 2216 575 dem
2241 528 2413 574 vestra
2445 518 2679 572 dubitem
2709 514 3109 584 apprehendere
3133 557 3148 581 ,
3177 526 3229 569 et
3258 532 3353 584 pro
3382 532 3448 571 co
3475 519 3660 586 suppli=

2094 628 2236 668 care.
2270 613 2400 681 Qua:
2430 622 2513 666 est
2541 611 2656 665 lucc
2683 609 2952 671 mollities,
2984 624 3102 679 qua:
3140 609 3364 674 delicite,
3397 627 3514 679 quae
3545 626 3679 664 con.

2097 703 2346 758 tumelia?
2389 701 2707 756 contumelia
2756 700 2899 753 enim
2945 710 3065 766 est,
3119 715 3224 753 non
3274 701 3497 756 delicias.
3546 703 3669 767 Qum

2094 795 2360 850 amentia?
2388 810 2507 864 quae
2546 792 2790 847 insania?
2830 792 2935 846 Tot
2978 806 3236 861 pauperes
3281 794 3682 850 circumsistunt

2096 884 2407 950 ecclesiam;
2438 892 2493 937 et
2518 894 2623 938 tam
2654 882 2849 936 multos
2876 882 3011 935 ﬁlios
3039 881 3239 936 habens
3280 882 3539 945 Ecclesia,
3567 894 3677 937 tam

2096 975 2289 1031 divites
2314 1016 2328 1040 ,
2369 976 2499 1030 nulli
2540 973 2757 1044 pauperi
2806 980 2979 1042 potest
3006 988 3161 1043 opem
3203 972 3383 1039 ferre;
3416 975 3509 1029 sed
3541 974 3679 1030 alius

2098 1069 2310 1139 quidem
2340 1068 2527 1133 esurit,
2556 1068 2690 1121 alius
2714 1081 2841 1121 vero
2867 1075 2948 1121 est
2976 1065 3177 1129 ebrius,
3208 1066 3346 1120 alius
3376 1068 3427 1120 iu
3457 1077 3679 1135 argento

2097 1160 2296 1229 egerit,
2327 1159 2461 1212 alius
2506 1173 2573 1212 ne
2616 1171 2806 1226 panem
2843 1155 3057 1227 quidem
3092 1156 3252 1211 habet
3276 1172 3383 1226 quo
3411 1168 3675 1213 vescatur.

2099 1252 2352 1319 Quzenam
2378 1260 2459 1305 est
2484 1249 2600 1303 haec
2623 1247 2850 1314 insania,
2881 1263 3122 1317 quaenam
3148 1257 3293 1301 tanta
3323 1247 3549 1303 feritas?
3573 1249 3682 1303 Ab-

2099 1344 2168 1395 sit
2196 1350 2251 1394 ut
2277 1341 2347 1395 sit
2382 1339 2537 1393 nobis
2576 1337 2874 1393 faciendum
2918 1337 3212 1407 periculum
3252 1337 3543 1392 ulciscendi
3586 1354 3680 1394 eos

2098 1437 2189 1504 qui
2220 1448 2325 1487 non
2352 1431 2640 1495 obediuut,
2675 1432 2747 1485 ita
2778 1439 2838 1485 ut
2865 1430 3228 1500 indignatione
3256 1431 3388 1485 moti
3417 1431 3537 1485 illos
3566 1433 3681 1501 ple-
3738 1432 3741 1435 λ

2100 1535 2341 1590 ctamus;
2372 1525 2465 1579 sed
2497 1524 2738 1580 lubentes
2766 1533 2821 1578 et
2850 1523 3111 1591 patientes
3140 1522 3215 1576 illi
3254 1522 3367 1577 haec
3393 1522 3570 1577 omnia
3596 1524 3683 1577 ob-

2101 1629 2226 1675 eant
2253 1634 2266 1672 :
2300 1627 2357 1673 ut
2380 1619 2431 1671 in
2458 1618 2684 1687 gloriam
2709 1617 2804 1671 Dei
2832 1616 3095 1679 vivamus,
3123 1623 3181 1668 ut
3205 1630 3234 1667 a
3260 1615 3519 1685 supplicio
3543 1615 3683 1686 quod

2102 1711 2209 1766 illic
2233 1720 2316 1765 est
2344 1709 2663 1770 liberemur,
2697 1717 2751 1761 et
2792 1707 2927 1760 bona
2957 1720 3303 1774 assequamur
3333 1706 3592 1775 promissa
3620 1707 3685 1761 iis

2101 1804 2191 1874 qui
2222 1804 2394 1873 ipsum
2418 1801 2663 1871 diligunt,
2694 1800 2863 1871 gratia
2885 1809 2940 1853 et
2962 1799 3306 1870 benignitate,
3331 1809 3437 1855 etc.

418 1934 3686 1984 -—___—__—___—-———————————_————-_——"

1728 2015 2076 2080 HOMILIA
2118 2012 2288 2075 VIII.

421 2185 547 2241 CAP.
576 2185 629 2239 '5.
660 2198 710 2235 v.
739 2180 794 2236 5.
824 2177 1129 2246 Mortiﬁcate
1152 2188 1270 2245 ergo
1292 2170 1511 2224 membra
1537 2176 1718 2231 vestra,
1744 2178 1858 2235 qua:
1880 2170 1999 2217 sunt

490 2292 642 2344 super
658 2284 862 2333 terram,
888 2266 1289 2341 fornicationem,
1306 2259 1698 2323 immunditiam,
1719 2253 1995 2317 libidinem,

491 2362 941 2434 concupiscentiam
969 2358 1177 2419 malam,
1206 2364 1254 2408 et
1279 2352 1563 2415 avaritiam,
1590 2364 1704 2416 quae
1728 2356 1799 2400 est
1832 2345 2001 2399 idolo-

493 2474 606 2511 rum
629 2456 836 2509 servitus
860 2452 946 2506 :6.
976 2457 1178 2519 prapter
1201 2461 1313 2517 qua:
1335 2444 1466 2498 venit
1486 2442 1564 2495 ira
1584 2438 1681 2493 Dei
1699 2453 1849 2508 super
1868 2436 2001 2505 ﬁlios

490 2544 851 2601 incredulitatis
880 2544 971 2597 :7.
998 2542 1051 2595 in
1074 2538 1253 2610 quibus
1276 2534 1567 2591 ambulastis
1589 2528 1862 2601 aliquando
1887 2544 2000 2582 cum

492 2640 714 2695 viveretis
739 2640 792 2692 in
820 2637 942 2691 illis.

495 2734 549 2788 1.
580 2731 705 2787 Scio
729 2728 925 2785 multos
945 2740 1064 2781 esse
1091 2722 1323 2779 offensos
1341 2736 1403 2774 ea
1425 2734 1545 2788 qua:
1569 2718 1706 2771 hanc
1731 2712 2005 2785 praecessit

422 2822 841 2893 disceptatione;
869 2817 962 2872 sed
990 2815 1114 2886 quid
1138 2816 1323 2884 agam?
1340 2809 1614 2865 audivistis
1631 2807 1756 2878 quid
1782 2805 2005 2876 jusserit

427 2916 699 2971 Dominus.
718 2911 852 2966 Num
871 2926 968 2978 ego
987 2923 1103 2963 sum
1123 2905 1315 2961 causa?
1332 2901 1457 2973 quid
1477 2899 1702 2956 faciam?
1716 2898 1829 2953 Non
1855 2896 2005 2951 vide-

425 3011 491 3062 tis
519 3004 785 3076 quomodo
813 3003 902 3073 qui
929 3000 1167 3056 debitum
1196 2995 1497 3068 exigunt,si
1520 2994 1728 3048 solvere
1754 2997 2006 3047 recusent

424 3099 697 3154 debitores
717 3137 731 3160 ,
762 3109 856 3149 eos
884 3094 934 3147 in
962 3090 1172 3145 vincula
1211 3085 1539 3157 conjiciunt?
1565 3082 1855 3139 Audivistis
1880 3078 2007 3150 quid

426 3188 585 3244 hodie
613 3183 924 3242 exclamarit
947 3181 1177 3237 Paulus:
1215 3177 1534 3246 Mortiﬁcate,
1566 3174 1756 3244 inquit,
1788 3172 2009 3226 membra

425 3292 608 3345 vestra,
638 3293 753 3348 qua:
777 3285 893 3330 sunt
936 3291 1089 3343 super
1118 3282 1324 3335 terram,
1353 3268 1753 3339 fornicationem,
1783 3265 2008 3318 immun-

427 3372 625 3436 ditiam,
653 3367 928 3430 libidinem,
953 3361 1408 3433 concupiscentiam
1428 3357 1637 3422 malam,
1660 3366 1704 3410 et
1725 3356 2007 3421 avaritiam,

427 3479 539 3532 qua:
572 3470 643 3515 est
668 3460 919 3514 idolorum
954 3458 1181 3510 servitus.
1210 3451 1349 3521 Quid
1375 3460 1458 3505 est
1494 3450 1580 3503 illa
1610 3448 1829 3502 avaritia
1857 3445 2009 3500 dete-

429 3555 582 3610 rius?
613 3552 724 3607 lloc
751 3559 835 3606 est
875 3547 1090 3618 gravius
1134 3560 1294 3616 quam
1337 3541 1479 3613 quod
1508 3540 1749 3595 dicebam
1774 3580 1791 3605 ,
1820 3551 2012 3606 nempe

427 3645 693 3701 stoliditas
723 3642 810 3696 illa
835 3641 975 3695 circa
1016 3644 1319 3708 argentum,
1362 3632 1427 3687 Et
1469 3631 1765 3693 avaritiam,
1800 3628 2008 3698 inquit,

430 3754 543 3808 qua:
561 3746 633 3792 est
656 3735 909 3789 idolorum
930 3730 1159 3784 servitus.
1189 3726 1392 3782 Videtis
1411 3724 1623 3779 ubinam
1652 3721 1847 3776 malum
1873 3719 2017 3774 desi-

433 3840 523 3887 nat
542 3830 565 3883 ἲ
587 3827 663 3883 Ne
683 3840 824 3895 aegre
848 3822 1031 3878 feratis
1055 3838 1069 3874 :
1099 3836 1202 3875 non
1231 3818 1373 3873 enim
1404 3816 1591 3871 lubens
1612 3828 1783 3881 neque
1810 3820 2015 3866 temere

431 3922 554 3977 volo
582 3919 778 3973 habere
806 3915 1051 3970 inimicos
1074 3929 1088 3977 ;
1120 3911 1213 3967 sed
1242 3909 1403 3964 velim
1432 3923 1526 3962 vos
1550 3923 1614 3961 eo
1638 3906 1820 3961 venire
1845 3905 2015 3958 virtu-

434 4015 525 4078 tis,
554 4019 613 4065 ut
637 4024 736 4079 ego
761 4007 829 4061 de
856 4005 1005 4060 vobis
1033 4002 1241 4057 audiam
1263 4015 1382 4070 quae
1406 4007 1635 4068 oportet.
1655 3997 2014 4064 Quamobrem

437 4120 545 4158 non
589 4110 714 4156 sunt
753 4113 873 4169 quae
913 4096 1021 4151 dixi
1062 4092 1393 4149 auctoritatis
1433 4105 1607 4159 neque
1651 4088 1889 4157 imperii,
1920 4087 2015 4141 sed

438 4193 668 4249 tristitia:
693 4201 746 4246 et
772 4188 992 4243 doloris.
1026 4185 1304 4255 Ignoscite,
1339 4181 1595 4253 ignoscite
1627 4198 1640 4235 :
1672 4182 1796 4234 nolo
1822 4194 1907 4233 me
1936 4179 2017 4233 in-

437 4289 632 4343 decore
664 4298 850 4355 gerere
893 4280 961 4336 de
1005 4280 1070 4333 iis
1102 4277 1406 4341 disserens,
1434 4272 1529 4330 sed
1563 4287 1744 4342 cogor.
1773 4270 1889 4326 Non
1922 4285 2018 4339 pro

439 4380 627 4434 dolore
656 4389 945 4447 pauperum
988 4371 1103 4425 baac
1128 4370 1282 4431 dico,
1319 4367 1411 4422 sed
1451 4380 1548 4435 pro
1589 4372 1764 4419 vestra
1801 4363 1971 4418 salute
2002 4383 2017 4419 :

442 4469 688 4540 peribunt
712 4466 853 4520 enim
875 4505 888 4525 ,
916 4460 1163 4532 peribunt
1189 4458 1275 4529 qui
1302 4456 1574 4512 Christum
1612 4470 1718 4509 non
1749 4453 2015 4507 aluerunt.

440 4559 578 4627 Quid
600 4558 742 4612 enim
762 4598 777 4620 ,
807 4556 850 4608 si
888 4555 987 4607 alis
1022 4548 1347 4621 pauperem?
1369 4546 1465 4603 sed
1491 4545 1743 4617 quamdiu
1770 4543 1848 4598 sic
1872 4542 2019 4597 luxui

440 4662 497 4708 et
529 4649 732 4705 deliciis
775 4645 1045 4713 indulges,
1075 4650 1196 4697 sunt
1231 4639 1411 4695 omnia
1455 4650 1872 4707 supervacanea.
1902 4634 2019 4689 Non

443 4744 586 4799 enim
612 4739 864 4812 quaeritur
894 4738 1128 4791 multane
1156 4733 1367 4789 dederis
1390 4772 1404 4794 ,
1436 4730 1532 4785 sed
1568 4746 1694 4784 num
1725 4730 1903 4784 minus
1929 4727 2025 4782 de-

445 4836 588 4891 deris
616 4847 773 4903 quam
808 4829 981 4884 ferant
1011 4827 1287 4881 facultates
1312 4842 1325 4877 :
1354 4823 1455 4877 hoc
1489 4822 1631 4878 enim
1661 4832 1744 4876 est
1768 4819 2021 4874 ludentis.

448 4924 753 4994 Mortiﬁcate
774 4936 913 4991 ergo,
944 4919 1132 4988 inquit,
1156 4914 1378 4970 membra
1401 4924 1581 4978 vestra,
1603 4927 1714 4981 qua:
1731 4920 1846 4965 sunt
1871 4925 2028 4980 supra

446 5029 651 5071 terram.
681 5011 816 5079 Quid
846 5008 1011 5065 dicis?
1051 5021 1228 5061 nonne
1265 5013 1318 5058 tu
1356 5002 1532 5057 dixisti
1563 5020 1575 5055 :
1608 5000 1813 5069 Sepulti
1854 5000 1985 5053 estis
2007 5039 2024 5064 ,

446 5102 744 5175 consepulti
766 5101 915 5166 estis,
938 5096 1238 5154 circumcisi
1260 5095 1408 5160 estis,
1431 5093 1675 5149 exuimus
1695 5106 1888 5159 corpus
1915 5104 2031 5159 pec-

446 5209 688 5254 catorum
707 5192 883 5248 carnis
910 5191 1085 5263 (Rom.
1116 5190 1168 5242 6.
1196 5189 1250 5241 4.
1292 5185 1404 5241 Col.
1430 5185 1486 5238 2.
1514 5184 1601 5237 11.
1631 5192 1677 5237 et
1699 5184 1750 5237 5.
1778 5181 1874 5251 9)?
1898 5195 2032 5250 quo-

451 5290 610 5345 modo
640 5300 768 5356 ergo
805 5296 993 5339 rursus
1016 5280 1148 5336 dicis
1167 5319 1181 5342 ,
1212 5276 1563 5345 Mortiﬁcate?
1587 5274 1665 5329 Ne
1696 5274 1844 5328 Iudas
1873 5290 1885 5326 :
1914 5272 2032 5326 haec

451 5384 584 5438 dicis
611 5396 674 5435 ac
714 5380 758 5434 si
800 5379 913 5433 haec
942 5376 1048 5431 sint
1084 5374 1138 5426 in
1167 5370 1359 5427 nobis?
1387 5369 1502 5424 Non
1538 5378 1621 5423 est
1645 5364 1994 5423 contradictio
2014 5403 2030 5429 ,

448 5475 545 5531 sed
576 5473 719 5527 velut
740 5471 784 5525 si
811 5470 928 5539 quis
948 5481 1068 5521 cum
1092 5479 1123 5519 a
1145 5462 1394 5518 sordibus
1415 5460 1755 5515 abstersisset
1779 5467 2029 5519 statuam,

454 5568 534 5620 vel
577 5564 750 5634 potius
777 5576 895 5615 eam
924 5558 1100 5613 denuo
1130 5555 1348 5609 fudisset
1375 5562 1428 5608 et
1453 5551 1776 5615 conflasset,
1806 5562 2034 5616 eamque

453 5656 521 5711 de
566 5656 770 5725 integro
813 5652 1098 5720 fulgentem
1138 5645 1458 5701 reddidisset
1492 5652 1547 5698 et
1585 5641 1805 5696 nitidam
1830 5681 1845 5706 ,
1894 5639 2036 5694 dicat

456 5746 669 5817 quidem
710 5759 828 5802 esse
863 5755 1076 5797 exesam
1106 5748 1159 5794 et
1188 5738 1409 5807 periisse
1448 5734 1741 5804 rubiginem
1762 5774 1778 5798 ,
1812 5730 2034 5787 suadeat

454 5849 632 5894 autem
660 5850 843 5893 rursus
868 5846 1081 5902 operam
1108 5829 1255 5898 dare,
1285 5837 1340 5882 ut
1369 5826 1663 5897 deponatur
1690 5823 1891 5895 rubigo,
1927 5838 2031 5879 non

2106 2156 2275 2211 utitur
2303 2155 2725 2211 contradictione
2758 2174 2771 2210 :
2802 2172 2914 2212 non
2937 2157 3079 2213 enim
3117 2173 3275 2229 quam
3316 2160 3567 2216 abstersit
3594 2177 3686 2216 ru-

2106 2250 2360 2320 biginem,
2390 2248 2486 2304 sed
2514 2265 2634 2320 qua:
2672 2260 2855 2319 postea
2886 2250 3212 2317 adnascitur,
3241 2253 3430 2307 suadet
3455 2254 3687 2324 depone-

2106 2355 2185 2395 re.
2219 2340 2310 2396 Sie
2338 2355 2512 2411 neque
2549 2341 2783 2410 priorem
2818 2341 2947 2395 dicit
2985 2343 3485 2407 mortificationem,
3519 2360 3687 2414 neque

2108 2432 2224 2487 illas
2245 2431 2642 2497 fornicationes,
2665 2432 2759 2487 sed
2778 2448 2897 2503 qua:
2917 2443 3097 2503 postea
3120 2434 3395 2489 accedunt.
3415 2434 3518 2491 Sed
3541 2452 3684 2505 ecce,

2108 2524 2352 2593 inquiunt
2386 2523 2625 2579 haeretici
2648 2566 2663 2588 ,
2690 2540 2777 2580 res
2816 2534 3027 2580 creatas
3069 2525 3261 2581 Paulus
3288 2528 3639 2582 calumniatur
3670 2546 3684 2582 :

2107 2616 2242 2671 dixit
2265 2617 2407 2671 enim
2437 2617 2699 2686 superius,
2734 2617 2863 2684 Quae
2884 2634 3081 2673 sursum
3109 2630 3226 2674 sunt
3252 2621 3432 2691 sapite,
3458 2637 3557 2673 non
3578 2637 3690 2690 qua:

2107 2724 2260 2778 super
2289 2717 2512 2772 terram;
2541 2722 2724 2763 rursus
2753 2707 2918 2774 dicit,
2948 2707 3255 2777 Mortiﬁcate
3281 2712 3499 2764 membra
3528 2722 3690 2766 vestra

2108 2816 2220 2870 qua
2260 2811 2378 2855 sunt
2414 2817 2568 2870 super
2600 2811 2804 2855 terram.
2835 2800 2939 2857 Sed
2968 2801 3098 2857 illud
3119 2846 3131 2869 ,
3163 2802 3332 2871 Super
3359 2812 3577 2871 terram,
3606 2804 3692 2858 hic

2110 2891 2372 2962 signiﬁcat
2395 2902 2693 2961 peceatum,
2728 2907 2827 2947 nec
2856 2908 2942 2948 res
2967 2904 3177 2949 creatas
3203 2894 3576 2950 calumniatur.
3603 2895 3692 2951 Sic

2110 2982 2253 3038 enim
2283 2999 2344 3038 ea
2372 3000 2490 3053 qua:
2520 2998 2683 3054 super
2709 2992 2909 3040 terram
2949 2995 3074 3041 sunt
3104 2997 3257 3041 vocat
3297 2999 3513 3056 peccata
3533 3028 3549 3055 ,
3578 2989 3693 3043 sive

2110 3073 2252 3145 quod
2274 3090 2339 3130 ex
2366 3084 2573 3130 terrena
2596 3076 2919 3146 cogitatione
2939 3087 2993 3132 et
3014 3077 3065 3132 in
3095 3088 3236 3134 terra
3264 3089 3558 3149 patrentur,
3582 3081 3693 3135 sive

2111 3166 2254 3236 quod
2284 3175 2593 3236 peccatores
2621 3176 2864 3223 terrenos
2893 3183 3014 3224 esse
3043 3170 3344 3225 ostendant.
3374 3169 3695 3225 Fornieatio-

2112 3273 2227 3311 nem
2249 3296 2265 3323 ,
2300 3257 2675 3312 immunditiam
2694 3299 2710 3324 ,
2753 3259 2942 3329 inquit.
2972 3259 3078 3315 Res
3105 3261 3447 3329 prmtermisit
3469 3276 3602 3330 quas
3629 3276 3698 3316 ne

2114 3349 2394 3405 honestum
2434 3349 2645 3419 quidem
2694 3358 2777 3404 est
2814 3350 3029 3417 dicere,
3073 3360 3129 3406 et
3168 3366 3263 3420 per
3305 3351 3693 3406 immunditiam

2114 3440 2292 3494 omnia
2330 3439 2584 3495 ostendit.
2631 3439 2951 3508 Libidinem,
2998 3440 3205 3511 inquit,
3245 3442 3699 3511 concupiscentiam

2113 3529 2324 3585 malam.
2351 3530 2489 3585 Ecce
2515 3538 2682 3586 totum
2709 3529 2843 3585 dixit
2867 3532 2918 3586 in
2944 3546 3138 3601 genere
3167 3550 3181 3586 :
3206 3532 3383 3585 omnia
3407 3532 3549 3586 enim
3574 3541 3700 3586 sunt

2115 3622 2257 3676 mala
2284 3620 2546 3692 cupiditas
2571 3664 2584 3685 ,
2618 3620 2812 3676 invidia
2833 3663 2863 3701 η
2886 3623 2962 3677 ira
2984 3663 2998 3684 ,
3032 3622 3262 3677 tristitia.
3296 3621 3363 3676 Et
3397 3624 3697 3688 avaritiam,

2118 3711 2308 3780 inquit,
2336 3727 2451 3781 qua:
2474 3721 2548 3766 est
2572 3711 2826 3765 idolorum
2844 3712 3075 3767 servitus.
3110 3712 3326 3784 Propter
3345 3729 3456 3783 qua:
3474 3713 3601 3767 venit
3623 3714 3701 3765 ira

2118 3802 2216 3857 Dei
2244 3820 2398 3874 super
2422 3805 2557 3873 ﬁlios
2582 3805 2972 3859 incredulitatis.
3004 3804 3105 3860 Per
3131 3805 3295 3859 multa
3322 3820 3417 3860 eos
3441 3804 3660 3860 abduxit
3684 3822 3697 3858 :

2119 3910 2214 3965 per
2240 3910 2301 3949 ea
2331 3910 2451 3965 quae
2479 3894 2692 3950 fuerunt
2716 3895 3014 3963 beneﬁcia;
3045 3911 3140 3965 per
3165 3896 3303 3950 mala
3332 3896 3507 3950 futura
3530 3911 3558 3950 a
3584 3896 3704 3966 qui-

2119 3987 2221 4042 bus
2248 4001 2435 4041 sumus
2463 3987 2711 4051 liberati;
2739 3988 2956 4055 quinam
2984 4002 3105 4043 cum
3132 4002 3392 4054 essemus,
3419 3997 3475 4043 et
3496 4003 3659 4058 quare
3684 4006 3698 4043 :

2120 4088 2175 4134 et
2199 4080 2375 4134 omnia
2404 4080 2528 4145 illa;
2559 4088 2647 4144 ut,
2672 4080 2888 4149 quinam
2918 4079 3204 4146 fuerimus,
3235 4089 3289 4136 et
3314 4082 3366 4135 in
3397 4081 3618 4151 quibus;
3648 4089 3705 4136 et

2120 4171 2259 4240 quod
2287 4171 2357 4225 ab
2382 4172 2460 4225 eis
2485 4172 2653 4225 simus
2678 4171 2908 4239 liberati,
2940 4187 3046 4241 quo
3075 4182 3229 4241 pacto
3251 4181 3306 4228 et
3333 4171 3624 4242 quomodo,
3653 4183 3706 4228 et

2124 4272 2340 4332 propter
2362 4277 2502 4332 qum.
2533 4261 2659 4317 Haec
2687 4262 2957 4317 sufficiunt
2981 4262 3045 4317 ad
3073 4262 3419 4318 avertendum
3446 4263 3576 4318 :sed
3603 4266 3707 4319 hoc

2123 4363 2205 4410 est
2246 4354 2484 4408 omnium
2532 4354 3059 4408 vehementissimum
3086 4395 3101 4419 ,
3138 4354 3283 4408 dictu
3323 4353 3538 4424 quidem
3570 4354 3707 4423 injuo

2124 4444 2377 4511 cundum,
2407 4460 2510 4498 non
2545 4454 2721 4499 tamen
2756 4445 2963 4509 inutile,
2996 4443 3090 4499 sed
3120 4444 3279 4499 etiam
3307 4444 3455 4499 utile.
3487 4443 3707 4514 Propter

2124 4553 2256 4608 quoa,
2284 4538 2473 4607 inquit,
2496 4538 2627 4591 venit
2648 4538 2725 4591 ira
2746 4536 2842 4591 Dei
2861 4553 3010 4607 super
3030 4539 3163 4607 ﬁlios
3184 4537 3562 4592 incredulitatis.
3590 4536 3706 4592 Non

2125 4630 2296 4713 dixit,
2320 4629 2490 4698 Super
2518 4642 2613 4682 vos
2633 4669 2647 4691 ,
2676 4627 2768 4682 sed
2791 4669 2806 4693 ,
2837 4627 3007 4698 Super
3049 4629 3182 4703 ﬁlios
3223 4628 3607 4683 incredulitatis.
3642 4626 3707 4681 In

2128 4723 2305 4793 quibus
2330 4721 2622 4776 ambulastis
2649 4721 2947 4790 aliquando,
2976 4737 3090 4773 cum
3118 4721 3343 4774 viveretis
3368 4721 3422 4773 in
3449 4720 3569 4774 illis.
3599 4718 3707 4774 Pu-

2130 4816 2313 4869 dorem
2345 4814 2609 4868 incutiens
2634 4812 2781 4878 dicit,
2813 4810 2939 4866 Cum
2965 4811 3190 4865 viveretis
3218 4812 3272 4865 in
3298 4811 3441 4875 illis;
3471 4811 3627 4865 simul
3651 4820 3707 4864 et

2129 4924 2250 4963 cum
2282 4906 2454 4973 laude,
2486 4916 2543 4960 ut
2566 4906 2653 4976 qui
2685 4920 2826 4960 nunc
2854 4921 2961 4959 non
2988 4904 3164 4958 vivant
3191 4906 3242 4958 in
3271 4904 3375 4958 illis
3399 4922 3411 4956 :
3439 4914 3561 4957 tunc
3585 4902 3710 4957 licc—

2133 5000 2223 5054 bat
2248 5001 2318 5053 ita
2346 4998 2510 5068 loqui.
2537 4998 2589 5053 8.
2621 4996 2774 5051 Nunc
2801 5008 2969 5051 autem
2988 4997 3221 5067 deponite
3244 5007 3291 5051 et
3318 5012 3404 5050 vos
3432 4997 3623 5052 omnia.
3650 4996 3717 5050 Et

2136 5091 2382 5145 universe
2424 5104 2638 5158 semper
2666 5089 2795 5143 dicit
2818 5097 2873 5142 et
2899 5087 3168 5158 sigillatim
3199 5105 3214 5141 :
3246 5087 3360 5142 haec
3385 5097 3509 5141 sunt
3534 5095 3711 5141 autem

2135 5197 2202 5237 ex
2230 5181 2443 5236 affectu.
2485 5178 2664 5246 Iram,
2701 5179 3129 5250 indignationem,
3160 5177 3440 5243 malitiam,
3474 5177 3713 5245 blasphe-

2136 5275 2311 5339 miam,
2340 5282 2534 5342 turpem
2560 5288 2838 5327 sermonem
2867 5272 2928 5325 de
2962 5288 3049 5326 ore
3076 5279 3257 5326 vestro.
3290 5270 3342 5326 9.
3378 5270 3553 5325 Nolite
3579 5286 3720 5322 men-

2138 5364 2221 5417 tiri
2246 5364 2470 5417 invicem.
2501 5360 2724 5432 Turpem
2749 5378 3061 5428 sermonem,
3090 5361 3294 5431 inquit,
3322 5376 3385 5416 ea:
3409 5377 3494 5415 ore
3520 5372 3680 5415 vestro
3699 5402 3715 5420 ,

2138 5472 2259 5512 cum
2289 5455 2552 5525 emphasi,
2580 5456 2828 5525 quoniam
2858 5455 2909 5510 id
2939 5455 3168 5509 maculat
3193 5462 3248 5509 et
3272 5454 3478 5523 polluit.
3512 5450 3721 5520 Exspa-

2140 5550 2320 5603 liantes
2359 5564 2444 5601 vos
2488 5558 2700 5600 veterem
2748 5547 2997 5599 hominem
3031 5562 3144 5599 cum
3171 5542 3366 5597 actibus
3390 5543 3528 5608 suis,
3560 5542 3645 5596 10.
3675 5551 3723 5594 et

2140 5642 2401 5695 induentes
2428 5656 2632 5703 novum,
2660 5655 2773 5692 eum
2798 5639 2884 5707 qui
2906 5648 3171 5692 renovatur
3192 5638 3248 5691 in
3274 5636 3579 5708 agnitionem
3601 5633 3720 5700 Dei,

2142 5731 2417 5785 secundum
2459 5731 2727 5800 imaginem
2763 5733 2871 5799 ejus
2896 5730 2983 5798 qui
3008 5730 3194 5783 creavit
3219 5744 3349 5782 eum.
3382 5727 3569 5797 Opera:
3596 5740 3723 5796 pre-

2145 5823 2273 5878 tium
2303 5830 2383 5877 est
2421 5821 2505 5877 hic
2544 5836 2782 5892 qumrere
2811 5837 2907 5876 cur
2943 5821 3176 5877 membra
3202 5863 3217 5889 ,
3245 5831 3297 5877 et
3337 5821 3603 5877 hominem
3625 5862 3639 5887 ,
3671 5829 3722 5875 et
