4120 6400
380 517 513 572 Ἰδοὺ
540 519 838 588 παρεγγυῶ
864 520 1047 585 πάλιν,
1082 522 1176 575 κα)⁵
1202 521 1643 596 διαμαρτύρομαι
1680 528 1823 583 κατά
1853 529 1947 584 τὸν

370 607 640 675 μακάριον
656 606 886 673 Παῦλον,
908 610 990 661 ὅτι
1017 608 1085 662 ἂν
1104 609 1245 665 ἔλθω
1272 614 1352 676 είς
1378 612 1439 665 τὸ
1467 613 1649 678 πάλιν,
1672 615 1734 667 ού
1763 617 1945 685 φείσο-

369 711 497 763 μαιο
533 694 662 747 ὅταν
684 695 740 747 δὲ
770 694 1179 767 κατορθώσητε,
1203 698 1324 751 τότε
1361 700 1572 753 εἴσεσθε
1599 702 1799 757 ὅσοντὸ
1827 702 1946 776 κέρα

362 782 473 847 δος,
498 783 600 855 ὅση
630 786 665 855 ή
705 784 964 854 ὠφέλεια.
1012 787 1141 851 Ναὶ,
1192 789 1500 858 παρακαλῶ
1528 791 1623 843 καὶ
1656 791 1943 861 ἀντιϐολῶ,

364 873 458 926 καὶ
489 874 597 927 τῶν
620 876 863 943 γονάτων
884 876 983 929 ούκ
1002 876 1067 929 ἂν
1093 877 1429 948 παραιτησαί
1435 897 1541 950 μην
1563 878 1829 949 ἅψασθαι,
1851 884 1946 937 καὶ

366 961 650 1032 ἱκετηρίαν
684 962 857 1017 θεῖναι
892 962 1033 1034 ὑπὲρ
1066 964 1280 1019 τούτου.
1318 965 1417 1028 Τίς
1447 967 1480 1035 ή
1508 966 1765 1036 βλακείας
1794 968 1877 1033 τίς
1907 970 1941 1041 ή

312 1108 325 1129 υ
359 1050 583 1122 τρυφή;
617 1051 702 1113 τίς
744 1051 778 1120 ἡ
814 1049 1008 1121 ὕϐρις;
1065 1052 1128 1105 ού
1179 1052 1358 1123 τρυφὴ
1390 1053 1569 1119 τοῦτο,
1615 1053 1730 1107 ἀλλ’
1762 1055 1938 1128 ὕϐρις.

360 1138 457 1202 Τίς
501 1140 535 1209 ή
598 1139 792 1202 ἄνοια;
858 1139 943 1202 τίς
990 1141 1023 1209 ή
1062 1139 1266 1211 μανία;
1306 1141 1547 1212 Πένητες
1571 1142 1814 1197 τοσοῦτοι
1841 1145 1943 1217 τὴν

360 1227 654 1298 ἐκκλησίαν
686 1228 1104 1298 περιεστήκασι,
1158 1229 1253 1282 καλ⁵
1280 1230 1447 1283 τέκνα
1472 1230 1671 1301 ἔχουσα
1698 1233 1943 1289 τοσαῦτα

358 1316 394 1384 ἡ
418 1315 731 1387 Ἐκκλησία,
755 1315 899 1368 οὕτω
924 1315 1275 1379 πλουτοῦντα,
1300 1317 1472 1389 οὐδενὶ
1501 1318 1694 1389 πένητι
1726 1321 1942 1390 ἐπαμῦ-

359 1420 448 1455 ναι
468 1402 718 1458 δύναται·
750 1405 865 1458 ἀλλ’
912 1405 942 1457 6
988 1402 1089 1473 μὲν
1118 1405 1300 1475 πεινᾷ,
1332 1403 1362 1456 6
1401 1405 1459 1459 δέ
1488 1405 1705 1476 μεθύει·
1754 1408 1784 1459 6
1839 1407 1940 1478 μὲν

1278 408 1344 464 ΙΝ
1375 408 1592 467 EPIST.
1615 413 1708 467 AD
1726 413 2015 475 COLOSS.
2055 419 2206 476 CAP.
2240 421 2327 477 Ill.
2356 421 2592 477 llOMlL.
2619 424 2755 480 VIII.

2048 536 2141 588 καὶ
2163 536 2220 589 ἐν
2243 537 2471 609 ἀργύρῳ
2513 538 2802 604 ἀποπατεῖ,
2835 540 2865 592 6
2913 540 2972 594 δὲ
3015 540 3137 596 οὐδὲ
3169 542 3335 613 ἀρτου
3381 545 3613 616 μετέχει.

2048 622 2144 686 Τίς
2177 624 2211 693 ή
2265 625 2467 693 μανία;
2504 625 2586 690 τίς
2633 628 2667 697 ἡ
2704 627 2966 698 θηριωδία
2997 630 3031 699 ἡ
3083 630 3355 700 τοσαύτη;
3408 631 3619 687 Γένοιτο

2050 707 2127 779 μὴ
2159 708 2334 762 ἐλθεῖν
2360 712 2508 781 ήμάς
2548 713 2629 775 είς
2670 712 2768 783 τὴν
2797 718 2992 785 πεῖραν
3020 716 3115 769 τοῦ
3156 717 3463 784 ἐπεξελθεῖν
3505 724 3619 783 τοῖς

2046 795 2353 862 ἀπειθοῦσι,
2382 799 2516 869 μηδὲ
2555 802 2634 865 είς
2675 802 3051 872 ἀγανάκτησιν
3072 804 3167 859 τοῦ
3197 806 3373 860 ταῦτα
3400 810 3621 878 ἐπιτρέ-

2046 884 2147 955 ψαι
2165 898 2214 952 ι,
2236 886 2350 939 ἀλλ’
2367 888 2591 952 ἐκόντας
2607 889 2704 943 καὶ
2729 890 3086 962 ἀνεχομένους
3111 894 3283 948 ταῦτα
3312 896 3489 950 πάντα
3516 914 3618 949 πε-

2048 973 2340 1043 ριστεῖλαιο
2381 975 2467 1027 ἵνα
2496 976 2574 1038 είς
2598 975 2757 1040 δόξαν
2792 976 2887 1030 τοῦ
2921 979 3057 1032 Θεοῦ
3088 981 3365 1052 ζήσωμεν,
3400 984 3616 1054 καὶτῆς

2042 1063 2161 1117 ἐκεῖ
2189 1063 2463 1129 κολάσεως
2492 1065 2917 1136 ἀπαλλαγῶμεν,
2938 1071 3031 1123 καὶ
3050 1070 3159 1124 τῶν
3188 1073 3616 1144 ἐπηγγελμένων

2042 1151 2264 1220 ἀγαθῶν
2313 1155 2426 1215 τοῖς
2459 1152 2745 1219 ἀγαπῶσιν
2802 1154 2966 1209 αὑτὸν
3020 1157 3391 1230 ἐπιτύχωμεν,
3430 1160 3617 1234 χάριτι

2042 1240 2137 1293 καὶ
2159 1239 2557 1312 φιλανθρωπίᾳ,

2106 1412 2135 1442 ⁸
2158 1410 2297 1460 Idem
2321 1408 2496 1470 legere
2510 1406 2657 1471 jubet
2679 1408 2743 1469 μὴ
2766 1409 3029 1473 ἐπιτρέψαι.

1801 1791 2045 1847 OMIAIA
2082 1792 2166 1849 H’.

353 1967 703 2037 Νεκρὼσατε
750 1968 823 2023 τὰ
854 1968 1011 2037 μέλη
1051 1966 1219 2039 ὑμῶν
1245 1969 1317 2023 τὰ
1342 1967 1443 2023 ἐπὶ
1467 1967 1576 2037 τῆς
1606 1967 1742 2037 γῆς,
1788 1982 1930 2039 πορ·

422 2039 616 2099 νείαν,
666 2039 1066 2106 ἀκαθαρσίαν,
1092 2038 1095 2039 ⁷
1117 2038 1330 2104 πάθος,
1363 2040 1687 2106 ἐπιθυμίαν
1712 2038 1926 2105 κακὴνν

421 2108 520 2162 καὶ
546 2107 661 2175 τὴν
683 2108 1065 2173 πλεονεξίαν,
1097 2109 1231 2176 ἥτις
1259 2110 1433 2163 ἐστὶν
1450 2109 1926 2176 εἰδωλολατρεία,

419 2179 495 2231 δι’
520 2176 560 2232 ἁ
582 2179 819 2245 ἔρχεται
861 2178 900 2245 ἠ
950 2178 1248 2247 ὀργὴ-τοῦ
1277 2178 1425 2233 Θεοῦ
1454 2179 1555 2232 ἐπὶ
1581 2178 1725 2245 τοὺς
1758 2177 1929 2243 υἱοὺς

418 2247 566 2335 τῆς,
593 2244 1038 2335 ἀάειθεέαφέξ
1066 2244 1159 2335 οἷς
1206 2250 1305 2335 καί
1359 2249 1531 2330 ῥμεῐς
1572 2246 1926 2319 περιεπατή-

417 2317 569 2373 σατέ
601 2334 767 2384 ποτε,
792 2318 891 2371 ὅτε
923 2317 1091 2387 ἐζῆτε
1121 2319 1191 2372 ἐν
1222 2317 1445 2385 αὐτοῖς.

426 2470 496 2519 α’.
518 2461 648 2517 Οἶδα
674 2463 900 2527 πολλοὺς
920 2464 1393 2534 ἀπεχθανομένους
1414 2465 1474 2520 ἐν
1499 2468 1568 2537 τῇ
1594 2465 1701 2537 πρὸ
1722 2464 1928 2535 ταύτης

344 2547 610 2612 διαλέξει·
670 2547 806 2601 ἀλλά
860 2548 913 2601 τί
966 2547 1163 2612 πάθω;
1210 2548 1483 2619 ⁴ἠκούσατε
1518 2549 1573 2601 τί
1606 2547 1867 2613 ἐπέταξεν
1896 2549 1926 2601 ὁ

345 2632 641 2702 Δεσπότης.
678 2631 769 2701 Μὴ
817 2631 928 2701 γάρ
975 2630 1087 2701 ἐγὼ
1139 2632 1350 2697 αἶτιος;
1396 2632 1450 2685 τί
1504 2634 1755 2702 ποιήσω;
1813 2632 1925 2703 Οὐχ

342 2716 505 2784 ὁρᾶτε
528 2715 655 2777 τοὺς
686 2713 1072 2778 ἀπαιτοῦντας,
1097 2715 1225 2769 ὅταν
1256 2715 1645 2784 ἀγνωμονῶοιν
1677 2717 1726 2768 οί
1760 2715 1926 2769 ὑπεύ-

343 2798 514 2863 θυνοι,
553 2797 671 2861 πῶς
704 2796 861 2851 κλοιά
895 2796 1108 2862 τούτοις
1161 2799 1576 2869 περιτιθέασιν;
1622 2798 1923 2852 Ἠκούσατε

339 2882 394 2935 τί
423 2883 665 2953 σήμερον
710 2883 738 2934 6
790 2880 1001 2945 Παῦλος
1034 2882 1196 2947 ἐϐὀα;
1252 2880 1626 2949 Νεκρώσατε,
1660 2884 1813 2953 φησὶ,
1852 2883 1924 2938 τὰ

343 2964 500 3034 μέλη
541 2964 709 3035 ὑμῶν
739 2964 810 3018 τὰ
833 2962 981 3038 [580]
1016 2965 1112 3019 ἐπὶ
1148 2964 1258 3033 τῆς
1288 2965 1420 3035 γῆς,
1452 2968 1756 3034 πορνείαν,
1781 2968 1924 3023 ἀκα-

341 3048 617 3116 θαρσίαν,
645 3047 856 3114 πάθος,
876 3048 1197 3118 ἐπιθυμίαν
1217 3048 1437 3115 κακὴν,
1456 3050 1553 3103 καὶ
1572 3048 1688 3115 τὴν
1711 3054 1923 3104 πλεον-

350 3130 542 3195 εξίαν,
596 3130 728 3199 ἥτις
758 3132 934 3185 ἐστίν
968 3132 1446 3199 είδωλολατρεία.
1488 3131 1554 3185 Τί
1600 3131 1702 3202 τῆς
1733 3134 1920 3186 τοιαύ-

337 3230 439 3283 της
470 3212 783 3278 πλεονεξίας
807 3217 1020 3286 χεῖρον;
1054 3214 1224 3267 Τοῦτο
1255 3214 1556 3286 βαρύτερον
1592 3208 1765 3285 οὗπερ
1798 3217 1918 3269 ἐλε-

338 3314 456 3365 γον,
494 3299 528 3366 ή
561 3298 730 3366 μανία
759 3299 911 3368 καὶὴ
963 3297 1191 3367 βλακεία
1237 3300 1271 3369 ή
1328 3298 1457 3369 περ)⁵
1501 3298 1760 3369 ἄργυρον.
1808 3298 1917 3354 Καὶ

338 3379 453 3446 τὴν
468 3379 850 3442 πλεονεξίαν,
879 3380 1066 3450 φησὶν,
1092 3380 1226 3448 ἣτις
1245 3381 1418 3434 ἐστὶν
1437 3381 1913 3450 είδωλολατρείαο

336 3463 501 3533 ὁρᾶτε
539 3462 643 3515 ποῦ
685 3462 747 3515 τὸ
779 3464 949 3516 κακὸν
974 3463 1235 3533 τελευτᾷ;
1271 3463 1363 3535 Μὴ
1406 3464 1471 3535 δὴ
1507 3465 1871 3537 δυσχεράνητε
1897 3485 1911 3498 ο

335 3545 398 3598 ού
430 3546 540 3613 γὰρ
571 3545 714 3598 ἑκὼν
746 3545 867 3600 ούδέ
900 3545 1088 3609 ἁπλῶς
1119 3547 1348 3617 ἐχθροὺς
1396 3546 1540 3617 ἔχειν
1585 3547 1742 3613 θέλω,
1798 3548 1914 3602 ἀλλ’

335 3627 637 3699 ἐϐουλόμην
666 3630 811 3700 ὑμᾶς
839 3631 918 3692 εἰς
950 3629 1108 3683 τοῦτο
1130 3630 1329 3700 ἀρετῆς
1354 3631 1528 3701 ἥκειν,
1555 3631 1629 3694 ὠς
1654 3631 1753 3699 ἐμὲ
1783 3632 1914 3703 παρ’

337 3713 492 3783 ὑμῶν
519 3712 737 3767 ἀκούειν
768 3712 837 3767 τὰ
858 3713 1065 3766 δέοντα.
1096 3714 1258 3766 Ὥστε
1296 3714 1396 3767 οὐκ
1429 3714 1717 3779 αύθεντίας
1767 3718 1913 3769 ἐστὶν

334 3798 455 3851 οὐδὲ
484 3798 814 3869 ἀξιώματος,
848 3797 964 3850 ἀλλ’
1018 3796 1211 3867 ὀδύνης
1264 3798 1363 3850 καὶ
1406 3797 1719 3868 ἀλγηδόνος.
1774 3800 1913 3868 Σύγ-

334 3881 507 3950 γνωτέ
545 3899 657 3951 μοι,
712 3879 1026 3950 σύγγνωτεο
1084 3880 1146 3933 οὐ
1196 3880 1333 3934 θέλω
1386 3882 1717 3952 ἀσχημονεῖν
1770 3883 1911 3955 ὑπὲρ

331 3965 590 4019 τοιούτων
619 3964 1024 4035 διαλεγόμενος,
1049 3964 1163 4018 ἀλλ’
1196 3965 1599 4035 ἀναγκάζομαι.
1628 3966 1740 4037 Οὐχ
1767 3967 1909 4040 ὑπὲρ

328 4050 431 4119 τῆς
468 4049 576 4101 τῶν
605 4049 853 4118 πενήτων
883 4047 1074 4116 ὀδύνης
1101 4047 1274 4101 ταῦτα
1299 4048 1461 4116 λέγω,
1493 4048 1610 4102 ἀλλ’
1644 4050 1783 4121 ὑπὲρ
1809 4053 1910 4121 τῆς

332 4131 604 4202 ὑμετέρας
636 4131 909 4199 σωτηρίας
931 4147 945 4162 ⁸
982 4130 1309 4185 ἀπολοῦνται
1351 4132 1481 4202 γὰρ,
1506 4132 1831 4186 ἀπολοῦνται
1856 4134 1907 4187 οί

334 4214 410 4287 μή
438 4214 735 4285 θρέψαντες
762 4214 854 4267 τὸν
884 4216 1138 4286 Χριστόν.
1166 4214 1231 4266 Τί
1261 4214 1392 4286 γάρ,
1418 4216 1468 4268 εί
1492 4215 1712 4286 τρέφεις
1740 4217 1908 4286 πένη-

327 4315 433 4363 «ea;
465 4297 581 4351 ἀλλ’
610 4297 715 4360 ἐως
747 4295 815 4349 ἂν
842 4296 986 4352 οὕτω
1026 4298 1305 4369 σπαταλᾷς
1343 4299 1438 4352 καί¹
1486 4299 1627 4353 οὓτω
1669 4303 1902 4371 τρυφᾷς,

329 4380 510 4433 πάντα
542 4380 792 4450 περιττά.
844 4382 919 4434 Ού
969 4382 1078 4451 γάρ
1107 4381 1166 4433 τὸ
1214 4380 1399 4434 δοῦναι
1425 4384 1669 4451 ζητεῖται
1708 4384 1899 4447 πολλὰ,

327 4463 467 4517 ἀλλά
493 4463 552 4515 τὸ
584 4464 661 4533 μὴ
714 4463 933 4516 ἔλαττον
959 4464 1057 4533 τῆς
1095 4462 1305 4526 οἰκείας
1338 4465 1525 4528 οὐσίας
1546 4482 1559 4495 ·
1591 4466 1750 4519 τοῦτο
1793 4469 1902 4538 γὰρ

328 4546 614 4609 παίζοντός
651 4548 791 4600 ἐστι.
840 4547 1192 4615 Νεκρώσατε
1243 4543 1357 4602 οὖν
1410 4549 1481 4602 τὰ
1522 4549 1682 4617 μέλη
1714 4549 1899 4618 ὑμῶν,

329 4632 512 4700 φησὶν,
548 4630 618 4683 τὰ
646 4630 747 4684 ἐπὶ
770 4630 877 4698 τῆς
910 4631 1043 4699 γῆς.
1079 4632 1144 4683 Τί
1170 4631 1352 4698 λέγεις
1378 4649 1392 4696 ;
1420 4633 1480 4686 οὐ
1510 4635 1573 4686 σὺ
1607 4628 1790 4701 εἴπας,
1817 4636 1901 4689 ὅτι

341 4716 644 4784 Έτάφητε;
690 4715 769 4767 ὅτι
805 4714 1174 4786 Συνετάφητες
1207 4717 1288 4768 ὅτι
1328 4716 1767 4789 Περιετμήθητε;
1818 4720 1899 4772 ὅτι

340 4796 810 4866 Ἀπέξεδυσάμεθα
830 4797 891 4849 τὸ
911 4797 1071 4867 σῶμα
1102 4798 1205 4850 τῶν
1240 4797 1519 4868 ἀμαρτιῶν
1546 4799 1645 4868 τῆς
1672 4800 1896 4871 σαρκός;

326 4883 443 4947 πῶς
470 4878 561 4936 οὖν
584 4881 745 4934 πάλιν
769 4879 967 4948 λέγεις,
994 4880 1382 4948 Λέκρώσατε;
1429 4877 1523 4949 Μὴ
1558 4881 1756 4952 παίζῃς
1780 4898 1793 4911 ·
1824 4882 1900 4945 ὡς

323 4969 493 5021 ὄντων
526 4965 706 5018 αὐτῶν
742 4965 801 5015 ἐν
821 4966 955 5035 ἡμῖν
977 4964 1119 5017 οὕτω
1144 4963 1367 5035 διαλέγῃ
1389 4981 1403 5028 ;
1442 4964 1555 5016 Ούκ
1578 4963 1722 5017 ἐστιν
1742 4967 1897 5017 ἐναν-

324 5052 569 5119 τιολογία
588 5065 603 5079 ⁶
639 5048 755 5102 ἀλλ’
786 5047 975 5118 ὥσπερ
1008 5049 1164 5109 εἴτις
1186 5047 1575 5120 ἐρρυπωμένον
1606 5048 1897 5119 ἀνδριάντα

324 5134 667 5203 ἁποσμήξας,
708 5131 910 5201 μᾶλλον
956 5130 1012 5183 δέ
1046 5130 1480 5200 ἀναχαλκεύσας,
1512 5129 1605 5183 καὶ
1645 5131 1897 5203 λαμπρὸν

325 5218 499 5283 δείξας
527 5216 753 5281 ἀνωθεν,
778 5214 924 5281 λέγοι
956 5216 1052 5281 μὲν
1070 5215 1151 5267 ὄτι
1186 5214 1457 5281 κατεπόθη
1495 5215 1523 5266 6
1561 5214 1637 5278 ίὸς
1673 5215 1766 5266 καὶ
1792 5216 1895 5268 ἀπ-

320 5301 511 5360 ώλετο,
544 5301 799 5370 παραινοί
825 5298 881 5351 δέ
910 5296 1071 5351 πάλιν
1105 5296 1425 5361 σπουδάζειν
1442 5296 1790 5351 ἀποτίθεσθαι
1805 5298 1895 5350 τὸν

322 5386 422 5446 ίὸν,
446 5386 543 5437 οὐκ
567 5382 928 5449 ἐναντιολογεῖ
949 5400 962 5412 ο
994 5381 1055 5433 ού
1087 5382 1193 5449 γὰρ
1215 5381 1274 5434 ὂν
1292 5380 1608 5450 ἀπέσμηξεν
1628 5382 1726 5443 ἱὸν,
1758 5382 1896 5435 ἀλλά

319 5468 411 5519 τὸν
446 5466 825 5536 ἐπιγινόμενον
862 5464 1001 5535 μετά
1044 5464 1214 5516 ταῦτα
1254 5467 1515 5533 παραινεῖ
1550 5465 1888 5517 ἀποθέσθαι·

321 5549 491 5610 οὔτως
549 5550 611 5600 οὐ
663 5548 761 5617 τὴν
795 5547 1067 5619 προτέραν
1098 5547 1363 5617 νέκρωσιν
1408 5546 1573 5614 λέγει,
1622 5547 1741 5600 οὐδὲ
1795 5547 1890 5611 τάς

322 5634 577 5701 περ-θείας
627 5632 859 5694 ἐκείνας,
900 5630 1037 5682 ἀλλά
1068 5630 1165 5692 τὰς
1206 5630 1588 5699 ἐπιγινομένας
1641 5628 1887 5700 ὕστερον.

334 5714 473 5766 Ἀλλ’
509 5715 640 5772 ἰδοὺ,
666 5715 830 5782 φασὶν
860 5712 1151 5783 αἱρετικοὶ.
1180 5713 1279 5782 τὴν
1342 5712 1702 5782 δημιουργίαν
1742 5714 1887 5767 Παῦ-

322 5798 409 5861 λος
448 5798 747 5852 διαϐάλλει·
804 5787 1073 5869 εἶπευγάρ
1124 5796 1447 5869 ἔμπροσθεν,
1494 5798 1569 5853 Τὰ
1601 5798 1721 5853 ἄνω
1751 5816 1889 5868 φρο-

2034 1964 2210 2031 νεῖτε,
2243 1964 2331 2034 μὴ
2388 1966 2462 2019 τὰ
2506 1964 2605 2019 ἐπὶ
2654 1965 2800 2036 τῆς·
2861 1967 3023 2021 πάλιν
3065 1970 3221 2040 φησὶ,
3256 1973 3609 2040 Νεκρώσατε

2029 2046 2198 2117 ὑμῶν
2224 2048 2298 2102 τὰ
2322 2048 2480 2118 μέλη
2510 2048 2581 2103 τὰ
2598 2050 2697 2103 ἐπὶ
2723 2048 2833 2118 τῆς
2854 2049 2986 2120 γῆς.
3005 2052 3165 2106 Ἀλλά
3191 2054 3274 2116 τὸ,
3299 2055 3396 2109 ἐπὶ
3427 2058 3540 2127 γῆς
3563 2072 3603 2124 ι,

2031 2130 2269 2184 ἐνταῦθα
2296 2131 2595 2200 δηλωτικόν
2638 2134 2786 2186 ἐστιν
2826 2132 3118 2204 ἁμαρτίας,
3153 2135 3214 2188 ού
3246 2136 3607 2212 δημιουργίας

2028 2213 2269 2287 διαϐολή.
2302 2216 2457 2269 Οὕτω
2488 2215 2597 2285 γάρ
2622 2216 2689 2269 τά
2716 2216 2809 2269 ἐπὶ
2840 2216 2943 2284 γῆς
2968 2216 3108 2271 αύτά
3145 2219 3299 2273 καλεῖ
3324 2221 3391 2275 τὰ
3423 2225 3605 2296 ἀμαρ-

2028 2297 2268 2367 τήματα,
2302 2297 2337 2367 ἢ
2369 2298 2448 2367 τῷ
2479 2297 2587 2351 ἀπὸ
2614 2297 2846 2367 γεώδους
2898 2298 3162 2368 λογισμοῦ
3216 2302 3311 2355 καὶ
3356 2305 3450 2358 ἐπὶ
3501 2310 3604 2379 γῆς

2030 2378 2394 2452 ἐνεργεῖσθαι,
2426 2380 2459 2451 ἣ
2489 2380 2568 2452 τῷ
2616 2382 2837 2451 γηῒνους
2888 2382 3159 2436 δεικνύναι
3188 2385 3316 2449 τοὺς
3347 2378 3602 2460 ἁμαρτά-

2027 2477 2236 2527 νοντας.
2288 2465 2603 2531 Πορνείαν,
2643 2466 3039 2531 ἀκαθαρσίαν,
3081 2467 3233 2535 φησί.
3281 2470 3504 2541 Παρῆκε
3536 2476 3604 2529 τὰ

2027 2545 2348 2616 πράγματα,
2384 2549 2420 2601 δι
2453 2547 2573 2599 ούδέ
2597 2548 2771 2599 εἰπεῖν
2792 2546 2975 2611 καλὸν,
3003 2549 3096 2601 καὶ
3118 2548 3204 2603 διὰ
3229 2552 3328 2621 τῆς
3358 2556 3601 2628 ἀκαθαρ-

2027 2630 2147 2692 σίας
2193 2630 2408 2683 ἅπαντα
2470 2631 2717 2702 ἐνέφηνε.
2772 2631 2985 2697 Πάθος,
3039 2634 3224 2703 φησὶν,
3279 2637 3603 2711 ἐπιθυμίαν

2028 2714 2245 2781 κακήν.
2282 2716 2413 2769 Ἰδοὺ
2446 2718 2683 2784 γενικῶς
2714 2716 2773 2770 τὸ
2798 2718 2905 2769 πᾶν
2937 2712 3091 2770 εἶπε·
3126 2720 3301 2774 πάντα
3336 2724 3443 2795 γὰρ
3482 2728 3600 2781 ἐπι-

2025 2796 2190 2865 θυμία
2216 2799 2383 2869 κακὴ,
2417 2798 2703 2869 βασκανία,
2724 2799 2883 2869 ὀργὴ,
2914 2799 3080 2870 λύπη.
3101 2803 3212 2856 Kal
3242 2804 3356 2873 τὴν
3377 2812 3598 2864 πλεον-

2022 2881 2236 2945 εξίαν,
2304 2883 2505 2951 φησὶν,
2556 2882 2688 2949 ἥτις
2735 2883 2909 2936 ἐστίν
2965 2883 3440 2955 είδωλολατρεία.
3493 2894 3599 2948 Διὰ

2022 2962 2211 3017 ταῦτα
2261 2967 2371 3033 γὰρ
2407 2964 2643 3032 ἔρχεται
2692 2966 2731 3033 ἠ
2786 2965 2931 3034 ὀργὴ
2980 2966 3089 3020 τοῦ
3136 2970 3285 3023 Θεοῦ
3322 2973 3420 3026 ἐπὶ
3452 2976 3597 3044 τοὺς

2021 3046 2191 3112 υἱοὺς
2213 3045 2323 3114 τῆς
2358 3048 2682 3114 ἀπειθείας.
2711 3048 2809 3101 Διά
2832 3048 3042 3101 πολλῶν
3064 3050 3348 3122 ἀπήγαγεν
3377 3058 3594 3123 αύτούςο

2021 3129 2111 3183 διὰ
2142 3130 2251 3184 τῶν
2278 3132 2609 3212 εὐεργεσιῶν
2656 3133 2765 3185 τῶν
2813 3132 3167 3201 ύπαρξασῶν,
3197 3136 3286 3189 διά
3324 3139 3432 3193 τῶν
3464 3143 3595 3212 μελ-

2020 3214 2219 3269 λόντων
2244 3214 2303 3279 ἐξ
2327 3208 2401 3267 ὧν
2435 3216 2831 3287 ἀπηλλάγημεν
2860 3217 3067 3280 κακῶν,
3098 3218 3241 3284 τίνες
3292 3208 3476 3290 ὄντες,⁷
3500 3231 3596 3284 καὶ

2017 3299 2105 3353 διά
2135 3298 2209 3363 τί,
2242 3300 2336 3352 καὶ
2366 3298 2460 3353 ὅλα
2480 3300 2683 3364 ἐκεῖνα,
2713 3295 2843 3363 οἷον,
2868 3301 3009 3364 τίνες
3048 3298 3190 3373 ἦμεν
3221 3306 3316 3357 καὶ
3344 3308 3402 3361 ἐν
3427 3310 3591 3377 τίσιν,

2016 3382 2113 3435 καὶ
2156 3382 2240 3434 ὅτι
2278 3382 2674 3465 ἀπηλλάγημεν
2705 3382 2905 3445 αὐτῶν,
2952 3383 3069 3447 πῶς
3101 3386 3196 3438 καὶ
3245 3388 3351 3441 τίνι
3403 3392 3595 3465 τρόπῳ

2020 3465 2113 3519 καὶ
2149 3465 2243 3517 ἐπὶ
2269 3465 2398 3517 τίσι.
2447 3464 2634 3517 Ταῦτα
2668 3465 2827 3518 ίκανὰ
2859 3465 3228 3537 ἀποστρέψαι’
3288 3472 3424 3526 ἀλλά
3453 3464 3591 3529 πάνζ

2014 3564 2125 3630 των
2157 3547 2530 3630 ,σφοδρότερον
2572 3546 2751 3609 τοῦτο,
2797 3547 2962 3616 ἀηδὲς
3019 3549 3117 3618 μὲν
3157 3553 3351 3615 εἰπεῖν,
3387 3556 3446 3608 ού
3485 3559 3593 3630 μὴν

2017 3628 2166 3702 [381]
2200 3630 2492 3699 ἀνωφελὲς,
2530 3630 2667 3683 ἀλλά
2694 3632 2789 3685 καὶ
2821 3631 3123 3701 ὠφέλιμονο
3158 3635 3240 3687 Δι’
3269 3635 3306 3689 ἂ
3334 3628 3587 3709 ἔρχεται,

2014 3714 2202 3782 φησὶν,
2235 3715 2274 3781 ἡ
2314 3713 2460 3781 ὀργὴ
2488 3713 2596 3767 τοῦ
2626 3714 2775 3769 Θεοῦ
2793 3715 2893 3767 ἐπὶ
2923 3715 3063 3779 τοὺς
3091 3717 3262 3782 υίοὺς
3289 3720 3400 3787 τῆς
3425 3724 3591 3778 άπει..

2012 3795 2195 3861 θείας.
2237 3796 2351 3849 Οὐκ
2375 3793 2546 3857 εἶπεν,
2581 3797 2695 3865 Ἐφ’
2717 3798 2881 3866 ὑμᾶς,
2914 3797 3051 3862 ἀλλ’,
3093 3801 3225 3853 Ἐπὶ
3252 3802 3395 3869 τοὺς
3419 3808 3590 3875 υἱοὺς

2011 3878 2123 3945 τῆς
2160 3878 2483 3943 ἀπειθείας.
2526 3881 2622 3933 Ἐν
2650 3875 2743 3945 οἷς
2773 3880 2873 3933 καὶ
2903 3882 3072 3949 ὑμεῖς
3109 3887 3589 3955 περιεπατήσατέ

2010 3976 2175 4023 ποτε,
2224 3961 2321 4015 ὅτε
2368 3959 2537 4029 ἐζῆτε
2586 3962 2658 4015 ἐν
2708 3962 2931 4029 αὐτοῖς.
2972 3964 3392 4036 Ἐντρεπτικῶς,
3447 3972 3588 4028 Ὀτε

2007 4042 2194 4111 ἐζῆτε,
2220 4044 2403 4114 φησὶν,
2438 4044 2509 4097 ἐν
2533 4044 2758 4111 αὐτοῖς,
2788 4047 2880 4099 καὶ
2916 4049 3032 4117 μετ’
3059 4049 3353 4117 ἐγκωμίου,
3386 4053 3462 4116 ὠς
3490 4055 3585 4109 νῦν

2007 4128 2067 4180 ού
2099 4126 2316 4192 ζώντων
2338 4144 2352 4159 ·
2381 4128 2503 4181 τότε
2529 4128 2675 4198 ἐξῆν.
2701 4130 2851 4183 Νυνὶ
2872 4128 2941 4182 δὲ
2968 4130 3265 4186 ἀπόθεσθε
3288 4136 3384 4188 καὶ
3414 4135 3585 4206 ὑμεῖς

2007 4212 2081 4265 τὰ
2115 4211 2330 4265 πάντα.
2368 4212 2478 4263 Καὶ
2517 4212 2819 4275 καθολικῶς
2852 4213 2937 4265 ἀεὶ
2990 4212 3158 4281 λέγει,
3216 4217 3311 4269 καὶ
3366 4218 3581 4285 ίδικῶς·

2005 4293 2164 4348 τοῦτο
2192 4294 2248 4347 δέ
2280 4296 2396 4348 ἐστι
2442 4296 2755 4358 διαθέσεως.
2795 4295 3023 4365 Ὀργὴν,
3075 4298 3293 4366 θυμὸν,
3340 4305 3579 4369 κακίαν,

1999 4378 2423 4448 βλασφημίαν,
2492 4380 2927 4447 αίσχρολογίαν
2979 4379 3047 4432 ἐκ
3124 4380 3229 4434 τοῦ
3286 4386 3581 4454 στόματος

2004 4460 2190 4530 ὑμῶν.
2239 4460 2338 4527 Μὴ
2391 4461 2693 4529 ψεύδεσθε
2729 4465 2817 4527 είς
2865 4461 3201 4529 ἀλλήλους.
3245 4468 3581 4536 Αίσχρολο-

2002 4544 2162 4612 γίαν,
2201 4544 2387 4614 φησιν,
2423 4545 2493 4598 ἐκ
2527 4544 2633 4598 τοῦ
2659 4546 2960 4613 στόματος
2992 4544 3180 4613 ὑμῶν,
3206 4547 3575 4618 ἐμφαντικῶς,

2001 4625 2082 4679 ὅτι
2114 4627 2244 4679 αὐτὸ
2288 4628 2467 4697 ρυποῖ.
2500 4626 3000 4695 Ἀπεκδυσάμενοι
3050 4628 3155 4681 τὸν
3184 4632 3447 4687 παλαιὸν
3477 4637 3579 4688 ἄν·

2002 4712 2238 4778 θρωπον
2258 4710 2381 4764 σὺν
2408 4709 2538 4775 ταῖς
2569 4710 2862 4778 πράξεσιν
2883 4712 3092 4776 αὐτοῦ,
3119 4714 3217 4767 καὶ
3247 4716 3579 4787 ἐνδυσάμε-

2006 4810 2099 4847 νοι
2134 4793 2241 4846 τὸν
2281 4794 2423 4847 νέον
2458 4793 2566 4847 τὸν
2596 4794 3108 4864 ἀνακαινούμενον
3134 4802 3222 4862 εις
3251 4798 3579 4868 ἐπίγνωσιν

2002 4877 2131 4929 κατ’
2165 4878 2371 4931 είκόνα
2408 4878 2514 4931 τοῦ
2544 4878 2867 4943 κτίσαντος
2901 4880 3108 4932 αὐτόν.
3140 4880 3323 4945 ’Ἄξιον
3346 4885 3577 4939 ἐνταῦθα

2000 4956 2253 5029 ζητῆσαι,
2286 4958 2340 5013 τί
2396 4961 2594 5032 δήποτε
2653 4961 2786 5030 μέλη
2835 4961 2929 5014 καὶ
2958 4961 3244 5031 ἄνθρωπον
3272 4967 3367 5019 καὶ
3413 4968 3573 5037 σῶμα

1999 5042 2154 5095 καλεῖ
2184 5043 2276 5097 τὸν
2303 5044 2703 5114 διεφθαρμένον
2730 5044 2862 5114 βίον,
2895 5045 2990 5097 καὶ
3015 5045 3106 5098 τὸν
3131 5049 3385 5118 ἐνάρετον
3414 5054 3576 5107 πάλιν

1997 5125 2059 5178 τὸ
2093 5126 2243 5180 αὑτό.
2281 5126 2391 5180 Καὶ
2418 5128 2466 5180 εί
2495 5129 2525 5180 6
2567 5127 2851 5197 ἄνθρωπός
2888 5129 3026 5181 εἰσιν
3050 5131 3105 5182 αἱ
3144 5131 3430 5202 ἁμαρτίαι.
3456 5137 3575 5201 πῶς

1998 5226 2153 5277 φησι,
2187 5210 2312 5263 Σὺν
2338 5209 2469 5275 ταῖς
2498 5209 2796 5277 πράξεσιν
2824 5211 3010 5265 αὑτοῦ
3032 5228 3052 5275 ;
3078 5213 3257 5279 Ἂπαξ
3299 5216 3408 5287 γὰρ
3452 5215 3574 5273 εἶπε

1996 5291 2222 5345 παλαιὸν
2244 5292 2547 5360 ἄνθρωπον,
2578 5292 2758 5357 δείξας
2796 5294 2878 5345 ὅτι
2908 5295 2970 5347 ού
2998 5294 3154 5348 τοῦτό
3180 5298 3327 5349 ἐστιν
3362 5299 3574 5370 ἄνθρω-

1995 5393 2116 5438 πος,
2148 5376 2259 5428 ἀλλ’
2286 5378 2482 5441 ἐκεῖνο,
2504 5376 2616 5445 Τῆς
2642 5378 2748 5447 γὰρ
2771 5378 3005 5447 οὐσίαςή
3033 5380 3351 5449 προαίρεσις
3375 5400 3574 5453 κυριω-

1992 5459 2148 5529 τέρα,
2182 5462 2274 5513 ml
2299 5459 2457 5513 τοῦτο
2480 5461 2677 5532 μᾶλλον
2702 5461 3007 5532 ἄνθρωπος,
3042 5462 3073 5532 ἢ
3108 5465 3306 5520 ἐκεῖνο.
3335 5467 3411 5519 Ού
3461 5468 3572 5541 γὰρ

1997 5808 2037 5859 Ε
2067 5746 2083 5768 ⁸
2109 5748 2286 5809 Verba,
2321 5750 2463 5799 Ἀ))ὰ
2493 5751 2562 5811 τὸ,
2604 5748 2709 5799 Ἐπὶ
2744 5757 2842 5811 γῆς,
2886 5763 2947 5798 ex
2974 5750 3110 5800 codd.
3160 5754 3384 5814 suppleta
3428 5762 3561 5805 sum.

2039 5823 2134 5859 ωτι

2039 5823 2134 5859 οη.
