4148 6402
527 410 636 465 233

529 523 563 591 ή
615 519 772 573 οὑσία
824 518 1083 588 ἐμΰάλλει
1134 520 1215 581 εἰς
1260 519 1504 587 γέενναν,
1540 518 1662 571 οὑδέ
1696 519 1776 580 εἰς
1827 515 2101 582 βασιλείαν

528 610 757 675 εἰσάγει,
813 606 928 659 ἀλλ’
982 606 1121 675 αὑτὴ
1160 609 1194 677 ή
1249 608 1585 678 προαίρεσις,
1617 608 1712 659 καὶ
1747 606 1936 659 οὑδένα
1979 603 2102 657 οὑτε

531 696 812 766 φιλοῦμεν,
863 694 987 747 οὔτε
1026 694 1291 765 μισοῦμεν
1426 694 1729 765 ἄνθρωπος,
1776 694 1889 747 ἀλλ’
1992 712 2102 747 τοι·

529 788 652 839 όσδε
677 787 979 856 ἄνθρωπος.
1006 789 1069 840 Εἰ
1096 788 1320 856 τοίνυνή
1349 788 1447 857 μὲν
1470 788 1630 841 οὐσία
1652 789 1712 839 τὸ
1742 788 1902 857 σῶμά
1932 789 2099 850 ἐστιν,

532 875 670 944 αὕτη
699 876 757 927 δὲ
791 874 1162 938 ἀνυπεύθυνος
1189 877 1248 929 ἐν
1274 875 1577 945 ἑκατέροις,
1618 874 1733 939 πῶς
1770 876 1906 929 αὑτὸ
1932 878 2100 931 κακὸν

529 959 667 1017 εἷναί
701 979 836 1033 φησι
854 980 869 1030 ;

605 1141 671 1211 β’.
697 1143 761 1195 Τί
782 1141 838 1196 δέ
866 1160 1018 1214 φησι,
1042 1144 1167 1197 Σὺν
1193 1143 1319 1209 ταῖς
1343 1144 1597 1214 πράξεσι
1615 1160 1634 1208 ;
1652 1145 1763 1216 Τὴν
1781 1148 2099 1217 προαίρεσιν

532 1234 673 1305 μετά
692 1235 801 1286 τῶν
828 1235 1023 1303 ἔργων.
1054 1234 1287 1287 Παλαιὸν
1318 1235 1373 1288 δὲ
1396 1236 1558 1288 αὑτὸν
1591 1237 1765 1302 καλεῖ,
1789 1238 1851 1289 τὸ
1876 1239 2099 1309 αἰσχρὸν

528 1322 694 1375 αὑτοῦ
751 1322 1073 1391 βουλόμενος
1136 1322 1306 1386 δεῖξαι
1356 1324 1449 1375 καὶ
1502 1324 1561 1374 τὸ
1618 1324 1857 1388 δυσειδὲς
1901 1326 1996 1377 καὶ
2039 1326 2099 1378 τὸ

529 1409 858 1480 ἠσθενηκός·
903 1411 999 1463 καὶ
1042 1411 1183 1473 νέον,
1224 1411 1344 1463 άντὶ
1376 1411 1493 1475 τοῦ,
1526 1412 1617 1481 Μὴ
1668 1414 2096 1484 προσδοκήσητε,

529 1497 715 1566 φησὶν,
747 1497 827 1549 ὅτι
856 1498 950 1550 καὶ
975 1491 1127 1560 οὗτος
1158 1498 1219 1550 τὸ
1245 1499 1377 1550 αὐτὸ
1408 1499 1676 1563 πείσεται,
1715 1500 1851 1553 ἀλλά
1878 1503 2099 1553 τούναν-

528 1586 672 1637 τίονο
713 1585 822 1654 ὅσῳ
846 1584 953 1654 γὰρ
984 1584 1049 1643 ἂν
1075 1586 1263 1658 προΐῃ,
1297 1586 1358 1638 οὑ
1410 1585 1545 1655 πρὸς
1588 1587 1763 1657 γῆρας
1794 1588 2096 1657 ἐπείγεται,

529 1672 664 1725 ἀλλά
699 1672 831 1741 πρὸς
858 1672 1083 1741 νεότητα
1121 1673 1339 1742 μείζονα
1362 1673 1461 1742 τῆς
1482 1675 1773 1743 προτέρας.
1799 1675 1964 1728 Ὅταν
1989 1677 2097 1748 γὰρ

529 1762 745 1813 πλείονα
783 1760 922 1831 λάϐῃ
973 1760 1071 1831 τὴν
1120 1760 1343 1828 γνῶσιν,
1393 1763 1486 1814 καὶ
1534 1761 1792 1831 μειζόνων
1830 1762 2097 1830 ἀξιοῦται,

528 1847 626 1898 καὶ
679 1846 876 1917 μᾶλλον
907 1847 1166 1917 ἀκμάζει,
1222 1849 1316 1901 καὶ
1368 1850 1568 1917 μᾶλλον
1621 1850 1817 1919 ἰσχύει,
1862 1852 1964 1904 οὑκ
1989 1853 2097 1905 ἀπὸ

525 1936 625 2002 τῆς
648 1936 896 2003 νεότητος
924 1936 1104 2005 μόνον,
1133 1937 1269 1989 ἀλλά
1292 1938 1384 1988 καὶ
1407 1936 1498 1988 τοῦ
1520 1937 1692 1999 εἴδους
1715 1938 1852 2007 πρὸς
1878 1938 1905 1991 ὅ
1927 1942 2094 1993 ἐστιν.

539 2022 670 2075 Ἰδοὺ
704 2023 933 2092 κτίσιςή
963 2024 1157 2095 ἀρίστη
1193 2023 1438 2078 πολιτεία
1470 2024 1707 2094 λέγεται.
1742 2026 1879 2081 Κατ’
1911 2027 2097 2082 εἰκόνα

524 2111 762 2180 Χριστοῦ
787 2127 799 2138 ·
858 2110 1017 2164 τοῦτο
1066 2112 1175 2181 γάρ
1232 2113 1369 2174 ἐστι,
1404 2114 1542 2167 Κατ’
1582 2117 1789 2170 εἰκόνα
1824 2116 1933 2169 τοῦ
1968 2117 2096 2169 κτί-

524 2214 753 2264 σαντος
776 2201 990 2253 αὐτόν·
1050 2201 1173 2253 ἐπεὶ
1198 2203 1293 2255 καὶ
1337 2203 1366 2254 ό
1409 2202 1641 2272 Χριστὸς
1666 2203 1727 2255 οὑ
1758 2202 1897 2273 πρὸς
1920 2203 2098 2273 γῆρας

524 2287 895 2358 ἐτελεύτησεν,
925 2288 1039 2341 ἀλλ’
1066 2287 1239 2350 οὕτως
1264 2285 1332 2359 ἦν
1363 2290 1547 2355 καλὸς,
1586 2290 1662 2353 ὡς
1698 2291 1833 2360 μηδὲ
1858 2287 1995 2344 εἶναι
2020 2292 2099 2345 ει-

524 2380 666 2428 πεῖν.
693 2377 883 2429 Ὅπου
909 2379 1019 2430 οὐκ
1045 2377 1136 2430 ἐνι
1158 2378 1396 2444 ’Ἕλλην
1432 2378 1530 2431 καὶ
1593 2378 1902 2444 Ἰουδαῖος,
1936 2395 2099 2447 περι-

524 2463 674 2532 τομὴ
710 2464 809 2515 καί
861 2464 1252 2531 ἀκροϐυστία,
1299 2463 1625 2533 βάρϐαρος,
1667 2466 1924 2533 Σκύθης,
1953 2467 2095 2521 δοῦ-

521 2556 655 2617 λος,
687 2552 1024 2620 ἐλεύθερος,
1057 2553 1220 2607 ἀλλὰ
1270 2553 1344 2607 τὰ
1396 2554 1615 2617 πάντα,
1673 2554 1775 2607 καὶ
1830 2556 1900 2608 ὲν
1946 2555 2096 2610 πᾶσι

523 2642 796 2706 Χριστός.
834 2641 966 2694 Ἰδοὺ
1010 2642 1192 2712 τρίτον
1224 2639 1500 2711 ἐγκώμιον
1530 2641 1625 2694 τοῦ
1656 2641 1846 2713 ἀνδρὸς
1878 2643 2092 2709 τούτου,

520 2728 650 2781 ὃταν
683 2731 821 2799 μήτε
852 2728 1056 2793 ἔθνους,
1095 2731 1233 2800 μήτε
1276 2729 1605 2799 ἀξιώματος,
1646 2731 1783 2800 μήτε
1812 2732 2095 2802 προγόνων

518 2817 753 2887 διαφορά
783 2818 1190 2887 ἐπεισέρχηται,
1222 2819 1351 2871 ὅταν
1380 2818 1477 2892 ἔχῃ
1524 2818 1636 2871 τῶν
1674 2818 1871 2883 ἔξωθεν
1905 2819 2091 2890 μηδὲν,

524 2905 657 2975 μηδέ
686 2905 870 2970 δέηται
900 2905 1103 2959 τούτων
1124 2922 1138 2934 °
1169 2905 1395 2959 τοιαῦτα
1427 2905 1535 2976 γὰρ
1562 2905 1739 2959 πάντα
1765 2906 1834 2960 τά
1872 2905 2091 2972 ἔξωθεν.

522 2992 799 3062 Περιτομὴ
828 2993 923 3046 καὶ
967 2993 1333 3063 ἀκροϐυστία·
1391 2993 1597 3058 δοῦλος,
1637 2993 1941 3065 ἐλεύθερος,
1968 2995 2094 3047 ’Έλ-

520 3080 637 3151 λην,
665 3081 933 3145 τουτέστι,
964 3080 1332 3150 προσήλυτος’
1366 3081 1462 3134 καὶ
1493 3080 1761 3143 Ἰουδαῖος,
1790 3080 2089 3147 τουτέστιν,

520 3170 584 3222 ἐκ
619 3169 917 3238 προγόνων.
945 3170 1041 3221 Ἂν
1080 3166 1267 3222 τοῦτον
1296 3168 1424 3241 ἔχῃς
1455 3168 1606 3241 [382]
1636 3169 1813 3239 μόνον,
1841 3169 1950 3221 τῶν
1995 3171 2093 3224 αὑ-

517 3259 626 3311 τῶν
678 3258 930 3329 ἐπιτεύξῃ
963 3261 1078 3321 τοῖς
1113 3258 1311 3321 ἄλλοις,
1362 3260 1475 3322 τοῖς
1515 3257 1747 3328 ἔχουσιν.
1786 3259 1971 3313 Ἀλλὰ
2021 3261 2094 3315 τὰ

520 3348 737 3407 πάντα,
779 3346 877 3399 καὶ
924 3347 992 3399 ἐν
1024 3344 1195 3407 πᾶσι,
1245 3346 1431 3414 φησὶν,
1482 3348 1771 3415 Χριστός·
1820 3349 2088 3409 τουτέστι,

519 3433 701 3488 Πάντα
725 3433 852 3501 ὑμῖν
879 3434 907 3485 6
942 3433 1174 3502 Χριστὸς
1203 3432 1376 3493 ἔσται,
1411 3432 1504 3486 καὶ
1533 3432 1746 3505 ἀξίωμα
1784 3438 1880 3488 καὶ
1912 3437 2089 3505 γένος,

518 3521 613 3573 καὶ
648 3522 705 3572 ἐν
728 3522 896 3572 πᾶσιν
952 3522 1079 3591 ὑμῖν
1105 3521 1378 3583 αὑτός.Ἦ
1427 3520 1612 3590 ἔτερόν
1662 3521 1715 3575 τί
1770 3540 1956 3591 φησιν,
2008 3524 2091 3577 ὅτι

517 3608 726 3670 Πάντες
758 3608 989 3678 Χριστὸς
1042 3602 1125 3672 εἷς
1173 3608 1445 3677 ἐγένεσθε,
1502 3608 1662 3679 σῶμα
1705 3610 1869 3663 αὑτοῦ
1916 3611 2087 3674 ὄντες.

528 3698 901 3751 Ἐνδύσασθε
954 3692 1087 3761 οὗν,
1122 3696 1204 3761 ὡς
1254 3696 1525 3749 ἐκλεκτοὶ
1556 3697 1662 3750 τοῦ
1704 3697 1875 3760 Θεοῦ,
1933 3698 2091 3767 ἅγιοι

516 3783 617 3835 καὶ
644 3782 1041 3851 ἠγαπημένοι.
1094 3782 1168 3837 Τὸ
1201 3783 1419 3837 εὔκολον
1459 3784 1698 3838 δείκνυσι
1734 3783 1836 3853 τῆς
1863 3786 2087 3857 ἀρετῆς,

516 3872 655 3925 ὥστε
682 3874 775 3926 καὶ
806 3873 1066 3943 διηνεκῶς
1099 3874 1270 3943 αὑτὴν
1312 3872 1477 3944 ἔχειν,
1511 3875 1603 3926 καὶ
1628 3874 1768 3928 ὥστε
1804 3874 1880 3939 ὡς
1934 3875 2090 3946 μεγί-

519 3979 627 4031 στῳ
658 3961 846 4029 κόσμῳ
878 3959 1197 4030 κεχρῆσθαι.
1231 3962 1340 4013 Kal
1368 3961 1484 4031 μετ’
1511 3963 1786 4032 ἐγκωμίου
1816 3965 1849 4033 ἡ
1886 3963 2089 4034 παραι-

518 4065 661 4110 νεσις
682 4064 696 4077 ο
737 4048 857 4099 τότε
880 4048 986 4117 γὰρ
1012 4047 1244 4117 μάλιστα
1270 4047 1462 4118 ἰσχύει.
1482 4048 1757 4116 Ἐγένοντο
1786 4050 1893 4121 γὰρ
1918 4050 2086 4118 ἅγιοι,

514 4135 628 4187 ἀλλ’
656 4135 756 4187 οὑκ
784 4134 1062 4187 ἐκλεκτοί’
1099 4135 1218 4188 νυνὶ
1264 4135 1323 4188 δὲ
1372 4136 1470 4189 καὶ
1500 4137 1747 4190 ἐκλεκτοὶ
1794 4138 1889 4189 καὶ
1942 4138 2088 4205 ἆγιοι

514 4223 609 4273 καὶ
652 4220 1020 4291 ἠγαπημένοι.
1056 4220 1384 4291 Σπλάγχνα
1419 4224 1745 4293 οἰκτιρμοῦ.
1781 4225 1897 4277 Ούκ
1934 4221 2088 4278 εἶπεν

513 4309 681 4372 ἔλεον,
710 4308 825 4361 ἀλλ’
877 4307 1353 4380 ἐμφαντικώτερον
1383 4310 1471 4364 διά
1514 4311 1624 4362 τῶν
1672 4312 1783 4366 δύο.
1828 4313 1939 4365 Kal
1984 4314 2085 4365 οὑκ

513 4394 683 4460 εἶπεν,
716 4397 797 4449 ὅτι
822 4396 897 4458 ὡς
927 4396 1171 4464 ἀδελφοῖς
1201 4395 1342 4449 οὕτω
1367 4397 1695 4451 διατίθεσθαι
1727 4397 1828 4460 δεῖ,
1859 4396 1977 4451 ἀλλ’
2009 4398 2085 4462 ὡς

514 4485 671 4537 παισί
715 4485 969 4555 πατέρες.
1116 4484 1223 4554 γάρ
1251 4501 1339 4554 μοι
1370 4484 1551 4555 εἴπῃς,
1577 4485 1659 4537 ὅτι
1679 4485 1895 4556 ἥμαρτε
1921 4500 1935 4515 ·
1994 4484 2083 4538 διά

512 4572 669 4625 τοῦτο
703 4567 824 4623 εἷπε
855 4570 1198 4639 σπλάγχνα.
1258 4572 1369 4624 Kal
1422 4573 1523 4625 οὑκ
1554 4568 1728 4636 εἶπεν,
1777 4573 2081 4644 οἰκτιρμὸν,

516 4659 599 4711 ἵνα
624 4660 697 4729 μὴ
720 4659 958 4721 ἐκείνους
978 4658 1305 4730 ἐξευτελίσῃ,
1335 4658 1489 4723 ἀλλὰ,
1513 4660 1853 4730 Σπλάγχνα
1868 4664 2084 4729 οἰκτιρ-

506 4748 645 4817 μοῦ.
682 4749 1086 4815 Χρηστότητα,
1140 4750 1720 4817 ταπεινοφροσύνην,
1757 4749 2080 4816 πραότητα,

507 4837 921 4903 μακροθυμίαν
943 4850 956 4862 ο
992 4835 1342 4904 ἀνεχόμενοι
1369 4835 1677 4900 ἀλλήλων,
1711 4836 1806 4889 καὶ
1846 4837 2078 4905 χαριζό-

505 4940 677 4991 μενοι
709 4921 964 4987 ὲαυτοῖς,
1003 4922 1111 4975 ἐάν
1140 4940 1232 4987 τις
1287 4925 1437 4991 πρός
1470 4940 1604 4977 τινα
1642 4924 1753 4991 ἔχῃ
1796 4925 2075 4995 μομφήν·

510 5011 701 5076 καθὼς
733 5010 831 5063 καὶ
857 5013 889 5064 ό
918 5013 1172 5080 Χριστὸς
1200 5015 1524 5082 ἐχαρίσατο
1557 5013 1720 5083 ὑμῖν,
1772 5015 1925 5068 οὕτω
1980 5015 2082 5069 καὶ

508 5100 698 5169 ί’μεῖς.
726 5100 892 5152 Πάλιν
923 5103 1041 5155 κατ’
1070 5101 1206 5166 εἶδος
1237 5102 1415 5171 λέγει·
1448 5102 1556 5155 ἀπὸ
1581 5102 1945 5172 χρηστότητος
1971 5105 2080 5174 γὰρ

508 5188 994 5259 ταπεινοφροσύνη,
1049 5193 1143 5244 καὶ
1176 5193 1282 5243 ἀπὸ
1314 5190 1513 5260 ταύτης
1562 5190 1929 5261 μακροθυμία.
1965 5191 2081 5244 Ἀν-

508 5283 803 5362 εχόμενοι,
834 5280 1020 5347 φησιν,
1068 5279 1378 5345 ἀλλήλων,
1407 5277 1675 5339 τουτέστι,
1708 5278 2076 5348 παραπεμπό-

513 5350 680 5440 μενδι.
712 5371 823 5423 Kal
852 5369 952 5441 ὅρα
988 5370 1105 5431 πῶς
1133 5370 1265 5421 αὑτὸ
1314 5368 1464 5421 οὐδὲν
1493 5366 1681 5431 ἔδειξε,
1733 5368 1953 5439 μομφὴν
1980 5385 2079 5421 κα-

507 5461 687 5521 λέσας.
724 5454 856 5511 Εἶτα
884 5458 1107 5525 ἐπάγει·
1160 5454 1362 5521 Καθὼς
1395 5455 1493 5508 καὶ
1526 5458 1558 5509 ό
1588 5454 1836 5523 Χριστός
1883 5456 2080 5523 ἐχαρί-

508 5564 658 5601 σατο
692 5547 854 5616 ὑμῖν.
906 5547 1063 5613 Μέγα
1096 5545 1156 5598 τὸ
1205 5544 1537 5613 ὑπόδειγμα*
1591 5545 1727 5611 ὅπερ
1783 5544 1870 5596 del
1913 5547 2074 5607 ποιεῖ,

509 5636 615 5687 ἀπὸ
642 5635 733 5687 τοῦ
763 5633 997 5704 Χριστοῦ
1026 5632 1346 5711 προτρέπων
1365 5631 1582 5694 αὑτούς.
1611 5631 1889 5700 Μομςςὴν,
1919 5633 2075 5701 φησί.

524 5724 670 5777 Ἐκεῖ
701 5726 799 5794 μὲν
828 5725 1019 5793 μικρὸν
1042 5723 1176 5776 αὐτὸ
1204 5720 1401 5785 ἔδειξεν
1428 5735 1441 5746 ’
1478 5722 1566 5772 ὅτε
1595 5718 1732 5771 δὲτὸ
1766 5718 2074 5788 ὑπόδειγμα

510 5814 849 5883 παρήγαγεν,
886 5814 1098 5866 ἔπεισεν
1130 5814 1208 5866 ὅτι
1253 5810 1354 5864 κᾶν
1390 5809 1598 5880 μεγάλα
1650 5807 1862 5879 ἔχωμεν
1908 5806 2076 5874 ἐγκα-

1201 406 1258 460 S.
1297 403 1579 461 JOANNIS
1613 399 2094 457 CHRYSOSTOMI
2133 398 2451 455 ABCIIIEP.
2488 403 3036 461 CONSTANTINOP.

3664 412 3768 466 55,5

2205 514 2335 577 λεῖν,
2387 516 2467 567 δεῖ
2502 517 2838 588 χαρίζεσθαι.
2874 518 2947 570 Τὸ
2978 519 3109 588 γὰρ,
3164 519 3362 585 Καθὼς
3412 525 3445 575 ό
3494 524 3766 591 Χριστός,

2203 604 2359 657 τοῦτο
2388 606 2673 675 σημαίνει·
2712 606 2806 658 καὶ
2832 609 2892 659 ού
2927 607 3083 660 τοῦτο
3118 608 3299 677 μόνον,
3330 608 3443 661 ἀλλ’
3473 610 3555 662 ὅτι
3590 613 3682 663 καὶ
3710 610 3771 675 ἐξ

2200 693 2330 763 ὅλης
2365 695 2616 763 καρδίας·
2653 697 2745 749 καὶ
2769 697 2829 749 οὑ
2874 696 3033 749 τοῦτο
3068 699 3245 767 μόνον,
3286 700 3399 751 ἀλλ’
3428 701 3509 753 ὅτι
3542 701 3637 753 καὶ
3678 718 3769 769 φι-

2205 781 2318 835 λεῖν
2347 782 2445 836 δεῖ.
2479 784 2535 835 '0
2592 784 2699 855 γὰρ
2749 786 2983 855 Χριστὸς
3026 787 3299 857 εἰσαχθεὶς
3348 790 3427 851 εἰς
3474 789 3534 841 τὸ
3584 789 3765 857 μέσον,

2201 876 2381 930 πάντα
2404 875 2614 944 εἰσάγει
2636 877 2836 931 ταῦτα·
2878 880 2971 933 καὶ
3001 880 3083 934 ὃτι
3111 881 3213 935 κᾶν
3248 882 3456 950 μεγάλα
3482 876 3539 952 ᾖ,
3563 879 3663 933 κᾶν
3695 878 3769 950 μὴ

2201 963 2631 1035 προηδικηκότες
2681 965 2957 1037 τύχωμεν,
3010 968 3113 1022 κᾶν
3164 971 3325 1039 ἡμεῖς
3375 969 3472 1039 μὲν
3521 968 3767 1039 μεγάλοι,

2200 1052 2396 1105 ἐκεῖνοι
2430 1052 2487 1104 δὲ
2537 1054 2741 1123 μικροὶ,
2783 1057 2887 1111 κᾶν
2923 1055 3191 1125 μέλλωσιν
3224 1057 3470 1126 ὑϐρίζειν
3499 1057 3648 1127 ἡμᾶς
3676 1057 3771 1109 καὶ

2203 1141 2339 1210 μετὰ
2362 1142 2559 1205 ταῦτα,
2601 1144 2696 1197 καὶ
2739 1145 2821 1196 ὅτι
2852 1144 2952 1215 τὴν
2978 1143 3155 1214 ψυχὴν
3174 1143 3255 1197 δεῖ
3280 1144 3421 1215 ὑπὲρ
3447 1142 3626 1196 αὑτῶν
3655 1144 3769 1197 θεῖ-

2196 1246 2323 1284 ναι·
2369 1232 2430 1285 τὸ
2474 1233 2603 1303 γὰρ,
2653 1232 2880 1298 Καθὼς,
2907 1232 3079 1286 ταῦτα
3112 1234 3360 1286 ἀπαιτεῖσ
3406 1232 3499 1285 καὶ
3538 1235 3618 1286 ὅτι
3649 1233 3767 1286 οὑδὲ

2200 1320 2360 1389 μέχρι
2396 1320 2625 1372 Θανάτου
2680 1323 2839 1390 μόνον
2872 1322 3062 1391 στῆναι
3094 1321 3197 1385 δεῖ,
3249 1320 3386 1383 ἀλλ’,
3429 1322 3479 1373 εἰ
3520 1321 3765 1384 δυνατὸν,

2196 1409 2290 1462 καὶ
2320 1409 2460 1479 μετά
2486 1410 2681 1464 ταῦτα.

2278 1586 2410 1640 Ἐπὶ
2447 1587 2598 1643 πᾶσι
2629 1589 2697 1643 δὲ
2746 1589 2978 1655 τούτοις
3024 1588 3141 1656 τὴν
3166 1586 3426 1657 ἀγάπην,
3475 1586 3605 1653 ἥτις
3634 1584 3767 1639 ἐστί

2196 1676 2539 1745 σύνδεσμος
2562 1676 2675 1744 τῆς
2702 1679 3094 1743 τελειότητος.
3127 1678 3291 1747 Ὀρᾷς
3317 1677 3397 1729 ὅτι
3421 1674 3576 1729 τοῦτο
3597 1674 3762 1741 λέγει.
3874 1708 3877 1719 λ

2210 1764 2427 1834 Ἐπειδὴ
2457 1764 2565 1836 γὰρ
2607 1765 2686 1818 ἔνι
2712 1765 3069 1836 χαριζόμενον
3102 1766 3175 1835 μὴ
3228 1764 3423 1833 φιλεῖν,
3453 1761 3577 1826 Ναὶ,
3609 1762 3763 1832 φησὶ,

2197 1852 2289 1904 καὶ
2317 1852 2511 1919 φιλεῖν,
2568 1855 2663 1907 καὶ
2710 1852 2829 1905 ὁδὸν
2861 1853 3123 1916 δείκνυσι,
3154 1853 3221 1906 δι’
3254 1847 3323 1923 ἧς
3349 1850 3570 1906 δυνατὸν
3608 1851 3765 1920 χαρί-

2198 1938 2405 2003 ζεσθαι.
2432 1940 2588 1993 Ἐστι
2622 1939 2732 2010 γὰρ
2765 1942 2860 1994 καὶ
2893 1942 3128 2012 χρηστὸν
3156 1937 3294 1993 εἶναί
3323 1957 3445 1993 τινα
3474 1939 3568 1992 καὶ
3590 1940 3763 2007 πρᾶον

2196 2030 2292 2082 καὶ
2321 2028 2722 2099 ταπεινόφρονα
2747 2030 2841 2082 καὶ
2873 2028 3244 2100 μακρόθυμον,
3286 2027 3379 2080 καὶ
3430 2026 3503 2096 μὴ
3556 2024 3760 2077 ποθεῖν.

2195 2118 2286 2168 Διὸ
2316 2116 2621 2186 ἀρχόμενος
2644 2112 2784 2175 εἷπε,
2811 2117 3139 2183 Σπλάτχνα
3154 2113 3476 2182 οἰκτιρμοῦ,
3508 2113 3601 2166 καὶ
3630 2111 3765 2179 ἀγά-

2196 2221 2327 2273 πην,
2360 2203 2455 2256 καὶ
2504 2202 2671 2256 ἔλεον.
2708 2204 2839 2257 Ἑπί
2885 2202 3037 2259 πᾶσι
3077 2203 3147 2256 δὲ
3195 2203 3425 2267 τούτοις
3470 2199 3586 2268 τὴν
3620 2198 3765 2270 ἀνά-

2195 2305 2338 2359 πην,
2368 2290 2501 2357 ἣτις
2539 2290 2669 2344 ἐστί
2709 2291 3054 2359 σύνδεσμος
3101 2288 3211 2356 τῆς
3262 2288 3649 2355 τελειότητος.
3696 2287 3764 2339 Ὃ

2194 2378 2252 2431 δὲ
2277 2376 2420 2431 θέλει
2450 2378 2645 2440 εἰπεῖν,
2676 2376 2835 2431 τοῦτό
2864 2380 3032 2437 ἐστιν.
3065 2378 3146 2431 ὅτι
3174 2376 3345 2432 Οὐδὲν
3379 2376 3603 2429 ἐκείνων
3629 2374 3761 2442 ὄφε-

2194 2465 2285 2529 λος
2308 2482 2322 2496 °
2364 2465 2640 2520 διαλύεται
2667 2466 2782 2535 γὰρ
2807 2466 2986 2519 πάντα
3014 2467 3218 2530 ἐκεῖνα,
3258 2465 3324 2519 ἂν
3350 2463 3426 2534 μὴ
3456 2463 3592 2533 μετά
3622 2462 3763 2530 ἀγά-

2196 2571 2305 2625 πης
2338 2554 2576 2624 γίνηται.
2636 2557 2820 2610 Πάντα
2872 2556 3054 2609 ἐκεῖνα
3083 2554 3222 2623 αὑτη
3270 2552 3590 2620 συσφίγγει·
3624 2551 3765 2621 ὅπερ

2196 2644 2264 2697 ἂν
2296 2643 2457 2715 εἴπης
2482 2645 2709 2712 ἀγαθὸν,
2736 2644 2939 2715 ταύτης
2962 2642 3228 2713 ἀπούσης,
3256 2642 3407 2695 οὐδέν
3428 2643 3595 2704 ἐστιν,
3626 2638 3764 2695 ἀλλά

2193 2732 2423 2805 διαρρεῖ.
2454 2735 2562 2785 Καὶ
2591 2733 2649 2785 ὃν
2676 2732 2876 2802 τρόπον
2905 2732 2997 2784 ἐπὶ
3022 2731 3231 2794 πλοίου,
3262 2730 3367 2783 κᾶν
3395 2719 3605 2798 μεγάλα
3630 2722 3664 2799 ᾗ
3693 2727 3763 2781 τὰ

2196 2821 2386 2890 σκεύη,
2418 2818 2568 2890 [585]
2602 2819 2670 2872 τὰ
2694 2819 2752 2872 δὲ
2791 2817 3126 2885 ὑποζώματα
3160 2817 3233 2888 μὴ
3267 2813 3324 2889 ᾗ,
3360 2817 3510 2869 οὐδὲν
3540 2815 3760 2884 ὄφελοςσ

2193 2908 2289 2962 καὶ
2317 2909 2409 2960 ἐπὶ
2429 2908 2605 2971 οἰκίας
2635 2907 2727 2960 ἐὰν
2760 2907 2833 2976 μὴ
2856 2900 2989 2959 ὦσιν
3037 2907 3093 2960 αἰ
3126 2904 3449 2975 ίμαντώσεις
3468 2921 3481 2934 ·
3531 2903 3627 2956 καὶ
3672 2902 3765 2956 ἐπὶ

2195 2994 2444 3065 σώματος
2481 2995 2584 3048 κᾶν
2639 2987 2915 3067 μεγάλαῇ
2953 2992 3023 3045 τὰ
3067 2992 3221 3057 ὀστᾶ,
3272 2991 3322 3045 οἱ
3360 2990 3416 3043 δὲ
3477 2990 3763 3059 σύνδεσμοι

2196 3083 2270 3153 μὴ
2306 3076 2459 3149 ὦσιν,
2492 3082 2643 3134 οὑδέν
2676 3080 2888 3150 ὄφελος.
2926 3076 3026 3133 Οἷα
3057 3080 3164 3151 γὰρ
3198 3079 3292 3132 ἐάν
3322 3095 3407 3141 τις
3436 3076 3536 3151 ἔχῃ
3568 3093 3763 3146 κατορ-

2194 3170 2440 3241 θώματα,
2476 3171 2654 3223 πάντα
2681 3168 2907 3240 φροῦδα,
2946 3169 3167 3239 ἀγάπης
3195 3166 3269 3237 μὴ
3301 3165 3485 3237 οὑσης.
3541 3166 3653 3219 Οὑκ
3682 3160 3764 3217 εἷ-

2193 3277 2314 3323 πεν,
2342 3259 2424 3312 δτι
2457 3263 2670 3329 κορυφή
2725 3259 2897 3322 ἐστιν,
2934 3256 3050 3310 ἀλλ’
3083 3256 3112 3309 ὃ
3171 3256 3354 3326 μεῖζόν
3380 3256 3517 3317 ἐστι,
3548 3254 3762 3308 σύνδε-

2191 3362 2375 3415 σμος·
2404 3346 2831 3415 ἀναγκαιότερον
2863 3343 3041 3406 τοῦτο,
3099 3344 3132 3413 ἢ
3182 3344 3374 3396 ἐκεῖνο.
3404 3342 3631 3413 Κορυφὴ
3662 3342 3761 3413 μὲν

2191 3435 2301 3505 γὰρ
2332 3435 2577 3497 ἐπίτασις
2607 3434 2962 3503 τελειότητος,
2998 3430 3289 3500 σύνδεσμος
3313 3430 3369 3484 δέ
3393 3431 3761 3500 συγκράτησις

2190 3522 2301 3576 τῶν
2327 3522 2424 3591 τὴν
2461 3522 2770 3592 τελειότητα
2807 3520 3124 3583 ποιούντων,
3155 3518 3412 3588 ὡσανείή
3465 3518 3608 3590 ῥίζα.
3649 3514 3757 3571 Καὶ

2189 3609 2228 3677 η
2267 3608 2473 3678 εἰρήνη
2499 3610 2605 3663 τοῦ
2633 3610 2781 3663 Θεοῦ
2821 3607 3158 3674 βραϐευέτω
3204 3605 3275 3659 ἐν
3310 3604 3435 3672 ταῖς
3486 3604 3756 3674 καρδίαις

2189 3696 2378 3765 ὑμῶν,
2424 3699 2511 3762 εἰς
2540 3696 2620 3764 ἢν
2648 3696 2748 3748 καί
2796 3695 3086 3763 ἐκλήθητε
3124 3695 3194 3747 ἐν
3225 3693 3451 3764 σώματι
3481 3692 3604 3746 ἑνίο
3657 3690 3759 3746 καὶ

2188 3783 2537 3851 εὐχάριστοι
2562 3782 2825 3852 γίνεσθε.

2260 3970 2329 4031 γ’.
2347 3963 2411 4015 Ἦ
2432 3963 2623 4033 εἰρήνη
2651 3960 2745 4013 τοῦ
2768 3959 2903 4014 Θεοῦ
2927 3961 2961 4031 ή
2987 3962 3264 4031 πεπηγυῖα
3287 3959 3381 4012 καὶ
3405 3958 3597 4030 βεϐαία
3617 3955 3755 4027 αὕτη

2189 4050 2353 4105 ἐστίν.
2382 4052 2478 4102 Ἂν
2519 4048 2617 4119 μὲν
2667 4047 2733 4100 δι’
2783 4046 3067 4118 ἄνθρωπον
3096 4046 3227 4117 ἔχῃς
3263 4047 3506 4117 εἰρήνην,
3541 4045 3751 4115 ταχέως

2189 4137 2501 4193 διαλύεται’
2550 4136 2724 4188 ἐὰνδὲ
2758 4135 2845 4189 διὰ
2888 4135 2981 4188 τὸν
3008 4134 3160 4197 Θεὸν,
3211 4134 3415 4187 οὐκέτι.
3460 4134 3653 4187 Καίτοι
3693 4135 3757 4186 τὸ

2189 4224 2477 4279 καθολικόν
2510 4218 2629 4275 εἷπε
2662 4223 2776 4291 τὴν
2801 4222 3066 4291 ἀγάπην,
3092 4221 3231 4275 ἀλλά
3264 4222 3425 4276 πάλιν
3453 4222 3545 4275 ἐπὶ
3568 4221 3627 4274 τὸ
3655 4220 3754 4273 ἰδι-

2191 4314 2286 4366 κὺν
2317 4312 2558 4382 ἔρχεται.
2592 4313 2745 4363 Ἔστι
2780 4312 2886 4381 γὰρ
2920 4312 3013 4363 καὶ
3061 4309 3298 4379 ἄμετρος
3356 4308 3567 4377 ἀγάπη,
3622 4301 3753 4372 οἷον,

2186 4402 2314 4455 ὅταν
2342 4399 2449 4452 ἀπὸ
2479 4398 2678 4466 πολλῆς
2705 4414 2789 4459 τις
2816 4398 3035 4467 ἀγάπης
3063 4397 3267 4468 ἐγκαλῇ
3302 4397 3445 4466 εἰκῆ,
3462 4396 3558 4449 καὶ
3580 4396 3755 4466 μάχας

2186 4488 2285 4561 ἔχῃ
2302 4489 2396 4541 καὶ
2416 4486 2849 4556 ἀποστρέφηται.
2869 4482 2967 4549 Οὒ,
2990 4485 3174 4553 φησιν,
3201 4485 3261 4537 οὑ
3290 4483 3444 4537 τοῦτο
3474 4483 3753 4552 βούλομαι,

2186 4575 2300 4630 ἀλλ’
2329 4573 2404 4636 ὡς
2432 4573 2685 4641 ἐποίησεν
2744 4572 2966 4641 εἰρήνην
2994 4570 3131 4641 πρὸς
3160 4571 3304 4639 ὑμᾶς
3334 4573 3363 4623 6
3409 4571 3560 4635 Θεὸς,
3614 4568 3755 4623 οὑτω

2188 4663 2279 4717 καὶ
2309 4664 2467 4732 ὑμεῖς
2500 4663 2719 4715 ποιεῖτε.
2754 4658 2877 4722 Πῶς
2904 4658 2960 4712 δέ
2988 4659 3271 4727 ἐποίησεν;
3306 4658 3476 4719 Αὐτὸς
3500 4657 3751 4727 θελήσας,

2185 4753 2244 4804 οὑ
2282 4751 2415 4822 παρ’
2454 4748 2611 4820 ήμῶν
2638 4766 2690 4801 τι
2730 4747 2928 4801 λαϐὼν.
2984 4746 3048 4799 Τί
3076 4748 3246 4811 ἐστιν,
3290 4746 3360 4799 Ἡ
3398 4744 3605 4812 εἰρήνη
3644 4744 3755 4797 τοῦ

2187 4839 2336 4893 Θεοῦ
2383 4836 2725 4907 βραϐευέτω
2762 4836 2833 4888 ἐν
2882 4833 3011 4900 ταῖς
3061 4833 3332 4901 καρδίαις
3382 4831 3588 4901 ὑμῶν;
3630 4831 3755 4885 Ἐὰν
3788 4835 3799 4853 '

2186 4926 2468 4997 μάχωνται
2523 4922 2775 4993 λογισμοὶ
2816 4921 2928 4985 δύο,
2986 4921 3059 4991 μὴ
3089 4922 3295 4991 στήσῃς
3329 4919 3418 4972 τὸν
3449 4919 3638 4987 θυμὸν,
3677 4918 3754 4988 μὴ

2185 5016 2385 5085 στήσῃς
2416 5014 2514 5083 τὴν
2543 5014 2804 5080 ἐπήρειαν
2834 5009 3166 5078 κατέχουσαν
3218 5008 3279 5059 τὸ
3314 5005 3585 5077 βραϐεῖον,
3618 5006 3752 5059 ἀλλά

2180 5101 2279 5172 τὴν
2302 5102 2526 5171 εἰρήνην
2547 5114 2558 5127 ·
2593 5093 2722 5160 οἷον,
2763 5097 2903 5150 ἕστω
2929 5114 3013 5159 τις
3050 5094 3330 5166 ὑϐρισθεὶς
3359 5093 3589 5155 ἀδίκωςο
3644 5093 3750 5145 ἀπὸ

2182 5192 2278 5260 τῆς
2311 5190 2520 5261 ὒῦρεως
2540 5189 2840 5259 ἐτέχθησαν
2860 5187 3112 5257 λογισμοὶ
3147 5184 3262 5251 δύο,
3314 5186 3343 5238 ὁ
3378 5184 3479 5252 μὲν
3514 5183 3749 5236 κελεύων

2181 5276 2512 5346 ἀμύνασθαι,
2555 5277 2582 5327 ὁ
2620 5276 2675 5327 δὲ
2705 5275 2969 5342 ἐνεγκεῖν,
3004 5273 3099 5325 καὶ
3126 5270 3446 5325 παλαίουσιν
3477 5269 3745 5341 ἀλλήλοις.

2194 5366 2320 5419 Ἐὰν
2362 5366 2395 5433 ἡ
2446 5363 2637 5433 εἰρήνη
2694 5360 2786 5413 τοῦ
2830 5360 2963 5414 Θεοῦ
3010 5361 3212 5431 ἑστήκῃ
3267 5357 3625 5429 βραϐεύουσα,
3672 5356 3751 5426 τῷ

2182 5452 2455 5507 κελεύοντι
2504 5449 2692 5521 φέρειν
2742 5448 2924 5502 δίδωσι
2970 5448 3031 5500 τὸ
3089 5447 3360 5517 βραϐεῖον,
3406 5446 3501 5499 καὶ
3556 5460 3749 5498 καται-

2185 5541 2369 5611 σχύνει
2418 5540 2639 5591 ἐκεῖνον.
2676 5536 2829 5600 Πῶς;
2876 5535 3145 5589 Πείθουσα
3191 5537 3270 5588 ὅτι
3309 5536 3337 5587 ὁ
3384 5534 3512 5597 Θεὸς
3557 5533 3747 5603 εἰρήνη

2181 5629 2348 5689 ἐστὶν,
2380 5626 2459 5678 ὅτι
2501 5626 2815 5695 εἰρήνευσεν
2846 5626 2995 5693 ἡμῖν.
3026 5624 3141 5693 Οὑχ
3165 5621 3351 5685 ἀπλῶς
3379 5622 3617 5675 δείκνυσι
3648 5635 3747 5670 πο-

2180 5717 2275 5769 λὺν
2321 5714 2410 5767 τὸν
2459 5712 2643 5780 ἀγῶνα
2690 5711 2785 5763 τοῦ
2821 5712 3160 5781 πράγματος.
3209 5711 3299 5779 Μὴ
3344 5709 3533 5777 θυμὸς,
3592 5705 3747 5775 φησὶ,

2183 5804 2514 5876 βραϐευέτω,
2565 5801 2638 5871 μὴ
2674 5800 2995 5870 φιλονεικία,
3039 5802 3113 5872 μὴ
3165 5800 3475 5869 ἀνθρωπίνη
3526 5798 3745 5869 είρήνη’
