4120 6400
307 310 410 366 555

307 436 496 492 corpus
517 428 672 474 vocet
694 418 856 474 vitam
884 427 1191 486 corruptam
1216 426 1269 470 et
1292 414 1636 483 depravatam
1656 429 1671 476 ;
1694 423 1749 467 et
1771 426 1887 465 rur-

308 532 396 569 sus
417 513 484 568 de
507 512 704 565 virtute
729 508 953 580 praedito
980 507 1224 562 similiter
1252 515 1393 575 agat.
1426 505 1493 559 Et
1511 505 1556 558 si
1585 508 1746 557 homo
1768 509 1894 555 sunt

308 616 541 678 peccata,
565 602 833 673 quomodo
854 600 1002 666 dicit,
1026 598 1154 655 Cum
1174 598 1366 652 actibus
1385 597 1531 651 suis?
1552 596 1726 653 Semel
1748 595 1890 649 enim

308 699 438 754 dixit
470 708 705 752 veterem
736 694 1007 749 hominem
1031 734 1046 759 ,
1078 691 1369 746 ostendens
1391 690 1533 761 quod
1561 688 1662 743 hoc
1691 703 1796 742 non
1825 687 1898 740 sit

311 791 490 856 homo,
518 789 613 844 sed
644 787 791 843 illud.
820 785 1069 840 Liberum
1105 784 1247 839 enim
1276 783 1440 837 animi
1468 782 1747 837 arbitrium
1776 794 1892 833 ma-

309 879 387 954 gis
412 884 621 938 obtinet
644 881 1003 952 principatum
1028 893 1187 947 quam
1214 876 1446 932 essentia
1470 891 1486 940 ;
1516 884 1571 930 et
1596 873 1698 928 hoc
1727 873 1897 942 magis

310 987 390 1030 est
420 974 616 1037 homo,
648 987 807 1043 quam
840 970 991 1025 illud.
1031 968 1148 1023 Non
1189 968 1331 1022 enim
1362 966 1597 1021 essentia
1638 965 1811 1034 injicit
1843 966 1899 1019 in

310 1065 634 1136 gehennam,
660 1078 834 1133 neque
865 1061 1070 1117 inducit
1094 1061 1148 1115 in
1175 1074 1420 1130 regnum,
1446 1059 1541 1113 sed
1568 1059 1741 1127 ipsum
1770 1058 1901 1112 libe-

316 1174 433 1213 rum
464 1157 742 1212 arbitrium
767 1172 783 1223 ;
811 1163 868 1210 et
892 1154 1160 1209 neminem
1186 1166 1462 1218 amamus,
1490 1164 1664 1220 neque
1689 1149 1901 1203 odimus

317 1259 576 1320 quatenus
599 1256 681 1303 est
702 1247 884 1310 homo,
908 1246 1000 1301 sed
1023 1253 1285 1316 quatenus
1306 1243 1424 1298 talis
1451 1253 1544 1295 aut
1570 1241 1688 1295 talis
1714 1239 1897 1295 homo.

316 1340 373 1396 Si
415 1354 544 1410 ergo
583 1353 777 1409 corpus
817 1338 1030 1407 quidem
1062 1346 1144 1391 eSt
1181 1335 1412 1390 essentia
1437 1375 1452 1399 ,
1488 1334 1603 1404 ipsa
1635 1341 1814 1387 autem
1846 1331 1900 1385 in

317 1434 557 1503 utrisque
584 1448 688 1487 non
711 1439 795 1487 est
815 1432 1043 1486 obnoxia
1074 1427 1364 1485 reddenda:
1390 1427 1605 1493 rationi,
1632 1424 1902 1497 quomodo

319 1525 490 1596 ipsum
520 1524 650 1579 dicit
677 1537 797 1577 esse
825 1520 1063 1576 malum?

389 1615 445 1670 2.
474 1613 613 1682 Quid
644 1628 771 1667 vero
798 1612 945 1679 dicit,
979 1611 1105 1666 Cum
1133 1611 1238 1665 suis
1266 1611 1458 1665 actibus
1481 1609 1505 1662 .9
1532 1609 1786 1664 Liberum
1817 1622 1907 1662 ar-

322 1707 539 1763 bitrium
569 1720 691 1759 cum
721 1703 992 1773 Operibus.
1024 1702 1272 1758 Veterem
1303 1711 1480 1756 autem
1514 1702 1684 1770 ipsum
1711 1708 1902 1765 vocat,

325 1799 440 1868 ejus
468 1798 655 1853 volens
685 1796 972 1851 ostendere
1010 1795 1398 1866 turpitudinem
1426 1802 1479 1850 et
1506 1793 1903 1849 def0rmitatem

326 1900 379 1946 et
408 1890 856 1954 imbecillitatem;
890 1897 945 1942 et
963 1904 1157 1942 novum
1176 1887 1366 1957 inquit,
1394 1894 1663 1956 tamquam
1680 1885 1905 1950 diceret,

323 1981 401 2036 Ne
421 1980 743 2051 exspectetis
762 1979 995 2035 futurum
1019 1990 1076 2034 ut
1095 1980 1144 2033 ei
1164 1978 1305 2034 idem
1327 1978 1551 2041 accidat,
1572 1977 1668 2033 sed
1688 1987 1905 2032 contra:

326 2087 448 2126 nam
480 2087 586 2141 quo
632 2071 798 2141 magis
840 2071 1202 2142 processerit,
1231 2085 1341 2125 non
1370 2069 1542 2125 tendit
1566 2069 1631 2123 ad
1659 2069 1867 2123 senium
1891 2110 1907 2136 ,
1938 2106 1957 2155 τ

328 2162 422 2218 sed
446 2162 510 2217 ad
542 2163 797 2232 majorem
825 2166 1002 2232 priore
1024 2163 1379 2230 juventutem.
1403 2161 1532 2215 Nam
1556 2160 1771 2231 quando
1794 2174 1912 2215 ma-
1952 2184 1957 2195 ι

324 2255 498 2325 jorem
526 2255 797 2325 acceperit
823 2254 1180 2324 cognitionem
1201 2294 1217 2319 ,
1251 2254 1455 2324 majora
1484 2268 1696 2322 quoque
1724 2267 1915 2308 consc-

329 2347 508 2415 quitur
529 2387 544 2410 ,
576 2355 631 2399 et
662 2346 831 2415 magis
861 2345 1002 2414 viget
1038 2353 1093 2399 et
1137 2345 1396 2413 majorem
1437 2346 1545 2399 vim
1578 2343 1774 2411 habet,
1806 2360 1914 2399 non

330 2437 502 2490 solum
530 2437 600 2491 ob
623 2435 982 2506 juventutem,
1010 2435 1104 2490 sed
1130 2435 1289 2490 etiam
1313 2437 1383 2491 ob
1405 2435 1635 2491 formam
1663 2436 1729 2490 ad
1755 2451 1915 2506 quam

334 2530 588 2586 refertur.
631 2530 770 2585 Ecce
810 2539 1051 2584 creatura
1080 2531 1280 2599 optima
1319 2532 1443 2587 vita:
1481 2532 1743 2588 institutio
1785 2532 1915 2587 dici-

335 2634 443 2678 tur.
476 2624 556 2679 Ad
600 2623 883 2695 imaginem
927 2623 1125 2680 Christi
1158 2626 1294 2681 :hoc
1335 2627 1476 2681 enim
1515 2637 1598 2682 est
1634 2628 1796 2692 illud,
1837 2629 1918 2683 Ad

336 2717 607 2787 imaginem
645 2718 757 2788 ejus
794 2717 880 2788 qui
909 2717 1093 2771 creavit
1135 2719 1320 2788 ipsum.
1360 2718 1492 2772 Nam
1538 2735 1637 2775 nec
1676 2720 1920 2775 Christus

336 2825 501 2864 senex
526 2818 770 2862 mortuus
796 2816 899 2873 est,
924 2808 1017 2863 sed
1049 2820 1165 2864 erat
1191 2808 1326 2863 adeo
1349 2810 1570 2879 pulcher
1596 2822 1653 2864 ut
1683 2811 1785 2865 dici
1813 2826 1919 2865 non

338 2900 527 2968 possit.
565 2898 664 2954 Ubi
690 2916 792 2953 non
821 2910 893 2954 est
922 2900 1176 2955 masculus
1212 2917 1302 2954 nec
1336 2901 1557 2969 femina,
1592 2903 1680 2956 H.
1723 2903 1923 2973 gentilis

340 3002 386 3045 et
407 2989 644 3057 Iudaeus,
675 2991 989 3046 circumcisio
1018 3000 1064 3045 et
1100 2992 1427 3061 praeputium,
1455 2992 1696 3045 barbarus
1721 3003 1767 3045 et
1794 2992 1927 3063 Scy-

343 3082 450 3149 tha,
477 3099 647 3137 servus
674 3093 720 3137 et
745 3083 891 3150 liber,
919 3083 1008 3137 sed
1036 3084 1227 3149 omnia,
1259 3092 1305 3137 et
1332 3083 1386 3136 in
1415 3083 1647 3137 onmibus
1675 3084 1924 3142 Christus.

346 3174 484 3228 Ecce
508 3174 721 3227 tertium
741 3173 901 3243 hujus
922 3173 1020 3227 viri
1039 3174 1364 3239 encomium,
1382 3174 1595 3243 quando
1617 3189 1716 3228 nec
1732 3175 1924 3244 gentis,

350 3279 448 3318 nec
477 3264 845 3331 auctoritatis,
885 3280 1060 3332 neque
1099 3263 1361 3334 majorum
1406 3265 1700 3335 ingreditur
1742 3266 1930 3320 discri-

348 3372 494 3421 men,
541 3371 661 3410 cum
703 3356 834 3409 nihil
882 3355 1078 3410 habeat
1116 3366 1394 3411 externum
1421 3399 1437 3425 ,
1482 3374 1655 3427 neque
1686 3359 1769 3413 his
1797 3374 1931 3428 Opus

351 3448 544 3503 habeat
570 3466 583 3501 :
609 3449 733 3503 talia
761 3448 905 3503 enim
936 3448 1116 3503 omnia
1156 3457 1281 3503 sunt
1311 3460 1553 3504 externa.
1586 3451 1934 3505 Circumcisio

352 3548 408 3594 et
434 3541 774 3609 praeputium,
809 3554 997 3595 servus
1024 3549 1077 3594 et
1108 3539 1264 3606 liber,
1294 3540 1546 3606 Griecus,
1573 3540 1676 3595 hoc
1703 3549 1787 3595 est
1813 3556 1938 3609 pro-

352 3631 557 3702 selytus
582 3673 597 3697 ,
626 3641 681 3685 et
707 3630 926 3688 Judzeus
956 3645 988 3686 a
1018 3630 1327 3701 majoribus.
1369 3631 1425 3687 Si
1468 3633 1610 3688 hunc
1639 3632 1811 3686 solum
1838 3632 1937 3686 ha-

355 3722 518 3787 beas,
551 3721 740 3778 eadem
781 3722 1085 3792 assequeris
1131 3738 1252 3792 qua:
1296 3722 1385 3777 alii
1431 3723 1522 3793 qui
1564 3722 1781 3778 habent.
1831 3722 1937 3778 Sed

356 3816 561 3881 omnia,
596 3815 799 3885 inquit,
840 3823 887 3869 et
923 3816 977 3870 in
1014 3816 1245 3871 omnibus
1292 3825 1365 3870 est
1405 3815 1676 3881 Christus;
1721 3816 1775 3871 id
1818 3826 1936 3880 est,

357 3910 535 3965 omnia
567 3911 720 3965 nobis
748 3910 851 3964 erit
875 3908 1141 3975 Christus,
1172 3919 1227 3965 et
1250 3909 1481 3981 dignitas
1509 3919 1563 3965 et
1584 3924 1776 3980 genus,
1806 3918 1862 3964 et
1886 3909 1940 3962 in

360 4003 513 4058 vobis
537 4002 787 4058 omnibus
814 4004 952 4072 ipse.
982 4004 1091 4059 Aut
1116 4002 1258 4058 aliud
1292 4004 1457 4070 dicit,
1486 4019 1679 4073 nempe
1704 4021 1718 4056 :
1741 4002 1943 4058 Omnes

361 4110 501 4151 unus
529 4094 771 4151 Christus
797 4096 922 4151 facti
960 4097 1093 4153 estis
1111 4137 1129 4164 ,
1158 4112 1281 4151 cum
1320 4097 1436 4152 sitis
1465 4098 1583 4167 ejus
1608 4111 1820 4167 corpus.
1852 4096 1940 4153 12.

365 4188 390 4242 Ι
400 4188 569 4243 nduite
588 4204 674 4243 vos
693 4206 811 4259 ergo
828 4190 959 4244 sicut
980 4192 1123 4246 electi
1153 4190 1268 4257 Dei,
1294 4193 1456 4246 sancti
1476 4201 1523 4246 et
1542 4193 1728 4247 dilecti.
1751 4194 1945 4249 Osten-

370 4278 450 4333 dit
475 4277 781 4334 facilitatem
802 4276 1041 4346 "virtutis,
1077 4290 1135 4335 ut
1161 4290 1215 4336 et
1239 4297 1355 4337 eam
1388 4292 1645 4352 perpetuo
1674 4284 1943 4353 habeant,

367 4378 423 4425 et
457 4379 516 4424 ut
555 4378 826 4440 tamquam
866 4373 1102 4426 maximo
1138 4382 1356 4428 utantur
1394 4386 1729 4432 ornamento.
1772 4378 1841 4433 Et
1866 4389 1949 4433 est

368 4472 489 4512 cum
516 4458 676 4514 laude
714 4462 929 4515 suasio:
961 4472 1089 4516 tunc
1114 4466 1257 4518 enim
1288 4465 1396 4519 vim
1438 4466 1599 4521 habet
1639 4469 1945 4524 maximam.

368 4548 608 4605 Fuerunt
634 4550 775 4605 enim
803 4553 971 4607 sancti
996 4593 1012 4617 ,
1040 4553 1135 4607 sed
1162 4570 1266 4608 non
1294 4556 1452 4610 electi
1481 4574 1493 4611 :
1524 4573 1665 4613 nunc
1691 4568 1867 4614 autem
1896 4568 1951 4615 et

369 4639 526 4694 electi
564 4649 621 4695 et
649 4642 820 4696 sancti
850 4650 905 4696 et
934 4643 1137 4702 dilecti.
1178 4643 1383 4699 Viscera
1408 4648 1789 4702 misericordia.
1831 4649 1947 4704 Non

368 4731 539 4796 dicit,
570 4732 1022 4803 Misericordiam,
1052 4737 1146 4791 sed
1188 4752 1311 4792 cum
1353 4740 1540 4809 majori
1583 4741 1823 4810 emphasi
1857 4758 1951 4811 per

370 4824 497 4879 duo.
518 4824 588 4881 Et
609 4843 711 4879 non
733 4827 884 4893 dixit,
904 4828 1195 4899 Tamquam
1217 4831 1489 4894 fratribus.
1512 4834 1627 4897 sed,
1652 4835 1947 4905 Tamquam

371 4914 494 4970 filiis
534 4926 732 4986 patres.
774 4918 853 4974 Ne
890 4920 1022 4975 mihi
1065 4924 1209 4976 enim
1246 4922 1448 4979 dixeris
1480 4926 1622 4994 quod
1668 4929 1944 4995 peccavit:

372 5017 652 5077 propterea
679 5008 1066 5075 dixit,Viscera.
1094 5012 1163 5067 Et
1192 5029 1297 5068 non
1324 5014 1479 5081 dixit,
1505 5016 1945 5086 Misericordiam,

374 5111 441 5151 ne
466 5112 559 5153 eos
584 5098 956 5169 vilipenderet,
985 5103 1099 5168 sed,
1146 5102 1349 5159 Viscera
1380 5107 1757 5162 miseiicordite.
1789 5109 1947 5164 Beni-

371 5189 643 5260 gnitatem,
684 5192 1053 5263 humilitatem,
1099 5198 1431 5263 modestiam,
1484 5201 1812 5270 patientiam;
1857 5204 1947 5258 15.

373 5292 727 5350 supportantes
746 5284 977 5351 invicem,
1000 5296 1049 5341 et
1067 5288 1312 5343 donantes
1353 5292 1737 5363 nobismetipsis,
1768 5294 1813 5348 si
1840 5295 1951 5363 quis

372 5371 613 5426 adversus
655 5374 873 5444 aliquem
919 5377 1098 5432 habeat
1136 5380 1394 5451 querelam
1425 5398 1443 5435 :
1469 5383 1595 5437 sicut
1639 5394 1685 5437 et
1723 5383 1953 5441 Christus

373 5461 581 5516 donauit
620 5466 777 5533 vobis,
808 5468 880 5521 ita
917 5477 964 5522 et
1006 5486 1112 5523 vos.
1159 5471 1364 5527 Rursus
1404 5473 1530 5529 dicit
1560 5490 1654 5545 per
1681 5479 1949 5546 speciem:

375 5568 501 5607 nam
524 5568 553 5608 a
574 5554 898 5627 benignitate
921 5561 1092 5616 oritur
1113 5563 1403 5631 humilitas,
1430 5575 1484 5621 et
1504 5567 1570 5622 ab
1594 5583 1654 5623 ea
1677 5569 1950 5638 patientia.

377 5644 768 5717 Supportantes,
796 5653 987 5723 inquit,
1014 5655 1262 5722 invicem;
1290 5656 1394 5712 hoc
1417 5668 1497 5712 est
1522 5660 1871 5730 sustinentes,
1900 5672 1955 5718 et

380 5737 517 5795 alter
539 5739 692 5799 alteri
714 5744 1064 5806 dimittentes.
1091 5751 1157 5808 Et
1182 5752 1303 5811 vide
1329 5756 1598 5824 quomodo
1627 5758 1802 5830 ipsum
1826 5762 1959 5819 nihil

1188 302 1253 358 IN
1294 301 1512 359 EPIST.
1553 300 1645 357 AD
1681 297 1955 356 COLOSS.
1995 298 2148 355 CAP.
2195 299 2277 355 Ill.
2322 302 2553 359 HOMIL.
2598 304 2729 361 \‘lll.

3479 310 3585 365 353

1999 426 2119 466 esse
2146 415 2471 482 ostenderit,
2503 426 2562 471 ut
2596 418 2686 488 qui
2716 419 2920 473 vocarit
2948 420 3246 489 querelam.
3278 421 3345 476 Et
3368 421 3582 490 adjicit,

1999 502 2147 558 Sicut
2184 515 2231 559 et
2257 506 2488 562 Christus
2519 509 2727 563 donauit
2758 511 2915 564 vobis.
2960 511 3206 582 Magnum
3238 514 3538 582 exemplum
3569 533 3582 567 :

2002 596 2144 664 quod
2171 612 2385 667 semper
2409 598 2554 662 facit.
2583 616 2612 655 a
2638 600 2855 656 Christo
2884 603 3027 672 ipsos
3052 604 3370 660 adhortans.
3397 605 3588 671 Quere-

2002 685 2105 739 lam
2141 688 2291 743 dicit.
2324 688 2433 744 Illic
2467 690 2682 760 quidem
2718 707 2943 762 parvum
2980 692 3108 748 illud
3152 710 3274 750 esse
3313 695 3584 759 ostendit;

2001 776 2216 846 quando
2261 788 2438 833 autem
2482 781 2703 835 adduxit
2732 784 3034 852 exemplum
3061 825 3076 849 ,
3112 786 3377 852 persuasit
3401 785 3541 856 quod
3567 826 3586 853 ,

2002 871 2213 926 etiamsi
2255 872 2323 927 de
2362 875 2571 944 magnis
2600 876 2869 945 possimus
2894 892 3149 932 accusare
3175 920 3189 943 ,
3219 888 3430 947 oportet
3454 893 3589 932 con-

2003 963 2205 1018 donare
2231 980 2247 1023 :
2270 964 2400 1020 illud
2420 966 2585 1031 enim,
2611 968 2754 1022 Sicut
2776 968 3023 1034 Christus,
3045 969 3146 1023 hoc
3166 970 3430 1040 significat
3452 987 3465 1022 :
3491 985 3591 1025 nec

2005 1054 2107 1109 hoc
2134 1057 2329 1122 solum,
2357 1059 2450 1112 sed
2477 1059 2640 1114 etiam
2666 1060 2808 1129 quod
2837 1076 2901 1116 ex
2931 1070 3042 1115 toto
3066 1062 3263 1125 corde;
3294 1077 3467 1131 neque
3490 1061 3592 1117 hoc

2005 1156 2211 1201 tantum
2237 1189 2252 1214 ,
2280 1147 2373 1203 sed
2402 1148 2564 1203 etiam
2600 1151 2742 1219 quod
2783 1160 3029 1220 oporteat
3065 1152 3309 1222 diligere.
3346 1152 3592 1207 Christus

2005 1240 2148 1295 enim
2194 1240 2245 1293 in
2294 1240 2528 1295 medium
2572 1241 2834 1297 adductus
2877 1242 2993 1298 haec
3035 1245 3213 1298 omnia
3251 1243 3509 1299 adducit:
3539 1253 3595 1298 et

2005 1333 2147 1403 quod
2186 1334 2394 1389 etiamsi
2441 1335 2550 1389 sint
2587 1351 2778 1406 magna
2803 1377 2819 1403 ,
2862 1337 3071 1391 etiamsi
3115 1338 3263 1406 prius
3305 1351 3400 1392 eos
3446 1336 3594 1391 nulla

2006 1423 2344 1479 effecerimus
2374 1424 2565 1495 injuria
2590 1466 2605 1491 ,
2649 1428 2859 1482 etiamsi
2894 1442 2994 1482 nos
3020 1427 3234 1496 quidem
3271 1430 3486 1498 magni;
3518 1427 3598 1483 illi

2006 1530 2135 1571 vero
2167 1516 2376 1585 pusilli;
2408 1516 2619 1571 etiamsi
2651 1518 2759 1571 sint
2787 1532 2885 1571 nos
2914 1528 3099 1587 postea
3132 1518 3372 1573 affecturi
3401 1530 3597 1574 contu-

2008 1606 2166 1661 melia
2196 1623 2208 1659 :
2238 1614 2294 1660 et
2330 1606 2472 1675 quod
2511 1609 2688 1661 anima
2731 1622 2829 1677 pro
2870 1608 3002 1677 ipsis
3046 1611 3115 1663 sit
3154 1611 3432 1679 ponenda;
3464 1610 3595 1665 illud

2010 1699 2151 1753 enim
2177 1740 2191 1764 ,
2226 1698 2406 1764 Sicut,
2438 1699 2552 1754 haec
2583 1700 2820 1770 postulat
2846 1718 2858 1755 :
2884 1709 2939 1755 et
2968 1702 3108 1771 quod
3140 1718 3240 1757 nec
3269 1704 3336 1758 ad
3367 1713 3596 1759 mortem

2009 1808 2181 1864 usque
2206 1794 2377 1847 solum
2408 1802 2551 1848 stare
2582 1801 2848 1863 oporteat,
2877 1794 2972 1850 sed
3002 1797 3044 1850 si
3077 1794 3191 1850 fieri
3226 1798 3414 1866 possit,
3439 1801 3598 1854 etiam

2011 1893 2219 1954 postea.

2085 1975 2212 2031 Sine
2231 1977 2441 2030 caritate
2464 1977 2592 2031 nihil
2615 1976 2821 2031 bonum.
2844 2008 2915 2017 —
2939 1977 3025 2031 M.
3053 1976 3222 2048 Super
3242 1978 3413 2033 omnia
3432 1991 3603 2035 autem

2014 2069 2121 2122 htec
2150 2069 2413 2122 caritatem
2442 2068 2618 2121 habete
2638 2111 2653 2135 ,
2685 2070 2824 2139 quod
2867 2080 2937 2123 est
2962 2071 3219 2123 vinculum
3257 2072 3601 2143 perfectionis.

2002 2159 2181 2215 ‘Vides
2219 2160 2361 2231 quod
2403 2160 2505 2215 hoc
2537 2160 2700 2216 dicat.
2738 2160 2871 2215 Nam
2900 2163 3150 2229 quoniam
3189 2163 3303 2217 ﬁeri
3342 2174 3517 2233 potest
3545 2176 3606 2220 ut

2015 2252 2104 2321 qui
2134 2252 2404 2307 condonet
2430 2266 2533 2306 non
2561 2252 2765 2321 diligat,
2792 2253 2965 2317 Certe,
2995 2254 3187 2322 inquit,
3209 2264 3419 2323 oportet
3439 2258 3603 2310 etiam

2016 2344 2271 2414 diligere;
2302 2354 2357 2399 et
2393 2344 2629 2399 ostendit
2666 2343 2805 2397 viam
2850 2360 2945 2413 per
2987 2361 3146 2415 quam
3196 2347 3311 2400 fieri
3343 2359 3520 2416 potest
3550 2359 3609 2404 ut

2017 2436 2374 2490 condonetur.
2404 2435 2545 2491 Fieri
2573 2438 2713 2491 enim
2744 2447 2919 2506 potcSt
2946 2448 3000 2490 ut
3030 2439 3099 2492 sit
3128 2438 3321 2508 aliquis
3345 2440 3608 2510 benignus

2018 2539 2074 2586 et
2097 2532 2244 2584 mitis
2264 2541 2319 2585 et
2343 2530 2560 2585 humilis
2590 2540 2643 2586 et
2668 2530 2823 2595 lenis,
2851 2540 2904 2585 et
2925 2530 3128 2601 diligat.
3157 2532 3518 2599 Quamobrem
3554 2534 3607 2589 iu

2021 2622 2285 2693 principio
2312 2621 2463 2685 dixit,
2505 2621 2713 2676 Viscera
2739 2618 3133 2690 misericordiae,
3165 2632 3220 2678 et
3247 2625 3523 2679 caritatem
3555 2636 3610 2680 et

2022 2715 2469 2770 misericordiam.
2520 2715 2694 2786 Super
2740 2718 2910 2769 omnia
2956 2726 3124 2771 autem
3168 2718 3276 2772 hwc
3323 2719 3609 2787 caritatem,

2022 2823 2137 2870 qua:
2174 2816 2247 2861 est
2287 2807 2541 2860 vinculum
2590 2808 2932 2878 perfectionis.
2966 2808 3079 2863 Hoc
3120 2817 3202 2863 est
3247 2820 3427 2865 autem
3468 2812 3612 2880 quod

2024 2900 2137 2954 vult
2163 2899 2341 2955 dicere
2366 2918 2379 2954 :
2406 2899 2499 2954 Illa
2526 2900 2658 2954 nihil
2686 2910 2939 2969 prosunt;
2966 2900 3332 2955 dissolvuntur
3353 2903 3494 2956 enim
3523 2904 3613 2957 illa

2026 2991 2241 3055 omnia;
2273 2991 2375 3044 nisi
2419 2990 2546 3044 fiant
2571 3006 2691 3045 cum
2717 2991 2942 3045 caritate
2971 3007 2983 3042 :
3010 2990 3125 3045 hare
3158 2991 3336 3046 omnia
3366 2993 3454 3045 illa
3481 3008 3614 3048 con-

2027 3082 2262 3152 stringit.
2305 3082 2690 3152 Quodcumque
2736 3083 2935 3137 bonum
2974 3082 3197 3148 dixeris,
3245 3084 3289 3138 si
3334 3100 3397 3139 ea
3441 3086 3614 3151 absit,

2029 3173 2163 3228 nihil
2190 3184 2290 3238 est,
2320 3173 2413 3228 sed
2445 3174 2656 3228 diffluit.
2689 3174 2752 3228 Et
2777 3175 2915 3229 sicut
2940 3174 2991 3228 in
3021 3176 3163 3242 navi,
3189 3176 3397 3229 etiamsi
3427 3193 3615 3247 magna

2031 3266 2140 3320 sint
2182 3266 2575 3331 instrumenta,
2612 3274 2668 3320 et
2712 3280 2817 3320 non
2862 3267 2972 3319 sint
3002 3280 3121 3335 quae
3160 3281 3276 3320 eam
3310 3269 3622 3336 succingant

2033 3358 2289 3423 tabulata,
2323 3357 2454 3411 nihil
2480 3357 2728 3428 prodest;
2756 3366 2809 3411 et
2832 3356 2884 3409 in
2912 3355 3076 3410 domo
3101 3357 3147 3412 si
3176 3374 3283 3411 nun
3310 3359 3415 3412 sint
3448 3360 3623 3414 conti-

2034 3450 2346 3519 gnationes;
2378 3459 2432 3503 ct
2467 3450 2518 3503 in
2561 3464 2820 3518 corpore,
2853 3449 3061 3503 etiamsi
3104 3464 3293 3518 magna
3325 3452 3433 3505 sint
3462 3466 3620 3518 ossa,

2036 3558 2142 3598 non
2180 3542 2289 3596 sint
2326 3549 2506 3595 autem
2546 3540 2827 3611 ligamenta
2852 3581 2869 3605 ,
2901 3540 3036 3594 nihil
3077 3540 3247 3610 juvat.
3289 3540 3626 3612 Cujusmodi-

2036 3648 2268 3700 eumque
2293 3631 2437 3685 enim
2465 3631 2729 3701 quispiam
2767 3630 2906 3685 bona
2954 3632 3145 3685 habeat
3184 3647 3345 3701 opera
3384 3643 3437 3687 et
3480 3644 3626 3691 recte

2039 3723 2199 3787 facta,
2232 3730 2560 3777 evanescunt
2586 3722 2763 3774 omnia
2787 3760 2801 3786 ,
2832 3722 2932 3775 nisi
2968 3722 3037 3775 sit
3063 3718 3274 3776 caritas.
3304 3721 3421 3777 Non
3451 3724 3587 3779 dixit
3606 3766 3626 3794 ,

2041 3817 2140 3872 Est
2181 3815 2449 3886 fastigium
2476 3857 2491 3881 ,
2542 3814 2638 3869 sed
2667 3813 2808 3883 quod
2837 3823 2921 3869 est
2950 3815 3144 3884 majus,
3184 3813 3451 3870 Vinculum
3479 3833 3500 3872 :
3527 3818 3630 3873 hoc

2043 3911 2185 3966 enim
2216 3920 2301 3965 est
2325 3910 2494 3979 magis
2523 3908 2885 3963 necessarium
2908 3948 2926 3975 ,
2958 3923 3115 3978 quam
3147 3908 3294 3963 illud.
3322 3908 3452 3964 Nam
3485 3910 3632 3965 fasti-

2034 4005 2188 4073 gium
2216 4001 2431 4071 quidem
2457 4010 2541 4055 est
2569 4000 2792 4054 intentio
2830 3998 3173 4069 perfectionis
3197 4016 3212 4066 ;
3241 4001 3504 4056 vinculum
3532 4018 3632 4056 au-

2047 4103 2152 4149 tem
2182 4102 2266 4149 est
2293 4092 2606 4162 complexus
2631 4100 2687 4146 et
2711 4090 3121 4161 comprehensio
3146 4106 3332 4146 eorum
3365 4107 3483 4163 qua:
3510 4110 3635 4163 per-

2050 4187 2334 4242 fectionem
2363 4184 2621 4250 efficiunt,
2652 4194 2923 4254 tamquam
2964 4184 3113 4238 radix
3136 4227 3149 4249 ,
3182 4185 3271 4240 15.
3313 4185 3379 4240 Et
3408 4204 3511 4257 pan:
3542 4186 3637 4242 Dei

2048 4277 2259 4332 exsultet
2288 4278 2343 4331 in
2368 4277 2602 4331 cordibus
2626 4276 2825 4345 vestris,
2856 4276 2911 4329 in
2935 4290 3035 4345 qua
3064 4284 3110 4328 et
3136 4280 3297 4331 vocati
3327 4278 3443 4332 estis
3463 4279 3515 4332 in
3536 4296 3638 4333 uno

2049 4388 2281 4442 corpore,
2314 4380 2363 4426 et
2389 4372 2523 4441 grati
2552 4379 2727 4424 estote.

2120 4464 2173 4518 ὃ.
2204 4463 2311 4519 Pax
2330 4462 2424 4517 Dei
2440 4470 2597 4517 estea
2616 4476 2735 4532 quae
2750 4468 2834 4516 est
2851 4460 3000 4515 firma
3023 4468 3077 4515 et
3097 4461 3326 4517 stabilis.
3344 4461 3397 4518 Si
3422 4473 3640 4533 preptcr

2049 4556 2320 4611 hominem
2346 4553 2560 4625 quidem
2587 4568 2774 4623 pacem
2804 4553 3002 4607 habeas
3025 4595 3041 4620 ,
3068 4568 3129 4608 ea
3158 4555 3266 4607 cito
3295 4554 3639 4621 dissolvitur;

2052 4650 2133 4705 sin
2151 4656 2327 4703 autem
2348 4655 2565 4717 propter
2584 4644 2773 4712 Deum,
2792 4660 2898 4699 non
2926 4643 3134 4699 itidem.
3157 4644 3488 4715 Quamquam
3508 4646 3643 4700 dixit

2053 4740 2299 4795 universe
2318 4780 2333 4802 ,
2363 4735 2641 4793 Caritatem
2660 4777 2676 4801 ,
2707 4751 2894 4791 rursus
2935 4745 3112 4792 tamen
3140 4738 3287 4791 venit
3317 4736 3381 4791 ad
3413 4736 3467 4792 id
3497 4737 3641 4807 quod

2053 4842 2137 4889 est
2159 4831 2425 4903 singulare
2447 4848 2460 4884 :
2485 4839 2567 4885 est
2590 4830 2733 4885 enim
2756 4831 2917 4884 etiam
2941 4829 3290 4884 immoderata
3312 4831 3508 4885 caritas
3528 4848 3540 4883 :
3560 4840 3641 4895 ut,

2054 4927 2267 4996 quando
2283 4924 2545 4995 quispiam
2569 4940 2635 4978 ex
2654 4924 2817 4977 multa
2839 4922 3060 4979 caritate
3077 4931 3280 4978 temere
3299 4932 3532 4986 accusat,
3551 4923 3644 4977 de-

2054 5027 2357 5089 pugnatque
2379 5027 2432 5072 et
2448 5024 2742 5070 aversatur.
2765 5014 2878 5069 Non
2900 5013 3049 5078 dicit,
3070 5014 3186 5070 Hoc
3209 5014 3332 5069 nolo
3352 5032 3367 5081 ;
3390 5014 3484 5069 sed
3506 5015 3645 5069 sicut

2056 5108 2201 5163 Deus
2226 5107 2503 5162 vobiscum
2543 5104 2671 5161 fecit
2711 5120 2938 5175 pacem,
2972 5106 3046 5159 ita
3077 5119 3172 5159 vos
3213 5118 3427 5175 quoque
3462 5102 3642 5158 facite.

2055 5198 2336 5266 Quomodo
2360 5198 2529 5253 fecit?
2553 5195 2684 5253 Cum
2715 5198 2828 5267 ipse
2857 5197 3143 5264 voluisset,
3173 5196 3315 5252 nulla
3343 5212 3403 5251 re
3430 5210 3461 5249 a
3488 5196 3645 5251 nobis

2055 5302 2295 5363 accepta.
2325 5292 2463 5360 Quid
2490 5300 2593 5358 est,
2613 5290 2732 5345 Pax
2750 5288 2848 5344 Dei
2869 5290 3079 5344 exsultet
3099 5290 3152 5343 in
3172 5288 3406 5343 cordibus
3427 5289 3603 5343 vestris
3619 5288 3647 5344 1

2056 5387 2117 5443 Si
2135 5394 2371 5457 pugnent
2385 5385 2503 5439 duae
2520 5383 2885 5455 cogitationes,
2907 5398 2975 5437 ne
2992 5392 3194 5436 statuas
3210 5382 3339 5435 iram
3363 5396 3463 5435 nec
3477 5380 3646 5435 insul-

2060 5482 2317 5534 tationem
2346 5484 2615 5533 tenentem
2638 5476 2879 5532 bravium
2901 5486 2956 5530 et
2982 5475 3281 5545 praemium,
3303 5473 3398 5527 sed
3426 5487 3642 5542 pacem:

2060 5575 2287 5643 exempli
2313 5586 2492 5635 causa,
2521 5572 2590 5626 sit
2615 5569 2876 5640 quispiam
2902 5567 3100 5637 injuste
3124 5565 3344 5621 affectus
3364 5574 3649 5619 contume-

2061 5667 2133 5722 lia
2150 5681 2209 5722 :a
2229 5662 2548 5721 contumelia
2565 5669 2735 5717 enata:
2752 5668 2877 5717 sunt
2891 5659 3009 5715 duae
3024 5659 3393 5728 cogitationes,
3412 5673 3514 5711 una
3531 5659 3649 5728 qui—

2065 5760 2188 5818 dem
2226 5756 2422 5829 jubens
2452 5753 2669 5823 ulcisci,
2700 5753 2866 5810 altera
2892 5765 3021 5808 vero
3049 5750 3313 5819 tolerare;
3342 5759 3395 5805 et
3424 5750 3562 5806 inter
3588 5765 3650 5806 se
