4120 6400
478 335 586 393 355

479 448 768 504 luctantur.
797 446 853 502 Si
879 445 1088 501 steterit
1118 459 1219 515 pax
1264 445 1360 499 Dei
1404 443 1679 515 praemium
1705 440 2055 507 distribuens,

483 541 575 595 dat
600 540 879 611 praemium
907 539 956 593 ei
986 552 1105 607 qua:
1127 534 1281 606 jubet
1306 535 1558 600 tolerare,
1587 541 1643 588 et
1665 532 1814 587 illum
1844 530 2056 601 pudore

480 630 666 685 afﬁcit.
697 628 1016 696 Quomodo?
1046 626 1386 682 Persuadens
1412 626 1579 680 Deum
1610 639 1732 678 esse
1761 638 1970 693 pacem,
2000 632 2055 676 et

482 736 665 792 pacem
708 719 987 776 nobiscum
1035 719 1247 774 fecisse.
1298 717 1414 771 Non
1457 715 1554 771 abs
1600 730 1660 770 re
1702 730 1804 769 nec
1857 723 2061 769 temere

482 813 718 867 ostendit
754 811 831 867 rei
860 826 1112 880 magnum
1143 823 1263 865 esse
1287 818 1582 863 certamen.
1614 805 1690 861 Ne
1720 806 1797 860 ira
1819 847 1834 872 ,
1868 806 2058 873 inquit,

482 904 760 973 praemium
811 901 1116 966 distribuat,
1169 914 1277 954 non
1325 898 1616 963 contentio,
1662 912 1770 951 non
1819 911 1920 966 pax
1959 895 2061 949 hu-

482 1011 641 1051 mana
669 1015 683 1050 :
716 1011 815 1065 pax
845 996 985 1050 enim
1015 993 1246 1048 humana
1276 992 1335 1046 lit
1358 1007 1425 1047 ex
1450 1006 1517 1046 eo
1544 989 1687 1061 quod
1713 1004 1819 1044 non
1840 988 2064 1044 ulcisca-

484 1105 624 1154 mur,
654 1104 719 1142 ex
748 1102 814 1142 eo
844 1086 984 1157 quod
1009 1086 1140 1140 nihil
1165 1098 1329 1155 grave
1357 1084 1640 1154 patiamur.
1667 1082 1737 1135 At
1763 1095 1870 1135 non
1902 1078 2059 1146 hanc,

480 1184 671 1254 inquit,
703 1181 824 1236 volo
845 1222 862 1247 ,
894 1179 990 1235 sed
1021 1180 1166 1234 illam
1192 1192 1355 1249 quam
1399 1175 1646 1231 Christus
1674 1173 1911 1243 reliquit.
1937 1172 2062 1226 Sta-

479 1278 627 1333 dium
661 1278 801 1330 intus
829 1274 955 1330 fecit
986 1316 1001 1338 ,
1033 1273 1088 1328 in
1118 1270 1529 1343 cogitationibus
1553 1307 1570 1332 ,
1596 1275 1981 1335 certamenque
2007 1270 2064 1318 et

482 1368 688 1438 prtetnii
714 1366 1141 1422 distributorem.
1174 1360 1377 1417 Deinde
1402 1374 1588 1415 rursus
1607 1355 1920 1412 adhortatio
1951 1371 1964 1408 :
1993 1353 2063 1409 In

480 1475 579 1529 qua
600 1470 645 1513 et
672 1458 834 1511 vocati
855 1457 972 1510 estis
995 1472 1012 1520 ;
1040 1456 1141 1508 hoc
1165 1462 1266 1518 est,
1294 1452 1520 1520 Propter
1535 1465 1694 1520 quam
1716 1447 1889 1502 vocati
1912 1445 2061 1501 estis.

480 1548 771 1605 Revocavit
799 1547 849 1601 in
896 1546 1208 1600 memoriam
1257 1557 1415 1612 quam
1466 1542 1750 1596 multorum
1799 1537 2062 1592 bonorum

479 1655 638 1695 causa
664 1640 733 1695 sit
764 1654 884 1709 pax.
915 1637 1140 1707 Pr0pter
1165 1649 1282 1691 eam
1316 1642 1365 1688 te
1392 1633 1619 1696 vocavit,
1645 1631 1761 1700 ejus
1786 1642 1943 1684 causa
1966 1642 2063 1681 vo-

480 1736 657 1799 cavit,
686 1741 743 1787 ut
786 1731 889 1786 ﬁde
918 1729 1140 1800 dignum
1166 1728 1439 1797 acciperes
1468 1724 1764 1794 praemium.
1794 1720 1926 1776 Nam
1967 1734 2065 1774 cur

480 1838 642 1878 unum
666 1821 790 1877 fecit
810 1818 1047 1890 corpus?
1075 1832 1252 1873 nonne
1280 1825 1335 1870 ut
1362 1814 1473 1884 ipsa
1496 1814 1824 1868 dominatum
1852 1808 2063 1864 obtine-

479 1915 605 1971 ret?
652 1928 832 1968 nonne
858 1911 998 1965 utin
1027 1924 1155 1979 pace
1200 1905 1427 1977 degendi
1469 1905 1788 1959 haberemus
1826 1899 2065 1955 occasio-

480 2005 648 2060 nem?
695 2001 1038 2069 Curlomnes
1077 2013 1263 2054 sumus
1304 2011 1469 2052 unum
1516 1992 1753 2065 corpus?
1797 1990 2064 2063 quomodo

480 2108 658 2153 autem
701 2109 885 2151 sumus
928 2108 1089 2148 unum
1120 2089 1358 2160 corpus?
1404 2088 1629 2158 Propter
1675 2100 1858 2156 pacem
1901 2099 2064 2138 unum

480 2205 676 2260 corpus
700 2202 905 2253 smnus,
934 2196 989 2242 et
1023 2193 1308 2257 propterea
1355 2181 1500 2253 quod
1524 2195 1707 2235 sumus
1747 2192 1909 2233 unum
1947 2190 2067 2231 cor-

480 2299 585 2354 pus
611 2323 628 2350 ,
658 2283 711 2338 in
740 2296 868 2352 pace
895 2282 1121 2350 agimus.
1150 2278 1261 2333 Cur
1283 2285 1461 2331 autem
1494 2290 1599 2329 non
1625 2273 1759 2329 dixit
1783 2314 1799 2339 ,
1831 2272 1941 2326 Pax
1968 2270 2066 2325 Dei

481 2378 680 2442 vincat,
713 2374 829 2441 sed,
861 2372 1112 2436 Exsultat,
1142 2375 1254 2425 sive
1280 2369 1559 2440 praemium
1584 2364 1908 2421 distribuat?
1936 2364 2063 2417 Eam

481 2467 659 2523 eﬁ‘ecit
702 2465 806 2520 ﬁde
832 2464 1130 2535 digniorem
1161 2482 1176 2517 :
1206 2474 1313 2515 non
1358 2460 1484 2515 sivit
1512 2466 1570 2512 ut
1595 2471 1716 2512 cum
1743 2470 1809 2511 ea
1837 2455 2066 2509 luctare-

484 2570 570 2614 tur
594 2558 730 2613 mala
749 2557 1020 2627 cogitatio,
1045 2553 1138 2610 sed
1160 2561 1329 2609 staret
1351 2551 1596 2607 inferius.
1622 2551 1687 2605 Et
1706 2564 1899 2603 nomen
1928 2563 2065 2617 prac-

484 2653 575 2706 tnii
606 2650 857 2706 excitavit
885 2649 1205 2703 auditorem.
1249 2645 1383 2700 Nam
1433 2644 1479 2699 si
1522 2641 1733 2697 dederit
1779 2640 2063 2711 prannium

484 2743 639 2797 bona:
669 2741 996 2813 cogitationi,
1024 2748 1512 2809 quantumcumque
1542 2734 1652 2800 illa,
1680 2748 1873 2801 nempe
1903 2731 2061 2792 mala,

482 2841 553 2891 sit
571 2835 873 2907 impudens,
902 2835 949 2888 ei
974 2833 1041 2887 de
1061 2841 1258 2886 caetero
1287 2829 1419 2883 nihil
1446 2828 1699 2897 proderit.
1726 2825 1937 2894 Alioqui
1964 2837 2065 2877 auo

487 2939 592 2982 tem
628 2926 805 2980 sciens
830 2925 938 2990 illa,
964 2922 1108 2993 quod
1134 2919 1387 2992 quidquid
1421 2918 1627 2982 fecerit,
1656 2916 1930 2987 praemium
1958 2928 2065 2968 non

489 3018 560 3072 sit
606 3027 890 3086 acceptura
916 3055 932 3081 ,
961 3012 1217 3084 quidquid
1255 3012 1473 3081 spirarit
1518 3020 1572 3065 et
1596 3008 1966 3064 vehementius
1992 3007 2067 3061 ir-

483 3124 643 3164 ruere
672 3120 919 3179 aggressa
942 3105 1122 3172 fuerit,
1154 3114 1214 3159 ut
1237 3120 1358 3175 qua:
1384 3103 1645 3158 inutiliter
1666 3102 1889 3165 laboret,
1918 3099 2066 3156 desi-

486 3212 612 3260 stet.
648 3201 811 3256 Recte
851 3209 1030 3254 autem
1070 3198 1312 3263 addidit,
1365 3196 1431 3250 Et
1459 3197 1595 3267 grati
1628 3205 1802 3250 estote.
1848 3194 1961 3250 Hoc
1985 3204 2069 3249 est

486 3295 629 3351 enim
660 3308 780 3349 esse
804 3302 1036 3364 gratum,
1065 3300 1118 3345 et
1143 3289 1210 3343 ad
1242 3288 1605 3343 incutiendum
1625 3286 1885 3358 pudorem
1911 3284 2067 3340 valde

486 3386 810 3457 appositum,
855 3393 912 3437 ut
952 3381 1227 3437 conservis
1256 3379 1506 3433 similiter
1544 3388 1755 3443 utatur,
1789 3378 1928 3431 sicut
1951 3377 2067 3445 ipso

488 3479 652 3541 Deus,
701 3476 919 3530 domino
959 3473 1136 3538 cedat,
1191 3481 1408 3541 pareat,
1440 3484 1537 3540 pro
1581 3469 1831 3523 omnibus
1868 3469 2068 3539 gratias

486 3578 628 3639 agat,
658 3582 751 3621 seu
790 3564 1117 3620 contumelia
1145 3562 1387 3617 aﬁ‘ecerit
1417 3560 1702 3631 quispiam,
1736 3575 1829 3613 seu
1851 3574 2067 3630 percus-

487 3660 641 3716 serit.
687 3659 788 3725 Qui
816 3658 959 3713 enim
992 3656 1102 3709 Deo
1133 3655 1242 3724 agit
1278 3653 1476 3723 gratias
1505 3669 1601 3723 pro
1629 3652 1694 3706 iis
1720 3666 1840 3721 qua:
1883 3664 2068 3720 passus

488 3765 591 3819 est,
625 3767 730 3807 non
749 3766 871 3807 eum
890 3749 980 3819 qui
1011 3748 1133 3803 fecit
1158 3746 1444 3801 ulciscetur
1471 3762 1484 3798 :
1516 3759 1639 3798 nam
1669 3742 1713 3797 is
1739 3742 1953 3812 quidem
1976 3742 2069 3811 qui

489 3844 785 3908 ulciscitur,
837 3856 943 3895 non
985 3840 1093 3907 agit
1122 3838 1338 3908 gratias.
1370 3835 1476 3890 Sed
1505 3851 1573 3890 ne
1608 3836 1776 3889 simus
1799 3835 1937 3889 sicut
1977 3832 2069 3888 ille

488 3936 578 4007 qui
626 3944 841 3989 centum
869 3931 1113 4001 exigebat
1149 3928 1418 3990 denarios,
1468 3942 1535 3981 ne
1563 3926 1840 3980 audiamus
1865 3964 1882 3991 ,
1913 3923 2070 3980 Serve

488 4042 703 4098 nequam
729 4024 943 4097 (Matth.
976 4023 1062 4077 18.
1085 4021 1175 4090 5‘2)
1199 4037 1211 4073 :
1241 4019 1341 4073 hoc
1363 4019 1504 4073 enim
1526 4017 1714 4088 ingrati
1740 4017 1907 4071 animi
1936 4015 2067 4069 vitio

492 4121 623 4175 nihil
651 4129 733 4175 est
775 4118 949 4190 pejus.
996 4117 1179 4185 Itaque
1222 4113 1414 4184 ingrati
1444 4121 1569 4166 sunt
1596 4111 1685 4182 qui
1719 4112 2066 4165 ulciscuntur.

491 4213 597 4266 (Zur
624 4218 803 4265 autem
827 4208 973 4263 venit
998 4205 1065 4260 ad
1082 4204 1485 4259 fornicationem
1514 4202 1740 4271 primam
1760 4201 1783 4254 ?
1803 4215 1926 4254 nam
1946 4214 2069 4255 cum

492 4301 748 4363 dixisset,
782 4297 1091 4366 Mortiﬁcate
1128 4295 1353 4350 membra
1405 4303 1567 4346 vestra
1602 4306 1717 4362 quas
1757 4301 1871 4344 sunt
1915 4307 2071 4359 supra

494 4402 701 4454 terram,
735 4390 912 4445 statim
940 4387 1091 4453 dicit,
1119 4386 1531 4440 Fornicationem
1552 4400 1571 4439 :
1596 4394 1652 4439 et
1678 4382 1780 4437 hoc
1802 4382 1917 4438 fere
1946 4382 2072 4438 facit

494 4483 708 4552 ubique.
737 4480 1000 4548 Quoniam
1047 4479 1150 4534 hoc
1201 4478 1387 4532 vitium
1438 4477 1669 4530 maxime
1706 4476 2010 4531 dominatur
2054 4492 2068 4529 :

493 4574 736 4629 scribens
765 4573 908 4626 enim
955 4572 1006 4626 in
1040 4569 1270 4640 Epistula
1295 4568 1363 4622 ad
1390 4567 1430 4621 Τ
1438 4566 1896 4622 ltessalonicenses
1923 4607 1939 4631 ,
1969 4566 2072 4620 hoc

494 4664 637 4718 fecit.
672 4664 739 4717 Et
782 4662 907 4731 quid
954 4661 1171 4725 mirum,
1202 4673 1323 4713 cum
1377 4658 1537 4713 etiam
1579 4657 1721 4711 dicat
1766 4656 2068 4723 Timotheo,

498 4754 733 4823 Teipsum
772 4763 965 4805 castum
1016 4751 1210 4805 custodi
1259 4750 1335 4819 (1.
1382 4747 1515 4802 Tim.
1546 4749 1600 4803 5.
1633 4747 1758 4817 '22);
1798 4758 1854 4803 et
1889 4763 2072 4804 rursus

495 4846 619 4900 alibi
647 4861 662 4900 :
692 4842 879 4897 Pacem
903 4843 1157 4897 sectemini
1199 4857 1316 4894 cum
1357 4841 1587 4893 omnibus
1628 4848 1673 4893 et
1714 4840 2073 4906 sanctiﬁcatio-

496 4955 631 5005 nem,
662 4938 770 4991 sine
796 4952 894 5005 qua
918 4935 1090 4988 nullus
1110 4933 1291 4987 videbit
1321 4930 1597 4986 Dominum
1620 4930 1805 5003 (Hebr.
1836 4932 1923 4985 12.
1954 4933 2069 5002 14).

498 5031 828 5099 Mortiﬁcate,
853 5027 1043 5097 inquit,
1072 5026 1293 5079 membra
1317 5034 1496 5079 vestra.
1522 5024 1673 5092 Quod
1699 5031 1782 5079 est
1803 5036 2071 5078 mortuum

495 5122 652 5193 quale
674 5121 743 5175 sit
773 5133 877 5173 non
908 5117 1185 5187 ignoratis,
1218 5130 1462 5180 exosum,
1492 5114 1930 5177 abominandum,
1962 5114 2067 5168 dif-

496 5216 694 5270 ﬂuens.
734 5211 792 5268 Si
825 5208 1230 5264 mortiﬁcaveris
1256 5249 1270 5272 ,
1304 5223 1408 5261 non
1435 5216 1616 5261 manet
1653 5217 1939 5270 mortuum,
1974 5207 2066 5261 sed

498 5306 677 5361 statim
707 5301 1069 5370 corrumpitur
1092 5308 1144 5353 et
1171 5300 1351 5354 interit
1379 5300 1518 5354 sicut
1541 5315 1753 5370 corpus.
1778 5298 2071 5369 Exstingue

499 5413 627 5469 ergo
679 5398 941 5459 calorem,
975 5403 1029 5449 et
1080 5393 1213 5447 nihil
1263 5404 1442 5447 manet
1486 5402 1773 5447 mortuum.
1828 5392 2072 5447 Ostendit

499 5493 670 5561 ipsum
703 5491 801 5543 hoc
828 5488 1023 5550 facere,
1045 5487 1185 5556 quod
1210 5484 1454 5540 Christus
1472 5486 1523 5539 in
1551 5488 1760 5540 lavacro
1786 5503 1799 5540 :
1820 5496 2069 5556 propter-

497 5599 561 5638 ea
604 5582 761 5636 etiam
801 5579 1039 5634 membra
1083 5587 1235 5633 vocat
1268 5595 1279 5629 :
1316 5587 1579 5647 tamquam
1618 5577 1849 5647 aliquem
1902 5579 2071 5631 virum

501 5678 691 5728 t‘ortem
721 5671 1084 5735 introducens,
1117 5679 1171 5725 et
1191 5670 1257 5724 ad
1277 5669 1529 5739 majorem
1561 5669 1831 5724 deducens
1848 5669 2073 5738 empha-

502 5768 628 5822 sim.
659 5764 727 5819 Et
754 5774 897 5821 recte
926 5765 1079 5833 dixit,
1110 5763 1236 5831 Qua:
1263 5774 1378 5819 sunt
1404 5779 1553 5833 super
1579 5771 1759 5817 terram
1783 5776 1801 5815 :
1824 5759 1908 5815 hic
1926 5762 2068 5818 enim

1253 333 1310 389 S.
1345 329 1621 388 JOANNIS
1655 328 2129 385 CIIRYSOSTOMI
2166 328 2482 386 ARCHIEP.
2521 329 3032 391 CONSTANTINOP

3644 335 3747 394 356

2170 453 2405 506 manent,
2434 450 2486 496 et
2516 441 2602 496 hic
2639 443 2808 497 multo
2832 445 2999 514 magis
3031 455 3446 515 corrumpuntur
3492 455 3548 501 et
3577 446 3743 502 inter-

2166 541 2295 586 eunt
2319 574 2335 598 ,
2365 547 2520 602 quam
2569 533 2685 588 haec
2722 531 2981 589 membra.
3023 536 3381 603 Quamobrem
3409 552 3514 592 non
3546 547 3628 594 est
3655 542 3733 592 sic

2164 638 2358 694 corpus
2384 639 2414 678 a
2457 635 2595 680 terra
2618 658 2638 691 ,
2663 627 2799 681 sicut
2825 638 3100 697 peccatum
3130 639 3213 682 est
3258 638 3512 685 terrestre
3564 647 3577 682 :
3621 644 3742 683 nam

2165 728 2361 784 corpus
2407 715 2694 787 aliquando
2734 718 2949 787 quidem
2992 717 3270 789 pulchrum
3324 721 3562 775 cernitur
3605 721 3743 774 :illa

2164 815 2341 860 autem
2386 822 2695 877 numquam.
2727 808 2795 862 Et
2820 808 2997 862 omnia
3039 824 3158 878 quae
3185 818 3310 864 sunt
3354 825 3518 879 super
3544 818 3743 865 terram

2165 895 2552 965 concupiscunt
2582 893 2697 951 haec
2723 899 2983 952 membra.
3015 898 3070 954 Si
3103 900 3226 953 talis
3268 900 3338 953 sit
3378 901 3586 965 oculus,
3638 917 3742 957 non

2169 984 2318 1041 videt
2341 1002 2461 1056 qua
2481 997 2607 1043 sunt
2630 988 2684 1043 in
2706 989 2871 1052 caelis,
2892 990 3111 1053 siauris,
3142 991 3186 1045 si
3218 1006 3405 1045 manus
3422 1033 3436 1058 ,
3459 994 3503 1046 si
3521 993 3745 1063 quodvis

2168 1078 2469 1134 membrum
2519 1080 2739 1135 dixeris.
2791 1080 2990 1136 Oculus
3037 1082 3182 1137 videt
3232 1098 3481 1153 corpora,
3521 1093 3574 1138 et
3625 1085 3742 1153 pul-

2165 1170 2517 1241 chritudines,
2545 1183 2601 1228 et
2649 1174 2841 1244 ﬁguras
2871 1174 2969 1228 has
3014 1190 3134 1245 quae
3183 1188 3308 1230 sunt
3350 1190 3416 1231 ex
3450 1185 3627 1240 terra;
3661 1177 3744 1232 his

2166 1260 2460 1317 delectatur
2490 1280 2506 1330 ;
2539 1264 2684 1320 auris
2720 1265 2866 1319 molli
2906 1275 3089 1330 cantu,
3116 1266 3321 1321 cithara
3369 1276 3425 1321 et
3462 1267 3657 1323 ﬁstula.
3689 1280 3744 1322 et

2168 1353 2306 1423 turpi
2333 1368 2583 1410 sermone
2615 1376 2629 1411 :
2660 1354 2779 1411 haec
2802 1364 2982 1411 autem
3012 1364 3138 1410 sunt
3170 1357 3310 1411 circa
3337 1368 3555 1411 terram.
3587 1357 3742 1413 Post-

2167 1460 2327 1515 quam
2377 1461 2505 1518 ergo
2556 1449 2802 1518 superius
2830 1463 2926 1505 eos
2969 1449 3245 1505 collocarit
3269 1451 3421 1519 juxta
3450 1450 3697 1506 thronum
3724 1493 3741 1519 ,

2168 1543 2293 1590 tunc
2315 1536 2464 1605 dicit,
2498 1537 2807 1608 Mortiﬁcate
2848 1542 3068 1595 membra
3100 1551 3263 1619 vestra
3289 1557 3402 1613 qua:
3434 1552 3553 1596 sunt
3594 1560 3747 1613 super

2168 1635 2372 1681 terram.
2406 1627 2521 1683 Non
2552 1630 2675 1684 licet
2698 1639 2842 1685 stare
2869 1632 3115 1701 superius
3159 1648 3284 1688 cum
3322 1633 3406 1688 his
3446 1634 3741 1688 membris:

2168 1730 2273 1771 non
2304 1726 2386 1772 est
2412 1719 2554 1773 enim
2583 1720 2690 1776 illic
2715 1722 2770 1775 in
2797 1723 2936 1791 quod
2967 1737 3029 1777 ea
3054 1726 3263 1794 operari
3290 1735 3520 1794 oportet.
3551 1726 3617 1781 Et
3644 1726 3744 1783 hoc

2167 1809 2336 1864 lutum
2365 1820 2447 1866 est
2475 1812 2568 1867 illo
2598 1813 2748 1883 pejus
2774 1832 2788 1868 :
2819 1831 2942 1869 nam
2974 1817 3103 1871 illud
3124 1818 3336 1886 quidem
3366 1818 3534 1873 lutum
3564 1819 3619 1873 ﬁt
3652 1836 3745 1874 au-

2167 1917 2284 1957 rum
2311 1920 2327 1969 ;
2362 1902 2571 1972 Oportet
2614 1908 2784 1969 enim,
2814 1908 3023 1977 inquit,
3056 1908 3379 1977 corruptibile
3420 1911 3515 1964 hoc
3540 1912 3747 1966 induere

2168 1994 2597 2067 incorruptionem
2624 2000 2703 2067 (1.
2730 2002 2854 2053 (λον.
2897 2000 2985 2056 15.
3017 2001 3109 2071 55)
3151 2016 3166 2054 :
3211 2002 3313 2057 hoc
3358 2013 3536 2058 autem
3575 2004 3744 2058 lutunt

2169 2101 2275 2141 non
2302 2097 2477 2157 potest
2504 2104 2688 2145 rursus
2712 2090 2856 2145 fundi
2878 2102 2933 2147 et
2956 2092 3197 2148 conﬂari.
3230 2095 3587 2161 Quamobrem
3626 2098 3743 2151 haec

2168 2179 2339 2250 magis
2383 2190 2510 2235 sunt
2536 2196 2697 2250 supra
2727 2191 2921 2237 terram
2944 2223 2959 2249 ,
2987 2199 3144 2252 quam
3173 2184 3281 2238 illa.
3318 2185 3607 2254 Propterea
3639 2203 3745 2242 nun

2168 2269 2342 2337 dixit,
2368 2269 2499 2337 Quae
2527 2281 2653 2326 sunt
2680 2287 2711 2327 e
2743 2282 2903 2338 terra,
2954 2273 3048 2329 sed
3068 2314 3083 2340 ,
3142 2274 3268 2341 Quae
3311 2292 3469 2345 supra
3513 2287 3696 2331 terram
3727 2294 3746 2330 :

2168 2359 2283 2414 ﬁeri
2326 2361 2468 2416 enim
2496 2370 2672 2431 potest
2700 2372 2759 2418 ut
2780 2363 2913 2418 hate
2941 2380 3044 2419 non
3088 2365 3196 2420 sint
3222 2382 3253 2421 e
3280 2374 3440 2421 terra.
3472 2366 3601 2422 Nam
3634 2369 3747 2424 haec

2168 2449 2384 2520 quidem
2401 2466 2624 2508 necesse
2644 2463 2725 2508 est
2750 2468 2874 2510 esse
2895 2470 3056 2524 super
3073 2468 3304 2519 terram;
3336 2458 3420 2512 illa
3442 2468 3619 2515 autem
3646 2474 3744 2515 ne-

2168 2557 2431 2613 quaquam
2461 2553 2544 2599 est
2572 2559 2813 2602 necesse.
2854 2547 2985 2601 Nam
3016 2550 3162 2604 auris
3202 2550 3417 2619 quidem
3448 2567 3568 2606 cum
3615 2553 3745 2608 nihil

2168 2634 2317 2689 audit
2343 2650 2409 2690 ex
2438 2635 2503 2690 iis
2528 2652 2646 2706 quae
2676 2637 2762 2693 hic
2783 2638 3054 2705 dicuntur,
3086 2640 3178 2695 sed
3210 2657 3278 2697 ex
3306 2643 3369 2697 iis
3395 2659 3514 2714 quae
3543 2655 3666 2699 sunt
3694 2647 3745 2701 in

2168 2726 2349 2793 oculis;
2376 2729 2591 2798 quando
2609 2730 2797 2786 oculus
2824 2732 2956 2787 nihil
2983 2733 3127 2787 videt
3153 2748 3219 2788 ex
3250 2734 3316 2789 iis
3341 2751 3460 2805 qua:
3486 2747 3609 2791 sunt
3637 2736 3744 2803 hic,

2169 2818 2265 2873 sed
2293 2834 2412 2890 quas
2440 2837 2623 2891 supra,
2646 2839 2752 2878 non
2770 2833 2852 2879 est
2875 2839 3037 2894 super
3058 2834 3285 2893 terram;
3304 2828 3515 2897 quando
3537 2843 3598 2884 os
3614 2830 3749 2885 nihil

2170 2910 2406 2981 loquitur
2430 2928 2496 2968 ex
2527 2915 2594 2970 iis
2636 2931 2755 2985 quae
2783 2916 2871 2971 hic
2898 2927 3044 2984 sunt,
3078 2933 3183 2973 non
3210 2930 3291 2974 est
3320 2935 3481 2990 super
3514 2931 3744 2977 terram:

2169 3006 2384 3076 quando
2410 3022 2597 3063 manus
2622 3008 2753 3063 nihil
2779 3010 2963 3064 fecerit
2988 3026 3055 3065 ex
3082 3010 3148 3066 iis
3168 3027 3286 3082 qua:
3302 3021 3427 3067 sunt
3451 3014 3609 3081 mala,
3640 3030 3747 3068 non

2168 3106 2254 3153 est
2276 3112 2342 3153 ex
2372 3098 2438 3154 iis
2463 3112 2582 3168 quae
2608 3109 2733 3154 sunt
2753 3114 2914 3170 supra
2942 3109 3162 3170 terram,
3192 3101 3288 3157 sed
3313 3117 3379 3157 ex
3402 3103 3466 3157 iis
3486 3119 3606 3175 quae
3625 3114 3750 3160 sunt

2168 3187 2222 3243 in
2252 3188 2417 3243 caelis.

2241 3281 2297 3335 4.
2326 3281 2438 3336 Hoc
2464 3281 2623 3336 etiam
2650 3281 2781 3339 dicit
2822 3280 3067 3339 Christus
3097 3300 3112 3339 :
3146 3284 3209 3340 Si
3229 3287 3405 3340 oculus
3438 3296 3551 3341 tuus
3578 3288 3751 3342 dexter

2172 3381 2220 3427 te
2254 3374 2584 3441 scandalizet,
2626 3375 2681 3431 id
2718 3384 2822 3444 est,
2868 3376 2915 3431 si
2958 3378 3151 3448 aSpicis
3198 3379 3485 3449 impudice,
3517 3382 3750 3436 exscinde

2168 3484 2286 3522 eum
2319 3467 2529 3538 (Matth.
2584 3470 2638 3524 5.
2669 3469 2800 3539 29);
2836 3469 2938 3524 hoc
2977 3482 3078 3537 est,
3112 3473 3307 3528 malam
3347 3473 3746 3544 cogitationem.

2172 3558 2300 3612 Mihi
2325 3568 2505 3614 autem
2534 3560 2746 3615 videtur
2780 3561 3209 3628 fornicationem,
3238 3564 3651 3629 immunditiam,
3686 3566 3749 3619 li-

2172 3649 2444 3717 bidinem,
2504 3652 3018 3722 concupiscentiam,
3076 3654 3380 3724 signiﬁcare
3432 3656 3748 3712 fornicatio-

2173 3756 2319 3807 nem,
2350 3758 2445 3812 per
2490 3742 2605 3797 haec
2654 3744 2831 3798 omnia
2872 3759 2970 3799 nos
3018 3744 3086 3799 ab
3132 3760 3192 3799 ea
3238 3761 3299 3800 re
3349 3746 3638 3802 abducens.
3695 3749 3751 3804 ιιι

2173 3834 2316 3889 enim
2343 3844 2427 3889 est
2456 3849 2640 3891 revera
2684 3837 2844 3890 animi
2890 3837 3141 3901 morbus;
3184 3846 3238 3891 et
3265 3838 3402 3892 sicut
3429 3854 3623 3909 corpus
3654 3856 3748 3910 pa-

2176 3926 2341 3992 titur,
2397 3934 2490 3981 aut
2544 3926 2674 3981 febri
2726 3926 2970 3991 laborat,
3001 3937 3093 3981 aut
3146 3928 3458 3985 vulneratur
3499 3931 3618 3985 :ita
3666 3931 3753 3987 hic

2174 4031 2388 4087 quoque
2408 4016 2649 4073 allectus.
2675 4018 2743 4072 Et
2763 4034 2869 4073 non
2892 4018 3044 4085 dixit,
3073 4019 3388 4090 chrimite,
3417 4021 3533 4086 sed,
3565 4021 3750 4076 Morti-

2176 4108 2344 4177 ﬁcate,
2369 4120 2427 4163 ut
2450 4109 2518 4164 de
2542 4119 2740 4164 caetero
2765 4124 2870 4164 non
2897 4112 3063 4179 possit
3102 4126 3384 4181 resurgere
3405 4153 3419 4177 ,
3444 4122 3499 4167 et
3524 4112 3749 4168 auferte.

2176 4198 2439 4254 Mortuum
2459 4199 2787 4256 auferimus:
2816 4201 2981 4267 velut,
3024 4202 3072 4257 si
3096 4203 3218 4257 calli
3259 4204 3366 4258 sint
3405 4205 3711 4275 incorpore
3736 4249 3750 4268 .

2176 4306 2371 4361 corpus
2397 4300 2482 4348 est
2509 4302 2797 4359 mortuum,
2824 4303 2879 4349 et
2901 4294 2952 4349 id
2977 4293 3293 4351 auferimus.
3338 4296 3446 4352 Sed
3488 4299 3532 4352 si
3576 4300 3753 4353 vivum

2177 4384 2413 4439 secueris
2435 4424 2451 4449 ,
2475 4383 2631 4439 affert
2652 4385 2891 4440 dolorem
2919 4403 2934 4451 ;
2966 4387 3049 4441 sin
3075 4396 3252 4441 autem
3281 4400 3455 4443 morte
3478 4389 3749 4455 affectum,

2180 4489 2247 4528 ne
2266 4475 2527 4529 sentimus
2554 4475 2789 4545 quidem.
2819 4476 2895 4530 lta
2938 4478 3101 4532 etiam
3128 4479 3180 4532 in
3208 4480 3371 4533 animi
3392 4479 3668 4538 affectibus
3703 4494 3758 4537 et

2178 4564 2382 4619 morbis
2407 4580 2422 4630 ;
2449 4580 2510 4620 ea
2540 4566 2770 4620 animam
2798 4565 3038 4622 efﬁciunt
3078 4569 3369 4638 patibilem,
3396 4585 3515 4641 quae
3547 4582 3630 4627 est
3656 4575 3750 4626 im-

2179 4655 2442 4710 mortalis.
2475 4655 2757 4721 Quomodo
2799 4657 3103 4713 idololatria
3131 4660 3270 4714 dicta
3299 4662 3369 4716 sit
3399 4664 3619 4717 avaritia
3650 4679 3754 4718 sa:-

2181 4748 2301 4819 pius
2323 4747 2575 4803 diximus.
2602 4749 2732 4815 Quae
2760 4750 2903 4805 enim
2925 4751 2978 4805 in
3006 4750 3296 4807 humanum
3324 4769 3489 4825 genus
3518 4758 3759 4825 tyranni-

2180 4839 2304 4893 dem
2332 4839 2569 4894 maxime
2593 4848 2884 4906 exercent,
2913 4841 3026 4896 haec
3051 4854 3197 4909 sunt,
3230 4847 3448 4901 avaritia
3484 4860 3538 4902 et
3564 4847 3761 4903 intem-

2180 4933 2419 5001 perantia
2441 4941 2495 4986 et
2517 4934 2943 5003 concupiscentia
2972 4936 3132 4990 mala.
3160 4934 3380 5007 Propter
3396 4955 3506 5007 qua:
3529 4943 3657 4994 venit
3684 4943 3763 4993 ira

2182 5021 2280 5077 Dei
2295 5038 2446 5092 super
2460 5024 2594 5092 ﬁlios
2614 5025 2981 5080 inobedientite.
3007 5025 3171 5082 Filios
3201 5029 3331 5084 dicit
3359 5032 3758 5096 inobedientias,

2181 5131 2277 5171 eos
2302 5118 2519 5186 privans
2544 5119 2720 5180 venia,
2748 5129 2802 5173 et
2825 5120 3114 5176 ostendens
3140 5137 3235 5177 eos
3262 5123 3312 5176 in
3341 5122 3423 5178 his
3445 5140 3584 5191 esse,
3617 5130 3763 5195 quod

2183 5224 2291 5264 non
2320 5210 2612 5279 paruerint.
2643 5208 2709 5263 In
2730 5211 2927 5279 quibus,
2952 5212 3141 5283 inquit,
3165 5223 3210 5267 et
3232 5230 3315 5268 vos
3336 5216 3632 5270 ambulastis
3658 5220 3729 5270 ali
3744 5250 3762 5259 -

2180 5300 2405 5369 quando,
2435 5309 2483 5353 et
2508 5302 2738 5368 persuasi
2763 5302 2903 5355 estis.
2933 5303 3181 5358 Ostendit
3221 5321 3313 5359 eos
3340 5307 3516 5361 adhuc
3541 5321 3661 5361 esse
3707 5309 3763 5361 in

2182 5394 2247 5447 iis
2271 5432 2287 5459 ,
2313 5401 2368 5448 et
2392 5392 2573 5447 laudat
2594 5432 2609 5455 ,
2639 5391 2823 5448 dicens
2855 5410 2868 5447 :
2900 5392 3054 5448 Nunc
3097 5407 3267 5449 autem
3300 5396 3553 5466 deponitis
3577 5408 3625 5450 et
3671 5413 3759 5450 vos

2183 5486 2374 5552 omnia,
2403 5486 2555 5552 iram,
2581 5485 2981 5556 indignationem
3002 5528 3017 5549 ,
3050 5490 3318 5553 malitiam,
3350 5490 3716 5560 blasphemiam
3742 5533 3756 5553 ,

2181 5586 2378 5646 turpem
2403 5591 2701 5630 sermonem.
2728 5575 2847 5631 Non
2869 5582 2935 5631 ad
2961 5578 3107 5646 illos,
3135 5580 3233 5635 sed
3261 5581 3557 5636 orationem
3586 5580 3759 5635 dedu-

2182 5669 2258 5724 cit
2282 5666 2349 5721 ad
2390 5666 2525 5721 alios
2549 5706 2565 5734 ,
2596 5681 2664 5722 ne
2694 5665 2869 5723 feriat.
2902 5667 3271 5741 Blasphemias
3299 5672 3430 5727 dicit
3472 5673 3760 5728 maledicta

2133 5835 2142 5840 _
2184 5770 2238 5818 et
2264 5761 2539 5830 cothcia;
2568 5761 2706 5817 sicut
2747 5762 2879 5818 iram
2923 5763 3051 5821 dicit
3095 5766 3366 5823 malitiam.
3414 5768 3552 5823 Alibi
3581 5778 3765 5825 autem
