4148 6402
452 273 557 331 355

453 389 486 457 ὴ
524 387 632 456 γὰρ
667 383 984 456 ἀνθρωπίνη
1011 386 1198 457 εἰρήνη
1229 385 1292 437 ἐκ
1328 387 1421 438 τοῦ
1453 386 1759 456 ἀμύνασθαι
1790 388 2019 455 γίνεται,

451 479 514 531 ἐκ
542 473 636 526 τοῦ
670 472 833 543 μηδὲν
864 474 1093 543 πάσχειν
1125 473 1313 525 δεινόν.
1356 473 1493 526 Ἀλλ’
1520 475 1580 526 οὐ
1605 474 1808 545 ταύτην
1839 473 2022 544 βούλο-

454 582 571 636 μαι,
592 562 775 633 φησὶν,
798 562 911 615 ἀλλ’
945 560 1179 630 ἐκείνην,
1200 563 1266 632 ἣν
1291 563 1319 612 6
1346 562 1579 632 Χριστὸς
1611 562 1820 631 ἀφῆκεν
1839 560 2021 622 αὐτός.

450 653 671 706 Στάδιον
708 650 854 703 ἔνδον
885 651 1137 718 ἐποίησεν
1164 650 1221 701 ἐν
1252 652 1362 712 τοῖς
1395 649 1695 719 λογισμοῖς,
1721 650 1814 702 καὶ
1838 648 2023 716 ἀγῶνα

449 743 545 794 καὶ
577 739 801 809 ἄθλησιν
840 737 936 790 καὶ
976 736 1301 807 βραϐευτήν.
1341 732 1471 789 Εἶτα
1501 736 1665 789 πάλιν
1704 735 2022 807 προτροπήο

449 830 555 894 Είς
595 825 676 893 ἣν
705 826 1019 891 ἐκλήθητε,
1044 824 1203 894 φησί·
1235 823 1531 884 τουτέστιν,
1550 816 1694 897 ἐφ”ᾖ
1731 821 2020 893 ἐκλήθητε.

461 914 792 984 Ἀνέμνησεν
810 913 947 966 ὅσων
971 910 1192 978 ἀγαθῶν
1220 910 1419 979 αἰτίαή
1452 910 1665 980 εἰρήνη.
1693 910 1790 962 Διά
1814 909 2023 978 ταύτην

452 1021 514 1056 σε
561 1002 838 1063 ἐκάλεσεν,
867 1001 961 1053 ἐπὶ
1008 999 1178 1069 ταύτῃ
1213 998 1491 1061 ἐκάλεσεν,
1527 997 1669 1050 ὥστε
1715 998 2025 1062 ἀξιόπιστον

450 1088 810 1155 ἀναδέξασθαι
839 1087 899 1139 τὸ
923 1086 1197 1159 βραϐεῖον.
1228 1086 1326 1138 Διά
1347 1086 1400 1138 τί
1428 1087 1533 1158 γάρ
1566 1084 1624 1139 ἓν
1656 1085 1815 1156 σῶμα
1844 1086 2027 1156 ἐποίη-

454 1194 576 1241 σεν;
601 1176 699 1244 οὐχ
739 1174 824 1227 ἵνα
862 1173 1000 1242 αῦτη
1044 1176 1252 1244 κρατῇ;
1289 1174 1386 1241 οὐχ
1419 1174 1504 1225 ἵνα
1538 1173 1792 1244 ἀφορμὴν
1818 1173 2027 1245 ἔχωμεν

450 1264 545 1317 τοῦ
570 1260 896 1334 είρηνεύειν;
924 1261 1018 1313 Διά
1049 1261 1100 1312 τί
1126 1260 1326 1321 πάντες
1346 1261 1403 1312 ἒν
1432 1260 1592 1330 σῶμά
1614 1261 1811 1331 ἐσμεν;
1836 1262 1951 1325 πῶς
1970 1263 2027 1316 δὲ

453 1352 511 1404 ἓν
558 1351 718 1420 σῶμά
746 1352 942 1420 ἐσμενς
967 1349 1065 1402 Διά
1090 1347 1185 1417 τὴν
1212 1349 1432 1418 εἰρήνην
1464 1347 1620 1417 σῶμα
1644 1347 1702 1399 έν
1724 1349 1910 1419 ἐσμεν,
1935 1350 2027 1402 καὶ

452 1439 538 1492 διά
560 1438 620 1490 τὸ
650 1437 809 1506 σῶμα
838 1435 895 1489 ἓν
938 1433 1098 1497 εἶναι,
1130 1434 1506 1503 είρηνεύομεν.
1536 1434 1635 1487 Διά
1658 1434 1710 1487 τί
1743 1434 1797 1487 δὲ
1827 1435 1925 1488 οὐκ
1951 1431 2026 1488 εἴ·

455 1544 574 1588 πεν,
614 1525 679 1577 Ἠ
704 1524 894 1594 εἰρήνη
926 1520 1019 1575 τοῦ
1050 1522 1183 1574 Θεοῦ
1213 1521 1436 1586 νικάτω,
1471 1520 1626 1583 ἀλλά,
1656 1522 2026 1588 Βραϐευέτω;

466 1612 932 1681 Ἀξιοπιστοτέραν
978 1610 1145 1680 αὐτὴν
1178 1609 1420 1679 ἐποίησε.
1458 1609 1561 1662 Τὸν
1612 1610 1845 1681 πονηρὸν
1878 1610 2027 1678 λογι-

456 1701 591 1769 σμὸν
613 1699 711 1752 οὐκ
725 1696 936 1766 ἀφῆκεν
963 1696 1097 1766 αὐτῇ
1124 1695 1539 1767 προσπαλαίειν,
1563 1695 1699 1750 ἀλλά
1722 1696 2026 1768 κατώτερον

454 1789 693 1842 ἑστάναι.
717 1787 825 1839 Kal
848 1785 908 1839 τὸ
926 1785 1017 1839 τοῦ
1045 1784 1294 1854 βραϐείου
1314 1784 1484 1855 ὄνομα
1510 1784 1681 1855 ἐπῆρε
1714 1785 1803 1838 τὸν
1826 1786 2028 1855 ἀκροα-

452 1877 572 1946 τήν.
604 1877 701 1928 Ἂν
731 1874 838 1944 γὰρ
867 1872 941 1942 δῷ
995 1858 1243 1943 βραϐεῖον
1290 1870 1368 1942 τῷ
1409 1871 1599 1941 ἀγαθῷ
1635 1871 1896 1943 λογισμῷ,
1927 1873 2027 1926 ὅσα

456 1960 693 2033 [5841ἀν
746 1962 1076 2029 ἀναισχυντῇ
1128 1960 1354 2021 ἐκεῖνος,
1391 1960 1543 2012 οὐδὲν
1590 1959 1779 2027 ὄφελος
1820 1960 2024 2014 λοιπόν.

460 2048 664 2110 Ἀλλως
689 2048 745 2100 δέ
773 2049 975 2109 ἐκεῖνος
1003 2044 1158 2109 εἰδὼς
1182 2041 1270 2117 ἦν,
1290 2046 1372 2098 ὅτι
1398 2046 1496 2098 ὅσα
1520 2044 1585 2098 ἄν
1612 2047 1932 2118 ἐργάσηται,
1964 2047 2027 2100 οὐ

454 2134 684 2205 λήψεται
712 2134 771 2186 τὸ
807 2133 1055 2205 βραϐεῖον
1074 2151 1087 2163 ·
1113 2135 1214 2186 ὅσα
1243 2134 1308 2186 ἂν
1343 2133 1549 2206 πνεύσῃ
1578 2134 1669 2186 καὶ
1703 2135 2028 2208 ἐπιχειρήσῃ

456 2222 811 2292 σφοδρότερον
851 2220 1197 2293 προσϐαλεῖν,
1228 2220 1324 2273 an
1354 2220 1555 2290 ἀνόητα
1581 2220 1756 2273 πονῶν
1786 2223 2027 2292 ἀποστή-

457 2327 629 2365 σεται.
688 2308 795 2364 Kal
847 2308 1027 2372 καλῶς
1096 2308 1443 2379 προσέθηκε,
1511 2308 1623 2362 Καὶ
1682 2307 2028 2377 εὐχάριστοι

453 2401 714 2469 τίνεσθε.
766 2395 939 2449 Τοῦτο
983 2396 1092 2468 γάρ
1150 2399 1298 2449 ἐστιν
1348 2397 1670 2468 εὐχάριστον
1721 2390 1881 2461 εῖναι,
1935 2398 2029 2451 καὶ

457 2487 660 2557 σφόδρα
686 2484 1071 2553 ὲντρεπτικῶς,
1093 2484 1155 2536 τὸ
1178 2484 1379 2553 ὁμοίως
1409 2483 1710 2554 κεχρῆσθαι
1744 2485 1858 2546 τοῖς
1896 2486 2027 2554 ὁμο-

454 2575 680 2639 δούλοις,
703 2569 892 2645 ὥσπερ
937 2573 1088 2643 αὐτῷ
1131 2574 1160 2625 ὁ
1187 2572 1343 2635 Θεὸς,
1366 2572 1427 2625 τὸ
1466 2574 1633 2625 εἴκειν
1670 2569 1748 2641 τῷ
1774 2571 2028 2644 δεσπότῃ,

455 2664 517 2716 τὸ
547 2662 853 2724 πείθεσθαι,
879 2659 940 2714 τὸ
986 2660 1127 2731 ὑπὲρ
1161 2660 1377 2713 πάντων
1415 2661 1573 2730 χάριν
1606 2659 1902 2729 ὁμολογεῖν,
1927 2659 2031 2713 κᾶν

458 2749 656 2821 ὑϐρίσῃ
684 2766 787 2811 τις,
829 2749 935 2801 κᾶν
965 2747 1166 2819 πλήξῃ.
1202 2748 1275 2799 Οὐ
1312 2747 1420 2817 γάρ
1451 2747 1515 2818 δὴ
1541 2748 1568 2799 ὁ
1608 2746 1683 2816 τῷ
1712 2747 1831 2817 Θεῷ
1872 2746 2030 2817 χάριν

455 2837 752 2909 ὁμολογῶν,
780 2836 921 2905 ὑπὲρ
948 2829 1023 2889 ὧν
1054 2834 1245 2898 ἔπαθε,
1267 2834 1357 2887 τὸν
1383 2835 1685 2903 ποιήσαντα
1715 2835 2026 2904 ἀμυνεῖται·

455 2928 532 2990 ὠς
574 2928 667 2995 ὅγε
720 2926 1058 2996 ἀμυνόμενος
1103 2924 1199 2993 οὐχ
1235 2923 1486 2992 ὁμολογεῖ
1526 2923 1702 2994 χάριν.
1755 2922 1914 2975 Ἀλλά
1956 2922 2030 2992 μὴ

458 3016 577 3068 κατ’
604 3016 808 3066 ἐκεῖνον
835 3012 927 3065 τὸν
954 3011 1023 3065 τά
1063 3012 1259 3064 ἑκατὸν
1286 3010 1518 3080 δηνάρια
1551 3022 1575 3050 α
1608 3008 1912 3079 γενώμεθα,
1944 3010 2031 3061 ἴνα

462 3101 536 3171 μὴ
564 3101 907 3169 ἀκούσωμεν,
926 3096 1161 3164 Πονηρὲ
1179 3096 1380 3150 δοῦλεο
1403 3096 1553 3149 οὐδὲν
1577 3096 1686 3166 γάρ
1715 3096 1814 3166 τῆς
1842 3096 2034 3166 ἀχαρι-

461 3188 613 3251 στίας
638 3186 839 3257 ταύτης
863 3188 1066 3255 χεῖρον.
1095 3185 1260 3236 Ὥστε
1286 3182 1571 3254 ἀχάριστοι
1605 3184 1654 3234 οἱ
1677 3182 2029 3252 ἀμυνόμενοι.

458 3274 560 3325 Διά
589 3273 641 3325 τί
667 3273 723 3325 δέ
743 3273 835 3324 ἐπὶ
850 3271 946 3342 τὴν
961 3270 1217 3341 πορνείαν
1241 3268 1462 3339 πρώτην
1480 3263 1675 3337 ἦλθεν;
1701 3267 1868 3320 είπὼν
1901 3268 2029 3337 γὰρ,

458 3361 807 3431 Νεκρώσατε
860 3358 1025 3429 ὑμῶν
1061 3358 1133 3412 τὰ
1164 3357 1319 3427 μέλη
1348 3357 1419 3410 τὰ
1444 3358 1541 3410 ἐπὶ
1567 3357 1678 3425 τῆς
1708 3356 1840 3426 γῆς,
1872 3357 2034 3420 εὐθύς

461 3466 618 3519 φησι,
655 3448 965 3515 Πορνείαν,
996 3446 1091 3498 καὶ
1120 3444 1279 3497 τοῦτο
1327 3444 1510 3513 σχεδὸν
1560 3444 1834 3514 πανταχοῦ
1868 3447 2031 3499 ποιεῖ.

462 3536 585 3591 Ὅτι
622 3537 855 3607 μάλιστα
891 3533 1050 3586 τοῦτὸ
1101 3533 1294 3601 κρατεῖ
1338 3532 1397 3583 τὸ
1436 3531 1637 3594 πάθοςο
1668 3533 1762 3584 καὶ
1793 3532 1901 3601 γάρ
1939 3533 2034 3585 καὶ

460 3625 521 3678 ἐν
539 3626 605 3694 τῇ
634 3622 767 3693 πρὸς
783 3620 1192 3681 Θεσσαλονικεῖς
1217 3619 1463 3688 γράφων,
1482 3617 1636 3670 τοῦτο
1660 3618 1902 3689 ἐποίησε.
1924 3620 2034 3672 Kal

460 3710 515 3765 τί
543 3708 881 3780 θαυμαστόν;
909 3709 1040 3760 ὅπου
1092 3724 1154 3774 γε
1184 3706 1276 3759 καὶ
1308 3704 1554 3776 Τιμοθέῳ
1586 3708 1738 3775 φησὶ,
1772 3706 2035 3761 Σεαυτὸν

461 3798 650 3867 ἁγνὸν
680 3795 874 3864 τήρει·
905 3795 998 3847 καὶ
1026 3790 1185 3846 πάλιν
1218 3791 1471 3860 ἀλλαχοῦ,
1500 3792 1766 3860 Εἰρήνην
1796 3792 2035 3847 διώκετε

459 3884 609 3954 μετὰ
635 3882 895 3943 πάντων,
931 3881 1027 3933 καὶ
1056 3879 1161 3933 τὸν
1192 3878 1506 3947 ἁγιασμόν,
1530 3875 1600 3933 οὗ
1631 3879 1809 3948 χωρὶς
1836 3880 2034 3947 οὐδεὶς

463 3970 674 4042 ὄψεται
710 3968 816 4023 τὸν
861 3966 1542 4035 Κύριον.-Νεκρώσατε,
1566 3968 1717 4036 φησὶ,
1766 3968 1838 4019 τὰ
1877 3968 2033 4037 μέλη

464 4056 651 4128 ὑμῶν.
681 4056 755 4109 Τὸ
782 4055 973 4126 νεκρὸν
1006 4054 1118 4106 ῐστε
1140 4047 1251 4105 οἷόν
1279 4054 1415 4119 ἐστι,
1447 4053 1689 4124 μισητὸν,
1729 4054 2031 4122 βδελυκτὸν,

463 4146 735 4216 διαρρέον.
785 4146 883 4195 ’Ἂν
933 4140 1237 4213 νεκρώσῃς,
1285 4141 1346 4194 οὐ
1410 4143 1563 4210 μένει
1612 4134 1832 4212 νεκρὸν,
1899 4144 2033 4197 ἀλλά

465 4232 745 4304 φθείρεται
771 4230 992 4293 εὐθέως,
1016 4229 1266 4299 καθάπερ
1293 4229 1355 4281 τὸ
1382 4228 1563 4297 σῶμα.
1591 4229 1788 4281 Σϐέσον
1821 4222 1912 4284 οῦν
1935 4233 2033 4302 τὴν

464 4321 795 4392 θερμότητα,
815 4319 910 4372 καὶ
930 4317 1081 4370 οὐδὲν
1107 4318 1134 4356 b
1158 4316 1350 4387 νεκρὸν
1379 4316 1550 4386 μένει.
1572 4317 1851 4370 Δείκνυσιν
1871 4319 2033 4372 αὐτὸν

462 4408 619 4461 τοῦτο
648 4404 1032 4477 ἐργαζόμενον,
1058 4404 1194 4472 ὅπερ
1220 4403 1249 4454 ὁ
1277 4402 1509 4473 Χριστὸς
1533 4405 1622 4456 ἐπὶ
1651 4404 1745 4458 τοῦ
1773 4405 1997 4475 λουτροῦ
2015 4422 2030 4436 ο

464 4496 553 4551 διὰ
595 4493 756 4547 τοῦτο
787 4492 882 4545 καὶ
937 4490 1072 4561 μέλη
1126 4490 1311 4542 καλεῖ·
1345 4490 1596 4561 καθάπερ
1647 4492 1871 4560 ἀριστέα
1911 4494 2033 4546 τινά

465 4583 722 4651 εἰσάγων,
748 4579 841 4633 καὶ
870 4581 948 4640 εἰς
986 4577 1206 4646 μείζονα
1239 4576 1388 4644 ἄγων
1424 4577 1681 4647 ἔμφασιν.
1710 4580 1821 4632 Kal
1851 4580 2033 4645 καλῶς

466 4665 611 4732 εἷπε,
660 4668 737 4721 Τὰ
784 4664 882 4718 ἐπὶ
924 4662 1035 4731 τῆς
1092 4662 1234 4732 γῆς·
1270 4662 1504 4717 ἐνταῦθα
1549 4665 1659 4735 γὰρ
1714 4666 1886 4735 μένει,
1940 4670 2033 4721 καὶ

466 4754 701 4810 ἐνταῦθα
726 4753 1026 4822 φθείρεται,
1048 4750 1228 4820 πολλῷ
1254 4750 1452 4821 μᾶλλον
1471 4751 1580 4804 τῶν
1609 4752 1784 4823 μελῶν
1805 4754 2028 4809 τούτων.

466 4844 630 4896 Ὥστε
658 4842 753 4909 οὐχ
772 4838 913 4892 οὕτω
934 4838 996 4890 τὸ
1018 4838 1176 4907 σῶμά
1204 4839 1352 4891 ἐστιν
1372 4838 1480 4892 ἀπὸ
1499 4840 1619 4908 γῆς,
1636 4839 1711 4903 ὡς
1736 4842 1768 4910 ή
1792 4841 2032 4912 ἁμαρτία
2058 4834 2059 4837 “

465 4931 629 4999 γηῖνη
645 4946 658 4959 ·
678 4927 835 4981 τοῦτο
864 4926 961 4995 μὲν
984 4924 1092 4994 γάρ
1112 4926 1204 4977 καὶ
1230 4924 1390 4978 καλὸν
1410 4926 1657 4993 φαίνεταί
1681 4943 1830 4989 ποτε,
1850 4930 2034 4982 ἐκεῖνα

465 5017 522 5070 δὲ
551 5015 823 5069 οὐδέποτε.
844 5013 952 5065 Kal
978 5011 1195 5064 πάντων
1218 5011 1325 5063 τῶν
1354 5013 1444 5063 ἐπὶ
1466 5012 1567 5081 γῆς
1590 5013 1843 5081 ἐπιθυμεῖ
1862 5016 2032 5069 ταῦτα

466 5106 535 5159 τά
575 5104 728 5175 μέλη.
766 5101 864 5154 Ἂν
908 5096 1241 5171 ὀφθαλμὸςῇ
1288 5100 1545 5164 τοιοῦτος,
1590 5102 1688 5170 οὐχ
1736 5103 1837 5173 ὁρᾷ
1872 5103 1940 5157 τὰ
1974 5107 2033 5157 ἐν

528 5354 554 5383 ι
577 5343 659 5391 Sic
678 5351 849 5389 omnes
874 5350 985 5386 mss.
1015 5333 1182 5384 nostri.
1212 5333 1336 5397 Edil‘i
1360 5348 1495 5391 vero,
1519 5337 1599 5384 τὸν
1619 5338 1677 5385 τὰ
1701 5338 1867 5387 ἑκατὸν
1890 5336 2035 5397 δηνοὶ-

469 5421 547 5468 ριᾳ
563 5405 827 5468 ὀφείλοντα,
852 5398 1080 5468 pfssimp.
1116 5394 1383 5468 Non‘eninl
1398 5399 1459 5445 de
1484 5397 1570 5445 illo
1608 5402 1690 5459 qui
1714 5394 2032 5468 (Iabebat'hic

468 5456 646 5528 igitu'r,
663 5456 832 5528 δραμε
855 5456 944 5528 IIIp
962 5456 1045 5519 qui
1074 5456 1328 5528 εις-ἱξεσθαιἑ
1348 5459 1452 5528 H_ac_
1490 5456 1638 5528 pomi
1660 5459 1850 5528 sybIata
1893 5476 2028 5522 voce,

468 5519 713 5575 sé'menlia
746 5520 1033 5582 imperfecta
1064 5519 1275 5566 videtur.
1299 5520 1396 5582 Sed
1442 5519 1714 5582 hujusmodi
1749 5519 2031 5579 ἀποσιωπήὲ

470 5606 567 5644 σεις
594 5578 1243 5649 l'requenfcr_obsgqyantur,
1268 5578 1477 5629 maxime
1500 5583 1553 5629 in
1574 5581 1650 5631 his
1672 5582 1721 5632 in
1763 5578 2029 5647 Epistolam

470 5650 529 5699 ad
545 5643 859 5700 (οιοεὲςοιιερδ
882 5643 1112 5691 homiliis.

533 5712 558 5752 ι»
575 5710 724 5760 Οὐδὲν
746 5707 986 5771 adjectum
1020 5716 1081 5754 ex
1100 5701 1239 5755 codd.
1264 5708 1317 5754 et
1340 5700 1536 5754 Savilio.

1309 273 1373 327 IN
1417 271 1630 327 EPIST.
1672 272 1763 326 AD
1799 268 2087 328 COLOSS.
2117 269 2268 325 CAP.
2305 272 2396 327 III.
2439 270 2676 328 ΗΟΜΙΙ..
2718 274 2853 330 VIII.

3596 278 3700 333 556

2127 387 2374 457 οὐρανοῖς
2396 404 2408 417 ·
2440 387 2507 440 ἂν
2539 389 2698 459 ἀκοὴ,
2740 390 2806 443 ἂν
2841 392 2984 461 χεὶρ,
3017 390 3085 445 ἀν
3112 391 3290 446 ὁτιοῦν
3323 392 3484 466 εἴπῃς
3520 393 3699 463 μέλος.

2137 474 2441 545 Ὀφθαλμὸς
2484 475 2713 544 σώματα
2761 479 2865 548 ὁρᾷ
2920 479 3015 530 καὶ
3062 478 3232 549 κάλλη
3282 480 3377 532 καὶ
3408 481 3699 550 χρήματαο

2123 561 2297 614 ταῦτα
2332 564 2397 616 τά
2422 574 2443 601 ε
2467 563 2575 616 ἀπὸ
2612 564 2735 633 γῆς,
2755 564 2960 627 τούτοις
2986 566 3248 635 τέρπεται
3269 582 3282 595 ’
3315 568 3347 636 ἡ
3376 566 3514 635 ἀκοὴ
3549 567 3702 635 μέλε.

2128 650 2421 720 μαλθακῷ,
2479 652 2679 722 κιθάρᾳ
2733 654 2828 705 καὶ
2879 652 3101 724 σύριγγι
3150 654 3245 708 καὶ¹
3306 652 3699 723 αἰσχρολογίᾳ·

2123 737 2296 790 ταῦτα
2324 738 2378 790 δὲ
2410 739 2537 809 περί
2567 738 2691 808 γῆν.
2733 739 2952 811 Ἐπειδὴ
2984 736 3077 794 οὖν
3105 740 3332 809 ἔστησεν
3359 741 3557 805 αὐτοὺς
3586 741 3703 794 ἄνω

2125 826 2278 896 παρά
2314 827 2405 879 τὸν
2439 826 2648 898 θρόνον,
2671 828 2792 881 τότε
2842 828 2998 899 φησὶ,
3031 828 3385 897 Νεκρώσατε
3424 828 3496 881 τὰ
3540 826 3698 897 μέλη

2125 912 2294 984 ὑμῶν
2330 917 2402 967 τὰ
2429 915 2526 968 ἐπὶ
2559 914 2670 983 τῆς
2693 914 2825 985 γῆς.
2856 916 2931 969 Οὐ
2958 916 3065 986 γάρ
3095 915 3172 969 ἔνι
3207 917 3398 985 στῆναι
3422 915 3534 969 ἀνω
3565 916 3702 985 μετά

2125 1001 2329 1053 τούτων
2360 1000 2469 1053 τῶν
2508 1001 2686 1070 μελῶν
2705 1019 2719 1033 ’
2759 1002 2860 1055 οὐκ
2895 1002 2973 1055 ενι
3001 1002 3109 1072 γάρ
3140 1003 3275 1064 ἐκεῖ,
3296 1002 3376 1065 εἰς
3402 1002 3430 1053 ὃ
3459 1003 3701 1071 ἐνεργεῖν

2126 1087 2225 1140 δεῖ.
2250 1087 2363 1140 Kal
2392 1082 2545 1149 οὗτος
2577 1090 2605 1141 ὁ
2642 1088 2817 1157 πηλὸς
2853 1087 3053 1159 χείρων
3082 1087 3293 1140 ἐκείνου
3316 1105 3327 1116 ·
3361 1089 3569 1150 ἐκεῖνος
3600 1087 3701 1155 μὲν

2125 1174 2234 1246 γὰρ
2254 1176 2282 1227 ὁ
2312 1174 2482 1245 πηλὸς
2506 1174 2713 1242 γίνεται
2740 1174 2940 1245 χρυσός
2956 1190 2969 1203 ⁸
2988 1174 3231 1243 Δεῖγὰρ,
3250 1172 3403 1243 φησι,
3426 1175 3491 1226 τὸ
3518 1178 3701 1241 φθαρ-

2126 1262 2234 1314 τὸν
2256 1262 2431 1315 τοῦτο
2450 1262 2823 1316 ἐνδύσασθαι
2847 1261 3214 1330 ἀφθαρσίαν-ι
3236 1253 3389 1321 οὗτος
3409 1260 3465 1312 δὲ
3484 1261 3512 1312 ὁ
3530 1259 3701 1329 πηλὸς

2126 1348 2308 1401 οὐκέτι
2345 1348 2783 1421 ἀναχωνευθῆναι
2823 1347 3067 1401 δύναται.
3092 1347 3252 1402 Ὥστε
3293 1346 3463 1399 ταῦτα
3498 1346 3700 1417 μᾶλλον

2126 1438 2218 1490 ἐπὶ
2242 1437 2341 1505 τῆς
2365 1435 2512 1506 [585]
2542 1437 2665 1505 γῆς,
2688 1436 2937 1505 ἢὲκεῖνα.
2961 1436 3057 1488 Διά
3076 1435 3232 1488 τοῦτο
3259 1435 3357 1486 οὐκ
3388 1433 3537 1487 εἶπεν
3567 1434 3700 1486 Ἀπὸ

2126 1519 2233 1588 γῆς
2251 1559 2265 1582 ,
2284 1518 2441 1579 ἀλλά.
2472 1519 2547 1571 Τὰ
2573 1519 2672 1572 ἐπὶ
2705 1517 2815 1585 τῆς
2844 1518 2950 1588 γῆς
2972 1535 2984 1548 ·
3013 1518 3092 1571 ἔνι
3121 1519 3230 1590 γάρ
3256 1517 3427 1571 ταῦτα
3458 1529 3532 1588 μη
3559 1513 3700 1571 εἶναι

2127 1608 2234 1662 ἀπὸ
2255 1608 2379 1677 γῆς.
2401 1608 2587 1660 Ταῦτα
2613 1607 2711 1677 μὲν
2731 1607 2839 1678 γάρ
2865 1609 3081 1676 ἀνάγκη
3105 1608 3198 1660 ἐπὶ
3222 1609 3323 1676 γῆς
3342 1604 3500 1668 εἶναι,
3517 1608 3699 1659 ἐκεῖνα

2126 1698 2182 1751 δὲ
2216 1698 2398 1751 οὐκέτι
2432 1699 2665 1768 ἀνάγκη.
2701 1698 2869 1751 Ὅταν
2889 1697 2997 1767 γάρ
3022 1697 3159 1767 ἀκοὴ
3192 1698 3357 1767 μηδὲν
3389 1696 3562 1768 ἀκούῃ
3589 1695 3698 1748 τῶν

2127 1785 2379 1850 ἐνταῦθα,
2429 1785 2567 1839 ἀλλά
2603 1786 2712 1839 τῶν
2762 1785 2821 1839 ἐν
2868 1784 3113 1851 οὐρανοῖς
3160 1784 3525 1853 λαλουμένων.
3570 1784 3701 1837 ὅταν

2126 1873 2402 1943 ὀφθαλμὸς
2430 1873 2594 1943 μηδὲν
2619 1874 2721 1944 ὁρᾷ
2744 1873 2852 1926 τῶν
2879 1872 3130 1931 ἐνταῦθα.
3157 1872 3293 1925 ἀλλά
3321 1871 3428 1924 τῶν
3453 1872 3582 1933 ἀνω,
3599 1871 3698 1923 οὐκ

2127 1961 2220 2011 ἐπί
2256 1961 2359 2029 γῆς
2387 1962 2565 2013 ἐστιν·
2594 1961 2721 2014 ὅταν
2754 1960 2815 2012 τὸ
2853 1958 3027 2029 στόμα
3070 1959 3236 2029 μηδὲν
3270 1958 3698 2029 φθέγγηταιτῶν

2133 2048 2389 2111 ἐνταῦθα,
2434 2049 2533 2101 οὐκ
2586 2048 2679 2101 ἐπὶ
2735 2048 2839 2117 γῆς
2877 2048 3053 2100 ἐστιν’
3092 2048 3222 2100 ὅταν
3273 2049 3307 2117 ή
3354 2047 3475 2116 χεὶρ
3535 2046 3699 2117 μηδὲν

2129 2139 2343 2210 πράττῃ
2384 2136 2490 2188 τῶν
2530 2135 2803 2205 πονηρῶν,
2833 2135 2933 2189 οὐκ
2988 2134 3103 2189 ἔστι
3148 2136 3253 2189 τῶν
3288 2137 3377 2188 ἐπὶ
3414 2139 3537 2205 γῆς,
3564 2134 3700 2189 ἀλλὰ

2126 2226 2234 2279 τῶν
2260 2227 2317 2278 ἐν
2347 2227 2457 2287 τοῖς
2482 2224 2748 2293 οὐρανοῖς.

2195 2403 2259 2458 δ’.
2278 2402 2447 2455 Τοῦτο
2468 2402 2561 2455 καὶ
2578 2402 2604 2455 ὁ
2620 2399 2851 2472 Χριστός
2866 2417 3048 2471 φησιν,
3064 2400 3199 2453 Ἐὰν
3214 2401 3246 2453 ό
3261 2400 3565 2467 ὀφθαλμός
3582 2413 3701 2452 σου

2128 2494 2162 2545 ὀ
2191 2490 2389 2556 δεξιὸς
2405 2488 2772 2557 σκανδαλίζῃ
2794 2504 2888 2555 σε,
2907 2487 3204 2551 τουτέστιν,
3234 2486 3358 2539 Ἐἀν
3386 2486 3699 2549 ἀκολάστως

2127 2579 2280 2650 ὁρᾷς,
2298 2578 2565 2645 ἔκκοψον
2583 2576 2769 2629 αὐτόν
2786 2592 2801 2605 ο
2819 2574 3084 2639 τουτέστι,
3102 2574 3194 2628 τὸν
3216 2574 3472 2643 λογισμὸν
3490 2573 3581 2627 τὸν
3603 2590 3699 2626 πο-

2128 2666 2313 2736 νηρόν.
2360 2663 2515 2734 Ἐμοὶ
2551 2663 2608 2716 δέ
2635 2662 2783 2715 δοκεῖ
2812 2663 3087 2733 πορνείαν,
3115 2660 3476 2731 ἀκαθαρσίαν,
3505 2660 3697 2722 πάθος,

2130 2751 2444 2821 ἐπιθυμίαν,
2486 2749 2651 2802 ταυτὸ
2691 2749 2891 2817 λέγειν,
2919 2750 3018 2819 τὴν
3058 2748 3335 2819 πορνείαν,
3368 2747 3455 2801 διά
3482 2748 3700 2800 πάντων
3782 2774 3783 2777 η

2128 2838 2332 2891 τούτων
2364 2838 2591 2904 ἀπάγων
2635 2838 2783 2906 ἡμᾶς
2833 2835 2926 2891 τοῦ
2986 2836 3327 2906 πράγματος.
3364 2835 3540 2896 Πάθος
3591 2837 3702 2902 γάρ

2129 2927 2297 2990 ὁντως
2332 2925 2490 2979 τοῦτό
2535 2928 2682 2979 ἐστι’
2716 2926 2810 2979 καὶ
2843 2925 3096 2995 καθάπερ
3127 2924 3188 2977 τὸ
3225 2924 3382 2993 σῶμα
3414 2925 3631 2993 πάσχει,
3665 2924 3700 2993 ἦ

2130 3013 2384 3083 πυρέττει
2431 3012 2463 3082 ἦ
2494 2995 2938 3081 τραυμάτίζεται,
2965 3012 3106 3064 οῦτω
3136 3010 3229 3063 καὶ
3252 3011 3427 3064 τοῦτο.
3457 3012 3566 3064 Kal
3602 3011 3704 3063 οὐκ

2131 3096 2307 3161 εἶπεν,
2327 3100 2629 3168 Ἐπίσχετε,
2663 3098 2817 3162 ἀλλὰ,
2846 3098 3219 3166 Νεκρώσατε,
3246 3097 3387 3150 ὥστε
3411 3098 3546 3166 μηδὲ
3572 3099 3705 3152 ava-

2133 3187 2321 3255 στῆναι
2362 3186 2543 3238 λοιπόν
2563 3202 2577 3215 ·
2604 3186 2697 3237 καὶ
2741 3184 3030 3238 ἀπόθεσθε.
3062 3185 3135 3237 Τὸ
3165 3183 3525 3254 νεκρούμενον
3564 3185 3703 3237 ἀπο-

2131 3273 2428 3344 τιθέμεθα·
2471 3270 2603 3337 οἷον,
2651 3272 2800 3325 τύλοι
2854 3272 2921 3326 ἀν
2970 3266 3101 3325 ὦσιν
3142 3275 3199 3325 ἐν
3240 3273 3318 3343 τῷ
3371 3271 3605 3340 σώματι,
3643 3273 3705 3324 τὸ

2136 3362 2293 3432 σῶμα
2324 3361 2514 3430 νεκρόν
2545 3362 2683 3421 ἐστι,
2712 3361 2806 3412 καὶ
2831 3359 3199 3429 ἀποτιθέμεθα
3231 3360 3381 3414 αὐτό.
3423 3360 3582 3412 Ἀλλά
3608 3360 3704 3411 ἐὰν

2138 3450 2237 3519 μὲν
2261 3449 2366 3511 ζῶν
2394 3447 2584 3519 κὸψης,
2605 3446 2870 3515 ἀλγηδόνα
2901 3445 3128 3516 παρέχει
3150 3462 3163 3475 ·
3189 3445 3256 3498 ἂν
3280 3446 3336 3498 δὲ
3366 3446 3705 3515 νενεκρωμέ-

2133 3552 2244 3602 νον,
2298 3534 2418 3587 οὐδὲ
2448 3531 2821 3601 αἰσθανόμεθα
2857 3531 2903 3586 δ.
2936 3533 3090 3585 Οῦτω
3118 3532 3182 3603 δὴ
3212 3534 3305 3585 καὶ
3332 3533 3423 3585 ἐπὶ
3456 3532 3565 3584 τῶν
3594 3550 3702 3584 πα-

2135 3620 2273 3674 θῶν*
2305 3619 2613 3689 ἀκάθαρτον
2643 3619 2908 3689 ποιεῖτὴν
2936 3618 3133 3688 ψυχὴν,
3163 3619 3412 3689 παθητὴν
3443 3620 3705 3687 ποιεῖτὴν

2133 3708 2312 3778 ψυχὴν
2349 3707 2445 3777 τὴν
2489 3706 2773 3760 ἀθάνατον.
2823 3706 2946 3769 Πῶς
2985 3706 3395 3777 είδωλολατρεία
3423 3706 3637 3777 εἴρηται
3665 3708 3700 3776 ἡ

2134 3793 2434 3858 πλεονεξία,
2464 3792 2723 3854 πολλάκις
2751 3793 3072 3863 εἰρήκαμεν.
3105 3792 3185 3845 Τά
3213 3791 3572 3863 τυραννοῦντα
3593 3792 3703 3863 γὰρ

2143 3884 2377 3953 μάλιστα
2406 3881 2464 3933 τὸ
2479 3880 2587 3933 τῶν
2617 3878 2917 3950 ἀνθρώπων
2940 3880 3116 3948 γένος,
3145 3880 3319 3933 ταῦτά
3348 3881 3482 3941 ἐστι.
3514 3881 3705 3934 πλεον-

2134 3971 2251 4035 εξία
2296 3969 2391 4021 καὶ
2421 3966 2683 4021 ἀκολασία
2702 3968 2796 4020 καὶ
2814 3966 3077 4036 ἐπιθυμία
3098 3968 3262 4038 κακή.
3289 3968 3421 4020 Δι’ᾰ
3447 3968 3702 4035 ἔρχεται,

2135 4060 2317 4130 φησὶν,
2347 4058 2385 4123 η
2413 4057 2557 4126 ὀργὴ
2589 4057 2693 4110 τοῦ
2721 4057 2870 4111 Θεοῦ
2905 4056 3003 4109 ἐπὶ
3035 4056 3178 4122 τοὺς
3205 4057 3374 4122 υἱοὺς
3405 4056 3515 4125 τῆς
3540 4058 3706 4111 ἀπει-

2134 4146 2316 4212 θείας.
2363 4145 2524 4208 Υίοὺς
2575 4143 2858 4205 ἀπειθείας
2910 4143 3088 4212 λέγει,
3139 4144 3455 4215 ἀποστερῶν
3508 4145 3706 4207 αὐτοὺς

2137 4232 2488 4303 συγγνώμης,
2519 4231 2614 4284 καὶ
2656 4231 2872 4292 δεικνὺς
2912 4232 2995 4284 ὅτι
3032 4230 3181 4301 παρά
3216 4230 3276 4283 τὸ
3312 4231 3385 4300 μὴ
3419 4230 3705 4300 πεισθῆναι

2132 4325 2191 4376 ἐν
2216 4324 2422 4385 τούτοις
2449 4319 2607 4374 εἰσίν.
2660 4321 2756 4371 Ἐν
2792 4314 2882 4383 οἷς
2910 4319 3003 4372 καὶ
3033 4320 3221 4388 ὑμεῖς,
3249 4320 3402 4391 φησὶ,
3431 4335 3706 4386 περιεπα-

2133 4408 2354 4476 τήσιιτέ
2386 4423 2551 4474 ποτε,
2586 4406 2682 4459 καὶ
2713 4406 3051 4471 ἐπείσθητε.
3092 4406 3372 4459 Δείκνυσιν
3398 4405 3595 4467 αὐτοὺς
3624 4404 3705 4458 ἔτι

2132 4499 2190 4550 ἐν
2220 4497 2423 4561 αὐτοῖς,
2444 4495 2538 4548 καὶ
2564 4491 2900 4563 ἐγκωμιάζει
2934 4491 3077 4545 οῦτω
3104 4492 3277 4561 λέγων
3298 4507 3309 4518 ·
3333 4493 3483 4545 Νυνὶ
3513 4491 3577 4545 δὲ
3603 4495 3702 4547 καὶ

2130 4584 2301 4653 ὑμεῖς
2326 4583 2618 4636 ἀπόθεσθε
2646 4579 2718 4633 τὰ
2745 4578 2963 4642 πάντα,
2995 4578 3198 4647 ὀργὴν,
3225 4578 3433 4647 θυμὸν.
3464 4580 3703 4641 κακίαν.

2126 4670 2550 4738 βλασφημίαν,
2578 4666 3030 4736 αἰσχρολογίαν.
3065 4666 3179 4719 Οὐκ
3220 4666 3307 4717 ἐπ’
3337 4665 3554 4729 αὐτοὺς,
3588 4666 3704 4721 ἀλλ’

2132 4758 2217 4828 ἐφ’
2242 4759 2461 4829 ἐτέρους
2499 4755 2729 4826 προάγει
2759 4755 2850 4807 τὸν
2878 4754 3056 4823 λόγον,
3084 4754 3224 4806 ὥστε
3261 4753 3334 4824 μὴ
3360 4754 3576 4825 πλῆξαι.
3597 4757 3706 4810 Kal

2134 4845 2479 4916 βλασφημίας
2523 4842 2579 4896 δὲ
2608 4844 2707 4904 τὰς
2752 4842 3020 4913 λοιδορίας
3052 4840 3220 4909 λέγει,
3252 4841 3501 4913 καθάπερ
3536 4843 3705 4913 θυμὸν

2130 4933 2227 5003 τὴν
2274 4931 2539 5003 πονηρίαν
2586 4930 2761 4983 καλεῖ.
2805 4926 3064 4998 ’Δλλαχοῦ
3106 4927 3162 4980 δὲ
3202 4929 3590 4999 ὲντρεπτικῶς,
3622 4932 3711 4983 ὅτι

2145 5021 2460 5087 Ἀλλήλων
2476 5019 2662 5089 ἐσμὲν
2687 5018 2866 5089 μέλη.
2885 5018 3097 5089 Ὥσπερ
3118 5017 3482 5088 δημιουργοὺς
3510 5019 3705 5082 αὐτοὺς

2134 5108 2536 5171 κατασκευάζει
2568 5105 2675 5158 τῶν
2709 5103 3034 5175 ἀνθρώπων,
3072 5104 3164 5156 τὸν
3202 5104 3299 5174 μὲν
3349 5105 3702 5176 ῥιπτούντων,

2131 5196 2222 5248 τὸν
2254 5194 2311 5248 δὲ
2355 5192 2678 5264 δεχομένων.
2724 5188 2891 5246 Εἶπεν
2934 5191 3071 5255 ἐκεῖ,
3122 5190 3197 5243 Τὰ
3230 5190 3407 5260 μέλη,
3450 5191 3703 5253 ἐνταῦθα,

2134 5281 2356 5348 Πάντα,
2384 5281 2538 5352 φησὶ,
2563 5279 2660 5353 τὴν
2690 5280 2938 5351 καρδίαν,
2968 5278 3059 5332 τὸν
3086 5277 3275 5348 θυμὸν,
3298 5278 3359 5330 τὸ
3381 5278 3573 5349 στόμα,
3605 5280 3705 5349 τὴν

2200 5521 2222 5550 ⁸
2249 5516 2331 5567 Sic
2350 5522 2629 5579 correctum
2666 5528 2732 5579 rex
2761 5516 2894 5579 codd.
2912 5553 2926 5576 ,
2974 5515 3207 5579 Cgmmel.
3231 5515 3494 5579 (ξι-δαιτὶ,
3521 5532 3609 5579 pro
3647 5532 3710 5570 ειο

2141 5581 2284 5645 qu_0d_
2297 5578 2578 5645 legebatur,
2598 5578 2678 5625 καὶ
2699 5575 2922 5645 σχήματα
2945 5575 3097 5624 ταῦτα
3122 5578 3257 5625 τά....
3286 5576 3419 5625 Εοιτ.

2158 5639 2224 5751 ’δι
2345 5639 2483 5688 Codd.
2508 5647 2560 5689 et
2583 5652 2734 5702 marg.
2764 5639 2912 5689 Savil.
2936 5645 3208 5699 receptum,
3235 5652 3323 5700 pro
3356 5640 3485 5703 vulg.
3513 5641 3713 5704 ἀλγυνό-

2134 5719 2191 5765 με
2219 5720 2267 5750 α.
2335 5715 2429 5751 οιτ.
