4128 6398
395 336 498 391 337

395 448 776 519 βλασφημίαν,
825 447 951 509 τοὺς
999 446 1348 516 ὀφθαλμοὺς,
1400 444 1498 515 τὴν
1558 444 1834 514 πορνείαν,
1871 445 1970 513 τὴν

396 536 729 600 πλεονεξίαν,
759 536 946 606 χεῖρας
994 534 1087 587 καὶ
1138 534 1323 595 πόδας,
1352 532 1567 601 ψεῦδος,
1605 531 1703 602 τὴν
1736 531 1972 583 διάνοιαν

394 625 587 694 αὐτὴν,
620 626 715 677 καὶ
742 623 833 675 τὸν
861 621 985 675 νοῦν
1014 621 1105 674 τὸν
1137 620 1383 673 παλαιόν.
1424 620 1569 672 Μίαν
1607 618 1719 688 ἔχει
1762 617 1973 687 μορφὴν

394 711 679 783 βασιλικὴν
723 709 821 781 τὴν
871 707 963 761 τοῦ
1010 706 1268 780 Χριστοῦ.
1322 704 1548 758 Δοκοῦσί
1583 722 1673 775 μοι
1707 704 1764 770 ἐξ
1806 703 1975 756 ἐθνῶν

395 795 532 853 εἶναι
564 797 763 868 μᾶλλον
788 792 954 858 οὗτοι,
973 796 1110 866 πρὸς
1126 794 1220 858 οὓς
1252 794 1345 847 καὶ
1373 794 1739 853 ἀποτείνεται,
1762 792 1975 854 δεικνὺς

395 887 477 938 ὅτι
515 884 644 954 μίαν
677 884 789 953 ἔχει
825 883 1036 953 μορφὴν
1073 882 1356 952 βασιλικὴν
1388 880 1455 932 τὰ
1496 880 1651 950 μέλη,
1680 880 1781 933 κᾶν
1806 880 1834 931 6
1879 879 1976 950 μὲν

400 968 681 1045 μείζων
713 974 740 1023 6
768 972 823 1023 δὲ
868 971 1121 1023 ἐλάττων.
1153 969 1416 1039 Καθάπερ
1442 968 1549 1042 γὰρ
1584 970 1616 1038 ή
1650 967 1719 1037 γῆ
1751 966 1977 1037 ψάμμος

395 1055 530 1111 οὖσα
560 1060 658 1129 τὴν
680 1060 887 1112 οἰκείαν
910 1058 1184 1111 ἀπολλῦσα
1205 1058 1469 1127 πρότερον
1491 1056 1724 1126 μορφὴν,
1754 1054 1878 1106 ύστε
1888 1070 1977 1124 ρον

397 1147 573 1217 χρυσῆ
617 1147 857 1214 γίνεται·
921 1146 1013 1199 καὶ
1071 1145 1321 1214 καθάπερ
1364 1145 1434 1198 τά
1490 1144 1630 1215 ἔρια,
1682 1137 1769 1195 οἷα
1818 1142 1883 1195 ἂν
1917 1137 1972 1214 ᾗ,

398 1235 586 1304 ἑτέραν
605 1234 813 1303 δέχεται
839 1232 979 1300 ὄψιν,
1000 1230 1153 1303 [586]
1182 1232 1276 1284 καὶ
1294 1231 1389 1300 τὴν
1412 1232 1685 1301 προτέραν
1710 1229 1941 1300 ἔκρυψεν
1959 1247 1973 1260 ·

396 1320 538 1372 οὓτω
558 1319 622 1390 δὴ
644 1321 739 1373 καὶ
759 1321 787 1371 6
807 1320 1012 1381 πιστός.
1051 1320 1440 1388 Ἀνεχόμενοι,
1465 1336 1538 1387 φη
1548 1319 1649 1380 σὶν,
1665 1317 1975 1385 ἀλλήλων.

400 1407 611 1473 Ἔδειξε
660 1408 718 1459 τὸ
762 1405 999 1459 δίκαιον·
1028 1406 1219 1475 ἀνέχου
1262 1406 1324 1458 σὺ
1364 1406 1591 1467 ἐκείνου,
1627 1405 1722 1457 καὶ
1774 1403 1978 1466 ἐκεῖνός

400 1510 522 1547 σου·
556 1495 692 1564 ὅπερ
724 1495 781 1545 ἐν
808 1496 873 1564 τῇ
908 1493 1043 1563 πρὸς
1067 1493 1312 1555 Γαλάτας
1340 1492 1525 1562 φησὶν,
1569 1490 1875 1556 Ἀλλήλων
1907 1490 1979 1543 τὰ

392 1580 554 1650 ,ϐάρη
581 1580 928 1647 βαστάζετε.
969 1580 1077 1634 Καὶ
1117 1578 1483 1647 εὐχάριστοι,
1526 1578 1675 1648 φησί,
1716 1578 1973 1646 γίνεσθε.

399 1669 649 1722 Μάλιστα
691 1668 787 1738 μὲν
834 1666 1110 1735 πανταχοῦ
1146 1667 1306 1718 τοῦτο
1350 1666 1536 1736 ζητεῖ·
1579 1665 1641 1717 τὸ
1686 1664 1979 1733 κεφάλαιον

398 1757 507 1810 τῶν
535 1756 753 1824 ἀγαθῶν
786 1755 893 1826 γὰρ
920 1754 1077 1807 τοῦτό
1105 1756 1273 1807 ἐστιν.

474 1934 536 1982 ε’.
560 1927 981 1999 Εὐχαριστῶμεν
1008 1927 1186 1979 τοίνυν
1202 1928 1259 1979 ἐν
1284 1927 1467 1991 πᾶσιν,
1487 1927 1619 1998 ὅπερ
1646 1926 1711 1979 ἂν
1733 1926 1975 1996 γένηται·

400 2017 557 2070 τοῦτο
579 2018 685 2087 γὰρ
734 2016 1072 2086 εὐχαριστία.
1107 2015 1179 2067 Τὸ
1213 2015 1310 2085 μὲν
1363 2014 1470 2085 γάρ
1505 2016 1563 2066 ἐν
1596 2016 1666 2083 τῇ
1704 2016 1980 2086 εὐπραγίᾳ

402 2104 560 2158 τοῦτο
586 2106 779 2168 ποιεῖν,
811 2104 870 2155 οὐ
908 2104 1082 2173 μέγα·
1126 2102 1265 2173 αὐτὴ
1302 2102 1409 2171 γὰρ
1438 2101 1545 2154 τῶν
1577 2104 1917 2171 πραγμάτων
1944 2106 1977 2173 ἡ

405 2193 566 2263 φύσις
596 2191 866 2245 ἐπὶτοῦτο
894 2190 1051 2242 ὠθεῖ·
1079 2190 1209 2243 ὅταν
1238 2189 1295 2242 δὲ
1332 2191 1390 2241 ἐν
1425 2192 1533 2249 τοῖς
1559 2190 1804 2258 ἐσχάτοις
1832 2191 1981 2251 ὄντες

404 2278 835 2351 εὐχαριστῶμεν,
868 2278 989 2330 τότε
1028 2278 1146 2329 ἐστὶ
1178 2276 1512 2346 θαυμαστόν.
1551 2278 1719 2329 Ὅταν
1755 2278 1863 2347 γάρ
1896 2276 1979 2342 ἐφ’

404 2364 486 2431 οἷς
515 2368 690 2437 ἕτεροι
743 2365 1124 2435 βλασφημοῦσι
1160 2366 1252 2417 καὶ
1303 2364 1789 2429 ἀποδυσπετοῦσιν,
1821 2368 1981 2435 ἡμεῖς

400 2453 834 2525 εὐχαριστῶμεν,
861 2453 962 2523 ὅρα
1016 2453 1157 2522 πόση
1209 2454 1243 2522 ἡ
1273 2452 1581 2520 φιλοσοφία.
1612 2452 1855 2520 Πρῶτον,
1890 2452 1982 2505 τὸν

403 2543 535 2594 Θεὸν
560 2540 869 2612 ηὔφρανας·
896 2538 1171 2609 δεύτερον,
1201 2540 1291 2591 τὸν
1319 2540 1562 2592 διάϐολον
1600 2540 1944 2610 κατῄσχυνας
1964 2556 1978 2570 ·

403 2629 605 2699 τρίτον,
628 2628 725 2680 καὶ
762 2627 823 2680 τὸ
851 2628 1140 2696 γενόμενον
1176 2626 1326 2679 οὐδὲν
1352 2628 1666 2697 ἀπέφηνας·
1697 2626 1831 2697 ὁμοῦ
1872 2628 1978 2698 γὰρ

406 2719 471 2770 σύ
497 2735 555 2771 τε
581 2718 941 2787 εὐχαριστεῖς,
985 2718 1077 2768 καὶ
1108 2717 1135 2769 6
1167 2716 1299 2777 Θεὸς
1330 2717 1428 2786 τὴν
1457 2716 1651 2785 ὀδύνην
1685 2718 1983 2785 ὑποτέμνε-

403 2824 515 2871 ται,
564 2807 659 2858 καὶ
688 2806 717 2856 ὁ
765 2804 1007 2866 διάϐολος
1039 2804 1352 2873 ἀφίσταται.
1403 2806 1499 2857 Ἂν
1534 2806 1634 2873 μὲν
1676 2806 1783 2875 γάρ
1845 2807 1982 2858 ἀπο-

404 2893 768 2962 δυσπετήσῃς,
796 2892 889 2943 ἆτε
914 2890 1116 2953 ἀνύσας
1137 2892 1271 2961 ὅπερ
1288 2892 1500 2962 ἢθελεν,
1524 2893 1816 2964 ἐφέστηκε,
1841 2894 1933 2945 καὶ
1955 2895 1983 2946 ὁ

403 2980 535 3042 Θεὸς
577 2979 672 3032 ἆτε
707 2979 1137 3049 βλασφημηθείς,
1173 2980 1668 3049 ἐγκαταλιμπάνει,
1717 2981 1811 3032 καὶ
1861 2982 1982 3033 ἐπι-

401 3068 638 3122 τείνεται
682 3068 745 3119 τὸ
777 3069 980 3120 δεινόν·
1011 3067 1105 3120 ἐάν
1131 3069 1187 3121 δὲ
1227 3070 1646 3142 εὐχαριστήσῃς.
1684 3070 1780 3123 ἆτε
1818 3071 1982 3140 μηδὲν

403 3154 647 3223 ὠφελῶν,
667 3154 980 3224 ἀφίσταται,
1013 3155 1106 3208 καί⁸
1122 3157 1149 3208 6
1166 3154 1297 3218 Θεὸς
1316 3157 1410 3209 ἆτε
1438 3159 1710 3227 τιμηθεὶς,
1728 3159 1981 3227 ἀντιτιμᾷ
2014 3158 2021 3164 ’

408 3242 697 3312 μειζόνως·
740 3242 834 3293 καὶ
879 3243 979 3295 οὐκ
1022 3243 1167 3294 ἔστιν
1215 3243 1501 3310 ἄνθρωπον
1555 3246 1983 3315 εὐχαριστοῦντα

403 3330 496 3381 ἐπὶ
524 3330 635 3390 τοῖς
679 3330 868 3390 κακοῖς
913 3328 1193 3382 αἰσθέσθαι
1246 3330 1352 3382 τῶν
1407 3330 1613 3383 κακῶν.
1644 3332 1836 3403 Χαίρει
1875 3333 1983 3402 γάρ

402 3418 436 3487 ἡ
674 3416 767 3469 ἆτε
816 3415 1197 3486 κατορθοῦσα,
1238 3416 1440 3479 εὐθέως
1492 3418 1713 3488 φαιδρὸν
1769 3418 1880 3489 ἔχει
1924 3419 1984 3472 τὸ

406 3503 663 3566 συνειδὸς,
689 3503 946 3570 γάννυται
976 3504 1085 3564 τοῖς
1108 3504 1403 3572 ἐγκωμίοις
1427 3507 1539 3565 τοῖς
1565 3505 1788 3574 ἑαυτῆς·
1808 3496 1909 3574 τὴν
1926 3506 1982 3557 δὲ

405 3590 635 3660 φαιδρὰν
663 3591 761 3642 οὐκ
794 3589 872 3642 ένι
904 3590 1233 3661 σκυθρωπὴν
1263 3587 1421 3644 εἶναι.
1466 3592 1616 3645 Ἐκεῖ
1644 3592 1700 3644 δέ
1725 3593 1861 3661 μετὰ
1886 3594 1981 3663 τῆς

407 3679 691 3748 συμφορᾶς
747 3677 935 3729 καὶτὸ
981 3678 1218 3740 συνειδὸς
1268 3679 1540 3731 ἐπίκειται
1580 3682 1865 3748 μαστίζον·
1901 3682 1984 3732 ὲν-

404 3764 581 3817 ταῦθα
607 3764 663 3817 δὲ
693 3766 947 3833 στεφανοῖ
970 3766 1062 3817 καὶ
1095 3765 1479 3835 ἀνακηρύττει.
1499 3767 1663 3818 Οὐδὲν
1688 3768 1784 3837 τῆς
1810 3767 1981 3834 γλώτ-

404 3868 505 3921 της
526 3851 738 3919 ἐκείνης
766 3850 1058 3920 ἀγιώτερον
1085 3852 1183 3920 τῆς
1211 3854 1267 3904 ἐν
1290 3856 1398 3914 τοῖς
1422 3856 1607 3914 κακοῖς
1637 3855 1985 3923 εὐχαριστού-

410 3955 508 4008 σης
529 3937 606 4007 τῷ
635 3937 781 4006 Θεῷ·
805 3936 971 4000 ³5ντως
1000 3938 1097 4006 τῆς
1116 3938 1224 3990 τῶν
1258 3940 1549 4009 μαρτύρων
1584 3940 1734 3993 οὐδὲν
1760 3941 1978 3993 ἀποδεῖ·

403 4023 606 4094 δμοίως
654 4023 747 4076 καὶ
775 4022 935 4092 αὕτη,
985 4025 1236 4087 κάκεῖνος
1268 4036 1292 4063 α
1327 4027 1703 4094 στεφανοῦται.
1732 4030 1839 4079 Καὶ
1876 4032 1983 4100 γὰρ

408 4111 704 4182 καὶταύτῃ
742 4110 1009 4180 ἐφέστηκε
1042 4110 1235 4180 δήμιος
1278 4111 1601 4179 ἀναγκάζων
1648 4114 1982 4183 ἀρνήσασθαι

406 4199 499 4251 τὸν
527 4198 657 4251 Θεὸν
684 4197 774 4250 διὰ
818 4198 917 4266 τὴς
963 4196 1327 4267 βλασφημίας,
1360 4199 1659 4269 ἐφέστηκεν
1686 4203 1713 4253 6
1743 4200 1984 4266 διάϐολος

405 4285 618 4356 δημίοις
649 4285 924 4355 λογισμοῖς
956 4284 1316 4349 καταξαίνων,
1343 4286 1602 4356 ἀθυμίαις
1636 4289 1859 4342 σκοτῶν.
1888 4290 1981 4341 Ἂν

406 4373 586 4426 τοίνυν
616 4373 814 4444 ἐνέγκῃ
847 4374 945 4435 τὰς
985 4373 1282 4442 ἀλγηδόνας
1325 4391 1428 4438 τις,
1460 4376 1555 4427 καὶ
1591 4376 1980 4449 εὐχαριστήσῃ,

412 4460 711 4530 μαρτυρίου
759 4461 1018 4527 στέφανον
1070 4461 1280 4529 ἔλαχεν.
1311 4456 1456 4521 Οἷον,
1488 4462 1547 4515 τὸ
1578 4463 1791 4516 παιδίον
1818 4467 1980 4529 νοσεῖ,

410 4548 504 4600 καὶ
548 4547 856 4617 εὐχαριστεῖ
911 4546 988 4615 τῷ
1022 4546 1168 4617 Θεῷ·
1202 4548 1361 4600 τοῦτο
1391 4550 1525 4620 αὐτῇ
1565 4552 1844 4618 στέφανος.
1878 4552 1981 4604 Πό-

412 4650 512 4703 σης
547 4633 779 4701 βασάνου
819 4634 879 4685 οὐ
908 4634 1109 4704 χείρων
1142 4636 1174 4703 ἡ
1202 4634 1444 4704 άθυμία;
1472 4636 1587 4688 ἀλλ’
1615 4638 1712 4689 οὐκ
1746 4638 1985 4705 ἀναγκά-

410 4720 492 4783 ζει
518 4721 667 4791 ῥῆμα
696 4720 942 4772 ἐκϐαλεῖν
968 4723 1182 4792 πικρόν,
1215 4722 1599 4793 Ἀποθνήσκει·
1622 4725 1783 4777 πάλιν
1814 4728 1979 4796 ηὐχα-

412 4807 666 4879 ρίστησε;
704 4808 896 4874 Γέγονε
932 4808 1177 4879 θυγάτηρ
1233 4811 1327 4862 τοῦ
1366 4810 1634 4882 Ἀϐραάμ.
1670 4813 1728 4865 Εἰ
1766 4814 1873 4883 γὰρ
1908 4814 1983 4885 μὴ

408 4899 475 4965 τῇ
507 4896 612 4965 ἰδίᾳ
646 4895 845 4962 ἔσφαξε
895 4896 1059 4966 χειρὶ,
1092 4897 1203 4949 ἀλλ’
1234 4899 1323 4950 ἐπὶ
1353 4902 1417 4968 τῇ
1464 4900 1625 4969 θυσία
1652 4901 1814 4970 ἥσθη,
1847 4903 1983 4973 ὅπερ

414 4984 524 5034 ίσον
569 4982 750 5034 ἐστίν·
787 4982 846 5033 οὐ
894 4983 1003 5051 γὰρ
1046 4985 1394 5053 ἠγανάκτησε
1444 4986 1854 5057 λαμϐανομένου
1888 4991 1981 5042 τοῦ

407 5072 601 5142 δώρου.
667 5071 833 5124 Πάλιν
890 5073 1175 5142 ἐνόσησεν·
1237 5075 1336 5127 οὐκ
1388 5078 1611 5143 ἐποίησε
1674 5080 1979 5148 περίαπτα;

409 5156 727 5228 Μαρτύριον
784 5158 920 5229 αὐτῇ
950 5159 1255 5226 λογίζεται·
1290 5162 1552 5215 κατέθυσε
1585 5163 1695 5233 γάρ
1742 5165 1832 5217 τὸν
1872 5166 1983 5217 υἱὸν

407 5247 474 5315 τῇ
500 5244 713 5316 γνώμῃ.
746 5244 811 5297 Τί
843 5245 972 5316 γὰρ,
1005 5247 1054 5297 εἰ
1085 5248 1178 5299 καὶ
1212 5249 1375 5317 μηδὲν
1412 5250 1610 5318 ὠφελεῖ
1645 5254 1845 5316 ἐκεῖνα,
1868 5253 1981 5305 ἀλλ’

409 5333 621 5403 ἀπάτης
653 5333 769 5386 ἐστὶ
794 5334 887 5387 καὶ
912 5333 1136 5403 χλεύης;
1160 5335 1275 5388 ἀλλ’
1301 5338 1447 5406 ὅμως
1469 5334 1607 5407 ἦσαν
1638 5341 1684 5391 οί
1708 5340 1982 5404 πείθοντες

408 5420 492 5472 ὃτι
536 5418 767 5487 ὠφελεῖ·
810 5421 907 5474 καὶ
959 5421 1135 5474 εἵλετο
1191 5424 1391 5493 μᾶλλον
1429 5427 1620 5495 νεκρὸν
1672 5427 1729 5479 τὸ
1777 5430 1982 5482 παιδίον

415 5507 562 5569 ἰδεῖν,
590 5506 623 5578 ἢ
654 5507 1092 5578 είδωλολατρείας
1115 5510 1464 5580 ἀνασχέσθαι.
1493 5514 1702 5585 ’Ὠσπερ
1725 5511 1815 5569 οῦν
1843 5514 1981 5585 α’ύτη

416 5592 644 5665 μάρτυς,
664 5595 727 5648 ἄν
753 5614 811 5649 τε
842 5598 924 5665 ἐφ’
952 5597 1171 5667 ἑαυτῆς,
1189 5599 1253 5652 ἀν
1277 5616 1336 5652 τε
1365 5602 1457 5653 ἐπὶ
1483 5601 1575 5654 τοῦ
1608 5602 1795 5667 παιδὸς
1818 5606 1981 5676 ἐργά-

473 5770 492 5793 ⁸
522 5772 807 5836 Legendum
831 5782 1039 5840 videtur.
1064 5785 1144 5833 καὶ
1168 5784 1287 5843 αὕτη
1315 5786 1523 5845 κάκείνη.

1080 328 1136 385 S.
1179 326 1463 384 JOANNIS
1500 325 2000 383 CllRYSOSTOMI
2034 327 2354 383 ARLEIHEI’.
2395 328 2945 385 CONSTANTINOP.

3549 332 3655 388 ⁸558

2081 445 2238 515 ζηται
2270 445 2447 507 τοῦτο,
2471 445 2536 498 ἀν
2563 462 2621 497 τε
2639 446 2729 498 ἐπὶ
2756 445 2846 497 τοῦ
2880 443 3089 514 ἀνδρὸς,
3118 444 3151 513 ἢ
3177 444 3363 514 ἐτέρου
3384 444 3526 508 τινὸς
3549 446 3656 497 τῶν

2080 533 2350 600 φιλτάτων
2374 548 2387 561 ·
2423 532 2593 595 οῦτως
2629 536 2662 601 ἡ
2692 534 2851 603 ἑτέρα
2893 532 3285 600 εἰδωλολάτρις.
3345 531 3512 602 Δῆλον
3549 532 3656 603 γὰρ

2079 622 2160 673 ὅτι
2187 619 2376 673 ἔθυσεν
2407 619 2493 684 ἂν,
2556 623 2602 673 εἰ
2632 616 2699 691 ἦν
2721 620 2915 673 θῦσαι·
2947 620 3144 690 μᾶλλον
3178 618 3237 671 δὲ
3283 618 3382 689 ἤδη
3434 619 3657 689 ἐποίησε

2083 706 2231 778 [587]
2272 708 2333 760 τὸ
2366 706 2466 776 τῆς
2502 706 2711 770 θυσίας.
2756 707 2836 760 Τά
2876 706 2984 777 γὰρ
3016 708 3312 777 περίαπτα,
3347 706 3451 758 κᾶν
3490 706 3659 775 μυρία

2083 796 2447 865 φιλοσοφῶσιν
2470 796 2519 848 οἱ
2554 798 2616 848 ἐκ
2639 796 2843 849 τούτων
2887 796 3367 867 χρηματιζόμενοι,
3410 794 3658 861 λέγοντες

2081 886 2165 938 ὅτι
2204 884 2295 937 τὸν
2328 883 2459 936 Θεὸν
2497 882 2790 953 καλοῦμεν,
2840 884 2934 936 καὶ
2974 884 3125 935 οὐδὲν
3170 883 3329 935 πλέον
3374 881 3655 949 ποιοῦμεν,

2083 972 2177 1023 καὶ
2204 972 2303 1024 ὅσα
2330 970 2576 1037 τοιαῦτα,
2628 972 2722 1023 καὶ
2772 972 3068 1041 Χριστιανὴ
3120 972 3265 1023 ἐστιν
3285 971 3329 1040 ’ἡ
3367 968 3539 1040 γραῦς
3566 968 3659 1019 καὶ

2084 1057 2271 1129 πιστὴ,
2315 1058 2724 1129 εἰδωλολατρεία
2763 1059 2821 1111 τὸ
2869 1058 3102 1129 πράγμά
3149 1060 3287 1112 ἐστι.
3356 1058 3527 1127 Πιστὴ
3575 1050 3657 1117 εἷ;

2085 1148 2405 1218 σφράγισον,
2439 1148 2578 1201 εἰπέ.
2610 1146 2780 1199 Τοῦτο
2806 1147 2911 1216 ἔχω
2932 1147 2991 1199 τὸ
3021 1146 3184 1199 ὅπλον
3217 1146 3393 1215 μόνον,
3424 1144 3579 1197 τοῦτο
3600 1143 3659 1196 τὸ

2086 1237 2409 1307 φάρμακον·
2441 1236 2568 1290 ἀλλο
2600 1236 2656 1287 δέ
2680 1237 2779 1288 οὐκ
2808 1230 2945 1289 οἰδα.
2982 1236 3116 1287 Είπέ
3159 1252 3269 1305 μοι,
3305 1235 3397 1286 ἐὰν
3432 1233 3660 1302 προσελ-

2086 1324 2193 1376 θὼν
2212 1325 2412 1394 ἰατρὸς,
2432 1322 2603 1376 καὶτά
2618 1325 2715 1393 τῆς
2731 1325 2977 1394 ἰατρικῆς
2994 1325 3260 1393 φάρμακα
3276 1322 3452 1391 ἀφεὶς,
3468 1319 3658 1391 ἐπᾴδῃ.

2086 1411 2272 1464 τοῦτον
2297 1413 2477 1482 ἰατρὸν
2504 1412 2772 1481 ἐροῦμεν;
2807 1411 3073 1481 Οὐδαμῶς
3100 1428 3113 1440 ·
3150 1414 3215 1463 τὰ
3232 1412 3339 1479 γὰρ
3366 1411 3464 1477 τῆς
3491 1411 3660 1476 ἰατρι-

2086 1504 2189 1570 κῆς
2220 1501 2315 1569 οὐχ
2363 1499 2578 1570 δρῶμεν
2621 1499 2911 1569 φάρμακα.
2963 1498 3149 1562 Οῦτως
3186 1498 3305 1550 οὐδέ
3332 1497 3563 1549 ἐνταῦθα
3590 1495 3660 1547 τά

2086 1588 2179 1641 τοῦ
2210 1587 2659 1660 Χριστιανισμοῦ.
2704 1587 2927 1658 ’Έτεραι
2957 1587 3013 1639 δὲ
3050 1586 3209 1638 πάλιν
3254 1585 3513 1653 ποταμῶν
3542 1583 3658 1635 ὀνό-

2090 1693 2235 1747 ματα
2286 1675 2676 1745 περιάπτουσι,
2716 1676 2811 1728 καὶ
2867 1675 3037 1745 μυρία
3084 1674 3309 1726 τοιαῦτα
3370 1672 3657 1741 τολμῶσιν.

2102 1768 2228 1819 Ἰδοὺ
2259 1767 2423 1835 λέγω,
2448 1768 2541 1820 καὶ
2568 1765 2820 1837 προλέγω
2847 1767 3009 1817 πᾶσιν
3034 1765 3182 1833 ὑμῖν,
3205 1765 3287 1816 ὅτι
3307 1764 3401 1816 ἐάν
3422 1781 3501 1825 τις
3526 1762 3656 1830 ἀλῶ,

2086 1856 2148 1908 οὐ
2170 1855 2426 1924 φείσομαι
2448 1853 2629 1919 πάλιν,
2653 1853 2717 1905 ἄν
2744 1870 2802 1905 τε
2822 1854 3145 1923 περίαπτον,
3179 1852 3242 1905 ἄν
3259 1869 3315 1903 τε
3338 1851 3570 1919 ἐπῳδὴν,
3595 1848 3660 1902 ἄν

2087 1961 2144 1996 τε
2167 1942 2292 1995 ἀλλο
2316 1959 2367 1994 τι
2392 1941 2491 2011 τῆς
2512 1941 2705 2011 τέχνης
2724 1940 2825 2010 τῆς
2852 1939 3104 2009 τοιαύτης
3128 1942 3275 2009 ποιῇ.
3304 1938 3367 1990 Τί
3388 1934 3499 2001 οῦν,
3524 1938 3661 1989 ἀπο-

2090 2033 2245 2101 θάνῃ,
2280 2031 2433 2099 φησὶ,
2466 2031 2526 2083 τὸ
2570 2030 2806 2094 παιδίον;
2835 2031 2931 2082 Ἂν
2961 2029 3103 2081 οὓτω
3126 2028 3287 2099 ζήσῃ,
3315 2028 3433 2082 τότε
3462 2026 3663 2081 ἀπέθα-

2089 2138 2209 2172 νεν·
2250 2121 2315 2172 ἂν
2345 2120 2400 2173 δὲ
2446 2120 2575 2173 ἄνευ
2617 2118 2839 2171 ἐκείνων
2873 2118 3141 2189 ἀποθάνῃ,
3185 2117 3303 2169 τότε
3334 2116 3515 2185 ἔζησε.
3546 2113 3659 2166 Νῦν

2088 2207 2143 2259 δέ
2163 2209 2227 2259 ἂν
2248 2207 2344 2277 μέν
2364 2206 2585 2276 πόρναις
2611 2205 2724 2274 ἴδῃς
2742 2206 3094 2275 προσέχοντα,
3122 2203 3256 2274 εύχῃ
3272 2204 3655 2272 κατορυγῆναι,

2089 2297 2184 2349 καλ⁸
2202 2295 2401 2364 λέγεις.
2431 2296 2494 2346 Τί
2516 2294 2623 2364 γάρ
2647 2293 2835 2361 ὄφελος
2862 2292 2955 2346 τοῦ
2978 2294 3110 2362 {ﬁn
3136 2293 3273 2360 ὑπὲρ
3298 2291 3354 2343 δέ
3388 2289 3659 2360 σωτηρίας

2089 2382 2269 2452 ὁρῶσα
2314 2381 2674 2443 κιδυνεύοντα,
2707 2379 2885 2447 βούλει
2910 2380 3088 2444 ζῶντα
3118 2381 3251 2449 ὀρᾷν
3280 2396 3291 2444 ;
3346 2379 3457 2430 Οὐκ
3493 2378 3658 2447 ἣκου-

2092 2487 2190 2533 σας
2214 2469 2308 2521 τοῦ
2328 2470 2559 2538 Χριστοῦ
2589 2469 2856 2537 λέγοντος,
2886 2470 2966 2521 ὅτι
2999 2469 3061 2521 '0
3082 2468 3388 2533 ἀπολέσας
3411 2466 3524 2531 τὴν
3544 2470 3661 2533 ψυ-

2091 2557 2212 2625 χὴν
2236 2557 2441 2620 αὑτοῦ,
2472 2555 2713 2624 εὑρήσει
2738 2558 2930 2624 αὐτήν
2947 2573 2959 2585 ·
2984 2560 3015 2609 ό
3046 2554 3113 2608 δὲ
3140 2555 3350 2622 εὑρὼν,
3372 2556 3661 2608 ἀπολέσει

2091 2645 2317 2708 αὐτήν;
2344 2645 2613 2706 πιστεύεις
2644 2647 2755 2706 τοῖς
2803 2644 3132 2718 εἰρημένοις,
3191 2644 3224 2712 ἢ
3264 2643 3421 2713 μῦθοί
3471 2659 3552 2694 σοι
3576 2642 3659 2694 δον

2091 2732 2277 2785 κοῦσιν
2296 2727 2432 2784 εἶναι
2456 2748 2469 2794 ;
2495 2733 2627 2783 Εἰπὲ
2656 2732 2717 2801 δή
2747 2750 2857 2800 μοι,
2883 2731 2975 2784 ἐάν
2996 2731 3123 2801 εἴπῃ
3150 2748 3250 2795 τις,
3284 2731 3659 2796 ὃτιἊπάγαγε

2092 2822 2170 2882 εἰς
2203 2819 2487 2880 είδωλεῖον,
2514 2818 2606 2872 καὶ
2629 2819 2870 2888 ζήσεται,
2898 2818 3095 2891 ἀνέξῃ;
3129 2816 3226 2879 Οῦ,
3268 2818 3419 2884 φησί.
3446 2816 3541 2867 Διά
3575 2816 3659 2880 τίς

2093 2909 2213 2961 Ὅτι
2242 2908 2643 2978 είδιυλολατρεῖν
2664 2907 2961 2975 ἀναγκάζει
2986 2924 2998 2935 ·
3032 2906 3264 2960 ἐνταῦθα
3298 2907 3353 2958 δέ
3382 2906 3481 2957 οὐκ
3515 2905 3660 2956 ἔστιν

2092 2997 2519 3067 εἰδωλολατρεία,
2554 2996 2666 3048 ἀλλ’
2697 2996 2881 3058 ἁπλῶς
2914 2996 3115 3066 ἐπῳδὴ,
3153 2995 3335 3066 φησίν.
3373 2994 3520 3064 Αῦτη
3555 2995 3661 3063 γὰρ

2092 3083 2419 3156 ήσατανικὴ
2467 3084 2664 3145 ἔννοια,
2722 3083 2859 3153 αὕτη
2918 3086 2950 3153 ὴ
2991 3084 3238 3153 μεθοδεία
3280 3085 3313 3153 ἡ
3360 3082 3657 3150 διαϐολικὴ,

2094 3171 2489 3239 συγκαλύπτειν
2516 3172 2614 3240 τὴν
2643 3172 2870 3239 πλάνην,
2912 3171 3005 3223 καὶ
3041 3173 3098 3221 ἐν
3132 3170 3305 3239 μέλιτι
3343 3170 3403 3223 τὸ
3432 3170 3663 3241 δηλητή-

2094 3276 2206 3329 ριον
2235 3257 2432 3310 διδόναι
2465 3258 2776 3327 φάρμακον.
2838 3257 3056 3328 Ἐπειδὴ
3084 3254 3222 3309 οἶδεν
3256 3257 3465 3310 ἐκεῖθέν
3513 3275 3570 3309 σε
3601 3260 3659 3308 οὐ

2092 3345 2315 3407 πείθων,
2338 3343 2539 3413 ταύτην
2576 3344 2789 3397 ἐϐάδισε
2815 3345 2912 3408 τὴν
2936 3345 3050 3397 ὁδὸν
3074 3348 3152 3407 εἰς
3184 3346 3541 3415 περιάμματα
3570 3345 3663 3396 καλ⁴

2092 3432 2355 3501 γραώδεις
2389 3431 2588 3500 μύθους
2613 3448 2624 3461 ·
2659 3432 2753 3484 καὶ
2799 3435 2828 3485 6
2869 3434 2967 3503 μέν
3013 3429 3243 3501 σταυρὸς
3274 3434 3564 3503 ἠτίμωται,
3597 3431 3663 3485 τά

2091 3521 2146 3573 δὲ
2180 3520 2479 3588 γράμματα
2518 3521 2944 3591 προτετίμηται·
2982 3522 3010 3573 6
3052 3523 3284 3592 Χριστὸς
3314 3521 3658 3592 ἐκϐέϐληται,

2092 3608 2185 3659 καὶ
2213 3607 2491 3673 εἰσάγεται
2522 3605 2795 3675 μεθύουσα
2825 3608 2998 3676 γραῦς
3040 3609 3134 3661 καὶ
3178 3608 3419 3677 ληροῦσα
3441 3626 3453 3638 ·
3481 3610 3541 3661 τὸ
3566 3627 3664 3678 μυ-

2094 3695 2310 3763 στήριον
2344 3693 2653 3762 πεπάτηται
2689 3695 2751 3746 τὸ
2783 3696 3069 3765 ἡμέτερον,
3102 3696 3195 3749 καὶ
3233 3697 3408 3765 πλάνη
3453 3697 3664 3766 χορεύει

2092 3781 2185 3832 τοῦ
2214 3781 2479 3834 διαϐόλου.
2521 3782 2675 3841 Τίνος
2690 3778 2781 3835 οὖν
2811 3783 2994 3835 ἕνεκεν
3036 3785 3136 3835 οὐκ
3164 3785 3393 3854 ἐλέγχει.
3426 3785 3608 3853 φησὶν,
3635 3787 3665 3838 6

2091 3869 2258 3931 Θεός;
2320 3869 2429 3939 Τὴν
2477 3870 2584 3921 ἀπὸ
2621 3869 2730 3922 τῶν
2786 3870 3041 3924 τοιούτων
3095 3872 3344 3942 βοήθειαν
3396 3872 3663 3943 πολλαχοῦ

2093 3955 2305 4025 ἤλεγξε,
2336 3956 2425 4007 καὶ
2457 3956 2554 4008 οὐκ
2580 3955 2764 4009 ἔπεισέ
2795 3975 2853 4009 σε
2872 3975 2885 3987 ·
2919 3957 3101 4011 λοιπὸν
3129 3959 3319 4029 ἀφίησι
3340 3963 3404 4030 τῇ
3451 3960 3624 4031 πλάνῃ
3644 3974 3662 3991 ⁶

2092 4046 2398 4112 Παρέδωκε
2426 4046 2533 4115 γάρ
2558 4047 2799 4112 αὐτοὺς,
2829 4048 3015 4116 φησὶν,
3040 4052 3073 4101 ό
3101 4050 3244 4113 Θεὸς
3272 4052 3359 4115 εὶς
3378 4050 3666 4119 ἀδόκιμον

2090 4134 2262 4185 νοῦν.
2286 4133 2468 4184 Ταῦτα
2487 4132 2543 4184 δὲ
2572 4132 2679 4185 οὐδ’
2712 4134 2777 4187 ἂν
2809 4135 3007 4205 Ἕλλην
3036 4135 3160 4189 νοῦν
3189 4136 3326 4206 ἔχων
3356 4138 3661 4207 ἀνάσχοιτο.

2090 4220 2321 4286 Λέγεταί
2348 4236 2430 4282 τις
2457 4218 2783 4289 δημαγωγός
2807 4238 2935 4274 ποτε
2959 4225 3015 4275 ἐν
3047 4223 3294 4292 Ἀθήναις
3317 4224 3487 4277 ταῦτα
3515 4242 3665 4296 περι-

2090 4307 2343 4377 τεθῆναι·
2376 4301 2493 4359 εἶτα
2510 4306 2793 4375 φιλόσοφός
2817 4324 2901 4371 τις
2945 4309 3153 4363 ἐκείνου
3174 4310 3484 4373 διδάσκαλος
3517 4309 3660 4374 ἰδὼν,

2092 4396 2441 4465 ἐπετίμησεν,
2478 4393 2780 4464 ἐμέμψατο,
2818 4394 3028 4460 ἔδακεν,
3076 4398 3438 4468 ἐκωμῲδησεν
3460 4415 3472 4426 ·
3505 4400 3663 4467 ἡμεῖς

2091 4483 2148 4535 δέ
2219 4482 2389 4545 οὕτως
2457 4482 2657 4547 ἀθλίως
2723 4483 3077 4556 διακείμεθα,
3141 4487 3216 4551 ὡς
3287 4489 3381 4540 καὶ
3450 4486 3662 4551 τούτοις

2093 4589 2389 4626 πιστεύειν.

2163 4748 2270 4800 Καὶ
2304 4747 2389 4800 διά
2418 4747 2472 4800 τί
2518 4751 2592 4819 μή
2644 4750 2748 4802 εἰσι
2776 4749 2870 4803 νῦν
2913 4751 2962 4802 οἱ
3003 4750 3348 4816 ἀνιστῶντες,
3393 4754 3545 4823 φησὶ,
3584 4772 3662 4806 νε-

2092 4835 2255 4903 κροὺς
2283 4834 2377 4887 καὶ
2399 4835 2568 4899 ἰάσεις
2593 4834 2996 4903 ἐπιτελοῦντες;
3026 4837 3125 4891 Διά
3152 4838 3226 4904 τί,
3249 4841 3383 4899 τέως
3410 4842 3470 4894 οὐ
3492 4841 3658 4910 λέγω·

2089 4921 2175 4973 διὰ
2204 4920 2255 4972 τί
2287 4921 2344 4973 δὲ
2381 4923 2452 4993 μή
2482 4925 2588 4975 εἰσι
2612 4922 2705 4976 νῦν
2740 4924 2789 4975 οί
2813 4924 2911 4994 τῆς
2940 4925 3222 4996 παρούσης
3262 4930 3661 4999 καταφρονοῦν-

2089 5025 2178 5069 τες
2193 5009 2335 5075 ζωῆς
2355 5026 2369 5071 ;
2402 5010 2488 5062 διά
2506 5009 2557 5061 τί
2584 5010 2677 5062 ἐπὶ
2700 5010 2875 5079 μισθῷ
2897 5012 3216 5082 δουλεύομεν
3239 5016 3315 5085 τῷ
3339 5016 3488 5086 Θεῷ;
3530 5018 3658 5070 Ὅτε

2090 5090 2473 5162 ἀσθενέστερον
2501 5092 2729 5147 διέκειτο
2757 5096 2789 5165 ὴ
2835 5094 2993 5164 φύσις
3023 5098 3054 5166 ὴ
3086 5098 3419 5168 ἀνθρωπίνη,
3447 5101 3533 5152 ὅτε
3560 5119 3661 5168 φυ-

2089 5178 2347 5247 τευθῆναι
2397 5179 2543 5251 [588]
2591 5180 2690 5251 τὴν
2742 5183 2923 5235 πίστιν
2968 5184 3097 5245 ἔδει,
3140 5181 3278 5254 ἦσαν
3311 5188 3405 5239 καῖ¹
3432 5188 3659 5241 τοιοῦτοι

2091 5262 2304 5316 πολλοί·
2341 5264 2435 5317 νῦν
2450 5265 2505 5317 δέ
2525 5268 2586 5318 οὐ
2605 5268 2847 5336 βούλεται
2867 5270 3015 5339 ἡμᾶς
3043 5270 3244 5325 τούτων
3264 5274 3533 5343 ἠρτῆσθαι
3554 5276 3659 5328 τῶν

2092 5353 2351 5420 σημείων,
2382 5352 2495 5404 ἀλλ’
2522 5355 2770 5424 ἑτοίμους
2786 5352 2924 5410 εἶναι
2948 5359 3083 5428 πρὸς
3107 5359 3355 5415 θάνατον,
3388 5362 3452 5414 Τί
3482 5363 3660 5415 τοίνυν

2088 5438 2187 5507 τῆς
2212 5438 2491 5509 παρούσης
2536 5442 2632 5513 ἔχῃ
2664 5444 2849 5513 ςωῆςς
2893 5446 2946 5498 τί
2984 5446 3052 5499 τά
3086 5448 3347 5516 μέλλοντα
3374 5451 3471 5518 οὐχ
3498 5452 3656 5520 ὁρᾷς

2090 5524 2341 5595 καὶύπέρ
2358 5527 2456 5595 μὲν
2478 5532 2681 5598 ταύτης
2722 5532 2817 5584 καὶ
2849 5532 3252 5604 εἰδωλολατρεῖν
3289 5536 3475 5606 ἀνέχῃ,
3520 5537 3660 5607 ὑπὲρ

2089 5611 2145 5664 δέ
2176 5612 2388 5682 ἐκείνης
2426 5615 2547 5667 οὐδέ
2578 5617 2815 5687 ἀθυμίας
2861 5626 3188 5691 κατασχεῖν;
3219 5624 3315 5677 Διά
3348 5626 3514 5678 ταῦτα
3561 5625 3659 5676 οὐκ

2090 5700 2197 5751 εἰσὶ
2220 5698 2313 5753 νῦν
2338 5701 2587 5770 τοιοῦτοι,
2607 5706 2687 5758 ὅτι
2710 5707 2900 5777 ἄτιμος
2917 5710 3048 5777 ἡμῖν
3067 5711 3238 5780 ἐφάνη
3261 5712 3441 5781 ἐκείνη
3468 5713 3501 5780 ἡ
3523 5712 3657 5778 ζωὴ.

2094 5788 2147 5839 εἴ
2179 5803 2240 5855 γε
2278 5787 2416 5860 ὑπὲρ
2453 5792 2553 5861 μὲν
2583 5794 2795 5865 ἐκείνης
2850 5794 2999 5849 οὐδὲν
3048 5797 3378 5869 πράττομεν,
3424 5798 3563 5867 ὑπὲρ
3604 5796 3659 5848 δὲ
