4120 6400
354 348 458 408 311⁸1

352 468 418 522 ad
448 462 812 520 mentiendum
843 461 1102 532 pudorem
1133 462 1282 523 dicit.
1313 464 1451 516 Alter
1480 462 1688 516 alterius
1715 462 1938 514 mmtbra

353 575 527 615 sumus
548 556 765 627 (Epltes.
794 556 849 612 4.
878 556 992 627 25).
1024 556 1149 611 Illos
1177 555 1301 610 facit
1329 555 1604 610 hominum
1628 553 1793 609 veluti
1821 556 1940 623 Opi-

354 654 503 717 ﬁces,
526 652 757 706 alterum
778 650 991 720 quidem
1012 649 1408 720 repellentium,
1428 650 1654 705 alterum
1674 663 1804 703 vero
1825 662 1942 702 sus-

354 744 685 815 cipientium.
721 740 835 797 Illic
859 740 1087 796 Membra
1104 740 1264 805 dicit;
1285 741 1371 794 hic
1397 740 1738 804 Omnia:cor,
1770 741 1938 805 iram;

355 849 438 896 os,
470 831 861 901 blasphemiam
888 848 902 894 ;
930 832 1137 897 oculos,
1161 829 1588 890 fornicationem.
1620 830 1894 884 avaritiam
1922 845 1936 892 ;

354 938 546 980 manus
572 922 814 993 ctpedes
837 963 854 989 ,
884 922 1218 976 mendacium
1240 963 1256 984 ,
1288 921 1665 992 cogitationem
1693 920 1860 989 ipsam
1887 928 1941 973 et

358 1024 592 1072 mentem
618 1014 1059 1071 veterem.Unam
1080 1012 1235 1069 habet
1258 1012 1481 1067 formam
1506 1011 1728 1083 regiam,
1750 1026 1942 1081 nempe

356 1103 573 1162 Christi.
604 1104 865 1161 Videntur
901 1104 986 1159 isti
1029 1103 1157 1157 mihi
1197 1106 1366 1171 magis
1395 1116 1515 1157 esse
1543 1118 1609 1156 ex
1651 1102 1900 1171 gentibus
1924 1142 1939 1165 ,

358 1213 494 1269 quos
521 1198 744 1268 respicit
767 1239 782 1264 ,
813 1196 1104 1253 ostendens
1148 1196 1386 1250 membra
1432 1195 1544 1251 sive
1578 1195 1782 1265 majora
1827 1196 1943 1250 sive

357 1288 567 1344 minora
612 1304 774 1343 unam
821 1288 1021 1359 regiam
1061 1286 1288 1343 formam
1335 1287 1552 1343 habere.
1600 1289 1751 1343 Sicut
1796 1287 1941 1340 enim

351 1390 527 1445 terra,
554 1394 676 1435 cum
703 1381 776 1434 sit
798 1396 984 1449 arena,
1013 1395 1106 1434 sua
1126 1382 1273 1450 prius
1304 1380 1512 1449 perdita
1532 1378 1725 1445 forma,
1759 1389 1941 1448 postea

362 1473 422 1527 lit
445 1487 674 1539 aurum;
708 1482 763 1527 et
797 1473 967 1539 lanas,
993 1474 1405 1543 qualescumque
1435 1473 1806 1539 sint,alteram
1837 1470 1944 1524 for-

362 1580 503 1619 mam
525 1564 795 1634 accipiunt
812 1574 868 1620 et
881 1567 1115 1637 priorem
1140 1567 1407 1622 occultant
1430 1585 1445 1621 :
1474 1568 1542 1621 ita
1563 1568 1723 1621 etiam
1750 1565 1935 1625 ﬁdelis.

362 1654 763 1725 Supportantes,
797 1655 999 1726 inquit,
1028 1656 1257 1710 invicem.
1288 1655 1536 1711 Ostendit
1574 1656 1715 1726 quod
1742 1655 1943 1726 justum

362 1750 446 1798 est
474 1763 487 1797 :
518 1753 573 1798 tu
607 1745 756 1799 illum
785 1754 969 1815 patere
991 1786 1007 1811 ,
1039 1756 1093 1801 et
1123 1746 1214 1803 ille
1261 1754 1313 1801 te
1344 1765 1354 1798 :
1385 1746 1527 1816 quod
1574 1746 1787 1817 quidem
1819 1747 1946 1801 dicit

364 1837 415 1891 itt
458 1837 690 1907 Epistola
721 1836 786 1892 ad
830 1836 1044 1892 Galatas
1078 1855 1090 1890 :
1132 1838 1275 1892 Alter
1316 1840 1524 1893 alterius
1562 1855 1716 1893 onera
1751 1850 1949 1909 portate

368 1925 512 1996 (Gal.
552 1926 605 1982 6.
649 1927 729 1999 2).
788 1926 855 1981 Et
902 1930 1053 1999 grati,
1098 1929 1289 1998 inquit,
1348 1940 1503 1983 estote
1539 1928 1674 2001 (Col.
1720 1931 1772 1985 3.
1830 1931 1943 2001 15).

365 2017 593 2073 Maxime
617 2019 761 2073 enim
779 2019 975 2090 ubique
1000 2021 1103 2075 hoc
1132 2022 1345 2090 quaerit,
1380 2031 1435 2075 ut
1459 2020 1604 2090 quod
1633 2022 1703 2075 sit
1732 2037 1940 2075 summa

366 2111 648 2167 bonorum.
1204 2108 1215 2124 ‘

438 2203 494 2259 5.
528 2201 733 2257 Gratias
771 2219 921 2274 agere
956 2204 1159 2274 quando
1186 2214 1435 2274 oporteat.
1466 2202 1735 2276 Ligamina
1759 2222 1946 2275 super-

371 2295 587 2350 stitiosa.
615 2324 687 2336 -—
709 2295 920 2351 Gratias
938 2311 1068 2367 ergo
1091 2311 1310 2367 agamus
1335 2298 1385 2350 in
1412 2297 1661 2352 onmibus
1688 2298 1946 2368 quidquid

367 2389 609 2445 evenerit
633 2406 646 2441 :
676 2387 778 2443 hoc
802 2389 946 2444 enim
973 2397 1056 2443 est
1102 2389 1390 2458 gratiarum
1417 2388 1577 2444 actio.
1603 2387 1738 2444 Nam
1781 2390 1835 2444 in
1866 2406 1952 2444 re-

371 2481 471 2536 bus
498 2480 750 2536 secundis
770 2480 873 2536 hoc
899 2495 1080 2551 agere.
1106 2495 1211 2535 non
1242 2489 1326 2536 est
1350 2496 1599 2552 magnum
1625 2498 1641 2548 ;
1671 2481 1784 2551 ipsa
1807 2483 1949 2535 enim

372 2588 552 2628 rerum
599 2582 786 2627 natura
830 2587 932 2626 nos
972 2571 1040 2626 ad
1086 2572 1188 2626 hoc
1217 2572 1442 2642 impellit
1474 2592 1489 2628 :
1516 2572 1731 2643 quando
1772 2581 1950 2627 autem

370 2678 493 2720 cum
523 2663 591 2719 ad
616 2674 854 2720 extrema
879 2674 1095 2719 ventum
1126 2672 1229 2731 est,
1252 2665 1450 2734 gratias
1472 2666 1694 2735 agimus,
1722 2673 1848 2719 tunc
1872 2676 1957 2720 est

372 2759 769 2816 admirandum.
810 2758 1037 2826 Quando
1064 2759 1210 2815 enim
1240 2769 1460 2830 propter
1487 2775 1549 2815 ea
1575 2775 1694 2829 quae
1719 2761 1810 2815 alii
1842 2776 1955 2815 ma-

373 2853 583 2910 ledictis
626 2853 957 2908 insectantur
981 2859 1037 2907 et
1061 2868 1201 2924 aegre
1225 2851 1404 2907 ferunt
1428 2894 1442 2915 .
1472 2854 1673 2922 gratias
1698 2854 1905 2923 agimus
1938 2895 1952 2920 ,

376 2943 498 2999 vide
535 2952 729 3014 quanta
758 2944 829 2998 sit
854 2943 1208 3013 philosophia.
1238 2943 1420 2998 Primo
1454 2944 1617 3000 Deum
1645 2945 1954 3001 exhilaras:

376 3034 612 3090 secundo
649 3034 919 3090 diabolum
949 3035 1153 3105 pudore
1194 3034 1362 3091 efficis
1386 3052 1401 3101 ;
1429 3038 1587 3091 tertio
1624 3046 1679 3091 et
1701 3037 1843 3108 quod
1874 3037 1955 3092 l'a-

376 3138 520 3181 ctum
544 3134 628 3181 est
647 3125 777 3180 nihil
794 3141 913 3181 esse
938 3126 1287 3197 pronuntias:
1317 3127 1474 3183 simul
1509 3129 1654 3183 enim
1681 3139 1736 3182 tu
1761 3130 1959 3199 gratias

378 3217 514 3285 agis,
544 3224 599 3271 et
629 3216 772 3271 Deus
810 3216 1051 3272 dolorem
1090 3227 1350 3287 amputat,
1384 3228 1439 3273 et
1464 3221 1665 3276 recedit
1687 3221 1956 3279 diabolus.

379 3306 514 3361 Nam
545 3307 590 3361 si
619 3322 762 3377 aegre
789 3308 996 3372 tuleris,
1016 3309 1084 3372 is,
1111 3317 1168 3363 ut
1194 3312 1281 3379 qui
1309 3311 1451 3381 quod
1467 3312 1679 3367 volebat
1700 3312 1957 3384 ell'ecerit,

381 3398 574 3463 adest;
604 3409 659 3455 et
702 3400 864 3466 Deus,
904 3409 965 3454 ut
1004 3400 1095 3471 qui
1122 3403 1192 3456 sit
1218 3402 1549 3472 blasphemia
1576 3414 1632 3460 et
1677 3407 1962 3462 maledicto

382 3490 606 3545 allectus
626 3530 642 3557 ,
671 3490 956 3561 relinquit,
985 3501 1040 3547 et
1083 3493 1278 3547 malum
1309 3495 1539 3550 intendit
1563 3505 1614 3551 et
1642 3507 1802 3567 auget
1832 3516 1845 3551 :
1878 3498 1960 3553 sin

383 3591 563 3636 autem
590 3581 788 3651 gratias
817 3582 1010 3652 egeris,
1057 3592 1115 3636 ut
1144 3584 1234 3651 qui
1262 3585 1391 3639 nihil
1422 3588 1687 3656 proﬁciat,
1721 3588 1961 3655 recedit;

385 3683 439 3727 et
468 3672 631 3738 Deus,
658 3681 718 3726 ιιι
745 3673 834 3743 qui
876 3674 948 3728 sit
987 3674 1197 3730 honore
1233 3675 1475 3744 allectus,
1507 3678 1766 3735 honorem
1796 3683 1965 3753 magis

387 3763 651 3833 rependit.
677 3763 789 3819 Nec
827 3763 944 3820 ﬁeri
987 3776 1163 3837 potest
1189 3777 1248 3822 ut
1275 3768 1435 3823 homo
1460 3771 1547 3840 qui
1578 3784 1797 3842 propter
1828 3774 1966 3829 mala

388 3857 497 3925 agit
530 3854 747 3925 gratias,
778 3855 917 3911 mala
962 3858 1175 3912 sentiat.
1207 3858 1439 3914 Laetatur
1474 3861 1616 3915 enim
1666 3864 1866 3931 anima,
1910 3874 1969 3919 ut

388 3961 508 4014 qtue
535 3956 682 4002 recte
708 3960 768 4000 se
793 3956 945 4017 gerat
974 3966 988 4003 :
1016 3949 1196 4004 statim
1238 3951 1356 4005 laeta
1403 3961 1487 4006 est
1518 3954 1843 4009 conscientia
1869 3997 1884 4022 ,
1915 3965 1972 4012 et

390 4037 502 4091 suis
530 4038 689 4107 gestit
718 4049 771 4093 et
797 4038 1029 4093 exsultat
1069 4040 1314 4096 laudibus
1343 4059 1357 4096 :
1387 4059 1507 4112 quae
1549 4060 1676 4100 vero
1702 4047 1819 4100 laeta
1848 4056 1931 4101 est
1950 4090 1966 4115 ,

392 4142 497 4180 non
549 4136 725 4198 potest
748 4143 868 4184 esse
910 4131 1096 4185 tristis.
1125 4132 1236 4187 Illic
1283 4143 1458 4188 autem
1505 4152 1625 4190 cum
1670 4138 1971 4195 calamitate

392 4231 547 4293 urget
574 4224 735 4278 etiam
788 4222 1065 4295 ﬂagellans
1101 4226 1470 4295 conscientia;
1522 4228 1611 4284 hic
1650 4244 1874 4286 coronat
1917 4243 1973 4287 et

394 4324 663 4384 tamquam
714 4320 983 4386 praeconio
1013 4320 1325 4389 proclamat.
1374 4321 1519 4377 Nihil
1565 4334 1648 4378 est
1677 4325 1851 4395 lingua
1880 4326 1971 4382 illa

394 4408 651 4472 sanctius,
699 4423 818 4479 qua:
871 4411 923 4464 in
968 4411 1123 4465 malis
1154 4413 1262 4468 Deo
1288 4413 1397 4484 agit
1424 4416 1620 4484 gratias
1650 4433 1663 4468 ε
1694 4432 1880 4473 revera
1908 4434 1972 4474 ea

395 4498 527 4553 nihil
554 4499 715 4554 distat
739 4515 768 4554 a
810 4500 988 4571 lingua
1018 4512 1310 4575 martyrum
1345 4524 1359 4561 :
1399 4506 1648 4563 similiter
1684 4518 1739 4563 et
1782 4509 1895 4579 ipsa
1920 4520 1976 4565 et

396 4592 488 4647 ille
531 4602 839 4648 coronatur.
889 4595 1021 4649 Nam
1051 4613 1167 4651 eam
1194 4614 1408 4670 quoque
1452 4611 1603 4671 urget
1648 4603 1808 4658 lictor
1833 4646 1850 4671 ,
1882 4607 1973 4675 qui

396 4685 541 4754 cogit
571 4684 737 4740 Deum
780 4702 978 4756 negare
1006 4704 1100 4758 per
1126 4690 1513 4759 blasphemiam
1546 4711 1560 4747 :
1596 4695 1753 4749 instat
1777 4705 1835 4750 et
1861 4698 1977 4751 dia-

399 4778 552 4832 bolus
592 4779 978 4850 cogitationum
1025 4798 1220 4852 urgens
1249 4784 1604 4852 carniﬁcinis,
1635 4797 1690 4842 et
1727 4790 1975 4845 tenebras

396 4867 679 4924 oﬂ'undens
708 4872 889 4926 animo
916 4873 1341 4943 atgritudinibus.
1373 4875 1427 4932 Si
1458 4878 1578 4946 quis
1604 4894 1734 4949 ergo
1759 4880 1977 4938 dolores

401 4965 601 5032 tulerit,
630 4972 685 5019 et
711 4966 913 5037 gratias
938 4968 1146 5038 egerit,
1175 4982 1432 5024 coronam
1459 4972 1650 5042 accipit
1676 4975 1922 5046 martyrii
1953 4992 1971 5031 :

397 5057 630 5129 exempli
656 5060 844 5129 gratia,
886 5058 1062 5115 infans
1100 5070 1345 5131 aegrotat,
1370 5072 1425 5119 et
1450 5064 1562 5120 Deo
1597 5068 1706 5137 agit
1739 5069 1974 5138 gratias;

400 5150 503 5205 hoc
565 5152 723 5206 matri
787 5166 987 5206 corona
1051 5163 1151 5207 est.
1216 5154 1334 5222 Quo
1406 5164 1674 5213 tormento
1736 5176 1841 5214 non
1893 5171 1977 5217 est

399 5244 635 5301 deterior
681 5245 845 5299 animi
890 5246 1186 5315 aegritudo?
1239 5247 1333 5302 sed
1382 5264 1445 5304 ea
1506 5266 1610 5305 non
1651 5254 1792 5323 cogit
1853 5270 1980 5310 ver-

400 5338 525 5392 bum
562 5337 810 5392 acerbum
861 5338 1124 5394 emittere.
1165 5338 1432 5395 Moritur:
1478 5357 1665 5398 rursus
1703 5347 1811 5414 agit
1852 5362 1978 5416 gra-

402 5427 540 5483 tias?
594 5427 751 5483 Facta
799 5438 883 5484 est
927 5430 1031 5483 ﬁlia
1079 5430 1388 5485 Abrahami.
1437 5432 1570 5488 Nam
1623 5436 1722 5491 etsi
1768 5440 1978 5508 propria

403 5536 563 5577 manu
605 5537 714 5576 non
761 5523 975 5590 occidit,
1027 5525 1123 5580 sed
1173 5535 1354 5581 tamen
1403 5526 1574 5581 laetata
1626 5542 1708 5584 est
1759 5544 1981 5602 prapter

404 5611 744 5678 sacriﬁcium,
777 5614 918 5683 quod
966 5631 1060 5684 par
1096 5625 1180 5671 est
1211 5632 1225 5669 :
1261 5632 1365 5671 non
1400 5622 1705 5675 succensuit
1732 5638 1850 5677 cum
1879 5623 1977 5679 do-

405 5718 532 5756 num
578 5703 896 5763 auferretur.
944 5706 1146 5763 Rursus
1189 5712 1470 5776 a’grotavit
1501 5730 1513 5765 :
1546 5729 1653 5768 non
1701 5714 1824 5771 fecit
1848 5718 1984 5789 liga-

410 5792 898 5867 tniualﬂeputatur
932 5800 982 5851 ei
1010 5800 1355 5866 martyrium:
1399 5816 1576 5861 mente
1601 5806 1742 5862 enim
1772 5813 1977 5866 Sacriﬁ-

728 5889 998 5953 Ps'rnoe.
1046 5887 1164 5951 Gn.
1216 5888 1408 5952 LXII.

1207 347 1272 402 IN
1314 347 1527 405 EPIST.
1571 348 1661 404 AD
1696 344 1976 408 COLUSS.
2014 343 2165 402 CAP.
2210 347 2295 405 Ill.
2339 351 2571 409 llOMll..
2616 351 2751 412 Vill.

3518 364 3622 421 5’38

2050 463 2196 516 cavit
2243 464 2433 521 ﬁlium.
2476 466 2611 535 Quid
2660 467 2825 535 enim,
2879 470 2925 524 si
2959 470 3044 525 illa
3081 472 3213 527 nihil
3245 484 3489 543 prosunt,
3532 477 3626 533 sed

2048 563 2174 608 sunt
2215 555 2438 611 fallaciae
2477 569 2532 613 et
2561 559 2833 615 ludibria?
2875 558 3013 617 Sunt
3064 572 3242 618 tamen
3284 565 3372 634 qui
3403 568 3632 622 suadent

2044 660 2109 700 ea
2156 648 2441 715 prodesse;
2469 658 2522 703 ct
2561 651 2746 706 maluit
2793 651 3050 707 infantem
3096 655 3277 709 videre
3322 669 3585 711 mortuum
3612 702 3626 719 ,

2051 751 2209 806 quam
2238 739 2345 808 pati
2373 740 2751 797 idololatrian).
2783 741 2853 800 Ut
2876 759 3004 814 ergo
3035 744 3144 815 ipsa
3175 756 3258 800 est
3283 760 3503 820 martyr,
3522 750 3632 804 sive

2048 828 2100 882 in
2128 827 2327 899 seipsa,
2354 831 2468 886 sive
2495 847 2547 886 m
2571 832 2681 888 ﬁlio
2709 833 2811 889 hoc
2838 833 3018 899 faciat,
3049 837 3164 891 sive
3192 837 3244 890 in
3279 841 3490 905 marito,
3519 840 3631 894 sive

2046 917 2099 972 in
2125 918 2305 990 aliquo
2332 921 2421 992 qui
2452 929 2536 978 est
2562 922 2611 977 ei
2639 924 2949 979 carissimus
2982 942 2995 976 :
3027 926 3097 979 ita
3130 926 3294 981 altera
3326 938 3409 982 est
3436 929 3632 985 cultrix

2048 1008 2349 1078 idolorum;
2379 1020 2463 1067 est
2491 1013 2633 1066 enim
2667 1015 3004 1083 perspicuum
3032 1015 3173 1084 quod
3201 1016 3305 1071 diis
3334 1020 3632 1074 sacriﬁcas-

2048 1108 2160 1165 set,
2187 1100 2233 1154 si
2263 1100 2502 1157 licuisset
2526 1102 2829 1158 sacriﬁcare
2863 1122 2875 1156 :
2907 1106 3015 1159 imo
3040 1121 3168 1160 vero
3195 1107 3303 1175 jam
3321 1103 3463 1162 ’l‘ecit
3488 1110 3631 1179 quod

2048 1202 2133 1246 est
2152 1191 2420 1248 sacriﬁcii.
2450 1192 2721 1264 Ligamina
2750 1195 2923 1259 enim,‘
2939 1196 3036 1251 etsi
3065 1196 3130 1251 de
3158 1198 3222 1253 iis
3247 1199 3438 1254 millies
3465 1200 3638 1270 philo-

2048 1283 2343 1353 sophentur
2362 1284 2451 1355 qui
2474 1285 2536 1339 iis
2557 1294 2793 1351 utuntur,
2820 1286 3079 1353 dicentes,
3106 1288 3269 1342 Deum
3293 1290 3634 1359 invocamus,

2048 1386 2105 1432 et
2128 1376 2256 1432 nihil
2283 1377 2509 1447 amplius
2540 1378 2762 1433 iacimus
2786 1393 2801 1443 ;
2828 1387 2885 1433 et
2909 1394 3025 1448 quae
3052 1389 3177 1433 sunt
3199 1380 3500 1449 hujusmodi
3522 1399 3539 1449 ;
3562 1394 3635 1450 ct,

2050 1468 2350 1525 Christiana
2374 1479 2455 1525 est
2481 1471 2655 1526 vetula
2686 1480 2740 1525 et
2767 1471 2939 1525 ﬁdelis
2966 1486 3062 1526 :ea
3092 1488 3178 1528 res
3205 1482 3288 1527 est
3316 1474 3634 1530 idololatria.

2050 1559 2123 1617 Es
2149 1560 2356 1615 ﬁdelis?
2397 1562 2544 1632 signa
2577 1569 2668 1616 te:
2699 1561 2805 1622 dic,
2847 1562 2971 1617 llam
2996 1578 3143 1618 arma
3175 1563 3343 1620 habeo
3369 1567 3503 1633 sola,
3539 1567 3641 1623 hoc

2052 1652 2530 1719 medicamentum;
2554 1653 2697 1708 aliud
2722 1662 2898 1708 autem
2927 1656 3129 1709 nescio.
3155 1655 3249 1709 Dic
3270 1656 3424 1722 mihi,
3451 1660 3492 1712 si
3521 1662 3640 1729 quis

2051 1745 2340 1799 accesserit
2359 1744 2618 1811 medicus,
2638 1752 2693 1800 ct
2719 1745 3001 1799 medicinae
3020 1746 3258 1801 dimissis
3281 1749 3611 1805 medicamen
3628 1782 3641 1792 -

2056 1838 2122 1891 tis
2150 1838 2408 1905 incantet,
2437 1853 2631 1892 eumne
2660 1837 2901 1893 dicemus
2931 1839 3233 1893 medicum?
3258 1840 3599 1913 Nequaquam
3625 1863 3636 1897 :

2055 1930 2336 1986 medicinae
2373 1932 2516 1983 enim
2555 1944 2663 1984 non
2705 1929 2947 1984 videmus
2978 1931 3283 1999 pharmaca.
3329 1933 3401 1987 ita
3431 1950 3529 1989 nec
3558 1935 3643 1990 hic

2054 2021 2456 2076 christianismi.
2481 2019 2617 2075 Aliae
2641 2028 2820 2075 autem
2845 2036 3033 2075 rursus
3053 2022 3272 2093 alligant
3294 2026 3508 2079 nomina
3536 2028 3606 2080 llu
3624 2059 3639 2066 -

2055 2116 2285 2181 viorum,
2318 2121 2375 2168 et
2414 2112 2518 2166 alia
2561 2112 2761 2166 audent
2810 2113 3239 2167 innumerabilia.
3275 2114 3411 2171 Ecce
3438 2117 3559 2174 dico
3587 2116 3643 2174 et

2056 2207 2290 2278 praedico
2318 2205 2468 2260 vobis
2506 2204 2756 2259 omnibus
2781 2222 2793 2259 :
2823 2204 2964 2274 quod
2995 2206 3039 2260 si
3065 2206 3329 2276 quispiam
3362 2208 3518 2266 fuerit
3540 2211 3639 2267 dc-

2055 2300 2354 2371 prehensus
2376 2339 2392 2366 ,
2423 2312 2529 2353 non
2574 2312 2788 2367 parcam
2836 2299 3025 2353 iterum
3046 2339 3062 2364 ,
3093 2299 3208 2355 sive
3238 2301 3462 2371 ligamen
3482 2346 3498 2370 ,
3529 2306 3644 2362 sive

2056 2391 2470 2446 incantationem
2495 2429 2511 2456 ,
2537 2389 2652 2444 sive
2685 2387 2846 2459 hujus
2884 2389 3017 2445 artis
3064 2390 3262 2463 aliquid
3293 2393 3435 2449 aliud
3463 2395 3641 2452 faciat.

2056 2484 2195 2554 Quid
2235 2484 2402 2540 vero?
2430 2483 2690 2538 morietur
2712 2524 2729 2549 ,
2758 2482 2928 2553 inquit
2954 2524 2971 2551 ,
3010 2483 3206 2541 infans.
3238 2485 3293 2542 Si
3321 2487 3400 2544 sic
3428 2490 3641 2557 vixerit,

2060 2588 2187 2632 tunc
2209 2577 2500 2642 morietur;
2524 2574 2605 2629 sin
2629 2585 2808 2630 autem
2838 2574 3041 2644 absque
3067 2576 3170 2631 illis
3197 2589 3438 2635 mortuus
3466 2583 3642 2650 fuerit,

2060 2677 2189 2723 tunc
2219 2666 2365 2722 vivit.
2395 2665 2546 2720 Nunc
2575 2673 2753 2719 autem
2780 2664 2825 2719 si
2850 2663 3049 2720 videris
3077 2666 3287 2736 quidem
3326 2670 3490 2726 ﬁlium
3526 2687 3646 2728 vcr-

2060 2768 2267 2815 santem
2293 2773 2417 2814 cum
2450 2755 2844 2817 meretricibus,
2879 2764 3033 2824 optas
3075 2771 3197 2811 eum
3230 2758 3281 2813 in
3309 2767 3449 2815 terra
3478 2762 3645 2818 infos-

2060 2866 2202 2917 sum,
2230 2858 2284 2904 et
2308 2847 2465 2909 dicis,
2503 2845 2640 2913 Quid
2666 2846 2712 2901 ei
2744 2845 2965 2916 prodest
2994 2846 3215 2902 vivere?
3254 2848 3441 2906 videns
3465 2863 3644 2908 autem

2061 2958 2183 2998 eum
2208 2942 2262 2995 in
2290 2937 2528 3011 periculo
2558 2937 2745 2992 salutis
2768 2977 2784 3001 ,
2815 2938 2895 2992 vis
2921 2936 3103 2993 videre
3129 2955 3250 2994 eum
3280 2942 3497 2999 vivum?
3528 2946 3644 3004 Non

2061 3031 2310 3087 audivisti
2357 3028 2629 3085 Christum
2670 3027 2980 3095 dicentem,
3028 3028 3127 3093 Qui
3168 3032 3386 3100 perdidit
3425 3037 3656 3093 animant

2064 3141 2249 3190 suam,
2282 3121 2499 3176 inveniet
2540 3136 2649 3174 eam
2671 3134 2691 3183 ,'
2730 3120 2816 3189 qui
2858 3129 3025 3173 autem
3066 3121 3281 3188 invenit,
3324 3125 3495 3194 perdet
3538 3144 3651 3181 eam

2069 3215 2295 3289 (Matth.
2347 3214 2438 3269 16.
2479 3212 2553 3268 25
2572 3210 2631 3281 )?
2671 3211 2845 3266 credis
2871 3211 2936 3265 iis
2961 3227 3079 3281 qua:
3104 3213 3242 3268 dicta
3270 3227 3416 3282 sunt,
3445 3234 3511 3273 an
3557 3222 3649 3276 tibi

2065 3307 2316 3363 videntur
2354 3320 2475 3360 esse
2524 3302 2758 3358 fabulae?
2787 3303 2880 3357 Dic
2908 3302 3058 3369 mihi,
3087 3303 3132 3358 si
3158 3305 3276 3374 quis
3305 3305 3516 3373 dixerit,
3542 3311 3652 3367 Duc

2067 3400 2119 3455 in
2149 3398 2405 3468 templum
2431 3394 2717 3459 idolorum,
2746 3403 2802 3449 et
2822 3394 2984 3461 vivet,
3012 3395 3268 3464 patieris?
3294 3396 3430 3465 Non,
3460 3401 3649 3473 inquit.

2066 3489 2280 3559 Quare?
2310 3488 2444 3556 Quia
2487 3486 2629 3557 cogit
2670 3484 2850 3541 colere
2895 3484 3034 3539 idola
3069 3504 3082 3539 :
3119 3486 3205 3541 hic
3231 3499 3405 3543 autem
3436 3509 3539 3547 non
3571 3505 3653 3551 cst

2069 3580 2392 3643 idololatria,
2414 3576 2509 3632 sed
2534 3577 2729 3640 solum,
2754 3575 2945 3645 inquit,
2972 3576 3280 3633 incantatio.
3309 3580 3432 3636 "(BC
3456 3593 3540 3639 est
3562 3602 3653 3641 co-

2068 3675 2255 3746 gitatio
2285 3672 2543 3741 satanica,
2571 3671 2655 3726 ha:
2701 3680 2826 3724 sunt
2869 3670 3150 3727 diabolica:
3196 3673 3441 3743 insidias,
3474 3687 3653 3749 tegere

2070 3782 2332 3832 errorem,
2359 3776 2415 3821 et
2452 3766 2507 3820 in
2546 3764 2703 3819 melle
2728 3763 2859 3819 dare
2888 3779 3170 3820 venenum.
3204 3767 3465 3835 Quoniam
3508 3776 3657 3828 novit

2073 3876 2132 3917 se
2171 3860 2257 3913 illa
2299 3858 2399 3913 hac
2436 3857 2521 3910 via
2563 3870 2669 3909 non
2712 3868 3113 3924 persuasorum,
3140 3856 3411 3928 ingressus
3458 3872 3541 3917 est
3589 3868 3657 3919 ad

2073 3952 2305 4006 amuleta
2335 3959 2391 4005 et
2416 3948 2584 4002 aniles
2612 3946 2816 4001 fabulas
2845 3962 2858 4000 :
2887 3955 2942 4002 et
2964 3962 3097 4002 crux
3121 3950 3334 4019 quidem
3361 3953 3547 4011 aﬁecta
3574 3969 3659 4013 est

2077 4043 2389 4117 ignominia,
2439 4042 2605 4096 litera:
2648 4049 2826 4095 autem
2860 4038 2913 4093 in
2944 4041 3134 4109 majori
3176 4042 3382 4102 honore
3408 4059 3531 4105 sunt
3559 4050 3658 4104 ha-

2077 4139 2201 4193 bitze
2229 4153 2240 4188 z
2270 4133 2515 4191 Christus
2538 4132 2638 4187 fuit
2661 4132 2884 4202 ejectus,
2906 4141 2961 4187 et
2984 4131 3338 4191 introducitur
3356 4154 3490 4195 anus
3512 4141 3659 4199 ebria

2077 4239 2132 4285 et
2158 4228 2390 4285 delirans
2425 4244 2438 4279 :
2470 4224 2838 4279 conculcatum
2871 4233 2953 4278 est
2974 4233 3215 4280 nostrum
3242 4231 3576 4300 mysterium,
3606 4245 3661 4289 et

2078 4322 2273 4377 choros
2301 4318 2447 4373 ducit
2477 4316 2620 4370 fraus
2650 4313 2868 4369 diaboli.
2902 4314 3010 4369 Cur
3038 4330 3167 4386 ergo
3196 4332 3303 4373 non
3332 4325 3541 4392 arguit,
3575 4326 3659 4380 in-

2078 4415 2212 4485 quit,
2246 4409 2430 4467 Deus?
2458 4406 2613 4476 Quod
2640 4407 2709 4461 ab
2736 4407 2801 4461 iis
2826 4406 2985 4461 datur
3009 4409 3265 4466 auxilium
3295 4426 3439 4483 saepe
3467 4421 3658 4488 argllil.

2080 4513 2136 4560 et
2162 4503 2254 4557 tibi
2274 4517 2379 4555 non
2408 4498 2671 4570 persuasit
2698 4516 2713 4551 :
2736 4498 2846 4567 jam
2866 4497 3085 4552 dimittit
3103 4511 3394 4559 errantem.
3428 4506 3661 4565 Tradidit

2080 4596 2247 4659 enim,
2293 4592 2483 4661 inquit,
2528 4590 2667 4659 ipsos
2696 4587 2834 4643 Deus
2862 4589 2916 4642 in
2943 4590 3210 4659 reprobum
3240 4610 3451 4650 sensum.
3480 4599 3660 4667 (Rom.

2083 4688 2134 4742 1.
2154 4686 2267 4755 28).
2286 4682 2413 4738 Haec
2434 4695 2501 4736 ne
2520 4680 2767 4736 ethnicus
2787 4679 3023 4750 quidem,
3042 4682 3131 4751 qui
3149 4685 3306 4753 sapit,
3332 4688 3660 4748 toleraverit.

2082 4780 2286 4836 Dicitur
2311 4775 2528 4847 quidam
2554 4782 2737 4829 orator
2764 4775 2944 4845 p0puli
2972 4775 3195 4831 Athenis
3220 4780 3507 4850 aliquando
3546 4786 3662 4844 haec

2083 4872 2185 4926 sibi
2206 4868 2505 4940 applicasse
2533 4884 2547 4921 :
2577 4866 2770 4921 deinde
2794 4880 2915 4922 cum
2943 4867 3159 4936 quidam
3201 4870 3566 4945 philosophus,
3598 4882 3662 4935 il-

2082 4962 2186 5017 lius
2200 4960 2454 5030 magister
2468 4973 2588 5012 eum
2605 4957 2845 5021 vidisset,
2862 4958 3292 5032 reprehendisse,
3307 4980 3661 5036 conquestum

2082 5068 2225 5117 esse,
2247 5047 2621 5113 momordisse,
2646 5046 2963 5102 traduxisse.
2984 5048 3093 5105 Nos
3112 5061 3290 5108 autem
3313 5055 3448 5111 adeo
3469 5059 3665 5118 misere

2083 5143 2257 5199 allecti
2284 5156 2467 5195 smnus
2489 5181 2503 5204 ,
2533 5148 2591 5193 ut
2620 5138 2702 5191 his
2729 5139 3028 5193 credamus.

2157 5236 2259 5292 Cur
2283 5235 2529 5289 miracula
2556 5249 2655 5286 non
2683 5233 2828 5301 ﬁant.
2870 5232 3218 5299 Quorumdam
3252 5245 3662 5308 superstitionum

2084 5329 2376 5398 descriptio.
2417 5356 2488 5368 —
2504 5324 2611 5380 Cur
2631 5340 2737 5379 non
2760 5334 2905 5390 sunt,
2936 5326 3163 5396 inquies,
3183 5330 3271 5399 qui
3288 5344 3528 5388 mortuos
3542 5354 3659 5393 sus.

2084 5425 2270 5486 citent,
2302 5429 2356 5473 et
2395 5417 2696 5473 curationes
2728 5417 3016 5485 peragant?
3043 5416 3171 5483 Cur,
3218 5435 3322 5473 non
3348 5424 3469 5476 dico
3499 5442 3513 5477 :
3564 5443 3664 5483 cur

2085 5528 2227 5569 nunc
2252 5528 2357 5565 non
2384 5518 2508 5563 sunt
2537 5508 2627 5577 qui
2657 5506 2821 5561 vitam
2845 5507 3140 5575 despiciant
3175 5514 3536 5577 praesentem?
3562 5532 3660 5573 cur

2085 5602 2334 5660 mercede
2379 5602 2488 5657 Deo
2528 5600 2829 5655 servimus?
2860 5600 3085 5667 Quando
3125 5601 3441 5662 imbecillius
3469 5608 3658 5665 affecta

2085 5706 2205 5751 erat
2242 5695 2471 5750 humana
2514 5703 2734 5758 natura;
2763 5692 2977 5763 quando
3018 5696 3296 5763 Oportebat
3344 5699 3565 5767 plantari
3596 5707 3656 5759 ﬁ-

2084 5790 2233 5849 dent,
2265 5798 2418 5843 crant
2444 5787 2595 5843 multi
2623 5785 2963 5861 hujusmodi;
3005 5802 3144 5843 nunc
3173 5800 3348 5842 autem
3393 5807 3498 5846 non
3547 5798 3662 5851 vult

3275 5884 3354 5945 23
