4120 6400
516 331 622 386 359

511 456 615 496 nos
648 440 881 512 pendere
906 438 975 495 ab
1004 437 1088 493 his
1118 436 1303 508 signis,
1332 434 1429 491 sed
1467 442 1683 505 paratos
1707 446 1829 489 esse
1855 430 1922 486 ad
1953 445 2096 485 mor-

522 548 649 587 .em.
666 532 776 586 Cur
803 546 929 601 ergo
955 530 1077 583 vitae
1104 527 1353 599 praesenti
1377 524 1648 581 inhaeres?
1674 537 1769 579 cur
1791 523 1964 577 futura
1989 537 2097 576 non

516 623 750 695 aSpicis?
787 632 843 678 et
870 638 964 692 pro
992 622 1093 676 hac
1119 619 1335 690 quidem
1364 618 1526 673 etiam
1562 615 1703 672 idola
1731 614 1909 670 colere
1935 615 2097 667 susti-

519 732 636 783 nes,
670 731 767 785 pro
795 714 886 769 illa
912 721 1090 767 autem
1119 727 1187 766 ne
1218 710 1397 765 subire
1425 706 1642 778 quidem
1668 706 1903 777 aliquam
1932 704 2097 760 animi

518 802 928 877 :egritudinem?
960 803 1248 871 Propterea
1288 814 1394 853 non
1433 806 1558 852 sunt
1598 810 1739 852 nunc
1782 794 1938 861 tales,
1960 808 2093 864 quo-

519 900 658 953 niam
689 896 856 965 turpis
884 892 1039 948 nobis
1065 892 1176 946 visa
1203 897 1287 944 est
1312 889 1400 943 illa
1428 887 1566 952 vita;
1595 886 1857 957 siquidem
1885 900 1981 955 pro
2008 883 2096 938 illa

518 990 647 1044 nihil
671 989 899 1057 agimus,
928 999 1023 1053 pro
1048 983 1149 1037 hac
1174 990 1349 1035 autem
1382 978 1839 1033 nihilrecusamus
1865 972 2094 1045 perpeti.

516 1081 651 1149 Quid
679 1093 807 1134 vero
834 1076 975 1131 aliud
1003 1087 1215 1144 quoque
1243 1070 1524 1125 ridiculum
1549 1108 1564 1134 ,
1608 1067 1751 1122 cinis
1770 1076 1823 1121 et
1848 1064 2013 1135 fuligo
2041 1072 2097 1118 et

517 1174 657 1227 sales
675 1176 699 1224 ?
720 1178 775 1225 et
798 1181 984 1222 rursus
1008 1167 1063 1220 in
1091 1162 1323 1219 medium
1357 1159 1533 1231 prodit
1554 1158 1782 1214 anicula.
1809 1157 1914 1211 Res
1942 1157 2097 1226 plane

518 1262 738 1318 ridicula
766 1268 822 1315 et
848 1256 1113 1329 pudenda.
1141 1254 1209 1309 Et
1234 1253 1444 1319 oculus,
1477 1251 1648 1321 inquit
1674 1291 1689 1315 ,
1717 1250 1892 1320 rapuit
1920 1246 2093 1302 infan-

516 1364 646 1409 tem.

588 1445 642 1499 6.
673 1443 961 1510 Quousque
992 1440 1106 1494 hare
1125 1438 1359 1493 satanica
1381 1437 1406 1491 ?
1426 1434 1693 1507 quomodo
1720 1447 1824 1487 non
1852 1430 2100 1487 ridebunt

516 1536 693 1593 (ἓνωοί
712 1534 738 1588 ?
764 1530 1034 1603 quomodo
1063 1544 1169 1584 non
1202 1527 1606 1583 subsannabunt
1628 1565 1644 1591 ,
1672 1524 1883 1595 quando
1907 1522 1987 1578 eis
2012 1522 2096 1577 die

513 1642 698 1683 eenms
721 1638 970 1695 magnam
995 1636 1116 1678 esse
1138 1620 1388 1675 virtutem
1410 1616 1623 1673 crucis?
1644 1614 1913 1686 quomodo
1940 1613 1992 1669 id
2018 1614 2097 1669 eis

514 1717 921 1790 persuadebitur
941 1757 955 1781 ,
982 1729 1104 1770 cum
1132 1712 1347 1767 videant
1374 1726 1473 1765 nos
1502 1723 1636 1779 opus
1661 1708 1860 1763 habere
1885 1707 1950 1762 iis
1978 1721 2098 1776 quae

515 1811 616 1882 ipsi
647 1807 911 1866 irrident?
954 1815 1237 1878 propterea
1268 1805 1412 1859 Deus
1456 1802 1603 1858 dedit
1637 1801 1873 1856 medicos
1899 1808 1953 1854 et
1980 1813 2096 1852 me-

514 1900 860 1956 dicamenta?
904 1898 1040 1965 Quid
1073 1910 1201 1951 vero
1225 1936 1241 1958 ,
1268 1895 1313 1949 si
1345 1894 1418 1948 illi
1452 1909 1554 1947 non
1580 1899 1772 1948 curent
1794 1932 1808 1957 ,
1841 1888 1936 1945 sed
1966 1902 2099 1959 puer

516 1992 769 2048 excedat?
787 1990 902 2057 Quo
923 1988 1051 2054 abit,
1067 1988 1379 2056 dic,qu:eso,
1404 1983 1589 2040 infelix
1612 1992 1667 2038 et
1688 1982 1885 2039 miser?
1902 1976 1968 2036 ad
1989 1981 2100 2036 da:-

516 2100 773 2140 Inonesne
800 2084 910 2138 abit
929 2090 983 2136 et
1002 2080 1068 2134 ad
1093 2078 1415 2151 tyrannum?
1439 2092 1615 2132 annon
1646 2077 1756 2131 abit
1782 2077 1833 2130 in
1863 2073 2097 2131 caelum?

516 2191 695 2233 annon
739 2174 806 2229 ad
850 2188 1004 2227 suum
1051 2169 1376 2225 Dominum?
1410 2169 1535 2240 quid
1582 2184 1709 2239 ergo
1749 2168 1943 2224 doles?
1969 2168 2096 2239 quid

515 2267 655 2325 fles?
683 2266 805 2336 quid
836 2263 1022 2335 luges?
1068 2262 1193 2333 quid
1242 2260 1498 2316 infantem
1528 2262 1696 2331 magis
1720 2260 1898 2331 diligis
1935 2274 2093 2330 quam

517 2359 842 2417 Dominum?
887 2371 1065 2411 nonne
1108 2362 1326 2425 propter
1376 2353 1526 2407 illum
1573 2368 1695 2407 eum
1748 2352 1957 2407 habes?
1997 2367 2095 2405 cur

524 2462 608 2509 est
654 2453 931 2523 ingratus,
978 2448 1069 2518 qui
1120 2446 1317 2502 donum
1368 2446 1489 2517 plus
1537 2461 1684 2500 ames
1735 2462 1893 2516 quam
1945 2444 2093 2499 illum

515 2546 605 2616 qui
631 2539 821 2599 dedit?
868 2545 934 2595 At
959 2555 1075 2594 sum
1104 2582 1116 2605 ,
1150 2540 1340 2609 inquit,
1375 2539 1695 2605 imbecillus,
1727 2548 1781 2592 et
1824 2552 1930 2593 non
1978 2537 2095 2593 fero

517 2638 610 2692 Dei
652 2635 920 2688 timorem.
952 2631 1083 2685 Nam
1126 2631 1169 2683 si
1216 2630 1270 2683 in
1312 2629 1469 2683 malis
1509 2629 1880 2698 corporalibus
1921 2628 2095 2697 majus

519 2726 647 2796 tegit
692 2724 865 2777 minus
888 2762 906 2787 ,
934 2720 1102 2775 multo
1145 2719 1312 2789 magis
1354 2719 1406 2773 in
1446 2719 1620 2772 anima
1654 2719 1811 2773 timor
1835 2719 1996 2773 solvit
2025 2719 2094 2772 ti-

518 2833 742 2881 morem,
770 2824 826 2871 et
850 2815 1004 2869 dolor
1032 2813 1296 2868 dolorem.
1339 2810 1467 2865 Erat
1513 2826 1645 2881 puer
1694 2810 1955 2881 pulcher?
1984 2811 2090 2866 Sed

515 2906 1040 2979 cujusmodicumque
1068 2912 1235 2966 esset,
1269 2917 1374 2956 non
1403 2911 1520 2957 erat
1550 2901 1731 2956 lsaaco
1759 2899 2041 2969 pulchrior
2076 2918 2089 2953 :

514 3012 629 3057 erat
652 2999 740 3053 ille
765 3010 976 3067 quoque
1004 2994 1212 3048 unicus.
1254 2991 1311 3046 In
1338 3000 1617 3047 senectute
1647 2990 1741 3046 tibi
1774 2999 1931 3045 natus
1961 2988 2092 3045 est?

519 3092 585 3146 Et
612 3090 724 3144 ille.
758 3087 861 3143 Sed
904 3096 987 3141 est
1030 3093 1287 3139 venustus
1316 3092 1370 3137 et
1394 3081 1649 3151 elegans?
1694 3081 1890 3138 Verum
1916 3080 2093 3151 cujus-

516 3184 889 3251 modicumque
915 3181 1002 3243 sit,
1027 3192 1132 3233 non
1155 3186 1237 3231 est
1262 3176 1444 3247 Moyse
1484 3174 1757 3231 venustior
1786 3184 1842 3231 et
1868 3175 2084 3245 elegan-

516 3277 639 3341 tior,
672 3273 760 3342 qui
790 3272 949 3327 etiam
978 3267 1286 3324 barbaricos
1311 3266 1497 3321 oculos
1526 3265 1697 3320 illexit
1723 3264 1790 3320 ad
1821 3264 1904 3320 sui
1934 3280 2092 3319 amo-

515 3384 652 3434 rem,
684 3366 844 3435 idque
866 3379 930 3419 eo
960 3372 1201 3431 tempore
1227 3359 1420 3423 astatis,
1454 3360 1505 3413 in
1532 3373 1639 3428 quo
1664 3357 1901 3413 nondum
1931 3373 2096 3427 appa-

516 3467 600 3513 ret
628 3465 880 3511 venustas
905 3461 959 3509 et
987 3450 1288 3522 elegantia;
1315 3448 1410 3505 sed
1459 3459 1635 3503 tamen
1676 3464 1800 3504 eum
1839 3448 2092 3504 dilectum

516 3551 570 3605 in
599 3548 817 3603 fluvium
841 3545 1094 3615 jecerunt
1120 3550 1390 3613 parentes.
1412 3539 1491 3595 Tu
1522 3540 1737 3610 quidem
1762 3548 1817 3595 et
1840 3539 1989 3595 vides
2014 3539 2093 3609 ja~

513 3649 721 3696 contem
744 3680 759 3705 ,
783 3647 832 3693 et
865 3636 1084 3692 mandas
1115 3633 1405 3704 sepultura:
1425 3675 1441 3700 ,
1472 3643 1527 3688 et
1551 3634 1667 3688 abis
1696 3632 1762 3687 ad
1791 3633 2093 3687 monimen-

515 3745 625 3787 tum
659 3750 673 3785 :
704 3732 779 3786 illi
825 3740 1005 3785 autem
1037 3728 1352 3782 nesciebant
1376 3740 1502 3779 num
1534 3725 1770 3795 piscibus
1798 3739 1923 3780 esca
1954 3735 2097 3778 esset

513 3825 741 3885 futurus,
765 3838 830 3874 an
861 3819 1082 3875 canibus
1109 3859 1124 3883 ,
1155 3833 1221 3871 an
1252 3816 1411 3871 alicui
1440 3815 1529 3869 alii
1563 3815 1749 3870 bestia:
1776 3830 1843 3870 ex
1877 3815 1942 3870 iis
1972 3830 2093 3884 qua:

514 3921 802 3984 pascuntur
822 3911 874 3965 in
900 3909 1033 3964 mari
1057 3925 1072 3963 :
1097 3908 1287 3963 ethaac
1308 3906 1596 3971 faciebant,
1622 3920 1742 3959 cum
1764 3904 1895 3959 nihil
1917 3906 2091 3959 adhuc

512 4007 711 4062 scirent
733 4003 801 4059 de
828 4016 1010 4071 regno,
1042 4015 1213 4069 neque
1240 3998 1308 4053 de
1331 3997 1744 4052 resurrectione.
1775 3996 1845 4050 At
1869 4010 1974 4049 non
2006 4004 2089 4050 est

512 4098 721 4161 unicus,
750 4091 844 4147 sed
885 4092 1000 4160 ipse
1026 4104 1239 4159 quoque
1266 4096 1388 4158 post
1416 4088 1614 4141 multos
1665 4087 1939 4142 excessit?
1984 4086 2090 4141 Sed

514 4201 619 4241 non
661 4195 766 4238 tam
816 4181 1091 4251 repentina
1117 4189 1171 4233 et
1199 4189 1305 4232 tam
1331 4178 1665 4233 accumulata
1696 4178 1967 4247 tristisque
1998 4176 2096 4231 fuit

512 4278 808 4342 calamitas,
831 4289 988 4344 quam
1013 4287 1131 4342 quae
1151 4270 1286 4327 Jobo
1307 4269 1499 4325 accidit
1524 4288 1537 4324 :
1568 4286 1671 4324 non
1698 4278 1837 4325 tecto
1857 4269 2092 4339 dejeeto,

512 4386 617 4424 non
650 4369 790 4422 inter
816 4363 1202 4436 prandendum,
1237 4378 1342 4417 non
1372 4362 1765 4417 calamitatibus
1808 4363 1955 4432 prius
1999 4379 2093 4415 an-

514 4460 788 4515 nuntiatis.
827 4460 895 4512 At
924 4472 954 4511 a
985 4466 1036 4512 te
1065 4456 1427 4526 diligebatur?
1470 4454 1576 4510 Sed
1602 4471 1708 4510 non
1740 4456 1909 4526 magis
1932 4472 2090 4526 quam

513 4552 709 4624 Joseph
735 4552 1022 4607 devoratus
1048 4564 1077 4604 a
1109 4549 1278 4603 bestia
1302 4565 1316 4612 ;
1345 4547 1440 4603 sed
1467 4556 1644 4603 tamen
1672 4548 1790 4602 tulit
1813 4548 2092 4603 calamita-

513 4653 642 4709 tem,
664 4651 719 4696 et
738 4657 857 4711 qua:
885 4650 1004 4710 post
1025 4640 1169 4693 illam
1191 4638 1416 4705 exstitit,
1440 4648 1493 4693 et
1520 4654 1639 4710 quae
1666 4648 1787 4709 post
1813 4639 1967 4695 hanc.
1991 4640 2093 4695 Pa-

1234 326 1293 382 S.
1331 320 1611 379 JOANNIS
1647 313 2120 377 CIIRYSOSTOMI
2156 314 2471 373 ARClllEP.
2511 317 3042 375 CONSTANTINOP.

3677 319 3787 376 360

2208 438 2288 483 ter
2314 429 2480 498 flevit,
2507 431 2601 486 sed
2631 448 2735 486 non
2766 434 2925 503 impie
2950 448 3009 488 se
3038 433 3243 503 gessit;
3271 432 3425 498 luxit,
3449 433 3544 489 sed
3572 447 3676 488 non
3706 436 3784 488 in-

2206 520 2554 576 tolerabiliter
2580 523 2722 588 tulit,
2761 522 2856 577 sed
2886 538 3055 593 usque
3078 523 3146 578 ad
3178 523 3294 578 haec
3323 524 3485 579 verba
3513 526 3779 589 constitit,

2203 611 2421 678 dicens,
2452 612 2645 681 Joseph
2674 631 2775 669 non
2803 625 2895 680 est,
2924 616 3149 686 Symeon
3173 632 3273 670 non
3302 626 3409 683 est,
3442 627 3488 672 et
3518 616 3787 688 Benjamin

2203 704 2487 771 auferetis?
2513 705 2567 758 in
2598 721 2676 759 me
2701 709 2838 776 facta
2869 716 2986 760 sunt
3018 707 3187 760 omnia
3214 705 3382 779 (Gen.
3404 706 3495 762 42.
3519 707 3589 763 56
3613 707 3652 778 ).
3687 707 3783 761 Vi-

2204 794 2299 849 des
2325 796 2591 865 quomodo
2618 796 2691 851 illi
2720 798 3044 867 persuaserit
3087 798 3245 853 famis
3283 799 3522 869 tyrannis
3555 809 3610 853 ut
3638 798 3779 853 filios

2203 885 2541 956 despiceret;
2572 887 2712 958 apud
2758 897 2810 942 te
2852 896 3029 942 autem
3080 903 3185 943 non
3234 898 3437 943 tantum
3484 898 3661 959 potest
3692 890 3782 943 Dei

2204 989 2379 1034 metus
2402 1021 2416 1043 ,
2444 990 2700 1049 quantum
2741 978 2945 1035 fames?
2974 979 3295 1051 Lacrymare
3320 1020 3335 1042 .
3364 995 3469 1035 non
3499 992 3663 1046 veto;
3689 981 3785 1034 sed

2204 1071 2334 1126 nihil
2359 1072 2725 1141 blaSphemum
2747 1072 2948 1128 dixeris
2969 1088 3067 1127 nec
3087 1072 3296 1128 feceris.
3325 1071 3787 1143 Cujusmodicum-

2202 1178 2308 1235 que
2356 1164 2426 1218 sit
2470 1162 2630 1231 filius,
2658 1179 2763 1218 non
2797 1173 2880 1219 est
2906 1178 3030 1219 cum
3058 1163 3227 1218 Abele
3254 1163 3611 1220 conferendas
3642 1181 3656 1217 :
3688 1161 3784 1217 sed

2206 1255 2338 1309 nihil
2369 1254 2472 1309 tale
2501 1253 2637 1309 dixit
2666 1254 2860 1309 Adam.
2913 1255 3075 1324 Atqui
3105 1254 3282 1325 gravis
3306 1265 3421 1309 erat
3451 1254 3538 1310 illa
3565 1254 3783 1308 calami-

2203 1354 2287 1401 tas
2317 1364 2330 1400 :
2363 1346 2488 1416 quid
2519 1346 2661 1402 enim
2702 1346 2915 1415 gravius
2939 1388 2954 1413 ,
2984 1362 3143 1417 quam
3174 1346 3317 1416 quod
3362 1348 3523 1401 frater
3568 1346 3783 1400 fratrem

2204 1435 2571 1492 interfecerit?
2599 1436 2703 1492 Sed
2730 1438 2871 1492 enim
2901 1437 3127 1491 aliorum
3154 1452 3366 1507 quoque
3391 1437 3785 1493 fratricidarum

2202 1537 2501 1598 Opportune
2545 1528 2687 1581 subit
2729 1528 2986 1582 memoria
3036 1544 3049 1581 :
3100 1527 3247 1581 velut
3290 1527 3506 1597 quando
3550 1527 3783 1582 Absalon

2204 1621 2430 1673 Ammon
2476 1616 2743 1672 interfecit
2789 1618 3198 1688 primogenitum
3228 1617 3320 1688 (2.
3368 1618 3496 1689 Reg.
3543 1618 3652 1690 15)
3681 1634 3697 1672 :
3728 1627 3787 1674 et

2203 1709 2369 1764 David
2394 1725 2490 1764 rex
2519 1708 2731 1763 amabat
2772 1724 3020 1780 puerum,
3050 1719 3104 1764 et
3133 1709 3186 1763 in
3216 1722 3373 1764 sacco
3396 1708 3609 1780 quidem
3628 1709 3780 1779 jace-

2204 1803 2296 1857 bat
2321 1812 2375 1858 et
2401 1804 2601 1858 cinere.
2646 1802 2761 1857 Non
2794 1816 2925 1857 vero
2953 1801 3177 1857 adduxit
3210 1801 3539 1857 divinatores
3563 1842 3576 1864 ,
3612 1815 3784 1869 neque

2205 1895 2586 1957 incantatores,
2616 1894 2715 1947 etsi
2746 1904 2870 1948 tunc
2898 1904 3088 1958 erant;
3139 1894 3297 1961 idque
3341 1892 3575 1947 ostendit
3608 1891 3734 1947 Saﬁl
3766 1908 3781 1944 :

2204 1996 2258 2040 at
2284 1986 2395 2041 Deo
2421 1985 2770 2056 supplicabat.
2820 1985 2900 2040 Tu
2936 2001 3151 2056 quoque
3184 1986 3236 2040 id
3283 1986 3364 2041 fac
3395 2004 3407 2040 :
3434 1985 3578 2057 quod
3609 1985 3784 2056 justus

2202 2076 2347 2142 facit,
2372 2076 2455 2131 fac
2484 2086 2537 2129 tu
2568 2090 2778 2146 quoque
2809 2094 2822 2131 :
2857 2076 3043 2132 eadem
3075 2076 3161 2131 die
3187 2077 3367 2141 verba,
3393 2076 3606 2148 quando
3636 2091 3782 2131 mor-

2209 2177 2329 2223 tuus
2358 2167 2516 2222 fuerit
2557 2168 2771 2222 infans:
2803 2168 2914 2238 Ego
2956 2168 3023 2222 ad
3068 2170 3239 2239 ipsum
3282 2170 3464 2235 abibo,
3495 2172 3609 2242 ipse
3658 2189 3786 2229 vero

2205 2276 2311 2314 non
2335 2261 2512 2315 veniet
2541 2263 2607 2314 ad
2637 2276 2742 2315 me.
2775 2260 2887 2316 Hoc
2909 2268 2993 2316 est
3021 2261 3375 2332 philosophia:
3398 2305 3413 2328 ,
3438 2262 3541 2319 hoc
3569 2273 3655 2319 est
3685 2265 3783 2321 be-

2204 2352 2539 2407 nevolentiae.
2569 2350 2641 2407 Ut
2685 2367 2834 2407 ames
2877 2352 3171 2419 infantem,
3202 2369 3308 2407 non
3360 2364 3564 2410 tantum
3610 2371 3783 2423 amas,

2202 2456 2457 2515 quantum
2486 2446 2577 2501 ille
2604 2454 2729 2500 tunc
2752 2487 2767 2512 ,
2795 2446 3003 2499 etiamsi
3031 2454 3175 2500 esset
3204 2456 3358 2501 natus
3383 2462 3449 2501 ex
3476 2447 3737 2503 adulterio
3766 2466 3784 2503 :

2204 2536 2484 2590 tenebatur
2529 2545 2707 2590 autem
2738 2545 2864 2589 tunc
2895 2536 2984 2590 ille
3012 2535 3199 2590 beatus
3226 2551 3441 2591 summo
3472 2538 3659 2591 matris
3688 2537 3785 2593 de-

2202 2627 2418 2681 siderio.
2466 2627 2624 2681 Scitis
2674 2636 2851 2681 autem
2901 2624 3060 2682 fmtus
3107 2628 3304 2681 amoris
3354 2638 3629 2698 parentum
3660 2644 3785 2699 par-

2202 2720 2390 2789 ticipes
2416 2734 2558 2775 esse.
2609 2720 2674 2773 Et
2706 2730 2882 2774 tantus
2926 2729 3042 2774 erat
3085 2734 3255 2785 amor,
3283 2730 3341 2774 ut
3386 2729 3442 2775 et
3480 2721 3525 2775 si
3570 2731 3788 2792 propter

2201 2826 2322 2867 eum
2354 2812 2495 2868 male
2518 2812 2756 2878 audiret,
2788 2812 2947 2867 vellet
2974 2821 3152 2867 tamen
3180 2827 3300 2867 eum
3332 2814 3517 2869 vivere
3543 2829 3557 2868 :
3587 2812 3682 2869 sed
3710 2823 3789 2867 ta-

2202 2922 2324 2960 men
2354 2906 2463 2960 Deo
2492 2906 2599 2975 egit
2626 2905 2846 2975 gratias.
2896 2904 3179 2972 Quomodo
3223 2904 3469 2959 affectam
3510 2906 3788 2960 existimas

2201 2995 2364 3051 fuisse
2392 2995 2713 3059 Rebeceam,
2741 2996 2951 3066 quando
2976 2995 3177 3051 Jacobo
3210 2997 3440 3052 minatus
3469 3007 3553 3053 est
3577 2998 3787 3054 frater?

2200 3087 2449 3141 maritum
2484 3103 2588 3141 non
2618 3086 2797 3141 affecit
2829 3087 3075 3143 molestia
3100 3128 3115 3153 ,
3146 3086 3241 3143 sed
3269 3088 3428 3158 jussit
3453 3104 3575 3144 eum
3603 3105 3789 3144 aman-

2200 3178 2351 3234 dare.
2374 3179 2559 3249 Cogita
2593 3195 2711 3248 qua:
2739 3187 2863 3233 sunt
2889 3179 2971 3234 his
2999 3178 3182 3249 pejora
3208 3220 3225 3246 ,
3254 3194 3375 3235 cum
3399 3195 3560 3251 grave
3588 3179 3786 3252 aliquid

2202 3272 2418 3340 pateris,
2433 3281 2485 3325 et
2508 3270 2859 3324 sufficientem
2878 3269 3097 3325 habebis
3112 3270 3529 3326 consolationem
3547 3288 3560 3333 ;
3579 3280 3634 3326 et
3647 3272 3786 3341 apud

2202 3369 2256 3416 te
2281 3371 2487 3431 reputa,
2515 3361 2641 3431 quid
2673 3361 2716 3415 si
2747 3362 2797 3414 in
2828 3360 2968 3415 bello
3000 3370 3147 3415 esset
3171 3370 3415 3416 mortuus
3441 3361 3464 3415 ?
3506 3361 3632 3432 quid
3659 3364 3703 3417 si
3730 3364 3786 3417 in

2202 3451 2441 3522 igne?ct
2467 3450 2723 3521 quidquid
2770 3451 2912 3521 passi
2963 3450 3244 3518 fuerimus,
3294 3452 3541 3522 graviora
3583 3456 3785 3523 cogite-

2203 3558 2322 3598 mus
2342 3584 2354 3608 ,
2383 3552 2439 3599 et
2463 3544 2541 3598 sic
2571 3544 2929 3598 sufficientem
2974 3543 3288 3600 habebimus
3317 3546 3737 3600 consolationem
3763 3561 3781 3612 ;

2201 3646 2256 3692 et
2279 3651 2370 3690 eos
2395 3636 2483 3707 qui
2509 3637 2751 3706 graviora
2777 3636 2918 3706 passi
2938 3645 3083 3700 sunt,
3107 3651 3319 3707 semper
3339 3636 3783 3701 consideremus;

2204 3741 2411 3781 necnon
2443 3728 2485 3779 si
2520 3727 2617 3795 ipsi
2648 3726 2892 3796 graviora
2941 3726 3231 3796 aliquando
3274 3727 3415 3797 passi
3459 3740 3662 3781 sumus.
3697 3726 3788 3782 Sic

2201 3804 2361 3871 etiam
2389 3816 2632 3871 hortatur
2658 3818 2873 3883 Paulus,
2904 3828 2962 3871 ut
3000 3817 3216 3887 quando
3243 3818 3392 3884 dicit,
3423 3817 3669 3872 Nondum
3695 3834 3786 3872 us-

2200 3924 2298 3978 que
2317 3908 2384 3960 ad
2402 3910 2693 3978 sanguinem
2715 3907 2962 3962 restitistis
2978 3906 3219 3963 adversus
3242 3919 3501 3974 peccatum
3524 3908 3788 3961 decertan-

2202 4010 2273 4055 tes
2289 4000 2472 4073 (Hebr.
2498 4001 2583 4056 l2.
2610 4002 2665 4069 4)
2683 4018 2696 4065 ;
2717 4010 2771 4055 et
2790 4016 2996 4065 rursus,
3018 3999 3251 4055 Tentatio
3272 4016 3357 4056 vos
3379 4018 3480 4055 non
3496 4002 3783 4072 appreheno

2201 4092 2296 4158 dit,
2323 4094 2420 4148 nisi
2447 4094 2669 4146 humana
2696 4092 2780 4163 (l.
2808 4091 2927 4148 Cor.
2957 4092 3046 4148 10.
3075 4093 3144 4147 15
3168 4092 3208 4164 ).
3241 4092 3310 4147 lis
3340 4109 3467 4163 ergo
3492 4109 3611 4164 qua:
3638 4093 3779 4163 passi

2202 4185 2461 4241 fuerimus
2486 4187 2727 4257 graviora
2757 4185 3191 4248 consideremus;
3223 4186 3556 4241 inveniemus
3599 4188 3777 4251 enim;

2203 4288 2254 4332 et
2275 4278 2351 4332 sic
2369 4279 2570 4332 erimus
2591 4277 2745 4346 grati.
2774 4278 2911 4332 Ante
2932 4277 3110 4331 omnia
3133 4285 3336 4343 autem,
3365 4286 3581 4347 propter
3603 4279 3779 4331 omnia

2200 4368 2413 4421 assidue
2441 4368 2639 4436 gratias
2668 4382 2887 4437 agamus
2916 4384 2931 4421 τ
2964 4367 3042 4422 sic
3072 4368 3214 4423 enim
3243 4378 3298 4422 et
3327 4367 3443 4421 ha-c
3470 4368 3777 4431 cessabunt,

2201 4468 2257 4515 et
2282 4474 2379 4514 nos
2406 4459 2474 4513 ad
2504 4458 2595 4513 Dei
2622 4459 2844 4529 gloriam
2876 4458 3138 4525 vivemus,
3160 4467 3217 4514 et
3238 4458 3379 4514 bona
3406 4458 3668 4528 promissa
3697 4474 3785 4511 as-

2199 4565 2491 4621 sequemur
2520 4565 2533 4602 :
2564 4566 2682 4619 qua:
2728 4549 2885 4603 detur
2922 4549 3078 4604 nobis
3105 4551 3319 4621 assequi
3349 4551 3517 4620 gratia
3547 4559 3601 4604 et
3630 4549 3784 4604 beni—

2199 4644 2421 4713 gnitate,
2452 4652 2559 4698 etc.

1889 4825 2235 4887 HOMILIA
2276 4824 2398 4887 IX.

513 4966 645 5023 Car.
677 4968 731 5022 3.
758 4982 812 5022 ν.
842 4966 933 5022 16.
976 4966 1194 5020 Verbum
1234 4964 1419 5021 Christi
1446 4965 1630 5019 habitet
1672 4965 1726 5021 in
1756 4968 1900 5021 vobis
1934 4967 2097 5021 abun-

588 5058 791 5123 danter,
827 5058 882 5111 in
918 5058 1055 5111 omni
1091 5058 1338 5128 sapientia
1376 5056 1609 5111 docentes
1646 5068 1696 5113 et
1725 5070 2096 5115 commonentes

592 5166 678 5205 vos
706 5153 843 5220 ipsos
871 5150 923 5203 in
950 5149 1160 5219 psalmis
1186 5159 1233 5202 et
1264 5147 1463 5228 hymnis
1502 5157 1550 5203 et
1574 5150 1782 5204 canticis
1807 5151 2097 5221 spirituali-

593 5241 706 5308 bus,
731 5242 783 5294 in
812 5240 978 5311 gratia
1003 5249 1259 5293 cantantes
1285 5241 1340 5292 in
1362 5240 1596 5293 cordibus
1625 5242 1799 5294 vestris
1826 5240 2049 5295 Domino
2078 5256 2098 5295 :

592 5334 680 5389 l7.
736 5344 783 5388 et.
836 5348 981 5386 omne
1025 5332 1372 5400 quodcumque
1400 5332 1568 5402 facitis
1612 5333 1666 5386 in
1706 5331 1855 5386 uerbo
1908 5342 1998 5385 aut
2042 5333 2096 5387 in

585 5443 760 5495 apere,
786 5426 957 5481 omnia
995 5427 1047 5479 in
1074 5426 1277 5479 nomine
1302 5423 1514 5478 Domini
1544 5426 1702 5479 nostri
1735 5424 1860 5480 Jesu
1884 5424 2093 5491 Christi,

588 5517 779 5588 gratias
798 5525 1000 5588 agentes
1029 5515 1133 5570 Deo
1160 5524 1206 5570 et
1236 5514 1380 5568 Patri
1405 5532 1493 5585 per
1520 5516 1709 5585 ipsum.

589 5609 639 5661 1.
671 5606 934 5672 Quomodo
954 5607 1083 5678 grati
1110 5607 1162 5659 in
1184 5605 1347 5660 Deum
1376 5605 1487 5673 ﬁeri
1516 5606 1785 5674 possimus.
1813 5604 2097 5676 Scriptura:

514 5713 671 5752 serra:
695 5698 938 5763 legenda.
971 5728 1041 5741 --
1069 5698 1202 5755 Cum
1242 5696 1497 5753 suasisset
1542 5710 1660 5751 esse
1702 5706 1906 5765 gratos,
1954 5697 2090 5751 viam

2200 4965 2456 5022 ostendit.
2499 4966 2668 5035 Quam
2698 4967 2879 5023 illam?
2927 4968 3008 5025 De
3050 4986 3152 5039 qna
3192 4984 3291 5025 nos
3318 4969 3593 5024 vobiscum
3636 4970 3787 5039 prius

2201 5057 2574 5113 disseruimus.
2621 5058 2760 5126 Quid
2783 5058 3011 5114 dicens?
3047 5059 3260 5115 Verbum
3293 5060 3479 5115 Christi
3507 5060 3697 5114 habitet
3728 5063 3781 5115 in

2196 5149 2340 5202 vobis
2381 5147 2718 5204 abundanter.
2771 5148 2882 5203 lmo
2920 5164 3052 5206 vero
3100 5167 3205 5206 non
3252 5151 3391 5207 hanc
3438 5152 3632 5216 solum,
3688 5154 3791 5205 sed

2205 5239 2368 5293 etiam
2391 5238 2569 5292 aliam.
2598 5238 2732 5293 Nam
2755 5254 2855 5309 ego
2875 5242 3091 5311 quidem
3120 5241 3252 5309 dixi,
3280 5241 3424 5312 quod
3448 5250 3663 5312 oportet
3686 5255 3785 5296 eos

2205 5332 2369 5385 etiam
2416 5346 2702 5387 recensere
2729 5333 2820 5402 qui
2860 5336 3108 5403 graviora
3144 5336 3286 5405 passi
3317 5345 3460 5400 sunt,
3508 5345 3564 5389 et
3605 5337 3787 5391 animo

2203 5436 2419 5475 versare
2444 5436 2540 5476 eos
2574 5423 2661 5492 qui
2700 5425 3069 5480 sustinuerunt
3103 5440 3167 5481 ac
3193 5426 3494 5481 tolerarunt
3537 5428 3788 5496 graviora

2202 5531 2361 5585 quam
2386 5529 2504 5580 nos,
2536 5526 2589 5571 et
2614 5519 2815 5587 gratias
2846 5534 3007 5587 agere
3032 5520 3171 5591 quod
3206 5520 3294 5574 illa
3326 5536 3432 5575 non
3457 5521 3736 5575 evenerint
3767 5537 3782 5573 :

2205 5606 2319 5674 ipse
2346 5621 2472 5661 vero
2497 5608 2621 5677 quid
2653 5609 2819 5663 dicit?
2872 5609 3086 5664 Verbum
3128 5610 3313 5669 Christi
3342 5611 3528 5665 habitet
3564 5613 3619 5664 in
3645 5612 3793 5665 vobis

2209 5699 2553 5765 abundanter;
2598 5700 2698 5757 hoc
2722 5713 2826 5767 est,
2856 5704 3117 5780 doctrina,
3150 5708 3421 5779 dogmata,
3464 5703 3787 5772 admonitio,
