2064 3199
216 176 270 205 σω

215 235 318 272 ταύτης
333 236 408 264 οὐδὲν
422 238 630 273 παραιτούμεθα
656 240 811 275 ὑπομένειν.
833 239 866 267 Τί
888 240 974 267 δὲκαὶ
988 240 1003 267 6

216 280 296 312 ἄλλος
323 281 429 314 γέλως,
456 283 552 314 σποδὸς
576 284 623 310 καὶ
652 283 754 319 ἀσϐόλη
779 283 827 311 καὶ
850 284 930 316 ἆλεςς
956 279 1008 311 και

215 324 297 351 πάλιν
319 324 350 351 τδ
369 325 491 361 γραΐδιον
517 327 557 358 είς
572 327 603 354 τδ
624 327 716 362 μέσον.
747 328 837 360 Γέλως
847 328 941 360 ὖντως,
956 328 1004 355 καὶ

215 368 340 404 αἰσχύνη.
362 369 416 396 Καὶ
431 369 577 405 ὀφθαλμὸς,
593 371 684 407 φησὶν,
701 372 809 408 ἥρπασε
823 372 854 398 τὸ
868 372 984 399 παιδίον.

250 413 341 447 Μέχρι
352 413 424 445 τίνος
439 414 526 441 ταῦτα
539 415 574 441 τὰ
589 415 736 449 σατανικὰ;
761 416 819 448 πῶς
835 416 867 442 οὐ
880 416 1004 450 γελάσρψ

215 464 261 482 ται
276 456 423 491 ”Ελληνες;
440 457 501 489 πῶς
525 458 556 485 οὐ
575 459 763 493 χλευάσουσιν,
780 460 844 486 ὅταν
859 460 950 491 αὐτοῖς
959 459 1004 486 λέ-

214 507 319 535 γωμεν,
330 501 444 536 Μεγάλη
458 502 474 536 ή
486 501 602 537 δύναμις
610 502 657 529 τοῦ
667 503 783 539 σταυροῦ
797 512 804 537 ;
818 503 875 535 πῶς
889 503 1004 539 πεισθή-

216 552 317 576 σονται,
335 544 400 571 ὅταν
413 545 497 581 ὁρῶσι
511 546 613 573 τούτων
632 546 787 582 δεομένους.
807 544 845 574 ὧν
861 548 939 574 αὐτοὶ
954 556 1003 574 κα-

215 587 365 621 ταγελῶσι;
381 588 425 615 διὰ
440 588 527 617 ταῦτα
541 590 555 616 6
566 589 634 619 Θεὸς
651 591 760 626 ίατροὺς
771 590 855 618 ἔδωκε
876 592 923 618 καὶ
935 592 1002 627 φάρ-

217 641 311 666 μακα;
339 633 371 658 Τί
394 631 450 665 οὖν,
479 635 512 661 ἂν
539 635 575 670 μὴ
604 635 793 671 θεραπεύωσιν
804 636 918 668 ἐκεῖνοι,
934 636 1002 663 ἀλλὰ

215 675 409 710 ἀπέρχηταιτὺ
422 677 544 709 παιδίον;
565 678 620 705 Ποῦ
639 679 758 711 ἄπεισιν,
777 679 837 705 εἰπέ
852 687 907 714 μοι,
927 679 1002 706 ἄθλιε

217 719 264 744 καὶ
287 719 461 755 ταλαίπωρε;
485 722 553 756 πρὸς
567 722 639 753 ,τοὺς
662 722 791 757 δαίμονας
810 723 919 756 drawn;
934 723 1002 757 πρός

216 772 276 789 τινα
288 764 417 799 τύραννον
434 765 561 798 ἀπεισιν;
581 767 640 801 οὐχὶ
652 766 720 802 πρὸς
736 768 782 794 τὸν
795 767 909 802 οὐρανὸν
923 768 1002 795 ἄπει-

217 817 277 841 σιν;
299 808 359 842 οὐχ).
373 808 440 843 πρὸς
452 809 497 835 τὸν
511 811 609 836 οἰκεῖον
623 810 779 844 Δεσπότην;
794 811 819 837 τί
833 808 881 837 οὖν
891 811 1000 845 ἀλγεῖς;

216 852 241 877 τί
259 852 379 884 κλαίεις;
396 852 422 878 τί
440 853 561 886 πενθεῖς;
584 853 609 879 τί
621 853 674 881 ῖτοῦ
695 854 831 881 Δεσπότου
853 862 900 881 σου
920 855 1002 881 πλέον

216 895 247 922 τὺ
260 896 362 922 παιδίον
378 896 479 931 φιλεῖςς
498 898 558 932 οὐχὶ
576 898 609 924 δι’
635 898 740 925 ἐκείνου
756 898 827 933 ἔχεις
849 900 896 926 καὶ
908 900 1002 932 τοῦτος

216 939 259 966 διὰ
273 940 298 966 τί
313 941 456 975 ἀχάριστος
471 939 506 973 εἴ,
521 942 551 968 τὸ
561 941 648 977 δῶρον
656 942 704 969 τοῦ
713 942 907 978 δωρησαμένου
922 943 1004 970 πλέον
1028 941 1032 946 ’

216 983 330 1016 ἀγαπῶν
342 992 349 1016 ;
371 984 439 1010 Ἀλλ’
450 985 567 1020 ἀσθενής
583 987 653 1021 εἰμι,
672 987 750 1021 φησὶ,
765 986 813 1013 καὶ
827 987 857 1013 οὺ
870 987 946 1023 φέρω
955 986 1002 1013 τοῦ

216 1027 283 1054 ωεοῦ
297 1028 342 1054 τὸν
357 1028 450 1062 φόϐον.
467 1029 498 1055 El
513 1030 566 1064 γὰρ
583 1030 611 1055 ὲν
621 1030 677 1061 τοῖς
691 1031 855 1063 σωματικοῖς
865 1032 960 1062 κακοῖς
973 1030 1005 1057 τὸ

218 1071 310 1105 μεῖξον
331 1071 360 1097 τὸ
384 1072 493 1099 ἔλαττον
508 1073 641 1107 κρύπτει.
673 1073 763 1108 πολλῷ
789 1074 889 1108 μᾶλλον
917 1075 946 1100 ὲν
970 1075 1003 1109 τῇ

215 1115 287 1150 ψυχῇ
310 1115 390 1149 φόῦος
410 1117 434 1142 εί
452 1118 567 1151 προσῆν,
590 1116 672 1151 φόϐος
693 1117 776 1151 φόϐον
798 1117 830 1144 ἂν
849 1117 939 1150 ἔλυσε,
956 1118 1004 1144 καὶ

215 1158 287 1194 λύπη
302 1159 399 1194 λύπην.
418 1160 506 1186 Καλὸν
520 1158 553 1196 ἦν
565 1161 594 1186 τὸ
615 1161 737 1195 παιδίον;
764 1162 834 1188 Ἀλλ’
857 1160 913 1188 οἷον
929 1162 962 1188 ἂν
975 1160 1003 1198 ᾗ,

216 1203 266 1229 οὐκ
279 1203 351 1229 ἔστιν
370 1204 533 1239 ῶραιότερον
548 1204 595 1230 τοῦ
616 1205 709 1232 Ἰσαάκ
719 1214 726 1221 ·
747 1206 893 1241 μονογενὴς
907 1203 941 1241 ἦν
954 1206 1004 1232 κὰ-

216 1249 316 1279 κεῖνος.
335 1248 378 1274 Ἐν
387 1249 461 1283 γήρᾳ
471 1258 511 1275 σοι
524 1250 621 1282 γέγονε
631 1258 639 1283 ;
653 1251 798 1282 Κάκεῖνος.
818 1250 888 1276 Ἀλλ’
898 1250 1005 1277 ἀστεῖόν

216 1293 304 1324 ἐστιν;
327 1292 396 1318 Ἀλλ’
414 1289 469 1318 οἷον
492 1293 523 1319 ἂν
542 1291 569 1329 ᾖ,
595 1293 643 1319 οὐκ
668 1293 740 1321 ἐστιν
767 1293 932 1329 ὡραιότερον
958 1293 1005 1320 τοῦ

216 1336 365 1367 Μωῡσέως,
381 1336 409 1367 ὃς
421 1337 466 1362 καὶ
487 1336 658 1373 βαρϐαρικὴν
677 1337 738 1373 ὄψιν
750 1337 925 1365 ἐπεσπάσατο
938 1338 1006 1373 πρὸς

216 1379 310 1412 πόθον,
336 1380 382 1406 καὶ
400 1380 486 1407 ταῦτα
502 1382 531 1407 ὲν
550 1382 715 1417 ἑκείνῳ’τῆς
730 1382 838 1416 ἡλικίας
850 1381 889 1416 τῷ
905 1382 1005 1417 καιρῷ,

217 1424 280 1451 ἔνθα
297 1425 403 1451 οὐδέπω
423 1425 547 1458 φαίνεται
568 1427 584 1461 ἡ
601 1426 675 1462 ὥρα·
692 1427 748 1454 ἀλλ’
761 1427 835 1461 ὅμως
850 1427 881 1453 τὺ
896 1427 1007 1462 φιληθὲν

216 1468 295 1495 τοῦτο
313 1468 441 1504 ἔρριπτον
463 1470 502 1500 εἰς
531 1470 653 1504 ποταμὸν
670 1472 695 1497 οἱ
716 1471 814 1504 γονεῖς.
840 1471 876 1497 Σὺ
893 1472 942 1506 μὲν
959 1471 1006 1497 καὶ

217 1511 282 1545 ὁρᾷς
299 1511 436 1545 κείμενον,
450 1511 496 1537 καὶ
511 1513 582 1545 ταφῇ
600 1512 763 1547 παραδίδως,
778 1512 824 1539 καὶ
837 1514 878 1544 είς
888 1513 917 1539 τὸ
933 1513 1006 1547 σῆμα

218 1554 283 1581 ἄπει
294 1562 301 1569 ⁸
319 1555 417 1581 ἐκεῖνοι
434 1555 462 1580 δὲ
486 1555 547 1581 οὐδὲ
563 1556 661 1590 ᾔδεσαν
678 1556 792 1591 πότερον
809 1555 915 1591 ἰχθύσιν
932 1556 1008 1583 ἔσται

220 1598 297 1633 βορὰ,
316 1598 430 1633 πότερον
442 1598 515 1629 κυσὶ,
535 1599 648 1633 πότερον
661 1599 746 1634 ἑτέρῳ
760 1599 847 1634 θηρίῳ
870 1600 924 1626 τῶν
938 1600 1009 1627 κατὰ

219 1642 268 1676 τὴν
295 1641 429 1668 θάλατταν
452 1642 624 1677 βοσκομένων
636 1650 643 1658 ·
658 1643 705 1669 καὶ
725 1642 811 1670 ταῦτα
827 1643 944 1674 ἐποίουν,
966 1644 1010 1670 οὺ-

219 1685 294 1712 δέπω
308 1686 372 1721 περὶ
400 1685 536 1719 βασιλείας
551 1686 626 1712 οὐδὲν
645 1686 755 1718 ειδότες,
780 1686 841 1713 οὐδὲ
862 1686 928 1722 περὶ
945 1687 1010 1713 ἀνα-

221 1730 352 1761 στάσεως.
370 1730 439 1755 Ἀλλ’
449 1730 498 1756 οὐκ
518 1730 575 1756 ἔστι
595 1730 748 1764 μονογενὲς,
772 1730 840 1757 ἀλλὰ
860 1730 929 1766 μετὰ
946 1729 1010 1757 πολ-

221 1774 283 1805 λοὺς
298 1774 343 1800 καὶ
354 1774 419 1800 αὐτὸ
431 1775 551 1809 ἀπῆλθεν
566 1783 572 1806 ;
597 1774 665 1801 Ἀλλ’
682 1775 730 1810 οὐχ
746 1774 832 1807 οὕτως
851 1776 889 1806 ὡς
904 1775 950 1801 ἐπὶ
962 1774 1009 1801 τοῦ

227 1818 288 1845 ’1ὼὸ
303 1819 410 1854 ἁθρόαή
422 1819 558 1854 συμφορὰ,
571 1820 619 1846 καὶ
628 1819 857 1855 σκυθρωποτέρα·
870 1819 900 1845 οὐ
911 1819 1010 1854 στέγης

221 1863 441 1899 κατενεχθείσης,
459 1865 509 1890 οὐκ
523 1864 697 1899 ἀριστώντων
712 1864 825 1899 μεταξὺ,
835 1864 866 1890 οὐ
876 1863 930 1890 τῶν
942 1872 1010 1897 συμ-

222 1908 313 1942 φορῶν
330 1908 580 1943 προαγγελθεισῶν.
617 1908 687 1935 Ἀλλ’
711 1908 829 1943 ἐφιλεῖτο
848 1907 925 1943 παρὰ
944 1907 1009 1940 σοῦ;

227 1951 298 1977 Ἀλλ’
310 1952 369 1986 οὐχ).
387 1951 486 1986 μᾶλλον
497 1952 544 1978 τοῦ
565 1951 663 1987 Ἰωσὴφ
674 1951 722 1978 τοῦ
739 1951 924 1987 θηριοὸρώτου
935 1959 1012 1985 γενο-

222 1996 304 2030 μένου
318 2003 325 2010 ·
342 1996 398 2022 ἀλλ’
410 1997 484 2029 ὅμως
495 1996 587 2029 ἔνεγκε
605 1995 654 2031 τὴν
665 1996 817 2031 συμφορὰν,
832 1996 879 2022 καὶ
891 1995 940 2031 τὴν
952 1993 1012 2030 μετ*

222 2039 341 2074 ἐκείνην,
359 2040 405 2066 καὶ
420 2041 468 2074 τὴν
487 2039 556 2074 μετὰ
577 2038 689 2074 ταύτην.
710 2039 739 2066 '0
756 2040 847 2074 πατὴρ
868 2038 1010 2071 ἔκλαυσεν,

222 2083 279 2110 ἀλλ’
295 2084 344 2109 οὐκ
369 2084 504 2118 ἠσέϐησεν
517 2092 523 2098 ·
542 2083 702 2117 ἐπένθησεν,
718 2083 775 2109 ἀλλ’
796 2083 845 2109 οὐκ
858 2083 1011 2109 ἀπεδυσπέ-

221 2136 312 2163 τησεν,
327 2127 394 2153 ἀλλὰ
406 2128 486 2162 μέχρι
498 2127 599 2153 τούτων
610 2126 673 2162 ἔστη
688 2126 742 2153 τῶν
757 2126 899 2161 ῥημάτων,
912 2126 1009 2161 λέγων·

645 179 678 207 ΙΝ
696 178 805 208 EPIST.
822 179 868 207 AD
885 178 1027 208 COLOSS.
1048 178 1125 207 CAP.
1145 179 1189 209 III.
1210 178 1328 207 llOMlL.
1343 178 1392 206 1X.

1789 178 1842 206 360

1063 240 1173 274 Ἰωσὴφ
1190 241 1245 267 οὐκ
1263 239 1339 271 ἔστι,
1351 237 1472 273 Συμεὼν
1492 237 1548 264 οὐκ
1561 236 1627 264 ἐστι
1658 236 1707 263 καί
1722 236 1775 264 τὸν
1789 239 1842 264 Βε-

1055 283 1159 318 νιαμὶμ
1184 283 1259 320 [589]
1280 283 1436 317 λήψεσθε;
1463 281 1510 308 ἐπ’
1532 280 1585 315 ἐμὲ
1613 280 1731 316 ἐγένετο
1750 281 1844 308 ταῦτα

1056 327 1165 355 πάντα.
1186 328 1267 363 Ὁρᾷς
1293 327 1353 359 πῶς
1367 327 1471 353 ἐκεῖνον
1501 325 1581 361 λιμοῦ
1606 325 1734 360 τυραννὶς
1752 324 1844 351 έπεισε

1056 371 1258 407 καταφρονῆσαι
1273 371 1327 397 τῶν
1343 370 1463 397 παίδων·
1478 370 1554 404 παρὰ
1574 368 1604 396 δὲ
1617 369 1658 395 σοὶ
1668 368 1717 395 οὐκ
1733 368 1819 403 ἰσχύει
1831 368 1846 394 ό

1056 414 1103 441 τοῦ
1119 414 1186 442 Θεοῦ
1208 415 1290 449 φόϐος
1304 415 1365 441 ὅσον
1376 414 1390 440 ὁ
1405 413 1484 449 λιμός
1498 422 1505 446 ;
1529 412 1665 444 Κλαῦσον,
1681 412 1712 438 οὐ
1737 411 1844 445 κωλύω,

1056 459 1124 486 ἀλλὰ
1150 459 1233 494 μηδὲν
1253 458 1412 493 βλάσφημον
1427 458 1495 493 μήτε
1512 457 1605 493 εἴπῃς,
1631 457 1700 492 μήτε
1725 455 1843 492 πράξῃς.

1056 500 1119 534 Οἶος
1138 501 1213 539 ἐὰνῇ
1231 503 1245 529 6
1257 503 1332 534 παῖς,
1358 502 1408 529 οὐκ
1423 501 1479 528 ἔστι
1502 501 1573 527 κατὰ
1598 500 1643 527 τὸν
1659 499 1741 526 Ἀὃελ
1761 508 1768 515 ·
1786 498 1845 526 ἀλλ’

1055 546 1131 574 οὐδὲν
1144 546 1264 573 τοιοῦτον
1283 544 1359 572 εἶπεν
1374 546 1388 572 ὁ
1408 545 1503 580 Ἀδάμ.
1525 544 1622 572 Καίτοι
1635 545 1739 580 χαλεπὴ
1754 543 1845 579 εκείνη

1056 591 1073 626 ἡ
1102 591 1230 626 συμφορά
1241 598 1248 605 ·
1273 590 1300 616 τί
1328 590 1382 625 γὰρ
1401 588 1590 625 χαλεπώτερον
1604 588 1651 615 τοῦ
1668 591 1715 615 τὸν
1732 588 1846 622 ἀδελφὺν

1055 634 1225 669 ἀνῃρηκέναι
1236 642 1245 667 ;
1267 633 1348 660 Ἀλλὰ
1361 632 1416 667 γὰρ
1428 633 1474 658 καὶ
1494 632 1696 666 ἀδελφοκτόνων
1710 631 1846 673 εὐκαίρως

1055 678 1143 705 ἄλλων
1157 677 1332 713 ἀνεμνήσθην
1342 685 1349 693 ·
1365 674 1420 703 οἷον
1432 677 1476 703 ὅτε
1490 675 1668 711 ’Δῦεσσαλὼμ
1676 675 1721 702 τὸν
1739 674 1847 710 ’Ᾱμνὼν

1055 721 1144 749 ἀνεῖλε
1163 722 1209 748 τὸν
1222 721 1404 757 πρωτότοκον·
1420 721 1468 747 καὶ
1481 720 1564 746 Δαυῒδ
1574 720 1588 745 ὁ
1608 720 1735 755 βασιλεὺς
1751 719 1847 754 ἠγάπα

1055 766 1085 792 τὸ
1106 765 1225 796 παιδίον.
1251 766 1298 792 καὶ
1312 766 1341 791 ἐν
1367 765 1462 800 σάκκῳ
1482 765 1531 799 μὲν
1546 764 1665 799 ἐκάθητο
1676 764 1723 791 καὶ
1737 764 1845 799 σποδῷ·

1056 809 1126 836 Οὔτε
1134 809 1163 836 δὲ
1185 809 1295 844 μάντεις
1307 809 1412 844 ἤγαγεν
1423 829 1430 839 ,
1444 807 1506 834 οὐτε
1525 808 1656 842 ἐπῳδοὺς,
1674 808 1762 835 καίτοι
1776 806 1848 843 ἦσαν

1055 853 1116 880 τότε
1128 861 1135 869 ·
1148 853 1197 880 καὶ
1208 853 1286 888 δηλοῖ
1308 854 1322 879 ὁ
1335 852 1419 879 Σαούλ
1434 860 1441 867 ·
1471 852 1537 878 ἀλλὰ
1561 852 1607 878 τὸν
1635 852 1700 878 Θεὸν
1729 851 1845 878 ἱκέτευε.

1054 898 1139 925 Τοῦτο
1157 898 1205 925 καὶ
1221 898 1254 924 σὺ
1267 897 1353 925 ποίει·
1374 898 1443 933 ὅπερ
1455 898 1468 923 ὁ
1483 896 1586 928 δίκαιος
1597 897 1719 932 ἐποίησε,
1736 895 1847 932 ποίησον

1054 942 1102 969 καὶ
1121 941 1153 968 σύ
1168 950 1175 957 ·
1197 942 1232 969 τὰ
1257 941 1327 968 αὐτὰ
1346 941 1406 968 εἰπὲ
1433 942 1565 976 ῥήματα,
1587 941 1652 967 ὅταν
1665 940 1790 975 ἀποθάνῃ
1816 940 1847 966 τὸ

1054 986 1160 1013 παιδίον
1175 994 1183 1001 ⁶
1209 985 1281 1020 Ἐγὼ
1297 985 1346 1021 μὲν
1364 984 1549 1019 ἀπελεύσομαι
1561 984 1629 1020 πρὸς
1648 984 1724 1015 αὐτὸ,
1739 983 1805 1010 αὐτὸ
1818 983 1847 1009 δὲ

1053 1030 1103 1065 οὐχ
1113 1029 1174 1065 ἣξει
1188 1029 1256 1065 πρός
1269 1037 1313 1064 με.
1327 1029 1414 1055 Τοῦτο
1435 1028 1604 1063 φιλοσοφίας,
1618 1026 1696 1054 τοῦτο
1711 1027 1849 1063 φιλοστορ-

1054 1075 1128 1110 γίας.
1158 1075 1203 1106 Ὦς
1224 1074 1257 1101 ἃν
1275 1073 1357 1109 φιλῇς
1380 1073 1410 1100 τδ
1433 1074 1550 1106 παιδίον,
1573 1073 1603 1099 οὐ
1623 1073 1711 1107 φιλεῖς
1721 1071 1847 1107 τοσοῦτον

1054 1119 1116 1146 ὅσον
1136 1118 1239 1150 ἐκεῖνος
1258 1117 1329 1144 τότεο
1356 1116 1395 1152 τῷ
1422 1117 1548 1153 μακαρίῳ
1563 1116 1659 1152 ὲκείνῳ
1683 1116 1808 1152 ἢκμαζεν
1833 1116 1848 1142 6

1055 1163 1121 1197 περὶ
1136 1162 1186 1198 τὴν
1202 1161 1309 1197 μητέρα
1323 1161 1415 1193 πόθος,
1429 1162 1454 1187 εί
1469 1161 1516 1187 καὶ
1527 1161 1559 1187 ὲκ
1570 1160 1697 1196 μοιχειῶν
1713 1157 1757 1196 ἦν.
1776 1160 1848 1186 Ἴστε

1055 1206 1084 1233 δὲ
1108 1206 1149 1233 ὅτι
1168 1207 1292 1233 κοινωνεῖ
1310 1205 1344 1232 τὰ
1368 1205 1517 1238 τικτόμενα
1534 1204 1581 1231 τοῦ
1599 1204 1711 1240 φίλτρου
1731 1204 1785 1231 τῶν
1806 1212 1848 1230 τι-

1056 1250 1184 1277 κτόντων.
1197 1250 1252 1276 Καὶ
1263 1249 1390 1281 τοσοῦτος
1407 1250 1421 1275 ὁ
1438 1249 1507 1285 ἔρως
1518 1246 1562 1284 ἦν,
1579 1249 1617 1281 ὡς
1631 1248 1679 1275 καὶ
1695 1248 1848 1284 κατήγορον

1055 1293 1130 1329 αὐτῷ
1146 1293 1176 1320 ὃν
1188 1293 1331 1328 βούλεσθαι
1348 1293 1397 1329 ζῇν
1408 1301 1414 1309 ·
1429 1292 1486 1320 ex
1506 1293 1581 1328 ὅμως
1604 1292 1792 1328 ηὐχαρίστησε
1810 1291 1850 1326 τῷ

1056 1338 1126 1373 Θεῷ.
1142 1338 1175 1364 Τί
1196 1338 1248 1365 om
1261 1337 1376 1373 πάσχειν
1397 1337 1447 1373 τὴν
1475 1336 1643 1369 Ῥεϐέκκαν,
1669 1337 1714 1363 ὅτε
1735 1335 1849 1370 ἀδελφὸς

1055 1382 1187 1418 ἠπείλησε
1206 1382 1246 1417 τῷ
1273 1381 1390 1415 Ἰακὼ6;
1411 1382 1461 1408 οὐκ
1486 1381 1605 1417 ἐλύπησε
1622 1382 1666 1408 τὸν
1680 1381 1776 1417 ἄνδρα,
1791 1381 1849 1408 ἀλλ’

1057 1426 1202 1452 ἐκέλευσεν
1221 1426 1394 1461 ἀποπέμψαι.
1426 1425 1568 1461 Ἐννόησον
1588 1425 1622 1452 τὰ
1634 1425 1738 1452 τούτων
1753 1425 1848 1461 χείρω,

1057 1470 1121 1496 ὅταν
1135 1479 1162 1496 τι
1178 1470 1265 1496 δεινὸν
1280 1470 1381 1506 πάθῃς,
1396 1470 1444 1496 καὶ
1460 1470 1556 1505 ἱκανὴν
1565 1470 1637 1502 ἔξεις
1652 1469 1829 1505 παραμυθίαν
1841 1478 1848 1484 ·

1057 1514 1105 1540 καὶ
1119 1514 1237 1548 λογίζου,
1251 1513 1278 1540 τί
1295 1514 1334 1547 δὲ,
1358 1514 1382 1540 εί
1404 1515 1432 1540 ὲν
1445 1513 1555 1549 πολέμῳ
1569 1513 1697 1548 τεθνήκοι
1707 1522 1714 1546 ;
1726 1513 1752 1540 τί
1766 1513 1806 1545 δὲ,
1826 1513 1850 1539 εί

1058 1558 1087 1584 ὲν
1097 1558 1161 1592 πυρί
1170 1566 1177 1591 ;
1192 1558 1247 1585 Καὶ
1257 1554 1295 1585 ὧν
1305 1557 1352 1584 ἐὰν
1361 1558 1501 1593 πάθωμεν,
1512 1558 1546 1584 τὰ
1554 1557 1692 1592 δεινότερα
1702 1557 1850 1593 ἐννοῶμεν,

1059 1603 1106 1630 καὶ
1139 1602 1236 1637 ἕξομεν
1263 1602 1402 1638 ἀρκοῦσαν
1436 1602 1628 1638 παραμυθίαν·
1652 1602 1699 1629 καὶ
1723 1602 1786 1634 τοὺς
1817 1602 1852 1629 τὰ

1058 1647 1194 1683 δεινότερα
1209 1647 1376 1679 πεπονθότας
1401 1647 1445 1674 ἀεὶ
1474 1647 1696 1683 περισκοπῶμεν,
1710 1647 1757 1674 καὶ
1765 1647 1789 1673 εί
1803 1647 1853 1673 αὐ-

1058 1691 1101 1718 τοὶ
1130 1691 1268 1726 βαρύτερα
1291 1691 1431 1726 ὲπάθομέν
1458 1700 1534 1718 ποτε.
1569 1691 1647 1718 οὕτω
1670 1692 1718 1718 καὶ
1746 1691 1852 1723 Παῦλος

1060 1734 1221 1769 προτρέπει,
1237 1733 1275 1765 ὡς
1296 1734 1360 1761 ὅταν
1379 1732 1446 1769 λέγῃ
1458 1741 1466 1749 ’
1490 1733 1578 1760 οὔπω
1595 1733 1704 1768 μέχρις
1727 1734 1853 1768 αἵματος

1059 1778 1292 1811 ἀντικατέστητε
1313 1777 1388 1812 πρὸς
1411 1777 1469 1811 τὴν
1491 1777 1639 1812 ἁμαρτίαν
1660 1776 1853 1811 ἀνταγωνιζό-

1058 1830 1153 1856 μενοι,
1175 1821 1223 1848 καὶ
1248 1821 1341 1853 πάλιν,
1357 1820 1526 1855 Πειρασμὸς
1545 1820 1622 1856 ὑμᾶς
1640 1822 1696 1848 οὐκ
1715 1821 1851 1855 εἴληφεν.

1060 1866 1086 1892 ει
1098 1865 1141 1900 μὴ
1158 1865 1352 1899 ἀνθρώπινος.
1366 1861 1416 1891 ’Ὧν
1430 1862 1477 1891 οὖν
1500 1864 1534 1891 ἂν
1551 1864 1694 1899 πάθωμεν,
1711 1863 1746 1890 τὰ
1768 1864 1852 1900 χείρω

1061 1908 1273 1944 περισκοπῶμεν
1283 1916 1291 1923 ⁸
1307 1908 1462 1944 εὑρήσομεν
1485 1907 1551 1943 γὰρ,
1574 1908 1621 1935 καὶ
1634 1907 1720 1939 οὕτως
1733 1908 1853 1943 ἐσόμεθα

1061 1953 1226 1988 εὐχάριστοι.
1247 1951 1304 1988 Πρὸ
1327 1951 1356 1978 δὲ
1370 1952 1481 1979 πάντων
1494 1952 1702 1988 εὐχαριστῶμεν
1715 1952 1761 1979 ἐπὶ
1785 1953 1851 1979 πᾶσι

1060 1996 1210 2032 διηνεκῶς·
1226 1996 1297 2023 οὕτω
1312 1996 1366 2031 γὰρ
1382 1996 1429 2023 καὶ
1444 1995 1530 2023 ταῦτα
1544 1996 1690 2029 παύσεται,
1704 1997 1752 2023 καὶ
1772 1997 1852 2031 ἡμεῖς

1061 2041 1102 2072 εἰς
1128 2040 1208 2072 δόξαν
1233 2039 1302 2066 Θεοῦ
1329 2039 1466 2075 ζήσομεν,
1485 2039 1533 2066 καὶ¹
1557 2039 1612 2067 τῶν
1638 2040 1852 2075 ἐπηγγελμένων

1062 2083 1173 2118 ἀγαθῶν
1186 2083 1385 2118 ὲπιτευξόμεθα
1401 2092 1408 2099 ·
1423 2079 1460 2110 ὧν
1474 2083 1576 2118 γένοιτο
1589 2083 1694 2115 πάντας
1709 2084 1781 2119 ἡμᾶς
1795 2084 1851 2109 ἐπι-

1062 2129 1163 2163 τυχεῖν,
1179 2127 1270 2163 χάριτι
1281 2127 1328 2153 καὶ
1343 2127 1438 2161 φιλανθ
1443 2127 1542 2161 ρωπίᾳ.

1471 2234 1626 2241 ._.—_...

1635 2235 1826 2242 .___—_——_‘

904 2359 980 2396 [590]
1006 2360 1126 2387 ΟΜΙΛΙΑ
1146 2359 1183 2387 9'.

260 2451 293 2478 Ὀ
321 2452 413 2486 ,λόγος
448 2451 501 2478 τοῦ
533 2451 661 2485 Χριστοῦ
690 2450 840 2486 ἐνοικείτω
871 2450 906 2477 ἐν
937 2450 1009 2485 ὑμῖν

256 2485 422 2529 πλομσίως,
448 2487 490 2529 ἐν¹
502 2486 586 2529 πάσῃ
610 2487 704 2529 σοφίᾳ
720 2485 916 2529 ξιὸάσκρνιτες
928 2506 935 2517 ,
958 2485 1008 2529 καί

255 2521 468 2554 νουθετοῦντες
478 2520 603 2554 ἑαυτοὺς
617 2521 747 2556 ψαλμοῖς
764 2521 813 2556 καί
827 2521 940 2555 ὕμνοις,
960 2520 1011 2556 καί

254 2556 345 2590 ᾠδαῖς
360 2556 583 2590 πνευματικαῖς,
600 2557 636 2583 ἐν
649 2555 883 2591 χάριτιγᾷδιιντες
895 2556 929 2582 ἐν
945 2555 1010 2591 ταῖς

255 2592 389 2625 καρδίαις
396 2591 479 2625 ὑμῶν
489 2592 528 2624 τῷ
539 2590 653 2625 Κυρίῳ(
662 2590 709 2618 καὶ
720 2590 781 2617 πᾶν
791 2591 808 2617 ὅ
821 2599 846 2617 τι
857 2590 896 2617 ἂν
906 2590 1010 2623 ποιῆτε

255 2627 290 2653 ἐν
302 2627 392 2661 λόγῳ,
404 2626 530 2661 ἑνέργφ,
542 2626 641 2653 πάντα
653 2626 688 2652 ἐν
698 2626 820 2659 ὀνόματι
832 2625 886 2652 τοῦ
900 2626 1009 2661 Κυρίου

260 2662 376 2694 Ἰησοῦ,
400 2661 651 2696 εὐχαριστοῦντες
670 2660 710 2694 τῷ
726 2661 787 2694 Θεῷ
799 2661 849 2688 καί
869 2661 959 2695 Πατρί
974 2660 1011 2686 δι’

255 2696 360 2724 αὐτοῦ.

255 2791 291 2815 α’.
305 2787 477 2823 Παραινέσας
486 2787 662 2822 εὐχαρίστους
674 2784 753 2819 εἶναι,
765 2787 812 2814 καὶ
826 2786 874 2822 τὴν
888 2786 946 2813 ὁδὸν
958 2786 1013 2813 δεί-

219 2832 395 2858 κνυσι.Πνιίαν
408 2831 440 2866 δὴ
453 2831 572 2866 ταύτηνς
592 2831 644 2857 Ἦν
656 2830 752 2865 πρώην
766 2831 848 2865 ἡμεῖς
875 2830 1012 2866 διελέχθη-

221 2884 272 2911 μεν
288 2876 355 2912 προς
369 2875 451 2911 ὑμᾶς.
481 2875 513 2901 Τί
536 2874 639 2909 λέγων,
659 2874 691 2901 '0
707 2874 799 2909 λόγος
816 2873 869 2902 τοῦ
883 2874 1012 2910 Χριστοῦ

1059 2450 1208 2478 ἐνοικείτω
1221 2451 1255 2478 ἐν
1266 2451 1337 2486 ὑμῖν
1348 2451 1512 2485 πλουσίως.
1528 2452 1636 2480 Μᾶλλον
1657 2452 1685 2480 δὲ
1703 2453 1734 2480 οὐ
1750 2454 1852 2489 ταύτην

1061 2502 1153 2537 μόνον,
1167 2502 1235 2529 ἀλλὰ
1245 2503 1292 2529 καὶ
1306 2502 1412 2536 ἑτέραν.
1430 2503 1501 2538 Ἐγὼ
1521 2498 1570 2539 μὲν
1585 2503 1639 2539 γὰρ
1649 2502 1737 2537 εἷπον,
1756 2505 1798 2532 ὃτι
1812 2505 1853 2532 δεῖ

1060 2553 1124 2585 τοὺς
1139 2553 1174 2581 τὰ
1183 2554 1322 2589 δεινότερα
1334 2554 1502 2587 πεπονθότας
1517 2554 1670 2590 ἀναλέγειν,
1684 2555 1732 2582 καὶ
1742 2556 1805 2587 τοὺς
1818 2556 1853 2583 τὰ

1061 2604 1242 2641 χαλεπώτερα
1264 2601 1302 2632 ὧν
1324 2604 1462 2640 ἐπάθομεν
1479 2605 1681 2641 ὑπομείναντας
1694 2606 1854 2640 ἀναλογίζε-

1062 2656 1135 2689 σθαι,
1151 2656 1198 2683 καὶ
1208 2656 1380 2691 εὐχαριστεῖν
1395 2656 1465 2693 ὑπὲρ
1477 2657 1525 2684 τοῦ
1539 2657 1577 2693 μὴ
1591 2657 1727 2693 συμϐῆναι
1743 2658 1851 2684 ὲκεῐνα·

1062 2700 1143 2731 αὐτὸς
1157 2699 1186 2726 δὲ
1200 2699 1227 2726 τί
1242 2708 1343 2735 φησιν;
1361 2699 1393 2727 ὀ
1401 2701 1492 2735 λόγος
1503 2700 1556 2727 τοῦ
1565 2699 1693 2735 Χριστοῦ
1701 2699 1853 2727 ἐνοικείτω

1061 2743 1174 2778 ἐνύμῖν
1181 2744 1335 2777 πλουσίως
1342 2751 1349 2758 ·
1372 2743 1520 2776 τουτέστιν,
1539 2744 1556 2779 ἡ
1564 2743 1733 2774 διδασκαλία,
1746 2743 1781 2770 τὰ
1789 2744 1853 2778 δόγ-

1064 2796 1149 2823 ματα,
1165 2788 1181 2823 ή
1196 2787 1366 2823 παραίνεσις,
1386 2788 1416 2814 ὲν
1428 2785 1472 2820 αἷς
1486 2787 1562 2814 οὐδὲν
1572 2787 1621 2823 τὴν
1631 2787 1772 2823 παροῦσαν
1781 2786 1854 2823 ζωὴν

1063 2829 1133 2858 εἷναί
1143 2839 1236 2867 φησιν,
1254 2831 1314 2859 οὐδὲ
1331 2831 1366 2858 τὰ
1383 2832 1486 2867 ταύτης
1498 2831 1597 2866 ἀγαθά.
1622 2831 1685 2858 Ἐὰν
1699 2831 1753 2868 γὰρ
1767 2831 1854 2859 ταῦτα

1065 2874 1175 2912 ἴδωμεν,
1188 2875 1275 2903 οὐδενὶ
1296 2875 1350 2903 τῶν
1372 2875 1511 2911 δυσχερῶν
1536 2875 1654 2911 εἴξομεν.
1678 2875 1852 2909 Ἐνοικσίτω,
