4128 6398
418 344 516 400 561
1110 344 1169 397 S.
1210 340 1500 399 JOANNIS
1537 337 2036 397 CIIRYSOSTOMI
2074 338 2397 398 ARCIIIEP.
2434 335 2992 396 CONSTANTINOP.

415 461 604 533 φησιν,
657 459 729 515 ἐν
772 459 917 528 ὑμῖν
949 461 1281 525 πλουσίως.
1329 462 1403 531 μὴ
1460 459 1670 525 ἁπλῶς,
1703 460 1841 513 ἀλλά
1873 460 2013 531 μετά

417 548 619 618 πολλῆς
635 548 734 617 τῆς
755 565 821 599 πε
828 550 1095 619 ριουσίας.
1127 548 1424 601 Ἀκούσατε
1449 550 1567 603 ὅσοι
1589 548 1712 601 ἐστέ
1730 546 2011 615 κοσμικοὶ,

419 636 511 689 καὶ
547 635 803 702 γυναικὸς
838 636 926 688 καὶ
960 636 1165 690 παίδων
1194 636 1546 708 προΐστασθε,
1588 637 1705 696 πῶς
1756 636 1853 689 καὶ
1883 635 2014 703 ὑμῖν

421 721 707 792 ἐπιτρέπει
734 722 967 792 μάλιστα
985 724 1080 785 τὰς
1100 725 1136 775 Γ
1144 725 1321 795 ραφάς
1342 722 1737 792 ἀναγινώσκειν
1756 739 1769 753 ⁸
1796 722 1893 775 καί
1915 722 2016 793 ούχ

424 810 612 873 ἁπλῶς
636 810 757 863 οὐδὲ
791 809 867 873 ὡς
902 810 1113 882 ἔτυχεν,
1152 812 1288 865 ἀλλά
1315 812 1454 881 μετά
1488 811 1687 882 πολλῆς
1708 809 1808 880 τῆς
1844 826 2014 862 σπου-

422 899 538 969 δῆς.
568 898 778 969 Ὥσπερ
810 901 919 969 γὰρ
952 902 979 951 ὁ
1006 897 1260 962 πλούσιος
1292 900 1349 952 ἐν
1396 900 1642 971 χρήμασι
1670 898 1875 969 ζημίαν
1919 896 2016 952 καὶ

426 989 724 1059 καταδίκην
754 991 998 1057 ἐνεγκεῖν
1023 989 1266 1052 δύναται,
1299 989 1472 1052 οὓτως
1494 991 1522 1042 ό
1538 989 1783 1042 πλουτῶν
1814 989 1873 1041 ἐν
1892 987 2017 1056 δόγ-

430 1093 563 1147 μασι
596 1075 936 1146 φιλοσοφίας,
969 1076 1090 1148 ούχί
1123 1077 1314 1131 πενίαν
1355 1077 1538 1148 μόνον,
1588 1077 1725 1130 ἀλλά
1788 1076 1881 1130 καὶ
1912 1075 2019 1130 πά-

426 1183 524 1229 σας
573 1165 672 1229 τάς
699 1166 985 1237 συμφοράς
1006 1165 1245 1229 εὐκόλως
1290 1164 1452 1229 οἴσει,
1492 1167 1589 1219 καὶ
1614 1165 1827 1220 ἐκείνου
1858 1165 2016 1218 εύκο-

424 1254 680 1325 λώτερον.
722 1253 871 1306 Ἐκεῖ
913 1254 1013 1324 μὲν
1051 1254 1160 1324 γάρ
1200 1254 1258 1305 ἐν
1286 1257 1355 1325 τῇ
1403 1254 1652 1308 διαλύσει
1679 1255 1782 1324 τῆς
1809 1253 2015 1325 ζημίας

426 1320 642 1411 ἀνάγκη
674 1341 768 1394 τὸν
806 1320 935 1393 ὄντα
977 1320 1232 1393 πλούσιον
1281 1320 1636 1396 ἐλαττοῦσθαι
1664 1320 1765 1399 καί,
1791 1320 2015 1411 ἐλέγχει

429 1430 554 1483 σθαι
580 1448 593 1461 ⁸
635 1429 739 1482 κᾶν
798 1428 1060 1492 πολλάκις
1094 1428 1254 1482 τοῦτο
1290 1430 1473 1502 πάθῃ,
1503 1430 1689 1483 οὐκέτι
1727 1428 2017 1500 δυνήσεται

433 1522 676 1589 ἐνεγκεῖν
692 1538 705 1550 ·
730 1518 963 1572 ἐνταῦθα
986 1518 1042 1571 δὲ
1064 1519 1163 1588 οὐχ
1183 1518 1358 1581 οὕτως
1378 1535 1391 1547 ⁸
1414 1520 1535 1573 ούδὲ
1557 1519 1664 1590 γὰρ
1684 1518 2017 1588 δαπανῶμεν

432 1612 557 1672 τοὺς
582 1610 757 1678 ὑγιεῖς
780 1608 1095 1679 λογισμοὺς,
1115 1609 1247 1663 ὅταν
1268 1610 1514 1678 ἐνεγκεῖν
1535 1627 1589 1661 τι
1606 1609 1701 1682 δέῃ
1722 1608 1831 1661 τῶν
1856 1607 2021 1660 ἀδου-

434 1700 632 1768 λήτων,
651 1697 789 1749 ἀλλά
812 1697 1036 1767 μένουσι
1063 1696 1380 1760 διαπαντός.
1406 1699 1518 1750 Καὶ
1549 1699 1650 1767 δρα
1678 1696 1779 1767 τὴν
1800 1696 2019 1748 σύνεσιν

435 1782 529 1835 τοῦ
576 1781 851 1852 μακαρίου
885 1782 1102 1835 τούτου⁸
1140 1781 1257 1835 Ούκ
1282 1776 1458 1834 εἶπεν·
1498 1783 1554 1834 '0
1575 1782 1730 1850 λόγος
1759 1780 1854 1834 τοῦ
1879 1782 2019 1851 Χρι-

438 1870 566 1924 στοῦ
593 1872 651 1924 ἐν
673 1872 800 1940 ὑμῖν
828 1868 989 1934 ἔστω,
1010 1869 1222 1933 ἁπλῶς,
1250 1869 1387 1923 ἀλλά
1402 1869 1490 1935 τί;
1522 1870 1880 1935 Ἐνοικείτω,
1901 1870 2018 1934 καὶ,

436 1961 777 2024 Ιιλουσίως.
811 1959 906 2010 Ἐν
935 1957 1102 2026 πάσῃ
1120 1958 1306 2026 σοφίᾳ
1337 1958 1733 2024 διδάσκοντες
1753 1958 1853 2012 καὶ
1878 1975 2021 2011 ⁴νου-

436 2047 751 2111 θετοῦντες
787 2045 1061 2109 ἑαυτούς.
1090 2046 1200 2116 Τὴν
1228 2047 1434 2116 ἀρετήν
1452 2064 1587 2116 φησι
1622 2046 1816 2114 σοφίαν
1838 2060 1851 2074 ⁸
1876 2044 2021 2098 εἰκό-

435 2153 545 2209 τως
564 2152 578 2168 ⁸
607 2135 705 2188 καὶ
742 2134 775 2204 ή
803 2132 1280 2205 ταπεινοφροσύνη
1308 2133 1453 2205 γὰρ(
1472 2133 1567 2187 καὶ
1593 2136 1625 2203 ή
1654 2133 2023 2205 ἐλεημοσύνη,

440 2225 534 2278 καὶ
565 2223 668 2276 ὅσα
711 2220 960 2280 τοιαῦτα.
996 2221 1159 2288 σοφία
1198 2222 1347 2275 ἐστίν
1367 2239 1381 2253 ⁸
1412 2217 1715 2294 ῶσπεροῦν
1734 2222 2019 2284 τάναντία,

437 2314 626 2367 ἀνσια⁸
657 2300 753 2363 καὶ
805 2308 913 2379 γὰρ
956 2308 1180 2380 ὠμότης
1212 2312 1272 2376 ἐξ
1300 2309 1512 2373 ἀνοίας.
1546 2310 1714 2363 Ὅθεν
1751 2308 2023 2381 πολλαχοῦ

436 2403 537 2473 τὴν
566 2399 749 2453 πᾶσαν
773 2398 1049 2469 ἁμαρτίαν
1081 2397 1395 2471 ἀφροσύνην
1425 2399 1605 2454 καλεῖ.
1626 2394 1799 2463 Εἷπε,
1832 2402 2021 2471 φησὶν,

438 2488 645 2556 ἄφρων
686 2485 758 2539 ἐν
797 2485 1012 2554 καρδίᾳ
1042 2485 1250 2541 αὐτοῦ·
1272 2488 1396 2541 Οὐκ
1430 2488 1565 2542 ἐστι
1590 2488 1757 2555 Θεός⁸
1794 2488 1891 2542 καὶ
1922 2488 2027 2541 πά-

436 2576 543 2636 λιν.
584 2571 978 2643 Προσώζεσαν
1011 2574 1110 2627 καὶ
1148 2572 1475 2641 ἐσάπησαν
1506 2579 1559 2631 οἰ
1590 2575 1885 2645 μώλωπές
1904 2593 2027 2646 μου

438 2663 559 2719 ἀπὸ
594 2660 919 2731 προσώπου
949 2660 1059 2727 τῆς
1081 2661 1435 2731 ἀφροσύνης
1463 2681 1604 2732 μου.
1630 2664 1696 2717 Τί
1732 2662 1844 2734 γάρ
1873 2666 2033 2735 ἀνοηοη

440 2752 678 2823 τότερον,
732 2750 854 2803 εἰπέ
897 2766 1010 2819 μοι,
1038 2748 1132 2802 τοῦ
1164 2750 1359 2803 ἐαυτὸν
1392 2750 1493 2821 μὲν
1525 2751 1718 2822 ἱμάτια
1764 2752 2028 2823 περιϐάλ-

441 2842 647 2901 λοντος,
672 2840 797 2902 τοὺς
810 2837 867 2890 δέ
886 2837 1151 2908 ἀδελφοὺς
1168 2836 1316 2909 [591]
1332 2841 1458 2903 τοὺς
1476 2839 1643 2894 αὑτοῦ
1660 2858 1727 2909 γυ
1736 2842 1901 2912 μνοὺς
1919 2859 2027 2894 πα-

447 2927 839 2996 ραδλὲποντος;
866 2924 960 2977 τοῦ
980 2924 1148 2988 κύνας
1168 2926 1266 2995 μὲν
1292 2926 1607 2999 τρέφοντος,
1635 2927 1735 2999 τὴν
1763 2928 1818 2981 δὲ
1842 2929 2030 2983 εἰκόνα

442 3014 539 3069 τοῦ
584 3013 721 3066 Θεοῦ
769 3012 1135 3084 περιορῶντος
1179 3015 1237 3066 ἐν
1278 3014 1469 3086 λιμῷ;
1510 3016 1608 3070 τοῦ
1651 3019 2027 3087 πεπεισμένου

444 3103 653 3168 ἁπλῶς,
688 3104 771 3156 δτι
798 3102 951 3155 οὐδὲν
985 3102 1054 3155 τὰ
1082 3102 1397 3175 ἀνθρώπινα
1427 3107 1752 3178 πράγματα,
1792 3110 1886 3162 καὶ
1916 3108 2029 3162 ῶσ-

446 3209 553 3261 περ
616 3188 907 3251 ἀθανάτοις
942 3190 1127 3252 αὐτοῖς
1173 3194 1648 3264 προστετηκότος;
1692 3196 1903 3268 Ὠσπερ
1934 3192 2027 3250 οὖν

444 3282 603 3335 οὐδὲν
639 3278 733 3333 τοῦ
776 3277 1020 3331 τοιούτου
1067 3278 1448 3349 ἀνοητότερον,
1472 3279 1645 3345 οὕτως
1674 3282 1829 3335 οὐδὲν
1860 3282 2033 3351 σοφώ-

444 3386 604 3440 τερον
627 3366 721 3419 τοῦ
747 3365 848 3437 τὴν
876 3363 1077 3436 ἀρετὴν
1122 3365 1539 3436 κατορθοῦντος.
1583 3368 1725 3439 Ὀρα
1757 3369 1885 3440 γάρ,
1912 3370 2032 3434 πῶς

447 3456 611 3525 σοφός
666 3455 804 3518 ἐστι,
851 3452 1015 3521 φησί·
1056 3452 1380 3522 μεταδίδωσι
1422 3454 1531 3507 τῶν
1553 3454 1747 3521 όντων,
1778 3456 2031 3527 ἐλεήμων

448 3540 1010 3612 ἐστί,φιλάνθρωπος⁸
1038 3540 1255 3609 ἐπέγνω
1277 3542 1376 3612 τὴν
1409 3540 1572 3609 φύσιν
1608 3543 1691 3595 δτι
1725 3544 1903 3615 κοινή⁸
1935 3546 2034 3597 ἐπ-

453 3634 596 3701 έγνω
619 3629 719 3700 τὴν
747 3627 855 3681 τῶν
882 3628 1185 3698 χρημάτων
1201 3630 1424 3699 χρῆσιν,
1441 3630 1523 3682 ὃτι
1543 3628 1757 3693 οὐδενὸς
1795 3631 1921 3695 ἀξία
1946 3630 2035 3683 λό-

450 3737 572 3790 γου·
603 3720 685 3772 ὅτι
712 3716 821 3771 τῶν
839 3718 1107 3786 σωμάτων
1130 3718 1238 3770 τῶν
1256 3718 1470 3771 οἰκείων
1490 3718 1573 3772 δεῖ
1591 3719 1870 3787 φείδεσθαι
1899 3721 2035 3789 μᾶλ-

451 3809 565 3868 λον,
601 3806 635 3877 ἢ
674 3806 784 3858 τῶν
819 3805 1143 3875 χρημάτων.
1201 3806 1293 3857 Διὸ
1342 3805 1503 3875 δόξης
1541 3808 1905 3878 καταφρονῶν
1941 3808 2035 3860 καὶ

455 3892 743 3964 φιλόσοφός
788 3894 937 3945 ἐστιν
955 3906 967 3919 ⁸
987 3886 1097 3944 οἶδε
1127 3892 1237 3963 γάρ
1266 3892 1334 3945 τὰ
1358 3892 1677 3964 ἀνθρώπινα
1708 3895 2033 3966 πράγματα.

453 3983 576 4037 Τῶν
621 3980 783 4033 θείων
831 3980 927 4032 καὶ
980 3979 1341 4050 ἀνθρωπίνων
1385 3983 1731 4051 πραγμάτων
1765 3983 1966 4050 γνῶσις
2003 3984 2039 4053 ή

456 4067 767 4139 φιλοσοφία.
822 4065 1035 4119 Οὐκοῦν
1084 4063 1195 4120 οἶδε
1244 4067 1343 4138 μὲν
1370 4071 1500 4121 ποῖα
1528 4070 1669 4131 θεῖα,
1703 4073 1830 4123 ποῖα
1859 4071 1912 4124 δὲ
1944 4074 2037 4124 ἀν-

456 4158 723 4229 θρώπινα,
768 4154 863 4208 καὶ
901 4154 1008 4207 τῶν
1069 4156 1169 4223 μὲν
1207 4155 1493 4225 ἀπέχεται,
1521 4156 1697 4209 ταῦτα
1727 4157 1783 4209 δὲ
1807 4158 2039 4228 ἐργάζε-

454 4264 545 4298 ται
570 4259 583 4273 ⁸
619 4239 751 4309 οἶδε,
785 4242 878 4295 καὶ
903 4242 1215 4311 εὐχαριστεί
1249 4253 1275 4281 ι
1302 4241 1379 4312 τῷ
1412 4242 1533 4313 Θεῷ
1556 4248 1615 4296 εν
1643 4245 1810 4296 πᾶσιν
1835 4259 1849 4272 ⁸
1884 4246 2039 4299 οὐδὲν

456 4331 596 4388 εἶναι
625 4330 833 4401 νομίζει
862 4329 952 4381 τὸν
977 4330 1218 4400 παρόντα
1239 4328 1353 4399 βίον
1375 4345 1387 4358 ⁸
1417 4329 1503 4383 διὰ
1533 4330 1690 4383 τοῦτο
1712 4330 1832 4384 οὐδὲ
1853 4332 2039 4403 ἥδε-ται

455 4424 568 4485 τοῖς
610 4421 893 4490 χρηστοῖς,
931 4414 1057 4469 οὔτε
1111 4417 1361 4469 λυπεῖται
1410 4420 1525 4481 τοῖς
1569 4419 1858 4483 ἐναντίοις.
1886 4421 2040 4491 Μηδὲ

458 4508 781 4579 περιμείνῃς
825 4506 1013 4577 ἕτερον
1042 4505 1364 4558 διδάσκαλον
1386 4523 1399 4534 ⁸
1456 4505 1600 4576 ἔχεις
1635 4506 1705 4559 τά
1736 4506 1895 4575 λόγια
1944 4508 2039 4562 τοῦ

458 4596 625 4649 θεοῦ⁸
656 4593 831 4658 ούδείς
861 4610 921 4646 σε
974 4594 1220 4647 διδάσκει
1242 4593 1318 4657 ὡς
1365 4594 1575 4647 ἐκεῖνα.
1611 4588 1780 4657 Οὗτος
1809 4595 1908 4665 μὲν
1930 4596 2041 4666 γὰρ

462 4683 634 4737 πολλά
679 4683 773 4736 καὶ
813 4682 901 4735 διὰ
947 4681 1257 4747 κενοδοξίαν
1300 4682 1395 4735 καὶ
1441 4683 1532 4736 διά
1574 4682 1874 4753 βασκανίαν
1918 4686 2040 4737 ἐπι-

464 4772 698 4843 κρύπτει
734 4769 1013 4833 πολλάκις.
1053 4772 1375 4837 ’Δκούσατε,
1406 4772 1737 4843 παρακαλῶ,
1769 4773 1970 4837 πάντες
1992 4774 2043 4826 οί

465 4859 731 4933 βιωτικοὶ,
778 4857 875 4912 καὶ
913 4859 1117 4912 κτᾶσθε
1159 4858 1339 4929 βιϐλία
1378 4860 1649 4931 φάρμακα
1686 4865 1787 4932 τῆς
1839 4864 2039 4933 ψυχῆς,

464 4956 528 5008 Εἰ
565 4952 730 5024 μηδὲν
762 4952 948 5023 ἕτερον
995 4950 1276 5021 βούλεσθε,
1327 4955 1426 5023 τὴν
1467 4955 1601 5023 γοῦν
1648 4955 1861 5023 Καινὴν
1907 4957 2042 5025 κτή-

467 5043 656 5105 σασθε,
697 5040 807 5093 τῶν
847 5041 1161 5094 ἀποστόλων
1186 5041 1285 5104 τὰς
1324 5042 1580 5114 Πράξεις,
1617 5043 1687 5095 τά
1711 5044 2043 5112 Εὐαγγέλια,

465 5131 817 5195 διδασκάλους
848 5130 1138 5203 διηνεκεῖς.
1170 5132 1273 5184 ’Ἂν
1311 5132 1455 5202 λύπη
1499 5132 1703 5203 συμϐῇ,
1740 5132 1931 5202 ὥσπερ
1965 5134 2047 5197 εἰς

467 5221 750 5292 ἀποθήκην
811 5220 1116 5291 φαρμάκων
1163 5219 1438 5289 ἔγκοψον·
1502 5219 1635 5272 λάϐε
1691 5221 2048 5292 παραμυθίαν

468 5310 678 5363 ἐκεῖθεν
729 5307 824 5361 τοῦ
875 5308 1073 5371 δεινοῦ,
1118 5308 1183 5361 ἂν
1215 5307 1411 5378 ζημία,
1449 5307 1515 5361 ἂν
1537 5308 1787 5371 θάνατος,
1814 5309 1879 5362 ἂν
1907 5310 2050 5363 ἁπο-

469 5398 598 5467 ὃολὴ
638 5395 852 5449 οἰκείων
871 5412 885 5426 ⁸
916 5395 1114 5465 μᾶλλον
1145 5395 1202 5448 δὲ
1246 5398 1321 5465 μὴ
1355 5394 1616 5462 ἕγκυπτε,
1644 5395 1781 5449 ἀλλά
1810 5397 2050 5451 ἀνάλαϐε

469 5487 669 5545 πάντα,
704 5483 795 5554 ἔχε
840 5483 932 5535 ἐπὶ
976 5484 1073 5551 τῆς
1111 5483 1370 5545 διανοίας.
1413 5482 1583 5535 Τοῦτο
1626 5484 1845 5538 πάντων
1876 5484 2049 5538 αἴτιον

469 5573 575 5625 τῶν
605 5572 812 5635 κακῶν,
830 5571 889 5625 τὸ
911 5571 987 5642 μὴ
1011 5570 1209 5625 εἰδέναι
1242 5570 1338 5635 τάς
1379 5570 1625 5641 Γραφάς.
1652 5573 1838 5643 Χωρίς
1871 5572 2050 5626 ὃπλων

538 5801 565 5829 ι
591 5789 842 5852 lnterpres
879 5790 1063 5856 legisse
1098 5794 1293 5844 videtur
1315 5795 1413 5845 οἶδε
1436 5796 1486 5845 δὲ
1510 5798 1588 5845 καὶ
1612 5799 1922 5864 εὐχαριστεῖν.

3574 332 3684 391 362

2122 464 2204 525 είς
2221 462 2458 532 πόλεμον
2480 458 2764 531 βαδίζομεν
2784 471 2797 483 ⁸
2831 455 2927 507 καὶ
2956 452 3073 516 πῶς
3106 448 3503 519 έδεισωθῆναι;
3537 449 3702 516 Ἀγα-

2123 550 2297 621 πητδν
2344 547 2484 619 μετά
2530 546 2738 601 τούτων
2780 543 3044 614 σωθῆναι,
3100 539 3233 610 μήτι
3276 552 3342 604 γε
3377 533 3548 621 χωρίς
3580 533 3703 586 τού-

2120 620 2250 692 των.
2278 637 2370 707 Μὴ
2401 636 2471 691 τά
2490 636 2670 691 πάντα
2696 636 2795 707 ἐφ’
2822 634 2972 706 ἡμᾶς
3000 629 3219 701 ῥίπτετε
3236 640 3250 653 ⁸
3277 620 3529 693 πρόὸατά
3555 621 3702 707 ἐστε,

2122 704 2371 777 ἀλλὀὐκ
2395 724 2586 793 ἄλογα,
2613 704 2750 777 ἀλλά
2776 704 3003 791 λογικά·
3029 714 3201 770 πολλὰ
3228 712 3323 765 και
3348 710 3479 780 ὑμῖν
3507 710 3535 761 ὁ
3557 704 3702 793 Παῦέ-

2122 810 2213 873 λος
2256 792 2568 882 ἐπιτρέπει.
2596 811 2658 865 Οί
2693 808 3073 877 διδασκόμενοι
3115 802 3177 855 ού
3204 796 3499 857 διαπαντὸς
3530 792 3703 847 ἐπἰτδ

2125 899 2319 970 μαθεῖν
2333 898 2723 971 διατρίϐουσιν,
2745 897 2869 951 ἐπεὶ
2885 896 2947 949 οὐ
2970 892 3316 946 διδάσκονται
3338 903 3350 914 ·
3374 885 3441 939 ἂν
3462 884 3550 937 ἀεὶ
3574 900 3705 971 μανξ

2125 969 2327 1058 θάνῃς,
2367 969 2627 1041 οὐδέποτε
2676 986 2923 1057 μαθήσῃ.
2967 980 3062 1051 Μὴ
3096 977 3270 1038 οὓτως
3300 974 3485 1045 ἔρχου,
3512 971 3586 1032 ῶς
3617 969 3705 1023 ἀεὶ

2127 1076 2533 1148 μαθησόμενος·
2572 1075 2697 1129 ἐπεὶ
2725 1073 2983 1128 οὐδέποτε
3016 1070 3161 1141 εἴσῃ,
3196 1063 3323 1119 ἀλλ’
3350 1062 3424 1127 ὡς
3446 1060 3539 1112 καὶ
3570 1060 3705 1148 ἀποῗ

2127 1145 2532 1237 μαθησόμενος,
2554 1164 2652 1218 καὶ
2669 1161 2898 1227 διδάξων
2928 1159 3139 1228 ἕτερον.
3172 1151 3310 1207 Εἰπὲ
3341 1149 3401 1204 δέ
3437 1165 3550 1237 μοι,
3580 1145 3705 1237 οὐχὶ

2124 1235 2463 1323 ὡρισμένους
2503 1250 2733 1323 καιροὺς
2774 1246 3185 1319 παραμένουσιν
3221 1240 3460 1299 ἅπαντες
3490 1235 3550 1286 ἐν
3590 1236 3705 1323 τοῖς

2129 1319 2440 1413 φθῆ-μασι,
2472 1340 2569 1394 καὶ
2608 1319 2669 1393 ἐν
2712 1340 2916 1399 πάσαις
2960 1331 3147 1395 ἀπλῶς
3168 1331 3291 1393 ταῖς
3318 1325 3577 1413 τέχναιςᾼς
3602 1319 3706 1413 9'6:-

2124 1407 2233 1492 τως
2263 1407 2518 1492 ’ἀπαντες
2548 1428 2805 1499 ὁρίζομεν
2852 1421 3086 1494 φανερὸν
3133 1416 3364 1489 καιρόν·
3399 1413 3466 1467 ἀν
3513 1411 3572 1464 δὲ
3618 1407 3707 1463 ἀεὶ

2129 1526 2151 1555 ο
2181 1518 2448 1589 μανθάνῃ,
2480 1515 2782 1587 τεκμήριόν
2820 1516 2938 1567 ἐστι
2975 1509 3068 1563 τοῦ
3109 1507 3276 1579 μηδὲν
3302 1502 3517 1575 μαθεῖν.

2200 1690 2267 1762 β’.
2295 1690 2466 1744 Τοῦτο
2516 1691 2576 1744 τὸ
2616 1690 2816 1754 ὄνειδος
2847 1690 2960 1751 τοῖς
3000 1683 3276 1745 Ἰουδαίοις
3303 1681 3332 1733 ὁ
3358 1676 3489 1740 Θεὸς
3515 1670 3666 1728 εἷπεν
3688 1684 3705 1698 ⁸

2128 1780 2439 1849 Αἰρόμευνοι
2454 1780 2524 1832 ἐκ
2541 1781 2797 1843 κοιλίας,
2816 1776 2913 1831 καὶ
2930 1772 3342 1842 παιδευόμενοι
3357 1766 3468 1832 ἕως
3492 1762 3707 1834 γήρωςο

2129 1868 2191 1921 Εἰ
2230 1867 2305 1938 μή
2341 1868 2431 1921 ἀεὶ
2456 1867 2615 1921 τοῦτο
2635 1864 3026 1938 προσεδοκᾶτε,
3053 1862 3155 1916 οὐκ
3184 1858 3251 1913 ἂν
3272 1856 3444 1919 οὕτως
3474 1854 3555 1915 εἰς
3584 1849 3708 1903 τού-

2132 1959 2275 2011 πίσω
2304 1960 2483 2013 πάντα
2507 1956 2695 2029 ἀπῄει.
2728 1957 2791 2011 Εἰ
2821 1956 2947 2026 ἐνῆν
2984 1953 3110 2015 τοὺς
3138 1950 3235 2022 μὲν
3266 1943 3405 2001 εἶναι
3445 1941 3703 2015 μεμαθη-

2129 2048 2317 2114 κότας,
2361 2050 2487 2111 τοὺς
2534 2048 2592 2102 δὲ
2642 2047 2955 2119 μέλλοντας,
3010 2039 3315 2113 προέκοψεν
3355 2037 3422 2091 ἂν
3455 2034 3516 2089 τὸ
3547 2032 3709 2104 ἔργον

2129 2140 2297 2208 ἡμῖν’
2346 2138 2779 2209 παρεχωρήσατε
2830 2134 2896 2189 ἀν
2946 2134 3176 2204 ἐτέροιις,
3230 2128 3327 2182 καί¹
3379 2122 3709 2180 συναντελά·

2132 2224 2293 2278 εεσθε
2348 2227 2445 2278 καὶ
2487 2228 2642 2295 ἡμῖν.
2699 2224 2835 2278 Εἰπέ
2875 2239 2985 2293 μοι,
3029 2221 3077 2273 εἰ
3116 2218 3252 2291 πρὸς
3280 2211 3710 2287 γραμματιστήν

2132 2330 2278 2377 τινες
2318 2313 2552 2377 ἀπίοιεν,
2598 2308 2719 2365 εἶτα
2772 2311 2982 2381 μένοιεν
3016 2307 3106 2360 ἀεὶ
3125 2306 3194 2359 τά
3226 2304 3465 2374 στοιχεῖα
3502 2297 3708 2371 μανθά-

2132 2420 2335 2466 νοντες,
2381 2403 2444 2455 ού
2492 2401 2661 2455 πολὺν
2689 2400 2768 2471 τῷ
3011 2395 3320 2465 διδασκάλῳ
3361 2396 3526 2446 πόνον
3565 2404 3711 2457 παρ-

2135 2492 2358 2556 έξουσι;
2406 2490 2588 2562 Μέχρι
2629 2489 2774 2553 τίνος
2814 2489 2944 2560 ὑμῖν
2976 2487 3106 2557 περὶ
3148 2484 3264 2555 βίου
3304 2478 3709 2551 διαλεγόμεθα;

2148 2580 2272 2633 Ἐπὶ
2322 2580 2433 2633 τῶν
2476 2579 2791 2632 ἀποστόλων
2835 2576 3008 2639 οὕτως
3045 2576 3146 2629 οὐκ
3172 2569 3265 2645 ἦν,
3303 2571 3441 2627 ἀλλά
3468 2568 3704 2637 συνεχῶς

2139 2668 2478 2739 μετεπήδων,
2506 2668 2633 2731 τοὺς
2666 2667 2931 2737 πρότερον
2965 2664 3337 2736 μανθάνοντας
3356 2657 3715 2715 διδασκάλους

2137 2756 2506 2816 καθιστῶντες
2555 2755 2760 2824 ἐτέρων
2799 2753 2962 2806 τινῶν
3003 2749 3484 2823 μαθητευομένων.
3528 2744 3712 2803 Οὕτως

2135 2841 2481 2915 ἠδυνήθησαν
2505 2842 2601 2905 τὴν
2621 2840 2952 2911 οἰκουμένην
2982 2836 3287 2909 περιελθεῖν
3303 2877 3316 2899 ,
3337 2834 3414 2906 τῷ
3447 2835 3521 2904 μὴ
3545 2848 3716 2902 προσο

2136 2932 2452 3001 δεσμεῖσθαι
2484 2931 2635 3000 τόπῳ
2658 2929 2758 2984 ἐνί.
2798 2930 2979 2999 Πόσης
3031 2927 3210 2981 οἴεσθε
3242 2923 3595 2985 διδασκαλίας
3620 2921 3719 2974 δεῖ·

2140 3020 2264 3072 σθαι
2290 3020 2418 3082 τοὺς
2458 3017 2756 3090 ὑμετέρους
2788 3016 3050 3083 ἀδελφοὺς
3080 3016 3208 3075 τοὺς
3234 3012 3329 3066 ἐπὶ
3361 3012 3469 3063 τῶν
3510 3008 3714 3079 ἀγρῶν,

2140 3111 2236 3164 καὶ
2264 3110 2391 3172 τοὺς
2418 3108 2643 3161 ἐκείνων
2671 3106 3066 3170 διδασκάλους;
3111 3104 3252 3157 Ἀλλ’
3291 3104 3452 3173 ὑμεῖς
3490 3117 3557 3171 με
3587 3117 3718 3153 κατ-

2139 3198 2292 3269 έχετε
2329 3195 2798 3269 προσηλώσαντες.
2850 3194 2986 3266 Πρὶν
3017 3194 3050 3266 ἢ
3084 3192 3194 3265 γὰρ
3219 3194 3316 3262 τὴν
3339 3190 3583 3261 κεφαλὴν
3612 3206 3713 3243 κα-

2096 3305 2103 3313 ·
2139 3286 2245 3348 λῶς
2275 3284 2610 3355 διατεθῆναι,
2640 3283 2898 3355 περιττὸν
2926 3283 3020 3337 ἐπὶ
3053 3282 3115 3335 τὸ
3139 3282 3327 3335 λοιπὸν
3364 3279 3525 3350 σῶμα
3553 3278 3712 3333 ἰέναι.

2142 3375 2325 3429 Πάντα
2372 3376 2507 3443 ἡμῖν
2540 3373 2921 3446 ἐπιρρίπτετε.
2982 3372 3159 3442 ’Υμᾶς
3198 3369 3368 3441 ἐχρῆν
3408 3367 3536 3440 παρ’
3565 3366 3719 3438 ήμῶν

2145 3461 2437 3533 μανθάνειν
2494 3460 2657 3531 μόνον
2681 3477 2695 3491 ⁸
2736 3460 2837 3523 τὰς
2876 3459 2933 3512 δὲ
2973 3462 3239 3527 γυναῖκας
3287 3457 3417 3529 παρ’
3445 3456 3619 3526 ὑμῶν,
3652 3454 3720 3506 τὶ

2142 3548 2334 3603 παιδία
2364 3548 2490 3619 παρ’
2514 3547 2668 3619 ὑμῶν
2691 3564 2707 3577 ⁸
2735 3547 2872 3601 ἀλλά
2898 3548 3075 3601 πάντα
3096 3548 3229 3617 ἡμῖν
3259 3544 3716 3614 καταλιμπάνετε.

2142 3636 2241 3691 Διὰ
2251 3636 2410 3689 τοῦτο
2427 3636 2594 3699 πολὺς
2608 3638 2636 3689 ό
2652 3635 2840 3699 κόπος.
2856 3635 3273 3699 Διδάσκοντες,
3301 3634 3455 3703 φησὶ,
3472 3632 3567 3684 καί
3582 3648 3720 3683 νου-

2144 3725 2455 3790 θετοῦντες
2469 3724 2722 3790 ἑαυτοὺς
2739 3724 3002 3794 ψαλμοῖς
3025 3724 3124 3777 καὶ
3157 3724 3369 3793 ὕμνοις
3412 3723 3506 3774 καὶ
3545 3717 3723 3787 ᾠδαῖς

2145 3810 2594 3879 πνευματικαῖς.
2640 3811 2783 3882 Ὅρα
2818 3812 2990 3864 καὶτὸ
3018 3809 3323 3879 ἀνεπαχθὲς
3350 3807 3443 3860 τοῦ
3484 3806 3719 3859 Παύλου.

2145 3899 2369 3970 Ἐπειδὴ
2408 3901 2443 3969 ἡ
2474 3900 2782 3966 ἀνάγνωσις
2829 3898 2943 3968 ἔχει
2976 3899 3157 3964 πόνον,
3189 3898 3285 3952 καὶ
3308 3896 3440 3949 πολὺ
3456 3894 3518 3948 τὸ
3538 3910 3726 3964 φορτι-

2144 3988 2261 4053 κὸν,
2300 3989 2400 4041 οὐκ
2431 3989 2518 4057 ἐφ’
2550 3987 2789 4059 ἱστορίας
2821 3988 3051 4061 ήγαγεν,
3078 3988 3193 4042 ἀλλ’
3232 3982 3725 4057 ἐπὶ-ψαλμοὺς,ῖνα

2144 4070 2281 4143 ὁμοῦ
2312 4071 2409 4125 καὶ
2452 4071 2661 4144 τέρπῃς
2708 4072 2807 4141 τὴν
2855 4071 3031 4143 ψυχὴν
3064 4071 3226 4143 ᾅδων,
3260 4070 3346 4123 καὶ
3384 4068 3727 4138 ὑποκλέπτῃς

2145 4157 2237 4209 τὸν
2261 4156 2420 4208 πόνον
2432 4156 2481 4209 b.
2513 4156 3051 4225 Ὕμνοις,φησὶ,καί
3080 4156 3259 4223 ᾠδαῖς
3279 4151 3721 4222 πνευματικαῖς.

2148 4240 2263 4292 Νῦν
2287 4240 2344 4291 δὲ
2376 4239 2673 4302 σατανικάς
2706 4239 2804 4309 μὲν
2829 4240 2971 4310 ᾠδὰς
3002 4241 3095 4293 καὶ
3120 4241 3374 4311 ὀρχήσεις
3406 4235 3648 4307 αἱροῦσιν
3676 4235 3726 4285 οί

2150 4323 2335 4386 παῖδες
2361 4324 2411 4374 οἱ
2446 4323 2725 4393 ὑμέτεροι,
2759 4323 3011 4394 καθάπερ
3042 4324 3089 4375 οἱ
3121 4324 3372 4393 μάγειροι
3398 4321 3493 4372 καί
3516 4317 3722 4385 οἱόδιῶ-

2150 4425 2238 4459 ναι
2262 4407 2357 4458 καὶ
2387 4408 2435 4457 οἰ
2467 4406 2723 4477 χορευταί
2757 4422 2769 4435 ⁸
2807 4406 3022 4476 ψαλμὸν
3054 4406 3111 4459 δὲ
3142 4405 3315 4468 οὐδεὶς
3344 4404 3534 4456 ούδένα
3564 4398 3721 4463 οἶδεν,

2150 4489 2287 4543 ἀλλά
2314 4488 2408 4541 καὶ
2438 4488 2669 4558 αἰσχύνη
2690 4489 2751 4542 τὸ
2774 4492 3008 4560 πρᾶγμα
3028 4489 3177 4541 δοκεῖ
3197 4485 3335 4540 εἶναι
3363 4487 3455 4539 καὶ
3470 4484 3725 4553 χλευασία

2148 4575 2246 4627 καὶ
2264 4573 2457 4641 γέλως.
2484 4572 2726 4626 Ἐκεῖθεν
2750 4574 2965 4627 ἀπάντα
2990 4572 3059 4625 τά
3087 4573 3230 4626 κακά
3256 4570 3504 4634 σώζεται.
3538 4568 3624 4620 Ἐν
3641 4567 3727 4635 οἵᾳ

2151 4656 2259 4725 γάρ
2284 4656 2350 4708 ἂν
2378 4657 2583 4727 ἑστήκῃ
2621 4658 2690 4727 γῇ
2724 4656 2784 4708 τὸ
2815 4658 3000 4725 φυτὸν,
3027 4655 3266 4708 τοιοῦτον
3297 4654 3450 4723 φέρει
3478 4651 3568 4704 τὸν
3592 4666 3726 4719 καρ-

2152 4740 2284 4792 πόν⁸
2321 4738 2386 4792 ἂν
2437 4743 2494 4792 ὲν
2546 4740 2797 4809 ἀμμώδει
2848 4740 2943 4793 καὶ
2989 4740 3231 4810 ἁλμυρᾷ,
3261 4737 3530 4790 τοιοῦτον”
3564 4734 3629 4787 ἀν
3670 4736 3727 4784 ἐν

2152 4823 2381 4894 γλυκείᾳ
2397 4825 2489 4874 καὶ
2509 4822 2733 4894 λιπαρᾷ,
2755 4823 2918 4876 πάλιν
2939 4825 3143 4895 ὅμοιον.
3164 4823 3317 4875 Οὕτω
3341 4820 3491 4891 πηγή
3509 4819 3589 4880 τίς
3614 4820 3726 4869 ἐστι

2151 4907 2219 4959 τά
2243 4905 2572 4976 διδάγματα.
2605 4906 2826 4971 Δίδαξον
2855 4908 3018 4960 αὑτὸν
3044 4907 3190 4979 ᾄδειν
3218 4905 3464 4975 ψαλμοὺς
3492 4901 3730 4960 ἐκείνους

2152 4990 2279 5053 τοὺς
2308 4990 2624 5059 φιλοσοφίας
2665 4992 2954 5061 γέμοντας,
2973 4988 3082 5045 οἷον
3111 4991 3238 5059 περί
3265 4986 3614 5059 σωφροσύνης
3638 4983 3725 5035 εὑ-

2154 5074 2314 5136 θέως,
2354 5073 2553 5144 μᾶλλον
2598 5073 2657 5126 δὲ
2698 5075 2805 5145 πρὸ
2839 5076 3054 5128 πάντων
3086 5076 3214 5147 περὶ
3248 5074 3342 5128 τοῦ
3372 5074 3447 5144 μὴ
3489 5074 3725 5125 συνεῖναι

2156 5160 2435 5228 πονηροῖς,
2468 5158 2671 5220 εὐθέως
2719 5158 2815 5211 ἀπ’
2844 5159 3015 5229 αὐτῆς
3059 5159 3157 5228 τῆς
3180 5159 3352 5228 ἀρχῆς
3380 5156 3473 5210 τοῦ
3521 5155 3725 5225 βιϐλίου

2159 5240 2267 5310 (διά
2296 5241 2402 5311 γάρ
2431 5241 2588 5295 τοῦτο
2611 5243 2704 5294 καὶ
2744 5243 2992 5297 ἐντεῦθεν
3024 5243 3227 5315 ήρξατο
3246 5245 3274 5295 ὁ
3306 5242 3612 5312 Προφήτης,
3644 5239 3729 5291 λέ-

2157 5345 2288 5397 γων’
2330 5329 2632 5397 Μακάριος
2660 5330 2814 5397 ἀνὴρ
2858 5331 2925 5397 ὃς
2956 5334 3067 5386 οὐκ
3103 5331 3394 5398 ἐπορεύθη
3425 5331 3495 5383 ἐν
3530 5326 3733 5394 βουλῇ

2157 5412 2413 5465 ἀσεϐῶν·
2448 5414 2557 5467 Καὶ
2588 5414 2770 5478 πάλιν,
2799 5416 2921 5468 Οὐκ
2963 5415 3215 5468 ἐκάθισα
3235 5415 3385 5483 μετὰ
3414 5411 3734 5480 συνεδρίου

2155 5497 2565 5563 ματαιότητος.
2630 5498 2740 5549 Καὶ
2782 5498 2964 5551 πάλιν·
3028 5498 3452 5563 Ἐξουδένωται
3484 5497 3737 5550 ἐνώπιον

2158 5581 2344 5634 αὐτοῦ
2382 5584 2859 5653 πονηρευόμενος
2887 5601 2901 5614 ⁸
2924 5583 3067 5648 τοὺς
3091 5582 3161 5635 δὲ
3194 5583 3600 5653 φοϐουμένους
3632 5579 3738 5633 τὸν

2199 5752 2251 5825 λ’
2274 5749 2445 5822 ιςεῑὶο
2469 5754 2550 5802 τὸν
2569 5754 2703 5803 πόνοι
2732 5769 2793 5805 ex
2818 5754 3007 5808 duobus
3032 5756 3172 5807 codd.
3198 5765 3449 5807 revocata;
3475 5750 3749 5815 legebatur,

2161 5830 2255 5861 των
2278 5830 2451 5863 πονων.
2683 5845 2689 5851 -
