  <div class='ocr_page' id='page_1' title='image "/cluster/home/n/w/nwhite01/storage/ocr_20150623/62/nnc1.0046979654/368.png"; bbox 0 0 4120 6400; ppageno 0'>
   <div class='ocr_carea' id='block_1_1' title="bbox 392 420 491 476">
    <p class='ocr_par' dir='ltr' id='par_1_1' title="bbox 392 420 491 476">
     <span class='ocr_line' id='line_1_1' title="bbox 392 420 491 476; baseline -0.01 -1"><span class='ocrx_word' id='word_1_1' title='bbox 392 420 491 476; x_wconf 70' lang='lat' dir='ltr'><strong>3M</strong></span> 
     </span>
    </p>
   </div>
   <div class='ocr_carea' id='block_1_2' title="bbox 389 539 1967 611">
    <p class='ocr_par' dir='ltr' id='par_1_2' title="bbox 389 539 1967 611">
     <span class='ocr_line' id='line_1_2' title="bbox 389 539 1967 611; baseline 0.006 -23"><span class='ocrx_word' id='word_1_2' title='bbox 389 539 663 605; x_wconf 76' lang='lat' dir='ltr'><strong>inquibus</strong></span> <span class='ocrx_word' id='word_1_3' title='bbox 704 541 863 590; x_wconf 79' lang='lat' dir='ltr'><strong>vitam</strong></span> <span class='ocrx_word' id='word_1_4' title='bbox 897 550 1213 605; x_wconf 63' lang='lat' dir='ltr'><strong>pra&#39;sentmn</strong></span> <span class='ocrx_word' id='word_1_5' title='bbox 1260 540 1390 594; x_wconf 84' lang='lat' dir='ltr'>nihil</span> <span class='ocrx_word' id='word_1_6' title='bbox 1436 558 1557 595; x_wconf 82' lang='lat' dir='ltr'><strong>esse</strong></span> <span class='ocrx_word' id='word_1_7' title='bbox 1596 541 1745 605; x_wconf 85' lang='lat' dir='ltr'><strong>dicit,</strong></span> <span class='ocrx_word' id='word_1_8' title='bbox 1794 560 1967 611; x_wconf 87' lang='lat' dir='ltr'><strong>neque</strong></span> 
     </span>
    </p>
   </div>
   <div class='ocr_carea' id='block_1_3' title="bbox 384 629 1969 703">
    <p class='ocr_par' dir='ltr' id='par_1_3' title="bbox 384 629 1969 703">
     <span class='ocr_line' id='line_1_3' title="bbox 384 629 1969 703; baseline 0.003 -22"><span class='ocrx_word' id='word_1_9' title='bbox 384 631 500 699; x_wconf 79' lang='lat' dir='ltr'><strong>ejus</strong></span> <span class='ocrx_word' id='word_1_10' title='bbox 530 630 687 683; x_wconf 85' lang='lat' dir='ltr'><strong>bona.</strong></span> <span class='ocrx_word' id='word_1_11' title='bbox 730 630 787 683; x_wconf 91' lang='lat' dir='ltr'><strong>Si</strong></span> <span class='ocrx_word' id='word_1_12' title='bbox 814 633 956 684; x_wconf 87' lang='lat' dir='ltr'><strong>enim</strong></span> <span class='ocrx_word' id='word_1_13' title='bbox 982 629 1098 685; x_wconf 68' lang='lat' dir='ltr'><strong>hate</strong></span> <span class='ocrx_word' id='word_1_14' title='bbox 1132 632 1442 697; x_wconf 88' lang='lat' dir='ltr'><strong>viderimus,</strong></span> <span class='ocrx_word' id='word_1_15' title='bbox 1476 633 1608 687; x_wconf 83' lang='lat' dir='ltr'><strong>nulli</strong></span> <span class='ocrx_word' id='word_1_16' title='bbox 1639 649 1703 687; x_wconf 86' lang='lat' dir='ltr'><strong>ex</strong></span> <span class='ocrx_word' id='word_1_17' title='bbox 1751 634 1816 688; x_wconf 92' lang='lat' dir='ltr'><strong>iis</strong></span> <span class='ocrx_word' id='word_1_18' title='bbox 1851 652 1969 703; x_wconf 71' lang='lat' dir='ltr'><strong>quae</strong></span> 
     </span>
    </p>
   </div>
   <div class='ocr_carea' id='block_1_4' title="bbox 386 721 1967 794">
    <p class='ocr_par' dir='ltr' id='par_1_4' title="bbox 386 721 1967 794">
     <span class='ocr_line' id='line_1_4' title="bbox 386 721 1967 794; baseline 0.004 -22"><span class='ocrx_word' id='word_1_19' title='bbox 386 732 509 774; x_wconf 70' lang='lat' dir='ltr'><strong>sunt</strong></span> <span class='ocrx_word' id='word_1_20' title='bbox 529 737 717 789; x_wconf 76' lang='lat' dir='ltr'><strong>nepera</strong></span> <span class='ocrx_word' id='word_1_21' title='bbox 744 733 799 775; x_wconf 92' lang='lat' dir='ltr'><strong>et</strong></span> <span class='ocrx_word' id='word_1_22' title='bbox 822 721 1063 777; x_wconf 80' lang='lat' dir='ltr'><strong>difﬁcilia</strong></span> <span class='ocrx_word' id='word_1_23' title='bbox 1085 722 1362 779; x_wconf 80' lang='lat' dir='ltr'><strong>cedemus.</strong></span> <span class='ocrx_word' id='word_1_24' title='bbox 1392 723 1667 788; x_wconf 79' lang='lat' dir='ltr'><strong>lnltabitet,</strong></span> <span class='ocrx_word' id='word_1_25' title='bbox 1698 726 1887 794; x_wconf 85' lang='lat' dir='ltr'><strong>inquit,</strong></span> <span class='ocrx_word' id='word_1_26' title='bbox 1912 727 1967 780; x_wconf 89' lang='lat' dir='ltr'><strong>in</strong></span> 
     </span>
    </p>
   </div>
   <div class='ocr_carea' id='block_1_5' title="bbox 384 814 1964 880">
    <p class='ocr_par' dir='ltr' id='par_1_5' title="bbox 384 814 1964 880">
     <span class='ocr_line' id='line_1_5' title="bbox 384 814 1964 880; baseline 0.003 -12"><span class='ocrx_word' id='word_1_27' title='bbox 384 816 520 869; x_wconf 79' lang='lat' dir='ltr'><strong>rubis</strong></span> <span class='ocrx_word' id='word_1_28' title='bbox 545 815 883 869; x_wconf 71' lang='lat' dir='ltr'><strong>abundanter.</strong></span> <span class='ocrx_word' id='word_1_29' title='bbox 906 814 1024 869; x_wconf 85' lang='lat' dir='ltr'><strong>Non</strong></span> <span class='ocrx_word' id='word_1_30' title='bbox 1045 815 1219 870; x_wconf 88' lang='lat' dir='ltr'><strong>solum</strong></span> <span class='ocrx_word' id='word_1_31' title='bbox 1244 816 1401 880; x_wconf 88' lang='lat' dir='ltr'><strong>dixit,</strong></span> <span class='ocrx_word' id='word_1_32' title='bbox 1429 817 1661 879; x_wconf 85' lang='lat' dir='ltr'><strong>llahitet,</strong></span> <span class='ocrx_word' id='word_1_33' title='bbox 1691 818 1785 873; x_wconf 89' lang='lat' dir='ltr'><strong>sed</strong></span> <span class='ocrx_word' id='word_1_34' title='bbox 1805 819 1964 873; x_wconf 87' lang='lat' dir='ltr'><strong>etiam</strong></span> 
     </span>
    </p>
   </div>
   <div class='ocr_carea' id='block_1_6' title="bbox 383 907 1966 980">
    <p class='ocr_par' dir='ltr' id='par_1_6' title="bbox 383 907 1966 980">
     <span class='ocr_line' id='line_1_6' title="bbox 383 907 1966 980; baseline 0.001 -18"><span class='ocrx_word' id='word_1_35' title='bbox 383 923 506 962; x_wconf 87' lang='lat' dir='ltr'><strong>eum</strong></span> <span class='ocrx_word' id='word_1_36' title='bbox 566 924 758 977; x_wconf 85' lang='lat' dir='ltr'><strong>magna</strong></span> <span class='ocrx_word' id='word_1_37' title='bbox 813 907 1160 963; x_wconf 75' lang='lat' dir='ltr'><strong>abundantia.</strong></span> <span class='ocrx_word' id='word_1_38' title='bbox 1212 908 1407 965; x_wconf 79' lang='lat' dir='ltr'><strong>Audite</strong></span> <span class='ocrx_word' id='word_1_39' title='bbox 1458 908 1782 980; x_wconf 92' lang='lat' dir='ltr'><strong>quicumque</strong></span> <span class='ocrx_word' id='word_1_40' title='bbox 1835 911 1966 964; x_wconf 90' lang='lat' dir='ltr'><strong>estis</strong></span> 
     </span>
    </p>
   </div>
   <div class='ocr_carea' id='block_1_7' title="bbox 383 1000 1965 1070">
    <p class='ocr_par' dir='ltr' id='par_1_7' title="bbox 383 1000 1965 1070">
     <span class='ocr_line' id='line_1_7' title="bbox 383 1000 1965 1070; baseline 0.001 -16"><span class='ocrx_word' id='word_1_41' title='bbox 383 1000 658 1063; x_wconf 87' lang='lat' dir='ltr'><strong>mundani,</strong></span> <span class='ocrx_word' id='word_1_42' title='bbox 684 1010 740 1056; x_wconf 89' lang='lat' dir='ltr'><strong>et</strong></span> <span class='ocrx_word' id='word_1_43' title='bbox 764 1001 917 1055; x_wconf 78' lang='lat' dir='ltr'><strong>uxori</strong></span> <span class='ocrx_word' id='word_1_44' title='bbox 942 1002 1185 1070; x_wconf 68' lang='lat' dir='ltr'><strong>prtecstis</strong></span> <span class='ocrx_word' id='word_1_45' title='bbox 1207 1011 1262 1057; x_wconf 91' lang='lat' dir='ltr'><strong>et</strong></span> <span class='ocrx_word' id='word_1_46' title='bbox 1283 1000 1488 1063; x_wconf 86' lang='lat' dir='ltr'><strong>liberis,</strong></span> <span class='ocrx_word' id='word_1_47' title='bbox 1516 1003 1786 1069; x_wconf 83' lang='lat' dir='ltr'><strong>quomodo</strong></span> <span class='ocrx_word' id='word_1_48' title='bbox 1811 1001 1965 1056; x_wconf 82' lang='lat' dir='ltr'><strong>vobis</strong></span> 
     </span>
    </p>
   </div>
   <div class='ocr_carea' id='block_1_8' title="bbox 381 1091 1961 1162">
    <p class='ocr_par' dir='ltr' id='par_1_8' title="bbox 381 1091 1961 1162">
     <span class='ocr_line' id='line_1_8' title="bbox 381 1091 1961 1162; baseline 0.002 -18"><span class='ocrx_word' id='word_1_49' title='bbox 381 1108 593 1161; x_wconf 83' lang='lat' dir='ltr'><strong>quoque</strong></span> <span class='ocrx_word' id='word_1_50' title='bbox 636 1092 869 1147; x_wconf 79' lang='lat' dir='ltr'><strong>maxime</strong></span> <span class='ocrx_word' id='word_1_51' title='bbox 917 1091 1133 1148; x_wconf 89' lang='lat' dir='ltr'><strong>mandet</strong></span> <span class='ocrx_word' id='word_1_52' title='bbox 1170 1093 1351 1162; x_wconf 82' lang='lat' dir='ltr'><strong>legere</strong></span> <span class='ocrx_word' id='word_1_53' title='bbox 1392 1091 1718 1162; x_wconf 76' lang='lat' dir='ltr'><strong>Scriptores,</strong></span> <span class='ocrx_word' id='word_1_54' title='bbox 1765 1102 1821 1148; x_wconf 91' lang='lat' dir='ltr'><strong>et</strong></span> <span class='ocrx_word' id='word_1_55' title='bbox 1855 1108 1961 1148; x_wconf 90' lang='lat' dir='ltr'><strong>non</strong></span> 
     </span>
    </p>
   </div>
   <div class='ocr_carea' id='block_1_9' title="bbox 381 1184 1958 1256">
    <p class='ocr_par' dir='ltr' id='par_1_9' title="bbox 381 1184 1958 1256">
     <span class='ocr_line' id='line_1_9' title="bbox 381 1184 1958 1256; baseline 0.002 -18"><span class='ocrx_word' id='word_1_56' title='bbox 381 1184 573 1239; x_wconf 81' lang='lat' dir='ltr'><strong>leviter</strong></span> <span class='ocrx_word' id='word_1_57' title='bbox 616 1199 715 1239; x_wconf 90' lang='lat' dir='ltr'><strong>nec</strong></span> <span class='ocrx_word' id='word_1_58' title='bbox 742 1194 966 1249; x_wconf 84' lang='lat' dir='ltr'><strong>temere,</strong></span> <span class='ocrx_word' id='word_1_59' title='bbox 993 1184 1087 1239; x_wconf 89' lang='lat' dir='ltr'><strong>sed</strong></span> <span class='ocrx_word' id='word_1_60' title='bbox 1118 1200 1315 1256; x_wconf 82' lang='lat' dir='ltr'><strong>magno</strong></span> <span class='ocrx_word' id='word_1_61' title='bbox 1352 1185 1533 1241; x_wconf 91' lang='lat' dir='ltr'><strong>studio</strong></span> <span class='ocrx_word' id='word_1_62' title='bbox 1572 1201 1636 1240; x_wconf 88' lang='lat' dir='ltr'><strong>ac</strong></span> <span class='ocrx_word' id='word_1_63' title='bbox 1662 1185 1958 1256; x_wconf 77' lang='lat' dir='ltr'><strong>diligentia.</strong></span> 
     </span>
    </p>
   </div>
   <div class='ocr_carea' id='block_1_10' title="bbox 379 1272 1961 1348">
    <p class='ocr_par' dir='ltr' id='par_1_10' title="bbox 379 1272 1961 1348">
     <span class='ocr_line' id='line_1_10' title="bbox 379 1272 1961 1348; baseline 0 -18"><span class='ocrx_word' id='word_1_64' title='bbox 379 1272 509 1331; x_wconf 81' lang='lat' dir='ltr'><strong>Nam</strong></span> <span class='ocrx_word' id='word_1_65' title='bbox 541 1276 677 1330; x_wconf 91' lang='lat' dir='ltr'><strong>sicut</strong></span> <span class='ocrx_word' id='word_1_66' title='bbox 703 1277 789 1345; x_wconf 91' lang='lat' dir='ltr'><strong>qui</strong></span> <span class='ocrx_word' id='word_1_67' title='bbox 818 1284 901 1331; x_wconf 89' lang='lat' dir='ltr'><strong>est</strong></span> <span class='ocrx_word' id='word_1_68' title='bbox 926 1276 1080 1331; x_wconf 85' lang='lat' dir='ltr'><strong>dives</strong></span> <span class='ocrx_word' id='word_1_69' title='bbox 1108 1276 1162 1330; x_wconf 91' lang='lat' dir='ltr'><strong>in</strong></span> <span class='ocrx_word' id='word_1_70' title='bbox 1192 1277 1456 1347; x_wconf 84' lang='lat' dir='ltr'><strong>pecuniis.</strong></span> <span class='ocrx_word' id='word_1_71' title='bbox 1488 1276 1630 1332; x_wconf 89' lang='lat' dir='ltr'><strong>ferre</strong></span> <span class='ocrx_word' id='word_1_72' title='bbox 1655 1288 1835 1348; x_wconf 86' lang='lat' dir='ltr'><strong>potest</strong></span> <span class='ocrx_word' id='word_1_73' title='bbox 1861 1278 1961 1333; x_wconf 88' lang='lat' dir='ltr'><strong>da-</strong></span> 
     </span>
    </p>
   </div>
   <div class='ocr_carea' id='block_1_11' title="bbox 379 1367 1960 1438">
    <p class='ocr_par' dir='ltr' id='par_1_11' title="bbox 379 1367 1960 1438">
     <span class='ocr_line' id='line_1_11' title="bbox 379 1367 1960 1438; baseline 0.003 -16"><span class='ocrx_word' id='word_1_74' title='bbox 379 1382 561 1422; x_wconf 89' lang='lat' dir='ltr'><strong>tnntlm</strong></span> <span class='ocrx_word' id='word_1_75' title='bbox 585 1376 641 1421; x_wconf 90' lang='lat' dir='ltr'><strong>et</strong></span> <span class='ocrx_word' id='word_1_76' title='bbox 658 1367 1160 1422; x_wconf 85' lang='lat' dir='ltr'><strong>condemnationem</strong></span> <span class='ocrx_word' id='word_1_77' title='bbox 1185 1384 1201 1421; x_wconf 90' lang='lat'><strong>:</strong></span> <span class='ocrx_word' id='word_1_78' title='bbox 1234 1368 1305 1421; x_wconf 90' lang='lat' dir='ltr'><strong>ita</strong></span> <span class='ocrx_word' id='word_1_79' title='bbox 1327 1368 1487 1423; x_wconf 90' lang='lat' dir='ltr'><strong>etiam</strong></span> <span class='ocrx_word' id='word_1_80' title='bbox 1513 1368 1602 1438; x_wconf 92' lang='lat' dir='ltr'><strong>qui</strong></span> <span class='ocrx_word' id='word_1_81' title='bbox 1628 1379 1711 1423; x_wconf 90' lang='lat' dir='ltr'><strong>est</strong></span> <span class='ocrx_word' id='word_1_82' title='bbox 1737 1369 1886 1425; x_wconf 88' lang='lat' dir='ltr'><strong>dives</strong></span> <span class='ocrx_word' id='word_1_83' title='bbox 1908 1370 1960 1426; x_wconf 91' lang='lat' dir='ltr'><strong>in</strong></span> 
     </span>
    </p>
   </div>
   <div class='ocr_carea' id='block_1_12' title="bbox 376 1457 1962 1532">
    <p class='ocr_par' dir='ltr' id='par_1_12' title="bbox 376 1457 1962 1532">
     <span class='ocr_line' id='line_1_12' title="bbox 376 1457 1962 1532; baseline 0.004 -21"><span class='ocrx_word' id='word_1_84' title='bbox 376 1458 711 1528; x_wconf 85' lang='lat' dir='ltr'><strong>dogmatibus</strong></span> <span class='ocrx_word' id='word_1_85' title='bbox 740 1459 1110 1528; x_wconf 65' lang='lat' dir='ltr'><strong>philosophiat,</strong></span> <span class='ocrx_word' id='word_1_86' title='bbox 1145 1459 1297 1514; x_wconf 89' lang='lat' dir='ltr'><strong>facile</strong></span> <span class='ocrx_word' id='word_1_87' title='bbox 1324 1457 1466 1515; x_wconf 88' lang='lat' dir='ltr'><strong>ferre</strong></span> <span class='ocrx_word' id='word_1_88' title='bbox 1500 1469 1689 1532; x_wconf 79' lang='lat' dir='ltr'><strong>potest</strong></span> <span class='ocrx_word' id='word_1_89' title='bbox 1718 1477 1825 1516; x_wconf 89' lang='lat' dir='ltr'><strong>non</strong></span> <span class='ocrx_word' id='word_1_90' title='bbox 1871 1477 1962 1519; x_wconf 89' lang='lat' dir='ltr'><strong>so-</strong></span> 
     </span>
    </p>
   </div>
   <div class='ocr_carea' id='block_1_13' title="bbox 378 1549 1957 1618">
    <p class='ocr_par' dir='ltr' id='par_1_13' title="bbox 378 1549 1957 1618">
     <span class='ocr_line' id='line_1_13' title="bbox 378 1549 1957 1618; baseline 0.003 -16"><span class='ocrx_word' id='word_1_91' title='bbox 378 1549 485 1602; x_wconf 90' lang='lat' dir='ltr'><strong>lntn</strong></span> <span class='ocrx_word' id='word_1_92' title='bbox 518 1560 904 1618; x_wconf 81' lang='lat' dir='ltr'><strong>paupertatem,</strong></span> <span class='ocrx_word' id='word_1_93' title='bbox 936 1551 1030 1604; x_wconf 86' lang='lat' dir='ltr'><strong>sed</strong></span> <span class='ocrx_word' id='word_1_94' title='bbox 1060 1552 1219 1605; x_wconf 88' lang='lat' dir='ltr'><strong>etiam</strong></span> <span class='ocrx_word' id='word_1_95' title='bbox 1248 1551 1382 1605; x_wconf 88' lang='lat' dir='ltr'><strong>alias</strong></span> <span class='ocrx_word' id='word_1_96' title='bbox 1415 1552 1770 1618; x_wconf 85' lang='lat' dir='ltr'><strong>calamitates,</strong></span> <span class='ocrx_word' id='word_1_97' title='bbox 1797 1553 1957 1608; x_wconf 87' lang='lat' dir='ltr'><strong>etiam</strong></span> 
     </span>
    </p>
   </div>
   <div class='ocr_carea' id='block_1_14' title="bbox 376 1640 1957 1711">
    <p class='ocr_par' dir='ltr' id='par_1_14' title="bbox 376 1640 1957 1711">
     <span class='ocr_line' id='line_1_14' title="bbox 376 1640 1957 1711; baseline 0.002 -17"><span class='ocrx_word' id='word_1_98' title='bbox 376 1640 466 1694; x_wconf 85' lang='lat' dir='ltr'><strong>illo</strong></span> <span class='ocrx_word' id='word_1_99' title='bbox 497 1640 720 1695; x_wconf 73' lang='lat' dir='ltr'><strong>facilius.</strong></span> <span class='ocrx_word' id='word_1_100' title='bbox 751 1640 880 1695; x_wconf 84' lang='lat' dir='ltr'><strong>Nam</strong></span> <span class='ocrx_word' id='word_1_101' title='bbox 912 1642 1015 1695; x_wconf 92' lang='lat' dir='ltr'><strong>illic</strong></span> <span class='ocrx_word' id='word_1_102' title='bbox 1044 1640 1258 1711; x_wconf 87' lang='lat' dir='ltr'><strong>quidem</strong></span> <span class='ocrx_word' id='word_1_103' title='bbox 1287 1640 1412 1695; x_wconf 89' lang='lat' dir='ltr'><strong>dum</strong></span> <span class='ocrx_word' id='word_1_104' title='bbox 1439 1641 1693 1696; x_wconf 89' lang='lat' dir='ltr'><strong>damnum</strong></span> <span class='ocrx_word' id='word_1_105' title='bbox 1724 1644 1957 1698; x_wconf 89' lang='lat' dir='ltr'><strong>exsolvi-</strong></span> 
     </span>
    </p>
   </div>
   <div class='ocr_carea' id='block_1_15' title="bbox 380 1733 1959 1804">
    <p class='ocr_par' dir='ltr' id='par_1_15' title="bbox 380 1733 1959 1804">
     <span class='ocr_line' id='line_1_15' title="bbox 380 1733 1959 1804; baseline 0.003 -17"><span class='ocrx_word' id='word_1_106' title='bbox 380 1744 485 1799; x_wconf 87' lang='lat' dir='ltr'><strong>tur,</strong></span> <span class='ocrx_word' id='word_1_107' title='bbox 532 1748 752 1788; x_wconf 87' lang='lat' dir='ltr'><strong>necesse</strong></span> <span class='ocrx_word' id='word_1_108' title='bbox 789 1743 873 1788; x_wconf 87' lang='lat' dir='ltr'><strong>est</strong></span> <span class='ocrx_word' id='word_1_109' title='bbox 911 1736 1080 1804; x_wconf 89' lang='lat' dir='ltr'><strong>utqui</strong></span> <span class='ocrx_word' id='word_1_110' title='bbox 1110 1743 1194 1789; x_wconf 73' lang='lat' dir='ltr'><strong>est</strong></span> <span class='ocrx_word' id='word_1_111' title='bbox 1221 1733 1370 1788; x_wconf 79' lang='lat' dir='ltr'><strong>divos</strong></span> <span class='ocrx_word' id='word_1_112' title='bbox 1399 1734 1777 1789; x_wconf 85' lang='lat' dir='ltr'><strong>detrimentum</strong></span> <span class='ocrx_word' id='word_1_113' title='bbox 1818 1738 1959 1791; x_wconf 89' lang='lat' dir='ltr'><strong>acci-</strong></span> 
     </span>
    </p>
   </div>
   <div class='ocr_carea' id='block_1_16' title="bbox 377 1825 1956 1896">
    <p class='ocr_par' dir='ltr' id='par_1_16' title="bbox 377 1825 1956 1896">
     <span class='ocr_line' id='line_1_16' title="bbox 377 1825 1956 1896; baseline 0.003 -18"><span class='ocrx_word' id='word_1_114' title='bbox 377 1828 489 1896; x_wconf 81' lang='lat' dir='ltr'><strong>piat</strong></span> <span class='ocrx_word' id='word_1_115' title='bbox 530 1835 584 1896; x_wconf 78' lang='lat' dir='ltr'><strong>et</strong></span> <span class='ocrx_word' id='word_1_116' title='bbox 621 1834 908 1894; x_wconf 84' lang='lat' dir='ltr'><strong>arguatur;</strong></span> <span class='ocrx_word' id='word_1_117' title='bbox 956 1834 1011 1881; x_wconf 90' lang='lat' dir='ltr'><strong>et</strong></span> <span class='ocrx_word' id='word_1_118' title='bbox 1052 1825 1097 1880; x_wconf 90' lang='lat' dir='ltr'><strong>si</strong></span> <span class='ocrx_word' id='word_1_119' title='bbox 1128 1825 1232 1879; x_wconf 88' lang='lat' dir='ltr'><strong>hoc</strong></span> <span class='ocrx_word' id='word_1_120' title='bbox 1271 1825 1321 1881; x_wconf 92' lang='lat' dir='ltr'><strong>ei</strong></span> <span class='ocrx_word' id='word_1_121' title='bbox 1352 1840 1496 1894; x_wconf 70' lang='lat' dir='ltr'><strong>saepe</strong></span> <span class='ocrx_word' id='word_1_122' title='bbox 1543 1826 1819 1893; x_wconf 87' lang='lat' dir='ltr'><strong>acciderit,</strong></span> <span class='ocrx_word' id='word_1_123' title='bbox 1848 1842 1956 1883; x_wconf 83' lang='lat' dir='ltr'><strong>non</strong></span> 
     </span>
    </p>
   </div>
   <div class='ocr_carea' id='block_1_17' title="bbox 375 1893 1949 1990">
    <p class='ocr_par' dir='ltr' id='par_1_17' title="bbox 375 1893 1949 1990">
     <span class='ocr_line' id='line_1_17' title="bbox 375 1893 1949 1990; baseline 0 -16"><span class='ocrx_word' id='word_1_124' title='bbox 375 1893 571 1990; x_wconf 74' lang='lat' dir='ltr'><strong>poterii</strong></span> <span class='ocrx_word' id='word_1_125' title='bbox 592 1920 821 1989; x_wconf 85' lang='lat' dir='ltr'><strong>amplius</strong></span> <span class='ocrx_word' id='word_1_126' title='bbox 848 1918 988 1975; x_wconf 85' lang='lat' dir='ltr'><strong>ferre</strong></span> <span class='ocrx_word' id='word_1_127' title='bbox 1016 1936 1029 1971; x_wconf 95' lang='lat'>:</span> <span class='ocrx_word' id='word_1_128' title='bbox 1062 1919 1149 1973; x_wconf 89' lang='lat' dir='ltr'><strong>hic</strong></span> <span class='ocrx_word' id='word_1_129' title='bbox 1183 1926 1363 1973; x_wconf 85' lang='lat' dir='ltr'><strong>autem</strong></span> <span class='ocrx_word' id='word_1_130' title='bbox 1390 1933 1498 1972; x_wconf 91' lang='lat' dir='ltr'><strong>non</strong></span> <span class='ocrx_word' id='word_1_131' title='bbox 1527 1919 1641 1983; x_wconf 90' lang='lat' dir='ltr'><strong>sic;</strong></span> <span class='ocrx_word' id='word_1_132' title='bbox 1668 1933 1775 1973; x_wconf 90' lang='lat' dir='ltr'><strong>non</strong></span> <span class='ocrx_word' id='word_1_133' title='bbox 1808 1919 1949 1974; x_wconf 87' lang='lat' dir='ltr'><strong>enim</strong></span> 
     </span>
    </p>
   </div>
   <div class='ocr_carea' id='block_1_18' title="bbox 374 2010 1953 2081">
    <p class='ocr_par' dir='ltr' id='par_1_18' title="bbox 374 2010 1953 2081">
     <span class='ocr_line' id='line_1_18' title="bbox 374 2010 1953 2081; baseline 0 -14"><span class='ocrx_word' id='word_1_134' title='bbox 374 2028 532 2067; x_wconf 85' lang='lat' dir='ltr'><strong>sanas</strong></span> <span class='ocrx_word' id='word_1_135' title='bbox 558 2021 612 2067; x_wconf 91' lang='lat' dir='ltr'><strong>et</strong></span> <span class='ocrx_word' id='word_1_136' title='bbox 637 2022 810 2067; x_wconf 87' lang='lat' dir='ltr'><strong>rectas</strong></span> <span class='ocrx_word' id='word_1_137' title='bbox 832 2012 1199 2067; x_wconf 89' lang='lat' dir='ltr'><strong>consumimus</strong></span> <span class='ocrx_word' id='word_1_138' title='bbox 1224 2010 1577 2081; x_wconf 77' lang='lat' dir='ltr'><strong>cogitationes</strong></span> <span class='ocrx_word' id='word_1_139' title='bbox 1605 2026 1668 2067; x_wconf 88' lang='lat' dir='ltr'><strong>ac</strong></span> <span class='ocrx_word' id='word_1_140' title='bbox 1696 2012 1953 2079; x_wconf 84' lang='lat' dir='ltr'><strong>rationes,</strong></span> 
     </span>
    </p>
   </div>
   <div class='ocr_carea' id='block_1_19' title="bbox 373 2102 1961 2174">
    <p class='ocr_par' dir='ltr' id='par_1_19' title="bbox 373 2102 1961 2174">
     <span class='ocr_line' id='line_1_19' title="bbox 373 2102 1961 2174; baseline -0.001 -14"><span class='ocrx_word' id='word_1_141' title='bbox 373 2119 493 2160; x_wconf 80' lang='lat' dir='ltr'><strong>cum</strong></span> <span class='ocrx_word' id='word_1_142' title='bbox 519 2105 657 2161; x_wconf 80' lang='lat' dir='ltr'><strong>ferre</strong></span> <span class='ocrx_word' id='word_1_143' title='bbox 682 2112 924 2174; x_wconf 86' lang='lat' dir='ltr'><strong>oporteat</strong></span> <span class='ocrx_word' id='word_1_144' title='bbox 950 2103 1147 2174; x_wconf 87' lang='lat' dir='ltr'><strong>aliquid</strong></span> <span class='ocrx_word' id='word_1_145' title='bbox 1170 2103 1309 2173; x_wconf 89' lang='lat' dir='ltr'><strong>quod</strong></span> <span class='ocrx_word' id='word_1_146' title='bbox 1333 2104 1602 2168; x_wconf 90' lang='lat' dir='ltr'><strong>nolumus,</strong></span> <span class='ocrx_word' id='word_1_147' title='bbox 1622 2102 1719 2158; x_wconf 89' lang='lat' dir='ltr'><strong>sed</strong></span> <span class='ocrx_word' id='word_1_148' title='bbox 1739 2113 1961 2159; x_wconf 77' lang='lat' dir='ltr'><strong>manent</strong></span> 
     </span>
    </p>
   </div>
   <div class='ocr_carea' id='block_1_20' title="bbox 374 2195 1951 2266">
    <p class='ocr_par' dir='ltr' id='par_1_20' title="bbox 374 2195 1951 2266">
     <span class='ocr_line' id='line_1_20' title="bbox 374 2195 1951 2266; baseline 0.003 -19"><span class='ocrx_word' id='word_1_149' title='bbox 374 2207 651 2266; x_wconf 83' lang='lat' dir='ltr'><strong>perpetuo.</strong></span> <span class='ocrx_word' id='word_1_150' title='bbox 688 2196 815 2251; x_wconf 86' lang='lat' dir='ltr'><strong>Vide</strong></span> <span class='ocrx_word' id='word_1_151' title='bbox 844 2204 1023 2250; x_wconf 88' lang='lat' dir='ltr'><strong>autem</strong></span> <span class='ocrx_word' id='word_1_152' title='bbox 1065 2195 1223 2265; x_wconf 83' lang='lat' dir='ltr'><strong>hujus</strong></span> <span class='ocrx_word' id='word_1_153' title='bbox 1266 2195 1406 2250; x_wconf 84' lang='lat' dir='ltr'><strong>beati</strong></span> <span class='ocrx_word' id='word_1_154' title='bbox 1434 2196 1792 2266; x_wconf 86' lang='lat' dir='ltr'><strong>prudentiam.</strong></span> <span class='ocrx_word' id='word_1_155' title='bbox 1836 2196 1951 2252; x_wconf 88' lang='lat' dir='ltr'><strong>Non</strong></span> 
     </span>
    </p>
   </div>
   <div class='ocr_carea' id='block_1_21' title="bbox 371 2286 1953 2354">
    <p class='ocr_par' dir='ltr' id='par_1_21' title="bbox 371 2286 1953 2354">
     <span class='ocr_line' id='line_1_21' title="bbox 371 2286 1953 2354; baseline 0.001 -12"><span class='ocrx_word' id='word_1_156' title='bbox 371 2289 526 2354; x_wconf 85' lang='lat' dir='ltr'><strong>dixit,</strong></span> <span class='ocrx_word' id='word_1_157' title='bbox 570 2288 799 2343; x_wconf 88' lang='lat' dir='ltr'><strong>Verbmn</strong></span> <span class='ocrx_word' id='word_1_158' title='bbox 825 2286 1025 2343; x_wconf 87' lang='lat' dir='ltr'><strong>Christi</strong></span> <span class='ocrx_word' id='word_1_159' title='bbox 1055 2288 1125 2341; x_wconf 91' lang='lat' dir='ltr'><strong>sit</strong></span> <span class='ocrx_word' id='word_1_160' title='bbox 1154 2287 1206 2341; x_wconf 91' lang='lat' dir='ltr'><strong>in</strong></span> <span class='ocrx_word' id='word_1_161' title='bbox 1233 2287 1405 2354; x_wconf 87' lang='lat' dir='ltr'><strong>vobis,</strong></span> <span class='ocrx_word' id='word_1_162' title='bbox 1451 2287 1787 2343; x_wconf 90' lang='lat' dir='ltr'><strong>solummodo</strong></span> <span class='ocrx_word' id='word_1_163' title='bbox 1812 2305 1833 2354; x_wconf 78' lang='lat'><strong>;</strong></span> <span class='ocrx_word' id='word_1_164' title='bbox 1858 2288 1953 2344; x_wconf 89' lang='lat' dir='ltr'><strong>sed</strong></span> 
     </span>
    </p>
   </div>
   <div class='ocr_carea' id='block_1_22' title="bbox 371 2379 1952 2451">
    <p class='ocr_par' dir='ltr' id='par_1_22' title="bbox 371 2379 1952 2451">
     <span class='ocr_line' id='line_1_22' title="bbox 371 2379 1952 2451; baseline -0.001 -14"><span class='ocrx_word' id='word_1_165' title='bbox 371 2383 537 2451; x_wconf 80' lang='lat' dir='ltr'><strong>quid?</strong></span> <span class='ocrx_word' id='word_1_166' title='bbox 583 2380 861 2445; x_wconf 82' lang='lat' dir='ltr'><strong>Inltabitet,</strong></span> <span class='ocrx_word' id='word_1_167' title='bbox 902 2390 979 2447; x_wconf 88' lang='lat' dir='ltr'><strong>et,</strong></span> <span class='ocrx_word' id='word_1_168' title='bbox 1009 2381 1337 2434; x_wconf 85' lang='lat' dir='ltr'><strong>Abundanter</strong></span> <span class='ocrx_word' id='word_1_169' title='bbox 1372 2396 1391 2434; x_wconf 91' lang='lat'><strong><em>:</em></strong></span> <span class='ocrx_word' id='word_1_170' title='bbox 1415 2379 1481 2435; x_wconf 85' lang='lat' dir='ltr'><strong>In</strong></span> <span class='ocrx_word' id='word_1_171' title='bbox 1523 2382 1661 2435; x_wconf 83' lang='lat' dir='ltr'><strong>omni</strong></span> <span class='ocrx_word' id='word_1_172' title='bbox 1700 2382 1952 2451; x_wconf 84' lang='lat' dir='ltr'><strong>sapientia</strong></span> 
     </span>
    </p>
   </div>
   <div class='ocr_carea' id='block_1_23' title="bbox 371 2471 1956 2543">
    <p class='ocr_par' dir='ltr' id='par_1_23' title="bbox 371 2471 1956 2543">
     <span class='ocr_line' id='line_1_23' title="bbox 371 2471 1956 2543; baseline 0 -15"><span class='ocrx_word' id='word_1_173' title='bbox 371 2476 602 2529; x_wconf 74' lang='lat' dir='ltr'><strong>docentes</strong></span> <span class='ocrx_word' id='word_1_174' title='bbox 644 2482 694 2528; x_wconf 89' lang='lat' dir='ltr'><strong>et</strong></span> <span class='ocrx_word' id='word_1_175' title='bbox 732 2484 1103 2528; x_wconf 84' lang='lat' dir='ltr'><strong>commonentes</strong></span> <span class='ocrx_word' id='word_1_176' title='bbox 1145 2472 1493 2543; x_wconf 73' lang='lat' dir='ltr'><strong>vosmetipsos.</strong></span> <span class='ocrx_word' id='word_1_177' title='bbox 1523 2471 1786 2527; x_wconf 80' lang='lat' dir='ltr'><strong>Virtutem</strong></span> <span class='ocrx_word' id='word_1_178' title='bbox 1823 2472 1956 2528; x_wconf 86' lang='lat' dir='ltr'><strong>dicit</strong></span> 
     </span>
    </p>
   </div>
   <div class='ocr_carea' id='block_1_24' title="bbox 370 2563 1949 2635">
    <p class='ocr_par' dir='ltr' id='par_1_24' title="bbox 370 2563 1949 2635">
     <span class='ocr_line' id='line_1_24' title="bbox 370 2563 1949 2635; baseline -0.001 -14"><span class='ocrx_word' id='word_1_179' title='bbox 370 2567 720 2635; x_wconf 76' lang='lat' dir='ltr'><strong>sapientiam;</strong></span> <span class='ocrx_word' id='word_1_180' title='bbox 750 2575 805 2620; x_wconf 89' lang='lat' dir='ltr'><strong>et</strong></span> <span class='ocrx_word' id='word_1_181' title='bbox 830 2565 1023 2620; x_wconf 91' lang='lat' dir='ltr'><strong>merito</strong></span> <span class='ocrx_word' id='word_1_182' title='bbox 1051 2583 1065 2619; x_wconf 92' lang='lat'><strong>:</strong></span> <span class='ocrx_word' id='word_1_183' title='bbox 1091 2563 1363 2618; x_wconf 86' lang='lat' dir='ltr'><strong>humilitas</strong></span> <span class='ocrx_word' id='word_1_184' title='bbox 1388 2564 1529 2619; x_wconf 90' lang='lat' dir='ltr'><strong>enim</strong></span> <span class='ocrx_word' id='word_1_185' title='bbox 1558 2574 1639 2619; x_wconf 89' lang='lat' dir='ltr'><strong>est</strong></span> <span class='ocrx_word' id='word_1_186' title='bbox 1666 2565 1949 2635; x_wconf 87' lang='lat' dir='ltr'><strong>sapientia,</strong></span> 
     </span>
    </p>
   </div>
   <div class='ocr_carea' id='block_1_25' title="bbox 373 2654 1954 2727">
    <p class='ocr_par' dir='ltr' id='par_1_25' title="bbox 373 2654 1954 2727">
     <span class='ocr_line' id='line_1_25' title="bbox 373 2654 1954 2727; baseline -0.001 -15"><span class='ocrx_word' id='word_1_187' title='bbox 373 2660 608 2727; x_wconf 85' lang='lat' dir='ltr'><strong>itemque</strong></span> <span class='ocrx_word' id='word_1_188' title='bbox 635 2659 997 2727; x_wconf 83' lang='lat' dir='ltr'><strong>eleemosyna.</strong></span> <span class='ocrx_word' id='word_1_189' title='bbox 1029 2666 1086 2710; x_wconf 91' lang='lat' dir='ltr'><strong>et</strong></span> <span class='ocrx_word' id='word_1_190' title='bbox 1111 2670 1229 2725; x_wconf 68' lang='lat' dir='ltr'><strong>quae</strong></span> <span class='ocrx_word' id='word_1_191' title='bbox 1255 2663 1382 2709; x_wconf 90' lang='lat' dir='ltr'><strong>sunt</strong></span> <span class='ocrx_word' id='word_1_192' title='bbox 1412 2654 1719 2724; x_wconf 85' lang='lat' dir='ltr'><strong>hujusmodi</strong></span> <span class='ocrx_word' id='word_1_193' title='bbox 1750 2672 1766 2710; x_wconf 89' lang='lat'><strong>:</strong></span> <span class='ocrx_word' id='word_1_194' title='bbox 1801 2667 1857 2711; x_wconf 95' lang='lat' dir='ltr'><strong>ut</strong></span> <span class='ocrx_word' id='word_1_195' title='bbox 1898 2668 1954 2713; x_wconf 92' lang='lat' dir='ltr'><strong>et</strong></span> 
     </span>
    </p>
   </div>
   <div class='ocr_carea' id='block_1_26' title="bbox 368 2746 1950 2819">
    <p class='ocr_par' dir='ltr' id='par_1_26' title="bbox 368 2746 1950 2819">
     <span class='ocr_line' id='line_1_26' title="bbox 368 2746 1950 2819; baseline 0 -14"><span class='ocrx_word' id='word_1_196' title='bbox 368 2750 638 2805; x_wconf 80' lang='lat' dir='ltr'><strong>conn-aria</strong></span> <span class='ocrx_word' id='word_1_197' title='bbox 689 2757 814 2803; x_wconf 89' lang='lat' dir='ltr'><strong>sunt</strong></span> <span class='ocrx_word' id='word_1_198' title='bbox 855 2746 1194 2819; x_wconf 86' lang='lat' dir='ltr'><strong>insipientia;</strong></span> <span class='ocrx_word' id='word_1_199' title='bbox 1232 2756 1316 2804; x_wconf 91' lang='lat' dir='ltr'><strong>est</strong></span> <span class='ocrx_word' id='word_1_200' title='bbox 1358 2747 1503 2803; x_wconf 88' lang='lat' dir='ltr'><strong>enim</strong></span> <span class='ocrx_word' id='word_1_201' title='bbox 1551 2748 1845 2805; x_wconf 79' lang='lat' dir='ltr'><strong>crudelitas</strong></span> <span class='ocrx_word' id='word_1_202' title='bbox 1884 2764 1950 2806; x_wconf 89' lang='lat' dir='ltr'><strong>ex</strong></span> 
     </span>
    </p>
   </div>
   <div class='ocr_carea' id='block_1_27' title="bbox 368 2838 1949 2912">
    <p class='ocr_par' dir='ltr' id='par_1_27' title="bbox 368 2838 1949 2912">
     <span class='ocr_line' id='line_1_27' title="bbox 368 2838 1949 2912; baseline -0.001 -15"><span class='ocrx_word' id='word_1_203' title='bbox 368 2842 694 2912; x_wconf 76' lang='lat' dir='ltr'><strong>insipientia.</strong></span> <span class='ocrx_word' id='word_1_204' title='bbox 744 2838 897 2896; x_wconf 88' lang='lat' dir='ltr'><strong>Unde</strong></span> <span class='ocrx_word' id='word_1_205' title='bbox 934 2840 1120 2895; x_wconf 89' lang='lat' dir='ltr'><strong>multis</strong></span> <span class='ocrx_word' id='word_1_206' title='bbox 1170 2841 1224 2894; x_wconf 91' lang='lat' dir='ltr'><strong>in</strong></span> <span class='ocrx_word' id='word_1_207' title='bbox 1278 2840 1412 2895; x_wconf 86' lang='lat' dir='ltr'><strong>locis</strong></span> <span class='ocrx_word' id='word_1_208' title='bbox 1460 2855 1622 2895; x_wconf 91' lang='lat' dir='ltr'><strong>oume</strong></span> <span class='ocrx_word' id='word_1_209' title='bbox 1672 2852 1949 2911; x_wconf 89' lang='lat' dir='ltr'><strong>peccatum</strong></span> 
     </span>
    </p>
   </div>
   <div class='ocr_carea' id='block_1_28' title="bbox 369 2930 1951 3003">
    <p class='ocr_par' dir='ltr' id='par_1_28' title="bbox 369 2930 1951 3003">
     <span class='ocr_line' id='line_1_28' title="bbox 369 2930 1951 3003; baseline -0.001 -14"><span class='ocrx_word' id='word_1_210' title='bbox 369 2943 527 2990; x_wconf 80' lang='lat' dir='ltr'><strong>vocat</strong></span> <span class='ocrx_word' id='word_1_211' title='bbox 564 2932 923 3003; x_wconf 80' lang='lat' dir='ltr'><strong>insipientiam</strong></span> <span class='ocrx_word' id='word_1_212' title='bbox 951 2949 964 2985; x_wconf 77' lang='grc' dir='ltr'>ε</span> <span class='ocrx_word' id='word_1_213' title='bbox 995 2930 1138 2985; x_wconf 76' lang='lat' dir='ltr'><strong>Dixit</strong></span> <span class='ocrx_word' id='word_1_214' title='bbox 1179 2932 1346 2996; x_wconf 88' lang='lat' dir='ltr'><strong>enim,</strong></span> <span class='ocrx_word' id='word_1_215' title='bbox 1394 2931 1587 3001; x_wconf 87' lang='lat' dir='ltr'><strong>inquit,</strong></span> <span class='ocrx_word' id='word_1_216' title='bbox 1620 2932 1865 3003; x_wconf 81' lang='lat' dir='ltr'><strong>insipiens</strong></span> <span class='ocrx_word' id='word_1_217' title='bbox 1898 2935 1951 2987; x_wconf 89' lang='lat' dir='ltr'><strong>in</strong></span> 
     </span>
    </p>
   </div>
   <div class='ocr_carea' id='block_1_29' title="bbox 369 3023 1952 3091">
    <p class='ocr_par' dir='ltr' id='par_1_29' title="bbox 369 3023 1952 3091">
     <span class='ocr_line' id='line_1_29' title="bbox 369 3023 1952 3091; baseline -0.001 -9"><span class='ocrx_word' id='word_1_218' title='bbox 369 3030 521 3083; x_wconf 85' lang='lat' dir='ltr'><strong>corde</strong></span> <span class='ocrx_word' id='word_1_219' title='bbox 564 3044 674 3091; x_wconf 88' lang='lat' dir='ltr'><strong>suo,</strong></span> <span class='ocrx_word' id='word_1_220' title='bbox 720 3043 822 3080; x_wconf 89' lang='lat' dir='ltr'><strong>non</strong></span> <span class='ocrx_word' id='word_1_221' title='bbox 865 3036 938 3079; x_wconf 86' lang='lat' dir='ltr'><strong>est</strong></span> <span class='ocrx_word' id='word_1_222' title='bbox 981 3024 1159 3088; x_wconf 86' lang='lat' dir='ltr'><strong>Deus;</strong></span> <span class='ocrx_word' id='word_1_223' title='bbox 1203 3036 1259 3079; x_wconf 84' lang='lat' dir='ltr'><strong>et</strong></span> <span class='ocrx_word' id='word_1_224' title='bbox 1304 3041 1514 3091; x_wconf 87' lang='lat' dir='ltr'><strong>rursus,</strong></span> <span class='ocrx_word' id='word_1_225' title='bbox 1550 3023 1867 3079; x_wconf 83' lang='lat' dir='ltr'><strong>Putruerunt</strong></span> <span class='ocrx_word' id='word_1_226' title='bbox 1906 3037 1952 3080; x_wconf 88' lang='lat' dir='ltr'><strong>et</strong></span> 
     </span>
    </p>
   </div>
   <div class='ocr_carea' id='block_1_30' title="bbox 367 3116 1952 3185">
    <p class='ocr_par' dir='ltr' id='par_1_30' title="bbox 367 3116 1952 3185">
     <span class='ocr_line' id='line_1_30' title="bbox 367 3116 1952 3185; baseline -0.001 -11"><span class='ocrx_word' id='word_1_227' title='bbox 367 3130 620 3185; x_wconf 76' lang='lat' dir='ltr'><strong>corrupta:</strong></span> <span class='ocrx_word' id='word_1_228' title='bbox 646 3127 762 3172; x_wconf 86' lang='lat' dir='ltr'><strong>sunt</strong></span> <span class='ocrx_word' id='word_1_229' title='bbox 801 3116 1059 3170; x_wconf 81' lang='lat' dir='ltr'><strong>cicatrices</strong></span> <span class='ocrx_word' id='word_1_230' title='bbox 1088 3130 1212 3169; x_wconf 73' lang='lat' dir='ltr'><strong>mete</strong></span> <span class='ocrx_word' id='word_1_231' title='bbox 1251 3132 1285 3168; x_wconf 91' lang='lat' dir='ltr'><strong>a</strong></span> <span class='ocrx_word' id='word_1_232' title='bbox 1310 3117 1441 3185; x_wconf 81' lang='lat' dir='ltr'><strong>facie</strong></span> <span class='ocrx_word' id='word_1_233' title='bbox 1480 3117 1787 3185; x_wconf 68' lang='lat' dir='ltr'><strong>insipientia:</strong></span> <span class='ocrx_word' id='word_1_234' title='bbox 1827 3133 1952 3172; x_wconf 68' lang='lat' dir='ltr'><strong>metu</strong></span> 
     </span>
    </p>
   </div>
   <div class='ocr_carea' id='block_1_31' title="bbox 368 3208 1950 3289">
    <p class='ocr_par' dir='ltr' id='par_1_31' title="bbox 368 3208 1950 3289">
     <span class='ocr_line' id='line_1_31' title="bbox 368 3208 1950 3289; baseline -0.001 -23"><span class='ocrx_word' id='word_1_235' title='bbox 368 3214 541 3289; x_wconf 61' lang='grc' dir='ltr'><strong>(μιαί.</strong></span> <span class='ocrx_word' id='word_1_236' title='bbox 573 3214 661 3268; x_wconf 77' lang='grc'><strong>15.</strong></span> <span class='ocrx_word' id='word_1_237' title='bbox 697 3212 748 3264; x_wconf 84' lang='lat' dir='ltr'><strong>l.</strong></span> <span class='ocrx_word' id='word_1_238' title='bbox 773 3220 817 3263; x_wconf 88' lang='lat' dir='ltr'><strong>et</strong></span> <span class='ocrx_word' id='word_1_239' title='bbox 847 3210 936 3265; x_wconf 79' lang='lat'><strong>57.</strong></span> <span class='ocrx_word' id='word_1_240' title='bbox 965 3210 1042 3277; x_wconf 83' lang='lat'><strong>6).</strong></span> <span class='ocrx_word' id='word_1_241' title='bbox 1072 3208 1208 3275; x_wconf 84' lang='lat' dir='ltr'><strong>Quid</strong></span> <span class='ocrx_word' id='word_1_242' title='bbox 1239 3209 1401 3273; x_wconf 90' lang='lat' dir='ltr'><strong>enim,</strong></span> <span class='ocrx_word' id='word_1_243' title='bbox 1423 3212 1748 3279; x_wconf 79' lang='lat' dir='ltr'><strong>dic,qu:eso,</strong></span> <span class='ocrx_word' id='word_1_244' title='bbox 1776 3221 1857 3265; x_wconf 88' lang='lat' dir='ltr'><strong>est</strong></span> <span class='ocrx_word' id='word_1_245' title='bbox 1883 3225 1950 3264; x_wconf 90' lang='lat' dir='ltr'><strong>eo</strong></span> 
     </span>
    </p>
   </div>
   <div class='ocr_carea' id='block_1_32' title="bbox 368 3300 1951 3377">
    <p class='ocr_par' dir='ltr' id='par_1_32' title="bbox 368 3300 1951 3377">
     <span class='ocr_line' id='line_1_32' title="bbox 368 3300 1951 3377; baseline -0.006 -13"><span class='ocrx_word' id='word_1_246' title='bbox 368 3311 605 3374; x_wconf 83' lang='lat' dir='ltr'><strong>stultius,</strong></span> <span class='ocrx_word' id='word_1_247' title='bbox 632 3307 720 3377; x_wconf 88' lang='lat' dir='ltr'><strong>qui</strong></span> <span class='ocrx_word' id='word_1_248' title='bbox 751 3304 1085 3361; x_wconf 83' lang='lat' dir='ltr'><strong>vestimentis</strong></span> <span class='ocrx_word' id='word_1_249' title='bbox 1105 3302 1320 3373; x_wconf 86' lang='lat' dir='ltr'><strong>quidem</strong></span> <span class='ocrx_word' id='word_1_250' title='bbox 1349 3302 1596 3363; x_wconf 90' lang='lat' dir='ltr'><strong>vestitur,</strong></span> <span class='ocrx_word' id='word_1_251' title='bbox 1630 3300 1821 3356; x_wconf 80' lang='lat' dir='ltr'><strong>fratres</strong></span> <span class='ocrx_word' id='word_1_252' title='bbox 1855 3316 1951 3355; x_wconf 88' lang='lat' dir='ltr'><strong>au-</strong></span> 
     </span>
    </p>
   </div>
   <div class='ocr_carea' id='block_1_33' title="bbox 368 3391 1948 3467">
    <p class='ocr_par' dir='ltr' id='par_1_33' title="bbox 368 3391 1948 3467">
     <span class='ocr_line' id='line_1_33' title="bbox 368 3391 1948 3467; baseline -0.006 -12"><span class='ocrx_word' id='word_1_253' title='bbox 368 3411 475 3456; x_wconf 84' lang='lat' dir='ltr'><strong>tem</strong></span> <span class='ocrx_word' id='word_1_254' title='bbox 502 3414 628 3453; x_wconf 90' lang='lat' dir='ltr'><strong>suos</strong></span> <span class='ocrx_word' id='word_1_255' title='bbox 656 3397 883 3467; x_wconf 87' lang='lat' dir='ltr'><strong>despicit</strong></span> <span class='ocrx_word' id='word_1_256' title='bbox 910 3394 1116 3450; x_wconf 82' lang='lat' dir='ltr'><strong>nudos?</strong></span> <span class='ocrx_word' id='word_1_257' title='bbox 1146 3394 1233 3462; x_wconf 90' lang='lat' dir='ltr'><strong>qui</strong></span> <span class='ocrx_word' id='word_1_258' title='bbox 1262 3405 1423 3446; x_wconf 88' lang='lat' dir='ltr'><strong>canes</strong></span> <span class='ocrx_word' id='word_1_259' title='bbox 1464 3391 1679 3461; x_wconf 88' lang='lat' dir='ltr'><strong>quidem</strong></span> <span class='ocrx_word' id='word_1_260' title='bbox 1707 3392 1822 3457; x_wconf 85' lang='lat' dir='ltr'><strong>alit,</strong></span> <span class='ocrx_word' id='word_1_261' title='bbox 1854 3393 1948 3447; x_wconf 86' lang='lat' dir='ltr'><strong>Dei</strong></span> 
     </span>
    </p>
   </div>
   <div class='ocr_carea' id='block_1_34' title="bbox 367 3483 1952 3560">
    <p class='ocr_par' dir='ltr' id='par_1_34' title="bbox 367 3483 1952 3560">
     <span class='ocr_line' id='line_1_34' title="bbox 367 3483 1952 3560; baseline -0.008 -13"><span class='ocrx_word' id='word_1_262' title='bbox 367 3504 545 3549; x_wconf 66' lang='lat' dir='ltr'><strong>autem</strong></span> <span class='ocrx_word' id='word_1_263' title='bbox 568 3490 849 3560; x_wconf 82' lang='lat' dir='ltr'><strong>imaginem</strong></span> <span class='ocrx_word' id='word_1_264' title='bbox 873 3488 925 3542; x_wconf 90' lang='lat' dir='ltr'><strong>in</strong></span> <span class='ocrx_word' id='word_1_265' title='bbox 948 3487 1084 3540; x_wconf 88' lang='lat' dir='ltr'><strong>fame</strong></span> <span class='ocrx_word' id='word_1_266' title='bbox 1105 3483 1432 3540; x_wconf 85' lang='lat' dir='ltr'><strong>contemnit?</strong></span> <span class='ocrx_word' id='word_1_267' title='bbox 1452 3484 1536 3537; x_wconf 90' lang='lat' dir='ltr'><strong>cui</strong></span> <span class='ocrx_word' id='word_1_268' title='bbox 1566 3485 1719 3553; x_wconf 90' lang='lat' dir='ltr'><strong>plane</strong></span> <span class='ocrx_word' id='word_1_269' title='bbox 1739 3496 1819 3540; x_wconf 91' lang='lat' dir='ltr'><strong>est</strong></span> <span class='ocrx_word' id='word_1_270' title='bbox 1838 3500 1952 3555; x_wconf 83' lang='lat' dir='ltr'><strong>per.</strong></span> 
     </span>
    </p>
   </div>
   <div class='ocr_carea' id='block_1_35' title="bbox 367 3576 1951 3643">
    <p class='ocr_par' dir='ltr' id='par_1_35' title="bbox 367 3576 1951 3643">
     <span class='ocr_line' id='line_1_35' title="bbox 367 3576 1951 3643; baseline -0.006 -2"><span class='ocrx_word' id='word_1_271' title='bbox 367 3601 582 3642; x_wconf 79' lang='lat' dir='ltr'><strong>suasum</strong></span> <span class='ocrx_word' id='word_1_272' title='bbox 602 3581 730 3636; x_wconf 80' lang='lat' dir='ltr'><strong>nihil</strong></span> <span class='ocrx_word' id='word_1_273' title='bbox 747 3595 867 3635; x_wconf 82' lang='lat' dir='ltr'><strong>esse</strong></span> <span class='ocrx_word' id='word_1_274' title='bbox 891 3594 973 3633; x_wconf 89' lang='lat' dir='ltr'><strong>res</strong></span> <span class='ocrx_word' id='word_1_275' title='bbox 1005 3578 1352 3639; x_wconf 85' lang='lat' dir='ltr'><strong>bumanas,et</strong></span> <span class='ocrx_word' id='word_1_276' title='bbox 1377 3576 1456 3631; x_wconf 91' lang='lat' dir='ltr'><strong>eis</strong></span> <span class='ocrx_word' id='word_1_277' title='bbox 1476 3584 1559 3630; x_wconf 87' lang='lat' dir='ltr'><strong>est</strong></span> <span class='ocrx_word' id='word_1_278' title='bbox 1582 3579 1951 3643; x_wconf 70' lang='lat' dir='ltr'><strong>aﬂixns,tam-</strong></span> 
     </span>
    </p>
   </div>
   <div class='ocr_carea' id='block_1_36' title="bbox 368 3664 1949 3750">
    <p class='ocr_par' dir='ltr' id='par_1_36' title="bbox 368 3664 1949 3750">
     <span class='ocr_line' id='line_1_36' title="bbox 368 3664 1949 3750; baseline -0.006 -17"><span class='ocrx_word' id='word_1_279' title='bbox 368 3693 528 3750; x_wconf 77' lang='lat' dir='ltr'><strong>quam</strong></span> <span class='ocrx_word' id='word_1_280' title='bbox 567 3681 675 3730; x_wconf 88' lang='lat' dir='ltr'><strong>sint</strong></span> <span class='ocrx_word' id='word_1_281' title='bbox 702 3664 1069 3728; x_wconf 81' lang='lat' dir='ltr'><strong>immortales?</strong></span> <span class='ocrx_word' id='word_1_282' title='bbox 1096 3669 1249 3725; x_wconf 86' lang='lat' dir='ltr'><strong>Sicut</strong></span> <span class='ocrx_word' id='word_1_283' title='bbox 1274 3684 1403 3740; x_wconf 81' lang='lat' dir='ltr'><strong>ergo</strong></span> <span class='ocrx_word' id='word_1_284' title='bbox 1441 3668 1572 3723; x_wconf 90' lang='lat' dir='ltr'><strong>nihil</strong></span> <span class='ocrx_word' id='word_1_285' title='bbox 1601 3677 1684 3723; x_wconf 90' lang='lat' dir='ltr'><strong>est</strong></span> <span class='ocrx_word' id='word_1_286' title='bbox 1714 3669 1804 3723; x_wconf 90' lang='lat' dir='ltr'><strong>tali</strong></span> <span class='ocrx_word' id='word_1_287' title='bbox 1836 3670 1949 3725; x_wconf 86' lang='lat' dir='ltr'><strong>viro</strong></span> 
     </span>
    </p>
   </div>
   <div class='ocr_carea' id='block_1_37' title="bbox 367 3763 1950 3840">
    <p class='ocr_par' dir='ltr' id='par_1_37' title="bbox 367 3763 1950 3840">
     <span class='ocr_line' id='line_1_37' title="bbox 367 3763 1950 3840; baseline -0.005 -12"><span class='ocrx_word' id='word_1_288' title='bbox 367 3770 727 3840; x_wconf 86' lang='lat' dir='ltr'><strong>insipientius,</strong></span> <span class='ocrx_word' id='word_1_289' title='bbox 743 3768 812 3822; x_wconf 89' lang='lat' dir='ltr'><strong>ita</strong></span> <span class='ocrx_word' id='word_1_290' title='bbox 828 3767 955 3821; x_wconf 91' lang='lat' dir='ltr'><strong>nihil</strong></span> <span class='ocrx_word' id='word_1_291' title='bbox 972 3774 1056 3820; x_wconf 91' lang='lat' dir='ltr'><strong>est</strong></span> <span class='ocrx_word' id='word_1_292' title='bbox 1074 3779 1142 3820; x_wconf 89' lang='lat' dir='ltr'><strong>eo</strong></span> <span class='ocrx_word' id='word_1_293' title='bbox 1154 3763 1448 3834; x_wconf 88' lang='lat' dir='ltr'><strong>sapientius</strong></span> <span class='ocrx_word' id='word_1_294' title='bbox 1468 3763 1558 3833; x_wconf 88' lang='lat' dir='ltr'><strong>qui</strong></span> <span class='ocrx_word' id='word_1_295' title='bbox 1583 3778 1650 3819; x_wconf 86' lang='lat' dir='ltr'><strong>ex</strong></span> <span class='ocrx_word' id='word_1_296' title='bbox 1676 3764 1869 3818; x_wconf 89' lang='lat' dir='ltr'><strong>virtute</strong></span> <span class='ocrx_word' id='word_1_297' title='bbox 1888 3779 1950 3820; x_wconf 88' lang='lat' dir='ltr'><strong>se</strong></span> 
     </span>
    </p>
   </div>
   <div class='ocr_carea' id='block_1_38' title="bbox 367 3856 1943 3932">
    <p class='ocr_par' dir='ltr' id='par_1_38' title="bbox 367 3856 1943 3932">
     <span class='ocr_line' id='line_1_38' title="bbox 367 3856 1943 3932; baseline -0.006 -12"><span class='ocrx_word' id='word_1_298' title='bbox 367 3875 512 3920; x_wconf 88' lang='lat' dir='ltr'><strong>recte</strong></span> <span class='ocrx_word' id='word_1_299' title='bbox 538 3863 695 3932; x_wconf 85' lang='lat' dir='ltr'><strong>gerit.</strong></span> <span class='ocrx_word' id='word_1_300' title='bbox 722 3859 853 3916; x_wconf 86' lang='lat' dir='ltr'><strong>Vide</strong></span> <span class='ocrx_word' id='word_1_301' title='bbox 879 3858 1042 3922; x_wconf 90' lang='lat' dir='ltr'><strong>enim,</strong></span> <span class='ocrx_word' id='word_1_302' title='bbox 1068 3857 1258 3926; x_wconf 87' lang='lat' dir='ltr'><strong>inquit,</strong></span> <span class='ocrx_word' id='word_1_303' title='bbox 1280 3856 1550 3927; x_wconf 87' lang='lat' dir='ltr'><strong>quomodo</strong></span> <span class='ocrx_word' id='word_1_304' title='bbox 1570 3856 1642 3912; x_wconf 90' lang='lat' dir='ltr'><strong>sit</strong></span> <span class='ocrx_word' id='word_1_305' title='bbox 1683 3856 1896 3926; x_wconf 84' lang='lat' dir='ltr'><strong>sapiens</strong></span> <span class='ocrx_word' id='word_1_306' title='bbox 1929 3875 1943 3911; x_wconf 89' lang='lat'><strong>:</strong></span> 
     </span>
    </p>
   </div>
   <div class='ocr_carea' id='block_1_39' title="bbox 367 3947 1945 4020">
    <p class='ocr_par' dir='ltr' id='par_1_39' title="bbox 367 3947 1945 4020">
     <span class='ocr_line' id='line_1_39' title="bbox 367 3947 1945 4020; baseline -0.007 -8"><span class='ocrx_word' id='word_1_307' title='bbox 367 3957 648 4013; x_wconf 76' lang='lat' dir='ltr'><strong>facultates</strong></span> <span class='ocrx_word' id='word_1_308' title='bbox 686 3966 809 4006; x_wconf 91' lang='lat' dir='ltr'><strong>suas</strong></span> <span class='ocrx_word' id='word_1_309' title='bbox 844 3950 1099 4020; x_wconf 77' lang='lat' dir='ltr'><strong>impertit,</strong></span> <span class='ocrx_word' id='word_1_310' title='bbox 1132 3957 1214 4003; x_wconf 88' lang='lat' dir='ltr'><strong>est</strong></span> <span class='ocrx_word' id='word_1_311' title='bbox 1246 3948 1555 4002; x_wconf 90' lang='lat' dir='ltr'><strong>misericors</strong></span> <span class='ocrx_word' id='word_1_312' title='bbox 1582 3956 1637 4003; x_wconf 90' lang='lat' dir='ltr'><strong>et</strong></span> <span class='ocrx_word' id='word_1_313' title='bbox 1664 3947 1945 4019; x_wconf 84' lang='lat' dir='ltr'><strong>benignus,</strong></span> 
     </span>
    </p>
   </div>
   <div class='ocr_carea' id='block_1_40' title="bbox 366 4042 1949 4120">
    <p class='ocr_par' dir='ltr' id='par_1_40' title="bbox 366 4042 1949 4120">
     <span class='ocr_line' id='line_1_40' title="bbox 366 4042 1949 4120; baseline -0.003 -17"><span class='ocrx_word' id='word_1_314' title='bbox 366 4049 582 4120; x_wconf 81' lang='lat' dir='ltr'><strong>agnovit</strong></span> <span class='ocrx_word' id='word_1_315' title='bbox 609 4060 948 4101; x_wconf 88' lang='lat' dir='ltr'><strong>communem</strong></span> <span class='ocrx_word' id='word_1_316' title='bbox 974 4057 1094 4097; x_wconf 88' lang='lat' dir='ltr'><strong>esse</strong></span> <span class='ocrx_word' id='word_1_317' title='bbox 1137 4051 1403 4106; x_wconf 88' lang='lat' dir='ltr'><strong>naturam,</strong></span> <span class='ocrx_word' id='word_1_318' title='bbox 1441 4042 1656 4112; x_wconf 83' lang='lat' dir='ltr'><strong>agnovit</strong></span> <span class='ocrx_word' id='word_1_319' title='bbox 1700 4057 1826 4097; x_wconf 90' lang='lat' dir='ltr'><strong>usus</strong></span> <span class='ocrx_word' id='word_1_320' title='bbox 1857 4058 1949 4112; x_wconf 90' lang='lat' dir='ltr'><strong>pe-</strong></span> 
     </span>
    </p>
   </div>
   <div class='ocr_carea' id='block_1_41' title="bbox 367 4132 1944 4204">
    <p class='ocr_par' dir='ltr' id='par_1_41' title="bbox 367 4132 1944 4204">
     <span class='ocr_line' id='line_1_41' title="bbox 367 4132 1944 4204; baseline -0.006 -9"><span class='ocrx_word' id='word_1_321' title='bbox 367 4141 540 4195; x_wconf 72' lang='lat' dir='ltr'><strong>cunizc</strong></span> <span class='ocrx_word' id='word_1_322' title='bbox 571 4138 769 4192; x_wconf 89' lang='lat' dir='ltr'><strong>nullam</strong></span> <span class='ocrx_word' id='word_1_323' title='bbox 810 4150 932 4191; x_wconf 87' lang='lat' dir='ltr'><strong>esse</strong></span> <span class='ocrx_word' id='word_1_324' title='bbox 968 4132 1265 4188; x_wconf 85' lang='lat' dir='ltr'><strong>habendam</strong></span> <span class='ocrx_word' id='word_1_325' title='bbox 1293 4133 1579 4200; x_wconf 82' lang='lat' dir='ltr'><strong>rationem,</strong></span> <span class='ocrx_word' id='word_1_326' title='bbox 1608 4134 1721 4190; x_wconf 88' lang='lat' dir='ltr'><strong>suis</strong></span> <span class='ocrx_word' id='word_1_327' title='bbox 1749 4150 1944 4204; x_wconf 87' lang='lat' dir='ltr'><strong>corpo-</strong></span> 
     </span>
    </p>
   </div>
   <div class='ocr_carea' id='block_1_42' title="bbox 367 4228 1943 4302">
    <p class='ocr_par' dir='ltr' id='par_1_42' title="bbox 367 4228 1943 4302">
     <span class='ocr_line' id='line_1_42' title="bbox 367 4228 1943 4302; baseline -0.004 -13"><span class='ocrx_word' id='word_1_328' title='bbox 367 4234 513 4291; x_wconf 87' lang='lat' dir='ltr'><strong>ribus</strong></span> <span class='ocrx_word' id='word_1_329' title='bbox 539 4231 706 4302; x_wconf 86' lang='lat' dir='ltr'><strong>magis</strong></span> <span class='ocrx_word' id='word_1_330' title='bbox 731 4244 857 4285; x_wconf 89' lang='lat' dir='ltr'><strong>esse</strong></span> <span class='ocrx_word' id='word_1_331' title='bbox 881 4230 1227 4299; x_wconf 85' lang='lat' dir='ltr'><strong>parcendum,</strong></span> <span class='ocrx_word' id='word_1_332' title='bbox 1256 4243 1415 4297; x_wconf 92' lang='lat' dir='ltr'><strong>quam</strong></span> <span class='ocrx_word' id='word_1_333' title='bbox 1447 4228 1706 4297; x_wconf 89' lang='lat' dir='ltr'><strong>pecuniis.</strong></span> <span class='ocrx_word' id='word_1_334' title='bbox 1739 4230 1943 4295; x_wconf 88' lang='lat' dir='ltr'><strong>Quam-</strong></span> 
     </span>
    </p>
   </div>
   <div class='ocr_carea' id='block_1_43' title="bbox 365 4321 1942 4394">
    <p class='ocr_par' dir='ltr' id='par_1_43' title="bbox 365 4321 1942 4394">
     <span class='ocr_line' id='line_1_43' title="bbox 365 4321 1942 4394; baseline -0.002 -14"><span class='ocrx_word' id='word_1_335' title='bbox 365 4329 553 4384; x_wconf 85' lang='lat' dir='ltr'><strong>obrem</strong></span> <span class='ocrx_word' id='word_1_336' title='bbox 582 4327 899 4394; x_wconf 88' lang='lat' dir='ltr'><strong>quicumque</strong></span> <span class='ocrx_word' id='word_1_337' title='bbox 922 4322 1143 4393; x_wconf 80' lang='lat' dir='ltr'><strong>gloriam</strong></span> <span class='ocrx_word' id='word_1_338' title='bbox 1170 4321 1415 4390; x_wconf 89' lang='lat' dir='ltr'><strong>despicit,</strong></span> <span class='ocrx_word' id='word_1_339' title='bbox 1446 4330 1530 4375; x_wconf 91' lang='lat' dir='ltr'><strong>est</strong></span> <span class='ocrx_word' id='word_1_340' title='bbox 1560 4321 1942 4392; x_wconf 83' lang='lat' dir='ltr'><strong>philosophus:</strong></span> 
     </span>
    </p>
   </div>
   <div class='ocr_carea' id='block_1_44' title="bbox 366 4412 1942 4478">
    <p class='ocr_par' dir='ltr' id='par_1_44' title="bbox 366 4412 1942 4478">
     <span class='ocr_line' id='line_1_44' title="bbox 366 4412 1942 4478; baseline -0.006 0"><span class='ocrx_word' id='word_1_341' title='bbox 366 4420 513 4478; x_wconf 83' lang='lat' dir='ltr'><strong>novit</strong></span> <span class='ocrx_word' id='word_1_342' title='bbox 539 4417 683 4473; x_wconf 90' lang='lat' dir='ltr'><strong>enim</strong></span> <span class='ocrx_word' id='word_1_343' title='bbox 723 4430 813 4470; x_wconf 89' lang='lat' dir='ltr'><strong>res</strong></span> <span class='ocrx_word' id='word_1_344' title='bbox 842 4414 1120 4469; x_wconf 90' lang='lat' dir='ltr'><strong>humanas.</strong></span> <span class='ocrx_word' id='word_1_345' title='bbox 1156 4413 1462 4467; x_wconf 85' lang='lat' dir='ltr'><strong>Divinarum</strong></span> <span class='ocrx_word' id='word_1_346' title='bbox 1507 4422 1561 4467; x_wconf 88' lang='lat' dir='ltr'><strong>et</strong></span> <span class='ocrx_word' id='word_1_347' title='bbox 1586 4412 1942 4469; x_wconf 88' lang='lat' dir='ltr'><strong>humanarum</strong></span> 
     </span>
    </p>
   </div>
   <div class='ocr_carea' id='block_1_45' title="bbox 366 4503 1944 4577">
    <p class='ocr_par' dir='ltr' id='par_1_45' title="bbox 366 4503 1944 4577">
     <span class='ocr_line' id='line_1_45' title="bbox 366 4503 1944 4577; baseline -0.003 -12"><span class='ocrx_word' id='word_1_348' title='bbox 366 4524 543 4570; x_wconf 86' lang='lat' dir='ltr'><strong>rerum</strong></span> <span class='ocrx_word' id='word_1_349' title='bbox 584 4506 822 4577; x_wconf 78' lang='lat' dir='ltr'><strong>cognitio</strong></span> <span class='ocrx_word' id='word_1_350' title='bbox 860 4513 949 4560; x_wconf 88' lang='lat' dir='ltr'><strong>est</strong></span> <span class='ocrx_word' id='word_1_351' title='bbox 974 4503 1331 4574; x_wconf 83' lang='lat' dir='ltr'><strong>philosophia.</strong></span> <span class='ocrx_word' id='word_1_352' title='bbox 1366 4504 1503 4574; x_wconf 82' lang='lat' dir='ltr'><strong>Ergo</strong></span> <span class='ocrx_word' id='word_1_353' title='bbox 1530 4505 1685 4558; x_wconf 91' lang='lat' dir='ltr'><strong>novit</strong></span> <span class='ocrx_word' id='word_1_354' title='bbox 1719 4505 1944 4574; x_wconf 90' lang='lat' dir='ltr'><strong>quidem</strong></span> 
     </span>
    </p>
   </div>
   <div class='ocr_carea' id='block_1_46' title="bbox 363 4595 1941 4673">
    <p class='ocr_par' dir='ltr' id='par_1_46' title="bbox 363 4595 1941 4673">
     <span class='ocr_line' id='line_1_46' title="bbox 363 4595 1941 4673; baseline -0.003 -17"><span class='ocrx_word' id='word_1_355' title='bbox 363 4617 481 4673; x_wconf 61' lang='lat' dir='ltr'><strong>quae</strong></span> <span class='ocrx_word' id='word_1_356' title='bbox 507 4599 615 4655; x_wconf 92' lang='lat' dir='ltr'><strong>sint</strong></span> <span class='ocrx_word' id='word_1_357' title='bbox 639 4613 727 4654; x_wconf 88' lang='lat' dir='ltr'><strong>res</strong></span> <span class='ocrx_word' id='word_1_358' title='bbox 750 4597 967 4662; x_wconf 68' lang='lat' dir='ltr'><strong>divinae,</strong></span> <span class='ocrx_word' id='word_1_359' title='bbox 998 4605 1052 4651; x_wconf 91' lang='lat' dir='ltr'><strong>et</strong></span> <span class='ocrx_word' id='word_1_360' title='bbox 1078 4610 1197 4666; x_wconf 72' lang='lat' dir='ltr'><strong>qua:</strong></span> <span class='ocrx_word' id='word_1_361' title='bbox 1224 4596 1473 4649; x_wconf 84' lang='lat' dir='ltr'><strong>humanae</strong></span> <span class='ocrx_word' id='word_1_362' title='bbox 1498 4611 1513 4659; x_wconf 89' lang='lat'><strong>;</strong></span> <span class='ocrx_word' id='word_1_363' title='bbox 1542 4604 1596 4650; x_wconf 91' lang='lat' dir='ltr'><strong>et</strong></span> <span class='ocrx_word' id='word_1_364' title='bbox 1622 4595 1690 4650; x_wconf 90' lang='lat' dir='ltr'><strong>ab</strong></span> <span class='ocrx_word' id='word_1_365' title='bbox 1717 4596 1799 4651; x_wconf 89' lang='lat' dir='ltr'><strong>bis</strong></span> <span class='ocrx_word' id='word_1_366' title='bbox 1817 4597 1941 4667; x_wconf 85' lang='lat' dir='ltr'><strong>qui-</strong></span> 
     </span>
    </p>
   </div>
   <div class='ocr_carea' id='block_1_47' title="bbox 363 4680 1943 4755">
    <p class='ocr_par' dir='ltr' id='par_1_47' title="bbox 363 4680 1943 4755">
     <span class='ocr_line' id='line_1_47' title="bbox 363 4680 1943 4755; baseline -0.002 -8"><span class='ocrx_word' id='word_1_367' title='bbox 363 4694 483 4747; x_wconf 87' lang='lat' dir='ltr'><strong>dem</strong></span> <span class='ocrx_word' id='word_1_368' title='bbox 517 4691 766 4753; x_wconf 88' lang='lat' dir='ltr'><strong>abstinet,</strong></span> <span class='ocrx_word' id='word_1_369' title='bbox 781 4689 896 4742; x_wconf 91' lang='lat' dir='ltr'><strong>illas</strong></span> <span class='ocrx_word' id='word_1_370' title='bbox 923 4702 1052 4742; x_wconf 87' lang='lat' dir='ltr'><strong>vero</strong></span> <span class='ocrx_word' id='word_1_371' title='bbox 1074 4699 1288 4742; x_wconf 80' lang='lat' dir='ltr'><strong>exercet</strong></span> <span class='ocrx_word' id='word_1_372' title='bbox 1308 4698 1364 4741; x_wconf 88' lang='lat' dir='ltr'><strong>et</strong></span> <span class='ocrx_word' id='word_1_373' title='bbox 1391 4698 1643 4755; x_wconf 86' lang='lat' dir='ltr'><strong>operatur</strong></span> <span class='ocrx_word' id='word_1_374' title='bbox 1675 4706 1690 4744; x_wconf 86' lang='lat'><strong>:</strong></span> <span class='ocrx_word' id='word_1_375' title='bbox 1722 4680 1943 4744; x_wconf 76' lang='lat' dir='ltr'><strong>scitan-</strong></span> 
     </span>
    </p>
   </div>
   <div class='ocr_carea' id='block_1_48' title="bbox 363 4781 1943 4854">
    <p class='ocr_par' dir='ltr' id='par_1_48' title="bbox 363 4781 1943 4854">
     <span class='ocr_line' id='line_1_48' title="bbox 363 4781 1943 4854; baseline -0.001 -14"><span class='ocrx_word' id='word_1_376' title='bbox 363 4796 469 4840; x_wconf 73' lang='lat' dir='ltr'><strong>tem</strong></span> <span class='ocrx_word' id='word_1_377' title='bbox 491 4785 651 4838; x_wconf 84' lang='lat' dir='ltr'><strong>etiam</strong></span> <span class='ocrx_word' id='word_1_378' title='bbox 670 4783 721 4835; x_wconf 92' lang='lat' dir='ltr'><strong>in</strong></span> <span class='ocrx_word' id='word_1_379' title='bbox 751 4782 997 4835; x_wconf 85' lang='lat' dir='ltr'><strong>omnibus</strong></span> <span class='ocrx_word' id='word_1_380' title='bbox 1028 4781 1137 4835; x_wconf 91' lang='lat' dir='ltr'><strong>Deo</strong></span> <span class='ocrx_word' id='word_1_381' title='bbox 1163 4796 1321 4850; x_wconf 83' lang='lat' dir='ltr'><strong>agere</strong></span> <span class='ocrx_word' id='word_1_382' title='bbox 1344 4781 1544 4850; x_wconf 81' lang='lat' dir='ltr'><strong>gratias</strong></span> <span class='ocrx_word' id='word_1_383' title='bbox 1570 4797 1586 4835; x_wconf 92' lang='lat'><strong>:</strong></span> <span class='ocrx_word' id='word_1_384' title='bbox 1612 4787 1772 4837; x_wconf 90' lang='lat' dir='ltr'><strong>vitam</strong></span> <span class='ocrx_word' id='word_1_385' title='bbox 1800 4799 1943 4854; x_wconf 74' lang='lat' dir='ltr'><strong>pra:-</strong></span> 
     </span>
    </p>
   </div>
   <div class='ocr_carea' id='block_1_49' title="bbox 361 4874 1943 4943">
    <p class='ocr_par' dir='ltr' id='par_1_49' title="bbox 361 4874 1943 4943">
     <span class='ocr_line' id='line_1_49' title="bbox 361 4874 1943 4943; baseline -0.002 -7"><span class='ocrx_word' id='word_1_386' title='bbox 361 4887 569 4936; x_wconf 75' lang='lat' dir='ltr'><strong>scntem</strong></span> <span class='ocrx_word' id='word_1_387' title='bbox 594 4875 722 4929; x_wconf 87' lang='lat' dir='ltr'><strong>nihil</strong></span> <span class='ocrx_word' id='word_1_388' title='bbox 743 4889 862 4929; x_wconf 89' lang='lat' dir='ltr'><strong>esse</strong></span> <span class='ocrx_word' id='word_1_389' title='bbox 887 4874 1476 4943; x_wconf 84' lang='lat' dir='ltr'><strong>existimat:propterea</strong></span> <span class='ocrx_word' id='word_1_390' title='bbox 1501 4890 1600 4929; x_wconf 91' lang='lat' dir='ltr'><strong>nec</strong></span> <span class='ocrx_word' id='word_1_391' title='bbox 1619 4876 1830 4931; x_wconf 67' lang='lat' dir='ltr'><strong>laetamur</strong></span> <span class='ocrx_word' id='word_1_392' title='bbox 1851 4893 1943 4933; x_wconf 80' lang='lat' dir='ltr'><strong>re-</strong></span> 
     </span>
    </p>
   </div>
   <div class='ocr_carea' id='block_1_50' title="bbox 363 4965 1939 5035">
    <p class='ocr_par' dir='ltr' id='par_1_50' title="bbox 363 4965 1939 5035">
     <span class='ocr_line' id='line_1_50' title="bbox 363 4965 1939 5035; baseline 0.001 -12"><span class='ocrx_word' id='word_1_393' title='bbox 363 4970 461 5023; x_wconf 80' lang='lat' dir='ltr'><strong>bus</strong></span> <span class='ocrx_word' id='word_1_394' title='bbox 480 4967 747 5029; x_wconf 87' lang='lat' dir='ltr'><strong>secundis.</strong></span> <span class='ocrx_word' id='word_1_395' title='bbox 769 4982 942 5035; x_wconf 90' lang='lat' dir='ltr'><strong>neque</strong></span> <span class='ocrx_word' id='word_1_396' title='bbox 965 4976 1181 5034; x_wconf 87' lang='lat' dir='ltr'><strong>propter</strong></span> <span class='ocrx_word' id='word_1_397' title='bbox 1205 4965 1458 5021; x_wconf 88' lang='lat' dir='ltr'><strong>adversas</strong></span> <span class='ocrx_word' id='word_1_398' title='bbox 1478 4966 1665 5021; x_wconf 91' lang='lat' dir='ltr'><strong>dolore</strong></span> <span class='ocrx_word' id='word_1_399' title='bbox 1691 4967 1939 5025; x_wconf 90' lang='lat' dir='ltr'><strong>afﬁcitur.</strong></span> 
     </span>
    </p>
   </div>
   <div class='ocr_carea' id='block_1_51' title="bbox 362 5056 1939 5129">
    <p class='ocr_par' dir='ltr' id='par_1_51' title="bbox 362 5056 1939 5129">
     <span class='ocr_line' id='line_1_51' title="bbox 362 5056 1939 5129; baseline -0.001 -14"><span class='ocrx_word' id='word_1_400' title='bbox 362 5059 544 5129; x_wconf 80' lang='lat' dir='ltr'><strong>Neque</strong></span> <span class='ocrx_word' id='word_1_401' title='bbox 568 5058 728 5112; x_wconf 91' lang='lat' dir='ltr'><strong>alium</strong></span> <span class='ocrx_word' id='word_1_402' title='bbox 752 5065 1029 5125; x_wconf 80' lang='lat' dir='ltr'><strong>exspectes</strong></span> <span class='ocrx_word' id='word_1_403' title='bbox 1050 5057 1324 5109; x_wconf 90' lang='lat' dir='ltr'><strong>doctorem</strong></span> <span class='ocrx_word' id='word_1_404' title='bbox 1350 5072 1365 5109; x_wconf 91' lang='lat'>:</span> <span class='ocrx_word' id='word_1_405' title='bbox 1396 5056 1562 5109; x_wconf 89' lang='lat' dir='ltr'><strong>habes</strong></span> <span class='ocrx_word' id='word_1_406' title='bbox 1586 5057 1674 5110; x_wconf 91' lang='lat' dir='ltr'><strong>Dei</strong></span> <span class='ocrx_word' id='word_1_407' title='bbox 1693 5058 1901 5127; x_wconf 85' lang='lat' dir='ltr'><strong>eloquia</strong></span> <span class='ocrx_word' id='word_1_408' title='bbox 1924 5079 1939 5115; x_wconf 92' lang='lat'><strong>:</strong></span> 
     </span>
    </p>
   </div>
   <div class='ocr_carea' id='block_1_52' title="bbox 363 5145 1941 5218">
    <p class='ocr_par' dir='ltr' id='par_1_52' title="bbox 363 5145 1941 5218">
     <span class='ocr_line' id='line_1_52' title="bbox 363 5145 1941 5218; baseline -0.001 -13"><span class='ocrx_word' id='word_1_409' title='bbox 363 5150 543 5205; x_wconf 84' lang='lat' dir='ltr'><strong>nullus</strong></span> <span class='ocrx_word' id='word_1_410' title='bbox 564 5160 616 5203; x_wconf 89' lang='lat' dir='ltr'><strong>te</strong></span> <span class='ocrx_word' id='word_1_411' title='bbox 631 5149 788 5203; x_wconf 86' lang='lat' dir='ltr'><strong>docet</strong></span> <span class='ocrx_word' id='word_1_412' title='bbox 810 5148 946 5200; x_wconf 87' lang='lat' dir='ltr'><strong>sicut</strong></span> <span class='ocrx_word' id='word_1_413' title='bbox 968 5147 1075 5200; x_wconf 89' lang='lat' dir='ltr'><strong>illa.</strong></span> <span class='ocrx_word' id='word_1_414' title='bbox 1095 5145 1225 5200; x_wconf 85' lang='lat' dir='ltr'><strong>Nam</strong></span> <span class='ocrx_word' id='word_1_415' title='bbox 1251 5148 1341 5202; x_wconf 90' lang='lat' dir='ltr'><strong>ille</strong></span> <span class='ocrx_word' id='word_1_416' title='bbox 1365 5147 1581 5216; x_wconf 85' lang='lat' dir='ltr'><strong>quidem</strong></span> <span class='ocrx_word' id='word_1_417' title='bbox 1612 5164 1754 5218; x_wconf 66' lang='lat' dir='ltr'><strong>saepe</strong></span> <span class='ocrx_word' id='word_1_418' title='bbox 1774 5164 1833 5204; x_wconf 90' lang='lat' dir='ltr'><strong>se</strong></span> <span class='ocrx_word' id='word_1_419' title='bbox 1853 5166 1941 5205; x_wconf 88' lang='lat' dir='ltr'><strong>oc-</strong></span> 
     </span>
    </p>
   </div>
   <div class='ocr_carea' id='block_1_53' title="bbox 363 5236 1945 5311">
    <p class='ocr_par' dir='ltr' id='par_1_53' title="bbox 363 5236 1945 5311">
     <span class='ocr_line' id='line_1_53' title="bbox 363 5236 1945 5311; baseline -0.001 -14"><span class='ocrx_word' id='word_1_420' title='bbox 363 5242 529 5297; x_wconf 83' lang='lat' dir='ltr'><strong>cultat</strong></span> <span class='ocrx_word' id='word_1_421' title='bbox 545 5248 761 5311; x_wconf 84' lang='lat' dir='ltr'><strong>propter</strong></span> <span class='ocrx_word' id='word_1_422' title='bbox 784 5253 971 5292; x_wconf 79' lang='lat' dir='ltr'><strong>vatiam</strong></span> <span class='ocrx_word' id='word_1_423' title='bbox 987 5236 1210 5307; x_wconf 85' lang='lat' dir='ltr'><strong>gloriam</strong></span> <span class='ocrx_word' id='word_1_424' title='bbox 1228 5246 1287 5291; x_wconf 87' lang='lat' dir='ltr'><strong>et</strong></span> <span class='ocrx_word' id='word_1_425' title='bbox 1305 5245 1525 5307; x_wconf 87' lang='lat' dir='ltr'><strong>propter</strong></span> <span class='ocrx_word' id='word_1_426' title='bbox 1540 5238 1813 5294; x_wconf 79' lang='lat' dir='ltr'><strong>invidiam.</strong></span> <span class='ocrx_word' id='word_1_427' title='bbox 1833 5242 1945 5296; x_wconf 78' lang='lat' dir='ltr'><strong>Au-</strong></span> 
     </span>
    </p>
   </div>
   <div class='ocr_carea' id='block_1_54' title="bbox 364 5331 1955 5403">
    <p class='ocr_par' dir='ltr' id='par_1_54' title="bbox 364 5331 1955 5403">
     <span class='ocr_line' id='line_1_54' title="bbox 364 5331 1955 5403; baseline 0.001 -15"><span class='ocrx_word' id='word_1_428' title='bbox 364 5336 495 5400; x_wconf 80' lang='lat' dir='ltr'><strong>dite,</strong></span> <span class='ocrx_word' id='word_1_429' title='bbox 510 5348 713 5403; x_wconf 65' lang='lat' dir='ltr'><strong>quaeso.</strong></span> <span class='ocrx_word' id='word_1_430' title='bbox 730 5347 826 5386; x_wconf 87' lang='lat' dir='ltr'><strong>vos</strong></span> <span class='ocrx_word' id='word_1_431' title='bbox 845 5346 1057 5396; x_wconf 89' lang='lat' dir='ltr'><strong>omnes,</strong></span> <span class='ocrx_word' id='word_1_432' title='bbox 1070 5331 1261 5400; x_wconf 90' lang='lat' dir='ltr'><strong>quibus</strong></span> <span class='ocrx_word' id='word_1_433' title='bbox 1282 5346 1425 5385; x_wconf 74' lang='lat' dir='ltr'><strong>cura:</strong></span> <span class='ocrx_word' id='word_1_434' title='bbox 1440 5342 1568 5386; x_wconf 89' lang='lat' dir='ltr'><strong>sunt</strong></span> <span class='ocrx_word' id='word_1_435' title='bbox 1579 5348 1698 5402; x_wconf 72' lang='lat' dir='ltr'><strong>qua:</strong></span> <span class='ocrx_word' id='word_1_436' title='bbox 1714 5335 1780 5388; x_wconf 87' lang='lat' dir='ltr'><strong>ad</strong></span> <span class='ocrx_word' id='word_1_437' title='bbox 1804 5333 1955 5390; x_wconf 82' lang='lat' dir='ltr'><strong>hane</strong></span> 
     </span>
    </p>
   </div>
   <div class='ocr_carea' id='block_1_55' title="bbox 362 5421 1955 5494">
    <p class='ocr_par' dir='ltr' id='par_1_55' title="bbox 362 5421 1955 5494">
     <span class='ocr_line' id='line_1_55' title="bbox 362 5421 1955 5494; baseline 0.001 -17"><span class='ocrx_word' id='word_1_438' title='bbox 362 5428 523 5478; x_wconf 84' lang='lat' dir='ltr'><strong>vitam</strong></span> <span class='ocrx_word' id='word_1_439' title='bbox 554 5424 842 5494; x_wconf 87' lang='lat' dir='ltr'><strong>pertinent,</strong></span> <span class='ocrx_word' id='word_1_440' title='bbox 870 5432 925 5476; x_wconf 87' lang='lat' dir='ltr'><strong>et</strong></span> <span class='ocrx_word' id='word_1_441' title='bbox 950 5429 1133 5491; x_wconf 87' lang='lat' dir='ltr'><strong>parate</strong></span> <span class='ocrx_word' id='word_1_442' title='bbox 1167 5421 1322 5475; x_wconf 82' lang='lat' dir='ltr'><strong>vobis</strong></span> <span class='ocrx_word' id='word_1_443' title='bbox 1346 5422 1513 5478; x_wconf 89' lang='lat' dir='ltr'><strong>libros</strong></span> <span class='ocrx_word' id='word_1_444' title='bbox 1550 5423 1955 5480; x_wconf 45' lang='lat' dir='ltr'><strong>medicamenta.</strong></span> 
     </span>
    </p>
   </div>
   <div class='ocr_carea' id='block_1_56' title="bbox 362 5512 1941 5578">
    <p class='ocr_par' dir='ltr' id='par_1_56' title="bbox 362 5512 1941 5578">
     <span class='ocr_line' id='line_1_56' title="bbox 362 5512 1941 5578; baseline 0 -8"><span class='ocrx_word' id='word_1_445' title='bbox 362 5518 575 5570; x_wconf 65' lang='lat' dir='ltr'><strong>animae.</strong></span> <span class='ocrx_word' id='word_1_446' title='bbox 600 5514 659 5570; x_wconf 88' lang='lat' dir='ltr'><strong>Si</strong></span> <span class='ocrx_word' id='word_1_447' title='bbox 688 5514 892 5567; x_wconf 88' lang='lat' dir='ltr'><strong>nullum</strong></span> <span class='ocrx_word' id='word_1_448' title='bbox 920 5513 1086 5567; x_wconf 88' lang='lat' dir='ltr'><strong>alium</strong></span> <span class='ocrx_word' id='word_1_449' title='bbox 1105 5512 1285 5578; x_wconf 83' lang='lat' dir='ltr'><strong>vultis,</strong></span> <span class='ocrx_word' id='word_1_450' title='bbox 1303 5512 1510 5567; x_wconf 88' lang='lat' dir='ltr'><strong>Novum</strong></span> <span class='ocrx_word' id='word_1_451' title='bbox 1539 5513 1941 5571; x_wconf 88' lang='lat' dir='ltr'><strong>Testamentum</strong></span> 
     </span>
    </p>
   </div>
   <div class='ocr_carea' id='block_1_57' title="bbox 363 5601 1944 5678">
    <p class='ocr_par' dir='ltr' id='par_1_57' title="bbox 363 5601 1944 5678">
     <span class='ocr_line' id='line_1_57' title="bbox 363 5601 1944 5678; baseline 0.001 -20"><span class='ocrx_word' id='word_1_452' title='bbox 363 5606 515 5658; x_wconf 79' lang='lat' dir='ltr'><strong>vobis</strong></span> <span class='ocrx_word' id='word_1_453' title='bbox 542 5615 747 5675; x_wconf 84' lang='lat' dir='ltr'><strong>parate,</strong></span> <span class='ocrx_word' id='word_1_454' title='bbox 776 5603 1142 5673; x_wconf 85' lang='lat' dir='ltr'><strong>apostolorum</strong></span> <span class='ocrx_word' id='word_1_455' title='bbox 1185 5603 1372 5664; x_wconf 74' lang='lat' dir='ltr'><strong>Actus.</strong></span> <span class='ocrx_word' id='word_1_456' title='bbox 1411 5601 1726 5674; x_wconf 84' lang='lat' dir='ltr'><strong>Evangelia,</strong></span> <span class='ocrx_word' id='word_1_457' title='bbox 1770 5609 1944 5678; x_wconf 87' lang='lat' dir='ltr'><strong>magi-</strong></span> 
     </span>
    </p>
   </div>
   <div class='ocr_carea' id='block_1_58' title="bbox 362 5693 1946 5766">
    <p class='ocr_par' dir='ltr' id='par_1_58' title="bbox 362 5693 1946 5766">
     <span class='ocr_line' id='line_1_58' title="bbox 362 5693 1946 5766; baseline 0.002 -15"><span class='ocrx_word' id='word_1_458' title='bbox 362 5709 506 5751; x_wconf 86' lang='lat' dir='ltr'><strong>stros</strong></span> <span class='ocrx_word' id='word_1_459' title='bbox 531 5704 837 5765; x_wconf 82' lang='lat' dir='ltr'><strong>perpetuos.</strong></span> <span class='ocrx_word' id='word_1_460' title='bbox 874 5694 930 5750; x_wconf 90' lang='lat' dir='ltr'><strong>Si</strong></span> <span class='ocrx_word' id='word_1_461' title='bbox 958 5693 1111 5748; x_wconf 86' lang='lat' dir='ltr'><strong>dolor</strong></span> <span class='ocrx_word' id='word_1_462' title='bbox 1139 5693 1413 5759; x_wconf 89' lang='lat' dir='ltr'><strong>acciderit,</strong></span> <span class='ocrx_word' id='word_1_463' title='bbox 1442 5704 1713 5766; x_wconf 87' lang='lat' dir='ltr'><strong>tamquam</strong></span> <span class='ocrx_word' id='word_1_464' title='bbox 1743 5699 1795 5752; x_wconf 91' lang='lat' dir='ltr'><strong>in</strong></span> <span class='ocrx_word' id='word_1_465' title='bbox 1826 5714 1946 5754; x_wconf 79' lang='lat' dir='ltr'><strong>me-</strong></span> 
     </span>
    </p>
   </div>
   <div class='ocr_carea' id='block_1_59' title="bbox 334 5767 1944 5857">
    <p class='ocr_par' dir='ltr' id='par_1_59' title="bbox 334 5767 1944 5857">
     <span class='ocr_line' id='line_1_59' title="bbox 334 5767 1944 5857; baseline 0.004 -14"><span class='ocrx_word' id='word_1_466' title='bbox 334 5767 785 5843; x_wconf 66' lang='lat' dir='ltr'><strong>idiminientornm</strong></span> <span class='ocrx_word' id='word_1_467' title='bbox 817 5786 1128 5857; x_wconf 87' lang='lat' dir='ltr'><strong>apothecam</strong></span> <span class='ocrx_word' id='word_1_468' title='bbox 1160 5787 1362 5856; x_wconf 79' lang='lat' dir='ltr'><strong>aSpice,</strong></span> <span class='ocrx_word' id='word_1_469' title='bbox 1409 5787 1557 5843; x_wconf 88' lang='lat' dir='ltr'><strong>illine</strong></span> <span class='ocrx_word' id='word_1_470' title='bbox 1596 5790 1722 5844; x_wconf 88' lang='lat' dir='ltr'><strong>mali</strong></span> <span class='ocrx_word' id='word_1_471' title='bbox 1761 5795 1944 5856; x_wconf 77' lang='lat' dir='ltr'><strong>accipe</strong></span> 
     </span>
    </p>
   </div>
   <div class='ocr_carea' id='block_1_60' title="bbox 367 5880 1944 5949">
    <p class='ocr_par' dir='ltr' id='par_1_60' title="bbox 367 5880 1944 5949">
     <span class='ocr_line' id='line_1_60' title="bbox 367 5880 1944 5949; baseline 0.001 -12"><span class='ocrx_word' id='word_1_472' title='bbox 367 5900 513 5937; x_wconf 53' lang='lat' dir='ltr'><strong>cotis.</strong></span> <span class='ocrx_word' id='word_1_473' title='bbox 538 5884 823 5944; x_wconf 78' lang='lat' dir='ltr'><strong>lationem;</strong></span> <span class='ocrx_word' id='word_1_474' title='bbox 849 5884 893 5937; x_wconf 88' lang='lat' dir='ltr'><strong>si</strong></span> <span class='ocrx_word' id='word_1_475' title='bbox 915 5883 1189 5949; x_wconf 86' lang='lat' dir='ltr'><strong>damnum,</strong></span> <span class='ocrx_word' id='word_1_476' title='bbox 1213 5880 1267 5935; x_wconf 81' lang='lat' dir='ltr'><strong>si</strong></span> <span class='ocrx_word' id='word_1_477' title='bbox 1285 5895 1453 5949; x_wconf 82' lang='lat' dir='ltr'><strong>mors,</strong></span> <span class='ocrx_word' id='word_1_478' title='bbox 1474 5882 1516 5935; x_wconf 90' lang='lat' dir='ltr'><strong>si</strong></span> <span class='ocrx_word' id='word_1_479' title='bbox 1548 5889 1755 5938; x_wconf 88' lang='lat' dir='ltr'><strong>tuorum</strong></span> <span class='ocrx_word' id='word_1_480' title='bbox 1784 5888 1944 5939; x_wconf 88' lang='lat' dir='ltr'><strong>amis-</strong></span> 
     </span>
    </p>
   </div>
   <div class='ocr_carea' id='block_1_61' title="bbox 1280 422 2770 498">
    <p class='ocr_par' dir='ltr' id='par_1_61' title="bbox 1280 422 2770 498">
     <span class='ocr_line' id='line_1_61' title="bbox 1280 422 2770 498; baseline 0.013 -20"><span class='ocrx_word' id='word_1_481' title='bbox 1280 423 1347 478; x_wconf 79' lang='grc' dir='ltr'><strong>ΙΝ</strong></span> <span class='ocrx_word' id='word_1_482' title='bbox 1386 422 1597 479; x_wconf 83' lang='lat' dir='ltr'><strong>EPIST.</strong></span> <span class='ocrx_word' id='word_1_483' title='bbox 1643 427 1729 479; x_wconf 75' lang='lat' dir='ltr'><strong>AD</strong></span> <span class='ocrx_word' id='word_1_484' title='bbox 1766 426 2043 484; x_wconf 70' lang='lat'><strong>(301.088.</strong></span> <span class='ocrx_word' id='word_1_485' title='bbox 2085 430 2237 487; x_wconf 75' lang='lat' dir='ltr'><strong>CAP.</strong></span> <span class='ocrx_word' id='word_1_486' title='bbox 2280 432 2378 488; x_wconf 84' lang='grc' dir='ltr'><strong>ΙΙΙ.’</strong></span> <span class='ocrx_word' id='word_1_487' title='bbox 2410 436 2635 492; x_wconf 70' lang='lat' dir='ltr'><strong>HOMIL.</strong></span> <span class='ocrx_word' id='word_1_488' title='bbox 2679 440 2770 498; x_wconf 72' lang='lat' dir='ltr'><strong>lx.</strong></span> 
     </span>
    </p>
   </div>
   <div class='ocr_carea' id='block_1_62' title="bbox 3554 459 3659 514">
    <p class='ocr_par' dir='ltr' id='par_1_62' title="bbox 3554 459 3659 514">
     <span class='ocr_line' id='line_1_62' title="bbox 3554 459 3659 514; baseline 0.019 -2"><span class='ocrx_word' id='word_1_489' title='bbox 3554 459 3659 514; x_wconf 76' lang='lat'><strong>562’.</strong></span> 
     </span>
    </p>
   </div>
   <div class='ocr_carea' id='block_1_63' title="bbox 2079 545 3660 642">
    <p class='ocr_par' dir='ltr' id='par_1_63' title="bbox 2079 545 3660 642">
     <span class='ocr_line' id='line_1_63' title="bbox 2079 545 3660 642; baseline 0.025 -46"><span class='ocrx_word' id='word_1_490' title='bbox 2079 545 2198 600; x_wconf 83' lang='lat' dir='ltr'><strong>sio;</strong></span> <span class='ocrx_word' id='word_1_491' title='bbox 2230 548 2337 599; x_wconf 87' lang='lat' dir='ltr'><strong>imo</strong></span> <span class='ocrx_word' id='word_1_492' title='bbox 2386 567 2513 604; x_wconf 81' lang='lat' dir='ltr'><strong>vero</strong></span> <span class='ocrx_word' id='word_1_493' title='bbox 2564 569 2668 607; x_wconf 90' lang='lat' dir='ltr'><strong>nou</strong></span> <span class='ocrx_word' id='word_1_494' title='bbox 2720 559 2920 627; x_wconf 81' lang='lat' dir='ltr'><strong>aspice,</strong></span> <span class='ocrx_word' id='word_1_495' title='bbox 2967 563 3061 617; x_wconf 80' lang='lat' dir='ltr'><strong>St‘d</strong></span> <span class='ocrx_word' id='word_1_496' title='bbox 3103 569 3278 622; x_wconf 87' lang='lat' dir='ltr'><strong>omnia</strong></span> <span class='ocrx_word' id='word_1_497' title='bbox 3334 575 3564 642; x_wconf 80' lang='lat' dir='ltr'><strong>suspice,</strong></span> <span class='ocrx_word' id='word_1_498' title='bbox 3605 590 3660 635; x_wconf 82' lang='lat' dir='ltr'><strong>ct</strong></span> 
     </span>
    </p>
   </div>
   <div class='ocr_carea' id='block_1_64' title="bbox 2076 640 3658 724">
    <p class='ocr_par' dir='ltr' id='par_1_64' title="bbox 2076 640 3658 724">
     <span class='ocr_line' id='line_1_64' title="bbox 2076 640 3658 724; baseline 0.025 -39"><span class='ocrx_word' id='word_1_499' title='bbox 2076 644 2253 690; x_wconf 87' lang='lat' dir='ltr'><strong>mente</strong></span> <span class='ocrx_word' id='word_1_500' title='bbox 2275 646 2416 692; x_wconf 90' lang='lat' dir='ltr'><strong>tene.</strong></span> <span class='ocrx_word' id='word_1_501' title='bbox 2445 640 2555 695; x_wconf 90' lang='lat' dir='ltr'><strong>lloc</strong></span> <span class='ocrx_word' id='word_1_502' title='bbox 2577 652 2659 697; x_wconf 90' lang='lat' dir='ltr'><strong>est</strong></span> <span class='ocrx_word' id='word_1_503' title='bbox 2683 646 2921 702; x_wconf 88' lang='lat' dir='ltr'><strong>omnium</strong></span> <span class='ocrx_word' id='word_1_504' title='bbox 2952 652 3214 709; x_wconf 88' lang='lat' dir='ltr'><strong>ma‘lorutn</strong></span> <span class='ocrx_word' id='word_1_505' title='bbox 3239 640 3658 724; x_wconf 44' lang='lat' dir='ltr'><strong>causa—nescire</strong></span> 
     </span>
    </p>
   </div>
   <div class='ocr_carea' id='block_1_65' title="bbox 2073 725 3655 831">
    <p class='ocr_par' dir='ltr' id='par_1_65' title="bbox 2073 725 3655 831">
     <span class='ocr_line' id='line_1_65' title="bbox 2073 725 3655 831; baseline 0.02 -52"><span class='ocrx_word' id='word_1_506' title='bbox 2073 725 2396 831; x_wconf 74' lang='lat' dir='ltr'><strong>Scriptores.</strong></span> <span class='ocrx_word' id='word_1_507' title='bbox 2442 732 2661 805; x_wconf 85' lang='lat' dir='ltr'><strong>Absque</strong></span> <span class='ocrx_word' id='word_1_508' title='bbox 2698 740 2864 796; x_wconf 89' lang='lat' dir='ltr'><strong>armis</strong></span> <span class='ocrx_word' id='word_1_509' title='bbox 2907 742 3045 800; x_wconf 87' lang='lat' dir='ltr'><strong>imus</strong></span> <span class='ocrx_word' id='word_1_510' title='bbox 3074 748 3139 803; x_wconf 91' lang='lat' dir='ltr'><strong>ad</strong></span> <span class='ocrx_word' id='word_1_511' title='bbox 3167 749 3401 823; x_wconf 87' lang='lat' dir='ltr'><strong>bellum;</strong></span> <span class='ocrx_word' id='word_1_512' title='bbox 3447 770 3499 813; x_wconf 90' lang='lat' dir='ltr'><strong>et</strong></span> <span class='ocrx_word' id='word_1_513' title='bbox 3527 776 3655 831; x_wconf 89' lang='lat' dir='ltr'><strong>quo.</strong></span> 
     </span>
    </p>
   </div>
   <div class='ocr_carea' id='block_1_66' title="bbox 2074 820 3658 925">
    <p class='ocr_par' dir='ltr' id='par_1_66' title="bbox 2074 820 3658 925">
     <span class='ocr_line' id='line_1_66' title="bbox 2074 820 3658 925; baseline 0.024 -53"><span class='ocrx_word' id='word_1_514' title='bbox 2074 820 2234 921; x_wconf 84' lang='lat' dir='ltr'><strong>modo</strong></span> <span class='ocrx_word' id='word_1_515' title='bbox 2261 834 2474 925; x_wconf 78' lang='lat' dir='ltr'><strong>oportet</strong></span> <span class='ocrx_word' id='word_1_516' title='bbox 2497 842 2617 882; x_wconf 90' lang='lat' dir='ltr'><strong>esse</strong></span> <span class='ocrx_word' id='word_1_517' title='bbox 2638 831 2857 889; x_wconf 83' lang='lat' dir='ltr'><strong>salvos?</strong></span> <span class='ocrx_word' id='word_1_518' title='bbox 2878 834 3142 896; x_wconf 77' lang='lat' dir='ltr'><strong>Przeclare</strong></span> <span class='ocrx_word' id='word_1_519' title='bbox 3166 820 3439 903; x_wconf 85' lang='lat' dir='ltr'><strong>nobiseum</strong></span> <span class='ocrx_word' id='word_1_520' title='bbox 3462 820 3658 925; x_wconf 62' lang='lat' dir='ltr'><strong>agitur,</strong></span> 
     </span>
    </p>
   </div>
   <div class='ocr_carea' id='block_1_67' title="bbox 2071 911 3660 1016">
    <p class='ocr_par' dir='ltr' id='par_1_67' title="bbox 2071 911 3660 1016">
     <span class='ocr_line' id='line_1_67' title="bbox 2071 911 3660 1016; baseline 0.025 -52"><span class='ocrx_word' id='word_1_521' title='bbox 2071 911 2278 1016; x_wconf 30' lang='lat' dir='ltr'><strong>sine-um</strong></span> <span class='ocrx_word' id='word_1_522' title='bbox 2310 914 2396 972; x_wconf 89' lang='lat' dir='ltr'><strong>his</strong></span> <span class='ocrx_word' id='word_1_523' title='bbox 2424 918 2557 973; x_wconf 88' lang='lat' dir='ltr'><strong>salvi</strong></span> <span class='ocrx_word' id='word_1_524' title='bbox 2584 921 2787 991; x_wconf 87' lang='lat' dir='ltr'><strong>simus;</strong></span> <span class='ocrx_word' id='word_1_525' title='bbox 2822 936 3023 986; x_wconf 91' lang='lat' dir='ltr'><strong>tantum</strong></span> <span class='ocrx_word' id='word_1_526' title='bbox 3067 933 3221 990; x_wconf 88' lang='lat' dir='ltr'><strong>abest</strong></span> <span class='ocrx_word' id='word_1_527' title='bbox 3262 950 3320 993; x_wconf 92' lang='lat' dir='ltr'><strong>ut</strong></span> <span class='ocrx_word' id='word_1_528' title='bbox 3348 911 3548 1016; x_wconf 62' lang='lat' dir='ltr'><strong>absque</strong></span> <span class='ocrx_word' id='word_1_529' title='bbox 3577 911 3660 1004; x_wconf 70' lang='lat' dir='ltr'><strong>bis</strong></span> 
     </span>
    </p>
   </div>
   <div class='ocr_carea' id='block_1_68' title="bbox 2068 1005 3659 1106">
    <p class='ocr_par' dir='ltr' id='par_1_68' title="bbox 2068 1005 3659 1106">
     <span class='ocr_line' id='line_1_68' title="bbox 2068 1005 3659 1106; baseline 0.027 -50"><span class='ocrx_word' id='word_1_530' title='bbox 2068 1005 2200 1060; x_wconf 63' lang='lat' dir='ltr'><strong>salvi</strong></span> <span class='ocrx_word' id='word_1_531' title='bbox 2230 1021 2350 1064; x_wconf 90' lang='lat' dir='ltr'><strong>esse</strong></span> <span class='ocrx_word' id='word_1_532' title='bbox 2380 1013 2667 1080; x_wconf 89' lang='lat' dir='ltr'><strong>possimus.</strong></span> <span class='ocrx_word' id='word_1_533' title='bbox 2716 1016 2793 1073; x_wconf 90' lang='lat' dir='ltr'><strong>Ne</strong></span> <span class='ocrx_word' id='word_1_534' title='bbox 2837 1025 3014 1077; x_wconf 88' lang='lat' dir='ltr'><strong>omnia</strong></span> <span class='ocrx_word' id='word_1_535' title='bbox 3065 1027 3118 1081; x_wconf 90' lang='lat' dir='ltr'><strong>in</strong></span> <span class='ocrx_word' id='word_1_536' title='bbox 3162 1046 3260 1086; x_wconf 89' lang='lat' dir='ltr'><strong>nos</strong></span> <span class='ocrx_word' id='word_1_537' title='bbox 3305 1005 3606 1106; x_wconf 74' lang='lat' dir='ltr'><strong>conjiciatis</strong></span> <span class='ocrx_word' id='word_1_538' title='bbox 3642 1059 3659 1100; x_wconf 84' lang='lat'><strong>:</strong></span> 
     </span>
    </p>
   </div>
   <div class='ocr_carea' id='block_1_69' title="bbox 2067 1100 3655 1193">
    <p class='ocr_par' dir='ltr' id='par_1_69' title="bbox 2067 1100 3655 1193">
     <span class='ocr_line' id='line_1_69' title="bbox 2067 1100 3655 1193; baseline 0.027 -43"><span class='ocrx_word' id='word_1_539' title='bbox 2067 1100 2382 1193; x_wconf 21' lang='lat' dir='ltr'><strong>ovesﬂestis,</strong></span> <span class='ocrx_word' id='word_1_540' title='bbox 2416 1103 2513 1159; x_wconf 86' lang='lat' dir='ltr'><strong>sed</strong></span> <span class='ocrx_word' id='word_1_541' title='bbox 2544 1121 2650 1161; x_wconf 91' lang='lat' dir='ltr'><strong>non</strong></span> <span class='ocrx_word' id='word_1_542' title='bbox 2678 1111 2902 1167; x_wconf 80' lang='lat' dir='ltr'><strong>rationis</strong></span> <span class='ocrx_word' id='word_1_543' title='bbox 2928 1128 3199 1188; x_wconf 83' lang='lat' dir='ltr'><strong>expertes,</strong></span> <span class='ocrx_word' id='word_1_544' title='bbox 3232 1100 3423 1182; x_wconf 75' lang='lat' dir='ltr'><strong>verum</strong></span> <span class='ocrx_word' id='word_1_545' title='bbox 3448 1134 3655 1193; x_wconf 83' lang='lat' dir='ltr'><strong>ratione</strong></span> 
     </span>
    </p>
   </div>
   <div class='ocr_carea' id='block_1_70' title="bbox 2066 1191 3653 1296">
    <p class='ocr_par' dir='ltr' id='par_1_70' title="bbox 2066 1191 3653 1296">
     <span class='ocr_line' id='line_1_70' title="bbox 2066 1191 3653 1296; baseline 0.026 -53"><span class='ocrx_word' id='word_1_546' title='bbox 2066 1191 2346 1296; x_wconf 67' lang='lat' dir='ltr'><strong>pmditte:</strong></span> <span class='ocrx_word' id='word_1_547' title='bbox 2379 1198 2545 1253; x_wconf 90' lang='lat' dir='ltr'><strong>multa</strong></span> <span class='ocrx_word' id='word_1_548' title='bbox 2577 1202 2729 1259; x_wconf 85' lang='lat' dir='ltr'><strong>vobis</strong></span> <span class='ocrx_word' id='word_1_549' title='bbox 2781 1221 2993 1278; x_wconf 90' lang='lat' dir='ltr'><strong>quoque</strong></span> <span class='ocrx_word' id='word_1_550' title='bbox 3041 1214 3257 1271; x_wconf 89' lang='lat' dir='ltr'><strong>mandat</strong></span> <span class='ocrx_word' id='word_1_551' title='bbox 3300 1220 3510 1279; x_wconf 89' lang='lat' dir='ltr'><strong>Paulus.</strong></span> <span class='ocrx_word' id='word_1_552' title='bbox 3553 1191 3653 1296; x_wconf 85' lang='lat' dir='ltr'><strong>Qui</strong></span> 
     </span>
    </p>
   </div>
   <div class='ocr_carea' id='block_1_71' title="bbox 2065 1284 3651 1387">
    <p class='ocr_par' dir='ltr' id='par_1_71' title="bbox 2065 1284 3651 1387">
     <span class='ocr_line' id='line_1_71' title="bbox 2065 1284 3651 1387; baseline 0.025 -50"><span class='ocrx_word' id='word_1_553' title='bbox 2065 1284 2345 1387; x_wconf 82' lang='lat' dir='ltr'><strong>docentur,</strong></span> <span class='ocrx_word' id='word_1_554' title='bbox 2394 1306 2499 1346; x_wconf 92' lang='lat' dir='ltr'><strong>non</strong></span> <span class='ocrx_word' id='word_1_555' title='bbox 2546 1310 2763 1365; x_wconf 89' lang='lat' dir='ltr'><strong>semper</strong></span> <span class='ocrx_word' id='word_1_556' title='bbox 2802 1308 3012 1371; x_wconf 88' lang='lat' dir='ltr'><strong>tempus</strong></span> <span class='ocrx_word' id='word_1_557' title='bbox 3051 1313 3232 1363; x_wconf 88' lang='lat' dir='ltr'><strong>terunt</strong></span> <span class='ocrx_word' id='word_1_558' title='bbox 3277 1311 3329 1367; x_wconf 91' lang='lat' dir='ltr'><strong>in</strong></span> <span class='ocrx_word' id='word_1_559' title='bbox 3374 1284 3651 1387; x_wconf 70' lang='lat' dir='ltr'><strong>discendo,</strong></span> 
     </span>
    </p>
   </div>
   <div class='ocr_carea' id='block_1_72' title="bbox 2064 1378 3650 1482">
    <p class='ocr_par' dir='ltr' id='par_1_72' title="bbox 2064 1378 3650 1482">
     <span class='ocr_line' id='line_1_72' title="bbox 2064 1378 3650 1482; baseline 0.026 -54"><span class='ocrx_word' id='word_1_560' title='bbox 2064 1378 2449 1482; x_wconf 46' lang='lat' dir='ltr'><strong>qponiam&#39;non</strong></span> <span class='ocrx_word' id='word_1_561' title='bbox 2480 1383 2748 1443; x_wconf 90' lang='lat' dir='ltr'><strong>docentur</strong></span> <span class='ocrx_word' id='word_1_562' title='bbox 2775 1406 2790 1445; x_wconf 88' lang='lat'><strong>:</strong></span> <span class='ocrx_word' id='word_1_563' title='bbox 2818 1393 2861 1445; x_wconf 92' lang='lat' dir='ltr'><strong>si</strong></span> <span class='ocrx_word' id='word_1_564' title='bbox 2885 1407 3103 1470; x_wconf 87' lang='lat' dir='ltr'><strong>semper</strong></span> <span class='ocrx_word' id='word_1_565' title='bbox 3127 1401 3325 1470; x_wconf 86' lang='lat' dir='ltr'><strong>discas,</strong></span> <span class='ocrx_word' id='word_1_566' title='bbox 3361 1378 3650 1482; x_wconf 76' lang='lat' dir='ltr'><strong>numquam</strong></span> 
     </span>
    </p>
   </div>
   <div class='ocr_carea' id='block_1_73' title="bbox 2062 1466 3652 1558">
    <p class='ocr_par' dir='ltr' id='par_1_73' title="bbox 2062 1466 3652 1558">
     <span class='ocr_line' id='line_1_73' title="bbox 2062 1466 3652 1558; baseline 0.025 -38"><span class='ocrx_word' id='word_1_567' title='bbox 2062 1466 2260 1523; x_wconf 89' lang='lat' dir='ltr'><strong>disces.</strong></span> <span class='ocrx_word' id='word_1_568' title='bbox 2290 1469 2367 1525; x_wconf 90' lang='lat' dir='ltr'><strong>Ne</strong></span> <span class='ocrx_word' id='word_1_569' title='bbox 2392 1472 2464 1529; x_wconf 90' lang='lat' dir='ltr'><strong>ita</strong></span> <span class='ocrx_word' id='word_1_570' title='bbox 2503 1477 2731 1539; x_wconf 82' lang='lat' dir='ltr'><strong>accedas</strong></span> <span class='ocrx_word' id='word_1_571' title='bbox 2762 1466 3033 1553; x_wconf 85' lang='lat' dir='ltr'><strong>tamquam</strong></span> <span class='ocrx_word' id='word_1_572' title='bbox 3062 1466 3398 1552; x_wconf 37' lang='lat' dir='ltr'><strong>futurum-sit</strong></span> <span class='ocrx_word' id='word_1_573' title='bbox 3429 1466 3652 1558; x_wconf 88' lang='lat' dir='ltr'><strong>ut</strong></span> 
     </span>
    </p>
   </div>
   <div class='ocr_carea' id='block_1_74' title="bbox 2064 1561 3648 1667">
    <p class='ocr_par' dir='ltr' id='par_1_74' title="bbox 2064 1561 3648 1667">
     <span class='ocr_line' id='line_1_74' title="bbox 2064 1561 3648 1667; baseline 0.028 -56"><span class='ocrx_word' id='word_1_574' title='bbox 2064 1572 2161 1667; x_wconf 70' lang='lat' dir='ltr'><strong>per</strong></span> <span class='ocrx_word' id='word_1_575' title='bbox 2195 1561 2407 1667; x_wconf 62' lang='lat' dir='ltr'><strong>discas;</strong></span> <span class='ocrx_word' id='word_1_576' title='bbox 2451 1567 2650 1639; x_wconf 85' lang='lat' dir='ltr'><strong>alioqui</strong></span> <span class='ocrx_word' id='word_1_577' title='bbox 2693 1587 2983 1645; x_wconf 89' lang='lat' dir='ltr'><strong>numquam</strong></span> <span class='ocrx_word' id='word_1_578' title='bbox 3032 1583 3205 1651; x_wconf 74' lang='lat' dir='ltr'><strong>scies;</strong></span> <span class='ocrx_word' id='word_1_579' title='bbox 3258 1590 3351 1644; x_wconf 88' lang='lat' dir='ltr'><strong>sed</strong></span> <span class='ocrx_word' id='word_1_580' title='bbox 3383 1601 3648 1667; x_wconf 85' lang='lat' dir='ltr'><strong>tamquam</strong></span> 
     </span>
    </p>
   </div>
   <div class='ocr_carea' id='block_1_75' title="bbox 2063 1649 3651 1749">
    <p class='ocr_par' dir='ltr' id='par_1_75' title="bbox 2063 1649 3651 1749">
     <span class='ocr_line' id='line_1_75' title="bbox 2063 1649 3651 1749; baseline 0.03 -49"><span class='ocrx_word' id='word_1_581' title='bbox 2063 1649 2303 1708; x_wconf 89' lang='lat' dir='ltr'><strong>discendi</strong></span> <span class='ocrx_word' id='word_1_582' title='bbox 2330 1654 2492 1712; x_wconf 86' lang='lat' dir='ltr'><strong>ﬁnem</strong></span> <span class='ocrx_word' id='word_1_583' title='bbox 2519 1674 2927 1735; x_wconf 85' lang='lat' dir='ltr'><strong>assequuturus,</strong></span> <span class='ocrx_word' id='word_1_584' title='bbox 2954 1679 3009 1725; x_wconf 90' lang='lat' dir='ltr'><strong>et</strong></span> <span class='ocrx_word' id='word_1_585' title='bbox 3045 1649 3208 1730; x_wconf 87' lang='lat' dir='ltr'><strong>alium</strong></span> <span class='ocrx_word' id='word_1_586' title='bbox 3232 1649 3521 1741; x_wconf 47' lang='lat' dir='ltr'><strong>docturus:</strong></span> 
     </span>
    </p>
   </div>
   <div class='ocr_carea' id='block_1_76' title="bbox 2065 1744 3650 1852">
    <p class='ocr_par' dir='ltr' id='par_1_76' title="bbox 2065 1744 3650 1852">
     <span class='ocr_line' id='line_1_76' title="bbox 2065 1744 3650 1852; baseline 0.028 -56"><span class='ocrx_word' id='word_1_587' title='bbox 2065 1744 2215 1852; x_wconf 68' lang='lat' dir='ltr'><strong>mihi,</strong></span> <span class='ocrx_word' id='word_1_588' title='bbox 2246 1761 2427 1805; x_wconf 88' lang='lat' dir='ltr'><strong>annon</strong></span> <span class='ocrx_word' id='word_1_589' title='bbox 2460 1751 2681 1852; x_wconf 81' lang='lat' dir='ltr'><strong>deﬁnita</strong></span> <span class='ocrx_word' id='word_1_590' title='bbox 2732 1767 2971 1852; x_wconf 85' lang='lat' dir='ltr'><strong>tempora</strong></span> <span class='ocrx_word' id='word_1_591' title='bbox 3010 1766 3063 1819; x_wconf 93' lang='lat' dir='ltr'><strong>in</strong></span> <span class='ocrx_word' id='word_1_592' title='bbox 3106 1768 3406 1840; x_wconf 67' lang='lat' dir='ltr'><strong>disciplinis</strong></span> <span class='ocrx_word' id='word_1_593' title='bbox 3447 1744 3650 1852; x_wconf 59' lang='lat' dir='ltr'><strong>exspe;</strong></span> 
     </span>
    </p>
   </div>
   <div class='ocr_carea' id='block_1_77' title="bbox 2061 1844 3650 1928">
    <p class='ocr_par' dir='ltr' id='par_1_77' title="bbox 2061 1844 3650 1928">
     <span class='ocr_line' id='line_1_77' title="bbox 2061 1844 3650 1928; baseline 0.027 -41"><span class='ocrx_word' id='word_1_594' title='bbox 2061 1844 2206 1891; x_wconf 84' lang='lat' dir='ltr'><strong>ctant</strong></span> <span class='ocrx_word' id='word_1_595' title='bbox 2231 1852 2441 1908; x_wconf 90' lang='lat' dir='ltr'><strong>omnes,</strong></span> <span class='ocrx_word' id='word_1_596' title='bbox 2466 1853 2520 1898; x_wconf 89' lang='lat' dir='ltr'><strong>et</strong></span> <span class='ocrx_word' id='word_1_597' title='bbox 2548 1844 2601 1899; x_wconf 83' lang='lat' dir='ltr'><strong>in</strong></span> <span class='ocrx_word' id='word_1_598' title='bbox 2634 1850 2882 1905; x_wconf 90' lang='lat' dir='ltr'><strong>omnibus</strong></span> <span class='ocrx_word' id='word_1_599' title='bbox 2915 1854 3160 1913; x_wconf 87' lang='lat' dir='ltr'><strong>artibus?</strong></span> <span class='ocrx_word' id='word_1_600' title='bbox 3190 1862 3280 1917; x_wconf 90' lang='lat' dir='ltr'><strong>Sic</strong></span> <span class='ocrx_word' id='word_1_601' title='bbox 3314 1880 3503 1925; x_wconf 86' lang='lat' dir='ltr'><strong>omnes</strong></span> <span class='ocrx_word' id='word_1_602' title='bbox 3531 1844 3650 1928; x_wconf 75' lang='lat' dir='ltr'><strong>cer-</strong></span> 
     </span>
    </p>
   </div>
   <div class='ocr_carea' id='block_1_78' title="bbox 2064 1933 3649 2031">
    <p class='ocr_par' dir='ltr' id='par_1_78' title="bbox 2064 1933 3649 2031">
     <span class='ocr_line' id='line_1_78' title="bbox 2064 1933 3649 2031; baseline 0.028 -52"><span class='ocrx_word' id='word_1_603' title='bbox 2064 1933 2174 2030; x_wconf 81' lang='lat' dir='ltr'><strong>tum</strong></span> <span class='ocrx_word' id='word_1_604' title='bbox 2196 1933 2717 2031; x_wconf 41' lang='lat' dir='ltr'><strong>tempus-definimus</strong></span> <span class='ocrx_word' id='word_1_605' title='bbox 2746 1956 2760 1993; x_wconf 88' lang='lat'><strong>:</strong></span> <span class='ocrx_word' id='word_1_606' title='bbox 2794 1943 2875 1997; x_wconf 92' lang='lat' dir='ltr'><strong>sin</strong></span> <span class='ocrx_word' id='word_1_607' title='bbox 2900 1954 3079 2003; x_wconf 90' lang='lat' dir='ltr'><strong>autem</strong></span> <span class='ocrx_word' id='word_1_608' title='bbox 3106 1964 3321 2024; x_wconf 79' lang='lat' dir='ltr'><strong>seniper</strong></span> <span class='ocrx_word' id='word_1_609' title='bbox 3345 1958 3540 2031; x_wconf 86' lang='lat' dir='ltr'><strong>discas,</strong></span> <span class='ocrx_word' id='word_1_610' title='bbox 3566 1976 3649 2023; x_wconf 89' lang='lat' dir='ltr'><strong>est</strong></span> 
     </span>
    </p>
   </div>
   <div class='ocr_carea' id='block_1_79' title="bbox 2059 2021 3479 2094">
    <p class='ocr_par' dir='ltr' id='par_1_79' title="bbox 2059 2021 3479 2094">
     <span class='ocr_line' id='line_1_79' title="bbox 2059 2021 3479 2094; baseline 0.023 -23"><span class='ocrx_word' id='word_1_611' title='bbox 2059 2021 2268 2089; x_wconf 86' lang='lat' dir='ltr'><strong>signum</strong></span> <span class='ocrx_word' id='word_1_612' title='bbox 2290 2025 2432 2094; x_wconf 88' lang='lat' dir='ltr'><strong>quod</strong></span> <span class='ocrx_word' id='word_1_613' title='bbox 2463 2028 2590 2082; x_wconf 90' lang='lat' dir='ltr'><strong>nihil</strong></span> <span class='ocrx_word' id='word_1_614' title='bbox 2618 2030 2894 2091; x_wconf 85' lang='lat' dir='ltr'><strong>didiceris.</strong></span> <span class='ocrx_word' id='word_1_615' title='bbox 3227 2021 3240 2024; x_wconf 42' lang='lat'>_</span> <span class='ocrx_word' id='word_1_616' title='bbox 3474 2054 3479 2059; x_wconf 82' lang='grc'><em>’</em></span> 
     </span>
    </p>
   </div>
   <div class='ocr_carea' id='block_1_80' title="bbox 2129 2112 3642 2206">
    <p class='ocr_par' dir='ltr' id='par_1_80' title="bbox 2129 2112 3642 2206">
     <span class='ocr_line' id='line_1_80' title="bbox 2129 2112 3642 2206; baseline 0.028 -42"><span class='ocrx_word' id='word_1_617' title='bbox 2129 2112 2181 2165; x_wconf 71' lang='lat'><strong>2.</strong></span> <span class='ocrx_word' id='word_1_618' title='bbox 2217 2113 2328 2170; x_wconf 87' lang='lat' dir='ltr'><strong>lloc</strong></span> <span class='ocrx_word' id='word_1_619' title='bbox 2360 2116 2500 2173; x_wconf 88' lang='lat' dir='ltr'><strong>Deus</strong></span> <span class='ocrx_word' id='word_1_620' title='bbox 2531 2124 2871 2191; x_wconf 85' lang='lat' dir='ltr'><strong>exprobravit</strong></span> <span class='ocrx_word' id='word_1_621' title='bbox 2898 2127 3126 2199; x_wconf 71' lang='lat' dir='ltr'><strong>Judzeis,</strong></span> <span class='ocrx_word' id='word_1_622' title='bbox 3168 2136 3270 2201; x_wconf 83' lang='lat' dir='ltr'><strong>Qui</strong></span> <span class='ocrx_word' id='word_1_623' title='bbox 3296 2144 3547 2202; x_wconf 83' lang='lat' dir='ltr'><strong>tolluntur</strong></span> <span class='ocrx_word' id='word_1_624' title='bbox 3578 2168 3642 2206; x_wconf 75' lang='lat' dir='ltr'><strong>ca;</strong></span> 
     </span>
    </p>
   </div>
   <div class='ocr_carea' id='block_1_81' title="bbox 2059 2212 3645 2314">
    <p class='ocr_par' dir='ltr' id='par_1_81' title="bbox 2059 2212 3645 2314">
     <span class='ocr_line' id='line_1_81' title="bbox 2059 2212 3645 2314; baseline 0.029 -59"><span class='ocrx_word' id='word_1_625' title='bbox 2059 2213 2224 2314; x_wconf 53' lang='lat' dir='ltr'><strong>suere,</strong></span> <span class='ocrx_word' id='word_1_626' title='bbox 2263 2217 2312 2262; x_wconf 85' lang='lat' dir='ltr'><strong>et</strong></span> <span class='ocrx_word' id='word_1_627' title='bbox 2345 2212 2649 2314; x_wconf 74' lang='lat' dir='ltr'><strong>erudiuntur</strong></span> <span class='ocrx_word' id='word_1_628' title='bbox 2676 2232 2831 2287; x_wconf 86' lang='lat' dir='ltr'><strong>usque</strong></span> <span class='ocrx_word' id='word_1_629' title='bbox 2855 2220 2924 2274; x_wconf 86' lang='lat' dir='ltr'><strong>ad</strong></span> <span class='ocrx_word' id='word_1_630' title='bbox 2951 2226 3149 2281; x_wconf 84' lang='lat' dir='ltr'><strong>senium</strong></span> <span class='ocrx_word' id='word_1_631' title='bbox 3177 2229 3329 2301; x_wconf 77' lang='grc' dir='ltr'><strong>(1εαὶ.</strong></span> <span class='ocrx_word' id='word_1_632' title='bbox 3359 2237 3447 2291; x_wconf 76' lang='grc'><strong>46.</strong></span> <span class='ocrx_word' id='word_1_633' title='bbox 3479 2241 3526 2296; x_wconf 81' lang='grc'><strong>5.</strong></span> <span class='ocrx_word' id='word_1_634' title='bbox 3561 2243 3645 2314; x_wconf 70' lang='grc'><strong>4).</strong></span> 
     </span>
    </p>
   </div>
   <div class='ocr_carea' id='block_1_82' title="bbox 2060 2297 3643 2391">
    <p class='ocr_par' dir='ltr' id='par_1_82' title="bbox 2060 2297 3643 2391">
     <span class='ocr_line' id='line_1_82' title="bbox 2060 2297 3643 2391; baseline 0.025 -40"><span class='ocrx_word' id='word_1_635' title='bbox 2060 2297 2115 2351; x_wconf 85' lang='lat' dir='ltr'><strong>Si</strong></span> <span class='ocrx_word' id='word_1_636' title='bbox 2157 2314 2271 2391; x_wconf 9' lang='lat' dir='ltr'><strong>non,</strong></span> <span class='ocrx_word' id='word_1_637' title='bbox 2289 2315 2505 2373; x_wconf 81' lang='lat' dir='ltr'><strong>semper</strong></span> <span class='ocrx_word' id='word_1_638' title='bbox 2545 2303 2649 2362; x_wconf 92' lang='lat' dir='ltr'><strong>hoc</strong></span> <span class='ocrx_word' id='word_1_639' title='bbox 2681 2297 3194 2389; x_wconf 31' lang='lat' dir='ltr'><strong>exspectavissetis,‘</strong></span> <span class='ocrx_word' id='word_1_640' title='bbox 3225 2340 3332 2381; x_wconf 86' lang='lat' dir='ltr'><strong>non</strong></span> <span class='ocrx_word' id='word_1_641' title='bbox 3360 2329 3439 2384; x_wconf 92' lang='lat' dir='ltr'><strong>sic</strong></span> <span class='ocrx_word' id='word_1_642' title='bbox 3465 2297 3643 2391; x_wconf 75' lang='lat' dir='ltr'><strong>omnia</strong></span> 
     </span>
    </p>
   </div>
   <div class='ocr_carea' id='block_1_83' title="bbox 2059 2390 3643 2487">
    <p class='ocr_par' dir='ltr' id='par_1_83' title="bbox 2059 2390 3643 2487">
     <span class='ocr_line' id='line_1_83' title="bbox 2059 2390 3643 2487; baseline 0.025 -46"><span class='ocrx_word' id='word_1_643' title='bbox 2059 2398 2203 2487; x_wconf 75' lang='lat' dir='ltr'><strong>retro</strong></span> <span class='ocrx_word' id='word_1_644' title='bbox 2231 2390 2507 2487; x_wconf 80' lang='lat' dir='ltr'><strong>abiissent.</strong></span> <span class='ocrx_word' id='word_1_645' title='bbox 2540 2396 2597 2453; x_wconf 91' lang='lat' dir='ltr'><strong>Si</strong></span> <span class='ocrx_word' id='word_1_646' title='bbox 2622 2413 2709 2455; x_wconf 88' lang='lat' dir='ltr'><strong>res</strong></span> <span class='ocrx_word' id='word_1_647' title='bbox 2731 2401 2803 2457; x_wconf 87' lang='lat' dir='ltr'><strong>ita</strong></span> <span class='ocrx_word' id='word_1_648' title='bbox 2832 2403 3055 2464; x_wconf 88' lang='lat' dir='ltr'><strong>haberet</strong></span> <span class='ocrx_word' id='word_1_649' title='bbox 3078 2420 3136 2466; x_wconf 89' lang='lat' dir='ltr'><strong>ut</strong></span> <span class='ocrx_word' id='word_1_650' title='bbox 3155 2414 3244 2470; x_wconf 89' lang='lat' dir='ltr'><strong>alii</strong></span> <span class='ocrx_word' id='word_1_651' title='bbox 3266 2419 3479 2487; x_wconf 90' lang='lat' dir='ltr'><strong>quidem</strong></span> <span class='ocrx_word' id='word_1_652' title='bbox 3503 2390 3643 2482; x_wconf 26' lang='lat' dir='ltr'><strong>didi-4</strong></span> 
     </span>
    </p>
   </div>
   <div class='ocr_carea' id='block_1_84' title="bbox 2057 2480 3642 2587">
    <p class='ocr_par' dir='ltr' id='par_1_84' title="bbox 2057 2480 3642 2587">
     <span class='ocr_line' id='line_1_84' title="bbox 2057 2480 3642 2587; baseline 0.026 -55"><span class='ocrx_word' id='word_1_653' title='bbox 2057 2480 2278 2583; x_wconf 80' lang='lat' dir='ltr'><strong>cissent,</strong></span> <span class='ocrx_word' id='word_1_654' title='bbox 2430 2502 2557 2543; x_wconf 82' lang='lat' dir='ltr'><strong>vero</strong></span> <span class='ocrx_word' id='word_1_655' title='bbox 2587 2500 2770 2547; x_wconf 89' lang='lat' dir='ltr'><strong>essent</strong></span> <span class='ocrx_word' id='word_1_656' title='bbox 2794 2496 3095 2568; x_wconf 90' lang='lat' dir='ltr'><strong>erudiendi,</strong></span> <span class='ocrx_word' id='word_1_657' title='bbox 3126 2520 3258 2574; x_wconf 90' lang='lat' dir='ltr'><strong>opus</strong></span> <span class='ocrx_word' id='word_1_658' title='bbox 3281 2480 3436 2567; x_wconf 73' lang='lat' dir='ltr'><strong>nobis</strong></span> <span class='ocrx_word' id='word_1_659' title='bbox 3462 2480 3642 2587; x_wconf 77' lang='lat' dir='ltr'><strong>profe-</strong></span> 
     </span>
    </p>
   </div>
   <div class='ocr_carea' id='block_1_85' title="bbox 2056 2572 3641 2668">
    <p class='ocr_par' dir='ltr' id='par_1_85' title="bbox 2056 2572 3641 2668">
     <span class='ocr_line' id='line_1_85' title="bbox 2056 2572 3641 2668; baseline 0.028 -44"><span class='ocrx_word' id='word_1_660' title='bbox 2056 2572 2261 2668; x_wconf 78' lang='lat' dir='ltr'><strong>cisset;</strong></span> <span class='ocrx_word' id='word_1_661' title='bbox 2288 2576 2408 2631; x_wconf 92' lang='lat' dir='ltr'><strong>aliis</strong></span> <span class='ocrx_word' id='word_1_662' title='bbox 2438 2582 2643 2635; x_wconf 88' lang='lat' dir='ltr'><strong>cessuri</strong></span> <span class='ocrx_word' id='word_1_663' title='bbox 2679 2586 2878 2653; x_wconf 91' lang='lat' dir='ltr'><strong>eratis,</strong></span> <span class='ocrx_word' id='word_1_664' title='bbox 2914 2600 2970 2645; x_wconf 90' lang='lat' dir='ltr'><strong>et</strong></span> <span class='ocrx_word' id='word_1_665' title='bbox 2999 2572 3335 2668; x_wconf 25' lang='lat' dir='ltr'><strong>nobisvopem</strong></span> <span class='ocrx_word' id='word_1_666' title='bbox 3368 2572 3641 2668; x_wconf 45' lang='lat' dir='ltr'><strong>tulissetis.</strong></span> 
     </span>
    </p>
   </div>
   <div class='ocr_carea' id='block_1_86' title="bbox 2060 2664 3643 2764">
    <p class='ocr_par' dir='ltr' id='par_1_86' title="bbox 2060 2664 3643 2764">
     <span class='ocr_line' id='line_1_86' title="bbox 2060 2664 3643 2764; baseline 0.028 -48"><span class='ocrx_word' id='word_1_667' title='bbox 2060 2664 2151 2719; x_wconf 89' lang='lat' dir='ltr'><strong>Dic</strong></span> <span class='ocrx_word' id='word_1_668' title='bbox 2176 2667 2325 2731; x_wconf 88' lang='lat' dir='ltr'><strong>mihi,</strong></span> <span class='ocrx_word' id='word_1_669' title='bbox 2351 2685 2554 2740; x_wconf 79' lang='lat' dir='ltr'><strong>quaeso,</strong></span> <span class='ocrx_word' id='word_1_670' title='bbox 2579 2673 2624 2729; x_wconf 92' lang='lat' dir='ltr'><strong>si</strong></span> <span class='ocrx_word' id='word_1_671' title='bbox 2645 2676 2806 2748; x_wconf 86' lang='lat' dir='ltr'><strong>aliqui</strong></span> <span class='ocrx_word' id='word_1_672' title='bbox 2826 2678 2968 2738; x_wconf 89' lang='lat' dir='ltr'><strong>irent</strong></span> <span class='ocrx_word' id='word_1_673' title='bbox 2985 2685 3051 2739; x_wconf 85' lang='lat' dir='ltr'><strong>ad</strong></span> <span class='ocrx_word' id='word_1_674' title='bbox 3074 2664 3423 2764; x_wconf 76' lang='lat' dir='ltr'><strong>literatorem,</strong></span> <span class='ocrx_word' id='word_1_675' title='bbox 3448 2664 3643 2761; x_wconf 80' lang='lat' dir='ltr'><strong>deinde</strong></span> 
     </span>
    </p>
   </div>
   <div class='ocr_carea' id='block_1_87' title="bbox 2057 2765 3641 2851">
    <p class='ocr_par' dir='ltr' id='par_1_87' title="bbox 2057 2765 3641 2851">
     <span class='ocr_line' id='line_1_87' title="bbox 2057 2765 3641 2851; baseline 0.025 -42"><span class='ocrx_word' id='word_1_676' title='bbox 2057 2769 2337 2851; x_wconf 88' lang='lat' dir='ltr'><strong>manerent</strong></span> <span class='ocrx_word' id='word_1_677' title='bbox 2382 2776 2596 2836; x_wconf 90' lang='lat' dir='ltr'><strong>semper</strong></span> <span class='ocrx_word' id='word_1_678' title='bbox 2641 2765 2911 2828; x_wconf 87' lang='lat' dir='ltr'><strong>discentes</strong></span> <span class='ocrx_word' id='word_1_679' title='bbox 2947 2775 3252 2851; x_wconf 90' lang='lat' dir='ltr'><strong>elementa,</strong></span> <span class='ocrx_word' id='word_1_680' title='bbox 3301 2801 3477 2844; x_wconf 90' lang='lat' dir='ltr'><strong>annon</strong></span> <span class='ocrx_word' id='word_1_681' title='bbox 3525 2810 3641 2848; x_wconf 88' lang='lat' dir='ltr'><strong>ma-</strong></span> 
     </span>
    </p>
   </div>
   <div class='ocr_carea' id='block_1_88' title="bbox 2053 2850 3643 2957">
    <p class='ocr_par' dir='ltr' id='par_1_88' title="bbox 2053 2850 3643 2957">
     <span class='ocr_line' id='line_1_88' title="bbox 2053 2850 3643 2957; baseline 0.026 -57"><span class='ocrx_word' id='word_1_682' title='bbox 2053 2850 2222 2957; x_wconf 73' lang='lat' dir='ltr'><strong>gistro</strong></span> <span class='ocrx_word' id='word_1_683' title='bbox 2251 2853 2474 2957; x_wconf 75' lang='lat' dir='ltr'><strong>multum</strong></span> <span class='ocrx_word' id='word_1_684' title='bbox 2515 2856 2717 2957; x_wconf 71' lang='lat' dir='ltr'><strong>laboris</strong></span> <span class='ocrx_word' id='word_1_685' title='bbox 2760 2873 2945 2919; x_wconf 85' lang='lat' dir='ltr'><strong>essent</strong></span> <span class='ocrx_word' id='word_1_686' title='bbox 2976 2867 3309 2930; x_wconf 80' lang='lat' dir='ltr'><strong>exhibituri?</strong></span> <span class='ocrx_word' id='word_1_687' title='bbox 3354 2879 3643 2957; x_wconf 76' lang='lat' dir='ltr'><strong>Quousque</strong></span> 
     </span>
    </p>
   </div>
   <div class='ocr_carea' id='block_1_89' title="bbox 2059 2942 3644 3037">
    <p class='ocr_par' dir='ltr' id='par_1_89' title="bbox 2059 2942 3644 3037">
     <span class='ocr_line' id='line_1_89' title="bbox 2059 2942 3644 3037; baseline 0.028 -45"><span class='ocrx_word' id='word_1_688' title='bbox 2059 2942 2331 3037; x_wconf 63' lang='lat' dir='ltr'><strong>vobiscum</strong></span> <span class='ocrx_word' id='word_1_689' title='bbox 2372 2944 2441 3037; x_wconf 86' lang='lat' dir='ltr'><strong>de</strong></span> <span class='ocrx_word' id='word_1_690' title='bbox 2477 2947 2584 3001; x_wconf 87' lang='lat' dir='ltr'><strong>vita</strong></span> <span class='ocrx_word' id='word_1_691' title='bbox 2622 2949 2985 3011; x_wconf 80' lang='lat' dir='ltr'><strong>disseremus?</strong></span> <span class='ocrx_word' id='word_1_692' title='bbox 3026 2960 3182 3031; x_wconf 86' lang='lat' dir='ltr'><strong>Apud</strong></span> <span class='ocrx_word' id='word_1_693' title='bbox 3226 2942 3499 3037; x_wconf 74' lang='lat' dir='ltr'><strong>apostolos</strong></span> <span class='ocrx_word' id='word_1_694' title='bbox 3534 2942 3644 3036; x_wconf 74' lang='lat' dir='ltr'><strong>non</strong></span> 
     </span>
    </p>
   </div>
   <div class='ocr_carea' id='block_1_90' title="bbox 2058 3032 3644 3132">
    <p class='ocr_par' dir='ltr' id='par_1_90' title="bbox 2058 3032 3644 3132">
     <span class='ocr_line' id='line_1_90' title="bbox 2058 3032 3644 3132; baseline 0.025 -47"><span class='ocrx_word' id='word_1_695' title='bbox 2058 3032 2128 3086; x_wconf 90' lang='lat' dir='ltr'><strong>ita</strong></span> <span class='ocrx_word' id='word_1_696' title='bbox 2152 3044 2296 3132; x_wconf 82' lang='lat' dir='ltr'><strong>erat,</strong></span> <span class='ocrx_word' id='word_1_697' title='bbox 2330 3036 2424 3092; x_wconf 90' lang='lat' dir='ltr'><strong>sed</strong></span> <span class='ocrx_word' id='word_1_698' title='bbox 2450 3038 2667 3132; x_wconf 83' lang='lat' dir='ltr'><strong>assidue</strong></span> <span class='ocrx_word' id='word_1_699' title='bbox 2708 3046 3109 3117; x_wconf 89' lang='lat' dir='ltr'><strong>transiliebant,</strong></span> <span class='ocrx_word' id='word_1_700' title='bbox 3136 3069 3230 3111; x_wconf 92' lang='lat' dir='ltr'><strong>eos</strong></span> <span class='ocrx_word' id='word_1_701' title='bbox 3258 3032 3359 3130; x_wconf 27' lang='lat' dir='ltr'><strong>dqui</strong></span> <span class='ocrx_word' id='word_1_702' title='bbox 3388 3066 3533 3132; x_wconf 87' lang='lat' dir='ltr'><strong>prius</strong></span> <span class='ocrx_word' id='word_1_703' title='bbox 3562 3032 3644 3124; x_wconf 63' lang='lat' dir='ltr'><strong>di:</strong></span> 
     </span>
    </p>
   </div>
   <div class='ocr_carea' id='block_1_91' title="bbox 2054 3128 3641 3219">
    <p class='ocr_par' dir='ltr' id='par_1_91' title="bbox 2054 3128 3641 3219">
     <span class='ocr_line' id='line_1_91' title="bbox 2054 3128 3641 3219; baseline 0.023 -38"><span class='ocrx_word' id='word_1_704' title='bbox 2054 3128 2274 3219; x_wconf 84' lang='lat' dir='ltr'><strong>scebant</strong></span> <span class='ocrx_word' id='word_1_705' title='bbox 2289 3131 2677 3188; x_wconf 86' lang='lat' dir='ltr'><strong>constituentes</strong></span> <span class='ocrx_word' id='word_1_706' title='bbox 2693 3137 2975 3207; x_wconf 83' lang='lat' dir='ltr'><strong>magistros</strong></span> <span class='ocrx_word' id='word_1_707' title='bbox 2987 3143 3212 3202; x_wconf 89' lang='lat' dir='ltr'><strong>aliorum</strong></span> <span class='ocrx_word' id='word_1_708' title='bbox 3236 3128 3323 3219; x_wconf 86' lang='lat' dir='ltr'><strong>qui</strong></span> <span class='ocrx_word' id='word_1_709' title='bbox 3341 3128 3641 3218; x_wconf 81' lang='lat' dir='ltr'><strong>discebant.</strong></span> 
     </span>
    </p>
   </div>
   <div class='ocr_carea' id='block_1_92' title="bbox 2054 3217 3641 3309">
    <p class='ocr_par' dir='ltr' id='par_1_92' title="bbox 2054 3217 3641 3309">
     <span class='ocr_line' id='line_1_92' title="bbox 2054 3217 3641 3309; baseline 0.025 -39"><span class='ocrx_word' id='word_1_710' title='bbox 2054 3217 2144 3272; x_wconf 81' lang='lat' dir='ltr'><strong>Sic</strong></span> <span class='ocrx_word' id='word_1_711' title='bbox 2199 3230 2482 3288; x_wconf 91' lang='lat' dir='ltr'><strong>potuerunt</strong></span> <span class='ocrx_word' id='word_1_712' title='bbox 2521 3223 2670 3279; x_wconf 88' lang='lat' dir='ltr'><strong>obire</strong></span> <span class='ocrx_word' id='word_1_713' title='bbox 2714 3228 2897 3283; x_wconf 91' lang='lat' dir='ltr'><strong>orbem</strong></span> <span class='ocrx_word' id='word_1_714' title='bbox 2952 3241 3147 3302; x_wconf 63' lang='lat' dir='ltr'><strong>terrai,</strong></span> <span class='ocrx_word' id='word_1_715' title='bbox 3189 3217 3332 3309; x_wconf 83' lang='lat' dir='ltr'><strong>quod</strong></span> <span class='ocrx_word' id='word_1_716' title='bbox 3390 3248 3480 3303; x_wconf 90' lang='lat' dir='ltr'><strong>uni</strong></span> <span class='ocrx_word' id='word_1_717' title='bbox 3521 3217 3641 3308; x_wconf 78' lang='lat' dir='ltr'><strong>loco</strong></span> 
     </span>
    </p>
   </div>
   <div class='ocr_carea' id='block_1_93' title="bbox 2057 3314 3640 3416">
    <p class='ocr_par' dir='ltr' id='par_1_93' title="bbox 2057 3314 3640 3416">
     <span class='ocr_line' id='line_1_93' title="bbox 2057 3314 3640 3416; baseline 0.026 -54"><span class='ocrx_word' id='word_1_718' title='bbox 2057 3325 2163 3364; x_wconf 93' lang='lat' dir='ltr'><strong>non</strong></span> <span class='ocrx_word' id='word_1_719' title='bbox 2191 3322 2376 3414; x_wconf 79' lang='lat' dir='ltr'><strong>essent</strong></span> <span class='ocrx_word' id='word_1_720' title='bbox 2403 3314 2623 3386; x_wconf 82' lang='lat' dir='ltr'><strong>alligati.</strong></span> <span class='ocrx_word' id='word_1_721' title='bbox 2664 3318 2833 3387; x_wconf 90' lang='lat' dir='ltr'><strong>Quam</strong></span> <span class='ocrx_word' id='word_1_722' title='bbox 2867 3325 3061 3381; x_wconf 89' lang='lat' dir='ltr'><strong>multos</strong></span> <span class='ocrx_word' id='word_1_723' title='bbox 3089 3340 3303 3389; x_wconf 90' lang='lat' dir='ltr'><strong>nostros</strong></span> <span class='ocrx_word' id='word_1_724' title='bbox 3326 3335 3523 3399; x_wconf 85' lang='lat' dir='ltr'><strong>fratres</strong></span> <span class='ocrx_word' id='word_1_725' title='bbox 3549 3351 3640 3416; x_wconf 90' lang='lat' dir='ltr'><strong>qui</strong></span> 
     </span>
    </p>
   </div>
   <div class='ocr_carea' id='block_1_94' title="bbox 2054 3403 3641 3506">
    <p class='ocr_par' dir='ltr' id='par_1_94' title="bbox 2054 3403 3641 3506">
     <span class='ocr_line' id='line_1_94' title="bbox 2054 3403 3641 3506; baseline 0.025 -53"><span class='ocrx_word' id='word_1_726' title='bbox 2054 3413 2179 3506; x_wconf 69' lang='lat' dir='ltr'><strong>sunt</strong></span> <span class='ocrx_word' id='word_1_727' title='bbox 2210 3403 2270 3505; x_wconf 73' lang='lat' dir='ltr'><strong>in</strong></span> <span class='ocrx_word' id='word_1_728' title='bbox 2308 3406 2479 3506; x_wconf 71' lang='lat' dir='ltr'><strong>agris,</strong></span> <span class='ocrx_word' id='word_1_729' title='bbox 2511 3418 2566 3462; x_wconf 91' lang='lat' dir='ltr'><strong>et</strong></span> <span class='ocrx_word' id='word_1_730' title='bbox 2603 3424 2788 3466; x_wconf 90' lang='lat' dir='ltr'><strong>eorum</strong></span> <span class='ocrx_word' id='word_1_731' title='bbox 2821 3418 3104 3486; x_wconf 87' lang='lat' dir='ltr'><strong>magistros</strong></span> <span class='ocrx_word' id='word_1_732' title='bbox 3129 3424 3444 3487; x_wconf 81' lang='lat' dir='ltr'><strong>existimatis</strong></span> <span class='ocrx_word' id='word_1_733' title='bbox 3482 3403 3641 3506; x_wconf 73' lang='lat' dir='ltr'><strong>egere</strong></span> 
     </span>
    </p>
   </div>
   <div class='ocr_carea' id='block_1_95' title="bbox 2052 3493 3637 3597">
    <p class='ocr_par' dir='ltr' id='par_1_95' title="bbox 2052 3493 3637 3597">
     <span class='ocr_line' id='line_1_95' title="bbox 2052 3493 3637 3597; baseline 0.02 -52"><span class='ocrx_word' id='word_1_734' title='bbox 2052 3493 2332 3548; x_wconf 83' lang='lat' dir='ltr'><strong>doctrina?</strong></span> <span class='ocrx_word' id='word_1_735' title='bbox 2486 3513 2688 3597; x_wconf 49' lang='lat' dir='ltr'><strong>vos—me</strong></span> <span class='ocrx_word' id='word_1_736' title='bbox 2710 3504 2900 3559; x_wconf 86' lang='lat' dir='ltr'><strong>tenetis</strong></span> <span class='ocrx_word' id='word_1_737' title='bbox 2917 3506 3153 3566; x_wconf 73' lang='lat' dir='ltr'><strong>afﬁXum.</strong></span> <span class='ocrx_word' id='word_1_738' title='bbox 3173 3513 3306 3571; x_wconf 84' lang='lat' dir='ltr'><strong>Nam</strong></span> <span class='ocrx_word' id='word_1_739' title='bbox 3331 3493 3637 3597; x_wconf 54' lang='lat' dir='ltr'><strong>priusquau;</strong></span> 
     </span>
    </p>
   </div>
   <div class='ocr_carea' id='block_1_96' title="bbox 2051 3588 3637 3678">
    <p class='ocr_par' dir='ltr' id='par_1_96' title="bbox 2051 3588 3637 3678">
     <span class='ocr_line' id='line_1_96' title="bbox 2051 3588 3637 3678; baseline 0.026 -42"><span class='ocrx_word' id='word_1_740' title='bbox 2051 3594 2212 3678; x_wconf 85' lang='lat' dir='ltr'><strong>caput</strong></span> <span class='ocrx_word' id='word_1_741' title='bbox 2240 3597 2385 3642; x_wconf 89' lang='lat' dir='ltr'><strong>recte</strong></span> <span class='ocrx_word' id='word_1_742' title='bbox 2426 3588 2497 3643; x_wconf 88' lang='lat' dir='ltr'><strong>sit</strong></span> <span class='ocrx_word' id='word_1_743' title='bbox 2537 3590 2819 3660; x_wconf 75' lang='lat' dir='ltr'><strong>affectum,</strong></span> <span class='ocrx_word' id='word_1_744' title='bbox 2852 3610 3306 3664; x_wconf 88' lang='lat' dir='ltr'><strong>supervacaneum</strong></span> <span class='ocrx_word' id='word_1_745' title='bbox 3334 3588 3422 3667; x_wconf 88' lang='lat' dir='ltr'><strong>est</strong></span> <span class='ocrx_word' id='word_1_746' title='bbox 3454 3588 3529 3673; x_wconf 75' lang='lat' dir='ltr'><strong>ire</strong></span> <span class='ocrx_word' id='word_1_747' title='bbox 3568 3624 3637 3678; x_wconf 90' lang='lat' dir='ltr'><strong>ad</strong></span> 
     </span>
    </p>
   </div>
   <div class='ocr_carea' id='block_1_97' title="bbox 2055 3676 3639 3775">
    <p class='ocr_par' dir='ltr' id='par_1_97' title="bbox 2055 3676 3639 3775">
     <span class='ocr_line' id='line_1_97' title="bbox 2055 3676 3639 3775; baseline 0.016 -47"><span class='ocrx_word' id='word_1_748' title='bbox 2055 3676 2317 3746; x_wconf 81' lang='lat' dir='ltr'><strong>reliquum</strong></span> <span class='ocrx_word' id='word_1_749' title='bbox 2339 3694 2553 3749; x_wconf 89' lang='lat' dir='ltr'><strong>corpus.</strong></span> <span class='ocrx_word' id='word_1_750' title='bbox 2584 3681 2773 3739; x_wconf 88' lang='lat' dir='ltr'><strong>Omnia</strong></span> <span class='ocrx_word' id='word_1_751' title='bbox 2804 3686 2856 3741; x_wconf 92' lang='lat' dir='ltr'><strong>in</strong></span> <span class='ocrx_word' id='word_1_752' title='bbox 2887 3705 2983 3745; x_wconf 84' lang='lat' dir='ltr'><strong>nos</strong></span> <span class='ocrx_word' id='word_1_753' title='bbox 3012 3698 3323 3765; x_wconf 83' lang='lat' dir='ltr'><strong>congeritis.</strong></span> <span class='ocrx_word' id='word_1_754' title='bbox 3352 3676 3639 3775; x_wconf 50' lang='grc' dir='ltr'><strong>Οροι-ιετθί</strong></span> 
     </span>
    </p>
   </div>
   <div class='ocr_carea' id='block_1_98' title="bbox 2055 3768 3633 3871">
    <p class='ocr_par' dir='ltr' id='par_1_98' title="bbox 2055 3768 3633 3871">
     <span class='ocr_line' id='line_1_98' title="bbox 2055 3768 3633 3871; baseline 0.026 -54"><span class='ocrx_word' id='word_1_755' title='bbox 2055 3780 2158 3871; x_wconf 52' lang='lat' dir='ltr'><strong>viis</strong></span> <span class='ocrx_word' id='word_1_756' title='bbox 2184 3782 2213 3821; x_wconf 92' lang='lat' dir='ltr'><strong>a</strong></span> <span class='ocrx_word' id='word_1_757' title='bbox 2247 3768 2401 3825; x_wconf 90' lang='lat' dir='ltr'><strong>nobis</strong></span> <span class='ocrx_word' id='word_1_758' title='bbox 2444 3772 2619 3827; x_wconf 91' lang='lat' dir='ltr'><strong>solum</strong></span> <span class='ocrx_word' id='word_1_759' title='bbox 2660 3775 2900 3845; x_wconf 85' lang='lat' dir='ltr'><strong>discere;</strong></span> <span class='ocrx_word' id='word_1_760' title='bbox 2948 3796 3143 3839; x_wconf 89' lang='lat' dir='ltr'><strong>uxores</strong></span> <span class='ocrx_word' id='word_1_761' title='bbox 3170 3798 3349 3847; x_wconf 87' lang='lat' dir='ltr'><strong>autem</strong></span> <span class='ocrx_word' id='word_1_762' title='bbox 3392 3768 3633 3871; x_wconf 79' lang='lat' dir='ltr'><strong>avobis,</strong></span> 
     </span>
    </p>
   </div>
   <div class='ocr_carea' id='block_1_99' title="bbox 2053 3856 3635 3962">
    <p class='ocr_par' dir='ltr' id='par_1_99' title="bbox 2053 3856 3635 3962">
     <span class='ocr_line' id='line_1_99' title="bbox 2053 3856 3635 3962; baseline 0.027 -53"><span class='ocrx_word' id='word_1_763' title='bbox 2053 3856 2190 3910; x_wconf 91' lang='lat' dir='ltr'><strong>ﬁlios</strong></span> <span class='ocrx_word' id='word_1_764' title='bbox 2218 3874 2249 3912; x_wconf 90' lang='lat' dir='ltr'><strong>a</strong></span> <span class='ocrx_word' id='word_1_765' title='bbox 2279 3861 2463 3928; x_wconf 90' lang='lat' dir='ltr'><strong>vobis;</strong></span> <span class='ocrx_word' id='word_1_766' title='bbox 2494 3863 2588 3918; x_wconf 91' lang='lat' dir='ltr'><strong>sed</strong></span> <span class='ocrx_word' id='word_1_767' title='bbox 2617 3866 2772 3922; x_wconf 89' lang='lat' dir='ltr'><strong>nobis</strong></span> <span class='ocrx_word' id='word_1_768' title='bbox 2798 3871 2976 3925; x_wconf 86' lang='lat' dir='ltr'><strong>omnia</strong></span> <span class='ocrx_word' id='word_1_769' title='bbox 2999 3875 3313 3948; x_wconf 89' lang='lat' dir='ltr'><strong>relinquitis.</strong></span> <span class='ocrx_word' id='word_1_770' title='bbox 3347 3856 3635 3962; x_wconf 71' lang='lat' dir='ltr'><strong>Propterea</strong></span> 
     </span>
    </p>
   </div>
   <div class='ocr_carea' id='block_1_100' title="bbox 2054 3954 3637 4044">
    <p class='ocr_par' dir='ltr' id='par_1_100' title="bbox 2054 3954 3637 4044">
     <span class='ocr_line' id='line_1_100' title="bbox 2054 3954 3637 4044; baseline 0.012 -40"><span class='ocrx_word' id='word_1_771' title='bbox 2054 3965 2278 4020; x_wconf 86' lang='lat' dir='ltr'><strong>magnus</strong></span> <span class='ocrx_word' id='word_1_772' title='bbox 2303 3964 2385 4008; x_wconf 87' lang='lat' dir='ltr'><strong>est</strong></span> <span class='ocrx_word' id='word_1_773' title='bbox 2411 3954 2581 4010; x_wconf 86' lang='lat' dir='ltr'><strong>labor.</strong></span> <span class='ocrx_word' id='word_1_774' title='bbox 2611 3955 2893 4027; x_wconf 84' lang='lat' dir='ltr'><strong>Docentes,</strong></span> <span class='ocrx_word' id='word_1_775' title='bbox 2931 3964 3137 4038; x_wconf 82' lang='lat' dir='ltr'><strong>inquit,</strong></span> <span class='ocrx_word' id='word_1_776' title='bbox 3179 3982 3228 4026; x_wconf 86' lang='lat' dir='ltr'><strong>et</strong></span> <span class='ocrx_word' id='word_1_777' title='bbox 3263 3954 3637 4044; x_wconf 68' lang='grc' dir='ltr'><strong>εωηηιοήεηιε,</strong></span> 
     </span>
    </p>
   </div>
   <div class='ocr_carea' id='block_1_101' title="bbox 2044 4045 3633 4141">
    <p class='ocr_par' dir='ltr' id='par_1_101' title="bbox 2044 4045 3633 4141">
     <span class='ocr_line' id='line_1_101' title="bbox 2044 4045 3633 4141; baseline 0.026 -48"><span class='ocrx_word' id='word_1_778' title='bbox 2044 4045 2378 4112; x_wconf 71' lang='grc' dir='ltr'><strong>-υοδηιειίρδυε</strong></span> <span class='ocrx_word' id='word_1_779' title='bbox 2404 4047 2457 4099; x_wconf 84' lang='lat' dir='ltr'><strong>in</strong></span> <span class='ocrx_word' id='word_1_780' title='bbox 2494 4048 2736 4117; x_wconf 77' lang='lat' dir='ltr'><strong>psalmis,</strong></span> <span class='ocrx_word' id='word_1_781' title='bbox 2771 4052 3003 4123; x_wconf 80' lang='lat' dir='ltr'><strong>hymnis,</strong></span> <span class='ocrx_word' id='word_1_782' title='bbox 3035 4070 3081 4114; x_wconf 87' lang='lat' dir='ltr'><strong>et</strong></span> <span class='ocrx_word' id='word_1_783' title='bbox 3116 4067 3326 4123; x_wconf 85' lang='lat' dir='ltr'><strong>canticis</strong></span> <span class='ocrx_word' id='word_1_784' title='bbox 3348 4075 3633 4141; x_wconf 84' lang='lat' dir='ltr'><strong>spirituali-</strong></span> 
     </span>
    </p>
   </div>
   <div class='ocr_carea' id='block_1_102' title="bbox 2052 4137 3631 4228">
    <p class='ocr_par' dir='ltr' id='par_1_102' title="bbox 2052 4137 3631 4228">
     <span class='ocr_line' id='line_1_102' title="bbox 2052 4137 3631 4228; baseline 0.024 -39"><span class='ocrx_word' id='word_1_785' title='bbox 2052 4138 2161 4189; x_wconf 86' lang='lat' dir='ltr'><strong>bus.</strong></span> <span class='ocrx_word' id='word_1_786' title='bbox 2195 4137 2324 4193; x_wconf 91' lang='lat' dir='ltr'><strong>Vide</strong></span> <span class='ocrx_word' id='word_1_787' title='bbox 2348 4154 2633 4208; x_wconf 87' lang='lat' dir='ltr'><strong>quamnon</strong></span> <span class='ocrx_word' id='word_1_788' title='bbox 2666 4144 2998 4214; x_wconf 89' lang='lat' dir='ltr'><strong>importunus</strong></span> <span class='ocrx_word' id='word_1_789' title='bbox 3018 4164 3074 4208; x_wconf 91' lang='lat' dir='ltr'><strong>et</strong></span> <span class='ocrx_word' id='word_1_790' title='bbox 3102 4137 3465 4222; x_wconf 74' lang='lat' dir='ltr'><strong>molestussit</strong></span> <span class='ocrx_word' id='word_1_791' title='bbox 3489 4171 3631 4228; x_wconf 79' lang='lat' dir='ltr'><strong>Pau-</strong></span> 
     </span>
    </p>
   </div>
   <div class='ocr_carea' id='block_1_103' title="bbox 2051 4228 3634 4323">
    <p class='ocr_par' dir='ltr' id='par_1_103' title="bbox 2051 4228 3634 4323">
     <span class='ocr_line' id='line_1_103' title="bbox 2051 4228 3634 4323; baseline 0.025 -41"><span class='ocrx_word' id='word_1_792' title='bbox 2051 4228 2151 4283; x_wconf 92' lang='lat' dir='ltr'><strong>lus.</strong></span> <span class='ocrx_word' id='word_1_793' title='bbox 2184 4229 2444 4298; x_wconf 85' lang='lat' dir='ltr'><strong>Quoniam</strong></span> <span class='ocrx_word' id='word_1_794' title='bbox 2471 4233 2737 4291; x_wconf 49' lang='lat' dir='ltr'><strong>lcctiooest</strong></span> <span class='ocrx_word' id='word_1_795' title='bbox 2759 4238 3046 4310; x_wconf 85' lang='lat' dir='ltr'><strong>laboriosa,</strong></span> <span class='ocrx_word' id='word_1_796' title='bbox 3075 4259 3130 4302; x_wconf 86' lang='lat' dir='ltr'><strong>et</strong></span> <span class='ocrx_word' id='word_1_797' title='bbox 3152 4252 3304 4307; x_wconf 88' lang='lat' dir='ltr'><strong>valde</strong></span> <span class='ocrx_word' id='word_1_798' title='bbox 3326 4261 3546 4317; x_wconf 85' lang='lat' dir='ltr'><strong>molesta</strong></span> <span class='ocrx_word' id='word_1_799' title='bbox 3579 4277 3634 4323; x_wconf 89' lang='lat' dir='ltr'><strong>et</strong></span> 
     </span>
    </p>
   </div>
   <div class='ocr_carea' id='block_1_104' title="bbox 2048 4323 3634 4421">
    <p class='ocr_par' dir='ltr' id='par_1_104' title="bbox 2048 4323 3634 4421">
     <span class='ocr_line' id='line_1_104' title="bbox 2048 4323 3634 4421; baseline 0.026 -51"><span class='ocrx_word' id='word_1_800' title='bbox 2048 4323 2245 4421; x_wconf 73' lang='lat' dir='ltr'><strong>gravis,</strong></span> <span class='ocrx_word' id='word_1_801' title='bbox 2277 4323 2633 4421; x_wconf 41' lang='lat' dir='ltr'><strong>non-deduxit</strong></span> <span class='ocrx_word' id='word_1_802' title='bbox 2656 4327 2723 4383; x_wconf 89' lang='lat' dir='ltr'><strong>ad</strong></span> <span class='ocrx_word' id='word_1_803' title='bbox 2757 4330 3043 4401; x_wconf 88' lang='lat' dir='ltr'><strong>historias;</strong></span> <span class='ocrx_word' id='word_1_804' title='bbox 3075 4340 3170 4394; x_wconf 91' lang='lat' dir='ltr'><strong>sed</strong></span> <span class='ocrx_word' id='word_1_805' title='bbox 3199 4343 3266 4397; x_wconf 91' lang='lat' dir='ltr'><strong>ad</strong></span> <span class='ocrx_word' id='word_1_806' title='bbox 3291 4348 3545 4421; x_wconf 88' lang='lat' dir='ltr'><strong>psalmos,</strong></span> <span class='ocrx_word' id='word_1_807' title='bbox 3576 4369 3634 4412; x_wconf 89' lang='lat' dir='ltr'><strong>ut</strong></span> 
     </span>
    </p>
   </div>
   <div class='ocr_carea' id='block_1_105' title="bbox 2048 4413 3627 4503">
    <p class='ocr_par' dir='ltr' id='par_1_105' title="bbox 2048 4413 3627 4503">
     <span class='ocr_line' id='line_1_105' title="bbox 2048 4413 3627 4503; baseline 0.023 -37"><span class='ocrx_word' id='word_1_808' title='bbox 2048 4413 2208 4468; x_wconf 89' lang='lat' dir='ltr'><strong>simul</strong></span> <span class='ocrx_word' id='word_1_809' title='bbox 2234 4422 2287 4468; x_wconf 92' lang='lat' dir='ltr'><strong>et</strong></span> <span class='ocrx_word' id='word_1_810' title='bbox 2311 4414 2549 4470; x_wconf 89' lang='lat' dir='ltr'><strong>animum</strong></span> <span class='ocrx_word' id='word_1_811' title='bbox 2581 4418 2820 4476; x_wconf 87' lang='lat' dir='ltr'><strong>oblectes</strong></span> <span class='ocrx_word' id='word_1_812' title='bbox 2843 4439 3070 4494; x_wconf 90' lang='lat' dir='ltr'><strong>canens,</strong></span> <span class='ocrx_word' id='word_1_813' title='bbox 3102 4441 3155 4485; x_wconf 91' lang='lat' dir='ltr'><strong>et</strong></span> <span class='ocrx_word' id='word_1_814' title='bbox 3184 4413 3336 4490; x_wconf 81' lang='lat' dir='ltr'><strong>fallas</strong></span> <span class='ocrx_word' id='word_1_815' title='bbox 3367 4413 3627 4503; x_wconf 79' lang='lat' dir='ltr'><strong>laborem.</strong></span> 
     </span>
    </p>
   </div>
   <div class='ocr_carea' id='block_1_106' title="bbox 2051 4503 3626 4595">
    <p class='ocr_par' dir='ltr' id='par_1_106' title="bbox 2051 4503 3626 4595">
     <span class='ocr_line' id='line_1_106' title="bbox 2051 4503 3626 4595; baseline 0.024 -39"><span class='ocrx_word' id='word_1_816' title='bbox 2051 4503 2274 4575; x_wconf 83' lang='lat' dir='ltr'><strong>Hymnis</strong></span> <span class='ocrx_word' id='word_1_817' title='bbox 2294 4548 2306 4568; x_wconf 88' lang='lat'><strong>,</strong></span> <span class='ocrx_word' id='word_1_818' title='bbox 2340 4506 2544 4577; x_wconf 88' lang='lat' dir='ltr'><strong>inquit,</strong></span> <span class='ocrx_word' id='word_1_819' title='bbox 2575 4519 2622 4563; x_wconf 81' lang='lat' dir='ltr'><strong>et</strong></span> <span class='ocrx_word' id='word_1_820' title='bbox 2647 4514 2857 4568; x_wconf 87' lang='lat' dir='ltr'><strong>canticis</strong></span> <span class='ocrx_word' id='word_1_821' title='bbox 2883 4518 3246 4581; x_wconf 81' lang='lat' dir='ltr'><strong>spiritualibns.</strong></span> <span class='ocrx_word' id='word_1_822' title='bbox 3273 4527 3425 4587; x_wconf 93' lang='lat' dir='ltr'><strong>Nunc</strong></span> <span class='ocrx_word' id='word_1_823' title='bbox 3450 4548 3626 4595; x_wconf 89' lang='lat' dir='ltr'><strong>autetn</strong></span> 
     </span>
    </p>
   </div>
   <div class='ocr_carea' id='block_1_107' title="bbox 2047 4596 3625 4695">
    <p class='ocr_par' dir='ltr' id='par_1_107' title="bbox 2047 4596 3625 4695">
     <span class='ocr_line' id='line_1_107' title="bbox 2047 4596 3625 4695; baseline 0.021 -46"><span class='ocrx_word' id='word_1_824' title='bbox 2047 4596 2283 4650; x_wconf 81' lang='lat' dir='ltr'><strong>samniea</strong></span> <span class='ocrx_word' id='word_1_825' title='bbox 2309 4598 2526 4666; x_wconf 78' lang='lat' dir='ltr'><strong>quidem</strong></span> <span class='ocrx_word' id='word_1_826' title='bbox 2546 4603 2773 4669; x_wconf 87' lang='lat' dir='ltr'><strong>cantica,</strong></span> <span class='ocrx_word' id='word_1_827' title='bbox 2800 4614 2852 4659; x_wconf 90' lang='lat' dir='ltr'><strong>et</strong></span> <span class='ocrx_word' id='word_1_828' title='bbox 2872 4607 3180 4667; x_wconf 84' lang='lat' dir='ltr'><strong>saltationes</strong></span> <span class='ocrx_word' id='word_1_829' title='bbox 3204 4623 3366 4674; x_wconf 88' lang='lat' dir='ltr'><strong>vestri</strong></span> <span class='ocrx_word' id='word_1_830' title='bbox 3391 4622 3625 4695; x_wconf 78' lang='lat' dir='ltr'><strong>deligunt</strong></span> 
     </span>
    </p>
   </div>
   <div class='ocr_carea' id='block_1_108' title="bbox 2050 4688 3632 4782">
    <p class='ocr_par' dir='ltr' id='par_1_108' title="bbox 2050 4688 3632 4782">
     <span class='ocr_line' id='line_1_108' title="bbox 2050 4688 3632 4782; baseline 0.025 -44"><span class='ocrx_word' id='word_1_831' title='bbox 2050 4688 2236 4756; x_wconf 86' lang='lat' dir='ltr'><strong>pueri,</strong></span> <span class='ocrx_word' id='word_1_832' title='bbox 2284 4689 2423 4743; x_wconf 90' lang='lat' dir='ltr'><strong>sicut</strong></span> <span class='ocrx_word' id='word_1_833' title='bbox 2470 4693 2628 4761; x_wconf 84' lang='lat' dir='ltr'><strong>coqui</strong></span> <span class='ocrx_word' id='word_1_834' title='bbox 2677 4703 2732 4749; x_wconf 91' lang='lat' dir='ltr'><strong>et</strong></span> <span class='ocrx_word' id='word_1_835' title='bbox 2770 4697 3157 4768; x_wconf 84' lang='lat' dir='ltr'><strong>obsonatores,</strong></span> <span class='ocrx_word' id='word_1_836' title='bbox 3208 4718 3263 4763; x_wconf 89' lang='lat' dir='ltr'><strong>et</strong></span> <span class='ocrx_word' id='word_1_837' title='bbox 3303 4716 3391 4782; x_wconf 90' lang='lat' dir='ltr'><strong>qui</strong></span> <span class='ocrx_word' id='word_1_838' title='bbox 3437 4688 3632 4778; x_wconf 73' lang='lat' dir='ltr'><strong>choros</strong></span> 
     </span>
    </p>
   </div>
   <div class='ocr_carea' id='block_1_109' title="bbox 2046 4787 3629 4873">
    <p class='ocr_par' dir='ltr' id='par_1_109' title="bbox 2046 4787 3629 4873">
     <span class='ocr_line' id='line_1_109' title="bbox 2046 4787 3629 4873; baseline 0.025 -41"><span class='ocrx_word' id='word_1_839' title='bbox 2046 4790 2248 4873; x_wconf 80' lang='lat' dir='ltr'><strong>agunt:</strong></span> <span class='ocrx_word' id='word_1_840' title='bbox 2282 4794 2441 4836; x_wconf 85' lang='lat' dir='ltr'><strong>nemo</strong></span> <span class='ocrx_word' id='word_1_841' title='bbox 2465 4793 2643 4839; x_wconf 89' lang='lat' dir='ltr'><strong>autem</strong></span> <span class='ocrx_word' id='word_1_842' title='bbox 2687 4787 2850 4843; x_wconf 90' lang='lat' dir='ltr'><strong>ullum</strong></span> <span class='ocrx_word' id='word_1_843' title='bbox 2891 4795 3041 4849; x_wconf 86' lang='lat' dir='ltr'><strong>novit</strong></span> <span class='ocrx_word' id='word_1_844' title='bbox 3083 4800 3373 4872; x_wconf 89' lang='lat' dir='ltr'><strong>psalmum,</strong></span> <span class='ocrx_word' id='word_1_845' title='bbox 3417 4812 3511 4866; x_wconf 86' lang='lat' dir='ltr'><strong>sed</strong></span> <span class='ocrx_word' id='word_1_846' title='bbox 3543 4832 3629 4873; x_wconf 87' lang='lat' dir='ltr'><strong>res</strong></span> 
     </span>
    </p>
   </div>
   <div class='ocr_carea' id='block_1_110' title="bbox 2046 4868 3629 4961">
    <p class='ocr_par' dir='ltr' id='par_1_110' title="bbox 2046 4868 3629 4961">
     <span class='ocr_line' id='line_1_110' title="bbox 2046 4868 3629 4961; baseline 0.023 -38"><span class='ocrx_word' id='word_1_847' title='bbox 2046 4868 2260 4924; x_wconf 68' lang='lat' dir='ltr'><strong>videtur</strong></span> <span class='ocrx_word' id='word_1_848' title='bbox 2283 4886 2403 4926; x_wconf 86' lang='lat' dir='ltr'><strong>esse</strong></span> <span class='ocrx_word' id='word_1_849' title='bbox 2430 4874 2700 4943; x_wconf 85' lang='lat' dir='ltr'><strong>pudenda,</strong></span> <span class='ocrx_word' id='word_1_850' title='bbox 2731 4880 2953 4938; x_wconf 90' lang='lat' dir='ltr'><strong>ridicula</strong></span> <span class='ocrx_word' id='word_1_851' title='bbox 2980 4896 3030 4940; x_wconf 91' lang='lat' dir='ltr'><strong>et</strong></span> <span class='ocrx_word' id='word_1_852' title='bbox 3058 4868 3453 4953; x_wconf 82' lang='lat' dir='ltr'><strong>subsannanda.</strong></span> <span class='ocrx_word' id='word_1_853' title='bbox 3480 4868 3629 4961; x_wconf 72' lang='lat' dir='ltr'><strong>illinc</strong></span> 
     </span>
    </p>
   </div>
   <div class='ocr_carea' id='block_1_111' title="bbox 2047 4968 3633 5054">
    <p class='ocr_par' dir='ltr' id='par_1_111' title="bbox 2047 4968 3633 5054">
     <span class='ocr_line' id='line_1_111' title="bbox 2047 4968 3633 5054; baseline 0.019 -41"><span class='ocrx_word' id='word_1_854' title='bbox 2047 4974 2435 5018; x_wconf 80' lang='lat' dir='ltr'><strong>conservantur</strong></span> <span class='ocrx_word' id='word_1_855' title='bbox 2458 4968 2636 5023; x_wconf 90' lang='lat' dir='ltr'><strong>omnia</strong></span> <span class='ocrx_word' id='word_1_856' title='bbox 2659 4972 2818 5026; x_wconf 88' lang='lat' dir='ltr'><strong>mala.</strong></span> <span class='ocrx_word' id='word_1_857' title='bbox 2849 4972 2915 5028; x_wconf 89' lang='lat' dir='ltr'><strong>In</strong></span> <span class='ocrx_word' id='word_1_858' title='bbox 2933 4980 3073 5046; x_wconf 90' lang='lat' dir='ltr'><strong>quali</strong></span> <span class='ocrx_word' id='word_1_859' title='bbox 3097 4983 3240 5038; x_wconf 90' lang='lat' dir='ltr'><strong>enim</strong></span> <span class='ocrx_word' id='word_1_860' title='bbox 3262 4996 3401 5044; x_wconf 87' lang='lat' dir='ltr'><strong>terra</strong></span> <span class='ocrx_word' id='word_1_861' title='bbox 3423 5002 3633 5054; x_wconf 64' lang='lat' dir='ltr'><strong>steterit,</strong></span> 
     </span>
    </p>
   </div>
   <div class='ocr_carea' id='block_1_112' title="bbox 2049 5056 3631 5159">
    <p class='ocr_par' dir='ltr' id='par_1_112' title="bbox 2049 5056 3631 5159">
     <span class='ocr_line' id='line_1_112' title="bbox 2049 5056 3631 5159; baseline 0.025 -53"><span class='ocrx_word' id='word_1_862' title='bbox 2049 5056 2228 5124; x_wconf 87' lang='lat' dir='ltr'><strong>planta</strong></span> <span class='ocrx_word' id='word_1_863' title='bbox 2249 5098 2265 5123; x_wconf 89' lang='lat'><strong>,</strong></span> <span class='ocrx_word' id='word_1_864' title='bbox 2312 5058 2469 5113; x_wconf 91' lang='lat' dir='ltr'><strong>talem</strong></span> <span class='ocrx_word' id='word_1_865' title='bbox 2501 5060 2603 5115; x_wconf 88' lang='lat' dir='ltr'><strong>fert</strong></span> <span class='ocrx_word' id='word_1_866' title='bbox 2644 5063 2872 5121; x_wconf 82' lang='lat' dir='ltr'><strong>fructum</strong></span> <span class='ocrx_word' id='word_1_867' title='bbox 2904 5087 2917 5123; x_wconf 86' lang='lat'><strong>:</strong></span> <span class='ocrx_word' id='word_1_868' title='bbox 2961 5070 3005 5125; x_wconf 90' lang='lat' dir='ltr'><strong>si</strong></span> <span class='ocrx_word' id='word_1_869' title='bbox 3036 5072 3089 5127; x_wconf 92' lang='lat' dir='ltr'><strong>in</strong></span> <span class='ocrx_word' id='word_1_870' title='bbox 3129 5092 3351 5136; x_wconf 85' lang='lat' dir='ltr'><strong>arenosa</strong></span> <span class='ocrx_word' id='word_1_871' title='bbox 3379 5093 3436 5139; x_wconf 91' lang='lat' dir='ltr'><strong>et</strong></span> <span class='ocrx_word' id='word_1_872' title='bbox 3459 5090 3631 5159; x_wconf 87' lang='lat' dir='ltr'><strong>salsa,</strong></span> 
     </span>
    </p>
   </div>
   <div class='ocr_carea' id='block_1_113' title="bbox 2048 5147 3634 5235">
    <p class='ocr_par' dir='ltr' id='par_1_113' title="bbox 2048 5147 3634 5235">
     <span class='ocr_line' id='line_1_113' title="bbox 2048 5147 3634 5235; baseline 0.022 -35"><span class='ocrx_word' id='word_1_873' title='bbox 2048 5147 2244 5210; x_wconf 75' lang='lat' dir='ltr'><strong>uilem;</strong></span> <span class='ocrx_word' id='word_1_874' title='bbox 2275 5149 2319 5203; x_wconf 89' lang='lat' dir='ltr'><strong>si</strong></span> <span class='ocrx_word' id='word_1_875' title='bbox 2350 5149 2404 5203; x_wconf 93' lang='lat' dir='ltr'><strong>in</strong></span> <span class='ocrx_word' id='word_1_876' title='bbox 2434 5150 2575 5206; x_wconf 89' lang='lat' dir='ltr'><strong>dulci</strong></span> <span class='ocrx_word' id='word_1_877' title='bbox 2599 5162 2654 5208; x_wconf 89' lang='lat' dir='ltr'><strong>et</strong></span> <span class='ocrx_word' id='word_1_878' title='bbox 2679 5155 2881 5227; x_wconf 87' lang='lat' dir='ltr'><strong>pingui,</strong></span> <span class='ocrx_word' id='word_1_879' title='bbox 2912 5177 3095 5219; x_wconf 87' lang='lat' dir='ltr'><strong>rursus</strong></span> <span class='ocrx_word' id='word_1_880' title='bbox 3121 5167 3372 5227; x_wconf 89' lang='lat' dir='ltr'><strong>similem.</strong></span> <span class='ocrx_word' id='word_1_881' title='bbox 3400 5174 3490 5232; x_wconf 90' lang='lat' dir='ltr'><strong>Sic</strong></span> <span class='ocrx_word' id='word_1_882' title='bbox 3514 5147 3634 5235; x_wconf 73' lang='lat' dir='ltr'><strong>fons</strong></span> 
     </span>
    </p>
   </div>
   <div class='ocr_carea' id='block_1_114' title="bbox 2046 5239 3632 5334">
    <p class='ocr_par' dir='ltr' id='par_1_114' title="bbox 2046 5239 3632 5334">
     <span class='ocr_line' id='line_1_114' title="bbox 2046 5239 3632 5334; baseline 0.023 -45"><span class='ocrx_word' id='word_1_883' title='bbox 2046 5239 2259 5306; x_wconf 85' lang='lat' dir='ltr'><strong>quidam</strong></span> <span class='ocrx_word' id='word_1_884' title='bbox 2288 5250 2414 5296; x_wconf 87' lang='lat' dir='ltr'><strong>sunt</strong></span> <span class='ocrx_word' id='word_1_885' title='bbox 2450 5243 2792 5304; x_wconf 86' lang='lat' dir='ltr'><strong>documenta.</strong></span> <span class='ocrx_word' id='word_1_886' title='bbox 2825 5251 2966 5309; x_wconf 86' lang='lat' dir='ltr'><strong>Doce</strong></span> <span class='ocrx_word' id='word_1_887' title='bbox 3006 5271 3128 5310; x_wconf 91' lang='lat' dir='ltr'><strong>eum</strong></span> <span class='ocrx_word' id='word_1_888' title='bbox 3157 5274 3352 5317; x_wconf 88' lang='lat' dir='ltr'><strong>canere</strong></span> <span class='ocrx_word' id='word_1_889' title='bbox 3390 5269 3632 5334; x_wconf 79' lang='lat' dir='ltr'><strong>psalmos</strong></span> 
     </span>
    </p>
   </div>
   <div class='ocr_carea' id='block_1_115' title="bbox 2048 5331 3632 5417">
    <p class='ocr_par' dir='ltr' id='par_1_115' title="bbox 2048 5331 3632 5417">
     <span class='ocr_line' id='line_1_115' title="bbox 2048 5331 3632 5417; baseline 0.02 -30"><span class='ocrx_word' id='word_1_890' title='bbox 2048 5331 2168 5388; x_wconf 84' lang='lat' dir='ltr'><strong>illos</strong></span> <span class='ocrx_word' id='word_1_891' title='bbox 2199 5334 2386 5403; x_wconf 87' lang='lat' dir='ltr'><strong>plenos</strong></span> <span class='ocrx_word' id='word_1_892' title='bbox 2425 5336 2763 5409; x_wconf 87' lang='lat' dir='ltr'><strong>philosophia</strong></span> <span class='ocrx_word' id='word_1_893' title='bbox 2794 5359 2808 5395; x_wconf 87' lang='lat'>:</span> <span class='ocrx_word' id='word_1_894' title='bbox 2843 5359 3035 5415; x_wconf 89' lang='lat' dir='ltr'><strong>nempe</strong></span> <span class='ocrx_word' id='word_1_895' title='bbox 3074 5351 3253 5406; x_wconf 81' lang='lat' dir='ltr'><strong>statim</strong></span> <span class='ocrx_word' id='word_1_896' title='bbox 3281 5354 3351 5411; x_wconf 87' lang='lat' dir='ltr'><strong>de</strong></span> <span class='ocrx_word' id='word_1_897' title='bbox 3378 5331 3632 5417; x_wconf 80' lang='lat' dir='ltr'><strong>modera-</strong></span> 
     </span>
    </p>
   </div>
   <div class='ocr_carea' id='block_1_116' title="bbox 2048 5424 3640 5511">
    <p class='ocr_par' dir='ltr' id='par_1_116' title="bbox 2048 5424 3640 5511">
     <span class='ocr_line' id='line_1_116' title="bbox 2048 5424 3640 5511; baseline 0.02 -32"><span class='ocrx_word' id='word_1_898' title='bbox 2048 5424 2195 5480; x_wconf 78' lang='lat' dir='ltr'><strong>tione</strong></span> <span class='ocrx_word' id='word_1_899' title='bbox 2220 5436 2272 5480; x_wconf 91' lang='lat' dir='ltr'><strong>et</strong></span> <span class='ocrx_word' id='word_1_900' title='bbox 2299 5433 2649 5498; x_wconf 87' lang='lat' dir='ltr'><strong>temperantia</strong></span> <span class='ocrx_word' id='word_1_901' title='bbox 2668 5474 2683 5500; x_wconf 95' lang='lat'><strong>,</strong></span> <span class='ocrx_word' id='word_1_902' title='bbox 2725 5435 2832 5489; x_wconf 90' lang='lat' dir='ltr'><strong>imo</strong></span> <span class='ocrx_word' id='word_1_903' title='bbox 2860 5452 2989 5492; x_wconf 83' lang='lat' dir='ltr'><strong>vero</strong></span> <span class='ocrx_word' id='word_1_904' title='bbox 3025 5450 3151 5497; x_wconf 89' lang='lat' dir='ltr'><strong>ante</strong></span> <span class='ocrx_word' id='word_1_905' title='bbox 3188 5447 3365 5502; x_wconf 88' lang='lat' dir='ltr'><strong>omnia</strong></span> <span class='ocrx_word' id='word_1_906' title='bbox 3410 5450 3478 5506; x_wconf 91' lang='lat' dir='ltr'><strong>de</strong></span> <span class='ocrx_word' id='word_1_907' title='bbox 3507 5469 3640 5511; x_wconf 86' lang='lat' dir='ltr'><strong>con-</strong></span> 
     </span>
    </p>
   </div>
   <div class='ocr_carea' id='block_1_117' title="bbox 2048 5518 3633 5614">
    <p class='ocr_par' dir='ltr' id='par_1_117' title="bbox 2048 5518 3633 5614">
     <span class='ocr_line' id='line_1_117' title="bbox 2048 5518 3633 5614; baseline 0.02 -45"><span class='ocrx_word' id='word_1_908' title='bbox 2048 5518 2332 5572; x_wconf 82' lang='lat' dir='ltr'><strong>suetudine</strong></span> <span class='ocrx_word' id='word_1_909' title='bbox 2373 5536 2477 5573; x_wconf 91' lang='lat' dir='ltr'><strong>non</strong></span> <span class='ocrx_word' id='word_1_910' title='bbox 2527 5522 2766 5578; x_wconf 88' lang='lat' dir='ltr'><strong>habenda</strong></span> <span class='ocrx_word' id='word_1_911' title='bbox 2797 5541 2917 5580; x_wconf 89' lang='lat' dir='ltr'><strong>cum</strong></span> <span class='ocrx_word' id='word_1_912' title='bbox 2967 5532 3152 5599; x_wconf 87' lang='lat' dir='ltr'><strong>malis,</strong></span> <span class='ocrx_word' id='word_1_913' title='bbox 3196 5537 3375 5592; x_wconf 83' lang='lat' dir='ltr'><strong>statim</strong></span> <span class='ocrx_word' id='word_1_914' title='bbox 3418 5543 3486 5597; x_wconf 84' lang='lat' dir='ltr'><strong>ab</strong></span> <span class='ocrx_word' id='word_1_915' title='bbox 3517 5544 3633 5614; x_wconf 81' lang='lat' dir='ltr'><strong>ipso</strong></span> 
     </span>
    </p>
   </div>
   <div class='ocr_carea' id='block_1_118' title="bbox 2050 5608 3630 5707">
    <p class='ocr_par' dir='ltr' id='par_1_118' title="bbox 2050 5608 3630 5707">
     <span class='ocr_line' id='line_1_118' title="bbox 2050 5608 3630 5707; baseline 0.021 -46"><span class='ocrx_word' id='word_1_916' title='bbox 2050 5608 2203 5707; x_wconf 78' lang='lat' dir='ltr'><strong>initio</strong></span> <span class='ocrx_word' id='word_1_917' title='bbox 2226 5610 2344 5665; x_wconf 80' lang='lat' dir='ltr'><strong>libri</strong></span> <span class='ocrx_word' id='word_1_918' title='bbox 2375 5613 2679 5684; x_wconf 86' lang='lat' dir='ltr'><strong>(propterea</strong></span> <span class='ocrx_word' id='word_1_919' title='bbox 2708 5619 2848 5673; x_wconf 88' lang='lat' dir='ltr'><strong>enim</strong></span> <span class='ocrx_word' id='word_1_920' title='bbox 2883 5621 3005 5676; x_wconf 90' lang='lat' dir='ltr'><strong>hinc</strong></span> <span class='ocrx_word' id='word_1_921' title='bbox 3031 5637 3243 5696; x_wconf 86' lang='lat' dir='ltr'><strong>quoque</strong></span> <span class='ocrx_word' id='word_1_922' title='bbox 3266 5631 3465 5703; x_wconf 87' lang='lat' dir='ltr'><strong>incepit</strong></span> <span class='ocrx_word' id='word_1_923' title='bbox 3503 5608 3630 5707; x_wconf 71' lang='lat' dir='ltr'><strong>pro-</strong></span> 
     </span>
    </p>
   </div>
   <div class='ocr_carea' id='block_1_119' title="bbox 2048 5701 3621 5785">
    <p class='ocr_par' dir='ltr' id='par_1_119' title="bbox 2048 5701 3621 5785">
     <span class='ocr_line' id='line_1_119' title="bbox 2048 5701 3621 5785; baseline 0.02 -32"><span class='ocrx_word' id='word_1_924' title='bbox 2048 5701 2210 5772; x_wconf 88' lang='lat' dir='ltr'><strong>pheta</strong></span> <span class='ocrx_word' id='word_1_925' title='bbox 2231 5744 2245 5766; x_wconf 91' lang='lat'><strong>,</strong></span> <span class='ocrx_word' id='word_1_926' title='bbox 2268 5706 2484 5765; x_wconf 78' lang='lat' dir='ltr'><strong>dicens.</strong></span> <span class='ocrx_word' id='word_1_927' title='bbox 2513 5708 2695 5764; x_wconf 84' lang='lat' dir='ltr'><strong>Beatus</strong></span> <span class='ocrx_word' id='word_1_928' title='bbox 2721 5714 2796 5764; x_wconf 83' lang='lat' dir='ltr'><strong>vir</strong></span> <span class='ocrx_word' id='word_1_929' title='bbox 2822 5714 2910 5783; x_wconf 86' lang='lat' dir='ltr'><strong>qui</strong></span> <span class='ocrx_word' id='word_1_930' title='bbox 2938 5732 3039 5769; x_wconf 89' lang='lat' dir='ltr'><strong>non</strong></span> <span class='ocrx_word' id='word_1_931' title='bbox 3068 5720 3191 5773; x_wconf 84' lang='lat' dir='ltr'><strong>abiit</strong></span> <span class='ocrx_word' id='word_1_932' title='bbox 3216 5723 3266 5775; x_wconf 86' lang='lat' dir='ltr'><strong>in</strong></span> <span class='ocrx_word' id='word_1_933' title='bbox 3294 5701 3621 5785; x_wconf 47' lang='lat' dir='ltr'><strong>consilio-im.</strong></span> 
     </span>
    </p>
   </div>
   <div class='ocr_carea' id='block_1_120' title="bbox 2086 5797 3635 5875">
    <p class='ocr_par' dir='ltr' id='par_1_120' title="bbox 2086 5797 3635 5875">
     <span class='ocr_line' id='line_1_120' title="bbox 2086 5797 3635 5875; baseline 0.017 -27"><span class='ocrx_word' id='word_1_934' title='bbox 2086 5797 2246 5849; x_wconf 82' lang='lat' dir='ltr'><strong>iorum</strong></span> <span class='ocrx_word' id='word_1_935' title='bbox 2276 5797 2444 5869; x_wconf 78' lang='lat' dir='ltr'><strong>[PsuL</strong></span> <span class='ocrx_word' id='word_1_936' title='bbox 2469 5801 2518 5854; x_wconf 83' lang='grc'><strong>1.</strong></span> <span class='ocrx_word' id='word_1_937' title='bbox 2547 5800 2630 5874; x_wconf 79' lang='grc'><strong>1];</strong></span> <span class='ocrx_word' id='word_1_938' title='bbox 2662 5814 2712 5858; x_wconf 87' lang='lat' dir='ltr'><strong>et</strong></span> <span class='ocrx_word' id='word_1_939' title='bbox 2740 5820 2926 5859; x_wconf 79' lang='lat' dir='ltr'><strong>rursus</strong></span> <span class='ocrx_word' id='word_1_940' title='bbox 2947 5848 2962 5870; x_wconf 86' lang='lat'><strong>,</strong></span> <span class='ocrx_word' id='word_1_941' title='bbox 2994 5806 3113 5863; x_wconf 84' lang='lat' dir='ltr'><strong>Non</strong></span> <span class='ocrx_word' id='word_1_942' title='bbox 3144 5814 3253 5866; x_wconf 81' lang='lat' dir='ltr'><strong>sedi</strong></span> <span class='ocrx_word' id='word_1_943' title='bbox 3278 5832 3390 5869; x_wconf 82' lang='lat' dir='ltr'><strong>cum</strong></span> <span class='ocrx_word' id='word_1_944' title='bbox 3418 5824 3635 5875; x_wconf 82' lang='lat' dir='ltr'><strong>concilio</strong></span> 
     </span>
    </p>
   </div>
   <div class='ocr_carea' id='block_1_121' title="bbox 2046 5892 3653 5979">
    <p class='ocr_par' dir='ltr' id='par_1_121' title="bbox 2046 5892 3653 5979">
     <span class='ocr_line' id='line_1_121' title="bbox 2046 5892 3653 5979; baseline 0.017 -44"><span class='ocrx_word' id='word_1_945' title='bbox 2046 5892 2320 5955; x_wconf 67' lang='lat' dir='ltr'><strong>vanitatis;</strong></span> <span class='ocrx_word' id='word_1_946' title='bbox 2350 5905 2401 5950; x_wconf 88' lang='lat' dir='ltr'><strong>et</strong></span> <span class='ocrx_word' id='word_1_947' title='bbox 2431 5911 2613 5952; x_wconf 74' lang='lat' dir='ltr'><strong>tursus</strong></span> <span class='ocrx_word' id='word_1_948' title='bbox 2634 5938 2650 5959; x_wconf 86' lang='lat'><strong>.</strong></span> <span class='ocrx_word' id='word_1_949' title='bbox 2683 5894 2829 5954; x_wconf 74' lang='lat' dir='ltr'><strong>Nihil</strong></span> <span class='ocrx_word' id='word_1_950' title='bbox 2859 5905 3024 5960; x_wconf 74' lang='lat' dir='ltr'><strong>factus</strong></span> <span class='ocrx_word' id='word_1_951' title='bbox 3047 5916 3117 5959; x_wconf 81' lang='lat' dir='ltr'><strong>est</strong></span> <span class='ocrx_word' id='word_1_952' title='bbox 3157 5910 3206 5962; x_wconf 81' lang='lat' dir='ltr'><strong>in</strong></span> <span class='ocrx_word' id='word_1_953' title='bbox 3236 5923 3505 5979; x_wconf 67' lang='lat' dir='ltr'><strong>conspectu</strong></span> <span class='ocrx_word' id='word_1_954' title='bbox 3527 5910 3653 5976; x_wconf 68' lang='lat' dir='ltr'><strong>ejus</strong></span> 
     </span>
    </p>
   </div>
  </div>
