4120 6400
409 390 516 446 565

412 503 709 575 malignus:
736 500 961 554 timentes
987 508 1156 553 autem
1202 498 1476 551 Dominum
1518 494 1770 567 glorificat
1804 488 1990 563 [Psal.

415 594 505 649 25.
534 594 589 648 ι.
616 603 665 646 et
692 591 778 647 M.
810 590 901 663 4])
928 608 941 644 :
972 590 1041 645 de
1066 588 1451 645 consuetudine
1481 584 1725 641 habenda
1751 599 1872 639 cum
1903 581 1998 636 bo-

416 686 499 741 nis
531 684 607 754 (et
638 683 753 737 haec
794 691 850 736 et
884 680 1052 737 multa
1079 679 1181 734 alia
1211 679 1282 735 ibi
1324 677 1619 748 invenies);
1660 674 1801 746 quod
1826 670 1999 727 ventri

422 773 789 844 imperandum
812 771 881 827 sit
900 789 911 823 :
928 770 995 827 de
1014 769 1352 826 continendis
1373 768 1619 822 manibus
1642 783 1655 820 :
1686 762 1827 835 quod
1852 763 2000 833 plura

424 865 655 921 habendi
692 862 984 934 cupiditate
1020 861 1191 917 teneri
1229 876 1336 916 non
1379 865 1660 929 oporteat:
1702 853 1843 927 quod
1874 851 2003 907 nihil

427 958 532 1012 sint
568 955 844 1026 pecuniae,
887 968 988 1009 nec
1028 953 1231 1024 gloria;
1266 962 1319 1007 et
1348 966 1470 1022 qua:
1508 957 1637 1005 sunt
1678 943 2003 1017 hujusmodi.

425 1047 651 1116 Quando
691 1046 760 1102 ab
799 1047 1016 1100 ineunte
1058 1053 1216 1099 aetate
1262 1056 1484 1113 puerum
1525 1040 1611 1094 his
1655 1036 2007 1101 instruxeris,

429 1141 685 1211 paulatim
730 1138 898 1194 duces
938 1136 1005 1191 ad
1048 1136 1258 1190 altiora.
1305 1134 1502 1190 Psalmi
1546 1131 1746 1187 habent
1789 1127 2007 1192 omnia,

430 1232 613 1305 hymni
638 1240 817 1286 autem
841 1243 1025 1285 rursus
1045 1228 1176 1283 nihil
1198 1228 1487 1282 humanum
1511 1240 1525 1277 :
1554 1222 1767 1294 quando
1796 1223 1849 1276 in
1873 1218 2012 1289 psal-

431 1327 534 1382 mis
559 1323 839 1387 didicerit,
872 1331 999 1377 tunc
1033 1321 1194 1376 etiam
1221 1320 1356 1375 sciet
1390 1318 1648 1390 hymnos,
1679 1322 1863 1383 utpote
1899 1327 2013 1366 rem

432 1418 771 1474 diviniorem.
814 1413 1132 1485 Superiores
1164 1413 1311 1470 enim
1346 1418 1643 1482 potestates
1672 1407 1901 1478 hymnos
1928 1418 2018 1459 ca-

434 1519 602 1576 nunt,
629 1523 737 1565 non
766 1506 1003 1579 psallunt
1026 1523 1040 1560 :
1074 1502 1199 1559 Non
1223 1511 1295 1558 est
1322 1486 1462 1559 enim
1482 1542 1497 1564 ,
1525 1498 1736 1570 inquit,
1762 1495 2019 1566 speciosus

438 1605 652 1674 hymnus
671 1601 725 1654 in
745 1615 831 1654 ore
849 1596 1121 1667 peccatoris
1140 1594 1326 1668 (Eccli.
1350 1594 1437 1649 15.
1455 1593 1545 1662 9);
1567 1599 1620 1646 et
1642 1602 1850 1654 rursus,
1872 1584 2021 1641 Oculi

437 1693 536 1747 mei
565 1706 717 1761 super
739 1689 913 1758 ﬁdeles
940 1697 1104 1754 terrae,
1132 1694 1189 1740 ut
1213 1685 1311 1757 ipsi
1335 1700 1527 1738 mecum
1554 1682 1795 1744 sedeant;
1823 1687 2022 1753 etrur-

440 1801 553 1851 sus,
583 1784 706 1839 Non
737 1782 930 1837 habitat
958 1783 1011 1836 in
1038 1781 1203 1837 medio
1234 1781 1413 1834 domus
1437 1793 1562 1832 mea:
1581 1777 1666 1848 qui
1691 1775 1817 1847 facit
1844 1789 2024 1843 super-

443 1879 618 1944 biam;
644 1885 700 1932 et
726 1877 941 1938 iterum,
971 1873 1249 1928 Ambulans
1271 1873 1325 1927 in
1348 1873 1429 1926 via
1454 1867 1890 1935 immaculatanic
1904 1866 2030 1921 mihi

444 1968 767 2023 ministrabat
791 1965 962 2041 (Psal.
996 1965 1120 2022 100.
1148 1965 1200 2019 6.
1224 1965 1275 2019 7.
1303 1963 1382 2033 2).
1416 1962 1567 2018 Adeo
1588 1969 1645 2016 ut
1668 1960 1904 2017 caveatis
1924 1973 2029 2013 non

445 2062 619 2118 solum
650 2075 718 2115 ne
742 2075 863 2116 cum
892 2057 1078 2113 amicis
1096 2097 1112 2125 ,
1142 2056 1235 2113 sed
1264 2071 1331 2111 ne
1357 2070 1478 2111 cum
1521 2054 1693 2109 servis
1718 2052 1935 2123 quidem
1965 2065 2026 2105 se

452 2156 732 2211 misceant.
760 2152 897 2207 Mala
933 2151 1074 2207 enim
1116 2149 1396 2204 innumera
1440 2147 1620 2203 liberis
1657 2146 2034 2215 importantur,

450 2245 665 2318 quando
704 2256 891 2300 servos
934 2249 1216 2312 corruptos
1251 2240 1329 2295 eis
1357 2236 1776 2310 przefecerimus.
1803 2235 1860 2291 Si
1894 2234 2038 2290 enim

454 2339 620 2409 patris
645 2336 887 2393 fruentes
916 2343 1061 2390 tanta
1104 2344 1161 2390 et
1185 2332 1561 2389 benevolentia
1586 2340 1640 2385 et
1665 2328 1998 2400 philosophia
2024 2367 2038 2392 ,

456 2433 545 2486 vix
589 2429 723 2485 salvi
757 2428 1030 2493 evadunt;
1072 2427 1117 2483 si
1163 2427 1287 2481 illos
1330 2425 1604 2481 tradamus
1642 2424 1812 2479 servis
1842 2423 2043 2478 bonum

460 2520 592 2577 nihil
619 2520 964 2584 curantibus,
998 2519 1185 2589 quales
1226 2517 1388 2574 futuri
1434 2517 1594 2571 sunt?
1623 2516 1733 2572 Illis
1778 2526 2046 2585 tamquam

460 2614 694 2671 inimicis
721 2622 963 2679 utuntur,
993 2611 1360 2667 existimantes
1382 2609 1504 2671 illos
1531 2607 1915 2664 moderatiores
1936 2607 2048 2661 fore

463 2707 744 2773 dominos,
775 2704 821 2760 si
849 2705 1068 2759 insanos
1098 2703 1216 2759 illos
1240 2744 1256 2769 ,
1291 2703 1564 2773 improbos
1592 2711 1647 2757 et
1672 2701 1867 2755 nullius
1893 2699 2049 2771 pretii

466 2797 712 2855 reddant.
741 2797 881 2851 Ante
905 2795 1007 2850 alia
1039 2809 1166 2864 ergo
1211 2793 1389 2848 omnia
1419 2792 1535 2847 haec
1560 2805 1809 2847 curemus
1829 2832 1844 2857 ,
1890 2800 1945 2846 et
1969 2789 2053 2844 his

468 2904 686 2960 Operam
715 2886 925 2942 demus.
953 2886 1154 2950 Dilexi,
1189 2884 1392 2955 inquit,
1421 2900 1505 2938 eos
1530 2883 1619 2953 qui
1647 2882 1865 2952 diligunt
1894 2881 2054 2952 legem

473 2990 631 3036 tuam.
661 2978 811 3034 Hunc
840 2991 969 3047 ergo
998 2990 1098 3030 nos
1133 2990 1345 3046 quoque
1382 2974 1699 3029 aemulemur
1725 2982 1778 3029 et
1804 2972 1902 3027 hos
1930 2971 2056 3027 dili—

473 3089 678 3147 gamus.
703 3071 773 3128 Ut
799 3085 987 3125 rursus
1006 3078 1184 3123 autem
1213 3075 1570 3137 temperantes
1590 3075 1643 3121 et
1672 3064 1931 3118 moderati
1951 3064 2060 3118 sint

473 3162 663 3237 pueri,
691 3161 911 3217 audiant
935 3158 1252 3230 prophetam
1294 3157 1558 3212 dicentem
1589 3173 1602 3209 :
1635 3154 1817 3210 Lumbi
1841 3154 1939 3208 mei
1964 3170 2062 3206 nn-

479 3256 601 3327 pleti
624 3262 739 3310 sunt
759 3251 1116 3315 illusionibus;
1141 3259 1196 3306 et
1216 3262 1424 3312 rursus,
1448 3247 1640 3302 Perdes
1656 3262 1825 3300 omnes
1844 3244 1929 3315 qui
1957 3248 2064 3313 for-

478 3348 713 3402 nicamur
741 3344 829 3398 abs
852 3354 899 3397 te
924 3341 1097 3415 (Psal.
1117 3343 1208 3397 57.
1232 3340 1285 3396 8.
1310 3349 1355 3393 et
1375 3338 1463 3393 72.
1486 3338 1602 3409 ‘27).
1638 3338 1705 3391 Et
1728 3335 1871 3406 quod
1892 3334 2065 3390 ventri

480 3450 723 3512 oporteat
745 3440 1033 3509 imperare,
1059 3450 1244 3491 rursus
1270 3432 1487 3487 audiant
1510 3447 1524 3485 :
1553 3430 1620 3485 Et
1642 3430 1843 3493 occidit,
1872 3427 2061 3497 inquit,

485 3534 654 3604 plures
675 3547 866 3595 eorum,
898 3546 1012 3583 cum
1041 3537 1167 3583 esset
1193 3525 1359 3581 adhuc
1381 3541 1492 3580 esca
1513 3524 1564 3577 in
1590 3540 1675 3577 ore
1694 3538 1867 3576 eorum
1893 3519 2065 3591 (Psal.

483 3626 573 3680 77.
602 3624 692 3680 50.
721 3622 831 3692 51).
861 3620 929 3675 Ει
948 3619 1088 3692 quod
1110 3626 1355 3688 oporteat
1382 3632 1486 3671 non
1511 3616 1699 3669 vincia
1724 3613 2065 3670 muneribus:

484 3716 691 3771 Divitiae
724 3716 768 3767 si
794 3714 1021 3787 afﬂuant,
1050 3712 1204 3766 nolite
1235 3727 1321 3764 cor
1345 3725 1600 3780 apponere
1631 3707 1800 3778 (Psal.
1829 3705 1919 3762 61.
1950 3706 2067 3775 11).

484 3808 552 3862 Et
571 3805 713 3880 quod
740 3805 922 3875 gloria:
954 3803 1024 3858 sit
1045 3800 1466 3864 dominandmn,
1499 3800 1601 3854 hoc
1639 3813 1852 3870 quoque
1882 3798 1956 3852 ibi
1987 3797 2071 3851 in-

485 3902 745 3955 venient:
780 3896 969 3966 Neque‘
997 3912 1113 3949 cum
1152 3911 1209 3949 eo
1238 3892 1503 3948 descendet
1544 3900 1656 3963 post
1698 3893 1868 3962 ipsum
1908 3890 2073 3962 gloria

488 3993 597 4064 ejus
618 3989 790 4060 (Psal.
813 3988 901 4045 48.
927 3986 1019 4058 18)
1044 4004 1058 4040 :
1083 3985 1223 4055 quod
1247 3984 1463 4054 maligni
1489 3998 1594 4038 non
1619 3983 1727 4038 sint
1744 3981 2029 4037 aemulandi
2056 3998 2071 4036 :

492 4082 620 4138 Noli
641 4080 872 4136 wnmlari
894 4079 945 4133 in
968 4076 1361 4148 malignantibus
1383 4075 1555 4145 (Psal.
1577 4071 1905 4145 56.1):quod
1928 4074 2076 4144 prin-

491 4175 700 4245 cipatus
724 4181 779 4228 et
804 4178 1098 4241 potestates
1124 4168 1273 4223 nihili
1296 4176 1544 4239 oporteat
1572 4167 1915 4222 existimare:
1961 4164 2077 4220 Vidi

491 4265 706 4335 impium
749 4260 1181 4330 superexaltatum
1221 4270 1268 4314 et
1311 4260 1555 4314 eleuatum
1597 4259 1727 4313 sicut
1772 4258 1948 4313 cedros
1990 4258 2079 4313 Li-

496 4356 652 4418 bani;
678 4365 724 4408 et
751 4353 980 4418 transivi,
1014 4360 1061 4406 et
1082 4368 1193 4406 ecce
1216 4368 1318 4406 non
1339 4362 1446 4405 erat
1468 4349 1519 4420 (1
1526 4350 1575 4404 b.
1601 4367 1647 4405 v.
1672 4350 1761 4406 55.
1783 4349 1873 4423 56)
1897 4369 1909 4403 :
1937 4349 2081 4420 quod

497 4444 777 4515 prmsentia
803 4443 955 4500 nihili
982 4442 1088 4497 sint
1112 4441 1349 4497 facienda
1376 4459 1390 4496 :
1417 4440 1628 4494 Beatum
1652 4441 1886 4495 dixerunt
1916 4458 2082 4512 popu-

499 4538 607 4591 lum
633 4536 715 4589 cui
741 4535 848 4589 lucc
875 4543 1027 4599 sunt;
1053 4534 1223 4587 beatus
1249 4543 1320 4588 est
1346 4532 1564 4603 papulas
1585 4573 1600 4597 ,
1622 4534 1767 4600 cujus
1794 4542 1865 4587 est
1899 4531 2083 4586 Domi-

500 4644 596 4683 nus
625 4626 757 4681 Deus
797 4626 1006 4699 adjutor
1035 4623 1207 4696 (Psal.
1237 4625 1359 4679 145.
1391 4624 1477 4695 15)
1505 4642 1518 4678 :
1559 4624 1702 4695 quod
1730 4640 1835 4679 non
1864 4624 2086 4695 impune

504 4732 786 4789 peccamus
806 4759 821 4782 ,
854 4715 947 4770 sed
976 4716 1045 4769 sit
1069 4716 1430 4771 remuneratio
1459 4733 1473 4769 :
1511 4715 1588 4769 Tu
1612 4716 1791 4771 reddes
1818 4717 2086 4787 unicuique

502 4807 776 4864 secundum
798 4823 956 4875 opera
982 4823 1074 4860 sua
1098 4818 1115 4857 :
1138 4820 1235 4861 cur
1260 4816 1436 4861 autem
1465 4822 1571 4863 non
1597 4808 1787 4863 reddat
1814 4809 2086 4878 quotidie:

510 4901 644 4954 Deus
661 4899 824 4971 judex
835 4900 1028 4970 justus,
1061 4906 1107 4951 et
1127 4897 1294 4965 fortis,
1324 4908 1369 4952 et
1391 4900 1582 4969 patiens
1612 4899 1781 4969 (Psal.
1808 4901 1900 4956 6|.
1930 4903 2019 4957 15.
2042 4910 2088 4956 et

505 4994 560 5049 7.
593 4991 681 5061 12)
708 5009 719 5043 :
744 4990 881 5058 quod
920 4990 1119 5045 bonum
1148 4990 1218 5043 sit
1257 4990 1527 5045 humilitas
1556 5008 1569 5044 :
1601 4990 1817 5047 Domine
1841 5034 1856 5060 ,
1896 4993 2086 5063 inquit,

506 5103 609 5143 non
638 5093 710 5138 est
732 5083 1005 5136 exaltatum
1032 5098 1120 5135 cor
1149 5099 1316 5136 nteant
1337 5081 1507 5151 (Psal.
1534 5083 1656 5137 150.
1680 5084 1734 5153 1)
1764 5101 1779 5137 :
1808 5085 1948 5154 quod
1971 5101 2089 5141 ma-

510 5177 619 5231 lum
650 5175 719 5230 sit
748 5173 997 5244 superbia
1024 5190 1038 5228 :
1070 5171 1369 5245 Pr0pterea,
1401 5175 1590 5243 inquit,
1621 5177 1780 5229 tenuit
1802 5193 1886 5231 eos
1910 5194 2089 5248 super-

494 5269 589 5323 bia
617 5268 669 5319 in
696 5266 846 5335 ﬁnem
872 5264 1044 5335 (Psal.
1071 5264 1161 5318 79..
1187 5266 1273 5334 6);
1298 5274 1351 5319 et
1370 5279 1575 5332 rursus,
1596 5265 1845 5323 Dominus
1864 5270 2090 5339 superbis

492 5360 691 5414 nesistit
713 5358 892 5428 (Prov.
920 5359 970 5412 5.
999 5358 1087 5413 51.
1121 5358 1174 5411 in
1205 5356 1440 5422 Graeco);
1471 5370 1525 5415 et
1550 5376 1755 5425 rursus,
1789 5361 2092 5433 Egredietur

502 5457 763 5518 tamquam
789 5464 851 5502 ea:
877 5448 1028 5516 adipe
1048 5447 1286 5517 iniquitas
1319 5465 1492 5502 eorum
1516 5448 1687 5519 (Psal.
1722 5451 1808 5506 7‘2.
1833 5454 1907 5523 7).
1939 5453 2093 5522 Quod

507 5542 705 5595 bonum
733 5541 802 5595 sit
839 5540 1178 5610 elcemosyna
1204 5559 1217 5595 :
1252 5539 1535 5611 Dispersit,
1565 5544 1701 5597 dedit
1742 5546 2045 5614 pauperibus
2071 5564 2092 5601 :

513 5633 703 5686 iustitia
732 5633 840 5701 ejus
877 5642 1041 5685 manet
1084 5632 1138 5685 in
1163 5633 1405 5687 saxulum
1448 5633 1626 5705 (Psal.
1662 5637 1784 5691 111.
1818 5635 1913 5708 9):
1946 5638 2093 5709 quod

512 5721 836 5779 laudandum
865 5723 935 5776 sit
960 5723 1202 5779 misereri
1235 5742 1247 5776 :
1280 5722 1451 5777 Bonus
1481 5736 1553 5779 est
1592 5727 1665 5779 vir
1704 5730 1789 5795 qui
1825 5730 2092 5785 miseretur

509 5825 558 5869 et
584 5813 866 5868 commodat
898 5812 1001 5885 (Ib.
1032 5830 1078 5869 ν.
1113 5815 1187 5886 5).
1219 5816 1285 5870 Et
1326 5817 1406 5871 his
1434 5816 1589 5890 longe
1627 5818 1777 5889 plura
1806 5819 1909 5878 illis
1940 5824 2090 5879 inve.

1179 381 1235 437 S.
1275 380 1551 446 JOANNIS
1587 372 2063 435 CHRYSOSTOMI
2102 368 2421 426 ARCHIEP.
2460 365 2988 425 CONSTANTINOP.

3571 366 3677 423 564

2106 486 2225 541 nies
2250 484 2601 557 philosolihia:
2624 483 2870 555 dogmata
2898 501 2914 540 :
2942 492 3035 551 ut,
3065 481 3205 554 quod
3233 498 3340 538 non
3363 483 3434 539 sit
3460 483 3680 539 maledi-

2103 581 2332 638 cendum
2361 598 2375 636 :
2410 581 2778 645 Detrahentem,
2809 580 2998 649 inquit,
3025 578 3315 633 clanculum
3342 578 3706 649 proximosno,

2107 675 2240 728 hunc
2265 673 2595 744 persequebar
2623 671 2794 742 (Psal.
2822 672 2944 728 ωο.
2976 671 3055 742 5).
3084 670 3216 740 Quis
3240 673 3311 727 sit
3336 672 3563 743 hymnus
3595 685 3680 726 su-

2110 780 2431 835 pernorum,
2477 764 2604 834 quid
2641 779 2874 834 superne
2915 764 3102 819 dicunt
3144 763 3470 828 Cherubim,
3516 766 3693 821 sciunt

2112 855 2319 910 fideles.
2347 854 2485 921 Quid
2515 854 2767 909 dicebant
2795 855 2968 925 angeli
3011 854 3146 909 infra
3188 855 3381 925 positi?
3424 854 3600 911 Gloria
3638 858 3693 910 in

2113 945 2325 1001 excelsis
2350 944 2461 1000 Deo
2492 946 2647 1014 (Luc.
2678 945 2733 999 2.
2769 946 2881 1016 li).
2913 946 3201 1015 Propterea
3231 956 3352 1015 post
3371 945 3694 1015 psalmodias

2115 1040 2334 1112 hymni,
2365 1049 2551 1109 utpote
2593 1055 2681 1095 res
2721 1039 2966 1109 quaedam
3016 1038 3319 1108 perfectior.
3357 1038 3425 1092 In
3454 1038 3692 1109 psalmis,

2117 1132 2310 1200 inquit,
2339 1132 2559 1203 hymnis,
2591 1141 2639 1185 et
2666 1133 2876 1185 canticis
2900 1130 3272 1201 spiritualibus,
3305 1131 3357 1184 in
3381 1131 3546 1202 gratia
3577 1147 3699 1184 can-

2120 1234 2282 1277 tantes
2320 1224 2374 1277 in
2412 1222 2646 1277 cordibus
2691 1224 2862 1276 vestris
2897 1220 3029 1277 Deo.
3071 1225 3177 1277 Aut
3220 1222 3321 1277 hoc
3350 1221 3513 1287 dicit,
3558 1220 3700 1291 quod

2120 1326 2339 1386 propter
2366 1314 2591 1385 gratiam
2621 1313 2737 1369 haec
2772 1313 2925 1369 nobis
2966 1312 3115 1368 dedit
3142 1313 3320 1379 Deus;
3362 1320 3456 1367 aut
3480 1312 3703 1367 canticis

2123 1425 2244 1481 qua:
2270 1420 2395 1465 sunt
2423 1412 2475 1465 in
2502 1412 2703 1481 gratia;
2736 1420 2826 1465 aut
2851 1408 3202 1465 admonentes
3231 1423 3327 1463 nos
3354 1408 3497 1478 ipsos
3522 1417 3576 1462 et
3601 1408 3703 1462 do-

2124 1512 2309 1558 centes
2338 1503 2390 1557 in
2420 1503 2621 1573 gratia;
2666 1513 2757 1556 aut
2794 1502 2936 1573 quod
2974 1501 3030 1556 in
3075 1501 3246 1571 gratia
3290 1500 3555 1554 habebant
3592 1499 3707 1553 haec

2125 1592 2297 1659 dona;
2328 1603 2420 1648 aut
2442 1594 2556 1648 haec
2575 1603 2656 1649 est
2684 1593 2992 1663 explicatio.
3026 1592 3067 1646 A
3100 1592 3288 1661 gratia,
3321 1590 3516 1660 inquit,
3546 1591 3709 1661 spiri-

2129 1695 2236 1741 tus.
2256 1685 2529 1742 Cantantes
2554 1687 2606 1739 in
2636 1686 2870 1740 cordibus
2894 1685 3069 1740 vestris
3094 1684 3223 1740 Deo.
3251 1682 3370 1739 Non
3397 1684 3571 1740 solum
3588 1724 3603 1749 ,
3632 1685 3712 1738 in-

2131 1777 2265 1847 quit,
2296 1791 2419 1841 ore,
2446 1776 2541 1833 sed
2569 1792 2690 1833 cum
2713 1779 3030 1832 attentione.
3521 1835 3537 1855 ,

2156 1894 2162 1900 ·
2204 1870 2259 1925 5.
2303 1870 2415 1926 Hoc
2468 1870 2613 1926 enim
2662 1879 2746 1925 est
2793 1871 2903 1925 Deo
2949 1885 3142 1926 canere
3168 1912 3182 1935 ,
3213 1869 3343 1924 illud
3393 1883 3523 1924 vero
3567 1869 3712 1933 aeri;

2135 1976 2241 2017 vox
2294 1964 2438 2017 enim
2488 1970 2690 2018 temere
2738 1962 3071 2017 dill'nnditnr.
3115 1962 3230 2017 Non
3284 1962 3351 2016 ad
3398 1962 3715 2017 ostentatio-

2139 2071 2261 2110 nem
2283 2098 2297 2119 ,
2327 2056 2517 2126 inquit.
2552 2056 2771 2111 Etiamsi
2801 2056 2875 2111 sis
2914 2057 2967 2111 in
2995 2056 3134 2122 foro,
3164 2064 3315 2126 potes
3341 2055 3565 2124 teipsum
3591 2069 3721 2108 con—

2142 2154 2384 2211 vertere,
2426 2155 2480 2201 et
2534 2146 2644 2203 Deo
2688 2161 2881 2202 canere
2929 2147 3142 2201 nemine
3189 2144 3457 2201 audiente.
3487 2144 3617 2199 Nam
3643 2146 3722 2200 sic

2143 2252 2357 2307 quoque
2398 2237 2586 2293 orabat
2612 2237 2843 2309 Moyses,
2873 2248 2928 2293 et
2965 2238 3063 2292 fuit
3102 2236 3349 2291 auditus:
3382 2237 3511 2292 dicit
3547 2238 3722 2303 enim,

2148 2330 2285 2396 Quid
2314 2332 2380 2383 ad
2409 2346 2488 2385 me
2517 2331 2748 2385 clamas?
2776 2330 2935 2400 Atqui
2977 2329 3108 2384 nihil
3148 2329 3392 2394 dicebat,
3421 2329 3515 2383 sed
3549 2337 3726 2383 mente

2148 2422 2415 2478 clamabat
2457 2437 2578 2476 cum
2633 2421 2796 2476 corde
2852 2421 3084 2476 contrito
3134 2437 3148 2474 :
3198 2420 3542 2490 quamobrem
3590 2419 3728 2473 Deus

2151 2514 2299 2570 solus
2328 2512 2588 2569 exaudiit.
2632 2512 2775 2567 Nihil
2818 2513 2960 2569 enim
3005 2520 3151 2567 vetat
3190 2512 3474 2581 quominus
3510 2522 3563 2564 et
3612 2526 3729 2564 am-

2153 2604 2344 2661 bulans
2390 2605 2555 2661 corde
2601 2614 2751 2671 oret,
2785 2613 2839 2659 et
2884 2619 3094 2659 sursum
3136 2604 3224 2658 sit.
3257 2603 3419 2658 Omne
3454 2602 3732 2673 quodcum-

2154 2718 2249 2772 que
2275 2702 2460 2771 facitis,
2498 2700 2697 2770 inquit,
2728 2702 2781 2752 in
2807 2698 2952 2753 verba
2977 2707 3069 2751 aut
3095 2698 3149 2751 in
3179 2713 3357 2767 apere,
3390 2698 3561 2750 omnia
3586 2696 3737 2765 facile

2155 2793 2210 2846 in
2238 2793 2438 2846 nomine
2470 2790 2677 2845 Domini
2702 2790 2828 2844 Jesu
2865 2789 3084 2851 Christi,
3112 2789 3302 2857 gratias
3326 2799 3532 2857 agentes
3554 2786 3660 2841 Deo
3689 2796 3738 2840 et

2161 2883 2308 2937 Patri
2333 2899 2420 2953 per
2440 2883 2625 2952 ipsum.
2656 2880 2788 2936 Nam
2815 2881 2861 2935 si
2891 2881 2969 2936 sic
2995 2878 3251 2934 iaciamus
3270 2921 3287 2947 ,
3317 2880 3451 2933 nihil
3486 2880 3588 2934 erit
3617 2893 3740 2933 sce-

2161 2974 2351 3029 lestum
2375 3014 2389 3038 ,
2419 2973 2551 3027 nihil
2579 2972 2935 3038 immundum,
2971 2973 3055 3028 ubi
3087 2971 3331 3028 Christus
3358 2972 3654 3026 invocatur.
3683 2971 3741 3026 Si

2162 3066 2414 3121 comedas
2433 3106 2449 3132 ,
2481 3065 2526 3119 si
2554 3064 2737 3129 bibas,
2765 3066 2809 3119 si
2835 3080 3057 3120 uxorem
3082 3064 3267 3131 ducas,
3301 3065 3345 3117 si
3375 3078 3596 3134 peregre
3617 3079 3743 3133 pro—

2165 3159 2421 3214 ﬁciscaris
2441 3201 2456 3225 ,
2488 3161 2540 3212 in
2570 3158 2790 3213 nomine
2836 3159 2929 3213 Dei
2962 3159 3041 3212 fac
3069 3159 3284 3222 omnia;
3314 3156 3419 3211 hoc
3457 3166 3577 3224 est,
3621 3173 3743 3212 eum

2167 3266 2363 3306 vocans
2392 3249 2690 3320 adjutorem
2716 3266 2732 3305 :
2765 3249 2818 3303 in
2844 3250 3090 3303 omnibus
3119 3264 3240 3303 eum
3265 3248 3411 3323 prius
3435 3262 3594 3304 orans
3612 3290 3626 3315 ,
3659 3263 3747 3302 res

2168 3344 2479 3416 aggredere.
2524 3342 2619 3398 Vis
2644 3342 2842 3413 aliquid
2880 3343 3064 3412 loqui?
3093 3343 3192 3398 hoc
3231 3358 3502 3413 praepone.
3537 3343 3601 3397 Et
3628 3342 3749 3397 ideo

2171 3451 2269 3491 nos
2298 3449 2511 3505 quoque
2549 3434 2603 3489 in
2627 3434 2867 3503 epistolis
2892 3449 3085 3488 nomen
3117 3434 3324 3489 Domini
3367 3434 3745 3505 praeponimus.

2172 3526 2272 3583 Ubi
2300 3526 2461 3581 fuerit
2482 3540 2673 3580 nomen
2698 3524 2930 3590 Domini,
2954 3524 3129 3578 omnia
3150 3536 3274 3580 sunt
3297 3525 3464 3580 fausta
3482 3535 3531 3580 et
3555 3525 3745 3581 felicia.

2172 3619 2303 3675 Nam
2345 3620 2390 3673 si
2414 3617 2704 3673 Consulum
2731 3618 2946 3671 nomina
2975 3616 3211 3672 efficiunt
3240 3628 3297 3672 ut
3330 3618 3547 3673 firmatae
3575 3628 3631 3672 et
3661 3632 3754 3670 va-

2175 3712 2296 3768 lidae
2318 3712 2427 3766 sint
2447 3711 2677 3777 tabellae,
2700 3710 2868 3765 multo
2892 3711 3060 3780 magis
3076 3724 3268 3765 nomen
3290 3710 3508 3765 Christi.
3530 3710 3637 3765 Aut
3653 3709 3757 3764 hoc

2175 3804 2327 3871 dicit,
2349 3803 2654 3859 Secundum
2689 3801 2856 3857 Deum
2879 3802 3055 3856 omnia
3079 3810 3131 3856 et
3156 3800 3337 3868 dicite,
3367 3810 3422 3857 et
3448 3803 3586 3872 agile
3614 3820 3627 3855 :
3660 3817 3755 3855 no-

2178 3894 2273 3950 lite
2303 3893 2522 3963 angelos
2551 3892 2913 3948 introducere.
2945 3891 3229 3947 Comedis?
3261 3894 3369 3948 Deo
3392 3908 3490 3963 age
3528 3894 3756 3963 gratias,

2180 3994 2236 4040 et
2264 3984 2445 4039 itidem
2474 3993 2657 4054 postea
2685 3983 2737 4039 id
2763 3982 3019 4037 facturus.
3055 3983 3307 4062 Dormis?
3335 3999 3433 4052 age
3464 3987 3678 4053 gratias,
3706 3994 3761 4039 et

2181 4077 2366 4132 itidem
2395 4086 2578 4147 postea
2618 4076 2758 4131 idem
2805 4074 3065 4131 facturus.
3109 4075 3272 4130 Vadis
3314 4078 3382 4131 ad
3424 4075 3635 4134 forum?
3679 4076 3762 4131 fac

2183 4170 2344 4234 idem,
2378 4168 2507 4224 nihil
2534 4169 2884 4234 mundanum,
2918 4167 3051 4223 nihil
3078 4168 3219 4238 quod
3240 4168 3308 4223 ad
3332 4169 3494 4225 vitam
3523 4184 3763 4239 praesen-

2185 4272 2291 4316 tem
2316 4261 2596 4331 pertineat.
2622 4259 2728 4315 Fac
2747 4260 2924 4316 omnia
2948 4261 3000 4315 in
3024 4260 3239 4315 nomine
3261 4259 3493 4327 Domini,
3515 4269 3569 4314 et
3588 4260 3765 4313 omnia

2186 4353 2283 4409 tibi
2310 4361 2456 4408 recte
2495 4351 2806 4408 succedent.
2839 4351 3172 4422 Ubicumque
3210 4353 3440 4422 positum
3481 4352 3641 4407 fuerit
3671 4352 3764 4408 Dei

2186 4459 2401 4509 nomen,
2431 4443 2608 4499 omnia
2639 4452 2763 4498 sunt
2789 4444 2957 4498 fausta
2979 4453 3034 4498 et
3060 4443 3251 4499 felicia.
3285 4443 3341 4498 Si
3370 4442 3642 4498 dazmones
3668 4459 3769 4498 ex-

2189 4534 2356 4603 pellit,
2388 4534 2434 4587 si
2464 4534 2682 4588 morbos
2714 4535 3008 4604 propulsat,
3039 4534 3205 4589 multo
3233 4535 3402 4605 magis
3428 4534 3587 4589 rebus
3614 4533 3772 4588 all‘ert

2189 4624 2523 4679 facilitatem.
2550 4624 2688 4693 Quid
2711 4633 2826 4692 est,
2868 4625 3068 4681 Facere
3106 4626 3158 4679 in
3190 4626 3354 4681 verbo
3382 4634 3475 4680 aut
3498 4626 3549 4679 in
3574 4626 3773 4693 apere?

2190 4714 2288 4770 Vel
2314 4727 2622 4781 exeuntem,
2654 4717 2737 4771 vel
2762 4715 2973 4786 quidvis
3002 4715 3306 4772 facientem.
3339 4716 3475 4770 Audi
3503 4716 3773 4787 quomodo

2192 4805 2462 4861 Abraham
2506 4804 2761 4860 famulum
2789 4821 2943 4861 suum
2986 4807 3039 4861 in
3081 4807 3295 4862 nomine
3328 4807 3420 4862 Dei
3450 4807 3592 4861 misit
3621 4825 3635 4859 :
3667 4807 3776 4860 Da-

2192 4902 2281 4953 vid
2316 4900 2369 4954 in
2400 4900 2617 4955 nomine
2656 4901 2751 4956 Dei
2779 4900 2991 4956 Goliath
3020 4902 3310 4957 interemit.
3340 4901 3667 4957 Adtnirabile
3693 4910 3780 4955 est

2193 5008 2394 5048 nomen
2432 4992 2551 5063 ejus
2575 5004 2629 5047 et
2657 5008 2926 5062 magnum.
2956 4993 3025 5047 Et
3055 5008 3241 5049 rursus
3279 4992 3446 5049 Jacoh
3475 4992 3612 5047 ﬁlios
3649 5007 3780 5047 suos

2196 5083 2437 5147 mittens,
2466 5082 2595 5136 dicit
2619 5099 2633 5135 :
2667 5082 2806 5136 Deus
2825 5095 2995 5136 autem
3022 5100 3160 5137 meus
3186 5084 3268 5136 det
3295 5084 3433 5137 vobis
3458 5084 3674 5152 gratiam
3694 5098 3783 5136 co—

2196 5194 2308 5230 ram
2337 5177 2539 5231 homine
2562 5176 2720 5247 (Gen.
2747 5178 2839 5233 45.
2868 5179 2978 5247 14).
3009 5178 3141 5233 Nam
3171 5179 3261 5248 qui
3288 5179 3390 5234 hoc
3416 5178 3580 5245 facit,
3610 5180 3782 5234 Deum

2198 5268 2364 5324 habet
2387 5270 2708 5339 adjutorem,
2738 5272 2858 5326 sine
2887 5286 2995 5341 quo
3015 5272 3150 5327 nihil
3178 5287 3339 5327 ausus
3362 5281 3446 5327 est
3467 5273 3661 5328 facere.
3688 5273 3785 5330 Ut-

2201 5369 2327 5428 pote
2364 5374 2491 5430 ergo
2530 5362 2857 5429 honoratus,
2896 5378 3019 5419 cum
3064 5362 3162 5418 fuit
3199 5365 3501 5429 invocatus,
3544 5365 3783 5420 vicissim

2202 5452 2487 5507 honorabit
2514 5452 2679 5508 rebus
2703 5452 2936 5511 all‘erens
2963 5454 3296 5511 facilitatem.
3327 5457 3520 5513 invoca
3549 5456 3741 5513 Filium
3768 5500 3786 5524 ,

2203 5546 2400 5615 gratias
2426 5560 2524 5616 age
2554 5546 2719 5603 Patri.
2744 5546 2878 5602 Nam
2901 5548 3026 5602 dum
3054 5548 3329 5604 invocatur
3349 5550 3539 5617 Filius,
3570 5552 3789 5606 invoca-

2205 5650 2289 5695 tur
2315 5651 2369 5695 et
2404 5641 2596 5706 Pater;
2625 5650 2680 5697 et
2702 5642 2830 5697 dum
2852 5643 2902 5697 ei
2930 5652 3160 5713 aguntur
3181 5644 3386 5714 gratim,
3414 5645 3550 5700 Filio
3572 5660 3802 5717 quoque

2201 5733 2384 5802 gratiae
2411 5744 2659 5803 aguntur.
2694 5735 2820 5791 [ire
2848 5736 3122 5792 discamus
3150 5753 3256 5793 non
3287 5738 3451 5794 verbo
3482 5748 3655 5802 tenus,
3688 5742 3790 5794 sed
3824 5790 3827 5791 ν

2207 5838 2302 5895 per
2329 5823 2464 5880 facta
2502 5827 2747 5890 implere.
2778 5828 2909 5885 lluic
2935 5828 3137 5886 nomini
3167 5830 3298 5884 nihil
3336 5840 3510 5903 potest
3539 5830 3778 5901 tequipa-
