4128 6398
375 402 487 458 363

367 517 590 581 Κύριον
637 505 888 579 δοξάζει)
915 522 931 538 ο
972 505 1102 579 περὶ
1147 505 1243 560 τοῦ
1275 509 1513 561 συνεῖναι
1554 505 1781 575 ἀγαθοῖς
1829 504 1946 579 (καὶ⁵

1242 395 1311 452 ΙΝ
1349 394 1572 453 EPIST.
1606 393 1699 450 AD
1733 393 2015 453 COLOSS.
2054 392 2208 449 CAP.
2263 389 2352 447 Ill.
2397 385 2633 446 HOMlL.
2674 387 2766 446 IX.

3523 390 3659 449 εδει

2050 520 2167 573 γμα
2184 520 2200 535 ·
2226 500 2513 571 Ψαλμοῖς,
2546 500 2730 570 φησὶν,
2750 500 2979 570 ὕμνοις,
2997 499 3178 567 ᾠδαῖς
3208 505 3634 572 πνευματικαῖς

367 595 542 650 ταῦτα
602 592 859 664 εὑρήσεις
900 592 1045 644 ἐκεῖ·
1081 590 1181 645 καὶ
1228 590 1365 644 ἄλλα
1420 591 1635 659 πολλά)·
1672 591 1801 661 περὶ⁵
1851 587 1948 642 τοῦ
2047 586 2117 640 ἐν
2162 585 2233 654 τῇ
2263 585 2458 655 χάριτι
2492 584 2741 652 ᾅδοντες
2766 585 2837 638 ἐν
2864 585 2993 649 ταῖς
3037 584 3309 654 καρδίαις
3339 586 3507 656 ὑμῶν
3553 587 3636 653 τῷ

367 675 601 746 γαστρὸς
637 675 882 743 κρατεῖν,
905 673 1037 745 περὶ
1058 672 1155 726 τοῦ
1173 676 1363 745 χεῖρας
1392 674 1663 745 κατέχειν,
1694 672 1825 744 περὶ⁵
1854 670 1948 724 τοῦ

373 761 449 831 μὴ
488 758 831 810 πλεονεκτεῖν
859 773 873 786 ·
896 757 977 810 ὅτι
1005 756 1158 810 οὐδὲν
1183 758 1252 810 τὰ
1281 758 1563 828 χρήματα,
1580 756 1699 810 οὐδὲ
1730 757 1764 826 ἡ
1798 753 1948 819 δόξα,

370 848 464 899 καὶ⁹
489 844 589 896 ὃσα
620 839 868 895 τοιαῦτα.
896 840 1065 895 Ὅταν
1096 839 1309 904 τούτοις
1338 844 1402 893 ἐκ
1428 841 1616 904 παιδὸς
1642 837 1837 913 ὲνάξῃς
1856 839 1954 891 αὑ-

370 927 480 991 τὸν,
518 924 662 980 κατά
715 923 913 995 μικρὸν
956 924 1052 977 καὶ
1088 923 1182 977 ἐπὶ
1219 922 1290 977 τά
1327 922 1632 993 ὑψηλότερα
1684 922 1853 988 ἄξεις.
1889 922 1953 975 Οἱ

368 1007 576 1077 ψαλμοὶ
620 1007 798 1061 πάντα
845 1006 1082 1076 ἔχουσιν,
1118 1008 1167 1059 οἱ
1201 1005 1259 1059 δὲ
1304 1005 1463 1077 ὕμνοι
1491 1005 1655 1059 πάλιν
1675 1004 1827 1057 οὐδὲν
1858 1004 1954 1057 ἀνα

370 1091 644 1162 θρώπινον
661 1106 676 1121 '
694 1089 822 1143 ὅταν
841 1090 899 1143 ὲν
920 1092 1031 1153 τοῖς
1052 1088 1286 1159 ψαλμοῖς
1306 1090 1474 1162 μάθῃ,
1493 1088 1614 1140 τότε
1636 1088 1729 1139 καὶ
1755 1085 1955 1155 ’ὑμνους

368 1177 601 1239 εἴσεται,
629 1175 729 1229 ἀτε
753 1172 1023 1245 θειότερον
1056 1174 1309 1243 πρᾶγμα.
1333 1172 1401 1227 Αἱ
1421 1172 1530 1243 γὰρ
1559 1171 1673 1225 ἀνω
1698 1169 1955 1239 δυνάμεις

371 1258 652 1330 ὑμνοῦσιν,
685 1257 746 1310 οὐ
783 1256 1108 1326 ψάλλουσινο
1149 1258 1233 1310 Οὐ
1284 1255 1397 1326 γὰρ
1428 1254 1641 1324 ὡραῖος
1670 1253 1860 1323 ὕμνος
1886 1253 1956 1306 ἐν

370 1341 642 1409 στόματι,
669 1340 856 1412 φησὶν,
886 1338 1265 1409 ἀμρτωλοῦ·
1298 1340 1393 1392 καὶ
1426 1338 1611 1400 πάλιν,
1640 1338 1705 1391 Ol
1735 1337 1956 1406 ὀφθαλ-

369 1424 472 1492 μοί
501 1440 622 1491 μου
650 1423 749 1476 ἐπὶ
795 1425 939 1487 τοὺς
982 1422 1240 1486 πιστοὺς
1267 1420 1380 1491 τῆς
1417 1418 1553 1491 γῆς,
1588 1419 1694 1473 τοῦ
1725 1434 1955 1489 συγκα-

373 1506 593 1574 θλῆσθαι
619 1505 842 1572 αὐτοὺς
862 1505 990 1574 μετ’
1018 1504 1186 1574 ἐμοῦ·
1227 1505 1323 1558 καὶ
1354 1503 1537 1569 πάλιν,
1575 1505 1657 1558 Οὐ
1707 1502 1959 1567 κατῴκει

371 1590 443 1642 ἐν
463 1587 633 1656 μέσῳ
664 1586 775 1656 τῆς
801 1587 993 1653 οἰκίας
1019 1603 1138 1656 μου
1162 1587 1350 1641 ποιῶν
1376 1587 1799 1655 ὑπερηφανίαν
1823 1601 1836 1615 ·
1865 1584 1960 1639 καὶ

374 1672 561 1734 πάλιν,
603 1672 1015 1739 Πορευόμενος
1055 1670 1127 1724 ἐν
1176 1668 1293 1734 ὀδῷ
1346 1670 1587 1739 ἀμώμῳ.
1636 1665 1816 1733 οὗτός
1857 1685 1961 1739 μοι

372 1755 755 1823 ἐλειτούργει.
780 1755 942 1806 Ὥστε
978 1753 1053 1825 μὴ
1082 1754 1242 1824 μόνον
1268 1753 1463 1821 φίλοις,
1497 1752 1635 1806 ἀλλὰ
1660 1752 1793 1822 μηδὲ
1816 1751 1961 1805 οίκέ-

373 1853 498 1900 ταις
532 1835 895 1906 ἀναμιγνύναι
928 1836 1154 1899 ἑαυτοὺς
1197 1834 1582 1904 ἀσφαλίζεσθε.
1611 1834 1693 1888 Τὰ
1720 1834 1828 1904 γάρ
1860 1851 1963 1905 μυ-

380 1923 471 1990 ρία
501 1921 647 1974 κακά
683 1922 797 1983 τοῖς
825 1919 1154 1991 ἐλευθέροις,
1184 1921 1313 1972 ὅταν
1353 1918 1577 1981 δούλους
1607 1918 1792 1981 αὑτοῖς
1838 1918 1959 1970 ὲπιο

379 2005 668 2073 στήσωμεν
684 2002 1134 2074 διεφθαρμένους.
1158 2001 1216 2055 Εἰ
1240 2001 1353 2072 γὰρ
1372 2001 1575 2071 πατρὸς
1599 1999 1964 2063 ἀπολαύοντες

379 2085 528 2157 [593]
581 2086 674 2141 καὶ
718 2086 1100 2157 φιλοστοργίας
1148 2086 1244 2138 καὶ
1295 2084 1612 2154 φιλοσοφίας
1662 2083 1965 2153 τοσαύτης,

383 2170 533 2239 μόλις
560 2168 913 2234 διασώζονται
938 2184 953 2198 ·
981 2162 1328 2232 ὅτανάὑτοὺς
1352 2167 1598 2240 ἐκδῶμεν
1619 2171 1688 2239 τῇ
1717 2168 1967 2239 ἀφειδεία

378 2253 489 2306 τῶν
516 2252 760 2317 οίκετῶν,
784 2254 927 2312 τίνες
949 2251 1199 2318 ἐσονταις
1227 2252 1499 2324 Καθάπερ
1533 2250 1749 2322 ἐχθροῖς
1781 2250 1967 2314 αὐτοῖς

380 2335 702 2407 κέχρηνται,
740 2333 1049 2405 νομίζοντες
1101 2336 1285 2398 αὐτοῖς
1329 2335 1430 2406 τὴν
1474 2334 1792 2387 δεσποτείαν
1824 2329 1967 2386 εἶναι

380 2419 760 2490 ⁴ιιμερωτέραν,
790 2419 855 2471 ἂν
907 2418 1123 2487 μωροὺς
1169 2418 1375 2482 αὐτοὺς,
1404 2419 1830 2488 ἀπεργάσωνται
1872 2417 1966 2468 καὶ

384 2502 621 2571 φαύλους
652 2504 748 2557 καὶ
796 2502 1007 2565 οὐδενὸς
1053 2501 1213 2568 λόγου
1255 2501 1459 2566 ἀξίους.
1493 2501 1607 2571 Πρὸ
1652 2500 1761 2553 τῶν
1792 2500 1969 2553 ἄλλων

381 2584 476 2641 οὖν
506 2586 761 2640 ἁπάντων
797 2585 969 2639 ταῦτα
998 2582 1410 2652 σπουδάζωμεν.
1445 2584 1778 2651 Ἥγάπησα,
1811 2584 1969 2654 φησὶ,

381 2672 526 2738 τοὺς
559 2670 919 2741 ἀγαπῶντας
960 2668 1068 2723 τὸν
1106 2671 1299 2737 νόμον
1342 2686 1480 2722 σου.
1516 2668 1717 2720 Τοῦτον
1759 2662 1852 2720 οὖν
1877 2668 1970 2721 κα)⁸

381 2757 546 2825 inut;
587 2753 945 2825 ζηλώσωμεν,
997 2752 1092 2805 καὶ
1135 2750 1358 2814 τούτους
1406 2751 1733 2819 ἀγαπῶμεν.
1766 2751 1883 2803 Ἵνα
1913 2750 1971 2803 δὲ

385 2839 549 2891 πάλιν
577 2837 929 2907 σωφρονῶσιν
957 2836 1009 2888 οἱ
1055 2835 1271 2899 παῖδες,
1310 2833 1663 2886 ἀκουέῖωσαν
1706 2832 1800 2885 τοῦ
1828 2834 1971 2902 Προ-

385 2923 560 2991 φήτου
614 2921 897 2989 λέγοντος,
924 2920 1001 2973 ὅτι
1065 2922 1137 2973 Al
1190 2921 1337 2987 ψόαι
1392 2935 1512 2986 μου
1568 2916 1976 2985 ἐπλήσθησαν

384 3004 803 3074 ὲμπαιγμὰτων
827 3020 841 3033 ·
884 3004 982 3058 καὶ
1020 3003 1205 3070 πάλιν,
1262 3001 1748 3068 Ἐξολοθρεύσεις
1774 3000 1973 3054 πάντα

384 3090 494 3142 τὸν
541 3089 916 3157 πορνεύονται
971 3087 1094 3142 ἀπὸ
1143 3086 1281 3141 σοῦ.
1327 3085 1435 3137 Καὶ
1475 3084 1557 3137 ὅτι
1597 3084 1679 3136 δεῖ
1723 3084 1973 3154 κατέχειν

385 3170 644 3239 γαστρὸς,
666 3172 1016 3225 ἀκουέτωσαν
1045 3170 1208 3224 πάλιν
1232 3186 1247 3199 ο
1279 3166 1390 3221 Καὶ
1422 3165 1757 3230 ἀπέκτεινε,
1787 3170 1970 3237 φησὶν,

385 3254 455 3307 ἐν
490 3252 618 3319 τοῖς
642 3253 925 3307 πλείοσιν
954 3253 1175 3317 αὐτῶν,
1211 3252 1299 3304 ἔτι
1327 3248 1438 3319 τῆς
1465 3249 1750 3318 ,βρώσεως
1779 3250 1979 3316 οὔσης,

387 3336 457 3390 ἐν
490 3335 571 3401 τῷ
602 3337 858 3405 στόματι
891 3335 1109 3389 αὐτῶν.
1138 3336 1247 3388 Καὶ
1278 3334 1361 3386 ὅτι
1393 3332 1474 3385 δεῖ
1509 3333 1698 3403 δώρων
1731 3333 1972 3403 κρατεῖν,

389 3418 638 3472 ἐντεῦθεν
684 3418 1017 3489 μαθήσονται
1046 3435 1061 3449 ο
1101 3417 1394 3482 Πλοῦτος,
1434 3417 1618 3485 φησὶν,
1679 3415 1788 3468 ἐὰν
1833 3414 1971 3483 ῥέῃ,

388 3505 789 3572 προστίθεσθε
832 3503 1087 3570 καρδίαν
1119 3518 1134 3536 ο
1175 3502 1269 3555 καὶ
1306 3501 1387 3554 ὅτι
1419 3500 1577 3568 δόξης
1606 3501 1848 3569 κρατεῖν,
1882 3499 1974 3552 καὶ

388 3588 548 3642 τοῦ;ο
594 3588 957 3658 εὑρήσουσινο
1014 3584 1169 3639 Οὐδὲ
1238 3581 1761 3653 συγκαταϐήσεται
1816 3582 1975 3646 αὐτῷ

391 3674 592 3725 ὀπίσω
631 3670 818 3725 αὐτοῦ
868 3671 907 3739 ή
960 3668 1112 3733 δόξα
1154 3665 1375 3720 αὑτοῦ·
1420 3666 1546 3727 τοὺς
1579 3665 1849 3735 πονηροὺς
1899 3664 1975 3734 μὴ

392 3754 625 3824 ζηλοῦν·
669 3754 768 3823 Μὴ
800 3752 1143 3821 παραζήλου
1180 3750 1250 3803 ἐν
1278 3747 1785 3818 πονηρευομένοις
1826 3763 1839 3777 ο
1877 3748 1975 3809 τὰς

391 3838 707 3902 δυναστείας
735 3837 987 3909 ἡγεῖσθαι
1014 3835 1194 3889 οὐδέν’
1224 3830 1405 3888 Εἶδον
1431 3833 1541 3886 τὸν
1583 3831 1772 3900 ἀσεϐῆ
1798 3834 1977 3898 ὑπερ-

393 3924 743 3992 υψούμενον
775 3923 874 3976 καὶ
902 3922 1300 3989 ἐπαιρόμενον
1330 3918 1410 3983 ὡς
1436 3917 1545 3982 τὰς
1588 3915 1839 3983 κέδρους
1872 3914 1977 3968 τοῦ

397 4006 677 4071 Λιϐάνου,
707 4008 806 4061 καὶ
841 4008 1174 4074 παρῆλθον,
1217 4001 1316 4055 καὶ
1348 4000 1476 4055 ἰδοὺ
1518 4002 1630 4054 οὐκ
1654 3996 1733 4069 ἦν
1756 4015 1771 4030 ο
1810 4000 1976 4070 μηδὲν

395 4093 466 4143 τὰ
510 4093 756 4160 παρόντα
803 4089 1057 4161 ἡγεῖσθαι
1084 4101 1100 4117 ⁶
1135 4085 1545 4155 Ἐμιικὰρισαν
1578 4082 1700 4159 ¹τὸν
1728 4081 1903 4145 λαὸν,
1929 4074 1979 4149 ᾧ

397 4174 587 4229 ταῦτά
618 4176 749 4229 ἐστι
774 4191 789 4206 ο
826 4171 1116 4243 μακάριος
1144 4173 1177 4224 ό
1204 4168 1377 4234 λαὸς,
1407 4163 1478 4222 οὗ
1517 4167 1729 4235 Κύριος
1760 4168 1793 4219 ό
1834 4164 1980 4231 Θεὸς

391 4259 623 4325 ,Βοηθὸς
671 4256 859 4310 αὐτοῦ
883 4273 895 4288 ·
925 4256 1006 4308 ὅτι
1052 4255 1151 4322 οὐχ
1183 4251 1372 4313 ἁπλῶς
1426 4249 1832 4320 ἁμαρτάνομεν,
1862 4248 1977 4301 ἀλλ’

398 4342 546 4396 ἐστιν
568 4339 1041 4403 ἀνταπόδοσιςοὸτι
1067 4337 1150 4389 Σὺ
1180 4330 1980 4403 ἀποδώσεις,φησὶν,ἐκάστφ

399 4423 551 4478 κατὰ
591 4429 665 4478 τὰ
716 4423 862 4492 ἔργα
911 4420 1118 4474 αὑτοῦ.
1162 4418 1263 4470 Διά
1314 4417 1368 4469 τί
1416 4416 1474 4469 δὲ
1522 4416 1582 4468 οὑ
1618 4415 1737 4468 καθ’
1768 4416 1979 4486 ἡμέραν

400 4507 750 4572 ἀποδίδωσιν;
808 4505 872 4557 Ὀ
905 4505 1049 4568 Θεὸς
1103 4500 1335 4569 κριτὴς,
1380 4501 1566 4569 φησὶν,
1615 4498 1843 4564 δίκαιος
1879 4498 1978 4552 καί.

402 4590 653 4658 ίσχυρός
689 4588 788 4642 καί
822 4589 1241 4658 μακρόθυμος·
1288 4585 1371 4636 ὅτι
1423 4584 1457 4653 ἠ
1506 4581 1976 4653 ταπεινοφροσύνῃ

402 4674 563 4727 καλόν
596 4689 611 4703 ·
646 4672 847 4739 Κύριε,
887 4670 1074 4741 φησὶν,
1109 4669 1223 4735 οὐχ
1254 4665 1462 4733 ὑψώθη
1512 4665 1548 4732 ἡ
1582 4664 1795 4733 καρδία
1814 4682 1935 4733 μου
1961 4681 1976 4694 ο

401 4758 482 4811 ὃτι
513 4754 859 4826 ὑπερηφανία
885 4753 1054 4806 κακόν
1068 4768 1081 4782 ο
1101 4754 1202 4805 Διὰ
1222 4750 1419 4814 τοῦτο,
1441 4749 1626 4819 φησὶν,
1648 4749 1981 4817 ἐκράτησεν

401 4838 622 4899 αὐτοὺς
645 4838 683 4905 ἠ
710 4836 1092 4905 ὑπερηφανία
1112 4837 1199 4900 εὶς
1220 4832 1394 4898 τέλος
1413 4850 1426 4862 ·
1452 4832 1545 4885 καὶ
1574 4831 1982 4900 πάλιν,Κύριος

403 4918 813 4989 ὑπερηφάνοις
878 4916 1303 4975 ἀντιτάσσεται
1336 4931 1350 4946 ·
1406 4914 1501 4967 καὶ
1578 4914 1776 4982 πάλιν,
1852 4916 1983 4979 Ἐξ-

404 5004 715 5056 ελεύσεται
740 5002 821 5069 ὡς
861 5001 930 5056 ἐκ
963 5000 1217 5065 στέατος
1244 4999 1287 5067 ἡ
1312 4997 1510 5051 ἀδικία
1537 4997 1753 5051 αὐτῶν.
1792 4998 1911 5051 ’Ότι
1946 4998 1982 5070 ἡ

406 5084 745 5156 ἐλεημοσύνη
789 5085 952 5139 καλόν
991 5100 1006 5113 ο
1057 5082 1476 5148 Ἐσκόρπισεν,
1506 5079 1693 5133 ἔδωκε
1718 5078 1842 5144 τοῖς
1880 5081 1983 5133 πέ-

404 5183 589 5236 νησιν
608 5184 623 5199 ο
644 5168 682 5235 η
717 5167 1074 5234 δικαιοσύνη
1104 5164 1290 5218 αὑτοῦ
1314 5163 1482 5231 μένει
1509 5163 1597 5226 εὶς
1625 5163 1732 5215 τόν
1757 5162 1942 5217 αίῶνα
1964 5179 1979 5195 ’

403 5250 487 5303 ὅτι
518 5250 578 5303 τὸ
603 5252 771 5304 ὲλεεῖν
791 5249 1069 5303 ἐπαινετόν
1089 5264 1104 5278 ·
1122 5246 1393 5315 Χρηστὸς
1413 5244 1570 5313 ἀνὴρ
1598 5245 1630 5297 ό
1655 5246 1980 5313 οἰκτείρων,

406 5333 506 5386 καὶ
552 5333 793 5402 κιχρὼν.
832 5334 942 5387 Καὶ
994 5331 1166 5384 πολλὰ
1205 5328 1407 5383 τούτων
1458 5328 1679 5381 πλείονα
1730 5331 1984 5399 εὑρήσεις

406 5417 523 5469 ἐκεῖ
553 5417 890 5486 ὲμφιλόσοφα
931 5416 1173 5485 δόγματα
1196 5428 1211 5443 ⁶
1255 5408 1367 5465 οἷον
1392 5411 1475 5465 ὅτι
1502 5411 1690 5474 κακῶς
1718 5411 1896 5480 λέγειν
1920 5412 1985 5466 οὑ

404 5500 517 5555 δεῖ·
542 5502 653 5555 Τὸν
674 5499 1152 5562 καταλαλοῦντα,
1188 5496 1343 5567 φησὶ,
1364 5494 1557 5565 λάθρα
1576 5495 1683 5549 τὸν
1715 5495 1985 5563 πλησίον

404 5579 615 5650 αὐτοῦ,
645 5586 861 5640 τοῦτον
884 5582 1224 5648 ἐξεδίωκον.
1253 5579 1349 5642 Τίς
1373 5582 1402 5634 6
1422 5578 1591 5650 ὑμνος
1621 5579 1730 5633 τῶν
1765 5580 1908 5643 ἀνω,
1929 5577 1984 5633 τί

405 5667 555 5736 λέγει
580 5668 653 5722 τά
677 5668 977 5739 Χερουϐὶμ,
1020 5666 1196 5719 ἴσασιν
1254 5665 1305 5717 οἱ
1349 5664 1547 5717 πιστοί.
1591 5663 1657 5716 Τί
1710 5662 1897 5731 ἔλεγον
1932 5663 1983 5716 οἱ

406 5749 628 5818 ἄγγελοι
674 5753 860 5817 aed-cm;
891 5750 1044 5816 Δόξα
1074 5750 1143 5804 ὲν
1168 5749 1453 5819 ὑψίστοις
1487 5745 1629 5811 Θεῷ.
1667 5748 1767 5800 Διά
1824 5747 1982 5801 τοῦτο

412 5834 551 5902 μετά
572 5834 670 5899 τὰς
696 5834 1008 5907 ψαλμιιᾶας
1041 5833 1229 5907 ὑνμνοι,
1265 5832 1360 5889 {ne
1392 5830 1719 5904 τελειότερόν
1756 5849 1807 5886 τι
1840 5833 1980 5904 πρᾶ-

2053 669 2194 734 Θεῷ.
2232 670 2304 722 Ἢ
2360 668 2518 722 τοῦτό
2565 685 2753 738 φησιν,
2808 668 2891 721 ὅτι
2932 668 3021 721 διὰ
3067 668 3227 741 χάριν
3269 671 3406 740 ἡμῖν
3458 670 3636 723 ταῦτα

2050 754 2252 807 ἔδωκεν
2279 752 2309 804 6
2346 752 2498 816 Θεὸς,
2529 751 2562 823 ἢ
2593 753 2715 815 ταῖς
2766 753 2823 805 ὲν
2853 754 2918 823 τῇ
2949 752 3132 824 χάριτι
3158 752 3344 822 ᾠδαῖς,
3382 752 3416 824 ἢ
3448 753 3637 808 νουθε-

2050 836 2271 896 τοῦντες
2298 836 2525 898 ἑαυτοὺς
2548 834 2643 888 καὶ
2668 834 3009 897 διδάσκοντες
3040 836 3099 888 ὲν
3131 836 3337 906 χάριτι,
3378 836 3411 908 ἣ
3449 838 3531 890 ὅτι
3580 839 3640 890 ὲν

2051 920 2234 992 χάριτι
2256 918 2401 991 εἶχον
2424 918 2597 973 ταῦτα
2615 919 2684 971 τὰ
2702 917 3036 989 χαρίσματα,
3058 918 3090 990 ἢ
3114 919 3445 990 ὲπεξήγησξς
3467 921 3637 975 ἐστιν.

2066 1001 2200 1055 Ἀπὸ
2226 1002 2326 1073 τῆς
2348 1003 2571 1072 χάριτος
2600 1000 2697 1055 τοῦ
2744 999 3083 1070 Πνεύματος,
3120 1000 3304 1072 φησίν.
3353 1003 3640 1072 ’ᾼδοντες

2053 1086 2125 1141 ἐν
2150 1085 2281 1152 ταῖς
2315 1084 2587 1153 καρδίαις
2631 1083 2801 1154 ὑμῶν
2832 1082 2914 1148 τῷ
2948 1082 3089 1149 Θεῷ.
3126 1084 3218 1153 Μὴ
3250 1083 3455 1148 ἁπλῶς,
3484 1085 3640 1155 φησὶ,

2053 1168 2133 1239 τῷ
2163 1169 2410 1239 στόματι,
2439 1168 2576 1222 ἀλλά
2612 1168 2751 1238 μετὰ
2776 1169 3070 1238 προσοχῆς.
3091 1167 3263 1221 Τοῦτο
3284 1169 3392 1239 γάρ
3422 1169 3537 1221 ἐστι
3563 1168 3642 1238 τῷ

2055 1253 2175 1323 Θεῷ
2197 1253 2364 1325 ᾄδειν,
2388 1254 2563 1306 ἐκεῖνο
2588 1252 2646 1307 δὲ
2674 1251 2753 1323 τῷ
2802 1252 2926 1323 ἀέρι
2946 1268 2960 1284 ·
2991 1252 3257 1323 διαχεῖται
3294 1252 3405 1323 γὰρ
3455 1251 3643 1314 ἁπλῶς

2056 1338 2091 1407 ὴ
2126 1338 2301 1407 φωνή.
2336 1336 2428 1407 Μὴ
2459 1336 2597 1407 πρὸς
2649 1334 2928 1399 ἐπίδειξιν,
2972 1335 3161 1404 φησίν.
3197 1337 3317 1389 Κᾶν
3365 1337 3423 1388 ὲν
3468 1335 3646 1406 ἀγορᾷ

2055 1418 2141 1496 ᾖς,
2171 1421 2396 1474 δύνασαι
2431 1420 2728 1491 συστρέψαι
2795 1420 2991 1473 σαυτὸν
3051 1421 3147 1472 καὶ
3184 1420 3332 1492 ᾅδειν
3389 1420 3468 1490 τῷ
3503 1420 3644 1489 Θεῷ,

2062 1505 2290 1575 μηδενὸς
2313 1504 2624 1567 ἀκούοντος.
2662 1504 2815 1557 Ἑττεῖ¹
2849 1505 2944 1557 καὶ
2971 1505 3212 1575 Μωῦσῆς
3230 1504 3401 1568 οὑτως
3423 1503 3646 1573 ηὔχετο,

2060 1589 2156 1641 καὶ
2186 1588 2463 1658 ἠκούσθηο
2494 1589 2630 1659 φησὶ
2692 1589 2826 1659 γάρ.
2868 1589 2930 1644 Τί
2958 1587 3118 1656 ,ϐοᾷς
3149 1588 3297 1657 πρός
3322 1604 3434 1658 ys;
3456 1588 3648 1641 Καίτοι

2060 1688 2123 1739 γε
2150 1671 2302 1725 οὐδὲν
2335 1667 2489 1724 εἶπεν
2515 1671 2630 1725 ἀλλ’
2660 1672 2791 1724 ἐϐόα
2820 1672 2961 1724 κατά
2987 1673 3225 1726 διάνοιαν
3258 1671 3397 1741 μετά
3422 1670 3650 1741 καρδίας

2069 1754 2578 1825 συντετριμμένηςο
2642 1754 2723 1808 διὸ
2798 1755 2894 1808 καὶ
2962 1757 2990 1807 6
3051 1753 3201 1826 [594]
3256 1755 3389 1817 Θεὸς
3447 1753 3649 1823 ἤκουσε

2067 1838 2247 1907 μόνος.
2274 1838 2349 1891 Οὐ
2378 1838 2686 1891 κεκώλυται
2709 1838 2819 1910 γὰρ
2839 1838 2933 1892 καὶ
2963 1837 3368 1909 περιπατοῦντα
3395 1836 3650 1907 εὑχεσθαι

2064 1918 2207 1974 κατά
2254 1920 2502 1991 καρδίαν,
2531 1922 2627 1975 καὶ
2669 1922 2782 1975 ἄνω
2836 1917 2998 1977 εἶναι.
3039 1921 3149 1975 Καὶ
3202 1920 3327 1976 πᾶν
3375 1920 3408 1975 ὅ
3459 1938 3514 1973 τι
3572 1918 3652 1973 ἂν

2064 2002 2297 2071 ποιῆτε,
2329 2004 2515 2075 φησὶν,
2550 2004 2622 2058 ἐν
2671 2004 2856 2073 λόγῳ,
2906 2004 2947 2073 ἢ
2999 2004 3072 2058 ἐν
3111 2004 3283 2075 ἔργῳ,
3336 2003 3535 2058 πάντα
3580 2003 3653 2055 ἐν

2066 2086 2309 2153 ὀνόματι
2337 2085 2445 2140 τοῦ
2477 2087 2702 2154 Κυρίου
2748 2086 2921 2156 ἡμῶν
2952 2088 3156 2155 Ἰησοῦ
3217 2083 3501 2156 Χριστοῦ,
3549 2089 3651 2140 εὺ-

2067 2168 2498 2238 χαριστοῦντες
2537 2169 2619 2235 τῷ
2656 2169 2779 2234 Θεῷ
2798 2170 2897 2222 καί
2939 2170 3123 2238 Harp!
3156 2169 3229 2223 δι’
3271 2170 3482 2224 αὑτοῦ.
3526 2168 3653 2222 Ἐἀν

2068 2253 2178 2323 γὰρ
2207 2249 2352 2305 οὕτω
2388 2252 2655 2323 ποιῶμεν,
2693 2253 2846 2306 οὐδὲν
2880 2252 3031 2307 ἔσται
3073 2253 3293 2325 μιαρὸν,
3330 2253 3483 2308 οὐδὲν
3521 2252 3653 2306 ἀκά-

2069 2336 2286 2406 θαρτον,
2307 2334 2437 2388 ἔνθα
2466 2336 2532 2389 ἂν
2561 2336 2589 2388 6
2621 2336 2857 2408 Χριστὸς
2886 2338 3141 2409 καλῆται.
3174 2336 3301 2392 Ἐὰν
3330 2337 3538 2409 ἐσθίῃς,
3558 2336 3655 2389 ἐὰν

2069 2417 2252 2485 πίνῃς,
2284 2418 2379 2472 ἐὰν
2416 2420 2623 2489 γαμῇς,
2655 2419 2755 2473 ὲάν
2781 2420 3095 2491 ἀποδημῇς,
3126 2421 3304 2475 πάντα
3340 2421 3399 2473 ὲν
3427 2420 3653 2487 όνόματι

2068 2500 2163 2554 τοῦ
2202 2500 2337 2553 Θεοῦ
2381 2502 2586 2572 πρᾶττε
2615 2517 2630 2530 ·
2662 2503 2966 2567 τουτέστιν,
2997 2502 3161 2556 αὑτὸν
3190 2503 3372 2557 καλῶν
3407 2502 3602 2572 βοηθόν
3634 2517 3648 2529 ⁸

2070 2587 2163 2638 ἐπὶ
2204 2588 2423 2639 πάντων
2464 2586 2737 2657 πρότερον
2781 2586 2930 2657 αὐτῷ
2960 2586 3275 2657 εὐχόμενος,
3321 2587 3497 2642 ἅπτου
3542 2586 3654 2638 τῶν

2073 2668 2437 2738 πραγμάτων.
2461 2669 2650 2721 Βούλει
2683 2686 2739 2722 τι
2768 2668 3136 2738 φθέγξασθαις
3166 2669 3324 2722 τοῦτο
3353 2669 3652 2739 πρότασσε.

2072 2751 2171 2803 Διά
2214 2750 2375 2804 τοῦτο
2422 2752 2517 2804 καὶ
2570 2753 2732 2824 ⁴ἡμεῖς
2774 2751 2886 2809 τῶν
2923 2752 3224 2806 ἐπιστολῶν
3274 2752 3657 2826 προτάσσομεν

2070 2834 2131 2887 τὸ
2158 2834 2330 2906 ὄνομα
2376 2834 2607 2906 Κυρίου.
2642 2834 2811 2889 Ἔνθα
2842 2834 2909 2889 ἂν
3030 2847 3057 2875 α
3094 2836 3157 2889 τὸ
3210 2836 3383 2906 ὄνομα
3425 2834 3654 2904 Κυρίου,

2073 2918 2252 2972 πάντα
2294 2917 2468 2972 αἴσια.
2517 2918 2580 2970 Et
2628 2918 2736 2988 γὰρ
2785 2918 3009 2972 ὑπάτων
3055 2916 3295 2989 ὀνόματα
3323 2919 3542 2989 ἀσφαλῆ
3588 2919 3658 2971 τὰ

2074 3004 2432 3072 γραμματεῖα
2479 3002 2645 3063 ποιεῖ,
2693 3000 2873 3070 πολλῷ
2929 3001 3130 3070 μᾶλλον
3174 3002 3269 3054 τοῦ
3318 3003 3556 3073 Χριστοῦ
3598 3009 3658 3054 τὸ

2074 3084 2264 3156 ὄνομα.
2302 3084 2374 3137 Ἦ
2401 3082 2560 3137 τοῦτό
2580 3100 2742 3154 φησι·
2765 3083 2922 3136 Κατὰ
2953 3084 3087 3137 Θεὸν
3114 3085 3294 3138 πάντα
3323 3085 3419 3138 καὶ
3446 3085 3658 3152 λέγετε,

2074 3170 2171 3221 καὶ
2239 3167 2514 3238 πράττετε
2560 3185 2576 3198 ·
2623 3167 2697 3237 μὴ
2774 3167 2904 3230 τοὺς
2973 3166 3241 3235 ἀγγέλους
3309 3169 3655 3236 ὲπεισάγετε.

2086 3249 2350 3315 Ἐσθίεις;
2391 3249 2788 3319 εὐχαρίστησον
2832 3249 2910 3319 τῷ
2951 3249 3092 3320 Θεῷ,
3141 3250 3237 3304 καὶ
3281 3251 3514 3321 μέλλων,
3566 3252 3661 3304 καὶ

2078 3333 2225 3403 μετά
2259 3332 2458 3387 ταῦτα.
2490 3333 2822 3401 Καθεύδεις;
2863 3333 3256 3405 εὐχαρίστησον
3285 3334 3363 3404 τῷ
3391 3334 3530 3405 Θεῷ,
3565 3336 3660 3388 καὶ

2078 3417 2320 3486 μέλλων,
2360 3418 2454 3469 καὶ
2499 3419 2636 3487 μετά
2687 3417 2880 3472 ταῦτα.
2930 3419 3043 3482 Είς⁸
3075 3419 3283 3490 ἀγορὰν
3327 3419 3660 3491 ἐμϐάλλεις;

2073 3501 2269 3554 ταυτὸν
2323 3501 2467 3553 ποίει
2501 3518 2516 3533 ο
2552 3503 2716 3572 μηδὲν
2794 3501 3092 3572 κοσμικὸν,
3156 3502 3324 3573 μηδὲν
3379 3503 3657 3573 βιωτικόν.

2076 3584 2261 3636 Πάντα
2320 3585 2403 3637 ἐν’
2433 3584 2659 3655 ὀνόματι
2708 3584 2912 3655 Κυρίου
2975 3585 3140 3649 ποίει,
3182 3587 3279 3638 καὶ
3334 3586 3516 3639 πάντα
3576 3602 3672 3639 σοι.

2077 3666 2493 3736 εύοδωθήσεται.
2525 3669 2695 3721 Ὅπου
2726 3667 2792 3721 ἂν
2830 3668 3058 3738 ὲπιτεθῇ
3086 3668 3145 3720 τὸ
3172 3667 3345 3738 ὄνομα.
3373 3667 3466 3720 τοῦ
3495 3668 3655 3730 Θεοῦ,

2077 3750 2256 3804 πάντα
2292 3751 2464 3803 αἴσια.
2511 3750 2589 3803 Εί’
2620 3749 2885 3819 δαίμονας
2923 3750 3195 3814 ἐκϐάλλει,
3226 3752 3275 3803 εἰ
3318 3753 3506 3813 νόσους
3550 3753 3662 3804 ἀπ-

2076 3834 2311 3898 ελαύνει,
2337 3834 2515 3906 πολλῷ
2536 3834 2735 3905 μᾶλλον
2764 3835 3014 3888 εὐκολίαν
3043 3834 3391 3906 πραγμάτων
3420 3836 3656 3905 ποιήσει.

2076 3922 2186 3973 Καὶ
2211 3920 2264 3973 τί
2292 3921 2411 3973 ἐστι
2441 3920 2663 3991 ποιῆσαι
2690 3920 2749 3973 ὲν
2778 3919 2940 3990 λόγῳ,
2964 3920 3077 3991 ἐν
3107 3920 3362 3992 ἐργῳ;Ἢ
3384 3919 3657 3984 ἀξιοῦντα,

2076 4004 2109 4074 ἢ
2168 4001 2355 4056 ὁτιοῦν.
2401 4002 2679 4059 ποιοῦντα.
2714 4004 2983 4057 ’Ἄκουσον
3036 4004 3153 4066 πῶς
3209 4006 3239 4057 6
3297 4003 3547 4074 Ἀϐραάμ
3600 4004 3662 4056 ὲν

2077 4086 2300 4157 ὀνόματι
2340 4087 2477 4140 Θεοῦ
2519 4087 2613 4141 τὸν
2667 4088 2885 4159 οἰκέτην
2936 4086 3293 4153 ἀπέστειλεν,
3323 4089 3353 4140 6
3397 4086 3660 4140 Δαυτδ·ὲν

2077 4172 2301 4241 ὀνόματι
2345 4169 2482 4223 Θεοῦ
2540 4172 2633 4225 τὸν
2683 4170 2877 4225 Γολιὰθ
2940 4170 3181 4226 καθεῖλε.
3219 4172 3543 4241 Θαυμαστὸν
3596 4173 3661 4226 τὸ

2077 4254 2249 4324 ὄνομα
2283 4253 2453 4306 αὐτοῦ
2509 4254 2604 4306 καὶ
2644 4254 2804 4322 μέγα.
2846 4254 3015 4308 Πάλιν
3054 4255 3083 4306 6
3123 4253 3318 4307 Ἰακὼϐ
3356 4256 3482 4318 τοὺς
3509 4255 3660 4319 υἱοὺς

2079 4338 2334 4408 πέμπων,
2365 4338 2565 4408 φησιν’
2625 4338 2687 4392 '0
2722 4338 2792 4391 δὲ
2821 4340 2965 4404 Θεός
2988 4356 3108 4407 μου
3150 4337 3270 4402 δῴη
3293 4337 3443 4407 ὑμῖν
3485 4339 3662 4407 χάριν

2077 4420 2337 4474 ἐνώπιον
2381 4421 2489 4474 τοῦ
2523 4421 2863 4487 ἀνθρώπου.
2906 4421 2963 4476 '0
3001 4419 3295 4495 γὰρ.τοῦτο
3325 4420 3513 4485 ποιῶν,
3545 4421 3661 4492 ἔχει

2080 4502 2371 4574 σύμμαχον
2436 4502 2529 4555 τὸν
2596 4503 2765 4565 Θεὸν,
2834 4495 2896 4556 οῦ
2951 4504 3123 4574 χωρὶς
3176 4503 3331 4555 οὐδὲν
3386 4502 3659 4573 ἐτόλμησε

2079 4586 2324 4656 ποιῆσαι.
2371 4586 2503 4639 "Are
2564 4582 2658 4639 οῦν
2722 4585 2977 4657 τιμηθεὶς
3031 4585 3110 4656 τῷ
3164 4585 3451 4657 κληθῆναι,
3506 4587 3661 4640 ἀντι-

2078 4672 2301 4742 τιμήσει
2344 4670 2425 4741 τῷ
2469 4670 2834 4742 ὲξευμαρίσαι
2870 4672 2940 4725 τά
2979 4672 3304 4741 πράγματα.
3349 4669 3519 4723 Κάλει
3567 4670 3660 4723 τὸν

2080 4754 2228 4815 Υἱὸν.
2260 4754 2572 4824 εὐχαρίστει
2613 4753 2692 4823 τῷ
2745 4754 2941 4825 Πατρί.
2973 4754 3084 4806 Καὶ
3128 4754 3238 4823 γὰρ
3266 4751 3358 4807 τοῦ
3391 4753 3522 4805 Υἰοῦ
3563 4771 3662 4807 κα-

2080 4837 2341 4907 λουμένου
2369 4838 2398 4888 6
2436 4836 2623 4908 Πατὴρ
2654 4837 2917 4903 καλεῖται,
2950 4837 3044 4890 καὶ
3088 4835 3255 4890 αὑτοῦ
3303 4835 3660 4906 εὑχαριστου-

2085 4922 2247 4992 μένου
2276 4922 2304 4973 6
2333 4921 2464 4984 Υἱὸς
2492 4920 2912 4992 εὑχαριστεῖται.
2945 4919 3129 4973 Ταῦτα
3172 4918 3536 4990 μανθάνωμεν
3583 4921 3659 4990 μὴ

2086 5005 2247 5076 μέχρι
2278 5004 2559 5075 ῥημάτων,
2583 5003 2723 5059 ἀλλά
2774 5005 2869 5058 καλ⁸
2914 5004 3002 5058 διὰ
3030 5002 3137 5056 τῶν
3175 5002 3352 5074 ἔργων
3392 5002 3657 5073 πληροῦν.

2082 5089 2247 5143 Οὐδὲν
2286 5088 2383 5142 τοῦ
2435 5088 2700 5160 ὀνόματος
2750 5088 2938 5142 τούτου
2996 5088 3109 5141 ἴσον
3134 5105 3148 5117 ο
3180 5086 3338 5140 τοῦτο
3383 5084 3661 5153 πανταχοῦ

2083 5172 2385 5241 θαυμάσιον
2419 5188 2434 5201 ·
2462 5171 2687 5239 Μύρον,
2727 5173 2913 5243 φησὶν,
2944 5170 3274 5225 ἐκκενωθὲν
3304 5168 3491 5238 ὄνομά
3519 5182 3657 5222 σου.

2094 5255 2152 5307 Ὀ
2180 5255 2337 5308 τοῦτο
2383 5253 2551 5308 είπὼν
2582 5254 2785 5317 εὐθέως
2827 5254 3055 5318 εὐωδίας
3100 5252 3424 5322 ἐνεπλήσθη.
3454 5251 3663 5315 Οὐδεὶς

2083 5335 2331 5390 δύναται
2362 5335 2553 5390 εἰπεῖν
2588 5338 2811 5404 Κύριον
2851 5337 3111 5403 Ἰησοῦν,
3158 5336 3341 5405 φησὶν.
3373 5335 3424 5386 εί
3454 5332 3542 5400 μὴ
3594 5334 3663 5385 ἐν

2085 5421 2380 5490 Πνεύματι
2409 5420 2572 5490 ἁγίῳ.
2599 5420 2769 5474 Τοῦτο
2797 5421 2858 5473 τὸ
2886 5421 3056 5490 ὄνομα
3081 5418 3319 5472 τοσαῦτα
3348 5413 3660 5487 ἐργάζεται.

2096 5502 2223 5555 Ἐὰν
2267 5502 2448 5573 εἴπῃς·
2507 5502 2603 5557 Ἐν
2646 5504 2889 5572 ὀνόματι
2944 5502 3174 5571 Πατρός
3225 5501 3323 5554 καὶ
3384 5496 3523 5552 Υίοῦ
3565 5499 3666 5552 καί

2148 5710 2171 5739 ³
2202 5709 2477 5773 Unusdcod.
2504 5723 2615 5758 cum
2664 5724 2816 5773 marg.
2847 5709 3019 5771 Savil.,
3054 5711 3144 5773 ,διὰ
3184 5708 3325 5773 τοῦτο
3368 5714 3449 5760 καὶ
3475 5711 3666 5769 Παῦλος

2082 5776 2180 5885 τᾶέν
2208 5771 2378 5896 ἑωυξοῦ
2404 5774 2670 5823 ἐπιστολῶν
2711 5771 3146 5836 προτάσσειτοῦτο.
3160 5772 3215 5821 τὸ
3236 5774 3406 5835 ὄνομα,
3434 5776 3568 5831 εἰδὼς
3593 5777 3690 5827 Fin;

2088 5839 2136 5889 ἐν
2165 5851 2196 5884 α
2227 5836 2282 5882 ἂν
2337 5869 2351 5884 .

2088 5850 2196 5889 ενυα
2227 5850 2282 5882 αν
2301 5850 2351 5889 ῃ.
