4128 6398
444 358 556 414 565

446 482 555 537 rari
585 498 598 533 :
626 479 728 536 hoc
754 479 950 549 ubique
973 487 1057 533 est
1077 475 1389 531 admirabile
1413 494 1428 530 :
1460 474 1803 546 Unguentum,
1824 477 1993 547 inquit
2010 518 2028 544 ,

447 574 663 641 e/fusum
687 589 869 627 nomen
893 582 1035 625 tuum
1061 570 1239 642 (Cant.
1264 571 1318 625 1.
1346 571 1430 640 2).
1464 570 1567 639 Qui
1596 570 1697 626 hoc
1721 570 1888 638 dixit,
1922 566 2032 625 sta-

447 667 539 718 tiin
571 666 710 719 bono
730 664 895 718 odore
920 662 1017 717 fuit
1038 661 1298 730 repletus.
1330 661 1495 716 Nemo
1531 672 1689 733 potest
1717 662 1883 716 dicere
1920 662 2031 715 Do-

446 761 639 812 minum
667 757 844 813 Jesum
866 800 881 824 ,
924 759 1021 812 nisi
1048 759 1101 811 in
1143 758 1343 827 Spiritu
1368 768 1542 812 sancto
1582 758 1658 827 (1.
1689 757 1806 812 Cor.
1832 755 1920 811 12.
1948 755 2027 826 5).

447 843 558 904 lloc
580 865 774 903 nomen
805 858 910 902 tant
935 848 1100 903 multa
1127 858 1401 918 operatur.
1425 850 1481 904 Si
1501 849 1722 912 dixeris,
1742 847 1809 902 In
1831 848 2035 901 nomine

451 941 623 995 Patris
652 951 699 994 et
730 940 855 994 Filii
876 951 919 993 et
952 941 1178 1010 Spiritus
1222 941 1402 1006 sancti,
1429 956 1549 994 cum
1578 940 1703 1003 ﬁde,
1747 938 1863 994 lucc
1907 955 2032 1009 per-

449 1032 641 1087 lecisti.
670 1030 800 1084 Vide
820 1047 978 1100 quam
1005 1031 1168 1085 nmlta
1200 1031 1367 1085 fecisti
1394 1048 1407 1083 :
1436 1029 1629 1085 creasti
1653 1030 1946 1096 hominem,
1974 1038 2029 1083 et

443 1126 546 1179 alia
588 1124 769 1177 omnia
796 1136 1048 1193 operatus
1094 1138 1152 1178 es
1198 1138 1264 1178 ex
1310 1124 1651 1191 baptismate.
1694 1122 1783 1177 Sic
1826 1120 2028 1175 morbis

445 1216 717 1283 imperans
742 1230 936 1269 nomen
967 1214 1026 1268 lit
1063 1215 1320 1270 terribile.
1351 1214 1640 1284 Propterea
1667 1212 1912 1268 diabolus
1942 1213 2026 1267 in-

443 1307 680 1361 troduxit
705 1321 766 1361 ea
793 1321 914 1375 quae
944 1316 1068 1360 sunt
1098 1306 1433 1376 angelorum,
1462 1306 1651 1361 honori
1678 1314 1863 1361 nostro
1888 1306 2025 1359 invi-

441 1398 597 1452 dens.
628 1398 941 1451 Daemonum
966 1397 1099 1451 tales
1124 1407 1249 1451 sunt
1275 1397 1681 1453 incantationes.
1713 1396 1933 1451 Etiamsi
1956 1396 2028 1451 sit

442 1474 683 1557 :ingelus,
716 1488 923 1543 etiamsi
954 1489 1330 1558 arcliangelus,
1356 1489 1567 1544 etiamsi
1598 1489 1887 1545 Cherubim
1910 1530 1924 1552 ,
1958 1504 2027 1545 ne

443 1581 700 1648 patiaris:
734 1596 858 1635 nam
890 1595 958 1636 ne
997 1580 1081 1635 bre
1124 1581 1340 1648 quidem
1381 1582 1677 1638 Potestates
1715 1582 2022 1652 excipient,

440 1670 536 1725 sed
562 1671 838 1745 excutient
863 1687 984 1725 cum
1014 1672 1244 1727 viderint
1273 1674 1557 1730 Dominum
1594 1675 1913 1730 contumelia
1939 1674 2023 1728 af-

1330 359 1395 416 IN
1435 360 1649 416 EPIST.
1692 362 1783 416 AD
1818 361 2097 419 COLOSS.
2136 362 2292 418 CAP.
2333 362 2419 418 Ill.
2461 363 2688 421 IIO‘llIL.
2733 365 2803 422 Χ.

3602 375 3709 431 366

2135 477 2357 534 fectum.
2388 479 2503 550 Ego
2524 490 2576 536 te
2597 481 2855 537 honorari
2874 523 2889 549 ,
2918 482 3117 553 inquit,
3147 492 3204 539 et
3236 485 3376 553 dixi,
3406 488 3484 545 'l‘u
3517 507 3605 549 me
3634 495 3718 549 in-

2132 585 2264 626 voca
2290 588 2305 629 :
2333 582 2387 626 et
2415 582 2469 627 tu
2495 588 2616 628 eum
2636 573 2901 630 dedecore
2922 574 3128 630 amcis?
3154 577 3211 631 Si
3235 578 3336 634 hoc
3356 595 3573 638 carmen
3594 601 3716 639 cum

2135 661 2239 716 ﬁde
2267 663 2585 726 cantaveris,
2615 672 2671 718 et
2703 665 2919 720 morbos
2944 674 3000 720 et
3019 666 3295 723 daemones
3318 668 3526 739 fugabis
3555 690 3568 725 ε
3601 683 3655 728 et
3674 674 3722 730 si

2134 753 2380 808 morbum
2410 772 2515 809 non
2550 758 2898 825 propulsaris,
2932 774 3037 813 non
3066 759 3116 814 id
3149 762 3205 813 lit
3236 772 3456 832 propter
3481 764 3730 821 imbecil-

2133 846 2360 913 litatem,
2390 848 2484 903 sed
2512 864 2576 905 eo
2596 850 2736 920 quod
2759 851 3030 921 expediat.
3056 850 3360 908 Secundum
3390 858 3715 927 magnitudi-

2134 951 2257 991 nem
2288 947 2467 1004 tuam,
2501 940 2706 1010 inquit,
2749 942 2827 995 sic
2864 951 2919 997 et
2956 944 3070 997 laus
3117 953 3225 997 tua.
3255 946 3357 1000 Per
3384 946 3483 1001 hoc
3523 965 3719 1005 nomen

2132 1029 2279 1083 orbis
2320 1040 2476 1084 terra:
2504 1030 2600 1085 fuit
2628 1047 2949 1099 conversus,
2983 1035 3147 1090 fracta
3174 1046 3256 1090 est
3287 1040 3560 1108 tyrannis,
3589 1057 3721 1097 con-

2131 1122 2373 1178 culcatus
2399 1124 2497 1178 luit
2520 1125 2785 1191 diabolus,
2819 1128 2989 1197 aperti
3020 1139 3143 1183 sunt
3166 1129 3303 1184 c:eli.
3335 1129 3401 1185 Et
3421 1132 3545 1201 quid
3570 1134 3713 1201 dico,

2130 1215 2286 1270 cteli?
2318 1230 2418 1271 nos
2445 1232 2540 1286 per
2567 1217 2670 1272 hoc
2697 1233 2893 1273 nomen
2934 1233 3121 1275 sumus
3153 1223 3479 1291 regenerati.
3526 1223 3581 1279 Si
3614 1226 3716 1281 hoc

2132 1305 2456 1375 habeamus,
2498 1308 2923 1378 reSplendemus.
2971 1310 3083 1365 Hoc
3110 1321 3167 1366 et
3211 1322 3476 1383 martyres
3512 1316 3637 1370 facit
3662 1326 3718 1371 et

2130 1400 2506 1453 conlessores:
2541 1400 2644 1453 hoc
2682 1415 2779 1470 pro
2808 1416 3001 1471 magno
3028 1401 3172 1456 dono
3211 1413 3490 1459 teneamus
3512 1446 3528 1471 ,
3575 1416 3633 1460 ut
3660 1406 3716 1461 in

2130 1484 2299 1559 gloria
2322 1490 2584 1556 vivamus,
2607 1500 2663 1545 et
2690 1491 2799 1545 Deo
2825 1492 3152 1560 placeamus,
3181 1503 3235 1549 et
3256 1494 3399 1564 digni
3424 1495 3718 1551 habeantur

2130 1580 2286 1636 bouis
2316 1582 2594 1651 promissis
2622 1584 2688 1638 iis
2717 1586 2808 1656 qui
2849 1584 3023 1657 ipsum
3050 1586 3311 1659 diligunt,
3339 1590 3508 1660 gratia
3538 1599 3593 1646 et
3620 1590 3720 1647 be-

2130 1672 2411 1743 nignitate,
2440 1682 2545 1728 etc.

474 1801 3657 1829 _______._.________________________________________

1846 1885 2191 1950 HOMILIA
2247 1884 2332 1945 X.

438 2023 565 2079 CAP.
606 2026 658 2079 5.
699 2043 752 2080 v.
801 2028 886 2083 18.
922 2027 1197 2093 Mulieres,
1240 2029 1457 2085 subdita
1496 2038 1648 2084 estate
1688 2030 1842 2096 viris,
1884 2029 2016 2082 sicut

508 2128 702 2185 oportet
728 2119 781 2172 in
807 2118 1047 2175 Domino.
1077 2122 1164 2176 19.
1210 2122 1332 2187 l'iri,
1368 2121 1564 2193 diligite
1600 2138 1782 2176 uxores
1810 2130 2019 2187 uestras,
2046 2114 2060 2129 ’

508 2219 556 2262 et
596 2211 750 2265 nolite
795 2215 957 2267 amari
995 2231 1102 2267 esse
1141 2231 1262 2285 erga
1299 2216 1439 2269 illas.
1480 2214 1573 2271 20.
1617 2214 1777 2280 Filii,
1827 2214 2023 2269 obedite

508 2303 797 2369 parentibus
846 2323 936 2373 per
985 2312 1198 2362 omnia:
1244 2308 1337 2361 hoc
1388 2309 1521 2362 enim
1563 2309 1809 2378 placitum
1849 2318 1921 2362 est
1968 2308 2023 2362 in

510 2392 748 2447 Domino.
794 2398 885 2450 21.
952 2397 1172 2465 Patres,
1217 2399 1374 2453 nolite
1424 2399 1493 2453 ad
1534 2396 1854 2452 iracundiam
1898 2415 2022 2467 pro-

508 2499 688 2538 vocare
734 2487 869 2552 ﬁlios
908 2499 1119 2557 uestros,
1164 2500 1218 2543 ut
1270 2506 1375 2545 non
1423 2491 1609 2560 pusillo
1653 2491 1823 2543 animo
1871 2491 2016 2559 ﬁant.

506 2573 598 2626 2‘2.
630 2574 797 2641 Serui,
824 2577 1024 2633 obedite
1039 2596 1128 2648 per
1154 2580 1325 2632 omnia
1350 2580 1571 2634 dominis
1591 2580 1900 2645 carnalibus,
1920 2596 2021 2633 non

505 2664 574 2715 ad
602 2666 803 2719 oculum
834 2669 1121 2734 servientes,
1141 2671 1287 2738 quasi
1312 2670 1599 2724 hominibus
1622 2671 1900 2740 placentes,
1931 2670 2020 2725 sed

508 2754 560 2807 in
617 2757 937 2825 simplicitate
980 2761 1148 2813 cordis
1195 2761 1424 2815 timentes
1470 2759 1660 2815 Deum.
1706 2762 1797 2817 25.
1848 2760 2021 2827 Quod-

505 2863 716 2918 cumque
755 2852 921 2921 facitis
942 2893 957 2918 ,
989 2868 1053 2907 ea:
1082 2853 1251 2907 animo
1280 2854 1559 2923 operamini
1606 2854 1735 2909 sicut
1772 2853 2011 2918 Domino,

507 2951 553 2993 et
580 2959 680 2996 non
712 2945 1023 3012 hominibus,
1053 2946 1143 3001 24.
1171 2947 1382 3001 scientes
1405 2947 1543 3016 quod
1568 2963 1602 3001 a
1633 2946 1851 3001 Domino
1880 2947 2018 3000 acci-

508 3035 655 3103 pietis
721 3037 1099 3091 retributionem
1150 3039 1492 3094 hereditatis:
1540 3038 1762 3093 Domino
1818 3037 2020 3094 Christo

508 3127 701 3179 servile.
741 3126 832 3182 25.
879 3128 979 3195 Qui
1018 3138 1187 3183 autem
1228 3130 1473 3195 iniuriam
1506 3131 1666 3200 facit,
1720 3129 1925 3197 recipiet
1966 3130 2021 3183 id

506 3218 641 3287 quod
672 3220 839 3289 inique
868 3220 1057 3291 gessit;
1093 3232 1138 3275 et
1180 3237 1281 3275 non
1314 3231 1389 3275 est
1427 3238 1758 3289 personarum
1796 3221 2020 3291 acceptio

506 3309 647 3375 apud
685 3306 870 3365 Deum.
901 3309 1028 3365 (ἶΑΡ.
1060 3310 1115 3365 4.
1148 3326 1199 3364 ν.
1226 3310 1279 3364 1.
1307 3308 1551 3377 Domini,
1588 3312 1641 3364 id
1668 3311 1804 3381 quod
1829 3312 2019 3378 iustum

506 3410 577 3451 est
606 3408 653 3452 et
681 3416 901 3470 wquum,
932 3402 1085 3455 servis
1116 3412 1351 3471 praestate
1371 3444 1387 3471 ,
1417 3404 1623 3459 scientes
1662 3404 1799 3474 quod
1841 3415 1887 3457 et
1929 3420 2016 3458 vos

506 3489 783 3546 Dominum
807 3495 997 3549 habetis
1022 3496 1074 3549 in
1104 3496 1250 3550 ctelo.

508 3584 561 3636 1.
606 3583 716 3637 Cur
755 3599 865 3639 non
910 3587 1104 3657 ubique
1150 3595 1207 3641 et
1249 3587 1303 3641 in
1345 3586 1591 3641 omnibus
1625 3587 1863 3656 epistolis
1906 3586 2010 3643 hoc

437 3676 698 3745 praecipit,
733 3678 827 3733 sed
860 3679 965 3745 hic,
996 3689 1050 3733 et
1084 3678 1137 3734 in
1165 3679 1401 3749 Epistola
1447 3679 1513 3734 ad
1556 3679 1842 3749 Ephesios,
1868 3690 1923 3735 et
1960 3680 2015 3735 in

435 3765 673 3835 Epistola
704 3766 770 3821 ad
798 3766 1160 3832 Timotheum,
1195 3778 1248 3823 et
1274 3768 1341 3824 ad
1368 3768 1583 3824 Titum?
1608 3769 1873 3838 Quoniam
1914 3785 2013 3826 ve-

436 3857 657 3912 risimile
688 3867 772 3913 est
797 3859 849 3913 in
879 3859 963 3917 his
991 3861 1299 3918 civitatibus
1337 3861 1505 3917 fuisse
1537 3863 1834 3918 seditiones
1863 3882 1877 3918 :
1923 3873 2016 3921 aut

438 3950 725 4006 verisimile
772 3960 854 4007 est
894 3968 987 4009 eas
1032 3954 1085 4008 in
1126 3955 1249 4009 aliis
1285 3969 1344 4010 se
1380 3964 1528 4011 recte
1560 3957 1812 4026 gessisse,
1844 3956 1896 4011 in
1933 3956 2015 4012 his

436 4061 563 4102 vero
585 4048 760 4102 minus
777 4057 945 4113 recte,
973 4048 1108 4103 adeo
1133 4058 1193 4103 ut
1213 4057 1487 4119 oporteret
1505 4064 1599 4104 eos
1617 4050 1683 4104 de
1703 4051 1786 4104 his
1802 4050 2011 4105 audire.

439 4137 534 4191 γει
581 4139 758 4207 potius
801 4138 941 4208 quod
984 4140 1049 4193 iis
1085 4139 1235 4205 dicit,
1280 4140 1413 4194 dicit
1451 4140 1723 4195 omnibus.
1770 4140 2013 4211 Magnam

437 4237 611 4283 autem
649 4228 1052 4285 similitudinem
1098 4229 1259 4286 habet
1292 4229 1411 4285 haec
1457 4231 1680 4300 epistola
1719 4247 1840 4287 cum
1883 4232 2012 4300 Epi-

436 4319 571 4373 stola
602 4319 670 4374 ad
702 4320 965 4390 Ephesios
1001 4321 1056 4376 in
1089 4321 1174 4378 bis
1202 4338 1436 4393 quoque.
1468 4322 1613 4377 Alibi
1655 4338 1785 4378 vero
1825 4323 1876 4377 id
1907 4339 2013 4377 non

439 4410 598 4465 facit:
644 4421 737 4466 aut
768 4413 910 4483 quod
953 4412 1021 4469 ad
1068 4414 1208 4469 viros
1236 4414 1347 4484 jam
1387 4429 1573 4484 pacem
1603 4423 1841 4486 agentes,
1876 4428 2013 4484 quos

438 4504 719 4571 oportebat
753 4504 1021 4571 sublimia,
1045 4521 1165 4575 qua:
1192 4506 1271 4560 eis
1293 4505 1471 4560 adhuc
1492 4505 1735 4573 deerant,
1763 4506 2013 4578 dogmata

438 4592 669 4659 discere,
720 4610 825 4648 non
869 4596 1152 4667 oportebat
1189 4596 1257 4651 de
1295 4596 1379 4652 his
1414 4596 1690 4653 scribere:
1732 4606 1825 4652 aut
1867 4597 2013 4668 quod

436 4700 557 4739 cum
579 4687 998 4743 consolationem
1023 4687 1132 4757 jam
1164 4688 1499 4759 accepissent
1525 4690 1577 4743 in
1607 4690 2010 4757 tentationibus,

437 4790 888 4844 supervacaneum
940 4786 1085 4833 esset
1137 4777 1207 4833 de
1262 4777 1347 4833 bis
1392 4778 1598 4835 audire.
1653 4780 2011 4847 Quamobrem

436 4867 663 4936 oonjicio
690 4868 775 4923 hic
799 4869 909 4938 jam
946 4869 1151 4925 firmam
1184 4879 1238 4926 et
1267 4872 1513 4927 stabilem
1543 4887 1663 4927 esse
1689 4873 2008 4940 Ecclesiam,

432 4969 488 5011 et
526 4959 640 5015 [nec
683 4960 789 5015 dici
837 4961 890 5015 in
936 4962 1059 5016 line.
1103 4959 1368 5028 Mulieres,
1413 4963 1629 5017 subdita:
1663 4971 1819 5017 estote
1865 4963 2009 5029 viris,

433 5053 561 5106 sicut
587 5061 783 5122 oportet
828 5052 883 5107 in
910 5052 1150 5108 Domino.
1188 5053 1246 5109 Id
1290 5064 1391 5119 est,
1416 5053 1654 5110 Subdita:
1678 5062 1850 5109 estote
1880 5068 2007 5123 pro-

435 5155 555 5214 pter
603 5146 808 5201 Deum:
853 5147 1104 5216 quoniam
1135 5147 1257 5213 hoc,
1307 5146 1499 5219 inquit,
1543 5161 1639 5201 vos
1675 5156 1851 5212 ornat,
1900 5161 2008 5200 non

433 5240 577 5295 illos.
621 5239 737 5294 Non
776 5240 919 5296 enim
956 5240 1088 5295 hero
1120 5240 1356 5315 debitam
1384 5239 1791 5309 subjectionem,
1833 5254 2012 5309 neque

431 5346 550 5386 eam
590 5332 764 5387 solum
809 5348 928 5402 quae
966 5341 1050 5387 est
1087 5348 1117 5387 a
1154 5343 1366 5399 natura,
1406 5334 1499 5387 sed
1543 5349 1661 5388 eam
1697 5336 1857 5387 etiam
1888 5332 2009 5389 dico

431 5439 550 5493 qua:
592 5432 676 5479 est
712 5434 930 5494 propter
962 5423 1151 5479 Deum.
1191 5423 1317 5492 Viri,
1352 5425 1544 5495 diligite
1584 5440 1765 5479 uxores
1794 5436 2006 5491 uestras,

430 5524 477 5568 et
528 5516 684 5570 nolite
719 5518 883 5571 amari
926 5534 1031 5573 esse
1072 5517 1141 5571 ad
1179 5518 1319 5571 illas.
1352 5514 1487 5572 Vide
1521 5532 1707 5573 rursus
1735 5518 2006 5589 quomodo

430 5606 660 5670 suaserit
687 5608 829 5677 quod
854 5606 1009 5662 alteri
1038 5607 1107 5662 ab
1130 5608 1304 5663 altero
1332 5615 1417 5664 est
1438 5608 1826 5678 praestandum.
1854 5609 2007 5666 Sicut

430 5698 539 5751 illic
586 5701 734 5768 ponit
785 5710 984 5754 metum
1025 5709 1079 5777 et
1133 5700 1435 5765 caritatem,
1484 5699 1555 5754 ita
1608 5700 1696 5755 hic
1741 5716 2002 5772 quoque:

432 5801 610 5855 potest
638 5791 781 5847 enim
806 5806 947 5860 esse,
979 5800 1035 5846 ut
1060 5793 1145 5862 qui
1171 5792 1339 5863 diligit
1381 5793 1450 5848 sit
1490 5791 1735 5850 acerbus.
1770 5794 1881 5850 Hoc
1920 5806 2004 5854 est

2124 2040 2253 2096 ergo
2288 2025 2431 2097 quod
2473 2024 2638 2081 dicit:
2690 2025 2770 2081 Ne
2814 2027 3106 2099 pugnetis:
3150 2028 3283 2083 nihil
3314 2037 3398 2083 est
3437 2029 3578 2084 enim
3611 2028 3713 2084 hac

2129 2133 2303 2189 pugna
2328 2119 2594 2182 acerbius,
2626 2120 2841 2189 quando
2886 2121 2986 2175 viri
3022 2119 3183 2176 fuerit
3222 2136 3397 2191 pugna
3448 2122 3709 2176 adversus

2125 2227 2369 2267 uxorem.
2401 2211 2535 2266 Nam
2562 2228 2680 2281 qua:
2707 2212 2968 2269 adversus
2989 2228 3248 2284 personas
3270 2229 3390 2284 quae
3412 2214 3709 2282 diliguntur

2124 2310 2250 2357 sunt
2272 2317 2484 2372 pugnae,
2513 2317 2592 2358 ea:
2617 2312 2743 2357 sunt
2767 2303 3008 2367 acerbaa;
3040 2312 3094 2358 et
3120 2304 3355 2359 ostendit
3376 2304 3479 2359 hoc
3498 2303 3614 2359 ﬁeri
3642 2320 3705 2358 ex

2124 2409 2314 2465 magna
2358 2393 2672 2461 acerbitate,
2715 2410 2839 2450 cum
2877 2395 3033 2449 alicui
3065 2396 3324 2451 adversus
3351 2411 3506 2451 suum
3538 2403 3707 2452 mem-

2124 2487 2280 2543 brum
2302 2496 2385 2543 est
2410 2486 2712 2545 dissidium.
2745 2489 2918 2559 Atque
2949 2487 3174 2558 diligere
3203 2488 3419 2559 quidem
3449 2496 3535 2545 est
3559 2488 3707 2544 viro-

2121 2597 2281 2646 rum,
2336 2581 2550 2637 illarum
2601 2595 2731 2636 vero
2780 2580 2995 2636 cedere.
3055 2581 3110 2637 Si
3162 2596 3291 2651 ergo
3342 2582 3707 2651 unusquisque

2123 2671 2265 2743 quod
2286 2688 2439 2727 suum
2466 2681 2550 2727 est
2573 2672 2786 2737 afferat,
2815 2682 2960 2727 stant
2982 2672 3161 2727 omnia
3190 2673 3340 2726 lirma
3376 2681 3431 2726 et
3470 2671 3703 2725 stabilia.

2122 2766 2203 2822 Ex
2228 2781 2294 2821 eo
2322 2766 2467 2821 enim
2493 2765 2635 2836 quod
2660 2765 2931 2835 diligatur,
2960 2765 3019 2819 lit
3046 2765 3241 2819 mulier
3263 2763 3433 2818 amica
3457 2772 3511 2818 et
3539 2762 3703 2818 bene.

2122 2858 2279 2925 vola;
2312 2873 2378 2913 ex
2404 2873 2469 2913 eo
2496 2867 2676 2914 autem
2705 2856 2848 2928 quod
2869 2857 2939 2912 sit
2968 2855 3204 2922 subdita,
3243 2856 3327 2911 vir
3366 2853 3425 2910 lit
3467 2853 3613 2909 mitis
3649 2860 3706 2909 et

2122 2950 2381 3006 clemens.
2414 2948 2549 3006 Vide
2568 2959 2749 3005 autem
2779 2949 2922 3020 quod
2945 2949 3047 3005 hoc
3071 2962 3286 3020 quoque
3314 2956 3503 3002 natura
3529 2946 3608 3002 sic
3633 2946 3705 3002 sit

2122 3053 2511 3113 comparatum,
2553 3049 2613 3096 ut
2653 3040 2736 3094 vir
2772 3041 2988 3113 quidem
3028 3040 3237 3111 diligat,
3278 3039 3475 3094 mulier
3516 3046 3697 3092 autem

2121 3132 2353 3187 obediat.
2388 3132 2518 3187 Nam
2545 3132 2763 3201 quando
2791 3133 2835 3188 is
2864 3132 2954 3204 qui
2977 3131 3227 3201 imperat,
3256 3130 3428 3201 diligit
3458 3145 3581 3186 eum
3612 3129 3703 3199 qui

2123 3233 2273 3295 paret
2295 3223 2541 3294 imperio,
2566 3232 2694 3280 tunc
2717 3225 3018 3280 consistunt
3041 3224 3241 3279 omnia.
3270 3222 3386 3278 Non
3411 3232 3517 3278 tam
3542 3222 3611 3277 ab
3635 3237 3705 3275 eo

2122 3318 2211 3388 qui
2239 3327 2390 3389 paret
2429 3319 2686 3389 quaeritur
2714 3318 2953 3385 dilectio,
2985 3332 3143 3388 quam
3173 3316 3240 3371 ab
3261 3331 3328 3370 eo
3357 3315 3448 3386 qui
3476 3316 3704 3385 imperat

2122 3424 2246 3481 erga
2291 3425 2412 3464 eum
2442 3410 2532 3480 qui
2576 3418 2766 3479 paret:
2813 3408 2882 3463 ab
2926 3409 3019 3463 illo
3062 3408 3205 3463 enim
3249 3416 3335 3461 est
3374 3406 3699 3461 obedientia.

2120 3501 2255 3557 Nam
2284 3500 2424 3570 quod
2456 3500 2666 3555 mulieri
2697 3511 2780 3554 est
2806 3498 3172 3569 pulchritudo,
3204 3499 3321 3553 viro
3342 3508 3519 3553 autem
3547 3495 3704 3566 cupi-

2120 3592 2257 3647 ditas
2291 3600 2345 3645 ct
2383 3590 2729 3654 desiderium,
2762 3589 2892 3644 nihil
2919 3589 3063 3644 aliud
3092 3588 3329 3644 ostendit
3357 3604 3517 3658 quam
3545 3586 3698 3658 quod

2120 3683 2199 3738 sic
2225 3682 2317 3737 ﬁat
2346 3691 2561 3752 propter
2589 3680 2954 3737 dilectionem.
2990 3679 3068 3735 Ne
3104 3696 3254 3750 ergo,
3286 3679 3538 3749 quoniam
3568 3677 3697 3732 sub-

2114 3776 2256 3847 jecta
2277 3785 2360 3831 est
2383 3775 2591 3840 mulier,
2621 3774 2696 3829 sis
2724 3773 2990 3839 insolens;
3022 3788 3196 3842 neque
3227 3783 3303 3833 tu,
3334 3770 3586 3842 quoniam
3613 3769 3698 3824 vir

2119 3867 2312 3937 diligit,
2347 3866 2663 3921 intumesce.
2695 3863 2881 3934 Neque
2908 3863 3005 3917 viri
3036 3862 3269 3917 amicitia
3309 3861 3532 3917 extollat
3580 3876 3703 3914 mu-

2119 3957 2344 4025 lierem;
2392 3970 2564 4025 neque
2602 3956 2841 4011 mulieris
2878 3955 3137 4026 subjectio
3164 3953 3311 4009 inﬂet
3338 3954 3531 4010 virum.
3560 3953 3697 4008 Pro-

2120 4060 2301 4119 pterea
2348 4048 2440 4103 tibi
2478 4064 2595 4103 eam
2633 4047 2878 4118 subjecit,
2925 4063 2958 4102 ο
3001 4048 3101 4113 vir,
3145 4057 3201 4101 ut
3244 4047 3415 4117 magis
3452 4054 3698 4101 ametur:

2119 4151 2401 4210 propterea
2429 4149 2479 4194 te
2507 4137 2634 4195 fecit
2674 4140 2864 4205 amari,
2913 4154 2949 4194 o
2998 4139 3209 4205 mulier,
3254 4147 3311 4191 ut
3354 4137 3509 4192 facile
3549 4136 3697 4193 feras

2118 4232 2260 4302 quod
2291 4234 2365 4287 sis
2399 4230 2657 4302 subjecta.
2686 4230 2764 4287 Ne
2794 4233 2984 4287 timeas
3026 4231 3168 4301 quod
3210 4231 3285 4286 sis
3329 4230 3599 4299 subjecta;
3646 4231 3701 4285 ei

2118 4326 2261 4381 enim
2303 4324 2394 4395 qui
2439 4332 2585 4379 amat
2624 4339 2744 4379 esse
2783 4323 3099 4394 subjectum,
3138 4322 3337 4377 nullam
3373 4322 3532 4376 habet
3557 4320 3701 4376 difﬂ-

2117 4416 2421 4471 cultatem:
2471 4430 2539 4468 ne
2593 4414 2782 4469 timeas
2832 4428 3058 4478 amans;
3115 4412 3281 4466 habes
3327 4412 3469 4466 enim
3524 4413 3698 4481 ipsam

2117 4508 2418 4562 cedentem.
2470 4505 2587 4561 Non
2628 4506 2762 4560 alias
2806 4520 2935 4575 ergo
2977 4514 3122 4561 esset
3170 4505 3464 4560 vinculum.
3518 4504 3703 4559 Habes

2119 4599 2480 4654 necessarium
2526 4612 2557 4651 a
2603 4606 2791 4651 natura
2840 4597 3161 4667 imperium;
3205 4595 3342 4651 habe
3381 4596 3541 4651 etiam
3582 4596 3698 4650 vin-

2087 4681 2295 4743 'culnm
2329 4688 2469 4759 quod
2514 4697 2594 4743 est
2623 4703 2691 4743 ex
2718 4688 2978 4743 caritate:
3010 4703 3127 4743 etim
3158 4688 3299 4742 enim
3328 4703 3447 4757 qua:
3478 4697 3562 4743 est
3590 4676 3695 4741 ini-

2116 4780 2382 4847 becillior,
2410 4780 2537 4834 sinit
2567 4794 2689 4835 esse
2716 4778 3072 4835 tolerabilem.
3102 4777 3253 4845 Filii,
3285 4779 3481 4833 obedite
3508 4795 3693 4850 paren-

2116 4874 2245 4928 tibus
2286 4889 2375 4943 per
2403 4873 2612 4926 omnia:
2654 4872 2747 4925 hoc
2775 4871 2909 4926 enim
2948 4871 3193 4940 placitum
3235 4880 3307 4925 est
3351 4871 3407 4926 in
3450 4870 3694 4926 Domino.

2114 4967 2321 5021 Rursus
2343 4965 2538 5036 posuit,
2564 4962 2631 5017 In
2652 4964 2892 5028 Domino,
2914 4971 2968 5017 et
2987 4962 3131 5033 leges
3151 4962 3328 5017 ferens
3347 4962 3689 5029 obedientiaz,

2114 5067 2170 5113 et
2214 5058 2475 5129 pudorem
2527 5054 2811 5120 incutiens,
2873 5070 2937 5110 ac
2989 5055 3320 5124 deprimens.
3378 5055 3490 5110 Hoc
3537 5057 3692 5123 enim,

2114 5149 2307 5221 inquit,
2356 5159 2428 5204 est
2475 5148 2720 5220 placitum
2758 5145 3000 5202 Domino.
3037 5147 3172 5204 Vide
3193 5148 3462 5219 quomodo
3488 5162 3592 5203 non
3622 5163 3692 5202 ex

2115 5242 2228 5297 sola
2274 5250 2486 5306 natura,
2534 5239 2629 5294 sed
2668 5248 2794 5293 ante
2838 5253 2958 5294 eam
2983 5254 3053 5294 ex
3084 5239 3150 5294 iis
3175 5255 3294 5310 quae
3323 5240 3431 5293 Deo
3456 5237 3692 5307 placent,

2114 5333 2227 5387 vult
2258 5347 2355 5387 nos
2380 5330 2557 5386 omnia
2579 5343 2759 5399 agere,
2780 5336 2838 5383 ut
2858 5328 3021 5384 etiam
3047 5328 3349 5384 mercedem
3376 5326 3690 5382 habeamus.
3738 5326 3743 5331 ’

2115 5422 2317 5488 Patres,
2353 5420 2509 5475 nolite
2545 5420 2613 5473 ad
2652 5419 2974 5475 iracundiam
3010 5434 3284 5491 provocare
3310 5417 3446 5488 ﬁlios
3476 5428 3689 5486 uestros,

2113 5525 2169 5570 ut
2199 5532 2301 5569 non
2326 5514 2514 5585 pusillo
2540 5514 2709 5569 animo
2745 5515 2895 5585 ﬁant.
2936 5514 3077 5569 Ecce
3118 5512 3207 5568 hic
3249 5528 3460 5584 quoque
3504 5530 3694 5569 rursus

2113 5618 2196 5665 est
2224 5606 2484 5678 subjectio
2512 5616 2566 5662 et
2594 5621 2765 5662 amor.
2796 5607 2866 5662 Et
2915 5620 3024 5662 non
3055 5604 3209 5672 dixit,
3250 5603 3462 5675 Diligite
3509 5604 3691 5674 ﬁlios;

2114 5708 2260 5765 esset
2300 5702 2441 5755 enim
2480 5715 2973 5768 supervacaneum;
3018 5699 3134 5770 ipsa
3177 5698 3375 5770 quippe
3413 5700 3556 5771 cogit
3590 5718 3691 5754 na-
3787 5747 3793 5759 .

2115 5809 2260 5864 tura;
2292 5793 2387 5852 sed
2414 5795 2649 5852 correxit
2672 5794 2813 5868 quod
2844 5793 3098 5867 oportuit,
3132 5792 3275 5866 quod
3300 5802 3355 5849 et
3392 5810 3544 5853 amor
3593 5795 3682 5853 hic
