4120 6400
407 373 513 433 367

408 499 551 545 esset
579 483 968 552 vehementior,
994 482 1246 553 quoniam
1273 489 1328 536 et
1349 479 1522 551 major
1545 487 1630 535 est
1653 479 1984 534 obedientia.

408 583 681 651 Nusquam
706 578 849 635 enim
876 575 1027 646 ponit
1048 573 1356 645 exemplum
1377 573 1478 628 viri
1506 581 1561 627 et
1586 572 1859 637 mulieris;
1892 570 1987 625 sed

409 672 574 742 quid?
602 670 739 725 Audi
770 668 1085 740 prophetam
1112 666 1379 721 dicentem
1412 682 1425 719 :
1458 664 1607 720 Sicut
1646 673 1791 731 pater
1838 662 1989 716 mise-

410 778 546 822 retur
592 766 837 835 ﬁlioruns,
884 763 1116 817 misertus
1158 770 1229 816 est
1275 758 1527 813 Dominus
1571 757 1851 811 timentium
1878 771 1993 809 eum

411 858 581 927 (Psal.
605 857 690 911 12.
724 856 837 925 15).
867 855 933 910 Ει
957 868 1145 909 rursus
1172 852 1304 905 dicit
1328 850 1616 907 Christus:
1652 848 1776 914 Quis
1814 855 1886 900 est
1930 862 1993 900 ea:

409 950 546 1006 vobis
567 949 737 1014 homo,
766 964 799 1000 a
825 963 925 1015 quo
951 947 996 999 si
1022 944 1215 1014 petierit
1236 943 1374 1012 filius
1395 958 1597 1011 panem,
1627 957 1746 993 num
1770 938 1995 1008 lapidem

413 1041 552 1094 dabit
580 1039 664 1094 ei?
699 1049 743 1092 et
772 1038 817 1092 si
844 1038 1038 1100 petierit
1075 1037 1281 1106 piscem,
1307 1050 1431 1087 num
1454 1042 1736 1101 serpentem
1778 1031 1915 1083 dabit
1945 1030 1991 1082 ei

410 1132 626 1203 (Matth.
651 1132 705 1187 7.
731 1131 831 1200 9)?
864 1129 1063 1193 Patres,
1090 1129 1245 1182 nolite
1267 1127 1335 1180 ad
1373 1127 1693 1179 iracundiam
1721 1139 1994 1192 provocare

410 1226 546 1295 filios
587 1232 798 1289 vestros,
846 1238 912 1277 ne
952 1221 1140 1293 pusillo
1187 1220 1359 1273 animo
1407 1220 1556 1287 ﬁant.
1609 1216 1760 1283 Quod
1790 1214 1993 1270 sciebat

411 1318 663 1373 idoneum
716 1324 773 1369 ut
817 1314 1047 1368 maxime
1099 1326 1192 1366 eos
1237 1309 1531 1375 morderet,
1576 1308 1678 1363 hoc
1710 1307 1902 1378 posuit,
1936 1315 1995 1360 et

409 1409 674 1462 amantius
725 1406 864 1461 dixit
913 1405 992 1462 eis
1050 1406 1359 1475 imperans,
1416 1412 1471 1457 et
1524 1416 1787 1472 nusquam
1840 1401 1991 1470 ponit

410 1501 620 1555 Deum:
669 1500 914 1570 fregisset
970 1498 1111 1552 enim
1162 1505 1436 1566 parentes,
1479 1495 1758 1550 inﬂectens
1803 1508 1991 1549 eorum

407 1594 634 1646 viscera.
682 1591 813 1646 illud
857 1599 1055 1653 autem,
1107 1587 1282 1643 Nolite
1320 1598 1615 1658 provocare,
1649 1584 1753 1639 hoc
1779 1594 1882 1648 est,
1915 1583 1993 1638 Ne

408 1686 614 1741 reddite
655 1701 749 1741 eos
788 1684 1268 1747 contentiosiores;
1319 1692 1403 1738 εει
1452 1682 1617 1743 enim,
1670 1680 1757 1734 ubi
1785 1678 1992 1734 debetis

408 1781 514 1835 illis
540 1778 742 1851 aliquid
769 1778 1086 1834 concedere.
1122 1775 1324 1832 Deinde
1353 1775 1505 1831 venit
1533 1773 1598 1828 ad
1626 1773 1849 1828 tertium
1885 1772 1989 1826 im-

408 1875 635 1942 perium,
667 1872 835 1939 Servi,
864 1872 1130 1941 inquiens,
1176 1869 1370 1923 obedite
1416 1867 1635 1922 demittis
1675 1865 1988 1920 carnalibus.

407 1964 507 2019 Est
554 1964 641 2019 hic
688 1978 900 2034 quoque
924 1977 1075 2018 amor
1100 1960 1341 2033 quidam,
1373 1959 1470 2014 sed
1494 1974 1600 2013 non
1631 1958 1700 2012 ita
1731 1955 1990 2011 naturalis

406 2056 547 2110 sicut
572 2055 838 2124 superius,
867 2054 962 2109 sed
990 2052 1396 2108 consuetudinis
1426 2059 1481 2105 et
1515 2050 1583 2105 ab
1612 2050 1730 2119 ipso
1761 2049 1988 2120 imperio

406 2159 461 2204 et
507 2164 538 2203 a
584 2149 757 2203 factis.
787 2147 1047 2215 Quoniam
1079 2161 1209 2215 ergo
1248 2144 1334 2199 hic
1374 2142 1590 2212 quidem
1634 2140 1686 2196 id
1724 2141 1865 2211 quod
1907 2149 1990 2194 est

405 2242 626 2305 amoris,
654 2250 738 2297 εει
755 2240 1021 2296 succisum
1049 2255 1111 2294 ac
1133 2239 1455 2293 diminutum
1482 2255 1497 2291 :
1528 2236 1672 2308 quod
1698 2244 1781 2291 est
1807 2246 1985 2290 autem

405 2331 746 2398 obedientize,
798 2330 1068 2386 intensum
1114 2337 1170 2385 et
1212 2326 1618 2397 amplificatum,
1664 2327 1716 2381 in
1762 2341 1830 2381 eo
1875 2327 1991 2380 vult

406 2422 702 2490 immorari,
744 2430 798 2477 et
843 2421 986 2491 quod
1042 2420 1198 2491 primi
1247 2419 1448 2474 habent
1479 2434 1509 2473 a
1542 2427 1751 2484 natura,
1784 2417 1887 2473 hoc
1912 2419 1990 2472 eis

410 2516 541 2570 dare
583 2531 650 2570 ex
694 2514 1020 2570 obedientia.
1068 2512 1430 2581 Quamobrem
1472 2525 1577 2565 non
1624 2525 1719 2579 pro
1758 2509 1991 2564 dominis

411 2623 533 2660 cum
579 2607 709 2660 solis
756 2606 989 2675 loquitur
1035 2604 1268 2670 famulis,
1300 2603 1393 2659 sed
1418 2603 1577 2658 etiam
1610 2616 1708 2672 pro
1737 2601 1886 2670 ipsis,
1919 2610 1977 2655 ut

412 2718 473 2756 se
500 2701 730 2756 dominis
752 2701 976 2756 reddant
1005 2700 1413 2756 desiderabiles.
1443 2698 1548 2755 Sed
1579 2716 1685 2754 non
1714 2699 1815 2754 hoc
1841 2702 1991 2768 ponit

407 2805 628 2865 aperte:
661 2796 792 2850 alias
836 2796 979 2850 enim
1013 2811 1106 2848 eos
1132 2796 1351 2863 supinos
1393 2793 1680 2848 effecisset.
1711 2793 1877 2861 Servi,
1909 2794 1991 2847 in-

404 2889 539 2956 quit,
564 2888 756 2941 obedite
776 2903 865 2951 per
887 2887 1056 2940 omnia
1082 2885 1297 2939 dominis
1323 2885 1632 2939 carnalibus.

475 2979 531 3033 2.
565 2978 696 3033 Vide
718 2988 894 3031 autem
917 2976 1183 3045 quomodo
1205 2990 1418 3045 semper
1438 2976 1588 3044 ponit
1608 2975 1847 3043 nomina,
1869 2992 1986 3030 mu-

404 3073 572 3131 lieres.
593 3070 708 3139 ﬁlii,
727 3069 874 3131 servi,
896 3079 952 3122 ut
965 3069 1053 3137 jus
1069 3066 1372 3134 obediendi,
1387 3066 1528 3137 quod
1544 3066 1788 3123 debetur.
1800 3067 1903 3123 Sed
1920 3084 1987 3125 ne

405 3162 634 3223 doleret.
666 3161 957 3230 subiunxit,
983 3159 1215 3214 Dominis
1244 3158 1549 3213 carnalibus.
1579 3158 1732 3227 Quod
1760 3169 1841 3215 est
1872 3161 1984 3229 tui,

404 3256 595 3327 inquit,
632 3255 912 3324 optimum,
946 3268 1135 3323 nempe
1162 3253 1357 3315 anima,
1392 3252 1559 3308 libera
1607 3260 1726 3317 est;
1760 3253 1824 3307 ad
1853 3262 1987 3308 tem-

404 3362 507 3416 pus
535 3356 616 3401 est
650 3345 901 3401 servitus.
934 3344 1139 3412 Corpus
1173 3358 1301 3415 ergo
1326 3342 1518 3409 subde,
1546 3359 1613 3398 ne
1641 3345 1979 3399 necessitatis

405 3439 633 3507 amplius
665 3438 734 3492 sit
771 3438 1020 3492 servitus.
1065 3434 1189 3490 Non
1226 3436 1299 3489 ad
1325 3435 1527 3490 oculum
1566 3436 1833 3490 servientes
1864 3447 1985 3491 tant-

401 3545 555 3599 quam
594 3527 881 3582 ltominibus
925 3526 1197 3597 placentes.
1253 3526 1380 3593 Fac,
1428 3526 1621 3596 inquit,
1668 3528 1982 3582 servitutem

401 3636 521 3690 quae
550 3628 632 3675 est
659 3636 725 3675 ex
754 3620 895 3691 lege,
927 3635 1048 3675 esse
1077 3635 1144 3674 ex
1175 3629 1317 3673 metu
1346 3619 1564 3674 Christi.
1601 3618 1733 3673 Nam
1762 3621 1861 3675 etsi
1894 3621 1985 3675 illo

403 3728 512 3769 non
557 3712 775 3767 vidente
807 3712 937 3765 facis
973 3726 1092 3781 qua:
1127 3719 1362 3780 oportet,
1396 3719 1449 3764 et
1477 3727 1595 3781 quce
1622 3712 1891 3780 pertinent
1918 3713 1983 3766 ad

403 3805 664 3862 honorem
689 3804 889 3858 domini
916 3820 931 3867 ;
966 3803 1017 3857 id
1048 3804 1203 3873 plane
1234 3804 1360 3858 facis
1388 3813 1607 3874 propter
1648 3805 1794 3859 illum
1842 3807 1986 3859 ἱηευ-

402 3915 582 3958 mnem
609 3897 843 3953 oculum.
874 3895 998 3950 Non
1022 3896 1093 3949 ad
1115 3896 1316 3950 oculum
1341 3907 1356 3962 ,
1389 3896 1577 3966 inquit,
1612 3905 1871 3965 tamquam
1902 3899 1987 3952 Ito-

403 3994 619 4048 minibus
644 3990 917 4062 placentes.
946 3988 1062 4057 Quo
1084 3988 1174 4043 liet
1210 3996 1269 4043 ut
1298 4002 1391 4042 vos
1429 3988 1681 4042 damnum
1725 3990 1981 4044 subeatis.

403 4084 542 4140 Audi
568 4085 711 4138 enim
749 4081 1063 4153 prophetam
1096 4079 1391 4143 dicentem,
1426 4078 1701 4149 Dissipavit
1732 4079 1982 4137 Dominus

404 4192 519 4229 ossa
546 4190 720 4228 eorum
747 4173 834 4244 qui
864 4170 1151 4226 hominibus
1180 4170 1375 4240 placent
1406 4168 1577 4243 (Psal.
1609 4172 1697 4226 5‘2.
1734 4172 1812 4243 6).
1850 4174 1983 4229 Vide

403 4282 533 4337 ergo
560 4263 830 4335 quomodo
871 4264 950 4319 eis
987 4264 1178 4333 parcit,
1218 4271 1273 4318 et
1307 4278 1401 4317 eos
1444 4265 1720 4333 componit
1750 4284 1763 4319 :
1796 4265 1901 4320 Sed
1928 4267 1982 4320 in

403 4356 745 4427 simplicitate,
777 4355 964 4425 inquit,
995 4354 1183 4419 cordis,
1226 4354 1451 4408 timentes
1478 4353 1663 4407 Deum.
1693 4355 1823 4409 Nam
1853 4358 1982 4411 iilud

405 4448 620 4519 quidem
651 4462 757 4503 non
801 4457 884 4503 est
921 4446 1253 4515 simplicitas,
1283 4445 1376 4501 sed
1410 4445 1707 4517 hypocrisis
1733 4456 1787 4502 et
1813 4449 1982 4503 simn-

406 4540 572 4606 latio;
603 4538 745 4595 aliud
778 4539 830 4593 in
862 4538 1040 4592 animo
1072 4536 1293 4603 habere,
1325 4546 1379 4592 et
1403 4537 1548 4592 aliud
1575 4537 1785 4605 facere;
1817 4539 1980 4595 alium

405 4631 621 4703 quidem
650 4631 815 4685 videri
839 4639 1102 4700 przesente
1128 4628 1365 4695 domino,
1396 4629 1557 4683 alium
1580 4646 1708 4685 vero
1736 4631 1979 4687 absente.

406 4722 522 4779 Non
546 4721 680 4776 dixit
705 4736 833 4791 ergo
854 4721 1048 4785 solum,
1075 4718 1139 4774 In
1164 4721 1486 4789 simplicitate
1514 4721 1703 4788 cordis,
1731 4722 1825 4777 scd
1844 4764 1858 4787 ,
1890 4722 1984 4778 Ti-

408 4824 596 4868 mentes
632 4812 815 4865 Deum.
857 4811 969 4866 lloc
1006 4812 1148 4866 enim
1192 4821 1277 4867 est
1317 4813 1506 4867 timere
1546 4813 1734 4880 Deum,
1770 4815 1985 4884 quando

405 4904 625 4962 nemine
665 4904 879 4958 vidente
908 4902 1039 4957 nihil
1072 4902 1194 4957 mali
1230 4902 1456 4957 facimus
1488 4921 1501 4957 :
1533 4904 1615 4958 sin
1644 4913 1821 4960 autem
1856 4905 1986 4960 faci-

407 5012 549 5062 mus,
584 5011 692 5050 non
732 4996 919 5057 Deum,
948 4993 1040 5047 sed
1070 4993 1315 5047 homines
1351 4993 1622 5048 timemus.
1656 4994 1817 5049 Vides
1850 5011 1985 5064 quo-

406 5088 569 5143 tnodo
593 5088 712 5143 illos
739 5085 1058 5153 componat?
1080 5085 1463 5154 Quodcumque
1488 5086 1680 5151 facitis,
1705 5087 1897 5157 inquit,
1921 5104 1989 5143 cx

408 5182 591 5235 animo
632 5178 948 5248 operamini,
979 5177 1118 5231 sicut
1152 5176 1398 5244 Domino,
1438 5185 1494 5231 et
1523 5192 1628 5231 non
1660 5177 1986 5235 hominibus.

407 5272 522 5328 Non
548 5273 719 5327 solum
749 5270 816 5324 ab
846 5269 1133 5341 hypocrisi.
1167 5268 1259 5324 sed
1288 5270 1449 5324 etiam
1473 5269 1539 5324 ab
1566 5271 1677 5324 otio
1706 5282 1758 5326 et
1786 5271 1989 5326 desidia

410 5379 505 5419 eos
542 5362 657 5419 vult
697 5362 934 5418 liberari.
978 5360 1085 5415 Eos
1120 5360 1316 5416 liberos
1361 5361 1485 5416 fecit
1517 5377 1616 5432 pro
1644 5364 1835 5428 servis,
1867 5379 1989 5418 cum

414 5471 521 5511 non
561 5471 696 5525 opus
718 5455 950 5509 habeant
981 5462 1037 5507 ut
1059 5453 1236 5509 adsint
1260 5453 1484 5508 domini.
1518 5455 1629 5509 iloc
1652 5456 1795 5509 enim
1818 5465 1900 5509 est
1928 5456 1991 5509 il-

413 5549 528 5614 lud,
566 5546 649 5604 Ea:
676 5548 867 5613 animo,
910 5562 1031 5601 cum
1072 5546 1467 5613 benevolentia,
1510 5562 1615 5601 non
1656 5562 1778 5602 cum
1808 5548 1989 5603 servili

413 5642 754 5706 necessitate,
781 5640 875 5697 sed
898 5641 1067 5695 libere
1089 5648 1144 5695 et
1172 5655 1238 5695 ex
1264 5639 1427 5695 animi
1455 5639 1716 5694 instituto.
1747 5639 1814 5693 Et
1838 5654 1993 5709 qua:-

413 5752 537 5793 nam
577 5741 659 5788 est
696 5732 938 5787 merces?
981 5732 1210 5787 Scientes
1250 5730 1385 5802 quod
1413 5748 1445 5785 a
1471 5729 1692 5783 Domino
1731 5728 1989 5799 accipietis

414 5823 793 5882 retributionem
821 5823 1110 5879 hereditatis
1140 5840 1159 5878 :
1186 5821 1407 5878 Domino
1432 5821 1640 5878 Christo
1673 5819 1869 5875 servits.
1909 5819 1991 5873 Ab

1158 364 1215 423 ε.
1255 361 2045 423 JOANNISCHRYSOSTOMI
2086 362 2407 421 ARCIIIEP.
2449 364 2983 425 CONSTANTINOP.

3575 378 3682 435 368

2096 473 2214 544 ipso
2242 476 2409 542 enim,
2441 478 2629 549 inquit,
2655 482 2929 552 accipietis
2960 495 3281 542 mercedem.
3308 488 3373 544 Et
3398 490 3539 558 quod
3573 491 3675 546 Do-

2100 567 2247 622 mino
2282 569 2521 638 servitis,
2550 586 2615 626 ex
2646 571 2750 628 hoc
2773 585 2861 629 est
2882 578 3249 647 perspicuum.
3285 580 3385 647 Qui
3414 572 3565 648 enim,
3594 583 3678 635 in~

2096 659 2230 728 quit,
2258 659 2503 730 injuriam
2531 665 2676 733 facit,
2706 665 2913 735 recipiet
2941 667 2996 721 id
3021 671 3160 739 quod
3186 670 3353 740 inique
3379 672 3546 741 gessit.
3583 673 3675 727 llic

2096 748 2380 805 conﬁrmat
2404 754 2547 822 quod
2578 755 2722 823 prius
2748 756 2948 812 dictum
2976 769 3075 813 est.
3109 759 3242 815 Nam
3274 777 3343 817 ne
3373 762 3675 819 viderentur

2096 842 2258 897 verba
2299 859 2423 899 esse
2467 850 2848 905 asseutationis
2880 867 2893 903 :
2926 850 3172 922 Recipiet,
3219 854 3405 926 inquit,
3447 858 3503 909 id
3542 858 3682 927 quod

2096 932 2265 1001 inique
2294 937 2445 1005 gessit
2470 953 2491 993 :
2518 937 2622 993 hoc
2646 950 2749 1005 est,
2778 942 2888 996 luet
2910 958 3095 1012 pmnas
3124 963 3135 997 :
3166 944 3288 1000 Non
3316 957 3389 1003 est
3413 948 3543 1001 enim
3564 967 3676 1020 per-

2096 1040 2336 1080 sonarum
2388 1031 2620 1100 acceptio
2658 1033 2801 1101 apud
2849 1033 3012 1088 Deum
3056 1035 3232 1106 (Rom.
3284 1037 3340 1092 2.
3385 1039 3498 1111 Η).
3537 1040 3673 1107 Quid

2095 1116 2262 1184 enim,
2303 1119 2349 1173 si
2384 1134 2443 1175 cs
2485 1123 2715 1178 servus?
2750 1141 2856 1181 non
2910 1127 3178 1185 dedecore
3224 1130 3474 1188 afficeris.
3515 1135 3681 1206 Atqui

2097 1212 2386 1279 oportebat
2426 1214 2492 1269 ad
2540 1215 2791 1273 dominos
2838 1219 2941 1276 hoc
2984 1222 3187 1290 dicere,
3236 1224 3373 1280 sicut
3408 1227 3567 1282 etiam
3622 1230 3681 1281 in

2104 1301 2342 1371 Epistola
2373 1305 2449 1359 ad.
2490 1307 2782 1378 Ephesios;
2826 1311 2919 1366 sed
2968 1312 3056 1368 hic
3096 1315 3225 1369 mihi
3268 1317 3477 1373 videtur
3516 1320 3683 1375 tacite

2100 1393 2646 1464 signiﬁcare-Graecos
2671 1400 2940 1457 dominos.
2981 1404 3118 1471 Quid
3159 1407 3322 1475 enim,
3354 1408 3398 1463 si
3439 1408 3527 1466 ille
3552 1413 3680 1482 qui;

2099 1486 2220 1540 dem
2243 1486 2485 1554 Graecus,
2512 1500 2567 1547 tu
2595 1504 2775 1549 autem
2800 1510 2859 1551 es
2880 1495 3243 1553 Christianus?
3266 1500 3380 1555 Non
3412 1517 3671 1572 personm,

2096 1578 2191 1633 sed
2218 1595 2313 1636 res
2336 1583 2730 1642 examinantur.
2775 1588 3133 1656 Quamobrem
3173 1592 3249 1647 sic
3278 1608 3398 1648 cum
3443 1594 3677 1651 benevo-

2098 1670 2277 1740 lentia,
2306 1683 2360 1729 et
2387 1691 2452 1731 ex
2476 1678 2655 1734 animo
2683 1690 2764 1735 est
2804 1683 3164 1740 serviendum.
3199 1684 3348 1758 (Cap.
3379 1688 3459 1760 4.)
3486 1690 3538 1744 1.
3561 1688 3676 1743 Da-

2098 1763 2241 1829 mini,
2270 1766 2406 1835 quod
2425 1768 2724 1837 justum‘est
2759 1781 2808 1825 et
2842 1788 3043 1840 aequum
3068 1775 3221 1829 servis
3252 1788 3506 1846 pra'state.
3538 1778 3673 1848 Quid

2097 1864 2181 1911 est
2204 1865 2382 1912 autem
2413 1857 2662 1915 Iustum?
2689 1862 2814 1932 quid
2852 1863 3083 1935 ﬂauum
3105 1867 3131 1920 ?
3158 1867 3384 1925 Efﬁcere
3418 1879 3477 1925 ut
3503 1871 3571 1925 sit
3599 1873 3677 1926 cis

2098 1964 2277 2003 rerum
2316 1951 2554 2007 omnium
2594 1953 2940 2023 abundantia,
2986 1966 3043 2013 et
3081 1974 3184 2014 non
3232 1962 3411 2017 sinere
3453 1971 3512 2017 ut
3558 1963 3683 2018 aliis»

2078 2049 2313 2120 .egeant,
2348 2042 2442 2096 sed
2472 2058 2568 2113 pro
2595 2043 2872 2101 laboribus
2900 2062 2995 2103 eos
3020 2054 3372 2107 remunerari.
3395 2051 3509 2109 Non
3534 2056 3674 2110 enim

2096 2132 2217 2200 quia
2244 2132 2363 2188 dixi
2388 2148 2483 2189 eos
2510 2151 2537 2187 a
2571 2136 2683 2191 Deo
2715 2136 2913 2194 habere
2943 2141 3268 2208 mercedem,
3308 2155 3586 2215 propterea
3620 2156 3673 2200 tu

2095 2238 2189 2277 eos
2242 2227 2442 2293 privcs.
2478 2228 2621 2283 Alibi
2678 2239 2855 2286 autem
2911 2231 3076 2301 dicit,
3134 2235 3460 2293 Remittentes
3512 2241 3676 2294 minas

2098 2313 2311 2383 (Ep/tes.
2342 2317 2395 2372 6.
2439 2320 2519 2385 9i,
2551 2320 2737 2375 volens
2765 2337 2860 2378 eos
2898 2322 3075 2379 facere
3106 2327 3345 2383 mitiores
3373 2347 3387 2384 :
3420 2331 3493 2384 ill'i
3533 2334 3671 2385 enim

2097 2419 2251 2461 erant
2292 2408 2534 2479 perfecti.
2575 2411 2688 2467 Hoc
2721 2422 2822 2478 est,
2859 2415 2972 2482 Qua
3001 2433 3236 2471 mensura
3268 2422 3425 2475 mensi
3455 2424 3671 2493 fueritis,

2095 2501 2383 2555 remetiatur
2406 2502 2544 2556 vobis
2576 2503 2792 2572 (Matth.
2820 2508 2874 2562 7.
2905 2505 2983 2579 9.).
3016 2507 3081 2563 Et
3111 2510 3239 2564 illttd
3261 2553 3277 2579 ,
3311 2511 3427 2567 Non
3456 2524 3526 2570 est
3555 2534 3671 2583 per—

2094 2608 2336 2646 sonarum
2359 2595 2603 2665 acceptio,
2635 2596 2739 2651 illis
2767 2597 2966 2652 dictum
2995 2610 3078 2655 est
3107 2619 3119 2656 :
3150 2602 3253 2657 illis
3282 2615 3462 2659 autem
3491 2608 3675 2661 tribui-

2100 2693 2205 2746 tur,
2254 2692 2311 2737 ut
2356 2683 2443 2738 hic
2461 2686 2560 2739 hoc
2588 2686 2873 2755 excipiant.
2912 2689 3135 2757 Quando
3164 2694 3303 2747 enim
3340 2696 3491 2751 alteri
3521 2699 3673 2752 dixe-

2095 2774 2426 2844 ritnusquod
2453 2776 2602 2831 alteri
2635 2780 2903 2848 congruit,
2933 2796 3038 2835 non
3070 2792 3271 2838 tantum
3302 2787 3449 2841 illum
3490 2805 3671 2844 eorre—

2094 2868 2289 2930 ximus,
2323 2879 2583 2937 quantum
2615 2886 2736 2925 eum
2767 2873 2857 2942 qui
2888 2883 2968 2928 est
2997 2890 3140 2930 reus.
3181 2877 3248 2932 Et
3274 2894 3369 2933 vos
3396 2896 3514 2935 cum
3547 2883 3669 2946 illis,

2093 2958 2284 3026 inquit.
2331 2958 2429 3014 Hic
2470 2974 2810 3016 communem
2854 2964 3030 3019 eilbcit
3062 2968 3371 3023 servitutem
3404 2988 3415 3024 :
3449 2972 3672 3030 Scientes

2092 3048 2257 3115 enim,
2292 3049 2479 3119 inquit,
2503 3053 2639 3121 quod
2665 3062 2710 3104 et
2733 3068 2819 3107 vos
2844 3053 3119 3109 Dominum
3148 3058 3340 3114 habetis
3362 3062 3411 3113 in
3442 3064 3585 3118 caelo.
3614 3065 3675 3119 2.,

2098 3136 2332 3193 Orationi
2360 3141 2566 3207 instate,
2606 3143 2869 3211 vigilantes
2897 3145 2951 3198 in
2980 3163 3039 3199 ea
3066 3148 3119 3201 in
3148 3151 3425 3218 gratiarum
3454 3157 3669 3210 actione.

2092 3229 2225 3284 Nam
2265 3232 2517 3301 quoniam
2549 3235 2787 3289 orationi
2809 3235 3013 3293 instare
3039 3248 3095 3293 et
3121 3240 3172 3295 in
3199 3257 3260 3297 ea
3304 3259 3677 3314 perseverare,

2092 3338 2238 3393 saepe
2266 3323 2442 3379 reddit
2471 3326 2649 3395 pigros
2672 3335 2727 3383 et
2753 3328 2994 3396 ignavos,
3029 3344 3311 3403 propterea
3345 3337 3494 3404 dicit,
3534 3337 3681 3411 Vigi-

2091 3414 2275 3483 lantes,
2301 3416 2402 3471 hoc
2427 3426 2530 3480 est,
2560 3417 2748 3483 sobrii,
2776 3434 2882 3473 non
2911 3433 3163 3492 vagantes
3193 3434 3248 3480 et
3267 3441 3530 3484 errantes.
3560 3434 3673 3487 Scit

2089 3510 2255 3577 enim,
2300 3512 2403 3566 scit
2442 3511 2687 3567 diabolus
2732 3523 2993 3582 quantum
3033 3515 3229 3572 bonum
3261 3520 3330 3574 sit
3371 3522 3575 3589 oratio;
3618 3537 3671 3580 et

2093 3602 2213 3656 ideo
2256 3602 2489 3673 graviter
2521 3605 2681 3658 instat
2713 3623 2727 3659 :
2759 3605 2862 3660 scit
2897 3608 3057 3662 etiam
3100 3610 3292 3665 Paulus
3334 3616 3475 3683 quod
3517 3619 3677 3674 multi

2094 3704 2373 3762 precantes
2407 3694 2516 3750 sint
2544 3696 2756 3753 desides
2783 3709 2837 3753 et
2865 3713 3078 3771 segnes.
3109 3702 3468 3770 Quamobrem
3505 3711 3667 3775 dicit.

2096 3784 2331 3841 Orationi
2353 3788 2554 3853 instate,
2591 3799 2859 3859 tamquam
2890 3794 2959 3847 de
2984 3807 3044 3848 re
3064 3792 3355 3851 laboriosa.
3398 3798 3681 3871 Vigilantes-

2090 3880 2144 3933 in
2172 3896 2231 3933 ea
2258 3880 2311 3933 in
2351 3882 2634 3949 gratiarum
2675 3882 2891 3936 actione.
2935 3882 3066 3950 lloc,
3097 3885 3286 3957 inquit,
3328 3891 3400 3945 sit
3436 3904 3681 3949 vestrum:

2092 3988 2288 4027 munus
2317 3982 2372 4027 et
2401 3972 2656 4039 officium,
2688 3975 2742 4029 in
2781 3976 3028 4044 precibus
3062 3992 3221 4049 agere
3248 3983 3466 4051 gratias,
3495 3996 3547 4039 et
3576 4004 3671 4056 pro

2091 4064 2390 4120 manifestis
2431 4075 2485 4120 et
2515 4081 2611 4135 pro
2643 4081 2747 4121 non
2779 4067 3097 4135 manifestis,
3127 4082 3181 4126 et
3216 4088 3312 4142 pro
3341 4076 3403 4129 iis
3431 4092 3550 4147 qua:
3579 4094 3672 4132 vo-

2091 4158 2324 4214 lentibus
2361 4166 2417 4213 ct
2459 4173 2560 4227 pro
2610 4157 2675 4212 iis
2724 4173 2845 4229 qua:
2900 4158 3082 4216 invitis
3130 4162 3414 4234 bencfecit,
3466 4180 3520 4224 et
3575 4186 3670 4241 pro

2090 4264 2256 4320 regno
2296 4258 2352 4305 et
2386 4263 2483 4319 pro
2520 4248 2786 4319 geltenna,
2814 4257 2871 4305 et
2916 4266 3011 4320 pro
3038 4252 3328 4312 afﬂictione
3368 4268 3422 4313 et
3454 4276 3548 4329 pro
3585 4278 3670 4315 re.-

2090 4341 2384 4396 creatione.
2407 4340 2495 4394 Sic
2521 4340 2666 4394 enim
2697 4354 2813 4394 mos
2843 4351 2928 4396 est
2954 4346 3153 4399 sanctis
3182 4360 3360 4414 orare,
3389 4361 3443 4405 et
3470 4355 3670 4422 gratias

2090 4449 2249 4505 agere
2271 4448 2366 4502 pro
2388 4430 2761 4487 communibus
2789 4431 3083 4489 beneficiis.

2169 4531 2220 4584 '5.
2272 4526 2383 4581 Viri
2408 4527 2674 4596 cujusdam
2703 4528 2865 4580 sancti
2890 4528 3331 4597 precatio.—Scio
3356 4548 3455 4602 ego
3483 4551 3671 4606 quem-

2091 4623 2213 4677 dam
2241 4621 2415 4676 virum
2445 4629 2688 4674 sanctum
2720 4621 2798 4674 sic
2823 4634 3027 4676 orasse.
3057 4622 3174 4678 Prae
3204 4622 3307 4679 hoc
3343 4628 3509 4683 verbo
3540 4631 3671 4685 nihil

2093 4715 2235 4768 aliud
2275 4712 2510 4779 dicebat,
2554 4727 2713 4782 quam
2746 4730 2759 4766 :
2791 4711 3003 4768 Gratias
3044 4714 3250 4784 agimus
3287 4731 3384 4787 pro
3424 4721 3673 4776 omnibus

2094 4805 2368 4861 benelieiis
2399 4804 2522 4869 tuis,
2555 4820 2673 4872 qua:
2694 4819 2723 4857 a
2754 4804 2925 4873 primo
2950 4806 3038 4861 die
3064 4822 3231 4877 usque
3257 4808 3323 4863 ad
3351 4824 3670 4879 praesentem

2094 4897 2236 4952 diem
2266 4895 2421 4949 nobis
2448 4893 2681 4964 indignis
2709 4903 2833 4949 sunt
2854 4895 3046 4950 collata
3076 4914 3091 4950 :
3122 4912 3218 4967 pro
3242 4899 3305 4953 iis
3334 4915 3452 4970 quae
3475 4904 3671 4960 scimus

2094 4997 2149 5042 et
2192 4986 2481 5052 nescimus,
2530 5001 2630 5056 pro
2677 4987 2998 5054 manifestis,
3053 5004 3149 5058 pro
3204 5006 3309 5044 non
3353 4994 3673 5061 manifestis,

2092 5078 2210 5151 qua:
2233 5095 2394 5150 opere
2419 5078 2556 5134 facta
2581 5087 2781 5134 suntet
2805 5095 2923 5149 qua:
2948 5096 3215 5146 sermone,
3239 5100 3357 5154 quae
3376 5088 3675 5145 voluntarie

2097 5175 2234 5228 facta
2282 5183 2408 5226 sunt
2447 5183 2501 5226 et
2534 5172 2915 5239 involuntarie,
2962 5188 3058 5243 pro
3095 5178 3343 5233 omnibus
3380 5195 3499 5251 qua:
3540 5184 3672 5238 facta

2095 5274 2220 5319 sunt
2252 5263 2407 5318 nobis
2448 5263 2699 5332 indignis,
2748 5278 2845 5333 pro
2880 5262 3279 5330 afﬂictionibus,
3326 5285 3421 5337 pro
3460 5287 3673 5327 recrea-

2099 5356 2351 5423 tionihus,
2387 5370 2487 5425 pro
2529 5356 2813 5425 supplicio,
2853 5372 2949 5425 pro
2983 5372 3148 5426 regno
3191 5359 3462 5416 caelorum.
3500 5363 3676 5434 Roga-

2099 5463 2217 5502 mus
2258 5454 2317 5501 ttt
2349 5461 2638 5501 conserves
2665 5448 2901 5501 animam
2934 5458 3168 5503 nostram
3200 5460 3458 5517 sanetam,
3489 5471 3674 5522 puram

2102 5541 2384 5597 habentem
2407 5541 2810 5607 conscientiam,
2838 5540 2993 5596 linem
3018 5540 3235 5612 dignum
3258 5553 3346 5599 tua
3370 5547 3672 5605 clementia.

2097 5632 2199 5699 Qui
2236 5631 2315 5687 sic
2354 5631 2587 5687 dilexisti
2618 5646 2717 5687 nos
2773 5641 2833 5687 ut
2877 5633 3202 5703 unigenitum
3254 5634 3447 5692 Filium
3493 5640 3672 5704 dares.

2100 5725 2322 5795 dignare
2344 5740 2444 5779 nos
2471 5739 2591 5780 esse
2616 5724 2805 5795 dignos
2831 5726 3053 5781 caritate
3077 5741 3099 5778 ι
3131 5726 3197 5781 da
3225 5727 3278 5782 in
3309 5744 3558 5786 sermone
3586 5743 3677 5787 tuo

2103 5817 2441 5889 sapientiam,
2464 5826 2519 5873 ct
2542 5817 2595 5870 in
2622 5818 2813 5872 timore
2833 5824 2944 5878 tuo.
2972 5818 3241 5890 unigenite
3267 5819 3495 5887 Christe,
3529 5831 3676 5879 tuam
