4120 6400
426 344 531 400 567

430 466 525 556 Τίς
549 466 722 556 ἐστιν
758 470 828 536 ἐξ
873 468 1043 543 ὑμῶν
1074 477 1404 546 ἀνθρωπος,
1438 482 1511 535 ὃν
1555 483 1666 537 ἐὰν
1716 486 1937 556 αἰτήσῃ
1969 491 2003 541 ό

422 554 556 620 υίὸς
609 555 809 626 ἄρτον,
841 561 928 630 μὴ
968 564 1144 618 λίθον
1187 566 1469 624 ἐπιδώσει
1510 573 1713 638 αὐτῷ;
1748 577 1844 627 καὶ
1891 554 1999 630 ἐὰν

428 642 602 710 ἰχθὺν
616 647 857 716 αιτήσῃ,
878 650 962 718 μὴ
982 650 1120 720 ὅφιν
1136 653 1413 710 ἐπιδώσει
1438 659 1599 725 αὐτῷ
1613 677 1631 718 .'
1647 692 1717 701 —
1734 665 1800 716 Ol
1815 665 1997 717 πατέ-

416 745 545 795 ρες,
567 733 654 800 μὴ
674 733 953 802 ἐρεθίζετε
984 740 1056 792 τὰ
1086 741 1269 795 τέκνα
1290 744 1477 812 ὑμῶν,
1518 748 1617 801 ἵνα
1649 748 1735 817 μὴ
1766 750 1998 820 ἀθυμῶ-

426 831 549 870 σιν.
588 821 653 872 Ὃ
685 822 919 892 μάλιστα
960 827 1157 891 αὐτοὺς
1196 829 1311 900 ᾔδει
1343 832 1568 886 δυνατὸν
1598 834 1803 898 δακεῖν,
1840 839 1997 893 τοῦτο

423 904 659 974 τέθεικε,
708 912 802 963 καὶ
841 913 1198 986 φιλικώτερον
1244 916 1395 971 εἶπεν
1450 923 1757 976 ἐπιτάττων
1786 927 1992 990 αὐτοῖς,

425 995 519 1046 καὶ
551 996 786 1067 οὐδαμοῦ
826 1000 917 1053 τὸν
949 1002 1082 1055 Θεὸν
1118 1005 1333 1074 τίθησιν
1354 1024 1366 1037 ⁸
1416 1010 1686 1063 ἐπέκλασε
1729 1013 1836 1084 γὰρ
1869 1017 1996 1078 τοὺς

425 1081 640 1148 γονέας,
672 1086 768 1138 καὶ
800 1089 1149 1158 κατέκαμψεν
1179 1092 1358 1146 αὑτῶν
1390 1096 1457 1147 τὰ
1487 1081 1894 1168 σπλάγχναξΤὸ
1913 1102 1991 1164 δὲ,

423 1169 521 1235 Μὴ
552 1168 851 1240 ἐρεθίζετε,
882 1175 1040 1229 τοῦτό
1085 1180 1221 1242 ἐστι,
1251 1182 1341 1251 Μή
1394 1183 1864 1257 φιλονεικοτέρους
1896 1191 1995 1242 αὑ-

422 1254 569 1317 τοὺς
596 1262 818 1343 μποιεῖτε
843 1275 856 1290 ’
898 1261 1046 1318 ἐστιν
1092 1265 1226 1317 ὅπου
1285 1270 1377 1320 καὶ
1423 1254 1748 1343 συγχωρεῖν⁷
1781 1276 1994 1343 ὀφείλε-

422 1357 503 1429 τε.
551 1336 688 1398 Είτα
734 1347 827 1398 ἐπὶ
894 1351 1083 1423 τρίτην
1145 1348 1309 1422 ἦλθεν
1350 1336 1561 1429 ἀρχὴν,
1613 1336 1682 1413 bl
1744 1336 1990 1429 δοῦλοι,

422 1425 618 1496 λέγων,
656 1434 991 1490 ὑπακούετε
1017 1439 1143 1503 τοῖς
1168 1446 1317 1495 κατὰ
1340 1425 1539 1510 σάρκα
1576 1450 1825 1515 κυρίοις.
1872 1451 1991 1504 Ἐν-

423 1515 596 1570 ταῦθα
633 1518 748 1573 ἐστι
785 1523 884 1591 μέν
903 1541 955 1576 τι
984 1526 1077 1578 καὶ
1116 1528 1354 1598 φίλτρον,
1389 1533 1502 1584 ἀλλ’
1525 1535 1709 1587 οὐκέτι
1742 1539 1990 1605 φυσικὸν,

423 1605 674 1697 καθάπερ
711 1610 841 1678 ἀνω,
881 1614 1019 1668 ἀλλὰ
1058 1618 1367 1687 συνηθείας,
1402 1624 1496 1675 καὶ
1533 1623 1627 1677 ἀπ’
1677 1626 1846 1695 αὐτῆς
1894 1628 1992 1697 τῆς

421 1694 614 1766 ἀρχῆς,
657 1700 750 1751 καί⁵
777 1700 883 1754 ἀπὸ
923 1703 1030 1755 τῶν
1060 1703 1254 1774 ἔργων.
1307 1710 1459 1763 Ἐπεὶ
1512 1707 1605 1765 οῦν
1653 1694 1887 1766 ἐνταῦθα
1933 1694 1992 1766 τὸ

425 1781 524 1871 μὲν
552 1782 645 1871 τοῦ
694 1785 914 1856 φίλτρου
969 1791 1361 1862 ὑποτέτμηται,
1412 1796 1473 1848 τὸ
1504 1798 1558 1850 δὲ
1592 1799 1690 1868 τῆς
1747 1800 1991 1871 ὑπακοῆς

421 1866 759 1936 ἐπιτέταται,
798 1874 974 1945 τούτῳ
1003 1877 1350 1950 ἐνδιατρίϐει,
1400 1866 1739 1952 βουλόμενος.
1776 1888 1913 1956 ὅπερ
1943 1866 1989 1941 οἱ

423 1954 629 2023 πρῶτοι
662 1957 878 2028 ἔχουσιν
904 1964 1012 2027 ἀπὸ
1050 1966 1148 2035 τῆς
1184 1967 1421 2035 φύσεως,
1456 1971 1612 2025 τοῦτο
1651 1974 1834 2027 δοῦναι
1865 1975 1990 2028 τού-

420 2056 535 2104 τοις
565 2044 671 2098 ἀπὸ
704 2048 804 2116 τῆς
834 2049 1101 2120 ὑπακοῆς.
1145 2054 1305 2108 Ὥστε
1346 2058 1443 2128 οὐχ
1479 2060 1620 2131 ὑπὲρ
1654 2063 1762 2115 τῶν
1798 2063 1991 2118 δεσπο-

417 2128 665 2223 τῶνποῖς
699 2134 937 2200 οἰκέταις
969 2140 1149 2208 μόνοις
1183 2142 1511 2212 διαλέγεται,
1543 2128 1682 2200 ἀλλὰ
1714 2152 1808 2203 καὶ
1845 2152 1989 2223 ὑπὲρ

420 2214 620 2282 αὐτῶν,
652 2218 739 2272 ἵνα
775 2221 1054 2288 ποθεινοὺς
1090 2228 1317 2294 ἑαυτοὺς
1373 2232 1715 2303 ἐργάζωνται
1748 2241 1859 2299 τοῖς
1904 2240 1987 2293 δε·

421 2304 666 2399 σπόταις.
710 2308 846 2362 Ἀλλ’
894 2313 954 2365 οὑ
995 2314 1173 2385 τίθησι
1208 2317 1364 2372 τοῦτο
1390 2323 1639 2392 φανερῶς
1665 2340 1678 2353 ο
1710 2322 1745 2397 ἦ
1787 2328 1894 2399 γάρ
1923 2327 1989 2381 ἂν

420 2390 643 2456 ὑπτίους
684 2397 881 2462 αὐτοὺς
942 2402 1219 2472 ἐποίησεν.
1255 2407 1319 2458 Ol
1367 2390 1596 2475 δοῦλοι,
1639 2390 1822 2482 φησὶν,
1862 2390 1990 2471 ’ὐπ-

417 2480 666 2534 ακούετε
690 2484 838 2537 κατὰ
860 2487 1055 2540 πάντα
1093 2490 1217 2555 τοῖς
1241 2499 1388 2545 κατὰ
1418 2495 1615 2562 σάρκα
1643 2480 1891 2568 κυρίοις.

492 2565 556 2635 β’.
578 2569 687 2659 Ιςαὶ
704 2571 803 2659 δρα
821 2573 935 2635 πῶς
952 2575 1038 2628 ἀεὶ
1050 2576 1117 2629 τὰ
1131 2578 1369 2649 ὀνόματα
1384 2582 1585 2653 τίθησι,
1605 2565 1903 2657 γυναῖκες,
1915 2592 1990 2645 τὰ

418 2651 619 2717 τέκνα,
639 2659 693 2709 οί
714 2658 941 2724 δοῦλοι,
973 2663 1046 2726 ὡς
1072 2664 1345 2736 δικαίωμα
1366 2668 1460 2720 τοῦ
1492 2672 1812 2730 ὑπακούειν.
1848 2678 1986 2730 Ἀλλ’

418 2739 505 2832 ἕνα
534 2743 608 2812 μὴ
632 2744 864 2818 ἀλγήσῃ,
896 2752 1140 2821 ἐπήγαγε
1160 2768 1174 2781 ⁸
1200 2754 1327 2819 Τοῖς
1347 2759 1494 2810 κατὰ
1518 2759 1713 2828 σάρκα
1736 2765 1985 2832 κυρίοις.

419 2829 493 2881 Τὸ
534 2834 781 2900 κρεῖττόν
815 2853 907 2889 σου
937 2840 968 2907 ἡ
1001 2840 1145 2910 ψυχὴ
1193 2842 1574 2916 ἐλευθέρωται,
1608 2851 1769 2920 φησί·
1809 2829 1984 2925 πρόσ-

418 2932 609 2988 καιρος
637 2922 670 2991 ἡ
709 2920 944 2978 δουλεία.
1000 2928 1207 2982 Ἐκεῖνο
1236 2931 1415 2983 τοίνυν
1446 2934 1733 3000 ὑπόταξον,
1766 2938 1851 2992 ἵνα
1884 2960 1988 3012 μη-

417 3004 536 3059 κέτι
551 3008 846 3083 ἀνάγκηςῇ
872 3014 903 3084 ἡ
929 3014 1160 3070 δουλεία.
1182 3018 1276 3085 Μὴ
1301 3020 1369 3071 ἐν
1389 3004 1984 3095 όφθαλμοδουλείαις,

416 3095 498 3159 ὡς
524 3098 1027 3167 ἀνθρωπάρεσκοι.
1063 3106 1314 3175 Ποίησον,
1342 3110 1494 3177 φησὶ,
1526 3111 1621 3181 τὴν
1651 3114 1759 3166 ἀπὸ
1783 3114 1875 3167 τοῦ
1904 3118 1989 3168 νόο

421 3199 524 3252 μου
559 3186 803 3241 δουλείαν
840 3191 948 3244 ἀπὸ
992 3192 1085 3245 τοῦ
1118 3194 1283 3261 φόϐου
1316 3196 1560 3264 γίνεσθαι
1593 3200 1687 3252 τοῦ
1727 3203 1984 3272 Χριστοῦ.

418 3269 536 3323 Κᾶν
563 3273 671 3343 γὰρ
703 3277 776 3344 μὴ
803 3277 1035 3346 ὁρῶντος
1064 3280 1270 3333 ἐκείνου
1303 3284 1545 3356 πράττῃς
1576 3286 1644 3339 τά
1677 3269 1862 3341 δέοντα
1896 3292 1989 3344 καὶ

416 3358 487 3410 τά
519 3360 655 3431 πρὸς
685 3363 851 3434 τιμὴν
879 3365 970 3417 τοῦ
1002 3367 1283 3432 δεσπότου,
1314 3370 1554 3441 δηλονότι
1586 3372 1674 3428 διὰ
1714 3376 1805 3429 τὸν
1832 3378 1989 3430 ἀκοί-

420 3462 593 3518 μητον
617 3451 894 3521 ὀφθαλμὸν
916 3457 1107 3519 ποιεῖς.
1133 3456 1229 3525 Μὴ
1254 3462 1379 3512 κατ’
1408 3462 1984 3533 ὀφθαλμοδουλείαν,

420 3538 606 3603 φησὶν,
639 3538 720 3603 ὡς
743 3540 1254 3609 ἀνθρωπάρεσκοι.
1275 3546 1436 3599 Ὥστε
1466 3548 1623 3617 ὑμεῖς
1651 3551 1748 3622 τὴν
1783 3552 1988 3626 βλάϐην

420 3622 815 3695 ὑποστήσεσθε.
864 3629 1063 3681 Ἀκουε
1095 3630 1202 3701 γὰρ
1228 3634 1322 3685 τοῦ
1368 3634 1655 3707 Προφήτου
1699 3622 1983 3709 λέγοντος·

418 3714 812 3780 Διεσκόρπισε
848 3718 1064 3785 Κύριος
1091 3718 1243 3775 ὀστᾶ
1274 3721 1812 3792 ἀνθρωπαρέσκων.
1846 3731 1987 3802 Ὅρα

418 3798 597 3851 τοίνυν
628 3801 746 3866 πῶς
791 3804 972 3859 αὐτῶν
1024 3806 1282 3875 φείδεται,
1320 3810 1416 3863 καὶ
1464 3813 1659 3877 αὐτοὺς
1710 3816 1983 3887 ῥυθμίζει.

431 3885 584 3940 Ἀλλ’
616 3889 687 3944 ἐν
731 3894 1046 3961 ἁπλότητι,
1088 3897 1241 3967 φησὶ,
1303 3899 1573 3967 καρδίας,
1632 3885 1988 3974 φοϐούμενοι

418 3974 527 4028 τὸν
548 3979 713 4032 Θεόν.
757 3981 960 4035 Ἐκεῖνο
989 3983 1098 4053 γὰρ
1118 3985 1215 4055 οὑχ
1240 3986 1500 4057 ἁπλότης,
1528 3990 1643 4043 ἀλλ’
1674 3993 1984 4062 ὑπόκρισις,

419 4063 603 4135 ἕτερον
624 4067 766 4139 ἔχειν
787 4083 813 4111 ιι
836 4072 930 4125 καὶ
954 4072 1140 4143 ἕτερον
1168 4078 1340 4129 ποιεῖν
1357 4094 1372 4108 ·
1400 4077 1558 4132 ἄλλον
1593 4081 1692 4149 μὲν
1721 4083 1987 4151 παρόντος

419 4154 707 4218 φαίνεσθαι
738 4158 831 4211 τοῦ
864 4160 1146 4226 δεσπότου,
1190 4162 1349 4217 ἄλλον
1377 4165 1436 4218 δὲ
1483 4168 1736 4232 ἀπόντος.
1779 4172 1987 4227 Οὐκοῦν

417 4241 514 4311 οὑχ
539 4242 725 4308 ἀπλῶς
750 4242 905 4301 εἶπεν
926 4265 940 4278 ⁸
960 4249 1062 4303 Ἐν
1091 4252 1379 4320 ἁπλότητι
1400 4257 1666 4323 καρδίας,
1689 4258 1845 4323 ἀλλά,
1874 4264 1986 4315 Φο-

421 4328 696 4397 ϐούμενοι
728 4332 834 4387 τὸν
860 4337 1027 4392 Θεόν.
1074 4338 1244 4392 Τοῦτο
1276 4340 1385 4410 γάρ
1417 4342 1535 4394 ἐστι
1572 4344 1855 4411 φοϐεῖσθαι
1894 4350 1987 4402 τὸν

419 4416 573 4483 Θεὸν,
594 4420 723 4473 ὅταν
750 4423 975 4493 μηδενὸς
990 4427 1244 4499 ὁρῶντος,
1274 4430 1443 4500 μηδὲν
1475 4434 1803 4504 πράττωμεν
1824 4453 1986 4509 πονη-

423 4505 547 4576 ρόν⁸
589 4507 655 4561 ἂν
695 4509 753 4563 δὲ
791 4512 1143 4585 πράττωμεν,
1173 4517 1294 4588 οὐχὶ
1335 4519 1428 4571 τὸν
1479 4520 1633 4585 Θεὸν,
1674 4522 1811 4577 ἀλλὰ
1858 4505 1985 4589 τοὺς

419 4593 739 4665 ἀνθρώπους
763 4600 1094 4672 φοϐούμεθα.
1139 4604 1300 4675 Ὁρᾷς
1327 4605 1409 4658 ὃτι
1434 4606 1675 4671 ἐκείνους
1705 4610 1982 4680 ῥυθμίζεις

421 4680 535 4733 Πᾶν
557 4683 585 4735 ὅ
616 4699 670 4736 τι
699 4683 767 4739 ἂν
798 4687 1012 4759 ποιῆτε,
1042 4691 1227 4760 φησὶν,
1263 4693 1326 4746 ἐκ
1352 4692 1528 4764 ψυχῆς
1559 4695 1882 4765 ἐργάζεσθε,
1909 4699 1986 4763 ὡς

418 4768 499 4838 τῷ
528 4771 736 4842 Κυρίῳ,
760 4776 852 4828 καὶ
870 4776 969 4830 οὑκ
992 4777 1319 4849 ἀνθρώποις.
1339 4782 1414 4834 Οὐ
1440 4783 1601 4851 μόνον
1619 4784 1981 4855 ὑποκρίσεως,

422 4856 560 4911 ἀλλά
590 4860 683 4913 καὶ
710 4862 906 4932 ἀργίας
923 4865 1118 4930 αὐτοὺς
1134 4866 1477 4939 ἀπηλλάχθαι
1496 4869 1764 4939 βούλεται.
1804 4874 1986 4927 Ἐλευ-

423 4944 615 5017 θέρους
642 4949 839 5013 αὐτοὺς
870 4953 1124 5023 ἐποίησεν
1158 4955 1279 5008 ἀντὶ
1303 4955 1528 5021 δούλων,
1560 4958 1689 5011 ὅταν
1720 4960 1796 5031 μὴ
1822 4960 1984 5013 δέων-

419 5052 510 5089 ται
546 5036 695 5110 [598]
745 5040 842 5111 τῆς
881 5042 992 5095 τῶν
1036 5042 1312 5098 δεσποτῶν
1360 5046 1712 5111 ἐπιστασίας·
1753 5049 1814 5101 τὸ
1852 5049 1981 5120 γὰρ,

433 5124 529 5179 Ἐκ
561 5126 789 5196 ψυχῆς,
824 5130 981 5184 τοῦτό
1019 5132 1156 5195 ἐστι,
1195 5132 1254 5185 τὸ
1292 5134 1408 5203 μετ’
1441 5135 1674 5199 εὐνοίας,
1726 5136 1799 5207 μὴ
1845 5140 1985 5207 μετά

421 5210 674 5284 δουλικῆς
702 5215 964 5287 ἀνάγκης,
1002 5218 1139 5271 ἀλλά
1172 5222 1289 5288 μετ’
1323 5220 1634 5293 ἐλευθερίας
1664 5224 1759 5276 καὶ
1788 5240 1984 5294 προαι-

423 5299 651 5370 ρέσεως.
679 5304 789 5355 Καὶ
819 5304 902 5367 τίς
927 5307 955 5358 ὁ
984 5306 1208 5376 μισθός;
1236 5308 1495 5375 Είδότες,
1530 5312 1716 5380 φησὶν,
1749 5310 1837 5363 ὅτι
1867 5310 1986 5365 ἀπὸ

421 5388 643 5455 Kvplov
666 5389 944 5458 λήψεσθε
978 5393 1094 5462 τὴν
1123 5395 1536 5449 ἀνταπόδοσιν
1562 5395 1668 5464 τῆς
1695 5403 1987 5466 κληρονο-

417 5476 560 5543 μίας
579 5475 767 5545 ήμῶν-⁸
793 5478 871 5544 τῷ
896 5480 1005 5549 γὰρ
1031 5483 1225 5549 Κυρίῳ
1242 5481 1613 5539 δουλεύετεδ.
1634 5486 1840 5538 Οὐκοῦν
1859 5485 1986 5557 παρ’

422 5562 587 5616 αὑτοῦ
624 5563 785 5634 δῆλον
822 5564 910 5619 ὅτι
963 5567 1197 5639 λήψεσθε
1230 5568 1324 5623 τὸν
1376 5571 1587 5642 μισθόν.
1631 5573 1741 5628 Καὶ
1782 5574 1865 5627 ὅτι
1907 5573 1987 5645 τῷ

454 5763 457 5767 ν
486 5720 509 5747 l
540 5707 621 5773 :E‘a
644 5711 711 5770 νῷ
735 5710 893 5773 ἔχεινῗ

487 5773 515 5813 b
539 5770 660 5834 Reg.
686 5770 948 5823 δουλεύετε.
977 5778 1069 5824 Καὶ
1095 5778 1182 5841 γὰρ
1201 5779 1309 5841 παρ’
1331 5776 1496 5827 αὑτοῦ.

1358 356 1430 412 ΙΝ
1466 358 1687 441 ΕΡΞΞΤ.
1727 363 1827 417 AD
1854 363 2143 421 COLOSS.
2183 368 2336 425 CAP.
2378 369 2469 426 IV.
2532 369 2764 427 HOMIL.
2795 371 2865 428 Χ.

3564 379 3670 438 568

2095 490 2285 562 Κυρίῳ
2319 491 2620 559 δουλεύετε,
2650 492 2809 562 δῆλον
2853 496 2915 547 ἐκ
2956 493 3167 549 τούτου.
3204 495 3268 547 '0
3314 494 3381 548 δὲ
3424 496 3671 562 ἀδικῶν,

2097 578 2253 646 φησὶ,
2295 580 2603 649 κομίσεται
2619 580 2664 634 ’ὃ
2697 581 3012 649 ἠδίκησεν.
3048 581 3314 634 Ἐνταῦθα
3349 581 3560 651 βεϐαιοῖ
3579 586 3672 637 τὸν

2095 666 2361 737 πρότερον
2391 667 2572 736 λόγον.
2604 669 2724 721 Ἵνα
2754 670 2865 738 γὰρ
2908 668 2982 741 μὴ
3024 668 3151 740 δόξῃ
3202 669 3493 733 κολακείας
3527 668 3669 725 εἶναι

2093 754 2161 806 τά
2198 755 2437 825 ῥήματα,
2471 755 2757 824 Λήψεται,
2799 756 2984 827 φησὶν,
3011 756 3042 809 ὃ
3067 756 3357 824 ἠδίκησε·
3398 758 3666 821 τουτέστι,

2060 912 2065 917 η
2094 842 2188 894 καὶ
2224 843 2495 912 τιμωρίαν
2528 844 2743 897 δίδωσιν
2768 860 2781 872 ⁸
2824 846 2904 898 Οὐ
2935 843 3045 913 γὰρ
3084 847 3215 897 ἐστι
3269 850 3669 912 προσωπολη-

2093 932 2207 999 ψία
2236 934 2395 998 παρὰ
2423 930 2500 997 τῷ
2538 934 2679 997 Θεῷ.
2716 932 2781 985 Τί
2824 934 2953 1004 γάρ,
3012 935 3059 985 εί
3107 931 3292 996 δοῦλος
3322 928 3406 997 εἷς
3446 933 3545 985 οὐκ
3582 935 3671 986 αί-

2097 1018 2286 1090 σχὺνῃ.
2323 1020 2432 1071 Καὶ
2490 1020 2597 1091 μὴν
2625 1020 2783 1073 τοῦτο
2838 1020 2975 1090 πρὸς
3008 1030 3030 1058 ο
3080 1021 3207 1082 τοὺς
3260 1020 3526 1083 δεσπότας
3559 1021 3668 1073 ἔδει

2094 1108 2287 1167 εἰπεῖν,
2329 1107 2518 1178 ὥσπερ
2548 1108 2642 1159 καὶ
2672 1110 2729 1159 ἐν
2764 1110 2829 1176 τῇ
2861 1107 2999 1177 πρὸς
3049 1108 3354 1174 Ἐφεσίους.
3404 1107 3545 1160 Ἀλλ’
3576 1109 3663 1161 ἐν·

2092 1193 2266 1246 ταῦθά
2289 1211 2378 1264 μοι
2405 1195 2552 1247 δοκεῖ
2570 1196 2695 1257 τοὺς
2720 1196 2993 1261 Ἕλληνας
3026 1195 3358 1248 αίνίττεσθαι
3378 1196 3661 1260 δεσπότας.

2093 1281 2157 1332 Τί
2188 1281 2316 1350 γὰρ,
2358 1283 2408 1333 εί
2446 1284 2654 1344 ἐκεῖνος
2708 1282 2807 1351 μὲν
2843 1281 3065 1352 Ἕλλην,
3104 1284 3168 1335 σὺ
3208 1282 3264 1335 δὲ
3307 1284 3661 1352 Χριστιανός;

2094 1370 2168 1420 Οὐ
2224 1370 2295 1422 τὰ
2346 1370 2635 1439 πρόσωπα,
2682 1368 2818 1422 ἀλλὰ
2861 1369 2929 1423 τά
2977 1370 3277 1439 πράγματα
3330 1370 3663 1435 ἐξετάζεται.

2094 1459 2257 1510 Ὥστε
2298 1459 2391 1512 καὶ
2419 1456 2560 1512 οὕτω
2601 1459 2717 1528 μετ’
2736 1458 2970 1521 εὐνοίας,
3000 1460 3095 1511 καὶ
3124 1460 3187 1510 ἐκ
3222 1458 3401 1529 ψυχῆς
3434 1459 3515 1512 δεῖ
3542 1459 3664 1512 δου-

2090 1545 2284 1601 λεύειν.
2313 1550 2375 1600 Οἱ
2405 1547 2617 1614 κύριοι,
2653 1546 2720 1599 τὸ
2752 1546 2987 1599 δίκαιον
3004 1546 3103 1599 καὶ
3123 1546 3237 1614 τὴν
3268 1548 3515 1614 ίσότητᾳ
3539 1547 3667 1614 τοῖς

2090 1635 2334 1700 δούλοις
2366 1636 2719 1703 παρέχεσθε.
2766 1635 2831 1685 Τί
2870 1634 2926 1687 δέ
2956 1638 3071 1688 ἐστι
3116 1634 3178 1688 τὸ
3222 1634 3492 1697 δίκαιον;
3520 1635 3573 1687 τί
3606 1635 3664 1687 δέ

2090 1724 2237 1775 ἐστιν
2262 1726 2503 1788 ἰσότης;
2528 1722 2755 1776 Πάντων
2793 1722 2851 1774 ἐν
2880 1722 3113 1792 ἀφθονίᾳ
3147 1722 3433 1791 καθιστᾷν,
3464 1724 3559 1776 καὶ
3588 1722 3664 1793 μὴ

2089 1812 2184 1881 ἐᾷν
2233 1811 2433 1879 ἐτέρων
2467 1810 2697 1872 δεῖσθαι,
2748 1809 2883 1862 ἀλλά
2935 1808 3259 1879 ἀμείϐεσθαι
3308 1811 3506 1873 αὐτοὺς
3555 1810 3665 1863 τῶν
3736 1800 3748 1812 ’

2090 1898 2289 1951 πόνων.
2320 1898 2409 1966 Μὴ
2446 1897 2572 1967 γὰρ,
2604 1897 2790 1968 ἐπειδὴ
2823 1893 2997 1957 εἶπον,
3022 1897 3102 1949 ὅτι
3137 1897 3287 1967 παρά
3311 1896 3447 1950 Θεοῦ
3480 1897 3663 1967 ἔχουσι

2086 1986 2179 2038 τὸν
2212 1984 2423 2053 μισθὸν,
2464 1983 2551 2035 διὰ
2582 1982 2741 2036 τοῦτο
2769 1986 2832 2036 σὺ
2865 1984 3271 2055 ἀποστερήσῃς.
3314 1984 3575 2055 Ἐτέρωθι
3603 1984 3662 2036 δέ

2088 2090 2273 2143 φησιν,
2316 2071 2600 2136 Ἁνιέντες
2630 2070 2744 2139 τὴν
2764 2070 3043 2137 ἀπειλὴν,
3077 2070 3462 2141 ἡμερωτέρους
3496 2072 3662 2141 ἐργά-

2089 2159 2286 2213 σασθαι
2327 2158 2648 2228 βουλόμενος
2670 2173 2683 2187 ⁸
2716 2157 2912 2210 τέλειοι
2943 2157 3051 2227 γὰρ
3076 2153 3217 2226 ἦσαν
3258 2159 3474 2211 ἐκεῖνοι.
3497 2159 3663 2211 Τουτ-

2086 2247 2257 2307 ἐστιν,
2302 2246 2404 2298 Ἐν
2443 2238 2490 2311 ᾧ
2536 2244 2730 2312 μέτρῳ
2766 2244 3052 2313 μετρεῖτε,
3086 2244 3656 2313 ἀντιμετρηθήσεται

2086 2335 2249 2404 ὑμῖν.
2274 2335 2381 2386 Καὶ
2409 2332 2490 2398 τὸ,
2518 2334 2639 2385 Οὐκ
2669 2332 2800 2385 ἐστι
2827 2331 3329 2399 προσωποληψία,
3373 2331 3510 2401 πρὸς
3534 2330 3660 2384 τού-

2084 2438 2214 2484 τους
2253 2420 2503 2490 εῐρηται·
2549 2422 2725 2472 κεῖται
2756 2419 2813 2471 δὲ
2853 2420 2940 2471 ἐπ’
2983 2418 3231 2482 ἐκείνων,
3274 2418 3361 2471 ἵνα
3404 2412 3550 2471 οῦτοι
3576 2418 3662 2472 δέ·

2087 2509 2307 2575 ξωνται.
2332 2508 2501 2561 Ὅταν
2529 2507 2638 2577 γὰρ
2660 2506 2830 2576 ἑτέρῳ
2846 2505 3086 2575 ἁρμόζον
3117 2505 3253 2576 πρὸς
3281 2507 3469 2577 ἕτερον
3494 2506 3661 2560 εἴπω-

2090 2615 2210 2669 μεν,
2240 2598 2341 2651 οὐκ
2364 2598 2570 2650 ἐκεῖνον
2600 2595 2878 2658 τοσοῦτον,
2911 2596 3034 2647 ὅσον
3065 2594 3155 2647 τὸν
3184 2594 3485 2648 ὑπεύθυνον
3526 2613 3659 2649 κατ-

2085 2686 2442 2757 ωρθώσαμεν.
2489 2685 2599 2738 Καὶ
2644 2686 2800 2754 ὑμεῖς
2847 2683 2963 2753 μετ’
3006 2683 3253 2749 ἐκείνων,
3314 2684 3499 2753 φησίν.
3545 2683 3661 2737 Ἐν·-

2084 2774 2258 2827 ταῦθα
2298 2773 2481 2844 κοινὴν
2526 2772 2751 2841 ἐποίησε
2791 2772 2889 2842 τὴν
2914 2770 3159 2824 δουλείαν
3185 2788 3197 2801 ⁸
3238 2770 3481 2835 Είδότες
3526 2769 3656 2841 γὰρ,

2086 2866 2273 2934 φησὶν,
2308 2864 2396 2916 ὅτι
2447 2862 2548 2915 καὶ
2590 2861 2757 2931 ὑμεῖς
2786 2860 2957 2929 ἔχετε
3002 2862 3222 2929 Κύριον
3263 2860 3333 2914 ἐν
3357 2859 3657 2933 οὐρανοῖς.

2091 2953 2169 3019 Τῇ
2202 2948 2514 3019 προσευχῇ
2560 2947 3072 3018 προσκαρτερεῖτε,
3107 2947 3541 3017 γρηγοροῦντες
3591 2946 3662 2999 ἐν

2086 3038 2241 3107 αὐτῇ
2263 3040 2334 3092 ἐν
2366 3038 2738 3106 εὐχαριστίᾳ.
2774 3036 2997 3106 Ἐπειδὴ
3027 3036 3134 3106 γὰρ
3179 3036 3241 3087 τὸ
3283 3038 3571 3107 καρτερεῖν
3601 3037 3661 3089 ἐν

2085 3129 2205 3189 ταῖς
2234 3127 2421 3196 εὐχαῖς
2444 3125 2708 3195 ῥᾳθυμεῖν
2740 3124 3000 3187 πολλάκις
3023 3126 3188 3190 ποιεῖ,
3216 3123 3304 3176 διὰ
3328 3123 3485 3176 τοῦτό
3504 3139 3657 3192 φησιο

2089 3213 2568 3282 Γρηγοροῦντες,
2592 3212 2863 3274 τουτέστι,
2893 3213 3173 3281 νήφοντες,
3206 3212 3280 3281 μὴ
3308 3211 3657 3282 ρεμϐόμενοι.

2088 3298 2211 3354 Οἷδε
2244 3300 2375 3371 γὰρ,
2422 3295 2563 3352 οἶδεν
2596 3301 2625 3352 ὁ
2664 3298 2912 3361 διάϐολος
2954 3299 3079 3351 ὅσον
3125 3298 3325 3366 ἀγαθὸν
3360 3298 3492 3369 εὐχή
3516 3314 3529 3327 ⁸
3578 3296 3664 3350 διὸ

2090 3387 2262 3458 βαρὺς
2294 3387 2559 3455 ἔγκειται.
2598 3381 2717 3438 Οἵδε
2761 3386 2817 3437 δὲ
2866 3386 2961 3437 καὶ
2991 3384 3203 3447 Παῦλος
3236 3385 3352 3448 πῶς
3391 3385 3661 3454 ἀκηδιῶσι

2090 3473 2275 3527 πολλοὶ
2318 3474 2643 3544 εὐχόμενοι*
2698 3470 2779 3525 διό
2828 3488 2984 3541 φησι,
3033 3471 3534 3540 Προσκαρτερεῖτε
3582 3470 3661 3540 τῇ

2088 3559 2425 3630 προσευχῇ,
2456 3560 2531 3623 ὠς
2560 3559 2686 3630 περί
2715 3576 2860 3621 τινος
2900 3559 3182 3611 ἐπιπόνου.
3212 3558 3661 3626 Γρηγοροῦντες

2085 3647 2352 3717 ὲναὺτῇ,
2395 3648 2464 3702 ἐν
2491 3647 2862 3715 εὐχαριστίᾳ.
2898 3646 3068 3699 Τοῦτο
3110 3647 3239 3717 γὰρ,
3278 3646 3463 3716 φησὶν,
3498 3645 3661 3714 ἔργον

2087 3736 2242 3806 ὑμῶν
2289 3735 2450 3801 ἔστω,
2502 3736 2560 3787 ἐν
2594 3737 2713 3797 ταῖς
2759 3734 2944 3803 εὐχαῖς
2997 3734 3337 3804 εὐχαριστεῖν
3383 3734 3479 3787 καὶ
3522 3734 3663 3805 ὑπὲρ

2085 3824 2193 3877 τῶν
2225 3823 2476 3893 φανερῶν
2520 3822 2615 3874 καὶ
2649 3820 2791 3891 ὑπὲρ
2836 3821 2946 3873 τῶν
2989 3820 3231 3888 ἀφανῶν,
3266 3821 3361 3874 καὶ
3396 3821 3535 3892 ὑπὲρ
3583 3815 3663 3875 ὧν

2089 3913 2315 3975 ἑκόντας
2349 3911 2442 3964 καὶ
2473 3910 2613 3981 ὑπὲρ
2641 3902 2717 3964 ὧν
2743 3910 2976 3972 ἄκοντας
3000 3909 3253 3978 ἐποίησεν
3284 3904 3367 3972 εὖ,
3394 3910 3489 3963 καὶ
3515 3909 3659 3981 ὑπὲρ

2090 3999 2368 4071 βασιλείας
2398 3998 2493 4051 καὶ
2535 3998 2675 4068 ὑπὲρ
2700 3996 2947 4068 γεέννης,
2982 3998 3077 4052 καὶ
3114 3997 3256 4069 ὑπὲρ
3303 3997 3532 4067 θλίψεως
3561 3998 3658 4051 καὶ

2088 4088 2230 4158 ὑπὲρ
2262 4087 2520 4150 ἀνέσεως.
2564 4085 2720 4139 Οὕτω
2745 4086 2852 4156 γὰρ
2887 4085 3008 4149 ἐθος
3032 4088 3144 4149 τοῖς
3169 4086 3343 4154 ἁγίοις
3378 4087 3654 4157 εὔχεσθαι,

2086 4177 2183 4232 καὶ
2206 4175 2345 4246 ὑπὲρ
2372 4175 2481 4227 τῶν
2511 4174 2705 4227 κοινῶν
2734 4173 3065 4244 εὐεργεσιῶν
3093 4175 3457 4246 εὐχαριστεῖν.

2156 4269 2203 4332 γ’
2211 4300 2227 4315 .
2244 4258 2374 4316 Οῐδα
2394 4260 2505 4329 ἐγώ
2520 4278 2644 4314 τινα
2656 4261 2809 4329 ἀγιον
2830 4260 2996 4329 ἄνδρα
3019 4260 3190 4323 οὕτως
3214 4262 3524 4331 εὐχόμενον.
3552 4261 3655 4314 Οὑ-

2085 4351 2172 4405 δὲν
2193 4350 2300 4421 πρὸ
2321 4352 2509 4403 τούτου
2526 4349 2619 4403 τοῦ
2647 4350 2892 4419 ῥήματος
2910 4349 3113 4416 ἔλεγεν,
3149 4348 3263 4401 ἀλλ’
3283 4350 3385 4402 ὃτι.
3417 4349 3655 4418 Εὐχαρι-

2088 4437 2322 4508 στοῦμεν
2350 4437 2491 4508 ὑπὲρ
2529 4436 2721 4489 πασῶν
2765 4436 2874 4489 τῶν
2912 4435 3239 4506 εὐεργεσιῶν
3287 4454 3381 4489 σου
3429 4435 3539 4490 τῶν
3590 4438 3657 4491 ἐκ

2088 4526 2312 4597 πρώτης
2346 4525 2560 4594 ἡμέρας
2592 4523 2752 4594 μέχρι
2781 4522 2881 4591 τῆς
2910 4524 3193 4593 παρούσης
3235 4525 3313 4588 είς
3350 4526 3500 4594 ἡμᾶς
3527 4527 3655 4587 τοὺς

2091 4611 2241 4687 [599]
2272 4612 2523 4676 ἀναξίους
2569 4610 3026 4680 ἐπιδεικνυμένων
3047 4627 3062 4641 ο
3091 4612 3230 4681 ὑπὲρ
3266 4606 3341 4665 ὧν
3376 4612 3533 4682 ῖσμεν
3558 4614 3654 4665 καὶ

2086 4702 2189 4755 οὐκ
2231 4701 2409 4769 ῐσμεν,
2444 4697 2587 4768 ὑπὲρ
2614 4697 2723 4750 τῶν
2762 4697 3034 4767 φανερῶν,
3069 4698 3210 4769 ὑπὲρ
3242 4698 3348 4751 τῶν
3386 4699 3634 4767 ἀφανῶν,

2087 4788 2197 4843 τῶν
2222 4790 2278 4841 ἐν
2312 4786 2459 4858 ἔργῳ
2503 4786 2838 4857 γενομένων,
2865 4786 2974 4840 τῶν
3014 4789 3072 4840 ἐν
3105 4786 3266 4857 λόγῳ,
3301 4787 3411 4840 τῶν
3449 4787 3653 4852 ἑκοντὶ,

2086 4877 2196 4931 τῶν
2224 4876 2410 4929 ἀκοντί
2427 4892 2441 4907 ο
2480 4874 2671 4928 πασῶν
2696 4874 2807 4927 τῶν
2836 4876 2916 4938 είς
2951 4875 3077 4937 τοὺς
3104 4874 3355 4939 ἀναξίους
3384 4876 3530 4945 ἡμᾶς
3556 4891 3655 4942 γε-

2087 4963 2401 5034 γενημένων
2422 4977 2436 4991 ⁸
2476 4963 2616 5032 ὑπὲρ
2645 4962 2897 5032 θλίψεων,
2933 4962 3073 5033 ὑπὲρ
3107 4960 3366 5027 ἀνέσεων,
3392 4962 3533 5032 ὑπὲρ
3557 4962 3656 5031 τῆς

2087 5051 2332 5121 γεέννης,
2368 5049 2510 5121 ὑπὲρ
2560 5050 2662 5120 τῆς
2705 5049 3000 5113 κολάσεως,
3052 5049 3191 5120 ὑπὲρ
3228 5049 3503 5119 βασιλείας
3548 5048 3659 5101 τῶν

2089 5137 2355 5208 οὐρανῶν.
2382 5136 2709 5207 Παρακαλοῦ
2718 5136 2814 5205 μέν
2838 5153 2897 5188 σε
2923 5136 3158 5204 φυλάξαι
3176 5137 3274 5203 τὴν
3295 5136 3475 5207 ψυχὴν
3498 5135 3657 5207 ήμῶν

2090 5226 2273 5294 ἁγίαν,
2306 5222 2552 5293 καθαρὰν
2577 5222 2880 5293 συνείδησιν
2909 5222 3158 5293 ἔχουσαν,
3191 5223 3342 5286 τέλος
3386 5223 3534 5288 ἄξιον
3558 5221 3658 5290 τῆς

2091 5310 2503 5382 φιλανθρωπίας
2541 5326 2654 5363 σου.
2725 5309 2784 5362 '0
2839 5311 3134 5380 ἀγαπήσας
3184 5311 3331 5379 ἡμᾶς
3374 5309 3515 5362 ὥστε
3564 5308 3661 5362 τὸν

2090 5398 2367 5467 Μονογενῆ
2403 5414 2496 5449 σου
2525 5395 2705 5450 δοῦναι
2731 5397 2871 5468 ὑπὲρ
2893 5397 3071 5467 ἡμῶν,
3104 5397 3440 5462 καταξίωσον
3468 5396 3657 5462 ἀξίους

2091 5486 2340 5556 γενέσθαι
2366 5485 2463 5553 τῆς
2490 5485 2586 5556 σῆς
2602 5483 2821 5555 ἀγάπης
2845 5499 2859 5513 ⁸
2877 5484 2963 5546 δὸς
2988 5486 3044 5536 ἐν
3068 5483 3144 5553 τῷ
3160 5483 3301 5554 λόγῳ
3320 5500 3413 5536 σου
3443 5482 3656 5562 σοφίαν,

2091 5576 2186 5629 καὶ
2217 5576 2275 5628 ἐν
2295 5572 2374 5644 τῷ
2402 5572 2551 5645 φόϐῳ
2593 5590 2707 5638 σου,
2748 5571 3031 5643 μονογενὲς
3076 5572 3300 5643 Χριστὲ,
3353 5570 3662 5644 ἐμπνευσον

2149 5780 2170 5807 ⁸
2202 5776 2491 5838 Prae-positio
2513 5787 2574 5825 ex
2595 5773 2733 5825 codd.
2760 5772 2949 5836 adjecta
2974 5776 3067 5823 est.
3091 5772 3225 5823 Em.
