4120 6400
435 391 543 449 569

438 504 596 576 ἰσχὺν
645 502 742 569 τὴν
792 502 942 572 παρὰ
993 501 1087 556 σοῦ
1116 518 1130 533 ·
1177 502 1207 554 6
1241 500 1332 554 τὸν
1384 500 1665 569 Μονογενῆ
1715 499 1839 563 δοὺς
1874 500 2016 569 ὑπὲρ

444 594 469 659 ἡ
480 592 617 659 μῶν,
646 590 738 642 καὶ
775 589 835 642 16
866 588 1092 657 Πνεῦμά
1117 604 1211 641 σου
1240 588 1302 639 τὸ
1334 586 1491 654 ἅγιόν
1520 586 1908 653 ἐξαποστείλας
1939 588 2019 648 εἰς

436 679 630 744 ἄφεσιν
678 674 786 730 τῶν
825 676 1109 747 ἡμετέρων
1152 673 1457 746 ἁμαρτιῶν,
1517 672 1572 726 εἴ
1610 691 1663 727 τι
1722 676 1939 736 ἑκόντες
1984 673 2018 743 ῆ

436 768 661 827 ἄκοντες
691 765 1033 836 ἡμάρτομεν,
1084 763 1460 835 συγχώρησον,
1512 763 1608 817 καὶ
1661 763 1734 833 μὴ
1782 762 1975 835 λογίσῃ
2002 777 2016 792 ·

442 852 714 922 μνήσθητι
751 853 970 905 πάντων
1004 850 1114 905 τῶν
1140 850 1589 918 ἐπικαλουμένων
1624 850 1686 903 τὸ
1710 849 1884 919 ὄνομά
1920 866 2016 901 σου

439 942 496 992 ἐν
526 939 783 1010 ἀληθείᾳ·
817 939 1087 1011 μνήσθητι
1115 939 1335 993 πάντων
1366 940 1477 992 τῶν
1505 935 1591 1003 εὖ,
1628 939 1724 991 καὶ
1758 936 2023 991 τάναντία

437 1029 572 1097 ἡμῖν
604 1026 896 1079 θελόντων·
940 1028 1138 1084 πάντες
1183 1027 1293 1097 γάρ
1324 1026 1604 1098 ἄνθρωποί
1653 1027 1842 1095 ἐσμεν.
1888 1020 2023 1078 Εἶτα

439 1114 652 1177 ἐπιθεὶς
678 1114 777 1183 τὴν
797 1113 962 1183 εύχὴν
985 1114 1092 1165 τῶν
1124 1114 1356 1176 πιστῶν,
1388 1112 1625 1166 ἐνταῦθα
1660 1114 1916 1175 ἐπαύετο,
1948 1111 2023 1174 ὡς

439 1200 711 1273 κορωνίδα
736 1200 861 1253 τινὰ
882 1202 976 1253 καὶ
994 1200 1292 1272 σύνδεσμον
1315 1200 1461 1270 ὑπὲρ
1491 1201 1707 1254 πάντων
1732 1200 1831 1271 τὴν
1859 1199 2024 1269 εὐχὴν

442 1288 830 1358 ποιησάμενος.
878 1287 1055 1341 Πολλά
1086 1290 1193 1359 γάρ
1232 1290 1380 1360 ἡμᾶς
1409 1290 1439 1342 6
1485 1288 1619 1352 Θεὸς
1649 1290 1745 1342 καὶ
1789 1289 2025 1351 ἄκοντας

440 1372 501 1430 εὖ
537 1380 713 1429 ποιεῖ·
756 1377 927 1431 πολλὰ
960 1377 1069 1446 γάρ
1109 1377 1203 1431 καὶ
1232 1377 1332 1430 οὐκ
1370 1376 1604 1441 εἰδότας,
1641 1378 1737 1430 καὶ
1771 1376 2021 1446 μείζονα.

442 1467 613 1519 ’Ὀταν
644 1465 754 1536 γὰρ
785 1467 1046 1519 τάναντία
1086 1464 1398 1535 εὐχώμεθα,
1445 1464 1608 1527 αὐτὸς
1654 1465 1711 1518 δέ
1764 1464 2026 1518 τάναντία

443 1553 597 1619 ποιῇ,
640 1550 801 1619 δῆλον
840 1551 921 1603 ὅτι
948 1550 1040 1603 καὶ
1069 1550 1170 1602 οὐκ
1198 1548 1407 1612 εἰδότας
1455 1545 1515 1602 εὖ
1556 1552 1719 1601 ποιεῖ.
1755 1553 2026 1615 Προσευ-

443 1638 688 1705 χόμενοι
719 1638 839 1707 ἅμα
862 1639 959 1691 καί
988 1638 1122 1705 περί
1154 1635 1344 1705 ἡμῶν.
1378 1637 1517 1705 Ὅρα
1544 1637 1643 1707 τὴν
1663 1654 2027 1707 ταπεινοφρο-

446 1725 635 1794 σύνην,
680 1725 796 1794 μετ’
854 1725 1099 1787 ἐκείνους
1151 1724 1344 1777 ἐαυτὸν
1378 1724 1614 1793 τίθησιν.
1642 1725 1770 1778 Ἵνα
1816 1727 1848 1777 ό
1883 1723 2028 1790 Θεὸς

443 1812 661 1880 ἀνοίξῃ
686 1812 829 1881 ἡμῖν
853 1813 1041 1877 θύραν
1057 1810 1163 1864 τοῦ
1188 1810 1395 1879 λόγου,
1420 1809 1693 1878 λαλῆσαι
1718 1811 1784 1863 τὸ
1800 1810 2030 1879 μυστή-

438 1918 578 1969 ριον
619 1900 725 1954 τοῦ
770 1899 1050 1967 Χριστοῦ.
1094 1899 1310 1952 Εἴσοδόν
1343 1915 1476 1968 φησι
1532 1899 1629 1950 καὶ
1685 1897 2026 1969 παρρησίαν.

448 1987 617 2039 Βαϐαί
642 1988 655 2039 !
686 1988 713 2039 ὁ
740 1987 977 2056 ἀθλητὴς
1006 1988 1033 2039 6
1060 1985 1312 2047 τοσοῦτος
1351 1986 1451 2037 οὐκ
1478 1980 1630 2037 εἶπεν
1650 2027 1663 2050 ,
1701 1985 1822 2038 ’Ἰνα
1851 1984 2029 2037 ἀπαλ-

446 2074 596 2142 λαγῶ
628 2074 737 2127 τῶν
777 2074 1017 2143 δεσμῶν,
1064 2072 1202 2126 ἀλλά
1246 2072 1467 2142 δέσμιος
1500 2070 1575 2125 ὣν
1618 2072 1841 2143 ἐτέρους
1888 2088 2030 2142 παρ-

446 2166 633 2217 εκάλει
656 2206 673 2230 ,
709 2162 804 2216 καὶ
838 2162 1139 2233 παρεκάλει
1194 2160 1287 2215 ἐπὶ
1319 2161 1606 2232 πράγματι
1666 2162 1906 2232 μεγάλῳ,
1943 2161 2031 2214 ἵνα

448 2250 763 2323 παρρησίαν
786 2250 948 2323 λάϐῃ.
991 2250 1073 2302 Τά
1102 2247 1198 2301 δύο
1236 2248 1468 2319 μεγάλα,
1502 2248 1598 2301 καὶ
1630 2251 1663 2318 ἡ
1694 2250 1915 2319 ποιότης
1935 2248 2030 2302 τοῦ

448 2338 760 2410 προσώπου,
810 2339 903 2390 καὶ
944 2339 977 2408 ἡ
1020 2334 1115 2388 τοῦ
1169 2336 1513 2406 πράγματος.
1563 2336 1772 2389 Βαϐαίε
1811 2337 1935 2389 ὅσον
1972 2335 2034 2388 16

445 2427 685 2497 ἀξίωμα.
723 2414 793 2480 Τὸ
808 2423 1170 2495 μυστήριον,
1200 2425 1357 2494 φησὶ,
1384 2424 1492 2477 τοῦ
1517 2424 1797 2492 Χριστοῦ.
1816 2424 2035 2475 Δείκνυ-

449 2532 555 2580 σιν,
572 2516 654 2568 ὅτι
676 2514 827 2566 ούδέν
847 2513 997 2581 αὐτῷ
1013 2510 1204 2565 τούτου
1232 2510 1629 2583 ποθεινότερον,
1660 2511 1754 2565 τοῦ
1778 2511 2032 2581 λαλῆσαι.

448 2606 527 2657 Δι’
563 2602 594 2656 ὃ
632 2602 729 2655 καὶ
768 2600 1030 2670 δέδεμαι,
1063 2601 1164 2653 ἵνα
1193 2598 1521 2669 φανερώσω
1547 2600 1717 2663 αὐτὸ,
1747 2600 1828 2665 ὡς
1851 2598 1947 2652 δεῖ
1958 2616 2036 2669 με

447 2691 738 2761 λαλῆσαι.
771 2691 927 2746 Μετά
965 2690 1189 2761 πολλῆς,
1228 2690 1384 2761 φησι,
1428 2689 1531 2759 τῆς
1572 2690 1911 2761 παρρησίας,
1944 2689 2038 2742 καὶ

453 2781 618 2851 μηδὲν
672 2778 1158 2847 ὑποστειλάμενον.
1224 2776 1425 2848 Ὁρᾷς,
1456 2777 1553 2831 ’τά
1584 2776 1761 2847 δεσμά
1811 2778 2038 2847 φανεροῖ

450 2869 637 2930 αὑτὸν,
674 2868 733 2921 06
772 2866 1075 2931 συσκιάζει.
1107 2865 1265 2920 Μετὰ
1298 2864 1524 2935 πολλῆς,
1564 2866 1718 2935 φησί,
1751 2864 1854 2934 τῆς
1896 2866 2039 2935 παρο

454 2957 671 3027 ῥησίας.
720 2956 855 3010 Εἰπέ
893 2972 1003 3026 μοι,
1039 2955 1103 3007 σὺ
1146 2954 1384 3019 δέδεσαι,
1416 2954 1514 3009 καί⁵
1548 2953 1744 3016 ἄλλους
1783 2970 2039 3023 παρακα-

452 3045 595 3109 λεῖς;
637 3045 766 3106 Ναὶ,
806 3044 970 3114 φησί·
1009 3042 1237 3112 μείζονά
1272 3060 1363 3114 μοι
1403 3042 1719 3114 παρρησίαν
1757 3041 1942 3094 δίδωσι
1966 3039 2036 3093 τὰ

451 3134 655 3206 δεσμά·
693 3133 829 3187 ἀλλά
880 3132 1073 3202 δέομαι
1111 3133 1215 3203 τῆς
1267 3133 1362 3187 τοῦ
1409 3131 1546 3185 Θεοῦ
1592 3131 1800 3202 ῥοπῆς·
1832 3132 2042 3200 ῆκουσα

454 3224 562 3293 γὰρ
579 3221 674 3275 τοῦ
700 3220 936 3291 Χριστοῦ
950 3219 1201 3288 λέγοντος
1216 3236 1231 3252 ·
1258 3220 1451 3273 ’Ὅταν
1470 3216 1842 3288 παραδιδῶσι
1862 3216 2039 3285 ὑμᾶς,

450 3310 539 3382 μὴ
565 3309 964 3380 μεριμνήσετε
998 3307 1179 3376 πῶςῆ
1203 3309 1261 3361 τί
1284 3306 1622 3375 λαλήσητε.
1650 3305 1764 3358 Καὶ
1792 3306 1893 3375 ὅρα
1924 3304 2042 3369 πῶς

458 3396 844 3471 μεταφορικῶς
864 3391 1038 3447 εἶπεν·
1065 3396 1200 3450 Ἵνα
1224 3397 1257 3448 ό
1285 3394 1430 3460 Θεὸς
1449 3392 1667 3460 ἀνοίξῃ
1684 3392 1830 3461 ἡμῖν
1855 3393 2044 3460 θύραν

456 3488 566 3542 τοῦ
593 3487 780 3555 λόγου
801 3502 814 3515 ·
851 3486 993 3553 Ὅρα
1027 3482 1143 3546 πῶς
1170 3484 1375 3553 άτυφός
1403 3484 1543 3547 ἐστι,
1577 3483 1677 3537 κα)⁸
1707 3483 1825 3547 πῶς
1858 3482 1916 3536 ἐν
1931 3484 2045 3546 τοῖς

456 3577 675 3643 δεσμοῖς
706 3574 782 3625 ὢν
814 3571 1048 3624 ταπεινά
1073 3571 1405 3639 φθέγγεται·
1440 3568 1745 3635 τούτεστιν,
1781 3570 1900 3622 Ἵνα
1937 3585 2040 3638 μα-

457 3663 594 3733 λάξη
614 3664 709 3725 τὰς
728 3661 955 3729 καρδίας
988 3660 1188 3716 αὐτῶν.
1213 3661 1329 3713 Ούκ
1358 3655 1511 3713 εἶπεν
1544 3658 1739 3725 οὕτως,
1771 3658 1910 3721 ἀλλ’,
1929 3659 2046 3711 Ἵνα

458 3754 592 3821 ἡμῖν
628 3749 941 3821 παρρησίαν
987 3747 1084 3817 δῷ,
1128 3747 1574 3818 ταπεινοφρονῶν
1624 3745 1800 3809 οὕτως
1831 3746 2043 3818 εἴρηκε,

462 3840 560 3893 καὶ
603 3839 761 3890 τοῦτο
810 3839 947 3906 ὅπερ
1004 3832 1173 3906 εἶχεν,
1209 3835 1352 3900 ἀξιοῖ
1400 3835 1610 3889 λαϐεῖν.
1665 3836 1948 3889 Δείκνυσιν
1990 3838 2047 3888 ἐν

460 3927 635 4000 ταύτῃ
661 3928 727 3997 τῇ
770 3925 1055 3996 Ἐπιστολῇ
1080 3925 1169 3979 διὰ
1195 3924 1247 3977 τί
1279 3925 1403 3978 τότε
1435 3925 1539 3978 οὐκ
1567 3920 1732 3995 ἦλθεν
1761 3926 1791 3977 6
1812 3924 2047 3995 Χριστὸς

465 4034 546 4105 τῷ
580 4032 740 4086 σκιὰν
766 4034 950 4085 ἐκεῖνα
981 4031 1215 4084 καλέσαι
1238 4048 1253 4063 ·
1290 4031 1365 4085 Τὸ
1408 4030 1478 4085 δὲ
1515 4029 1708 4101 σῶμα,
1751 4032 1906 4101 φησὶ,
1940 4030 2048 4084 τοῦ

461 4133 746 4204 Χριστοῦ.
774 4133 936 4186 Ὥστε
962 4132 1069 4187 ἔδει
1091 4133 1149 4187 ἐν
1178 4134 1245 4204 τῇ
1276 4134 1404 4204 σκιᾷ
1432 4131 1740 4205 ἐθισθῆναι.
1767 4133 1923 4204 Ἀμα
1951 4132 2051 4188 καί⁹

461 4242 563 4312 τῆς
593 4240 813 4311 ἀγάπης
838 4238 941 4311 τῆς
981 4240 1061 4303 εἰς
1093 4238 1291 4302 αὐτοὺς
1317 4236 1474 4310 [400]
1510 4237 1769 4309 μέγιστον
1792 4237 2048 4307 ἐμφαίνει

462 4348 764 4420 τεκμήριον
782 4363 795 4376 ·
826 4346 947 4401 Ἵνα
971 4345 1151 4416 ὑμεῖς,
1176 4345 1363 4416 φησιν,
1396 4344 1689 4415 ἀκούσητε·
1720 4343 1862 4413 Ἐγὼ
1879 4343 1938 4397 δέ
1963 4343 2051 4398 δέ·

464 4448 647 4519 δεμαι.
679 4446 850 4501 Πάλιν
873 4445 967 4500 τὸν
995 4444 1195 4516 δεσμὸν
1222 4445 1304 4508 εἰς
1342 4443 1507 4515 μέσον
1542 4444 1781 4515 τίθησιν,
1813 4438 1875 4497 06
1912 4442 2048 4512 σφό-

466 4536 570 4606 δρα
619 4533 749 4606 ἐρῶ,
794 4534 853 4598 ὃς
900 4532 1205 4604 διανίστησί
1237 4550 1341 4603 μου
1389 4533 1489 4604 τὴν
1536 4532 1781 4603 καρδίαν,
1819 4532 1913 4585 καὶ
1960 4530 2051 4585 ἀεὶ

467 4624 548 4686 εἰς
576 4622 869 4692 ἐπιθυμίαν
904 4621 1028 4690 ἄγει
1056 4621 1153 4675 τοῦ
1193 4621 1287 4675 τὸν
1332 4619 1543 4673 Παῦλον
1578 4620 1866 4691 δεδεμένον
1897 4618 2047 4684 ἰδεῖν,

467 4710 561 4763 καὶ
582 4712 639 4762 ἐν
657 4710 876 4779 δεσμοῖς
905 4710 1207 4779 γράφοντα.
1236 4708 1335 4762 καί
1352 4725 1422 4778 κη
1432 4706 1713 4778 ρύττοντα,
1748 4707 1841 4760 καὶ
1862 4704 2051 4777 βαπτί-

469 4795 652 4862 ζοντα,
688 4797 785 4849 κα¹ι
814 4796 1176 4866 κατηχοῦντα.
1222 4796 1396 4867 ’Υπὲρ
1416 4795 1526 4848 τῶν
1572 4796 1911 4865 Ἐκκλησιῶν
1941 4794 2051 4846 τῶν

472 4881 788 4953 ἁπανταχοῦ
830 4883 1129 4953 ἀνεφέρετο
1155 4883 1303 4953 αὐτῷ
1330 4883 1625 4953 δεδεμένῳ,
1652 4884 1820 4955 μυρία
1855 4883 2053 4954 ᾠκοδό-

472 4990 564 5043 μει
594 4970 895 5039 δεδεμένος.
931 4970 1065 5022 Τότε
1092 4969 1313 5034 εῦλυτος
1346 4970 1545 5041 μᾶλλον
1586 4966 1677 5042 ἦν.
1713 4972 1913 5026 Ἀκουε
1940 4971 2051 5044 γάρ

472 5059 638 5114 αὐτοῦ
672 5057 942 5126 λέγοντος·
985 5058 1165 5111 Ὥστε
1206 5057 1351 5125 τοὺς
1398 5058 1689 5124 πλείονας
1722 5057 1839 5111 τῶν
1869 5058 2050 5114 ἀδελ-

472 5145 603 5218 φῶν
631 5146 991 5210 πεποιθότας
1015 5144 1139 5211 τοῖς
1169 5144 1417 5215 δεσμοῖς
1443 5163 1564 5215 μου
1609 5146 2051 5215 περισσοτέρως

475 5232 706 5303 τολμᾷν
735 5232 973 5301 ἀφόϐως
1008 5230 1113 5284 τὸν
1149 5234 1338 5302 λόγον
1374 5231 1610 5286 λαλεῖν.
1664 5233 1776 5286 Καὶ
1808 5232 1971 5295 αὐτὸς
1995 5233 2051 5286 δὲ

475 5322 639 5376 πάλιν
678 5318 837 5373 τοῦτο
880 5318 1133 5389 ὁμολογεῖ
1174 5319 1367 5389 λέγων·
1412 5320 1593 5374 Ὅταν
1638 5320 1746 5390 γὰρ
1792 5320 2046 5385 ἀσθενῶ,

476 5414 611 5465 τότε
646 5408 904 5472 δυνατός
934 5408 1067 5476 εἰμι.
1107 5407 1206 5461 Διά
1231 5407 1389 5461 τοῦτο
1418 5409 1511 5462 καὶ
1559 5406 1745 5476 ἔλεγεν
1766 5424 1778 5437 ·
1811 5408 1973 5462 Ἀλλ’
2019 5411 2053 5462 ό

475 5500 657 5567 λόγος
682 5496 790 5550 τοῦ
828 5495 976 5549 Θεοῦ
1018 5497 1089 5550 οὐ
1123 5495 1375 5549 δέδεται.
1421 5496 1729 5566 Ἐδεσμεῖτο
1763 5495 1899 5565 μετὰ
1946 5496 2053 5549 τῶν

477 5580 823 5652 κακούργων,
861 5579 999 5649 μετὰ
1034 5580 1143 5633 τῶν
1172 5580 1488 5651 δεσμωτῶν,
1542 5582 1680 5651 μετά
1716 5581 1825 5634 τῶν
1867 5581 2055 5650 ἀνδρο-

477 5669 682 5736 φόνων·
724 5670 753 5721 ὁ
796 5668 895 5737 τῆς
936 5668 1261 5739 οἰκουμένης
1298 5668 1637 5732 διδάσκαλος,
1675 5671 1704 5722 6
1745 5671 1824 5732 εἰς
1871 5670 2053 5739 τρίτον

479 5753 717 5807 ἀνελθὼν
774 5754 1027 5826 οὐρανὸν,
1060 5757 1088 5808 6
1135 5755 1205 5809 τά
1254 5756 1469 5828 ἄρρητα
1525 5758 1747 5827 ῥήματα
1792 5758 2049 5820 ἀκούσας,

480 5844 703 5897 ἐδέδετο.
750 5843 909 5898 Ἀλλὰ
950 5845 1069 5899 τότε
1114 5848 1410 5916 ταχύτερος
1439 5848 1467 5900 6
1505 5846 1702 5913 δρόμος
1744 5842 1830 5912 ἦν.
1877 5846 1937 5902 Ὀ
1965 5845 2051 5899 δε-

1183 383 1243 439 S.
1274 378 1561 437 JOANNIS
1590 376 2081 434 CIIRYSUSTOMI
2115 378 2435 436 ARCIIIEP.
2476 376 3023 435 CONSTANTINOP.

3588 376 3694 431 370

2127 500 2240 563 θεὶς
2270 502 2508 562 ἐλέλυτο,
2530 488 2624 555 καὶ
2644 502 2672 554 6
2703 502 2777 571 μὴ
2815 498 3095 568 δεδεμένος
3124 497 3353 551 ἐδέδετο.
3394 486 3563 559 Οὗτος
3595 498 3690 566 μὲν

2124 587 2235 658 γὰρ
2273 589 2422 660 ὅπερ,
2450 588 2662 658 ἢθελεν,
2697 587 2994 657 ἔπραττεν·
3042 587 3249 647 ἐκεῖνος
3293 584 3348 638 δὲ
3382 584 3545 638 αὐτὸν
3594 585 3695 638 οὐκ

2127 674 2386 739 ἐκώλυεν,
2414 675 2535 728 οῦδέ
2556 674 2654 746 τὴν
2686 676 2821 728 ἰδίαν
2847 675 3087 745 ἐπλήρου
3106 671 3382 746 πρόθεσιν.
3409 672 3475 724 Τί
3502 674 3693 735 ποιεῖς,

2126 760 2171 819 ὦ
2205 766 2434 837 ἀνόητε;
2471 767 2547 837 μὴ
2574 767 2684 837 γὰρ
2708 766 3020 835 σωματικός
3050 766 3167 818 ἐστι
3194 763 3455 835 δρομεύς;
3489 762 3562 833 μὴ
3589 762 3697 833 γὰρ

2127 855 2187 907 ἐν
2221 855 2419 925 σταδίῳ
2444 854 2521 926 τῷ
2550 854 2682 925 παρ’
2717 855 2848 925 ἡμῖν
2880 852 3238 921 ἀγωνίζεται;
3272 852 3329 903 ἐν
3356 849 3569 921 οὐρανῷ
3602 867 3701 903 πο·-

2127 940 2436 995 λιτεύεται·
2489 940 2582 994 16v
2632 944 2689 994 ἐν
2734 940 2949 1011 οὐρανῷ
2982 939 3244 1012 τρέχοντα
3279 939 3438 1008 δῆσαι
3483 938 3554 991 τὰ
3607 937 3700 990 ἐπὶ

2129 1030 2233 1099 γῆς
2261 1031 2321 1082 06
2355 1030 2598 1093 δύναται,
2630 1029 2751 1083 οὐδὲ
2796 1030 3108 1099 κατασχεῖν.
3142 1028 3255 1098 Οὐχ
3304 1028 3434 1097 ὁρᾷς
3489 1027 3702 1079 τουτονὶ

2128 1118 2220 1170 16v
2248 1118 2438 1187 ἥλιονς
2474 1118 2747 1189 Περίϐαλε
2777 1118 2951 1187 δεσμά
2980 1118 3095 1178 ταῖς
3125 1116 3328 1177 άκτῖσι,
3362 1114 3560 1182 στῆσον
3605 1113 3700 1167 τοῦ

2129 1206 2332 1276 δρόμου
2352 1224 2366 1237 ·
2405 1207 2521 1261 ἀλλ’
2551 1207 2611 1260 06
2643 1206 2871 1278 δυνήσῃ.
2914 1204 3124 1257 Οὐκοῦν
3147 1203 3268 1257 οὐδὲ
3312 1202 3525 1256 Παῦλον
3545 1218 3559 1233 ·
3608 1202 3703 1255 καὶ

2131 1293 2311 1365 πολλῴ
2337 1294 2536 1365 μᾶλλον
2562 1294 2772 1358 τοῦτον,
2796 1293 2829 1364 ἢ
2860 1294 3069 1347 ἐκεῖνον
3088 1308 3103 1323 ·
3130 1291 3370 1353 πλείονος
3393 1289 3502 1360 γὰρ
3526 1282 3703 1353 οὗτος,

2131 1385 2165 1452 ἢ
2209 1386 2418 1447 ἐκεῖνος
2474 1382 2752 1437 ἀπέλαυσε
2784 1381 3062 1453 προνοίας,
3111 1379 3209 1434 ἆτε
3244 1381 3359 1448 φῶς
3414 1378 3594 1449 φέρων
3642 1376 3705 1429 o6

2131 1471 2371 1526 τοιοῦτον
2394 1474 2551 1543 ἡμῖν,
2581 1471 2719 1524 ἀλλὰ
2740 1471 2798 1523 16
2828 1469 3078 1539 ἀληθινὸν
3110 1468 3411 1538 βαστάζων.
3453 1466 3565 1519 Ποῦ
3612 1465 3706 1519 νῦν

2134 1563 2272 1613 εἰσιν
2289 1561 2337 1613 οἱ
2367 1559 2534 1630 μηδὲν
2553 1557 2869 1628 βουλόμενοι
2896 1557 2985 1611 διὰ
3000 1556 3092 1609 16v
3112 1556 3343 1623 Χριστὸν
3362 1554 3620 1622 πάσχειν;
3652 1554 3709 1607 τί

2132 1649 2188 1703 δὲ
2222 1648 2365 1716 λέγω
2386 1649 2637 1716 πάσχειν,
2676 1648 2809 1699 ὃπου
2856 1662 2921 1713 γε
2961 1644 3081 1697 οὐδὲ
3118 1644 3375 1715 χρήματα
3429 1641 3711 1712 βούλονται

2135 1735 2437 1808 προέσθαι;
2477 1734 2729 1804 Ἐδέσμει
2760 1734 2854 1786 καὶ
2887 1730 3099 1794 Παῦλός
3122 1746 3273 1791 ποτε,
3312 1730 3407 1782 καλ⁸
3426 1726 3710 1780 ἐνέϐαλλεν

2135 1823 2215 1882 εἰς
2261 1821 2671 1890 δεσμωτήριον·
2712 1817 2828 1869 ἀλλ’
2862 1815 3052 1886 ἐπειδὴ
3093 1815 3189 1867 τοῦ
3238 1811 3474 1882 Χριστοῦ
3520 1811 3711 1879 γέγονε

2133 1906 2339 1971 δοῦλος,
2377 1907 2437 1959 06
2480 1906 2559 1976 τῷ
2590 1907 2766 1958 ποιεῖν
2803 1903 3011 1966 λοιπὸν,
3065 1900 3202 1956 ἀλλά
3225 1899 3303 1970 τῷ
3338 1899 3569 1969 πάσχειν
3625 1916 3717 1951 σε·

2140 1995 2417 2063 μνύνεται.
2443 1994 2552 2047 Καὶ
2579 1992 2737 2046 τοῦτο
2765 1992 2821 2045 δὲ
2850 1990 2943 2044 τοῦ
2971 1988 3328 2061 κηρύγματος
3349 1987 3556 2056 θαῦμα,
3582 1987 3715 2039 ὅταν

2136 2082 2225 2135 δια
2262 2082 2370 2134 τῶν
2420 2081 2735 2152 πασχόντων
2771 2079 2973 2144 αὐτῶν,
3023 2078 3140 2131 ἀλλ’
3169 2078 3230 2131 06
3264 2075 3376 2129 τῶν
3414 2074 3717 2128 ποιούντων

2136 2171 2345 2235 κακῶς,
2381 2171 2555 2233 οὕτως
2598 2171 2880 2241 ἐγείρηται
2910 2170 3004 2222 καὶ
3030 2166 3282 2238 αὔξηται.
3316 2163 3424 2217 Ποῦ
3460 2180 3547 2225 τις
3575 2156 3720 2213 εἶδεν

2144 2260 2363 2329 ἀγῶνας
2388 2258 2697 2322 τοιούτουςς
2737 2258 2795 2310 Ὀ
2830 2257 3057 2327 πάσχων
3099 2254 3306 2317 κακῶς,
3358 2253 3514 2323 νικᾷ·
3556 2248 3653 2302 καὶ
3682 2248 3723 2301 ὁ

2141 2350 2312 2403 ποιῶν
2348 2346 2553 2413 κακῶς,
2585 2347 2837 2417 ἡττᾶται.
2868 2341 3037 2407 Οὗτος
3056 2342 3266 2396 ἐκείνου
3296 2338 3670 2409 λαμπρότερος
3692 2349 3709 2365 ’

2139 2437 2229 2490 διὰ
2256 2435 2471 2507 δεσμῶν
2507 2434 2570 2487 16
2602 2436 2863 2505 κήρυγμα
2901 2431 3167 2503 εἰσῆλθεν.
3213 2430 3329 2482 Οὐκ
3368 2425 3711 2495 αἰσχύνομαι,

2141 2526 2280 2582 ἀλλά
2308 2525 2405 2578 καὶ
2436 2524 2796 2595 σεμνύνομαι,
2828 2520 2985 2591 φησὶ,
3028 2519 3120 2573 τὸν
3159 2515 3576 2586 ἐσταυρωμένον
3617 2530 3718 2579 κη-

2141 2613 2672 2688 ρύττων.Ἐννόησον
2693 2612 2803 2682 γάρ
2829 2626 2955 2681 μοι·
2990 2609 3055 2661 Ἠ
3088 2606 3380 2676 οἰκουμένη
3415 2605 3565 2657 πᾶσα
3590 2602 3719 2664 τοὺς

2141 2705 2467 2777 λελυμένους
2516 2704 2737 2772 ἀφεῖσα,
2786 2703 2901 2764 τοῖς
2948 2698 3252 2769 δεδεμένοις
3281 2695 3545 2767 προσῄει·
3593 2692 3720 2754 τοὺς

2141 2794 2481 2867 δεσμοῦντας
2520 2790 3000 2863 ἀποστρεφομένη,
3031 2788 3159 2851 τοὺς
3202 2789 3299 2855 τὴν
3338 2784 3528 2838 ἅλυσιν
3566 2797 3730 2851 περι·-

2145 2883 2430 2953 κειμένους
2458 2882 2632 2952 τιμᾷ·
2671 2881 2800 2942 τοὺς
2841 2875 3262 2949 σταυρώσαντας
3303 2874 3601 2944 μισήσασα,
3628 2869 3731 2922 τὸν

2144 2973 2563 3046 ἐσταυρωμένον
2593 2970 2908 3041 προσκυνεῖ.

2216 3101 2279 3156 δ’.
2304 3102 2418 3155 Ούκ
2434 3099 2548 3153 ἔστι
2563 3098 2723 3169 μόνον
2739 3094 3072 3167 θαυμαστὸν,
3093 3094 3177 3147 ὅτι
3203 3092 3395 3155 ἁλιεῖς,
3412 3092 3493 3144 ὅτι
3516 3086 3729 3143 ἰδιῶται

2144 3186 2286 3262 ἦσαν
2309 3190 2360 3243 οἱ
2397 3190 2661 3259 κήρυκες,
2690 3186 2805 3239 ἀλλ’
2838 3186 2920 3238 ὅτι
2949 3185 3045 3237 καὶ
3065 3182 3229 3254 ἐτερα
3268 3178 3585 3249 κωλύματα,
3619 3174 3731 3245 φύσι

2149 3297 2232 3332 σει
2259 3276 2558 3347 κωλύματα
2580 3273 2741 3346 ἦσαν,
2797 3273 2893 3327 καὶ
2923 3283 2951 3313 ι
2980 3270 3183 3325 πλείων
3223 3270 3445 3338 γέγονεν
3469 3268 3504 3337 ἡ
3546 3264 3728 3319 ἐπίδο-

2150 3386 2254 3431 σις.
2284 3368 2357 3420 06
2398 3366 2556 3436 μόνον
2584 3364 2737 3417 οὐδὲν
2784 3360 3059 3415 ἐκώλυσεν
3086 3362 3120 3431 ἡ
3171 3357 3428 3423 ἰδιωτεία,
3471 3353 3606 3409 ἀλλὰ
3634 3352 3733 3406 καὶ

2149 3455 2280 3511 αὐτὸ
2299 3453 2457 3507 τοῦτο
2479 3450 2860 3523 φανερωθῆναι
2891 3449 3115 3519 ἐποίησε
3143 3447 3205 3501 16
3222 3446 3291 3515 κή
3300 3461 3511 3515 ρυγμα.
3529 3442 3730 3494 ’Δκουε

2150 3543 2260 3615 γάρ
2314 3541 2410 3595 τοῦ
2470 3540 2657 3595 Λουκᾶ
2718 3538 2997 3607 λέγοντος·
3062 3536 3177 3590 Καὶ
3232 3530 3731 3615 καταλαϐόμενοι,

2152 3613 2335 3703 φησὶν,
2372 3632 2460 3685 ὅτι
2499 3627 2650 3701 [401]
2686 3626 2984 3695 ἄνθρωποι
3033 3620 3401 3693 ἀῃοάμματοί
3449 3620 3569 3671 εἰσι
3628 3613 3729 3668 καί

2154 3720 2396 3782 ἰδιῶται,
2425 3715 2775 3786 ἐθαύμαζον.
2817 3714 2893 3767 Οὐ
2928 3712 3089 3783 μόνον
3116 3710 3268 3763 οὐδὲν
3292 3705 3529 3759 ἐκώλυεν
3569 3705 3597 3756 6
3638 3703 3735 3755 δε-

2155 3808 2314 3881 σμὸς,
2354 3807 2491 3862 ἀλλά
2515 3807 2611 3860 καὶ
2633 3804 2765 3859 αὐτὸ
2791 3802 2951 3856 τοῦτο
2990 3800 3245 3869 ἐποίησεν
3271 3798 3468 3857 αὐτοὺς
3520 3794 3729 3881 θαρσα-

2152 3878 2469 3967 λεωτέρους.
2507 3894 2617 3963 Οὐχ
2642 3892 2814 3953 οῦτως
2839 3890 3103 3960 ἐθάρρουν
3128 3888 3177 3940 οἱ
3208 3884 3465 3955 μαθηταὶ,
3500 3878 3732 3949 λελυμέ-

2153 4003 2246 4042 νου
2269 3983 2364 4037 τοῦ
2392 3982 2631 4043 Παύλου,
2662 3981 2736 4043 ὡς
2768 3978 3054 4047 δεδεμένου
3078 3991 3090 4004 ·
3124 3971 3573 4043 Περισσοτέρως
3596 3967 3732 4037 γάρ,

2154 4074 2310 4147 φησὶ,
2338 4069 2571 4141 τολμᾷν
2587 4069 2822 4138 ἀφόϐως
2853 4067 2961 4119 τὸν
2980 4066 3168 4133 λόγον
3191 4059 3298 4115 τσῦ
3320 4059 3469 4113 Θεοῦ
3494 4054 3727 4147 λαλεῖν..

2155 4142 2266 4219 Ποῦ
2303 4164 2353 4216 οἱ
2416 4159 2791 4229 άντεροῦντες,
2833 4156 2915 4208 ὅτι
2954 4153 3016 4205 06
3057 4152 3199 4205 θεῖον
3242 4149 3304 4201 16
3350 4147 3652 4218 κήρυγμας
3691 4142 3733 4213 ἡ

2158 4249 2398 4307 ἰδιωτεία
2443 4248 2545 4300 οὐκ
2588 4242 2658 4317 ἦν
2693 4243 2854 4314 ἱκανὴ
2883 4242 3106 4311 ποιῆσαι
3148 4234 3601 4305 καταγνωσθῆναι
3633 4231 3731 4285 αύ-

2154 4339 2321 4404 τούς;
2369 4334 2564 4389 οὐκοῦν
2616 4333 2725 4386 ἔδει
2781 4329 3061 4384 κάνταῦθα
3093 4328 3122 4367 ι)
3177 4325 3415 4395 φοϐῆσαι
3482 4318 3677 4384 αὐτούς
3707 4334 3737 4386 °,

2159 4428 2306 4480 Ἰστε
2339 4422 2453 4495 γὰρ
2480 4423 2564 4475 ὅτι
2590 4419 2684 4475 δύο
2724 4417 2922 4472 πάθεσι
2944 4415 3155 4475 τούτοις
3179 4413 3241 4468 16
3272 4412 3474 4482 πλῆθος
3499 4408 3733 4495 κατέχέ⁹

2154 4532 2267 4581 ται,
2301 4510 2577 4581 κενοδοξία
2631 4508 2727 4562 καὶ
2778 4505 2971 4576 δειλίᾳ.
3017 4505 3081 4557 Ἡ
3137 4501 3372 4556 ἰδιωτεία
3421 4497 3523 4551 οὐκ
3581 4494 3732 4565 ηφίει

2156 4599 2623 4673 ἐπαισχύνεσθαι·
2683 4598 2734 4650 οἰ
2796 4593 3035 4648 κίνδυνοι
3084 4592 3164 4655 εἰς
3220 4587 3423 4642 δειλίαν
3476 4584 3739 4673 ἐμϐαλεῖν

2156 4670 2409 4763 ὤφειλον.
2445 4686 2608 4741 Ἀλλὰ
2634 4683 2910 4755 θαύματα,
2944 4680 3130 4749 φησὶν,
3162 4676 3400 4763 ἐποίουν.
3441 4670 3732 4763 Πιστεύετε

2156 4758 2251 4837 οὖν
2278 4781 2361 4834 ὅτι
2392 4777 2611 4833 ἐποίουν
2657 4772 2935 4842 θαύματα.
2971 4767 3111 4822 Ἀλλ’
3142 4766 3242 4819 οὐκ
3280 4761 3526 4828 ἐποίουν;
3564 4758 3745 4813 Τοῦτο

2161 4868 2348 4941 μεῖζον
2376 4867 2561 4938 θαῦμα
2592 4862 2686 4918 τοῦ
2712 4862 2909 4925 ποιεῖν,
2937 4859 2986 4911 εἰ
3024 4857 3196 4929 χωρὶς
3225 4853 3524 4925 θαυμάτων
3566 4864 3743 4919 προσ-

2156 4958 2375 5029 ήγοντο.

2239 5092 2428 5163 Ἐδέθη
2468 5089 2563 5146 καὶ
2600 5087 2900 5159 Σωκράτης
2930 5083 3061 5155 παρ’
3092 5082 3351 5153 Ἕλλησι·
3386 5078 3441 5132 τί
3474 5074 3603 5141 οὗν;
3635 5077 3743 5129 οὐκ

2157 5181 2360 5245 εὐθέως
2388 5180 2593 5249 ἔφυγον
2615 5178 2694 5240 εἰς
2722 5176 2955 5246 Μέγαρα
2978 5175 3025 5225 οἰ
3056 5169 3297 5244 μαθηταί
3318 5186 3333 5233 ;
3363 5167 3509 5221 Πάνυ
3542 5181 3606 5232 γε
3626 5178 3640 5193 ·
3674 5163 3737 5215 06

2157 5271 2266 5343 γάρ
2297 5272 2423 5334 τοὺς
2446 5269 2576 5338 περὶ
2607 5266 2906 5328 ἀθανασίας
2930 5263 3182 5327 ἐδέξαντο
3214 5260 3428 5327 λόγους.
3467 5252 3607 5308 Ἀλλ’
3635 5253 3743 5322 ὅρα

2159 5359 2393 5414 ἐνταῦθα
2418 5374 2431 5387 ·
2467 5357 2627 5427 ἐδέθη
2649 5354 2885 5418 Παῦλος,
2918 5353 3015 5406 καὶ
3040 5349 3240 5421 μᾶλλον
3263 5348 3531 5417 ἐθάρρουν
3556 5344 3605 5395 οἰ
3638 5358 3741 5427 μα-

2158 5447 2321 5519 θηταί
2346 5464 2361 5479 ·
2400 5426 2661 5509 εἰκότως·
2710 5441 2898 5511 ἐώρων
2935 5439 3047 5509 γὰρ
3071 5439 3173 5491 οὐκ
3218 5426 3736 5519 ἐμποδιζόμενονᾹτὸ

2159 5513 2439 5608 κήρυγμα.
2491 5534 2585 5606 Μὴ
2622 5533 2734 5604 γάρ
2782 5528 3029 5600 γλῶτταν
3062 5525 3289 5579 δύνασαι
3314 5521 3516 5591 δῆσαι;
3566 5513 3742 5582 ταύτῃ

2222 5726 2249 5755 α
2272 5723 2423 5773 Savil.
2450 5723 2577 5781 conj.
2600 5719 2862 5781 κωλύματα
2887 5717 3041 5779 φύσει,
3060 5715 3127 5781 Δοῦ
3149 5713 3291 5781 κωλ.,
3316 5711 3439 5781 ἀλλὰ
3459 5708 3559 5758 καί.

2218 5788 2247 5828 ι)
2639 5767 2871 5848 ἰλυιίωυε,
2897 5767 3155 5844 ίεθεῆιίωη
3198 5767 3287 5824 κᾶν
3322 5773 3491 5835 ταῦτα,
3518 5777 3688 5833 nempe
3706 5767 3739 5826 ᾗ

2160 5845 2473 5902 ἰδιωτείακαὶ
2502 5845 2691 5906 δεσμοί,
