  <div class='ocr_page' id='page_1' title='image "/cluster/home/n/w/nwhite01/storage/ocr_20150623/62/nnc1.0046979654/376.png"; bbox 0 0 4120 6400; ppageno 0'>
   <div class='ocr_carea' id='block_1_1' title="bbox 388 357 497 415">
    <p class='ocr_par' dir='ltr' id='par_1_1' title="bbox 388 357 497 415">
     <span class='ocr_line' id='line_1_1' title="bbox 388 357 497 415; baseline 0.037 -4"><span class='ocrx_word' id='word_1_1' title='bbox 388 357 497 415; x_wconf 69' lang='lat'><strong>569</strong></span> 
     </span>
    </p>
   </div>
   <div class='ocr_carea' id='block_1_2' title="bbox 387 470 1971 543">
    <p class='ocr_par' dir='ltr' id='par_1_2' title="bbox 387 470 1971 543">
     <span class='ocr_line' id='line_1_2' title="bbox 387 470 1971 543; baseline -0.003 -15"><span class='ocrx_word' id='word_1_2' title='bbox 387 476 591 543; x_wconf 85' lang='lat' dir='ltr'><strong>inspira</strong></span> <span class='ocrx_word' id='word_1_3' title='bbox 620 472 983 528; x_wconf 82' lang='lat' dir='ltr'><strong>fortitudinem</strong></span> <span class='ocrx_word' id='word_1_4' title='bbox 1016 490 1029 526; x_wconf 92' lang='lat'><strong>:</strong></span> <span class='ocrx_word' id='word_1_5' title='bbox 1063 474 1151 543; x_wconf 89' lang='lat' dir='ltr'><strong>qui</strong></span> <span class='ocrx_word' id='word_1_6' title='bbox 1184 488 1280 541; x_wconf 87' lang='lat' dir='ltr'><strong>pro</strong></span> <span class='ocrx_word' id='word_1_7' title='bbox 1308 474 1471 526; x_wconf 85' lang='lat' dir='ltr'><strong>nobis-</strong></span> <span class='ocrx_word' id='word_1_8' title='bbox 1494 472 1686 525; x_wconf 69' lang='lat' dir='ltr'><strong>dedisti</strong></span> <span class='ocrx_word' id='word_1_9' title='bbox 1717 470 1971 539; x_wconf 70' lang='lat' dir='ltr'><strong>Unigeni-</strong></span> 
     </span>
    </p>
   </div>
   <div class='ocr_carea' id='block_1_3' title="bbox 385 564 1972 634">
    <p class='ocr_par' dir='ltr' id='par_1_3' title="bbox 385 564 1972 634">
     <span class='ocr_line' id='line_1_3' title="bbox 385 564 1972 634; baseline -0.001 -16"><span class='ocrx_word' id='word_1_10' title='bbox 385 575 521 629; x_wconf 89' lang='lat' dir='ltr'><strong>ttnn,</strong></span> <span class='ocrx_word' id='word_1_11' title='bbox 550 575 605 619; x_wconf 89' lang='lat' dir='ltr'><strong>et</strong></span> <span class='ocrx_word' id='word_1_12' title='bbox 634 576 874 619; x_wconf 87' lang='lat' dir='ltr'><strong>sanctum</strong></span> <span class='ocrx_word' id='word_1_13' title='bbox 907 578 1051 619; x_wconf 89' lang='lat' dir='ltr'><strong>tuum</strong></span> <span class='ocrx_word' id='word_1_14' title='bbox 1079 564 1304 620; x_wconf 76' lang='lat' dir='ltr'><strong>emisisti</strong></span> <span class='ocrx_word' id='word_1_15' title='bbox 1334 565 1589 634; x_wconf 87' lang='lat' dir='ltr'><strong>Spiritum</strong></span> <span class='ocrx_word' id='word_1_16' title='bbox 1621 565 1671 618; x_wconf 90' lang='lat' dir='ltr'><strong>in</strong></span> <span class='ocrx_word' id='word_1_17' title='bbox 1700 565 1972 619; x_wconf 62' lang='lat' dir='ltr'><strong>remissio.</strong></span> 
     </span>
    </p>
   </div>
   <div class='ocr_carea' id='block_1_4' title="bbox 384 655 1971 727">
    <p class='ocr_par' dir='ltr' id='par_1_4' title="bbox 384 655 1971 727">
     <span class='ocr_line' id='line_1_4' title="bbox 384 655 1971 727; baseline 0.001 -19"><span class='ocrx_word' id='word_1_18' title='bbox 384 669 511 709; x_wconf 89' lang='lat' dir='ltr'><strong>nem</strong></span> <span class='ocrx_word' id='word_1_19' title='bbox 540 668 883 725; x_wconf 76' lang='lat' dir='ltr'><strong>peccaturum</strong></span> <span class='ocrx_word' id='word_1_20' title='bbox 911 666 1240 721; x_wconf 82' lang='lat' dir='ltr'><strong>nostrorum,</strong></span> <span class='ocrx_word' id='word_1_21' title='bbox 1276 657 1320 712; x_wconf 97' lang='lat' dir='ltr'><strong>si</strong></span> <span class='ocrx_word' id='word_1_22' title='bbox 1361 656 1487 727; x_wconf 90' lang='lat' dir='ltr'><strong>quid</strong></span> <span class='ocrx_word' id='word_1_23' title='bbox 1512 656 1755 711; x_wconf 88' lang='lat' dir='ltr'><strong>volentes</strong></span> <span class='ocrx_word' id='word_1_24' title='bbox 1781 655 1862 710; x_wconf 85' lang='lat' dir='ltr'><strong>vel</strong></span> <span class='ocrx_word' id='word_1_25' title='bbox 1893 656 1971 710; x_wconf 81' lang='lat' dir='ltr'><strong>in—</strong></span> 
     </span>
    </p>
   </div>
   <div class='ocr_carea' id='block_1_5' title="bbox 388 750 1970 822">
    <p class='ocr_par' dir='ltr' id='par_1_5' title="bbox 388 750 1970 822">
     <span class='ocr_line' id='line_1_5' title="bbox 388 750 1970 822; baseline 0.003 -20"><span class='ocrx_word' id='word_1_26' title='bbox 388 750 475 803; x_wconf 78' lang='lat' dir='ltr'><strong>viti</strong></span> <span class='ocrx_word' id='word_1_27' title='bbox 515 751 876 818; x_wconf 87' lang='lat' dir='ltr'><strong>peccavimus,</strong></span> <span class='ocrx_word' id='word_1_28' title='bbox 901 752 1167 817; x_wconf 91' lang='lat' dir='ltr'><strong>condona,</strong></span> <span class='ocrx_word' id='word_1_29' title='bbox 1201 761 1256 807; x_wconf 91' lang='lat' dir='ltr'><strong>et</strong></span> <span class='ocrx_word' id='word_1_30' title='bbox 1282 767 1351 807; x_wconf 92' lang='lat' dir='ltr'><strong>ne</strong></span> <span class='ocrx_word' id='word_1_31' title='bbox 1390 761 1604 822; x_wconf 88' lang='lat' dir='ltr'><strong>reputes</strong></span> <span class='ocrx_word' id='word_1_32' title='bbox 1637 769 1651 806; x_wconf 92' lang='lat'><strong>:</strong></span> <span class='ocrx_word' id='word_1_33' title='bbox 1683 752 1970 807; x_wconf 82' lang='lat' dir='ltr'><strong>recordare</strong></span> 
     </span>
    </p>
   </div>
   <div class='ocr_carea' id='block_1_6' title="bbox 381 841 1970 911">
    <p class='ocr_par' dir='ltr' id='par_1_6' title="bbox 381 841 1970 911">
     <span class='ocr_line' id='line_1_6' title="bbox 381 841 1970 911; baseline 0.004 -20"><span class='ocrx_word' id='word_1_34' title='bbox 381 841 619 895; x_wconf 90' lang='lat' dir='ltr'><strong>omnium</strong></span> <span class='ocrx_word' id='word_1_35' title='bbox 650 843 739 911; x_wconf 94' lang='lat' dir='ltr'><strong>qui</strong></span> <span class='ocrx_word' id='word_1_36' title='bbox 782 844 1031 899; x_wconf 92' lang='lat' dir='ltr'><strong>invocant</strong></span> <span class='ocrx_word' id='word_1_37' title='bbox 1072 860 1270 899; x_wconf 90' lang='lat' dir='ltr'><strong>nomen</strong></span> <span class='ocrx_word' id='word_1_38' title='bbox 1308 853 1457 898; x_wconf 80' lang='lat' dir='ltr'><strong>tuum</strong></span> <span class='ocrx_word' id='word_1_39' title='bbox 1502 845 1553 898; x_wconf 93' lang='lat' dir='ltr'><strong>in</strong></span> <span class='ocrx_word' id='word_1_40' title='bbox 1584 844 1850 909; x_wconf 78' lang='lat' dir='ltr'><strong>veritate;</strong></span> <span class='ocrx_word' id='word_1_41' title='bbox 1883 861 1970 899; x_wconf 90' lang='lat' dir='ltr'><strong>re-</strong></span> 
     </span>
    </p>
   </div>
   <div class='ocr_carea' id='block_1_7' title="bbox 381 931 1963 1005">
    <p class='ocr_par' dir='ltr' id='par_1_7' title="bbox 381 931 1963 1005">
     <span class='ocr_line' id='line_1_7' title="bbox 381 931 1963 1005; baseline 0.004 -22"><span class='ocrx_word' id='word_1_42' title='bbox 381 931 609 987; x_wconf 82' lang='lat' dir='ltr'><strong>cordare</strong></span> <span class='ocrx_word' id='word_1_43' title='bbox 655 935 892 987; x_wconf 93' lang='lat' dir='ltr'><strong>omnium</strong></span> <span class='ocrx_word' id='word_1_44' title='bbox 936 935 1026 1005; x_wconf 88' lang='lat' dir='ltr'><strong>qui</strong></span> <span class='ocrx_word' id='word_1_45' title='bbox 1072 935 1207 990; x_wconf 85' lang='lat' dir='ltr'><strong>bene</strong></span> <span class='ocrx_word' id='word_1_46' title='bbox 1241 943 1294 990; x_wconf 92' lang='lat' dir='ltr'><strong>et</strong></span> <span class='ocrx_word' id='word_1_47' title='bbox 1339 950 1495 990; x_wconf 89' lang='lat' dir='ltr'><strong>secus</strong></span> <span class='ocrx_word' id='word_1_48' title='bbox 1536 935 1690 990; x_wconf 91' lang='lat' dir='ltr'><strong>nobis</strong></span> <span class='ocrx_word' id='word_1_49' title='bbox 1736 937 1963 990; x_wconf 90' lang='lat' dir='ltr'><strong>volunt:</strong></span> 
     </span>
    </p>
   </div>
   <div class='ocr_carea' id='block_1_8' title="bbox 380 1024 1965 1099">
    <p class='ocr_par' dir='ltr' id='par_1_8' title="bbox 380 1024 1965 1099">
     <span class='ocr_line' id='line_1_8' title="bbox 380 1024 1965 1099; baseline 0.004 -22"><span class='ocrx_word' id='word_1_50' title='bbox 380 1037 572 1079; x_wconf 89' lang='lat' dir='ltr'><strong>omnes</strong></span> <span class='ocrx_word' id='word_1_51' title='bbox 599 1024 740 1079; x_wconf 90' lang='lat' dir='ltr'><strong>enim</strong></span> <span class='ocrx_word' id='word_1_52' title='bbox 766 1040 950 1081; x_wconf 90' lang='lat' dir='ltr'><strong>sumus</strong></span> <span class='ocrx_word' id='word_1_53' title='bbox 977 1025 1238 1082; x_wconf 86' lang='lat' dir='ltr'><strong>homines.</strong></span> <span class='ocrx_word' id='word_1_54' title='bbox 1270 1027 1470 1083; x_wconf 88' lang='lat' dir='ltr'><strong>Deinde</strong></span> <span class='ocrx_word' id='word_1_55' title='bbox 1495 1028 1702 1099; x_wconf 89' lang='lat' dir='ltr'><strong>adjecta</strong></span> <span class='ocrx_word' id='word_1_56' title='bbox 1729 1027 1965 1085; x_wconf 90' lang='lat' dir='ltr'><strong>ﬁdelium</strong></span> 
     </span>
    </p>
   </div>
   <div class='ocr_carea' id='block_1_9' title="bbox 379 1115 1967 1190">
    <p class='ocr_par' dir='ltr' id='par_1_9' title="bbox 379 1115 1967 1190">
     <span class='ocr_line' id='line_1_9' title="bbox 379 1115 1967 1190; baseline 0.004 -23"><span class='ocrx_word' id='word_1_57' title='bbox 379 1115 646 1182; x_wconf 89' lang='lat' dir='ltr'><strong>oratione,</strong></span> <span class='ocrx_word' id='word_1_58' title='bbox 697 1115 867 1171; x_wconf 89' lang='lat' dir='ltr'><strong>veluti</strong></span> <span class='ocrx_word' id='word_1_59' title='bbox 912 1117 1139 1186; x_wconf 89' lang='lat' dir='ltr'><strong>quadam</strong></span> <span class='ocrx_word' id='word_1_60' title='bbox 1190 1117 1450 1174; x_wconf 89' lang='lat' dir='ltr'><strong>coronide</strong></span> <span class='ocrx_word' id='word_1_61' title='bbox 1489 1128 1545 1174; x_wconf 90' lang='lat' dir='ltr'><strong>et</strong></span> <span class='ocrx_word' id='word_1_62' title='bbox 1581 1134 1680 1190; x_wconf 89' lang='lat' dir='ltr'><strong>pro</strong></span> <span class='ocrx_word' id='word_1_63' title='bbox 1717 1120 1967 1175; x_wconf 90' lang='lat' dir='ltr'><strong>omnibus</strong></span> 
     </span>
    </p>
   </div>
   <div class='ocr_carea' id='block_1_10' title="bbox 378 1206 1963 1280">
    <p class='ocr_par' dir='ltr' id='par_1_10' title="bbox 378 1206 1963 1280">
     <span class='ocr_line' id='line_1_10' title="bbox 378 1206 1963 1280; baseline 0.004 -19"><span class='ocrx_word' id='word_1_64' title='bbox 378 1206 742 1277; x_wconf 84' lang='lat' dir='ltr'><strong>colligatioue,</strong></span> <span class='ocrx_word' id='word_1_65' title='bbox 787 1209 922 1265; x_wconf 87' lang='lat' dir='ltr'><strong>facta</strong></span> <span class='ocrx_word' id='word_1_66' title='bbox 959 1224 1141 1280; x_wconf 88' lang='lat' dir='ltr'><strong>prece,</strong></span> <span class='ocrx_word' id='word_1_67' title='bbox 1188 1208 1275 1264; x_wconf 92' lang='lat' dir='ltr'><strong>hic</strong></span> <span class='ocrx_word' id='word_1_68' title='bbox 1314 1212 1581 1266; x_wconf 72' lang='lat' dir='ltr'><strong>cessabat.</strong></span> <span class='ocrx_word' id='word_1_69' title='bbox 1622 1212 1783 1267; x_wconf 82' lang='lat' dir='ltr'><strong>Multa</strong></span> <span class='ocrx_word' id='word_1_70' title='bbox 1821 1213 1963 1267; x_wconf 90' lang='lat' dir='ltr'><strong>enim</strong></span> 
     </span>
    </p>
   </div>
   <div class='ocr_carea' id='block_1_11' title="bbox 377 1301 1965 1377">
    <p class='ocr_par' dir='ltr' id='par_1_11' title="bbox 377 1301 1965 1377">
     <span class='ocr_line' id='line_1_11' title="bbox 377 1301 1965 1377; baseline 0.005 -23"><span class='ocrx_word' id='word_1_71' title='bbox 377 1301 533 1355; x_wconf 85' lang='lat' dir='ltr'><strong>nobis</strong></span> <span class='ocrx_word' id='word_1_72' title='bbox 562 1302 700 1356; x_wconf 88' lang='lat' dir='ltr'><strong>bona</strong></span> <span class='ocrx_word' id='word_1_73' title='bbox 728 1302 855 1357; x_wconf 94' lang='lat' dir='ltr'><strong>facit</strong></span> <span class='ocrx_word' id='word_1_74' title='bbox 886 1304 1024 1357; x_wconf 85' lang='lat' dir='ltr'><strong>Deus</strong></span> <span class='ocrx_word' id='word_1_75' title='bbox 1050 1304 1210 1359; x_wconf 88' lang='lat' dir='ltr'><strong>etiam</strong></span> <span class='ocrx_word' id='word_1_76' title='bbox 1239 1304 1440 1370; x_wconf 88' lang='lat' dir='ltr'><strong>invitis,</strong></span> <span class='ocrx_word' id='word_1_77' title='bbox 1472 1306 1638 1359; x_wconf 87' lang='lat' dir='ltr'><strong>multa</strong></span> <span class='ocrx_word' id='word_1_78' title='bbox 1667 1320 1881 1377; x_wconf 87' lang='lat' dir='ltr'><strong>quoque</strong></span> <span class='ocrx_word' id='word_1_79' title='bbox 1909 1315 1965 1362; x_wconf 90' lang='lat' dir='ltr'><strong>et</strong></span> 
     </span>
    </p>
   </div>
   <div class='ocr_carea' id='block_1_12' title="bbox 376 1390 1963 1466">
    <p class='ocr_par' dir='ltr' id='par_1_12' title="bbox 376 1390 1963 1466">
     <span class='ocr_line' id='line_1_12' title="bbox 376 1390 1963 1466; baseline 0.005 -23"><span class='ocrx_word' id='word_1_80' title='bbox 376 1390 579 1460; x_wconf 84' lang='lat' dir='ltr'><strong>majora</strong></span> <span class='ocrx_word' id='word_1_81' title='bbox 628 1393 1010 1449; x_wconf 85' lang='lat' dir='ltr'><strong>nescientibus.</strong></span> <span class='ocrx_word' id='word_1_82' title='bbox 1064 1394 1197 1449; x_wconf 88' lang='lat' dir='ltr'><strong>Nam</strong></span> <span class='ocrx_word' id='word_1_83' title='bbox 1245 1397 1460 1465; x_wconf 87' lang='lat' dir='ltr'><strong>quando</strong></span> <span class='ocrx_word' id='word_1_84' title='bbox 1511 1396 1782 1451; x_wconf 89' lang='lat' dir='ltr'><strong>contraria</strong></span> <span class='ocrx_word' id='word_1_85' title='bbox 1837 1412 1963 1466; x_wconf 89' lang='lat' dir='ltr'><strong>pre-</strong></span> 
     </span>
    </p>
   </div>
   <div class='ocr_carea' id='block_1_13' title="bbox 373 1485 1957 1560">
    <p class='ocr_par' dir='ltr' id='par_1_13' title="bbox 373 1485 1957 1560">
     <span class='ocr_line' id='line_1_13' title="bbox 373 1485 1957 1560; baseline 0.004 -22"><span class='ocrx_word' id='word_1_86' title='bbox 373 1498 579 1553; x_wconf 90' lang='lat' dir='ltr'><strong>camur,</strong></span> <span class='ocrx_word' id='word_1_87' title='bbox 612 1485 727 1557; x_wconf 88' lang='lat' dir='ltr'><strong>ipse</strong></span> <span class='ocrx_word' id='word_1_88' title='bbox 754 1496 934 1541; x_wconf 89' lang='lat' dir='ltr'><strong>autem</strong></span> <span class='ocrx_word' id='word_1_89' title='bbox 977 1486 1103 1543; x_wconf 82' lang='lat' dir='ltr'><strong>facit</strong></span> <span class='ocrx_word' id='word_1_90' title='bbox 1142 1488 1434 1551; x_wconf 86' lang='lat' dir='ltr'><strong>contraria,</strong></span> <span class='ocrx_word' id='word_1_91' title='bbox 1465 1488 1642 1559; x_wconf 87' lang='lat' dir='ltr'><strong>palam</strong></span> <span class='ocrx_word' id='word_1_92' title='bbox 1668 1498 1752 1543; x_wconf 88' lang='lat' dir='ltr'><strong>est</strong></span> <span class='ocrx_word' id='word_1_93' title='bbox 1781 1488 1957 1560; x_wconf 91' lang='lat' dir='ltr'><strong>ipsum</strong></span> 
     </span>
    </p>
   </div>
   <div class='ocr_carea' id='block_1_14' title="bbox 375 1577 1962 1650">
    <p class='ocr_par' dir='ltr' id='par_1_14' title="bbox 375 1577 1962 1650">
     <span class='ocr_line' id='line_1_14' title="bbox 375 1577 1962 1650; baseline 0.003 -21"><span class='ocrx_word' id='word_1_94' title='bbox 375 1577 738 1635; x_wconf 88' lang='lat' dir='ltr'><strong>nescientibus</strong></span> <span class='ocrx_word' id='word_1_95' title='bbox 764 1578 901 1635; x_wconf 89' lang='lat' dir='ltr'><strong>bene</strong></span> <span class='ocrx_word' id='word_1_96' title='bbox 929 1580 1121 1635; x_wconf 88' lang='lat' dir='ltr'><strong>facere.</strong></span> <span class='ocrx_word' id='word_1_97' title='bbox 1156 1581 1210 1636; x_wconf 77' lang='lat'><strong>3.</strong></span> <span class='ocrx_word' id='word_1_98' title='bbox 1246 1579 1463 1635; x_wconf 85' lang='lat' dir='ltr'><strong>Orantes</strong></span> <span class='ocrx_word' id='word_1_99' title='bbox 1492 1580 1648 1634; x_wconf 87' lang='lat' dir='ltr'><strong>simul</strong></span> <span class='ocrx_word' id='word_1_100' title='bbox 1675 1590 1720 1635; x_wconf 90' lang='lat' dir='ltr'><strong>et</strong></span> <span class='ocrx_word' id='word_1_101' title='bbox 1749 1597 1844 1650; x_wconf 90' lang='lat' dir='ltr'><strong>pro</strong></span> <span class='ocrx_word' id='word_1_102' title='bbox 1869 1597 1962 1634; x_wconf 88' lang='lat' dir='ltr'><strong>no-</strong></span> 
     </span>
    </p>
   </div>
   <div class='ocr_carea' id='block_1_15' title="bbox 371 1669 1959 1744">
    <p class='ocr_par' dir='ltr' id='par_1_15' title="bbox 371 1669 1959 1744">
     <span class='ocr_line' id='line_1_15' title="bbox 371 1669 1959 1744; baseline 0.004 -22"><span class='ocrx_word' id='word_1_103' title='bbox 371 1669 469 1724; x_wconf 95' lang='lat' dir='ltr'><strong>bis.</strong></span> <span class='ocrx_word' id='word_1_104' title='bbox 502 1669 636 1726; x_wconf 80' lang='lat' dir='ltr'><strong>Vide</strong></span> <span class='ocrx_word' id='word_1_105' title='bbox 673 1672 1028 1729; x_wconf 89' lang='lat' dir='ltr'><strong>humilitatem</strong></span> <span class='ocrx_word' id='word_1_106' title='bbox 1061 1690 1076 1728; x_wconf 91' lang='lat'>:</span> <span class='ocrx_word' id='word_1_107' title='bbox 1104 1682 1226 1744; x_wconf 91' lang='lat' dir='ltr'><strong>post</strong></span> <span class='ocrx_word' id='word_1_108' title='bbox 1254 1674 1379 1729; x_wconf 89' lang='lat' dir='ltr'><strong>illos</strong></span> <span class='ocrx_word' id='word_1_109' title='bbox 1419 1674 1657 1743; x_wconf 89' lang='lat' dir='ltr'><strong>seipsum</strong></span> <span class='ocrx_word' id='word_1_110' title='bbox 1687 1674 1855 1743; x_wconf 87' lang='lat' dir='ltr'><strong>ponit.</strong></span> <span class='ocrx_word' id='word_1_111' title='bbox 1891 1673 1959 1729; x_wconf 97' lang='lat' dir='ltr'><strong>Ut</strong></span> 
     </span>
    </p>
   </div>
   <div class='ocr_carea' id='block_1_16' title="bbox 371 1760 1954 1839">
    <p class='ocr_par' dir='ltr' id='par_1_16' title="bbox 371 1760 1954 1839">
     <span class='ocr_line' id='line_1_16' title="bbox 371 1760 1954 1839; baseline 0.003 -24"><span class='ocrx_word' id='word_1_112' title='bbox 371 1760 513 1817; x_wconf 87' lang='lat' dir='ltr'><strong>Deus</strong></span> <span class='ocrx_word' id='word_1_113' title='bbox 534 1764 729 1833; x_wconf 81' lang='lat' dir='ltr'><strong>aperiat</strong></span> <span class='ocrx_word' id='word_1_114' title='bbox 757 1766 900 1821; x_wconf 89' lang='lat' dir='ltr'><strong>nobis</strong></span> <span class='ocrx_word' id='word_1_115' title='bbox 939 1767 1122 1822; x_wconf 79' lang='lat' dir='ltr'><strong>ostium</strong></span> <span class='ocrx_word' id='word_1_116' title='bbox 1147 1767 1392 1822; x_wconf 75' lang='lat' dir='ltr'><strong>sermonis</strong></span> <span class='ocrx_word' id='word_1_117' title='bbox 1416 1767 1486 1821; x_wconf 88' lang='lat' dir='ltr'><strong>ad</strong></span> <span class='ocrx_word' id='word_1_118' title='bbox 1509 1767 1813 1839; x_wconf 86' lang='lat' dir='ltr'><strong>loquendum</strong></span> <span class='ocrx_word' id='word_1_119' title='bbox 1842 1785 1954 1838; x_wconf 81' lang='lat' dir='ltr'><strong>my-</strong></span> 
     </span>
    </p>
   </div>
   <div class='ocr_carea' id='block_1_17' title="bbox 371 1854 1953 1930">
    <p class='ocr_par' dir='ltr' id='par_1_17' title="bbox 371 1854 1953 1930">
     <span class='ocr_line' id='line_1_17' title="bbox 371 1854 1953 1930; baseline 0.004 -23"><span class='ocrx_word' id='word_1_120' title='bbox 371 1855 578 1908; x_wconf 85' lang='lat' dir='ltr'><strong>sterium</strong></span> <span class='ocrx_word' id='word_1_121' title='bbox 610 1854 819 1911; x_wconf 79' lang='lat' dir='ltr'><strong>Christi.</strong></span> <span class='ocrx_word' id='word_1_122' title='bbox 852 1857 1089 1921; x_wconf 86' lang='lat' dir='ltr'><strong>Aditum.</strong></span> <span class='ocrx_word' id='word_1_123' title='bbox 1123 1860 1325 1929; x_wconf 88' lang='lat' dir='ltr'><strong>inquit,</strong></span> <span class='ocrx_word' id='word_1_124' title='bbox 1361 1869 1415 1914; x_wconf 92' lang='lat' dir='ltr'><strong>et</strong></span> <span class='ocrx_word' id='word_1_125' title='bbox 1446 1860 1692 1930; x_wconf 91' lang='lat' dir='ltr'><strong>loquendi</strong></span> <span class='ocrx_word' id='word_1_126' title='bbox 1728 1860 1953 1915; x_wconf 89' lang='lat' dir='ltr'><strong>liberta-</strong></span> 
     </span>
    </p>
   </div>
   <div class='ocr_carea' id='block_1_18' title="bbox 374 1944 1963 2018">
    <p class='ocr_par' dir='ltr' id='par_1_18' title="bbox 374 1944 1963 2018">
     <span class='ocr_line' id='line_1_18' title="bbox 374 1944 1963 2018; baseline 0.003 -18"><span class='ocrx_word' id='word_1_127' title='bbox 374 1954 504 2001; x_wconf 88' lang='lat' dir='ltr'><strong>tem.</strong></span> <span class='ocrx_word' id='word_1_128' title='bbox 550 1947 741 2018; x_wconf 64' lang='lat' dir='ltr'><strong>Papae!</strong></span> <span class='ocrx_word' id='word_1_129' title='bbox 788 1959 967 2004; x_wconf 81' lang='lat' dir='ltr'><strong>tantus</strong></span> <span class='ocrx_word' id='word_1_130' title='bbox 1003 1950 1200 2006; x_wconf 86' lang='lat' dir='ltr'><strong>athleta</strong></span> <span class='ocrx_word' id='word_1_131' title='bbox 1235 1967 1342 2005; x_wconf 91' lang='lat' dir='ltr'><strong>non</strong></span> <span class='ocrx_word' id='word_1_132' title='bbox 1384 1951 1538 2015; x_wconf 77' lang='lat' dir='ltr'><strong>dixit,</strong></span> <span class='ocrx_word' id='word_1_133' title='bbox 1584 1951 1651 2006; x_wconf 92' lang='lat' dir='ltr'><strong>Ut</strong></span> <span class='ocrx_word' id='word_1_134' title='bbox 1696 1951 1888 2006; x_wconf 91' lang='lat' dir='ltr'><strong>liberer</strong></span> <span class='ocrx_word' id='word_1_135' title='bbox 1923 1944 1963 2005; x_wconf 77' lang='lat' dir='ltr'><strong>a&#39;</strong></span> 
     </span>
    </p>
   </div>
   <div class='ocr_carea' id='block_1_19' title="bbox 372 2031 1955 2112">
    <p class='ocr_par' dir='ltr' id='par_1_19' title="bbox 372 2031 1955 2112">
     <span class='ocr_line' id='line_1_19' title="bbox 372 2031 1955 2112; baseline 0.007 -27"><span class='ocrx_word' id='word_1_136' title='bbox 372 2037 619 2100; x_wconf 79' lang='lat' dir='ltr'><strong>vinculis,</strong></span> <span class='ocrx_word' id='word_1_137' title='bbox 650 2038 742 2092; x_wconf 86' lang='lat' dir='ltr'><strong>sed</strong></span> <span class='ocrx_word' id='word_1_138' title='bbox 774 2054 895 2093; x_wconf 89' lang='lat' dir='ltr'><strong>cum</strong></span> <span class='ocrx_word' id='word_1_139' title='bbox 927 2031 1075 2094; x_wconf 82' lang='lat' dir='ltr'><strong>esset</strong></span> <span class='ocrx_word' id='word_1_140' title='bbox 1103 2043 1153 2093; x_wconf 93' lang='lat' dir='ltr'><strong>in</strong></span> <span class='ocrx_word' id='word_1_141' title='bbox 1187 2042 1432 2107; x_wconf 88' lang='lat' dir='ltr'><strong>vinculis,</strong></span> <span class='ocrx_word' id='word_1_142' title='bbox 1464 2042 1597 2096; x_wconf 89' lang='lat' dir='ltr'><strong>alios</strong></span> <span class='ocrx_word' id='word_1_143' title='bbox 1627 2043 1867 2112; x_wconf 78' lang='lat' dir='ltr'><strong>rogabat,</strong></span> <span class='ocrx_word' id='word_1_144' title='bbox 1900 2053 1955 2097; x_wconf 91' lang='lat' dir='ltr'><strong>et</strong></span> 
     </span>
    </p>
   </div>
   <div class='ocr_carea' id='block_1_20' title="bbox 372 2133 1954 2203">
    <p class='ocr_par' dir='ltr' id='par_1_20' title="bbox 372 2133 1954 2203">
     <span class='ocr_line' id='line_1_20' title="bbox 372 2133 1954 2203; baseline 0.005 -24"><span class='ocrx_word' id='word_1_145' title='bbox 372 2138 591 2197; x_wconf 81' lang='lat' dir='ltr'><strong>propter</strong></span> <span class='ocrx_word' id='word_1_146' title='bbox 634 2146 747 2184; x_wconf 87' lang='lat' dir='ltr'><strong>rem</strong></span> <span class='ocrx_word' id='word_1_147' title='bbox 788 2147 1031 2201; x_wconf 82' lang='lat' dir='ltr'><strong>magnam</strong></span> <span class='ocrx_word' id='word_1_148' title='bbox 1067 2133 1307 2201; x_wconf 79' lang='lat' dir='ltr'><strong>rogabat,</strong></span> <span class='ocrx_word' id='word_1_149' title='bbox 1350 2149 1540 2202; x_wconf 83' lang='lat' dir='ltr'><strong>nempe</strong></span> <span class='ocrx_word' id='word_1_150' title='bbox 1588 2145 1645 2186; x_wconf 91' lang='lat' dir='ltr'><strong>ut</strong></span> <span class='ocrx_word' id='word_1_151' title='bbox 1687 2133 1954 2203; x_wconf 72' lang='lat' dir='ltr'><strong>acciperet</strong></span> 
     </span>
    </p>
   </div>
   <div class='ocr_carea' id='block_1_21' title="bbox 369 2219 1948 2293">
    <p class='ocr_par' dir='ltr' id='par_1_21' title="bbox 369 2219 1948 2293">
     <span class='ocr_line' id='line_1_21' title="bbox 369 2219 1948 2293; baseline 0.004 -22"><span class='ocrx_word' id='word_1_152' title='bbox 369 2219 617 2288; x_wconf 86' lang='lat' dir='ltr'><strong>loquendi</strong></span> <span class='ocrx_word' id='word_1_153' title='bbox 643 2221 963 2275; x_wconf 89' lang='lat' dir='ltr'><strong>libertatem.</strong></span> <span class='ocrx_word' id='word_1_154' title='bbox 992 2222 1097 2277; x_wconf 84' lang='lat' dir='ltr'><strong>Res</strong></span> <span class='ocrx_word' id='word_1_155' title='bbox 1118 2222 1237 2276; x_wconf 76' lang='lat' dir='ltr'><strong>dua:</strong></span> <span class='ocrx_word' id='word_1_156' title='bbox 1262 2238 1490 2293; x_wconf 76' lang='lat' dir='ltr'><strong>magum,</strong></span> <span class='ocrx_word' id='word_1_157' title='bbox 1524 2239 1717 2292; x_wconf 83' lang='lat' dir='ltr'><strong>nempe</strong></span> <span class='ocrx_word' id='word_1_158' title='bbox 1745 2231 1801 2278; x_wconf 91' lang='lat' dir='ltr'><strong>et</strong></span> <span class='ocrx_word' id='word_1_159' title='bbox 1828 2241 1948 2293; x_wconf 89' lang='lat' dir='ltr'><strong>per-</strong></span> 
     </span>
    </p>
   </div>
   <div class='ocr_carea' id='block_1_22' title="bbox 368 2313 1947 2384">
    <p class='ocr_par' dir='ltr' id='par_1_22' title="bbox 368 2313 1947 2384">
     <span class='ocr_line' id='line_1_22' title="bbox 368 2313 1947 2384; baseline 0.004 -21"><span class='ocrx_word' id='word_1_160' title='bbox 368 2327 516 2365; x_wconf 70' lang='lat' dir='ltr'><strong>sona:</strong></span> <span class='ocrx_word' id='word_1_161' title='bbox 571 2313 824 2381; x_wconf 88' lang='lat' dir='ltr'><strong>qualitas,</strong></span> <span class='ocrx_word' id='word_1_162' title='bbox 881 2323 936 2367; x_wconf 91' lang='lat' dir='ltr'><strong>et</strong></span> <span class='ocrx_word' id='word_1_163' title='bbox 986 2314 1083 2367; x_wconf 87' lang='lat' dir='ltr'><strong>rei.</strong></span> <span class='ocrx_word' id='word_1_164' title='bbox 1135 2314 1325 2383; x_wconf 68' lang='lat' dir='ltr'><strong>Papae!</strong></span> <span class='ocrx_word' id='word_1_165' title='bbox 1384 2326 1579 2384; x_wconf 89' lang='lat' dir='ltr'><strong>quanta</strong></span> <span class='ocrx_word' id='word_1_166' title='bbox 1638 2317 1947 2370; x_wconf 71' lang='lat' dir='ltr'><strong>auctoritas.</strong></span> 
     </span>
    </p>
   </div>
   <div class='ocr_carea' id='block_1_23' title="bbox 371 2400 1951 2474">
    <p class='ocr_par' dir='ltr' id='par_1_23' title="bbox 371 2400 1951 2474">
     <span class='ocr_line' id='line_1_23' title="bbox 371 2400 1951 2474; baseline 0.005 -20"><span class='ocrx_word' id='word_1_167' title='bbox 371 2400 694 2472; x_wconf 80' lang='lat' dir='ltr'><strong>Mysterium,</strong></span> <span class='ocrx_word' id='word_1_168' title='bbox 737 2403 927 2474; x_wconf 87' lang='lat' dir='ltr'><strong>inquit,</strong></span> <span class='ocrx_word' id='word_1_169' title='bbox 971 2403 1178 2460; x_wconf 78' lang='lat' dir='ltr'><strong>Christi.</strong></span> <span class='ocrx_word' id='word_1_170' title='bbox 1220 2404 1468 2460; x_wconf 87' lang='lat' dir='ltr'><strong>Ostendit</strong></span> <span class='ocrx_word' id='word_1_171' title='bbox 1509 2406 1639 2461; x_wconf 90' lang='lat' dir='ltr'><strong>nihil</strong></span> <span class='ocrx_word' id='word_1_172' title='bbox 1682 2422 1803 2462; x_wconf 72' lang='lat' dir='ltr'><strong>eSs&#39;e</strong></span> <span class='ocrx_word' id='word_1_173' title='bbox 1848 2409 1951 2462; x_wconf 83' lang='lat' dir='ltr'><strong>sibi</strong></span> 
     </span>
    </p>
   </div>
   <div class='ocr_carea' id='block_1_24' title="bbox 367 2495 1951 2569">
    <p class='ocr_par' dir='ltr' id='par_1_24' title="bbox 367 2495 1951 2569">
     <span class='ocr_line' id='line_1_24' title="bbox 367 2495 1951 2569; baseline 0.004 -21"><span class='ocrx_word' id='word_1_174' title='bbox 367 2495 775 2551; x_wconf 86' lang='lat' dir='ltr'><strong>desiderabilius</strong></span> <span class='ocrx_word' id='word_1_175' title='bbox 820 2512 980 2568; x_wconf 90' lang='lat' dir='ltr'><strong>quam</strong></span> <span class='ocrx_word' id='word_1_176' title='bbox 1012 2498 1113 2553; x_wconf 91' lang='lat' dir='ltr'><strong>hoc</strong></span> <span class='ocrx_word' id='word_1_177' title='bbox 1156 2498 1321 2568; x_wconf 89' lang='lat' dir='ltr'><strong>loqui.</strong></span> <span class='ocrx_word' id='word_1_178' title='bbox 1364 2497 1583 2569; x_wconf 85' lang='lat' dir='ltr'><strong>Propter</strong></span> <span class='ocrx_word' id='word_1_179' title='bbox 1626 2499 1761 2568; x_wconf 88' lang='lat' dir='ltr'><strong>quod</strong></span> <span class='ocrx_word' id='word_1_180' title='bbox 1800 2500 1951 2554; x_wconf 78' lang='lat' dir='ltr'><strong>etiam</strong></span> 
     </span>
    </p>
   </div>
   <div class='ocr_carea' id='block_1_25' title="bbox 366 2590 1952 2663">
    <p class='ocr_par' dir='ltr' id='par_1_25' title="bbox 366 2590 1952 2663">
     <span class='ocr_line' id='line_1_25' title="bbox 366 2590 1952 2663; baseline 0.004 -21"><span class='ocrx_word' id='word_1_181' title='bbox 366 2590 564 2644; x_wconf 78' lang='lat' dir='ltr'><strong>vinctus</strong></span> <span class='ocrx_word' id='word_1_182' title='bbox 599 2607 729 2657; x_wconf 81' lang='lat' dir='ltr'><strong>sum,</strong></span> <span class='ocrx_word' id='word_1_183' title='bbox 761 2592 813 2646; x_wconf 71' lang='grc' dir='ltr'><strong>Δ,</strong></span> <span class='ocrx_word' id='word_1_184' title='bbox 845 2598 901 2644; x_wconf 88' lang='lat' dir='ltr'><strong>ut</strong></span> <span class='ocrx_word' id='word_1_185' title='bbox 928 2591 1245 2661; x_wconf 81' lang='lat' dir='ltr'><strong>manifestem</strong></span> <span class='ocrx_word' id='word_1_186' title='bbox 1274 2591 1423 2657; x_wconf 86' lang='lat' dir='ltr'><strong>illud,</strong></span> <span class='ocrx_word' id='word_1_187' title='bbox 1460 2593 1532 2646; x_wconf 87' lang='lat' dir='ltr'><strong>ita</strong></span> <span class='ocrx_word' id='word_1_188' title='bbox 1559 2602 1610 2646; x_wconf 89' lang='lat' dir='ltr'><strong>ut</strong></span> <span class='ocrx_word' id='word_1_189' title='bbox 1651 2604 1843 2663; x_wconf 85' lang='lat' dir='ltr'><strong>oportet</strong></span> <span class='ocrx_word' id='word_1_190' title='bbox 1872 2610 1952 2648; x_wconf 88' lang='lat' dir='ltr'><strong>me</strong></span> 
     </span>
    </p>
   </div>
   <div class='ocr_carea' id='block_1_26' title="bbox 363 2681 1950 2756">
    <p class='ocr_par' dir='ltr' id='par_1_26' title="bbox 363 2681 1950 2756">
     <span class='ocr_line' id='line_1_26' title="bbox 363 2681 1950 2756; baseline 0.003 -20"><span class='ocrx_word' id='word_1_191' title='bbox 363 2682 523 2752; x_wconf 85' lang='lat' dir='ltr'><strong>loqui.</strong></span> <span class='ocrx_word' id='word_1_192' title='bbox 570 2681 705 2737; x_wconf 91' lang='lat' dir='ltr'><strong>Cum</strong></span> <span class='ocrx_word' id='word_1_193' title='bbox 753 2699 965 2754; x_wconf 91' lang='lat' dir='ltr'><strong>magna,</strong></span> <span class='ocrx_word' id='word_1_194' title='bbox 1018 2685 1207 2756; x_wconf 90' lang='lat' dir='ltr'><strong>inquit,</strong></span> <span class='ocrx_word' id='word_1_195' title='bbox 1265 2686 1458 2743; x_wconf 90' lang='lat' dir='ltr'><strong>ﬁducia</strong></span> <span class='ocrx_word' id='word_1_196' title='bbox 1506 2694 1563 2741; x_wconf 91' lang='lat' dir='ltr'><strong>et</strong></span> <span class='ocrx_word' id='word_1_197' title='bbox 1616 2688 1824 2743; x_wconf 84' lang='lat' dir='ltr'><strong>dicendi</strong></span> <span class='ocrx_word' id='word_1_198' title='bbox 1885 2688 1950 2741; x_wconf 89' lang='lat' dir='ltr'><strong>li-</strong></span> 
     </span>
    </p>
   </div>
   <div class='ocr_carea' id='block_1_27' title="bbox 364 2772 1949 2843">
    <p class='ocr_par' dir='ltr' id='par_1_27' title="bbox 364 2772 1949 2843">
     <span class='ocr_line' id='line_1_27' title="bbox 364 2772 1949 2843; baseline 0.005 -15"><span class='ocrx_word' id='word_1_199' title='bbox 364 2772 597 2841; x_wconf 63' lang='lat' dir='ltr'><strong>bertate,</strong></span> <span class='ocrx_word' id='word_1_200' title='bbox 632 2775 765 2832; x_wconf 91' lang='lat' dir='ltr'><strong>nihil</strong></span> <span class='ocrx_word' id='word_1_201' title='bbox 796 2779 1131 2835; x_wconf 90' lang='lat' dir='ltr'><strong>reticentem.</strong></span> <span class='ocrx_word' id='word_1_202' title='bbox 1162 2780 1347 2843; x_wconf 79' lang='lat' dir='ltr'><strong>Vides,</strong></span> <span class='ocrx_word' id='word_1_203' title='bbox 1380 2781 1590 2836; x_wconf 88' lang='lat' dir='ltr'><strong>vincula</strong></span> <span class='ocrx_word' id='word_1_204' title='bbox 1620 2797 1741 2835; x_wconf 91' lang='lat' dir='ltr'><strong>eum</strong></span> <span class='ocrx_word' id='word_1_205' title='bbox 1775 2783 1949 2836; x_wconf 90' lang='lat' dir='ltr'><strong>mani-</strong></span> 
     </span>
    </p>
   </div>
   <div class='ocr_carea' id='block_1_28' title="bbox 367 2867 1947 2936">
    <p class='ocr_par' dir='ltr' id='par_1_28' title="bbox 367 2867 1947 2936">
     <span class='ocr_line' id='line_1_28' title="bbox 367 2867 1947 2936; baseline 0.004 -14"><span class='ocrx_word' id='word_1_206' title='bbox 367 2867 562 2922; x_wconf 82' lang='lat' dir='ltr'><strong>festum</strong></span> <span class='ocrx_word' id='word_1_207' title='bbox 617 2869 865 2936; x_wconf 87' lang='lat' dir='ltr'><strong>reddunt,</strong></span> <span class='ocrx_word' id='word_1_208' title='bbox 914 2886 1023 2927; x_wconf 87' lang='lat' dir='ltr'><strong>non</strong></span> <span class='ocrx_word' id='word_1_209' title='bbox 1072 2873 1125 2927; x_wconf 93' lang='lat' dir='ltr'><strong>in</strong></span> <span class='ocrx_word' id='word_1_210' title='bbox 1193 2874 1426 2929; x_wconf 86' lang='lat' dir='ltr'><strong>obscuro</strong></span> <span class='ocrx_word' id='word_1_211' title='bbox 1475 2876 1760 2930; x_wconf 86' lang='lat' dir='ltr'><strong>collocant.</strong></span> <span class='ocrx_word' id='word_1_212' title='bbox 1815 2876 1947 2930; x_wconf 87' lang='lat' dir='ltr'><strong>Cum</strong></span> 
     </span>
    </p>
   </div>
   <div class='ocr_carea' id='block_1_29' title="bbox 364 2960 1945 3034">
    <p class='ocr_par' dir='ltr' id='par_1_29' title="bbox 364 2960 1945 3034">
     <span class='ocr_line' id='line_1_29' title="bbox 364 2960 1945 3034; baseline 0.003 -19"><span class='ocrx_word' id='word_1_213' title='bbox 364 2961 548 3022; x_wconf 82' lang='lat' dir='ltr'><strong>multa,</strong></span> <span class='ocrx_word' id='word_1_214' title='bbox 582 2960 771 3030; x_wconf 81' lang='lat' dir='ltr'><strong>inquit,</strong></span> <span class='ocrx_word' id='word_1_215' title='bbox 807 2963 997 3019; x_wconf 84' lang='lat' dir='ltr'><strong>ﬁducia</strong></span> <span class='ocrx_word' id='word_1_216' title='bbox 1033 2972 1087 3019; x_wconf 92' lang='lat' dir='ltr'><strong>et</strong></span> <span class='ocrx_word' id='word_1_217' title='bbox 1111 2964 1323 3021; x_wconf 84' lang='lat' dir='ltr'><strong>dicendi</strong></span> <span class='ocrx_word' id='word_1_218' title='bbox 1358 2965 1625 3022; x_wconf 83' lang='lat' dir='ltr'><strong>libertate.</strong></span> <span class='ocrx_word' id='word_1_219' title='bbox 1670 2967 1763 3022; x_wconf 91' lang='lat' dir='ltr'><strong>Dic</strong></span> <span class='ocrx_word' id='word_1_220' title='bbox 1794 2968 1945 3034; x_wconf 86' lang='lat' dir='ltr'><strong>mihi,</strong></span> 
     </span>
    </p>
   </div>
   <div class='ocr_carea' id='block_1_30' title="bbox 365 3056 1947 3134">
    <p class='ocr_par' dir='ltr' id='par_1_30' title="bbox 365 3056 1947 3134">
     <span class='ocr_line' id='line_1_30' title="bbox 365 3056 1947 3134; baseline 0.008 -27"><span class='ocrx_word' id='word_1_221' title='bbox 365 3064 419 3109; x_wconf 90' lang='lat' dir='ltr'><strong>tu</strong></span> <span class='ocrx_word' id='word_1_222' title='bbox 446 3056 661 3111; x_wconf 81' lang='lat' dir='ltr'><strong>vinctus</strong></span> <span class='ocrx_word' id='word_1_223' title='bbox 689 3073 769 3123; x_wconf 80' lang='lat' dir='ltr'><strong>es,</strong></span> <span class='ocrx_word' id='word_1_224' title='bbox 803 3068 857 3113; x_wconf 91' lang='lat' dir='ltr'><strong>et</strong></span> <span class='ocrx_word' id='word_1_225' title='bbox 882 3060 1018 3114; x_wconf 89' lang='lat' dir='ltr'><strong>alios</strong></span> <span class='ocrx_word' id='word_1_226' title='bbox 1044 3061 1365 3117; x_wconf 87' lang='lat' dir='ltr'><strong>consolaris?</strong></span> <span class='ocrx_word' id='word_1_227' title='bbox 1391 3062 1618 3119; x_wconf 81' lang='lat' dir='ltr'><strong>Maxime</strong></span> <span class='ocrx_word' id='word_1_228' title='bbox 1646 3082 1660 3119; x_wconf 88' lang='lat'><strong>:</strong></span> <span class='ocrx_word' id='word_1_229' title='bbox 1690 3064 1947 3134; x_wconf 71' lang='lat' dir='ltr'><strong>majorum</strong></span> 
     </span>
    </p>
   </div>
   <div class='ocr_carea' id='block_1_31' title="bbox 365 3146 1949 3229">
    <p class='ocr_par' dir='ltr' id='par_1_31' title="bbox 365 3146 1949 3229">
     <span class='ocr_line' id='line_1_31' title="bbox 365 3146 1949 3229; baseline 0.01 -30"><span class='ocrx_word' id='word_1_230' title='bbox 365 3146 616 3216; x_wconf 84' lang='lat' dir='ltr'><strong>loquendi</strong></span> <span class='ocrx_word' id='word_1_231' title='bbox 652 3151 951 3207; x_wconf 88' lang='lat' dir='ltr'><strong>libertatem</strong></span> <span class='ocrx_word' id='word_1_232' title='bbox 973 3153 1103 3208; x_wconf 90' lang='lat' dir='ltr'><strong>dant</strong></span> <span class='ocrx_word' id='word_1_233' title='bbox 1131 3155 1258 3209; x_wconf 90' lang='lat' dir='ltr'><strong>mihi</strong></span> <span class='ocrx_word' id='word_1_234' title='bbox 1291 3155 1499 3211; x_wconf 86' lang='lat' dir='ltr'><strong>vincula</strong></span> <span class='ocrx_word' id='word_1_235' title='bbox 1529 3174 1544 3212; x_wconf 86' lang='lat'><strong>:</strong></span> <span class='ocrx_word' id='word_1_236' title='bbox 1573 3157 1669 3213; x_wconf 87' lang='lat' dir='ltr'><strong>sed</strong></span> <span class='ocrx_word' id='word_1_237' title='bbox 1694 3158 1788 3214; x_wconf 86' lang='lat' dir='ltr'><strong>Dei</strong></span> <span class='ocrx_word' id='word_1_238' title='bbox 1818 3174 1949 3229; x_wconf 83' lang='lat' dir='ltr'><strong>rogo</strong></span> 
     </span>
    </p>
   </div>
   <div class='ocr_carea' id='block_1_32' title="bbox 362 3240 1947 3319">
    <p class='ocr_par' dir='ltr' id='par_1_32' title="bbox 362 3240 1947 3319">
     <span class='ocr_line' id='line_1_32' title="bbox 362 3240 1947 3319; baseline 0.009 -28"><span class='ocrx_word' id='word_1_239' title='bbox 362 3240 643 3307; x_wconf 86' lang='lat' dir='ltr'><strong>auxilium,</strong></span> <span class='ocrx_word' id='word_1_240' title='bbox 686 3242 867 3297; x_wconf 87' lang='lat' dir='ltr'><strong>audivi</strong></span> <span class='ocrx_word' id='word_1_241' title='bbox 913 3246 1055 3300; x_wconf 90' lang='lat' dir='ltr'><strong>enim</strong></span> <span class='ocrx_word' id='word_1_242' title='bbox 1091 3245 1363 3304; x_wconf 89' lang='lat' dir='ltr'><strong>Christum</strong></span> <span class='ocrx_word' id='word_1_243' title='bbox 1406 3248 1696 3315; x_wconf 89' lang='lat' dir='ltr'><strong>dicentem,</strong></span> <span class='ocrx_word' id='word_1_244' title='bbox 1730 3251 1947 3319; x_wconf 85' lang='lat' dir='ltr'><strong>Quando</strong></span> 
     </span>
    </p>
   </div>
   <div class='ocr_carea' id='block_1_33' title="bbox 363 3332 1946 3414">
    <p class='ocr_par' dir='ltr' id='par_1_33' title="bbox 363 3332 1946 3414">
     <span class='ocr_line' id='line_1_33' title="bbox 363 3332 1946 3414; baseline 0.009 -30"><span class='ocrx_word' id='word_1_245' title='bbox 363 3347 449 3385; x_wconf 84' lang='lat' dir='ltr'><strong>ros</strong></span> <span class='ocrx_word' id='word_1_246' title='bbox 476 3332 691 3397; x_wconf 85' lang='lat' dir='ltr'><strong>tradent,</strong></span> <span class='ocrx_word' id='word_1_247' title='bbox 735 3336 891 3389; x_wconf 82' lang='lat' dir='ltr'><strong>nolite</strong></span> <span class='ocrx_word' id='word_1_248' title='bbox 919 3353 1024 3390; x_wconf 84' lang='lat' dir='ltr'><strong>esse</strong></span> <span class='ocrx_word' id='word_1_249' title='bbox 1050 3339 1275 3403; x_wconf 84' lang='lat' dir='ltr'><strong>solliciti,</strong></span> <span class='ocrx_word' id='word_1_250' title='bbox 1307 3343 1558 3411; x_wconf 88' lang='lat' dir='ltr'><strong>quomodo</strong></span> <span class='ocrx_word' id='word_1_251' title='bbox 1584 3352 1673 3396; x_wconf 90' lang='lat' dir='ltr'><strong>aut</strong></span> <span class='ocrx_word' id='word_1_252' title='bbox 1715 3344 1839 3414; x_wconf 85' lang='lat' dir='ltr'><strong>quid</strong></span> <span class='ocrx_word' id='word_1_253' title='bbox 1866 3343 1946 3397; x_wconf 84' lang='lat' dir='ltr'><strong>lo-</strong></span> 
     </span>
    </p>
   </div>
   <div class='ocr_carea' id='block_1_34' title="bbox 363 3422 1944 3502">
    <p class='ocr_par' dir='ltr' id='par_1_34' title="bbox 363 3422 1944 3502">
     <span class='ocr_line' id='line_1_34' title="bbox 363 3422 1944 3502; baseline 0.011 -30"><span class='ocrx_word' id='word_1_254' title='bbox 363 3424 590 3486; x_wconf 85' lang='lat' dir='ltr'><strong>qnnmini</strong></span> <span class='ocrx_word' id='word_1_255' title='bbox 617 3422 833 3494; x_wconf 82' lang='lat' dir='ltr'><strong>(Matth.</strong></span> <span class='ocrx_word' id='word_1_256' title='bbox 867 3426 954 3480; x_wconf 91' lang='grc'><strong>10.</strong></span> <span class='ocrx_word' id='word_1_257' title='bbox 988 3426 1099 3498; x_wconf 85' lang='grc'><strong>19).</strong></span> <span class='ocrx_word' id='word_1_258' title='bbox 1134 3428 1200 3483; x_wconf 84' lang='grc' dir='ltr'><strong>Ει</strong></span> <span class='ocrx_word' id='word_1_259' title='bbox 1227 3430 1347 3487; x_wconf 86' lang='lat' dir='ltr'><strong>vide</strong></span> <span class='ocrx_word' id='word_1_260' title='bbox 1373 3432 1643 3502; x_wconf 90' lang='lat' dir='ltr'><strong>quomodo</strong></span> <span class='ocrx_word' id='word_1_261' title='bbox 1669 3434 1805 3489; x_wconf 90' lang='lat' dir='ltr'><strong>dixit</strong></span> <span class='ocrx_word' id='word_1_262' title='bbox 1828 3450 1944 3489; x_wconf 84' lang='lat' dir='ltr'><strong>me-</strong></span> 
     </span>
    </p>
   </div>
   <div class='ocr_carea' id='block_1_35' title="bbox 364 3513 1950 3588">
    <p class='ocr_par' dir='ltr' id='par_1_35' title="bbox 364 3513 1950 3588">
     <span class='ocr_line' id='line_1_35' title="bbox 364 3513 1950 3588; baseline 0.009 -22"><span class='ocrx_word' id='word_1_263' title='bbox 364 3514 660 3581; x_wconf 88' lang='lat' dir='ltr'><strong>taphorice,</strong></span> <span class='ocrx_word' id='word_1_264' title='bbox 712 3513 780 3570; x_wconf 90' lang='lat' dir='ltr'><strong>Ut</strong></span> <span class='ocrx_word' id='word_1_265' title='bbox 831 3515 965 3571; x_wconf 83' lang='lat' dir='ltr'><strong>Deus</strong></span> <span class='ocrx_word' id='word_1_266' title='bbox 1006 3521 1202 3588; x_wconf 82' lang='lat' dir='ltr'><strong>aperiat</strong></span> <span class='ocrx_word' id='word_1_267' title='bbox 1245 3521 1387 3576; x_wconf 88' lang='lat' dir='ltr'><strong>nobis</strong></span> <span class='ocrx_word' id='word_1_268' title='bbox 1433 3524 1615 3578; x_wconf 87' lang='lat' dir='ltr'><strong>ostium</strong></span> <span class='ocrx_word' id='word_1_269' title='bbox 1659 3527 1950 3582; x_wconf 80' lang='lat' dir='ltr'><strong>sermonis?</strong></span> 
     </span>
    </p>
   </div>
   <div class='ocr_carea' id='block_1_36' title="bbox 367 3604 1947 3681">
    <p class='ocr_par' dir='ltr' id='par_1_36' title="bbox 367 3604 1947 3681">
     <span class='ocr_line' id='line_1_36' title="bbox 367 3604 1947 3681; baseline 0.01 -24"><span class='ocrx_word' id='word_1_270' title='bbox 367 3604 500 3661; x_wconf 76' lang='lat' dir='ltr'><strong>Vide</strong></span> <span class='ocrx_word' id='word_1_271' title='bbox 521 3622 681 3676; x_wconf 85' lang='lat' dir='ltr'><strong>quam</strong></span> <span class='ocrx_word' id='word_1_272' title='bbox 724 3610 846 3663; x_wconf 90' lang='lat' dir='ltr'><strong>sita</strong></span> <span class='ocrx_word' id='word_1_273' title='bbox 877 3607 1011 3664; x_wconf 87' lang='lat' dir='ltr'><strong>fastu</strong></span> <span class='ocrx_word' id='word_1_274' title='bbox 1058 3612 1286 3681; x_wconf 89' lang='lat' dir='ltr'><strong>alienus,</strong></span> <span class='ocrx_word' id='word_1_275' title='bbox 1319 3623 1374 3669; x_wconf 89' lang='lat' dir='ltr'><strong>et</strong></span> <span class='ocrx_word' id='word_1_276' title='bbox 1400 3630 1523 3671; x_wconf 91' lang='lat' dir='ltr'><strong>cum</strong></span> <span class='ocrx_word' id='word_1_277' title='bbox 1566 3626 1712 3673; x_wconf 87' lang='lat' dir='ltr'><strong>esset</strong></span> <span class='ocrx_word' id='word_1_278' title='bbox 1741 3618 1794 3673; x_wconf 91' lang='lat' dir='ltr'><strong>in</strong></span> <span class='ocrx_word' id='word_1_279' title='bbox 1825 3618 1947 3672; x_wconf 87' lang='lat' dir='ltr'><strong>vin-</strong></span> 
     </span>
    </p>
   </div>
   <div class='ocr_carea' id='block_1_37' title="bbox 364 3696 1949 3773">
    <p class='ocr_par' dir='ltr' id='par_1_37' title="bbox 364 3696 1949 3773">
     <span class='ocr_line' id='line_1_37' title="bbox 364 3696 1949 3773; baseline 0.01 -24"><span class='ocrx_word' id='word_1_280' title='bbox 364 3696 500 3750; x_wconf 89' lang='lat' dir='ltr'><strong>culis</strong></span> <span class='ocrx_word' id='word_1_281' title='bbox 531 3713 691 3767; x_wconf 88' lang='lat' dir='ltr'><strong>quam</strong></span> <span class='ocrx_word' id='word_1_282' title='bbox 723 3698 997 3755; x_wconf 89' lang='lat' dir='ltr'><strong>humiliter</strong></span> <span class='ocrx_word' id='word_1_283' title='bbox 1024 3702 1291 3773; x_wconf 88' lang='lat' dir='ltr'><strong>loquatur.</strong></span> <span class='ocrx_word' id='word_1_284' title='bbox 1322 3705 1435 3761; x_wconf 83' lang='lat' dir='ltr'><strong>Hoc</strong></span> <span class='ocrx_word' id='word_1_285' title='bbox 1463 3716 1564 3773; x_wconf 89' lang='lat' dir='ltr'><strong>est,</strong></span> <span class='ocrx_word' id='word_1_286' title='bbox 1608 3707 1679 3764; x_wconf 95' lang='lat' dir='ltr'><strong>Ut</strong></span> <span class='ocrx_word' id='word_1_287' title='bbox 1741 3709 1949 3765; x_wconf 87' lang='lat' dir='ltr'><strong>molliat</strong></span> 
     </span>
    </p>
   </div>
   <div class='ocr_carea' id='block_1_38' title="bbox 364 3790 1946 3869">
    <p class='ocr_par' dir='ltr' id='par_1_38' title="bbox 364 3790 1946 3869">
     <span class='ocr_line' id='line_1_38' title="bbox 364 3790 1946 3869; baseline 0.01 -26"><span class='ocrx_word' id='word_1_288' title='bbox 364 3790 524 3844; x_wconf 86' lang='lat' dir='ltr'><strong>corda</strong></span> <span class='ocrx_word' id='word_1_289' title='bbox 555 3791 814 3859; x_wconf 90' lang='lat' dir='ltr'><strong>ipsorum.</strong></span> <span class='ocrx_word' id='word_1_290' title='bbox 862 3793 977 3849; x_wconf 85' lang='lat' dir='ltr'><strong>Non</strong></span> <span class='ocrx_word' id='word_1_291' title='bbox 1020 3797 1096 3851; x_wconf 88' lang='lat' dir='ltr'><strong>sic</strong></span> <span class='ocrx_word' id='word_1_292' title='bbox 1140 3805 1318 3853; x_wconf 89' lang='lat' dir='ltr'><strong>autem</strong></span> <span class='ocrx_word' id='word_1_293' title='bbox 1360 3799 1515 3865; x_wconf 89' lang='lat' dir='ltr'><strong>dixit,</strong></span> <span class='ocrx_word' id='word_1_294' title='bbox 1544 3802 1662 3869; x_wconf 89' lang='lat' dir='ltr'><strong>sed,</strong></span> <span class='ocrx_word' id='word_1_295' title='bbox 1692 3802 1762 3859; x_wconf 89' lang='lat' dir='ltr'><strong>Ut</strong></span> <span class='ocrx_word' id='word_1_296' title='bbox 1788 3803 1946 3859; x_wconf 90' lang='lat' dir='ltr'><strong>nobis</strong></span> 
     </span>
    </p>
   </div>
   <div class='ocr_carea' id='block_1_39' title="bbox 364 3878 1945 3964">
    <p class='ocr_par' dir='ltr' id='par_1_39' title="bbox 364 3878 1945 3964">
     <span class='ocr_line' id='line_1_39' title="bbox 364 3878 1945 3964; baseline 0.01 -31"><span class='ocrx_word' id='word_1_297' title='bbox 364 3878 449 3935; x_wconf 89' lang='lat' dir='ltr'><strong>det</strong></span> <span class='ocrx_word' id='word_1_298' title='bbox 477 3882 720 3937; x_wconf 89' lang='lat' dir='ltr'><strong>ﬁduciam</strong></span> <span class='ocrx_word' id='word_1_299' title='bbox 750 3893 802 3939; x_wconf 89' lang='lat' dir='ltr'><strong>et</strong></span> <span class='ocrx_word' id='word_1_300' title='bbox 832 3885 1081 3956; x_wconf 86' lang='lat' dir='ltr'><strong>loquendi</strong></span> <span class='ocrx_word' id='word_1_301' title='bbox 1118 3888 1455 3958; x_wconf 88' lang='lat' dir='ltr'><strong>libertatem;</strong></span> <span class='ocrx_word' id='word_1_302' title='bbox 1486 3894 1564 3949; x_wconf 92' lang='lat' dir='ltr'><strong>sic</strong></span> <span class='ocrx_word' id='word_1_303' title='bbox 1592 3895 1817 3964; x_wconf 86' lang='lat' dir='ltr'><strong>loquens</strong></span> <span class='ocrx_word' id='word_1_304' title='bbox 1844 3896 1945 3950; x_wconf 91' lang='lat' dir='ltr'><strong>hu-</strong></span> 
     </span>
    </p>
   </div>
   <div class='ocr_carea' id='block_1_40' title="bbox 365 3973 1946 4056">
    <p class='ocr_par' dir='ltr' id='par_1_40' title="bbox 365 3973 1946 4056">
     <span class='ocr_line' id='line_1_40' title="bbox 365 3973 1946 4056; baseline 0.01 -29"><span class='ocrx_word' id='word_1_305' title='bbox 365 3973 566 4029; x_wconf 88' lang='lat' dir='ltr'><strong>militer</strong></span> <span class='ocrx_word' id='word_1_306' title='bbox 594 3982 649 4030; x_wconf 88' lang='lat' dir='ltr'><strong>et</strong></span> <span class='ocrx_word' id='word_1_307' title='bbox 676 3976 914 4033; x_wconf 85' lang='lat' dir='ltr'><strong>modeste</strong></span> <span class='ocrx_word' id='word_1_308' title='bbox 939 3994 997 4034; x_wconf 89' lang='lat' dir='ltr'><strong>se</strong></span> <span class='ocrx_word' id='word_1_309' title='bbox 1019 3996 1211 4050; x_wconf 78' lang='lat' dir='ltr'><strong>gerens</strong></span> <span class='ocrx_word' id='word_1_310' title='bbox 1240 4000 1253 4036; x_wconf 92' lang='lat'>:</span> <span class='ocrx_word' id='word_1_311' title='bbox 1284 3992 1338 4038; x_wconf 92' lang='lat' dir='ltr'><strong>et</strong></span> <span class='ocrx_word' id='word_1_312' title='bbox 1366 3984 1417 4039; x_wconf 89' lang='lat' dir='ltr'><strong>id</strong></span> <span class='ocrx_word' id='word_1_313' title='bbox 1446 3986 1585 4056; x_wconf 91' lang='lat' dir='ltr'><strong>quod</strong></span> <span class='ocrx_word' id='word_1_314' title='bbox 1616 3987 1845 4043; x_wconf 89' lang='lat' dir='ltr'><strong>habebat</strong></span> <span class='ocrx_word' id='word_1_315' title='bbox 1867 4005 1946 4043; x_wconf 93' lang='lat' dir='ltr'><strong>ro-</strong></span> 
     </span>
    </p>
   </div>
   <div class='ocr_carea' id='block_1_41' title="bbox 364 4068 1947 4148">
    <p class='ocr_par' dir='ltr' id='par_1_41' title="bbox 364 4068 1947 4148">
     <span class='ocr_line' id='line_1_41' title="bbox 364 4068 1947 4148; baseline 0.012 -31"><span class='ocrx_word' id='word_1_316' title='bbox 364 4073 454 4135; x_wconf 82' lang='lat' dir='ltr'><strong>gat</strong></span> <span class='ocrx_word' id='word_1_317' title='bbox 493 4075 549 4120; x_wconf 91' lang='lat' dir='ltr'><strong>nt</strong></span> <span class='ocrx_word' id='word_1_318' title='bbox 580 4068 822 4139; x_wconf 88' lang='lat' dir='ltr'><strong>accipiat.</strong></span> <span class='ocrx_word' id='word_1_319' title='bbox 856 4068 1101 4128; x_wconf 89' lang='lat' dir='ltr'><strong>Ostendit</strong></span> <span class='ocrx_word' id='word_1_320' title='bbox 1139 4085 1315 4129; x_wconf 89' lang='lat' dir='ltr'><strong>autem</strong></span> <span class='ocrx_word' id='word_1_321' title='bbox 1358 4075 1411 4131; x_wconf 91' lang='lat' dir='ltr'><strong>in</strong></span> <span class='ocrx_word' id='word_1_322' title='bbox 1450 4076 1549 4133; x_wconf 89' lang='lat' dir='ltr'><strong>hac</strong></span> <span class='ocrx_word' id='word_1_323' title='bbox 1574 4079 1820 4148; x_wconf 89' lang='lat' dir='ltr'><strong>epistola,</strong></span> <span class='ocrx_word' id='word_1_324' title='bbox 1849 4095 1947 4135; x_wconf 93' lang='lat' dir='ltr'><strong>cur</strong></span> 
     </span>
    </p>
   </div>
   <div class='ocr_carea' id='block_1_42' title="bbox 366 4163 1944 4237">
    <p class='ocr_par' dir='ltr' id='par_1_42' title="bbox 366 4163 1944 4237">
     <span class='ocr_line' id='line_1_42' title="bbox 366 4163 1944 4237; baseline 0.011 -27"><span class='ocrx_word' id='word_1_325' title='bbox 366 4165 494 4212; x_wconf 90' lang='lat' dir='ltr'><strong>tunc</strong></span> <span class='ocrx_word' id='word_1_326' title='bbox 542 4174 649 4213; x_wconf 88' lang='lat' dir='ltr'><strong>non</strong></span> <span class='ocrx_word' id='word_1_327' title='bbox 694 4163 904 4217; x_wconf 84' lang='lat' dir='ltr'><strong>venerit</strong></span> <span class='ocrx_word' id='word_1_328' title='bbox 947 4163 1217 4229; x_wconf 87' lang='lat' dir='ltr'><strong>Christus,</strong></span> <span class='ocrx_word' id='word_1_329' title='bbox 1263 4181 1330 4222; x_wconf 88' lang='lat' dir='ltr'><strong>eo</strong></span> <span class='ocrx_word' id='word_1_330' title='bbox 1376 4169 1515 4237; x_wconf 90' lang='lat' dir='ltr'><strong>quod</strong></span> <span class='ocrx_word' id='word_1_331' title='bbox 1564 4170 1649 4225; x_wconf 86' lang='lat' dir='ltr'><strong>illa</strong></span> <span class='ocrx_word' id='word_1_332' title='bbox 1701 4172 1944 4227; x_wconf 84' lang='lat' dir='ltr'><strong>umbram</strong></span> 
     </span>
    </p>
   </div>
   <div class='ocr_carea' id='block_1_43' title="bbox 365 4249 1942 4333">
    <p class='ocr_par' dir='ltr' id='par_1_43' title="bbox 365 4249 1942 4333">
     <span class='ocr_line' id='line_1_43' title="bbox 365 4249 1942 4333; baseline 0.01 -31"><span class='ocrx_word' id='word_1_333' title='bbox 365 4249 572 4303; x_wconf 88' lang='lat' dir='ltr'><strong>vocarit</strong></span> <span class='ocrx_word' id='word_1_334' title='bbox 604 4268 619 4305; x_wconf 90' lang='lat'><strong>:</strong></span> <span class='ocrx_word' id='word_1_335' title='bbox 650 4250 846 4322; x_wconf 83' lang='lat' dir='ltr'><strong>Corpus</strong></span> <span class='ocrx_word' id='word_1_336' title='bbox 880 4266 1069 4320; x_wconf 89' lang='lat' dir='ltr'><strong>autem,</strong></span> <span class='ocrx_word' id='word_1_337' title='bbox 1118 4258 1309 4329; x_wconf 88' lang='lat' dir='ltr'><strong>inquit,</strong></span> <span class='ocrx_word' id='word_1_338' title='bbox 1343 4259 1530 4315; x_wconf 87' lang='lat' dir='ltr'><strong>Christi</strong></span> <span class='ocrx_word' id='word_1_339' title='bbox 1571 4261 1702 4333; x_wconf 85' lang='lat' dir='ltr'><strong>(Col.</strong></span> <span class='ocrx_word' id='word_1_340' title='bbox 1743 4263 1798 4317; x_wconf 72' lang='grc'><strong>2.</strong></span> <span class='ocrx_word' id='word_1_341' title='bbox 1832 4264 1942 4331; x_wconf 87' lang='grc'><strong>17).</strong></span> 
     </span>
    </p>
   </div>
   <div class='ocr_carea' id='block_1_44' title="bbox 366 4338 1947 4413">
    <p class='ocr_par' dir='ltr' id='par_1_44' title="bbox 366 4338 1947 4413">
     <span class='ocr_line' id='line_1_44' title="bbox 366 4338 1947 4413; baseline 0.01 -22"><span class='ocrx_word' id='word_1_342' title='bbox 366 4338 726 4406; x_wconf 85' lang='lat' dir='ltr'><strong>Quamobrem</strong></span> <span class='ocrx_word' id='word_1_343' title='bbox 754 4346 1034 4413; x_wconf 82' lang='lat' dir='ltr'><strong>Oportebat</strong></span> <span class='ocrx_word' id='word_1_344' title='bbox 1059 4362 1153 4401; x_wconf 89' lang='lat' dir='ltr'><strong>eos</strong></span> <span class='ocrx_word' id='word_1_345' title='bbox 1182 4350 1383 4403; x_wconf 71' lang='lat' dir='ltr'><strong>umbrae</strong></span> <span class='ocrx_word' id='word_1_346' title='bbox 1413 4366 1744 4407; x_wconf 87' lang='lat' dir='ltr'><strong>assuescere.</strong></span> <span class='ocrx_word' id='word_1_347' title='bbox 1775 4353 1947 4407; x_wconf 88' lang='lat' dir='ltr'><strong>Simul</strong></span> 
     </span>
    </p>
   </div>
   <div class='ocr_carea' id='block_1_45' title="bbox 367 4430 1947 4513">
    <p class='ocr_par' dir='ltr' id='par_1_45' title="bbox 367 4430 1947 4513">
     <span class='ocr_line' id='line_1_45' title="bbox 367 4430 1947 4513; baseline 0.008 -29"><span class='ocrx_word' id='word_1_348' title='bbox 367 4430 528 4484; x_wconf 87' lang='lat' dir='ltr'><strong>etiam</strong></span> <span class='ocrx_word' id='word_1_349' title='bbox 566 4448 676 4486; x_wconf 71' lang='lat' dir='ltr'><strong>suae</strong></span> <span class='ocrx_word' id='word_1_350' title='bbox 722 4433 774 4486; x_wconf 92' lang='lat' dir='ltr'><strong>in</strong></span> <span class='ocrx_word' id='word_1_351' title='bbox 806 4448 900 4488; x_wconf 90' lang='lat' dir='ltr'><strong>eos</strong></span> <span class='ocrx_word' id='word_1_352' title='bbox 939 4438 1178 4492; x_wconf 89' lang='lat' dir='ltr'><strong>caritatis</strong></span> <span class='ocrx_word' id='word_1_353' title='bbox 1219 4441 1509 4495; x_wconf 82' lang='lat' dir='ltr'><strong>maximum</strong></span> <span class='ocrx_word' id='word_1_354' title='bbox 1548 4443 1749 4497; x_wconf 84' lang='lat' dir='ltr'><strong>indicat</strong></span> <span class='ocrx_word' id='word_1_355' title='bbox 1786 4461 1947 4513; x_wconf 82' lang='lat' dir='ltr'><strong>argu-</strong></span> 
     </span>
    </p>
   </div>
   <div class='ocr_carea' id='block_1_46' title="bbox 369 4522 1949 4601">
    <p class='ocr_par' dir='ltr' id='par_1_46' title="bbox 369 4522 1949 4601">
     <span class='ocr_line' id='line_1_46' title="bbox 369 4522 1949 4601; baseline 0.011 -28"><span class='ocrx_word' id='word_1_356' title='bbox 369 4531 606 4575; x_wconf 87' lang='lat' dir='ltr'><strong>mentum</strong></span> <span class='ocrx_word' id='word_1_357' title='bbox 636 4540 650 4576; x_wconf 87' lang='lat'><strong>:</strong></span> <span class='ocrx_word' id='word_1_358' title='bbox 676 4522 744 4578; x_wconf 92' lang='lat' dir='ltr'><strong>Ut</strong></span> <span class='ocrx_word' id='word_1_359' title='bbox 766 4532 883 4591; x_wconf 82' lang='lat' dir='ltr'><strong>vos,</strong></span> <span class='ocrx_word' id='word_1_360' title='bbox 911 4527 1099 4597; x_wconf 89' lang='lat' dir='ltr'><strong>inquit,</strong></span> <span class='ocrx_word' id='word_1_361' title='bbox 1121 4529 1368 4597; x_wconf 83' lang='lat' dir='ltr'><strong>audiatis,</strong></span> <span class='ocrx_word' id='word_1_362' title='bbox 1396 4531 1509 4601; x_wconf 78' lang='lat' dir='ltr'><strong>Ego</strong></span> <span class='ocrx_word' id='word_1_363' title='bbox 1537 4543 1714 4588; x_wconf 87' lang='lat' dir='ltr'><strong>autem</strong></span> <span class='ocrx_word' id='word_1_364' title='bbox 1742 4537 1949 4591; x_wconf 88' lang='lat' dir='ltr'><strong>vinctus</strong></span> 
     </span>
    </p>
   </div>
   <div class='ocr_carea' id='block_1_47' title="bbox 369 4614 1948 4698">
    <p class='ocr_par' dir='ltr' id='par_1_47' title="bbox 369 4614 1948 4698">
     <span class='ocr_line' id='line_1_47' title="bbox 369 4614 1948 4698; baseline 0.009 -31"><span class='ocrx_word' id='word_1_365' title='bbox 369 4627 511 4668; x_wconf 87' lang='lat' dir='ltr'><strong>sum.</strong></span> <span class='ocrx_word' id='word_1_366' title='bbox 563 4614 769 4672; x_wconf 82' lang='lat' dir='ltr'><strong>Rursus</strong></span> <span class='ocrx_word' id='word_1_367' title='bbox 817 4618 1089 4675; x_wconf 88' lang='lat' dir='ltr'><strong>vinculum</strong></span> <span class='ocrx_word' id='word_1_368' title='bbox 1132 4621 1349 4678; x_wconf 89' lang='lat' dir='ltr'><strong>adducit</strong></span> <span class='ocrx_word' id='word_1_369' title='bbox 1397 4625 1449 4678; x_wconf 91' lang='lat' dir='ltr'><strong>in</strong></span> <span class='ocrx_word' id='word_1_370' title='bbox 1506 4626 1759 4691; x_wconf 90' lang='lat' dir='ltr'><strong>medium,</strong></span> <span class='ocrx_word' id='word_1_371' title='bbox 1804 4630 1948 4698; x_wconf 93' lang='lat' dir='ltr'><strong>quod</strong></span> 
     </span>
    </p>
   </div>
   <div class='ocr_carea' id='block_1_48' title="bbox 367 4704 1952 4781">
    <p class='ocr_par' dir='ltr' id='par_1_48' title="bbox 367 4704 1952 4781">
     <span class='ocr_line' id='line_1_48' title="bbox 367 4704 1952 4781; baseline 0.011 -24"><span class='ocrx_word' id='word_1_372' title='bbox 367 4704 524 4759; x_wconf 87' lang='lat' dir='ltr'><strong>valde</strong></span> <span class='ocrx_word' id='word_1_373' title='bbox 561 4721 703 4769; x_wconf 89' lang='lat' dir='ltr'><strong>amo,</strong></span> <span class='ocrx_word' id='word_1_374' title='bbox 749 4708 890 4776; x_wconf 89' lang='lat' dir='ltr'><strong>quod</strong></span> <span class='ocrx_word' id='word_1_375' title='bbox 924 4725 1020 4764; x_wconf 92' lang='lat' dir='ltr'><strong>cor</strong></span> <span class='ocrx_word' id='word_1_376' title='bbox 1058 4726 1235 4765; x_wconf 90' lang='lat' dir='ltr'><strong>meum</strong></span> <span class='ocrx_word' id='word_1_377' title='bbox 1275 4714 1492 4781; x_wconf 77' lang='lat' dir='ltr'><strong>excitat,</strong></span> <span class='ocrx_word' id='word_1_378' title='bbox 1534 4727 1589 4771; x_wconf 89' lang='lat' dir='ltr'><strong>et</strong></span> <span class='ocrx_word' id='word_1_379' title='bbox 1622 4717 1952 4775; x_wconf 87' lang='lat' dir='ltr'><strong>desiderium</strong></span> 
     </span>
    </p>
   </div>
   <div class='ocr_carea' id='block_1_49' title="bbox 370 4797 1952 4873">
    <p class='ocr_par' dir='ltr' id='par_1_49' title="bbox 370 4797 1952 4873">
     <span class='ocr_line' id='line_1_49' title="bbox 370 4797 1952 4873; baseline 0.009 -20"><span class='ocrx_word' id='word_1_380' title='bbox 370 4813 587 4868; x_wconf 88' lang='lat' dir='ltr'><strong>semper</strong></span> <span class='ocrx_word' id='word_1_381' title='bbox 604 4797 759 4854; x_wconf 80' lang='lat' dir='ltr'><strong>aﬁ&#39;ert</strong></span> <span class='ocrx_word' id='word_1_382' title='bbox 783 4801 995 4855; x_wconf 89' lang='lat' dir='ltr'><strong>videndi</strong></span> <span class='ocrx_word' id='word_1_383' title='bbox 1025 4803 1246 4858; x_wconf 90' lang='lat' dir='ltr'><strong>Paulum</strong></span> <span class='ocrx_word' id='word_1_384' title='bbox 1274 4805 1325 4859; x_wconf 91' lang='lat' dir='ltr'><strong>in</strong></span> <span class='ocrx_word' id='word_1_385' title='bbox 1354 4807 1597 4873; x_wconf 90' lang='lat' dir='ltr'><strong>vinculis,</strong></span> <span class='ocrx_word' id='word_1_386' title='bbox 1630 4819 1685 4863; x_wconf 91' lang='lat' dir='ltr'><strong>et</strong></span> <span class='ocrx_word' id='word_1_387' title='bbox 1710 4812 1952 4866; x_wconf 67' lang='lat' dir='ltr'><strong>scribi-n-</strong></span> 
     </span>
    </p>
   </div>
   <div class='ocr_carea' id='block_1_50' title="bbox 372 4891 1951 4965">
    <p class='ocr_par' dir='ltr' id='par_1_50' title="bbox 372 4891 1951 4965">
     <span class='ocr_line' id='line_1_50' title="bbox 372 4891 1951 4965; baseline 0.008 -20"><span class='ocrx_word' id='word_1_388' title='bbox 372 4898 501 4953; x_wconf 89' lang='lat' dir='ltr'><strong>tem,</strong></span> <span class='ocrx_word' id='word_1_389' title='bbox 538 4900 593 4946; x_wconf 90' lang='lat' dir='ltr'><strong>et</strong></span> <span class='ocrx_word' id='word_1_390' title='bbox 634 4891 1038 4961; x_wconf 65' lang='lat' dir='ltr'><strong>praedicantem,</strong></span> <span class='ocrx_word' id='word_1_391' title='bbox 1082 4905 1138 4950; x_wconf 92' lang='lat' dir='ltr'><strong>et</strong></span> <span class='ocrx_word' id='word_1_392' title='bbox 1176 4898 1549 4965; x_wconf 89' lang='lat' dir='ltr'><strong>baptizautem,</strong></span> <span class='ocrx_word' id='word_1_393' title='bbox 1587 4911 1642 4955; x_wconf 91' lang='lat' dir='ltr'><strong>et</strong></span> <span class='ocrx_word' id='word_1_394' title='bbox 1678 4904 1951 4957; x_wconf 83' lang='lat' dir='ltr'><strong>catechesi</strong></span> 
     </span>
    </p>
   </div>
   <div class='ocr_carea' id='block_1_51' title="bbox 374 4983 1954 5060">
    <p class='ocr_par' dir='ltr' id='par_1_51' title="bbox 374 4983 1954 5060">
     <span class='ocr_line' id='line_1_51' title="bbox 374 4983 1954 5060; baseline 0.009 -24"><span class='ocrx_word' id='word_1_395' title='bbox 374 4983 761 5038; x_wconf 85' lang='lat' dir='ltr'><strong>instituentem.</strong></span> <span class='ocrx_word' id='word_1_396' title='bbox 788 4984 862 5040; x_wconf 92' lang='lat' dir='ltr'><strong>De</strong></span> <span class='ocrx_word' id='word_1_397' title='bbox 882 4985 1130 5042; x_wconf 91' lang='lat' dir='ltr'><strong>omnibus</strong></span> <span class='ocrx_word' id='word_1_398' title='bbox 1154 5004 1273 5057; x_wconf 82' lang='lat' dir='ltr'><strong>qme</strong></span> <span class='ocrx_word' id='word_1_399' title='bbox 1302 4990 1496 5060; x_wconf 91' lang='lat' dir='ltr'><strong>ubique</strong></span> <span class='ocrx_word' id='word_1_400' title='bbox 1522 5001 1672 5046; x_wconf 89' lang='lat' dir='ltr'><strong>erant</strong></span> <span class='ocrx_word' id='word_1_401' title='bbox 1698 4993 1954 5050; x_wconf 82' lang='lat' dir='ltr'><strong>Ecclesiis</strong></span> 
     </span>
    </p>
   </div>
   <div class='ocr_carea' id='block_1_52' title="bbox 373 5073 1955 5151">
    <p class='ocr_par' dir='ltr' id='par_1_52' title="bbox 373 5073 1955 5151">
     <span class='ocr_line' id='line_1_52' title="bbox 373 5073 1955 5151; baseline 0.008 -24"><span class='ocrx_word' id='word_1_402' title='bbox 373 5073 439 5127; x_wconf 86' lang='lat' dir='ltr'><strong>ad</strong></span> <span class='ocrx_word' id='word_1_403' title='bbox 472 5088 594 5128; x_wconf 92' lang='lat' dir='ltr'><strong>eum</strong></span> <span class='ocrx_word' id='word_1_404' title='bbox 626 5075 859 5129; x_wconf 89' lang='lat' dir='ltr'><strong>vinctum</strong></span> <span class='ocrx_word' id='word_1_405' title='bbox 893 5076 1221 5132; x_wconf 84' lang='lat' dir='ltr'><strong>referebatur</strong></span> <span class='ocrx_word' id='word_1_406' title='bbox 1254 5097 1267 5132; x_wconf 89' lang='lat'><strong>:</strong></span> <span class='ocrx_word' id='word_1_407' title='bbox 1302 5080 1508 5135; x_wconf 90' lang='lat' dir='ltr'><strong>vinctus</strong></span> <span class='ocrx_word' id='word_1_408' title='bbox 1547 5097 1703 5151; x_wconf 82' lang='lat' dir='ltr'><strong>Supra</strong></span> <span class='ocrx_word' id='word_1_409' title='bbox 1736 5085 1955 5139; x_wconf 90' lang='lat' dir='ltr'><strong>modum</strong></span> 
     </span>
    </p>
   </div>
   <div class='ocr_carea' id='block_1_53' title="bbox 374 5165 1953 5239">
    <p class='ocr_par' dir='ltr' id='par_1_53' title="bbox 374 5165 1953 5239">
     <span class='ocr_line' id='line_1_53' title="bbox 374 5165 1953 5239; baseline 0.008 -20"><span class='ocrx_word' id='word_1_410' title='bbox 374 5165 689 5223; x_wconf 68' lang='lat' dir='ltr'><strong>mdiﬁcabat.</strong></span> <span class='ocrx_word' id='word_1_411' title='bbox 725 5167 874 5222; x_wconf 88' lang='lat' dir='ltr'><strong>Tunc</strong></span> <span class='ocrx_word' id='word_1_412' title='bbox 902 5170 1066 5239; x_wconf 87' lang='lat' dir='ltr'><strong>magis</strong></span> <span class='ocrx_word' id='word_1_413' title='bbox 1093 5181 1208 5224; x_wconf 91' lang='lat' dir='ltr'><strong>erat</strong></span> <span class='ocrx_word' id='word_1_414' title='bbox 1232 5171 1459 5227; x_wconf 90' lang='lat' dir='ltr'><strong>solutus.</strong></span> <span class='ocrx_word' id='word_1_415' title='bbox 1493 5174 1626 5228; x_wconf 85' lang='lat' dir='ltr'><strong>Audi</strong></span> <span class='ocrx_word' id='word_1_416' title='bbox 1658 5176 1799 5230; x_wconf 89' lang='lat' dir='ltr'><strong>enim</strong></span> <span class='ocrx_word' id='word_1_417' title='bbox 1832 5194 1953 5231; x_wconf 84' lang='lat' dir='ltr'><strong>cum</strong></span> 
     </span>
    </p>
   </div>
   <div class='ocr_carea' id='block_1_54' title="bbox 373 5255 1957 5333">
    <p class='ocr_par' dir='ltr' id='par_1_54' title="bbox 373 5255 1957 5333">
     <span class='ocr_line' id='line_1_54' title="bbox 373 5255 1957 5333; baseline 0.008 -24"><span class='ocrx_word' id='word_1_418' title='bbox 373 5255 638 5311; x_wconf 88' lang='lat' dir='ltr'><strong>dicentem</strong></span> <span class='ocrx_word' id='word_1_419' title='bbox 670 5275 683 5310; x_wconf 88' lang='lat'><strong>:</strong></span> <span class='ocrx_word' id='word_1_420' title='bbox 721 5256 787 5313; x_wconf 87' lang='lat' dir='ltr'><strong>Ut</strong></span> <span class='ocrx_word' id='word_1_421' title='bbox 813 5259 985 5330; x_wconf 84' lang='lat' dir='ltr'><strong>plures</strong></span> <span class='ocrx_word' id='word_1_422' title='bbox 1011 5278 1038 5313; x_wconf 89' lang='lat' dir='ltr'><strong>e</strong></span> <span class='ocrx_word' id='word_1_423' title='bbox 1063 5263 1305 5333; x_wconf 79' lang='lat' dir='ltr'><strong>fratribus</strong></span> <span class='ocrx_word' id='word_1_424' title='bbox 1334 5265 1641 5332; x_wconf 79' lang='lat' dir='ltr'><strong>conﬁdentes</strong></span> <span class='ocrx_word' id='word_1_425' title='bbox 1666 5267 1717 5321; x_wconf 90' lang='lat' dir='ltr'><strong>in</strong></span> <span class='ocrx_word' id='word_1_426' title='bbox 1744 5268 1957 5322; x_wconf 85' lang='lat' dir='ltr'><strong>vinculis</strong></span> 
     </span>
    </p>
   </div>
   <div class='ocr_carea' id='block_1_55' title="bbox 376 5349 1959 5414">
    <p class='ocr_par' dir='ltr' id='par_1_55' title="bbox 376 5349 1959 5414">
     <span class='ocr_line' id='line_1_55' title="bbox 376 5349 1959 5414; baseline 0.007 -12"><span class='ocrx_word' id='word_1_427' title='bbox 376 5349 519 5414; x_wconf 84' lang='lat' dir='ltr'><strong>meis,</strong></span> <span class='ocrx_word' id='word_1_428' title='bbox 568 5349 908 5405; x_wconf 87' lang='lat' dir='ltr'><strong>abundantius</strong></span> <span class='ocrx_word' id='word_1_429' title='bbox 954 5354 1199 5407; x_wconf 84' lang='lat' dir='ltr'><strong>auderent</strong></span> <span class='ocrx_word' id='word_1_430' title='bbox 1238 5355 1345 5408; x_wconf 88' lang='lat' dir='ltr'><strong>sine</strong></span> <span class='ocrx_word' id='word_1_431' title='bbox 1389 5357 1567 5411; x_wconf 87' lang='lat' dir='ltr'><strong>timore</strong></span> <span class='ocrx_word' id='word_1_432' title='bbox 1611 5358 1817 5412; x_wconf 85' lang='lat' dir='ltr'><strong>verbum</strong></span> <span class='ocrx_word' id='word_1_433' title='bbox 1859 5357 1959 5413; x_wconf 81' lang='lat' dir='ltr'><strong>Dei</strong></span> 
     </span>
    </p>
   </div>
   <div class='ocr_carea' id='block_1_56' title="bbox 377 5441 1961 5517">
    <p class='ocr_par' dir='ltr' id='par_1_56' title="bbox 377 5441 1961 5517">
     <span class='ocr_line' id='line_1_56' title="bbox 377 5441 1961 5517; baseline 0.006 -21"><span class='ocrx_word' id='word_1_434' title='bbox 377 5442 516 5511; x_wconf 87' lang='lat' dir='ltr'><strong>loqui</strong></span> <span class='ocrx_word' id='word_1_435' title='bbox 544 5441 804 5514; x_wconf 82' lang='lat' dir='ltr'><strong>(Philipp.</strong></span> <span class='ocrx_word' id='word_1_436' title='bbox 834 5445 888 5499; x_wconf 90' lang='grc'><strong>1.</strong></span> <span class='ocrx_word' id='word_1_437' title='bbox 924 5445 1033 5514; x_wconf 61' lang='lat' dir='ltr'><strong>li).</strong></span> <span class='ocrx_word' id='word_1_438' title='bbox 1064 5445 1179 5515; x_wconf 90' lang='lat' dir='ltr'><strong>lpse</strong></span> <span class='ocrx_word' id='word_1_439' title='bbox 1209 5461 1421 5517; x_wconf 88' lang='lat' dir='ltr'><strong>quoque</strong></span> <span class='ocrx_word' id='word_1_440' title='bbox 1447 5463 1633 5504; x_wconf 90' lang='lat' dir='ltr'><strong>rursus</strong></span> <span class='ocrx_word' id='word_1_441' title='bbox 1662 5449 1764 5505; x_wconf 90' lang='lat' dir='ltr'><strong>hoc</strong></span> <span class='ocrx_word' id='word_1_442' title='bbox 1792 5450 1961 5505; x_wconf 89' lang='lat' dir='ltr'><strong>conﬁ-</strong></span> 
     </span>
    </p>
   </div>
   <div class='ocr_carea' id='block_1_57' title="bbox 379 5534 1960 5611">
    <p class='ocr_par' dir='ltr' id='par_1_57' title="bbox 379 5534 1960 5611">
     <span class='ocr_line' id='line_1_57' title="bbox 379 5534 1960 5611; baseline 0.004 -22"><span class='ocrx_word' id='word_1_443' title='bbox 379 5543 520 5589; x_wconf 88' lang='lat' dir='ltr'><strong>tetur</strong></span> <span class='ocrx_word' id='word_1_444' title='bbox 549 5534 754 5597; x_wconf 84' lang='lat' dir='ltr'><strong>dicens,</strong></span> <span class='ocrx_word' id='word_1_445' title='bbox 815 5534 1032 5603; x_wconf 83' lang='lat' dir='ltr'><strong>Quando</strong></span> <span class='ocrx_word' id='word_1_446' title='bbox 1058 5538 1188 5591; x_wconf 90' lang='lat' dir='ltr'><strong>enim</strong></span> <span class='ocrx_word' id='word_1_447' title='bbox 1216 5538 1470 5605; x_wconf 79' lang='lat' dir='ltr'><strong>inﬁrmor,</strong></span> <span class='ocrx_word' id='word_1_448' title='bbox 1502 5549 1619 5593; x_wconf 89' lang='lat' dir='ltr'><strong>tunc</strong></span> <span class='ocrx_word' id='word_1_449' title='bbox 1644 5551 1821 5611; x_wconf 86' lang='lat' dir='ltr'><strong>potens</strong></span> <span class='ocrx_word' id='word_1_450' title='bbox 1846 5558 1960 5596; x_wconf 90' lang='lat' dir='ltr'><strong>sum</strong></span> 
     </span>
    </p>
   </div>
   <div class='ocr_carea' id='block_1_58' title="bbox 381 5625 1959 5698">
    <p class='ocr_par' dir='ltr' id='par_1_58' title="bbox 381 5625 1959 5698">
     <span class='ocr_line' id='line_1_58' title="bbox 381 5625 1959 5698; baseline 0.004 -17"><span class='ocrx_word' id='word_1_451' title='bbox 381 5626 459 5692; x_wconf 73' lang='lat'><strong>(2.</strong></span> <span class='ocrx_word' id='word_1_452' title='bbox 492 5625 609 5681; x_wconf 88' lang='lat' dir='ltr'><strong>Cor.</strong></span> <span class='ocrx_word' id='word_1_453' title='bbox 651 5626 740 5681; x_wconf 74' lang='grc'><strong>12.</strong></span> <span class='ocrx_word' id='word_1_454' title='bbox 771 5628 880 5698; x_wconf 77' lang='grc'><strong>10).</strong></span> <span class='ocrx_word' id='word_1_455' title='bbox 919 5628 1206 5698; x_wconf 85' lang='lat' dir='ltr'><strong>Propterea</strong></span> <span class='ocrx_word' id='word_1_456' title='bbox 1247 5629 1457 5685; x_wconf 90' lang='lat' dir='ltr'><strong>dicebat</strong></span> <span class='ocrx_word' id='word_1_457' title='bbox 1494 5632 1677 5697; x_wconf 88' lang='lat' dir='ltr'><strong>etiam,</strong></span> <span class='ocrx_word' id='word_1_458' title='bbox 1710 5632 1817 5688; x_wconf 85' lang='lat' dir='ltr'><strong>Sed</strong></span> <span class='ocrx_word' id='word_1_459' title='bbox 1844 5648 1959 5687; x_wconf 80' lang='lat' dir='ltr'><strong>ver-</strong></span> 
     </span>
    </p>
   </div>
   <div class='ocr_carea' id='block_1_59' title="bbox 383 5717 1963 5793">
    <p class='ocr_par' dir='ltr' id='par_1_59' title="bbox 383 5717 1963 5793">
     <span class='ocr_line' id='line_1_59' title="bbox 383 5717 1963 5793; baseline 0.005 -22"><span class='ocrx_word' id='word_1_460' title='bbox 383 5719 499 5771; x_wconf 88' lang='lat' dir='ltr'><strong>bum</strong></span> <span class='ocrx_word' id='word_1_461' title='bbox 533 5717 623 5771; x_wconf 84' lang='lat' dir='ltr'><strong>Dei</strong></span> <span class='ocrx_word' id='word_1_462' title='bbox 651 5735 748 5771; x_wconf 88' lang='lat' dir='ltr'><strong>non</strong></span> <span class='ocrx_word' id='word_1_463' title='bbox 775 5728 848 5771; x_wconf 86' lang='lat' dir='ltr'><strong>est</strong></span> <span class='ocrx_word' id='word_1_464' title='bbox 887 5720 1150 5791; x_wconf 83' lang='lat' dir='ltr'><strong>alligatum</strong></span> <span class='ocrx_word' id='word_1_465' title='bbox 1182 5719 1260 5791; x_wconf 71' lang='lat'><strong>(2.</strong></span> <span class='ocrx_word' id='word_1_466' title='bbox 1291 5720 1426 5776; x_wconf 89' lang='lat' dir='ltr'><strong>Tim.</strong></span> <span class='ocrx_word' id='word_1_467' title='bbox 1454 5720 1510 5775; x_wconf 76' lang='lat'><strong>2.</strong></span> <span class='ocrx_word' id='word_1_468' title='bbox 1542 5720 1623 5793; x_wconf 88' lang='lat'><strong>9).</strong></span> <span class='ocrx_word' id='word_1_469' title='bbox 1650 5721 1706 5777; x_wconf 86' lang='lat' dir='ltr'><strong>in</strong></span> <span class='ocrx_word' id='word_1_470' title='bbox 1738 5722 1963 5779; x_wconf 85' lang='lat' dir='ltr'><strong>vinculis</strong></span> 
     </span>
    </p>
   </div>
   <div class='ocr_carea' id='block_1_60' title="bbox 386 5812 1960 5882">
    <p class='ocr_par' dir='ltr' id='par_1_60' title="bbox 386 5812 1960 5882">
     <span class='ocr_line' id='line_1_60' title="bbox 386 5812 1960 5882; baseline 0.006 -20"><span class='ocrx_word' id='word_1_471' title='bbox 386 5818 506 5863; x_wconf 86' lang='lat' dir='ltr'><strong>erat</strong></span> <span class='ocrx_word' id='word_1_472' title='bbox 539 5822 661 5863; x_wconf 91' lang='lat' dir='ltr'><strong>cum</strong></span> <span class='ocrx_word' id='word_1_473' title='bbox 690 5812 943 5865; x_wconf 82' lang='lat' dir='ltr'><strong>mulclicis</strong></span> <span class='ocrx_word' id='word_1_474' title='bbox 983 5828 1047 5865; x_wconf 88' lang='lat' dir='ltr'><strong>ac</strong></span> <span class='ocrx_word' id='word_1_475' title='bbox 1081 5812 1378 5879; x_wconf 86' lang='lat' dir='ltr'><strong>sceleratis,</strong></span> <span class='ocrx_word' id='word_1_476' title='bbox 1415 5827 1535 5868; x_wconf 89' lang='lat' dir='ltr'><strong>cum</strong></span> <span class='ocrx_word' id='word_1_477' title='bbox 1566 5813 1810 5882; x_wconf 85' lang='lat' dir='ltr'><strong>captivis,</strong></span> <span class='ocrx_word' id='word_1_478' title='bbox 1837 5830 1960 5871; x_wconf 88' lang='lat' dir='ltr'><strong>cum</strong></span> 
     </span>
    </p>
   </div>
   <div class='ocr_carea' id='block_1_61' title="bbox 1277 349 2754 417">
    <p class='ocr_par' dir='ltr' id='par_1_61' title="bbox 1277 349 2754 417">
     <span class='ocr_line' id='line_1_61' title="bbox 1277 349 2754 417; baseline 0 -8"><span class='ocrx_word' id='word_1_479' title='bbox 1277 352 1345 417; x_wconf 83' lang='lat' dir='ltr'><strong>lN</strong></span> <span class='ocrx_word' id='word_1_480' title='bbox 1381 352 1600 411; x_wconf 78' lang='lat' dir='ltr'><strong>EPIST.</strong></span> <span class='ocrx_word' id='word_1_481' title='bbox 1642 352 1735 409; x_wconf 82' lang='grc' dir='ltr'><strong>Αῐ)</strong></span> <span class='ocrx_word' id='word_1_482' title='bbox 1773 349 2045 407; x_wconf 82' lang='lat' dir='ltr'><strong>COLOSS.</strong></span> <span class='ocrx_word' id='word_1_483' title='bbox 2086 350 2237 406; x_wconf 80' lang='lat' dir='ltr'><strong>CAP.</strong></span> <span class='ocrx_word' id='word_1_484' title='bbox 2281 351 2368 407; x_wconf 82' lang='lat' dir='ltr'><strong>IV.</strong></span> <span class='ocrx_word' id='word_1_485' title='bbox 2409 350 2641 409; x_wconf 73' lang='lat' dir='ltr'><strong>liOMlL.</strong></span> <span class='ocrx_word' id='word_1_486' title='bbox 2682 350 2754 409; x_wconf 63' lang='grc' dir='ltr'><strong>Χ.</strong></span> 
     </span>
    </p>
   </div>
   <div class='ocr_carea' id='block_1_62' title="bbox 3561 352 3666 410">
    <p class='ocr_par' dir='ltr' id='par_1_62' title="bbox 3561 352 3666 410">
     <span class='ocr_line' id='line_1_62' title="bbox 3561 352 3666 410; baseline 0.048 -6"><span class='ocrx_word' id='word_1_487' title='bbox 3561 352 3666 410; x_wconf 73' lang='lat'><strong>370</strong></span> 
     </span>
    </p>
   </div>
   <div class='ocr_carea' id='block_1_63' title="bbox 2089 469 3667 543">
    <p class='ocr_par' dir='ltr' id='par_1_63' title="bbox 2089 469 3667 543">
     <span class='ocr_line' id='line_1_63' title="bbox 2089 469 3667 543; baseline 0.001 -18"><span class='ocrx_word' id='word_1_488' title='bbox 2089 469 2397 534; x_wconf 86' lang='lat' dir='ltr'><strong>homicidis,</strong></span> <span class='ocrx_word' id='word_1_489' title='bbox 2449 472 2643 529; x_wconf 90' lang='lat' dir='ltr'><strong>doctor</strong></span> <span class='ocrx_word' id='word_1_490' title='bbox 2684 473 2834 528; x_wconf 87' lang='lat' dir='ltr'><strong>orbis</strong></span> <span class='ocrx_word' id='word_1_491' title='bbox 2878 481 3143 529; x_wconf 84' lang='lat' dir='ltr'><strong>terrarum</strong></span> <span class='ocrx_word' id='word_1_492' title='bbox 3178 475 3305 543; x_wconf 85' lang='lat' dir='ltr'><strong>:qni</strong></span> <span class='ocrx_word' id='word_1_493' title='bbox 3349 475 3401 528; x_wconf 91' lang='lat' dir='ltr'><strong>in</strong></span> <span class='ocrx_word' id='word_1_494' title='bbox 3454 480 3667 529; x_wconf 88' lang='lat' dir='ltr'><strong>tertium</strong></span> 
     </span>
    </p>
   </div>
   <div class='ocr_carea' id='block_1_64' title="bbox 2080 562 3665 635">
    <p class='ocr_par' dir='ltr' id='par_1_64' title="bbox 2080 562 3665 635">
     <span class='ocr_line' id='line_1_64' title="bbox 2080 562 3665 635; baseline 0.003 -21"><span class='ocrx_word' id='word_1_495' title='bbox 2080 562 2324 617; x_wconf 79' lang='lat' dir='ltr'><strong>ascendit</strong></span> <span class='ocrx_word' id='word_1_496' title='bbox 2348 564 2564 629; x_wconf 78' lang='lat' dir='ltr'><strong>etclum,</strong></span> <span class='ocrx_word' id='word_1_497' title='bbox 2593 565 2683 635; x_wconf 90' lang='lat' dir='ltr'><strong>qui</strong></span> <span class='ocrx_word' id='word_1_498' title='bbox 2712 565 2873 619; x_wconf 88' lang='lat' dir='ltr'><strong>verba</strong></span> <span class='ocrx_word' id='word_1_499' title='bbox 2917 564 3118 619; x_wconf 82' lang='lat' dir='ltr'><strong>audivit</strong></span> <span class='ocrx_word' id='word_1_500' title='bbox 3144 580 3337 619; x_wconf 88' lang='lat' dir='ltr'><strong>arcana</strong></span> <span class='ocrx_word' id='word_1_501' title='bbox 3377 574 3432 619; x_wconf 89' lang='lat' dir='ltr'><strong>et</strong></span> <span class='ocrx_word' id='word_1_502' title='bbox 3474 566 3665 619; x_wconf 74' lang='lat' dir='ltr'><strong>ineffa-</strong></span> 
     </span>
    </p>
   </div>
   <div class='ocr_carea' id='block_1_65' title="bbox 2080 654 3669 726">
    <p class='ocr_par' dir='ltr' id='par_1_65' title="bbox 2080 654 3669 726">
     <span class='ocr_line' id='line_1_65' title="bbox 2080 654 3669 726; baseline 0 -17"><span class='ocrx_word' id='word_1_503' title='bbox 2080 654 2228 718; x_wconf 87' lang='lat' dir='ltr'><strong>bilia.</strong></span> <span class='ocrx_word' id='word_1_504' title='bbox 2258 666 2378 711; x_wconf 87' lang='lat' dir='ltr'><strong>erat</strong></span> <span class='ocrx_word' id='word_1_505' title='bbox 2405 656 2639 712; x_wconf 88' lang='lat' dir='ltr'><strong>vinctus.</strong></span> <span class='ocrx_word' id='word_1_506' title='bbox 2669 657 2775 712; x_wconf 92' lang='lat' dir='ltr'><strong>Sed</strong></span> <span class='ocrx_word' id='word_1_507' title='bbox 2814 665 2938 711; x_wconf 92' lang='lat' dir='ltr'><strong>tunc</strong></span> <span class='ocrx_word' id='word_1_508' title='bbox 2980 656 3218 711; x_wconf 87' lang='lat' dir='ltr'><strong>velocior</strong></span> <span class='ocrx_word' id='word_1_509' title='bbox 3255 664 3370 711; x_wconf 90' lang='lat' dir='ltr'><strong>erat</strong></span> <span class='ocrx_word' id='word_1_510' title='bbox 3397 655 3514 726; x_wconf 87' lang='lat' dir='ltr'><strong>ejus</strong></span> <span class='ocrx_word' id='word_1_511' title='bbox 3545 672 3669 710; x_wconf 90' lang='lat' dir='ltr'><strong>cur—</strong></span> 
     </span>
    </p>
   </div>
   <div class='ocr_carea' id='block_1_66' title="bbox 2077 748 3662 819">
    <p class='ocr_par' dir='ltr' id='par_1_66' title="bbox 2077 748 3662 819">
     <span class='ocr_line' id='line_1_66' title="bbox 2077 748 3662 819; baseline 0.002 -19"><span class='ocrx_word' id='word_1_512' title='bbox 2077 762 2189 801; x_wconf 88' lang='lat' dir='ltr'><strong>sus.</strong></span> <span class='ocrx_word' id='word_1_513' title='bbox 2230 748 2330 814; x_wconf 80' lang='lat' dir='ltr'><strong>Qni</strong></span> <span class='ocrx_word' id='word_1_514' title='bbox 2371 758 2487 803; x_wconf 86' lang='lat' dir='ltr'><strong>erat</strong></span> <span class='ocrx_word' id='word_1_515' title='bbox 2514 750 2742 817; x_wconf 90' lang='lat' dir='ltr'><strong>vinctus,</strong></span> <span class='ocrx_word' id='word_1_516' title='bbox 2772 759 2888 805; x_wconf 89' lang='lat' dir='ltr'><strong>erat</strong></span> <span class='ocrx_word' id='word_1_517' title='bbox 2924 749 3164 814; x_wconf 88' lang='lat' dir='ltr'><strong>solutus;</strong></span> <span class='ocrx_word' id='word_1_518' title='bbox 3197 756 3251 804; x_wconf 90' lang='lat' dir='ltr'><strong>et</strong></span> <span class='ocrx_word' id='word_1_519' title='bbox 3288 750 3376 819; x_wconf 90' lang='lat' dir='ltr'><strong>qui</strong></span> <span class='ocrx_word' id='word_1_520' title='bbox 3416 766 3522 805; x_wconf 90' lang='lat' dir='ltr'><strong>non</strong></span> <span class='ocrx_word' id='word_1_521' title='bbox 3551 760 3662 803; x_wconf 85' lang='lat' dir='ltr'><strong>erat</strong></span> 
     </span>
    </p>
   </div>
   <div class='ocr_carea' id='block_1_67' title="bbox 2077 841 3663 913">
    <p class='ocr_par' dir='ltr' id='par_1_67' title="bbox 2077 841 3663 913">
     <span class='ocr_line' id='line_1_67' title="bbox 2077 841 3663 913; baseline 0.003 -22"><span class='ocrx_word' id='word_1_522' title='bbox 2077 841 2308 905; x_wconf 87' lang='lat' dir='ltr'><strong>vinctus,</strong></span> <span class='ocrx_word' id='word_1_523' title='bbox 2349 854 2465 897; x_wconf 87' lang='lat' dir='ltr'><strong>erat</strong></span> <span class='ocrx_word' id='word_1_524' title='bbox 2511 844 2745 898; x_wconf 81' lang='lat' dir='ltr'><strong>vinctus.</strong></span> <span class='ocrx_word' id='word_1_525' title='bbox 2777 843 2906 897; x_wconf 86' lang='lat' dir='ltr'><strong>Nam</strong></span> <span class='ocrx_word' id='word_1_526' title='bbox 2934 844 3021 897; x_wconf 88' lang='lat' dir='ltr'><strong>ille</strong></span> <span class='ocrx_word' id='word_1_527' title='bbox 3052 841 3269 912; x_wconf 92' lang='lat' dir='ltr'><strong>quidem</strong></span> <span class='ocrx_word' id='word_1_528' title='bbox 3305 842 3494 912; x_wconf 84' lang='lat' dir='ltr'><strong>agebat</strong></span> <span class='ocrx_word' id='word_1_529' title='bbox 3518 842 3663 913; x_wconf 87' lang='lat' dir='ltr'><strong>quod</strong></span> 
     </span>
    </p>
   </div>
   <div class='ocr_carea' id='block_1_68' title="bbox 2075 932 3663 1003">
    <p class='ocr_par' dir='ltr' id='par_1_68' title="bbox 2075 932 3663 1003">
     <span class='ocr_line' id='line_1_68' title="bbox 2075 932 3663 1003; baseline 0.003 -19"><span class='ocrx_word' id='word_1_530' title='bbox 2075 932 2340 987; x_wconf 87' lang='lat' dir='ltr'><strong>volebat:</strong></span> <span class='ocrx_word' id='word_1_531' title='bbox 2374 932 2460 986; x_wconf 92' lang='lat' dir='ltr'><strong>hic</strong></span> <span class='ocrx_word' id='word_1_532' title='bbox 2506 943 2683 988; x_wconf 88' lang='lat' dir='ltr'><strong>autem</strong></span> <span class='ocrx_word' id='word_1_533' title='bbox 2730 934 2903 1003; x_wconf 86' lang='lat' dir='ltr'><strong>ipsum</strong></span> <span class='ocrx_word' id='word_1_534' title='bbox 2953 949 3058 987; x_wconf 90' lang='lat' dir='ltr'><strong>non</strong></span> <span class='ocrx_word' id='word_1_535' title='bbox 3106 933 3443 1003; x_wconf 87' lang='lat' dir='ltr'><strong>prohibebat,</strong></span> <span class='ocrx_word' id='word_1_536' title='bbox 3491 950 3663 1003; x_wconf 89' lang='lat' dir='ltr'><strong>neque</strong></span> 
     </span>
    </p>
   </div>
   <div class='ocr_carea' id='block_1_69' title="bbox 2075 1025 3661 1097">
    <p class='ocr_par' dir='ltr' id='par_1_69' title="bbox 2075 1025 3661 1097">
     <span class='ocr_line' id='line_1_69' title="bbox 2075 1025 3661 1097; baseline 0.004 -18"><span class='ocrx_word' id='word_1_537' title='bbox 2075 1039 2229 1079; x_wconf 89' lang='lat' dir='ltr'><strong>suum</strong></span> <span class='ocrx_word' id='word_1_538' title='bbox 2276 1025 2525 1096; x_wconf 86' lang='lat' dir='ltr'><strong>implebat</strong></span> <span class='ocrx_word' id='word_1_539' title='bbox 2574 1030 2923 1097; x_wconf 88' lang='lat' dir='ltr'><strong>prepositmn.</strong></span> <span class='ocrx_word' id='word_1_540' title='bbox 2972 1029 3107 1097; x_wconf 89' lang='lat' dir='ltr'><strong>Quid</strong></span> <span class='ocrx_word' id='word_1_541' title='bbox 3155 1028 3307 1095; x_wconf 84' lang='lat' dir='ltr'><strong>facis,</strong></span> <span class='ocrx_word' id='word_1_542' title='bbox 3355 1045 3389 1083; x_wconf 91' lang='grc' dir='ltr'>ο</span> <span class='ocrx_word' id='word_1_543' title='bbox 3432 1030 3661 1085; x_wconf 83' lang='lat' dir='ltr'><strong>stolide?</strong></span> 
     </span>
    </p>
   </div>
   <div class='ocr_carea' id='block_1_70' title="bbox 2075 1121 3662 1191">
    <p class='ocr_par' dir='ltr' id='par_1_70' title="bbox 2075 1121 3662 1191">
     <span class='ocr_line' id='line_1_70' title="bbox 2075 1121 3662 1191; baseline 0.006 -22"><span class='ocrx_word' id='word_1_544' title='bbox 2075 1132 2201 1171; x_wconf 90' lang='lat' dir='ltr'><strong>unm</strong></span> <span class='ocrx_word' id='word_1_545' title='bbox 2228 1126 2310 1171; x_wconf 88' lang='lat' dir='ltr'><strong>est</strong></span> <span class='ocrx_word' id='word_1_546' title='bbox 2352 1133 2542 1173; x_wconf 88' lang='lat' dir='ltr'><strong>cursor</strong></span> <span class='ocrx_word' id='word_1_547' title='bbox 2570 1121 2908 1191; x_wconf 87' lang='lat' dir='ltr'><strong>corporalis?</strong></span> <span class='ocrx_word' id='word_1_548' title='bbox 2939 1137 3063 1175; x_wconf 93' lang='lat' dir='ltr'><strong>num</strong></span> <span class='ocrx_word' id='word_1_549' title='bbox 3109 1121 3159 1175; x_wconf 93' lang='lat' dir='ltr'><strong>in</strong></span> <span class='ocrx_word' id='word_1_550' title='bbox 3191 1121 3365 1176; x_wconf 90' lang='lat' dir='ltr'><strong>stadio</strong></span> <span class='ocrx_word' id='word_1_551' title='bbox 3408 1122 3547 1191; x_wconf 91' lang='lat' dir='ltr'><strong>quod</strong></span> <span class='ocrx_word' id='word_1_552' title='bbox 3577 1132 3662 1178; x_wconf 83' lang='lat' dir='ltr'><strong>est</strong></span> 
     </span>
    </p>
   </div>
   <div class='ocr_carea' id='block_1_71' title="bbox 2071 1207 3658 1284">
    <p class='ocr_par' dir='ltr' id='par_1_71' title="bbox 2071 1207 3658 1284">
     <span class='ocr_line' id='line_1_71' title="bbox 2071 1207 3658 1284; baseline 0.006 -24"><span class='ocrx_word' id='word_1_553' title='bbox 2071 1207 2210 1277; x_wconf 92' lang='lat' dir='ltr'><strong>apud</strong></span> <span class='ocrx_word' id='word_1_554' title='bbox 2242 1224 2342 1263; x_wconf 90' lang='lat' dir='ltr'><strong>nos</strong></span> <span class='ocrx_word' id='word_1_555' title='bbox 2370 1211 2574 1277; x_wconf 87' lang='lat' dir='ltr'><strong>certat?</strong></span> <span class='ocrx_word' id='word_1_556' title='bbox 2605 1211 2659 1265; x_wconf 88' lang='lat' dir='ltr'><strong>in</strong></span> <span class='ocrx_word' id='word_1_557' title='bbox 2701 1212 2847 1266; x_wconf 77' lang='lat' dir='ltr'><strong>ctelis</strong></span> <span class='ocrx_word' id='word_1_558' title='bbox 2890 1222 3139 1267; x_wconf 84' lang='lat' dir='ltr'><strong>versatur</strong></span> <span class='ocrx_word' id='word_1_559' title='bbox 3167 1231 3181 1268; x_wconf 90' lang='lat'><strong>:</strong></span> <span class='ocrx_word' id='word_1_560' title='bbox 3216 1229 3337 1268; x_wconf 91' lang='lat' dir='ltr'><strong>eum</strong></span> <span class='ocrx_word' id='word_1_561' title='bbox 3373 1215 3461 1284; x_wconf 91' lang='lat' dir='ltr'><strong>qui</strong></span> <span class='ocrx_word' id='word_1_562' title='bbox 3490 1216 3658 1269; x_wconf 83' lang='lat' dir='ltr'><strong>currit</strong></span> 
     </span>
    </p>
   </div>
   <div class='ocr_carea' id='block_1_72' title="bbox 2070 1298 3657 1376">
    <p class='ocr_par' dir='ltr' id='par_1_72' title="bbox 2070 1298 3657 1376">
     <span class='ocr_line' id='line_1_72' title="bbox 2070 1298 3657 1376; baseline 0.006 -24"><span class='ocrx_word' id='word_1_563' title='bbox 2070 1298 2124 1353; x_wconf 91' lang='lat' dir='ltr'><strong>in</strong></span> <span class='ocrx_word' id='word_1_564' title='bbox 2155 1300 2313 1366; x_wconf 74' lang='lat' dir='ltr'><strong>ctelo,</strong></span> <span class='ocrx_word' id='word_1_565' title='bbox 2344 1316 2449 1355; x_wconf 92' lang='lat' dir='ltr'><strong>non</strong></span> <span class='ocrx_word' id='word_1_566' title='bbox 2494 1311 2718 1370; x_wconf 87' lang='lat' dir='ltr'><strong>possunt</strong></span> <span class='ocrx_word' id='word_1_567' title='bbox 2746 1319 2806 1358; x_wconf 85' lang='lat' dir='ltr'><strong>ea</strong></span> <span class='ocrx_word' id='word_1_568' title='bbox 2840 1320 2959 1373; x_wconf 71' lang='lat' dir='ltr'><strong>qua:</strong></span> <span class='ocrx_word' id='word_1_569' title='bbox 2988 1314 3107 1358; x_wconf 91' lang='lat' dir='ltr'><strong>sunt</strong></span> <span class='ocrx_word' id='word_1_570' title='bbox 3141 1305 3192 1357; x_wconf 93' lang='lat' dir='ltr'><strong>iu</strong></span> <span class='ocrx_word' id='word_1_571' title='bbox 3240 1305 3397 1360; x_wconf 91' lang='lat' dir='ltr'><strong>terris</strong></span> <span class='ocrx_word' id='word_1_572' title='bbox 3438 1306 3657 1376; x_wconf 79' lang='lat' dir='ltr'><strong>alligare</strong></span> 
     </span>
    </p>
   </div>
   <div class='ocr_carea' id='block_1_73' title="bbox 2069 1391 3657 1466">
    <p class='ocr_par' dir='ltr' id='par_1_73' title="bbox 2069 1391 3657 1466">
     <span class='ocr_line' id='line_1_73' title="bbox 2069 1391 3657 1466; baseline 0.004 -21"><span class='ocrx_word' id='word_1_573' title='bbox 2069 1398 2124 1445; x_wconf 88' lang='lat' dir='ltr'><strong>et</strong></span> <span class='ocrx_word' id='word_1_574' title='bbox 2163 1391 2418 1447; x_wconf 87' lang='lat' dir='ltr'><strong>retinere.</strong></span> <span class='ocrx_word' id='word_1_575' title='bbox 2467 1392 2582 1448; x_wconf 84' lang='lat' dir='ltr'><strong>Non</strong></span> <span class='ocrx_word' id='word_1_576' title='bbox 2632 1395 2783 1447; x_wconf 77' lang='lat' dir='ltr'><strong>vides</strong></span> <span class='ocrx_word' id='word_1_577' title='bbox 2825 1394 2966 1449; x_wconf 90' lang='lat' dir='ltr'><strong>hunc</strong></span> <span class='ocrx_word' id='word_1_578' title='bbox 3006 1395 3219 1450; x_wconf 88' lang='lat' dir='ltr'><strong>solem?</strong></span> <span class='ocrx_word' id='word_1_579' title='bbox 3266 1396 3450 1451; x_wconf 80' lang='lat' dir='ltr'><strong>Radiis</strong></span> <span class='ocrx_word' id='word_1_580' title='bbox 3498 1398 3657 1466; x_wconf 89' lang='lat' dir='ltr'><strong>injice</strong></span> 
     </span>
    </p>
   </div>
   <div class='ocr_carea' id='block_1_74' title="bbox 2064 1483 3656 1558">
    <p class='ocr_par' dir='ltr' id='par_1_74' title="bbox 2064 1483 3656 1558">
     <span class='ocr_line' id='line_1_74' title="bbox 2064 1483 3656 1558; baseline 0.004 -19"><span class='ocrx_word' id='word_1_581' title='bbox 2064 1483 2300 1549; x_wconf 85' lang='lat' dir='ltr'><strong>vincula,</strong></span> <span class='ocrx_word' id='word_1_582' title='bbox 2350 1484 2481 1539; x_wconf 91' lang='lat' dir='ltr'><strong>siste</strong></span> <span class='ocrx_word' id='word_1_583' title='bbox 2520 1486 2641 1555; x_wconf 90' lang='lat' dir='ltr'><strong>ejus</strong></span> <span class='ocrx_word' id='word_1_584' title='bbox 2688 1502 2903 1541; x_wconf 87' lang='lat' dir='ltr'><strong>cursum</strong></span> <span class='ocrx_word' id='word_1_585' title='bbox 2936 1507 2948 1540; x_wconf 89' lang='lat'>:</span> <span class='ocrx_word' id='word_1_586' title='bbox 2980 1487 3074 1542; x_wconf 89' lang='lat' dir='ltr'><strong>sed</strong></span> <span class='ocrx_word' id='word_1_587' title='bbox 3116 1504 3220 1543; x_wconf 91' lang='lat' dir='ltr'><strong>non</strong></span> <span class='ocrx_word' id='word_1_588' title='bbox 3281 1490 3501 1558; x_wconf 90' lang='lat' dir='ltr'><strong>poteris.</strong></span> <span class='ocrx_word' id='word_1_589' title='bbox 3544 1490 3656 1546; x_wconf 88' lang='lat' dir='ltr'><strong>Nec</strong></span> 
     </span>
    </p>
   </div>
   <div class='ocr_carea' id='block_1_75' title="bbox 2066 1577 3655 1652">
    <p class='ocr_par' dir='ltr' id='par_1_75' title="bbox 2066 1577 3655 1652">
     <span class='ocr_line' id='line_1_75' title="bbox 2066 1577 3655 1652; baseline 0.004 -22"><span class='ocrx_word' id='word_1_590' title='bbox 2066 1592 2194 1646; x_wconf 87' lang='lat' dir='ltr'><strong>ergo</strong></span> <span class='ocrx_word' id='word_1_591' title='bbox 2217 1577 2457 1640; x_wconf 88' lang='lat' dir='ltr'><strong>Paulum,</strong></span> <span class='ocrx_word' id='word_1_592' title='bbox 2484 1588 2537 1631; x_wconf 82' lang='lat' dir='ltr'><strong>et</strong></span> <span class='ocrx_word' id='word_1_593' title='bbox 2564 1581 2730 1634; x_wconf 92' lang='lat' dir='ltr'><strong>multo</strong></span> <span class='ocrx_word' id='word_1_594' title='bbox 2753 1580 2930 1636; x_wconf 91' lang='lat' dir='ltr'><strong>minus</strong></span> <span class='ocrx_word' id='word_1_595' title='bbox 2956 1579 3099 1636; x_wconf 88' lang='lat' dir='ltr'><strong>hunc</strong></span> <span class='ocrx_word' id='word_1_596' title='bbox 3120 1598 3280 1652; x_wconf 89' lang='lat' dir='ltr'><strong>quam</strong></span> <span class='ocrx_word' id='word_1_597' title='bbox 3312 1583 3460 1638; x_wconf 91' lang='lat' dir='ltr'><strong>illum</strong></span> <span class='ocrx_word' id='word_1_598' title='bbox 3495 1602 3509 1639; x_wconf 92' lang='lat'>:</span> <span class='ocrx_word' id='word_1_599' title='bbox 3542 1601 3655 1638; x_wconf 91' lang='lat' dir='ltr'><strong>ma-</strong></span> 
     </span>
    </p>
   </div>
   <div class='ocr_carea' id='block_1_76' title="bbox 2061 1667 3651 1746">
    <p class='ocr_par' dir='ltr' id='par_1_76' title="bbox 2061 1667 3651 1746">
     <span class='ocr_line' id='line_1_76' title="bbox 2061 1667 3651 1746; baseline 0.006 -27"><span class='ocrx_word' id='word_1_600' title='bbox 2061 1667 2234 1737; x_wconf 92' lang='lat' dir='ltr'><strong>jorem</strong></span> <span class='ocrx_word' id='word_1_601' title='bbox 2263 1670 2403 1724; x_wconf 91' lang='lat' dir='ltr'><strong>enim</strong></span> <span class='ocrx_word' id='word_1_602' title='bbox 2435 1670 2526 1724; x_wconf 90' lang='lat' dir='ltr'><strong>Dei</strong></span> <span class='ocrx_word' id='word_1_603' title='bbox 2555 1687 2737 1726; x_wconf 91' lang='lat' dir='ltr'><strong>curam</strong></span> <span class='ocrx_word' id='word_1_604' title='bbox 2768 1687 2831 1727; x_wconf 91' lang='lat' dir='ltr'><strong>ae</strong></span> <span class='ocrx_word' id='word_1_605' title='bbox 2859 1674 3246 1743; x_wconf 89' lang='lat' dir='ltr'><strong>providentiam</strong></span> <span class='ocrx_word' id='word_1_606' title='bbox 3273 1685 3357 1730; x_wconf 90' lang='lat' dir='ltr'><strong>est</strong></span> <span class='ocrx_word' id='word_1_607' title='bbox 3385 1675 3471 1730; x_wconf 90' lang='lat' dir='ltr'><strong>hic</strong></span> <span class='ocrx_word' id='word_1_608' title='bbox 3491 1692 3651 1746; x_wconf 91' lang='lat' dir='ltr'><strong>quam</strong></span> 
     </span>
    </p>
   </div>
   <div class='ocr_carea' id='block_1_77' title="bbox 2066 1760 3648 1834">
    <p class='ocr_par' dir='ltr' id='par_1_77' title="bbox 2066 1760 3648 1834">
     <span class='ocr_line' id='line_1_77' title="bbox 2066 1760 3648 1834; baseline 0.004 -22"><span class='ocrx_word' id='word_1_609' title='bbox 2066 1760 2152 1814; x_wconf 89' lang='lat' dir='ltr'><strong>ille</strong></span> <span class='ocrx_word' id='word_1_610' title='bbox 2179 1774 2562 1831; x_wconf 84' lang='lat' dir='ltr'><strong>consequutus,</strong></span> <span class='ocrx_word' id='word_1_611' title='bbox 2596 1772 2655 1818; x_wconf 92' lang='lat' dir='ltr'><strong>ut</strong></span> <span class='ocrx_word' id='word_1_612' title='bbox 2682 1765 2772 1834; x_wconf 91' lang='lat' dir='ltr'><strong>qui</strong></span> <span class='ocrx_word' id='word_1_613' title='bbox 2805 1781 2911 1819; x_wconf 92' lang='lat' dir='ltr'><strong>non</strong></span> <span class='ocrx_word' id='word_1_614' title='bbox 2944 1765 3097 1820; x_wconf 86' lang='lat' dir='ltr'><strong>nobis</strong></span> <span class='ocrx_word' id='word_1_615' title='bbox 3130 1766 3312 1831; x_wconf 90' lang='lat' dir='ltr'><strong>talem,</strong></span> <span class='ocrx_word' id='word_1_616' title='bbox 3344 1766 3437 1822; x_wconf 90' lang='lat' dir='ltr'><strong>sed</strong></span> <span class='ocrx_word' id='word_1_617' title='bbox 3469 1784 3648 1822; x_wconf 89' lang='lat' dir='ltr'><strong>veram</strong></span> 
     </span>
    </p>
   </div>
   <div class='ocr_carea' id='block_1_78' title="bbox 2065 1851 3653 1929">
    <p class='ocr_par' dir='ltr' id='par_1_78' title="bbox 2065 1851 3653 1929">
     <span class='ocr_line' id='line_1_78' title="bbox 2065 1851 3653 1929; baseline 0.006 -23"><span class='ocrx_word' id='word_1_618' title='bbox 2065 1851 2200 1907; x_wconf 87' lang='lat' dir='ltr'><strong>ferat</strong></span> <span class='ocrx_word' id='word_1_619' title='bbox 2243 1854 2437 1910; x_wconf 91' lang='lat' dir='ltr'><strong>lucem.</strong></span> <span class='ocrx_word' id='word_1_620' title='bbox 2484 1855 2579 1911; x_wconf 88' lang='lat' dir='ltr'><strong>Ubi</strong></span> <span class='ocrx_word' id='word_1_621' title='bbox 2619 1867 2743 1911; x_wconf 90' lang='lat' dir='ltr'><strong>sunt</strong></span> <span class='ocrx_word' id='word_1_622' title='bbox 2779 1858 2869 1928; x_wconf 91' lang='lat' dir='ltr'><strong>qui</strong></span> <span class='ocrx_word' id='word_1_623' title='bbox 2905 1858 3035 1912; x_wconf 91' lang='lat' dir='ltr'><strong>nihil</strong></span> <span class='ocrx_word' id='word_1_624' title='bbox 3080 1858 3266 1913; x_wconf 89' lang='lat' dir='ltr'><strong>volunt</strong></span> <span class='ocrx_word' id='word_1_625' title='bbox 3295 1859 3400 1929; x_wconf 90' lang='lat' dir='ltr'><strong>pati</strong></span> <span class='ocrx_word' id='word_1_626' title='bbox 3434 1868 3653 1927; x_wconf 84' lang='lat' dir='ltr'><strong>propter</strong></span> 
     </span>
    </p>
   </div>
   <div class='ocr_carea' id='block_1_79' title="bbox 2064 1943 3649 2021">
    <p class='ocr_par' dir='ltr' id='par_1_79' title="bbox 2064 1943 3649 2021">
     <span class='ocr_line' id='line_1_79' title="bbox 2064 1943 3649 2021; baseline 0.003 -23"><span class='ocrx_word' id='word_1_627' title='bbox 2064 1943 2379 1999; x_wconf 87' lang='lat' dir='ltr'><strong>Christum?</strong></span> <span class='ocrx_word' id='word_1_628' title='bbox 2424 1947 2550 2015; x_wconf 90' lang='lat' dir='ltr'><strong>quid</strong></span> <span class='ocrx_word' id='word_1_629' title='bbox 2594 1959 2772 2003; x_wconf 90' lang='lat' dir='ltr'><strong>autem</strong></span> <span class='ocrx_word' id='word_1_630' title='bbox 2805 1949 2925 2004; x_wconf 90' lang='lat' dir='ltr'><strong>dico</strong></span> <span class='ocrx_word' id='word_1_631' title='bbox 2968 1950 3099 2020; x_wconf 88' lang='lat' dir='ltr'><strong>pati,</strong></span> <span class='ocrx_word' id='word_1_632' title='bbox 3133 1966 3256 2004; x_wconf 92' lang='lat' dir='ltr'><strong>cum</strong></span> <span class='ocrx_word' id='word_1_633' title='bbox 3299 1966 3367 2005; x_wconf 90' lang='lat' dir='ltr'><strong>ne</strong></span> <span class='ocrx_word' id='word_1_634' title='bbox 3394 1950 3649 2021; x_wconf 82' lang='lat' dir='ltr'><strong>pecunias</strong></span> 
     </span>
    </p>
   </div>
   <div class='ocr_carea' id='block_1_80' title="bbox 2061 2036 3651 2113">
    <p class='ocr_par' dir='ltr' id='par_1_80' title="bbox 2061 2036 3651 2113">
     <span class='ocr_line' id='line_1_80' title="bbox 2061 2036 3651 2113; baseline 0.004 -22"><span class='ocrx_word' id='word_1_635' title='bbox 2061 2036 2277 2106; x_wconf 90' lang='lat' dir='ltr'><strong>quidem</strong></span> <span class='ocrx_word' id='word_1_636' title='bbox 2327 2039 2492 2093; x_wconf 89' lang='lat' dir='ltr'><strong>velint</strong></span> <span class='ocrx_word' id='word_1_637' title='bbox 2544 2040 2905 2110; x_wconf 79' lang='lat' dir='ltr'><strong>profundere?</strong></span> <span class='ocrx_word' id='word_1_638' title='bbox 2959 2042 3233 2097; x_wconf 87' lang='lat' dir='ltr'><strong>Vinciebat</strong></span> <span class='ocrx_word' id='word_1_639' title='bbox 3289 2058 3501 2113; x_wconf 89' lang='lat' dir='ltr'><strong>quoque</strong></span> <span class='ocrx_word' id='word_1_640' title='bbox 3551 2044 3651 2097; x_wconf 88' lang='lat' dir='ltr'><strong>ali-</strong></span> 
     </span>
    </p>
   </div>
   <div class='ocr_carea' id='block_1_81' title="bbox 2059 2130 3650 2204">
    <p class='ocr_par' dir='ltr' id='par_1_81' title="bbox 2059 2130 3650 2204">
     <span class='ocr_line' id='line_1_81' title="bbox 2059 2130 3650 2204; baseline 0.006 -24"><span class='ocrx_word' id='word_1_641' title='bbox 2059 2130 2277 2198; x_wconf 91' lang='lat' dir='ltr'><strong>quando</strong></span> <span class='ocrx_word' id='word_1_642' title='bbox 2302 2130 2518 2197; x_wconf 87' lang='lat' dir='ltr'><strong>Paulus,</strong></span> <span class='ocrx_word' id='word_1_643' title='bbox 2548 2141 2604 2187; x_wconf 91' lang='lat' dir='ltr'><strong>et</strong></span> <span class='ocrx_word' id='word_1_644' title='bbox 2622 2133 2943 2203; x_wconf 89' lang='lat' dir='ltr'><strong>eonjiciebat</strong></span> <span class='ocrx_word' id='word_1_645' title='bbox 2968 2134 3020 2189; x_wconf 93' lang='lat' dir='ltr'><strong>in</strong></span> <span class='ocrx_word' id='word_1_646' title='bbox 3047 2150 3320 2190; x_wconf 89' lang='lat' dir='ltr'><strong>carcerem</strong></span> <span class='ocrx_word' id='word_1_647' title='bbox 3347 2153 3360 2189; x_wconf 94' lang='lat'>:</span> <span class='ocrx_word' id='word_1_648' title='bbox 3385 2136 3475 2190; x_wconf 89' lang='lat' dir='ltr'><strong>sed</strong></span> <span class='ocrx_word' id='word_1_649' title='bbox 3507 2149 3650 2204; x_wconf 86' lang='lat' dir='ltr'><strong>post-</strong></span> 
     </span>
    </p>
   </div>
   <div class='ocr_carea' id='block_1_82' title="bbox 2059 2220 3646 2297">
    <p class='ocr_par' dir='ltr' id='par_1_82' title="bbox 2059 2220 3646 2297">
     <span class='ocr_line' id='line_1_82' title="bbox 2059 2220 3646 2297; baseline 0.004 -25"><span class='ocrx_word' id='word_1_650' title='bbox 2059 2236 2220 2288; x_wconf 86' lang='lat' dir='ltr'><strong>quam</strong></span> <span class='ocrx_word' id='word_1_651' title='bbox 2265 2220 2433 2275; x_wconf 87' lang='lat' dir='ltr'><strong>factus</strong></span> <span class='ocrx_word' id='word_1_652' title='bbox 2463 2232 2547 2276; x_wconf 82' lang='lat' dir='ltr'><strong>est</strong></span> <span class='ocrx_word' id='word_1_653' title='bbox 2574 2222 2771 2278; x_wconf 88' lang='lat' dir='ltr'><strong>Christi</strong></span> <span class='ocrx_word' id='word_1_654' title='bbox 2802 2240 3013 2291; x_wconf 89' lang='lat' dir='ltr'><strong>servus,</strong></span> <span class='ocrx_word' id='word_1_655' title='bbox 3046 2241 3152 2280; x_wconf 89' lang='lat' dir='ltr'><strong>non</strong></span> <span class='ocrx_word' id='word_1_656' title='bbox 3198 2225 3341 2297; x_wconf 89' lang='lat' dir='ltr'><strong>quod</strong></span> <span class='ocrx_word' id='word_1_657' title='bbox 3377 2235 3501 2296; x_wconf 87' lang='lat' dir='ltr'><strong>agat</strong></span> <span class='ocrx_word' id='word_1_658' title='bbox 3527 2227 3646 2297; x_wconf 81' lang='lat' dir='ltr'><strong>glo-</strong></span> 
     </span>
    </p>
   </div>
   <div class='ocr_carea' id='block_1_83' title="bbox 2059 2311 3646 2385">
    <p class='ocr_par' dir='ltr' id='par_1_83' title="bbox 2059 2311 3646 2385">
     <span class='ocr_line' id='line_1_83' title="bbox 2059 2311 3646 2385; baseline 0.004 -21"><span class='ocrx_word' id='word_1_659' title='bbox 2059 2311 2247 2373; x_wconf 89' lang='lat' dir='ltr'><strong>riatur,</strong></span> <span class='ocrx_word' id='word_1_660' title='bbox 2286 2313 2379 2367; x_wconf 90' lang='lat' dir='ltr'><strong>sed</strong></span> <span class='ocrx_word' id='word_1_661' title='bbox 2428 2315 2570 2384; x_wconf 92' lang='lat' dir='ltr'><strong>quod</strong></span> <span class='ocrx_word' id='word_1_662' title='bbox 2624 2317 2876 2385; x_wconf 87' lang='lat' dir='ltr'><strong>patiatur.</strong></span> <span class='ocrx_word' id='word_1_663' title='bbox 2935 2316 3004 2372; x_wconf 89' lang='lat' dir='ltr'><strong>Et</strong></span> <span class='ocrx_word' id='word_1_664' title='bbox 3051 2315 3153 2372; x_wconf 89' lang='lat' dir='ltr'><strong>hoc</strong></span> <span class='ocrx_word' id='word_1_665' title='bbox 3204 2326 3288 2372; x_wconf 91' lang='lat' dir='ltr'><strong>est</strong></span> <span class='ocrx_word' id='word_1_666' title='bbox 3332 2319 3646 2373; x_wconf 87' lang='lat' dir='ltr'><strong>miraculum</strong></span> 
     </span>
    </p>
   </div>
   <div class='ocr_carea' id='block_1_84' title="bbox 2057 2405 3647 2478">
    <p class='ocr_par' dir='ltr' id='par_1_84' title="bbox 2057 2405 3647 2478">
     <span class='ocr_line' id='line_1_84' title="bbox 2057 2405 3647 2478; baseline 0.002 -22"><span class='ocrx_word' id='word_1_667' title='bbox 2057 2405 2480 2475; x_wconf 64' lang='lat' dir='ltr'><strong>priedicationis,</strong></span> <span class='ocrx_word' id='word_1_668' title='bbox 2512 2405 2729 2476; x_wconf 87' lang='lat' dir='ltr'><strong>quando</strong></span> <span class='ocrx_word' id='word_1_669' title='bbox 2758 2422 2855 2478; x_wconf 89' lang='lat' dir='ltr'><strong>per</strong></span> <span class='ocrx_word' id='word_1_670' title='bbox 2894 2407 3041 2478; x_wconf 88' lang='lat' dir='ltr'><strong>ipsos</strong></span> <span class='ocrx_word' id='word_1_671' title='bbox 3088 2407 3375 2478; x_wconf 90' lang='lat' dir='ltr'><strong>patientes,</strong></span> <span class='ocrx_word' id='word_1_672' title='bbox 3411 2423 3517 2463; x_wconf 93' lang='lat' dir='ltr'><strong>uon</strong></span> <span class='ocrx_word' id='word_1_673' title='bbox 3552 2424 3647 2461; x_wconf 87' lang='lat' dir='ltr'><strong>au-</strong></span> 
     </span>
    </p>
   </div>
   <div class='ocr_carea' id='block_1_85' title="bbox 2058 2498 3649 2569">
    <p class='ocr_par' dir='ltr' id='par_1_85' title="bbox 2058 2498 3649 2569">
     <span class='ocr_line' id='line_1_85' title="bbox 2058 2498 3649 2569; baseline 0.002 -21"><span class='ocrx_word' id='word_1_674' title='bbox 2058 2504 2166 2549; x_wconf 91' lang='lat' dir='ltr'><strong>tem</strong></span> <span class='ocrx_word' id='word_1_675' title='bbox 2198 2511 2293 2566; x_wconf 87' lang='lat' dir='ltr'><strong>per</strong></span> <span class='ocrx_word' id='word_1_676' title='bbox 2319 2498 2459 2552; x_wconf 91' lang='lat' dir='ltr'><strong>male</strong></span> <span class='ocrx_word' id='word_1_677' title='bbox 2484 2507 2726 2569; x_wconf 75' lang='lat' dir='ltr'><strong>agentes,</strong></span> <span class='ocrx_word' id='word_1_678' title='bbox 2754 2499 2833 2553; x_wconf 90' lang='lat' dir='ltr'><strong>sic</strong></span> <span class='ocrx_word' id='word_1_679' title='bbox 2862 2498 3124 2554; x_wconf 82' lang='lat' dir='ltr'><strong>excitatur</strong></span> <span class='ocrx_word' id='word_1_680' title='bbox 3151 2510 3207 2554; x_wconf 89' lang='lat' dir='ltr'><strong>et</strong></span> <span class='ocrx_word' id='word_1_681' title='bbox 3234 2509 3477 2568; x_wconf 77' lang='lat' dir='ltr'><strong>augetur.</strong></span> <span class='ocrx_word' id='word_1_682' title='bbox 3513 2498 3649 2555; x_wconf 85' lang='lat' dir='ltr'><strong>Ubi-</strong></span> 
     </span>
    </p>
   </div>
   <div class='ocr_carea' id='block_1_86' title="bbox 2059 2587 3645 2661">
    <p class='ocr_par' dir='ltr' id='par_1_86' title="bbox 2059 2587 3645 2661">
     <span class='ocr_line' id='line_1_86' title="bbox 2059 2587 3645 2661; baseline 0.001 -20"><span class='ocrx_word' id='word_1_683' title='bbox 2059 2602 2180 2641; x_wconf 88' lang='lat' dir='ltr'><strong>nam</strong></span> <span class='ocrx_word' id='word_1_684' title='bbox 2222 2587 2356 2643; x_wconf 88' lang='lat' dir='ltr'><strong>vidit</strong></span> <span class='ocrx_word' id='word_1_685' title='bbox 2395 2590 2658 2661; x_wconf 87' lang='lat' dir='ltr'><strong>quispiam</strong></span> <span class='ocrx_word' id='word_1_686' title='bbox 2689 2589 2951 2661; x_wconf 89' lang='lat' dir='ltr'><strong>ejusmodi</strong></span> <span class='ocrx_word' id='word_1_687' title='bbox 2999 2590 3331 2645; x_wconf 89' lang='lat' dir='ltr'><strong>certamina?</strong></span> <span class='ocrx_word' id='word_1_688' title='bbox 3370 2590 3470 2658; x_wconf 83' lang='lat' dir='ltr'><strong>Qui</strong></span> <span class='ocrx_word' id='word_1_689' title='bbox 3506 2589 3645 2643; x_wconf 89' lang='lat' dir='ltr'><strong>male</strong></span> 
     </span>
    </p>
   </div>
   <div class='ocr_carea' id='block_1_87' title="bbox 2057 2681 3643 2757">
    <p class='ocr_par' dir='ltr' id='par_1_87' title="bbox 2057 2681 3643 2757">
     <span class='ocr_line' id='line_1_87' title="bbox 2057 2681 3643 2757; baseline -0.001 -19"><span class='ocrx_word' id='word_1_690' title='bbox 2057 2685 2271 2753; x_wconf 86' lang='lat' dir='ltr'><strong>patitur.</strong></span> <span class='ocrx_word' id='word_1_691' title='bbox 2306 2685 2471 2740; x_wconf 86' lang='lat' dir='ltr'><strong>vincit</strong></span> <span class='ocrx_word' id='word_1_692' title='bbox 2504 2702 2517 2738; x_wconf 92' lang='lat'><strong>:</strong></span> <span class='ocrx_word' id='word_1_693' title='bbox 2551 2694 2605 2740; x_wconf 94' lang='lat' dir='ltr'><strong>et</strong></span> <span class='ocrx_word' id='word_1_694' title='bbox 2643 2687 2733 2757; x_wconf 90' lang='lat' dir='ltr'><strong>qui</strong></span> <span class='ocrx_word' id='word_1_695' title='bbox 2774 2686 2916 2741; x_wconf 88' lang='lat' dir='ltr'><strong>male</strong></span> <span class='ocrx_word' id='word_1_696' title='bbox 2958 2685 3087 2756; x_wconf 85' lang='lat' dir='ltr'><strong>agit,</strong></span> <span class='ocrx_word' id='word_1_697' title='bbox 3123 2684 3375 2739; x_wconf 88' lang='lat' dir='ltr'><strong>vincitur.</strong></span> <span class='ocrx_word' id='word_1_698' title='bbox 3406 2682 3501 2738; x_wconf 87' lang='lat' dir='ltr'><strong>Ille</strong></span> <span class='ocrx_word' id='word_1_699' title='bbox 3540 2681 3643 2736; x_wconf 89' lang='lat' dir='ltr'><strong>hoc</strong></span> 
     </span>
    </p>
   </div>
   <div class='ocr_carea' id='block_1_88' title="bbox 2055 2773 3639 2846">
    <p class='ocr_par' dir='ltr' id='par_1_88' title="bbox 2055 2773 3639 2846">
     <span class='ocr_line' id='line_1_88' title="bbox 2055 2773 3639 2846; baseline -0.001 -18"><span class='ocrx_word' id='word_1_700' title='bbox 2055 2775 2371 2845; x_wconf 70' lang='lat' dir='ltr'><strong>prmclarior</strong></span> <span class='ocrx_word' id='word_1_701' title='bbox 2402 2793 2418 2832; x_wconf 87' lang='lat'><strong>:</strong></span> <span class='ocrx_word' id='word_1_702' title='bbox 2452 2776 2760 2844; x_wconf 78' lang='lat' dir='ltr'><strong>prtedicatio</strong></span> <span class='ocrx_word' id='word_1_703' title='bbox 2808 2776 3045 2831; x_wconf 90' lang='lat' dir='ltr'><strong>introivit</strong></span> <span class='ocrx_word' id='word_1_704' title='bbox 3092 2790 3190 2846; x_wconf 89' lang='lat' dir='ltr'><strong>per</strong></span> <span class='ocrx_word' id='word_1_705' title='bbox 3235 2774 3470 2829; x_wconf 88' lang='lat' dir='ltr'><strong>vincula.</strong></span> <span class='ocrx_word' id='word_1_706' title='bbox 3524 2773 3639 2828; x_wconf 88' lang='lat' dir='ltr'><strong>Non</strong></span> 
     </span>
    </p>
   </div>
   <div class='ocr_carea' id='block_1_89' title="bbox 2054 2868 3643 2939">
    <p class='ocr_par' dir='ltr' id='par_1_89' title="bbox 2054 2868 3643 2939">
     <span class='ocr_line' id='line_1_89' title="bbox 2054 2868 3643 2939; baseline -0.001 -19"><span class='ocrx_word' id='word_1_707' title='bbox 2054 2868 2332 2933; x_wconf 90' lang='lat' dir='ltr'><strong>erubesco,</strong></span> <span class='ocrx_word' id='word_1_708' title='bbox 2366 2869 2557 2939; x_wconf 89' lang='lat' dir='ltr'><strong>inquit,</strong></span> <span class='ocrx_word' id='word_1_709' title='bbox 2591 2868 2685 2924; x_wconf 90' lang='lat' dir='ltr'><strong>sed</strong></span> <span class='ocrx_word' id='word_1_710' title='bbox 2715 2869 2876 2924; x_wconf 89' lang='lat' dir='ltr'><strong>etiam</strong></span> <span class='ocrx_word' id='word_1_711' title='bbox 2908 2870 3128 2938; x_wconf 77' lang='lat' dir='ltr'><strong>glorior,</strong></span> <span class='ocrx_word' id='word_1_712' title='bbox 3157 2868 3476 2923; x_wconf 83' lang='lat' dir='ltr'><strong>cruciﬁxum</strong></span> <span class='ocrx_word' id='word_1_713' title='bbox 3506 2879 3643 2936; x_wconf 66' lang='lat' dir='ltr'><strong>prtu-</strong></span> 
     </span>
    </p>
   </div>
   <div class='ocr_carea' id='block_1_90' title="bbox 2052 2959 3642 3032">
    <p class='ocr_par' dir='ltr' id='par_1_90' title="bbox 2052 2959 3642 3032">
     <span class='ocr_line' id='line_1_90' title="bbox 2052 2959 3642 3032; baseline -0.003 -17"><span class='ocrx_word' id='word_1_714' title='bbox 2052 2960 2263 3015; x_wconf 78' lang='lat' dir='ltr'><strong>dicans.</strong></span> <span class='ocrx_word' id='word_1_715' title='bbox 2296 2960 2386 3016; x_wconf 89' lang='lat' dir='ltr'><strong>Sic</strong></span> <span class='ocrx_word' id='word_1_716' title='bbox 2416 2970 2598 3016; x_wconf 87' lang='lat' dir='ltr'><strong>autem</strong></span> <span class='ocrx_word' id='word_1_717' title='bbox 2627 2963 2802 3032; x_wconf 80' lang='lat' dir='ltr'><strong>cogita</strong></span> <span class='ocrx_word' id='word_1_718' title='bbox 2836 2978 2851 3015; x_wconf 90' lang='lat'><strong>:</strong></span> <span class='ocrx_word' id='word_1_719' title='bbox 2884 2960 3182 3018; x_wconf 89' lang='lat' dir='ltr'><strong>Uuiversus</strong></span> <span class='ocrx_word' id='word_1_720' title='bbox 3210 2959 3359 3014; x_wconf 86' lang='lat' dir='ltr'><strong>orbis</strong></span> <span class='ocrx_word' id='word_1_721' title='bbox 3391 2969 3547 3014; x_wconf 77' lang='lat' dir='ltr'><strong>terra:</strong></span> <span class='ocrx_word' id='word_1_722' title='bbox 3578 2959 3642 3011; x_wconf 92' lang='lat' dir='ltr'><strong>iis</strong></span> 
     </span>
    </p>
   </div>
   <div class='ocr_carea' id='block_1_91' title="bbox 2056 3051 3639 3125">
    <p class='ocr_par' dir='ltr' id='par_1_91' title="bbox 2056 3051 3639 3125">
     <span class='ocr_line' id='line_1_91' title="bbox 2056 3051 3639 3125; baseline -0.002 -18"><span class='ocrx_word' id='word_1_723' title='bbox 2056 3053 2294 3110; x_wconf 89' lang='lat' dir='ltr'><strong>dimissis</strong></span> <span class='ocrx_word' id='word_1_724' title='bbox 2320 3055 2412 3125; x_wconf 88' lang='lat' dir='ltr'><strong>qui</strong></span> <span class='ocrx_word' id='word_1_725' title='bbox 2443 3067 2567 3109; x_wconf 89' lang='lat' dir='ltr'><strong>sunt</strong></span> <span class='ocrx_word' id='word_1_726' title='bbox 2596 3055 2778 3119; x_wconf 90' lang='lat' dir='ltr'><strong>soluti,</strong></span> <span class='ocrx_word' id='word_1_727' title='bbox 2810 3054 3020 3111; x_wconf 89' lang='lat' dir='ltr'><strong>accedit</strong></span> <span class='ocrx_word' id='word_1_728' title='bbox 3047 3054 3113 3109; x_wconf 91' lang='lat' dir='ltr'><strong>ad</strong></span> <span class='ocrx_word' id='word_1_729' title='bbox 3142 3054 3348 3109; x_wconf 88' lang='lat' dir='ltr'><strong>vinctos</strong></span> <span class='ocrx_word' id='word_1_730' title='bbox 3379 3070 3393 3106; x_wconf 90' lang='lat'><strong>:</strong></span> <span class='ocrx_word' id='word_1_731' title='bbox 3426 3067 3521 3109; x_wconf 89' lang='lat' dir='ltr'><strong>eos</strong></span> <span class='ocrx_word' id='word_1_732' title='bbox 3549 3051 3639 3121; x_wconf 86' lang='lat' dir='ltr'><strong>qui</strong></span> 
     </span>
    </p>
   </div>
   <div class='ocr_carea' id='block_1_92' title="bbox 2054 3144 3639 3218">
    <p class='ocr_par' dir='ltr' id='par_1_92' title="bbox 2054 3144 3639 3218">
     <span class='ocr_line' id='line_1_92' title="bbox 2054 3144 3639 3218; baseline -0.001 -18"><span class='ocrx_word' id='word_1_733' title='bbox 2054 3147 2296 3202; x_wconf 88' lang='lat' dir='ltr'><strong>vinciunt</strong></span> <span class='ocrx_word' id='word_1_734' title='bbox 2323 3164 2601 3213; x_wconf 80' lang='lat' dir='ltr'><strong>aversaris,</strong></span> <span class='ocrx_word' id='word_1_735' title='bbox 2633 3148 2865 3203; x_wconf 87' lang='lat' dir='ltr'><strong>honorat</strong></span> <span class='ocrx_word' id='word_1_736' title='bbox 2904 3163 2999 3203; x_wconf 91' lang='lat' dir='ltr'><strong>eos</strong></span> <span class='ocrx_word' id='word_1_737' title='bbox 3037 3147 3128 3218; x_wconf 92' lang='lat' dir='ltr'><strong>qui</strong></span> <span class='ocrx_word' id='word_1_738' title='bbox 3160 3156 3287 3200; x_wconf 89' lang='lat' dir='ltr'><strong>sunt</strong></span> <span class='ocrx_word' id='word_1_739' title='bbox 3325 3144 3639 3199; x_wconf 83' lang='lat' dir='ltr'><strong>circumdati</strong></span> 
     </span>
    </p>
   </div>
   <div class='ocr_carea' id='block_1_93' title="bbox 2053 3238 3616 3309">
    <p class='ocr_par' dir='ltr' id='par_1_93' title="bbox 2053 3238 3616 3309">
     <span class='ocr_line' id='line_1_93' title="bbox 2053 3238 3616 3309; baseline -0.003 -17"><span class='ocrx_word' id='word_1_740' title='bbox 2053 3239 2296 3305; x_wconf 89' lang='lat' dir='ltr'><strong>catenis;</strong></span> <span class='ocrx_word' id='word_1_741' title='bbox 2340 3253 2436 3294; x_wconf 89' lang='lat' dir='ltr'><strong>eos</strong></span> <span class='ocrx_word' id='word_1_742' title='bbox 2475 3239 2601 3294; x_wconf 86' lang='lat' dir='ltr'><strong>odio</strong></span> <span class='ocrx_word' id='word_1_743' title='bbox 2640 3239 2845 3295; x_wconf 91' lang='lat' dir='ltr'><strong>habens</strong></span> <span class='ocrx_word' id='word_1_744' title='bbox 2891 3238 2983 3309; x_wconf 90' lang='lat' dir='ltr'><strong>qui</strong></span> <span class='ocrx_word' id='word_1_745' title='bbox 3010 3238 3078 3307; x_wconf 36' lang='lat' dir='ltr'><strong>.iu</strong></span> <span class='ocrx_word' id='word_1_746' title='bbox 3124 3252 3339 3293; x_wconf 89' lang='lat' dir='ltr'><strong>crucem</strong></span> <span class='ocrx_word' id='word_1_747' title='bbox 3388 3246 3616 3306; x_wconf 83' lang='lat' dir='ltr'><strong>egerunt</strong></span> 
     </span>
    </p>
   </div>
   <div class='ocr_carea' id='block_1_94' title="bbox 2057 3328 2599 3385">
    <p class='ocr_par' dir='ltr' id='par_1_94' title="bbox 2057 3328 2599 3385">
     <span class='ocr_line' id='line_1_94' title="bbox 2057 3328 2599 3385; baseline -0.002 -1"><span class='ocrx_word' id='word_1_748' title='bbox 2057 3330 2247 3384; x_wconf 87' lang='lat' dir='ltr'><strong>adorat</strong></span> <span class='ocrx_word' id='word_1_749' title='bbox 2270 3328 2599 3385; x_wconf 88' lang='lat' dir='ltr'><strong>cruciﬁxum.</strong></span> 
     </span>
    </p>
   </div>
   <div class='ocr_carea' id='block_1_95' title="bbox 2122 3420 3637 3494">
    <p class='ocr_par' dir='ltr' id='par_1_95' title="bbox 2122 3420 3637 3494">
     <span class='ocr_line' id='line_1_95' title="bbox 2122 3420 3637 3494; baseline -0.006 -15"><span class='ocrx_word' id='word_1_750' title='bbox 2122 3425 2178 3479; x_wconf 74' lang='grc'><strong>4.</strong></span> <span class='ocrx_word' id='word_1_751' title='bbox 2211 3422 2397 3494; x_wconf 89' lang='lat' dir='ltr'><strong>Neque</strong></span> <span class='ocrx_word' id='word_1_752' title='bbox 2416 3424 2593 3479; x_wconf 90' lang='lat' dir='ltr'><strong>solum</strong></span> <span class='ocrx_word' id='word_1_753' title='bbox 2620 3430 2705 3477; x_wconf 89' lang='lat' dir='ltr'><strong>est</strong></span> <span class='ocrx_word' id='word_1_754' title='bbox 2727 3420 3058 3486; x_wconf 88' lang='lat' dir='ltr'><strong>mirandum,</strong></span> <span class='ocrx_word' id='word_1_755' title='bbox 3090 3420 3232 3490; x_wconf 88' lang='lat' dir='ltr'><strong>quod</strong></span> <span class='ocrx_word' id='word_1_756' title='bbox 3256 3420 3553 3489; x_wconf 85' lang='lat' dir='ltr'><strong>piscatores</strong></span> <span class='ocrx_word' id='word_1_757' title='bbox 3584 3425 3637 3470; x_wconf 90' lang='lat' dir='ltr'><strong>et</strong></span> 
     </span>
    </p>
   </div>
   <div class='ocr_carea' id='block_1_96' title="bbox 2056 3512 3639 3584">
    <p class='ocr_par' dir='ltr' id='par_1_96' title="bbox 2056 3512 3639 3584">
     <span class='ocr_line' id='line_1_96' title="bbox 2056 3512 3639 3584; baseline -0.006 -12"><span class='ocrx_word' id='word_1_758' title='bbox 2056 3516 2238 3572; x_wconf 73' lang='lat' dir='ltr'><strong>idiota:</strong></span> <span class='ocrx_word' id='word_1_759' title='bbox 2257 3525 2416 3570; x_wconf 90' lang='lat' dir='ltr'><strong>erant</strong></span> <span class='ocrx_word' id='word_1_760' title='bbox 2447 3515 2851 3584; x_wconf 72' lang='lat' dir='ltr'><strong>praedicatores,</strong></span> <span class='ocrx_word' id='word_1_761' title='bbox 2888 3513 2978 3567; x_wconf 86' lang='lat' dir='ltr'><strong>sed</strong></span> <span class='ocrx_word' id='word_1_762' title='bbox 3006 3513 3166 3567; x_wconf 89' lang='lat' dir='ltr'><strong>etiam</strong></span> <span class='ocrx_word' id='word_1_763' title='bbox 3193 3513 3335 3582; x_wconf 91' lang='lat' dir='ltr'><strong>quod</strong></span> <span class='ocrx_word' id='word_1_764' title='bbox 3368 3512 3494 3577; x_wconf 89' lang='lat' dir='ltr'><strong>alia,</strong></span> <span class='ocrx_word' id='word_1_765' title='bbox 3514 3524 3639 3580; x_wconf 63' lang='lat' dir='ltr'><strong>quae</strong></span> 
     </span>
    </p>
   </div>
   <div class='ocr_carea' id='block_1_97' title="bbox 2052 3600 3635 3675">
    <p class='ocr_par' dir='ltr' id='par_1_97' title="bbox 2052 3600 3635 3675">
     <span class='ocr_line' id='line_1_97' title="bbox 2052 3600 3635 3675; baseline -0.004 -14"><span class='ocrx_word' id='word_1_766' title='bbox 2052 3616 2259 3661; x_wconf 65' lang='lat' dir='ltr'><strong>natura:</strong></span> <span class='ocrx_word' id='word_1_767' title='bbox 2286 3604 2663 3675; x_wconf 90' lang='lat' dir='ltr'><strong>impedimenta</strong></span> <span class='ocrx_word' id='word_1_768' title='bbox 2690 3615 2862 3670; x_wconf 91' lang='lat' dir='ltr'><strong>erant,</strong></span> <span class='ocrx_word' id='word_1_769' title='bbox 2882 3620 2987 3660; x_wconf 88' lang='lat' dir='ltr'><strong>non</strong></span> <span class='ocrx_word' id='word_1_770' title='bbox 3006 3603 3219 3660; x_wconf 88' lang='lat' dir='ltr'><strong>fuerunt</strong></span> <span class='ocrx_word' id='word_1_771' title='bbox 3236 3600 3635 3672; x_wconf 75' lang='lat' dir='ltr'><strong>impedimenta,</strong></span> 
     </span>
    </p>
   </div>
   <div class='ocr_carea' id='block_1_98' title="bbox 2052 3689 3640 3770">
    <p class='ocr_par' dir='ltr' id='par_1_98' title="bbox 2052 3689 3640 3770">
     <span class='ocr_line' id='line_1_98' title="bbox 2052 3689 3640 3770; baseline -0.004 -17"><span class='ocrx_word' id='word_1_772' title='bbox 2052 3706 2109 3753; x_wconf 93' lang='lat' dir='ltr'><strong>et</strong></span> <span class='ocrx_word' id='word_1_773' title='bbox 2134 3698 2306 3769; x_wconf 84' lang='lat' dir='ltr'><strong>major</strong></span> <span class='ocrx_word' id='word_1_774' title='bbox 2327 3697 2460 3753; x_wconf 89' lang='lat' dir='ltr'><strong>facta</strong></span> <span class='ocrx_word' id='word_1_775' title='bbox 2486 3689 2844 3770; x_wconf 30' lang='lat' dir='ltr'><strong>e‘staceessio.</strong></span> <span class='ocrx_word' id='word_1_776' title='bbox 2876 3697 2993 3754; x_wconf 87' lang='lat' dir='ltr'><strong>Non</strong></span> <span class='ocrx_word' id='word_1_777' title='bbox 3021 3698 3197 3753; x_wconf 91' lang='lat' dir='ltr'><strong>solum</strong></span> <span class='ocrx_word' id='word_1_778' title='bbox 3225 3697 3356 3752; x_wconf 90' lang='lat' dir='ltr'><strong>nihil</strong></span> <span class='ocrx_word' id='word_1_779' title='bbox 3396 3694 3640 3765; x_wconf 83' lang='lat' dir='ltr'><strong>impediit</strong></span> 
     </span>
    </p>
   </div>
   <div class='ocr_carea' id='block_1_99' title="bbox 2053 3786 3641 3858">
    <p class='ocr_par' dir='ltr' id='par_1_99' title="bbox 2053 3786 3641 3858">
     <span class='ocr_line' id='line_1_99' title="bbox 2053 3786 3641 3858; baseline -0.005 -13"><span class='ocrx_word' id='word_1_780' title='bbox 2053 3789 2258 3846; x_wconf 89' lang='lat' dir='ltr'><strong>ruditas</strong></span> <span class='ocrx_word' id='word_1_781' title='bbox 2283 3797 2338 3844; x_wconf 88' lang='lat' dir='ltr'><strong>et</strong></span> <span class='ocrx_word' id='word_1_782' title='bbox 2366 3789 2627 3858; x_wconf 88' lang='lat' dir='ltr'><strong>imperitia</strong></span> <span class='ocrx_word' id='word_1_783' title='bbox 2648 3830 2664 3854; x_wconf 95' lang='lat'><strong>,</strong></span> <span class='ocrx_word' id='word_1_784' title='bbox 2694 3789 2789 3844; x_wconf 89' lang='lat' dir='ltr'><strong>sed</strong></span> <span class='ocrx_word' id='word_1_785' title='bbox 2816 3790 2977 3845; x_wconf 87' lang='lat' dir='ltr'><strong>etiam</strong></span> <span class='ocrx_word' id='word_1_786' title='bbox 3007 3788 3107 3844; x_wconf 91' lang='lat' dir='ltr'><strong>hoc</strong></span> <span class='ocrx_word' id='word_1_787' title='bbox 3151 3789 3324 3858; x_wconf 92' lang='lat' dir='ltr'><strong>ipsum</strong></span> <span class='ocrx_word' id='word_1_788' title='bbox 3365 3786 3540 3841; x_wconf 80' lang='lat' dir='ltr'><strong>eﬁ‘ecit</strong></span> <span class='ocrx_word' id='word_1_789' title='bbox 3583 3793 3641 3838; x_wconf 90' lang='lat' dir='ltr'><strong>ut</strong></span> 
     </span>
    </p>
   </div>
   <div class='ocr_carea' id='block_1_100' title="bbox 2054 3875 3643 3948">
    <p class='ocr_par' dir='ltr' id='par_1_100' title="bbox 2054 3875 3643 3948">
     <span class='ocr_line' id='line_1_100' title="bbox 2054 3875 3643 3948; baseline -0.006 -13"><span class='ocrx_word' id='word_1_790' title='bbox 2054 3880 2332 3935; x_wconf 88' lang='lat' dir='ltr'><strong>manifesta</strong></span> <span class='ocrx_word' id='word_1_791' title='bbox 2368 3877 2519 3935; x_wconf 89' lang='lat' dir='ltr'><strong>ﬁeret</strong></span> <span class='ocrx_word' id='word_1_792' title='bbox 2547 3878 2877 3948; x_wconf 68' lang='lat' dir='ltr'><strong>praedicatio.</strong></span> <span class='ocrx_word' id='word_1_793' title='bbox 2905 3878 3043 3935; x_wconf 88' lang='lat' dir='ltr'><strong>Audi</strong></span> <span class='ocrx_word' id='word_1_794' title='bbox 3070 3878 3213 3933; x_wconf 92' lang='lat' dir='ltr'><strong>enim</strong></span> <span class='ocrx_word' id='word_1_795' title='bbox 3236 3877 3435 3933; x_wconf 89' lang='lat' dir='ltr'><strong>Lucam</strong></span> <span class='ocrx_word' id='word_1_796' title='bbox 3458 3875 3643 3931; x_wconf 89' lang='lat' dir='ltr'><strong>dicen-</strong></span> 
     </span>
    </p>
   </div>
   <div class='ocr_carea' id='block_1_101' title="bbox 2054 3970 3639 4043">
    <p class='ocr_par' dir='ltr' id='par_1_101' title="bbox 2054 3970 3639 4043">
     <span class='ocr_line' id='line_1_101' title="bbox 2054 3970 3639 4043; baseline -0.004 -15"><span class='ocrx_word' id='word_1_797' title='bbox 2054 3981 2161 4028; x_wconf 87' lang='lat' dir='ltr'><strong>tem</strong></span> <span class='ocrx_word' id='word_1_798' title='bbox 2195 3990 2209 4027; x_wconf 89' lang='lat'><strong>:</strong></span> <span class='ocrx_word' id='word_1_799' title='bbox 2240 3970 2308 4025; x_wconf 88' lang='lat' dir='ltr'><strong>Et</strong></span> <span class='ocrx_word' id='word_1_800' title='bbox 2337 3988 2450 4025; x_wconf 87' lang='lat' dir='ltr'><strong>cum</strong></span> <span class='ocrx_word' id='word_1_801' title='bbox 2476 3972 2872 4042; x_wconf 82' lang='lat' dir='ltr'><strong>comperissent,</strong></span> <span class='ocrx_word' id='word_1_802' title='bbox 2902 3972 3107 4043; x_wconf 91' lang='lat' dir='ltr'><strong>inquit,</strong></span> <span class='ocrx_word' id='word_1_803' title='bbox 3138 3972 3274 4043; x_wconf 87' lang='lat' dir='ltr'><strong>quod</strong></span> <span class='ocrx_word' id='word_1_804' title='bbox 3305 3971 3529 4024; x_wconf 84' lang='lat' dir='ltr'><strong>homines</strong></span> <span class='ocrx_word' id='word_1_805' title='bbox 3558 3985 3639 4023; x_wconf 89' lang='lat' dir='ltr'><strong>es-</strong></span> 
     </span>
    </p>
   </div>
   <div class='ocr_carea' id='block_1_102' title="bbox 2052 4061 3636 4135">
    <p class='ocr_par' dir='ltr' id='par_1_102' title="bbox 2052 4061 3636 4135">
     <span class='ocr_line' id='line_1_102' title="bbox 2052 4061 3636 4135; baseline -0.004 -15"><span class='ocrx_word' id='word_1_806' title='bbox 2052 4073 2161 4120; x_wconf 89' lang='lat' dir='ltr'><strong>sent</strong></span> <span class='ocrx_word' id='word_1_807' title='bbox 2185 4063 2414 4118; x_wconf 87' lang='lat' dir='ltr'><strong>illiterati</strong></span> <span class='ocrx_word' id='word_1_808' title='bbox 2442 4073 2489 4116; x_wconf 90' lang='lat' dir='ltr'><strong>et</strong></span> <span class='ocrx_word' id='word_1_809' title='bbox 2514 4064 2697 4131; x_wconf 84' lang='lat' dir='ltr'><strong>rudes,</strong></span> <span class='ocrx_word' id='word_1_810' title='bbox 2743 4063 3059 4117; x_wconf 87' lang='lat' dir='ltr'><strong>mirabantur</strong></span> <span class='ocrx_word' id='word_1_811' title='bbox 3088 4063 3232 4135; x_wconf 83' lang='lat' dir='ltr'><strong>(Act.</strong></span> <span class='ocrx_word' id='word_1_812' title='bbox 3270 4063 3323 4118; x_wconf 73' lang='grc'><strong>4.</strong></span> <span class='ocrx_word' id='word_1_813' title='bbox 3358 4063 3425 4116; x_wconf 74' lang='grc'><strong>13</strong></span> <span class='ocrx_word' id='word_1_814' title='bbox 3446 4061 3489 4133; x_wconf 94' lang='grc'><strong>).</strong></span> <span class='ocrx_word' id='word_1_815' title='bbox 3522 4061 3636 4115; x_wconf 83' lang='lat' dir='ltr'><strong>Non</strong></span> 
     </span>
    </p>
   </div>
   <div class='ocr_carea' id='block_1_103' title="bbox 2054 4152 3640 4225">
    <p class='ocr_par' dir='ltr' id='par_1_103' title="bbox 2054 4152 3640 4225">
     <span class='ocr_line' id='line_1_103' title="bbox 2054 4152 3640 4225; baseline -0.003 -14"><span class='ocrx_word' id='word_1_816' title='bbox 2054 4156 2228 4211; x_wconf 90' lang='lat' dir='ltr'><strong>solum</strong></span> <span class='ocrx_word' id='word_1_817' title='bbox 2252 4156 2383 4211; x_wconf 88' lang='lat' dir='ltr'><strong>nihil</strong></span> <span class='ocrx_word' id='word_1_818' title='bbox 2412 4155 2765 4225; x_wconf 90' lang='lat' dir='ltr'><strong>prohibebant</strong></span> <span class='ocrx_word' id='word_1_819' title='bbox 2792 4155 3033 4220; x_wconf 83' lang='lat' dir='ltr'><strong>vincula,</strong></span> <span class='ocrx_word' id='word_1_820' title='bbox 3065 4154 3162 4210; x_wconf 88' lang='lat' dir='ltr'><strong>sed</strong></span> <span class='ocrx_word' id='word_1_821' title='bbox 3195 4169 3256 4209; x_wconf 90' lang='lat' dir='ltr'><strong>ea</strong></span> <span class='ocrx_word' id='word_1_822' title='bbox 3284 4154 3397 4225; x_wconf 90' lang='lat' dir='ltr'><strong>ipsa</strong></span> <span class='ocrx_word' id='word_1_823' title='bbox 3435 4152 3640 4207; x_wconf 84' lang='lat' dir='ltr'><strong>efﬁcie-</strong></span> 
     </span>
    </p>
   </div>
   <div class='ocr_carea' id='block_1_104' title="bbox 2055 4243 3637 4303">
    <p class='ocr_par' dir='ltr' id='par_1_104' title="bbox 2055 4243 3637 4303">
     <span class='ocr_line' id='line_1_104' title="bbox 2055 4243 3637 4303; baseline -0.004 -1"><span class='ocrx_word' id='word_1_824' title='bbox 2055 4248 2184 4302; x_wconf 90' lang='lat' dir='ltr'><strong>bant</strong></span> <span class='ocrx_word' id='word_1_825' title='bbox 2203 4262 2298 4303; x_wconf 90' lang='lat' dir='ltr'><strong>eos</strong></span> <span class='ocrx_word' id='word_1_826' title='bbox 2325 4246 2764 4302; x_wconf 88' lang='lat' dir='ltr'><strong>conﬁdentiores.</strong></span> <span class='ocrx_word' id='word_1_827' title='bbox 2795 4246 2914 4301; x_wconf 88' lang='lat' dir='ltr'><strong>Non</strong></span> <span class='ocrx_word' id='word_1_828' title='bbox 2943 4247 3078 4301; x_wconf 88' lang='lat' dir='ltr'><strong>adeo</strong></span> <span class='ocrx_word' id='word_1_829' title='bbox 3106 4245 3448 4301; x_wconf 88' lang='lat' dir='ltr'><strong>conﬁdebant</strong></span> <span class='ocrx_word' id='word_1_830' title='bbox 3473 4243 3637 4297; x_wconf 82' lang='lat' dir='ltr'><strong>disci-</strong></span> 
     </span>
    </p>
   </div>
   <div class='ocr_carea' id='block_1_105' title="bbox 2057 4333 3639 4409">
    <p class='ocr_par' dir='ltr' id='par_1_105' title="bbox 2057 4333 3639 4409">
     <span class='ocr_line' id='line_1_105' title="bbox 2057 4333 3639 4409; baseline -0.004 -15"><span class='ocrx_word' id='word_1_831' title='bbox 2057 4340 2165 4409; x_wconf 91' lang='lat' dir='ltr'><strong>puli</strong></span> <span class='ocrx_word' id='word_1_832' title='bbox 2191 4355 2312 4394; x_wconf 91' lang='lat' dir='ltr'><strong>cum</strong></span> <span class='ocrx_word' id='word_1_833' title='bbox 2340 4338 2534 4393; x_wconf 88' lang='lat' dir='ltr'><strong>Paulus</strong></span> <span class='ocrx_word' id='word_1_834' title='bbox 2560 4347 2704 4393; x_wconf 88' lang='lat' dir='ltr'><strong>esset</strong></span> <span class='ocrx_word' id='word_1_835' title='bbox 2727 4338 2954 4404; x_wconf 90' lang='lat' dir='ltr'><strong>solutus,</strong></span> <span class='ocrx_word' id='word_1_836' title='bbox 2977 4352 3136 4407; x_wconf 90' lang='lat' dir='ltr'><strong>quam</strong></span> <span class='ocrx_word' id='word_1_837' title='bbox 3163 4350 3284 4391; x_wconf 88' lang='lat' dir='ltr'><strong>cum</strong></span> <span class='ocrx_word' id='word_1_838' title='bbox 3307 4335 3538 4390; x_wconf 88' lang='lat' dir='ltr'><strong>vinctus.</strong></span> <span class='ocrx_word' id='word_1_839' title='bbox 3570 4333 3639 4388; x_wconf 87' lang='lat' dir='ltr'><strong>Ut</strong></span> 
     </span>
    </p>
   </div>
   <div class='ocr_carea' id='block_1_106' title="bbox 2055 4426 3637 4501">
    <p class='ocr_par' dir='ltr' id='par_1_106' title="bbox 2055 4426 3637 4501">
     <span class='ocr_line' id='line_1_106' title="bbox 2055 4426 3637 4501; baseline -0.003 -16"><span class='ocrx_word' id='word_1_840' title='bbox 2055 4432 2413 4496; x_wconf 86' lang='lat' dir='ltr'><strong>abundantius,</strong></span> <span class='ocrx_word' id='word_1_841' title='bbox 2437 4432 2630 4501; x_wconf 93' lang='lat' dir='ltr'><strong>inquit,</strong></span> <span class='ocrx_word' id='word_1_842' title='bbox 2659 4432 2879 4485; x_wconf 87' lang='lat' dir='ltr'><strong>audeant</strong></span> <span class='ocrx_word' id='word_1_843' title='bbox 2904 4431 3011 4484; x_wconf 86' lang='lat' dir='ltr'><strong>sine</strong></span> <span class='ocrx_word' id='word_1_844' title='bbox 3040 4431 3218 4484; x_wconf 85' lang='lat' dir='ltr'><strong>timore</strong></span> <span class='ocrx_word' id='word_1_845' title='bbox 3241 4444 3520 4483; x_wconf 87' lang='lat' dir='ltr'><strong>sermonem</strong></span> <span class='ocrx_word' id='word_1_846' title='bbox 3544 4426 3637 4481; x_wconf 89' lang='lat' dir='ltr'><strong>Dei</strong></span> 
     </span>
    </p>
   </div>
   <div class='ocr_carea' id='block_1_107' title="bbox 2058 4519 3641 4592">
    <p class='ocr_par' dir='ltr' id='par_1_107' title="bbox 2058 4519 3641 4592">
     <span class='ocr_line' id='line_1_107' title="bbox 2058 4519 3641 4592; baseline -0.003 -16"><span class='ocrx_word' id='word_1_847' title='bbox 2058 4523 2195 4592; x_wconf 89' lang='lat' dir='ltr'><strong>loqui</strong></span> <span class='ocrx_word' id='word_1_848' title='bbox 2225 4522 2244 4592; x_wconf 97' lang='lat'><strong>(</strong></span> <span class='ocrx_word' id='word_1_849' title='bbox 2269 4520 2381 4576; x_wconf 86' lang='lat' dir='ltr'><strong>Col.</strong></span> <span class='ocrx_word' id='word_1_850' title='bbox 2413 4524 2464 4576; x_wconf 91' lang='grc'><strong>1.</strong></span> <span class='ocrx_word' id='word_1_851' title='bbox 2496 4521 2563 4576; x_wconf 71' lang='grc'><strong>14</strong></span> <span class='ocrx_word' id='word_1_852' title='bbox 2590 4522 2630 4590; x_wconf 93' lang='grc'><strong>).</strong></span> <span class='ocrx_word' id='word_1_853' title='bbox 2666 4519 2762 4576; x_wconf 91' lang='lat' dir='ltr'><strong>Ubi</strong></span> <span class='ocrx_word' id='word_1_854' title='bbox 2791 4528 2917 4575; x_wconf 87' lang='lat' dir='ltr'><strong>sunt</strong></span> <span class='ocrx_word' id='word_1_855' title='bbox 2940 4521 3030 4591; x_wconf 91' lang='lat' dir='ltr'><strong>qui</strong></span> <span class='ocrx_word' id='word_1_856' title='bbox 3060 4521 3246 4575; x_wconf 90' lang='lat' dir='ltr'><strong>dicunt</strong></span> <span class='ocrx_word' id='word_1_857' title='bbox 3268 4519 3504 4574; x_wconf 86' lang='lat' dir='ltr'><strong>divinam</strong></span> <span class='ocrx_word' id='word_1_858' title='bbox 3533 4534 3641 4572; x_wconf 89' lang='lat' dir='ltr'><strong>non</strong></span> 
     </span>
    </p>
   </div>
   <div class='ocr_carea' id='block_1_108' title="bbox 2057 4609 3640 4685">
    <p class='ocr_par' dir='ltr' id='par_1_108' title="bbox 2057 4609 3640 4685">
     <span class='ocr_line' id='line_1_108' title="bbox 2057 4609 3640 4685; baseline -0.004 -15"><span class='ocrx_word' id='word_1_859' title='bbox 2057 4631 2178 4671; x_wconf 85' lang='lat' dir='ltr'><strong>esse</strong></span> <span class='ocrx_word' id='word_1_860' title='bbox 2201 4613 2676 4685; x_wconf 79' lang='lat' dir='ltr'><strong>praedicationem?</strong></span> <span class='ocrx_word' id='word_1_861' title='bbox 2712 4612 2917 4668; x_wconf 89' lang='lat' dir='ltr'><strong>ruditas</strong></span> <span class='ocrx_word' id='word_1_862' title='bbox 2940 4622 2995 4669; x_wconf 90' lang='lat' dir='ltr'><strong>et</strong></span> <span class='ocrx_word' id='word_1_863' title='bbox 3024 4612 3288 4681; x_wconf 88' lang='lat' dir='ltr'><strong>imperitia</strong></span> <span class='ocrx_word' id='word_1_864' title='bbox 3334 4626 3441 4666; x_wconf 91' lang='lat' dir='ltr'><strong>non</strong></span> <span class='ocrx_word' id='word_1_865' title='bbox 3492 4609 3640 4665; x_wconf 85' lang='lat' dir='ltr'><strong>sufﬁ-</strong></span> 
     </span>
    </p>
   </div>
   <div class='ocr_carea' id='block_1_109' title="bbox 2058 4706 3641 4777">
    <p class='ocr_par' dir='ltr' id='par_1_109' title="bbox 2058 4706 3641 4777">
     <span class='ocr_line' id='line_1_109' title="bbox 2058 4706 3641 4777; baseline -0.003 -13"><span class='ocrx_word' id='word_1_866' title='bbox 2058 4709 2234 4764; x_wconf 88' lang='lat' dir='ltr'><strong>ciebat</strong></span> <span class='ocrx_word' id='word_1_867' title='bbox 2257 4707 2324 4763; x_wconf 88' lang='lat' dir='ltr'><strong>ad</strong></span> <span class='ocrx_word' id='word_1_868' title='bbox 2350 4706 2689 4763; x_wconf 83' lang='lat' dir='ltr'><strong>efﬁciendum</strong></span> <span class='ocrx_word' id='word_1_869' title='bbox 2718 4715 2777 4761; x_wconf 90' lang='lat' dir='ltr'><strong>ut</strong></span> <span class='ocrx_word' id='word_1_870' title='bbox 2803 4706 2903 4777; x_wconf 91' lang='lat' dir='ltr'><strong>ipsi</strong></span> <span class='ocrx_word' id='word_1_871' title='bbox 2930 4706 3456 4762; x_wconf 85' lang='lat' dir='ltr'><strong>condemnarentur?</strong></span> <span class='ocrx_word' id='word_1_872' title='bbox 3482 4720 3641 4775; x_wconf 80' lang='lat' dir='ltr'><strong>Opor-</strong></span> 
     </span>
    </p>
   </div>
   <div class='ocr_carea' id='block_1_110' title="bbox 2059 4797 3647 4870">
    <p class='ocr_par' dir='ltr' id='par_1_110' title="bbox 2059 4797 3647 4870">
     <span class='ocr_line' id='line_1_110' title="bbox 2059 4797 3647 4870; baseline -0.004 -14"><span class='ocrx_word' id='word_1_873' title='bbox 2059 4801 2205 4857; x_wconf 91' lang='lat' dir='ltr'><strong>tebat</strong></span> <span class='ocrx_word' id='word_1_874' title='bbox 2244 4816 2372 4870; x_wconf 81' lang='lat' dir='ltr'><strong>ergo</strong></span> <span class='ocrx_word' id='word_1_875' title='bbox 2398 4815 2491 4855; x_wconf 91' lang='lat' dir='ltr'><strong>eos</strong></span> <span class='ocrx_word' id='word_1_876' title='bbox 2517 4799 2603 4854; x_wconf 86' lang='lat' dir='ltr'><strong>hic</strong></span> <span class='ocrx_word' id='word_1_877' title='bbox 2631 4812 2845 4870; x_wconf 91' lang='lat' dir='ltr'><strong>quoque</strong></span> <span class='ocrx_word' id='word_1_878' title='bbox 2888 4799 3130 4854; x_wconf 80' lang='lat' dir='ltr'><strong>terrere?</strong></span> <span class='ocrx_word' id='word_1_879' title='bbox 3176 4798 3335 4854; x_wconf 88' lang='lat' dir='ltr'><strong>Scitis</strong></span> <span class='ocrx_word' id='word_1_880' title='bbox 3378 4798 3523 4853; x_wconf 88' lang='lat' dir='ltr'><strong>enim</strong></span> <span class='ocrx_word' id='word_1_881' title='bbox 3563 4797 3647 4850; x_wconf 85' lang='lat' dir='ltr'><strong>his</strong></span> 
     </span>
    </p>
   </div>
   <div class='ocr_carea' id='block_1_111' title="bbox 2059 4892 3640 4962">
    <p class='ocr_par' dir='ltr' id='par_1_111' title="bbox 2059 4892 3640 4962">
     <span class='ocr_line' id='line_1_111' title="bbox 2059 4892 3640 4962; baseline -0.005 -12"><span class='ocrx_word' id='word_1_882' title='bbox 2059 4895 2268 4950; x_wconf 90' lang='lat' dir='ltr'><strong>duobus</strong></span> <span class='ocrx_word' id='word_1_883' title='bbox 2293 4892 2458 4947; x_wconf 87' lang='lat' dir='ltr'><strong>animi</strong></span> <span class='ocrx_word' id='word_1_884' title='bbox 2490 4893 2689 4947; x_wconf 87' lang='lat' dir='ltr'><strong>morbis</strong></span> <span class='ocrx_word' id='word_1_885' title='bbox 2718 4894 2889 4948; x_wconf 89' lang='lat' dir='ltr'><strong>teneri</strong></span> <span class='ocrx_word' id='word_1_886' title='bbox 2916 4893 3328 4956; x_wconf 82' lang='lat' dir='ltr'><strong>multitudinem,</strong></span> <span class='ocrx_word' id='word_1_887' title='bbox 3359 4893 3500 4947; x_wconf 87' lang='lat' dir='ltr'><strong>inani</strong></span> <span class='ocrx_word' id='word_1_888' title='bbox 3522 4893 3640 4962; x_wconf 76' lang='lat' dir='ltr'><strong>glo—</strong></span> 
     </span>
    </p>
   </div>
   <div class='ocr_carea' id='block_1_112' title="bbox 2059 4982 3645 5054">
    <p class='ocr_par' dir='ltr' id='par_1_112' title="bbox 2059 4982 3645 5054">
     <span class='ocr_line' id='line_1_112' title="bbox 2059 4982 3645 5054; baseline -0.004 -13"><span class='ocrx_word' id='word_1_889' title='bbox 2059 4987 2140 5041; x_wconf 92' lang='lat' dir='ltr'><strong>ria</strong></span> <span class='ocrx_word' id='word_1_890' title='bbox 2167 4994 2222 5040; x_wconf 91' lang='lat' dir='ltr'><strong>et</strong></span> <span class='ocrx_word' id='word_1_891' title='bbox 2246 4984 2436 5054; x_wconf 88' lang='lat' dir='ltr'><strong>abjecti</strong></span> <span class='ocrx_word' id='word_1_892' title='bbox 2465 4984 2629 5039; x_wconf 89' lang='lat' dir='ltr'><strong>animi</strong></span> <span class='ocrx_word' id='word_1_893' title='bbox 2656 4985 2808 5039; x_wconf 84' lang='lat' dir='ltr'><strong>vitio.</strong></span> <span class='ocrx_word' id='word_1_894' title='bbox 2856 4982 3081 5039; x_wconf 79' lang='lat' dir='ltr'><strong>Ruditas</strong></span> <span class='ocrx_word' id='word_1_895' title='bbox 3123 4992 3177 5038; x_wconf 91' lang='lat' dir='ltr'><strong>et</strong></span> <span class='ocrx_word' id='word_1_896' title='bbox 3220 4984 3487 5053; x_wconf 90' lang='lat' dir='ltr'><strong>imperitia</strong></span> <span class='ocrx_word' id='word_1_897' title='bbox 3538 4998 3645 5035; x_wconf 85' lang='lat' dir='ltr'><strong>nun</strong></span> 
     </span>
    </p>
   </div>
   <div class='ocr_carea' id='block_1_113' title="bbox 2062 5074 3648 5146">
    <p class='ocr_par' dir='ltr' id='par_1_113' title="bbox 2062 5074 3648 5146">
     <span class='ocr_line' id='line_1_113' title="bbox 2062 5074 3648 5146; baseline -0.004 -14"><span class='ocrx_word' id='word_1_898' title='bbox 2062 5077 2272 5133; x_wconf 87' lang='lat' dir='ltr'><strong>sinebat</strong></span> <span class='ocrx_word' id='word_1_899' title='bbox 2299 5091 2393 5131; x_wconf 90' lang='lat' dir='ltr'><strong>eos</strong></span> <span class='ocrx_word' id='word_1_900' title='bbox 2422 5075 2652 5131; x_wconf 74' lang='lat' dir='ltr'><strong>suﬁundi</strong></span> <span class='ocrx_word' id='word_1_901' title='bbox 2694 5076 2931 5145; x_wconf 85' lang='lat' dir='ltr'><strong>pudore;</strong></span> <span class='ocrx_word' id='word_1_902' title='bbox 2975 5075 3207 5146; x_wconf 88' lang='lat' dir='ltr'><strong>pericula</strong></span> <span class='ocrx_word' id='word_1_903' title='bbox 3252 5075 3332 5130; x_wconf 88' lang='lat' dir='ltr'><strong>eis</strong></span> <span class='ocrx_word' id='word_1_904' title='bbox 3380 5074 3648 5129; x_wconf 85' lang='lat' dir='ltr'><strong>debebant</strong></span> 
     </span>
    </p>
   </div>
   <div class='ocr_carea' id='block_1_114' title="bbox 2064 5166 3643 5239">
    <p class='ocr_par' dir='ltr' id='par_1_114' title="bbox 2064 5166 3643 5239">
     <span class='ocr_line' id='line_1_114' title="bbox 2064 5166 3643 5239; baseline -0.003 -16"><span class='ocrx_word' id='word_1_905' title='bbox 2064 5168 2284 5239; x_wconf 89' lang='lat' dir='ltr'><strong>injicere</strong></span> <span class='ocrx_word' id='word_1_906' title='bbox 2336 5168 2603 5222; x_wconf 90' lang='lat' dir='ltr'><strong>timorem.</strong></span> <span class='ocrx_word' id='word_1_907' title='bbox 2656 5168 2728 5221; x_wconf 85' lang='lat' dir='ltr'><strong>At</strong></span> <span class='ocrx_word' id='word_1_908' title='bbox 2771 5166 3073 5230; x_wconf 89' lang='lat' dir='ltr'><strong>faciebant,</strong></span> <span class='ocrx_word' id='word_1_909' title='bbox 3128 5167 3331 5236; x_wconf 89' lang='lat' dir='ltr'><strong>inquit,</strong></span> <span class='ocrx_word' id='word_1_910' title='bbox 3366 5166 3643 5219; x_wconf 80' lang='lat' dir='ltr'><strong>miracula.</strong></span> 
     </span>
    </p>
   </div>
   <div class='ocr_carea' id='block_1_115' title="bbox 2063 5258 3651 5331">
    <p class='ocr_par' dir='ltr' id='par_1_115' title="bbox 2063 5258 3651 5331">
     <span class='ocr_line' id='line_1_115' title="bbox 2063 5258 3651 5331; baseline 0 -18"><span class='ocrx_word' id='word_1_911' title='bbox 2063 5260 2292 5328; x_wconf 79' lang='lat' dir='ltr'><strong>Creditis</strong></span> <span class='ocrx_word' id='word_1_912' title='bbox 2316 5276 2445 5331; x_wconf 80' lang='lat' dir='ltr'><strong>ergo</strong></span> <span class='ocrx_word' id='word_1_913' title='bbox 2469 5276 2564 5316; x_wconf 91' lang='lat' dir='ltr'><strong>eos</strong></span> <span class='ocrx_word' id='word_1_914' title='bbox 2595 5259 2786 5316; x_wconf 84' lang='lat' dir='ltr'><strong>fecisse</strong></span> <span class='ocrx_word' id='word_1_915' title='bbox 2812 5260 3088 5316; x_wconf 87' lang='lat' dir='ltr'><strong>miracula.</strong></span> <span class='ocrx_word' id='word_1_916' title='bbox 3121 5263 3189 5314; x_wconf 84' lang='lat' dir='ltr'><strong>At</strong></span> <span class='ocrx_word' id='word_1_917' title='bbox 3209 5275 3314 5313; x_wconf 89' lang='lat' dir='ltr'><strong>non</strong></span> <span class='ocrx_word' id='word_1_918' title='bbox 3344 5258 3606 5313; x_wconf 83' lang='lat' dir='ltr'><strong>faciebant</strong></span> <span class='ocrx_word' id='word_1_919' title='bbox 3626 5263 3651 5313; x_wconf 84' lang='lat'><strong>?</strong></span> 
     </span>
    </p>
   </div>
   <div class='ocr_carea' id='block_1_116' title="bbox 2065 5351 3643 5422">
    <p class='ocr_par' dir='ltr' id='par_1_116' title="bbox 2065 5351 3643 5422">
     <span class='ocr_line' id='line_1_116' title="bbox 2065 5351 3643 5422; baseline -0.001 -15"><span class='ocrx_word' id='word_1_920' title='bbox 2065 5352 2177 5407; x_wconf 85' lang='lat' dir='ltr'><strong>Hoc</strong></span> <span class='ocrx_word' id='word_1_921' title='bbox 2206 5362 2288 5406; x_wconf 90' lang='lat' dir='ltr'><strong>est</strong></span> <span class='ocrx_word' id='word_1_922' title='bbox 2314 5352 2485 5422; x_wconf 89' lang='lat' dir='ltr'><strong>majus</strong></span> <span class='ocrx_word' id='word_1_923' title='bbox 2510 5352 2822 5407; x_wconf 90' lang='lat' dir='ltr'><strong>miraculum</strong></span> <span class='ocrx_word' id='word_1_924' title='bbox 2851 5368 3008 5422; x_wconf 89' lang='lat' dir='ltr'><strong>quam</strong></span> <span class='ocrx_word' id='word_1_925' title='bbox 3053 5351 3228 5407; x_wconf 84' lang='lat' dir='ltr'><strong>facere</strong></span> <span class='ocrx_word' id='word_1_926' title='bbox 3251 5392 3267 5418; x_wconf 87' lang='lat'><strong>,</strong></span> <span class='ocrx_word' id='word_1_927' title='bbox 3311 5352 3357 5407; x_wconf 84' lang='lat' dir='ltr'><strong>si</strong></span> <span class='ocrx_word' id='word_1_928' title='bbox 3408 5351 3643 5406; x_wconf 86' lang='lat' dir='ltr'><strong>adduce-</strong></span> 
     </span>
    </p>
   </div>
   <div class='ocr_carea' id='block_1_117' title="bbox 2064 5442 3073 5513">
    <p class='ocr_par' dir='ltr' id='par_1_117' title="bbox 2064 5442 3073 5513">
     <span class='ocr_line' id='line_1_117' title="bbox 2064 5442 3073 5513; baseline -0.001 -15"><span class='ocrx_word' id='word_1_929' title='bbox 2064 5444 2260 5507; x_wconf 83' lang='lat' dir='ltr'><strong>bantur</strong></span> <span class='ocrx_word' id='word_1_930' title='bbox 2289 5442 2533 5499; x_wconf 90' lang='lat' dir='ltr'><strong>homines</strong></span> <span class='ocrx_word' id='word_1_931' title='bbox 2556 5443 2757 5513; x_wconf 90' lang='lat' dir='ltr'><strong>absque</strong></span> <span class='ocrx_word' id='word_1_932' title='bbox 2783 5443 3073 5499; x_wconf 85' lang='lat' dir='ltr'><strong>miraculis.</strong></span> 
     </span>
    </p>
   </div>
   <div class='ocr_carea' id='block_1_118' title="bbox 2136 5534 3660 5602">
    <p class='ocr_par' dir='ltr' id='par_1_118' title="bbox 2136 5534 3660 5602">
     <span class='ocr_line' id='line_1_118' title="bbox 2136 5534 3660 5602; baseline 0 -13"><span class='ocrx_word' id='word_1_933' title='bbox 2136 5534 2218 5590; x_wconf 90' lang='lat' dir='ltr'><strong>De</strong></span> <span class='ocrx_word' id='word_1_934' title='bbox 2247 5535 2778 5592; x_wconf 82' lang='lat' dir='ltr'><strong>Socrate.—Vinctus</strong></span> <span class='ocrx_word' id='word_1_935' title='bbox 2803 5537 2964 5592; x_wconf 87' lang='lat' dir='ltr'><strong>etiam</strong></span> <span class='ocrx_word' id='word_1_936' title='bbox 2991 5534 3091 5590; x_wconf 90' lang='lat' dir='ltr'><strong>fuit</strong></span> <span class='ocrx_word' id='word_1_937' title='bbox 3114 5534 3253 5602; x_wconf 89' lang='lat' dir='ltr'><strong>apud</strong></span> <span class='ocrx_word' id='word_1_938' title='bbox 3283 5534 3502 5591; x_wconf 62' lang='lat' dir='ltr'><strong>Graecns</strong></span> <span class='ocrx_word' id='word_1_939' title='bbox 3544 5535 3619 5590; x_wconf 87' lang='lat' dir='ltr'><strong>So</strong></span> <span class='ocrx_word' id='word_1_940' title='bbox 3636 5568 3660 5576; x_wconf 89' lang='lat'>—</span> 
     </span>
    </p>
   </div>
   <div class='ocr_carea' id='block_1_119' title="bbox 2066 5625 3649 5698">
    <p class='ocr_par' dir='ltr' id='par_1_119' title="bbox 2066 5625 3649 5698">
     <span class='ocr_line' id='line_1_119' title="bbox 2066 5625 3649 5698; baseline 0.001 -15"><span class='ocrx_word' id='word_1_941' title='bbox 2066 5637 2243 5683; x_wconf 89' lang='lat' dir='ltr'><strong>crates</strong></span> <span class='ocrx_word' id='word_1_942' title='bbox 2273 5645 2287 5682; x_wconf 89' lang='lat'><strong>:</strong></span> <span class='ocrx_word' id='word_1_943' title='bbox 2315 5627 2443 5696; x_wconf 92' lang='lat' dir='ltr'><strong>quid</strong></span> <span class='ocrx_word' id='word_1_944' title='bbox 2480 5627 2651 5698; x_wconf 82' lang='lat' dir='ltr'><strong>ergo?</strong></span> <span class='ocrx_word' id='word_1_945' title='bbox 2696 5642 2874 5683; x_wconf 88' lang='lat' dir='ltr'><strong>annon</strong></span> <span class='ocrx_word' id='word_1_946' title='bbox 2900 5626 3076 5682; x_wconf 88' lang='lat' dir='ltr'><strong>statim</strong></span> <span class='ocrx_word' id='word_1_947' title='bbox 3107 5625 3373 5696; x_wconf 71' lang='lat' dir='ltr'><strong>Megaram</strong></span> <span class='ocrx_word' id='word_1_948' title='bbox 3405 5626 3649 5696; x_wconf 68' lang='lat' dir='ltr'><strong>fugi-runt</strong></span> 
     </span>
    </p>
   </div>
   <div class='ocr_carea' id='block_1_120' title="bbox 2070 5720 3657 5791">
    <p class='ocr_par' dir='ltr' id='par_1_120' title="bbox 2070 5720 3657 5791">
     <span class='ocr_line' id='line_1_120' title="bbox 2070 5720 3657 5791; baseline 0 -15"><span class='ocrx_word' id='word_1_949' title='bbox 2070 5720 2363 5791; x_wconf 81' lang='lat' dir='ltr'><strong>discipuli?</strong></span> <span class='ocrx_word' id='word_1_950' title='bbox 2394 5722 2622 5777; x_wconf 80' lang='lat' dir='ltr'><strong>Maxime</strong></span> <span class='ocrx_word' id='word_1_951' title='bbox 2652 5739 2666 5774; x_wconf 88' lang='lat'><strong>:</strong></span> <span class='ocrx_word' id='word_1_952' title='bbox 2696 5738 2799 5776; x_wconf 92' lang='lat' dir='ltr'><strong>non</strong></span> <span class='ocrx_word' id='word_1_953' title='bbox 2828 5721 2970 5776; x_wconf 91' lang='lat' dir='ltr'><strong>enim</strong></span> <span class='ocrx_word' id='word_1_954' title='bbox 2997 5720 3328 5775; x_wconf 82' lang='lat' dir='ltr'><strong>admiserunt</strong></span> <span class='ocrx_word' id='word_1_955' title='bbox 3359 5736 3480 5789; x_wconf 74' lang='lat' dir='ltr'><strong>qua:</strong></span> <span class='ocrx_word' id='word_1_956' title='bbox 3505 5721 3657 5777; x_wconf 77' lang='lat' dir='ltr'><strong>dice-</strong></span> 
     </span>
    </p>
   </div>
   <div class='ocr_carea' id='block_1_121' title="bbox 2076 5813 3661 5874">
    <p class='ocr_par' dir='ltr' id='par_1_121' title="bbox 2076 5813 3661 5874">
     <span class='ocr_line' id='line_1_121' title="bbox 2076 5813 3661 5874; baseline -0.002 -3"><span class='ocrx_word' id='word_1_957' title='bbox 2076 5816 2269 5873; x_wconf 87' lang='lat' dir='ltr'><strong>bantur</strong></span> <span class='ocrx_word' id='word_1_958' title='bbox 2295 5816 2363 5873; x_wconf 87' lang='lat' dir='ltr'><strong>de</strong></span> <span class='ocrx_word' id='word_1_959' title='bbox 2391 5815 2809 5874; x_wconf 81' lang='lat' dir='ltr'><strong>immortalitate.</strong></span> <span class='ocrx_word' id='word_1_960' title='bbox 2843 5814 2947 5871; x_wconf 82' lang='lat' dir='ltr'><strong>Sed</strong></span> <span class='ocrx_word' id='word_1_961' title='bbox 2989 5813 3076 5870; x_wconf 85' lang='lat' dir='ltr'><strong>hic</strong></span> <span class='ocrx_word' id='word_1_962' title='bbox 3119 5814 3285 5873; x_wconf 82' lang='lat' dir='ltr'><strong>vide:</strong></span> <span class='ocrx_word' id='word_1_963' title='bbox 3324 5815 3533 5872; x_wconf 69' lang='lat' dir='ltr'><strong>vinctus</strong></span> <span class='ocrx_word' id='word_1_964' title='bbox 3575 5822 3661 5871; x_wconf 48' lang='lat' dir='ltr'><strong>ext</strong></span> 
     </span>
    </p>
   </div>
  </div>
