4120 6400
486 341 585 401 571
671 354 693 378 ⁸

494 456 724 524 Paulus,
755 466 809 513 et
835 457 1005 529 magis
1047 456 1391 515 conﬁdebant
1430 454 1674 524 discipuli
1701 472 1714 508 :
1738 461 1793 507 et
1831 451 2062 507 merito:

492 551 747 606 videbant
788 552 930 607 enim
979 567 1087 606 non
1133 550 1380 622 impediri
1431 547 1884 619 prtedicationem.
1930 544 2069 599 Num

496 652 647 712 potes
672 642 932 712 impedire
958 642 1233 713 linguam?
1262 657 1355 711 per
1384 655 1500 696 eam
1528 641 1696 693 currit
1724 638 1973 693 maxime.
2002 636 2074 691 Ut

496 734 638 789 enim
665 749 973 802 cursorem,
1002 735 1103 789 nisi
1144 733 1307 805 pedes
1352 732 1594 787 vinxeris
1622 772 1637 796 ,
1682 745 1713 785 a
1764 744 1924 784 cursu
1968 742 2073 782 non

498 824 834 895 prohibueris
865 841 879 877 :
911 826 985 880 ita
1011 826 1171 881 etiam
1200 824 1541 894 evangelista;
1590 822 1693 877 nisi
1735 821 1967 890 linguam
2011 818 2075 873 li-

496 915 662 983 garis,
696 929 801 969 non
827 915 1165 983 prohibueris
1191 914 1474 984 quominus
1503 914 1549 968 is
1575 919 1774 968 currat.
1806 910 1910 966 Sed
1938 910 2077 965 sicut

500 1006 590 1061 ille
617 1006 661 1061 si
688 1006 899 1062 lumbos
924 1006 1127 1077 ligaris,
1164 1006 1332 1075 magis
1375 1006 1543 1061 currit
1588 1014 1642 1059 et
1689 1012 1972 1073 portatur:
2005 1002 2075 1055 ita

502 1096 588 1151 hic
614 1112 840 1166 quoque,
873 1097 1080 1152 vinctus
1105 1099 1274 1168 magis
1316 1097 1603 1168 praedicat,
1653 1096 1977 1165 liberiusque
2023 1102 2077 1149 et

499 1187 874 1243 conﬁdentius.
897 1190 1207 1244 Extimescit
1227 1189 1456 1256 vinctus,
1482 1187 1693 1258 quando
1720 1187 1891 1241 solum
1920 1185 2078 1240 fuerit

500 1280 767 1335 vinculum
800 1297 813 1331 :
844 1281 932 1351 qui
986 1288 1161 1335 autem
1218 1290 1444 1336 mortem
1496 1278 1757 1346 destiicit,
1808 1274 2078 1346 quomodo

502 1374 663 1429 fuerit
687 1375 911 1443 ligatus?
940 1374 1162 1429 Perinde
1188 1373 1453 1428 faciebant
1478 1382 1636 1443 atque
1678 1372 1721 1427 si
1766 1372 1910 1426 Pauli
1956 1385 2074 1424 um-

503 1465 653 1521 bram
684 1467 1017 1531 vinxissent,
1048 1474 1103 1521 et
1130 1481 1192 1520 os
1218 1466 1333 1535 ejus
1354 1466 1712 1520 obturassent.
1762 1463 1891 1517 Erat
1934 1464 2077 1517 enim

504 1571 675 1626 pugna
706 1557 1004 1612 umbratilis
1039 1573 1052 1609 :
1082 1571 1204 1610 nam
1232 1565 1287 1619 et
1311 1556 1423 1609 suis
1451 1554 1617 1625 magis
1661 1563 1774 1609 erat
1808 1552 2084 1608 desidera-

503 1647 657 1710 bilis,
688 1658 742 1702 et
769 1647 999 1701 inimicis
1044 1647 1212 1718 magis
1257 1646 1616 1710 reverendus;
1665 1655 1722 1698 ut
1767 1645 1855 1711 qui
1902 1643 2080 1712 magni

505 1749 560 1794 et
585 1730 737 1793 fortis
763 1739 925 1792 animi
944 1736 1105 1792 ferret
1129 1739 1362 1807 prtemia,
1398 1751 1589 1805 nempe
1616 1735 1842 1789 vincula.
1870 1734 2081 1788 Corona

505 1837 661 1884 ornat
690 1840 866 1898 caput,
899 1843 1003 1883 non
1033 1828 1232 1898 pudore
1260 1827 1441 1893 afﬁcit,
1469 1826 1562 1881 sed
1583 1827 1743 1881 etiam
1773 1825 2081 1894 praeclarum

506 1919 690 1976 efficit.
724 1919 876 1974 Inviti
905 1935 1024 1974 eum
1050 1919 1379 1974 coronabant
1402 1925 1607 1972 catena.
1639 1914 1886 1976 Nam,dic
1917 1914 2082 1981 mihi,

507 2021 760 2082 possetne
785 2010 980 2065 ferrum
1011 2009 1295 2064 formidare
1318 2010 1407 2079 qui
1448 2007 1677 2063 audebat
1718 2007 2086 2062 adamantinas

511 2102 757 2171 frangere
803 2101 989 2155 mortis
1024 2100 1246 2170 portas?

591 2192 807 2246 Vincula
840 2190 995 2245 Pauli
1020 2206 1172 2258 quam
1210 2190 1449 2261 pretiosa.
1472 2187 1881 2255 —Veniamus,
1931 2205 1965 2245 ο
2008 2188 2090 2243 di-

508 2280 659 2350 lecti,
689 2282 755 2337 ad
786 2283 1121 2337 vinculorum
1149 2280 1339 2336 horum
1371 2282 1543 2336 zelum
1573 2290 1628 2335 et
1671 2282 2085 2337 aemulationem.

511 2375 871 2444 Quaecumque
901 2374 1151 2428 mulieres
1176 2389 1335 2429 aurea
1368 2374 1612 2428 iuduistis
1641 2374 1858 2428 monilia
1886 2414 1902 2440 ,
1940 2374 2090 2429 Pauli

512 2466 819 2523 desiderate
850 2465 1083 2520 vincula.
1110 2465 1224 2520 Non
1255 2467 1332 2521 sic
1356 2466 1508 2521 vobis
1541 2468 1681 2521 circa
1709 2468 1905 2521 collum
1929 2467 2093 2537 fulget

513 2556 732 2617 collare,
752 2565 808 2611 ut
835 2556 891 2610 in
905 2555 1021 2626 ejus
1047 2557 1221 2611 anima
1248 2556 1477 2627 fulgebat
1494 2568 1864 2613 ornamentum
1886 2558 2091 2613 ferreo-

513 2662 630 2702 rum
658 2647 1007 2702 vinculorum.
1037 2647 1092 2703 Si
1123 2649 1379 2719 quispiam
1404 2650 1491 2703 illa
1520 2650 1802 2715 desiderat,
1829 2650 1942 2706 haec
1968 2652 2093 2708 odio

515 2736 729 2792 habeat.
758 2736 895 2804 Quid
922 2740 1062 2794 enim
1091 2749 1172 2796 est
1199 2755 1481 2797 commune
1518 2742 1739 2815 ignavia:
1766 2758 1883 2797 cum
1915 2746 2090 2815 magni

514 2830 677 2884 animi
705 2831 919 2899 virtute,
946 2834 1185 2902 corporis
1223 2845 1537 2890 ornamento
1569 2850 1690 2890 cum
1726 2834 2093 2909 philosophia?

517 2918 609 2975 an
630 2922 841 2978 vincula
868 2935 1183 2981 reverentur
1208 2925 1381 2996 angeli
1408 2944 1422 2991 ;
1456 2925 1569 2981 haec
1597 2942 1724 2982 vero
1748 2928 1905 2982 etiam
1956 2928 2093 2984 ludi-

519 3012 747 3067 ﬁcantur
775 3033 790 3069 :
822 3014 910 3069 illa
964 3016 1175 3070 vincula
1219 3016 1395 3070 solent
1443 3032 1470 3070 a
1501 3026 1641 3071 terra
1671 3017 1737 3073 ad
1766 3020 1953 3073 caelum
1988 3019 2092 3074 tol-

518 3104 665 3168 lere;
697 3103 813 3159 hrec
829 3104 1035 3159 vincula
1055 3119 1083 3157 a
1111 3105 1244 3159 caelo
1259 3105 1529 3160 deducunt
1548 3107 1613 3161 ad
1642 3116 1858 3163 terram.
1885 3109 2089 3164 Revera

514 3196 657 3249 enim
687 3195 801 3250 haac
830 3205 953 3250 sunt
983 3196 1190 3250 vincula
1216 3236 1232 3262 ,
1262 3212 1366 3251 non
1404 3197 1490 3250 illa
1521 3214 1534 3250 :
1563 3198 1648 3251 illa
1695 3210 2090 3267 ornamentum,

519 3289 634 3343 hinc
659 3288 865 3343 vincula
895 3306 908 3341 :
941 3288 1057 3343 hate
1083 3304 1202 3343 cum
1234 3303 1461 3359 corpore
1489 3291 1721 3345 animam
1752 3307 1967 3362 quoque
1989 3308 2089 3362 0p-

520 3383 786 3449 pritnunt:
816 3381 903 3434 illa
926 3396 1045 3435 cum
1068 3396 1296 3453 corpore
1321 3391 1513 3436 ornant
1538 3383 1698 3437 etiam
1717 3385 1969 3439 animam.
2002 3386 2092 3441 Vis

519 3474 660 3527 scire
688 3472 830 3543 quod
863 3473 953 3528 illa
1000 3474 1107 3528 sint
1158 3476 1570 3529 ornamentum?
1618 3475 1711 3530 Dic
1752 3477 1881 3530 mihi
1911 3519 1925 3543 ,
1977 3478 2096 3547 quis

520 3565 689 3632 magis
718 3573 1046 3633 spectatores
1076 3566 1326 3631 attraxit,
1360 3575 1434 3631 tu,
1484 3582 1553 3620 an
1594 3566 1823 3622 Paulus?
1868 3568 1994 3638 quid
2046 3578 2097 3623 te

519 3655 678 3708 dico?
708 3656 820 3725 ipsa
846 3654 1159 3725 lmperatrix
1190 3666 1296 3710 tota
1324 3672 1456 3711 auro
1480 3658 1801 3713 circumdata
1822 3700 1838 3726 ,
1884 3674 1978 3714 eos
2004 3660 2095 3730 qui

518 3747 703 3801 vident
726 3763 831 3801 non
860 3748 1027 3818 magis
1053 3749 1329 3804 attraxerit
1354 3766 1368 3803 :
1398 3750 1492 3804 sed
1514 3751 1557 3804 si
1572 3750 1865 3823 'contigerit
1889 3762 1941 3808 et
1962 3753 2100 3808 Pau-

523 3838 633 3893 lum
661 3854 725 3893 eo
752 3847 995 3908 tempore
1039 3839 1312 3905 vinctum,
1358 3849 1413 3896 et
1455 3840 1847 3911 lmperatricem
1895 3844 2099 3915 ingredi

520 3930 825 3992 ecclesiam,
856 3944 1042 3984 omnes
1071 3931 1138 3985 ab
1165 3931 1253 3986 illa
1282 3933 1333 3986 in
1377 3947 1500 3986 eum
1551 3943 1928 3990 converterent
1970 3952 2099 3990 ocu-

526 4021 607 4075 los
638 4038 650 4073 :
679 4028 733 4075 et
761 4019 974 4074 merito.
1012 4020 1205 4075 Videre
1232 4023 1374 4076 enim
1405 4022 1675 4078 hominem
1722 4024 1952 4082 humana
1999 4044 2099 4083 na-

522 4121 641 4167 tura
662 4113 1014 4183 superiorem,
1043 4121 1097 4168 et
1125 4114 1212 4183 qui
1242 4114 1373 4168 nihil
1407 4114 1568 4170 habet
1600 4115 1832 4174 hominis
1851 4160 1866 4185 ,
1894 4119 1987 4175 sed
2016 4130 2101 4176 est

522 4204 742 4275 angelus
764 4203 818 4259 in
851 4212 1015 4271 terra,
1040 4212 1122 4258 est
1149 4204 1512 4261 admirabilius
1562 4223 1722 4277 quam
1769 4210 1956 4267 videre
2004 4227 2099 4267 or-

525 4307 704 4352 natam
732 4296 1029 4351 mulierem.
1056 4295 1189 4351 Nam
1217 4297 1332 4352 haec
1360 4297 1573 4368 quidem
1601 4299 1725 4355 licet
1748 4301 1931 4357 videre
1959 4313 2010 4358 et
2044 4305 2098 4360 in

525 4390 865 4461 spectaculis,
897 4401 951 4445 et
980 4390 1033 4446 in
1066 4390 1295 4461 pompis,
1326 4400 1380 4446 et
1408 4394 1458 4446 in
1487 4391 1715 4459 balneis,
1742 4404 1798 4449 et
1819 4395 2000 4450 multis
2045 4396 2097 4452 in

526 4485 658 4538 locis
686 4492 739 4539 et
768 4484 1002 4554 ubique:
1028 4482 1299 4539 hominem
1325 4494 1505 4539 autem
1553 4486 1939 4541 circumdatum
1986 4492 2103 4543 viu-

525 4577 682 4642 culis,
709 4586 765 4631 et
792 4577 1187 4632 existimantem
1213 4592 1271 4632 se
1289 4578 1575 4633 maximum
1598 4577 1798 4635 habere
1817 4594 2103 4636 ornamen-

526 4678 659 4732 tum,
692 4676 747 4721 et
769 4667 994 4722 vinculis
1022 4684 1128 4723 non
1152 4669 1428 4725 cedentem
1454 4710 1469 4734 ,
1515 4670 1631 4725 ﬁeri
1678 4687 1785 4727 non
1828 4681 2006 4742 potest
2045 4682 2103 4729 ut

525 4757 616 4827 qui
646 4756 837 4821 cernit,
869 4765 1140 4812 terrenum
1181 4760 1404 4829 aspiciat
1431 4761 1816 4829 spectaculum,
1847 4764 1941 4817 sed
1972 4764 2102 4819 illud

520 4846 672 4902 cazlis
696 4846 934 4916 dignum.
962 4847 1064 4915 Qui
1091 4858 1172 4903 est
1199 4849 1284 4905 his
1308 4850 1669 4905 circumdatus
1707 4852 1915 4907 animus
1939 4894 1954 4919 ,
1999 4855 2104 4909 cir-

526 4937 809 5006 cumspicit
836 4938 956 5007 quis
1002 4938 1211 5004 videat,
1258 4942 1378 5008 quis
1427 4957 1534 4995 non
1577 4941 1798 4997 videat:
1829 4953 1906 4998 est
1964 4942 2104 4998 fastu

530 5028 742 5100 plenus,
773 5029 916 5083 curis
937 5037 1149 5085 tenetur
1173 5039 1227 5085 et
1252 5030 1700 5087 sollicitudinibus
1723 5074 1738 5098 ,
1768 5034 1976 5089 vinctus
2022 5043 2106 5090 est

526 5119 650 5175 aliis
678 5119 1155 5177 innumerabilibus
1176 5121 1338 5175 animi
1364 5120 1641 5178 all'ectibus
1668 5141 1681 5177 :
1705 5125 1792 5194 qui
1820 5135 1905 5179 est
1925 5135 2102 5180 autem

529 5212 635 5269 illis
651 5212 1029 5277 circumdatus,
1059 5222 1142 5268 est
1161 5227 1382 5284 exspers
1403 5214 1588 5277 fastus,
1617 5215 1847 5269 exsultat
1872 5217 2100 5283 animus,

541 5306 600 5352 et
652 5298 791 5353 liber
835 5307 920 5353 est
966 5298 1035 5353 ab
1082 5300 1232 5355 omni
1270 5302 1661 5368 sollicitudine,
1712 5306 1870 5362 laetus
1916 5310 2110 5365 caelum

536 5389 788 5458 suspicit.
834 5388 894 5445 Si
942 5390 1068 5460 quis
1114 5392 1251 5447 mihi
1291 5393 1449 5449 daret
1489 5394 1790 5463 optionem,
1819 5400 2111 5457 mallemne

534 5479 727 5535 videre
767 5479 995 5536 Paulum
1022 5497 1055 5538 e
1085 5482 1221 5538 caalo
1252 5496 1599 5541 exserentem
1623 5498 1806 5559 caput,
1837 5500 1893 5546 et
1916 5508 2105 5548 vocem

531 5572 899 5639 emittentem,
941 5588 1010 5629 an
1048 5590 1116 5629 ex
1146 5591 1402 5643 carcere;
1431 5578 1650 5632 mallem
1680 5595 1746 5635 ex
1782 5597 2002 5639 carcere
2035 5600 2107 5640 :e

530 5661 665 5728 ca;lo
693 5664 840 5718 enim
884 5664 953 5719 ad
1001 5665 1181 5736 ipsum
1230 5667 1478 5733 veniunt,
1509 5686 1633 5723 cum
1666 5672 1737 5727 sit
1776 5673 1832 5727 in
1861 5690 2099 5731 carcere.

529 5750 819 5825 Colligatio
844 5755 1249 5825 przedicationis
1280 5768 1410 5816 sunt
1443 5761 1659 5818 vincula
1682 5762 1836 5821 Pauli
1866 5782 1880 5820 :
1909 5766 2105 5824 funda-

1209 340 1270 398 S.
1308 336 1585 397 JOANNIS
1619 325 2096 393 CHRVSOSTOMI
2130 328 2447 390 ARCHIEP.
2485 331 3034 393 CONS'I‘ANTINOP.

3651 335 3755 391 372

2179 454 2427 500 mentum
2468 455 2554 502 est
2596 447 2687 503 illa
2715 456 2927 504 catena.
2966 446 3197 503 Vincula
3239 449 3331 504 illa
3356 448 3781 519 desideremus”

2247 538 2302 593 5.
2330 537 2400 592 Et
2424 538 2713 608 quomodo,
2746 540 2937 610 inquit,
2961 540 3074 595 ﬁeri
3106 542 3317 612 potest?
3345 543 3402 599 Si
3425 545 3539 601 haec
3554 546 3756 601 contri-

2177 630 2412 682 verimus
2438 637 2491 684 et
2519 612 2951 700 perfregeri'mus.
2982 632 3170 688 Nullus
3213 648 3341 689 usus
3365 676 3380 695 .
3435 635 3529 691 sed
3576 637 3753 705 potius

2178 717 2430 773 damnum
2456 729 2535 773 est
2557 720 2708 775 nobis
2734 735 2801 775 ex
2828 720 2911 775 his
2931 722 3175 777 vinculis.
3216 723 3340 779 Haec
3381 739 3479 779 nos
3519 726 3627 780 illic
3663 741 3755 781 os-

2178 808 2400 864 tendent
2447 810 2688 877 vinctos;
2732 811 2882 865 Pauli
2926 822 3103 867 autem
3155 814 3364 870 vincula
3409 816 3498 870 illa
3550 817 3759 872 solvent

2180 899 2387 954 vincula
2418 916 2432 954 :
2465 916 2582 971 quae
2606 910 2689 956 est
2720 900 2802 956 his
2832 902 2917 957 hic
2945 903 3120 958 vincta
3140 944 3157 972 ,
3209 905 3597 961 immortalibus
3646 908 3759 963 illic

2180 991 2404 1045 vinculis
2434 993 2636 1047 vinctas
2659 993 2876 1049 habebit
2903 1010 3091 1050 manus
3119 1005 3173 1051 et
3214 997 3411 1066 pedes;
3448 1014 3568 1069 qua:
3605 1000 3756 1055 Pauli

2182 1084 2359 1137 vincta
2389 1082 2548 1139 fuerit
2568 1082 2830 1149 vinculis,
2874 1086 3092 1141 habebit
3111 1088 3275 1143 veluti
3305 1098 3676 1145 ornamentum
3707 1092 3755 1147 ei

2182 1182 2308 1228 tunc
2335 1175 2740 1230 circumdatum.
2774 1175 2935 1232 Solve
2983 1186 3037 1232 et
3078 1179 3300 1247 teipsam
3351 1195 3382 1233 a
3424 1182 3663 1248 vinculo,
3705 1194 3760 1237 et

2183 1281 2469 1336 pauperem
2500 1282 2528 1319 a
2582 1267 2741 1323 fame.
2772 1268 2880 1324 Cur
2918 1280 3257 1338 peccatorum
3296 1281 3514 1327 catenas
3557 1289 3758 1329 conne-

2184 1358 2284 1413 ctis
2302 1359 2325 1410 ?
2344 1359 2658 1424 Quomodo?
2683 1362 2869 1431 inquit.
2885 1362 3106 1429 Quando
3125 1372 3178 1417 tu
3197 1378 3383 1418 aurum
3406 1374 3605 1435 gestas,
3624 1368 3761 1422 alius

2185 1459 2358 1502 autem
2392 1451 2565 1520 perit;
2596 1453 2808 1521 quando
2826 1462 2883 1506 tu
2904 1451 3117 1523 quidem
3144 1464 3202 1508 ut
3220 1455 3431 1509 inanem
3454 1462 3761 1527 assequaris

2185 1541 2434 1611 gloriam,
2462 1552 2665 1596 tantum
2697 1545 2813 1599 auri
2843 1545 3064 1614 accipis.
3094 1546 3232 1601 alius
3260 1556 3439 1601 autem
3471 1563 3575 1603 non
3605 1549 3763 1603 habet

2186 1633 2327 1702 quod
2345 1634 2487 1701 edat,
2504 1650 2679 1689 annon
2700 1645 2914 1706 peccata
2939 1637 3252 1693 connectis?
3282 1638 3444 1693 indue
3469 1639 3761 1705 Christum,

2188 1733 2243 1779 et
2299 1741 2403 1779 non
2461 1740 2696 1781 aurum:
2741 1727 2831 1782 ubi
2882 1737 2966 1783 est
3010 1743 3297 1797 mamona,
3343 1730 3452 1785 illic
3517 1747 3624 1786 non
3682 1742 3764 1787 est

2187 1815 2479 1870 Christus:
2512 1816 2602 1870 ubi
2644 1827 2727 1871 est
2748 1816 3024 1885 Christus,
3054 1819 3164 1874 illic
3214 1836 3319 1875 non
3365 1829 3450 1876 est
3492 1838 3762 1878 matnona.

2171 1905 2307 1961 .Non
2349 1908 2427 1961 vis
2468 1907 2612 1963 indui
2654 1909 2770 1979 ipso
2804 1908 2952 1980 Rege
2979 1911 3389 1967 universorum?
3415 1914 3474 1969 Si
3499 1914 3763 1985 quispiam

2190 2000 2283 2054 tibi
2306 2000 2459 2055 daret
2482 2017 2771 2071 purpuram
2799 2012 2854 2058 et
2879 2003 3126 2059 diadema
3147 2045 3163 2071 ,
3205 2022 3311 2061 non
3334 2005 3387 2061 id
3416 2008 3590 2077 potius
3623 2010 3766 2063 acci-

2194 2109 2347 2163 peres
2372 2110 2530 2165 quam
2554 2096 2779 2165 quodvis
2806 2099 3034 2152 aurum?
3061 2098 3172 2168 Ego
3195 2098 3288 2153 tibi
3330 2114 3436 2153 non
3480 2115 3766 2155 ornamen-

2193 2194 2305 2241 tum
2336 2189 2538 2258 regium
2568 2187 2660 2252 do,
2693 2188 2788 2243 sed
2816 2189 2989 2259 ipsum
3031 2190 3232 2260 Regem
3277 2191 3493 2261 praebeo
3524 2192 3616 2246 tibi
3659 2209 3767 2261 quo

2194 2278 2452 2335 induaris.
2481 2280 2548 2335 Et
2571 2282 2859 2351 quomodo,
2900 2283 3090 2353 inquit,
3120 2282 3334 2339 Christo
3354 2284 3601 2340 induetur
3623 2285 3771 2353 qui.-

2194 2372 2376 2441 piam?
2402 2373 2542 2428 Audi
2575 2374 2796 2429 Paulum
2824 2374 3090 2431 dicentem
3120 2392 3133 2429 :
3163 2376 3475 2447 Quicumque
3497 2378 3551 2431 in
3570 2378 3769 2431 Christo

2194 2462 2434 2533 baptizati
2462 2465 2578 2519 estis
2597 2506 2611 2530 ,
2641 2465 2897 2521 Christum
2920 2468 3155 2523 induisti:
3198 2475 3216 2541 (
3240 2468 3356 2524 Gal.
3384 2472 3437 2526 5.
3460 2470 3528 2525 27
3553 2470 3572 2541 )
3599 2488 3612 2522 :
3640 2472 3763 2526 audi

2205 2554 2554 2622 apostolicam
2579 2556 2999 2613 admonitionem
3034 2576 3047 2613 :
3079 2558 3257 2614 Carnis
3280 2600 3297 2626 ,
3329 2560 3499 2630 inquit
3526 2601 3541 2625 ,
3594 2577 3771 2615 curam

2196 2660 2259 2698 ne
2285 2646 2500 2715 feceritis
2523 2647 2590 2699 ad
2640 2650 3093 2719 concupiscentiam
3145 2650 3337 2721 (Rom.
3390 2653 3477 2707 15.
3520 2653 3641 2722 Η).
3681 2653 3772 2708 Sic

2196 2738 2460 2806 quispiam
2490 2739 2704 2793 Christo
2731 2740 2988 2806 induitur,
3012 2742 3054 2796 si
3079 2743 3257 2796 carnis
3278 2758 3460 2797 curam
3486 2759 3589 2796 non
3621 2754 3773 2814 gerat

2196 2827 2260 2883 ad
2286 2829 2793 2900 concupiscentiam.
2826 2832 2879 2887 Si
2907 2831 3123 2887 Christo
3144 2833 3413 2899 induaris,
3438 2833 3537 2903 ipsi
3579 2843 3630 2889 te
3665 2834 3772 2889 for-

2197 2921 2475 2976 midabunt
2502 2923 2812 2988 daemones;
2844 2924 2924 2977 sin
2955 2935 3129 2978 autem
3153 2940 3305 2990 auro,
3332 2926 3495 2979 etiam
3529 2925 3774 2982 homines

2198 3012 2494 3069 irridebunt
2523 3031 2538 3070 :
2569 3016 2612 3069 si
2645 3014 2858 3071 Christo
2884 3016 3138 3084 iuduaris,
3171 3019 3332 3072 etiam
3372 3026 3425 3073 te
3451 3018 3775 3074 reverebuu-

2197 3112 2285 3158 tur
2312 3103 2573 3161 homines.

2269 3196 2455 3251 Contra
2474 3198 2683 3251 nimium
2709 3199 2975 3253 mulierum
2996 3208 3335 3255 ornatum.—
3358 3200 3446 3255 Vis
3472 3200 3635 3255 videri
3660 3202 3776 3271 pul-

2198 3287 2325 3343 chra
2354 3299 2408 3344 et
2432 3287 2626 3343 decora
2648 3288 2671 3340 ?
2695 3290 2784 3344 tibi
2815 3289 3041 3345 sufﬁciat
3064 3290 3311 3345 formatio
3330 3290 3615 3347 Creatoris.
3637 3293 3774 3361 Quid

2200 3395 2360 3436 aurea
2406 3381 2613 3437 inducis
2650 3393 3000 3449 ornamenta,
3045 3393 3313 3454 tamquam
3358 3385 3408 3439 id
3450 3386 3589 3455 quod
3634 3387 3776 3441 Deus

2201 3473 2409 3530 efﬁnxit
2434 3475 2780 3529 correctura?
2806 3475 2897 3529 Vis
2926 3475 3098 3531 videri
3120 3477 3356 3531 decora?
3384 3476 3605 3532 induere
3637 3478 3779 3533 eice-

2202 3551 2447 3635 mosS'ua,
2481 3565 2705 3621 induere
2735 3566 3096 3636 benignitate,
3147 3567 3369 3622 induere
3414 3568 3672 3623 modestia
3720 3579 3780 3623 et

2201 3658 2572 3727 temperantia,
2592 3668 2645 3713 et
2664 3672 2692 3710 a
2718 3666 2767 3712 te
2788 3658 2925 3713 absit
2945 3657 3133 3714 fastus.
3159 3656 3283 3714 llzec
3302 3660 3477 3715 omnia
3503 3671 3626 3714 sunt
3647 3676 3779 3715 auro

2203 3749 2515 3819 pretiosiora
2544 3767 2556 3802 :
2592 3748 2703 3803 haec
2724 3750 2881 3804 etiam
2908 3751 3203 3819 speciosam
3234 3750 3462 3805 reddunt
3491 3751 3657 3820 magis
3678 3750 3778 3806 de-

2204 3854 2383 3895 coram
2411 3840 2558 3895 :hzec
2584 3842 2744 3896 etiam
2767 3855 2872 3897 uon
2902 3841 3190 3897 formosam
3214 3842 3448 3898 efﬁciunt
3469 3843 3776 3898 formosam.

2204 3929 2427 3998 Quando
2448 3932 2589 3986 enim
2616 3932 2735 4001 quis
2760 3946 2882 3987 cum
2911 3932 3280 3987 benevolentia
3311 3933 3648 4003 conjunctam
3695 3935 3780 3988 vi-

2203 4023 2342 4077 derit
2363 4021 2608 4091 formam,
2633 4040 2697 4079 ex
2723 4025 2944 4079 caritate
2963 4024 3067 4079 fert
3083 4027 3397 4081 sententiam
3424 4043 3438 4080 :
3466 4027 3779 4096 pravitatem

2205 4123 2407 4180 autem,
2442 4129 2509 4168 ne
2534 4115 2579 4170 si
2619 4114 2688 4168 sit
2732 4114 2944 4185 quidem
2989 4115 3245 4184 pulchra,
3293 4124 3470 4186 potest
3515 4117 3780 4187 quispiam

2205 4205 2384 4261 dicere
2426 4203 2748 4275 pulchram:
2791 4206 3056 4261 sauciatus
3095 4208 3238 4262 enim
3277 4208 3487 4264 animus
3533 4225 3638 4264 non
3688 4225 3780 4264 rc-

2206 4304 2347 4350 ctam
2394 4294 2499 4350 fert
2542 4297 2881 4351 sententiam.
2928 4295 3124 4353 Ornata
3152 4298 3419 4368 quondam
3469 4299 3565 4355 fuit
3610 4300 3781 4372 [Egy-

2208 4389 2334 4457 ptia,
2369 4396 2587 4442 ornatus
2607 4404 2819 4459 quoque
2850 4387 2949 4444 fuit
2989 4389 3188 4460 Joseph
3220 4409 3233 4445 :
3263 4401 3381 4446 uter
3416 4402 3529 4446 erat
3574 4393 3781 4447 formo-

2207 4480 2354 4534 sior?
2379 4496 2484 4535 non
2512 4480 2634 4535 dico
2666 4480 2880 4550 quando
2912 4481 3003 4535 illa
3035 4490 3151 4537 erat
3184 4482 3236 4536 in
3268 4483 3411 4569 [νὴ
3432 4523 3449 4549 ,
3480 4482 3566 4538 hic
3602 4494 3782 4539 autem

2210 4570 2261 4623 in
2292 4584 2528 4625 carcere.
2558 4569 2655 4625 llic
2678 4579 2798 4625 erat
2823 4570 2998 4625 nudus
3020 4610 3036 4636 ,
3079 4572 3171 4626 sed
3202 4580 3320 4627 erat
3360 4572 3575 4629 indutus
3615 4576 3785 4630 vesti-

2210 4661 2403 4721 mentis
2452 4664 2818 4733 temperantia:
2858 4673 2913 4718 et
2938 4665 3317 4720 continentize:
3351 4666 3437 4721 illa
3478 4677 3593 4721 erat
3632 4667 3788 4722 iudu-

2208 4760 2282 4819 ta,
2310 4752 2405 4808 sed
2426 4763 2543 4809 erat
2564 4754 2704 4807 nuda
2736 4756 2980 4825 turpior;
3020 4772 3125 4813 non
3158 4756 3389 4813 habebat
3412 4758 3555 4813 enim
3584 4767 3788 4828 tempe-

2210 4846 2459 4899 rantiam.
2487 4845 2712 4912 Quando
2743 4855 2794 4900 te
2826 4849 3066 4917 impense
3091 4848 3326 4912 ornaris,
3355 4864 3387 4903 ο
3415 4849 3630 4915 mulier,
3660 4859 3790 4905 tunc

2210 4934 2351 4990 nuda
2377 4933 2514 4990 facta
2537 4950 2595 4991 es
2621 4937 2864 5007 turpior;
2896 4939 3088 4993 exuisti
3111 4939 3252 4994 enim
3280 4939 3615 4995 modestiam.
3656 4940 3789 4995 Erat

2211 5029 2372 5083 etiam
2404 5028 2512 5082 Eva
2539 5029 2677 5083 nuda
2699 5029 2840 5095 ,'scd
2868 5031 3083 5099 quando
3121 5029 3218 5084 fuit
3254 5031 3435 5086 induta
3456 5073 3470 5095 ,
3503 5040 3630 5087 tunc
3668 5041 3790 5087 erat

2210 5122 2417 5190 turpior
2450 5136 2462 5174 :
2498 5136 2616 5174 nam
2649 5120 2861 5190 quando
2892 5131 3006 5176 erat
3037 5121 3176 5176 nuda
3205 5163 3219 5187 ,
3267 5122 3433 5192 gloria
3476 5122 3573 5180 Dei
3612 5123 3787 5180 fuerat

2210 5221 2397 5267 ornata
2428 5228 2442 5276 ;
2475 5212 2692 5283 quando
2714 5222 2887 5267 autem
2925 5213 3094 5269 induit
3118 5223 3322 5269 vestem
3371 5216 3605 5284 peccati,
3660 5225 3789 5269 tunc

2211 5313 2325 5359 crat
2352 5304 2542 5374 turpis.
2572 5304 2640 5360 Et
2663 5312 2717 5359 tu
2744 5320 2866 5359 cum
2892 5305 3163 5361 mundano
3182 5305 3416 5361 indueris
3431 5315 3790 5371 ornatu,tunc

2211 5410 2436 5465 appares
2456 5397 2682 5465 turpior.
2704 5394 2837 5450 Nam
2860 5396 2999 5466 quod
3029 5396 3226 5452 nimius
3252 5407 3495 5466 sumptus
3534 5405 3588 5452 et
3630 5397 3793 5452 luxus

2211 5502 2317 5541 non
2364 5484 2592 5540 sufﬁciat
2626 5487 2693 5540 ad
2736 5487 3123 5542 ostendendam
3169 5487 3648 5558 pulchritudinem,
3690 5488 3791 5543 sed

2212 5577 2326 5632 ﬁeri
2352 5578 2521 5647 possit
2546 5587 2603 5633 ut
2634 5578 2815 5633 induta
2843 5582 3018 5635 minus
3055 5580 3125 5636 sit
3162 5580 3386 5637 honesta
3413 5595 3569 5650 quam
3607 5580 3747 5635 nuda
3771 5623 3791 5644 ,

2209 5685 2309 5739 ego
2334 5670 2530 5725 dicam.
2560 5668 2614 5726 Si
2659 5671 2875 5743 quando
2920 5672 3139 5729 induisti
3186 5675 3503 5730 vestimenta
3555 5676 3796 5731 tibicinis

2212 5768 2305 5817 aut
2332 5761 2594 5835 cborauli,
2624 5779 2689 5820 an
2718 5764 2770 5821 id
2793 5781 2896 5821 non
2934 5775 3046 5821 erat
3093 5766 3434 5828 inhonestum
3471 5778 3525 5825 et
3568 5767 3795 5824 induco.
