4120 6400
416 336 528 394 371

413 454 652 524 μάλιστα
683 450 889 523 τρέχει.
916 451 1127 523 Ὠσπερ
1152 450 1284 523 γάρ,
1314 452 1562 525 δρομέως
1596 453 1664 508 ἂν
1695 452 1773 525 μὴ
1821 453 1991 527 δήσῃς

410 545 537 606 τοὺς
564 542 755 604 πόδας,
777 542 878 595 οὐκ
909 541 1194 607 ἐκώλυσας
1222 542 1316 596 τοῦ
1338 545 1544 615 δρόμου
1567 560 1581 574 ο
1616 544 1759 599 οὕτω
1787 544 1881 598 καὶ
1903 546 1993 597 εὐ-

411 628 737 699 αγγελιστοῦ
767 629 863 683 ἐὰν
913 628 988 701 μὴ
1026 629 1197 703 δήσῃς
1225 630 1323 702 τὴν
1357 632 1625 699 γλῶτταν,
1656 634 1756 686 οὐκ
1788 631 1994 686 ἐκώλυ-

411 735 510 780 σας
541 716 635 769 τοῦ
666 717 887 787 δρόμου.
945 717 1056 771 Καὶ
1089 717 1279 788 ῶσπερ
1310 719 1539 784 ἐκεῖνος,
1574 719 1670 774 ἐάν
1696 720 1867 791 δήσῃς
1894 719 1993 789 τὴν

410 806 602 874 ὀσφῦν,
632 803 830 874 μᾶλλον
858 803 1046 875 τρέχει
1086 806 1181 858 καὶ
1227 805 1673 874 διαϐαστάζεται,
1723 806 1869 861 οὕτω
1897 807 1995 860 καὶ

400 886 565 957 οὗτος
618 893 989 963 δεσμούμενος
1038 905 1064 934 ιι
1114 894 1319 965 μᾶλλον
1375 895 1658 967 κηρύττει,
1710 898 1805 950 καὶ
1853 896 1993 967 μετά

409 981 653 1044 πλείονος
686 984 783 1050 τῆς
815 981 1146 1053 παρρησίας.
1190 981 1373 1053 Δειλιᾷ
1402 983 1431 1035 ό
1457 983 1697 1053 δέσμιος,
1732 985 1862 1040 ὅταν
1903 984 1993 1037 δε-

409 1064 604 1141 σμδςῇ
638 1067 800 1139 μόνον
822 1084 833 1096 ³
873 1070 901 1120 6
927 1070 985 1121 δέ
1034 1067 1129 1121 τοῦ
1179 1068 1415 1123 Θανάτου
1460 1072 1847 1141 καταφρονῶν,
1874 1072 1993 1134 πῶς

408 1155 477 1209 ἂν
514 1156 701 1225 ἐδέθης
736 1155 942 1209 Ταυτὸν
972 1156 1211 1221 ἐποίουν,
1235 1151 1350 1210 οἷον
1370 1156 1435 1211 ἂν
1466 1159 1515 1210 εί
1553 1158 1654 1228 τὴν
1690 1158 1848 1213 σκιάν
1872 1160 1989 1212 ἐδέ-

409 1258 578 1313 σμουν
608 1243 843 1307 Παύλου,
872 1243 964 1297 καὶ
982 1242 1044 1296 τὸ
1075 1243 1249 1315 στόμα
1272 1243 1808 1316 αὐτῆςένέφραττον.
1836 1248 1991 1300 Σκιο-

408 1332 580 1403 μαχία
618 1334 727 1403 γάρ
771 1327 874 1402 ἦν·
938 1334 1053 1397 τοῖς
1084 1350 1144 1385 τε
1176 1333 1284 1405 γάρ
1331 1334 1553 1398 οίκείοις
1606 1336 1991 1407 ποθεινότερος

408 1420 611 1491 μᾶλλον
642 1416 731 1491 ἦν,
766 1422 877 1483 τοῖς
909 1437 971 1473 τε
1022 1420 1236 1491 ἐχθροῖς
1284 1422 1729 1494 αἰδεσιμώτερος,
1764 1424 1860 1478 ἅτε
1894 1426 1989 1479 ἀν-

404 1507 587 1579 δρείας
620 1508 803 1578 φέρων
828 1507 1061 1562 ἔπαθλον
1091 1508 1183 1561 τὸν
1212 1508 1429 1578 δεσμόν.
1483 1510 1752 1579 Στέφανος
1793 1516 1992 1584 κοσμεῖ

398 1597 671 1667 κεφαλὴν,
696 1595 813 1649 ἀλλ’
834 1597 934 1649 οὐκ
963 1596 1231 1667 αἰσχύνει,
1258 1595 1395 1649 ἀλλά
1424 1598 1518 1652 καὶ
1541 1598 1795 1671 λαμπρὸν
1823 1604 1984 1655 ποιεῖ.

410 1683 668 1748 ’Δκοντες
699 1683 1031 1749 ἐστεφάνουν
1055 1684 1218 1738 αὐτὸν
1243 1687 1309 1755 τῇ
1331 1684 1541 1741 ἀλύσει.
1572 1686 1709 1739 Εἰπὲ
1732 1689 1841 1760 γάρ
1873 1707 1985 1759 μοι,

398 1770 624 1842 σίδηρον
650 1766 765 1842 εἶχε
795 1771 971 1826 δεῖσαι
1000 1773 1029 1826 ό
1071 1772 1181 1827 τῶν
1209 1772 1590 1843 ἀδαμαντίνων
1622 1773 1717 1828 τοῦ
1754 1774 1987 1832 θανάτου

398 1859 761 1929 κατατολμῶν
791 1859 977 1929 πυλῶν
996 1876 1011 1924 ;

479 1878 761 1929 τατολμων
791 1878 896 1913 πυΑ
948 1878 1011 1924 νς

479 1946 762 2017 Ἔλθωμεν
791 1949 872 2011 είς
900 1878 1107 2017 (Ξῆλον,
1144 1947 1445 2017 ἀγαπητοὶ,
1475 1951 1585 2003 τῶν
1616 1950 1834 2022 δεσμῶν
1859 1952 1987 2007 τού-

402 2052 535 2091 των.
568 2035 731 2089 Ὅσαι
759 2039 1017 2105 γυναῖκες
1053 2038 1254 2109 χρυσία
1281 2038 1622 2108 περίκεισθε,
1658 2043 1728 2096 τὰ
1769 2042 1985 2097 Παύλου

404 2122 585 2195 δεσμά
613 2124 911 2193 ποθήσατε.
941 2125 1054 2194 Οὐχ
1083 2125 1257 2188 οὕτως
1278 2127 1407 2196 ὑμῖν
1430 2128 1558 2199 περὶ
1586 2128 1679 2181 τὸν
1712 2130 1986 2201 τράχηλον

400 2212 467 2266 τὸ
514 2212 897 2285 περιδέρραιον
942 2214 1281 2286 ἀπολάμπει,
1333 2216 1410 2279 ὠς
1456 2218 1666 2270 ἐκείνου
1712 2219 1840 2290 περὶ
1887 2222 1986 2292 τήν

394 2300 583 2370 ψυχὴν
640 2302 669 2353 6
720 2301 828 2353 τῶν
879 2300 1120 2372 σιδηρῶν
1150 2302 1367 2373 δεσμῶν
1408 2304 1621 2359 ἔστιλϐε
1653 2306 1878 2377 κόσμος.
1920 2308 1990 2361 Et

402 2404 485 2450 τις
526 2390 710 2440 ἐκεῖνα
740 2388 916 2455 ποθεῖ,
958 2389 1131 2444 ταῦτα
1186 2392 1434 2461 μισείτω.
1470 2393 1565 2458 Τίς
1588 2392 1697 2464 γάρ
1730 2396 1985 2451 κοινωνία

405 2473 632 2547 βλακείᾳ
652 2476 787 2543 πρὸς
808 2476 1061 2549 ἀνδρείαν
1084 2494 1098 2543 ;
1129 2479 1503 2550 καλλωπισμῷ
1526 2482 1825 2553 σωματικῷ
1850 2483 1985 2555 πρὸς

403 2563 763 2632 φιλοσοφίαν;
803 2566 1017 2619 Ἐκεῖνα
1076 2566 1143 2620 τά
1173 2568 1351 2638 δεσμά
1401 2568 1626 2638 ἄγγελοι
1683 2571 1982 2638 αίδοῦνται,

398 2653 610 2703 τούτων
652 2652 746 2704 καὶ⁹
776 2654 1208 2717 καταπαίζουσιν
1234 2671 1247 2684 ’
1287 2656 1473 2710 ἐκεῖνα
1514 2656 1586 2712 τὰ
1632 2658 1811 2730 δεσμά
1846 2661 1984 2732 πρὸς

402 2737 494 2791 τὸν
524 2739 754 2810 οὐρανὸν
798 2740 909 2794 ἀπὸ
954 2742 1052 2812 τῆς
1100 2742 1205 2813 γῆς
1246 2742 1427 2799 ἐλκειν
1475 2746 1657 2813 εἴωθε,
1689 2746 1863 2801 ταῦτα
1912 2749 1984 2803 τὰ

401 2824 577 2897 δεσμά
624 2828 760 2899 πρὸς
789 2829 889 2899 τὴν
909 2828 1015 2899 γῆν
1042 2830 1151 2883 ἀπὸ
1178 2832 1274 2884 τοῦ
1305 2833 1537 2901 οὐρανοῦ
1577 2835 1827 2904 κατάγει.
1858 2837 1983 2891 Ὀν-

400 2928 510 2976 τως
543 2913 651 2985 γὰρ
683 2915 857 2968 ταῦτα
885 2915 1082 2986 δεσμά,
1127 2917 1228 2971 οὐκ
1263 2919 1450 2973 ἐκεῖνα
1477 2937 1489 2949 ·
1530 2922 1713 2975 ἐκεῖνα
1753 2923 1979 2993 κόσμος,

401 3001 573 3055 ταῦτα
604 3003 805 3074 δεσμά’
842 3004 1015 3059 ταῦτα
1057 3006 1197 3075 μετά
1225 3006 1319 3061 τοῦ
1350 3009 1601 3079 σώματος
1636 3013 1732 3064 καὶ
1759 3013 1858 3083 τὴν
1880 3013 1983 3082 ψυ-

400 3090 504 3160 χὴν
534 3091 727 3153 θλίϐει,
760 3094 943 3148 ἐκεῖνα
977 3095 1117 3164 μετά
1141 3094 1233 3148 τοῦ
1267 3095 1519 3165 σώματος
1553 3099 1649 3151 καὶ
1678 3099 1775 3171 τὴν
1804 3100 1982 3172 ψυχὴν

401 3180 615 3247 κοσμεῖ.
676 3179 864 3233 Βούλει
915 3182 1107 3250 μαθεῖν
1160 3183 1243 3235 ὅτι
1293 3184 1477 3238 ἐκεῖνα
1541 3185 1743 3256 κόσμος
1791 3189 1978 3256 ἐστίν;

401 3264 536 3317 Εἰπέ
574 3283 686 3335 μοι,
714 3267 799 3330 τίς
830 3267 1029 3336 μᾶλλον
1057 3269 1409 3324 ἐπεσπάσατο
1439 3273 1563 3335 τοὺς
1594 3274 1860 3344 ὁρῶντας,
1890 3277 1978 3342 σὺ,

400 3352 434 3421 ἢ
469 3352 718 3420 Παῦλος;
762 3353 911 3427 [402]
946 3356 1038 3408 καὶ
1070 3356 1123 3408 τί
1151 3356 1316 3425 λέγω,
1371 3358 1473 3424 σύ;
1523 3361 1664 3432 αὐτὴ
1693 3364 1727 3433 ή
1766 3362 1979 3432 βασιλὶς

402 3440 436 3509 ἡ
491 3440 670 3493 πάντα
706 3442 906 3511 χρυσὸν
952 3446 1344 3517 περικειμένη,
1388 3447 1487 3499 οὐκ
1533 3447 1598 3501 ἂν
1635 3450 1840 3519 μᾶλλον
1878 3453 1979 3505 ἐπ-

405 3527 684 3581 εσπάσατο
709 3531 836 3593 τοὺς
857 3529 1097 3601 δρῶντας
1116 3546 1133 3562 ⁶
1180 3531 1297 3585 ἀλλ’
1330 3534 1379 3585 εί
1412 3534 1610 3607 συνέϐη
1647 3538 1741 3591 καὶ
1770 3538 1981 3591 Παῦλον

402 3615 547 3668 κατὰ
576 3616 666 3670 τὸν
697 3615 861 3669 αὐτόν
886 3618 1077 3689 καιρδν
1123 3619 1427 3690 δεδεμένον,
1469 3622 1565 3674 καὶ
1598 3623 1697 3692 τὴν
1732 3623 1980 3695 βασιλίδα

401 3703 481 3765 είς
507 3701 605 3774 τὴν
634 3703 932 3774 ἐκκλησίαν
962 3704 1247 3769 εἰσελθεῖν,
1272 3706 1476 3770 πάντες
1510 3708 1575 3762 ἂν
1622 3710 1719 3763 ἀπ’
1766 3712 1981 3784 ἐκείνης

400 3790 495 3842 ἐπὶ
530 3790 719 3844 τοῦτον
740 3793 1054 3864 μετήγαγον
1074 3794 1201 3857 τοὺς
1234 3794 1545 3866 ὀφθαλμούς
1567 3812 1580 3827 ⁸
1612 3798 1706 3851 καὶ
1730 3799 1976 3863 εἰκότως.

399 3876 474 3930 Τὸ
496 3878 603 3949 γάρ
624 3880 753 3950 ὁρᾷν
785 3879 954 3952 ἄνδρα
980 3883 1078 3953 τῆς
1108 3880 1323 3951 φύσεως
1345 3883 1446 3954 τῆς
1476 3884 1826 3957 ἀνθρωπίνης
1862 3888 1980 3958 μεί-

398 3964 548 4030 ζονα,
590 3970 683 4022 καὶ
736 3970 887 4023 οὐδὲν
918 3970 1114 4041 ἔχοντα
1162 3971 1528 4045 ἀνθρώπινον,
1583 3974 1700 4028 ἀλλ’
1745 3976 1978 4046 ἄγγελον

396 4054 492 4107 ἐπὶ
517 4055 640 4125 γῆς,
675 4056 1122 4129 θαυμασιώτερον
1154 4058 1249 4113 τοῦ
1270 4061 1403 4131 όρᾷν
1440 4063 1676 4129 γυναῖκα
1699 4065 1975 4119 κεκαλλω-

397 4144 691 4213 πισμένην.
718 4146 904 4200 Ταῦτα
953 4148 1051 4218 μὲν
1085 4148 1195 4221 γὰρ
1235 4149 1332 4202 καὶ
1386 4151 1446 4203 ἐν
1496 4149 1768 4223 θεάτροις,
1798 4155 1893 4209 καὶ
1920 4156 1977 4209 ἐν

396 4235 663 4300 πομπαῖς,
692 4235 785 4286 καὶ
809 4234 1135 4303 βαλανείοις,
1186 4238 1282 4292 καὶ
1317 4238 1589 4310 πολλαχοῦ
1628 4241 1777 4296 ἐστιν
1808 4244 1937 4297 ίδεῖν
1958 4262 1973 4276 ο

398 4318 682 4391 ἄνθρωπον
718 4322 773 4376 δέ
802 4324 976 4395 δεσμά
1008 4327 1408 4397 περικείμενον,
1443 4329 1537 4382 καὶ
1566 4331 1856 4399 νομίζοντα
1885 4332 1976 4386 τὸν

401 4407 658 4478 μέγιστον
686 4410 887 4480 κόσμον
912 4412 1075 4482 ἔχειν,
1106 4414 1198 4467 καὶ
1230 4415 1331 4468 οὐκ
1355 4416 1570 4470 εἴκοντα
1596 4419 1707 4481 τοῖς
1734 4418 1972 4490 δεσμοῖς,

397 4495 497 4548 οὐκ
524 4496 639 4549 ἐστι
664 4497 767 4566 γῆς
792 4498 974 4569 θέαμα
1017 4500 1148 4552 ίδεῖν
1196 4502 1289 4555 τὸν
1318 4502 1554 4573 δρῶντα,
1588 4505 1703 4558 ἀλλ’
1729 4506 1976 4579 οὐρανῶν

394 4584 543 4651 ἄξιον
574 4584 634 4637 τὸ
668 4585 866 4655 θέαμα.
904 4586 969 4639 Ἦ
1018 4587 1192 4641 ταῦτα
1222 4591 1582 4663 περικειμένη
1622 4592 1769 4667 ψυχὴ
1815 4614 1975 4667 περι-

398 4673 611 4738 σκοπεῖ,
656 4672 740 4736 τίς
784 4669 911 4737 εἶδε,
953 4673 1037 4739 τίς
1068 4675 1169 4729 οὐκ
1224 4671 1356 4741 εἶδε,
1388 4679 1559 4748 τύφου
1592 4682 1973 4753 πεπλήρωται,

397 4760 643 4830 φροντίσι
674 4760 981 4831 κατέχεται,
1015 4762 1229 4833 μυρίοις
1256 4764 1461 4836 ἐτέροις
1485 4767 1693 4822 δέδεται
1719 4769 1970 4824 πάθεσινο

393 4848 424 4901 ό
464 4848 521 4901 δὲ
549 4849 732 4902 ἐκεῖνα
787 4849 1194 4920 περικείμενος,
1234 4852 1467 4922 ἄτυφος*
1500 4853 1534 4925 ή
1571 4854 1714 4926 ψυχὴ
1743 4859 1976 4929 γαυροῦ-

392 4952 504 5001 ται,
558 4936 737 5006 πάσης
789 4936 1134 5007 ἀπήλλακται
1187 4939 1486 5010 φροντίδος,
1515 4941 1803 5011 γεγηθυῖα,
1836 4946 1975 5015 πρὸς

390 5025 482 5077 τὸν
513 5024 739 5094 οὐρανὸν
772 5024 1067 5094 βλέπουσα,
1099 5026 1479 5097 ἐπτερωμένη.
1504 5028 1572 5081 Εἰ
1595 5027 1678 5093 τίς
1706 5047 1797 5100 μοι
1824 5032 1972 5085 Παῦ-

391 5110 481 5165 λον
531 5111 700 5165 ἐδίδου
744 5112 852 5165 ἀπὸ
888 5110 982 5164 τοῦ
1021 5112 1252 5183 ούρανοῦ
1301 5114 1668 5170 διακύπτοντα
1723 5117 1850 5174 ίδεῖν
1879 5120 1974 5175 καὶ

392 5199 578 5270 φωνὴν
598 5199 849 5270 ἀφιέντα,
875 5200 907 5271 ἢ
937 5200 1002 5254 ἐκ
1020 5199 1115 5254 τοῦ
1141 5201 1537 5275 δεσμωτηρίου,
1560 5205 1626 5258 ἐκ
1643 5205 1736 5259 τοῦ
1762 5206 1975 5279 δεσμω-

388 5288 579 5359 τηρίου
628 5288 692 5341 ἂν
746 5287 969 5358 εἱλόμην
1008 5306 1023 5319 ο
1088 5289 1138 5342 οί
1212 5289 1320 5362 γάρ
1354 5290 1381 5330 δ
1452 5292 1517 5345 ἐκ
1572 5291 1667 5347 τοῦ
1740 5295 1971 5366 οὐρανοῦ

390 5376 528 5445 πρὸς
585 5375 746 5428 αὐτὸν
805 5375 1090 5446 ἔρχονται,
1159 5376 1288 5430 ὅταν
1343 5378 1424 5441 είς
1481 5378 1541 5432 τὸ
1598 5379 1971 5456 δεσμωτήριον

388 5460 444 5539 ᾖ.
503 5463 562 5517 Ὀ
599 5463 892 5535 σύνδεσμος
940 5464 1034 5517 τοῦ
1088 5463 1442 5536 κηρύγματος
1486 5466 1555 5521 τά
1601 5468 1777 5539 δεσμά
1822 5472 1971 5525 Παύ-

452 5626 713 5705 fVchm,
773 5640 885 5689 qua
924 5627 1100 5679 deerat
1139 5631 1191 5680 in
1234 5628 1368 5689 edd.,
1423 5643 1485 5680 ex
1509 5632 1649 5683 codd.
1672 5635 1967 5700 recepimus.

392 5690 587 5821 ῗούτξὶο
609 5750 705 5798 duo
726 5750 863 5821 cgdd:
891 5756 945 5799 et
963 5750 1114 5821 Savil.
1143 5753 1496 5821 l.egebalur_06
1518 5755 1605 5819 γάρ
1628 5769 1687 5805 ex
1706 5757 1966 5821 Commel.,

394 5810 534 5873 Quod
565 5818 729 5862 tamen
751 5810 866 5864 ferri
890 5820 1075 5877 potest,
1100 5810 1243 5867 ωοόῦ
1268 5818 1404 5881 legas
1424 5810 1797 5883 iule'rr'ogative.
1828 5810 1963 5874 Ευιτῖ

1309 336 1379 395 IN
1417 336 1638 396 EPIST.
1675 339 1768 395 AD
1803 335 2091 396 COLOSS.
2132 338 2285 395 CAP.
2328 341 2420 398 IV.

2484 334 2721 394 HOMIL.
2753 335 2824 392 Χ.
3578 337 3686 394 372

2097 454 2211 518 λου,
2251 455 2279 506 6
2316 452 2563 525 θεμέλιος
2590 454 2625 525 ἡ
2658 452 2848 516 ἅλυσις
2889 448 3094 522 ἐκείνη.
3144 448 3355 505 Ἐκεῖνα
3400 449 3470 505 τὰ
3508 451 3685 521 δεσμά

2094 543 2445 613 ποθήσωμεν.
2642 564 2645 569 λ

2167 638 2228 685 ε’.
2271 633 2380 685 Καὶ
2410 632 2549 696 πῶς,
2578 631 2766 701 φησὶν,
2794 629 2908 696 Evn;
2948 628 3076 683 Ἐάν
3099 628 3274 683 ταῦτα
3301 629 3683 701 συντρίψωμεν

2094 720 2189 773 καὶ
2216 720 2615 792 διακλάσωμεν.
2648 719 2813 774 Οὐδὲν
2839 721 2970 790 ἡμῖν
2986 718 3094 772 ἀπὸ
3122 717 3328 772 τούτων
3359 717 3548 786 δφελος
3572 719 3683 770 τῶν

2092 807 2331 879 δεσμῶν,
2366 808 2502 862 ἀλλά
2533 808 2628 861 καὶ
2660 806 2857 877 βλάϐη.
2884 805 3180 875 Δεσμὼτας
3205 807 3353 876 ἡμᾶς
3386 806 3504 858 ἐκεῖ
3521 804 3683 869 δείξει

2092 895 2289 960 ταῦτα,
2322 895 2391 949 τά
2413 896 2471 948 δέ
2505 894 2719 948 Παύλου
2746 894 2924 965 δεσμά
2957 893 3110 947 λύσει
3141 895 3327 947 ἐκεῖνα
3352 891 3424 946 τά
3464 892 3641 962 δεσμά
3665 909 3680 923 ’

2092 984 2125 1051 ἠ
2160 982 2370 1046 τούτοις
2414 981 2650 1036 ἐνταῦθα
2687 982 2944 1053 δεδεμένη
2974 982 3207 1045 καὶτοῖς
3235 980 3534 1044 ἀθανάτοις
3566 982 3681 1033 ἐκεῖ

2093 1069 2312 1139 δεσμοῖς
2355 1070 2643 1141 δεθήσεται
2676 1072 2864 1140 χεῖρας
2899 1070 2995 1123 καὶ
3026 1068 3216 1135 πόδας,
3251 1070 3284 1139 ἡ
3319 1071 3433 1131 τοῖς
3466 1067 3680 1122 Παύλου

2091 1155 2348 1227 δεδεμένη
2384 1157 2496 1224 ἕξει
2546 1158 2803 1229 καθάπερ
2860 1156 3067 1228 κόσμον
3103 1155 3491 1227 περικείμενον
3536 1157 3673 1227 αὐτῇ

2091 1244 2235 1298 τότε.
2273 1245 2450 1299 Λῦσον
2473 1245 2567 1299 καὶ
2599 1245 2802 1315 σαυτὴν
2842 1243 2938 1297 τοῦ
2968 1243 3194 1316 δεσμοῦ,
3220 1248 3315 1297 καὶ
3345 1243 3437 1297 τὸν
3470 1243 3681 1314 πένητα

2091 1331 2185 1385 τοῦ
2216 1332 2397 1403 λιμοῦ.
2420 1333 2485 1385 Τί
2503 1333 2613 1385 τῶν
2638 1332 3054 1404 ἁμαρτημάτων
3079 1331 3180 1395 τάς
3212 1331 3399 1401 σειράς
3428 1330 3680 1401 ἐπισφίγ-

2092 1437 2248 1488 γεις;
2284 1420 2447 1484 Πῶς;
2504 1422 2688 1492 φησίν.
2725 1421 2895 1475 Ὅταν
2936 1422 3000 1474 σὺ
3036 1420 3136 1491 μὲν
3159 1422 3527 1492 χρυσοφορῇς,
3556 1420 3677 1472 ἐτε-

2092 1525 2185 1579 ρος
2213 1508 2270 1561 δέ
2292 1510 2589 1564 ἀπόλλυται
2611 1526 2626 1539 °
2667 1510 2795 1564 ὅταν
2830 1510 2895 1563 σὺ
2931 1510 3030 1580 μὲν
3061 1509 3150 1563 ἵνα
3181 1508 3337 1579 δόξης
3360 1509 3528 1581 τύχῃς
3576 1508 3679 1578 τῆς

2090 1596 2274 1664 κενῆς,
2328 1598 2582 1651 ⁴νοσοῦτον
2613 1597 2899 1670 λαμϐάνῃς
2946 1597 3187 1669 χρυσίον,
3218 1597 3405 1668 ἔτερος
3446 1596 3503 1649 δέ
3540 1597 3675 1667 μηδέ

2090 1686 2283 1750 φαγεῖν
2309 1682 2429 1755 ἔχῃ,
2456 1684 2577 1755 οὐχὶ
2604 1685 2705 1748 τὰς
2736 1684 3014 1756 ἁμαρτίας
3034 1684 3369 1753 ἐπέσφιγξας
3394 1701 3408 1750 ;
3439 1683 3672 1756 Περίθου

2087 1770 2179 1822 τὸν
2210 1772 2464 1840 Χριστὸν,
2501 1772 2596 1826 καὶ
2633 1773 2708 1844 μὴ
2756 1772 2849 1827 τὸν
2878 1772 3107 1843 χρυσόν·
3152 1772 3283 1826 ἔνθα
3337 1772 3671 1843 μαμμωνᾶς,

2088 1858 2206 1910 ἐκεῖ
2236 1858 2473 1930 Χριστὸς
2498 1860 2599 1912 οὐκ
2630 1859 2778 1913 ἐστιν
2803 1877 2817 1891 ο
2853 1859 2981 1913 ἔνθα
3007 1859 3265 1927 Χριστὸς,
3294 1859 3412 1912 ἐκεῖ
3443 1877 3675 1930 μαμμωο

2087 1946 2184 2008 νᾶς
2206 1946 2307 1999 οὐκ
2332 1945 2500 1999 ἐστιν.
2522 1946 2596 1999 Οὐ
2628 1946 2807 2017 βούλει
2836 1947 2928 2001 τὸν
2957 1946 3196 2001 Βασιλέα
3232 1947 3397 2001 αὐτὸν
3422 1949 3669 2018 περικεῖ-

2090 2032 2214 2085 σθαι
2248 2032 2358 2087 τῶν
2386 2034 2640 2099 πάντων;
2681 2035 2749 2088 Et
2786 2034 2872 2098 τίς
2904 2051 2988 2088 σοι
3014 2034 3115 2105 τὴν
3147 2035 3441 2104 ἁλουργίδα
3490 2034 3671 2088 καὶτὸ

2086 2118 2325 2190 διάδημα
2352 2120 2572 2186 ἔδωκεν,
2610 2121 2711 2175 οὐκ
2741 2122 2806 2176 ἂν
2843 2121 3009 2186 ἐδέξω
3035 2123 3157 2176 ἀντὶ
3180 2123 3383 2187 παντὸς
3408 2121 3502 2176 τοῦ
3532 2139 3669 2192 χρυ·-

2038 2242 2043 2247 ›
2088 2208 2205 2261 σίου
2230 2226 2245 2275 ;
2291 2207 2436 2277 Ἐγὼ
2470 2226 2554 2263 σοι
2583 2210 2646 2263 οὐ
2676 2210 2769 2264 τὸν
2797 2210 3001 2281 κόσμον
3024 2210 3219 2282 δίδωμι
3243 2212 3337 2266 τὸν
3367 2210 3667 2283 βασιλικὸν,

2086 2296 2205 2350 ἀλλ’
2236 2296 2398 2350 αὐτὸν
2427 2297 2750 2369 περιθέσθαι
2777 2297 2868 2351 τὸν
2887 2297 3122 2352 Βασιλέα
3143 2298 3385 2371 παρέχω.
3416 2299 3527 2352 Καὶ
3550 2299 3669 2362 πῶς

2085 2384 2151 2439 ἄν
2176 2402 2262 2449 τις
2292 2386 2601 2457 περικέοιτο
2647 2384 2740 2439 τὸν
2780 2385 3037 2457 Χριστὸν,
3083 2387 3283 2457 φησίν;
3331 2388 3531 2441 Ἀκουε
3570 2388 3667 2440 τοῦ

2085 2471 2301 2526 Παύλου
2325 2472 2579 2542 λέγοντος
2601 2486 2617 2501 ·
2645 2473 2819 2528 Ὅσοι
2839 2476 2927 2540 εὶς
2956 2475 3217 2542 Χριστὸν
3247 2475 3666 2541 ἐϐαπτίσθητε,

2083 2560 2344 2627 Χριστὸν
2403 2559 2778 2615 ἐνεδύσασθε
2800 2576 2815 2591 ο
2860 2560 3093 2615 ἄκουσον
3141 2561 3245 2631 τῆς
3294 2562 3668 2633 παραινέσεως

2083 2649 2184 2719 τῆς
2208 2648 2598 2720 ἀποστολικῆς·
2636 2648 2759 2718 Τῆς
2784 2650 3035 2718 σαρκὸς,
3072 2651 3228 2721 φησὶ,
3258 2652 3548 2719 πρόνοιαν
3578 2652 3666 2720 μὴ

2084 2736 2352 2791 ποιεῖσθε
2376 2738 2463 2803 εις
2487 2737 2826 2807 ἐπιθυμίαν.
2855 2737 3012 2791 Οὕτω
3031 2756 3115 2804 τις
3144 2738 3391 2793 ἐνδύεται
3414 2739 3505 2792 τὸν
3535 2740 3669 2809 Χρι-

2086 2825 2229 2891 στὸν,
2268 2825 2344 2897 μὴ
2377 2826 2622 2897 προνοῶν
2646 2828 2747 2898 τῆς
2771 2826 2972 2897 σαρκὸς
2996 2829 3076 2891 είς
3103 2827 3417 2897 ἐπιθυμίαν.
3449 2829 3544 2881 Ἂν
3574 2830 3669 2880 τὸν

2082 2915 2321 2985 Χριστὸν
2353 2916 2571 2988 ἐνδύσῃ,
2606 2916 2701 2969 καὶ
2728 2916 2985 2987 δαίμονές
3014 2934 3076 2970 σε
3112 2918 3549 2988 φοϐηθήσονται’
3600 2919 3668 2971 ἂν

2081 3004 2139 3058 δὲ
2172 3005 2265 3058 τὸν
2305 3006 2526 3076 χρυσὸν,
2558 3006 2656 3059 καὶ
2684 3006 2965 3078 ἄνθρωποι
3021 3008 3522 3077 καταγελάσονταιε
3571 3009 3667 3061 ἐὰν

2083 3091 2280 3165 ἐνδύσῃ
2310 3092 2402 3147 τὸν
2455 3093 2715 3164 Χριστὸν,
2769 3095 2864 3148 καὶ
2906 3093 3185 3166 ἄνθρωποί
3225 3112 3287 3149 σε
3316 3095 3668 3168 αἰδεσθήσον-

2080 3199 2193 3236 ται.

2152 3269 2341 3324 Βούλει
2372 3269 2660 3341 φαίνεσθαι
2708 3270 2848 3342 καλὴ
2872 3272 2966 3325 καὶ
2994 3271 3316 3345 εὐπρεπής;
3365 3274 3667 3345 ἀρκέσθητι

2080 3357 2173 3411 τοῦ
2201 3358 2545 3431 Δημιουργοῦ
2580 3357 2729 3430 [405]
2752 3362 2816 3430 τῇ
2846 3359 3062 3417 πλάσει.
3085 3360 3241 3414 Τίτά
3262 3362 3463 3432 χρυσία
3478 3365 3668 3415 ἐπεισ-

2081 3447 2255 3514 άγεις,
2279 3447 2353 3508 ῶς
2382 3445 2783 3517 διορθωσομένη
2814 3446 2907 3499 τοῦ
2938 3446 3073 3500 Θεοῦ
3094 3447 3155 3500 τὸ
3179 3447 3437 3517 πλάσμα;
3479 3449 3665 3513 Θέλεις

2080 3531 2363 3603 εὐπρεπὴς
2396 3531 2711 3600 φαίνεσθαι;
2750 3533 3047 3603 περιϐαλοῦ
3074 3534 3468 3605 ἐλεημοσύνην,
3506 3554 3664 3606 περι-

2081 3618 2245 3672 ϐαλοῦ
2275 3619 2706 3691 φιλανθρωπίαν,
2757 3620 3056 3690 περιϐαλοῦ
3112 3622 3487 3693 σωφροσύνην,
3532 3625 3665 3678 ἀτυ-

2082 3708 2244 3777 φίανο
2291 3707 2467 3760 ταῦτα
2520 3709 2699 3762 πάντα
2734 3708 2936 3779 χρυσοῦ
2967 3710 3273 3783 τιμιώτερα
3298 3728 3312 3741 ·
3360 3713 3536 3767 ταῦτα
3569 3716 3665 3768 κα)⁵

2079 3795 2179 3867 τὴν
2236 3795 2445 3866 ὡραίαν
2504 3795 2954 3867 εὐπρεπεστέραν
3004 3801 3181 3851 ποιεῖ’
3233 3798 3531 3854 ταῦτακαὶ
3562 3801 3665 3871 τὴν

2079 3882 2177 3935 οὐκ
2212 3880 2488 3953 εὔμορφον
2542 3882 2818 3954 εὔμορφον
2879 3883 3387 3956 ἐργάζεται.⁶ὐταν
3430 3888 3539 3960 γάρ
3576 3906 3663 3952 τις

2083 3971 2198 4042 μετ’
2226 3972 2436 4035 εὐνοίας
2459 3972 2580 4041 ὄψιν
2606 3974 2729 4044 δρᾷ,
2748 3972 2857 4026 ἀπὸ
2884 3974 3105 4045 ἀγάπης
3132 3976 3287 4049 φέρει
3309 3977 3403 4040 τὰς
3426 3977 3661 4048 ψήφουςο

2078 4062 2176 4130 τὴν
2204 4059 2260 4111 δέ
2294 4060 2539 4130 πονηράν
2568 4061 2629 4113 οὐ
2677 4061 2901 4115 δύναταί
2952 4081 3038 4127 τις
3094 4063 3218 4117 οὐδὲ
3266 4064 3440 4136 καλὴν
3470 4061 3659 4131 οὖσαν,

2078 4148 2250 4210 καλὴν
2273 4148 2445 4201 εἰπεῖν
2467 4165 2480 4178 ·
2518 4148 2881 4220 πεπληγμένη
2910 4149 3021 4223 γάρ
3052 4153 3085 4221 ἡ
3138 4151 3348 4206 διάνοια
3393 4152 3454 4207 οὐ
3505 4154 3661 4226 φέρει

2076 4238 2175 4308 τὴν
2209 4236 2390 4308 ψῆφον
2418 4237 2606 4309 όρθήν.
2644 4239 2955 4310 Ἐκοσμήθη
2982 4240 3111 4293 ποτέ
3139 4242 3172 4312 ή
3218 4241 3505 4310 Αἰγυπτία,
3541 4242 3661 4297 ἐκο-

2080 4326 2262 4395 σμήθη
2294 4325 2389 4378 καὶ
2436 4327 2464 4377 ό
2507 4326 2740 4396 Ἰωσήφο
2772 4326 2856 4390 τίς
2892 4320 2987 4379 οῦν
3015 4322 3085 4397 ἦν
3116 4329 3144 4381 ό
3182 4326 3538 4400 ὡραιότερος;
3596 4330 3657 4381 οὐ

2077 4409 2218 4477 λέγω
2240 4409 2327 4462 ὅτε
2357 4410 2414 4462 ἐν
2435 4411 2547 4472 τοῖς
2577 4409 2870 4479 βασιλείοις
2896 4406 2964 4481 ἦν
3003 4411 3209 4481 ἐκείνη,
3236 4403 3387 4476 οὗτος
3413 4412 3468 4466 δέ
3494 4415 3550 4468 ἐν
3579 4413 3659 4485 τῷ

2074 4497 2453 4568 δεσμωτηρίῳ.
2500 4497 2712 4565 Γυμνὸς
2754 4492 2824 4567 ἦν
2852 4490 3026 4563 οὗτος,
3083 4497 3200 4551 ἀλλ’
3252 4499 3526 4554 ἐνεδέδυτο
3558 4502 3659 4572 τῆς

2076 4583 2434 4655 σωφροσύνης
2466 4582 2534 4636 τά
2568 4583 2794 4653 ἱμάτιαο
2832 4583 3159 4654 ἐνδεδυμένη
3191 4580 3260 4657 ἦν
3293 4587 3494 4659 ἐκείνη,
3521 4587 3657 4642 ἀλλά

2073 4672 2287 4743 γυμνῆς
2315 4667 2383 4741 ἦν
2410 4671 2739 4744 αίσχροτέρα
2764 4688 2776 4701 ·
2820 4673 3178 4745 σωφροσύνην
3217 4674 3326 4747 γάρ
3350 4676 3449 4729 οὐκ
3487 4672 3655 4748 εἶχεν.

2077 4761 2242 4814 Ὅταν
2274 4758 2519 4831 σφοδρῶς
2544 4760 2822 4833 κοσμήσῃς
2868 4753 2912 4812 ὧ
2945 4759 3125 4828 γύναι»
3155 4761 3278 4816 τότε
3310 4763 3409 4833 τῆς
3439 4765 3655 4836 γυμνῆς

2074 4844 2403 4917 αἰσχροτέρα
2456 4846 2720 4913 γέγονας*
2754 4846 3011 4900 ἀπεδύσω
3042 4849 3153 4919 γάρ
3195 4848 3295 4921 τὴν
3334 4851 3651 4923 εὐκοσμίαν.

2073 4929 2181 4987 Ἧν
2208 4933 2299 4987 καὶ
2324 4934 2358 5001 ἡ
2394 4931 2509 4986 Εὐα
2536 4933 2750 5005 γυμνή·
2782 4933 2900 4987 ἀλλ’
2941 4935 3031 4989 ὅτε
3082 4936 3391 5003 ἐνεδύσατο,
3432 4941 3558 4994 τότε
3584 4936 3655 5011 ἧν

2074 5021 2434 5093 αἰσχροτέραο
2484 5022 2572 5074 ὅτε
2605 5023 2703 5091 μὲν
2748 5020 2856 5093 γὰρ
2884 5017 2953 5094 ἦν
2997 5024 3204 5096 γυμνὴ,
3240 5027 3550 5098 κεκόσμητο
3582 5033 3649 5101 τῇ

2072 5110 2200 5183 δόξῃ
2229 5109 2321 5163 τοῦ
2358 5108 2524 5162 Θεοῦ·
2558 5109 2647 5162 ὅτε
2696 5108 2754 5162 δέ
2781 5109 2843 5163 τὺ
2868 5110 2971 5180 τῆς
3008 5113 3281 5183 ἁμαρτίας
3322 5116 3533 5186 ἱμάτιον
3562 5120 3650 5170 ἐν..

2072 5198 2316 5264 εδύσατο,
2337 5198 2459 5251 τότε
2486 5192 2553 5267 ἦν
2581 5197 2804 5269 αίσχρά.
2830 5200 2940 5252 Καὶ
2965 5200 3029 5254 σὺ
3049 5201 3151 5273 τῆς
3174 5202 3531 5275 φιλοκοσμίας
3559 5208 3651 5260 ἐν-

2071 5285 2304 5357 δυομένη
2328 5285 2388 5338 τὸ
2412 5285 2646 5355 ἱμάτιον,
2672 5286 2795 5338 τότε
2822 5286 3151 5360 αίσχροτέρα
3180 5290 3365 5362 φαίνῃ.
3394 5292 3514 5344 Ὀτι
3542 5293 3649 5365 γὰρ

2071 5376 2105 5444 ή
2140 5371 2462 5427 πολυτέλεια
2507 5371 2610 5427 οὐκ
2655 5372 2818 5443 ἀρκεῖ
2848 5372 3018 5439 δεῖξαι
3059 5374 3354 5448 εὔμορφον,
3386 5377 3501 5433 ἀλλ’
3533 5380 3648 5434 ἐστι

2073 5462 2167 5515 καὶ
2204 5460 2562 5531 ἐνδεδυμένην
2613 5460 2715 5531 τῆς
2772 5461 2990 5532 γυμνῆς
3035 5462 3235 5533 μᾶλλον
3292 5464 3645 5537 ἀσχημονεῖν,

2072 5549 2183 5619 ἐγὼ
2216 5547 2343 5620 ἐρῶ.
2393 5548 2461 5601 Et
2491 5566 2622 5602 ποτε
2670 5548 2905 5621 αὐλητοῦ
2950 5549 2985 5620 ἦ
3032 5551 3297 5621 χοραύλου
3343 5554 3511 5626 σκεύη
3555 5558 3647 5609 ἐν-

2072 5638 2264 5701 εδύσω,
2290 5631 2399 5706 ἄρα
2424 5634 2523 5689 οὐκ
2540 5631 2608 5707 ἦν
2628 5635 3017 5707 ἀσχημοσύνη;
3057 5639 3252 5693 Καίτοι
3274 5656 3339 5711 γε
3367 5644 3546 5713 χρυσᾶ
3571 5645 3641 5699 τά

2075 5724 2265 5795 ἱμάτιά
2288 5725 2456 5777 είσιν·
2493 5723 2629 5776 ἀλλὰ
2651 5723 2739 5776 διὰ
2767 5723 2926 5776 τοῦτο
2954 5724 3331 5796 ἀσχημοσύνη,
3379 5729 3460 5783 ὅτι
3508 5748 3643 5801 χρυ-

2080 5815 2165 5867 σᾶ.
2184 5812 2247 5865 ’Π
2280 5812 2386 5883 γάρ
2412 5810 2726 5865 πολυτέλεια
2756 5810 2853 5881 τῆς
2884 5812 3084 5883 σκηνῆς
3116 5813 3344 5886 ἁρμόζει
3372 5820 3481 5882 τοῖς
3511 5835 3642 5891 τρα-
