4120 6400
454 306 561 363 373

433 421 771 493 γῳδοῖςποῖς
800 421 1142 494 ὑποκριταῖς,
1184 423 1298 486 τοῖς
1341 421 1547 494 μίμοιςς
1573 423 1687 485 τοῖς
1710 421 2027 494 ὀρχησταῖς,

450 515 566 574 τοῖς
603 511 738 583 πρὸς
772 512 840 564 τά
873 511 1042 584 θηρία
1087 510 1416 582 μαχομένοις
1439 526 1453 540 °
1495 511 1721 574 γυναικί
1768 511 1827 564 δὲ
1861 514 2029 584 πιστῇ

451 597 618 668 ἔτερα
643 598 855 652 δέδοται
889 599 1082 668 ίμάτια
1115 600 1267 669 παρά
1301 598 1394 652 τοῦ
1423 597 1583 664 Θεοῦ,
1614 597 1776 662 αὐτὸς
1807 599 1837 651 ό
1871 616 2030 668 μονο-

453 685 616 756 γενὴς
656 684 751 738 τοῦ
811 685 944 739 Θεοῦ
996 688 1150 750 Παῖς.
1186 686 1364 740 Ὅσοι
1396 689 1528 756 γὰρ,
1559 687 1745 756 φησὶν,
1780 687 1868 753 είς
1899 688 2033 754 Χρι-

453 774 606 828 στὸν
657 774 1073 841 ἐϐαπτίσθητε,
1121 773 1382 844 Χριστὸν
1438 773 1834 828 ἐνεδύσασθε.
1895 773 2032 827 Εἰπέ

457 880 568 934 μοι,
601 863 656 917 εί
683 863 768 927 τίς
808 881 890 916 σοι
922 863 1200 933 βασιλικὸν
1229 862 1430 916 ἔδωκεν
1462 862 1695 933 ἱμάτιον,
1727 865 1790 915 σὺ
1816 861 1875 915 δὲ
1899 862 2034 915 ὲπά-

452 971 530 1005 νω
560 951 768 1005 ἐκείνου
801 951 862 1004 τὸ
890 949 983 1005 τοῦ
1037 950 1256 1014 εἴλωτος
1293 949 1534 1003 λαϐοῦσα
1589 949 1867 1020 περιέθου,
1921 946 2034 1020 ἆρα

453 1039 556 1092 οὐκ
587 1037 653 1094 ἀν
679 1038 817 1109 μετά
841 1037 936 1092 τοῦ
975 1039 1304 1109 ἀσχημονεῖν
1331 1040 1425 1091 καὶ
1453 1037 1788 1106 ὲκολὰσθης;
1821 1037 1916 1091 τὸν
1937 1035 2033 1090 τοῦ

453 1126 682 1196 ούρανοῦ
713 1126 990 1198 Δεσπότην
1046 1127 1144 1181 καὶ
1195 1125 1306 1179 τῶν
1359 1125 1610 1193 ἀγγέλων
1640 1123 1898 1188 ὲνεδύσω,
1941 1125 2036 1177 καὶ

455 1215 586 1285 περὶ
610 1215 710 1285 τὴν
740 1214 846 1284 γῆν
875 1213 955 1268 ἐτι
1007 1215 1259 1287 στρέφῃς
1297 1214 1486 1269 Ταῦτά
1529 1229 1620 1285 μοι
1660 1213 1897 1286 εἴρηται,
1951 1214 2035 1267 ὅτι

457 1301 602 1373 μέγα
653 1302 752 1372 μὲν
780 1303 874 1355 καὶ
905 1301 1026 1356 καθ’
1057 1303 1220 1356 ἑαυτὸ
1253 1302 1421 1357 κακὸν
1462 1304 1495 1374 ἠ
1543 1301 1902 1373 φιλοκοσμία,
1932 1301 2036 1355 κᾶν

458 1388 624 1459 μηδὲν
644 1384 713 1460 ἦν
738 1390 921 1457 ἕτερον
945 1389 1194 1444 ἐντεῦθεν
1221 1390 1561 1460 τικτόμενον,
1590 1390 1706 1444 ἀλλ’
1729 1389 1859 1459 ἐξῆν
1885 1391 2037 1443 ἀκιν-

453 1475 625 1542 δύνως
653 1476 796 1548 ἔχειν
829 1478 931 1548 (εἰς
958 1477 1067 1548 γάρ
1091 1476 1397 1541 κενοδοξίαν
1440 1477 1652 1546 ἀλείφει
1696 1477 1793 1530 καὶ
1823 1475 2032 1547 τῦφον)-

456 1562 553 1616 νῦν
580 1562 637 1616 δὲ
661 1565 752 1619 καὶ
773 1565 937 1634 ’έτερα
953 1563 1128 1617 πολλά
1147 1564 1388 1617 τίκτεται
1409 1565 1473 1617 ὲκ
1498 1563 1593 1617 τοῦ
1617 1561 2032 1632 καλλωπισμοῦ,

458 1649 685 1721 ὑποψίαι
757 1651 1009 1722 φανεραὶ,
1059 1651 1295 1706 δαπάναι
1367 1652 1607 1722 ἄκαιροι,
1669 1649 2034 1720 βλασφημίαι,

458 1738 784 1805 πλεονεξιῶν
825 1739 1130 1804 ὑποθέσεις.
1156 1740 1222 1793 Τί
1251 1739 1360 1810 γάρ
1386 1739 1724 1812 καλλωπίζῃ.
1759 1739 1880 1791 εἰπέ
1903 1755 1994 1808 μοι
2018 1753 2033 1801 ;

460 1825 547 1880 ἴνα
573 1827 776 1898 ἀρέσῃς
823 1827 900 1898 τῷ
931 1827 1123 1900 ἀνδρί;
1163 1826 1373 1881 Οὐκοῦν
1401 1827 1492 1880 ἐπὶ
1515 1826 1615 1896 τῆς
1662 1826 1838 1887 οἰκίας
1878 1823 2038 1877 τοῦτο

458 1913 625 1969 ποίει.
659 1915 922 1968 Ἐνταῦθα
966 1915 1023 1968 δὲ
1061 1914 1375 1968 τούναντίον
1409 1915 1640 1983 γίνεται.
1693 1914 1756 1966 Εἰ
1816 1913 1924 1984 γὰρ
1958 1911 2036 1980 τῷ

457 2003 645 2074 οἰκείῳ
677 2003 870 2074 ἀρέσαι
899 2003 1074 2066 θέλεις
1096 2003 1274 2074 ἀνδρὶ,
1302 2005 1415 2066 τοῖς
1462 2002 1644 2066 ἀλλοις
1676 2002 1750 2072 μὴ
1793 2001 1993 2072 ἄρεσκε
2020 2014 2034 2028 ·

459 2091 511 2144 εἰ
546 2091 604 2146 δὲ
635 2095 748 2155 τοῖς
793 2092 973 2153 ἄλλοις
1001 2092 1275 2163 ἀρέσκεις,
1309 2091 1372 2145 οὐ
1421 2092 1626 2163 δυνήσῃ
1669 2090 1924 2159 ἀρέσκειν
1955 2087 2032 2159 τῷ

457 2179 664 2250 οἰκείῳ.
703 2181 866 2233 Ὥστε
897 2181 1076 2234 πάντα
1108 2179 1464 2234 ἀποτίθεσθαι
1512 2179 1606 2231 τὸν
1661 2177 1865 2248 κόσμον
1924 2175 2032 2228 ἔδει

1143 307 1202 365 S.
1242 305 1528 365 JOANNIS
1562 306 2058 366 CHRYSOSTOMI
2095 310 2419 372 AllCHlEP.
2459 313 3011 374 CONSTANTINOP.

2133 427 2219 489 εἰς
2251 426 2461 498 ἀγορὰν
2493 426 2892 498 ἐμϐάλλουσαν,
2941 431 3021 494 εἰς
3065 430 3364 500 ἐκκλησίαν
3391 429 3714 498 προϊοῦσαν.

2136 513 2348 577 ΙἈλλως
2370 513 2450 577 δὲ,
2485 515 2561 586 μὴ
2589 515 2697 568 ἀπὸ
2725 516 2932 571 τούτων
2961 516 3164 592 ἄρεσκε
3194 517 3272 588 τῷ
3301 517 3478 590 ἀνδρὶ,
3514 518 3611 588 ἀφ’
3639 511 3716 571 ὧν

2133 602 2227 656 καὶ
2259 603 2319 656 αἰ
2351 603 2571 674 πόρναι,
2604 603 2721 657 ἀλλ’
2765 604 2877 659 ἀπὸ
2923 605 3116 661 τούτου
3169 607 3391 678 μᾶλλον,
3425 605 3578 679 [404]
3623 608 3717 675 ἀφ’

2133 684 2193 743 οῦ
2228 691 2287 744 αἱ
2318 693 2578 758 γυναῖκες
2627 691 2685 745 αί
2738 692 3044 765 ἐλεύθεραι.
3084 693 3202 746 Τίνι
3257 693 3389 768 γὰρ,
3443 695 3565 747 εἰπέ
3601 713 3714 764 μοι,

2132 778 2386 850 διέστηκε
2416 780 2552 850 γυνὴ
2583 779 2830 852 πόρνης;
2873 783 2996 835 Ὅτι
3028 783 3062 853 ἡ
3099 783 3198 853 μὲν
3230 782 3366 854 πρὸς
3393 781 3538 854 ἒν[α]
3559 783 3717 854 μόνον

2132 867 2255 938 ὁρᾷ,
2280 867 2430 931 ὅπως
2481 866 2560 937 τῷ
2594 867 2782 922 κάλλει
2810 869 2903 923 τοῦ
2933 869 3185 940 σώματος
3215 869 3586 940 ἐφελκύσηται
3624 871 3718 923 τὸν

2133 955 2412 1027 ἐρώμενον
2435 974 2446 987 ·
2482 955 2621 1028 αῦτη
2653 957 2710 1011 δὲ
2746 957 2840 1011 καὶ
2880 958 3059 1023 οίκίας
3085 961 3432 1030 προΐσταται,
3484 959 3580 1012 καὶ
3627 960 3717 1013 τέ-

2134 1059 2278 1096 κνων
2301 1046 2571 1108 κοινωνεῖ,
2619 1044 2714 1096 καὶ
2741 1044 2853 1097 τῶν
2881 1045 3056 1099 ἄλλων
3084 1047 3364 1100 ἁπάντων.
3412 1046 3716 1119 Θυγάτριον

2135 1133 2314 1204 έχειςς
2376 1134 2478 1205 ὅρα
2531 1135 2605 1205 μὴ
2637 1134 2944 1206 διαδέξηται
2988 1135 3089 1204 τὴν
3137 1135 3343 1206 βλάϐην
3370 1150 3384 1165 ο
3433 1135 3578 1204 φιλεῖ
3607 1138 3717 1207 γάρ

2136 1239 2254 1284 πως
2279 1221 2416 1292 πρὸς
2455 1221 2554 1286 τὰς
2587 1216 2899 1292 ἀδατροφάς
2940 1223 3008 1276 τά
3039 1223 3142 1296 ἧθη
3191 1223 3571 1295 ρυθμίζεσθαι,
3621 1224 3717 1276 καὶ

2140 1310 2423 1379 μιμεῖσθαι
2464 1310 2533 1364 τὰ
2566 1309 2676 1363 τῶν
2702 1311 2958 1382 μητέρων
2990 1311 3118 1383 ἢθη.
3149 1313 3284 1366 Ἐσο
3312 1312 3623 1382 ὑπόδειγμα
3648 1316 3714 1383 τῇ

2135 1396 2368 1468 θυγατρὶ
2411 1396 2784 1468 σωφροσύνης.
2819 1399 3099 1469 κόσμησαι
3126 1399 3215 1452 τὸν
3239 1399 3445 1470 κόσμον
3478 1400 3711 1464 ἐκεῖνον,

2136 1485 2232 1538 καὶ
2281 1485 2383 1556 δρα
2433 1484 2551 1547 πῶς
2607 1483 2798 1538 τούτου
2853 1487 3309 1556 καταφρονήσεις.
3340 1488 3549 1548 Ὄντως
3607 1487 3715 1556 γὰρ

2137 1575 2321 1627 ἐκεῖνα
2355 1573 2560 1643 κόσμος
2617 1573 2754 1638 ἐστὶ,
2789 1574 2966 1628 ταῦτα
3015 1574 3075 1628 δὲ
3123 1575 3385 1645 ἀκοσμία.
3431 1576 3717 1645 Ἀρκείτά

2135 1661 2423 1732 εἰρημένα.
2441 1663 2498 1715 ’0
2520 1661 2576 1714 δὲ
2612 1661 2744 1724 Θεὸς
2771 1661 2800 1711 ὁ
2835 1663 2928 1714 τὸν
2953 1668 3158 1730 κόσμον
3187 1663 3442 1731 ποιήσας,
3472 1663 3566 1714 καὶ
3594 1661 3717 1725 δοὺς

2134 1750 2268 1819 ἡμῖν
2291 1748 2384 1800 τὸν
2411 1748 2512 1817 τῆς
2555 1747 2732 1818 ψυχῆς
2782 1748 3005 1817 κόσμον,
3050 1751 3380 1821 κοσμήσειεν
3413 1751 3584 1820 ἡμᾶς,
3622 1750 3716 1801 καὶ

2132 1839 2197 1907 τῇ
2227 1836 2391 1890 αὑτοῦ
2440 1835 2568 1906 δόξῃ
2619 1837 2948 1906 ἀμφιάσειεν
2972 1853 2986 1866 ⁸
3036 1837 3124 1890 ἴνα
3165 1839 3378 1900 πάντες
3407 1839 3462 1888 ὲν
3493 1837 3717 1904 ἀγαθοῖς

2132 1926 2312 1997 ἔργοις
2367 1925 2785 1994 διαλάμποντες,
2836 1926 2932 1978 καὶ
2983 1926 3061 1989 εἰς
3092 1924 3252 1990 δόξαν
3292 1924 3458 1978 αὑτοῦ
3494 1925 3715 1991 ζῶντες,

2129 2013 2287 2079 δόξαν
2319 2013 2729 2082 ἀναπέμψωμεν
2766 2013 2845 2085 τῷ
2880 2015 3058 2087 Πατρὶ
3102 2015 3199 2068 καὶ
3246 2013 3323 2084 τῷ
3366 2014 3480 2085 Υίῷ
3512 2014 3609 2067 καὶ
3640 2014 3718 2084 τῷ

2131 2103 2279 2173 ,ἁγίῳ
2304 2101 2598 2172 Πνεύματι.

1914 2599 2035 2653 OMI
2046 2598 2164 2652 AIA
2201 2599 2316 2657 IA'.

471 2741 585 2812 Ἐν,
609 2739 794 2812 σοφίᾳ
821 2756 1192 2812 περιπατεῖτε
1219 2744 1367 2812 πρὸς
1395 2743 1536 2810 τοὺς
1567 2744 1704 2812 ἔξω,
1745 2743 1855 2812 τὸν
1902 2754 2033 2791 και-

520 2811 638 2883 Ρδν
664 2810 1174 2883 ἐξαίυραζόμενοι.
1215 2810 1280 2868 ⁸0
1327 2810 1510 2883 λόγος
1567 2811 1731 2878 ὑμῶν
1777 2810 2036 2883 πιέν-’τοτε

526 2876 597 2958 ἓν
623 2876 862 2958 ,κάριὲιξ
893 2876 1067 2958 (vim
1110 2876 1462 2958 ἠρτυμένος.
1487 2876 1741 2937 ἐιδεναι
1781 2878 1907 2945 πῶς
1947 2876 2043 2930 δεῖ

525 2950 683 3020 ὑμᾶς
708 2950 799 3004 ἐνί
829 2951 1065 3016 ἑκάστῳ
1092 2950 1542 3022 ἀποκρίνεσθαι.

527 3101 599 3150 α’.
621 3095 802 3168 Ὅπερ
817 3099 846 3151 ό
865 3099 1102 3170 Χριστὸς
1114 3099 1250 3171 πρὸς
1270 3101 1398 3160 τοὺς
1422 3100 1669 3170 μαθητὰς
1687 3099 1860 3168 ἔλεγε,
1878 3096 2036 3150 τοῦτο

456 3185 552 3239 ναὶ
580 3183 676 3238 νῦν
703 3185 918 3250 Παῦλος
958 3191 1233 3262 παραινεῖ.
1267 3189 1332 3243 Τί
1366 3188 1422 3242 δὲ
1451 3191 1478 3242 ό
1531 3188 1764 3259 Χριστὸς
1810 3187 2035 3255 ἑλεγεν;

471 3271 616 3327 Ἰδοὺ
645 3271 758 3342 ἐγὼ
790 3273 1147 3328 ἀποστέλλω
1189 3273 1346 3340 ὑμᾶς
1371 3274 1450 3340 ὡς
1490 3275 1753 3343 πρόϐατα
1777 3274 1845 3328 ἐν
1870 3272 2039 3342 μέσῳ

457 3361 677 3417 λύκων.
731 3362 989 3417 Γίνεσθε
1041 3359 1155 3418 οὖν
1187 3365 1460 3434 φρόνιμοι
1493 3363 1636 3417 ὡσεὶ
1695 3363 1880 3432 ὄρεις,
1943 3361 2040 3415 καί

456 3447 726 3517 ἀκέραιοι
783 3449 925 3503 ὡσεί
966 3453 1333 3520 περιστεραί.
1389 3452 1672 3515 Τουτέστι,
1719 3450 2040 3520 φυλακτικοί

458 3535 696 3605 γίνεσθε,
741 3536 1010 3608 μηδεμίαν
1041 3538 1223 3604 αὐτοῖς
1248 3538 1418 3611 λαϐὴν
1441 3539 1676 3601 δ;δόντες
1705 3538 1824 3591 καθ’
1860 3536 2036 3607 ὑμῶν.

462 3623 563 3676 Διά
588 3623 698 3696 γὰρ
727 3623 887 3679 τοῦτο
908 3625 1252 3697 πρόσκειται,
1286 3627 1442 3696 Πρὸς
1468 3627 1608 3694 τοὺς
1640 3625 1776 3691 ἔξω,
1809 3626 1896 3678 ῖνα
1934 3626 2041 3693 μά-

458 3710 663 3782 θωμεν,
709 3713 792 3767 ὅτι
839 3714 976 3782 πρὸς
1017 3715 1085 3768 τά
1134 3714 1270 3786 μέλη
1315 3714 1386 3769 τά
1420 3715 1597 3768 οἰκεῖα
1656 3715 1716 3767 ού
1771 3712 2040 3784 τοσαύτης

456 3803 593 3870 ἡμῖν
620 3801 703 3853 δεῖ
725 3801 1047 3869 ἀσφαλείας,
1079 3803 1212 3874 ὅσης
1239 3803 1377 3875 πρὸς
1415 3805 1544 3867 τοὺς
1579 3803 1703 3868 ἔξω.
1731 3802 1903 3855 Ἔνθα
1941 3804 2042 3871 μὲν

458 3887 568 3958 γάρ
591 3887 828 3958 ἀδελφοὶ,
863 3889 972 3942 εἰσὶ
997 3890 1089 3943 καί
1121 3893 1441 3962 συγγνῶμαι
1472 3892 1665 3944 πολλαί
1685 3891 1780 3944 καὶ
1804 3891 2037 3958 ἀγάπαι.

459 3977 552 4028 Δεῖ
591 3974 690 4046 μὲν
715 3971 810 4029 οὖν
847 3977 945 4030 καὶ
967 3978 1204 4032 ἐνταῦθα
1241 3979 1541 4049 ἀσφάλειαν
1576 3975 1738 4042 εἶναι,
1771 3978 1951 4048 πολλῷ
1983 3977 2041 4030 δὲ

460 4063 626 4117 πλέον
676 4063 816 4132 ἐξω·
858 4066 918 4119 οὐ
954 4067 1062 4137 γάρ
1099 4069 1248 4122 ἐστιν
1281 4069 1394 4122 ἴσον
1437 4069 1640 4140 μεταξὺ
1691 4067 1902 4140 ἐχθρῶν
1945 4067 2042 4122 καὶ

462 4152 739 4222 πολεμίων
769 4147 934 4218 εἶναι.
969 4155 1062 4209 καὶ
1113 4155 1302 4225 φίλων.
1357 4152 1472 4210 Εἶτ’
1518 4157 1706 4228 ἐπειδὴ
1753 4157 2040 4228 ἐφόϐησεν,

463 4243 572 4312 δρα
605 4240 723 4306 πῶς
755 4242 919 4296 πάλιν
964 4242 1247 4316 θαῤῥύνει.
1297 4246 1410 4299 Τὸν
1455 4246 1686 4314 καιρὸν,
1729 4247 1914 4316 φησὶν,
1947 4245 2045 4310 ἐξ·

460 4328 915 4400 ατοραζόμενοι’
955 4331 1229 4398 τουτέστι,
1283 4331 1492 4405 βραχὺς
1537 4334 1565 4386 ό
1600 4333 1790 4404 παρὼν
1831 4332 2043 4404 καιρός.

461 4416 648 4470 Ταῦτα
663 4416 720 4470 δὲ
745 4417 952 4487 ἔλεγεν,
974 4421 1036 4472 οὐ
1063 4419 1342 4484 ποικίλους
1370 4417 1511 4475 εἶναι
1543 4420 1892 4491 βουλόμενος,
1920 4420 2044 4474 οὐδὲ

463 4504 808 4573 ὑποκριτάς·
855 4506 1015 4563 τοῦτο
1071 4507 1180 4578 γὰρ
1232 4509 1295 4562 οὐ
1356 4510 1570 4579 σοφίας,
1636 4509 1774 4563 ἀλλά
1819 4509 2043 4573 ἀνοίας·

463 4591 602 4646 ἀλλά
637 4593 729 4659 τίς
765 4594 853 4648 Ἐν
880 4590 962 4658 οἷς
997 4595 1071 4666 μὴ
1103 4595 1420 4665 βλάπτουσι,
1453 4599 1610 4666 φησὶ,
1649 4597 1920 4669 μηδεμίαν
1951 4597 2050 4652 αὺ-

464 4683 581 4744 τοῖς
633 4680 804 4734 δίδοτε
838 4683 1047 4756 λαϐήν
1100 4683 1128 4737 δ
1165 4687 1261 4738 καὶ
1299 4686 1438 4758 πρὸς
1464 4687 1770 4758 Ῥωμαίους
1821 4687 2050 4758 γράφων

467 4769 667 4840 φησίν·
701 4770 983 4825 Ἀπόδοτε
1023 4771 1176 4826 πᾶσι
1208 4773 1317 4839 τὰς
1352 4775 1622 4842 ὀφειλάς,
1672 4774 1752 4840 τῷ
1795 4774 1903 4828 τὸν
1942 4777 2051 4844 φό-

462 4872 599 4928 ρον,
633 4855 741 4910 τὸν
766 4855 990 4926 φόρονὀ
1041 4858 1121 4912 τῶ
1151 4861 1218 4914 τὸ
1244 4859 1441 4926 τέλος,
1478 4861 1546 4914 τὸ
1580 4861 1778 4928 τέλος·
1827 4860 1907 4927 τῷ
1934 4861 2052 4929 τὴν

467 4945 667 5015 τιμὴν,
698 4945 815 5014 τὴν
837 4946 1034 5018 τιμήν.
1064 4947 1163 5001 Διά
1187 4947 1248 5001 τὸ
1287 4949 1548 5020 κήρυγμα
1583 4949 1747 5020 μόνον
1786 4948 1926 5002 ἔστω
1967 4965 2051 5003 σοι

469 5032 728 5103 πόλεμος,
781 5034 951 5104 φησί·
989 5035 1262 5106 μηδεμίαν
1311 5036 1505 5107 ἑτέραν
1551 5039 1579 5090 ὁ
1625 5037 1862 5107 πόλεμος
1897 5029 2053 5100 οὗτος

467 5121 645 5192 ἀρχὴν
671 5119 1019 5191 λαμϐανέτω.
1051 5124 1115 5176 Εἰ
1137 5124 1245 5196 γὰρ
1279 5123 1522 5194 μέλλοιεν
1552 5126 1682 5194 ἡμῖν
1714 5124 1809 5177 καλ⁵
1837 5124 1903 5176 δι’
1932 5124 2053 5176 ἓτε-

358 5207 360 5209 ’
471 5226 542 5282 ρα
571 5208 998 5280 ἀπεχθάνεσθαι,
1037 5210 1160 5265 οῦτε
1189 5211 1380 5282 μισθὸς
1409 5215 1540 5283 ἡμῖν
1569 5213 1744 5274 ἔσται,
1776 5212 1870 5265 καὶ
1895 5212 2050 5266 αὐτοὶ

472 5295 688 5368 χείρους
708 5296 947 5364 ¹ἔσονται,
983 5298 1078 5351 καὶ
1105 5298 1348 5366 δόξουσιν
1370 5301 1503 5370 ἡμῖν
1535 5299 1720 5352 δίκαια
1764 5299 2046 5368 ἐγκαλεῖνο

471 5377 584 5436 οἷον
616 5382 686 5437 τά
706 5384 1014 5457 τελέσματα
1048 5384 1113 5439 ἂν
1146 5387 1221 5457 μὴ
1250 5386 1703 5459 καταϐαλλωμεν,
1756 5387 1858 5451 τὰς
1883 5389 2051 5457 τιμὰς

471 5470 574 5536 τὰς
622 5473 1008 5546 προσηκούσας
1058 5475 1153 5527 ὲάν
1200 5475 1274 5545 μὴ
1309 5475 1669 5547 ἀποδιδῶμεν,
1702 5477 1768 5529 ἂν
1800 5474 1873 5546 μὴ
1901 5469 2051 5546 ὦμεν

475 5559 628 5632 [405]
651 5563 912 5618 ταπεινοί.
937 5563 1049 5633 Οὐχ
1067 5562 1202 5634 ὁρᾷς
1225 5561 1458 5629 Παῦλον,
1478 5563 1605 5617 ἔνθα
1627 5563 1793 5634 μηδὲν
1816 5562 2051 5616 ἔϐλαπτε

473 5650 536 5701 τὸ
561 5651 846 5722 κήρυγμα,
879 5651 997 5717 πῶς
1040 5652 1156 5706 ἐστι
1206 5653 1528 5722 καθυφιείς;
1582 5654 1781 5706 Ἀκουε
1810 5652 1918 5722 γὰρ
1951 5653 2054 5706 αὑυ

473 5737 569 5792 τοῦ
598 5740 844 5810 λέγοντος
861 5742 1010 5814 πρὸς
1041 5743 1131 5797 τὸν
1164 5743 1498 5813 ’Δγρίππαψ
1538 5743 1846 5813 Μακάρων
1873 5743 2052 5814 ἑμουυ

2135 2736 2244 2793 τὸν
2277 2737 2499 2808 ἥγημαι
2529 2751 2627 2792 sm
2661 2737 2778 2793 σοῦ
2805 2736 3047 2806 μέλλων
3074 2736 3503 2806 ἀπολογεῖσθαι
3533 2737 3718 2805 σήμε-

2128 2843 2265 2893 ρον,
2311 2827 2576 2892 μάλιστα
2625 2824 2908 2899 γνώστην
2933 2841 3007 2878 σε
3033 2824 3177 2877 ὄντα
3217 2825 3336 2877 τῶν
3390 2825 3540 2879 κατὰ
3571 2827 3719 2879 Ἰου-

2136 2912 2348 2979 δαιόυς
2405 2913 2559 2968 ἐθῶν
2621 2930 2686 2967 τε
2741 2912 2838 2966 καὶ
2871 2910 3236 2981 ζητημάτων.
3278 2910 3339 2964 Εἰ
3391 2911 3448 2966 δὲ
3501 2912 3719 2982 ἐνόμιζε

2135 3001 2246 3053 δεῖν
2299 3000 2540 3072 ὑϐρίζειν
2588 3000 2681 3054 τὸν
2725 3002 2982 3071 ἄρχοντα,
3036 3000 3216 3052 πάντα
3277 2999 3344 3052 ἂν
3397 3000 3714 3070 ἀνέτρεψεν.

2143 3088 2340 3140 Ἀκουε
2373 3088 2430 3140 δὲ
2464 3088 2557 3141 καὶ
2599 3089 2708 3140 τῶν
2737 3087 2866 3158 περί
2896 3086 2986 3139 τὸν
3031 3087 3299 3158 μακάριον
3344 3086 3568 3159 Πέτρον,
3599 3088 3718 3150 πῶς

2139 3177 2400 3240 ἐπιεικῶς
2469 3177 2862 3245 ἀποκρίνονται
2923 3179 3038 3240 τοῖς
3095 3177 3373 3238 Ἰουδαίοις
3437 3175 3714 3244 λέγοντεςο

2140 3265 2490 3334 Πειθαρχεῖν
2518 3264 2610 3317 δεῖ
2636 3262 2757 3328 Θεῷ
2780 3263 3045 3332 μᾶλλον,
3075 3261 3111 3331 ἢ
3143 3263 3494 3331 ἀνθρώποις.
3525 3265 3720 3318 Καίτοι

2137 3369 2203 3421 γε
2228 3352 2502 3424 ἄνθρωποι
2551 3354 2648 3420 τῆς
2702 3351 2914 3405 ἑαυτῶν
2943 3353 3121 3422 ψυχῆς
3166 3353 3567 3419 ἀπεγνωκότες,
3624 3351 3720 3405 καὶ
3835 3411 3840 3414 _

2140 3438 2384 3512 ὑϐρίζειν
2429 3440 2525 3493 καὶ
2573 3441 2681 3494 πᾶν
2713 3440 2892 3493 ὁτιοῦν
2929 3443 3101 3492 ποιεῖν
3130 3438 3418 3507 ἠδύναντοο
3468 3428 3718 3499 ἀλλὰδιά

2139 3527 2297 3582 τοῦτο
2344 3528 2671 3596 ἀπέγνωσαν
2729 3528 2832 3598 τῆς
2881 3527 3080 3598 ψυχῆς,
3141 3526 3230 3580 ἵνα
3274 3524 3349 3598 μὴ
3402 3526 3718 3591 κενοδοΞῶσι

2143 3612 2472 3684 (κενοδοξίας
2501 3614 2611 3684 γὰρ
2638 3612 2797 3666 τοῦτό
2841 3615 3036 3684 ἐστιν),
3085 3613 3199 3668 ἀλλ’
3241 3615 3328 3666 ἴνα
3378 3615 3717 3684 κηρύσσωσι,

2142 3702 2236 3754 καὶ
2270 3701 2354 3752 ἵνα
2387 3701 2524 3770 μετά
2553 3701 2868 3773 παρρησίας
2907 3703 3087 3756 πάντα
3119 3699 3505 3769 φθέγγωνται·
3546 3703 3722 3754 ἐκεῖνο

2140 3789 2198 3844 δὲ
2229 3789 2494 3860 ἀμετρίας
2528 3791 2694 3843 ἐστίν’
2735 3789 2797 3843 '0
2830 3791 3012 3860 λόγος
3044 3791 3212 3860 ὑμῶν
3245 3790 3503 3843 πάντοτε
3532 3790 3600 3842 ἐν
3620 3788 3722 3855 χὰ-

2135 3894 2276 3947 ριτι,
2309 3879 2486 3933 ἅλατι
2514 3876 2846 3946 ἠρτυμένος
2866 3895 2880 3909 ο
2911 3878 3178 3941 τουτέστι,
3207 3879 3280 3948 μὴ
3305 3883 3382 3941 εἰς
3403 3877 3722 3946 ἀδιαφορίαν

2142 3965 2204 4018 τὸ
2232 3965 2420 4036 χαρίεν
2449 3965 2697 4036 ἐκπίπτῃ
2737 3975 2786 4018 ι.
2810 3965 2930 4018 Ἔνι
2980 3965 3090 4036 γὰρ
3123 3966 3219 4018 καὶ
3261 3961 3718 4034 χαριεντίζεσθοι,

2144 4055 2224 4108 ἔνι
2277 4055 2373 4108 καὶ
2430 4054 2569 4125 μετά
2601 4057 2700 4124 τῆς
2745 4055 3131 4126 προσηκούσης
3161 4055 3524 4124 κοσμιότητος
3567 4053 3723 4104 τοῦτο

2144 4144 2339 4197 ποιεῖν.
2370 4142 2610 4196 Είδέναι
2639 4141 2764 4208 πῶς
2794 4141 2890 4196 δεῖ
2908 4142 3064 4211 ὑμᾶς
3090 4142 3181 4196 ἐνί
3210 4141 3448 4206 ἑκάστῳ
3477 4139 3723 4205 ἀποκρί-

2143 4234 2376 4285 νεσθαι.
2410 4230 2574 4283 Ὥστε
2627 4230 2724 4300 οὐχ
2765 4231 2966 4300 ὁμοίως
3020 4231 3153 4283 πᾶσι
3193 4229 3540 4297 διαλέγεσθαι
3596 4227 3723 4297 χρὴ.

2148 4319 2373 4388 Ἕλλησι
2408 4318 2552 4386 λέγω
2598 4318 2693 4371 καὶ
2747 4318 3018 4389 ἀδελφοῖς.
3074 4317 3375 4385 Οὐδαμῶς·
3414 4318 3535 4368 ἐπεὶ
3569 4314 3725 4367 τοῦτο

2145 4409 2247 4478 τῆς
2278 4406 2515 4476 ἐσχάτης
2542 4406 2726 4470 ἀνοίας
2757 4407 2895 4460 ἐστί.
2941 4406 3016 4460 Τὰ
3052 4407 3181 4460 κατ’
3215 4405 3319 4474 ἐμὲ
3347 4403 3543 4457 πάντα
3577 4419 3726 4470 γνωο

2139 4494 2303 4563 ρίσει
2323 4493 2466 4563 ὑμῖν
2485 4493 2756 4564 Τυχικὸς,
2788 4497 2820 4547 ό
2853 4493 3162 4563 ἀγαπητὸς
3192 4493 3476 4561 ἁδελφὸς,
3504 4491 3599 4544 καί
3632 4507 3725 4543 πι-

2148 4582 2298 4648 στὸς
2343 4581 2644 4648 διάκονος,
2676 4581 2775 4635 καί
2791 4581 3139 4646 σύνδουλος
3164 4581 3234 4633 ἐν
3265 4580 3481 4646 Κυρίῳ.
3518 4578 3688 4630 Βαϐαῖ
3709 4621 3723 4639 ,

2149 4670 2248 4742 ὅση
2275 4670 2435 4739 σοφία
2473 4669 2684 4723 Παύλου
2709 4669 2724 4723 ἰ
2752 4669 2873 4732 Πῶς
2899 4669 2960 4722 οὐ
2995 4669 3170 4722 πάντα
3203 4667 3480 4734 ἐντίθησιν
3511 4667 3590 4727 εἰς
3621 4666 3723 4725 τὰς

2150 4757 2456 4822 ὲπιστολάς,
2483 4757 2616 4810 ἀλλά
2651 4756 2720 4809 τὰ
2745 4757 3018 4825 ἀναγκαῖα
3061 4756 3156 4808 καὶ
3182 4756 3252 4808 τά
3285 4753 3684 4820 κατεπείγοντα
3711 4766 3726 4813 ;

2151 4846 2375 4919 Πρῶτον
2427 4846 2546 4917 μὲν,
2575 4845 2637 4898 οὐ
2671 4845 2994 4917 βουλόμενος
3023 4841 3192 4906 αὑτὰς
3230 4844 3312 4906 εἰς
3347 4841 3523 4911 μῆκος
3551 4839 3730 4892 ἐκτεί-

2151 4951 2283 4989 νειν·
2316 4932 2568 5003 δεύτερον
2595 4933 2671 4998 δὲ,
2715 4935 2810 4987 καὶ
2841 4933 2933 4986 τὸν
2962 4931 3338 5002 ἀπερχόμενον
3369 4925 3729 4998 αἱδεσιμώτε-

2157 5039 2248 5094 ρον
2276 5021 2466 5084 ποιῶν,
2493 5021 2580 5074 ἵνα
2603 5020 2702 5094 ἔχῃ
2724 5038 2776 5073 τι
2797 5022 2890 5074 καί
2912 5018 3246 5091 διηγεῖσθαι*
3284 5015 3488 5087 τρίτον,
3517 5014 3731 5076 δεικνὺς

2154 5111 2272 5175 πῶς
2307 5111 2444 5184 πρὸς
2488 5109 2648 5163 αὑτὸν
2676 5109 2965 5163 διάκειταιο
3019 5103 3083 5160 ού
3114 5106 3222 5177 γὰρ
3251 5107 3317 5159 ἂν
3359 5101 3508 5172 αὐτῷ
3559 5101 3731 5153 ταῦτα

2155 5199 2504 5270 ἐνεχείρισεν.
2533 5199 2767 5250 Ἔπειτα
2813 5193 2899 5268 ἦν,
2937 5195 2973 5250 ἃ.
3001 5195 3102 5250 οὐκ
3127 5194 3232 5246 ἔδει
3266 5192 3355 5246 διὰ
3382 5189 3734 5262 γραμμάτων

2151 5287 2477 5359 δηλωθῆναι.
2509 5287 2571 5340 '0
2603 5284 2929 5354 ἀγαπητὸς,
2968 5284 3155 5354 φησὶν,
3185 5279 3472 5350 ἀδελφός.
3509 5280 3571 5330 Εἰ
3597 5279 3736 5344 ἀγα-

2153 5377 2345 5447 πητὸς,
2381 5378 2559 5430 πάντα
2582 5371 2713 5440 οἶδε,
2770 5376 2868 5428 καὶ
2919 5374 3072 5428 οὐδὲν
3120 5372 3284 5427 αὐτὸν
3326 5371 3587 5440 ἔκρυπτε.
3619 5365 3732 5418 Καὶ

2154 5464 2371 5531 πιστὸς
2400 5463 2678 5531 διάκονος
2704 5463 2802 5518 καί
2828 5462 3172 5528 σύνδουλος
3193 5461 3263 5515 έν
3290 5458 3507 5526 Κυρίῳ.
3537 5455 3600 5508 Εἰ
3636 5471 3732 5504 πι-

2156 5553 2302 5618 στὸς,
2335 5551 2486 5608 οὐδὲν
2507 5552 2766 5624 ψεύσεται
2786 5566 2799 5579 ·
2835 5552 2884 5604 εἰ
2903 5550 3206 5614 σύνδουλος,
3231 5544 3598 5614 κεκοινώνηκε
3621 5538 3737 5594 τῶν

2220 5752 2248 5782 «ι
2283 5739 2439 5818 Ambo
2466 5754 2578 5793 mss.
2604 5738 2784 5791 habent
2802 5736 3056 5789 ἐκπίπτειν.
