4120 6400
355 357 460 413 575

357 474 522 531 rum?
550 471 713 542 Atqui
749 468 1055 523 indumenta
1103 474 1230 521 sunt
1266 479 1427 518 aurea
1457 479 1473 527 ;
1515 460 1611 516 sed
1656 472 1937 529 propterea

356 564 683 621 estdedeeus
698 577 760 616 ac
788 560 1058 630 turpitudo
1084 558 1224 626 quod
1246 558 1353 610 sint
1378 570 1559 610 aurea.
1588 554 1774 609 Scenae
1795 552 1937 606 enim

357 667 598 727 sumptus
645 671 709 710 ae
753 656 908 709 luxus
953 654 1201 709 convenit
1250 651 1537 720 tragmdis,
1570 649 1933 711 histrionibus,

356 750 554 815 mimis,
586 748 927 802 saltatoribus
947 785 962 809 ,
990 754 1046 799 et
1071 746 1135 799 iis
1163 742 1255 813 qui
1288 751 1525 812 pugnant
1550 754 1671 795 cum
1702 740 1887 793 bestiis
1918 754 1933 791 :

357 840 499 895 ﬁdeli
527 848 703 894 autem
737 838 947 892 mulieri
973 836 1093 889 alia;
1121 835 1317 888 dantur
1339 849 1367 887 a
1397 834 1505 886 Deo
1524 840 1723 897 vestes,
1744 844 1939 900 nempe

357 932 473 999 ipse
500 931 801 999 unigenitus
834 929 925 981 Dei
961 927 1143 979 Filius.
1176 925 1428 994 Quotquot
1457 925 1612 987 enim,
1645 922 1853 991 inquit,
1884 922 1939 975 in

357 1022 611 1075 Christum
630 1019 870 1089 baptizati
890 1018 1027 1079 estis,
1052 1017 1304 1069 Christum
1324 1014 1557 1068 induistis
1577 1013 1719 1078 (Gal.
1748 1015 1798 1068 5.
1820 1012 1935 1082 Ξῖ).

358 1110 744 1178 Die,qumso,si
772 1111 895 1180 quis
918 1109 1118 1178 regiam
1148 1107 1386 1161 dedisset
1416 1117 1641 1169 vestem,
1675 1114 1730 1158 tu
1757 1114 1935 1158 autem

358 1202 672 1256 mercenarii
697 1201 859 1255 vilem
880 1210 1085 1256 vestem
1126 1199 1459 1270 accepisses,
1488 1214 1663 1252 annon
1696 1213 1760 1251 eo
1794 1196 1937 1265 quod

354 1305 412 1348 te
440 1294 651 1363 turpior
676 1308 832 1363 geras
857 1302 912 1347 et
941 1294 1195 1346 indecore
1223 1333 1237 1357 ,
1270 1292 1431 1345 etiam
1462 1291 1728 1359 punireris
1747 1289 1769 1340 ’ἓ
1818 1289 1936 1342 cadi

357 1399 411 1442 et
437 1388 746 1457 angelorum
774 1386 1056 1441 Dominum
1104 1385 1284 1441 induta
1318 1400 1411 1451 es,
1458 1395 1513 1439 et
1553 1384 1694 1437 circa
1742 1393 1937 1435 terram

356 1478 631 1533 versaris?
659 1478 784 1532 Haec
809 1494 839 1531 a
857 1493 943 1533 me
959 1478 1100 1531 dicta
1119 1487 1264 1542 sunt,
1297 1488 1352 1529 ut
1384 1475 1661 1529 ostendam
1684 1474 1822 1543 quod
1844 1489 1940 1544 per

356 1585 417 1625 se
446 1585 695 1639 magnum
725 1569 795 1622 sit
820 1568 1017 1621 malum
1043 1569 1239 1621 nimius
1261 1577 1697 1621 ornamentorum
1734 1565 1939 1634 appeti-

358 1674 444 1718 tus
472 1672 525 1717 et
548 1662 894 1725 desiderium,
925 1660 1134 1714 etiamsi
1163 1659 1367 1713 nullunt
1399 1658 1541 1712 aliud
1572 1657 1694 1711 inde
1744 1672 1935 1710 nasce-

355 1765 524 1820 retur,
556 1754 647 1809 sed
677 1756 808 1809 citra
832 1752 1127 1822 periculum
1157 1751 1207 1806 id
1234 1752 1422 1807 liceret
1445 1750 1643 1805 habere
1670 1749 1688 1819 (
1713 1766 1833 1802 nam
1869 1749 1934 1802 ad

358 1847 566 1900 inanem
591 1846 812 1915 gloriam
844 1845 1141 1913 [astumque
1172 1852 1325 1913 parat
1366 1851 1421 1897 et
1472 1841 1719 1910 instruit)
1753 1859 1766 1894 :
1798 1856 1938 1895 nunc

358 1947 531 1989 autem
562 1937 722 1990 multa
752 1936 912 1989 etiam
941 1936 1041 1988 alia
1074 1935 1212 1987 mala
1238 1942 1529 1987 nascuntur
1558 1948 1622 1987 ex
1654 1932 1815 1986 nimia
1847 1949 1940 1986 or-

357 2027 516 2081 nandi
539 2027 620 2080 sui
645 2041 791 2091 cura,
827 2025 1119 2080 manifesta
1146 2026 1476 2095 suspiciones
1498 2064 1512 2088 ,
1560 2034 1804 2092 sumptus
1850 2023 1936 2076 in-

357 2119 695 2188 tempestivi,
742 2117 1087 2187 blasphemiae
1108 2158 1122 2181 ,
1179 2117 1415 2170 avaritim
1441 2125 1495 2170 et
1524 2118 1673 2185 plura
1707 2114 1938 2169 habendi

352 2210 660 2278 cupiditatis
683 2212 1015 2265 occasiones.
1048 2210 1183 2276 Quid
1206 2211 1374 2274 enim,
1392 2210 1496 2274 die,
1515 2224 1725 2277 quaeso,
1772 2224 1938 2263 orna-

356 2302 464 2355 ris?
492 2311 548 2353 ιιι
576 2300 786 2367 placeas
814 2296 1046 2355 marito?
1068 2301 1179 2354 Hoc
1199 2316 1326 2369 ergo
1350 2299 1430 2352 fac
1445 2301 1609 2352 domi.
1632 2300 1727 2353 Hie
1757 2310 1933 2352 autem

1233 348 1297 404 IN
1339 344 1552 402 EPIST.
1593 343 1684 399 AD
1720 336 1993 397 COLOSS.
2034 337 2184 392 CAP.
2229 336 2314 390 IV.
2355 335 2581 392 IIOMIL.
2624 335 2712 390 XI.

3530 334 3633 392 επ

2052 454 2478 509 ﬁtcontrarium.
2505 454 2637 508 Nam
2664 453 2709 508 si
2751 453 2828 506 vis
2868 462 2957 506 tuo
2991 451 3205 521 placere
3243 452 3435 505 marito
3460 492 3476 515 ,
3519 453 3627 505 noli

2048 547 2259 614 placere
2276 545 2425 611 aliis;
2451 546 2497 601 si
2514 555 2689 599 autem
2708 545 2922 615 placeas
2942 544 3079 607 aliis,
3106 543 3398 599 maritotuo
3419 544 3585 614 placet
3600 562 3629 596 e

2047 654 2153 693 non
2180 640 2397 707 poteris.
2420 639 2777 705 Quamobrem
2804 653 3019 693 omnem
3060 646 3310 691 ornatum
3355 647 3631 706 oporteret

2046 732 2316 800 deponere
2335 746 2459 786 cum
2478 732 2628 785 vadis
2652 730 2721 785 ad
2742 732 2916 785 forum
2937 772 2953 798 ,
2980 745 3100 784 cum
3129 728 3309 798 prodis
3350 729 3403 782 in
3448 729 3626 781 eccle-

2045 824 2200 878 siam.
2232 823 2445 893 Alioqui
2471 831 2673 890 autem,
2707 839 2774 878 ne
2793 822 2947 878 exiis
2971 823 3182 891 placeas
3207 821 3397 875 marito
3426 836 3489 874 es
3508 836 3626 889 qut-

2046 917 2147 971 bus
2172 924 2228 971 et
2254 920 2585 978 meretrices,
2610 915 2705 970 sed
2732 931 2798 969 ex
2826 930 2891 970 eo
2919 915 3095 983 potius
3121 930 3187 967 ex
3214 928 3321 982 quo
3368 910 3622 966 mulieres

2046 1008 2251 1062 liberae.
2289 1008 2341 1061 In
2370 1023 2477 1077 quo
2498 1006 3001 1076 enim,dic,quaeso,
3025 1004 3206 1060 diﬁ‘ert
3234 1018 3371 1057 uxor
3401 1020 3429 1056 a
3454 1018 3632 1058 mere-

2047 1098 2217 1151 trice?
2242 1097 2397 1163 Quod
2425 1097 2539 1151 haec
2562 1096 2776 1166 quidem
2801 1112 2962 1149 unum
2986 1095 3159 1149 solum
3182 1101 3409 1163 spectat,
3431 1102 3487 1146 ut
3504 1108 3628 1147 cor-

2046 1192 2193 1259 poris
2244 1188 2638 1259 pulchritudine
2689 1188 2889 1243 alliciat
2945 1203 3067 1242 eum
3103 1202 3261 1257 quem
3304 1196 3496 1242 amat:
3542 1187 3627 1240 illa

2045 1296 2174 1335 vero
2203 1292 2256 1334 et
2278 1291 2476 1349 praeest
2502 1280 2708 1347 domui,
2739 1279 3143 1348 liberorumque
3167 1290 3215 1333 et
3241 1278 3468 1331 aliorum
3514 1295 3628 1331 om-

2045 1373 2191 1426 nium
2210 1372 2371 1427 habet
2387 1371 2721 1426 societatem.
2748 1370 2923 1425 Ilabes
2945 1371 3201 1425 liliolam?
3230 1369 3353 1424 vide
3375 1386 3441 1423 ne
3474 1370 3630 1423 dam-

2046 1480 2170 1517 num
2193 1462 2420 1533 aecipiat
2442 1478 2455 1516 :
2475 1463 2648 1517 solent
2667 1462 2809 1516 enim
2830 1476 3005 1516 mores
3027 1475 3351 1528 componere
3383 1476 3449 1514 ex
3486 1460 3619 1515 edu—

2045 1558 2272 1621 Catione,
2301 1565 2355 1610 et
2375 1566 2606 1609 matrum
2626 1568 2805 1608 mores
2827 1553 3043 1607 imitari.
3067 1553 3152 1608 Sis
3178 1552 3298 1606 ﬁliae
3325 1552 3623 1621 exemplum

2047 1649 2318 1704 modestiae
2343 1658 2397 1702 et
2424 1646 2824 1718 temperantiae;
2854 1647 2945 1701 illo
2979 1655 3172 1701 ornatu
3201 1662 3413 1713 ornare,
3441 1647 3629 1700 ett-ide.

2046 1752 2102 1795 ut
2118 1740 2259 1795 hunc
2273 1739 2557 1809 despicias.
2576 1738 2785 1793 Revera
2804 1737 2946 1791 enim
2970 1737 3057 1792 illa
3077 1745 3591 1792 suntornamentum
3614 1755 3627 1801 ;

2045 1834 2161 1889 hac
2179 1848 2305 1888 vero
2327 1831 2493 1902 magis
2516 1830 2753 1885 dedecus
2769 1828 3021 1896 aﬁ'erunt,
3040 1845 3199 1900 quam
3217 1838 3432 1885 ornant.
3470 1829 3632 1884 Suili-

2043 1928 2191 1980 ciunt
2206 1941 2323 1995 quia
2338 1923 2477 1978 dicta
2495 1930 2641 1977 sunt.
2664 1922 2806 1978 Deus
2824 1930 3004 1976 autem
3025 1922 3115 1991 qui
3135 1921 3393 1976 mundum
3413 1921 3558 1986 fecit,
3579 1932 3633 1977 et

2044 2022 2199 2076 nobis
2215 2020 2361 2075 dedit
2386 2019 2641 2075 mundum
2666 2018 2858 2073 anima:
2875 2059 2892 2084 ,
2930 2032 3033 2073 nos
3061 2018 3284 2074 mundet
3315 2029 3370 2074 et
3398 2028 3629 2073 exornet

2043 2122 2096 2167 et
2120 2128 2213 2167 sua
2232 2112 2400 2182 gloria
2430 2110 2653 2165 induat:
2678 2119 2734 2163 ut
2759 2125 2950 2165 omnes
2972 2109 3025 2164 in
3056 2110 3214 2165 bonis
3249 2110 3508 2180 operibus
3535 2124 3626 2162 re-

2044 2206 2405 2275 splendentes,
2422 2212 2477 2258 et
2491 2202 2557 2255 ad
2574 2202 2690 2271 ejus
2707 2201 2930 2271 gloriam
2948 2202 3213 2268 viventes,
3235 2201 3459 2271 gloriam
3479 2201 3633 2253 entit-

2046 2309 2219 2350 tamus
2242 2297 2383 2350 Patri
2411 2308 2457 2347 et
2485 2294 2621 2348 Filio
2645 2302 2697 2345 et
2720 2292 2937 2361 Spiritui
2965 2302 3172 2347 sancto.

3206 2383 3453 2394 ——_——_.—

1756 2444 2086 2503 HOMILIA
2128 2444 2242 2505 XI.

352 2552 482 2606 Car.
517 2550 604 2605 IV.
635 2566 688 2602 v.
717 2550 772 2604 5.
832 2546 897 2600 In
926 2547 1183 2616 sapientia
1230 2546 1485 2600 ambulate
1511 2546 1578 2599 ad
1602 2563 1684 2599 eos
1713 2547 1798 2614 qui
1828 2544 1954 2615 foris

425 2652 557 2703 sunt,
593 2651 786 2709 tempus
814 2639 1131 2691 redimentes.
1174 2638 1227 2692 5.
1276 2636 1454 2691 Sermo
1478 2647 1635 2689 vester
1656 2653 1853 2705 semper
1886 2636 1940 2687 in

423 2732 609 2801 gratia,
640 2731 745 2785 sale
773 2731 838 2783 sit
866 2729 1120 2793 conditus,
1165 2740 1219 2782 ut
1244 2729 1415 2783 sciatis
1435 2732 1683 2799 quomodo
1713 2736 1942 2799 oporteat

426 2840 510 2876 vos
540 2822 807 2891 unicuique
833 2823 1158 2891 respondere.

426 2920 478 2972 1.
518 2916 665 2984 Quod
694 2915 939 2969 Christus
956 2915 1163 2969 dicebat
1184 2914 1479 2983 discipulis,
1509 2914 1611 2970 hoc
1639 2930 1778 2970 nunc
1804 2930 1941 2985 quo-

357 3024 461 3074 que
510 3015 689 3061 tuouet
732 3006 945 3060 Paulus.
994 3005 1129 3071 Quid
1173 3014 1349 3059 autent
1389 3006 1599 3059 dicebat
1647 3006 1941 3060 Christus?

360 3099 493 3155 Ecce
520 3118 608 3169 ego
640 3101 779 3153 mitto
808 3114 894 3151 vos
929 3099 1057 3151 sicut
1095 3114 1209 3151 oves
1238 3099 1291 3150 in
1325 3098 1489 3151 medio
1520 3097 1781 3167 luporum.
1812 3098 1940 3152 Sitis

358 3208 476 3263 ergo
519 3190 789 3259 prudentes
832 3192 960 3243 sicut
999 3199 1274 3258 serpentes,
1317 3199 1364 3243 et
1407 3190 1661 3259 simplices
1698 3190 1826 3243 sicut
1854 3205 1939 3242 co-

357 3283 542 3338 lumbte
568 3281 779 3351 (Matth.
816 3282 902 3337 10.
947 3281 1065 3350 16).
1125 3281 1238 3337 Hoc
1260 3290 1343 3338 est
1362 3324 1377 3349 ,
1400 3280 1554 3336 Cauti
1583 3291 1756 3337 estote
1780 3324 1795 3347 ,
1821 3282 1939 3336 titil-

359 3378 462 3431 lam
491 3377 569 3431 eis
599 3377 854 3430 adversus
893 3389 989 3429 vos
1027 3374 1216 3428 dantes
1259 3388 1443 3428 ansam
1475 3384 1529 3428 et
1575 3376 1934 3429 occasionem.

358 3470 649 3538 Propterea
680 3477 858 3522 autem
891 3467 1159 3535 adjicitur,
1188 3467 1267 3519 Ad
1305 3484 1388 3521 eos
1430 3467 1516 3537 qui
1546 3468 1670 3538 foris
1697 3478 1848 3529 sunt;
1878 3476 1937 3522 tit

355 3561 625 3616 discamus
650 3602 665 3623 ,
697 3560 838 3630 quod
867 3560 1126 3613 adversus
1160 3567 1342 3613 nostra
1389 3560 1625 3614 membra
1654 3576 1761 3614 non
1793 3570 1938 3615 tanta

359 3652 512 3705 nobis
538 3666 672 3719 opus
700 3660 783 3705 est
802 3652 1049 3705 Cautioue
1070 3692 1085 3714 ,
1118 3658 1314 3718 quanta
1343 3649 1599 3705 adversus
1628 3662 1935 3708 extraneos.

356 3744 457 3800 Ubi
505 3759 735 3813 namque
775 3744 964 3797 fratres
1010 3752 1163 3807 sunt,
1213 3742 1282 3796 ibi
1335 3743 1495 3796 multa
1544 3742 1936 3807 condonantur,

358 3837 427 3890 ibi
455 3838 648 3891 caritas
668 3851 877 3906 magna.
899 3834 1121 3905 Oportet
1145 3835 1303 3890 etiam
1329 3834 1415 3890 hic
1436 3851 1553 3890 esse
1574 3835 1934 3901 securitatem,

357 3930 612 3998 majorem
642 3945 770 3983 vero
802 3928 930 3982 foris
963 3943 1104 3983 :n0n
1135 3937 1260 3982 sunt
1286 3929 1427 3982 enim
1458 3928 1623 3997 paria,
1654 3943 1774 3983 esse
1802 3930 1939 3983 inter

358 4023 600 4076 inimicos
624 4035 678 4077 et
703 4024 903 4087 hostes,
933 4032 987 4075 et
1018 4024 1156 4075 inter
1176 4023 1399 4076 amicus.
1426 4021 1625 4077 Deinde
1658 4033 1935 4092 postquam

358 4116 573 4178 terruit,
624 4114 746 4168 vide
796 4113 1069 4183 quomodo
1114 4128 1302 4168 rursus
1348 4114 1428 4169 eis
1480 4113 1629 4168 addit
1672 4115 1932 4167 animum.

354 4204 611 4275 Tempus,
645 4204 815 4273 inquit
836 4244 852 4266 ,
882 4205 1204 4258 redimentes.
1236 4203 1348 4258 Hoc
1384 4216 1502 4269 est,
1535 4220 1771 4274 praesens
1798 4213 1935 4259 tem-

357 4311 456 4365 pus
482 4304 564 4349 est
592 4295 773 4349 breve.
809 4294 934 4349 Ilaec
974 4304 1151 4347 autem
1192 4294 1437 4359 dicebat,
1471 4310 1576 4348 non
1604 4295 1746 4364 quod
1777 4296 1938 4349 vellet

354 4401 450 4440 eos
496 4401 617 4441 esse
658 4386 834 4439 varios
861 4393 917 4440 et
957 4386 1265 4455 hypocritas
1308 4400 1371 4440 ac
1417 4386 1788 4451 simulatores;
1836 4385 1936 4439 hoc

354 4477 499 4529 enim
548 4490 651 4529 non
683 4486 766 4531 est
802 4477 1078 4546 sapientiae
1101 4518 1116 4542 ,
1150 4476 1243 4531 sed
1291 4477 1572 4541 amentiaa;
1620 4476 1713 4531 sed
1761 4476 1936 4547 quid?

359 4567 413 4621 In
442 4566 508 4621 iis
532 4606 547 4631 ,
575 4567 765 4636 inqttit,
799 4567 851 4620 in
875 4567 1066 4636 quibus
1094 4583 1196 4620 non
1230 4567 1460 4630 laedunt,
1490 4567 1688 4621 nullam
1714 4569 1788 4622 eis
1812 4568 1935 4623 date

354 4674 538 4712 ausam
561 4674 660 4713 nec
677 4660 1035 4712 occasionem.
1056 4657 1206 4725 Quod
1229 4659 1389 4712 etiam
1412 4659 1540 4714 dicit
1556 4658 1620 4712 ad
1640 4658 1930 4723 Romanos,

354 4751 573 4805 Reddite
606 4749 836 4804 omnibus
863 4750 1029 4803 debita
1064 4764 1084 4804 :
1112 4752 1194 4803 cui
1220 4750 1405 4804 debetis
1448 4752 1689 4804 tributum
1708 4793 1723 4817 ,
1772 4751 1931 4804 tribu-

354 4855 498 4907 tum;
542 4844 623 4896 cui
666 4845 916 4912 vectigal,
963 4845 1210 4914 vectigal;
1244 4846 1327 4898 cui
1361 4845 1635 4911 honorem,
1668 4846 1911 4899 honorem

352 4934 531 5003 (Rom.
579 4936 666 4989 15.
718 4936 795 5001 7).
828 4935 1054 5005 Propter
1100 4935 1532 5003 praedicationem
1574 4938 1745 4989 solum
1792 4946 1930 4998 esto,

355 5027 559 5097 inquis,
610 5027 700 5080 tibi
754 5027 990 5081 bellum:
1023 5028 1226 5080 nullum
1265 5028 1407 5081 aliud
1454 5028 1661 5082 initium
1710 5028 1936 5096 accipiat

355 5117 459 5172 hoc
489 5118 708 5172 bellum.
743 5118 870 5172 Nam
902 5120 945 5171 si
978 5119 1140 5173 etiam
1190 5129 1408 5189 propter
1432 5121 1531 5173 alia
1563 5129 1746 5175 essent
1778 5122 1934 5176 nobis

350 5226 475 5263 cum
502 5210 580 5265 eis
608 5212 853 5281 gerendae
887 5211 1180 5266 inimicitiae
1201 5252 1216 5276 ,
1248 5227 1418 5281 neque
1446 5213 1600 5267 nobis
1623 5224 1763 5267 esset
1790 5229 1933 5268 mer-

350 5315 443 5355 ces
462 5342 477 5365 ,
509 5310 565 5355 et
594 5302 695 5371 ipsi
722 5303 880 5356 l‘uluri
912 5313 1037 5357 sunt
1059 5302 1374 5366 deteriores,
1409 5311 1463 5357 et
1491 5302 1811 5357 videbuntur
1833 5320 1932 5357 nos

354 5394 479 5462 jure
512 5410 765 5451 accusare
792 5414 804 5448 :
834 5396 979 5449 velut
1021 5396 1065 5449 si
1108 5395 1384 5465 vectigalia
1411 5412 1516 5449 non
1545 5397 1815 5449 solvamus
1835 5438 1849 5461 ,
1886 5397 1931 5450 si

351 5486 589 5541 honores
614 5502 745 5556 quos
775 5489 1029 5541 convenit
1058 5504 1163 5540 non
1192 5487 1477 5541 reddamus
1496 5528 1511 5551 ,
1556 5487 1598 5540 si
1628 5502 1733 5541 non
1765 5488 1934 5542 simus

355 5576 606 5631 humiles.
635 5578 796 5633 Vides
821 5588 1077 5649 quantum
1101 5593 1160 5634 se
1191 5578 1438 5633 demittat
1466 5578 1661 5633 Paulus
1685 5621 1701 5646 ,
1734 5579 1823 5633 ubi
1847 5580 1933 5633 ni-

355 5670 427 5722 hil
457 5670 599 5724 lmdit
622 5672 1053 5740 prardicationem
1076 5672 1099 5724 ?
1124 5670 1261 5725 Audi
1291 5671 1435 5725 enim
1463 5671 1636 5739 ipsum
1665 5671 1929 5725 dicentem

360 5762 604 5831 Agrippa:
635 5779 647 5813 :
679 5760 891 5813 Beatum
921 5779 998 5815 mc
1023 5763 1283 5826 existimo,
1319 5761 1465 5816 hodie
1496 5762 1634 5832 apud
1661 5770 1707 5817 te
1727 5778 1930 5817 causam

661 5866 931 5927 Parum.
980 5866 1098 5927 Gtt.
1152 5868 1341 5930 [ΧΗ.

2056 2555 2293 2609 acturus,
2324 2544 2412 2613 qui
2437 2560 2489 2595 es
2511 2542 2729 2596 maxime
2758 2544 2945 2611 peritus
2982 2543 3403 2596 consuetudinum
3421 2552 3470 2597 et
3497 2558 3633 2612 qua:-

2052 2637 2272 2689 stionum
2297 2651 2410 2705 qua:
2426 2644 2541 2689 sunt
2582 2637 2720 2704 apud
2754 2633 2966 2689 Iudaeos
2992 2636 3127 2702 (Act.
3160 2635 3249 2690 26.
3274 2635 3327 2688 2.
3352 2637 3428 2704 '5).
3458 2635 3512 2691 Si
3540 2651 3635 2688 an-

2052 2741 2157 2784 tem
2188 2727 2548 2783 existimasset
2580 2738 2832 2798 Oportere
2871 2728 3194 2783 contumelia
3240 2728 3458 2783 afﬁcere
3490 2730 3635 2799 prin-

2048 2822 2223 2892 cipem
2250 2863 2265 2888 ,
2313 2822 2491 2875 omnia
2522 2822 2822 2876 evertisset.
2856 2822 2989 2875 Audi
3032 2830 3086 2876 et
3131 2822 3343 2875 beatum
3373 2823 3586 2877 Petrum
3606 2862 3622 2885 ,

2047 2928 2206 2982 quam
2236 2913 2425 2967 leniter
2450 2926 2503 2967 et
2535 2924 2811 2969 mansuete
2839 2913 3129 2982 respondet
3149 2913 3372 2977 ludatis,
3401 2913 3586 2967 dicens
3612 2930 3625 2965 :

2054 3004 2273 3059 Obedire
2301 3014 2494 3075 Oportet
2542 3004 2650 3059 Deo
2677 3006 2837 3075 magis
2875 3022 3027 3075 quam
3069 3004 3361 3058 hominibus
3409 3004 3544 3073 (Act.
3576 3005 3631 3060 5.

2045 3098 2344 3169 29).Atqui
2398 3098 2639 3151 homines
2684 3098 2772 3167 qui
2821 3098 3059 3152 animum
3100 3097 3530 3167 desponderant,
3577 3106 3632 3152 et

2044 3193 2168 3245 vita:
2189 3206 2339 3259 spem
2373 3190 2698 3258 abjecerant,
2725 3190 3025 3259 potuissent
3047 3190 3369 3245 contumelia
3395 3190 3631 3255 allicere,

2052 3294 2106 3336 et
2135 3282 2345 3353 quidvis
2386 3282 2596 3336 facere:
2627 3280 2719 3335 sed
2752 3292 3038 3353 prepterea
3067 3282 3304 3338 animum
3332 3282 3633 3352 deSpoude-

2044 3386 2185 3443 rant,
2211 3384 2264 3431 et
2292 3377 2413 3429 vita:
2440 3388 2591 3445 spem
2625 3375 2956 3445 abjecerant,
2990 3382 3045 3429 ut
3068 3390 3138 3429 ne
3168 3376 3380 3429 inanem
3406 3375 3630 3445 gloriam

2045 3475 2320 3536 captarent
2348 3466 2363 3535 (
2388 3466 2489 3520 hoc
2517 3475 2602 3519 est
2627 3466 2769 3520 enim
2795 3465 2968 3519 inanis
2993 3464 3180 3535 gloria:
3206 3467 3255 3533 );
3284 3464 3376 3519 sed
3410 3474 3467 3518 ttt
3490 3482 3626 3534 pm:-

2045 3557 2289 3611 dicarent
2307 3598 2321 3622 ,
2343 3567 2397 3611 et
2427 3568 2483 3610 ut
2513 3557 2678 3611 libere
2698 3565 2753 3611 et
2780 3555 3111 3611 conﬁdenter
3138 3557 3315 3610 omnia
3348 3556 3633 3627 loqueren-

2046 3661 2132 3705 tttr
2158 3670 2171 3705 :
2199 3651 2330 3705 illud
2370 3660 2583 3715 autem,
2630 3666 2824 3719 nempe
2864 3651 3076 3705 inanem
3123 3660 3340 3719 captare
3367 3652 3626 3721 gloriam.

2044 3755 2127 3799 est
2174 3744 2546 3798 immodestite.
2581 3744 2764 3798 Sermo
2789 3754 2947 3797 vester
2972 3760 3173 3812 semper
3197 3744 3250 3796 in
3280 3744 3446 3813 gratia
3465 3784 3480 3808 ,
3524 3745 3630 3797 sale

2043 3838 2107 3889 sit
2133 3837 2389 3889 conditus.
2423 3836 2536 3890 Hoc
2566 3845 2683 3900 est,
2734 3853 2802 3890 ne
2848 3838 3113 3890 sermonis
3144 3836 3310 3903 gratia
3356 3852 3423 3892 eo
3465 3837 3628 3892 deve-

2045 3928 2155 3980 niat
2174 3970 2188 3991 ,
2224 3938 2278 3982 ut
2300 3944 2366 3982 eo
2395 3938 2615 3981 utantur
2638 3929 2771 3982 citra
2798 3929 3110 3982 discrimen.
3146 3928 3289 3982 Licet
3315 3931 3480 3994 enim,
3506 3929 3630 3985 licet

2044 4019 2248 4074 urbane
2272 4028 2327 4075 et
2357 4020 2533 4089 lepide
2577 4020 2760 4089 loqui,
2790 4020 2886 4074 sed
2917 4036 3038 4074 cum
3065 4037 3125 4075 ea
3166 4039 3268 4088 qua
3298 4036 3397 4091 par
3422 4032 3505 4077 est
3534 4021 3630 4076 ho-

2043 4122 2254 4167 nestate
2294 4122 2348 4168 et
2377 4113 2593 4168 decore.
2649 4112 2717 4167 Ut
2759 4114 2935 4168 sciatis
2974 4115 3226 4183 quomodo
3265 4124 3497 4185 oporteat
3541 4132 3629 4170 vos

2043 4204 2308 4272 unicuique
2345 4205 2668 4273 respondere.
2700 4203 3060 4271 Quamobrem
3094 4221 3197 4259 non
3241 4213 3457 4275 oportet
3480 4206 3629 4260 simi-

2042 4297 2166 4349 liter
2206 4298 2347 4366 loqui
2377 4312 2497 4350 cmn
2545 4297 2826 4364 omnibus,
2874 4312 2994 4351 cum
3042 4296 3263 4362 Graecis,
3304 4299 3538 4368 inquam,
3570 4307 3627 4353 et

2042 4390 2314 4444 fratribus.
2346 4389 2689 4460 Nequaquam
2714 4407 2726 4442 :
2754 4390 2855 4444 hoc
2882 4391 3024 4444 enim
3054 4402 3135 4444 est
3156 4400 3413 4445 extremm
3442 4406 3628 4444 amen-

2044 4482 2150 4535 tite.
2182 4482 2238 4534 7.
2282 4480 2408 4547 Qua:
2443 4481 2579 4533 circa
2618 4497 2696 4536 me
2739 4490 2890 4543 sunt,
2924 4480 3094 4534 omnia
3137 4480 3272 4534 vobis
3314 4489 3433 4533 nota
3478 4481 3628 4551 faciet

2044 4570 2330 4642 Tychirns,
2383 4572 2675 4625 carissimus
2718 4571 2896 4639 frater,
2929 4580 2976 4624 et
3019 4570 3184 4640 ﬁdelis
3216 4571 3463 4636 minister,
3505 4573 3625 4624 con-

2040 4680 2212 4716 servus
2238 4663 2291 4716 in
2322 4662 2560 4715 Domino.
2600 4663 2755 4732 Papa:
2782 4664 2794 4714 !
2825 4669 3022 4732 quanta
3051 4672 3135 4716 est
3164 4661 3314 4716 Pauli
3341 4663 3621 4732 sapientia.

2039 4752 2155 4806 bon
2191 4754 2368 4806 omnia
2401 4754 2586 4807 inserit
2615 4754 2667 4806 in
2697 4753 2967 4822 epistolis,
3007 4752 3103 4809 sed
3129 4772 3245 4822 qua:
3274 4764 3400 4807 sunt
3431 4771 3620 4809 neces-

2040 4848 2177 4901 snria
2204 4857 2257 4902 et
2280 4849 2519 4918 urgentia
2546 4866 2559 4903 :
2583 4849 2753 4917 primo
2770 4847 2984 4917 quidem
3009 4848 3199 4902 nolens
3218 4862 3310 4901 eas
3326 4847 3379 4901 in
3405 4847 3622 4901 nimiam

2040 4939 2329 4992 extendere
2378 4939 2764 5009 longitudinem
2798 4954 2812 4992 :
2845 4938 3086 4994 secundo
3115 4950 3324 5003 autem,
3372 4955 3493 4993 eum
3531 4941 3621 5009 qui

2040 5032 2397 5100 proﬁciscitur
2445 5032 2674 5086 reddens
2702 5033 2870 5101 magis
2900 5032 3255 5086 reverendum
3277 5072 3292 5094 ,
3327 5043 3385 5085 ut
3430 5034 3626 5087 habeat

2040 5122 2238 5192 aliquid
2269 5123 2409 5192 quod
2453 5133 2633 5177 narret
2664 5142 2675 5177 :
2715 5124 2905 5189 tertio,
2941 5122 3233 5178 ostendens
3271 5133 3525 5193 quantum
3569 5125 3622 5176 in

2040 5231 2161 5267 cum
2193 5215 2258 5267 sit
2287 5215 2535 5281 affectus;
2589 5230 2691 5269 non
2721 5216 2863 5270 enim
2895 5216 3025 5271 alias
3066 5216 3114 5270 ei
3147 5218 3260 5269 haec
3284 5216 3615 5269 mandasset.

2045 5307 2246 5362 Deinde
2272 5318 2423 5361 erant
2453 5308 2696 5377 quaedam
2725 5324 2843 5377 quae
2872 5323 2981 5362 non
3020 5307 3303 5376 oportebat
3331 5307 3621 5376 signiﬁcari

2040 5400 2229 5454 literis.
2263 5397 2587 5463 Carissimus,
2619 5399 2809 5467 inquit,
2853 5403 3031 5469 frater.
3061 5398 3116 5453 Si
3146 5398 3477 5463 carissimus,
3508 5399 3618 5452 sci-

2041 5490 2115 5541 vit
2138 5490 2343 5552 omnia,
2376 5498 2430 5543 et
2462 5505 2587 5543 eum
2616 5489 2747 5543 nihil
2773 5489 3002 5546 celabat.
3033 5488 3100 5541 Et
3132 5488 3299 5557 ﬁdelis
3319 5488 3548 5541 minister
3572 5500 3619 5542 et

2039 5598 2307 5634 conservus
2337 5582 2387 5633 in
2414 5580 2654 5635 Domino.
2686 5580 2744 5635 Si
2782 5579 2956 5634 ﬁdelis
2979 5621 2994 5644 ,
3037 5580 3171 5634 nihil
3216 5579 3539 5643 mentietur;
3573 5580 3619 5634 si

2039 5685 2335 5726 conservus
2359 5712 2372 5735 ,
2402 5670 2499 5726 fuit
2529 5673 2708 5727 socius
2737 5682 2786 5727 et
2815 5671 3079 5741 particeps
3108 5670 3481 5725 tentationum.
3506 5668 3618 5724 Un-

2039 5763 2198 5833 dique
2228 5777 2353 5833 ergo
2386 5763 2594 5835 collegit
2626 5763 2676 5819 id
2721 5763 2859 5834 quod
2907 5762 3063 5818 ﬁdem
3096 5762 3313 5817 faceret.
3354 5761 3407 5816 8.
3454 5762 3615 5829 Quem

3213 5865 3293 5926 ‘21s
