4120 6400
423 326 529 384 575

376 446 379 447 ⁷
426 440 544 493 anisi
564 438 630 490 ad
659 450 743 489 vos
768 431 834 486 ad
864 432 956 486 hoc
979 430 1165 501 ipsum.
1199 423 1295 478 llic
1320 418 1544 475 multam
1588 408 1828 468 ostendit
1874 402 2011 460 dile—

430 530 694 589 ctionem,
720 524 984 594 siquidem
1014 533 1137 575 eum
1168 515 1293 570 ideo
1317 511 1463 566 misit
1482 549 1498 569 .
1526 515 1581 561 et
1621 518 1687 559 ea
1716 502 1813 556 fuit
1848 508 2010 554 ausa

430 636 526 675 cur
552 589 882 689 peregre-sit
922 610 1194 683 profectus
1221 624 1235 661 :
1265 602 1408 677 quod
1436 600 1599 657 etiam
1641 594 1855 653 dicebat
1878 589 2013 647 seri-

432 682 566 769 licus
607 682 704 765 adv
724 682 1230 763 Thessalonicenses
1253 716 1268 753 :
1292 696 1514 766 Propter
1553 688 1692 762 quod
1738 702 1842 742 non
1869 682 2022 739 sustio

434 813 605 860 nentes
634 801 853 871 amplius
875 839 890 863 ,
918 795 1109 867 placuit
1140 790 1284 847 nobis
1327 787 1449 843 solis
1474 796 1733 839 remanere
1770 774 1981 832 Athenis
2003 813 2018 837 ,

405 905 483 953 'et
527 866 755 950 misimus
805 866 1127 945 Timotheum
1174 887 1385 955 fratrem
1434 886 1665 933 nostrum
1708 872 1812 943 (1.
1839 866 2019 924 Thess.

435 993 489 1049 5.
522 993 574 1047 1.
601 989 680 1059 9.).
722 986 802 1041 Ad
834 981 1097 1054 Ephesios
1123 989 1336 1049 quoque
1365 986 1489 1029 eum
1532 969 1704 1039 ipsum
1736 962 1928 1026 mittit,
1970 968 2025 1015 et

437 1092 659 1156 propter
706 1053 950 1135 eamdem
993 1079 1257 1129 causam:
1319 1064 1386 1122 Ut
1428 1065 1694 1134 cognoscat
1734 1070 1848 1128 qua:
1891 1053 2027 1106 circa

440 1142 555 1232 vos.
578 1183 695 1230 sunt
738 1180 787 1226 et
838 1166 1124 1223 consoletur
1163 1159 1319 1215 corda
1365 1165 1527 1211 vestra
1555 1150 1770 1223 (Ephes.
1820 1147 1872 1203 6.
1903 1142 2022 1211 22).

441 1267 576 1323 Vide
602 1264 728 1336 quid
764 1261 909 1317 dicat
934 1276 948 1310 :
976 1256 1091 1312 Non
1122 1262 1181 1309 ut
1210 1264 1306 1305 vos
1351 1263 1441 1304 res
1467 1259 1616 1301 meas
1644 1238 1862 1296 discatis
1886 1277 1899 1297 .
1933 1233 2025 1290 sed

443 1330 1002 1431 utego-vestrasﬁta
1050 1359 1311 1417 nusquam
1357 1340 1498 1413 quod
1539 1352 1695 1393 suum
1741 1344 1823 1390 est
1849 1330 2024 1404 ponit.

442 1422 690 1510 Ostevndit
710 1463 804 1503 eos
832 1457 1055 1516 quoque
1080 1453 1202 1495 esse
1232 1437 1286 1491 in
1314 1429 1699 1489 tcntationibus
1720 1468 1734 1491 ,
1764 1422 1992 1480 dicendo
2011 1461 2027 1485 ,

449 1545 516 1600 Ut
535 1541 818 1598 consoletur
846 1535 1004 1592 corda
1027 1541 1213 1588 vestra.
1246 1529 1304 1584 9.
1330 1525 1457 1582 Cum
1486 1521 1743 1581 Onesimo,
1768 1515 2030 1570 carissimo

445 1648 492 1694 et
520 1638 657 1709 fideli
686 1639 862 1708 fratre,
891 1631 976 1703 qui
1000 1645 1065 1685 ex
1091 1626 1228 1682 vobis
1252 1633 1347 1678 est.
1377 1619 1591 1683 Omnia,
1617 1629 1731 1684 quae
1758 1611 1839 1665 hic
1863 1625 2030 1679 agun-

449 1742 552 1795 tur,
578 1698 697 1783 nota
725 1698 914 1798 facient
935 1722 1093 1777 vobis.
1127 1718 1226 1774 Hic
1264 1724 1347 1771 est
1373 1709 1659 1769 Onesimus
1680 1747 1695 1769 ,
1721 1703 1791 1760 de
1829 1715 1936 1772 quo
1965 1698 2030 1754 ad

450 1796 818 1878 Philemonem
859 1815 1103 1872 scribens
1146 1809 1391 1871 diccbat,
1450 1803 1611 1869 Quem
1654 1814 1745 1870 ego
1777 1796 2033 1850 volueram

450 1929 645 1967 mecum
676 1910 900 1964 detinere
924 1946 939 1972 ,
970 1912 1027 1958 ut
1053 1918 1146 1973 pro
1173 1912 1218 1956 te
1246 1897 1371 1952 mihi
1406 1895 1716 1949 ministraret
1743 1889 1797 1943 in
1818 1884 2033 1942 vinculis

452 2003 697 2075 evangelii
733 2002 886 2056 :sine
928 1996 1142 2053 consilio
1170 2002 1337 2047 autem
1376 1998 1463 2044 tuo
1503 1984 1631 2040 nihil
1667 1980 1803 2037 volui
1846 1981 2014 2052 facere

455 2072 846 2163 (Ii/tientia).
904 2088 1067 2145 Addit
1110 2086 1271 2141 etiam
1317 2078 1617 2137 encomium
1665 2072 1919 2138 civitatis,
1977 2080 2035 2125 ut

455 2190 614 2243 ctiam
650 2184 1029 2256 gloriarentur,
1078 2192 1178 2232 nec
1208 2174 1380 2251 solum
1425 2186 1532 2226 non
1564 2166 1911 2223 afficerentur
1937 2177 2037 2232 pu-

455 2282 609 2347 dore,
641 2279 828 2335 dicens
859 2292 873 2330 :
910 2273 1011 2340 Qui
1036 2281 1109 2326 est
1132 2285 1195 2325 ex
1225 2268 1379 2323 vobis.
1404 2263 1610 2328 Omnia,
1628 2275 1741 2331 qua:
1761 2259 1842 2312 hic
1870 2271 2039 2326 agun-

464 2385 566 2439 tur,
607 2381 728 2426 nota
767 2369 953 2441 facient
989 2363 1148 2420 vobis.
1182 2360 1272 2425 10,
1313 2356 1520 2414 Salutat
1571 2369 1659 2408 vos
1712 2347 2036 2405 Aristarchus

461 2462 789 2534 concaptivus
830 2473 993 2512 meus.
1236 2456 1242 2461 ’

529 2556 587 2611 9..
625 2533 745 2609 illoc
766 2550 1013 2608 encomio
1034 2546 1234 2603 nullum
1255 2551 1337 2600 est
1362 2540 1552 2611 majus.
1580 2536 1678 2593 llic
1710 2533 1899 2604 estqui
1921 2545 2041 2586 cum

462 2651 579 2718 ipso
618 2645 882 2703 abductus
921 2642 1019 2697 fuit
1064 2636 1437 2709 Jerosolymis.
1486 2631 1655 2701 Majus
1701 2628 1835 2683 dixit
1879 2638 2039 2695 quam

464 2740 742 2811 propheta:
772 2755 784 2791 :
817 2750 939 2791 nam
968 2732 1040 2788 illi
1070 2730 1286 2802 quidem
1319 2727 1527 2796 seipsos
1565 2723 1749 2778 dicunt
1774 2718 2041 2786 hospites,

466 2832 702 2888 advenas
743 2838 796 2885 et
825 2825 1172 2899 peregrinos;
1217 2821 1305 2876 hic
1346 2828 1525 2874 autem
1566 2816 1727 2871 etiam
1757 2811 2045 2881 captivum.

468 2925 762 2992 Tamquam
792 2920 935 2975 enim
965 2915 1206 2986 captivus
1248 2913 1328 2967 sic
1361 2909 1620 2981 agebatur
1660 2915 1716 2962 et
1753 2903 2050 2966 ferebatur,

469 3026 525 3072 et
551 3014 619 3070 ad
648 3012 785 3068 male
815 3007 1121 3081 patiendum
1149 3004 1227 3060 sic
1269 3011 1384 3057 erat
1415 3000 1665 3055 omnibus
1704 2993 2045 3066 propositus;

472 3112 582 3165 imo
609 3121 738 3162 vero
766 3104 869 3159 illis
895 3102 1071 3174 pejus.
1102 3098 1235 3153 Nam
1263 3095 1384 3151 illos
1404 3091 1618 3163 quidem
1640 3096 1918 3159 postquam
1943 3099 2051 3138 ce-

473 3206 667 3270 perunt
708 3196 925 3260 hostes,
966 3207 1060 3248 eos
1107 3189 1261 3245 valde
1301 3193 1493 3242 curant
1533 3191 1592 3238 ut
1637 3180 1737 3235 sibi
1768 3176 2051 3248 proprios;

476 3292 620 3347 hunc
641 3298 818 3345 autem
845 3296 904 3342 ut
927 3284 1134 3349 hostem
1165 3292 1218 3338 et
1242 3280 1513 3335 inimicum
1532 3286 1720 3330 omnes
1750 3270 1980 3342 agebant
2002 3276 2057 3323 et

478 3382 749 3447 ferebant,
776 3378 1125 3435 verberantes
1144 3414 1159 3440 ,
1188 3372 1366 3443 ﬂagris
1398 3368 1689 3435 cadentes,
1718 3361 2059 3420 contumeliis

479 3475 805 3538 allicientes,
848 3462 1261 3527 calumniantes.
1311 3463 1422 3519 Hoc
1452 3461 1560 3516 illis
1598 3458 1761 3515 etiam
1792 3465 1910 3512 erat
1935 3470 2063 3509 con-

481 3565 729 3621 Sttlallmll
764 3577 925 3618 :cum
962 3561 1105 3617 enim
1134 3566 1435 3629 praeceptor
1478 3553 1531 3607 in
1576 3549 1765 3606 iisdem
1798 3556 2068 3613 versatur,

486 3661 741 3742 majorem
772 3654 1195 3712 consolationem
1222 3649 1489 3719 accipiunt
1519 3643 1795 3714 discipuli.
1832 3641 1897 3696 Et
1928 3640 2073 3695 Mar-

486 3732 574 3807 cus
602 3750 929 3806 consobrinus
960 3744 1232 3800 Barnabcc.
1269 3741 1420 3796 llunc
1452 3753 1666 3811 quoque
1689 3737 1799 3807 jam
1830 3732 2071 3790 laudavit

487 3863 554 3901 ex
580 3843 897 3914 cognatione
930 3858 943 3895 :
972 3847 1090 3895 erat
1122 3836 1266 3892 enim
1304 3833 1575 3889 Barnabas
1604 3831 1687 3885 vir
1718 3842 1963 3899 magnus.
1992 3825 2071 3881 De

488 3954 587 4006 quo
609 3934 869 4004 accepistis
905 3931 1148 3985 mandata
1172 3944 1190 3983 :
1210 3929 1252 3983 si
1281 3926 1468 3981 venerit
1494 3925 1560 3977 ad
1585 3940 1669 3977 vos
1686 3962 1701 3989 ,
1740 3921 1977 3990 suscipite
2005 3918 2075 3971 il-

492 4029 618 4083 lum.
653 4025 791 4094 Quid
833 4023 1002 4080 vero?
1025 4036 1132 4075 non
1179 4019 1336 4073 aliter
1379 4012 1787 4084 suscepissent?
1814 4011 2076 4073 Maxime;

492 4121 588 4177 sed
612 4162 628 4187 ,
658 4121 789 4175 Cum
820 4130 1013 4187 magno
1035 4154 1051 4179 ,
1094 4112 1301 4183 inquit,
1334 4110 1457 4164 volo
1486 4107 1661 4162 studio
1697 4125 1710 4160 :
1754 4114 1810 4160 et
1834 4106 1936 4157 hoc
1965 4116 2083 4155 ma-

499 4228 656 4284 gnum
714 4210 886 4265 virum
933 4205 1188 4262 ostendit.
1224 4201 1502 4257 Undenam
1553 4208 1731 4252 autem
1777 4194 2083 4262 acceperint

501 4304 747 4360 mandata
770 4344 785 4369 ,
814 4316 919 4355 non
946 4299 1094 4354 dicit.
1119 4297 1211 4352 11.
1257 4292 1326 4347 Et
1352 4290 1526 4356 Iesus,
1556 4289 1642 4359 qui
1669 4288 1854 4341 dicitur
1877 4285 2077 4338 Justus.

504 4396 606 4450 Iste
649 4394 878 4449 fortasse
926 4400 1044 4445 erat
1093 4384 1423 4443 Corinthius.
1457 4379 1659 4436 Deinde
1701 4378 1793 4433 dat
1833 4375 2085 4429 omnibus

504 4499 789 4541 commune
814 4481 1118 4539 encomium
1140 4518 1156 4545 ,
1185 4491 1308 4533 cum
1337 4473 1563 4539 dixisset
1589 4470 1731 4541 quod
1761 4477 1877 4524 erat
1903 4468 2086 4521 unius-

505 4576 765 4646 cujusque
808 4572 1089 4644 proprium
1120 4587 1135 4624 :
1169 4568 1273 4634 Qui
1317 4574 1435 4622 sunt
1477 4580 1540 4619 ea:
1581 4561 1960 4618 circumcisione
1987 4575 2006 4612 :
2036 4558 2088 4611 hi

506 4670 603 4724 soli
620 4677 735 4724 sunt
764 4668 1027 4737 adjutores
1065 4663 1159 4717 mei
1185 4663 1239 4715 in
1261 4674 1416 4732 regno
1445 4656 1541 4712 Dei
1567 4673 1587 4710 :
1611 4655 1697 4725 qui
1730 4653 1854 4708 mihi
1883 4652 2090 4721 fuerunt

507 4761 710 4815 solatio.
752 4758 1043 4826 Postquam
1078 4753 1255 4816 dixit,
1285 4748 1622 4818 Concaptivus
1642 4787 1657 4812 ,
1691 4761 1759 4799 ne
1787 4743 2092 4797 auditorum

511 4853 749 4906 animum
778 4849 937 4904 simul
967 4846 1176 4917 dejiciat
1204 4885 1219 4910 ,
1252 4842 1372 4897 vide
1401 4838 1669 4910 quomodo
1695 4837 1797 4891 hoc
1826 4842 2007 4905 ponat,
2040 4840 2095 4887 et

513 4960 610 4999 eos
652 4943 883 4999 excitet:
915 4940 1191 5011 Adjutores
1214 4977 1229 5001 ,
1281 4933 1469 5004 inquit,
1501 4932 1600 4985 mei
1628 4930 1695 4982 ad
1740 4942 1949 4999 regnum
1982 4924 2096 4979 Dei.

515 5039 873 5108 Quamobrem
900 5049 1021 5089 cum
1053 5032 1159 5085 sint.
1189 5029 1320 5086 socii
1352 5026 1703 5081 tentationum
1730 5064 1744 5087 ,
1775 5028 1901 5075 sunt
1929 5016 2091 5073 etiam

518 5132 671 5201 regni
689 5127 841 5183 socii.
866 5125 965 5193 Qui
987 5124 1189 5194 fuerunt
1208 5119 1331 5174 ntihi
1350 5116 1553 5172 solatio.
1584 5110 1828 5168 Ostendit
1859 5125 1954 5163 eos
1980 5122 2102 5163 esse

521 5200 766 5291 magnos,
787 5214 1047 5285 siquidem
1070 5211 1232 5268 Paulo
1249 5211 1460 5264 fuerunt
1476 5205 1687 5261 solatio.
1704 5201 1810 5257 Sed
1830 5200 2103 5255 videamus

522 5290 671 5368 Pauli
692 5306 1047 5381 prudentiam.
1071 5302 1136 5356 In
1154 5301 1420 5368 sapientia,
1448 5296 1635 5367 inquit,
1661 5293 1915 5348 ambulate
1936 5290 2004 5345 ad
2019 5307 2103 5344 eos

524 5405 610 5475 qui
628 5402 753 5472 foris
768 5408 907 5463 sunt,
934 5407 1129 5464 tempus
1149 5392 1467 5446 redimentes.
1492 5388 1603 5442 Hoc
1625 5398 1727 5453 eSt,
1751 5384 1865 5439 Non
1893 5394 1977 5438 est
2010 5395 2103 5436 ve-

525 5509 695 5552 strum
722 5503 953 5562 tempus,
978 5487 1072 5544 sed
1099 5486 1309 5541 illorum
1339 5501 1352 5539 :
1383 5482 1549 5536 nolite
1575 5492 1704 5548 ergo
1727 5476 2021 5531 dominium
2053 5481 2109 5527 et

524 5586 901 5643 auctoritatem
928 5581 1081 5637 vobis
1110 5577 1382 5633 vindicare
1401 5616 1415 5639 ,
1463 5572 1559 5629 sed
1590 5581 1801 5640 tempus
1834 5568 2106 5624 redimite.

526 5681 711 5750 Neque
738 5678 874 5733 dixit
901 5671 1263 5735 solummodo,
1294 5668 1503 5732 Emite,
1534 5662 1663 5730 sed,
1695 5661 1959 5717 Redimite
1980 5701 1996 5725 ,
2033 5658 2114 5712 si-

530 5772 792 5844 gnificans
845 5768 1011 5841 quod,
1061 5768 1142 5825 sic
1184 5761 1391 5831 aﬂ‘ecti,
1446 5758 1605 5815 aliter
1654 5756 1827 5827 ipsum
1874 5765 2111 5810 vestrum

1097 310 1156 369 S.
1192 303 1470 367 JOANNIS
1504 286 1978 360 CHRYSOSTOSII
2016 279 2331 339 ARCHIEP.
2369 274 2898 336 CONSTANTINOP.

3601 268 3708 326 5⁸1ιῖ

2116 393 2335 450 efficite.
2381 393 2616 448 Summae
2653 390 2795 444 enim
2825 384 2987 444 fuerit
3028 383 3314 449 amcntias,
3361 380 3625 438 bellorum
3648 391 3703 437 et

2121 484 2522 541 inimicitiarum
2555 480 2862 549 excogitare
2906 476 3239 532 occasiones.
3282 473 3415 529 Nam
3463 473 3530 527 ad
3564 474 3703 538 hoc,

2121 576 2264 649 quod
2290 574 2524 646 pericula
2552 576 2883 629 sustinemus
2909 566 3180 639 superﬂua
3218 575 3275 621 et
3305 580 3427 636 qua:
3454 564 3585 620 nihil
3614 564 3710 618 ha-

2120 668 2251 726 bent
2277 668 2444 730 lucri,
2473 664 2617 721 aliud
2641 676 2857 736 quoque
2892 661 3149 716 damnum
3191 656 3433 720 accedit,
3472 655 3612 725 quod
3641 655 3710 708 ad

2125 778 2223 816 nos
2266 760 2441 816 Graeci
2481 773 2589 815 non
2624 756 2904 813 accedant.
2943 753 3077 809 Nam
3123 750 3339 823 quando
3380 749 3548 805 fueris
3576 749 3713 803 inter

2126 857 2337 919 fratres,
2367 852 2562 909 merito
2586 849 2815 907 confidis
2839 867 2853 904 :
2884 846 3016 903 foris
3036 855 3216 901 autem
3239 859 3347 899 non
3374 844 3452 897 sic
3478 850 3711 913 oportet.

2126 947 2289 1003 Vides
2309 944 2577 1017 quomodo
2597 943 2794 1014 ubique
2813 956 2907 997 eos
2927 939 3018 1010 qui
3039 947 3164 993 sunt
3178 936 3309 993 foris
3325 935 3456 990 dicit
3473 933 3711 989 Graecos.

2129 1041 2416 1110 Propterea
2454 1038 2667 1093 dicebat
2707 1036 2868 1091 etiam
2916 1032 3161 1088 scribens
3213 1030 3278 1083 ad
3328 1026 3711 1082 Timotheum:

2134 1132 2343 1202 Oportet
2361 1133 2524 1201 ipsum
2540 1141 2587 1183 et
2606 1129 2668 1182 ab
2687 1129 2747 1183 iis
2770 1129 2858 1198 qui
2884 1126 3009 1198 foris
3028 1133 3141 1178 sunt
3160 1123 3344 1177 bonum
3365 1122 3548 1177 habere
3573 1120 3712 1175 testi-

2130 1227 2356 1280 monium
2384 1225 2460 1295 (l.
2490 1221 2621 1275 Tim.
2649 1221 2703 1275 5.
2732 1221 2820 1291 7);
2848 1228 2902 1273 et
2940 1231 3147 1281 rursus,
3180 1214 3317 1282 Quid
3343 1215 3477 1268 enim
3505 1228 3615 1266 mea
3638 1226 3719 1264 re—

2131 1323 2228 1390 fert
2258 1317 2319 1370 de
2347 1316 2410 1369 iis
2447 1315 2533 1383 qui
2563 1312 2688 1385 foris
2715 1320 2832 1366 sunt
2852 1310 3089 1381 judicare
3117 1308 3204 1378 (l.
3234 1305 3352 1361 Cor.
3387 1307 3439 1361 5.
3477 1304 3623 1375 i2)?
3654 1302 3719 1358 In

2132 1408 2404 1481 sapientia,
2433 1404 2626 1475 inquit,
2655 1402 2908 1456 ambulate
2929 1400 2998 1453 ad
3022 1415 3105 1453 eos
3130 1397 3217 1469 qui
3245 1396 3370 1468 foris
3397 1405 3532 1450 sunt.
3564 1394 3720 1449 Foris

2132 1502 2276 1557 enim
2299 1507 2444 1565 sunt,
2474 1497 2574 1552 etsi
2596 1494 2843 1550 eumdem
2866 1507 3024 1563 quem
3051 1505 3151 1545 nos
3173 1488 3431 1543 mundum
3458 1486 3720 1550 habitent,

2136 1606 2195 1650 ut
2235 1593 2323 1665 qui
2352 1592 2456 1646 sint
2494 1599 2645 1645 extra
2692 1600 2915 1658 regnum
2954 1592 3009 1639 et
3052 1582 3271 1637 domum
3319 1580 3504 1650 patris.
3553 1576 3721 1633 Simul

2137 1689 2298 1744 etiam
2329 1700 2423 1740 eos
2450 1681 2780 1745 consolatur,
2828 1677 2947 1732 illos
2986 1686 3186 1729 vocans
3221 1680 3508 1727 extraneos
3535 1687 3549 1721 :
3582 1668 3724 1738 quod

2138 1780 2351 1850 quidem
2374 1776 2587 1831 dicebat
2616 1771 2883 1840 superius,
2919 1766 3034 1821 Vita
3058 1774 3222 1821 vestra
3249 1764 3495 1818 absconsa
3519 1772 3591 1815 est
3613 1776 3727 1812 cum

2138 1874 2341 1931 Christo
2365 1872 2420 1925 in
2448 1868 2554 1923 Deo
2579 1866 2712 1940 (Col.
2735 1866 2788 1921 5.
2808 1862 2888 1934 5).
2915 1861 3088 1924 Tunc,
3119 1857 3313 1928 inquit,
3336 1855 3563 1927 gloriam
3589 1867 3728 1922 quie-

2140 1969 2265 2033 rite,
2295 1975 2421 2021 tunc
2443 1964 2699 2024 honores,
2729 1968 2856 2013 tunc
2878 1955 2981 2009 alia
3002 1950 3213 2015 omnia;
3246 1964 3389 2004 nunc
3417 1956 3596 2001 autem
3630 1961 3727 2000 nee

2142 2073 2408 2132 quaquam
2430 2100 2445 2122 ,
2478 2054 2572 2110 sed
2610 2054 2715 2107 illis
2742 2048 3003 2121 praebete.
3055 2043 3291 2109 Deinde,
3324 2056 3392 2097 ne
3425 2048 3581 2111 putes
3606 2054 3726 2093 eum

2144 2151 2212 2205 de
2243 2148 2483 2221 pecuniis
2506 2144 2673 2215 loqui,
2703 2142 2852 2197 addit
2878 2158 2891 2194 :
2925 2138 3105 2195 Sermo
3128 2144 3290 2191 vester
3314 2148 3514 2203 semper
3537 2132 3588 2184 in
3612 2146 3731 2201 gra-

2147 2244 2246 2307 tia,
2274 2242 2380 2296 sale
2410 2240 2476 2293 sit
2504 2236 2739 2291 conditus
2762 2274 2777 2299 ,
2819 2241 2875 2286 ut
2905 2230 3078 2285 sciatis
3113 2224 3364 2297 quomodo
3390 2230 3618 2293 oporteat
3646 2237 3734 2275 vos

2148 2335 2418 2403 unicuique
2437 2327 2757 2398 respondere.
2782 2323 2854 2380 Ut
2880 2337 2989 2377 non
3014 2321 3084 2375 sit
3113 2320 3304 2390 plenus
3334 2314 3624 2387 hypocrisi,
3654 2313 3735 2367 iti-

2150 2429 2301 2499 quit:
2335 2427 2438 2480 hoc
2460 2422 2603 2478 enim
2630 2435 2737 2474 non
2766 2424 2851 2473 est
2874 2414 3043 2486 gratia
3066 2454 3081 2479 ,
3109 2424 3283 2480 neque
3300 2450 3317 2476 ,
3350 2406 3476 2463 Sale
3503 2414 3587 2461 est
3608 2419 3739 2461 con-

2150 2520 2341 2577 ditum.
2364 2515 2436 2574 Ut
2462 2523 2609 2586 puta,
2638 2511 2843 2581 absque
2884 2505 3123 2577 pericqu
3151 2502 3333 2557 colere
3358 2506 3604 2569 oporteat
3622 2538 3637 2563 ,
3669 2511 3738 2551 ne

2153 2625 2369 2669 recuses
2394 2628 2407 2664 :
2431 2609 2476 2663 si
2504 2616 2715 2674 tempus
2739 2602 2810 2657 sit
2831 2597 3041 2671 placide
3068 2586 3340 2664 loquendi,
3373 2606 3439 2645 ne
3466 2604 3582 2643 eam
3614 2603 3730 2643 rem

2126 2697 2131 2702 ’
2155 2703 2432 2762 existimes
2460 2695 2876 2754 assentationem
2900 2710 2914 2745 :
2947 2691 3027 2744 fac
3048 2687 3226 2742 omnia
3251 2699 3370 2755 quas
3390 2681 3457 2736 ad
3480 2681 3738 2735 honorem

2156 2797 2419 2859 attinent,
2468 2792 2540 2846 ita
2578 2798 2637 2843 ut
2674 2802 2779 2842 non
2821 2784 3046 2839 lmdatur
3072 2779 3257 2849 pietas.
3291 2774 3407 2831 Non
3434 2772 3583 2828 vides
3611 2785 3745 2842 quo-

2160 2890 2321 2945 tnodo
2351 2884 2532 2941 Daniel
2560 2881 2833 2937 hominem
2861 2876 2990 2932 colit
3019 2871 3277 2942 impium?
3306 2884 3412 2924 non
3440 2865 3590 2921 vides
3615 2878 3747 2934 quo—

2161 2981 2323 3039 modo
2344 2988 2455 3034 tres
2478 2974 2629 3047 pueri
2645 2987 2767 3027 cum
2789 2967 3049 3039 sapientia
3070 2964 3184 3035 regi
3204 2960 3495 3017 offerantur
3514 2966 3567 3012 et
3582 2954 3746 3011 animi

2163 3072 2512 3131 ostendentes
2539 3064 2913 3122 fortitudinem
2941 3070 2995 3116 et
3030 3057 3240 3114 dicendi
3275 3055 3574 3109 libertatem
3595 3091 3610 3117 ,
3641 3063 3747 3115 non

2165 3177 2342 3223 autem
2398 3160 2736 3217 temerariam
2784 3152 3060 3209 audaciam
3111 3159 3165 3205 et
3214 3141 3602 3214 asperitatem?
3649 3140 3752 3193 hoc

2167 3259 2310 3316 enim
2334 3270 2441 3309 non
2469 3260 2551 3308 est
2573 3246 2826 3319 loquendi
2850 3243 3114 3299 libertatis
3132 3247 3188 3294 et
3209 3237 3436 3300 fiduciae,
3461 3232 3554 3289 sed
3581 3230 3756 3287 inanis

2169 3348 2375 3422 gloria}.
2410 3344 2478 3401 Ut
2516 3341 2687 3397 sciatis
2708 3382 2724 3407 ,
2756 3337 2963 3407 inquit,
2992 3331 3246 3405 quomodo
3275 3337 3505 3399 oporteat
3533 3341 3618 3378 vos
3642 3324 3759 3377 uni-

2171 3416 2349 3510 cuique
2378 3435 2703 3508 respondere.
2737 3431 2907 3487 Aliter
2943 3428 3084 3482 enim
3113 3422 3378 3496 principi,
3410 3420 3564 3475 aliter
3588 3418 3637 3473 ei
3666 3416 3758 3487 qui

2174 3509 2395 3589 alterius
2424 3538 2577 3601 paret
2621 3526 2887 3596 imperio;
2928 3521 3084 3575 aliter
3111 3517 3303 3584 diviti,
3332 3515 3489 3569 aliter
3518 3509 3759 3583 pauperi.

2176 3626 2389 3696 Quare?
2438 3622 2703 3690 Quoniam
2748 3618 2972 3673 divitum
3018 3622 3073 3669 et
3103 3611 3401 3682 principum
3440 3606 3605 3661 animi
3642 3612 3765 3658 sunt

2179 3718 2577 3781 imbecilliores,
2613 3721 2671 3768 ut
2700 3712 2790 3782 qui
2820 3714 3065 3764 tumeant
3092 3715 3149 3760 et
3172 3702 3417 3758 dimuant
3444 3717 3458 3753 :
3488 3714 3595 3768 quo
3622 3696 3680 3750 tit
3708 3704 3769 3749 ut

2181 3811 2322 3883 apud
2349 3824 2442 3865 eos
2471 3823 2530 3862 se
2572 3805 2742 3874 magis
2769 3800 3055 3857 demittere
3081 3804 3137 3850 et
3181 3791 3586 3849 accommodare
3610 3804 3771 3858 opor—

2184 3880 2330 3960 teat:
2363 3914 2658 3973 pauperum
2685 3902 2863 3950 autem
2888 3900 3153 3947 eteorum
3178 3887 3266 3958 qui
3296 3893 3420 3940 sunt
3448 3883 3671 3950 subjecti
3694 3880 3771 3933 al-

2187 3997 2317 4061 teri,
2358 3992 2639 4048 solidiores
2682 3996 2739 4043 et
2780 3982 3155 4056 prudentiores
3185 3995 3200 4032 :
3234 3991 3399 4048 quare
3426 3983 3479 4030 et
3505 3973 3592 4028 hic
3620 3982 3773 4025 uten-

2186 4090 2314 4145 dum
2340 4093 2425 4141 est
2454 4081 2642 4152 majori
2670 4075 2924 4149 loquendi
2953 4073 3221 4134 libertate,
3266 4082 3432 4123 unum
3457 4062 3769 4136 spectando,

2190 4193 2382 4248 nempe
2425 4171 2856 4230 aediﬁcationem.
2895 4163 3013 4221 Non
3041 4161 3298 4233 quoniam
3324 4158 3413 4213 hic
3453 4155 3666 4227 quidem
3693 4161 3777 4207 est

2192 4244 2415 4344 pauper,
2445 4266 2534 4321 ille
2563 4278 2695 4318 vero
2720 4259 2891 4325 dives,
2924 4255 3014 4311 ille
3044 4254 3167 4309 ideo
3195 4251 3317 4321 plus
3346 4249 3660 4310 honoretur,
3689 4244 3778 4299 hic

2192 4336 2323 4417 vero
2351 4359 2557 4420 minus;
2588 4351 2683 4408 sed
2710 4358 2930 4422 propter
2975 4342 3398 4401 imbecillitatem
3444 4338 3533 4394 hic
3563 4336 3779 4408 quidem

2196 4456 2418 4516 feratur,
2450 4450 2540 4504 ille
2571 4460 2700 4501 vero
2729 4458 2838 4498 non
2867 4440 3017 4496 item.
3060 4434 3306 4506 Exempli
3342 4446 3533 4497 causa,
3566 4429 3664 4483 nisi
3709 4427 3784 4481 sit

2197 4560 2357 4603 causa
2378 4586 2393 4610 ,
2444 4542 2690 4598 Graecum
2737 4548 2805 4591 ne
2831 4544 2992 4589 voces
3019 4523 3405 4585 exsecrandum
3427 4563 3442 4587 ,
3490 4533 3664 4590 neque
3705 4517 3784 4570 sis

2200 4609 2657 4699 contumeliosus;
2689 4628 2784 4686 sed
2828 4627 2873 4681 si
2902 4625 2971 4679 de
3013 4622 3261 4692 dogmate
3297 4614 3511 4687 quidem
3540 4609 3743 4682 rogeris
3763 4651 3782 4673 ,

2201 4730 2468 4803 responde
2494 4728 2546 4782 id
2575 4739 2697 4781 esse
2728 4716 3117 4778 exsecrandum
3145 4721 3200 4767 et
3233 4709 3455 4779 impium
3486 4725 3499 4761 :
3542 4705 3585 4759 si
3626 4717 3786 4757 nemo

2204 4836 2382 4881 autem
2408 4827 2583 4892 roget,
2606 4829 2779 4885 neque
2808 4818 2966 4882 cogat
2991 4808 3191 4869 dicere,
3216 4818 3320 4858 non
3348 4806 3561 4870 oportet
3586 4806 3791 4850 temere

2207 4915 2538 4975 inimicitiam
2576 4908 2874 4979 suscipere.
2905 4901 3042 4970 Quid
3067 4899 3210 4955 enim
3242 4908 3464 4950 necesse
3495 4900 3578 4947 est
3603 4902 3788 4957 super-

2207 5022 2469 5066 vacaneas
2489 5003 2591 5061 sibi
2612 5012 2924 5070 comparare
2940 4989 3276 5049 inimicitias?
3299 4988 3527 5048 Rursus,
3546 4982 3590 5037 si
3611 4995 3795 5051 quem-

2211 5108 2351 5178 piam
2394 5096 2661 5157 catecbesi
2690 5094 2969 5153 instituas,
3009 5087 3095 5142 dic
3122 5094 3180 5138 ut
3222 5081 3459 5153 postulat
3493 5076 3795 5145 subjectum

2211 5165 2620 5266 argumentum;
2651 5184 2848 5254 alioqui
2875 5193 3016 5236 tace.
3048 5177 3104 5231 Si
3148 5188 3327 5230 sermo
3371 5171 3444 5227 sit
3470 5169 3583 5224 sale
3605 5165 3804 5225 condi-

2214 5255 2319 5351 tus,
2348 5281 2557 5339 etiamsi
2586 5279 2638 5333 in
2666 5274 2996 5332 difﬂuentem
3024 5266 3272 5323 inciderit
3297 5263 3550 5321 animam,
3578 5255 3801 5311 mollem

2216 5376 2520 5445 restringit;
2553 5370 2765 5427 etiamsi
2789 5367 2844 5421 in
2883 5376 3161 5433 asperam,
3192 5356 3382 5425 levigat
3412 5351 3680 5407 duritiem.
3711 5347 3806 5402 Sis

2217 5469 2518 5543 gratiosus,
2550 5478 2650 5519 nec
2678 5458 2969 5519 molestus;
3005 5467 3107 5507 nec
3153 5462 3339 5504 rursus
3370 5444 3545 5498 mollis
3565 5484 3578 5504 ,
3611 5439 3706 5495 sed
3747 5455 3783 5493 e

2218 5530 2587 5619 austeritatem
2628 5552 2827 5609 habeas
2854 5556 2909 5603 et
2935 5544 3281 5613 voluptatem.
3322 5536 3453 5591 Nam
3499 5533 3545 5587 si
3588 5531 3708 5600 quis
3734 5530 3832 5584 sit

2220 5668 2379 5725 supra
2421 5649 2637 5705 modum
2663 5650 2937 5705 austeras,
2971 5634 3139 5706 magis
3178 5629 3323 5686 lirdit
3360 5641 3519 5697 quam
3548 5620 3812 5693 prodest;

2223 5716 2305 5803 sin
2337 5751 2515 5800 autem
2545 5738 2613 5796 sit
2642 5748 2802 5807 supra
2833 5729 3052 5786 modum
3084 5723 3350 5791 urbanus,
3382 5716 3548 5790 magis
3579 5719 3661 5769 est
3692 5724 3817 5765 mo-
