4128 6398
426 343 536 399 575

425 553 656 621 ήγαγεν.
680 553 791 602 ’³ον
817 550 1059 620 ἔπεμψα
1102 553 1252 619 πρὸς
1304 549 1461 621 ὑμᾶς
1509 553 1596 616 εις
1636 550 1785 605 αὐτὸ
1812 552 2010 606 τοῦτο.

442 638 705 692 Ἐνταῦθα
737 637 835 708 τὴν
863 639 1085 709 ἀγάπην
1111 639 1353 692 δείκνυσι
1383 638 1481 708 τὴν
1504 638 1727 708 πολλὴν,
1754 640 1806 692 εί
1832 656 1896 708 γε
1919 640 2016 693 καὶ

424 725 514 779 διὰ
533 726 691 778 τοῦτο
723 726 885 779 αὐτὸν
914 727 1247 793 ἀπέσταλκε,
1276 728 1371 781 καὶ
1398 728 1496 798 τῆς
1525 728 1837 798 ἀποδημίας
1868 730 2016 782 αἰτία

428 812 568 883 αὕτη
605 814 856 881 γέγονεν·
893 813 923 866 ὃ
946 815 1041 867 καὶ
1070 815 1525 869 Θεσσαλονικεῦσι
1566 815 1802 887 γράφων
1832 814 2009 883 ἔλεγε·

428 901 525 954 Διύ
553 901 766 969 μηκέτι
797 901 1120 973 στέγοντες
1150 902 1582 973 ηὐδοκήσαμεν
1613 900 2017 971 καταλειφθῆ-

427 1004 527 1042 ναι
551 989 622 1041 ἐν
650 989 921 1056 Ἀθήναις
970 990 1170 1059 μόνοι,
1206 990 1305 1043 καὶ
1342 990 1698 1059 ἐπέμψαμεν
1736 991 2017 1059 Τιμόθεον

430 1076 539 1129 τὸν
565 1076 842 1145 ἀδελφὸν
868 1078 1058 1145 ἡμῶν.
1102 1079 1214 1131 Καὶ
1245 1078 1510 1148 Ἐφεσίοις
1554 1078 1610 1130 δὲ
1644 1077 1804 1131 αὑτὸν
1826 1076 2014 1131 τοῦτον

433 1162 664 1234 πέμπει,
694 1165 787 1217 καὶ
811 1165 951 1235 ὑπὲρ
974 1166 1072 1235 τῆς
1105 1165 1277 1235 αὑτῆς
1306 1165 1514 1227 αἰτίας·
1542 1165 1669 1219 Ἵνα
1690 1164 1834 1234 γνῷ,
1858 1166 2012 1234 φησὶ,

430 1251 506 1305 τὰ
553 1252 685 1321 περὶ
741 1251 930 1320 ὑμῶν,
977 1252 1075 1306 καὶ
1143 1251 1538 1320 παρακαλέσῃ
1601 1252 1708 1319 τὰς
1768 1253 2015 1320 καρδίας

431 1339 616 1407 ὑμῶν.
649 1344 788 1413 Ὅρα
818 1342 868 1395 τί
896 1357 1087 1412 φησιν·
1123 1343 1235 1413 Οὑχ
1262 1343 1348 1395 ἴνα
1375 1344 1531 1413 ὑμεῖς
1553 1341 1620 1395 τά
1644 1342 1753 1412 ὲμά
1780 1342 2012 1413 μάθητε,

432 1429 548 1481 ἀλλ’
580 1429 665 1483 ἵνα
689 1429 799 1497 ἐγὼ
836 1430 904 1484 τά
948 1430 1221 1501 ὑμέτερα·
1269 1430 1443 1494 οὑτως
1484 1430 1721 1501 οὑδαμοῦ
1751 1430 1811 1483 τὸ
1848 1431 2014 1483 αὑτοῦ

432 1518 635 1589 τίθησι,
689 1521 975 1573 Δείκνυσιν
1022 1521 1219 1584 αὐτοὺς
1248 1520 1343 1574 καὶ
1383 1521 1442 1575 ὲν
1493 1523 1823 1591 πειρασμοῖς
1856 1521 2017 1586 ὄντας

433 1607 510 1675 τῷ
557 1608 753 1660 εἰπεῖν·
783 1608 915 1663 Ἵνα
948 1608 1345 1677 παρακαλέσῃ
1390 1607 1497 1673 τὰς
1548 1609 1798 1676 καρδίας
1830 1606 2013 1676 ὑμῶν.

434 1693 560 1747 Σὺν
595 1696 898 1763 Ὀνησίμῳ
930 1693 1009 1761 τῷ
1042 1694 1328 1765 ἀγαπητῷ
1382 1696 1481 1749 καὶ
1519 1694 1713 1761 πιστῷ
1753 1695 2015 1764 ἀδελφῷ,

432 1781 503 1847 ὅς
539 1783 712 1835 ἐστιν
738 1783 807 1845 ἐξ
832 1781 1019 1851 ὑμῶν.
1043 1783 1245 1836 Πάντα
1268 1782 1411 1851 ὑμῖν
1442 1781 1760 1851 ⁴γ-νωριοῦσι
1783 1782 1856 1835 τὰ
1880 1776 2014 1835 ὦδε.

436 1871 587 1943 [406]
632 1872 922 1943 Ὸνήσιμος
953 1868 1107 1935 οὗτός
1134 1874 1271 1936 ἐστι,
1310 1872 1441 1942 περὶ
1471 1866 1531 1925 οῦ
1569 1870 1798 1942 γράφων
1823 1870 1901 1941 τῷ
1926 1873 2019 1923 Φι-

433 1958 629 2028 λήμονι
656 1958 859 2026 ἔλεγεν·
894 1962 1006 2012 Ὃν
1037 1960 1379 2027 ἐϐουλόμην
1419 1958 1568 2026 πρὸς
1593 1956 1855 2027 ἐμαυτὸν
1880 1974 2019 2011 κατ-

434 2048 620 2114 έχειν,
653 2048 754 2101 ἵνα
788 2047 942 2114 ὑπὲρ
971 2046 1089 2101 σοῦ
1116 2065 1218 2116 μοι
1248 2044 1502 2114 διακονῇ
1530 2046 1599 2099 ἐν
1620 2044 1743 2110 τοῖς
1774 2044 2019 2114 δεσμοῖς

436 2135 542 2189 τοῦ
566 2136 939 2205 Εὐαγγελίου
959 2150 974 2167 ·
1009 2135 1189 2204 χωρίς
1209 2134 1277 2187 δὲ
1303 2134 1414 2201 τῆς
1433 2132 1553 2203 σῆς
1574 2132 1813 2204 γνώμης
1840 2134 2021 2187 οὐδὲν

435 2222 715 2291 ἠθέλησα
746 2222 1018 2291 ποιῆσαι.
1078 2223 1192 2276 Καὶ
1215 2223 1277 2276 τὸ
1305 2222 1579 2292 ἐγκώμιον
1609 2222 1668 2275 δὲ
1695 2221 2020 2293 προστίθητι

436 2310 539 2379 τῆς
579 2311 806 2374 πόλεως,
854 2311 940 2363 ἵνα
989 2311 1082 2364 καὶ
1120 2309 1659 2378 ὲγκαλλωπίζωνται,
1724 2308 1802 2380 μὴ
1860 2310 2019 2379 μόνον

436 2400 540 2454 οὑκ
599 2400 1056 2469 ὲπαισχύνωνται.
1097 2399 1199 2465 Ὄς
1260 2400 1414 2462 ἐστι,
1472 2399 1658 2471 φησὶν,
1706 2399 1775 2463 ἐξ
1830 2398 2017 2467 ὑμῶν.

439 2487 644 2542 Πάντα
689 2488 833 2555 ὑμῖν
864 2487 1183 2557 ’γνωριοῦσι
1214 2488 1286 2542 τὰ
1318 2482 1454 2541 ὧδε.
1488 2486 1831 2547 Ἀσπάζεται
1867 2484 2023 2555 ὑμᾶς

453 2576 841 2644 Ἀρίσταρχος
877 2579 911 2629 ὁ
943 2574 1444 2643 συναιχμάλωτός
1467 2592 1609 2645 μου.

513 2714 578 2786 β’.
609 2715 774 2769 Οὐδὲν
799 2715 989 2769 τούτου
1018 2714 1113 2767 τοῦ
1143 2714 1419 2785 ὲγκωμίου
1440 2714 1640 2785 μεῖζον.
1674 2708 1842 2778 Οὗτός
1876 2715 2022 2769 ἐστιν

437 2807 469 2860 6
508 2806 615 2859 ἀπὸ
639 2804 1029 2876 Ἱεροσολύμων
1046 2804 1305 2875 ἀναχθεὶς
1326 2806 1441 2874 μετ’
1458 2803 1645 2857 αὑτοῦ.
1674 2802 1874 2868 Μεῖζον
1901 2799 2023 2857 εἶπε

439 2894 550 2947 τῶν
584 2893 881 2964 προφητῶν
927 2885 1110 2954 οὗτος·
1168 2894 1365 2945 ἐκεῖνοι
1405 2892 1506 2961 μὲν
1555 2892 1663 2963 γάρ
1703 2891 1889 2957 ξένους
1927 2892 2025 2946 καὶ

442 2981 855 3051 παρεπιδήμους
883 2980 1111 3043 έαυτοὺς
1142 2980 1418 3046 καλοῦσιν,
1457 2974 1613 3043 οὗτος
1648 2980 1707 3034 δὲ
1737 2980 1831 3033 καὶ
1860 2982 2023 3051 αίχμ-

441 3068 674 3124 άλωτον.
707 3067 976 3138 Καθάπερ
999 3070 1107 3136 γὰρ
1136 3066 1504 3137 αἰχμάλωτος,
1532 3065 1708 3130 οὑτως
1736 3067 1901 3137 ἤγετο
1931 3067 2026 3120 καὶ

441 3157 690 3226 ἐφέρετο,
722 3156 818 3208 καὶ
843 3156 1010 3207 πᾶσιν
1033 3156 1113 3217 εἰς
1141 3155 1201 3207 τὺ
1234 3154 1421 3216 κακῶς
1450 3154 1681 3224 πάσχειν
1708 3155 2022 3226 προύκειτο,

447 3244 646 3313 μᾶλλον
692 3242 747 3295 δὲ
798 3244 892 3295 καὶ
942 3241 1166 3293 ἐκείνων
1200 3244 1402 3310 χεῖρον.
1444 3241 1718 3305 Ἐκείνους
1766 3242 1863 3312 μὲν
1891 3241 2021 3310 γὰρ,

440 3332 662 3389 ἐπειδὰν
721 3329 961 3382 λάϐωσιν
999 3331 1047 3381 οί
1092 3329 1361 3398 πολέμιοι,
1422 3329 1480 3380 ὲν
1526 3327 1693 3399 πολλῇ
1758 3329 2026 3398 θεραπείᾳ

440 3419 627 3491 λοιπὸν
660 3418 899 3488 ἔχουσιν,
930 3417 1023 3470 ἆτε
1056 3415 1133 3478 ὼς
1160 3415 1376 3468 οίκείων
1411 3416 1707 3486 κτημάτων
1738 3415 2027 3486 ἐπιμελού-

445 3520 622 3574 μενοι·
687 3502 876 3556 τοῦτον
908 3503 965 3555 δὲ
996 3502 1072 3565 ὼς
1125 3502 1318 3572 ἐχθρὸν
1364 3503 1459 3556 καὶ
1506 3501 1767 3573 πολέμιον
1824 3504 2025 3568 πάντες

439 3588 577 3663 ἦγον
607 3593 700 3645 καὶ
734 3591 950 3662 ἔφερον,
976 3590 1245 3659 δέροντες,
1282 3589 1659 3659 μαστίζοντες,
1688 3590 2020 3660 ὑϐρίζοντες,

443 3679 929 3749 συκοφαντοῦντες.
970 3676 1141 3730 Τοῦτο
1169 3677 1263 3730 καὶ
1290 3676 1522 3740 ἐκείνοις
1556 3677 1902 3749 παράκλησις
1933 3675 2021 3749 ἦν·

442 3769 571 3822 ὅταν
591 3768 699 3838 7&9
722 3766 817 3819 καὶ
839 3767 867 3817 6
894 3764 1212 3826 διδάσκαλος
1237 3766 1296 3817 ὲν
1320 3767 1433 3826 τοῖς
1459 3764 1721 3828 τοιούτοις
1749 3760 1805 3839 ᾖ,
1827 3765 2029 3835 μᾶλλον

443 3854 886 3927 παρακαλοῦνται
910 3853 960 3905 οί
991 3851 1252 3924 μαθηταί.
1283 3851 1394 3906 Καὶ
1426 3851 1667 3919 Μάρκος
1706 3855 1739 3906 ό
1775 3854 2029 3922 ἀνεψιὸς

443 3942 742 4011 Βαρνάϐα.
784 3941 895 3995 Καὶ
943 3941 1131 3993 τοῦτον
1179 3940 1523 4010 ἐνεκωμίασε
1576 3941 1713 4004 τέως
1766 3941 1875 3994 ἀπὸ
1930 3943 2029 4012 τῆς

447 4030 768 4098 συγγενείας
794 4046 809 4059 ·
861 4026 1033 4098 μέγας
1054 4027 1163 4097 γὰρ
1191 4021 1259 4097 ἦν
1289 4027 1431 4097 ἀνὴρ
1469 4027 1498 4078 6
1527 4024 1834 4096 Βαρνάϐας.
1888 4027 2028 4095 Περὶ

443 4116 517 4177 οὗ
563 4120 807 4174 ἐλάϐετε
858 4116 1144 4184 ἐντολάς·
1199 4117 1306 4171 ἐὰν
1335 4118 1485 4184 ἔλθῃ
1518 4117 1669 4185 πρὸς
1723 4114 1900 4186 ὑμᾶς,
1934 4117 2029 4170 δέ-

442 4210 634 4275 ξασθε
684 4207 912 4273 αὑτόν;
968 4206 1033 4260 Τί
1083 4205 1229 4277 γάρ;
1270 4205 1374 4259 οὑκ
1424 4206 1671 4276 ἐδέχοντο
1723 4207 1816 4259 καὶ
1857 4205 2029 4277 χωρὶς

443 4297 661 4363 τούτου;
693 4295 832 4348 Ναί·
870 4293 1009 4348 ἀλλά
1039 4292 1176 4364 μετά
1205 4292 1410 4363 πολλῆς
1437 4293 1540 4363 τῆς
1570 4293 1805 4365 σπουδῆς
1831 4293 2026 4363 βούλο-

449 4403 571 4456 μαι,
630 4383 798 4454 φησί·
862 4381 1144 4435 καὶτοῦτο
1177 4380 1269 4433 τὸν
1321 4380 1491 4451 ἄνδρα
1526 4379 1766 4434 δείκνυσι
1830 4382 2026 4452 μέγαν.

446 4474 618 4528 Πόθεν
650 4472 748 4534 τάς
778 4469 1000 4532 ἐντολὰς
1030 4469 1244 4532 ἔλαϐον,
1276 4470 1339 4523 οὑ
1372 4468 1545 4538 λέγει.
1582 4469 1693 4523 Καὶ
1734 4471 1972 4537 Ἰησοῦς
1996 4474 2030 4524 ὁ

442 4564 767 4632 λεγόμενος
795 4561 1085 4626 Ἰοῦστος.
1111 4560 1272 4622 Ἴσως
1303 4558 1590 4628 Κορίνθιος
1611 4553 1680 4629 ἦν
1701 4552 1876 4622 οὗτος.
1897 4557 2030 4612 Εἶτα

444 4653 583 4704 πᾶσι
608 4650 669 4702 τὸ
696 4647 971 4718 ἐγκώμιον
1004 4645 1182 4699 κοινὸν
1216 4645 1567 4709 ἀποδίδωσιν,
1602 4643 1773 4700 εἰπὼν
1800 4646 1862 4698 τὸ
1894 4647 2029 4701 ξδιά-

445 4738 538 4803 ζον
565 4737 828 4791 ἑκάστου·
860 4738 924 4788 οι
959 4734 1131 4799 ὄντες
1159 4734 1226 4786 ἐκ
1271 4732 1627 4803 περιτομῆς·
1661 4729 1828 4789 οὗτοι
1851 4736 2031 4803 μόνοι

444 4825 727 4893 συνεργοὶ
773 4825 861 4890 είς
903 4822 1019 4889 τὴν
1069 4820 1400 4886 ,ϐασιλείαν
1426 4820 1535 4874 τοῦ
1592 4822 1763 4883 Θεοῦ,
1810 4823 2030 4889 οἵτινες

442 4910 822 4981 ἐγενήθησάν
874 4927 976 4979 μοι
1030 4909 1383 4979 παρηγορία.
1430 4908 1650 4980 Ἐπειδὴ
1701 4905 1845 4973 εἷπε,
1879 4914 2030 4963 Συν-

441 4999 843 5070 αιχμάλωτος,
879 4999 966 5051 ἵνα
1016 4997 1091 5069 μὴ
1144 4998 1561 5070 συγκατενέγκῃ
1587 4998 1686 5068 τὴν
1714 4998 1891 5069 ψυχὴν
1920 4998 2029 5052 τῶν

443 5088 774 5148 ἀκουόντων,
797 5087 900 5156 ὅρα
944 5086 1063 5149 πῶς
1109 5084 1267 5138 τοῦτο
1297 5084 1500 5155 τίθησι,
1550 5085 1647 5137 καὶ
1695 5085 2029 5156 διανίστησιν

445 5176 643 5236 αὑτούς
663 5191 676 5205 ·
715 5173 1025 5243 Συνεργοὶ,
1048 5173 1258 5255 ⁴φησὶν,
1305 5175 1391 5238 εὶς
1420 5172 1535 5239 τὴν
1557 5173 1891 5236 ,βασιλείαν
1918 5174 2026 5228 τοῦ

447 5262 615 5316 Θεοῦ.
639 5263 802 5314 Ὥστε
830 5262 940 5313 τῶν
962 5259 1282 5330 πειρασμῶν
1306 5260 1710 5325 κοινωνοῦντες,
1742 5261 1843 5331 τῆς
1871 5261 2027 5330 βασι-

446 5349 594 5413 λείας
624 5347 995 5402 κοινωνοῦσιν.
1043 5349 1272 5413 Οῖτινες
1309 5346 1692 5417 ἐγενήθησάν
1728 5365 1832 5417 μοι
1878 5365 2025 5419 παρα

445 5441 677 5506 ηγορία.
696 5438 978 5491 Δείκνυσιν
994 5436 1194 5499 αὐτοὺς
1214 5436 1503 5507 μεγάλους,
1521 5436 1575 5489 εί
1588 5453 1651 5505 γε
1673 5437 1870 5507 Παύλῳ
1891 5456 2026 5508 παρα

444 5528 643 5597 ηγορία
665 5526 1009 5595 γεγένηνται.
1041 5525 1182 5577 Ἀλλ’
1208 5526 1408 5594 ἴδωμεν
1420 5527 1518 5594 τὴν
1542 5524 1760 5577 σύνεσιν
1790 5526 2021 5582 Παύλου.

461 5616 564 5668 Ἐν
591 5615 799 5683 σοφίᾳ,
820 5614 974 5684 φησι,
1006 5613 1381 5681 περιπατεῖτε
1407 5613 1555 5679 πρὸς
1587 5613 1729 5678 τοὺς
1760 5614 1897 5679 ἕξω,
1921 5616 2027 5669 τὸν

451 5702 656 5770 καιρὸν
678 5699 1500 5770 ἑξαγοραζόμενοι.Τουτέστιν,
1523 5702 1635 5753 Οὑκ
1664 5701 1810 5755 ἔστιν
1830 5703 1858 5755 ὑ
1868 5704 2025 5769 μέτεό

457 5790 594 5858 ροςὸ
628 5787 839 5858 καιρὸς,
869 5785 981 5840 ἀλλ’
1006 5787 1230 5846 ἐκείνων
1256 5789 1371 5841 ὲστί
1394 5805 1406 5818 ·
1453 5787 1527 5859 μὴ
1562 5789 1740 5843 τοίνυν
1764 5788 2021 5857 βούλεσθε

1319 341 1385 397 ΙΝ
1425 341 1643 399 EI’IST.
1672 341 1764 395 AD
1801 341 2090 400 COLOSS.
2131 342 2284 398 CAP.
2326 341 2416 398 IV.
2460 342 2694 399 IIOMIL.
2732 344 2825 399 χι.

425 459 779 533 πειρασμῶν·
809 458 951 514 ὥστε
979 460 1130 533 αὑτῷ
1160 460 1426 516 πάντοθεν
1457 461 1517 514 τὸ
1543 460 1855 525 ἀξιόπιστον
1888 479 2010 515 συν-
2050 477 2068 492 ·

3602 346 3705 400 576

2122 462 2418 527 αὐθεντεῖν,
2436 462 2553 516 ἀλλ’
2577 461 2943 535 ὲξαγοράζετε
2965 462 3055 515 τὸν
3069 461 3281 531 καιρόν.
3306 464 3416 518 Καὶ
3433 464 3535 518 οὑκ
3552 463 3711 521 εἶπεν

2116 550 2322 614 ἁπλῶς,
2360 550 2709 621 Ἀγοράζετε,
2738 549 2875 616 ἀλλ’,
2925 548 3337 623 Ἐξαγοράζετε,
3388 550 3589 623 δηλῶν,
3624 554 3708 607 ὅτι

2119 637 2276 691 Οῦτω
2327 637 2713 710 διατιθέμενοι,
2764 640 3033 711 ὑμέτερον
3063 639 3227 692 αὑτὸν
3253 642 3459 693 ποιεῖτε
3480 641 3704 712 ἑτέρως.

2131 727 2340 791 Ἀνοίας
2364 727 2474 799 γάρ
2500 729 2785 799 περιττῆς,
2817 729 3071 799 πολέμων
3101 729 3197 783 καὶ
3226 728 3524 799 ἀπεχθείας
3571 747 3710 800 προ-

2119 821 2314 888 φάσεις
2344 822 2599 875 ὲπινοεῖν.
2637 821 2783 893 Πρὸς
2836 821 2946 893 γάρ
2980 821 3059 892 τῷ
3091 818 3372 887 κινδύνους
3421 825 3710 894 περιττοὺς

2119 912 2410 982 ὑπομένειν
2444 914 2537 967 καὶ
2571 913 2761 984 κέρδος
2784 914 2883 968 οὑκ
2904 914 3148 986 ἔχοντας,
3181 916 3276 969 καὶ¹
3304 916 3468 988 ἑτέρα
3495 917 3707 987 γίνεται

2119 1006 2313 1075 βλάϐη,
2340 1007 2403 1060 τὸ
2432 1008 2559 1071 τοὺς
2581 1008 2848 1078 ’Έλληνας
2873 1010 2948 1081 μὴ
2975 1009 3258 1081 προσιέναι
3293 1013 3445 1083 ἡμῖν.
3478 1012 3569 1065 Ἐν
3598 1012 3709 1083 7&9

2117 1096 2231 1157 τοῖς
2262 1094 2508 1164 ἀδελφοῖς
2539 1096 2668 1149 ὅταν
2701 1094 2789 1170 ᾗς,
2824 1097 3052 1161 εἰκότως
3103 1097 3347 1169 θαρῤεῖς·
3386 1097 3490 1164 ἔξω
3520 1100 3575 1152 δὲ
3610 1102 3710 1172 οὐχ

2115 1181 2258 1235 οὑτω
2284 1201 2315 1253 χ
2324 1184 2412 1254 ρή.
2459 1184 2619 1256 Ὁρᾷς
2637 1185 2754 1249 πῶς
2774 1187 3048 1257 πανταχοῦ
3070 1187 3195 1250 τοὺς
3215 1187 3340 1253 ἔξω,
3371 1189 3496 1252 τοὺς
3513 1189 3711 1261 Ἕλλη-

2118 1294 2211 1338 νας
2232 1275 2406 1344 λέγει;
2446 1277 2547 1330 Διά
2568 1276 2725 1331 τοῦτο
2755 1279 2846 1331 καὶ
2870 1278 3119 1350 Τιμοθέῳ
3149 1279 3378 1350 γράφων
3401 1280 3576 1348 ἔλεγε·
3605 1281 3711 1335 Δεῖ

2117 1366 2185 1420 δὲ
2206 1367 2393 1421 αὐτὸν
2416 1369 2516 1422 καὶ
2530 1370 2866 1438 μαρτυρίαν
2890 1370 3089 1437 καλὴν
3102 1370 3270 1440 ἐχειν
3290 1371 3407 1425 ἀπὸ
3435 1371 3552 1425 τῶν
3569 1373 3712 1437 ἔξω·

2120 1463 2244 1514 θεν·
2272 1458 2423 1533 [407]
2453 1462 2548 1515 καὶ
2574 1462 2760 1527 παλιν,
2786 1464 2845 1517 Τί
2871 1462 2982 1534 γάρ
3005 1481 3111 1532 μοι
3148 1463 3247 1518 καί
3271 1465 3412 1533 τοὺς
3438 1466 3557 1531 ἔξω
3586 1468 3711 1535 κρί-

2118 1565 2292 1615 νειν;
2338 1552 2441 1604 Ἔν
2464 1551 2671 1620 σοφίᾳ,
2732 1551 2889 1621 φησὶ,
2946 1554 3319 1621 περιπατεῖτε
3360 1556 3510 1624 πρὸς
3570 1557 3713 1624 τοὺς

2120 1640 2261 1705 ἕξω.
2305 1641 2451 1707 Ἐξω
2475 1640 2584 1713 γάρ
2615 1643 2742 1708 είσι,
2772 1641 2877 1695 κᾶν
2907 1641 2999 1695 τὸν
3021 1643 3187 1697 αὑτὸν
3233 1644 3439 1714 κόσμον
3487 1646 3711 1700 οἰκῶσιν

2120 1735 2273 1804 ἡμῖν,
2311 1733 2412 1803 τῆς
2443 1733 2721 1803 βασιλείας
2747 1734 2899 1798 δντες
2937 1734 3042 1801 ἔξω
3081 1736 3179 1791 καὶ⁴
3209 1735 3305 1790 τοῦ
3332 1738 3579 1795 οἱκίσκου
3613 1738 3709 1792 τοῦ

2123 1823 2413 1895 πατρικοῦ.
2452 1824 2606 1894 Ἀμα
2629 1826 2724 1877 καὶ
2756 1825 3173 1896 παραμυθεῖται¹
3196 1827 3413 1894 αὑτοὺς,
3440 1828 3543 1893 ἔξω
3566 1829 3711 1882 ὲκεί-

2121 1931 2243 1977 νους
2273 1913 2472 1967 καλῶν·
2507 1915 2644 1985 ὅπερ
2682 1914 2868 1983 ἔλεγεν
2898 1914 3178 1986 ἀνωτέρω,
3209 1915 3291 1969 ὃτι
3320 1916 3379 1971 Ἠ
3407 1914 3517 1983 ζωὴ
3543 1914 3713 1985 ὑμῶν

2122 2004 2446 2073 κέκρυπται
2469 2005 2592 2059 σὺν
2623 2004 2703 2071 τῷ
2730 2006 2964 2075 Χριστῷ
2993 2007 3064 2060 ἐν
3090 2005 3171 2072 τῷ
3197 2006 3340 2073 Θεῷ.
3370 2008 3526 2074 Τότε,
3554 2009 3710 2078 φησὶ,

2121 2097 2277 2163 δόξαν
2301 2098 2535 2167 ζητεῖτε,
2565 2099 2687 2152 τότε
2716 2098 2905 2168 τιμάς,
2953 2098 3077 2153 τότε
3106 2098 3176 2155 τά
3205 2099 3340 2154 ἄλλα
3374 2099 3574 2154 πάντα·
3612 2100 3708 2153 νῦν

2120 2188 2176 2241 δὲ
2204 2189 2303 2260 μὴ,
2336 2188 2451 2243 ἀλλ’
2476 2190 2709 2254 ἐκείνοις
2742 2191 3033 2263 παρέχετε.
3083 2186 3238 2257 Εἶτα,
3271 2191 3357 2245 ἵνα
3388 2190 3465 2261 μὴ
3484 2191 3713 2265 νομίσῃς

2121 2282 2383 2353 χρήματα
2407 2281 2587 2351 λέγειν
2616 2283 2799 2348 αὑτὸν,
2820 2283 3039 2352 ἐπάγει·
3079 2283 3144 2336 '0
3164 2283 3345 2352 λόγος
3367 2282 3534 2352 ὑμῶν
3562 2281 3714 2335 πάν.

2120 2393 2255 2429 τοτε
2276 2377 2346 2430 ἐν
2366 2375 2582 2446 χάριτι,
2605 2377 2780 2432 ἅλατι
2795 2376 3149 2447 ἠρτυμένος,
3176 2375 3397 2430 ειδέναι
3413 2374 3569 2446 ὑμᾶς
3586 2375 3713 2441 πῶς

2122 2467 2217 2521 δεῖ
2239 2467 2330 2522 ἐνὶ
2358 2468 2595 2537 ἑκάστῳ
2616 2470 3069 2537 ἀποκρίνεσθαι.
3104 2470 3221 2524 Ἵνα
3252 2469 3330 2542 μὴ
3365 2468 3711 2538 ὑποκρίσεως

2122 2560 2289 2633 γέμῃ,
2332 2560 2484 2632 φησί·
2513 2561 2671 2615 τοῦτο
2686 2564 2795 2634 7&9
2824 2564 2884 2616 οὑ
2902 2563 3081 2634 χάρις,
3115 2562 3235 2616 οὑδὲ
3273 2560 3430 2615 ἅλατι
3454 2560 3707 2632 ῆρτυται.

2124 2650 2269 2720 Οἴον,
2300 2654 2395 2708 ἐὰν
2425 2654 2521 2727 δέῃ
2551 2654 2888 2726 θεραπεῦσαι
2917 2654 3236 2717 ἀκινδύνως,
3264 2654 3339 2725 μὴ
3369 2654 3709 2723 παραιτήσῃ·

2122 2748 2188 2802 ἂν
2216 2743 2470 2822 καιρδςῇ
2519 2746 2810 2818 προσηνῶς
2858 2745 3225 2816 διαλεχθῆναι,
3270 2746 3346 2817 μὴ
3369 2746 3602 2818 νομίσῃς
3652 2744 3713 2798 τὸ

2124 2843 2358 2912 πρᾶγμα
2383 2841 2695 2895 κολακείαν·
2721 2838 2901 2893 πάντα
2932 2839 3074 2892 ποίει
3102 2838 3170 2891 τά
3199 2839 3279 2902 εἰς
3307 2838 3471 2910 τιμὴν
3490 2839 3713 2909 ἀνήκον-

2124 2951 2215 2998 τα,
2250 2935 2378 2988 άνευ
2423 2931 2517 2985 τοῦ
2560 2930 2892 3001 βλάπτεσθαι
2930 2930 3027 3001 τὴν
3076 2929 3384 2983 εὐσέϐειαν.
3442 2930 3551 3000 Οὑχ
3580 2931 3714 3000 ὁρᾷς

2126 3027 2243 3089 πῶς
2270 3023 2469 3095 Δανιὴλ
2498 3023 2785 3094 ἄνθρωπον
2843 3022 3012 3094 ἀσεϐῆ
3064 3022 3394 3095 θεραπεύει;
3453 3022 3551 3092 οὑχ
3582 3022 3714 3092 ὁρᾷς

2124 3119 2253 3180 τοὺς
2270 3119 2422 3188 τρεῖς
2450 3116 2663 3179 παῖδας,
2683 3115 2799 3179 πῶς
2831 3114 2969 3186 μετά
2991 3115 3177 3184 σοφίας
3200 3114 3279 3186 τῷ
3310 3114 3518 3185 βασιλεῖ
3549 3130 3715 3185 προσ-

2128 3210 2407 3280 εφέροντο,
2442 3209 2538 3262 καὶ
2578 3208 2831 3278 ἀνδρείαν
2871 3206 3200 3272 δεικνύντες,
3225 3207 3319 3260 καὶ
3377 3204 3709 3277 παρρησίαν,

2128 3301 2223 3355 καὶ
2255 3301 2404 3353 οὐδὲν
2452 3299 2625 3372 θρασὺ
2668 3300 2788 3352 οὑδὲ
2830 3298 3108 3369 ἐπαχθές;
3161 3298 3319 3351 τοῦτο
3380 3296 3488 3368 γὰρ
3528 3295 3712 3349 οὑκέτι

2128 3390 2462 3463 παρρησίας,
2510 3389 2648 3443 ἀλλά
2677 3388 3007 3454 κενοδοξίας.
3062 3388 3316 3452 Εὶδέναι,
3371 3388 3525 3457 φησὶ,
3589 3384 3715 3452 πῶς

2127 3483 2226 3537 δεῖ
2259 3481 2416 3553 ὑμᾶς
2444 3481 2534 3536 ἐνὶ
2555 3479 2788 3547 ἑκάστῳ
2821 3481 3277 3549 ἀποκρίνεσθαι.
3322 3479 3554 3548 Ἑτέρως
3603 3477 3714 3547 γάρ

2126 3577 2205 3649 τῷ
2240 3578 2483 3648 ἄρχοντι,
2529 3574 2705 3637 ἄλλως
2735 3573 2813 3645 τῷ
2853 3574 3161 3646 ἀρχομένῳ·
3208 3570 3384 3633 ἄλλως
3422 3569 3498 3641 τῷ
3547 3570 3715 3621 πλου-

2126 3670 2331 3734 τοῦντι,
2389 3666 2564 3730 ἄλλως
2606 3665 2681 3738 τῷ
2740 3667 2956 3737 πένητι.
3031 3663 3135 3716 Διά
3170 3663 3261 3727 τίς
3317 3662 3444 3714 Ὅτι
3497 3662 3552 3714 αί
3598 3659 3708 3713 τῶν

2129 3759 2503 3817 πλουτούντων
2533 3759 2631 3812 καὶ
2652 3758 2925 3828 ἀρχόντων
2952 3755 3123 3826 ψυχαὶ
3165 3753 3552 3825 ἀσθενέστεραι
3581 3771 3715 3821 τυγ-

2129 3853 2384 3925 χάνουσιν
2404 3849 2595 3913 οὖσαι,
2607 3850 2809 3920 μᾶλλον
2840 3848 3296 3917 φλεγμαίνουσαι,
3336 3846 3536 3918 μᾶλλον
3563 3846 3717 3918 διαρο

2132 3945 2371 4016 ῥέουσαι·
2398 3943 2541 3996 ὥστε
2563 3942 2681 3996 ἐκεῖ
2716 3939 3189 4011 συγκαταϐατικδν
3221 3934 3363 3993 εἶναι
3386 3940 3484 3992 δεῖ·
3524 3940 3577 3991 αἱ
3608 3939 3715 3991 τῶν

2130 4036 2378 4107 πενήτων
2403 4034 2496 4088 καὶ
2525 4031 2862 4103 ἀρχομένων,
2901 4032 3255 4103 στερρότεραι
3283 4029 3379 4084 καὶ
3417 4028 3715 4083 συνετώτε-

2134 4142 2242 4197 ραι·
2272 4125 2412 4179 ὥστε
2443 4123 2679 4177 ἐνταῦθα
2712 4123 2804 4175 καὶ
2835 4120 3117 4193 παρρησίᾳ
3144 4121 3253 4192 χρὴ
3285 4119 3491 4192 μείζονι
3512 4120 3716 4191 κεχρῆ-

2134 4218 2278 4284 σθαι,
2310 4217 2445 4292 πρὸς
2469 4215 2527 4269 ἓν
2577 4216 2806 4287 ὁρῶντα,
2829 4217 2927 4286 τὴν
2979 4213 3293 4284 οἰκοδομήν.
3339 4212 3430 4283 Μὴ
3457 4211 3643 4282 ἐπειδὴ
3687 4214 3717 4265 ὁ

2136 4311 2235 4381 μὲν
2262 4309 2533 4372 πλούσιος,
2580 4310 2608 4361 6
2636 4308 2693 4360 δὲ
2716 4308 2905 4375 πένης,
2954 4308 2982 4359 6
3015 4306 3115 4376 μὲν
3169 4304 3330 4358 πλέον
3367 4302 3636 4373 τιμάσθω,
3687 4304 3717 4355 6

2131 4404 2187 4457 δὲ
2213 4403 2451 4456 ἔλαττον·
2481 4399 2616 4455 ἀλλά
2639 4399 2726 4453 διὰ
2743 4402 2839 4470 τὴν
2891 4398 3178 4452 ἀσθένειαν
3230 4400 3257 4451 6
3293 4398 3392 4467 μὲν
3420 4395 3715 4450 διαϐαστα-

2132 4491 2327 4557 ζέσθω,
2357 4493 2386 4544 6
2429 4492 2487 4545 δὲ
2520 4492 2595 4561 μὴ
2637 4490 2828 4552 οὕτως·
2855 4484 2988 4555 οἷον,
3018 4490 3199 4553 αίτίας
3248 4490 3349 4542 οὑκ
3395 4487 3586 4558 οὔσης,
3640 4486 3716 4558 μὴ

2130 4584 2285 4638 κάλει
2319 4584 2411 4636 τὸν
2442 4584 2683 4653 Ἕλληνα
2714 4581 2929 4653 μιαρὸν,
2976 4582 3113 4652 μηδὲ
3161 4581 3252 4635 ἔσο
3285 4580 3565 4651 ὑϐριστής·
3598 4579 3715 4633 ἀλλ’

2129 4676 2196 4731 ἂν
2234 4676 2335 4746 μὲν
2364 4672 2645 4745 ἐρωτηθῇς
2675 4674 2803 4744 περὶ
2836 4674 2929 4725 τοῦ
2978 4673 3269 4744 δόγματος,
3294 4672 3585 4743 ἀπόκριναι
3634 4673 3717 4727 ὅτι

2133 4769 2330 4840 μιαρὸν
2356 4767 2451 4820 καὶ
2477 4764 2690 4827 ἀσεϐές·
2724 4765 2937 4828 οὐδενὸς
2968 4765 3025 4818 δὲ
3056 4765 3369 4839 ἐρωτῶντος
3397 4766 3519 4818 οὑδὲ
3543 4766 3717 4833 ἀναγ-

2130 4861 2386 4924 κάζοντος
2414 4858 2615 4925 λέγειν,
2637 4855 2697 4907 οὑ
2719 4856 2987 4927 προσήκει
3034 4857 3219 4920 ἁπλῶς
3263 4855 3558 4926 ἀπέχθειαν
3587 4856 3716 4909 ἀνα-

2129 4952 2394 5021 δέχεσθαι.
2430 4951 2567 5005 Ποία
2593 4951 2702 5022 γάρ
2734 4951 2947 5020 ἀνάγκη
3008 4948 3268 5020 περιττὰς
3314 4947 3517 5019 ἔχθρας
3543 4966 3715 5001 κατα-

2132 5042 2446 5108 σκευάζειν;
2488 5043 2679 5107 Πάλιν,
2713 5041 2780 5097 ἀν
2800 5060 2921 5096 τινα
2959 5043 3229 5111 κατηχῇς,
3261 5039 3391 5109 λέγε
3422 5039 3482 5107 ἐξ
3519 5039 3715 5093 ὑποθέ-

2131 5154 2268 5200 σεως
2289 5134 2677 5207 ὑποκειμένης·
2722 5134 2846 5187 ἐπεὶ
2876 5147 2902 5174 ι
2932 5134 3079 5203 σίγα.
3111 5135 3238 5187 Ἐὰν
3266 5130 3299 5208 ᾗ
3332 5133 3488 5188 ἀλατι
3544 5133 3714 5202 ἠρτυ-

2130 5228 2292 5298 μένος
2321 5230 2350 5281 ὁ
2373 5226 2552 5296 λόγος,
2614 5225 2718 5279 κᾶν
2752 5227 2832 5289 εἰς
2866 5226 3222 5296 διαρῤέουσαν
3256 5224 3473 5295 ἐμπέσῃ
3502 5222 3709 5293 ψυχὴν,

2128 5319 2440 5389 ὲπισφίγξει
2471 5319 2568 5389 τὴν
2619 5318 2845 5389 χαύνην·
2884 5318 2987 5371 κᾶν
3022 5318 3102 5380 εἰς
3125 5319 3408 5388 τραχεῖαν,
3444 5315 3624 5368 λεανεῖ
3652 5315 3713 5368 τὸ

2130 5410 2383 5480 σκληρόν.
2419 5410 2704 5480 Ἐπίχαρις
2732 5408 2825 5476 ὣν,
2895 5410 3034 5481 μήτε
3094 5407 3348 5479 φορτικὸς
3377 5407 3539 5472 ἔστω,
3574 5410 3711 5478 μήτε

2127 5504 2291 5557 πάλιν
2322 5503 2538 5574 χαῦνος,
2562 5502 2699 5556 ἀλλά
2720 5503 2813 5557 καὶ
2844 5501 2904 5555 τὸ
2933 5502 3130 5571 στῦφον
3160 5502 3350 5570 ἐχέτω,
3381 5501 3475 5554 καὶ
3501 5499 3563 5554 τὸ
3591 5500 3713 5571 μεθ’

2128 5596 2339 5668 ἡδονῆς.
2361 5598 2458 5650 Ἀν
2488 5614 2547 5648 τε
2578 5595 2687 5669 γὰρ
2716 5595 2969 5668 ἀμέτρως
3001 5594 3299 5666 ἐπιστύψῃ,
3330 5594 3529 5666 μᾶλλον
3552 5594 3711 5648 ἔϐλα-

2194 5799 2216 5827 ⁹
2246 5795 2377 5846 Fort.
2405 5794 2504 5845 ἐπεὶ
2526 5795 2712 5851 ἄλλως,
