4120 6400
430 381 534 438 57⁵1

429 498 533 566 ψεν
562 493 597 565 ἢ
627 491 930 563 ὠφέλησεν·
961 485 1056 542 ἐάν
1078 485 1135 540 δέ
1160 484 1414 554 ἀμέτρως
1434 476 1863 550 χαριεντίσηται,
1880 468 2018 539 μάλ-

431 558 523 641 λον
551 558 825 654 ἐλύπησεν
855 582 887 653 ἢ
916 580 1146 650 ὤνησεν·
1198 575 1340 628 ὥστε
1389 567 1669 638 πανταχοῦ
1731 564 1905 635 μέτρα
1941 558 2023 612 δεῖ

435 679 600 736 εῖναι.
633 652 792 747 Μήτε
827 652 1082 745 κατηφὴς
1098 669 1188 723 έσο
1210 667 1305 721 καὶ
1337 660 1682 736 σκυθρωπός·
1711 656 1873 727 ἀηδὲς
1890 652 2019 721 γάρ’

438 773 576 843 μήτε
602 764 1012 836 διακεχυμένος·
1073 757 1554 827 εὐκαταφρόνητον
1584 750 1696 821 γὰρ
1716 747 1813 802 καὶ
1847 760 2025 798 πεπα-

436 836 690 935 τημένονσ
716 859 835 914 ἀλλ’
863 855 1126 925 ἐκατέρου
1159 851 1257 923 τὴν
1294 846 1495 920 ἀρετὴν
1527 840 1730 903 λαϐὼν,
1774 836 1895 908 οτὴν
1923 851 2025 888 κα-

438 930 565 1012 κίαν
594 952 745 1028 [408]
780 950 940 1020 φύγε,
972 947 1227 1016 καθάπερ
1260 943 1295 1012 ἡ
1318 940 1543 1012 μέλιττα
1564 935 1660 989 τοῦ
1688 932 1787 1005 μὲν
1807 930 1869 984 16
1896 945 2026 998 φαι-

438 1018 614 1117 δρδν,⁵
639 1018 822 1097 τοῦδέ
848 1018 908 1094 16
938 1035 1157 1109 σεμνόν.
1205 1034 1271 1088 Εἰ
1314 1031 1423 1102 γὰρ
1458 1027 1642 1100 ἰατρὸς
1676 1025 1774 1095 οὑχ
1826 1018 2030 1090 ὁμοίως

441 1111 579 1193 πᾶσι
608 1137 872 1209 χρήσεται
893 1132 1006 1193 τοῖς
1040 1128 1280 1197 σώμασι,
1317 1118 1499 1191 πολλῷ
1529 1115 1731 1189 μᾶλλον
1782 1111 2030 1166 διδάσκα-

440 1232 551 1295 λος.
586 1201 781 1282 ιξαίτοι
806 1222 1009 1295 μᾶλλον
1039 1219 1107 1274 ἂν
1129 1216 1197 1272 τὰ
1232 1213 1463 1285 σώματα
1500 1203 1855 1276 ἀκατάλληλα
1890 1201 2033 1270 φάρ-

448 1293 599 1394 μακα
624 1293 859 1388 ἐνέγκοι,
881 1317 915 1387 ἢ
938 1312 1086 1384 ψυχὴ
1112 1310 1295 1379 λόγον·
1328 1300 1459 1370 οἷον,
1494 1301 1778 1373 πρόσεισιν
1811 1293 2034 1363 Ἕλλην,

444 1384 543 1470 καὶ
569 1384 779 1483 γίνεταί
804 1427 885 1463 σοι
903 1384 1106 1477 νφίλος;
1138 1401 1305 1474 μηδὲν
1344 1394 1493 1467 αὐτῷ
1519 1392 1647 1463 περὶ
1675 1388 1868 1445 τούτου
1918 1384 2036 1439 δια-

444 1479 664 1577 λεχθῇς,
689 1503 796 1563 ἐως
825 1503 891 1554 ἂν
915 1498 1140 1568 γένηται
1167 1494 1311 1547 πάνυ
1334 1488 1505 1558 φίλος·
1526 1484 1622 1539 καὶ
1643 1482 1772 1537 ὅταν
1791 1479 2035 1548 γένηται,

445 1598 652 1671 ἡρέμα.

519 1720 589 1780 γ’.
634 1711 777 1781 Ὅρα
810 1704 919 1778 γάρ
957 1704 1054 1758 καί
1074 1701 1103 1755 6
1136 1696 1349 1760 Παῦλος
1377 1693 1541 1767 ἡνίκα
1563 1690 1644 1753 εἰς
1671 1688 1772 1750 τὰς
1809 1682 2040 1753 Ἀθήνας

450 1776 805 1877 παρεγένετο,
823 1776 956 1861 πῶς
971 1796 1157 1858 αὐτοῖς
1177 1787 1603 1859 διελέγετο..οὐκ
1630 1778 1806 1847 εἶπεν,
1827 1776 1898 1833 Ὦ
1915 1794 2042 1848 μια-

454 1870 547 1966 poi
592 1870 688 1949 καὶ
725 1889 1041 1962 παμμίαροι
1067 1904 1081 1919 ·
1122 1882 1262 1939 ἀλλά
1310 1881 1399 1948 τί;
1441 1877 1694 1945 Ἄνδρες
1733 1870 2042 1940 Ἀθηναῖοι,

452 1961 603 2041 κατὰ
622 1961 821 2038 πάντα
838 1982 918 2047 ὡς
937 1972 1596 2047 δεισιδαιμονεστέρους
1634 1966 1789 2038 ὑμᾶς
1829 1961 2042 2032 θεωρῶ.

453 2078 625 2134 Πάλιν
648 2077 737 2130 ὅτε
766 2072 988 2145 ὑϐρίσαι
1013 2069 1205 2143 ἐχρῆν,
1232 2067 1293 2121 οὐ
1321 2064 1700 2136 παρῃτήσατο·
1741 2058 1878 2114 ἀλλὰ
1907 2054 2047 2128 μετά

454 2171 656 2240 πολλῆς
680 2168 781 2239 τῆς
815 2164 1175 2236 σφοδρότητος
1227 2161 1381 2229 ἔλεγε
1412 2158 1489 2228 τῷ
1528 2154 1753 2225 Ἐλύμᾳ·
1794 2153 1856 2206 Ὢ
1891 2148 2049 2217 πλή-

451 2282 569 2336 ρης
593 2260 822 2326 παντὸς
869 2257 1058 2312 δόλου
1103 2254 1205 2308 καί
1253 2250 1459 2317 πάσης
1492 2244 1900 2317 ῥᾳδιουργίας,
1956 2241 2051 2296 υἱὲ

457 2354 766 2419 διαϐόλου,
794 2349 971 2419 ἐχθρὲ
1002 2346 1206 2414 πάσης
1253 2343 1664 2409 δικαιοσύνης.
1696 2339 1909 2407 Ὠσπερ
1940 2336 2051 2407 γὰρ

460 2448 704 2507 ἐκείνους
735 2442 957 2514 ὑϐρίσαι
985 2440 1171 2502 ἀνοίας
1206 2431 1295 2508 ἦν,
1328 2434 1473 2488 οὑτω
1497 2432 1686 2486 τοῦτον
1719 2429 1794 2501 μὴ
1828 2427 2053 2498 ὑϐρίσαι

449 2539 741 2612 μαλακίας
789 2531 880 2607 ἦν.
938 2531 1131 2598 Πάλιν,
1183 2527 1444 2600 εἰσήχθης
1502 2524 1639 2596 πρὸς
1670 2523 1908 2595 ἄρχοντα
1966 2518 2054 2572 διά

463 2633 727 2701 πρᾶγμα;
757 2626 860 2690 τὰς
882 2621 1269 2696 προσηκούσας
1306 2618 1602 2689 ἀπόνειμαι
1632 2615 1820 2686 τιμάς.
1854 2612 2057 2668 Πάντα

463 2724 627 2793 ὑμῖν,
662 2722 817 2791 φησί,
853 2716 1176 2789 γνωριοῦσι
1222 2712 1294 2767 τὰ
1320 2706 1456 2767 ὧδε.
1507 2709 1607 2762 Διά
1642 2708 1696 2762 τί
1744 2706 1817 2779 μὴ
1857 2705 2059 2777 συνῆλ-

467 2815 579 2878 θον,
613 2812 787 2882 φησί;
831 2809 897 2862 Τί
921 2809 979 2861 δέ
1019 2809 1158 2870 ἐστι,
1202 2804 1407 2859 Πάντα
1443 2802 1588 2872 ὑμῖν
1620 2800 1942 2873 γνωριοῦσι
1986 2798 2059 2853 τὰ

466 2901 616 2967 ὧδε;
645 2903 926 2962 Τουτέστι,
950 2899 1032 2953 Τὰ
1054 2896 1251 2967 δεσμὰ,
1284 2897 1377 2950 καὶ
1401 2894 1471 2949 τά
1486 2894 1620 2950 ἀλλα
1645 2893 1824 2946 πάντα
1840 2889 1910 2945 τά
1925 2907 2059 2944 κατ-

469 2998 665 3070 έχοντά
712 3013 801 3068 με.
864 2995 979 3048 Οὐκ
1023 2992 1091 3047 ἂν
1148 2987 1243 3045 οῦν
1294 2992 1323 3044 6
1374 2986 1812 3062 προσευχόμενος
1865 2984 2062 3048 αὐτοὺς

475 3093 626 3156 ἰδεῖν,
657 3091 686 3143 6
707 3088 801 3142 καί
832 3088 1052 3159 ἐτέρους
1076 3082 1445 3145 ἀποστέλλων,
1479 3079 1645 3142 αὐτὸς
1663 3078 1960 3150 ὑστέρησα,
1987 3076 2063 3147 μὴ

478 3182 722 3253 μεγάλης
741 3198 808 3252 με
840 3176 1179 3249 κατεχούσης
1207 3175 1475 3245 ἀνάγκης.
1503 3172 1613 3227 Καὶ
1642 3170 1749 3244 μὴν
1786 3170 1947 3224 τοῦτο
1967 3169 2067 3223 οὐκ

474 3266 545 3345 ἦν
585 3271 986 3342 ἐγκαλούντων.
1036 3271 1147 3323 Καὶ
1179 3268 1287 3339 μὴν
1315 3265 1522 3336 σφόδρα
1572 3261 1971 3332 ἐγκαλούντων.
1994 3259 2068 3314 T6

478 3367 590 3436 γάρ
619 3361 811 3435 μαθεῖν
844 3363 925 3415 ὅτι
954 3360 1049 3414 καλ⁵
1071 3360 1403 3430 πειρασμοῖς
1425 3355 1721 3427 περιέπεσε
1757 3354 1853 3408 καί
1871 3354 2070 3425 ήνεγκε

482 3458 770 3529 γενναίως,
818 3455 978 3509 τοῦτο
1026 3450 1395 3522 πιστουμένου
1441 3446 1509 3521 ἦν
1569 3448 1633 3502 τὸ
1686 3448 1947 3521 πρᾶγμα,
1978 3446 2074 3500 καί

483 3551 838 3624 ἀνορθοῦντος
859 3548 958 3611 τὰς
985 3546 1209 3600 ἐκείνων
1230 3543 1429 3616 ψυχάς.

554 3644 680 3698 Σὺν
723 3640 1041 3709 Ὀνησίμῳ,
1073 3637 1228 3709 φησὶ,
1285 3634 1367 3702 τῷ
1414 3631 1700 3704 ἀγαπητῷ
1740 3630 1838 3687 καί
1881 3627 2077 3695 πιστῷ

485 3727 750 3797 ἀδελφῷ.
799 3724 1053 3793 Ἀδελφὸν
1076 3723 1169 3776 16v
1196 3720 1384 3775 δοῦλον
1405 3721 1434 3773 6
1461 3716 1675 3781 Παῦλός
1704 3732 1891 3786 φησιν·
1932 3712 2077 3767 εἰκό-

485 3839 616 3886 τως·
635 3823 771 3875 ὅπου
790 3836 855 3888 γε
876 3818 972 3872 καὶ
994 3816 1186 3870 ἐαυτὸν
1213 3812 1399 3866 δοῦλον
1429 3809 1685 3881 ὀνομάζει
1710 3806 1820 3860 τῶν
1849 3803 2077 3858 πιστῶν.

491 3911 931 3980 Κατενέγκωμεν
982 3908 1183 3970 πάντες
1232 3903 1324 3958 τὸν
1373 3900 1566 3971 τῦφον,
1600 3898 2081 3967 καταπατήσωμεν

489 4006 590 4076 τὴν
618 4000 964 4066 ἀλαζονείαν.
1000 3997 1198 4051 Δοῦλον
1226 3993 1481 4065 ὀνομάζει
1531 3991 1726 4045 ἐαυτὸν
1754 3987 1991 4050 Παῦλος,
2054 3987 2083 4038 6

493 4098 594 4167 τῆς
613 4093 942 4166 οἰκουμένης
964 4090 1213 4156 ἀντάξιος
1240 4087 1335 4141 καὶ
1366 4085 1576 4157 μυρίων
1608 4080 1872 4154 οὐρανῶν,
1904 4079 2000 4132 καὶ
2018 4078 2083 4132 σὺ

501 4191 644 4261 μέγα
682 4190 932 4261 φρονεῖς;
970 4186 1000 4238 6
1025 4183 1205 4238 πάντα
1237 4179 1386 4248 ἄγων
1414 4178 1508 4230 καί
1558 4176 1737 4246 φέρων
1762 4172 1840 4236 ὡς
1869 4171 2083 4244 ήθελεν,

496 4288 527 4337 6
548 4284 617 4337 τὰ
643 4282 888 4349 πρωτεῖα
914 4276 1055 4349 έχων
1087 4276 1145 4327 ἐν
1192 4275 1258 4344 τῇ
1300 4268 1549 4341 βασιλείᾳ
1592 4267 1704 4320 τῶν
1738 4263 2010 4337 οὐρανῶν,
2059 4264 2088 4315 6

501 4371 970 4443 ἐστεφανωμένος,
997 4369 1026 4421 6
1046 4367 1124 4430 εἰς
1146 4363 1329 4436 τρίτον
1370 4357 1611 4414 ἀνελθὼν
1653 4355 1921 4427 οὐρανὸν,
1963 4354 2089 4416 τοὺς

502 4468 720 4530 δούλους
748 4462 1014 4532 ἀδελφοὺς
1046 4458 1221 4521 καλεῖ,
1260 4455 1355 4509 καὶ
1401 4450 1742 4512 συνδούλους.
1774 4446 1886 4501 Ποῦ
1922 4448 1956 4516 ἡ
1986 4464 2088 4516 μα-

506 4563 629 4626 νίας
656 4557 761 4611 ποῦ
794 4558 829 4626 ή
853 4550 1175 4617 ἀλαζονείας
1210 4548 1396 4609 Οὕτως
1446 4542 1760 4609 ἀξιόπιστος
1794 4540 2021 4607 γέγονεν
2067 4540 2094 4591 6

522 4653 850 4722 Ὀνήσιμος,
911 4645 1054 4698 ὥστε
1105 4641 1202 4694 καί
1256 4636 1486 4691 τοιαῦτα
1543 4630 1919 4687 πιστεύεσθαι.
1986 4630 2095 4683 Καὶ

510 4718 771 4811 Μάρκος,
790 4736 975 4810 φησὶν,
1006 4739 1038 4790 ό
1065 4730 1319 4800 ἀνεψιὸς
1347 4725 1647 4797 Βαρνάϐα,
1702 4723 1835 4793 περί
1859 4718 1930 4778 οὗ
1960 4721 2093 4775 ἐλά-

510 4845 643 4897 ϐετε
664 4834 938 4900 ἐντολάς·
963 4830 1222 4895 δέξασθε
1251 4825 1459 4880 αὐτόν.
1481 4824 1640 4883 Ἴσως
1673 4818 1826 4891 παρὰ
1846 4815 2102 4889 Βαρνάϐα

516 4932 738 4995 ἐντολὰς
765 4926 979 4981 ἔλαϐον.
1015 4926 1080 4976 Ol
1109 4922 1278 4984 ὄντες
1310 4916 1380 4970 ἐκ
1409 4909 1751 4983 περιτομῆς.
1788 4907 2102 4965 Καταστέλ-

518 5028 601 5081 λει
624 5022 735 5078 τῶν
772 5017 1043 5073 Ἰουδαίων
1088 5012 1150 5066 τὸ
1198 5010 1445 5078 φύσημα·
1479 5006 1695 5075 ἐπαίρει
1741 5002 1949 5055 τούτων
2002 5000 2101 5063 τὰς

520 5115 720 5187 ψυχὰς,
739 5112 820 5165 ὅτι
840 5108 1009 5174 ὀλίγοι
1034 5102 1130 5174 μὲν
1159 5104 1225 5154 ἐκ
1265 5095 1593 5169 περιτομῆς.
1623 5095 1672 5146 οἰ
1702 5094 1762 5146 δέ
1787 5091 2003 5153 πλείους
2043 5090 2109 5141 ἐκ

520 5184 630 5262 τῶν
664 5203 855 5259 ἐθνῶν.
889 5199 1116 5260 Οἵτινες
1162 5186 1544 5261 ἐγενήθησάν
1591 5203 1713 5255 μοι,
1760 5184 1914 5255 φησὶ,
1966 5196 2112 5249 παρ-

522 5299 754 5370 ηγορία.
776 5293 1056 5347 Δείκνυσιν
1073 5284 1263 5340 ἐαυτὸν
1279 5284 1337 5334 ἐν
1350 5279 1673 5352 πειρασμοῖς
1689 5276 1818 5329 ὄντα
1834 5273 2111 5345 μεγάλοις.

529 5393 696 5444 Ὥστε
727 5384 848 5441 οὐδέ
876 5380 1035 5435 τοῦτο
1081 5374 1304 5448 μικρόν·
1354 5373 1485 5424 ὅταν
1514 5370 1643 5431 τοὺς
1700 5365 1887 5435 ἁγίους
1932 5380 2113 5436 παρα-

532 5548 1041 5642 συγκακουχώμεθα
1075 5562 1208 5631 (τοῖς
1240 5553 1481 5625 δεσμίοις
1508 5551 1639 5623 γὰρ,
1672 5550 1859 5621 φησὶν,
1888 5548 1963 5611 ὡς
1990 5565 2118 5599 συν-

533 5640 849 5736 δεδεμένοι)·
881 5660 1008 5713 ὅταν
1033 5655 1103 5709 τά
1129 5650 1351 5707 ἐκείνων
1385 5648 1630 5721 ἡμέτερα
1661 5642 1903 5713 ποιῶμεν
1948 5640 2116 5711 πάθη,

540 5758 635 5813 καὶ
657 5731 722 5809 ἐν
753 5755 867 5814 τοῖς
901 5748 1187 5818 στεφάνοις
1225 5741 1651 5812 κοινωνήσομεν.
1689 5735 1801 5805 Οὐχ
1831 5731 2119 5802 εἱλκύσθης

544 5851 625 5914 εἰς
654 5848 715 5903 16
745 5844 954 5901 στάδιον
983 5858 998 5910 ;
1046 5841 1107 5895 οὐ
1160 5836 1407 5908 καθῆκας
1450 5834 1530 5899 εἰς
1561 5830 1651 5886 τὸν
1705 5827 1927 5899 ἀγῶνα;
1960 5823 2118 5888 ἄλλος

1145 366 1203 423 S.
1239 361 1526 421 JOANNIS
1562 354 2051 413 CHRYSOSTOMI
2094 347 2420 404 ARCHIEP.
2464 336 3021 400 CONSTANTINOP.

3608 325 3715 383 378

2123 466 2446 525 ἀπεδύσατο,
2474 460 2630 523 ἄλλος
2660 456 2903 513 παλαίει.
2946 450 3086 506 Ἀλλ’
3108 450 3201 503 ἐὰν
3232 445 3416 519 θέλῃς,
3452 444 3714 516 κοινωνή-

2126 575 2238 620 σεις
2269 558 2363 610 καὶ
2392 557 2477 609 σύ·
2509 554 2729 623 ἄλειψον
2752 552 2980 610 ἐκεῖνον,
3026 543 3186 614 γενοῦ
3217 539 3386 595 αὐτοῦ
3435 535 3588 610 [409]
3621 554 3715 605 φι-

2125 644 2295 715 λητὴς
2352 644 2449 695 καὶ
2498 622 2845 707 σπουδαστὴς
2870 677 2885 700 ,
2963 630 3178 715 ἔξωθεν-
3228 623 3429 715 ἐπιϐόα
3482 622 3715 693 μεγάλα,

2127 703 2363 797 διέγειρε
2414 724 2514 796 τὴν
2553 703 2811 785 δύναμιν,
2852 713 3076 771 ἀνακτῶ
3127 710 3228 782 τὴν
3275 708 3477 778 ψυχήν.
3530 703 3718 758 Ταῦτα

2127 786 2234 866 ἐπὶ.
2249 786 2360 863 τῶν
2387 786 2563 864 ἄλλων
2591 806 2848 860 ἁπάντων
2903 797 3151 869 γίνεσθαι
3200 790 3514 847 ἀκόλουθον.
3572 786 3722 840 Παῦε

2129 898 2222 961 λος
2253 896 2360 967 γάρ
2408 895 2509 949 οὐκ
2539 893 2734 955 ἐδεῖτο,
2792 885 2911 941 ἀλλ’
2968 883 3213 967 ἐκείνους
3240 875 3506 967 ἐπαίρων
3565 872 3719 967 ἔλεγε

2132 980 2325 1036 ταῦτα.
2348 978 2419 1031 Σὺ
2443 976 2623 1031 τοίνυν
2649 974 2743 1026 ἐπὶ
2774 969 2883 1023 τῶν
2912 967 3090 1023 ἄλλων
3143 961 3400 1017 ἁπάντων
3424 958 3551 1021 τοὺς
3595 954 3721 1026 βου-

2135 1063 2400 1135 λομένους
2447 1056 2696 1123 κακίζειν
2743 1050 3086 1123 ἐπιστόμιζε,
3148 1040 3527 1104 κατασκεύαζε
3573 1036 3725 1108 αὐτῷ

2137 1123 2395 1220 ἐραστὰς,
2424 1142 2683 1206 ὑπόδεξαι
2736 1138 2947 1204 ἐξιόντα
3004 1132 3145 1205 μετά
3198 1128 3403 1197 πολλῆς
3434 1126 3535 1195 τῆς
3560 1123 3723 1194 θερα-

2139 1237 2320 1299 πείας·
2353 1233 2499 1287 οὑτω
2531 1227 2888 1305 κοινωνήσεις
2946 1222 3056 1274 τῶν
3092 1218 3395 1288 στεφάνων,
3452 1213 3595 1267 οῦτω
3626 1211 3725 1280 τῆς

2137 1297 2314 1390 δόξης·
2347 1316 2448 1371 κᾶν
2484 1300 2649 1385 μηδὲν
2679 1297 2865 1380 ἕτερον
2900 1306 3152 1390 ποιήσῃς,
3208 1302 3380 1370 ἡσθῇς
3404 1298 3461 1351 δὲ
3491 1298 3583 1350 ἐπὶ
3613 1297 3726 1359 τοῖς

2140 1380 2497 1473 γενομένοις(
2526 1380 2619 1451 καί
2645 1393 2817 1455 οὑτως
2861 1387 3227 1457 ἐκοινώνησας
3277 1384 3375 1453 οὐχ
3407 1381 3480 1445 ὡς
3515 1380 3723 1450 ἔτυχεν·

2142 1462 2471 1559 είσήνεγκας
2489 1482 2599 1553 γὰρ
2625 1481 2872 1549 ἀγάπην,
2900 1476 2963 1529 τὸ
3012 1467 3556 1559 πάντωνῌκεφάλμιον
3620 1462 3728 1516 τῶν

2143 1546 2389 1641 ἀγαθῶν.
2438 1546 2645 1637 Εἰγάρ
2673 1546 2724 1616 οἱ
2771 1546 3053 1621 κλαίοντες
3081 1552 3317 1641 ,δοκοῦσι
3367 1549 3459 1604 τοῦ
3498 1546 3731 1609 πένθους
3804 1606 3807 1609 η

2145 1655 2447 1717 κοινωνεῖν,
2508 1649 2606 1705 καί
2662 1645 2876 1720 μεγάλα
2939 1639 3257 1714 χαρίζονται
3288 1636 3398 1697 τοῖς
3449 1630 3728 1693 πενθοῦσι,

2146 1740 2241 1794 καί
2273 1738 2335 1792 16
2365 1714 2501 1790 πολὺ
2538 1732 2642 1802 τῆς
2663 1714 2675 1720 ⁷
2696 1714 2891 1799 ὀδύνης
2941 1722 3261 1795 ἀφαιροῦσι,
3314 1716 3493 1786 πολλῷ
3534 1714 3733 1786 μᾶλλον

2147 1825 2244 1880 καί
2272 1825 2322 1878 οί
2358 1799 2644 1892 χαίροντες
2690 1812 2915 1885 μείζονα
2941 1805 3160 1892 ποιοῦσι
3200 1803 3298 1877 τὴν
3326 1802 3541 1874 ήδονήν.
3571 1799 3735 1851 Ὅσον

2147 1914 2261 1981 γὰρ
2292 1883 2470 1962 κακὸν
2496 1903 2558 1956 τὸ
2584 1902 2659 1973 μὴ
2674 1883 2819 1971 ἐχειν
2847 1897 2997 1959 τοὺς·
3025 1886 3516 1981 συλλυπουμένους.
3570 1883 3735 1936 ἄκουε

2148 1966 2243 2049 τοῦ
2266 1990 2552 2063 Προφήτου
2572 1966 2843 2053 λέγοντος·
2869 1978 2979 2063 Καί
3002 1974 3293 2045 ὑπέμεινα
3312 1966 3737 2035 συλλυπούμε-

2149 2093 2284 2139 νον,
2441 2052 2555 2140 οὐχ
2581 2052 2839 2136 ὑπῆρξε.
2892 2061 2994 2117 Διὰ
3019 2059 3178 2115 τοῦτο
3206 2056 3300 2110 καὶ
3328 2052 3544 2115 Παῦλός
3575 2065 3731 2120 φησι·

2151 2133 2391 2227 Χαίρειν
2410 2133 2560 2225 μετά
2572 2133 2920 2222 χαιρδντων,
2943 2144 3042 2199 καὶ
3074 2141 3307 2197 κλαίειν
3323 2138 3474 2209 μετὰ
3501 2133 3740 2189 κλαιόν-

2152 2216 2292 2298 τωιέ.
2315 2216 2683 2311 Λῦξησον
2712 2233 2927 2306 ἡδονήν·
2973 2229 3039 2283 ἂν
3064 2227 3181 2298 ἴδῃς
3198 2224 3291 2277 τὸν
3328 2220 3569 2289 ἀδελφὺν
3594 2216 3741 2271 εὐδο-

2154 2302 2538 2398 κιμοῦντάξμὴ
2564 2302 2745 2394 εἴπῃς,
2776 2302 3068 2385 Ἐκείνουή
3089 2310 3457 2398 εὐδοκίμησις,
3472 2304 3582 2373 ἐγὼ
3600 2302 3743 2398 τίνρς

2154 2384 2341 2464 ἐνέκεν
2374 2384 2548 2479 χαίρω
2576 2425 2591 2473 ;
2627 2384 2738 2458 οὐκ
2758 2399 2989 2470 ἀδελφοῦ
3041 2384 3216 2451 ταῦτα
3243 2394 3311 2447 τά
3335 2392 3577 2463 ῥήματα,
3606 2384 3745 2441 ἀλλά

2157 2468 2441 2564 πολεμίοᾷ
2473 2468 2587 2544 ζἈν
2615 2487 2800 2559 θέλῃς,
2830 2468 2933 2538 οὐκ
2984 2481 3196 2535 ἐκείνου
3233 2476 3402 2564 ἐστίν,
3456 2472 3592 2564 ἀλλά
3626 2468 3741 2564 σοῦ·

2161 2579 2226 2631 σὺ
2249 2549 2439 2646 κύριος
2470 2572 2693 2643 ποιῆσαι
2718 2549 2900 2639 ἀὐτὴν
2937 2561 3262 2636 μείζονα,ἂν
3288 2557 3365 2630 μὴ
3386 2552 3634 2623 κατηφὴς
3656 2549 3743 2646 ᾖξε

2161 2660 2277 2716 ἀλλ’
2309 2634 2503 2730 ήσθῇς,
2534 2634 2602 2710 ἂν
2632 2634 2868 2725 φαιδρὸς⁷
2897 2634 3053 2720 γένῃ,
3083 2646 3149 2700 ἂν
3186 2641 3591 2730 γεγανωμένος.
3640 2634 3747 2727 lia".

2161 2747 2243 2799 ὃτι
2263 2718 2573 2811 οὕτως’έχει
2598 2718 2659 2792 16
2688 2718 2943 2807 πρᾶγμα,
2972 2718 3180 2785 ἐκεῖθεν
3209 2727 3384 2798 δῆλον·
3412 2725 3473 2777 Οἱ
3495 2718 3749 2811 φθονοῦν-

2161 2846 2254 2892 τες
2289 2828 2388 2880 οὑκ
2417 2802 2649 2885 ἐκείνοις
2681 2802 2936 2889 φθονοῦσι
2974 2814 3158 2885 μόνοις
3207 2813 3321 2874 τοῖς
3350 2802 3748 2875 εὐδοκιμοῦσιν,

2166 2913 2303 2968 ἀλλά
2325 2910 2420 2965 καί
2446 2911 2558 2972 τοῖς
2588 2908 2711 2969 ταῖς
2745 2902 2974 2957 ἐκείνων
3022 2896 3409 2967 εὐδοκιμήσεσι
3446 2890 3749 2962 χαίρουσιν·

2165 2997 2341 3060 οὕτως
2370 2996 2549 3048 ίσασιν
2583 2992 2668 3048 ὅτι
2694 2989 2792 3043 καί¹
2823 2978 2974 3039 οὗτοι
3013 2985 3072 3036 ἐν
3123 2984 3190 3053 τῇ
3221 2977 3574 3047 εὐδοκιμήσει
3620 2972 3750 3035 εἰσὶ,

2168 3049 2448 3137 καίῗοῦτοι
2509 3075 2747 3148 μάλιστά
2786 3073 2927 3125 εἰσιν
2968 3070 3017 3122 οἰ
3065 3049 3476 3137 σεμνυνόμενοι.
3519 3059 3755 3148 Ἐκεῖνος
3846 3049 3851 3053 ’

2173 3166 2273 3237 μὲν
2299 3163 2408 3234 γὰρ
2428 3137 2525 3216 καί
2548 3158 2778 3232 ἐρυθριᾷ
2808 3154 3011 3225 σφόδρα
3062 3145 3568 3220 ἐγκωμιαζόμενος·
3603 3137 3757 3201 οὗτος

2170 3225 2229 3313 δὲ
2285 3225 2425 3320 μετὰ
2471 3225 2818 3315 πολλῆς-τῆς
2861 3239 3055 3312 ήδονῆς
3107 3230 3592 3304 ἐγκαλλωπίζεται.
3646 3225 3760 3295 Οὐχ

2172 3313 2335 3410 ὁρᾶτε
2364 3335 2457 3389 ἐπὶ
2488 3333 2600 3389 τῶν
2627 3313 2880 3401 ἀθλητῶν
2920 3325 3040 3389 πῶς
3067 3324 3095 3377 ὁ
3147 3323 3245 3393 μὲν
3297 3314 3679 3388 στεφανοῦται,
3729 3313 3761 3364 ὁ

2172 3404 2231 3481 δέ
2258 3426 2318 3479 οὐ
2347 3419 2748 3493 στεφανοῦταις
2796 3418 2833 3489 ἡ
2878 3414 2938 3468 δέ
2965 3412 3127 3481 ὀδύνη
3179 3411 3277 3464 καὶ
3308 3406 3455 3478 χαρά
3491 3404 3601 3456 τῶν
3630 3404 3761 3471 ἐρα-

2178 3516 2320 3571 στῶν
2370 3514 2487 3567 ἐστι
2540 3509 2636 3563 καὶ
2692 3506 2802 3561 τῶν
2858 3502 3178 3576 μισούντων·
3242 3499 3439 3550 ἐκεῖνοι
3496 3489 3761 3562 πηδῶσιν,

2178 3605 2380 3659 ἐκεῖνοι
2422 3598 2739 3670 σκιρτῶσιν.
2796 3594 2938 3663 Ὅρα
2984 3589 3151 3643 πόσον
3206 3586 3325 3639 ἐστὶ
3379 3582 3439 3635 16
3490 3580 3565 3651 μὴ
3635 3576 3764 3646 φθο-

2179 3696 2312 3749 νεῖν·
2364 3665 2552 3761 ἐτέρου
2601 3688 2631 3741 6
2672 3684 2853 3747 πόνος,
2886 3679 2983 3735 καὶ
3013 3677 3108 3733 σοῦ
3135 3678 3170 3748 ἡ
3216 3673 3401 3746 ἡδονή·
3463 3669 3649 3738 ἕτερος
3674 3665 3767 3717 τὸν

2184 3783 2448 3851 στέφανον
2478 3775 2808 3848 περίκειται,
2847 3770 2941 3824 καὶ
2981 3769 3046 3821 σὺ
3103 3764 3348 3835 σκιρτᾷς,
3386 3758 3451 3811 σὺ
3488 3753 3766 3824 ἐγκαλλω-

2184 3838 2338 3937 πίζη.
2376 3862 2513 3917 Εἰπέ
2541 3838 2651 3931 γάρ
2683 3874 2796 3929 μοι,
2828 3854 2988 3915 ἄλλος
3036 3848 3309 3917 νενίκηκε,
3364 3844 3429 3897 σὺ
3469 3841 3521 3894 τί
3556 3838 3767 3909 πηδᾷς;

2198 3927 2338 4009 Ἀλλ’
2374 3952 2520 4005 ἴσασι
2549 3927 2795 4001 κάκεῖνοι
2821 3940 3021 4003 καλῶς,
3054 3940 3136 3991 ὅτι
3163 3934 3342 3989 κοινὸν
3369 3931 3430 3984 16
3454 3927 3769 3998 γενόμενον.

2188 4044 2288 4097 Διά
2307 4038 2465 4095 τοῦτο
2489 4035 2663 4106 τούτῳ
2692 4032 2792 4103 μὲν
2827 4030 2928 4084 οὐκ
2957 4023 3280 4096 ἐγκαλοῦσιν
3325 4021 3374 4072 οἰ
3427 4014 3770 4087 φθονοῦντες,

2191 4126 2489 4202 πειρῶνται
2542 4122 2600 4178 δέ
2634 4100 2999 4175 καταϐάλλειν
3021 4113 3119 4184 τὴν
3169 4110 3345 4176 νίκην·
3397 4105 3493 4160 καὶ
3553 4100 3774 4162 ἀκούεις

2194 4190 2413 4291 ῥήματα
2442 4210 2668 4266 τοιαῦτα
2694 4206 2961 4275 λεγόντων
2989 4199 3168 4255 αὐτῶν
3189 4214 3203 4227 ·
3224 4192 3515 4265 Ἐξήλειψά
3544 4207 3623 4253 σε,
3654 4190 3770 4250 καὶ,

2196 4277 2511 4361 ἰίατέϐαλόν
2539 4318 2616 4355 σε·
2644 4297 2824 4352 καίτοι
2875 4310 2941 4363 γε
2989 4291 3179 4360 ἐτέρου
3223 4288 3282 4339 16
3308 4284 3490 4356 ἔργον,
3527 4278 3665 4334 ἀλλὰ
3712 4277 3778 4330 16

2195 4393 2469 4464 ἐγκώμιον
2519 4389 2631 4443 σόν.
2660 4387 2723 4441 Εἰ
2756 4384 2815 4437 δέ
2844 4384 2904 4436 ἐν
2928 4383 3043 4443 τοῖς
3066 4376 3265 4442 έξωθεν
3294 4370 3548 4425 τοσοῦτον
3574 4365 3779 4436 ἀγαθὸν

2196 4458 2258 4540 16
2293 4458 2367 4555 μή
2392 4481 2630 4551 φθονεῖν,
2688 4476 2806 4531 ἀλλ’
2842 4468 3175 4527 οἰκειοῦσθαι
3217 4465 3286 4518 τὰ
3337 4462 3528 4533 ἐτέρου
3574 4458 3777 4528 ἀγαθὰ,

2200 4544 2380 4643 πολλῷ
2406 4544 2612 4642 ’μᾶλλον
2649 4565 2743 4619 ἐπὶ
2771 4566 2837 4634 τῇ
2862 4561 2988 4630 νίκῃ
3034 4557 3130 4611 τοῦ
3174 4551 3443 4608 διαϐόλου·
3498 4549 3617 4602 τότε
3670 4544 3783 4616 γὰρ

2204 4662 2325 4717 καθ’
2352 4634 2514 4731 ήμῶν
2535 4656 2695 4709 πλέον
2722 4654 2867 4714 πνεῖ,
2893 4646 3137 4717 δηλονότι
3177 4643 3253 4706 ὡς
3294 4639 3456 4693 πλέον
3484 4634 3779 4707 ἡδομένων.

2202 4720 2409 4806 Καίτοι¹
2426 4764 2489 4816 γε
2522 4742 2714 4814 μιαρὸς
2754 4739 2831 4791 ὣν
2856 4732 2996 4790 οἶδεν
3019 4730 3262 4804 ἀκριϐῶς
3285 4730 3369 4816 δτι
3403 4725 3611 4798 μεγάλη
3642 4720 3787 4791 αῦτη

2202 4839 2236 4907 ή
2263 4807 2451 4905 ήδονήί
2476 4807 2665 4889 Θέλείς
2688 4822 2852 4877 αὐτὸν
2874 4821 3152 4889 λυπῆσαι;
3202 4814 3402 4887 ήσθητι
3430 4810 3525 4865 καί
3562 4807 3784 4880 χάρηθι.

2206 4894 2586 4984 όέλειςΙαὺτὺν
2612 4913 2910 4983 εὐφρᾶναις
2968 4903 3291 4975 σκυθρωπὸς
3345 4897 3525 4970 γενοῦ·
3574 4897 3673 4965 τὴν
3721 4894 3792 4946 ἐκ

2207 5014 2307 5082 τῆς
2334 4983 2491 5077 νίκης
2548 5001 2643 5057 τοῦ
2678 4997 2908 5068 ἀδελφοῦ
2937 4992 3237 5065 γενομένην
3274 4987 3425 5058 αὐτῷ
3454 4986 3632 5055 λύπην
3669 4983 3795 5034 ἐπι-

2210 5072 2488 5169 κουφίζεις
2510 5094 2597 5147 διὰ
2628 5093 2728 5162 τῆς
2751 5089 2851 5159 σῆς
2872 5082 3130 5155 ἀθυμίας·
3185 5081 3303 5151 μετ’
3330 5077 3539 5131 ἐκείνου
3574 5072 3798 5125 ῖστασαι

2212 5164 2562 5260 ἀποδχισθείς
2588 5181 2682 5235 τοῦ
2711 5174 2963 5246 ἀδελφοῦ·
2991 5171 3174 5244 μεῖζον
3197 5169 3230 5240 ἦ
3258 5170 3463 5229 ἐκεῖνος
3492 5164 3666 5225 ποιεῖς
3696 5178 3802 5213 κα-

2214 5282 2329 5334 κόν.
2469 5274 2578 5344 γάρ
2610 5272 2757 5323 ἐστιν
2807 5266 2921 5319 ίσον
2959 5259 3154 5333 ἐχθρὸν
3188 5258 3318 5311 ὄντα
3344 5255 3413 5307 1‘1
3438 5252 3546 5306 τῶν
3586 5247 3803 5320 ἐχθρῶν

2217 5370 2414 5433 ποιεῖν,
2446 5338 2724 5432 καί-[410]
2759 5355 2915 5424 φίλον
2957 5350 3087 5404 ὅντα
3114 5343 3378 5433 μετὰτῶν
3406 5340 3619 5433 ἐχθρῶν
3645 5338 3808 5390 ἵστα-

2351 5468 2364 5481 ·
2402 5421 2561 5510 οὗτος
2573 5421 2693 5497 ἶτῶν
2705 5421 2933 5511 ’ἐχθρῶν
2961 5432 3319 5505 μιαρώτερος.
3358 5429 3419 5481 Εἰ
3444 5421 3809 5511 εὐδοκίμησεν

2220 5502 2524 5601 ὀνάδελφδς,
2625 5502 2876 5593 λέγωνίῆ
2900 5502 3339 5586 ἐπιδεικνύμενος
3359 5524 3405 5578 ι,
3439 5509 3473 5581 ἢ
3498 5502 3809 5577 κατορθῶν,

2293 5825 2319 5853 ⁸
2344 5819 2494 5880 Marg.
2516 5814 2667 5865 Savil.
2692 5805 3034 5865 ἐπαινούμενος.
