4120 6400
386 363 493 420 377

388 481 555 534 festus
583 488 743 546 quam
778 473 949 543 juvat.
978 470 1341 541 Quamobrem
1380 477 1597 540 oportet
1623 468 1821 538 ubique
1850 481 1972 522 esse

388 570 628 625 modum.
660 567 772 625 Nec
794 568 873 623 sis
899 565 1069 622 tristis
1097 573 1153 621 et
1181 572 1337 620 torvo
1363 561 1547 627 vultu;
1590 570 1674 616 est
1716 560 1859 615 enim
1891 560 1973 612 in-

384 663 716 734 jucundum:
743 674 921 729 neque
964 656 1194 714 diffusus
1243 669 1308 711 ac
1349 653 1678 719 dissolutus;
1717 660 1801 707 est
1829 652 1972 704 cnim

384 755 666 827 despectui
696 754 1024 818 obnoxium;
1067 750 1161 807 sed
1203 750 1482 818 utriusque
1505 756 1724 817 accepta
1755 747 1971 809 virtute,

386 849 512 920 fuge
535 849 741 912 vitium,
773 846 914 902 sicut
941 845 1056 915 apis
1098 842 1256 913 hujus
1282 841 1501 912 quidem
1530 838 1769 893 laetitiam
1790 845 1843 891 et
1863 837 1977 889 ala-

384 945 653 1007 crilatem,
680 941 823 997 illius
846 954 976 994 vero
1004 951 1234 1008 carpens
1257 935 1601 1006 gravitatem.
1630 930 1765 986 Nam
1791 930 1836 984 si
1862 944 1976 985 me-

384 1038 539 1092 dicus
570 1051 678 1091 non
702 1033 952 1088 similiter
981 1030 1231 1086 omnibus
1258 1028 1427 1084 utitur
1442 1023 1780 1097 corporibus,
1803 1021 1975 1076 multo

385 1128 555 1198 magis
587 1125 880 1198 magister:
913 1137 1235 1195 quamquam
1267 1135 1375 1175 non
1401 1117 1779 1175 convenientia
1807 1112 1975 1169 medi-

383 1229 631 1275 camenta
660 1217 833 1288 magis
863 1216 1355 1283 tulerintcorpora,
1384 1226 1543 1283 quam
1572 1209 1749 1264 anima
1777 1220 1975 1263 sermo-

386 1329 532 1368 nem.
563 1311 718 1368 Verbi
736 1309 928 1381 gratia,
947 1308 1155 1363 accedit
1184 1306 1427 1371 Graecus,
1454 1312 1510 1360 et
1535 1302 1630 1358 tibi
1658 1301 1716 1356 fit
1735 1297 1973 1355 amicus?

384 1405 453 1459 de
493 1404 582 1459 illa
628 1418 689 1459 re
732 1418 854 1458 cum
886 1402 1002 1471 ipso
1044 1397 1181 1454 nihil
1234 1397 1578 1460 tlisserueris,
1632 1392 1806 1448 donec
1850 1404 1972 1444 cum

382 1514 449 1553 eo
481 1507 653 1553 tecum
688 1510 880 1565 magna
910 1492 1067 1549 fuerit
1090 1490 1355 1556 amicitia;
1383 1497 1440 1543 et
1466 1502 1589 1543 eum
1626 1485 1808 1550 fuerit,
1846 1497 1972 1554 pau-

384 1593 554 1647 latim.

456 1686 511 1740 3.
553 1682 691 1739 Vide
716 1680 934 1753 quando
980 1678 1178 1735 Paulus
1225 1675 1367 1731 venit
1412 1672 1674 1737 Athenas,
1704 1667 1975 1740 quomodo

386 1792 509 1831 cum
532 1775 612 1832 eis
634 1773 957 1829 disserebat.
986 1770 1102 1825 Non
1129 1769 1361 1831 dicebat,
1390 1764 1437 1821 0
1466 1763 1712 1820 scelerati
1743 1773 1797 1817 et
1820 1761 1976 1830 plane

384 1867 728 1924 cxseerandi!
760 1866 855 1921 sed
884 1864 1043 1935 quid?
1075 1861 1182 1917 Viri
1204 1860 1554 1923 Athenienses,
1577 1874 1663 1913 vos
1691 1874 1780 1925 per
1807 1857 1978 1909 omnia

383 1961 528 2014 video
554 1976 660 2014 esse
686 1970 943 2030 tamquam
964 1956 1411 2027 superstitiosiores
1437 1954 1574 2024 (Act.
1605 1953 1689 2006 l7.
1709 1948 1824 2020 22).
1843 1949 1978 2004 Rur-

387 2067 480 2107 sus
509 2050 723 2122 quando
771 2049 985 2121 probris
1011 2046 1291 2116 Oportebat
1332 2044 1567 2109 afficere,
1614 2057 1720 2097 non
1758 2056 1976 2096 recusa-

384 2147 481 2209 vit,
532 2143 626 2199 sed
679 2157 800 2199 cum
850 2155 1040 2210 magna
1082 2138 1417 2196 vehementia
1467 2136 1679 2193 dicebat
1725 2136 1973 2206 Elymae:

385 2237 547 2294 Plene
576 2237 715 2291 omni
756 2234 875 2289 dolo
904 2246 951 2289 et
979 2233 1116 2287 omni
1157 2232 1399 2303 fallacia”
1422 2232 1499 2300 ﬁli
1541 2230 1749 2297 diaboli,
1779 2229 1981 2283 inimice

384 2332 548 2385 omnis
575 2329 790 2401 justitiaz
822 2326 982 2398 (Ibid.
1019 2327 1105 2381 15.
1146 2324 1259 2394 10).
1292 2324 1424 2378 Nam
1454 2323 1593 2378 sicut
1630 2321 1749 2376 illos
1778 2319 1979 2390 probro

385 2424 635 2476 affecisse
681 2420 997 2489 insipientia:
1034 2418 1256 2483 fuisset,
1306 2418 1376 2470 ita
1418 2415 1561 2469 hunc
1598 2430 1705 2469 non
1734 2413 1979 2468 affecisse

385 2516 573 2571 fuisset
600 2514 777 2585 pusilli
806 2526 858 2567 et
887 2512 1079 2581 abjecti
1114 2512 1297 2565 animi.
1329 2509 1567 2573 Rursus,
1599 2508 1663 2562 ad
1692 2507 1976 2579 magistra-

386 2619 499 2662 tum
542 2623 601 2662 es
644 2606 907 2660 adductus
955 2613 1173 2674 propter
1216 2601 1542 2672 negotium?
1599 2598 1798 2656 exhibe
1844 2615 1980 2669 quos

387 2716 486 2769 par
514 2708 595 2754 est
640 2698 893 2752 honores.
940 2696 1147 2763 Omnia,
1196 2696 1385 2765 inquit,
1423 2710 1539 2759 qua:
1578 2694 1660 2747 hic
1700 2702 1837 2761 sunt,
1889 2709 1977 2746 vo-

385 2792 461 2846 bis
506 2802 626 2846 nota
670 2791 876 2860 facient.
927 2787 1035 2842 Cur
1082 2803 1210 2853 non,
1263 2787 1465 2857 inquit,
1521 2785 1677 2840 simul
1716 2785 1985 2840 venerim?

386 2884 525 2952 Quid
566 2892 652 2939 est
686 2893 886 2945 autem,
933 2880 1117 2934 Omnia
1143 2878 1280 2935 vobis
1308 2889 1426 2933 nota
1468 2878 1694 2947 facient?
1736 2877 1847 2932 Hoc
1873 2887 1976 2942 est,

388 2977 624 3043 vincula,
668 2985 725 3031 et
772 2976 875 3029 alia
921 2974 1101 3029 omnia
1149 2988 1269 3042 quae
1298 2987 1383 3026 me
1425 2970 1677 3025 retinent.
1704 2968 1821 3024 Non
1850 2984 1981 3038 ergo

386 3072 477 3142 qui
515 3085 611 3125 vos
650 3081 781 3140 opto
809 3067 1012 3131 videre,
1041 3074 1097 3121 et
1137 3067 1291 3121 mitto
1332 3063 1486 3132 alios,
1519 3064 1633 3133 ipse
1660 3062 1977 3127 tardasseni,

387 3166 433 3218 si
466 3180 571 3217 non
604 3178 691 3216 me
720 3175 908 3230 magna
940 3160 1197 3214 retineret
1225 3156 1535 3213 necessitas.
1560 3155 1718 3225 Atqui
1741 3171 1847 3210 non
1864 3165 1981 3209 erat

389 3256 493 3312 hoc
528 3255 971 3310 insimulantium.
1000 3253 1112 3307 lino
1161 3267 1287 3307 vero
1337 3250 1491 3305 valde
1533 3251 1976 3307 insimulantium.

390 3349 608 3403 Discere
636 3347 782 3401 enim
809 3344 953 3415 quod
979 3356 1034 3398 et
1062 3343 1312 3399 inciderit
1341 3344 1393 3397 in
1424 3343 1770 3408 tentationes,
1808 3352 1864 3398 et
1886 3357 1981 3398 eas

391 3439 598 3494 fortiter
626 3446 681 3493 et
704 3451 967 3507 generose
997 3436 1196 3499 tulerit,
1225 3436 1339 3505 ejus
1362 3442 1483 3489 erat
1500 3435 1589 3505 qui
1613 3436 1690 3489 rei
1720 3434 1876 3489 fidem
1900 3435 1979 3487 f'a-

389 3531 582 3597 ciebat,
614 3540 667 3584 et
687 3529 926 3599 erigebat
949 3543 1135 3583 eorum
1162 3527 1390 3582 animos.

463 3623 624 3678 Pauli
663 3623 930 3678 modestia.
959 3651 1031 3662 —
1051 3621 1104 3677 9.
1134 3620 1260 3677 Cum
1301 3620 1561 3685 Onesimo,
1594 3620 1784 3690 inquit,
1816 3621 1979 3673 caris-

390 3721 517 3773 sima
551 3727 599 3773 et
624 3718 764 3786 ﬁdeli
790 3717 971 3787 fratre.
1001 3715 1225 3771 Servum
1274 3714 1468 3769 Paulus
1493 3714 1619 3769 dicit
1648 3713 1901 3769 fratrem:
1927 3726 1983 3769 et

392 3812 605 3877 merito,
628 3826 749 3865 cum
779 3819 832 3865 et
862 3810 976 3879 ipse
1002 3825 1060 3863 se
1079 3823 1292 3864 servum
1321 3808 1557 3862 nominet
1586 3806 1841 3861 fidelium.
1878 3807 1978 3861 De-

392 3909 685 3973 primamus
711 3918 898 3957 omnes
928 3900 1145 3968 fastum,
1169 3901 1546 3955 conculcemus
1568 3900 1927 3970 arrogantiam
1962 3916 1978 3954 :

390 4011 604 4049 servum
634 4010 694 4050 se
725 3995 965 4049 nominat
990 3994 1205 4058 Paulus,
1240 3993 1330 4063 qui
1376 4002 1459 4048 est
1504 3995 1673 4048 instar
1700 3993 1846 4047 orbis
1871 4002 1980 4047 ter-

392 4104 569 4141 rarum
599 4096 655 4142 et
680 4065 930 4141 caelorum
950 4086 1439 4152 innumerabilium,
1466 4094 1519 4140 et
1544 4096 1596 4139 tu
1625 4085 1790 4140 altum
1814 4086 1981 4156 sapis?

392 4180 493 4248 Qui
531 4180 712 4234 omnia
741 4189 799 4234 ut
826 4180 1060 4246 volebat,
1090 4178 1283 4249 agebat
1310 4186 1365 4232 et
1395 4178 1629 4243 ferebat;
1659 4179 1753 4248 qui
1796 4179 1848 4234 in
1892 4194 1981 4234 τοι

390 4288 495 4340 gno
519 4272 773 4327 caelorum
802 4271 1003 4341 primas
1034 4271 1268 4338 tenebat,
1300 4270 1393 4340 qui
1421 4269 1519 4324 fuit
1546 4280 1857 4336 coronatus,
1889 4270 1981 4341 qui

392 4370 447 4420 in
490 4366 703 4421 tertium
746 4365 988 4419 ascendit
1024 4365 1251 4429 cadum,
1287 4379 1478 4420 servos
1506 4362 1702 4420 fratres
1732 4374 1889 4420 vocat
1927 4374 1983 4420 et

390 4474 703 4514 conservos.
749 4458 852 4514 Ubi
892 4467 977 4513 est
1016 4458 1260 4513 insania?
1312 4458 1403 4512 ubi
1444 4458 1788 4529 arrogantia?
1829 4459 1982 4513 Adeo

394 4552 498 4607 fide
527 4552 721 4622 dignus
751 4550 847 4605 fuit
887 4550 1208 4616 Onesimus,
1254 4560 1314 4604 ut
1360 4550 1474 4606 lucc
1515 4552 1564 4605 ei
1605 4554 1974 4607 crederentur.

392 4648 481 4702 10.
513 4646 579 4700 Et
609 4646 840 4711 Marcus,
885 4647 1078 4715 inquit,
1108 4644 1437 4700 consobrinus
1476 4644 1746 4700 Barnabaz.
1775 4644 1855 4699 De
1880 4663 1979 4717 quo

389 4741 656 4810 accepistis
676 4740 917 4793 mandata
939 4739 1216 4808 :suscipite
1234 4739 1401 4792 illum.
1432 4738 1684 4793 Fortasse
1716 4754 1745 4792 a
1776 4738 1977 4792 Barna-

389 4831 456 4886 ba
502 4830 751 4885 mandata
792 4837 1133 4899 acceperant.
1170 4829 1270 4897 Qui
1310 4838 1429 4883 sunt
1466 4845 1529 4883 ex
1574 4830 1976 4883 circumcisione.

388 4922 520 4977 Com
529 4922 706 4991 primit
733 4930 995 4976 tumorem
1015 4921 1345 4986 Judaeorum,
1370 4920 1527 4991 erigit
1547 4936 1731 4975 eorum
1749 4922 1976 4987 animos,

390 5015 530 5083 quod
557 5015 709 5084 pauci
731 5024 911 5069 essent
941 5030 1007 5068 ex
1030 5012 1457 5093 circumcisione,
1498 5012 1677 5081 plures
1712 5022 1887 5067 autem
1914 5030 1978 5068 ex

389 5108 657 5177 gentibus.
686 5109 774 5163 11.
808 5108 909 5176 Qui
930 5114 1156 5178 fuerunt,
1180 5108 1369 5177 inquit,
1396 5106 1523 5159 milii
1543 5106 1746 5160 solatio.
1782 5104 1977 5161 Osten-

389 5202 469 5255 dit
494 5216 554 5256 se
580 5215 701 5255 esse
730 5201 782 5254 in
826 5201 1035 5270 magnis
1078 5198 1483 5254 tentationibus.
1534 5198 1718 5265 Itaque
1761 5213 1867 5252 non
1896 5208 1980 5253 est

393 5293 495 5347 hoc
527 5307 770 5363 parvum,
799 5293 1011 5362 quando
1031 5302 1248 5347 sanctos
1268 5292 1609 5346 consolamur
1626 5301 1679 5346 et
1696 5293 1977 5361 praisenlia

388 5397 443 5439 et
473 5400 722 5439 sermone
748 5395 805 5439 et
829 5384 1163 5452 assiduitate,
1188 5384 1401 5455 quando
1429 5384 1590 5439 simul
1630 5399 1751 5439 cum
1788 5385 1867 5439 eis
1895 5383 1977 5437 af~

391 5479 624 5548 liigimur
646 5497 658 5534 :
684 5479 816 5533 Cum
850 5478 1041 5533 vinctis
1084 5478 1250 5543 enim,
1291 5478 1483 5548 inquit,
1518 5489 1786 5548 tamquam
1817 5478 1975 5532 simul

388 5570 549 5623 vincti
598 5568 781 5640 (Hebr.
833 5569 921 5624 i3.
964 5571 1056 5638 5):
1089 5569 1303 5632 quando
1347 5570 1557 5623 illorum
1602 5570 1977 5639 perpessiones

388 5671 599 5716 nostras
623 5676 743 5716 esse
770 5661 1036 5725 ducimus,
1060 5666 1111 5715 in
1133 5662 1347 5718 coronis
1366 5678 1578 5733 quoque
1602 5665 1731 5718 socii
1753 5665 1969 5718 erimus.

386 5751 504 5805 Non
544 5765 605 5806 es
633 5761 833 5807 tractus
860 5754 911 5807 in
940 5754 1207 5809 stadium?
1246 5770 1353 5809 non
1385 5754 1707 5810 descendisti
1751 5756 1818 5810 ad
1858 5772 1974 5811 cer-

389 5844 604 5899 tamen?
643 5844 779 5901 alius
819 5844 886 5901 ad
928 5845 1237 5903 luctandum
1268 5863 1327 5904 sc
1356 5847 1523 5918 exuit,
1554 5848 1687 5903 alius
1716 5849 1964 5905 luctatur.

1282 355 1347 413 IN
1384 354 1601 414 EPIST.
1644 356 1736 410 AD
1774 353 2051 411 COLOSS.
2093 354 2249 410 CAP.
2292 354 2381 411 ιν.
2423 356 2638 415 llOMlL
2681 357 2768 411 XI.

3561 372 3673 429 578

2078 465 2186 522 Sed
2216 466 2261 520 si
2288 468 2441 533 velis,
2485 478 2540 524 tu
2569 484 2782 540 quoque
2809 469 2918 524 eris
2940 471 3159 526 socius:
3190 490 3327 545 uuge
3372 479 3519 536 illum
3549 499 3668 541 cer-

2079 564 2335 625 taturum,
2367 560 2487 628 ejus
2523 560 2599 613 sis
2641 560 2846 616 amicus
2874 570 2930 617 et
2970 564 3262 633 studiosus,
3303 567 3433 625 foris
3473 586 3667 642 magna

2080 660 2211 701 voce
2240 648 2501 713 exclama,
2531 650 2703 706 excita
2746 651 2906 719 vires,
2938 668 3123 711 recrea
3161 657 3420 714 animum.
3453 661 3581 719 Haec
3610 668 3664 723 in

2078 738 2200 793 aliis
2226 740 2473 797 omnibus
2500 742 2614 798 fieri
2664 754 2748 801 est
2795 757 3237 806 consentaneum.
3282 753 3486 811 Paulus
3521 762 3668 817 enim

2080 844 2188 885 non
2235 846 2369 901 opus
2411 832 2662 900 habebat,
2707 837 2803 893 sed
2847 839 2969 894 illos
3005 843 3247 899 excitans
3294 845 3509 904 dicebat
3553 850 3672 909 hzec

2079 923 2280 979 omnia.
2311 923 2391 979 Tu
2438 940 2568 996 ergo
2597 932 2651 982 in
2679 930 2800 986 aliis
2842 933 3111 1001 omnibus,
3142 951 3327 992 eorum
3361 944 3448 1012 qui
3481 945 3669 1002 volunt

2079 1013 2407 1085 vituperare,
2452 1033 2549 1075 ora
2592 1020 2835 1090 obstruc,
2883 1039 3109 1095 procura
3159 1038 3217 1084 ut
3254 1030 3365 1087 sint
3409 1036 3508 1105 qui
3547 1054 3670 1093 eum

2079 1114 2279 1207 ament,
2334 1119 2619 1167 exeuntem
2649 1112 2891 1172 officiose
2916 1127 2972 1173 et
2998 1119 3285 1190 diligenter
3330 1127 3519 1197 excipe
3547 1146 3563 1184 :
3593 1133 3675 1187 sic

2082 1200 2192 1290 eris
2254 1200 2522 1271 particeps
2566 1218 2632 1259 ac
2677 1206 2859 1263 socius
2929 1218 3289 1283 coronarum,
3341 1218 3420 1272 sic
3461 1220 3674 1290 gloriae.

2080 1288 2302 1345 Etiamsi
2331 1290 2463 1348 nihil
2513 1293 2661 1352 aliud
2699 1299 2897 1367 egeris,
2940 1299 3148 1358 laetatus
3177 1317 3238 1359 es
3261 1316 3439 1363 autem
3470 1288 3558 1365 ‘ob
3603 1327 3668 1366 ea

2079 1395 2200 1450 quae
2236 1380 2375 1439 facta
2394 1395 2540 1453 sunt,
2569 1387 2649 1443 sic
2668 1404 2881 1461 quoque
2904 1407 3013 1449 non
3046 1410 3233 1464 parum
3260 1396 3403 1454 fuisti
3433 1402 3614 1457 socius
3654 1422 3669 1457 :

2078 1473 2306 1529 attulisti
2335 1478 2481 1532 enim
2519 1481 2821 1549 caritatem,
2867 1500 2988 1555 quae
3036 1498 3120 1544 est
3158 1505 3367 1546 summa
3407 1494 3671 1552 bonorum

2081 1568 2341 1621 omnium.
2370 1568 2503 1624 Nam
2533 1571 2577 1625 si
2606 1572 2695 1642 qui
2728 1572 2878 1642 flent,
2908 1576 3155 1634 videntur
3192 1597 3313 1637 esse
3352 1584 3527 1640 luctus
3549 1600 3674 1657 par-

2082 1659 2290 1729 ticipes,
2321 1671 2376 1716 et
2404 1662 2468 1717 iis
2493 1664 2585 1734 qui
2612 1664 2797 1735 lugent
2818 1670 3043 1725 multum
3072 1674 3458 1744 gratificantur,
3484 1692 3548 1733 ac
3577 1681 3674 1736 do-

2081 1752 2212 1807 loris
2239 1754 2463 1810 multum
2489 1759 2758 1825 adimunt;
2789 1762 2958 1819 multo
2991 1767 3161 1837 magis
3202 1771 3360 1825 etiam
3380 1774 3469 1842 qui
3486 1773 3675 1831 laetan-

2083 1856 2169 1901 tur
2200 1848 2457 1920 majorem
2485 1850 2719 1908 afferunt
2748 1856 3091 1926 voluptatem.
3130 1862 3399 1928 Quantum
3429 1869 3572 1923 enim
3604 1871 3675 1925 sit

2084 1942 2281 1997 malum
2308 1958 2413 1998 non
2433 1943 2631 2001 habere
2656 1948 2744 2016 qui
2770 1948 2926 2004 simul
2948 1949 3185 2019 doleant,
3209 1956 3331 2011 audi
3354 1959 3671 2029 prophetam

2080 2034 2370 2103 dicentem,
2403 2036 2469 2091 Et
2497 2041 2785 2109 exspectavi
2816 2042 2861 2097 si
2897 2044 3009 2114 quis
3049 2048 3452 2119 contristaretur,
3482 2063 3529 2107 et
3570 2071 3674 2111 non

2081 2127 2179 2195 fuit
2224 2126 2395 2198 (Psal.
2439 2131 2527 2186 68.
2570 2131 2683 2203 2f).
2726 2133 3017 2205 Propterea
3049 2138 3251 2196 Paulus
3277 2158 3491 2214 quoque
3520 2146 3669 2215 dicit,

2083 2217 2320 2276 Gaudere
2344 2238 2458 2277 cum
2487 2224 2843 2294 gaudentibus,
2876 2238 2924 2281 et
2945 2230 3069 2298 ﬂere
3092 2247 3207 2285 cum
3228 2234 3470 2302 ﬂentibus
3495 2237 3671 2305 (Rom.

2083 2312 2171 2366 12.
2217 2312 2331 2384 l5).
2380 2314 2529 2386 Auge
2570 2316 2809 2372 laetitiam
2852 2335 2866 2372 :
2911 2321 2955 2374 si
3011 2320 3159 2377 vides
3204 2323 3420 2380 fratrem
3470 2342 3590 2385 esse
3621 2333 3673 2386 in

2081 2404 2500 2476 existimatione,
2526 2425 2593 2464 ne
2622 2411 2844 2480 dixeris,
2878 2413 2977 2470 Est
2998 2415 3141 2472 illius
3166 2417 3305 2473 bona
3327 2421 3672 2491 existimatio,

2082 2513 2179 2553 cur
2206 2515 2306 2571 ego
2340 2502 2635 2571 gaudeam?
2662 2505 2778 2561 haec
2806 2521 2911 2561 non
2941 2519 3069 2564 sunt
3119 2512 3283 2568 verba
3332 2513 3531 2581 fratris,
3578 2519 3673 2571 sed

2083 2592 2274 2650 hostis.
2315 2595 2372 2650 Si
2413 2597 2567 2665 velis,
2597 2614 2703 2654 non
2747 2610 2873 2655 sunt
2913 2602 3076 2671 illius,
3105 2606 3198 2661 sed
3230 2617 3354 2664 tua:
3387 2621 3470 2665 est
3499 2611 3551 2665 iu
3586 2622 3673 2667 tua

2084 2697 2349 2756 potestate
2377 2704 2497 2745 eam
2544 2693 2719 2748 facere
2768 2695 3046 2765 majorem,
3088 2700 3134 2753 si
3180 2716 3286 2755 non
3318 2702 3395 2757 sis
3423 2715 3671 2771 maestus,

2082 2781 2178 2836 sed
2223 2781 2444 2851 laeteris,
2486 2786 2532 2840 si
2562 2786 2724 2841 fueris
2753 2788 2967 2855 alacris,
3000 2791 3345 2863 exsultesque
3374 2805 3427 2851 et
3452 2799 3669 2867 gestias.

2082 2873 2237 2940 Quod
2268 2874 2371 2931 hoc
2390 2887 2569 2932 autem
2602 2879 2671 2932 ita
2701 2895 2761 2934 se
2791 2880 3002 2948 habeat,
3030 2884 3176 2940 illine
3203 2896 3288 2941 est
3308 2893 3670 2957 perspicuum;

2082 2967 2173 3035 qui
2198 2968 2437 3023 invident
2458 2984 2564 3023 non
2599 2970 2703 3026 illis
2727 2974 2858 3027 solis
2886 2976 3143 3039 invident,
3173 2979 3263 3046 qui
3289 2979 3344 3033 in
3383 2980 3521 3035 bona
3548 2992 3675 3037 sunt

2083 3058 2502 3127 existimatione,
2534 3061 2630 3117 sed
2660 3062 2724 3118 iis
2752 3067 2913 3119 etiam
2940 3067 3030 3136 qui
3071 3067 3212 3123 bona
3242 3070 3451 3127 illorum
3483 3073 3673 3128 existi-

2084 3151 2320 3207 matione
2348 3152 2628 3208 laetantur:
2659 3155 2731 3209 ita
2760 3158 2935 3212 sciunt
2960 3158 3103 3229 quod
3138 3160 3193 3215 hi
3232 3176 3449 3234 quoque
3486 3164 3595 3220 sint
3620 3166 3674 3221 in

2085 3247 2223 3301 bona
2248 3248 2678 3315 existimatione;
2711 3251 2819 3307 etii
2842 3255 3079 3323 suntqui
3105 3255 3335 3312 maxime
3354 3256 3675 3328 gloriantur.

2084 3337 2215 3392 Nam
2245 3339 2336 3394 ille
2362 3340 2577 3409 quidem
2604 3342 2763 3396 etiam
2790 3344 3060 3399 erubescit
3082 3360 3203 3399 cum
3225 3347 3381 3403 valde
3401 3348 3672 3406 laudatur:

2086 3430 2187 3484 iste
2212 3431 2371 3485 etiam
2393 3448 2515 3488 cum
2538 3433 2705 3488 multa
2733 3435 3007 3504 voluptate
3033 3436 3310 3506 gloriatur.
3335 3441 3451 3497 Non
3481 3443 3674 3499 videtis

2085 3523 2354 3591 quomodo
2381 3522 2703 3579 athletarum
2750 3527 2885 3582 alter
2932 3529 3149 3597 quidem
3176 3546 3487 3604 coronatur,
3536 3537 3674 3592 alter

2084 3627 2214 3667 vero
2242 3628 2347 3669 non
2371 3618 2699 3672 coronatur?
2725 3616 2879 3673 dolor
2900 3629 3081 3676 autem
3102 3633 3155 3677 et
3174 3621 3357 3679 laetitia
3382 3636 3469 3683 est
3485 3642 3675 3684 eorum

2086 3706 2178 3775 qui
2206 3716 2391 3761 amant
2424 3717 2478 3763 et
2502 3724 2686 3763 eorum
2719 3711 2810 3780 qui
2835 3712 3100 3769 oderunt:
3127 3714 3204 3769 illi
3232 3717 3450 3785 saltant,
3474 3720 3548 3772 illi
3574 3720 3675 3772 tri-

2085 3797 2329 3867 pudiant.
2367 3799 2494 3854 Vide
2518 3809 2716 3869 quanta
2744 3816 2834 3858 res
2869 3803 2940 3857 sit
2978 3819 3084 3859 non
3130 3806 3374 3865 invidere
3406 3830 3421 3867 :
3452 3810 3675 3866 alterius

2085 3899 2170 3944 est
2199 3889 2375 3955 labor,
2408 3902 2463 3946 et
2504 3902 2593 3946 tua
2621 3902 2705 3949 est
2728 3894 2982 3964 voluptas
3015 3912 3030 3950 :
3069 3897 3223 3953 alteri
3251 3899 3544 3971 imponitur
3579 3919 3676 3959 co—

2085 3996 2241 4049 rona,
2263 3993 2318 4039 et
2348 3993 2403 4038 tu
2430 3985 2614 4053 saltas,
2642 3995 2695 4041 tu
2724 3987 2990 4057 gloriaris.
3021 3988 3271 4054 Nam,dic
3292 3993 3444 4061 mihi,
3467 4012 3675 4065 quaeso.

2086 4076 2224 4131 alius
2268 4076 2413 4143 vicit,
2469 4086 2525 4132 tu
2569 4079 2699 4149 quid
2741 4080 2942 4136 saltas?
2984 4080 3091 4137 Sed
3142 4083 3220 4138 illi
3268 4100 3483 4156 quoque
3530 4101 3678 4145 recte

2086 4169 2264 4223 sciunt
2290 4171 2431 4238 quod
2455 4183 2743 4226 commune
2770 4173 2838 4226 sit
2867 4174 3009 4242 quod
3032 4173 3229 4230 factum
3257 4186 3359 4232 est.
3384 4178 3676 4249 Propterea

2086 4259 2229 4316 hunc
2275 4260 2491 4331 quidem
2541 4278 2648 4318 non
2692 4266 2996 4335 vituperant
3035 4268 3127 4338 qui
3157 4269 3425 4338 invident;
3469 4282 3679 4330 tentant

2085 4365 2266 4410 autem
2296 4354 2600 4425 deprimere
2642 4357 2946 4426 victoriam,
2978 4368 3034 4415 et
3058 4362 3212 4419 audis
3247 4379 3342 4419 eos
3369 4364 3485 4420 haec
3513 4368 3678 4421 verba

2084 4447 2461 4502 dicentes:'l‘e
2507 4448 2702 4514 delevi,
2753 4459 2805 4505 te
2847 4450 3018 4520 dejeci
3053 4469 3067 4505 :
3100 4456 3310 4510 etiamsi
3356 4458 3577 4513 alterius
3606 4461 3679 4515 sit

2085 4554 2241 4610 opus,
2274 4550 2361 4595 tua
2387 4550 2565 4595 tamen
2591 4550 2675 4595 est
2702 4542 2838 4596 laus.
2866 4542 2923 4597 Si
2952 4558 3083 4613 ergo
3113 4545 3167 4598 in
3193 4550 3439 4603 externis
3470 4561 3676 4605 tantum

2086 4633 2283 4687 bonum
2311 4640 2395 4687 est
2422 4647 2525 4687 non
2559 4632 2818 4699 invidere,
2861 4636 2959 4690 sed
3007 4637 3233 4693 aliorum
3279 4640 3419 4695 bona
3451 4642 3550 4698 sibi
3582 4659 3677 4698 ac-

2084 4724 2430 4780 commodare
2454 4734 2510 4779 et
2537 4740 2630 4779 sua
2660 4725 2878 4791 ducere,
2905 4727 3073 4783 multo
3103 4731 3272 4800 magis
3310 4733 3361 4787 in
3402 4745 3583 4790 nostra
3610 4737 3679 4791 de

2085 4816 2300 4872 diabolo
2330 4817 2582 4883 victoria;
2609 4826 2735 4873 tunc
2756 4817 2847 4874 ille
2872 4820 3042 4890 magis
3070 4834 3254 4876 contra
3286 4840 3383 4880 nos
3410 4833 3597 4896 spirat,
3622 4838 3679 4882 ut

2085 4909 2175 4979 qui
2197 4910 2366 4980 magis
2404 4910 2666 4965 laetemur.
2701 4911 2814 4965 Etsi
2853 4923 2936 4967 est
2964 4915 3280 4983 sceleratus,
3307 4932 3498 4975 exacte
3529 4926 3679 4977 novit

2087 5003 2226 5057 hanc
2249 5016 2496 5073 magnam
2520 5017 2642 5058 esse
2660 5004 3013 5075 voluptatem.
3046 5007 3137 5063 Vis
3164 5024 3285 5064 eum
3313 5012 3560 5068 molestia
3591 5016 3676 5069 af-

2086 5097 2282 5152 ficere?
2318 5096 2491 5167 gaude
2531 5106 2588 5152 et
2616 5097 2818 5155 lauare.
2873 5099 2966 5154 Vis
3007 5117 3130 5156 eum
3185 5101 3518 5162 exhilarare?
3559 5120 3704 5163 esto.

2087 5196 2276 5251 tristis.
2306 5195 2556 5251 Dolorem
2584 5199 2673 5267 qui
2703 5213 2768 5253 ex
2795 5198 3018 5254 victoria
3047 5199 3230 5258 fratris
3266 5204 3315 5258 ei
3347 5203 3562 5271 accidit,
3597 5206 3675 5258 le-

2084 5305 2179 5345 vas
2227 5305 2325 5360 per
2369 5299 2515 5345 tuam
2559 5291 2723 5345 animi
2769 5294 3326 5363 aagritudinemmum
3373 5297 3463 5351 illo
3501 5306 3614 5352 stas
3643 5314 3675 5352 a

2086 5382 2254 5437 fratre
2281 5382 2584 5439 abscissus:
2608 5385 2782 5454 majus
2827 5402 2987 5456 quam
3030 5388 3123 5443 ille
3147 5389 3345 5442 malum
3372 5389 3524 5445 facis.
3555 5390 3675 5445 Non

2084 5485 2208 5529 sunt
2233 5476 2373 5531 enim
2400 5477 2569 5545 paria,
2599 5492 2720 5533 cum
2748 5480 2822 5533 sis
2852 5480 3121 5547 inimicus,
3162 5480 3340 5537 facere
3384 5497 3503 5553 quae
3551 5494 3679 5539 sunt

2084 5567 2449 5638 inimicorum,
2478 5581 2532 5626 et
2560 5584 2681 5627 cum
2705 5573 2781 5627 sis
2806 5574 3031 5636 amicus,
3061 5584 3201 5629 stare
3244 5591 3364 5630 cum
3398 5576 3629 5633 inimicis
3659 5599 3671 5632 :

2083 5660 2188 5715 iste
2226 5668 2310 5715 est
2348 5660 2581 5717 inimicis
2622 5662 2771 5732 pejor
2797 5674 2850 5718 et
2899 5666 3231 5720 sceleratior.
3281 5668 3336 5721 Si
3370 5666 3537 5724 frater
3572 5669 3674 5723 sibi

2081 5754 2276 5809 bonam
2303 5754 2511 5824 paravit
2531 5758 3003 5820 existimationem.
3031 5758 3114 5813 vel
3146 5759 3271 5814 dum
3299 5761 3554 5830 loquitur,
3588 5765 3673 5817 vel

2086 5847 2212 5904 dum
2261 5834 2411 5917 orat,
2465 5852 2547 5909 vel
2595 5849 2792 5921 aiiquid
2840 5859 2987 5921 recte
3032 5852 3191 5923 gerit,
3242 5863 3358 5910 esto
3409 5856 3671 5927 particeps
