4120 6400
459 357 530 413 fit!
1137 348 1195 405 S.
1234 343 1509 403 JOANNIS
1544 341 1677 398 Clilt
1691 336 2023 398 YSOSTOSII
2062 332 2378 392 ARCIHEP.
2417 331 2945 392 CONSTANTINOP.

428 468 600 523 laudis
643 475 697 521 et
743 465 897 520 bonae
947 458 1357 518 existimationis
1384 498 1399 522 ,
1449 454 1672 511 ostende
1718 468 1839 509 eum
1892 465 2012 507 esse

429 570 577 614 tuum
608 557 931 613 membrum.

502 651 558 704 4.
592 647 859 717 Quomodo
886 661 1003 700 cum
1030 642 1246 698 inimicis
1267 639 1615 711 agendum.â€”
1637 636 1703 691 Et
1724 633 2012 707 quomodo,

430 742 549 797 ait?
575 757 675 812 ego
714 741 856 795 enim
901 752 1009 793 non
1037 752 1154 791 sum
1185 734 1380 790 bonam
1420 738 1742 800 assequutus
1795 726 2014 781 famam.

430 833 508 889 Ne
524 832 626 888 hoc
651 832 873 887 verbum
896 830 1118 895 dixeris,
1144 826 1282 881 labia
1310 823 1626 894 comprime.
1656 820 1712 874 Si
1742 833 1907 890 prope
1934 830 2019 872 me

432 940 582 980 esses
613 934 667 979 tu
698 924 790 995 qui
844 922 961 977 hmc
992 919 1252 991 loqueris,
1286 916 1660 986 imposuissem
1692 925 1912 967 manum
1936 908 2017 962 la-

433 1016 545 1071 bris
572 1014 697 1079 tuis,
729 1029 797 1068 ne
837 1012 1048 1068 audiret
1076 1011 1348 1065 inimicus.
1376 1008 1533 1077 Saepe
1554 1006 1693 1060 inter
1722 1017 1819 1061 nos
1845 1002 2018 1055 inter-

433 1108 632 1163 cedunt
657 1106 969 1170 inimicitiae,
998 1113 1053 1161 et
1075 1102 1306 1158 inimicis
1326 1115 1431 1154 non
1452 1096 1820 1154 ostendimus:
1851 1102 1906 1146 tu
1927 1106 2021 1145 ve-

434 1216 496 1255 ro
518 1199 755 1255 ostendis
780 1198 1015 1253 diabolo.
1042 1196 1123 1251 Ne
1145 1194 1248 1250 hoc
1267 1191 1491 1255 dixeris,
1514 1204 1582 1245 ne
1613 1188 1715 1242 hoc
1743 1184 2017 1255 cogitave-

436 1286 546 1355 ris;
599 1289 694 1345 sed
747 1300 963 1352 contra,
990 1286 1087 1343 Est
1132 1300 1311 1341 meum
1344 1282 1683 1338 membrum:
1727 1278 1793 1332 ad
1824 1289 2019 1346 corpus

438 1380 630 1436 transit
656 1380 847 1451 gloria.
879 1378 987 1434 Cur
1014 1392 1174 1448 ergo,
1222 1376 1412 1445 inquit,
1440 1388 1545 1427 non
1575 1372 1648 1427 ita
1679 1378 1803 1424 sunt
1841 1365 2021 1422 allecti

437 1474 528 1544 qui
556 1482 682 1529 sunt
708 1473 876 1528 foris?
900 1472 1161 1539 Quoniam
1190 1480 1245 1525 tu
1275 1484 1335 1524 es
1362 1482 1543 1524 causa.
1567 1466 1699 1521 Nam
1716 1480 1839 1520 cum
1866 1462 2016 1519 vide-

439 1565 547 1620 iint
593 1574 645 1621 te
699 1565 817 1635 ejus
861 1564 1098 1619 laetitiam
1139 1564 1366 1617 alienam
1417 1574 1537 1615 esse
1581 1559 1871 1620 dicentem,
1921 1554 2023 1624 ipsi

440 1673 652 1729 quoque
700 1659 1004 1713 alienantur
1035 1675 1047 1712 :
1080 1655 1223 1727 quod
1265 1655 1309 1709 si
1337 1653 1568 1708 viderint
1598 1660 1650 1707 te
1679 1666 1798 1706 eam
1826 1650 2023 1704 ducen-

442 1764 548 1808 tem
593 1767 714 1808 esse
760 1752 1050 1822 propriam,
1082 1766 1188 1804 non
1232 1747 1458 1812 audent;
1502 1744 1597 1801 sed
1629 1753 1684 1800 tu
1727 1758 1939 1814 quoque
1966 1756 2025 1797 es

441 1845 689 1900 similiter
714 1844 911 1899 clarus.
943 1842 1059 1898 Non
1080 1856 1139 1897 es
1180 1840 1410 1896 dicendo
1436 1840 1647 1894 laudem
1673 1844 2022 1906 assequutns;

443 1936 536 1992 sed
568 1947 622 1991 tu
649 1937 774 1991 dum
811 1937 859 1991 ei
891 1935 1176 2005 gratularis
1200 1975 1216 2000 ,
1262 1933 1519 2002 majorem
1552 1945 1613 1985 es
1659 1928 1868 1983 laudem
1899 1926 2028 1981 ade-

442 2041 564 2099 ptus
581 2045 739 2100 quam
768 2029 874 2084 ille.
899 2028 952 2085 Si
977 2030 1119 2084 enim
1144 2027 1341 2082 caritas
1368 2035 1451 2080 est
1473 2040 1560 2079 res
1581 2038 1768 2093 magna
1796 2030 1850 2077 et
1869 2030 2029 2090 caput

443 2120 705 2187 omnium,
732 2128 787 2175 tu
810 2134 949 2185 eam,
969 2134 1089 2190 quae
1110 2134 1175 2173 ex
1200 2119 1312 2188 ipsa
1345 2126 1583 2186 paratur,
1601 2114 1853 2185 accepisti
1874 2128 2030 2168 coro-

444 2226 569 2265 nam
591 2231 605 2265 :
625 2212 710 2266 ille
728 2226 846 2266 eam
874 2226 992 2281 qua:
1020 2210 1311 2280 acquiritur
1328 2224 1393 2262 ex
1412 2218 1529 2262 arte
1545 2206 1778 2271 dicendi,
1811 2214 1867 2259 tu
1908 2219 2027 2259 eam

444 2316 563 2371 qure
579 2318 642 2355 ex
665 2301 962 2357 vehementi
983 2316 1196 2356 amore:
1214 2300 1303 2354 ille
1321 2298 1556 2354 ostendit
1575 2298 1683 2353 vim
1700 2296 1982 2351 verborum
2002 2311 2018 2362 ;

447 2402 502 2445 tu
522 2406 617 2461 per
638 2392 776 2449 facta
798 2393 1041 2464 dejecisti
1057 2391 1329 2455 invidiam,
1355 2400 1410 2446 et
1434 2388 1759 2445 conculcasti
1780 2388 2027 2443 livorem.

445 2482 807 2550 Quamobrem
839 2485 961 2554 jure
990 2485 1158 2554 magis
1178 2498 1336 2554 quam
1381 2482 1473 2537 ille
1505 2480 1667 2536 lueris
1693 2488 1983 2536 coronatus
2011 2495 2027 2532 :

446 2584 720 2630 certamen
752 2586 899 2631 tuum
930 2583 1015 2631 est
1046 2574 1385 2643 praeclarius:
1414 2588 1520 2627 non
1546 2572 1718 2627 solum
1748 2570 2034 2626 conculca-

449 2669 518 2721 sti
545 2668 823 2733 invidiam,
853 2668 947 2723 sed
987 2667 1149 2722 etiam
1182 2665 1380 2736 aliquid
1411 2664 1600 2720 fecisti.
1629 2663 1723 2719 llle
1762 2679 1920 2718 unam
1946 2678 2036 2717 so-

445 2763 555 2817 lum
592 2763 749 2819 habet
778 2778 1059 2829 coronam,
1087 2771 1141 2816 tu
1172 2769 1350 2815 autem
1377 2760 1530 2825 duas,
1554 2766 1610 2813 et
1636 2758 1772 2813 duas
1793 2757 1912 2811 illas
1930 2770 2033 2810 una

445 2856 858 2926 splendidiores.
875 2855 1133 2924 Quaenam
1153 2861 1278 2909 sunt
1299 2853 1421 2907 hre?
1447 2853 1616 2909 Unam
1635 2850 1916 2920 suscepisti
1938 2849 2035 2904 ad-

451 2960 643 3000 versus
668 2945 958 3011 invidiam;
987 2946 1154 2999 altera
1184 2953 1267 3000 est
1308 2960 1408 3014 qua
1442 2943 1618 2998 lruisti
1643 2942 1922 2997 redimitus
1964 2956 2031 2996 ex

449 3038 694 3092 caritate.
722 3036 839 3091 Non
865 3036 1007 3091 enim
1035 3036 1288 3091 eolltetari
1315 3036 1487 3090 solum
1506 3043 1589 3090 est
1614 3034 1868 3089 indicium
1890 3032 2034 3104 quod

451 3128 528 3183 sis
565 3128 800 3183 mundus
845 3127 913 3182 ab
940 3128 1160 3190 invidia,
1191 3127 1283 3182 sed
1307 3127 1469 3181 etiam
1497 3126 1636 3197 quod
1669 3125 1866 3179 habeas
1891 3125 2035 3179 cari-

453 3228 616 3274 tatem
648 3234 767 3289 qua:
798 3219 1008 3274 radices
1039 3220 1226 3290 egerit.
1257 3218 1334 3273 llli
1382 3233 1525 3286 saepe
1556 3217 1857 3272 molestiam
1884 3216 2037 3272 exhi-

452 3311 543 3365 bet
566 3311 793 3365 humana
815 3311 990 3381 aliqua
1008 3311 1170 3365 animi
1201 3311 1547 3381 perturbatio,
1580 3320 1639 3365 ut
1659 3311 1828 3365 inanis
1843 3310 2033 3381 gloria:

451 3412 510 3457 tu
550 3413 727 3457 autem
756 3415 817 3458 es
852 3402 1083 3457 mundus
1116 3402 1182 3458 ab
1227 3403 1370 3458 omni
1400 3402 1801 3471 perturbatione
1826 3403 1989 3457 animi
2020 3421 2036 3457 :

454 3494 597 3549 haud
626 3495 769 3550 enim
792 3494 933 3549 inani
968 3494 1139 3565 gloria
1168 3494 1441 3560 laborans,
1471 3494 1668 3549 lmtaris
1705 3502 1924 3564 propter
1944 3494 2040 3548 bo-

453 3602 522 3642 ua
569 3587 813 3642 alterius.
840 3586 1023 3642 Erexit
1046 3590 1184 3657 ,dic,
1204 3601 1406 3656 qnzeso,
1466 3586 1764 3641 Ecclesiam
1790 3628 1805 3651 ,
1839 3595 2036 3641 emtum

451 3680 835 3751 amplilicavit?
856 3697 1046 3737 rursus
1070 3681 1226 3735 lauda
1260 3699 1273 3735 :
1308 3680 1475 3736 babes
1500 3680 1742 3749 duplices
1768 3694 1998 3735 coronas
2022 3698 2038 3745 ;

454 3773 697 3841 dejecisti
726 3773 979 3828 invidiam
1000 3816 1015 3839 ,
1045 3773 1268 3829 caritate
1291 3788 1350 3828 es
1372 3773 1670 3827 redimitus.
1708 3772 1881 3827 Etiam
1908 3786 2041 3842 rogo

456 3873 512 3920 et
532 3866 778 3920 obsecro.
802 3864 897 3919 Vis
922 3874 977 3919 et
995 3865 1203 3919 tertiam
1226 3864 1412 3919 audire
1429 3862 1717 3917 coronam?
1740 3862 1791 3917 ei
1819 3862 2044 3932 applau-

457 3961 593 4014 dunt
618 3960 709 4030 qui
731 3960 939 4014 inferne
964 3967 1090 4014 sunt
1114 3957 1382 4020 homines,
1417 3957 1510 4010 tibi
1532 3965 1709 4010 autem
1737 3957 1827 4024 qui
1856 3970 2045 4025 super-

463 4067 531 4105 ne
583 4060 709 4105 sunt
750 4049 949 4120 angeli.
980 4047 1098 4103 Non
1146 4048 1291 4102 enim
1319 4057 1441 4102 sunt
1480 4047 1648 4114 paria,
1678 4046 1960 4115 pulchram
1990 4053 2046 4101 et

460 4143 759 4213 elegantem
790 4141 1077 4197 ostendere
1103 4140 1388 4195 dictionem
1419 4180 1433 4206 ,
1465 4147 1520 4195 et
1549 4148 1723 4193 motus
1760 4138 1925 4193 animi
1955 4154 2045 4194 su-

461 4250 653 4305 perare
684 4252 698 4289 :
724 4234 842 4289 lucc
867 4234 984 4289 laus
1030 4242 1113 4288 est
1142 4232 1453 4301 temporalis
1475 4273 1491 4295 ,
1520 4231 1607 4285 illa
1639 4246 1766 4285 vero
1797 4241 1996 4285 arterna
2027 4252 2040 4285 :

463 4327 551 4381 hic
580 4336 663 4381 est
690 4341 757 4381 ex
788 4324 1126 4388 hominibus,
1159 4324 1249 4378 ille
1277 4339 1342 4377 ex
1382 4323 1530 4377 Deo:
1564 4322 1649 4376 hic
1675 4322 1931 4392 aSpicitur
1956 4318 2048 4377 co-

462 4428 684 4472 ronatus
708 4459 723 4483 ,
753 4427 807 4472 tu
839 4427 1016 4473 autem
1068 4416 1122 4472 in
1168 4417 1380 4471 occulto
1432 4414 1731 4481 coronaris,
1772 4414 1861 4469 ubi
1891 4414 2051 4470 Pater

462 4519 588 4564 tuus
627 4518 680 4564 te
706 4509 869 4566 videt.
900 4508 957 4565 Si
979 4507 1210 4563 dissecto
1237 4521 1463 4577 corpore
1489 4505 1675 4561 liceret
1716 4505 2051 4575 uniuscujus-

467 4617 571 4670 que
587 4600 770 4657 videre
789 4601 1042 4666 animam,
1065 4599 1420 4655 ostendissem
1449 4598 1541 4653 tibi
1569 4596 1713 4652 hunc
1730 4612 1848 4653 esse
1877 4596 2051 4652 hone-

464 4692 689 4746 stiorem
738 4700 793 4748 et
843 4692 1013 4761 magis
1056 4690 1511 4759 resplendentem.
1544 4687 1763 4742 Invidia:
1806 4687 2053 4743 stimulos

466 4794 807 4855 proteramus
836 4799 849 4836 :
881 4783 1035 4838 nobis
1066 4782 1196 4851 ipsis
1222 4782 1489 4851 prosimus
1514 4820 1530 4847 ,
1574 4795 1608 4834 o
1657 4778 1874 4834 dilecti!
1926 4778 2056 4848 ipsis

469 4874 623 4929 nobis
652 4888 903 4927 coronam
926 4874 1285 4941 imponemus.

544 4967 750 5021 Invidia
794 4965 1240 5037 propulsanda.â€”
1256 4963 1356 5030 Qui
1389 4961 1612 5025 invidet,
1658 4976 1780 5016 cum
1812 4961 1925 5014 Deo
1957 4977 2058 5030 pu-

472 5070 619 5131 gnat,
652 5076 758 5113 non
780 5074 902 5113 cum
925 5058 1014 5111 illo
1041 5073 1056 5110 :
1082 5072 1205 5111 nam
1226 5070 1349 5110 cum
1377 5055 1524 5109 illum
1547 5053 1691 5107 videt
1716 5052 1913 5107 habere
1934 5066 2058 5122 gra-

475 5154 627 5217 tiam,
681 5160 736 5206 et
764 5150 912 5205 dolet
936 5158 991 5203 et
1016 5150 1127 5203 vult
1154 5148 1438 5202 destruere
1470 5145 1789 5210 Ecclesium,
1822 5160 1929 5198 non
1959 5159 2058 5213 pu-

3599 330 3701 388 Î´Îµá¿–

2127 458 2255 519 gnat
2274 465 2395 505 cum
2427 448 2539 515 illo,
2570 448 2662 504 sed
2690 464 2811 504 eum
2840 450 2970 503 Deo.
2996 446 3487 523 Nam,dic.qumso,
3510 448 3554 503 si
3586 452 3706 519 quis

2125 554 2346 601 ornaret
2366 546 2597 616 puellam
2627 547 2786 617 regis,
2819 554 2874 601 et
2902 546 2955 600 in
2980 545 3116 600 bona
3139 555 3283 601 esset
3308 548 3706 603 existimatione

2122 655 2241 695 eam
2292 654 2560 695 exornans
2612 639 2971 710 decoramque
2999 639 3266 708 reddens,
3316 641 3475 697 vellet
3526 652 3704 697 autem

2125 732 2316 802 aliquis
2358 748 2475 786 eam
2505 746 2563 786 se
2591 732 2822 802 turpiter
2857 740 2911 787 et
2936 732 3188 788 indecore
3214 748 3423 804 gerere,
3452 747 3505 791 et
3533 737 3704 806 ipsum

2124 840 2230 877 non
2268 838 2426 893 posse
2446 838 2565 879 eam
2600 839 2834 890 ornare;
2865 825 3077 880 cuinam
3107 827 3469 896 insidiaretur,
3515 830 3708 888 huicne

2125 930 2190 969 an
2224 916 2296 969 illi
2324 925 2377 969 et
2395 915 2510 985 ejus
2539 917 2712 986 patri?
2737 917 2814 972 Ita
2837 932 2978 972 nunc
3005 932 3216 987 quoque
3238 926 3291 972 tu
3315 919 3578 986 invidens,
3607 938 3708 992 pu-

2125 1021 2258 1077 gnas
2284 1020 2403 1061 cum
2432 1006 2697 1072 Ecclesia,
2725 1023 2849 1062 cum
2879 1006 2994 1063 Deo
3024 1007 3219 1065 bellum
3237 1010 3398 1081 geris.
3432 1011 3562 1067 Nam
3584 1029 3711 1084 quo-

2126 1098 2267 1151 niam
2296 1112 2414 1153 cum
2444 1096 2621 1152 fratris
2649 1097 2807 1153 laude
2833 1113 3077 1153 connexa
3097 1108 3179 1155 est
3204 1100 3402 1157 utilitas
3430 1102 3709 1170 Ecclesiae,

2127 1192 2173 1247 si
2216 1191 2329 1247 haec
2371 1200 2621 1259 corruat,
2650 1201 2708 1247 ut
2750 1191 2840 1247 ille
2867 1207 3080 1262 quoque
3108 1203 3322 1248 corruat
3351 1209 3572 1251 necesse
3602 1207 3705 1251 est.

2128 1284 2487 1353 Quamobrem
2516 1285 2569 1339 in
2602 1285 2704 1340 hoc
2718 1299 2851 1355 opus
2883 1284 3011 1340 lacis
3039 1286 3353 1352 satanicum,
3386 1297 3444 1341 ut
3471 1288 3559 1357 qui
3586 1303 3709 1343 eor-

2128 1379 2247 1451 pori
2271 1379 2469 1435 Christi
2511 1378 2801 1433 insidieris.
2832 1379 3105 1434 Adversus
3130 1394 3251 1435 eum
3282 1380 3471 1436 dolore
3515 1382 3711 1436 stimu-

2130 1476 2277 1540 laris,
2310 1473 2397 1543 qui
2454 1472 2548 1527 tibi
2579 1472 2777 1527 nullam
2809 1472 2933 1526 fecit
2980 1471 3257 1541 injuriam;
3315 1473 3485 1526 multo
3533 1484 3710 1527 autem

2131 1566 2299 1637 magis
2339 1564 2599 1620 adversus
2625 1564 2922 1619 Christum.
2949 1563 3118 1631 Quam
3149 1564 3245 1617 tibi
3267 1564 3393 1618 fecit
3425 1566 3670 1633 injuriam
3693 1607 3710 1630 ,

2132 1667 2190 1712 ut
2216 1673 2321 1712 non
2348 1657 2492 1712 sinas
2517 1656 2633 1724 ejus
2654 1670 2848 1725 corpus
2872 1654 3050 1707 ornari
3071 1652 3502 1722 pulchritudine?
3527 1664 3711 1709 utnon

2131 1750 2276 1803 sinas
2324 1761 2576 1816 sponsam
2642 1745 2940 1801 decorari?
3001 1746 3294 1801 Considera
3349 1754 3527 1801 autem
3583 1748 3712 1801 mihi

2132 1849 2389 1912 quantum
2416 1841 2486 1894 sit
2515 1839 2867 1909 supplicium;
2897 1838 3141 1894 inimicos
3168 1845 3287 1893 tuos
3315 1838 3495 1893 laetitia
3523 1838 3710 1903 allieis;

2133 1944 2188 1989 et
2210 1932 2361 1986 illum
2389 1932 2561 2001 ipsum
2596 1930 2686 2001 qui
2716 1939 2796 1985 est
2818 1929 2871 1985 in
2902 1929 3040 1984 bona
3081 1930 3475 1985 existimatione
3495 1971 3511 1996 ,
3557 1946 3714 2000 quem

2133 2026 2214 2081 vis
2245 2026 2490 2080 molestia
2521 2023 2772 2092 allicere,
2804 2024 2973 2093 magis
3022 2022 3325 2091 exbilaras,
3373 2031 3429 2077 et
3474 2022 3715 2076 invidens

2136 2120 2306 2189 magis
2350 2117 2591 2173 ostendis
2640 2132 2763 2172 eum
2796 2117 2998 2171 laudari
3048 2125 3104 2171 et
3154 2116 3291 2171 bene
3331 2115 3561 2171 audire:
3594 2131 3715 2169 nam

2135 2211 2332 2281 alioqui
2363 2226 2467 2264 non
2493 2209 2813 2274 invidisses;
2841 2208 2922 2264 vel
2954 2208 3128 2278 potius
3167 2209 3404 2264 ostendis
3433 2208 3573 2279 quod
3599 2224 3719 2262 cru-

2137 2306 2316 2360 cieris.
2346 2306 2522 2373 Atque
2552 2319 2639 2359 me
2665 2304 2879 2374 quidem
2902 2302 3066 2373 pudet
3090 2316 3156 2356 ex
3184 2301 3267 2355 bis
3295 2302 3564 2356 adhortari
3587 2320 3600 2358 :
3624 2302 3715 2353 Ï‚ÏÎ¹Î¹

2138 2397 2387 2467 quoniam
2419 2405 2562 2450 tanta
2590 2404 2672 2450 est
2691 2395 2857 2449 nostri
2880 2394 3041 2449 animi
3061 2393 3416 2455 imbecillitas,
3440 2391 3524 2444 vel
3546 2406 3608 2445 ex
3634 2390 3719 2445 bis

2137 2489 2419 2559 castigati,
2464 2488 2532 2542 ab
2562 2487 2665 2542 hoc
2713 2486 3017 2558 pernicioso
3045 2486 3176 2539 vitio
3204 2485 3513 2538 liberemur.
3562 2482 3721 2537 Doles

2139 2583 2281 2653 quod
2314 2581 2558 2637 laudetur
2586 2588 2640 2635 et
2665 2580 2717 2633 in
2749 2580 2887 2634 bona
2914 2578 2983 2634 sit
3010 2576 3449 2633 existimatione?
3474 2590 3570 2630 cur
3593 2590 3723 2644 ergo

2141 2674 2385 2730 invidens
2429 2687 2592 2742 auges
2617 2672 2733 2741 ejus
2762 2670 3016 2726 laudem?
3044 2669 3136 2723 Vis
3161 2684 3283 2723 eum
3322 2666 3600 2721 cruciare?
3628 2681 3723 2720 cur

2140 2781 2269 2837 ergo
2294 2765 2535 2821 ostendis
2556 2772 2613 2819 te
2641 2762 2867 2819 dolere?
2920 2777 3017 2817 cur
3044 2761 3115 2817 de
3154 2770 3205 2815 te
3235 2760 3352 2830 ipso
3378 2759 3526 2830 prius
3554 2758 3727 2829 exigis

2142 2873 2329 2928 pmnas
2350 2898 2363 2919 ,
2404 2871 2562 2925 quam
2592 2854 2661 2910 de
2711 2870 2777 2909 eo
2805 2870 2963 2924 quem
2996 2869 3101 2908 non
3134 2854 3216 2908 vis
3246 2851 3449 2906 laudari
3470 2852 3567 2905 ?Ei
3598 2851 3722 2906 inde

2142 2959 2225 3003 est
2246 2948 2445 3018 duplex
2474 2948 2716 3017 voluptas
2754 2958 2809 3002 et
2830 2945 3043 3010 lzetitia,
3071 2953 3126 2999 et
3153 2945 3245 2999 tibi
3273 2944 3542 2999 cruciatus
3571 2959 3584 2996 :
3616 2958 3721 2996 non

2142 3042 2316 3096 solum
2345 3039 2489 3111 quod
2531 3054 2778 3110 magnum
2806 3053 2928 3093 eum
2958 3036 3216 3100 ostendis,
3245 3035 3339 3090 sed
3381 3036 3540 3091 etiam
3583 3033 3726 3104 quod

2142 3133 2364 3193 alteram
2390 3132 2439 3187 ei
2463 3146 2712 3201 procreas
2743 3131 3093 3200 voluptatem,
3119 3130 3243 3183 dum
3268 3129 3492 3196 teipsum
3523 3127 3730 3182 crucia-

2144 3225 2257 3290 ris;
2286 3233 2342 3278 et
2362 3237 2549 3277 rursus
2574 3222 2641 3277 de
2667 3222 2731 3276 iis
2773 3221 2842 3276 de
2866 3220 3061 3289 quibus
3086 3219 3237 3275 doles
3258 3261 3274 3285 ,
3308 3219 3394 3274 ille
3422 3218 3633 3272 lmtatur
3676 3226 3731 3271 te

2144 3317 2439 3373 invidente.
2476 3315 2609 3371 Vide
2628 3329 2787 3386 quam
2815 3328 3004 3384 graves
3033 3312 3187 3367 nobis
3211 3314 3394 3382 plagas
3418 3309 3729 3379 inlligimus.

2146 3418 2200 3463 et
2224 3423 2332 3463 non
2374 3408 2657 3461 sentimus.
2691 3407 2781 3460 Est
2813 3405 3079 3459 inimicus.
3112 3403 3272 3472 Atqui
3301 3417 3399 3456 cur
3443 3399 3732 3455 inimicus?

2147 3518 2306 3573 quam
2335 3502 2427 3556 tibi
2461 3501 2587 3556 fecit
2608 3500 2892 3570 injuriam?
2922 3498 3016 3554 sed
3047 3509 3223 3552 tamen
3250 3496 3521 3551 inimicum
3550 3493 3731 3549 reddi-

2148 3612 2269 3651 mus
2300 3593 2640 3647 illustriorem
2668 3634 2683 3659 ,
2741 3600 2794 3647 et
2826 3606 2924 3647 nos
2949 3591 3094 3661 ipsos
3123 3590 3292 3660 magis
3321 3589 3589 3659 punimus.
3620 3587 3733 3641 Hoc

2148 3703 2337 3744 rursus
2363 3702 2462 3742 nos
2500 3687 2643 3755 ipsos
2668 3686 2971 3740 cruciamus
2994 3726 3009 3750 ,
3037 3683 3083 3738 si
3111 3682 3438 3738 senserimus
3462 3679 3604 3752 quod
3642 3680 3734 3735 ille

2148 3781 2479 3853 cognoverit.
2528 3779 2660 3834 Nam
2716 3778 2805 3834 ille
2832 3777 3045 3849 quidem
3090 3777 3315 3831 fortasse
3365 3790 3471 3829 non
3503 3774 3731 3838 laetatur,

2150 3888 2251 3928 nos
2277 3882 2455 3927 autem
2482 3879 2726 3940 putantes
2756 3886 2878 3925 eum
2909 3868 3097 3935 lzetari,
3119 3882 3302 3922 rursus
3330 3875 3607 3936 propterea
3631 3865 3734 3919 do-

2150 3966 2343 4021 lemus.
2369 3965 2533 4019 Cessa
2560 3978 2688 4033 ergo
2717 3961 2955 4016 invidere
2979 3978 2992 4014 :
3024 3976 3121 4015 cur
3146 3958 3345 4028 tibiipsi
3368 3958 3596 4028 imponis
3619 3957 3737 4011 vul-

2151 4057 2325 4113 nera?
2356 4057 2481 4111 Hmc
2510 4056 2828 4126 cogitemus,
2858 4069 2892 4107 Î¿
2913 4052 3129 4118 dilecti,
3163 4066 3355 4120 nempe
3384 4050 3621 4119 duplices
3642 4064 3737 4103 co-

2151 4165 2315 4206 ronas
2354 4163 2538 4203 eorum
2585 4144 2676 4216 qui
2718 4160 2824 4199 non
2866 4143 3151 4198 invident:
3205 4141 3389 4196 laudes
3426 4140 3627 4194 scilicet
3668 4137 3739 4192 ab

2154 4239 2483 4303 hominibus,
2507 4236 2693 4291 laudes
2714 4250 2743 4287 a
2766 4236 2896 4299 Deo,
2926 4243 2981 4289 et
3006 4233 3145 4287 mala
3167 4248 3284 4303 quae
3304 4232 3549 4286 oriuntur
3568 4245 3633 4285 ex
3652 4230 3736 4283 in-

2155 4330 2335 4397 vidia;
2368 4341 2424 4385 et
2451 4330 2529 4383 sic
2556 4327 2720 4383 ieram
2759 4325 3054 4397 poterimus
3080 4323 3441 4391 exstinguere,
3463 4330 3519 4377 et
3556 4334 3738 4375 coram

2156 4424 2268 4479 Deo
2316 4421 2538 4488 laudari,
2567 4430 2623 4477 et
2649 4422 2702 4476 in
2730 4420 2867 4475 bona
2896 4433 3016 4474 esse
3036 4414 3450 4481 existimatione,
3478 4421 3533 4468 et
3552 4411 3742 4467 eadem

2156 4520 2366 4590 assequi
2396 4533 2516 4588 quae
2547 4516 2582 4571 ii
2610 4530 2835 4585 quorum
2856 4521 2935 4568 est
2957 4512 3094 4567 bona
3119 4507 3443 4565 existimatio
3473 4518 3488 4560 :
3516 4505 3745 4561 fortasse

2159 4612 2304 4668 enim
2361 4623 2749 4680 assequemur:
2780 4604 2923 4677 quod
2968 4604 3013 4658 si
3066 4617 3173 4657 non
3215 4614 3592 4671 assequamur,
3635 4612 3743 4650 non

2159 4718 2509 4773 assequemur
2537 4699 2680 4771 quod
2711 4714 2816 4754 non
2842 4695 3092 4766 expediat
3120 4708 3134 4745 :
3170 4693 3465 4763 poterimus
3491 4701 3666 4743 tamen
3688 4695 3748 4741 et

2162 4797 2263 4861 sic,
2293 4811 2415 4851 cum
2446 4794 2512 4848 ad
2542 4794 2633 4848 Dei
2661 4791 2885 4862 gloriam
2918 4787 3207 4843 vixerimus
3232 4827 3247 4852 ,
3292 4784 3433 4839 bona
3482 4780 3745 4851 promissa

2164 4888 2421 4956 consequi
2454 4888 2520 4940 iis
2549 4885 2639 4955 qui
2668 4885 2840 4954 ipsum
2871 4880 3118 4951 diligunt,
3148 4878 3317 4948 gratia
3348 4885 3402 4930 et
3423 4874 3750 4943 benignitate

2168 4980 2376 5035 Domini
2422 4977 2593 5032 nostri
2622 4975 2747 5031 Jesu
2775 4972 2995 5035 Christi,
3027 4972 3110 5025 cui
3138 4984 3259 5024 cum
3286 4967 3447 5022 Patre
3474 4974 3528 5020 et
3548 4962 3749 5032 Spiritu

2168 5080 2354 5125 sancto
2373 5068 2561 5139 gloria,
2585 5066 2891 5136 imperium,
2916 5062 3111 5127 honor,
3138 5075 3282 5115 nunc
3298 5068 3353 5115 et
3372 5072 3605 5127 semper,
3623 5064 3678 5109 et
3695 5054 3753 5110 in

2170 5161 2362 5217 ssecula
2393 5158 2732 5213 surculorum.
2765 5156 2956 5209 Amen.

472 5256 3762 5299 ________________________________._â€”â€”â€”â€”

1911 5349 2257 5411 HOMILIA
2298 5346 2444 5407 XII.

472 5489 603 5545 Car.
634 5491 689 5545 4.
711 5505 765 5543 v.
794 5488 883 5543 12.
909 5487 1115 5543 Salutat
1152 5500 1237 5537 vos
1270 5481 1543 5549 Epaphras
1566 5520 1579 5541 ,
1606 5480 1693 5549 qui
1717 5494 1780 5531 ea:
1806 5478 1941 5532 vobis
1967 5486 2063 5543 est,

551 5598 724 5637 servus
758 5579 947 5636 Christi
970 5620 985 5644 ,
1016 5592 1213 5646 semper
1238 5572 1483 5627 sollicitus
1509 5588 1601 5641 pro
1630 5570 1765 5622 vobis
1791 5570 1844 5622 in
1870 5569 2064 5621 oratio-

547 5674 695 5728 nibus
720 5717 735 5741 ,
777 5682 832 5728 ut
866 5674 1001 5728 stetis
1027 5669 1236 5741 perfecti
1261 5708 1276 5732 ,
1312 5674 1358 5720 et
1386 5665 1520 5735 pleni
1557 5665 1610 5717 in
1648 5664 1786 5716 omni
1812 5662 2067 5715 voluntate

560 5770 666 5822 Dei.
709 5769 795 5825 15.
830 5764 1191 5821 Testimonium
1235 5761 1366 5813 enim
1398 5756 1473 5811 illi
1502 5754 1733 5827 perhibeo
1760 5753 1894 5826 quod
1922 5753 2067 5806 habet

2242 5474 2455 5528 multum
2483 5472 2645 5526 zelum
2676 5486 2768 5539 pro
2794 5467 2953 5535 vobis,
2984 5474 3032 5521 et
3057 5481 3149 5537 pro
3170 5465 3232 5519 iis
3252 5463 3337 5535 qui
3360 5470 3477 5517 sunt
3493 5459 3764 5514 Laodicea

2245 5576 2289 5617 et
2319 5564 2403 5633 qui
2435 5560 2724 5629 Hierapoli.

2248 5655 2502 5711 l..Etiam
2535 5655 2586 5708 in
2618 5653 2768 5707 initio
2796 5650 3067 5719 epistolae,
3099 5648 3273 5703 virum
3307 5640 3700 5700 commendavit
3735 5655 3765 5694 Î¹Î¹

2178 5750 2430 5815 caritate;
2460 5747 2734 5802 caritatem
2763 5752 2939 5798 autem
2981 5740 3213 5797 ostendit
3239 5779 3253 5807 ,
3284 5746 3337 5793 et
3370 5735 3510 5808 quod
3534 5731 3716 5787 laudet
3751 5746 3769 5783 :
