  <div class='ocr_page' id='page_1' title='image "/cluster/home/n/w/nwhite01/storage/ocr_20150623/62/nnc1.0046979654/386.png"; bbox 0 0 4120 6400; ppageno 0'>
   <div class='ocr_carea' id='block_1_1' title="bbox 394 338 505 397">
    <p class='ocr_par' dir='ltr' id='par_1_1' title="bbox 394 338 505 397">
     <span class='ocr_line' id='line_1_1' title="bbox 394 338 505 397; baseline 0.027 -3"><span class='ocrx_word' id='word_1_1' title='bbox 394 338 505 397; x_wconf 76' lang='lat'><strong>379</strong></span> 
     </span>
    </p>
   </div>
   <div class='ocr_carea' id='block_1_2' title="bbox 392 453 1974 595">
    <p class='ocr_par' dir='ltr' id='par_1_2' title="bbox 392 453 1974 595">
     <span class='ocr_line' id='line_1_2' title="bbox 392 453 1974 595; baseline 0.009 -90"><span class='ocrx_word' id='word_1_2' title='bbox 392 453 851 595; x_wconf 62' lang='grc' dir='ltr'><strong>ἔενρῦσόκοινωνύς</strong></span> <span class='ocrx_word' id='word_1_3' title='bbox 873 458 970 529; x_wconf 81' lang='grc' dir='ltr'><strong>τῆς</strong></span> <span class='ocrx_word' id='word_1_4' title='bbox 996 461 1422 533; x_wconf 78' lang='grc' dir='ltr'><strong>εὐδοκιμήσεως,</strong></span> <span class='ocrx_word' id='word_1_5' title='bbox 1470 462 1641 529; x_wconf 79' lang='grc' dir='ltr'><strong>δεῖξον</strong></span> <span class='ocrx_word' id='word_1_6' title='bbox 1675 465 1757 517; x_wconf 85' lang='grc' dir='ltr'><strong>ὅτι</strong></span> <span class='ocrx_word' id='word_1_7' title='bbox 1811 466 1974 535; x_wconf 99' lang='grc' dir='ltr'><strong>μέλος</strong></span> 
     </span>
     <span class='ocr_line' id='line_1_3' title="bbox 426 557 655 595; baseline 0.013 -3"><span class='ocrx_word' id='word_1_8' title='bbox 426 557 487 592; x_wconf 87' lang='grc' dir='ltr'><strong>στ</strong></span> <span class='ocrx_word' id='word_1_9' title='bbox 606 560 655 595; x_wconf 88' lang='grc' dir='ltr'><strong>ν.</strong></span> 
     </span>
    </p>
   </div>
   <div class='ocr_carea' id='block_1_3' title="bbox 426 557 655 599">
    <p class='ocr_par' dir='ltr' id='par_1_3' title="bbox 426 557 655 599">
     <span class='ocr_line' id='line_1_4' title="bbox 426 557 655 599; baseline 0.026 -7"><span class='ocrx_word' id='word_1_10' title='bbox 426 557 512 594; x_wconf 89' lang='grc' dir='ltr'><strong>στι</strong></span> <span class='ocrx_word' id='word_1_11' title='bbox 543 557 655 599; x_wconf 86' lang='grc' dir='ltr'><strong>σον.</strong></span> 
     </span>
    </p>
   </div>
   <div class='ocr_carea' id='block_1_4' title="bbox 462 712 1973 794">
    <p class='ocr_par' dir='ltr' id='par_1_4' title="bbox 462 712 1973 794">
     <span class='ocr_line' id='line_1_5' title="bbox 462 712 1973 794; baseline 0.006 -28"><span class='ocrx_word' id='word_1_12' title='bbox 462 712 525 767; x_wconf 77' lang='grc' dir='ltr'><strong>δ’.</strong></span> <span class='ocrx_word' id='word_1_13' title='bbox 554 713 666 767; x_wconf 79' lang='grc' dir='ltr'><strong>Καὶ</strong></span> <span class='ocrx_word' id='word_1_14' title='bbox 698 714 837 776; x_wconf 89' lang='grc' dir='ltr'><strong>πῶς,</strong></span> <span class='ocrx_word' id='word_1_15' title='bbox 872 716 1071 784; x_wconf 90' lang='grc' dir='ltr'><strong>φησίν;</strong></span> <span class='ocrx_word' id='word_1_16' title='bbox 1110 717 1221 785; x_wconf 83' lang='grc' dir='ltr'><strong>ἐγὼ</strong></span> <span class='ocrx_word' id='word_1_17' title='bbox 1268 718 1377 790; x_wconf 90' lang='grc' dir='ltr'><strong>γάρ</strong></span> <span class='ocrx_word' id='word_1_18' title='bbox 1407 720 1508 774; x_wconf 87' lang='grc' dir='ltr'><strong>οὐκ</strong></span> <span class='ocrx_word' id='word_1_19' title='bbox 1540 720 1833 794; x_wconf 87' lang='grc' dir='ltr'><strong>εὐδοκιμῶ.</strong></span> <span class='ocrx_word' id='word_1_20' title='bbox 1883 721 1973 791; x_wconf 78' lang='grc' dir='ltr'><strong>Μὴ</strong></span> 
     </span>
    </p>
   </div>
   <div class='ocr_carea' id='block_1_5' title="bbox 395 802 1977 883">
    <p class='ocr_par' dir='ltr' id='par_1_5' title="bbox 395 802 1977 883">
     <span class='ocr_line' id='line_1_6' title="bbox 395 802 1977 883; baseline 0.006 -30"><span class='ocrx_word' id='word_1_21' title='bbox 395 802 605 874; x_wconf 79' lang='grc' dir='ltr'><strong>φθέγξῃ</strong></span> <span class='ocrx_word' id='word_1_22' title='bbox 631 803 760 856; x_wconf 83' lang='grc' dir='ltr'><strong>ποτὲ</strong></span> <span class='ocrx_word' id='word_1_23' title='bbox 789 803 849 857; x_wconf 81' lang='grc' dir='ltr'><strong>τὸ</strong></span> <span class='ocrx_word' id='word_1_24' title='bbox 879 805 1031 876; x_wconf 78' lang='grc' dir='ltr'><strong>ῥῆμα</strong></span> <span class='ocrx_word' id='word_1_25' title='bbox 1070 806 1245 860; x_wconf 85' lang='grc' dir='ltr'><strong>τοῦτο·</strong></span> <span class='ocrx_word' id='word_1_26' title='bbox 1303 808 1490 863; x_wconf 90' lang='grc' dir='ltr'><strong>σύνελε</strong></span> <span class='ocrx_word' id='word_1_27' title='bbox 1517 810 1588 863; x_wconf 87' lang='grc' dir='ltr'><strong>τά</strong></span> <span class='ocrx_word' id='word_1_28' title='bbox 1617 811 1795 883; x_wconf 88' lang='grc' dir='ltr'><strong>χείλη.</strong></span> <span class='ocrx_word' id='word_1_29' title='bbox 1823 811 1892 865; x_wconf 69' lang='lat' dir='ltr'><strong>Et</strong></span> <span class='ocrx_word' id='word_1_30' title='bbox 1913 827 1977 879; x_wconf 93' lang='grc' dir='ltr'><strong>γε</strong></span> 
     </span>
    </p>
   </div>
   <div class='ocr_carea' id='block_1_6' title="bbox 396 887 1977 969">
    <p class='ocr_par' dir='ltr' id='par_1_6' title="bbox 396 887 1977 969">
     <span class='ocr_line' id='line_1_7' title="bbox 396 887 1977 969; baseline 0.006 -29"><span class='ocrx_word' id='word_1_31' title='bbox 396 889 623 960; x_wconf 78' lang='grc' dir='ltr'><strong>πλησίον</strong></span> <span class='ocrx_word' id='word_1_32' title='bbox 652 908 754 958; x_wconf 91' lang='grc' dir='ltr'><strong>μου</strong></span> <span class='ocrx_word' id='word_1_33' title='bbox 781 887 849 962; x_wconf 83' lang='grc' dir='ltr'><strong>ἦς</strong></span> <span class='ocrx_word' id='word_1_34' title='bbox 892 895 921 946; x_wconf 99' lang='lat'><strong>6</strong></span> <span class='ocrx_word' id='word_1_35' title='bbox 951 892 1127 948; x_wconf 89' lang='grc' dir='ltr'><strong>ταῦτα</strong></span> <span class='ocrx_word' id='word_1_36' title='bbox 1161 895 1356 964; x_wconf 85' lang='grc' dir='ltr'><strong>λέγων,</strong></span> <span class='ocrx_word' id='word_1_37' title='bbox 1393 898 1641 968; x_wconf 75' lang='grc' dir='ltr'><strong>ἐπέθηκα</strong></span> <span class='ocrx_word' id='word_1_38' title='bbox 1665 898 1732 953; x_wconf 80' lang='grc' dir='ltr'><strong>ἂν</strong></span> <span class='ocrx_word' id='word_1_39' title='bbox 1761 899 1855 954; x_wconf 76' lang='grc' dir='ltr'><strong>καὶ</strong></span> <span class='ocrx_word' id='word_1_40' title='bbox 1878 898 1977 969; x_wconf 86' lang='grc' dir='ltr'><strong>τήν</strong></span> 
     </span>
    </p>
   </div>
   <div class='ocr_carea' id='block_1_7' title="bbox 396 978 1978 1057">
    <p class='ocr_par' dir='ltr' id='par_1_7' title="bbox 396 978 1978 1057">
     <span class='ocr_line' id='line_1_8' title="bbox 396 978 1978 1057; baseline 0.005 -29"><span class='ocrx_word' id='word_1_41' title='bbox 396 978 555 1048; x_wconf 80' lang='grc' dir='ltr'><strong>χεῖρα</strong></span> <span class='ocrx_word' id='word_1_42' title='bbox 590 979 702 1041; x_wconf 89' lang='grc' dir='ltr'><strong>τοῖς</strong></span> <span class='ocrx_word' id='word_1_43' title='bbox 742 979 963 1049; x_wconf 77' lang='grc' dir='ltr'><strong>χείλεσι,</strong></span> <span class='ocrx_word' id='word_1_44' title='bbox 1016 982 1091 1052; x_wconf 89' lang='grc' dir='ltr'><strong>μή</strong></span> <span class='ocrx_word' id='word_1_45' title='bbox 1144 1000 1274 1036; x_wconf 89' lang='grc' dir='ltr'><strong>ποτε</strong></span> <span class='ocrx_word' id='word_1_46' title='bbox 1313 983 1520 1055; x_wconf 77' lang='grc' dir='ltr'><strong>ἀκούσῃ</strong></span> <span class='ocrx_word' id='word_1_47' title='bbox 1550 985 1580 1037; x_wconf 88' lang='lat'><strong>6</strong></span> <span class='ocrx_word' id='word_1_48' title='bbox 1606 983 1818 1057; x_wconf 88' lang='grc' dir='ltr'><strong>ἐχθρός.</strong></span> <span class='ocrx_word' id='word_1_49' title='bbox 1844 984 1978 1037; x_wconf 86' lang='grc' dir='ltr'><strong>Πολ-</strong></span> 
     </span>
    </p>
   </div>
   <div class='ocr_carea' id='block_1_8' title="bbox 396 1064 1979 1145">
    <p class='ocr_par' dir='ltr' id='par_1_8' title="bbox 396 1064 1979 1145">
     <span class='ocr_line' id='line_1_9' title="bbox 396 1064 1979 1145; baseline 0.007 -29"><span class='ocrx_word' id='word_1_50' title='bbox 396 1064 553 1127; x_wconf 82' lang='grc' dir='ltr'><strong>λάκις</strong></span> <span class='ocrx_word' id='word_1_51' title='bbox 574 1065 710 1135; x_wconf 81' lang='grc' dir='ltr'><strong>πρὸς</strong></span> <span class='ocrx_word' id='word_1_52' title='bbox 730 1066 992 1138; x_wconf 79' lang='grc' dir='ltr'><strong>ἀλλήλους</strong></span> <span class='ocrx_word' id='word_1_53' title='bbox 1016 1069 1215 1143; x_wconf 86' lang='grc' dir='ltr'><strong>ἔχθρας</strong></span> <span class='ocrx_word' id='word_1_54' title='bbox 1247 1071 1463 1142; x_wconf 87' lang='grc' dir='ltr'><strong>ἔχομεν,</strong></span> <span class='ocrx_word' id='word_1_55' title='bbox 1495 1072 1590 1125; x_wconf 79' lang='grc' dir='ltr'><strong>καὶ</strong></span> <span class='ocrx_word' id='word_1_56' title='bbox 1614 1075 1727 1137; x_wconf 89' lang='grc' dir='ltr'><strong>τοῖς</strong></span> <span class='ocrx_word' id='word_1_57' title='bbox 1764 1072 1979 1145; x_wconf 77' lang='grc' dir='ltr'><strong>ἐχθροῖς</strong></span> 
     </span>
    </p>
   </div>
   <div class='ocr_carea' id='block_1_9' title="bbox 395 1150 1974 1229">
    <p class='ocr_par' dir='ltr' id='par_1_9' title="bbox 395 1150 1974 1229">
     <span class='ocr_line' id='line_1_10' title="bbox 395 1150 1974 1229; baseline 0.009 -26"><span class='ocrx_word' id='word_1_58' title='bbox 395 1150 497 1205; x_wconf 86' lang='grc' dir='ltr'><strong>οὐκ</strong></span> <span class='ocrx_word' id='word_1_59' title='bbox 527 1152 969 1226; x_wconf 82' lang='grc' dir='ltr'><strong>ἐπιδεικνύμεθα·</strong></span> <span class='ocrx_word' id='word_1_60' title='bbox 998 1156 1076 1227; x_wconf 83' lang='grc' dir='ltr'><strong>τῷ</strong></span> <span class='ocrx_word' id='word_1_61' title='bbox 1102 1157 1333 1229; x_wconf 86' lang='grc' dir='ltr'><strong>διαϐόλῳ</strong></span> <span class='ocrx_word' id='word_1_62' title='bbox 1360 1154 1453 1212; x_wconf 84' lang='grc' dir='ltr'><strong>οῦν</strong></span> <span class='ocrx_word' id='word_1_63' title='bbox 1486 1159 1858 1215; x_wconf 90' lang='grc' dir='ltr'><strong>ἐπιδείκνυσαι</strong></span> <span class='ocrx_word' id='word_1_64' title='bbox 1888 1161 1974 1217; x_wconf 88' lang='grc' dir='ltr'><strong>σύ.</strong></span> 
     </span>
    </p>
   </div>
   <div class='ocr_carea' id='block_1_10' title="bbox 396 1238 1974 1317">
    <p class='ocr_par' dir='ltr' id='par_1_10' title="bbox 396 1238 1974 1317">
     <span class='ocr_line' id='line_1_11' title="bbox 396 1238 1974 1317; baseline 0.007 -26"><span class='ocrx_word' id='word_1_65' title='bbox 396 1238 490 1309; x_wconf 83' lang='grc' dir='ltr'><strong>Μὴ</strong></span> <span class='ocrx_word' id='word_1_66' title='bbox 510 1240 669 1311; x_wconf 80' lang='grc' dir='ltr'><strong>εῖπῃς</strong></span> <span class='ocrx_word' id='word_1_67' title='bbox 696 1241 875 1307; x_wconf 90' lang='grc' dir='ltr'><strong>τοῦτο,</strong></span> <span class='ocrx_word' id='word_1_68' title='bbox 904 1242 979 1315; x_wconf 83' lang='grc' dir='ltr'><strong>μή</strong></span> <span class='ocrx_word' id='word_1_69' title='bbox 1026 1244 1307 1317; x_wconf 81' lang='grc' dir='ltr'><strong>ἐννοήσῃς·</strong></span> <span class='ocrx_word' id='word_1_70' title='bbox 1331 1246 1468 1300; x_wconf 91' lang='grc' dir='ltr'><strong>ἀλλά</strong></span> <span class='ocrx_word' id='word_1_71' title='bbox 1494 1246 1591 1300; x_wconf 71' lang='grc' dir='ltr'><strong>καὶ</strong></span> <span class='ocrx_word' id='word_1_72' title='bbox 1638 1248 1974 1303; x_wconf 88' lang='grc' dir='ltr'><strong>τούναντίον·</strong></span> 
     </span>
    </p>
   </div>
   <div class='ocr_carea' id='block_1_11' title="bbox 398 1326 1979 1407">
    <p class='ocr_par' dir='ltr' id='par_1_11' title="bbox 398 1326 1979 1407">
     <span class='ocr_line' id='line_1_12' title="bbox 398 1326 1979 1407; baseline 0.006 -27"><span class='ocrx_word' id='word_1_73' title='bbox 398 1326 575 1391; x_wconf 82' lang='grc' dir='ltr'><strong>Μέλος</strong></span> <span class='ocrx_word' id='word_1_74' title='bbox 602 1328 752 1381; x_wconf 77' lang='grc' dir='ltr'><strong>ἐστὶν</strong></span> <span class='ocrx_word' id='word_1_75' title='bbox 807 1329 958 1400; x_wconf 82' lang='grc' dir='ltr'><strong>ἐμόν·</strong></span> <span class='ocrx_word' id='word_1_76' title='bbox 991 1332 1071 1393; x_wconf 90' lang='grc' dir='ltr'><strong>είς</strong></span> <span class='ocrx_word' id='word_1_77' title='bbox 1106 1331 1168 1386; x_wconf 86' lang='grc' dir='ltr'><strong>τὸ</strong></span> <span class='ocrx_word' id='word_1_78' title='bbox 1203 1333 1362 1403; x_wconf 90' lang='grc' dir='ltr'><strong>σῶμα</strong></span> <span class='ocrx_word' id='word_1_79' title='bbox 1394 1333 1656 1388; x_wconf 89' lang='grc' dir='ltr'><strong>διαϐαίνει</strong></span> <span class='ocrx_word' id='word_1_80' title='bbox 1682 1336 1715 1407; x_wconf 86' lang='grc' dir='ltr'><strong>ή</strong></span> <span class='ocrx_word' id='word_1_81' title='bbox 1739 1336 1883 1402; x_wconf 78' lang='grc' dir='ltr'><strong>δόξα.</strong></span> <span class='ocrx_word' id='word_1_82' title='bbox 1913 1336 1979 1390; x_wconf 90' lang='grc' dir='ltr'><strong>Τί</strong></span> 
     </span>
    </p>
   </div>
   <div class='ocr_carea' id='block_1_12' title="bbox 396 1407 1979 1487">
    <p class='ocr_par' dir='ltr' id='par_1_12' title="bbox 396 1407 1979 1487">
     <span class='ocr_line' id='line_1_13' title="bbox 396 1407 1979 1487; baseline 0.006 -24"><span class='ocrx_word' id='word_1_83' title='bbox 396 1407 511 1476; x_wconf 76' lang='grc' dir='ltr'><strong>οὖν,</strong></span> <span class='ocrx_word' id='word_1_84' title='bbox 533 1412 717 1483; x_wconf 80' lang='grc' dir='ltr'><strong>φησὶν,</strong></span> <span class='ocrx_word' id='word_1_85' title='bbox 739 1413 822 1467; x_wconf 85' lang='grc' dir='ltr'><strong>ὅτι</strong></span> <span class='ocrx_word' id='word_1_86' title='bbox 847 1416 897 1467; x_wconf 69' lang='lat' dir='ltr'><strong>of.</strong></span> <span class='ocrx_word' id='word_1_87' title='bbox 925 1414 1124 1480; x_wconf 81' lang='grc' dir='ltr'><strong>ἔξωθεν</strong></span> <span class='ocrx_word' id='word_1_88' title='bbox 1148 1416 1245 1487; x_wconf 90' lang='grc' dir='ltr'><strong>οὐχ</strong></span> <span class='ocrx_word' id='word_1_89' title='bbox 1277 1417 1419 1471; x_wconf 80' lang='grc' dir='ltr'><strong>οὕτω</strong></span> <span class='ocrx_word' id='word_1_90' title='bbox 1447 1418 1749 1472; x_wconf 74' lang='grc' dir='ltr'><strong>διάκεινται</strong></span> <span class='ocrx_word' id='word_1_91' title='bbox 1777 1437 1792 1482; x_wconf 88' lang='grc'>;</span> <span class='ocrx_word' id='word_1_92' title='bbox 1854 1420 1979 1473; x_wconf 82' lang='grc' dir='ltr'><strong>ὐτι</strong></span> 
     </span>
    </p>
   </div>
   <div class='ocr_carea' id='block_1_13' title="bbox 400 1495 1981 1577">
    <p class='ocr_par' dir='ltr' id='par_1_13' title="bbox 400 1495 1981 1577">
     <span class='ocr_line' id='line_1_14' title="bbox 400 1495 1981 1577; baseline 0.008 -30"><span class='ocrx_word' id='word_1_93' title='bbox 400 1496 465 1548; x_wconf 83' lang='grc' dir='ltr'><strong>σύ</strong></span> <span class='ocrx_word' id='word_1_94' title='bbox 488 1495 680 1562; x_wconf 78' lang='grc' dir='ltr'><strong>αἴτιος·</strong></span> <span class='ocrx_word' id='word_1_95' title='bbox 716 1498 847 1552; x_wconf 83' lang='grc' dir='ltr'><strong>ὅταν</strong></span> <span class='ocrx_word' id='word_1_96' title='bbox 887 1499 1038 1554; x_wconf 84' lang='grc' dir='ltr'><strong>ῖδωσί</strong></span> <span class='ocrx_word' id='word_1_97' title='bbox 1070 1518 1131 1555; x_wconf 90' lang='grc' dir='ltr'><strong>σε</strong></span> <span class='ocrx_word' id='word_1_98' title='bbox 1159 1502 1609 1574; x_wconf 86' lang='grc' dir='ltr'><strong>ἀλλοτριούμενον</strong></span> <span class='ocrx_word' id='word_1_99' title='bbox 1656 1505 1825 1558; x_wconf 88' lang='grc' dir='ltr'><strong>αὐτοῦ</strong></span> <span class='ocrx_word' id='word_1_100' title='bbox 1880 1506 1981 1577; x_wconf 83' lang='grc' dir='ltr'><strong>τὴν</strong></span> 
     </span>
    </p>
   </div>
   <div class='ocr_carea' id='block_1_14' title="bbox 398 1582 1979 1660">
    <p class='ocr_par' dir='ltr' id='par_1_14' title="bbox 398 1582 1979 1660">
     <span class='ocr_line' id='line_1_15' title="bbox 398 1582 1979 1660; baseline 0.006 -24"><span class='ocrx_word' id='word_1_101' title='bbox 398 1582 611 1653; x_wconf 78' lang='grc' dir='ltr'><strong>ἡδονὴν,</strong></span> <span class='ocrx_word' id='word_1_102' title='bbox 634 1587 729 1639; x_wconf 80' lang='grc' dir='ltr'><strong>καὶ</strong></span> <span class='ocrx_word' id='word_1_103' title='bbox 754 1586 907 1640; x_wconf 76' lang='grc' dir='ltr'><strong>αὐτοὶ</strong></span> <span class='ocrx_word' id='word_1_104' title='bbox 929 1587 1358 1660; x_wconf 86' lang='grc' dir='ltr'><strong>ἀλλοτριοῦνται·</strong></span> <span class='ocrx_word' id='word_1_105' title='bbox 1394 1590 1471 1654; x_wconf 86' lang='grc' dir='ltr'><strong>ὡς</strong></span> <span class='ocrx_word' id='word_1_106' title='bbox 1500 1590 1567 1645; x_wconf 84' lang='grc' dir='ltr'><strong>ἂν</strong></span> <span class='ocrx_word' id='word_1_107' title='bbox 1622 1591 1775 1645; x_wconf 74' lang='grc' dir='ltr'><strong>ἴδωσί</strong></span> <span class='ocrx_word' id='word_1_108' title='bbox 1817 1610 1878 1645; x_wconf 91' lang='grc' dir='ltr'><strong>σε</strong></span> <span class='ocrx_word' id='word_1_109' title='bbox 1901 1595 1979 1647; x_wconf 76' lang='lat' dir='ltr'><strong>ol-</strong></span> 
     </span>
    </p>
   </div>
   <div class='ocr_carea' id='block_1_15' title="bbox 398 1672 1978 1752">
    <p class='ocr_par' dir='ltr' id='par_1_15' title="bbox 398 1672 1978 1752">
     <span class='ocr_line' id='line_1_16' title="bbox 398 1672 1978 1752; baseline 0.006 -28"><span class='ocrx_word' id='word_1_110' title='bbox 398 1672 737 1743; x_wconf 88' lang='grc' dir='ltr'><strong>κειούμενον,</strong></span> <span class='ocrx_word' id='word_1_111' title='bbox 756 1675 819 1729; x_wconf 92' lang='grc' dir='ltr'><strong>οὐ</strong></span> <span class='ocrx_word' id='word_1_112' title='bbox 846 1675 1139 1747; x_wconf 89' lang='grc' dir='ltr'><strong>τολμῶσιν·</strong></span> <span class='ocrx_word' id='word_1_113' title='bbox 1167 1679 1283 1733; x_wconf 85' lang='grc' dir='ltr'><strong>ἀλλ’</strong></span> <span class='ocrx_word' id='word_1_114' title='bbox 1311 1679 1512 1750; x_wconf 86' lang='grc' dir='ltr'><strong>ὁμοίως</strong></span> <span class='ocrx_word' id='word_1_115' title='bbox 1544 1674 1597 1733; x_wconf 75' lang='grc' dir='ltr'><strong>εἰ</strong></span> <span class='ocrx_word' id='word_1_116' title='bbox 1622 1681 1715 1735; x_wconf 77' lang='grc' dir='ltr'><strong>καὶ</strong></span> <span class='ocrx_word' id='word_1_117' title='bbox 1745 1681 1810 1734; x_wconf 83' lang='grc' dir='ltr'><strong>σύ</strong></span> <span class='ocrx_word' id='word_1_118' title='bbox 1839 1680 1978 1752; x_wconf 78' lang='grc' dir='ltr'><strong>λαμο</strong></span> 
     </span>
    </p>
   </div>
   <div class='ocr_carea' id='block_1_16' title="bbox 399 1760 1979 1841">
    <p class='ocr_par' dir='ltr' id='par_1_16' title="bbox 399 1760 1979 1841">
     <span class='ocr_line' id='line_1_17' title="bbox 399 1760 1979 1841; baseline 0.008 -30"><span class='ocrx_word' id='word_1_119' title='bbox 399 1760 554 1826; x_wconf 92' lang='grc' dir='ltr'><strong>πρός.</strong></span> <span class='ocrx_word' id='word_1_120' title='bbox 607 1762 719 1815; x_wconf 89' lang='grc' dir='ltr'><strong>Οὐκ</strong></span> <span class='ocrx_word' id='word_1_121' title='bbox 774 1763 1141 1836; x_wconf 88' lang='grc' dir='ltr'><strong>εὐδοκίμησας</strong></span> <span class='ocrx_word' id='word_1_122' title='bbox 1199 1766 1412 1836; x_wconf 89' lang='grc' dir='ltr'><strong>λέγων,</strong></span> <span class='ocrx_word' id='word_1_123' title='bbox 1462 1768 1578 1823; x_wconf 87' lang='grc' dir='ltr'><strong>ἀλλ’</strong></span> <span class='ocrx_word' id='word_1_124' title='bbox 1616 1769 1979 1841; x_wconf 78' lang='grc' dir='ltr'><strong>εὐδοκίμησας</strong></span> 
     </span>
    </p>
   </div>
   <div class='ocr_carea' id='block_1_17' title="bbox 399 1842 1979 1924">
    <p class='ocr_par' dir='ltr' id='par_1_17' title="bbox 399 1842 1979 1924">
     <span class='ocr_line' id='line_1_18' title="bbox 399 1842 1979 1924; baseline 0.02 -31"><span class='ocrx_word' id='word_1_125' title='bbox 399 1842 757 1913; x_wconf 75' lang='grc' dir='ltr'><strong>συνηδόμενος</strong></span> <span class='ocrx_word' id='word_1_126' title='bbox 791 1847 1076 1917; x_wconf 79' lang='grc' dir='ltr'><strong>μειζόνως,</strong></span> <span class='ocrx_word' id='word_1_127' title='bbox 1136 1849 1170 1921; x_wconf 79' lang='grc' dir='ltr'>ἢ</span> <span class='ocrx_word' id='word_1_128' title='bbox 1206 1852 1435 1916; x_wconf 86' lang='grc' dir='ltr'><strong>ἐκεῖνος.</strong></span> <span class='ocrx_word' id='word_1_129' title='bbox 1486 1852 1551 1905; x_wconf 87' lang='grc' dir='ltr'><strong>Εἰ</strong></span> <span class='ocrx_word' id='word_1_130' title='bbox 1579 1851 1747 1923; x_wconf 83' lang='grc' dir='ltr'><strong>γὰρὴ</strong></span> <span class='ocrx_word' id='word_1_131' title='bbox 1787 1854 1979 1924; x_wconf 80' lang='grc' dir='ltr'><strong>ἀγάπη</strong></span> 
     </span>
    </p>
   </div>
   <div class='ocr_carea' id='block_1_18' title="bbox 400 1925 1982 2006">
    <p class='ocr_par' dir='ltr' id='par_1_18' title="bbox 400 1925 1982 2006">
     <span class='ocr_line' id='line_1_19' title="bbox 400 1925 1982 2006; baseline 0.008 -30"><span class='ocrx_word' id='word_1_132' title='bbox 400 1925 544 1995; x_wconf 88' lang='grc' dir='ltr'><strong>μέγα</strong></span> <span class='ocrx_word' id='word_1_133' title='bbox 576 1926 671 1979; x_wconf 80' lang='grc' dir='ltr'><strong>καὶ</strong></span> <span class='ocrx_word' id='word_1_134' title='bbox 694 1929 912 1985; x_wconf 86' lang='grc' dir='ltr'><strong>πάντων</strong></span> <span class='ocrx_word' id='word_1_135' title='bbox 944 1932 1262 2001; x_wconf 77' lang='grc' dir='ltr'><strong>κεφάλαιον,</strong></span> <span class='ocrx_word' id='word_1_136' title='bbox 1307 1936 1372 1989; x_wconf 79' lang='grc' dir='ltr'><strong>σὺ</strong></span> <span class='ocrx_word' id='word_1_137' title='bbox 1400 1934 1491 1989; x_wconf 84' lang='grc' dir='ltr'><strong>τόν</strong></span> <span class='ocrx_word' id='word_1_138' title='bbox 1520 1937 1585 1990; x_wconf 87' lang='grc' dir='ltr'><strong>ἐκ</strong></span> <span class='ocrx_word' id='word_1_139' title='bbox 1641 1938 1842 2006; x_wconf 84' lang='grc' dir='ltr'><strong>ταύτης</strong></span> <span class='ocrx_word' id='word_1_140' title='bbox 1860 1936 1982 1989; x_wconf 87' lang='grc' dir='ltr'><strong>ἔλα·-</strong></span> 
     </span>
    </p>
   </div>
   <div class='ocr_carea' id='block_1_19' title="bbox 398 2014 1981 2095">
    <p class='ocr_par' dir='ltr' id='par_1_19' title="bbox 398 2014 1981 2095">
     <span class='ocr_line' id='line_1_20' title="bbox 398 2014 1981 2095; baseline 0.008 -30"><span class='ocrx_word' id='word_1_141' title='bbox 398 2014 493 2076; x_wconf 81' lang='grc' dir='ltr'><strong>ϐες</strong></span> <span class='ocrx_word' id='word_1_142' title='bbox 526 2015 808 2086; x_wconf 90' lang='grc' dir='ltr'><strong>στέφανον·</strong></span> <span class='ocrx_word' id='word_1_143' title='bbox 834 2019 1039 2085; x_wconf 89' lang='grc' dir='ltr'><strong>ἐκεῖνος</strong></span> <span class='ocrx_word' id='word_1_144' title='bbox 1062 2020 1154 2074; x_wconf 86' lang='grc' dir='ltr'><strong>τὸν</strong></span> <span class='ocrx_word' id='word_1_145' title='bbox 1177 2023 1242 2075; x_wconf 87' lang='grc' dir='ltr'><strong>ἐκ</strong></span> <span class='ocrx_word' id='word_1_146' title='bbox 1260 2022 1359 2093; x_wconf 86' lang='grc' dir='ltr'><strong>τῆς</strong></span> <span class='ocrx_word' id='word_1_147' title='bbox 1377 2023 1686 2095; x_wconf 78' lang='grc' dir='ltr'><strong>ῥητορείας,</strong></span> <span class='ocrx_word' id='word_1_148' title='bbox 1713 2024 1776 2077; x_wconf 77' lang='grc' dir='ltr'><strong>σὺ</strong></span> <span class='ocrx_word' id='word_1_149' title='bbox 1798 2024 1890 2078; x_wconf 88' lang='grc' dir='ltr'><strong>τὸν</strong></span> <span class='ocrx_word' id='word_1_150' title='bbox 1915 2026 1981 2078; x_wconf 89' lang='grc' dir='ltr'><strong>ἐκ</strong></span> 
     </span>
    </p>
   </div>
   <div class='ocr_carea' id='block_1_20' title="bbox 397 2102 1979 2183">
    <p class='ocr_par' dir='ltr' id='par_1_20' title="bbox 397 2102 1979 2183">
     <span class='ocr_line' id='line_1_21' title="bbox 397 2102 1979 2183; baseline 0.008 -29"><span class='ocrx_word' id='word_1_151' title='bbox 397 2102 492 2155; x_wconf 90' lang='grc' dir='ltr'><strong>τοῦ</strong></span> <span class='ocrx_word' id='word_1_152' title='bbox 513 2105 717 2174; x_wconf 91' lang='grc' dir='ltr'><strong>σφόδρα</strong></span> <span class='ocrx_word' id='word_1_153' title='bbox 742 2106 936 2174; x_wconf 86' lang='grc' dir='ltr'><strong>φιλεῖν·</strong></span> <span class='ocrx_word' id='word_1_154' title='bbox 956 2110 1163 2173; x_wconf 87' lang='grc' dir='ltr'><strong>ἐκεῖνος</strong></span> <span class='ocrx_word' id='word_1_155' title='bbox 1178 2110 1491 2177; x_wconf 77' lang='grc' dir='ltr'><strong>ἐπεδείξατο</strong></span> <span class='ocrx_word' id='word_1_156' title='bbox 1515 2113 1774 2183; x_wconf 76' lang='grc' dir='ltr'><strong>ῥημάτων</strong></span> <span class='ocrx_word' id='word_1_157' title='bbox 1805 2113 1979 2183; x_wconf 82' lang='grc' dir='ltr'><strong>ἰσχὺν,</strong></span> 
     </span>
    </p>
   </div>
   <div class='ocr_carea' id='block_1_21' title="bbox 401 2190 1982 2271">
    <p class='ocr_par' dir='ltr' id='par_1_21' title="bbox 401 2190 1982 2271">
     <span class='ocr_line' id='line_1_22' title="bbox 401 2190 1982 2271; baseline 0.006 -28"><span class='ocrx_word' id='word_1_158' title='bbox 401 2192 465 2244; x_wconf 85' lang='grc' dir='ltr'><strong>σύ</strong></span> <span class='ocrx_word' id='word_1_159' title='bbox 488 2190 576 2244; x_wconf 88' lang='grc' dir='ltr'><strong>διά</strong></span> <span class='ocrx_word' id='word_1_160' title='bbox 594 2191 705 2246; x_wconf 89' lang='grc' dir='ltr'><strong>τῶν</strong></span> <span class='ocrx_word' id='word_1_161' title='bbox 730 2192 906 2263; x_wconf 80' lang='grc' dir='ltr'><strong>ἔργων</strong></span> <span class='ocrx_word' id='word_1_162' title='bbox 922 2196 1013 2248; x_wconf 85' lang='grc' dir='ltr'><strong>τὸν</strong></span> <span class='ocrx_word' id='word_1_163' title='bbox 1029 2196 1220 2265; x_wconf 80' lang='grc' dir='ltr'><strong>φθόνον</strong></span> <span class='ocrx_word' id='word_1_164' title='bbox 1245 2197 1561 2263; x_wconf 88' lang='grc' dir='ltr'><strong>κατέϐαλες,</strong></span> <span class='ocrx_word' id='word_1_165' title='bbox 1578 2199 1857 2269; x_wconf 87' lang='grc' dir='ltr'><strong>ἐπάτησας</strong></span> <span class='ocrx_word' id='word_1_166' title='bbox 1883 2200 1982 2271; x_wconf 79' lang='grc' dir='ltr'><strong>τὴν</strong></span> 
     </span>
    </p>
   </div>
   <div class='ocr_carea' id='block_1_22' title="bbox 401 2276 1982 2356">
    <p class='ocr_par' dir='ltr' id='par_1_22' title="bbox 401 2276 1982 2356">
     <span class='ocr_line' id='line_1_23' title="bbox 401 2276 1982 2356; baseline 0.008 -28"><span class='ocrx_word' id='word_1_167' title='bbox 401 2276 721 2346; x_wconf 78' lang='grc' dir='ltr'><strong>βασκανίαν.</strong></span> <span class='ocrx_word' id='word_1_168' title='bbox 751 2280 915 2334; x_wconf 80' lang='grc' dir='ltr'><strong>Ὥστε</strong></span> <span class='ocrx_word' id='word_1_169' title='bbox 940 2282 1167 2347; x_wconf 81' lang='grc' dir='ltr'><strong>εἰκότως</strong></span> <span class='ocrx_word' id='word_1_170' title='bbox 1188 2283 1255 2337; x_wconf 80' lang='grc' dir='ltr'><strong>ἂν</strong></span> <span class='ocrx_word' id='word_1_171' title='bbox 1285 2284 1485 2355; x_wconf 82' lang='grc' dir='ltr'><strong>μᾶλλον</strong></span> <span class='ocrx_word' id='word_1_172' title='bbox 1538 2284 1749 2338; x_wconf 85' lang='grc' dir='ltr'><strong>ἐκείνου</strong></span> <span class='ocrx_word' id='word_1_173' title='bbox 1783 2302 1982 2356; x_wconf 88' lang='grc' dir='ltr'><strong>στεφα-</strong></span> 
     </span>
    </p>
   </div>
   <div class='ocr_carea' id='block_1_23' title="bbox 398 2365 1984 2443">
    <p class='ocr_par' dir='ltr' id='par_1_23' title="bbox 398 2365 1984 2443">
     <span class='ocr_line' id='line_1_24' title="bbox 398 2365 1984 2443; baseline 0.005 -24"><span class='ocrx_word' id='word_1_174' title='bbox 398 2365 649 2436; x_wconf 89' lang='grc' dir='ltr'><strong>νωθείης·</strong></span> <span class='ocrx_word' id='word_1_175' title='bbox 709 2366 1089 2441; x_wconf 85' lang='grc' dir='ltr'><strong>λαμπρότερος</strong></span> <span class='ocrx_word' id='word_1_176' title='bbox 1136 2373 1165 2425; x_wconf 92' lang='lat'><strong>6</strong></span> <span class='ocrx_word' id='word_1_177' title='bbox 1214 2371 1306 2435; x_wconf 81' lang='grc' dir='ltr'><strong>σὸς</strong></span> <span class='ocrx_word' id='word_1_178' title='bbox 1349 2372 1519 2440; x_wconf 86' lang='grc' dir='ltr'><strong>ἀγών·</strong></span> <span class='ocrx_word' id='word_1_179' title='bbox 1557 2372 1658 2426; x_wconf 90' lang='grc' dir='ltr'><strong>οὐκ</strong></span> <span class='ocrx_word' id='word_1_180' title='bbox 1701 2373 1984 2443; x_wconf 84' lang='grc' dir='ltr'><strong>ἐπάτησας</strong></span> 
     </span>
    </p>
   </div>
   <div class='ocr_carea' id='block_1_24' title="bbox 403 2452 1981 2531">
    <p class='ocr_par' dir='ltr' id='par_1_24' title="bbox 403 2452 1981 2531">
     <span class='ocr_line' id='line_1_25' title="bbox 403 2452 1981 2531; baseline 0.006 -26"><span class='ocrx_word' id='word_1_181' title='bbox 403 2453 563 2523; x_wconf 87' lang='grc' dir='ltr'><strong>μόνον</strong></span> <span class='ocrx_word' id='word_1_182' title='bbox 581 2452 680 2525; x_wconf 82' lang='grc' dir='ltr'><strong>τὴν</strong></span> <span class='ocrx_word' id='word_1_183' title='bbox 704 2455 1021 2525; x_wconf 82' lang='grc' dir='ltr'><strong>βασκανίαν,</strong></span> <span class='ocrx_word' id='word_1_184' title='bbox 1055 2458 1191 2513; x_wconf 91' lang='grc' dir='ltr'><strong>ἀλλά</strong></span> <span class='ocrx_word' id='word_1_185' title='bbox 1224 2461 1317 2513; x_wconf 78' lang='grc' dir='ltr'><strong>καὶ</strong></span> <span class='ocrx_word' id='word_1_186' title='bbox 1352 2458 1540 2531; x_wconf 83' lang='grc' dir='ltr'><strong>ἐτερόν</strong></span> <span class='ocrx_word' id='word_1_187' title='bbox 1571 2478 1624 2514; x_wconf 89' lang='grc' dir='ltr'><strong>τι</strong></span> <span class='ocrx_word' id='word_1_188' title='bbox 1654 2460 1981 2531; x_wconf 86' lang='grc' dir='ltr'><strong>πεποίηκας.</strong></span> 
     </span>
    </p>
   </div>
   <div class='ocr_carea' id='block_1_25' title="bbox 414 2541 1984 2616">
    <p class='ocr_par' dir='ltr' id='par_1_25' title="bbox 414 2541 1984 2616">
     <span class='ocr_line' id='line_1_26' title="bbox 414 2541 1984 2616; baseline 0.005 -23"><span class='ocrx_word' id='word_1_189' title='bbox 414 2541 647 2605; x_wconf 86' lang='grc' dir='ltr'><strong>Ἐκεῖνος</strong></span> <span class='ocrx_word' id='word_1_190' title='bbox 674 2542 770 2597; x_wconf 85' lang='grc' dir='ltr'><strong>ἐνα</strong></span> <span class='ocrx_word' id='word_1_191' title='bbox 790 2544 904 2614; x_wconf 83' lang='grc' dir='ltr'><strong>ἔχει</strong></span> <span class='ocrx_word' id='word_1_192' title='bbox 933 2545 1196 2614; x_wconf 86' lang='grc' dir='ltr'><strong>στέφανον</strong></span> <span class='ocrx_word' id='word_1_193' title='bbox 1229 2547 1409 2616; x_wconf 91' lang='grc' dir='ltr'><strong>μόνον,</strong></span> <span class='ocrx_word' id='word_1_194' title='bbox 1435 2548 1499 2600; x_wconf 83' lang='grc' dir='ltr'><strong>σὺ</strong></span> <span class='ocrx_word' id='word_1_195' title='bbox 1521 2547 1576 2601; x_wconf 85' lang='grc' dir='ltr'><strong>δὲ</strong></span> <span class='ocrx_word' id='word_1_196' title='bbox 1600 2546 1711 2612; x_wconf 88' lang='grc' dir='ltr'><strong>δύο,</strong></span> <span class='ocrx_word' id='word_1_197' title='bbox 1739 2547 1832 2600; x_wconf 80' lang='grc' dir='ltr'><strong>καὶ</strong></span> <span class='ocrx_word' id='word_1_198' title='bbox 1857 2548 1984 2613; x_wconf 82' lang='grc' dir='ltr'><strong>τοὺς</strong></span> 
     </span>
    </p>
   </div>
   <div class='ocr_carea' id='block_1_26' title="bbox 399 2628 1984 2703">
    <p class='ocr_par' dir='ltr' id='par_1_26' title="bbox 399 2628 1984 2703">
     <span class='ocr_line' id='line_1_27' title="bbox 399 2628 1984 2703; baseline 0.004 -21"><span class='ocrx_word' id='word_1_199' title='bbox 399 2628 494 2683; x_wconf 90' lang='grc' dir='ltr'><strong>δύο</strong></span> <span class='ocrx_word' id='word_1_200' title='bbox 521 2631 615 2683; x_wconf 88' lang='grc' dir='ltr'><strong>τοῦ</strong></span> <span class='ocrx_word' id='word_1_201' title='bbox 645 2632 763 2695; x_wconf 85' lang='grc' dir='ltr'><strong>ἐνὸς</strong></span> <span class='ocrx_word' id='word_1_202' title='bbox 807 2632 1243 2703; x_wconf 85' lang='grc' dir='ltr'><strong>λαμπροτέρους.</strong></span> <span class='ocrx_word' id='word_1_203' title='bbox 1300 2636 1494 2698; x_wconf 86' lang='grc' dir='ltr'><strong>Ποίους</strong></span> <span class='ocrx_word' id='word_1_204' title='bbox 1537 2634 1804 2701; x_wconf 85' lang='grc' dir='ltr'><strong>τούτους;</strong></span> <span class='ocrx_word' id='word_1_205' title='bbox 1846 2634 1984 2689; x_wconf 85' lang='grc' dir='ltr'><strong>Ἕνα</strong></span> 
     </span>
    </p>
   </div>
   <div class='ocr_carea' id='block_1_27' title="bbox 405 2717 1985 2794">
    <p class='ocr_par' dir='ltr' id='par_1_27' title="bbox 405 2717 1985 2794">
     <span class='ocr_line' id='line_1_28' title="bbox 405 2717 1985 2794; baseline 0.003 -23"><span class='ocrx_word' id='word_1_206' title='bbox 405 2718 503 2787; x_wconf 76' lang='grc' dir='ltr'><strong>μὲν</strong></span> <span class='ocrx_word' id='word_1_207' title='bbox 530 2717 588 2771; x_wconf 84' lang='grc' dir='ltr'><strong>ὃν</strong></span> <span class='ocrx_word' id='word_1_208' title='bbox 617 2720 824 2773; x_wconf 90' lang='grc' dir='ltr'><strong>ἀνείλου</strong></span> <span class='ocrx_word' id='word_1_209' title='bbox 857 2720 999 2774; x_wconf 85' lang='grc' dir='ltr'><strong>κατά</strong></span> <span class='ocrx_word' id='word_1_210' title='bbox 1023 2720 1117 2774; x_wconf 91' lang='grc' dir='ltr'><strong>τοῦ</strong></span> <span class='ocrx_word' id='word_1_211' title='bbox 1152 2721 1372 2791; x_wconf 82' lang='grc' dir='ltr'><strong>φθόνου,</strong></span> <span class='ocrx_word' id='word_1_212' title='bbox 1402 2722 1653 2794; x_wconf 88' lang='grc' dir='ltr'><strong>δεύτερον</strong></span> <span class='ocrx_word' id='word_1_213' title='bbox 1686 2724 1743 2777; x_wconf 85' lang='grc' dir='ltr'><strong>δὲ</strong></span> <span class='ocrx_word' id='word_1_214' title='bbox 1777 2723 1838 2777; x_wconf 82' lang='grc' dir='ltr'><strong>δν</strong></span> <span class='ocrx_word' id='word_1_215' title='bbox 1886 2724 1985 2776; x_wconf 91' lang='grc' dir='ltr'><strong>ἀν-</strong></span> 
     </span>
    </p>
   </div>
   <div class='ocr_carea' id='block_1_28' title="bbox 402 2806 1984 2883">
    <p class='ocr_par' dir='ltr' id='par_1_28' title="bbox 402 2806 1984 2883">
     <span class='ocr_line' id='line_1_29' title="bbox 402 2806 1984 2883; baseline 0.006 -26"><span class='ocrx_word' id='word_1_216' title='bbox 402 2806 581 2875; x_wconf 88' lang='grc' dir='ltr'><strong>εδήσω</strong></span> <span class='ocrx_word' id='word_1_217' title='bbox 600 2806 666 2861; x_wconf 85' lang='grc' dir='ltr'><strong>ἐκ</strong></span> <span class='ocrx_word' id='word_1_218' title='bbox 690 2806 791 2877; x_wconf 82' lang='grc' dir='ltr'><strong>τῆς</strong></span> <span class='ocrx_word' id='word_1_219' title='bbox 821 2808 1062 2879; x_wconf 84' lang='grc' dir='ltr'><strong>ἀγάπης.</strong></span> <span class='ocrx_word' id='word_1_220' title='bbox 1086 2810 1163 2862; x_wconf 88' lang='grc' dir='ltr'><strong>Οὐ</strong></span> <span class='ocrx_word' id='word_1_221' title='bbox 1179 2809 1289 2881; x_wconf 92' lang='grc' dir='ltr'><strong>γάρ</strong></span> <span class='ocrx_word' id='word_1_222' title='bbox 1308 2809 1402 2864; x_wconf 84' lang='grc' dir='ltr'><strong>τοῦ</strong></span> <span class='ocrx_word' id='word_1_223' title='bbox 1425 2811 1665 2883; x_wconf 87' lang='grc' dir='ltr'><strong>καθαρόν</strong></span> <span class='ocrx_word' id='word_1_224' title='bbox 1690 2809 1829 2865; x_wconf 85' lang='grc' dir='ltr'><strong>εἷναι</strong></span> <span class='ocrx_word' id='word_1_225' title='bbox 1854 2811 1984 2883; x_wconf 87' lang='grc' dir='ltr'><strong>φθό-</strong></span> 
     </span>
    </p>
   </div>
   <div class='ocr_carea' id='block_1_29' title="bbox 402 2896 1984 2968">
    <p class='ocr_par' dir='ltr' id='par_1_29' title="bbox 402 2896 1984 2968">
     <span class='ocr_line' id='line_1_30' title="bbox 402 2896 1984 2968; baseline 0.005 -22"><span class='ocrx_word' id='word_1_226' title='bbox 402 2910 495 2946; x_wconf 89' lang='grc' dir='ltr'><strong>νου</strong></span> <span class='ocrx_word' id='word_1_227' title='bbox 544 2896 843 2967; x_wconf 87' lang='grc' dir='ltr'><strong>τεκμήριον</strong></span> <span class='ocrx_word' id='word_1_228' title='bbox 879 2896 1041 2965; x_wconf 90' lang='grc' dir='ltr'><strong>μόνον</strong></span> <span class='ocrx_word' id='word_1_229' title='bbox 1086 2896 1150 2950; x_wconf 83' lang='grc' dir='ltr'><strong>τὸ</strong></span> <span class='ocrx_word' id='word_1_230' title='bbox 1190 2897 1537 2968; x_wconf 88' lang='grc' dir='ltr'><strong>συνήδεσθαι,</strong></span> <span class='ocrx_word' id='word_1_231' title='bbox 1571 2898 1708 2953; x_wconf 86' lang='grc' dir='ltr'><strong>ἀλλά</strong></span> <span class='ocrx_word' id='word_1_232' title='bbox 1759 2898 1984 2954; x_wconf 78' lang='grc' dir='ltr'><strong>καὶτοῦ</strong></span> 
     </span>
    </p>
   </div>
   <div class='ocr_carea' id='block_1_30' title="bbox 400 2981 1986 3057">
    <p class='ocr_par' dir='ltr' id='par_1_30' title="bbox 400 2981 1986 3057">
     <span class='ocr_line' id='line_1_31' title="bbox 400 2981 1986 3057; baseline 0.006 -23"><span class='ocrx_word' id='word_1_233' title='bbox 400 2981 622 3053; x_wconf 84' lang='grc' dir='ltr'><strong>ἀγάπην</strong></span> <span class='ocrx_word' id='word_1_234' title='bbox 652 2982 798 3054; x_wconf 84' lang='grc' dir='ltr'><strong>ἔχειν</strong></span> <span class='ocrx_word' id='word_1_235' title='bbox 823 2984 1222 3056; x_wconf 73' lang='grc' dir='ltr'><strong>ἐρριζωμένην.</strong></span> <span class='ocrx_word' id='word_1_236' title='bbox 1300 2986 1522 3057; x_wconf 76' lang='grc' dir='ltr'><strong>Ἐκεῑνῳ</strong></span> <span class='ocrx_word' id='word_1_237' title='bbox 1576 2987 1836 3052; x_wconf 85' lang='grc' dir='ltr'><strong>πολλάκις</strong></span> <span class='ocrx_word' id='word_1_238' title='bbox 1888 2989 1986 3043; x_wconf 78' lang='grc' dir='ltr'><strong>καὶ</strong></span> 
     </span>
    </p>
   </div>
   <div class='ocr_carea' id='block_1_31' title="bbox 402 3068 1985 3145">
    <p class='ocr_par' dir='ltr' id='par_1_31' title="bbox 402 3068 1985 3145">
     <span class='ocr_line' id='line_1_32' title="bbox 402 3068 1985 3145; baseline 0.004 -21"><span class='ocrx_word' id='word_1_239' title='bbox 402 3070 741 3142; x_wconf 87' lang='grc' dir='ltr'><strong>ἀνθρώπινόν</strong></span> <span class='ocrx_word' id='word_1_240' title='bbox 766 3091 822 3127; x_wconf 91' lang='grc' dir='ltr'><strong>τι</strong></span> <span class='ocrx_word' id='word_1_241' title='bbox 850 3072 1111 3145; x_wconf 87' lang='grc' dir='ltr'><strong>διενοχλεῖ</strong></span> <span class='ocrx_word' id='word_1_242' title='bbox 1136 3073 1329 3141; x_wconf 84' lang='grc' dir='ltr'><strong>πάθος,</strong></span> <span class='ocrx_word' id='word_1_243' title='bbox 1375 3068 1485 3128; x_wconf 75' lang='grc' dir='ltr'><strong>οἷον</strong></span> <span class='ocrx_word' id='word_1_244' title='bbox 1514 3076 1548 3144; x_wconf 82' lang='grc' dir='ltr'><strong>ἡ</strong></span> <span class='ocrx_word' id='word_1_245' title='bbox 1594 3075 1889 3144; x_wconf 77' lang='grc' dir='ltr'><strong>κενοδοξία·</strong></span> <span class='ocrx_word' id='word_1_246' title='bbox 1920 3076 1985 3131; x_wconf 81' lang='grc' dir='ltr'><strong>σὺ</strong></span> 
     </span>
    </p>
   </div>
   <div class='ocr_carea' id='block_1_32' title="bbox 402 3156 1987 3236">
    <p class='ocr_par' dir='ltr' id='par_1_32' title="bbox 402 3156 1987 3236">
     <span class='ocr_line' id='line_1_33' title="bbox 402 3156 1987 3236; baseline 0.002 -23"><span class='ocrx_word' id='word_1_247' title='bbox 402 3159 461 3213; x_wconf 81' lang='grc' dir='ltr'><strong>δὲ</strong></span> <span class='ocrx_word' id='word_1_248' title='bbox 495 3159 698 3224; x_wconf 83' lang='grc' dir='ltr'><strong>παντὸς</strong></span> <span class='ocrx_word' id='word_1_249' title='bbox 725 3156 777 3214; x_wconf 76' lang='grc' dir='ltr'><strong>εἰ</strong></span> <span class='ocrx_word' id='word_1_250' title='bbox 802 3160 1011 3226; x_wconf 84' lang='grc' dir='ltr'><strong>πάθους</strong></span> <span class='ocrx_word' id='word_1_251' title='bbox 1036 3161 1298 3234; x_wconf 89' lang='grc' dir='ltr'><strong>καθαρός·</strong></span> <span class='ocrx_word' id='word_1_252' title='bbox 1327 3162 1389 3217; x_wconf 90' lang='grc' dir='ltr'><strong>οὐ</strong></span> <span class='ocrx_word' id='word_1_253' title='bbox 1428 3162 1539 3235; x_wconf 88' lang='grc' dir='ltr'><strong>γάρ</strong></span> <span class='ocrx_word' id='word_1_254' title='bbox 1564 3163 1630 3236; x_wconf 78' lang='grc' dir='ltr'><strong>δὴ</strong></span> <span class='ocrx_word' id='word_1_255' title='bbox 1690 3163 1987 3229; x_wconf 83' lang='grc' dir='ltr'><strong>κενοδοξῶν</strong></span> 
     </span>
    </p>
   </div>
   <div class='ocr_carea' id='block_1_33' title="bbox 404 3246 1984 3325">
    <p class='ocr_par' dir='ltr' id='par_1_33' title="bbox 404 3246 1984 3325">
     <span class='ocr_line' id='line_1_34' title="bbox 404 3246 1984 3325; baseline 0.003 -24"><span class='ocrx_word' id='word_1_256' title='bbox 404 3246 615 3319; x_wconf 75' lang='grc' dir='ltr'><strong>χαίρεις</strong></span> <span class='ocrx_word' id='word_1_257' title='bbox 633 3249 727 3301; x_wconf 78' lang='grc' dir='ltr'><strong>ἐπὶ</strong></span> <span class='ocrx_word' id='word_1_258' title='bbox 752 3250 868 3312; x_wconf 89' lang='grc' dir='ltr'><strong>τοῖς</strong></span> <span class='ocrx_word' id='word_1_259' title='bbox 894 3248 1084 3321; x_wconf 79' lang='grc' dir='ltr'><strong>ἐτέρου</strong></span> <span class='ocrx_word' id='word_1_260' title='bbox 1121 3250 1327 3314; x_wconf 87' lang='grc' dir='ltr'><strong>καλοῖς.</strong></span> <span class='ocrx_word' id='word_1_261' title='bbox 1384 3251 1633 3324; x_wconf 84' lang='grc' dir='ltr'><strong>Ὠρθωσε</strong></span> <span class='ocrx_word' id='word_1_262' title='bbox 1664 3252 1765 3325; x_wconf 80' lang='grc' dir='ltr'><strong>τὴν</strong></span> <span class='ocrx_word' id='word_1_263' title='bbox 1784 3251 1984 3325; x_wconf 87' lang='grc' dir='ltr'><strong>ἐκκλη-</strong></span> 
     </span>
    </p>
   </div>
   <div class='ocr_carea' id='block_1_34' title="bbox 407 3335 1989 3410">
    <p class='ocr_par' dir='ltr' id='par_1_34' title="bbox 407 3335 1989 3410">
     <span class='ocr_line' id='line_1_35' title="bbox 407 3335 1989 3410; baseline 0.003 -22"><span class='ocrx_word' id='word_1_264' title='bbox 407 3336 529 3389; x_wconf 88' lang='grc' dir='ltr'><strong>σίαν</strong></span> <span class='ocrx_word' id='word_1_265' title='bbox 560 3336 785 3401; x_wconf 84' lang='grc' dir='ltr'><strong>ἐκεῖνος,</strong></span> <span class='ocrx_word' id='word_1_266' title='bbox 819 3335 939 3390; x_wconf 81' lang='grc' dir='ltr'><strong>εἰπέ</strong></span> <span class='ocrx_word' id='word_1_267' title='bbox 961 3354 1052 3408; x_wconf 90' lang='grc' dir='ltr'><strong>μοι</strong></span> <span class='ocrx_word' id='word_1_268' title='bbox 1071 3355 1087 3405; x_wconf 88' lang='grc'><strong>;</strong></span> <span class='ocrx_word' id='word_1_269' title='bbox 1107 3337 1316 3410; x_wconf 79' lang='grc' dir='ltr'><strong>ηὔξησε</strong></span> <span class='ocrx_word' id='word_1_270' title='bbox 1338 3338 1429 3395; x_wconf 84' lang='grc' dir='ltr'><strong>τὸν</strong></span> <span class='ocrx_word' id='word_1_271' title='bbox 1461 3339 1751 3410; x_wconf 86' lang='grc' dir='ltr'><strong>σύλλογον;</strong></span> <span class='ocrx_word' id='word_1_272' title='bbox 1776 3340 1989 3394; x_wconf 81' lang='grc' dir='ltr'><strong>ἐπαίνε-</strong></span> 
     </span>
    </p>
   </div>
   <div class='ocr_carea' id='block_1_35' title="bbox 407 3424 1988 3499">
    <p class='ocr_par' dir='ltr' id='par_1_35' title="bbox 407 3424 1988 3499">
     <span class='ocr_line' id='line_1_36' title="bbox 407 3424 1988 3499; baseline 0.003 -22"><span class='ocrx_word' id='word_1_273' title='bbox 407 3440 499 3477; x_wconf 89' lang='grc' dir='ltr'><strong>σον</strong></span> <span class='ocrx_word' id='word_1_274' title='bbox 526 3424 710 3479; x_wconf 84' lang='grc' dir='ltr'><strong>πάλιν·</strong></span> <span class='ocrx_word' id='word_1_275' title='bbox 734 3424 877 3496; x_wconf 82' lang='grc' dir='ltr'><strong>ἔχεις</strong></span> <span class='ocrx_word' id='word_1_276' title='bbox 904 3424 1123 3490; x_wconf 82' lang='grc' dir='ltr'><strong>διπλοῦς</strong></span> <span class='ocrx_word' id='word_1_277' title='bbox 1156 3428 1285 3490; x_wconf 84' lang='grc' dir='ltr'><strong>τοὺς</strong></span> <span class='ocrx_word' id='word_1_278' title='bbox 1308 3427 1626 3496; x_wconf 84' lang='grc' dir='ltr'><strong>στεφάνους·</strong></span> <span class='ocrx_word' id='word_1_279' title='bbox 1662 3427 1756 3482; x_wconf 82' lang='grc' dir='ltr'><strong>τὸν</strong></span> <span class='ocrx_word' id='word_1_280' title='bbox 1794 3428 1988 3499; x_wconf 86' lang='grc' dir='ltr'><strong>φθόνον</strong></span> 
     </span>
    </p>
   </div>
   <div class='ocr_carea' id='block_1_36' title="bbox 405 3511 1989 3586">
    <p class='ocr_par' dir='ltr' id='par_1_36' title="bbox 405 3511 1989 3586">
     <span class='ocr_line' id='line_1_37' title="bbox 405 3511 1989 3586; baseline 0.001 -19"><span class='ocrx_word' id='word_1_281' title='bbox 405 3511 721 3579; x_wconf 85' lang='grc' dir='ltr'><strong>κατέϐαλες,</strong></span> <span class='ocrx_word' id='word_1_282' title='bbox 748 3511 849 3584; x_wconf 80' lang='grc' dir='ltr'><strong>τὴν</strong></span> <span class='ocrx_word' id='word_1_283' title='bbox 868 3513 1089 3585; x_wconf 88' lang='grc' dir='ltr'><strong>ἀγάπην</strong></span> <span class='ocrx_word' id='word_1_284' title='bbox 1107 3514 1369 3586; x_wconf 86' lang='grc' dir='ltr'><strong>ἀνεδήσω.</strong></span> <span class='ocrx_word' id='word_1_285' title='bbox 1399 3515 1509 3570; x_wconf 82' lang='grc' dir='ltr'><strong>Ναὶ</strong></span> <span class='ocrx_word' id='word_1_286' title='bbox 1535 3515 1747 3586; x_wconf 88' lang='grc' dir='ltr'><strong>δέομαι,</strong></span> <span class='ocrx_word' id='word_1_287' title='bbox 1777 3516 1873 3569; x_wconf 81' lang='grc' dir='ltr'><strong>καὶ</strong></span> <span class='ocrx_word' id='word_1_288' title='bbox 1896 3516 1989 3569; x_wconf 90' lang='grc' dir='ltr'><strong>ἀν-</strong></span> 
     </span>
    </p>
   </div>
   <div class='ocr_carea' id='block_1_37' title="bbox 404 3598 1988 3673">
    <p class='ocr_par' dir='ltr' id='par_1_37' title="bbox 404 3598 1988 3673">
     <span class='ocr_line' id='line_1_38' title="bbox 404 3598 1988 3673; baseline 0.002 -20"><span class='ocrx_word' id='word_1_289' title='bbox 404 3599 624 3654; x_wconf 89' lang='grc' dir='ltr'><strong>τιϐολῶ.</strong></span> <span class='ocrx_word' id='word_1_290' title='bbox 640 3598 833 3653; x_wconf 90' lang='grc' dir='ltr'><strong>Βούλει</strong></span> <span class='ocrx_word' id='word_1_291' title='bbox 854 3600 947 3653; x_wconf 79' lang='grc' dir='ltr'><strong>καὶ</strong></span> <span class='ocrx_word' id='word_1_292' title='bbox 965 3599 1149 3673; x_wconf 81' lang='grc' dir='ltr'><strong>τρίτον</strong></span> <span class='ocrx_word' id='word_1_293' title='bbox 1180 3600 1415 3656; x_wconf 88' lang='grc' dir='ltr'><strong>ἀκοῦσαι</strong></span> <span class='ocrx_word' id='word_1_294' title='bbox 1446 3601 1745 3672; x_wconf 85' lang='grc' dir='ltr'><strong>στέφανον;</strong></span> <span class='ocrx_word' id='word_1_295' title='bbox 1798 3601 1988 3656; x_wconf 83' lang='grc' dir='ltr'><strong>τοῦτον</strong></span> 
     </span>
    </p>
   </div>
   <div class='ocr_carea' id='block_1_38' title="bbox 404 3689 1987 3762">
    <p class='ocr_par' dir='ltr' id='par_1_38' title="bbox 404 3689 1987 3762">
     <span class='ocr_line' id='line_1_39' title="bbox 404 3689 1987 3762; baseline 0 -18"><span class='ocrx_word' id='word_1_296' title='bbox 404 3691 457 3744; x_wconf 81' lang='grc' dir='ltr'><strong>οἱ</strong></span> <span class='ocrx_word' id='word_1_297' title='bbox 491 3691 643 3745; x_wconf 88' lang='grc' dir='ltr'><strong>κάτω</strong></span> <span class='ocrx_word' id='word_1_298' title='bbox 664 3689 950 3762; x_wconf 83' lang='grc' dir='ltr'><strong>κροτοῦσιν</strong></span> <span class='ocrx_word' id='word_1_299' title='bbox 971 3689 1272 3761; x_wconf 80' lang='grc' dir='ltr'><strong>ἄνθρωποι,</strong></span> <span class='ocrx_word' id='word_1_300' title='bbox 1300 3690 1361 3744; x_wconf 85' lang='grc' dir='ltr'><strong>σέ</strong></span> <span class='ocrx_word' id='word_1_301' title='bbox 1406 3692 1457 3745; x_wconf 88' lang='grc' dir='ltr'><strong>οί</strong></span> <span class='ocrx_word' id='word_1_302' title='bbox 1483 3692 1596 3747; x_wconf 80' lang='grc' dir='ltr'><strong>ἄνω</strong></span> <span class='ocrx_word' id='word_1_303' title='bbox 1619 3692 1863 3760; x_wconf 81' lang='grc' dir='ltr'><strong>ἄγγελοι.</strong></span> <span class='ocrx_word' id='word_1_304' title='bbox 1911 3692 1987 3745; x_wconf 88' lang='grc' dir='ltr'><strong>Οὐ</strong></span> 
     </span>
    </p>
   </div>
   <div class='ocr_carea' id='block_1_39' title="bbox 406 3776 1989 3849">
    <p class='ocr_par' dir='ltr' id='par_1_39' title="bbox 406 3776 1989 3849">
     <span class='ocr_line' id='line_1_40' title="bbox 406 3776 1989 3849; baseline 0 -18"><span class='ocrx_word' id='word_1_305' title='bbox 406 3778 517 3849; x_wconf 88' lang='grc' dir='ltr'><strong>γάρ</strong></span> <span class='ocrx_word' id='word_1_306' title='bbox 547 3778 697 3831; x_wconf 90' lang='grc' dir='ltr'><strong>ἐστιν</strong></span> <span class='ocrx_word' id='word_1_307' title='bbox 726 3776 841 3831; x_wconf 88' lang='grc' dir='ltr'><strong>ίσον</strong></span> <span class='ocrx_word' id='word_1_308' title='bbox 889 3777 1143 3832; x_wconf 84' lang='grc' dir='ltr'><strong>εὐέπειαν</strong></span> <span class='ocrx_word' id='word_1_309' title='bbox 1174 3777 1605 3847; x_wconf 89' lang='grc' dir='ltr'><strong>ἐπιδείκνυσθαι,</strong></span> <span class='ocrx_word' id='word_1_310' title='bbox 1648 3780 1743 3832; x_wconf 75' lang='grc' dir='ltr'><strong>καὶ</strong></span> <span class='ocrx_word' id='word_1_311' title='bbox 1799 3777 1989 3832; x_wconf 87' lang='grc' dir='ltr'><strong>παθῶν</strong></span> 
     </span>
    </p>
   </div>
   <div class='ocr_carea' id='block_1_40' title="bbox 408 3857 1990 3937">
    <p class='ocr_par' dir='ltr' id='par_1_40' title="bbox 408 3857 1990 3937">
     <span class='ocr_line' id='line_1_41' title="bbox 408 3857 1990 3937; baseline -0.001 -19"><span class='ocrx_word' id='word_1_312' title='bbox 408 3868 654 3936; x_wconf 83' lang='grc' dir='ltr'><strong>κρατεῖν.</strong></span> <span class='ocrx_word' id='word_1_313' title='bbox 684 3857 852 3929; x_wconf 72' lang='grc' dir='ltr'><strong>Οὗτος</strong></span> <span class='ocrx_word' id='word_1_314' title='bbox 889 3865 918 3918; x_wconf 91' lang='lat'><strong>6</strong></span> <span class='ocrx_word' id='word_1_315' title='bbox 964 3863 1186 3928; x_wconf 76' lang='grc' dir='ltr'><strong>ἔπαινος</strong></span> <span class='ocrx_word' id='word_1_316' title='bbox 1215 3864 1573 3937; x_wconf 88' lang='grc' dir='ltr'><strong>πρόσκαιρος,</strong></span> <span class='ocrx_word' id='word_1_317' title='bbox 1624 3866 1830 3928; x_wconf 88' lang='grc' dir='ltr'><strong>ἐκεῖνος</strong></span> <span class='ocrx_word' id='word_1_318' title='bbox 1859 3864 1990 3918; x_wconf 82' lang='grc' dir='ltr'><strong>αἰὼ-</strong></span> 
     </span>
    </p>
   </div>
   <div class='ocr_carea' id='block_1_41' title="bbox 408 3946 1991 4023">
    <p class='ocr_par' dir='ltr' id='par_1_41' title="bbox 408 3946 1991 4023">
     <span class='ocr_line' id='line_1_42' title="bbox 408 3946 1991 4023; baseline -0.002 -16"><span class='ocrx_word' id='word_1_319' title='bbox 408 3969 540 4017; x_wconf 82' lang='grc' dir='ltr'><strong>νιος·</strong></span> <span class='ocrx_word' id='word_1_320' title='bbox 570 3947 722 4017; x_wconf 73' lang='grc' dir='ltr'><strong>οὗτος</strong></span> <span class='ocrx_word' id='word_1_321' title='bbox 750 3951 811 4016; x_wconf 83' lang='grc' dir='ltr'><strong>ἐξ</strong></span> <span class='ocrx_word' id='word_1_322' title='bbox 833 3952 1155 4023; x_wconf 79' lang='grc' dir='ltr'><strong>ἀνθρώπων,</strong></span> <span class='ocrx_word' id='word_1_323' title='bbox 1183 3954 1391 4017; x_wconf 90' lang='grc' dir='ltr'><strong>ἐκεῖνος</strong></span> <span class='ocrx_word' id='word_1_324' title='bbox 1422 3954 1488 4007; x_wconf 89' lang='grc' dir='ltr'><strong>ἐκ</strong></span> <span class='ocrx_word' id='word_1_325' title='bbox 1501 3952 1658 4007; x_wconf 83' lang='grc' dir='ltr'><strong>Θεοῦ·</strong></span> <span class='ocrx_word' id='word_1_326' title='bbox 1688 3946 1841 4017; x_wconf 73' lang='grc' dir='ltr'><strong>οὗτος</strong></span> <span class='ocrx_word' id='word_1_327' title='bbox 1872 3950 1991 4022; x_wconf 88' lang='grc' dir='ltr'><strong>φαί-</strong></span> 
     </span>
    </p>
   </div>
   <div class='ocr_carea' id='block_1_42' title="bbox 408 4038 1991 4112">
    <p class='ocr_par' dir='ltr' id='par_1_42' title="bbox 408 4038 1991 4112">
     <span class='ocr_line' id='line_1_43' title="bbox 408 4038 1991 4112; baseline -0.001 -18"><span class='ocrx_word' id='word_1_328' title='bbox 408 4058 559 4095; x_wconf 90' lang='grc' dir='ltr'><strong>νεται</strong></span> <span class='ocrx_word' id='word_1_329' title='bbox 584 4041 1049 4111; x_wconf 87' lang='grc' dir='ltr'><strong>ἐστεφανωμένος,</strong></span> <span class='ocrx_word' id='word_1_330' title='bbox 1082 4042 1147 4094; x_wconf 86' lang='grc' dir='ltr'><strong>σὺ</strong></span> <span class='ocrx_word' id='word_1_331' title='bbox 1172 4040 1230 4095; x_wconf 84' lang='grc' dir='ltr'><strong>δὲ</strong></span> <span class='ocrx_word' id='word_1_332' title='bbox 1264 4042 1321 4094; x_wconf 88' lang='grc' dir='ltr'><strong>ἐν</strong></span> <span class='ocrx_word' id='word_1_333' title='bbox 1341 4041 1420 4112; x_wconf 82' lang='grc' dir='ltr'><strong>τῷ</strong></span> <span class='ocrx_word' id='word_1_334' title='bbox 1445 4040 1671 4112; x_wconf 79' lang='grc' dir='ltr'><strong>κρυπτῷ</strong></span> <span class='ocrx_word' id='word_1_335' title='bbox 1695 4038 1991 4110; x_wconf 86' lang='grc' dir='ltr'><strong>στεφανοῦ-</strong></span> 
     </span>
    </p>
   </div>
   <div class='ocr_carea' id='block_1_43' title="bbox 412 4124 1992 4197">
    <p class='ocr_par' dir='ltr' id='par_1_43' title="bbox 412 4124 1992 4197">
     <span class='ocr_line' id='line_1_44' title="bbox 412 4124 1992 4197; baseline -0.001 -20"><span class='ocrx_word' id='word_1_336' title='bbox 412 4142 522 4189; x_wconf 89' lang='grc' dir='ltr'><strong>σαι,</strong></span> <span class='ocrx_word' id='word_1_337' title='bbox 548 4124 682 4177; x_wconf 82' lang='grc' dir='ltr'><strong>ὅπου</strong></span> <span class='ocrx_word' id='word_1_338' title='bbox 710 4124 739 4177; x_wconf 92' lang='lat'><strong>6</strong></span> <span class='ocrx_word' id='word_1_339' title='bbox 764 4124 955 4197; x_wconf 85' lang='grc' dir='ltr'><strong>Πατήρ</strong></span> <span class='ocrx_word' id='word_1_340' title='bbox 982 4140 1077 4177; x_wconf 91' lang='grc' dir='ltr'><strong>σου</strong></span> <span class='ocrx_word' id='word_1_341' title='bbox 1105 4125 1228 4194; x_wconf 79' lang='grc' dir='ltr'><strong>όρᾷ.</strong></span> <span class='ocrx_word' id='word_1_342' title='bbox 1256 4124 1320 4177; x_wconf 72' lang='lat' dir='ltr'><strong>El</strong></span> <span class='ocrx_word' id='word_1_343' title='bbox 1347 4124 1409 4177; x_wconf 88' lang='grc' dir='ltr'><strong>τὸ</strong></span> <span class='ocrx_word' id='word_1_344' title='bbox 1431 4124 1591 4195; x_wconf 90' lang='grc' dir='ltr'><strong>σῶμα</strong></span> <span class='ocrx_word' id='word_1_345' title='bbox 1615 4124 1992 4195; x_wconf 86' lang='grc' dir='ltr'><strong>ἀποσχίσαντα</strong></span> 
     </span>
    </p>
   </div>
   <div class='ocr_carea' id='block_1_44' title="bbox 409 4203 1990 4280">
    <p class='ocr_par' dir='ltr' id='par_1_44' title="bbox 409 4203 1990 4280">
     <span class='ocr_line' id='line_1_45' title="bbox 409 4203 1990 4280; baseline 0.001 -19"><span class='ocrx_word' id='word_1_346' title='bbox 409 4208 510 4280; x_wconf 86' lang='grc' dir='ltr'><strong>τὴν</strong></span> <span class='ocrx_word' id='word_1_347' title='bbox 536 4207 767 4262; x_wconf 83' lang='grc' dir='ltr'><strong>ἑκάστου</strong></span> <span class='ocrx_word' id='word_1_348' title='bbox 804 4206 983 4279; x_wconf 75' lang='grc' dir='ltr'><strong>ψυχὴν</strong></span> <span class='ocrx_word' id='word_1_349' title='bbox 1011 4203 1079 4279; x_wconf 78' lang='grc' dir='ltr'><strong>ἦν</strong></span> <span class='ocrx_word' id='word_1_350' title='bbox 1122 4208 1272 4273; x_wconf 79' lang='grc' dir='ltr'><strong>ἰδεῖν,</strong></span> <span class='ocrx_word' id='word_1_351' title='bbox 1325 4207 1502 4273; x_wconf 80' lang='grc' dir='ltr'><strong>ἔδειξα</strong></span> <span class='ocrx_word' id='word_1_352' title='bbox 1546 4208 1613 4263; x_wconf 83' lang='grc' dir='ltr'><strong>ἀν</strong></span> <span class='ocrx_word' id='word_1_353' title='bbox 1663 4225 1748 4262; x_wconf 89' lang='grc' dir='ltr'><strong>σοι</strong></span> <span class='ocrx_word' id='word_1_354' title='bbox 1799 4207 1990 4263; x_wconf 89' lang='grc' dir='ltr'><strong>τοῦτον</strong></span> 
     </span>
    </p>
   </div>
   <div class='ocr_carea' id='block_1_45' title="bbox 410 4290 1990 4363">
    <p class='ocr_par' dir='ltr' id='par_1_45' title="bbox 410 4290 1990 4363">
     <span class='ocr_line' id='line_1_46' title="bbox 410 4290 1990 4363; baseline 0 -18"><span class='ocrx_word' id='word_1_355' title='bbox 410 4291 622 4345; x_wconf 85' lang='grc' dir='ltr'><strong>ἐκείνου</strong></span> <span class='ocrx_word' id='word_1_356' title='bbox 649 4292 993 4363; x_wconf 88' lang='grc' dir='ltr'><strong>σεμνότερον,</strong></span> <span class='ocrx_word' id='word_1_357' title='bbox 1020 4291 1220 4362; x_wconf 82' lang='grc' dir='ltr'><strong>μᾶλλον</strong></span> <span class='ocrx_word' id='word_1_358' title='bbox 1252 4290 1669 4348; x_wconf 83' lang='grc' dir='ltr'><strong>ἀποστίλϐοντα.</strong></span> <span class='ocrx_word' id='word_1_359' title='bbox 1723 4294 1990 4359; x_wconf 80' lang='grc' dir='ltr'><strong>Πατήσω-</strong></span> 
     </span>
    </p>
   </div>
   <div class='ocr_carea' id='block_1_46' title="bbox 416 4374 1992 4446">
    <p class='ocr_par' dir='ltr' id='par_1_46' title="bbox 416 4374 1992 4446">
     <span class='ocr_line' id='line_1_47' title="bbox 416 4374 1992 4446; baseline -0.001 -19"><span class='ocrx_word' id='word_1_360' title='bbox 416 4390 516 4444; x_wconf 87' lang='grc' dir='ltr'><strong>μεν</strong></span> <span class='ocrx_word' id='word_1_361' title='bbox 562 4375 635 4427; x_wconf 86' lang='grc' dir='ltr'><strong>τὰ</strong></span> <span class='ocrx_word' id='word_1_362' title='bbox 688 4376 887 4446; x_wconf 88' lang='grc' dir='ltr'><strong>κέντρα</strong></span> <span class='ocrx_word' id='word_1_363' title='bbox 936 4375 1037 4445; x_wconf 81' lang='grc' dir='ltr'><strong>τῆς</strong></span> <span class='ocrx_word' id='word_1_364' title='bbox 1076 4374 1399 4446; x_wconf 84' lang='grc' dir='ltr'><strong>βασκανίας,</strong></span> <span class='ocrx_word' id='word_1_365' title='bbox 1457 4376 1686 4439; x_wconf 79' lang='grc' dir='ltr'><strong>ἑαυτοὺς</strong></span> <span class='ocrx_word' id='word_1_366' title='bbox 1741 4374 1992 4429; x_wconf 88' lang='grc' dir='ltr'><strong>ἐντεῦθεν</strong></span> 
     </span>
    </p>
   </div>
   <div class='ocr_carea' id='block_1_47' title="bbox 412 4458 1991 4532">
    <p class='ocr_par' dir='ltr' id='par_1_47' title="bbox 412 4458 1991 4532">
     <span class='ocr_line' id='line_1_48' title="bbox 412 4458 1991 4532; baseline -0.001 -20"><span class='ocrx_word' id='word_1_367' title='bbox 412 4458 731 4530; x_wconf 81' lang='grc' dir='ltr'><strong>ὠφελοῦμεν</strong></span> <span class='ocrx_word' id='word_1_368' title='bbox 761 4459 1056 4531; x_wconf 83' lang='grc' dir='ltr'><strong>ἀγαπητοὶ,</strong></span> <span class='ocrx_word' id='word_1_369' title='bbox 1089 4458 1243 4513; x_wconf 79' lang='grc' dir='ltr'><strong>αὐτοὶ</strong></span> <span class='ocrx_word' id='word_1_370' title='bbox 1288 4458 1670 4532; x_wconf 87' lang='grc' dir='ltr'><strong>ἀναδησόμεθα</strong></span> <span class='ocrx_word' id='word_1_371' title='bbox 1721 4459 1812 4513; x_wconf 86' lang='grc' dir='ltr'><strong>τὸν</strong></span> <span class='ocrx_word' id='word_1_372' title='bbox 1868 4460 1991 4511; x_wconf 84' lang='grc' dir='ltr'><strong>στέ-</strong></span> 
     </span>
    </p>
   </div>
   <div class='ocr_carea' id='block_1_48' title="bbox 416 4558 602 4611">
    <p class='ocr_par' dir='ltr' id='par_1_48' title="bbox 416 4558 602 4611">
     <span class='ocr_line' id='line_1_49' title="bbox 416 4558 602 4611; baseline 0.005 -15"><span class='ocrx_word' id='word_1_373' title='bbox 416 4558 602 4611; x_wconf 86' lang='grc' dir='ltr'><strong>φανον.</strong></span> 
     </span>
    </p>
   </div>
   <div class='ocr_carea' id='block_1_49' title="bbox 498 4666 1992 4739">
    <p class='ocr_par' dir='ltr' id='par_1_49' title="bbox 498 4666 1992 4739">
     <span class='ocr_line' id='line_1_50' title="bbox 498 4666 1992 4739; baseline 0.001 -19"><span class='ocrx_word' id='word_1_374' title='bbox 498 4667 558 4720; x_wconf 90' lang='lat'><strong>&#39;0</strong></span> <span class='ocrx_word' id='word_1_375' title='bbox 583 4666 906 4737; x_wconf 90' lang='grc' dir='ltr'><strong>βασκαινων,</strong></span> <span class='ocrx_word' id='word_1_376' title='bbox 935 4666 1015 4738; x_wconf 83' lang='grc' dir='ltr'><strong>τῷ</strong></span> <span class='ocrx_word' id='word_1_377' title='bbox 1037 4667 1157 4739; x_wconf 87' lang='grc' dir='ltr'><strong>Θεῷ</strong></span> <span class='ocrx_word' id='word_1_378' title='bbox 1208 4669 1462 4739; x_wconf 87' lang='grc' dir='ltr'><strong>μάχεται,</strong></span> <span class='ocrx_word' id='word_1_379' title='bbox 1489 4668 1589 4721; x_wconf 88' lang='grc' dir='ltr'><strong>οὐκ</strong></span> <span class='ocrx_word' id='word_1_380' title='bbox 1628 4667 1841 4736; x_wconf 84' lang='grc' dir='ltr'><strong>ἐκείνῳ·</strong></span> <span class='ocrx_word' id='word_1_381' title='bbox 1864 4668 1992 4721; x_wconf 85' lang='grc' dir='ltr'><strong>ὃταν</strong></span> 
     </span>
    </p>
   </div>
   <div class='ocr_carea' id='block_1_50' title="bbox 416 4749 1991 4823">
    <p class='ocr_par' dir='ltr' id='par_1_50' title="bbox 416 4749 1991 4823">
     <span class='ocr_line' id='line_1_51' title="bbox 416 4749 1991 4823; baseline -0.001 -20"><span class='ocrx_word' id='word_1_382' title='bbox 416 4751 526 4822; x_wconf 83' lang='grc' dir='ltr'><strong>γάρ</strong></span> <span class='ocrx_word' id='word_1_383' title='bbox 555 4750 640 4823; x_wconf 81' lang='grc' dir='ltr'><strong>ῖδῃ</strong></span> <span class='ocrx_word' id='word_1_384' title='bbox 655 4750 814 4820; x_wconf 84' lang='grc' dir='ltr'><strong>χάριν</strong></span> <span class='ocrx_word' id='word_1_385' title='bbox 842 4750 1053 4821; x_wconf 88' lang='grc' dir='ltr'><strong>ἔχοντα,</strong></span> <span class='ocrx_word' id='word_1_386' title='bbox 1082 4752 1178 4805; x_wconf 81' lang='grc' dir='ltr'><strong>καὶ</strong></span> <span class='ocrx_word' id='word_1_387' title='bbox 1201 4751 1361 4823; x_wconf 82' lang='grc' dir='ltr'><strong>ἀλγῇ,</strong></span> <span class='ocrx_word' id='word_1_388' title='bbox 1390 4751 1487 4806; x_wconf 66' lang='grc' dir='ltr'><strong>καὶ</strong></span> <span class='ocrx_word' id='word_1_389' title='bbox 1516 4751 1771 4823; x_wconf 88' lang='grc' dir='ltr'><strong>βούληται</strong></span> <span class='ocrx_word' id='word_1_390' title='bbox 1800 4749 1991 4803; x_wconf 87' lang='grc' dir='ltr'><strong>καθαι-</strong></span> 
     </span>
    </p>
   </div>
   <div class='ocr_carea' id='block_1_51' title="bbox 423 4834 1989 4909">
    <p class='ocr_par' dir='ltr' id='par_1_51' title="bbox 423 4834 1989 4909">
     <span class='ocr_line' id='line_1_52' title="bbox 423 4834 1989 4909; baseline 0 -22"><span class='ocrx_word' id='word_1_391' title='bbox 423 4834 631 4905; x_wconf 86' lang='grc' dir='ltr'><strong>ρεῖσθαι</strong></span> <span class='ocrx_word' id='word_1_392' title='bbox 654 4834 753 4906; x_wconf 86' lang='grc' dir='ltr'><strong>τήν</strong></span> <span class='ocrx_word' id='word_1_393' title='bbox 801 4834 1159 4906; x_wconf 83' lang='grc' dir='ltr'><strong>Ἐκκλησίαν,</strong></span> <span class='ocrx_word' id='word_1_394' title='bbox 1206 4835 1308 4889; x_wconf 90' lang='grc' dir='ltr'><strong>οὐκ</strong></span> <span class='ocrx_word' id='word_1_395' title='bbox 1334 4835 1528 4907; x_wconf 84' lang='grc' dir='ltr'><strong>ἐκείνῳ</strong></span> <span class='ocrx_word' id='word_1_396' title='bbox 1559 4834 1710 4909; x_wconf 75' lang='grc'><strong>[411]</strong></span> <span class='ocrx_word' id='word_1_397' title='bbox 1734 4835 1989 4905; x_wconf 86' lang='grc' dir='ltr'><strong>μάχεται,</strong></span> 
     </span>
    </p>
   </div>
   <div class='ocr_carea' id='block_1_52' title="bbox 1228 334 2759 408">
    <p class='ocr_par' dir='ltr' id='par_1_52' title="bbox 1228 334 2759 408">
     <span class='ocr_line' id='line_1_53' title="bbox 1228 334 2759 408; baseline 0.002 -7"><span class='ocrx_word' id='word_1_398' title='bbox 1228 346 1294 401; x_wconf 88' lang='lat' dir='ltr'><strong>IN</strong></span> <span class='ocrx_word' id='word_1_399' title='bbox 1333 334 1550 404; x_wconf 61' lang='lat' dir='ltr'><strong>Ernst</strong></span> <span class='ocrx_word' id='word_1_400' title='bbox 1591 348 1682 403; x_wconf 87' lang='lat' dir='ltr'><strong>AD</strong></span> <span class='ocrx_word' id='word_1_401' title='bbox 1713 336 1999 406; x_wconf 85' lang='lat' dir='ltr'><strong>COLOSS.</strong></span> <span class='ocrx_word' id='word_1_402' title='bbox 2034 350 2189 408; x_wconf 79' lang='lat' dir='ltr'><strong>CAP.</strong></span> <span class='ocrx_word' id='word_1_403' title='bbox 2228 350 2320 407; x_wconf 86' lang='lat' dir='ltr'><strong>1v.</strong></span> <span class='ocrx_word' id='word_1_404' title='bbox 2364 349 2599 408; x_wconf 75' lang='lat' dir='ltr'><strong>HOMIL.</strong></span> <span class='ocrx_word' id='word_1_405' title='bbox 2642 349 2759 406; x_wconf 83' lang='lat' dir='ltr'><strong>xu.</strong></span> 
     </span>
    </p>
   </div>
   <div class='ocr_carea' id='block_1_53' title="bbox 3550 344 3656 403">
    <p class='ocr_par' dir='ltr' id='par_1_53' title="bbox 3550 344 3656 403">
     <span class='ocr_line' id='line_1_54' title="bbox 3550 344 3656 403; baseline -0.009 -2"><span class='ocrx_word' id='word_1_406' title='bbox 3550 344 3656 403; x_wconf 77' lang='lat'><strong>380</strong></span> 
     </span>
    </p>
   </div>
   <div class='ocr_carea' id='block_1_54' title="bbox 2079 460 3659 537">
    <p class='ocr_par' dir='ltr' id='par_1_54' title="bbox 2079 460 3659 537">
     <span class='ocr_line' id='line_1_55' title="bbox 2079 460 3659 537; baseline -0.004 -17"><span class='ocrx_word' id='word_1_407' title='bbox 2079 468 2218 521; x_wconf 90' lang='grc' dir='ltr'><strong>ἀλλά</strong></span> <span class='ocrx_word' id='word_1_408' title='bbox 2234 467 2312 537; x_wconf 82' lang='grc' dir='ltr'><strong>τῷ</strong></span> <span class='ocrx_word' id='word_1_409' title='bbox 2335 464 2474 537; x_wconf 82' lang='grc' dir='ltr'><strong>Θεῷ.</strong></span> <span class='ocrx_word' id='word_1_410' title='bbox 2501 465 2635 518; x_wconf 81' lang='grc' dir='ltr'><strong>Εἰπὲ</strong></span> <span class='ocrx_word' id='word_1_411' title='bbox 2659 464 2767 534; x_wconf 87' lang='grc' dir='ltr'><strong>γάρ</strong></span> <span class='ocrx_word' id='word_1_412' title='bbox 2790 480 2898 534; x_wconf 83' lang='grc' dir='ltr'><strong>μοι,</strong></span> <span class='ocrx_word' id='word_1_413' title='bbox 2928 462 2980 515; x_wconf 82' lang='grc' dir='ltr'><strong>εἴ</strong></span> <span class='ocrx_word' id='word_1_414' title='bbox 3005 477 3088 524; x_wconf 87' lang='grc' dir='ltr'><strong>τις</strong></span> <span class='ocrx_word' id='word_1_415' title='bbox 3124 460 3290 531; x_wconf 81' lang='grc' dir='ltr'><strong>κόρην</strong></span> <span class='ocrx_word' id='word_1_416' title='bbox 3324 460 3659 525; x_wconf 74' lang='grc' dir='ltr'><strong>ἐκαλλώπιξε</strong></span> 
     </span>
    </p>
   </div>
   <div class='ocr_carea' id='block_1_55' title="bbox 2083 548 3661 624">
    <p class='ocr_par' dir='ltr' id='par_1_55' title="bbox 2083 548 3661 624">
     <span class='ocr_line' id='line_1_56' title="bbox 2083 548 3661 624; baseline -0.004 -15"><span class='ocrx_word' id='word_1_417' title='bbox 2083 554 2390 624; x_wconf 81' lang='grc' dir='ltr'><strong>βασιλέως,</strong></span> <span class='ocrx_word' id='word_1_418' title='bbox 2446 553 2543 607; x_wconf 73' lang='grc' dir='ltr'><strong>καὶ</strong></span> <span class='ocrx_word' id='word_1_419' title='bbox 2593 551 2871 621; x_wconf 87' lang='grc' dir='ltr'><strong>εὐδοκίμει</strong></span> <span class='ocrx_word' id='word_1_420' title='bbox 2934 548 3293 613; x_wconf 80' lang='grc' dir='ltr'><strong>καλλωπίζων</strong></span> <span class='ocrx_word' id='word_1_421' title='bbox 3344 548 3515 618; x_wconf 84' lang='grc' dir='ltr'><strong>αὐτὴν</strong></span> <span class='ocrx_word' id='word_1_422' title='bbox 3566 548 3661 602; x_wconf 71' lang='grc' dir='ltr'><strong>καὶ</strong></span> 
     </span>
    </p>
   </div>
   <div class='ocr_carea' id='block_1_56' title="bbox 2081 631 3662 711">
    <p class='ocr_par' dir='ltr' id='par_1_56' title="bbox 2081 631 3662 711">
     <span class='ocr_line' id='line_1_57' title="bbox 2081 631 3662 711; baseline -0.006 -19"><span class='ocrx_word' id='word_1_423' title='bbox 2081 639 2285 711; x_wconf 83' lang='grc' dir='ltr'><strong>σεμνὴν</strong></span> <span class='ocrx_word' id='word_1_424' title='bbox 2312 638 2701 708; x_wconf 80' lang='grc' dir='ltr'><strong>ἐργαζόμενος,</strong></span> <span class='ocrx_word' id='word_1_425' title='bbox 2750 636 2937 706; x_wconf 80' lang='grc' dir='ltr'><strong>ἔτερος</strong></span> <span class='ocrx_word' id='word_1_426' title='bbox 2964 633 3022 688; x_wconf 83' lang='grc' dir='ltr'><strong>δέ</strong></span> <span class='ocrx_word' id='word_1_427' title='bbox 3066 650 3151 696; x_wconf 92' lang='grc' dir='ltr'><strong>τις</strong></span> <span class='ocrx_word' id='word_1_428' title='bbox 3182 631 3433 685; x_wconf 82' lang='grc' dir='ltr'><strong>ἐϐούλετο</strong></span> <span class='ocrx_word' id='word_1_429' title='bbox 3456 631 3662 700; x_wconf 82' lang='grc' dir='ltr'><strong>ταύτην</strong></span> 
     </span>
    </p>
   </div>
   <div class='ocr_carea' id='block_1_57' title="bbox 2079 714 3663 794">
    <p class='ocr_par' dir='ltr' id='par_1_57' title="bbox 2079 714 3663 794">
     <span class='ocr_line' id='line_1_58' title="bbox 2079 714 3663 794; baseline -0.006 -17"><span class='ocrx_word' id='word_1_430' title='bbox 2079 724 2481 794; x_wconf 85' lang='grc' dir='ltr'><strong>ἀσχημονῆσαι,</strong></span> <span class='ocrx_word' id='word_1_431' title='bbox 2505 721 2601 774; x_wconf 69' lang='grc' dir='ltr'><strong>καὶ</strong></span> <span class='ocrx_word' id='word_1_432' title='bbox 2629 720 2703 792; x_wconf 86' lang='grc' dir='ltr'><strong>μὴ</strong></span> <span class='ocrx_word' id='word_1_433' title='bbox 2734 720 3033 790; x_wconf 80' lang='grc' dir='ltr'><strong>δυνηθῆναι</strong></span> <span class='ocrx_word' id='word_1_434' title='bbox 3062 716 3425 778; x_wconf 89' lang='grc' dir='ltr'><strong>καλλωπίσαι,</strong></span> <span class='ocrx_word' id='word_1_435' title='bbox 3454 715 3561 768; x_wconf 87' lang='grc' dir='ltr'><strong>τίνι</strong></span> <span class='ocrx_word' id='word_1_436' title='bbox 3598 714 3663 768; x_wconf 84' lang='grc' dir='ltr'><strong>ἂν</strong></span> 
     </span>
    </p>
   </div>
   <div class='ocr_carea' id='block_1_58' title="bbox 2079 799 3661 875">
    <p class='ocr_par' dir='ltr' id='par_1_58' title="bbox 2079 799 3661 875">
     <span class='ocr_line' id='line_1_59' title="bbox 2079 799 3661 875; baseline -0.006 -16"><span class='ocrx_word' id='word_1_437' title='bbox 2079 807 2465 870; x_wconf 80' lang='grc' dir='ltr'><strong>ἐπεϐούλευσε,</strong></span> <span class='ocrx_word' id='word_1_438' title='bbox 2497 804 2725 874; x_wconf 81' lang='grc' dir='ltr'><strong>τούτῳῆ</strong></span> <span class='ocrx_word' id='word_1_439' title='bbox 2761 803 2947 875; x_wconf 86' lang='grc' dir='ltr'><strong>ἐκείνῃ</strong></span> <span class='ocrx_word' id='word_1_440' title='bbox 2973 801 3068 855; x_wconf 76' lang='grc' dir='ltr'><strong>καὶ</strong></span> <span class='ocrx_word' id='word_1_441' title='bbox 3096 800 3174 871; x_wconf 85' lang='grc' dir='ltr'>τῷ</span> <span class='ocrx_word' id='word_1_442' title='bbox 3210 801 3416 869; x_wconf 85' lang='grc' dir='ltr'><strong>ταύτης</strong></span> <span class='ocrx_word' id='word_1_443' title='bbox 3450 799 3618 869; x_wconf 88' lang='grc' dir='ltr'><strong>πατρί</strong></span> <span class='ocrx_word' id='word_1_444' title='bbox 3647 814 3661 862; x_wconf 88' lang='grc'><strong>;</strong></span> 
     </span>
    </p>
   </div>
   <div class='ocr_carea' id='block_1_59' title="bbox 2081 881 3663 958">
    <p class='ocr_par' dir='ltr' id='par_1_59' title="bbox 2081 881 3663 958">
     <span class='ocr_line' id='line_1_60' title="bbox 2081 881 3663 958; baseline -0.006 -15"><span class='ocrx_word' id='word_1_445' title='bbox 2081 893 2237 944; x_wconf 76' lang='grc' dir='ltr'><strong>Οὕτω</strong></span> <span class='ocrx_word' id='word_1_446' title='bbox 2263 891 2357 941; x_wconf 70' lang='grc' dir='ltr'><strong>καὶ</strong></span> <span class='ocrx_word' id='word_1_447' title='bbox 2379 889 2474 941; x_wconf 90' lang='grc' dir='ltr'><strong>νῦν</strong></span> <span class='ocrx_word' id='word_1_448' title='bbox 2515 890 2579 941; x_wconf 84' lang='grc' dir='ltr'><strong>σὺ</strong></span> <span class='ocrx_word' id='word_1_449' title='bbox 2626 889 2655 941; x_wconf 93' lang='lat'><strong>6</strong></span> <span class='ocrx_word' id='word_1_450' title='bbox 2689 885 2996 958; x_wconf 88' lang='grc' dir='ltr'><strong>βασκαίνων</strong></span> <span class='ocrx_word' id='word_1_451' title='bbox 3052 885 3201 957; x_wconf 78' lang='grc' dir='ltr'><strong>μάχῃ</strong></span> <span class='ocrx_word' id='word_1_452' title='bbox 3239 885 3308 954; x_wconf 81' lang='grc' dir='ltr'><strong>τῇ</strong></span> <span class='ocrx_word' id='word_1_453' title='bbox 3344 881 3663 952; x_wconf 78' lang='grc' dir='ltr'><strong>Ἐκκλησία,</strong></span> 
     </span>
    </p>
   </div>
   <div class='ocr_carea' id='block_1_60' title="bbox 2079 966 3667 1044">
    <p class='ocr_par' dir='ltr' id='par_1_60' title="bbox 2079 966 3667 1044">
     <span class='ocr_line' id='line_1_61' title="bbox 2079 966 3667 1044; baseline -0.006 -18"><span class='ocrx_word' id='word_1_454' title='bbox 2079 974 2160 1044; x_wconf 82' lang='grc' dir='ltr'><strong>τῷ</strong></span> <span class='ocrx_word' id='word_1_455' title='bbox 2225 972 2346 1043; x_wconf 85' lang='grc' dir='ltr'><strong>Θεῷ</strong></span> <span class='ocrx_word' id='word_1_456' title='bbox 2408 971 2685 1041; x_wconf 80' lang='grc' dir='ltr'><strong>πολεμεῖς.</strong></span> <span class='ocrx_word' id='word_1_457' title='bbox 2758 969 2977 1040; x_wconf 83' lang='grc' dir='ltr'><strong>Ἐπειδὴ</strong></span> <span class='ocrx_word' id='word_1_458' title='bbox 3020 969 3129 1039; x_wconf 91' lang='grc' dir='ltr'><strong>γάρ</strong></span> <span class='ocrx_word' id='word_1_459' title='bbox 3178 970 3246 1038; x_wconf 80' lang='grc' dir='ltr'><strong>τῇ</strong></span> <span class='ocrx_word' id='word_1_460' title='bbox 3317 966 3667 1036; x_wconf 82' lang='grc' dir='ltr'><strong>εὐδοκιμήσει</strong></span> 
     </span>
    </p>
   </div>
   <div class='ocr_carea' id='block_1_61' title="bbox 2079 1048 3668 1125">
    <p class='ocr_par' dir='ltr' id='par_1_61' title="bbox 2079 1048 3668 1125">
     <span class='ocr_line' id='line_1_62' title="bbox 2079 1048 3668 1125; baseline -0.006 -15"><span class='ocrx_word' id='word_1_461' title='bbox 2079 1055 2175 1110; x_wconf 89' lang='grc' dir='ltr'><strong>τοῦ</strong></span> <span class='ocrx_word' id='word_1_462' title='bbox 2224 1054 2456 1124; x_wconf 89' lang='grc' dir='ltr'><strong>ἀδελφοῦ</strong></span> <span class='ocrx_word' id='word_1_463' title='bbox 2494 1053 2911 1125; x_wconf 83' lang='grc' dir='ltr'><strong>συμπέπλεκται</strong></span> <span class='ocrx_word' id='word_1_464' title='bbox 2959 1053 3054 1106; x_wconf 70' lang='grc' dir='ltr'><strong>καὶ</strong></span> <span class='ocrx_word' id='word_1_465' title='bbox 3101 1053 3135 1122; x_wconf 89' lang='grc' dir='ltr'><strong>ἡ</strong></span> <span class='ocrx_word' id='word_1_466' title='bbox 3183 1050 3283 1121; x_wconf 82' lang='grc' dir='ltr'><strong>τῆς</strong></span> <span class='ocrx_word' id='word_1_467' title='bbox 3341 1048 3668 1118; x_wconf 87' lang='grc' dir='ltr'><strong>Ἐκκλησίας</strong></span> 
     </span>
    </p>
   </div>
   <div class='ocr_carea' id='block_1_62' title="bbox 2080 1131 3669 1209">
    <p class='ocr_par' dir='ltr' id='par_1_62' title="bbox 2080 1131 3669 1209">
     <span class='ocr_line' id='line_1_63' title="bbox 2080 1131 3669 1209; baseline -0.006 -17"><span class='ocrx_word' id='word_1_468' title='bbox 2080 1139 2341 1209; x_wconf 83' lang='grc' dir='ltr'><strong>ὠφέλεια,</strong></span> <span class='ocrx_word' id='word_1_469' title='bbox 2373 1137 2611 1208; x_wconf 84' lang='grc' dir='ltr'><strong>ἀνάγκη,</strong></span> <span class='ocrx_word' id='word_1_470' title='bbox 2654 1136 2857 1206; x_wconf 86' lang='grc' dir='ltr'><strong>ταύτης</strong></span> <span class='ocrx_word' id='word_1_471' title='bbox 2916 1134 3350 1205; x_wconf 78' lang='grc' dir='ltr'><strong>καταλυομένης,</strong></span> <span class='ocrx_word' id='word_1_472' title='bbox 3405 1131 3669 1199; x_wconf 84' lang='grc' dir='ltr'><strong>κάκείνην</strong></span> 
     </span>
    </p>
   </div>
   <div class='ocr_carea' id='block_1_63' title="bbox 2083 1215 3669 1290">
    <p class='ocr_par' dir='ltr' id='par_1_63' title="bbox 2083 1215 3669 1290">
     <span class='ocr_line' id='line_1_64' title="bbox 2083 1215 3669 1290; baseline -0.004 -14"><span class='ocrx_word' id='word_1_473' title='bbox 2083 1222 2467 1277; x_wconf 88' lang='grc' dir='ltr'><strong>καταλύεσθαι·</strong></span> <span class='ocrx_word' id='word_1_474' title='bbox 2520 1221 2662 1274; x_wconf 83' lang='grc' dir='ltr'><strong>ὥστε</strong></span> <span class='ocrx_word' id='word_1_475' title='bbox 2714 1220 2861 1273; x_wconf 89' lang='grc' dir='ltr'><strong>κατά</strong></span> <span class='ocrx_word' id='word_1_476' title='bbox 2902 1220 3102 1283; x_wconf 88' lang='grc' dir='ltr'><strong>τοῦτο,</strong></span> <span class='ocrx_word' id='word_1_477' title='bbox 3169 1218 3331 1290; x_wconf 84' lang='grc' dir='ltr'><strong>ἔργον</strong></span> <span class='ocrx_word' id='word_1_478' title='bbox 3379 1215 3669 1271; x_wconf 80' lang='grc' dir='ltr'><strong>σατανικὸν</strong></span> 
     </span>
    </p>
   </div>
   <div class='ocr_carea' id='block_1_64' title="bbox 2082 1299 3669 1374">
    <p class='ocr_par' dir='ltr' id='par_1_64' title="bbox 2082 1299 3669 1374">
     <span class='ocr_line' id='line_1_65' title="bbox 2082 1299 3669 1374; baseline -0.006 -14"><span class='ocrx_word' id='word_1_479' title='bbox 2082 1309 2275 1371; x_wconf 88' lang='grc' dir='ltr'><strong>ποιεῖς,</strong></span> <span class='ocrx_word' id='word_1_480' title='bbox 2307 1304 2675 1358; x_wconf 87' lang='grc' dir='ltr'><strong>ἐπιϐουλεύων</strong></span> <span class='ocrx_word' id='word_1_481' title='bbox 2713 1303 2792 1373; x_wconf 83' lang='grc' dir='ltr'><strong>τῷ</strong></span> <span class='ocrx_word' id='word_1_482' title='bbox 2839 1301 3051 1373; x_wconf 87' lang='grc' dir='ltr'><strong>σώματι</strong></span> <span class='ocrx_word' id='word_1_483' title='bbox 3092 1301 3188 1355; x_wconf 89' lang='grc' dir='ltr'><strong>τοῦ</strong></span> <span class='ocrx_word' id='word_1_484' title='bbox 3217 1299 3476 1374; x_wconf 89' lang='grc' dir='ltr'><strong>Χριστοῦ.</strong></span> <span class='ocrx_word' id='word_1_485' title='bbox 3524 1299 3669 1371; x_wconf 76' lang='grc' dir='ltr'><strong>Πρὸς</strong></span> 
     </span>
    </p>
   </div>
   <div class='ocr_carea' id='block_1_65' title="bbox 2080 1383 3669 1458">
    <p class='ocr_par' dir='ltr' id='par_1_65' title="bbox 2080 1383 3669 1458">
     <span class='ocr_line' id='line_1_66' title="bbox 2080 1383 3669 1458; baseline -0.004 -14"><span class='ocrx_word' id='word_1_486' title='bbox 2080 1390 2268 1444; x_wconf 90' lang='grc' dir='ltr'><strong>τοῦτον</strong></span> <span class='ocrx_word' id='word_1_487' title='bbox 2353 1390 2538 1458; x_wconf 88' lang='grc' dir='ltr'><strong>ἀλγεῖς</strong></span> <span class='ocrx_word' id='word_1_488' title='bbox 2571 1388 2662 1441; x_wconf 84' lang='grc' dir='ltr'><strong>τὸν</strong></span> <span class='ocrx_word' id='word_1_489' title='bbox 2690 1388 2840 1441; x_wconf 84' lang='grc' dir='ltr'><strong>οὐδὲν</strong></span> <span class='ocrx_word' id='word_1_490' title='bbox 2864 1386 3185 1457; x_wconf 71' lang='grc' dir='ltr'><strong>ἠδικηκότα,</strong></span> <span class='ocrx_word' id='word_1_491' title='bbox 3238 1385 3419 1456; x_wconf 85' lang='grc' dir='ltr'><strong>πολλῷ</strong></span> <span class='ocrx_word' id='word_1_492' title='bbox 3445 1384 3503 1439; x_wconf 82' lang='grc' dir='ltr'><strong>δὲ</strong></span> <span class='ocrx_word' id='word_1_493' title='bbox 3534 1383 3669 1454; x_wconf 79' lang='grc' dir='ltr'><strong>μᾶλ-</strong></span> 
     </span>
    </p>
   </div>
   <div class='ocr_carea' id='block_1_66' title="bbox 2081 1467 3671 1545">
    <p class='ocr_par' dir='ltr' id='par_1_66' title="bbox 2081 1467 3671 1545">
     <span class='ocr_line' id='line_1_67' title="bbox 2081 1467 3671 1545; baseline -0.004 -18"><span class='ocrx_word' id='word_1_494' title='bbox 2081 1473 2172 1527; x_wconf 90' lang='grc' dir='ltr'><strong>λον</strong></span> <span class='ocrx_word' id='word_1_495' title='bbox 2206 1472 2345 1545; x_wconf 85' lang='grc' dir='ltr'><strong>πρὸς</strong></span> <span class='ocrx_word' id='word_1_496' title='bbox 2372 1473 2465 1526; x_wconf 88' lang='grc' dir='ltr'><strong>τὸν</strong></span> <span class='ocrx_word' id='word_1_497' title='bbox 2490 1472 2747 1543; x_wconf 87' lang='grc' dir='ltr'><strong>Χριστόν.</strong></span> <span class='ocrx_word' id='word_1_498' title='bbox 2791 1470 2858 1523; x_wconf 88' lang='grc' dir='ltr'><strong>Τί</strong></span> <span class='ocrx_word' id='word_1_499' title='bbox 2883 1486 2944 1522; x_wconf 84' lang='grc' dir='ltr'><strong>σε</strong></span> <span class='ocrx_word' id='word_1_500' title='bbox 2967 1469 3247 1541; x_wconf 77' lang='grc' dir='ltr'><strong>ἠδίκησεν.</strong></span> <span class='ocrx_word' id='word_1_501' title='bbox 3278 1470 3361 1523; x_wconf 87' lang='grc' dir='ltr'><strong>ὃτι</strong></span> <span class='ocrx_word' id='word_1_502' title='bbox 3379 1468 3480 1522; x_wconf 90' lang='grc' dir='ltr'><strong>οὐκ</strong></span> <span class='ocrx_word' id='word_1_503' title='bbox 3501 1467 3671 1537; x_wconf 82' lang='grc' dir='ltr'><strong>ἀφίης</strong></span> 
     </span>
    </p>
   </div>
   <div class='ocr_carea' id='block_1_67' title="bbox 2082 1549 3670 1627">
    <p class='ocr_par' dir='ltr' id='par_1_67' title="bbox 2082 1549 3670 1627">
     <span class='ocr_line' id='line_1_68' title="bbox 2082 1549 3670 1627; baseline -0.005 -16"><span class='ocrx_word' id='word_1_504' title='bbox 2082 1557 2143 1611; x_wconf 81' lang='grc' dir='ltr'><strong>τὸ</strong></span> <span class='ocrx_word' id='word_1_505' title='bbox 2166 1556 2326 1627; x_wconf 90' lang='grc' dir='ltr'><strong>σῶμα</strong></span> <span class='ocrx_word' id='word_1_506' title='bbox 2354 1554 2521 1611; x_wconf 88' lang='grc' dir='ltr'><strong>αὐτοῦ</strong></span> <span class='ocrx_word' id='word_1_507' title='bbox 2570 1553 3018 1624; x_wconf 84' lang='grc' dir='ltr'><strong>καλλωπισθῆναι</strong></span> <span class='ocrx_word' id='word_1_508' title='bbox 3058 1552 3137 1623; x_wconf 83' lang='grc' dir='ltr'><strong>τῷ</strong></span> <span class='ocrx_word' id='word_1_509' title='bbox 3166 1552 3388 1617; x_wconf 88' lang='grc' dir='ltr'><strong>κάλλει;</strong></span> <span class='ocrx_word' id='word_1_510' title='bbox 3444 1551 3527 1604; x_wconf 82' lang='grc' dir='ltr'><strong>δτι</strong></span> <span class='ocrx_word' id='word_1_511' title='bbox 3569 1549 3670 1603; x_wconf 86' lang='grc' dir='ltr'><strong>οὐκ</strong></span> 
     </span>
    </p>
   </div>
   <div class='ocr_carea' id='block_1_68' title="bbox 2083 1633 3672 1711">
    <p class='ocr_par' dir='ltr' id='par_1_68' title="bbox 2083 1633 3672 1711">
     <span class='ocr_line' id='line_1_69' title="bbox 2083 1633 3672 1711; baseline -0.005 -17"><span class='ocrx_word' id='word_1_512' title='bbox 2083 1640 2250 1711; x_wconf 86' lang='grc' dir='ltr'><strong>ἀφίης</strong></span> <span class='ocrx_word' id='word_1_513' title='bbox 2274 1638 2373 1710; x_wconf 83' lang='grc' dir='ltr'><strong>τὴν</strong></span> <span class='ocrx_word' id='word_1_514' title='bbox 2396 1638 2616 1709; x_wconf 87' lang='grc' dir='ltr'><strong>νύμφην</strong></span> <span class='ocrx_word' id='word_1_515' title='bbox 2640 1636 2983 1708; x_wconf 82' lang='grc' dir='ltr'><strong>κοσμηθῆναι</strong></span> <span class='ocrx_word' id='word_1_516' title='bbox 3011 1653 3026 1702; x_wconf 91' lang='lat'><strong>;</strong></span> <span class='ocrx_word' id='word_1_517' title='bbox 3056 1635 3166 1688; x_wconf 91' lang='grc' dir='ltr'><strong>Θέα</strong></span> <span class='ocrx_word' id='word_1_518' title='bbox 3184 1634 3241 1688; x_wconf 81' lang='grc' dir='ltr'><strong>δέ</strong></span> <span class='ocrx_word' id='word_1_519' title='bbox 3270 1652 3360 1706; x_wconf 90' lang='grc' dir='ltr'><strong>μοι</strong></span> <span class='ocrx_word' id='word_1_520' title='bbox 3377 1633 3475 1704; x_wconf 85' lang='grc' dir='ltr'><strong>τὴν</strong></span> <span class='ocrx_word' id='word_1_521' title='bbox 3500 1650 3672 1704; x_wconf 89' lang='grc' dir='ltr'><strong>τιμω-</strong></span> 
     </span>
    </p>
   </div>
   <div class='ocr_carea' id='block_1_69' title="bbox 2088 1714 3671 1794">
    <p class='ocr_par' dir='ltr' id='par_1_69' title="bbox 2088 1714 3671 1794">
     <span class='ocr_line' id='line_1_70' title="bbox 2088 1714 3671 1794; baseline -0.006 -17"><span class='ocrx_word' id='word_1_522' title='bbox 2088 1723 2230 1794; x_wconf 89' lang='grc' dir='ltr'><strong>ρίαν,</strong></span> <span class='ocrx_word' id='word_1_523' title='bbox 2272 1722 2394 1793; x_wconf 86' lang='grc' dir='ltr'><strong>ὄση·</strong></span> <span class='ocrx_word' id='word_1_524' title='bbox 2423 1721 2563 1786; x_wconf 86' lang='grc' dir='ltr'><strong>Τούς</strong></span> <span class='ocrx_word' id='word_1_525' title='bbox 2611 1721 2839 1792; x_wconf 77' lang='grc' dir='ltr'><strong>ἐχθροὺς</strong></span> <span class='ocrx_word' id='word_1_526' title='bbox 2876 1717 3192 1790; x_wconf 82' lang='grc' dir='ltr'><strong>εὐφραίνεις</strong></span> <span class='ocrx_word' id='word_1_527' title='bbox 3238 1717 3365 1781; x_wconf 87' lang='grc' dir='ltr'><strong>τούς</strong></span> <span class='ocrx_word' id='word_1_528' title='bbox 3396 1715 3543 1781; x_wconf 85' lang='grc' dir='ltr'><strong>σοὺς,</strong></span> <span class='ocrx_word' id='word_1_529' title='bbox 3574 1714 3671 1768; x_wconf 76' lang='grc' dir='ltr'><strong>καὶ</strong></span> 
     </span>
    </p>
   </div>
   <div class='ocr_carea' id='block_1_70' title="bbox 2084 1798 3669 1873">
    <p class='ocr_par' dir='ltr' id='par_1_70' title="bbox 2084 1798 3669 1873">
     <span class='ocr_line' id='line_1_71' title="bbox 2084 1798 3669 1873; baseline -0.007 -12"><span class='ocrx_word' id='word_1_530' title='bbox 2084 1807 2247 1861; x_wconf 80' lang='grc' dir='ltr'><strong>αὐτὸν</strong></span> <span class='ocrx_word' id='word_1_531' title='bbox 2276 1807 2484 1860; x_wconf 86' lang='grc' dir='ltr'><strong>ἐκεῖνον</strong></span> <span class='ocrx_word' id='word_1_532' title='bbox 2513 1804 2604 1859; x_wconf 80' lang='grc' dir='ltr'><strong>τὸν</strong></span> <span class='ocrx_word' id='word_1_533' title='bbox 2646 1801 3061 1873; x_wconf 84' lang='grc' dir='ltr'><strong>εὐδοκιμοῦντα,</strong></span> <span class='ocrx_word' id='word_1_534' title='bbox 3110 1801 3170 1855; x_wconf 81' lang='grc' dir='ltr'><strong>ὃν</strong></span> <span class='ocrx_word' id='word_1_535' title='bbox 3196 1800 3377 1871; x_wconf 87' lang='grc' dir='ltr'><strong>βούλει</strong></span> <span class='ocrx_word' id='word_1_536' title='bbox 3426 1798 3669 1867; x_wconf 81' lang='grc' dir='ltr'><strong>λυπῆσαι</strong></span> 
     </span>
    </p>
   </div>
   <div class='ocr_carea' id='block_1_71' title="bbox 2086 1882 3669 1963">
    <p class='ocr_par' dir='ltr' id='par_1_71' title="bbox 2086 1882 3669 1963">
     <span class='ocr_line' id='line_1_72' title="bbox 2086 1882 3669 1963; baseline -0.006 -18"><span class='ocrx_word' id='word_1_537' title='bbox 2086 1890 2318 1959; x_wconf 90' lang='grc' dir='ltr'><strong>φθονῶν,</strong></span> <span class='ocrx_word' id='word_1_538' title='bbox 2350 1890 2549 1963; x_wconf 76' lang='grc' dir='ltr'><strong>μᾶλλον</strong></span> <span class='ocrx_word' id='word_1_539' title='bbox 2582 1889 2743 1943; x_wconf 81' lang='grc' dir='ltr'><strong>αὐτὸν</strong></span> <span class='ocrx_word' id='word_1_540' title='bbox 2786 1887 3119 1957; x_wconf 86' lang='grc' dir='ltr'><strong>εὐφραίνεις,</strong></span> <span class='ocrx_word' id='word_1_541' title='bbox 3152 1885 3350 1957; x_wconf 82' lang='grc' dir='ltr'><strong>μᾶλλον</strong></span> <span class='ocrx_word' id='word_1_542' title='bbox 3382 1882 3669 1949; x_wconf 89' lang='grc' dir='ltr'><strong>δεικνύεις,</strong></span> 
     </span>
    </p>
   </div>
   <div class='ocr_carea' id='block_1_72' title="bbox 2085 1971 3668 2051">
    <p class='ocr_par' dir='ltr' id='par_1_72' title="bbox 2085 1971 3668 2051">
     <span class='ocr_line' id='line_1_73' title="bbox 2085 1971 3668 2051; baseline -0.008 -17"><span class='ocrx_word' id='word_1_543' title='bbox 2085 1982 2169 2035; x_wconf 85' lang='grc' dir='ltr'><strong>ὃτι</strong></span> <span class='ocrx_word' id='word_1_544' title='bbox 2214 1977 2553 2051; x_wconf 84' lang='grc' dir='ltr'><strong>ηὐδοκίμησε</strong></span> <span class='ocrx_word' id='word_1_545' title='bbox 2585 1975 2917 2048; x_wconf 86' lang='grc' dir='ltr'><strong>βασκαίνων·</strong></span> <span class='ocrx_word' id='word_1_546' title='bbox 2960 1974 3022 2028; x_wconf 91' lang='grc' dir='ltr'><strong>οὐ</strong></span> <span class='ocrx_word' id='word_1_547' title='bbox 3066 1974 3175 2045; x_wconf 82' lang='grc' dir='ltr'><strong>γὰρ</strong></span> <span class='ocrx_word' id='word_1_548' title='bbox 3223 1972 3291 2027; x_wconf 81' lang='grc' dir='ltr'><strong>ἂν</strong></span> <span class='ocrx_word' id='word_1_549' title='bbox 3337 1971 3668 2041; x_wconf 84' lang='grc' dir='ltr'><strong>ἐϐάσκηνας·</strong></span> 
     </span>
    </p>
   </div>
   <div class='ocr_carea' id='block_1_73' title="bbox 2089 2051 3672 2134">
    <p class='ocr_par' dir='ltr' id='par_1_73' title="bbox 2089 2051 3672 2134">
     <span class='ocr_line' id='line_1_74' title="bbox 2089 2051 3672 2134; baseline -0.006 -16"><span class='ocrx_word' id='word_1_550' title='bbox 2089 2063 2289 2134; x_wconf 81' lang='grc' dir='ltr'><strong>μᾶλλον</strong></span> <span class='ocrx_word' id='word_1_551' title='bbox 2333 2062 2598 2124; x_wconf 89' lang='grc' dir='ltr'><strong>δεικνύεις</strong></span> <span class='ocrx_word' id='word_1_552' title='bbox 2648 2062 2731 2114; x_wconf 83' lang='grc' dir='ltr'><strong>ὃτι</strong></span> <span class='ocrx_word' id='word_1_553' title='bbox 2779 2062 3017 2132; x_wconf 83' lang='grc' dir='ltr'><strong>τιμωρῇ.</strong></span> <span class='ocrx_word' id='word_1_554' title='bbox 3063 2056 3399 2128; x_wconf 87' lang='grc' dir='ltr'><strong>Αίσχύνομαι</strong></span> <span class='ocrx_word' id='word_1_555' title='bbox 3454 2056 3555 2126; x_wconf 86' lang='grc' dir='ltr'><strong>μέν</strong></span> <span class='ocrx_word' id='word_1_556' title='bbox 3577 2051 3672 2109; x_wconf 85' lang='grc' dir='ltr'><strong>οῦν</strong></span> 
     </span>
    </p>
   </div>
   <div class='ocr_carea' id='block_1_74' title="bbox 2047 2138 3672 2217">
    <p class='ocr_par' dir='ltr' id='par_1_74' title="bbox 2047 2138 3672 2217">
     <span class='ocr_line' id='line_1_75' title="bbox 2047 2138 3672 2217; baseline -0.006 -16"><span class='ocrx_word' id='word_1_557' title='bbox 2047 2193 2058 2208; x_wconf 90' lang='grc'><strong>,</strong></span> <span class='ocrx_word' id='word_1_558' title='bbox 2086 2147 2195 2201; x_wconf 82' lang='grc' dir='ltr'><strong>ἀπὸ</strong></span> <span class='ocrx_word' id='word_1_559' title='bbox 2226 2146 2433 2201; x_wconf 90' lang='grc' dir='ltr'><strong>τούτων</strong></span> <span class='ocrx_word' id='word_1_560' title='bbox 2496 2145 2843 2217; x_wconf 85' lang='grc' dir='ltr'><strong>προτρέπων·</strong></span> <span class='ocrx_word' id='word_1_561' title='bbox 2898 2144 3041 2213; x_wconf 84' lang='grc' dir='ltr'><strong>πλὴν</strong></span> <span class='ocrx_word' id='word_1_562' title='bbox 3091 2141 3206 2195; x_wconf 88' lang='grc' dir='ltr'><strong>ἀλλ’</strong></span> <span class='ocrx_word' id='word_1_563' title='bbox 3259 2140 3447 2210; x_wconf 84' lang='grc' dir='ltr'><strong>ἐπειδὴ</strong></span> <span class='ocrx_word' id='word_1_564' title='bbox 3498 2138 3672 2201; x_wconf 77' lang='grc' dir='ltr'><strong>οὓτως</strong></span> 
     </span>
    </p>
   </div>
   <div class='ocr_carea' id='block_1_75' title="bbox 2088 2222 3673 2298">
    <p class='ocr_par' dir='ltr' id='par_1_75' title="bbox 2088 2222 3673 2298">
     <span class='ocr_line' id='line_1_76' title="bbox 2088 2222 3673 2298; baseline -0.007 -14"><span class='ocrx_word' id='word_1_565' title='bbox 2088 2230 2332 2294; x_wconf 88' lang='grc' dir='ltr'><strong>ἀσθενῶς</strong></span> <span class='ocrx_word' id='word_1_566' title='bbox 2382 2227 2726 2298; x_wconf 89' lang='grc' dir='ltr'><strong>διακείμεθα,</strong></span> <span class='ocrx_word' id='word_1_567' title='bbox 2786 2228 2879 2280; x_wconf 77' lang='grc' dir='ltr'><strong>καὶ</strong></span> <span class='ocrx_word' id='word_1_568' title='bbox 2910 2224 3236 2280; x_wconf 85' lang='grc' dir='ltr'><strong>ἀπὸτούτων</strong></span> <span class='ocrx_word' id='word_1_569' title='bbox 3293 2222 3673 2283; x_wconf 88' lang='grc' dir='ltr'><strong>παιδευθέντες</strong></span> 
     </span>
    </p>
   </div>
   <div class='ocr_carea' id='block_1_76' title="bbox 2087 2305 3672 2385">
    <p class='ocr_par' dir='ltr' id='par_1_76' title="bbox 2087 2305 3672 2385">
     <span class='ocr_line' id='line_1_77' title="bbox 2087 2305 3672 2385; baseline -0.006 -19"><span class='ocrx_word' id='word_1_570' title='bbox 2087 2312 2183 2367; x_wconf 90' lang='grc' dir='ltr'><strong>τοῦ</strong></span> <span class='ocrx_word' id='word_1_571' title='bbox 2214 2312 2458 2385; x_wconf 87' lang='grc' dir='ltr'><strong>ὀλεθρίου</strong></span> <span class='ocrx_word' id='word_1_572' title='bbox 2517 2313 2708 2365; x_wconf 88' lang='grc' dir='ltr'><strong>τούτου</strong></span> <span class='ocrx_word' id='word_1_573' title='bbox 2736 2309 2942 2373; x_wconf 85' lang='grc' dir='ltr'><strong>πάθους</strong></span> <span class='ocrx_word' id='word_1_574' title='bbox 2992 2305 3419 2378; x_wconf 86' lang='grc' dir='ltr'><strong>ἀπαλλαγῶμεν.</strong></span> <span class='ocrx_word' id='word_1_575' title='bbox 3462 2305 3672 2374; x_wconf 85' lang='grc' dir='ltr'><strong>Ἀλγεῖς</strong></span> 
     </span>
    </p>
   </div>
   <div class='ocr_carea' id='block_1_77' title="bbox 2088 2388 3671 2468">
    <p class='ocr_par' dir='ltr' id='par_1_77' title="bbox 2088 2388 3671 2468">
     <span class='ocr_line' id='line_1_78' title="bbox 2088 2388 3671 2468; baseline -0.006 -19"><span class='ocrx_word' id='word_1_576' title='bbox 2088 2397 2170 2450; x_wconf 86' lang='grc' dir='ltr'><strong>ὃτι</strong></span> <span class='ocrx_word' id='word_1_577' title='bbox 2204 2396 2571 2468; x_wconf 85' lang='grc' dir='ltr'><strong>ηὐδοκίμησε;</strong></span> <span class='ocrx_word' id='word_1_578' title='bbox 2601 2393 2652 2447; x_wconf 88' lang='grc' dir='ltr'><strong>τί</strong></span> <span class='ocrx_word' id='word_1_579' title='bbox 2680 2389 2774 2447; x_wconf 78' lang='grc' dir='ltr'><strong>οὖν</strong></span> <span class='ocrx_word' id='word_1_580' title='bbox 2795 2392 2892 2464; x_wconf 83' lang='grc' dir='ltr'><strong>τήν</strong></span> <span class='ocrx_word' id='word_1_581' title='bbox 2923 2392 3272 2462; x_wconf 86' lang='grc' dir='ltr'><strong>εὐδοκίμησιν</strong></span> <span class='ocrx_word' id='word_1_582' title='bbox 3321 2388 3486 2444; x_wconf 86' lang='grc' dir='ltr'><strong>αὐτοῦ</strong></span> <span class='ocrx_word' id='word_1_583' title='bbox 3515 2388 3671 2442; x_wconf 75' lang='grc' dir='ltr'><strong>ὲπαί·</strong></span> 
     </span>
    </p>
   </div>
   <div class='ocr_carea' id='block_1_78' title="bbox 2092 2468 3672 2551">
    <p class='ocr_par' dir='ltr' id='par_1_78' title="bbox 2092 2468 3672 2551">
     <span class='ocr_line' id='line_1_79' title="bbox 2092 2468 3672 2551; baseline -0.006 -18"><span class='ocrx_word' id='word_1_584' title='bbox 2092 2497 2207 2551; x_wconf 89' lang='grc' dir='ltr'><strong>ρεις</strong></span> <span class='ocrx_word' id='word_1_585' title='bbox 2244 2478 2489 2549; x_wconf 89' lang='grc' dir='ltr'><strong>φθονῶν;</strong></span> <span class='ocrx_word' id='word_1_586' title='bbox 2525 2477 2716 2531; x_wconf 91' lang='grc' dir='ltr'><strong>Βούλει</strong></span> <span class='ocrx_word' id='word_1_587' title='bbox 2749 2476 2911 2529; x_wconf 81' lang='grc' dir='ltr'><strong>αὐτὸν</strong></span> <span class='ocrx_word' id='word_1_588' title='bbox 2963 2475 3421 2545; x_wconf 89' lang='grc' dir='ltr'><strong>τιμωρήσασθαι;</strong></span> <span class='ocrx_word' id='word_1_589' title='bbox 3460 2473 3525 2524; x_wconf 88' lang='grc' dir='ltr'><strong>Τί</strong></span> <span class='ocrx_word' id='word_1_590' title='bbox 3579 2468 3672 2524; x_wconf 75' lang='grc' dir='ltr'><strong>οὖν</strong></span> 
     </span>
    </p>
   </div>
   <div class='ocr_carea' id='block_1_79' title="bbox 2089 2556 3674 2629">
    <p class='ocr_par' dir='ltr' id='par_1_79' title="bbox 2089 2556 3674 2629">
     <span class='ocr_line' id='line_1_80' title="bbox 2089 2556 3674 2629; baseline -0.008 -12"><span class='ocrx_word' id='word_1_591' title='bbox 2089 2562 2355 2625; x_wconf 86' lang='grc' dir='ltr'><strong>δεικνύεις</strong></span> <span class='ocrx_word' id='word_1_592' title='bbox 2406 2562 2487 2615; x_wconf 81' lang='grc' dir='ltr'><strong>ὅτι</strong></span> <span class='ocrx_word' id='word_1_593' title='bbox 2516 2560 2701 2629; x_wconf 85' lang='grc' dir='ltr'><strong>ἀλγεῖς</strong></span> <span class='ocrx_word' id='word_1_594' title='bbox 2733 2578 2749 2626; x_wconf 92' lang='grc'>;</span> <span class='ocrx_word' id='word_1_595' title='bbox 2814 2560 2866 2612; x_wconf 91' lang='grc' dir='ltr'><strong>τί</strong></span> <span class='ocrx_word' id='word_1_596' title='bbox 2892 2558 3164 2629; x_wconf 86' lang='grc' dir='ltr'><strong>τιμωρίαν</strong></span> <span class='ocrx_word' id='word_1_597' title='bbox 3200 2556 3397 2611; x_wconf 85' lang='grc' dir='ltr'><strong>σαυτὸν</strong></span> <span class='ocrx_word' id='word_1_598' title='bbox 3421 2556 3674 2617; x_wconf 85' lang='grc' dir='ltr'><strong>ἀπαιτεῖς</strong></span> 
     </span>
    </p>
   </div>
   <div class='ocr_carea' id='block_1_80' title="bbox 2091 2638 3674 2717">
    <p class='ocr_par' dir='ltr' id='par_1_80' title="bbox 2091 2638 3674 2717">
     <span class='ocr_line' id='line_1_81' title="bbox 2091 2638 3674 2717; baseline -0.006 -18"><span class='ocrx_word' id='word_1_599' title='bbox 2091 2646 2401 2717; x_wconf 78' lang='grc' dir='ltr'><strong>ἔμπροσθεν</strong></span> <span class='ocrx_word' id='word_1_600' title='bbox 2425 2643 2641 2709; x_wconf 90' lang='grc' dir='ltr'><strong>τούτου,</strong></span> <span class='ocrx_word' id='word_1_601' title='bbox 2674 2642 2732 2698; x_wconf 79' lang='grc' dir='ltr'><strong>ὃν</strong></span> <span class='ocrx_word' id='word_1_602' title='bbox 2775 2642 2955 2713; x_wconf 86' lang='grc' dir='ltr'><strong>βούλει</strong></span> <span class='ocrx_word' id='word_1_603' title='bbox 2999 2642 3074 2713; x_wconf 83' lang='grc' dir='ltr'><strong>μὴ</strong></span> <span class='ocrx_word' id='word_1_604' title='bbox 3110 2639 3420 2710; x_wconf 86' lang='grc' dir='ltr'><strong>εὐδοκιμεῖν</strong></span> <span class='ocrx_word' id='word_1_605' title='bbox 3449 2656 3464 2705; x_wconf 90' lang='grc'>;</span> <span class='ocrx_word' id='word_1_606' title='bbox 3501 2638 3674 2705; x_wconf 81' lang='grc' dir='ltr'><strong>Διπλῆ</strong></span> 
     </span>
    </p>
   </div>
   <div class='ocr_carea' id='block_1_81' title="bbox 2090 2722 3672 2801">
    <p class='ocr_par' dir='ltr' id='par_1_81' title="bbox 2090 2722 3672 2801">
     <span class='ocr_line' id='line_1_82' title="bbox 2090 2722 3672 2801; baseline -0.006 -17"><span class='ocrx_word' id='word_1_607' title='bbox 2090 2731 2276 2784; x_wconf 78' lang='grc' dir='ltr'><strong>λοιπὸν</strong></span> <span class='ocrx_word' id='word_1_608' title='bbox 2301 2730 2453 2783; x_wconf 84' lang='grc' dir='ltr'><strong>ἔσται</strong></span> <span class='ocrx_word' id='word_1_609' title='bbox 2482 2731 2515 2801; x_wconf 81' lang='grc' dir='ltr'><strong>ἡ</strong></span> <span class='ocrx_word' id='word_1_610' title='bbox 2570 2728 2733 2800; x_wconf 82' lang='grc' dir='ltr'><strong>ἡδονὴ</strong></span> <span class='ocrx_word' id='word_1_611' title='bbox 2769 2726 2945 2798; x_wconf 84' lang='grc' dir='ltr'><strong>τούτῳ</strong></span> <span class='ocrx_word' id='word_1_612' title='bbox 2974 2727 3071 2780; x_wconf 72' lang='grc' dir='ltr'><strong>καὶ</strong></span> <span class='ocrx_word' id='word_1_613' title='bbox 3104 2725 3190 2778; x_wconf 73' lang='grc' dir='ltr'><strong>σοὶ</strong></span> <span class='ocrx_word' id='word_1_614' title='bbox 3220 2726 3253 2795; x_wconf 88' lang='grc' dir='ltr'><strong>ή</strong></span> <span class='ocrx_word' id='word_1_615' title='bbox 3291 2722 3556 2795; x_wconf 85' lang='grc' dir='ltr'><strong>τιμωρία,</strong></span> <span class='ocrx_word' id='word_1_616' title='bbox 3611 2724 3672 2776; x_wconf 88' lang='grc' dir='ltr'><strong>οὐ</strong></span> 
     </span>
    </p>
   </div>
   <div class='ocr_carea' id='block_1_82' title="bbox 2095 2807 3676 2886">
    <p class='ocr_par' dir='ltr' id='par_1_82' title="bbox 2095 2807 3676 2886">
     <span class='ocr_line' id='line_1_83' title="bbox 2095 2807 3676 2886; baseline -0.007 -17"><span class='ocrx_word' id='word_1_617' title='bbox 2095 2814 2255 2886; x_wconf 88' lang='grc' dir='ltr'><strong>μόνον</strong></span> <span class='ocrx_word' id='word_1_618' title='bbox 2304 2814 2386 2867; x_wconf 83' lang='grc' dir='ltr'><strong>ὅτι</strong></span> <span class='ocrx_word' id='word_1_619' title='bbox 2428 2813 2601 2883; x_wconf 91' lang='grc' dir='ltr'><strong>μέγαν</strong></span> <span class='ocrx_word' id='word_1_620' title='bbox 2637 2812 2904 2874; x_wconf 78' lang='grc' dir='ltr'><strong>δεικνύεις</strong></span> <span class='ocrx_word' id='word_1_621' title='bbox 2930 2810 3113 2876; x_wconf 82' lang='grc' dir='ltr'><strong>αὐτὸν,</strong></span> <span class='ocrx_word' id='word_1_622' title='bbox 3166 2808 3282 2862; x_wconf 79' lang='grc' dir='ltr'><strong>ἀλλ’</strong></span> <span class='ocrx_word' id='word_1_623' title='bbox 3317 2810 3399 2862; x_wconf 88' lang='grc' dir='ltr'><strong>δτι</strong></span> <span class='ocrx_word' id='word_1_624' title='bbox 3432 2807 3527 2861; x_wconf 73' lang='grc' dir='ltr'><strong>καὶ</strong></span> <span class='ocrx_word' id='word_1_625' title='bbox 3560 2808 3676 2860; x_wconf 85' lang='grc' dir='ltr'><strong>ἐτέ-</strong></span> 
     </span>
    </p>
   </div>
   <div class='ocr_carea' id='block_1_83' title="bbox 2095 2890 3671 2969">
    <p class='ocr_par' dir='ltr' id='par_1_83' title="bbox 2095 2890 3671 2969">
     <span class='ocr_line' id='line_1_84' title="bbox 2095 2890 3671 2969; baseline -0.005 -20"><span class='ocrx_word' id='word_1_626' title='bbox 2095 2914 2197 2969; x_wconf 93' lang='grc' dir='ltr'><strong>ραν</strong></span> <span class='ocrx_word' id='word_1_627' title='bbox 2250 2895 2400 2967; x_wconf 88' lang='grc' dir='ltr'><strong>αὐτῷ</strong></span> <span class='ocrx_word' id='word_1_628' title='bbox 2443 2896 2709 2959; x_wconf 88' lang='grc' dir='ltr'><strong>ἐντίκτεις</strong></span> <span class='ocrx_word' id='word_1_629' title='bbox 2759 2893 2953 2966; x_wconf 81' lang='grc' dir='ltr'><strong>ἡδονὴν</strong></span> <span class='ocrx_word' id='word_1_630' title='bbox 3004 2892 3420 2965; x_wconf 77' lang='grc' dir='ltr'><strong>τιμωρούμενος</strong></span> <span class='ocrx_word' id='word_1_631' title='bbox 3454 2890 3671 2945; x_wconf 89' lang='grc' dir='ltr'><strong>σαυτόν·</strong></span> 
     </span>
    </p>
   </div>
   <div class='ocr_carea' id='block_1_84' title="bbox 2093 2974 3673 3051">
    <p class='ocr_par' dir='ltr' id='par_1_84' title="bbox 2093 2974 3673 3051">
     <span class='ocr_line' id='line_1_85' title="bbox 2093 2974 3673 3051; baseline -0.004 -18"><span class='ocrx_word' id='word_1_632' title='bbox 2093 2980 2189 3033; x_wconf 81' lang='grc' dir='ltr'><strong>καὶ</strong></span> <span class='ocrx_word' id='word_1_633' title='bbox 2218 2979 2381 3034; x_wconf 89' lang='grc' dir='ltr'><strong>πάλιν</strong></span> <span class='ocrx_word' id='word_1_634' title='bbox 2404 2980 2543 3051; x_wconf 85' lang='grc' dir='ltr'><strong>ὐπέρ</strong></span> <span class='ocrx_word' id='word_1_635' title='bbox 2570 2974 2645 3032; x_wconf 81' lang='grc' dir='ltr'><strong>ὧν</strong></span> <span class='ocrx_word' id='word_1_636' title='bbox 2676 2978 2882 3047; x_wconf 88' lang='grc' dir='ltr'><strong>ἀλγεῖς,</strong></span> <span class='ocrx_word' id='word_1_637' title='bbox 2917 2978 3125 3040; x_wconf 83' lang='grc' dir='ltr'><strong>ἐκεῖνος</strong></span> <span class='ocrx_word' id='word_1_638' title='bbox 3165 2977 3377 3047; x_wconf 74' lang='grc' dir='ltr'><strong>ἥδεται,</strong></span> <span class='ocrx_word' id='word_1_639' title='bbox 3412 2975 3508 3028; x_wconf 88' lang='grc' dir='ltr'><strong>σοῦ</strong></span> <span class='ocrx_word' id='word_1_640' title='bbox 3543 2974 3673 3042; x_wconf 90' lang='grc' dir='ltr'><strong>φθο-</strong></span> 
     </span>
    </p>
   </div>
   <div class='ocr_carea' id='block_1_85' title="bbox 2088 3057 3673 3133">
    <p class='ocr_par' dir='ltr' id='par_1_85' title="bbox 2088 3057 3673 3133">
     <span class='ocr_line' id='line_1_86' title="bbox 2088 3057 3673 3133; baseline -0.005 -16"><span class='ocrx_word' id='word_1_641' title='bbox 2088 3061 2479 3132; x_wconf 85' lang='grc' dir='ltr'><strong>νοῦντος.”ορα</strong></span> <span class='ocrx_word' id='word_1_642' title='bbox 2514 3061 2631 3125; x_wconf 88' lang='grc' dir='ltr'><strong>πῶς</strong></span> <span class='ocrx_word' id='word_1_643' title='bbox 2653 3060 2869 3133; x_wconf 84' lang='grc' dir='ltr'><strong>πληγὰς</strong></span> <span class='ocrx_word' id='word_1_644' title='bbox 2901 3060 3145 3131; x_wconf 86' lang='grc' dir='ltr'><strong>χαλεπὰς</strong></span> <span class='ocrx_word' id='word_1_645' title='bbox 3162 3061 3375 3122; x_wconf 80' lang='grc' dir='ltr'><strong>ἑαυτοῖς</strong></span> <span class='ocrx_word' id='word_1_646' title='bbox 3402 3057 3673 3126; x_wconf 87' lang='grc' dir='ltr'><strong>διδόαμεν,</strong></span> 
     </span>
    </p>
   </div>
   <div class='ocr_carea' id='block_1_86' title="bbox 2088 3142 3676 3217">
    <p class='ocr_par' dir='ltr' id='par_1_86' title="bbox 2088 3142 3676 3217">
     <span class='ocr_line' id='line_1_87' title="bbox 2088 3142 3676 3217; baseline -0.003 -18"><span class='ocrx_word' id='word_1_647' title='bbox 2088 3144 2185 3199; x_wconf 76' lang='grc' dir='ltr'><strong>καὶ</strong></span> <span class='ocrx_word' id='word_1_648' title='bbox 2208 3146 2310 3200; x_wconf 91' lang='grc' dir='ltr'><strong>οὐκ</strong></span> <span class='ocrx_word' id='word_1_649' title='bbox 2340 3145 2733 3217; x_wconf 88' lang='grc' dir='ltr'><strong>αίσθανόμεθα.</strong></span> <span class='ocrx_word' id='word_1_650' title='bbox 2788 3144 2928 3198; x_wconf 85' lang='grc' dir='ltr'><strong>Ἀλλ’</strong></span> <span class='ocrx_word' id='word_1_651' title='bbox 2956 3144 3150 3217; x_wconf 86' lang='grc' dir='ltr'><strong>ἐχθρός</strong></span> <span class='ocrx_word' id='word_1_652' title='bbox 3190 3146 3330 3199; x_wconf 88' lang='grc' dir='ltr'><strong>ἐστι.</strong></span> <span class='ocrx_word' id='word_1_653' title='bbox 3367 3142 3562 3196; x_wconf 85' lang='grc' dir='ltr'><strong>Καίτοι</strong></span> <span class='ocrx_word' id='word_1_654' title='bbox 3611 3158 3676 3209; x_wconf 90' lang='grc' dir='ltr'><strong>γε</strong></span> 
     </span>
    </p>
   </div>
   <div class='ocr_carea' id='block_1_87' title="bbox 2086 3234 3677 3309">
    <p class='ocr_par' dir='ltr' id='par_1_87' title="bbox 2086 3234 3677 3309">
     <span class='ocr_line' id='line_1_88' title="bbox 2086 3234 3677 3309; baseline -0.001 -20"><span class='ocrx_word' id='word_1_655' title='bbox 2086 3235 2177 3292; x_wconf 91' lang='grc' dir='ltr'><strong>διά</strong></span> <span class='ocrx_word' id='word_1_656' title='bbox 2206 3237 2260 3291; x_wconf 90' lang='grc' dir='ltr'><strong>τί</strong></span> <span class='ocrx_word' id='word_1_657' title='bbox 2289 3236 2514 3309; x_wconf 85' lang='grc' dir='ltr'><strong>ἐχθρός;</strong></span> <span class='ocrx_word' id='word_1_658' title='bbox 2541 3236 2608 3291; x_wconf 92' lang='grc' dir='ltr'><strong>Τί</strong></span> <span class='ocrx_word' id='word_1_659' title='bbox 2636 3237 2896 3308; x_wconf 76' lang='grc' dir='ltr'><strong>ἠδίκησεν</strong></span> <span class='ocrx_word' id='word_1_660' title='bbox 2921 3254 2937 3305; x_wconf 91' lang='lat'><strong>;</strong></span> <span class='ocrx_word' id='word_1_661' title='bbox 3003 3237 3145 3290; x_wconf 81' lang='grc' dir='ltr'><strong>Ἀλλ’</strong></span> <span class='ocrx_word' id='word_1_662' title='bbox 3180 3237 3331 3308; x_wconf 82' lang='grc' dir='ltr'><strong>ὅμως</strong></span> <span class='ocrx_word' id='word_1_663' title='bbox 3362 3234 3455 3288; x_wconf 84' lang='grc' dir='ltr'><strong>τὸν</strong></span> <span class='ocrx_word' id='word_1_664' title='bbox 3480 3235 3677 3306; x_wconf 74' lang='grc' dir='ltr'><strong>ἐχθρὸν</strong></span> 
     </span>
    </p>
   </div>
   <div class='ocr_carea' id='block_1_88' title="bbox 2087 3327 3677 3402">
    <p class='ocr_par' dir='ltr' id='par_1_88' title="bbox 2087 3327 3677 3402">
     <span class='ocr_line' id='line_1_89' title="bbox 2087 3327 3677 3402; baseline -0.002 -18"><span class='ocrx_word' id='word_1_665' title='bbox 2087 3328 2467 3402; x_wconf 88' lang='grc' dir='ltr'><strong>λαμπρότερον</strong></span> <span class='ocrx_word' id='word_1_666' title='bbox 2494 3329 2781 3401; x_wconf 89' lang='grc' dir='ltr'><strong>ποιοῦμεν,</strong></span> <span class='ocrx_word' id='word_1_667' title='bbox 2806 3329 2902 3383; x_wconf 70' lang='grc' dir='ltr'><strong>καὶ</strong></span> <span class='ocrx_word' id='word_1_668' title='bbox 2926 3331 3077 3401; x_wconf 79' lang='grc' dir='ltr'><strong>ἡμᾶς</strong></span> <span class='ocrx_word' id='word_1_669' title='bbox 3098 3329 3296 3393; x_wconf 82' lang='grc' dir='ltr'><strong>αὐτοὺς</strong></span> <span class='ocrx_word' id='word_1_670' title='bbox 3325 3328 3488 3381; x_wconf 85' lang='grc' dir='ltr'><strong>πλέον</strong></span> <span class='ocrx_word' id='word_1_671' title='bbox 3516 3327 3677 3381; x_wconf 85' lang='grc' dir='ltr'><strong>κολά-</strong></span> 
     </span>
    </p>
   </div>
   <div class='ocr_carea' id='block_1_89' title="bbox 2088 3410 3679 3485">
    <p class='ocr_par' dir='ltr' id='par_1_89' title="bbox 2088 3410 3679 3485">
     <span class='ocr_line' id='line_1_90' title="bbox 2088 3410 3679 3485; baseline -0.003 -18"><span class='ocrx_word' id='word_1_672' title='bbox 2088 3413 2254 3484; x_wconf 79' lang='grc' dir='ltr'><strong>ζομεν</strong></span> <span class='ocrx_word' id='word_1_673' title='bbox 2280 3414 2474 3485; x_wconf 86' lang='grc' dir='ltr'><strong>τούτῳ.</strong></span> <span class='ocrx_word' id='word_1_674' title='bbox 2508 3413 2678 3468; x_wconf 87' lang='grc' dir='ltr'><strong>Πάλιν</strong></span> <span class='ocrx_word' id='word_1_675' title='bbox 2706 3414 2933 3477; x_wconf 85' lang='grc' dir='ltr'><strong>ἐαυτούς</strong></span> <span class='ocrx_word' id='word_1_676' title='bbox 2958 3413 3370 3485; x_wconf 88' lang='grc' dir='ltr'><strong>τιμωρούμεθα,</strong></span> <span class='ocrx_word' id='word_1_677' title='bbox 3390 3411 3457 3465; x_wconf 80' lang='grc' dir='ltr'><strong>ἂν</strong></span> <span class='ocrx_word' id='word_1_678' title='bbox 3478 3410 3679 3464; x_wconf 77' lang='grc' dir='ltr'><strong>αἰσθώ-</strong></span> 
     </span>
    </p>
   </div>
   <div class='ocr_carea' id='block_1_90' title="bbox 2092 3496 3678 3569">
    <p class='ocr_par' dir='ltr' id='par_1_90' title="bbox 2092 3496 3678 3569">
     <span class='ocr_line' id='line_1_91' title="bbox 2092 3496 3678 3569; baseline -0.003 -18"><span class='ocrx_word' id='word_1_679' title='bbox 2092 3496 2234 3569; x_wconf 87' lang='grc' dir='ltr'><strong>μεθα</strong></span> <span class='ocrx_word' id='word_1_680' title='bbox 2263 3497 2345 3551; x_wconf 82' lang='grc' dir='ltr'><strong>ὅτι</strong></span> <span class='ocrx_word' id='word_1_681' title='bbox 2398 3496 2540 3566; x_wconf 83' lang='grc' dir='ltr'><strong>ἔγνω</strong></span> <span class='ocrx_word' id='word_1_682' title='bbox 2573 3498 2801 3561; x_wconf 90' lang='grc' dir='ltr'><strong>ἐκεῖνος.</strong></span> <span class='ocrx_word' id='word_1_683' title='bbox 2854 3498 3014 3561; x_wconf 86' lang='grc' dir='ltr'><strong>Ἴσως</strong></span> <span class='ocrx_word' id='word_1_684' title='bbox 3065 3498 3165 3569; x_wconf 84' lang='grc' dir='ltr'><strong>μὲν</strong></span> <span class='ocrx_word' id='word_1_685' title='bbox 3195 3496 3306 3568; x_wconf 84' lang='grc' dir='ltr'><strong>γὰρ</strong></span> <span class='ocrx_word' id='word_1_686' title='bbox 3339 3498 3547 3558; x_wconf 88' lang='grc' dir='ltr'><strong>ἐκεῖνος</strong></span> <span class='ocrx_word' id='word_1_687' title='bbox 3578 3496 3678 3565; x_wconf 83' lang='grc' dir='ltr'><strong>οὐχ</strong></span> 
     </span>
    </p>
   </div>
   <div class='ocr_carea' id='block_1_91' title="bbox 2088 3578 3679 3653">
    <p class='ocr_par' dir='ltr' id='par_1_91' title="bbox 2088 3578 3679 3653">
     <span class='ocr_line' id='line_1_92' title="bbox 2088 3578 3679 3653; baseline -0.003 -20"><span class='ocrx_word' id='word_1_688' title='bbox 2088 3581 2300 3653; x_wconf 73' lang='grc' dir='ltr'><strong>ἥδεται·</strong></span> <span class='ocrx_word' id='word_1_689' title='bbox 2332 3581 2493 3651; x_wconf 67' lang='grc' dir='ltr'><strong>⁴ἡμεῖς</strong></span> <span class='ocrx_word' id='word_1_690' title='bbox 2534 3580 2592 3635; x_wconf 73' lang='grc' dir='ltr'><strong>δέ</strong></span> <span class='ocrx_word' id='word_1_691' title='bbox 2618 3580 2933 3652; x_wconf 81' lang='grc' dir='ltr'><strong>νομίζοντες</strong></span> <span class='ocrx_word' id='word_1_692' title='bbox 2961 3580 3046 3634; x_wconf 84' lang='grc' dir='ltr'><strong>ὅτι</strong></span> <span class='ocrx_word' id='word_1_693' title='bbox 3093 3580 3304 3652; x_wconf 74' lang='grc' dir='ltr'><strong>ἥδεται,</strong></span> <span class='ocrx_word' id='word_1_694' title='bbox 3365 3578 3532 3633; x_wconf 88' lang='grc' dir='ltr'><strong>πάλιν</strong></span> <span class='ocrx_word' id='word_1_695' title='bbox 3589 3578 3679 3630; x_wconf 76' lang='grc' dir='ltr'><strong>διὰ</strong></span> 
     </span>
    </p>
   </div>
   <div class='ocr_carea' id='block_1_92' title="bbox 2088 3662 3675 3735">
    <p class='ocr_par' dir='ltr' id='par_1_92' title="bbox 2088 3662 3675 3735">
     <span class='ocr_line' id='line_1_93' title="bbox 2088 3662 3675 3735; baseline -0.003 -18"><span class='ocrx_word' id='word_1_696' title='bbox 2088 3663 2248 3718; x_wconf 89' lang='grc' dir='ltr'><strong>τοῦτο</strong></span> <span class='ocrx_word' id='word_1_697' title='bbox 2281 3663 2577 3735; x_wconf 88' lang='grc' dir='ltr'><strong>ἀλγοῦμεν.</strong></span> <span class='ocrx_word' id='word_1_698' title='bbox 2630 3663 2841 3719; x_wconf 84' lang='grc' dir='ltr'><strong>Οὐκοῦν</strong></span> <span class='ocrx_word' id='word_1_699' title='bbox 2889 3664 3095 3718; x_wconf 86' lang='grc' dir='ltr'><strong>παῦσαι</strong></span> <span class='ocrx_word' id='word_1_700' title='bbox 3127 3663 3357 3735; x_wconf 89' lang='grc' dir='ltr'><strong>φθονῶν·</strong></span> <span class='ocrx_word' id='word_1_701' title='bbox 3423 3662 3476 3715; x_wconf 91' lang='grc' dir='ltr'><strong>τί</strong></span> <span class='ocrx_word' id='word_1_702' title='bbox 3507 3662 3675 3732; x_wconf 80' lang='grc' dir='ltr'><strong>τραύ-</strong></span> 
     </span>
    </p>
   </div>
   <div class='ocr_carea' id='block_1_93' title="bbox 2093 3747 3676 3820">
    <p class='ocr_par' dir='ltr' id='par_1_93' title="bbox 2093 3747 3676 3820">
     <span class='ocr_line' id='line_1_94' title="bbox 2093 3747 3676 3820; baseline -0.002 -19"><span class='ocrx_word' id='word_1_703' title='bbox 2093 3765 2237 3820; x_wconf 90' lang='grc' dir='ltr'><strong>ματα</strong></span> <span class='ocrx_word' id='word_1_704' title='bbox 2300 3747 2479 3819; x_wconf 78' lang='grc' dir='ltr'><strong>ἐαυτῷ</strong></span> <span class='ocrx_word' id='word_1_705' title='bbox 2536 3748 2827 3818; x_wconf 85' lang='grc' dir='ltr'><strong>παρέχεις;</strong></span> <span class='ocrx_word' id='word_1_706' title='bbox 2869 3747 3057 3802; x_wconf 88' lang='grc' dir='ltr'><strong>Ταῦτα</strong></span> <span class='ocrx_word' id='word_1_707' title='bbox 3114 3750 3477 3818; x_wconf 84' lang='grc' dir='ltr'><strong>ἐννοήσωμεν,</strong></span> <span class='ocrx_word' id='word_1_708' title='bbox 3536 3748 3676 3813; x_wconf 86' lang='grc' dir='ltr'><strong>ἀγα-</strong></span> 
     </span>
    </p>
   </div>
   <div class='ocr_carea' id='block_1_94' title="bbox 2089 3830 3675 3904">
    <p class='ocr_par' dir='ltr' id='par_1_94' title="bbox 2089 3830 3675 3904">
     <span class='ocr_line' id='line_1_95' title="bbox 2089 3830 3675 3904; baseline -0.003 -18"><span class='ocrx_word' id='word_1_709' title='bbox 2089 3833 2274 3904; x_wconf 70' lang='grc' dir='ltr'><strong>πητοὶ,</strong></span> <span class='ocrx_word' id='word_1_710' title='bbox 2305 3834 2429 3897; x_wconf 83' lang='grc' dir='ltr'><strong>τοὺς</strong></span> <span class='ocrx_word' id='word_1_711' title='bbox 2447 3833 2747 3902; x_wconf 85' lang='grc' dir='ltr'><strong>στεφάνους</strong></span> <span class='ocrx_word' id='word_1_712' title='bbox 2765 3833 2893 3895; x_wconf 86' lang='grc' dir='ltr'><strong>τούς</strong></span> <span class='ocrx_word' id='word_1_713' title='bbox 2921 3831 3142 3895; x_wconf 88' lang='grc' dir='ltr'><strong>διπλοῦς</strong></span> <span class='ocrx_word' id='word_1_714' title='bbox 3170 3832 3279 3885; x_wconf 82' lang='grc' dir='ltr'><strong>τῶν</strong></span> <span class='ocrx_word' id='word_1_715' title='bbox 3311 3830 3387 3902; x_wconf 84' lang='grc' dir='ltr'><strong>μὴ</strong></span> <span class='ocrx_word' id='word_1_716' title='bbox 3417 3830 3675 3899; x_wconf 87' lang='grc' dir='ltr'><strong>φθονούν-</strong></span> 
     </span>
    </p>
   </div>
   <div class='ocr_carea' id='block_1_95' title="bbox 2087 3914 3678 3988">
    <p class='ocr_par' dir='ltr' id='par_1_95' title="bbox 2087 3914 3678 3988">
     <span class='ocr_line' id='line_1_96' title="bbox 2087 3914 3678 3988; baseline -0.004 -16"><span class='ocrx_word' id='word_1_717' title='bbox 2087 3935 2217 3981; x_wconf 85' lang='grc' dir='ltr'><strong>των,</strong></span> <span class='ocrx_word' id='word_1_718' title='bbox 2245 3918 2371 3981; x_wconf 86' lang='grc' dir='ltr'><strong>τούς</strong></span> <span class='ocrx_word' id='word_1_719' title='bbox 2409 3918 2666 3980; x_wconf 86' lang='grc' dir='ltr'><strong>ἐπαίνους</strong></span> <span class='ocrx_word' id='word_1_720' title='bbox 2681 3918 2807 3980; x_wconf 80' lang='grc' dir='ltr'><strong>τοὺς</strong></span> <span class='ocrx_word' id='word_1_721' title='bbox 2828 3917 2981 3988; x_wconf 85' lang='grc' dir='ltr'><strong>παρά</strong></span> <span class='ocrx_word' id='word_1_722' title='bbox 3013 3914 3339 3987; x_wconf 85' lang='grc' dir='ltr'><strong>ἀνθρώπων,</strong></span> <span class='ocrx_word' id='word_1_723' title='bbox 3369 3915 3498 3977; x_wconf 83' lang='grc' dir='ltr'><strong>τοὺς</strong></span> <span class='ocrx_word' id='word_1_724' title='bbox 3525 3916 3678 3983; x_wconf 85' lang='grc' dir='ltr'><strong>παρά</strong></span> 
     </span>
    </p>
   </div>
   <div class='ocr_carea' id='block_1_96' title="bbox 2089 3996 3679 4071">
    <p class='ocr_par' dir='ltr' id='par_1_96' title="bbox 2089 3996 3679 4071">
     <span class='ocr_line' id='line_1_97' title="bbox 2089 3996 3679 4071; baseline -0.004 -16"><span class='ocrx_word' id='word_1_725' title='bbox 2089 3999 2249 4067; x_wconf 86' lang='grc' dir='ltr'><strong>Θεοῦ,</strong></span> <span class='ocrx_word' id='word_1_726' title='bbox 2276 4002 2346 4054; x_wconf 87' lang='grc' dir='ltr'><strong>τά</strong></span> <span class='ocrx_word' id='word_1_727' title='bbox 2391 4001 2538 4055; x_wconf 87' lang='grc' dir='ltr'><strong>κακά</strong></span> <span class='ocrx_word' id='word_1_728' title='bbox 2601 4001 2672 4055; x_wconf 89' lang='grc' dir='ltr'><strong>τά</strong></span> <span class='ocrx_word' id='word_1_729' title='bbox 2730 4001 2840 4055; x_wconf 84' lang='grc' dir='ltr'><strong>ἀπὸ</strong></span> <span class='ocrx_word' id='word_1_730' title='bbox 2876 4001 2974 4071; x_wconf 88' lang='grc' dir='ltr'><strong>τῆς</strong></span> <span class='ocrx_word' id='word_1_731' title='bbox 3005 3998 3326 4070; x_wconf 88' lang='grc' dir='ltr'><strong>βασκανίας·</strong></span> <span class='ocrx_word' id='word_1_732' title='bbox 3387 3998 3482 4051; x_wconf 73' lang='grc' dir='ltr'><strong>καὶ</strong></span> <span class='ocrx_word' id='word_1_733' title='bbox 3535 3996 3679 4050; x_wconf 78' lang='grc' dir='ltr'><strong>οὕτω</strong></span> 
     </span>
    </p>
   </div>
   <div class='ocr_carea' id='block_1_97' title="bbox 2089 4081 3678 4157">
    <p class='ocr_par' dir='ltr' id='par_1_97' title="bbox 2089 4081 3678 4157">
     <span class='ocr_line' id='line_1_98' title="bbox 2089 4081 3678 4157; baseline -0.003 -19"><span class='ocrx_word' id='word_1_734' title='bbox 2089 4083 2429 4155; x_wconf 90' lang='grc' dir='ltr'><strong>δυνησόμεθα</strong></span> <span class='ocrx_word' id='word_1_735' title='bbox 2452 4084 2647 4139; x_wconf 84' lang='grc' dir='ltr'><strong>σϐέσαι</strong></span> <span class='ocrx_word' id='word_1_736' title='bbox 2694 4084 2756 4139; x_wconf 83' lang='grc' dir='ltr'><strong>τὸ</strong></span> <span class='ocrx_word' id='word_1_737' title='bbox 2789 4084 3000 4157; x_wconf 89' lang='grc' dir='ltr'><strong>θηρίον,</strong></span> <span class='ocrx_word' id='word_1_738' title='bbox 3027 4084 3126 4137; x_wconf 75' lang='grc' dir='ltr'><strong>καὶ</strong></span> <span class='ocrx_word' id='word_1_739' title='bbox 3170 4082 3525 4153; x_wconf 80' lang='grc' dir='ltr'><strong>εὐδοκιμῆσαι</strong></span> <span class='ocrx_word' id='word_1_740' title='bbox 3576 4081 3678 4150; x_wconf 80' lang='grc' dir='ltr'><strong>έμ-</strong></span> 
     </span>
    </p>
   </div>
   <div class='ocr_carea' id='block_1_98' title="bbox 2090 4165 3678 4241">
    <p class='ocr_par' dir='ltr' id='par_1_98' title="bbox 2090 4165 3678 4241">
     <span class='ocr_line' id='line_1_99' title="bbox 2090 4165 3678 4241; baseline -0.004 -19"><span class='ocrx_word' id='word_1_741' title='bbox 2090 4167 2326 4241; x_wconf 90' lang='grc' dir='ltr'><strong>προσθεν</strong></span> <span class='ocrx_word' id='word_1_742' title='bbox 2356 4168 2452 4221; x_wconf 91' lang='grc' dir='ltr'><strong>τοῦ</strong></span> <span class='ocrx_word' id='word_1_743' title='bbox 2480 4166 2640 4236; x_wconf 87' lang='grc' dir='ltr'><strong>Θεοῦ,</strong></span> <span class='ocrx_word' id='word_1_744' title='bbox 2671 4168 2765 4223; x_wconf 76' lang='grc' dir='ltr'><strong>καὶ</strong></span> <span class='ocrx_word' id='word_1_745' title='bbox 2791 4168 2901 4222; x_wconf 86' lang='grc' dir='ltr'><strong>τῶν</strong></span> <span class='ocrx_word' id='word_1_746' title='bbox 2928 4167 3106 4222; x_wconf 89' lang='grc' dir='ltr'><strong>αὐτῶν</strong></span> <span class='ocrx_word' id='word_1_747' title='bbox 3133 4168 3318 4237; x_wconf 89' lang='grc' dir='ltr'><strong>τυχεῖν</strong></span> <span class='ocrx_word' id='word_1_748' title='bbox 3363 4168 3474 4228; x_wconf 89' lang='grc' dir='ltr'><strong>τοῖς</strong></span> <span class='ocrx_word' id='word_1_749' title='bbox 3527 4165 3678 4217; x_wconf 85' lang='grc' dir='ltr'><strong>εὐδο-</strong></span> 
     </span>
    </p>
   </div>
   <div class='ocr_carea' id='block_1_99' title="bbox 2092 4248 3677 4326">
    <p class='ocr_par' dir='ltr' id='par_1_99' title="bbox 2092 4248 3677 4326">
     <span class='ocr_line' id='line_1_100' title="bbox 2092 4248 3677 4326; baseline -0.004 -19"><span class='ocrx_word' id='word_1_750' title='bbox 2092 4252 2336 4322; x_wconf 88' lang='grc' dir='ltr'><strong>κιμοῦσι.</strong></span> <span class='ocrx_word' id='word_1_751' title='bbox 2372 4252 2689 4324; x_wconf 83' lang='grc' dir='ltr'><strong>Τευξόμεθα</strong></span> <span class='ocrx_word' id='word_1_752' title='bbox 2709 4252 2820 4326; x_wconf 89' lang='grc' dir='ltr'><strong>γάρ</strong></span> <span class='ocrx_word' id='word_1_753' title='bbox 2843 4254 2997 4317; x_wconf 86' lang='grc' dir='ltr'><strong>ῖσως·</strong></span> <span class='ocrx_word' id='word_1_754' title='bbox 3052 4250 3154 4306; x_wconf 81' lang='grc' dir='ltr'><strong>κᾶν</strong></span> <span class='ocrx_word' id='word_1_755' title='bbox 3189 4250 3263 4323; x_wconf 81' lang='grc' dir='ltr'><strong>μὴ</strong></span> <span class='ocrx_word' id='word_1_756' title='bbox 3292 4248 3548 4320; x_wconf 87' lang='grc' dir='ltr'><strong>τύχωμεν</strong></span> <span class='ocrx_word' id='word_1_757' title='bbox 3598 4248 3677 4313; x_wconf 84' lang='grc' dir='ltr'><strong>δὲ,</strong></span> 
     </span>
    </p>
   </div>
   <div class='ocr_carea' id='block_1_100' title="bbox 2093 4331 3677 4406">
    <p class='ocr_par' dir='ltr' id='par_1_100' title="bbox 2093 4331 3677 4406">
     <span class='ocr_line' id='line_1_101' title="bbox 2093 4331 3677 4406; baseline -0.004 -16"><span class='ocrx_word' id='word_1_758' title='bbox 2093 4335 2183 4390; x_wconf 89' lang='grc' dir='ltr'><strong>διά</strong></span> <span class='ocrx_word' id='word_1_759' title='bbox 2201 4338 2262 4389; x_wconf 75' lang='grc' dir='ltr'><strong>τὸ</strong></span> <span class='ocrx_word' id='word_1_760' title='bbox 2284 4334 2561 4406; x_wconf 80' lang='grc' dir='ltr'><strong>συμφέρον</strong></span> <span class='ocrx_word' id='word_1_761' title='bbox 2603 4336 2665 4390; x_wconf 93' lang='grc' dir='ltr'><strong>οὐ</strong></span> <span class='ocrx_word' id='word_1_762' title='bbox 2693 4335 3010 4405; x_wconf 80' lang='grc' dir='ltr'><strong>τευξόμεθα·</strong></span> <span class='ocrx_word' id='word_1_763' title='bbox 3037 4333 3178 4405; x_wconf 83' lang='grc' dir='ltr'><strong>πλὴν</strong></span> <span class='ocrx_word' id='word_1_764' title='bbox 3220 4334 3315 4387; x_wconf 79' lang='grc' dir='ltr'><strong>καὶ</strong></span> <span class='ocrx_word' id='word_1_765' title='bbox 3349 4331 3492 4386; x_wconf 85' lang='grc' dir='ltr'><strong>οὐτω</strong></span> <span class='ocrx_word' id='word_1_766' title='bbox 3519 4332 3677 4401; x_wconf 81' lang='grc' dir='ltr'><strong>δυνη-</strong></span> 
     </span>
    </p>
   </div>
   <div class='ocr_carea' id='block_1_101' title="bbox 2097 4414 3679 4489">
    <p class='ocr_par' dir='ltr' id='par_1_101' title="bbox 2097 4414 3679 4489">
     <span class='ocr_line' id='line_1_102' title="bbox 2097 4414 3679 4489; baseline -0.002 -18"><span class='ocrx_word' id='word_1_767' title='bbox 2097 4419 2300 4488; x_wconf 87' lang='grc' dir='ltr'><strong>σόμεθα</strong></span> <span class='ocrx_word' id='word_1_768' title='bbox 2322 4420 2402 4482; x_wconf 86' lang='grc' dir='ltr'><strong>εἰς</strong></span> <span class='ocrx_word' id='word_1_769' title='bbox 2430 4418 2586 4483; x_wconf 82' lang='grc' dir='ltr'><strong>δόξαν</strong></span> <span class='ocrx_word' id='word_1_770' title='bbox 2622 4418 2758 4471; x_wconf 82' lang='grc' dir='ltr'><strong>Θεοῦ</strong></span> <span class='ocrx_word' id='word_1_771' title='bbox 2791 4418 3077 4489; x_wconf 78' lang='grc' dir='ltr'><strong>ζήσαντες,</strong></span> <span class='ocrx_word' id='word_1_772' title='bbox 3114 4416 3222 4469; x_wconf 91' lang='grc' dir='ltr'><strong>τῶν</strong></span> <span class='ocrx_word' id='word_1_773' title='bbox 3251 4414 3679 4487; x_wconf 87' lang='grc' dir='ltr'><strong>ἐπηγγελμένων</strong></span> 
     </span>
    </p>
   </div>
   <div class='ocr_carea' id='block_1_102' title="bbox 2095 4497 3679 4571">
    <p class='ocr_par' dir='ltr' id='par_1_102' title="bbox 2095 4497 3679 4571">
     <span class='ocr_line' id='line_1_103' title="bbox 2095 4497 3679 4571; baseline -0.005 -14"><span class='ocrx_word' id='word_1_774' title='bbox 2095 4502 2316 4571; x_wconf 88' lang='grc' dir='ltr'><strong>ἀγαθῶν</strong></span> <span class='ocrx_word' id='word_1_775' title='bbox 2345 4504 2458 4565; x_wconf 85' lang='grc' dir='ltr'><strong>τοῖς</strong></span> <span class='ocrx_word' id='word_1_776' title='bbox 2489 4502 2776 4570; x_wconf 84' lang='grc' dir='ltr'><strong>ἀγαπῶσιν</strong></span> <span class='ocrx_word' id='word_1_777' title='bbox 2803 4500 2965 4555; x_wconf 84' lang='grc' dir='ltr'><strong>αὐτὸν</strong></span> <span class='ocrx_word' id='word_1_778' title='bbox 2997 4501 3199 4569; x_wconf 88' lang='grc' dir='ltr'><strong>τυχεῖν,</strong></span> <span class='ocrx_word' id='word_1_779' title='bbox 3228 4498 3411 4570; x_wconf 86' lang='grc' dir='ltr'><strong>χάριτι</strong></span> <span class='ocrx_word' id='word_1_780' title='bbox 3434 4497 3527 4550; x_wconf 77' lang='grc' dir='ltr'><strong>καὶ</strong></span> <span class='ocrx_word' id='word_1_781' title='bbox 3558 4497 3679 4566; x_wconf 88' lang='grc' dir='ltr'><strong>φιλ-</strong></span> 
     </span>
    </p>
   </div>
   <div class='ocr_carea' id='block_1_103' title="bbox 2096 4580 3679 4657">
    <p class='ocr_par' dir='ltr' id='par_1_103' title="bbox 2096 4580 3679 4657">
     <span class='ocr_line' id='line_1_104' title="bbox 2096 4580 3679 4657; baseline -0.004 -18"><span class='ocrx_word' id='word_1_782' title='bbox 2096 4585 2382 4657; x_wconf 82' lang='grc' dir='ltr'><strong>ανθρωπίᾳ</strong></span> <span class='ocrx_word' id='word_1_783' title='bbox 2416 4585 2511 4637; x_wconf 87' lang='grc' dir='ltr'><strong>τοῦ</strong></span> <span class='ocrx_word' id='word_1_784' title='bbox 2561 4584 2766 4654; x_wconf 83' lang='grc' dir='ltr'><strong>Κυρίου</strong></span> <span class='ocrx_word' id='word_1_785' title='bbox 2792 4582 2949 4655; x_wconf 84' lang='grc' dir='ltr'><strong>ήμῶν</strong></span> <span class='ocrx_word' id='word_1_786' title='bbox 3001 4581 3178 4653; x_wconf 89' lang='grc' dir='ltr'><strong>Ἰησοῦ</strong></span> <span class='ocrx_word' id='word_1_787' title='bbox 3222 4580 3499 4653; x_wconf 83' lang='grc' dir='ltr'><strong>Χριστοῦ,</strong></span> <span class='ocrx_word' id='word_1_788' title='bbox 3557 4580 3679 4649; x_wconf 78' lang='grc' dir='ltr'><strong>μεθ’</strong></span> 
     </span>
    </p>
   </div>
   <div class='ocr_carea' id='block_1_104' title="bbox 2096 4662 3676 4738">
    <p class='ocr_par' dir='ltr' id='par_1_104' title="bbox 2096 4662 3676 4738">
     <span class='ocr_line' id='line_1_105' title="bbox 2096 4662 3676 4738; baseline -0.004 -16"><span class='ocrx_word' id='word_1_789' title='bbox 2096 4662 2157 4723; x_wconf 79' lang='grc' dir='ltr'><strong>οὐ</strong></span> <span class='ocrx_word' id='word_1_790' title='bbox 2175 4667 2253 4738; x_wconf 81' lang='grc' dir='ltr'><strong>τῷ</strong></span> <span class='ocrx_word' id='word_1_791' title='bbox 2282 4667 2456 4737; x_wconf 69' lang='lat' dir='ltr'><strong>Ila-:91</strong></span> <span class='ocrx_word' id='word_1_792' title='bbox 2478 4667 2594 4737; x_wconf 78' lang='grc' dir='ltr'><strong>ἅμα</strong></span> <span class='ocrx_word' id='word_1_793' title='bbox 2637 4666 2715 4738; x_wconf 80' lang='grc' dir='ltr'><strong>τῷ</strong></span> <span class='ocrx_word' id='word_1_794' title='bbox 2748 4666 2890 4737; x_wconf 89' lang='grc' dir='ltr'><strong>ἀγίῳ</strong></span> <span class='ocrx_word' id='word_1_795' title='bbox 2939 4664 3220 4736; x_wconf 88' lang='grc' dir='ltr'><strong>Πνεύματι</strong></span> <span class='ocrx_word' id='word_1_796' title='bbox 3252 4664 3412 4730; x_wconf 84' lang='grc' dir='ltr'><strong>δόξα,</strong></span> <span class='ocrx_word' id='word_1_797' title='bbox 3454 4663 3676 4735; x_wconf 86' lang='grc' dir='ltr'><strong>κράτος,</strong></span> 
     </span>
    </p>
   </div>
   <div class='ocr_carea' id='block_1_105' title="bbox 2096 4746 3677 4823">
    <p class='ocr_par' dir='ltr' id='par_1_105' title="bbox 2096 4746 3677 4823">
     <span class='ocr_line' id='line_1_106' title="bbox 2096 4746 3677 4823; baseline -0.003 -17"><span class='ocrx_word' id='word_1_798' title='bbox 2096 4753 2252 4823; x_wconf 81' lang='grc' dir='ltr'><strong>τιμὴ,</strong></span> <span class='ocrx_word' id='word_1_799' title='bbox 2285 4749 2380 4804; x_wconf 92' lang='grc' dir='ltr'><strong>νῦν</strong></span> <span class='ocrx_word' id='word_1_800' title='bbox 2401 4750 2495 4806; x_wconf 76' lang='grc' dir='ltr'><strong>καὶ</strong></span> <span class='ocrx_word' id='word_1_801' title='bbox 2542 4750 2649 4814; x_wconf 81' lang='grc' dir='ltr'><strong>ἀεὶ,</strong></span> <span class='ocrx_word' id='word_1_802' title='bbox 2678 4751 2773 4805; x_wconf 78' lang='grc' dir='ltr'><strong>καὶ</strong></span> <span class='ocrx_word' id='word_1_803' title='bbox 2808 4752 2889 4814; x_wconf 84' lang='grc' dir='ltr'><strong>εἰς</strong></span> <span class='ocrx_word' id='word_1_804' title='bbox 2914 4749 3042 4814; x_wconf 83' lang='grc' dir='ltr'><strong>τοὺς</strong></span> <span class='ocrx_word' id='word_1_805' title='bbox 3062 4748 3266 4814; x_wconf 81' lang='grc' dir='ltr'><strong>αἰῶνας</strong></span> <span class='ocrx_word' id='word_1_806' title='bbox 3308 4748 3419 4803; x_wconf 89' lang='grc' dir='ltr'><strong>τῶν</strong></span> <span class='ocrx_word' id='word_1_807' title='bbox 3444 4746 3677 4801; x_wconf 87' lang='grc' dir='ltr'><strong>αίώνων.</strong></span> 
     </span>
    </p>
   </div>
   <div class='ocr_carea' id='block_1_106' title="bbox 2115 4835 2305 4906">
    <p class='ocr_par' dir='ltr' id='par_1_106' title="bbox 2115 4835 2305 4906">
     <span class='ocr_line' id='line_1_107' title="bbox 2115 4835 2305 4906; baseline 0 -17"><span class='ocrx_word' id='word_1_808' title='bbox 2115 4835 2305 4906; x_wconf 81' lang='grc' dir='ltr'><strong>Ἀμήν.</strong></span> 
     </span>
    </p>
   </div>
   <div class='ocr_carea' id='block_1_107' title="bbox 1845 5305 2429 5379">
    <p class='ocr_par' dir='ltr' id='par_1_107' title="bbox 1845 5305 2429 5379">
     <span class='ocr_line' id='line_1_108' title="bbox 1845 5305 2429 5379; baseline 0.003 -18"><span class='ocrx_word' id='word_1_809' title='bbox 1845 5305 1993 5379; x_wconf 72' lang='grc' dir='ltr'><strong>[ιη]</strong></span> <span class='ocrx_word' id='word_1_810' title='bbox 2038 5309 2286 5364; x_wconf 80' lang='lat' dir='ltr'><strong>OMIAIA</strong></span> <span class='ocrx_word' id='word_1_811' title='bbox 2327 5310 2429 5363; x_wconf 66' lang='grc' dir='ltr'><strong>ιε’.</strong></span> 
     </span>
    </p>
   </div>
   <div class='ocr_carea' id='block_1_108' title="bbox 436 5486 1996 5560">
    <p class='ocr_par' dir='ltr' id='par_1_108' title="bbox 436 5486 1996 5560">
     <span class='ocr_line' id='line_1_109' title="bbox 436 5486 1996 5560; baseline 0.001 -18"><span class='ocrx_word' id='word_1_812' title='bbox 436 5486 784 5560; x_wconf 68' lang='grc' dir='ltr'><strong>Ἀσπάζεται</strong></span> <span class='ocrx_word' id='word_1_813' title='bbox 822 5488 979 5560; x_wconf 78' lang='grc' dir='ltr'><strong>ὑμᾶς</strong></span> <span class='ocrx_word' id='word_1_814' title='bbox 1026 5489 1331 5560; x_wconf 66' lang='grc' dir='ltr'><strong>Ἐπαφρᾶς</strong></span> <span class='ocrx_word' id='word_1_815' title='bbox 1373 5493 1407 5544; x_wconf 84' lang='grc' dir='ltr'><strong>ό</strong></span> <span class='ocrx_word' id='word_1_816' title='bbox 1456 5490 1527 5555; x_wconf 80' lang='grc' dir='ltr'><em>ἐξ</em></span> <span class='ocrx_word' id='word_1_817' title='bbox 1566 5490 1732 5556; x_wconf 74' lang='grc' dir='ltr'><strong>ὑμῶν</strong></span> <span class='ocrx_word' id='word_1_818' title='bbox 1778 5490 1996 5557; x_wconf 82' lang='grc' dir='ltr'><strong>δοῦλος</strong></span> 
     </span>
    </p>
   </div>
   <div class='ocr_carea' id='block_1_109' title="bbox 496 5559 1997 5640">
    <p class='ocr_par' dir='ltr' id='par_1_109' title="bbox 496 5559 1997 5640">
     <span class='ocr_line' id='line_1_110' title="bbox 496 5559 1997 5640; baseline 0.001 -28"><span class='ocrx_word' id='word_1_819' title='bbox 496 5559 773 5639; x_wconf 54' lang='grc' dir='ltr'><strong>Χριστοῦ,</strong></span> <span class='ocrx_word' id='word_1_820' title='bbox 814 5559 1070 5640; x_wconf 62' lang='lat' dir='ltr'><strong>adv-tgna</strong></span> <span class='ocrx_word' id='word_1_821' title='bbox 1106 5559 1529 5640; x_wconf 56' lang='grc' dir='ltr'><strong>ἀγωνιζόμενος</strong></span> <span class='ocrx_word' id='word_1_822' title='bbox 1547 5561 1712 5640; x_wconf 46' lang='grc' dir='ltr'><strong>,ρπὲρ</strong></span> <span class='ocrx_word' id='word_1_823' title='bbox 1736 5560 1903 5640; x_wconf 76' lang='grc' dir='ltr'><strong>ὑμῶν</strong></span> <span class='ocrx_word' id='word_1_824' title='bbox 1927 5562 1997 5614; x_wconf 80' lang='grc' dir='ltr'><strong>ἐν</strong></span> 
     </span>
    </p>
   </div>
   <div class='ocr_carea' id='block_1_110' title="bbox 497 5629 1995 5698">
    <p class='ocr_par' dir='ltr' id='par_1_110' title="bbox 497 5629 1995 5698">
     <span class='ocr_line' id='line_1_111' title="bbox 497 5629 1995 5698; baseline 0.003 -19"><span class='ocrx_word' id='word_1_825' title='bbox 497 5629 627 5692; x_wconf 80' lang='grc' dir='ltr'><strong>ταῖς</strong></span> <span class='ocrx_word' id='word_1_826' title='bbox 655 5629 1016 5698; x_wconf 78' lang='grc' dir='ltr'><strong>προσευχαῖς</strong></span> <span class='ocrx_word' id='word_1_827' title='bbox 1058 5670 1071 5693; x_wconf 92' lang='grc'><strong>,</strong></span> <span class='ocrx_word' id='word_1_828' title='bbox 1110 5632 1210 5685; x_wconf 82' lang='grc' dir='ltr'><strong>ἵνα</strong></span> <span class='ocrx_word' id='word_1_829' title='bbox 1258 5629 1444 5697; x_wconf 80' lang='grc' dir='ltr'><strong>στῆτε</strong></span> <span class='ocrx_word' id='word_1_830' title='bbox 1498 5630 1712 5683; x_wconf 75' lang='grc' dir='ltr'><strong>τέλειοι</strong></span> <span class='ocrx_word' id='word_1_831' title='bbox 1758 5629 1855 5684; x_wconf 75' lang='grc' dir='ltr'><strong>καὶ</strong></span> <span class='ocrx_word' id='word_1_832' title='bbox 1894 5645 1995 5684; x_wconf 82' lang='grc' dir='ltr'><strong>πε-</strong></span> 
     </span>
    </p>
   </div>
   <div class='ocr_carea' id='block_1_111' title="bbox 500 5698 1989 5766">
    <p class='ocr_par' dir='ltr' id='par_1_111' title="bbox 500 5698 1989 5766">
     <span class='ocr_line' id='line_1_112' title="bbox 500 5698 1989 5766; baseline 0.001 -14"><span class='ocrx_word' id='word_1_833' title='bbox 500 5698 874 5765; x_wconf 76' lang='grc' dir='ltr'><strong>πληρωμένοι</strong></span> <span class='ocrx_word' id='word_1_834' title='bbox 933 5700 1004 5752; x_wconf 79' lang='grc' dir='ltr'><strong>ἐν</strong></span> <span class='ocrx_word' id='word_1_835' title='bbox 1064 5700 1243 5753; x_wconf 78' lang='grc' dir='ltr'><strong>παντὶ</strong></span> <span class='ocrx_word' id='word_1_836' title='bbox 1306 5700 1587 5766; x_wconf 78' lang='grc' dir='ltr'><strong>θελήματι</strong></span> <span class='ocrx_word' id='word_1_837' title='bbox 1656 5700 1762 5754; x_wconf 82' lang='grc' dir='ltr'><strong>τοῦ</strong></span> <span class='ocrx_word' id='word_1_838' title='bbox 1823 5701 1989 5754; x_wconf 84' lang='grc' dir='ltr'><strong>Θεοῦ.</strong></span> 
     </span>
    </p>
   </div>
   <div class='ocr_carea' id='block_1_112' title="bbox 502 5767 1991 5840">
    <p class='ocr_par' dir='ltr' id='par_1_112' title="bbox 502 5767 1991 5840">
     <span class='ocr_line' id='line_1_113' title="bbox 502 5767 1991 5840; baseline 0 -18"><span class='ocrx_word' id='word_1_839' title='bbox 502 5767 788 5838; x_wconf 77' lang='grc' dir='ltr'><strong>Μαρτυρῶ</strong></span> <span class='ocrx_word' id='word_1_840' title='bbox 811 5769 918 5837; x_wconf 77' lang='grc' dir='ltr'><strong>γὰρ</strong></span> <span class='ocrx_word' id='word_1_841' title='bbox 934 5770 1114 5837; x_wconf 85' lang='grc' dir='ltr'><strong>αὐτῷ,</strong></span> <span class='ocrx_word' id='word_1_842' title='bbox 1146 5771 1233 5825; x_wconf 82' lang='grc' dir='ltr'><strong>ὅτι</strong></span> <span class='ocrx_word' id='word_1_843' title='bbox 1261 5771 1381 5839; x_wconf 76' lang='grc' dir='ltr'><strong>ἔχει</strong></span> <span class='ocrx_word' id='word_1_844' title='bbox 1406 5769 1587 5840; x_wconf 71' lang='grc' dir='ltr'><em>ζῆλον</em></span> <span class='ocrx_word' id='word_1_845' title='bbox 1620 5771 1816 5825; x_wconf 74' lang='grc' dir='ltr'><strong>πολὺν</strong></span> <span class='ocrx_word' id='word_1_846' title='bbox 1842 5770 1991 5840; x_wconf 81' lang='grc' dir='ltr'><strong>ὑπὲρ</strong></span> 
     </span>
    </p>
   </div>
   <div class='ocr_carea' id='block_1_113' title="bbox 2175 5492 3677 5619">
    <p class='ocr_par' dir='ltr' id='par_1_113' title="bbox 2175 5492 3677 5619">
     <span class='ocr_line' id='line_1_114' title="bbox 2175 5492 3677 5619; baseline 0 -71"><span class='ocrx_word' id='word_1_847' title='bbox 2175 5493 2362 5619; x_wconf 51' lang='grc' dir='ltr'><strong>ὺιᾶἓν,</strong></span> <span class='ocrx_word' id='word_1_848' title='bbox 2383 5493 2479 5548; x_wconf 71' lang='grc' dir='ltr'><strong>καὶ</strong></span> <span class='ocrx_word' id='word_1_849' title='bbox 2504 5492 2621 5548; x_wconf 76' lang='grc' dir='ltr'><strong>τῶν</strong></span> <span class='ocrx_word' id='word_1_850' title='bbox 2640 5494 2709 5549; x_wconf 83' lang='grc' dir='ltr'><strong>ἐν</strong></span> <span class='ocrx_word' id='word_1_851' title='bbox 2737 5494 3076 5562; x_wconf 79' lang='grc' dir='ltr'><strong>Λαοδικείᾳ,</strong></span> <span class='ocrx_word' id='word_1_852' title='bbox 3114 5496 3212 5549; x_wconf 82' lang='grc' dir='ltr'><strong>καὶ</strong></span> <span class='ocrx_word' id='word_1_853' title='bbox 3244 5494 3361 5548; x_wconf 82' lang='grc' dir='ltr'><strong>τῶν</strong></span> <span class='ocrx_word' id='word_1_854' title='bbox 3392 5495 3463 5547; x_wconf 77' lang='grc' dir='ltr'><strong>ἐν</strong></span> <span class='ocrx_word' id='word_1_855' title='bbox 3493 5496 3677 5563; x_wconf 72' lang='grc' dir='ltr'><strong>Ἱερα-</strong></span> 
     </span>
     <span class='ocr_line' id='line_1_115' title="bbox 2175 5578 2368 5618; baseline 0.005 -1"><span class='ocrx_word' id='word_1_856' title='bbox 2175 5578 2218 5617; x_wconf 85' lang='grc' dir='ltr'><strong>π</strong></span> <span class='ocrx_word' id='word_1_857' title='bbox 2295 5581 2368 5618; x_wconf 87' lang='grc' dir='ltr'><strong>ει.</strong></span> 
     </span>
    </p>
   </div>
   <div class='ocr_carea' id='block_1_114' title="bbox 2173 5578 2368 5618">
    <p class='ocr_par' dir='ltr' id='par_1_114' title="bbox 2173 5578 2368 5618">
     <span class='ocr_line' id='line_1_116' title="bbox 2173 5578 2368 5618; baseline 0.005 -1"><span class='ocrx_word' id='word_1_858' title='bbox 2173 5578 2368 5618; x_wconf 71' lang='grc' dir='ltr'><strong>πόλει.</strong></span> 
     </span>
    </p>
   </div>
   <div class='ocr_carea' id='block_1_115' title="bbox 2170 5683 3674 5756">
    <p class='ocr_par' dir='ltr' id='par_1_115' title="bbox 2170 5683 3674 5756">
     <span class='ocr_line' id='line_1_117' title="bbox 2170 5683 3674 5756; baseline 0 -21"><span class='ocrx_word' id='word_1_859' title='bbox 2170 5690 2238 5737; x_wconf 84' lang='grc' dir='ltr'><strong>α’.</strong></span> <span class='ocrx_word' id='word_1_860' title='bbox 2258 5683 2366 5736; x_wconf 73' lang='grc' dir='ltr'><strong>Καὶ</strong></span> <span class='ocrx_word' id='word_1_861' title='bbox 2382 5683 2681 5756; x_wconf 87' lang='grc' dir='ltr'><strong>ἀρχόμενος</strong></span> <span class='ocrx_word' id='word_1_862' title='bbox 2696 5685 2794 5755; x_wconf 84' lang='grc' dir='ltr'><strong>τῆς</strong></span> <span class='ocrx_word' id='word_1_863' title='bbox 2809 5686 3147 5755; x_wconf 85' lang='grc' dir='ltr'><strong>Ἐπιστολῆς,</strong></span> <span class='ocrx_word' id='word_1_864' title='bbox 3166 5685 3460 5755; x_wconf 83' lang='grc' dir='ltr'><strong>συνέστησε</strong></span> <span class='ocrx_word' id='word_1_865' title='bbox 3477 5686 3568 5739; x_wconf 74' lang='grc' dir='ltr'><strong>τὸν</strong></span> <span class='ocrx_word' id='word_1_866' title='bbox 3582 5686 3674 5739; x_wconf 80' lang='grc' dir='ltr'><strong>άν-</strong></span> 
     </span>
    </p>
   </div>
   <div class='ocr_carea' id='block_1_116' title="bbox 2100 5770 3671 5845">
    <p class='ocr_par' dir='ltr' id='par_1_116' title="bbox 2100 5770 3671 5845">
     <span class='ocr_line' id='line_1_118' title="bbox 2100 5770 3671 5845; baseline 0.003 -22"><span class='ocrx_word' id='word_1_867' title='bbox 2100 5770 2201 5842; x_wconf 82' lang='grc' dir='ltr'><strong>δρα</strong></span> <span class='ocrx_word' id='word_1_868' title='bbox 2225 5770 2332 5825; x_wconf 81' lang='grc' dir='ltr'><strong>ἀπὸ</strong></span> <span class='ocrx_word' id='word_1_869' title='bbox 2346 5771 2590 5842; x_wconf 84' lang='grc' dir='ltr'><strong>ἀγάπης·</strong></span> <span class='ocrx_word' id='word_1_870' title='bbox 2618 5772 2839 5845; x_wconf 83' lang='grc' dir='ltr'><strong>ἀγάπην</strong></span> <span class='ocrx_word' id='word_1_871' title='bbox 2858 5773 2912 5826; x_wconf 84' lang='grc' dir='ltr'><strong>δὲ</strong></span> <span class='ocrx_word' id='word_1_872' title='bbox 2935 5773 3175 5829; x_wconf 82' lang='grc' dir='ltr'><strong>δείκνυσι</strong></span> <span class='ocrx_word' id='word_1_873' title='bbox 3196 5774 3290 5829; x_wconf 73' lang='grc' dir='ltr'><strong>καὶ</strong></span> <span class='ocrx_word' id='word_1_874' title='bbox 3310 5772 3371 5827; x_wconf 87' lang='grc' dir='ltr'><strong>τὺ</strong></span> <span class='ocrx_word' id='word_1_875' title='bbox 3392 5773 3671 5844; x_wconf 75' lang='grc' dir='ltr'><strong>ἐγκωμιά-</strong></span> 
     </span>
    </p>
   </div>
  </div>
