4120 6400
431 339 528 396 531

430 451 543 515 ζειν
564 468 576 480 ·
606 451 742 520 ὅπερ
773 447 830 512 ἐξ
854 447 1028 518 ἀρχῆς
1065 443 1216 500 εἷπεν
1235 463 1248 475 ·
1267 449 1330 499 '0
1349 447 1632 515 δηλώσας
1658 457 1683 485 α
1709 444 1870 514 ἡμῖν,
1896 459 2000 512 φη-

431 540 508 598 σί.
543 536 657 604 τὴν
680 535 844 604 ὑμῶν
868 533 1112 604 ἀγάπην
1149 535 1219 588 ἐν
1257 536 1568 603 πνεύματι.
1617 534 1866 600 Ἀγάπην
1897 529 2005 582 δεί-

429 642 588 679 κνυσι
622 626 717 678 καὶ
745 625 890 676 ποιεῖ
919 621 1194 692 φιλεῖσθαι
1220 622 1314 674 καὶ⁴
1345 622 1406 674 τὸ
1427 619 1847 691 ὑπερεύχεσθαι.
1869 619 2004 670 Συν-

433 711 614 777 ἰστησι
671 707 729 759 δὲ
782 706 968 765 αὐτὸν,
1023 706 1256 773 ἀνοίγων
1307 704 1481 775 θύραν
1522 702 1602 774 τῷ
1647 704 1790 772 λόγῳ
1837 697 2003 754 αὐτοῦ

433 797 528 867 (τδ
557 796 665 865 γὰρ
719 795 995 864 αἰδέσιμον
1042 788 1180 846 εἶναι
1231 793 1324 845 τὸν
1368 791 1711 853 διδάσκαλον,
1750 787 2006 860 μαθητῶν

429 884 711 953 ὠφέλεια),
748 883 843 936 καὶ
878 881 1040 934 πάλιν
1064 882 1126 934 τὸ
1159 881 1334 934 εἰπεῖν
1355 881 1406 947 δ,
1457 879 1560 944 Ἐξ
1589 877 1775 947 ὑμῶν,
1804 876 1892 929 ἵνα
1913 876 2008 929 καὶ¹

434 975 804 1045 σεμνύνωνται
851 973 942 1024 ὲπί
993 970 1073 1041 τῷ
1106 971 1284 1042 ἀνδρὶ,
1322 970 1418 1025 ἅτε
1454 968 1729 1030 τοιούτους
1751 969 2007 1038 φέροντες

432 1064 653 1136 ἄνδρας.
699 1061 810 1116 Καὶ
858 1061 1137 1124 πάντοτε,
1182 1062 1368 1130 φησὶν,
1399 1056 1827 1128 ἀγωνιζόμενος
1849 1055 2007 1123 ’ὑπὲρ

431 1151 601 1221 ὑμῶν
628 1152 697 1203 ἐν
733 1149 862 1214 ταῖς
889 1147 1277 1216 προσευχαῖς.
1323 1147 1434 1218 Ούχ
1475 1146 1658 1208 ἁπλῶς
1693 1140 1866 1206 εἶπεν,
1899 1143 2004 1196 Εὑ-

435 1241 683 1310 χόμενος,
711 1237 848 1299 ἀλλ’,
883 1231 1357 1305 Ἀγωνιζόμενος.
1374 1234 1594 1305 τρέμων
1613 1232 1708 1286 καὶ
1731 1229 2004 1293 δεδοικώς.

435 1324 723 1394 Μαρτυρῶ
773 1325 881 1393 γὰρ
918 1322 1099 1388 αὐτῷ,
1123 1322 1309 1393 φησὶν,
1333 1322 1423 1374 ὅτι
1451 1321 1576 1389 ἕχει
1601 1318 1784 1386 ζῆλον
1811 1317 2010 1370 πολὺν

445 1415 597 1484 ὑπὲρ
637 1413 824 1483 ὑμῶν.
874 1413 1208 1477 ’Δξιόπιστος
1250 1413 1482 1483 μάρτυς.
1524 1412 1653 1464 Ὅτι
1679 1409 1824 1478 ἔχει,
1850 1407 2005 1476 φησὶ,

439 1502 622 1572 ζῆλον
652 1503 852 1557 πολὺν
887 1503 1041 1571 ὑπὲρ
1098 1500 1284 1571 ὑμῶν.
1332 1501 1644 1560 Τουτέστιν,
1685 1499 1766 1551 ὅτι
1796 1496 2010 1566 Σφόδρα

439 1593 583 1661 ὑμᾶς
631 1592 840 1660 ἀγαπᾷ,
895 1590 989 1644 καὶ
1031 1590 1310 1642 ὲκκαίεται
1335 1587 1414 1657 τῷ
1438 1587 1567 1654 περί
1597 1586 1739 1653 ὑμᾶς
1780 1583 2007 1652 φίλτρῳ.

439 1681 547 1736 Kal
596 1677 717 1733 τῶν
741 1679 810 1732 ἐν
843 1677 1183 1744 Λαοδικείᾳ,
1225 1675 1381 1746 φησὶ,
1419 1675 1518 1728 καὶ
1557 1672 1676 1726 τῶν
1699 1674 1770 1725 ἐν
1827 1672 2010 1737 Ἱερα-

439 1769 633 1822 πόλει.
691 1767 978 1827 Κάκείνοις
1039 1765 1201 1817 αὐτὸν
1265 1763 1599 1831 συνίστησιν.
1657 1759 1819 1813 Ἀλλὰ
1849 1758 2010 1812 πόθεν

438 1857 597 1908 τοῦτο
635 1854 860 1924 ἔμελλον
889 1853 1126 1916 εἰδέναις
1160 1852 1322 1914 Εἰκὸς
1355 1851 1453 1920 μὲν
1502 1845 1594 1902 οὖν
1623 1849 1818 1910 αὐτοὺς
1846 1844 2010 1900 ἀκοῦ-

442 1961 570 1997 σαι·
627 1943 768 2011 πλὴν
810 1942 904 1995 καὶ
959 1940 1056 2008 τῆς
1113 1937 1434 2008 Ἐπιστολῆς
1469 1934 2008 2004 ἁναγινωσκομένης,

442 2031 764 2098 ἐμάνθανον.
812 2027 1110 2095 Ποιήσατε
1145 2028 1276 2097 γὰρ,
1326 2026 1513 2095 φησὶν,
1565 2026 1666 2078 ἵνα
1713 2021 1909 2076 καὶέν
1937 2018 2012 2087 τῇ

443 2116 778 2174 Λαοδικέων
826 2117 1150 2184 Ἐκκλησία
1176 2111 1553 2184 ἀναγνωσθῇ.
1570 2111 1782 2165 -Ἵνα
1802 2107 2006 2176 στῆτε,

443 2207 599 2276 φησὶ,
631 2204 868 2258 τέλειοι.
903 2204 1053 2272 ’Ἅμα
1087 2204 1181 2255 καὶ
1215 2201 1514 2271 κατηγορεῖ
1543 2199 1740 2262 αὐτῶν,
1786 2197 1880 2250 καὶ
1918 2199 2012 2249 άν-

443 2293 696 2362 επαχθῶς
725 2292 980 2362 παραινεῖ
1007 2290 1101 2342 καί
1123 2288 1501 2359 συμϐουλεύει.
1531 2287 1775 2357 Ἔνιγὰρ
1805 2285 1898 2338 καὶ
1927 2284 2015 2336 τέ-

442 2379 584 2432 λειον
637 2375 800 2443 εἶναι,
842 2378 940 2432 καὶ
987 2376 1061 2448 μὴ
1089 2377 1331 2441 ἑστάναι,
1370 2376 1445 2439 ὡς
1482 2378 1577 2431 ὲάν
1600 2391 1681 2436 τις
1709 2373 1885 2426 πάντα
1917 2373 2013 2442 μὲν

444 2468 582 2539 εἰδῇ,
621 2466 914 2538 σαλεύηται
945 2465 1002 2518 δὲ
1025 2465 1135 2519 ἕτισ
1164 2465 1242 2518 ἔνι
1274 2464 1367 2518 καὶ
1405 2464 1481 2532 μὴ
1505 2465 1706 2517 τέλειον
1737 2457 1898 2522 εῖναι,
1919 2459 2016 2513 καὶ⁸

445 2556 689 2618 ἑστάναι,
733 2555 808 2616 ὡς
855 2553 949 2605 ἐάν
980 2571 1064 2616 τις
1099 2553 1263 2624 μέρος
1295 2553 1393 2623 μὲν
1425 2552 1564 2622 εἰδῇ,
1595 2551 1794 2621 ἔστηκε
1816 2549 1872 2601 δὲ
1899 2547 1960 2600 ού
1986 2557 2009 2585 ε

448 2646 700 2717 βεϐαίως.
746 2643 882 2697 Ἀλλ’
899 2634 1055 2706 οὗτος
1082 2642 1370 2713 ἀμφότερα
1391 2640 1630 2711 εὔχεται,
1655 2641 1788 2694 Ἵνα
1807 2637 2012 2706 στῆτε,

446 2734 603 2804 φησί,
651 2732 886 2786 τέλειοι.
931 2731 1074 2802 Ὅρα
1123 2729 1227 2783 ποῦ
1283 2729 1445 2784 πάλιν
1496 2729 1694 2791 αὐτοὺς
1731 2727 2016 2797 ὑπέμνησε

446 2822 539 2875 τοῦ
588 2822 717 2892 περὶ
761 2821 868 2873 τῶν
909 2820 1156 2888 ἀγγέλων
1206 2818 1391 2886 λόγου,
1444 2818 1538 2870 καὶ
1578 2815 1831 2886 περὶτοῦ
1874 2814 2012 2885 βίου.

450 2914 557 2964 Kal
623 2908 1096 2977 πεπληρωμένοι,
1162 2908 1350 2976 φησὶν,
1394 2907 1464 2959 ἐν
1509 2905 1688 2958 παντὶ
1732 2904 2018 2972 θελήματι

447 2998 554 3052 τοῦ
587 2997 756 3051 Θεοῦ.
791 2997 866 3049 Οὐ
905 2995 1015 3066 γὰρ
1054 2994 1244 3056 ἁπλῶς
1266 2995 1428 3062 ἀρκεῖ
1456 2993 1516 3046 τὸ
1557 2993 1770 3063 θέλημα
1819 2994 2015 3045 ποιεῖν.

462 3087 520 3138 ’0
552 3083 978 3155 πεπληρωμένος
1023 3083 1124 3134 ούκ
1145 3080 1369 3151 ἀφίησιν
1390 3081 1517 3134 ἄλλο
1545 3079 1754 3149 θέλημα
1782 3075 1924 3132 εἶναι
1961 3079 2019 3129 ὲν

450 3170 618 3240 αὐτῷ,
642 3169 764 3222 ἐπεὶ
785 3168 845 3221 οὐ
865 3167 1369 3239 πεπληροφόρηται.
1393 3166 1681 3234 Μαρτυρῶ
1706 3168 1811 3238 γὰρ
1837 3163 2018 3231 αὐτῷ,

453 3258 637 3326 φησὶν,
694 3256 784 3310 ὅτι
817 3255 943 3323 ἔχει
979 3252 1164 3324 ζῆλον
1201 3255 1420 3308 πολύν.
1461 3255 1571 3307 Καὶ
1597 3254 1778 3324 ζῆλον,
1799 3255 1892 3306 καὶ
1921 3270 2016 3305 πο-

451 3345 548 3399 λύν
570 3363 582 3375 ·
616 3343 901 3414 ἀμφότερα
931 3342 1233 3406 ἑπιτάσεως
1258 3359 1271 3372 ·
1323 3342 1512 3413 ὥσπερ
1559 3343 1655 3394 καὶ
1687 3342 1852 3404 αὑτός
1884 3358 2020 3410 φησι

453 3433 761 3504 Κορινθίοις
800 3431 1062 3502 γράφων⁹
1091 3429 1264 3497 Ζηλῶ
1306 3431 1417 3498 γὰρ
1463 3428 1618 3496 ὑμᾶς
1655 3429 1802 3482 Θεοῦ
1842 3427 2017 3495 ζήλῳ.

467 3517 815 3582 Ἀσπάζεται
868 3516 1024 3588 ὑμᾶς
1082 3515 1318 3584 Λουκᾶς
1356 3521 1388 3570 ό
1422 3518 1672 3583 ίατρὸςό
1695 3516 2019 3585 ἀγαπητός.

455 3605 624 3672 Οὗτός
656 3609 803 3660 ἐστιν
832 3608 860 3661 ὁ
895 3605 1306 3676 εύαγγελιστής.
1336 3605 1411 3658 Οὐ
1430 3604 1620 3657 τοῦτον
1639 3603 1696 3656 δὲ
1729 3604 2019 3666 ταπεινῶν,

457 3697 683 3766 ὕστερον
707 3696 944 3765 τίθησιν,
967 3694 1082 3747 ἀλλ’
1099 3695 1307 3746 ἐκεῖνον
1327 3693 1547 3760 ἐπαίρει
1578 3692 1671 3745 τὸν
1713 3693 2022 3763 Ἐπαφρᾶν.

456 3785 618 3848 Εἰκὸς
631 3780 771 3836 εἶναι
790 3783 883 3836 καὶ
895 3782 1087 3844 ἄλλους
1102 3781 1270 3835 καλου
1279 3781 1474 3850 μένους
1490 3779 1567 3848 τῷ
1580 3779 1807 3848 ὀνόματι
1823 3780 2020 3851 τούτῳ.

456 3875 564 3930 Kal
593 3871 811 3940 Δημᾶς.
846 3871 1029 3926 Εἰπὼν
1058 3871 1136 3934 δὲ,
1177 3868 1520 3930 Ἀσπάζεται
1563 3868 1719 3937 ὑμᾶς
1745 3869 2027 3936 Λουκᾶςό

460 3962 676 4028 ίατρύς,
698 3960 1056 4034 προσέθηκεν,
1087 3958 1150 4012 '0
1172 3959 1497 4027 ἀγαπητός.
1528 3955 1678 4029 [H3]
1723 3956 2028 4028 Ἐγκὼμιον

458 4053 555 4107 καὶ
607 4050 767 4104 τοῦτο
821 4049 881 4102 ού
933 4047 1150 4118 μικρὸν,
1205 4046 1342 4100 ἀλλὰ
1383 4047 1480 4099 καὶ
1531 4046 1736 4116 σφόδρα
1764 4046 1925 4116 μέγα,
1969 4046 2029 4098 τὸ

459 4137 674 4192 Παύλου
727 4133 866 4189 εἰναι
925 4134 1228 4204 ἀγαπητόν.
1313 4133 1693 4186 Ἀσπάσασθε
1767 4132 1908 4198 τοὺς
1959 4132 2031 4185 ἐν

461 4224 780 4291 Λαοδικείᾳ
807 4221 1132 4292 ἀδελφοὺς,
1173 4221 1271 4274 καὶ
1312 4219 1591 4289 Νυμφᾶν,
1633 4220 1730 4273 καὶ
1753 4219 1868 4287 τὴν
1902 4221 2029 4272 κατ’

461 4310 629 4369 οἶκον
667 4311 854 4367 αὑτοῦ
913 4309 1295 4377 Ἐκκλησίαν.
1335 4307 1479 4379 Ὅρα
1525 4309 1642 4369 πῶς
1673 4307 1872 4370 αὐτοὺς
1901 4323 2031 4374 συγο

463 4402 630 4472 κολλᾷ
684 4399 780 4453 καὶ
835 4399 1094 4453 συνάπτει
1141 4395 1279 4466 πρὸς
1321 4393 1548 4456 ἑαυτοὺς
1577 4391 1628 4454 ο,
1663 4393 1722 4445 οὗ
1747 4392 1828 4462 τῷ
1853 4393 2031 4447 ἀσπά-

466 4489 664 4542 σασθαι
701 4487 880 4556 μόνον,
899 4483 1034 4537 ἀλλὰ
1057 4483 1149 4535 καὶ
1168 4481 1243 4551 τῷ
1267 4480 1367 4542 τὰς
1390 4478 1677 4540 ἐπιστολὰς
1704 4476 2029 4532 ἀντιδοῦναι.

467 4573 599 4630 Εἶτα
642 4575 804 4627 πάλιν
864 4569 1168 4642 χαρίζεται,
1211 4567 1332 4620 κατ’
1378 4566 1514 4619 ἰδίαν
1559 4565 1721 4620 αὐτὸν
1767 4582 2036 4636 προσαγο-

473 4662 664 4736 ρεύων.
719 4661 870 4712 Ποιεῖ
929 4657 985 4709 δὲ
1036 4656 1194 4709 τοῦτο
1238 4656 1335 4725 οὐχ
1372 4654 1578 4717 ἁπλῶς,
1610 4653 1746 4706 ἀλλὰ
1786 4653 2034 4717 καὶτοὺς

468 4751 660 4810 ἄλλους
701 4749 787 4808 εἰς
822 4745 912 4798 τὸν
941 4743 1102 4796 αὐτὸν
1131 4744 1279 4810 ἄγων
1323 4742 1504 4810 ζῆλον.
1537 4741 1672 4793 Οὐδὲ
1697 4739 1806 4810 γὰρ
1840 4741 2036 4810 μικρόν

469 4840 639 4896 ἐστιν,
693 4833 821 4886 ὅταν
879 4830 953 4900 μὴ
989 4829 1127 4899 μετὰ
1158 4829 1268 4880 τῶν
1301 4829 1506 4882 λοιπῶν
1533 4828 1857 4897 ἁριθμῆται.
1894 4828 2038 4898 Ὅρα

469 4920 600 4989 γοῦν
646 4917 764 4980 πῶς
805 4916 1046 4969 δείκνυσι
1098 4915 1270 4983 μέγαν
1309 4916 1401 4968 τὸν
1438 4914 1626 4985 ἄνδρα,
1663 4913 1799 4982 εἴγε
1831 4915 1864 4983 ἡ
1890 4913 2038 4966 οἰκία

470 5007 634 5062 αὑτοῦ
700 5003 969 5074 ἐκκλησία
1019 4999 1109 5073 ἦν.
1173 5003 1283 5055 Kal
1338 5001 1483 5054 ὅταν
1509 4998 1872 5068 ἀναγνωσθῇ
1901 5001 2037 5068 παρ’

467 5095 612 5163 ὑμῖν
660 5094 698 5160 η
750 5089 1064 5156 ἐπιστολὴ,
1095 5088 1386 5163 ποιήσατε
1409 5089 1510 5139 ἵνα
1554 5086 1654 5138 καὶ
1676 5087 1746 5139 ἐν
1776 5085 1849 5153 τῇ
1885 5092 2038 5140 Λαο-

470 5181 682 5236 δικέων
736 5179 1069 5244 Ἐκκλησίςι
1099 5172 1483 5243 ἀναγνωσθῇ.
1533 5174 1688 5244 Ἐμοὶ
1717 5173 1865 5226 δοκεῖ
1894 5171 2038 5228 εἶναί

469 5290 592 5326 τινα
641 5271 750 5324 τῶν
807 5269 1128 5339 γραφέντων
1178 5267 1312 5328 ἐκεῖ,
1362 5265 1397 5318 δι
1456 5265 1551 5317 καὶ
1591 5263 1818 5327 τούτους
1870 5265 2041 5335 ἐχρῆν

471 5359 724 5415 ἀκούσαι.
745 5359 854 5410 Καὶ
869 5355 1077 5417 τούτοις
1095 5353 1296 5423 μείζων
1314 5347 1382 5422 ἦν
1403 5354 1436 5423 ἡ
1462 5351 1726 5420 ὠφέλεια,
1756 5353 1886 5405 ὃταν
1914 5351 2030 5404 ἑτέ-

540 5491 563 5520 ⁰
587 5490 722 5539 Unus
739 5485 958 5536 codd.....
984 5485 1064 5533 τὸν
1090 5483 1239 5549 ἄνδρα
1257 5481 1352 5529 ἀπὸ
1375 5488 1458 5549 τῆς
1476 5481 1678 5549 ἀγάπης·
1701 5481 1884 5549 ἀγάπη-ς
1921 5484 1972 5531 δὲ
1987 5483 2047 5549 τὸ

476 5555 722 5630 ἐγκηὸπερ
748 5551 796 5604 ἐξ
823 5551 968 5610 ἀρχῆς
992 5549 1138 5605 εἶπεν,
1160 5544 1302 5592 τοῦτο
1324 5545 1465 5590 πάλιν
1505 5546 1667 5606 ἐπάγει
1702 5548 1772 5608 τῷ
1813 5547 1955 5606 τέλει,
1986 5544 2046 5594 Ὀ

476 5620 710 5670 δηλώσας.

544 5679 566 5713 b
592 5675 671 5733 Τῷ
695 5671 872 5720 εἰπεῖνῖ
1088 5724 1092 5727 _

543 5739 565 5766 ε
583 5727 960 5794 1·1ιἰ›ιιη,ςειιιιεω
982 5728 1300 5792 negationem
1322 5735 1493 5794 censet
1525 5727 1767 5794 Halesius.

544 5797 568 5836 ά
599 5791 928 5856 Εύίὺοξιὶιιυς,
952 5791 1173 5843 συνάπτει
1198 5794 1417 5849 ἀλλήλοις
1439 5791 1646 5845 ἑαυτούς.

1105 334 1161 391 S.
1199 331 1484 389 JOANNIS
1521 325 2019 386 CHRYSOSTOMI
2058 323 2378 383 ARCHIEP.
2421 316 2976 380 CONSTANTINOP.

3560 314 3669 370 382

2112 456 2220 510 ρων
2268 433 2707 505 εγκαλουμένων,
2751 433 2819 484 τά
2857 431 3035 484 οίκεῖα
3078 427 3456 498 ἁμαρτήματα
3483 426 3674 495 ὶπιγι-

2107 509 2382 574 νώσκωσι.
2428 519 2538 574 Kal
2575 517 2690 585 τὴν
2719 516 2790 568 ἐκ
2835 512 3212 576 Λαοδικείας,
3247 511 3348 563 ἵνα
3375 509 3474 562 καὶ
3509 510 3678 578 ὑμεῖς

2105 607 2431 680 ἀναγνῶτε.
2497 607 2653 670 Τινὲς
2703 605 2977 672 λέγουσιν,
3043 603 3128 654 ὅτι
3168 599 3292 668 οὐχί
3323 599 3424 668 τὴν
3456 597 3674 651 Παύλου

2106 697 2244 768 πρὸς
2287 697 2484 757 αὐτοὺς
2529 691 2971 761 ἀπεσταλμένην,
3011 687 3147 741 ἀλλὰ
3185 686 3302 757 τὴν,
3341 684 3471 755 παρ’
3495 685 3678 738 αὐτῶν

2109 783 2309 853 Παύλῳ
2331 800 2346 815 ·
2403 783 2465 835 ού
2528 779 2638 850 γὰρ
2695 776 2838 840 εἷπε,
2867 777 2969 846 τὴν
2997 775 3130 845 πρὸς
3159 772 3480 835 Λαοδικέας,
3511 771 3672 834 ἀλλὰ,

2112 866 2232 934 Τὴν
2262 865 2330 919 ἐκ
2356 864 2724 929 Λαοδικείας,
2757 863 2911 931 φησὶ,
2945 857 3297 928 γραφεῖσαν.
3327 857 3434 910 Kal
3461 854 3670 908 εἴπατε

2119 954 2448 1021 Ἀρχίππῳο
2469 950 2665 1005 Βλέπε
2701 947 2817 1015 τὴν
2844 946 3179 1009 διακονίαν,
3221 941 3302 1010 ἢν
3330 941 3668 1010 παρέλαϐες
3714 1010 3718 1021 Ι

2105 1040 2176 1093 ἐν
2223 1041 2437 1108 Κυρίῳ,
2478 1039 2580 1092 ἵνα
2625 1035 2822 1103 αὐτὴν
2863 1032 3139 1101 πληροῖς.
3191 1030 3348 1092 Τίνος
3374 1029 3563 1081 ἕνεκεν
3595 1029 3658 1080 οὐ

2107 1129 2311 1197 γράφει
2343 1127 2479 1197 πρὸς
2505 1125 2705 1191 αὐτόν;
2748 1125 2908 1187 Ἴσως
2943 1121 3044 1174 οὐκ
3090 1120 3282 1181 ἐδεῖτο,
3325 1117 3464 1170 ἀλλὰ
3503 1115 3667 1185 ψιλῆς

2112 1215 2280 1286 μόνης
2327 1216 2712 1285 ὑπομνήσεως,
2750 1211 2893 1264 ὥστε
2935 1206 3352 1276 σπουδαιότερος
3403 1200 3564 1257 εἶναι.
3613 1203 3680 1255 ’0

2108 1301 2434 1369 ἀσπασμὸς
2451 1299 2526 1368 τῇ
2541 1297 2654 1368 ἐμῇ
2675 1297 2826 1368 χειρὶ
2847 1296 3112 1349 Παύλου.
3138 1292 3313 1344 Τοῦτο
3329 1307 3429 1360 γνη
3439 1289 3682 1358 σιότητος

2110 1390 2204 1443 καὶ
2258 1389 2443 1458 φιλίας
2496 1389 2816 1458 τεκμήριον,
2867 1383 2930 1436 τὸ
2973 1383 3068 1436 καὶ
3091 1379 3160 1434 τὰ
3180 1379 3488 1451 γράμματα
3520 1377 3677 1446 ὀρᾷν,

2110 1478 2205 1532 καὶ
2270 1478 2504 1548 πάσχειν
2553 1494 2607 1529 τι
2655 1475 2792 1545 πρὸς
2837 1471 3032 1526 ταῦτα.
3127 1464 3546 1536 Μνημονεύετέ
3561 1483 3683 1535 μου

2110 1560 2229 1613 τῶν
2261 1558 2522 1628 δεσμῶν.
2561 1557 2753 1622 Βαϐαῖ,
2783 1557 2923 1625 πόση
2957 1551 3336 1624 παράκλησιςί
3373 1549 3545 1602 Τοῦτο
3568 1549 3678 1618 γὰρ

2114 1648 2296 1700 ἰκανὸν
2327 1648 2408 1709 εἰς
2459 1647 2640 1698 πάντα
2665 1644 2861 1706 αὐτοὺς
2904 1638 3209 1713 προτρέψαι
3244 1637 3338 1689 καί
3364 1635 3676 1705 γενναιοτέ-

2113 1752 2242 1806 ρους
2293 1738 2514 1806 ποιῆσαι
2570 1733 2708 1805 πρὸς
2741 1733 2870 1794 τοὺς
2901 1727 3118 1798 ἀγῶνας
3139 1742 3155 1758 ο
3190 1726 3252 1779 οὒ
3283 1725 3442 1794 μόνον
3465 1723 3521 1775 δὲ
3555 1737 3682 1789 γεν-

2112 1823 2442 1896 ναιοτέρους,
2481 1821 2617 1874 ἀλλὰ
2648 1820 2743 1874 καὶ
2769 1815 3131 1886 οἰκειοτέρους
3168 1813 3364 1876 αὐτοὺς
3388 1811 3588 1864 ἐποίει.
3627 1809 3690 1862 Ἠ

2113 1910 2287 1980 χάρις
2332 1910 2476 1979 μεθ’
2502 1907 2690 1978 ὑμῶν.
2733 1903 2938 1976 Ἀμήν.

2184 1996 2250 2066 β’.
2286 1997 2444 2064 Μέγα
2471 1993 2765 2064 ἐγκώμιον,
2785 1993 2877 2046 καί¹
2899 1990 3080 2061 μεῖζον
3095 1987 3203 2041 τῶν
3233 1985 3406 2041 ἄλλων
3437 1985 3688 2038 ἁπάντων

2111 2084 2173 2136 τὸ
2197 2083 2376 2151 λέγειν
2425 2083 2554 2153 περὶ
2591 2081 2684 2134 τοῦ
2730 2078 3006 2148 Ἐπαφρᾶ,
3051 2075 3112 2128 '0
3150 2073 3220 2138 ἐξ
3250 2070 3416 2141 ὑμῶν
3469 2071 3689 2135 δοῦλος

2113 2167 2388 2237 Χριστοῦ.
2415 2167 2526 2219 Καὶ
2554 2165 2798 2219 διάκονον
2856 2161 3017 2216 αὐτὸν
3074 2159 3215 2229 ὑπὲρ
3261 2156 3442 2210 αὐτῶν
3501 2173 3685 2226 φησιν.

2113 2257 2302 2328 ὥσπερ
2360 2259 2455 2310 καὶ
2515 2255 2709 2308 ἑαυτὸν
2733 2253 2834 2322 τῆς
2882 2249 3206 2319 Ἐκκλησίας
3243 2247 3392 2315 λέγει
3420 2247 3688 2308 διάκονον,

2113 2345 2187 2408 ὡς
2216 2344 2344 2397 ὅταν
2372 2343 2545 2413 λέγῃ·
2595 2336 2709 2406 Ἢς
2765 2340 3062 2408 ἐγενόμην
3113 2335 3228 2404 ἐγὼ
3276 2332 3518 2398 Παῦλος
3566 2331 3691 2384 διά-

2115 2447 2314 2495 κονος.
2357 2431 2447 2492 Εἰς
2476 2429 2538 2482 τὸ
2592 2428 2724 2481 αὐτὸ
2782 2425 2998 2495 ἀξίωμα
3046 2421 3306 2492 ἀναφέρει
3364 2420 3455 2473 τὸν
3499 2421 3688 2489 ἄνδρα,

2115 2519 2211 2573 καὶ
2257 2517 2540 2571 σύνδουλον
2565 2516 2822 2585 ἀνωτέρω
2869 2513 3044 2572 καλεῖ,
3090 2512 3184 2563 καὶ
3223 2507 3456 2562 ἐνταῦθα
3486 2507 3688 2561 δοῦλον.

2127 2608 2191 2660 '0
2221 2606 2289 2670 ἐξ
2321 2605 2511 2675 ὑμῶν,
2558 2603 2722 2674 φησίν
2750 2619 2764 2634 ο
2803 2601 2878 2664 ὡς
2927 2600 3063 2671 πρὸς
3121 2597 3333 2668 μητέρα
3380 2594 3694 2664 διαλεγόμε-

2116 2711 2225 2759 νος,
2280 2694 2374 2748 καὶ
2405 2693 2598 2762 λέγων’
2637 2694 2697 2745 '0
2733 2693 2798 2743 ὲκ
2824 2691 2924 2759 τῆς
2976 2687 3210 2758 γαστρὸς
3245 2687 3344 2754 τῆς
3375 2685 3486 2754 σῆς.
3535 2683 3693 2736 Ἀλλὰ

2116 2780 2275 2833 τοῦτο
2307 2779 2504 2848 φθόνον
2534 2779 2601 2832 ἂν
2642 2777 2797 2831 ἔτεκε
2844 2776 2904 2830 τὸ
2929 2772 3222 2844 ἐγκώμιον.
3262 2770 3362 2824 Διὰ
3387 2771 3547 2824 τοῦτο
3595 2772 3696 2823 ούκ

2119 2870 2227 2922 ἀπὸ
2254 2869 2464 2922 τούτων
2507 2867 2670 2921 αὐτὸν
2697 2865 2981 2933 συνίστησι
3011 2864 3190 2934 μόνον,
3218 2860 3356 2915 ἀλλὰ
3382 2860 3476 2913 καὶ
3505 2861 3568 2911 ἐκ
3588 2859 3696 2911 τῶν

2120 2956 2257 3026 πρὸς
2288 2955 2518 3017 αὐτούς·
2562 2955 2654 3007 καὶ
2685 2953 2803 3005 ὲκεῖ
2851 2951 3045 3019 φθόνον
3097 2950 3237 3010 λύει,
3291 2947 3386 3002 καὶ
3444 2946 3694 3000 ἐνταῦθα.

2119 3043 2403 3106 Πάντοτε,
2453 3041 2637 3114 φησὶν,
2683 3037 3110 3108 ἀγωνιζόμενος
3167 3036 3330 3104 ὑπὲρ
3373 3034 3574 3104 ὑμῶν’
3634 3035 3695 3114 ού

2119 3131 2215 3184 νύν
2252 3131 2411 3201 μόνον
2454 3129 2582 3201 παρ’
2611 3132 2766 3200 ἡμῖν,
2807 3129 2946 3181 ὥστε
2971 3125 3358 3191 ἐπιδείξασθαι,
3390 3124 3508 3177 οὐδὲ
3567 3107 3697 3193 παρ’

2123 3220 2250 3286 ύμῖν
2282 3219 2460 3290 μόνον,
2507 3217 2648 3270 ὥστε
2704 3217 2830 3286 ὑμῖν
2851 3213 3242 3278 ἐπιδείξασθαι.
3279 3212 3539 3282 Μεγάλην
3564 3228 3699 3280 προ-

2124 3307 2324 3377 θυμίαν
2388 3304 2558 3372 ἔδειξε
2618 3303 2698 3374 τῷ
2743 3304 2938 3357 εἰπεῖν.
3005 3299 3477 3370 Ἀγωνιζόμενος.
3541 3295 3696 3360 Εἶτα,

2123 3395 2210 3447 ἵνα
2287 3395 2361 3464 μὴ
2417 3392 2540 3463 δόξῃ
2599 3389 2915 3445 κολακεύειν
2963 3391 3180 3453 αὐτοὺς,
3230 3391 3549 3457 ἐπήγαγεν,
3618 3386 3699 3438 ὃτι

2125 3481 2326 3547 Ζῆλον
2353 3480 2477 3548 ἔχει
2505 3476 2707 3532 πολὺν
2724 3476 2879 3544 ὑπὲρ
2906 3475 3092 3545 ὑμῶν,
3127 3476 3224 3528 καί
3264 3474 3382 3527 τῶν
3408 3475 3478 3527 ἐν
3502 3471 3704 3527 Λαοδι-

2125 3570 2278 3637 κείᾳ,
2310 3568 2408 3621 καί
2454 3565 2574 3620 τῶν
2600 3567 2671 3620 ἐν
2713 3567 3065 3632 Ἱεραπόλει.
3104 3562 3212 3616 Καὶ
3242 3564 3324 3626 τὸ,
3356 3562 3492 3616 Ἵνα
3515 3561 3702 3626 στῆτε

2132 3657 2369 3716 τέλειοι,
2401 3656 2493 3709 καὶ
2515 3653 2672 3707 τοῦτο
2695 3655 2754 3706 ού
2779 3652 3084 3717 κολακείας,
3113 3649 3227 3703 ἀλλ’
3263 3650 3540 3719 αἰδεσίμου
3555 3649 3702 3701 διδα-

2130 3743 2327 3796 σκάλου
2349 3741 2448 3795 Καὶ
2469 3737 2942 3808 πεπληρωμένοι,
2966 3736 3237 3808 φησ“ι,“καί
3253 3735 3487 3789 τέλειοι.
3509 3736 3580 3787 Τὸ
3603 3739 3702 3806 μὲν

2129 3829 2294 3882 ἔδωκε
2313 3870 2327 3891 ,
2367 3827 2427 3881 τὸ
2456 3829 2511 3880 δὲ
2537 3823 2690 3880 εἶπεν
2719 3828 2986 3897 ὑστερεῖν.
3023 3825 3129 3878 Καὶ
3162 3825 3260 3877 οὐκ
3287 3820 3456 3885 εἶπεν,
3485 3823 3601 3876 Ἵνα
3628 3825 3702 3892 μὴ

2131 3915 2452 3986 σαλεύησθε,
2475 3914 2611 3980 ἀλλ’,
2627 3914 2759 3968 Ἵνα
2784 3911 2990 3979 στῆτε.
3025 3911 3098 3964 Τὸ
3113 3911 3293 3980 μέντοι
3319 3910 3470 3979 παρὰ
3496 3910 3706 3963 πολλῶν

2129 4003 2473 4066 ἀσπάζεσθαι
2502 4001 2722 4065 αὐτοὺς,
2753 4000 3048 4052 ἀνακτᾶται
3073 3996 3223 4068 [Md]
3244 3998 3459 4058 αὐτοὺς,
3480 3998 3608 4049 ὅταν
3628 3997 3704 4067 μὴ

2134 4090 2292 4160 μόνον
2309 4091 2357 4142 οί
2377 4091 2565 4142 οἰκεῖοι
2580 4087 2638 4151 ἐξ
2667 4086 2868 4147 αὐτῶν,
2887 4084 3023 4139 ἀλλὰ
3047 4085 3142 4136 καὶ
3171 4085 3343 4151 ἕτεροι
3360 4082 3539 4134 αὐτῶν
3567 4099 3700 4152 μνη-

2135 4176 2418 4248 μονεύωσι.
2450 4175 2561 4228 Kal
2583 4175 2789 4229 εἴπατε
2830 4172 3152 4239 Ἀρχίππῳ·
3208 4170 3406 4224 Βλέπε
3439 4168 3552 4236 τὴν
3579 4168 3699 4221 δια-

2132 4265 2364 4326 κονίαν,
2412 4261 2494 4329 ἣν
2527 4262 2863 4330 παρέλαϐες
2898 4260 2968 4312 ἐν
2997 4261 3212 4325 Κυρίῳ.
3237 4256 3488 4310 Μάλιστα
3514 4257 3706 4319 αὐτοὺς

2132 4350 2278 4421 αὐτῷ
2322 4351 2633 4404 ὑποτάττει.
2696 4347 2892 4401 Οὐκέτι
2951 4344 3060 4416 γάρ
3124 4343 3190 4396 ἂν
3242 4343 3411 4413 ἔχοιεν
3459 4343 3709 4412 ἐγκαλεῖν

2133 4440 2326 4510 ἐκείνῳ
2372 4439 2695 4508 ἐπιτιμῶντι
2736 4436 2954 4501 αὐτοὺς,
2991 4436 3121 4489 ὅταν
3167 4434 3321 4486 αὐτοὶ
3394 4428 3527 4486 ὦσιν
3576 4434 3708 4486 ἀνα-

2132 4527 2438 4598 δεδεγμένοι
2469 4526 2531 4580 τὺ
2556 4527 2664 4579 πᾶν
2694 4539 2707 4555 ·
2739 4524 2863 4575 ἐπεὶ
2898 4524 2999 4576 οὐκ
3030 4522 3143 4592 ἔχει
3176 4521 3331 4588 λόγον
3364 4524 3476 4583 τοῖς
3533 4519 3710 4590 μαθη-

2135 4617 2250 4679 ταῖς
2276 4613 2403 4683 περὶ
2435 4612 2527 4667 τοῦ
2560 4610 2875 4666 διδασκάλου
2898 4609 3098 4677 λέγειν.
3159 4608 3299 4662 Ἀλλ’
3349 4608 3710 4678 ἐπιστομίζων

2135 4706 2350 4770 αὐτοὺς,
2385 4702 2559 4757 ταῦτα
2589 4704 2812 4772 γράφει.
2844 4701 3084 4764 Εἴπατε,
3138 4700 3324 4770 φησὶν,
3379 4700 3704 4768 Ἀρχίππῳο

2136 4795 2355 4850 Βλέπε.
2391 4793 2686 4856 Φοόοὓντὸς
2719 4794 2839 4844 ἐστι
2881 4790 3040 4844 τοῦτο
3091 4789 3151 4843 τὸ
3207 4791 3356 4862 ῥῆμα
3412 4788 3710 4859 πανταχοῦ,

2136 4886 2210 4947 ὡς
2247 4885 2375 4938 ὅταν
2415 4883 2571 4953 λέγηο
2621 4880 2884 4934 Βλέπετε
2914 4879 3054 4944 τοὺς
3088 4879 3276 4943 κύνας
3301 4895 3314 4908 ·
3350 4878 3613 4932 Βλέπετε
3626 4877 3712 4946 μή

2138 4992 2228 5041 τις
2255 4973 2411 5042 ὑμᾶς
2457 4972 2629 5026 ἔσται
2659 4974 2693 5025 ὁ
2719 4968 3122 5039 συλαγωγῶνο
3154 4968 3419 5022 Βλέπετε
3450 4969 3530 5035 μή
3591 4983 3718 5034 πως

2139 5064 2178 5127 ’ἡ
2215 5061 2468 5126 ἐξουσία
2533 5057 2700 5126 ὑμῶν
2731 5056 2882 5123 αὕτη
2917 5058 3273 5124 πρόσκομμα
3306 5055 3550 5124 γένηται
3591 5054 3718 5119 τοῖς

2141 5149 2494 5204 ἀσθενοῦσι.
2523 5147 2631 5199 Καὶ
2657 5143 2930 5213 πανταχοῦ
2973 5142 3117 5196 οὕτω
3151 5143 3316 5213 φησὶν
3365 5143 3494 5194 ὅταν
3553 5142 3715 5212 φοὸῇ.

2142 5235 2359 5298 Βλέπε,
2408 5235 2562 5305 φησὶ,
2596 5231 2711 5300 τὴν
2730 5230 3066 5295 διακονίαν,
3113 5229 3195 5296 ἢν
3254 5230 3590 5297 παρέλαϐες
3650 5229 3723 5281 ἐν

2147 5323 2358 5391 Κυρίῳ,
2387 5323 2489 5375 ἵνα
2528 5320 2724 5386 αὐτὴν
2770 5318 3045 5386 πληροῖς.
3107 5317 3242 5370 Οὐδὲ
3289 5317 3512 5387 ἀφίησιν
3559 5316 3723 5368 αὐτὸν

2145 5413 2333 5481 κύριον
2361 5408 2522 5475 εἶναι,
2576 5409 2828 5478 καθάπερ
2858 5408 3023 5470 αὐτὸς
3049 5405 3235 5473 ἔλεγεν
3263 5421 3278 5438 ⁸
3313 5407 3384 5459 El
3411 5403 3520 5473 γὰρ
3569 5403 3724 5456 ἑκὼν

2145 5500 2322 5553 τοῦτο
2343 5496 2618 5564 πράσσω,
2644 5494 2868 5565 μισθὸν
2897 5493 3016 5562 ἔχω
3039 5507 3054 5521 ⁸
3099 5495 3153 5545 εί
3183 5493 3252 5545 δὲ
3281 5492 3462 5554 ἄκων,
3496 5493 3724 5544 οἰκονο-

2148 5589 2290 5656 μίαν
2315 5586 2726 5652 πεπίστευμαι.
2765 5583 2900 5637 Ἵνα
2926 5579 3120 5647 αὐτὴν
3134 5579 3383 5648 πληροῖς
3412 5598 3426 5611 ο
3462 5577 3724 5647 διηνεκῶς

2151 5672 2483 5743 κεχρημένος
2513 5670 2856 5740 σπουδῇ.⁶“11ν
2876 5666 3207 5734 παρέλαϐες
3243 5677 3266 5703 θ
3282 5665 3351 5718 ἐν
3381 5666 3592 5730 Κυρίῳ.
3612 5664 3696 5715 Πὰ

2219 5803 2240 5831 ε
2262 5787 2544 5849 Conj'cclum
2569 5794 2663 5850 est,
2686 5789 2866 5849 σπουδῇ
2895 5786 2958 5841 εἰς
2981 5785 3064 5842 τήν
3089 5783 3346 5844 διακονίαν,
3366 5785 3422 5840 ἢν
3443 5783 3716 5846 παρὶὶαὸεα
