4128 6398
447 329 544 384 581

444 451 585 513 quod
628 441 840 513 quidem
879 441 1013 495 dixit
1051 440 1118 495 ab
1157 440 1306 494 initio
1330 480 1345 500 ,
1380 441 1477 502 Qui
1500 441 1652 494 etiam
1679 440 2015 509 manifestavit

446 536 587 589 nobis
614 535 870 587 caritatem
896 542 1109 585 vestram
1131 532 1185 585 in
1209 531 1389 586 spiritu
1419 529 1550 590 (Col.
1585 530 1639 583 1.
1668 528 1746 600 8).
1770 529 2018 583 Dilectio-

448 644 565 680 ni-m
589 624 820 679 ostendit
849 633 903 679 et
930 624 1212 677 amabilem
1236 621 1432 679 reddit.
1454 620 1593 690 quod
1622 636 1718 688 pro
1743 620 1859 674 aliis
1879 629 2015 674 oret.

448 721 623 789 Ipsum
653 729 828 772 autem
868 715 1238 773 commendat.
1267 715 1512 771 anericns
1549 714 1742 767 ostium
1771 728 2019 766 sermone

447 812 563 880 ejus
594 810 736 881 (nam
768 808 907 877 quod
937 806 1258 862 reverendus
1286 806 1355 859 sit
1383 806 1663 875 magister,
1695 804 1745 857 id
1774 814 1857 859 est
1889 804 2020 859 utile

445 901 752 969 discipulo),
782 910 833 953 ct
855 914 1039 952 rursus
1056 897 1195 967 quod
1217 896 1433 960 dixerit,
1465 895 1549 947 Ea:
1574 895 1708 949 vobis
1727 933 1743 959 ,
1773 902 1830 946 ιιι
1857 894 2016 946 etiam

445 995 513 1048 de
539 995 652 1047 viro
683 992 981 1063 glorientur
1001 1031 1016 1055 ,
1044 998 1104 1042 ut
1129 989 1216 1057 qui
1249 988 1382 1041 tales
1402 987 1548 1042 viros
1574 985 1765 1039 ferant.
1798 983 1863 1037 Et
1888 999 2018 1036 sem-

448 1106 556 1158 per,
589 1086 796 1155 inquit,
826 1084 1070 1139 sollicitus
1117 1098 1209 1151 pro
1253 1079 1388 1134 vobis
1431 1080 1485 1133 in
1529 1076 1857 1132 orationibus.
1903 1075 2019 1178 Non

447 1182 619 1234 Solum
651 1178 804 1241 dixit,
833 1178 1004 1231 Orans
1026 1215 1041 1237 ,
1084 1174 1175 1227 sed
1203 1213 1218 1236 ,
1262 1171 1526 1224 Sollicitus
1548 1210 1565 1235 ,
1597 1179 1830 1223 tremens
1867 1178 1921 1221 et
1949 1171 2018 1221 ti-

448 1287 621 1324 mens.
653 1268 1017 1331 Testimonium
1043 1282 1195 1327 enim,
1238 1263 1447 1331 inquit,
1493 1261 1565 1314 illi
1611 1259 1842 1325 perhibeo
1884 1258 2018 1324 quod

448 1364 591 1416 habet
618 1361 829 1413 multum
862 1357 1026 1409 zelum
1053 1371 1144 1422 pro
1169 1354 1325 1407 vobis.
1373 1352 1463 1404 Est
1502 1352 1651 1404 testis
1682 1351 1781 1402 lide
1806 1349 2016 1418 dignus.

451 1453 701 1520 Quoniam
733 1450 895 1510 habet,
930 1446 1133 1515 inquit,
1160 1443 1369 1496 multum
1398 1441 1562 1494 zelum
1587 1456 1682 1510 pro
1719 1439 1875 1492 vobis.
1909 1437 2020 1491 Hoc

446 1552 548 1609 est,
580 1542 688 1597 Vos
714 1540 865 1596 valde
894 1538 1061 1602 diligit
1089 1547 1142 1590 et
1184 1548 1375 1605 magno
1404 1533 1563 1587 vestri
1602 1532 1786 1600 ﬂagrat
1814 1544 2016 1631 amore.

451 1634 517 1688 Et
547 1649 641 1703 pro
670 1632 730 1684 iis
773 1630 856 1698 qui
898 1638 1013 1682 sunt
1046 1625 1312 1679 Laodicea:
1331 1664 1347 1689 ,
1392 1635 1438 1677 et
1468 1624 1553 1693 qui
1580 1622 1864 1721 Hierapoli.
1914 1621 2020 1721 Illis

446 1740 660 1795 quoque
687 1739 810 1778 eum
836 1718 1194 1776 commendat.
1243 1714 1350 1771 Sed
1394 1714 1493 1769 hoc
1543 1714 1682 1768 unde
1719 1720 1869 1766 erant
1910 1714 2016 1765 sci-

448 1819 592 1875 turi?
624 1814 924 1871 Verisimile
966 1821 1047 1866 est
1088 1811 1210 1863 illos
1251 1808 1553 1872 audivisse;
1581 1805 1673 1860 sed
1705 1806 1866 1861 etiam
1892 1804 2017 1858 dum

444 1908 667 1980 epistola
696 1908 961 1977 legeretur
989 1903 1281 1957 discebant.
1332 1898 1509 1952 Facite
1543 1898 1717 1963 enim,
1749 1897 1936 1964 inquit,
1963 1906 2019 1949 ut

443 2014 490 2056 et
529 2003 583 2055 in
622 1997 1007 2054 Laodicensium
1050 1993 1278 2047 Ecclesia
1319 1992 1515 2062 legatur
1544 1989 1677 2063 (Col.
1719 1990 1773 2044 4.
1808 1987 1918 2061 16).
1951 1986 2019 2043 Ut

442 2095 602 2161 stetis,
631 2094 817 2161 inquit,
848 2088 1073 2160 perfecti.
1118 2086 1290 2140 Simul
1331 2094 1385 2139 et
1413 2099 1507 2139 eos
1537 2081 1881 2151 reprehendit
1903 2123 1918 2145 ,
1964 2090 2020 2135 et

444 2202 549 2241 non
578 2184 770 2238 acerbe
796 2198 887 2235 eos
915 2181 1165 2234 admonet
1185 2186 1240 2232 et
1265 2176 1547 2231 consilium
1565 2175 1677 2228 dat.
1707 2173 1846 2227 Fieri
1874 2174 2015 2227 enim

447 2286 618 2347 potest
645 2284 698 2327 ut
727 2284 781 2328 et
804 2272 1065 2343 quispiam
1100 2270 1171 2323 sit
1200 2267 1468 2338 perfectus
1496 2277 1551 2321 et
1580 2280 1685 2318 non
1715 2272 1820 2318 stet
1846 2278 1862 2328 ;
1893 2274 1945 2315 ut
1970 2263 2015 2315 si

442 2371 561 2438 quis
581 2368 757 2422 omnia
785 2365 1013 2427 noverit,
1042 2362 1213 2415 adhuc
1233 2370 1411 2413 autem
1445 2357 1689 2412 vacillet:
1710 2356 1823 2410 ﬁeri
1845 2363 2016 2456 petest

442 2461 602 2512 ctiam
633 2467 689 2512 ut
715 2471 820 2510 non
847 2455 916 2508 sit
954 2454 1219 2523 perfectus
1242 2491 1259 2515 ,
1292 2465 1391 2504 nec
1415 2449 1703 2512 consistat;
1744 2454 1800 2499 ut
1825 2449 1867 2498 si
1898 2449 2017 2513 quis

440 2553 577 2605 sciat
617 2548 831 2618 quidem
876 2553 1126 2615 partem,
1176 2556 1274 2596 nec
1326 2549 1431 2594 stet
1480 2539 1722 2592 ﬁrmiter.
1779 2535 1884 2591 Sed
1932 2535 2018 2591 hic

443 2652 722 2709 utrumque
747 2647 912 2707 optat,
949 2634 1016 2690 Ut
1045 2634 1203 2698 stetis,
1236 2631 1422 2701 inquit,
1453 2630 1677 2699 perfecti.
1720 2627 1854 2682 Vide
1881 2642 2016 2697 quo-

443 2731 601 2787 modo
628 2744 722 2785 eos
750 2741 933 2782 rursus
955 2723 1293 2779 admonuerit
1328 2721 1587 2775 sermonis
1613 2719 1681 2773 de
1709 2719 1931 2788 angelis,
1963 2726 2013 2772 et

441 2825 508 2879 de
529 2823 654 2877 vita.
697 2819 765 2875 Et
796 2820 964 2890 pleni,
993 2817 1161 2888 inquit
1187 2856 1201 2877 ,
1228 2815 1283 2868 in
1306 2814 1444 2868 omni
1468 2813 1722 2865 voluntate
1746 2809 1866 2865 Dei.
1899 2809 2016 2863 Non

441 2918 582 2970 enim
610 2913 781 2967 solum
812 2910 1009 2966 sufﬁcit
1035 2910 1208 2963 facere
1237 2907 1326 2961 Dei
1365 2904 1713 2959 voluntatem.
1742 2902 1840 2957 Cui
1869 2903 2017 2957 enim

441 3017 521 3063 est
548 3007 700 3077 plene
747 3003 945 3073 aliquid
993 3015 1338 3070 persuasum,
1383 3014 1486 3050 non
1529 2997 1655 3051 sinit
1679 2995 1838 3049 aliam
1875 2995 1927 3049 in
1956 3010 2016 3050 se

440 3115 561 3156 esse
581 3099 905 3153 voluntatem
939 3112 952 3148 :
981 3093 1174 3162 alioqui
1218 3107 1323 3144 non
1370 3090 1524 3159 plene
1563 3102 1871 3157 persuasum
1919 3086 2015 3139 ha-

442 3196 611 3250 beret.
643 3189 1028 3250 Testimonium,
1063 3186 1266 3254 inquit,
1297 3184 1374 3236 illi
1400 3182 1636 3251 perhibeo
1656 3221 1671 3241 ,
1709 3179 1848 3250 quod
1870 3179 2017 3233 habet

440 3287 653 3339 multum
679 3282 860 3337 zelum.
888 3279 953 3333 Et
978 3276 1175 3339 zelum,
1205 3283 1260 3328 et
1303 3274 1523 3326 multum
1552 3289 1566 3336 ;
1597 3280 1879 3339 utrumque
1916 3286 2013 3322 att-

440 3388 527 3449 get
554 3390 607 3433 et
630 3374 918 3445 ampliﬁcat
950 3392 963 3426 :
994 3370 1131 3424 sicut
1154 3376 1208 3421 et
1229 3368 1341 3435 ipse
1370 3364 1516 3426 dicit,
1546 3363 1785 3418 scribens
1814 3362 1878 3415 ad
1906 3360 2014 3416 Co-

442 3470 665 3524 rinthios
694 3485 707 3521 :
740 3463 983 3520 zEmulor
1011 3460 1143 3514 enim
1166 3475 1251 3511 vos
1278 3456 1373 3510 Dei
1392 3455 1501 3508 zelo
1533 3453 1608 3523 (2.
1648 3452 1766 3507 Cor.
1810 3454 1899 3506 II.
1928 3452 2010 3521 2).

444 3564 526 3616 14.
558 3560 760 3615 Salutat
785 3572 871 3609 vos
896 3553 1063 3607 Lucas
1092 3550 1315 3603 medicus
1350 3545 1661 3599 carissimus.
1695 3543 1791 3596 Hic
1812 3552 1895 3596 est
1926 3542 2014 3595 ille

441 3652 788 3723 evangelista.
818 3647 935 3703 Non
980 3660 1104 3701 eum
1142 3651 1323 3697 autem
1353 3640 1659 3707 deprimens
1699 3639 1848 3706 ponit
1891 3637 2014 3691 ulti-

444 3763 609 3808 mum,
637 3745 728 3801 sed
765 3743 911 3797 illum
953 3737 1202 3802 extollit,
1232 3732 1554 3804 Epapliram.
1594 3730 1893 3785 Verisimile
1933 3739 2015 3784 est

444 3841 604 3893 fuisse
630 3838 785 3891 etiam
813 3834 947 3887 alios
971 3830 1060 3900 qui
1091 3833 1406 3882 vocarentur
1438 3824 1539 3878 hoc
1566 3823 1799 3876 nomine.
1826 3820 1892 3874 Et
1911 3820 2015 3874 De-

442 3946 570 3982 mas.
599 3926 730 3981 Cum
749 3924 990 3986 dixisset,
1010 3918 1213 3974 Salutat
1236 3933 1321 3970 vos
1338 3914 1503 3968 Lucas
1528 3913 1771 3974 medicus,
1797 3912 2012 3979 adjecit,

442 4019 762 4074 Carissimus.
795 4013 907 4069 I’Ioc
930 4025 1141 4081 quoque
1171 4023 1277 4061 non
1330 4020 1545 4073 parvum
1576 4012 1657 4057 est
1686 4003 2014 4067 encomium,

442 4112 532 4166 sed
566 4109 718 4163 valde
745 4120 1013 4177 magnum,
1042 4116 1163 4157 esse
1188 4099 1352 4152 Paulo
1373 4094 1724 4193 carissimum.
1752 4092 1840 4146 15.
1862 4091 2019 4193 Salu-

443 4213 541 4255 tate
570 4206 751 4271 fratres
781 4199 862 4265 qui
890 4204 1002 4249 sunt
1021 4192 1306 4254 Laodiceae,
1336 4198 1381 4241 et
1410 4185 1726 4255 Nympham,
1759 4192 1939 4286 ethuw
1963 4185 2017 4286 in

444 4296 591 4346 domo
608 4294 715 4363 ejus
727 4300 795 4344 est
811 4288 1111 4341 Ecclesium.
1130 4284 1261 4337 Vide
1273 4279 1539 4351 quomodo
1560 4292 1653 4331 eos
1666 4276 2015 4345 conglutinat,

443 4395 497 4439 ct
518 4387 657 4438 inter
679 4399 737 4437 se
755 4377 1048 4446 coniungit,
1074 4391 1179 4429 non
1202 4374 1371 4428 solum
1397 4370 1536 4441 quod
1569 4368 1898 4433 salutaverit,
1923 4367 2017 4422 sed

445 4476 603 4529 etiam
630 4472 770 4542 quod
816 4469 1068 4539 epistolas
1094 4464 1323 4519 dederit.
1370 4461 1566 4515 Deinde
1598 4474 1785 4513 rursus
1814 4460 2019 4528 gratifi-

446 4574 631 4628 catur,
671 4575 790 4615 eum
820 4573 1059 4612 seorsum
1091 4554 1383 4624 appellans.
1420 4552 1529 4605 Iloc
1552 4557 1728 4603 autem
1757 4548 1883 4603 facit
1912 4566 2018 4603 non

448 4655 563 4709 sine
579 4666 758 4717 causa,
791 4649 882 4704 sed
911 4649 1045 4703 alios
1070 4648 1133 4700 ad
1162 4645 1402 4700 eamdem
1429 4642 1699 4696 adducens
1728 4641 2022 4694 mmulatio-

450 4762 591 4800 nem.
610 4744 792 4813 Neque
813 4741 954 4796 enim
972 4749 1053 4793 est
1072 4751 1309 4807 parvum,
1327 4733 1467 4804 quod
1487 4748 1591 4786 non
1610 4740 2022 4785 connumeratur

450 4856 567 4894 cum
599 4838 828 4893 creteris.
862 4834 993 4888 Vide
1023 4846 1151 4901 ergo
1178 4845 1333 4897 quam
1357 4840 1604 4895 magnum
1641 4840 1760 4877 eum
1791 4822 2025 4876 ostendit

452 4947 572 4986 esse
603 4931 793 4989 virum,
824 4927 867 4979 si
895 4924 1109 4994 quidem
1139 4921 1330 4973 domus
1365 4918 1479 4985 ejus
1507 4924 1623 4969 erat
1646 4914 1890 5013 ecclesia.

454 5022 519 5076 Et
549 5037 664 5074 cum
694 5020 821 5073 lecta
849 5017 999 5087 fuerit
1031 5013 1168 5079 apud
1212 5027 1297 5063 vos
1346 5006 1581 5077 epistola,
1623 5004 1773 5074 facite
1812 5013 1866 5055 ut
1902 5012 1947 5056 et
1972 5004 2027 5054 in

456 5113 841 5169 Laodicensium
904 5108 1128 5162 Ecclesia
1175 5105 1387 5175 legatur.
1433 5101 1558 5156 Mihi
1616 5099 1866 5153 videntur
1909 5113 2029 5151 esse

454 5208 697 5268 quietiam
728 5220 790 5257 ex
825 5203 887 5254 iis
915 5218 1031 5269 quae
1063 5199 1167 5251 illic
1196 5198 1389 5267 scripta
1418 5202 1540 5247 sunt
1559 5234 1573 5257 ,
1603 5208 1720 5260 qum
1746 5190 1842 5243 bos
1870 5190 2027 5242 etiam

457 5295 742 5351 ooortebat
768 5292 971 5345 audire.
997 5290 1061 5342 Et
1086 5289 1166 5341 his
1193 5291 1362 5353 major
1388 5296 1501 5338 erat
1529 5284 1749 5343 utilitas,
1779 5297 1897 5334 cmn
1925 5279 2031 5333 illis

456 5384 797 5455 repreliensis
824 5397 917 5435 sua
948 5393 1164 5448 peccata
1191 5385 1558 5446 agnoscerent.
1591 5373 1657 5425 Et
1683 5389 1741 5425 ea
1761 5386 1871 5440 qua:
1900 5370 2034 5421 Lao-

462 5477 737 5530 dicensium
764 5481 836 5527 est
865 5513 880 5537 ,
907 5482 962 5523 ut
989 5480 1038 5523 et
1062 5486 1147 5523 vos
1190 5468 1387 5537 legatis.
1436 5463 1658 5532 Quidam
1699 5462 1881 5515 dicunt
1929 5476 2031 5513 non

466 5568 613 5623 Pauli
637 5565 702 5619 ad
728 5566 871 5633 ipsos
893 5563 1127 5626 missam,
1161 5560 1254 5612 sed
1287 5573 1404 5626 quae
1432 5558 1496 5609 ab
1525 5556 1653 5623 ipsis
1678 5554 1743 5605 ad
1772 5553 1990 5604 Paulum
2018 5566 2031 5602 :

469 5675 574 5712 non
604 5659 744 5710 enim
771 5655 938 5715 dixit,
969 5654 1098 5707 Eam
1151 5666 1269 5719 qure
1298 5659 1380 5704 est
1416 5648 1479 5700 ad
1511 5646 1886 5708 Laodicenses,
1919 5642 2034 5704 sed,

473 5754 595 5817 Qua:
636 5750 829 5819 scripta
885 5759 954 5801 est
985 5765 1013 5798 (ι
1044 5745 1309 5798 Laodicea.
1345 5744 1428 5797 I7.
1465 5740 1527 5794 Et
1567 5740 1715 5793 dicite
1755 5738 2033 5806 Archippo,

1286 324 1354 380 IN
1391 323 1606 380 EPIST.
1650 325 1740 379 AD
1775 323 2052 382 COLOSS.
2095 323 2247 380 CAP.
2290 324 2376 379 IV.
2417 324 2647 382 IIOMIL.
2689 328 2803 385 XII.

3593 346 3700 402 58‘!

2142 438 2264 493 Vide
2290 442 2621 496 ministerium
2639 444 2778 514 quod
2804 448 3043 519 accepisti
3076 452 3129 505 in
3162 453 3377 509 Domino
3399 500 3413 519 ,
3479 472 3529 513 ut
3566 463 3698 518 illud

2127 531 2358 599 impleas.
2385 533 2493 587 Cur
2510 551 2615 589 non
2638 538 2823 591 scribit
2840 539 2904 593 ad
2930 540 3140 609 ipsum?
3168 546 3417 603 Fortasse
3442 566 3543 604 non
3566 568 3699 621 opus

2127 632 2263 689 erat,
2285 624 2377 678 sed
2402 627 2514 680 sola
2542 627 2683 682 nuda
2710 629 3093 697 admonitione,
3116 645 3171 689 nt
3198 636 3349 693 ﬁeret
3374 641 3695 711 diligentior.

2129 712 2216 766 18.
2250 712 2504 769 Salutatio
2525 733 2632 770 mea
2658 735 2813 772 manu
2848 720 3024 775 Pauli.
3060 725 3171 780 Hoc
3195 737 3278 781 est
3308 730 3559 786 indicium
3589 737 3700 788 sin-

2126 803 2362 859 ceritatis
2388 814 2440 858 et
2469 808 2736 870 amicitias,
2764 811 2905 880 quod
2945 822 2999 867 et
3028 815 3267 872 viderent
3295 818 3503 884 literas,
3541 833 3596 876 et
3644 824 3699 878 in

2128 907 2219 948 eas
2247 906 2426 949 essent
2449 897 2642 952 allecti.
2674 899 2922 957 Mentorea
2947 914 3100 960 estote
3120 909 3430 964 vinculorum
3452 929 3697 972 meorum.

2127 983 2313 1053 Papze!
2336 998 2528 1056 quanta
2550 993 2873 1049 consolatio!
2895 996 3005 1052 Hoc
3034 1000 3173 1054 enim
3203 1001 3399 1057 sufﬁcit
3422 1005 3488 1059 ad
3515 1021 3608 1062 eos
3631 1009 3697 1062 ad

2126 1078 2303 1131 omnia
2346 1080 2742 1148 adhortandos,
2789 1095 2843 1141 et
2868 1087 2936 1142 ad
2983 1090 3283 1147 reddendos
3338 1094 3584 1154 fortiores
3628 1100 3695 1155 ad

2126 1169 2414 1223 certamina
2466 1186 2479 1222 :
2516 1187 2617 1224 non
2648 1176 2818 1228 solum
2860 1188 3039 1234 autem
3068 1180 3335 1249 fortiores,
3363 1186 3457 1240 sed
3504 1197 3558 1242 et
3601 1204 3697 1246 eos

2125 1258 2381 1315 reddebat
2411 1264 2576 1332 magis
2604 1266 2908 1323 familiares.
2945 1270 3120 1325 Gratia
3148 1274 3419 1331 vobiscum.
3443 1279 3622 1334 Amen.

2196 1348 2250 1403 2.
2277 1350 2519 1421 Magnum
2570 1358 2868 1411 cncomium
2889 1400 2904 1423 ,
2946 1370 2999 1413 et
3027 1363 3194 1431 majus
3235 1348 3353 1421 aliis
3392 1370 3639 1425 omnibus
3662 1411 3678 1435 ,

2125 1438 2305 1494 dicere
2337 1442 2407 1496 de
2436 1444 2704 1514 Epaphra,
2730 1449 2831 1512 Qui
2857 1460 2929 1503 est
2958 1468 3021 1505 ea:
3045 1455 3181 1507 vobis
3209 1472 3380 1511 servus
3397 1458 3603 1518 Christi.
3631 1463 3699 1518 Et

2126 1532 2431 1588 ministrum
2482 1535 2656 1604 ipsum
2690 1555 2787 1608 pro
2822 1540 2953 1610 ipsis
2994 1543 3161 1610 dicit,
3195 1549 3334 1603 sicut
3361 1560 3413 1605 et
3456 1568 3514 1608 se
3567 1555 3699 1611 dicit

2127 1623 2426 1678 ministrum
2460 1627 2713 1683 Ecclesiae
2743 1647 2757 1683 :
2790 1642 2845 1685 ut
2865 1636 3077 1701 quando
3103 1638 3250 1704 dicit,
3284 1641 3441 1712 Cujus
3468 1647 3597 1699 enim
3622 1650 3699 1719 fui

2128 1711 2326 1768 Paulus
2354 1718 2579 1772 minister
2607 1720 2741 1788 (Col.
2778 1723 2830 1776 1.
2854 1724 2970 1794 25).
2999 1727 3082 1781 Ad
3110 1711 3360 1787 eamdem
3385 1711 3697 1805 dignitatem

2128 1803 2300 1855 virum
2331 1805 2503 1871 effert,
2537 1823 2853 1867 conservum
2877 1831 2997 1869 eum
3025 1822 3276 1888 superius
3316 1803 3495 1891 vocat,
3526 1837 3582 1881 et
3610 1829 3697 1886 hic

2124 1906 2356 1947 servum.
2379 1895 2477 1960 Qui
2499 1902 2710 1955 exvobis
2737 1913 2827 1967 est,
2854 1905 3056 1975 inquit;
3090 1920 3352 1981 tamquam
3380 1931 3498 1969 eum
3527 1928 3699 1976 matre

2124 1982 2412 2048 disserens,
2458 1999 2510 2042 et
2537 1990 2743 2059 dicens,
2771 1994 2870 2060 Qui
2897 2006 2981 2051 cst
3011 2015 3073 2053 ex
3102 2012 3189 2055 tuo
3221 2016 3388 2058 utero.
3416 2006 3521 2063 Sed
3564 2012 3700 2065 invi—

2123 2074 2263 2128 diam
2290 2078 2553 2135 attulisset
2584 2082 2685 2138 hoc
2716 2090 3042 2143 encominm.
3073 2092 3360 2164 Propterea
3393 2116 3499 2154 non
3523 2118 3585 2156 ex
3615 2103 3699 2157 bis

2122 2166 2249 2221 SnIiS
2270 2184 2390 2222 eum
2413 2176 2785 2242 commendat,
2812 2179 2905 2233 sed
2925 2192 2977 2235 et
2997 2198 3061 2237 ex
3086 2184 3149 2238 iis
3167 2204 3283 2256 qua-
3311 2190 3375 2243 ad
3402 2192 3545 2260 ipsos
3572 2210 3694 2262 pcr-

2125 2258 2329 2313 tinent:
2362 2271 2416 2315 et
2442 2262 2547 2318 illic
2573 2267 2731 2321 solvit
2770 2270 3043 2338 invidiam,
3075 2284 3129 2328 et
3159 2277 3245 2332 hic
3285 2258 3515 2349 quoque.
3547 2283 3693 2337 Sem—

2121 2365 2230 2416 per,
2255 2350 2442 2420 inquit,
2472 2371 2564 2423 pro
2580 2358 2715 2412 vobis
2735 2361 3000 2418 sollicitus.
3029 2365 3146 2420 Non
3187 2384 3328 2423 nunc
3356 2373 3526 2426 solum
3555 2376 3696 2445 apud

2122 2454 2220 2492 nos
2262 2450 2317 2494 ut
2360 2444 2513 2499 nobis
2541 2449 2823 2515 ostendat,
2866 2468 3040 2523 neque
3087 2458 3227 2525 apud
3274 2476 3367 2516 vos
3419 2444 3601 2517 solum
3641 2474 3696 2520 ut

2120 2530 2274 2600 vobis
2302 2535 2575 2589 ostendat.
2604 2538 2851 2609 Magnum
2883 2543 3124 2598 exhibuit
3172 2549 3334 2603 animi
3384 2553 3613 2608 studium
3643 2566 3698 2611 et

2120 2624 2448 2681 alacritatem
2499 2628 2753 2697 dicendo,
2788 2632 3074 2690 Sollicitus.
3103 2639 3302 2697 Deinde
3332 2660 3398 2697 ne
3429 2647 3698 2702 videretur

2120 2716 2197 2769 eis
2244 2717 2511 2785 blandiri,
2566 2723 2886 2791 subjunxit:
2925 2727 3090 2782 llabet
3138 2734 3353 2787 multum
3392 2737 3555 2790 zelum
3602 2757 3695 2810 pro

2119 2805 2276 2870 vobis,
2300 2819 2346 2859 et
2369 2826 2459 2876 pro
2480 2811 2542 2862 iis
2568 2812 2655 2880 qui
2683 2825 2797 2867 sunt
2824 2815 3095 2874 Laodicete
3120 2831 3171 2874 et
3197 2825 3283 2892 qui
3313 2805 3697 2896 HierapoliiEt

2123 2896 2250 2950 illud
2270 2939 2283 2962 ,
2321 2898 2388 2954 Ut
2416 2904 2554 2957 stetis
2585 2908 2797 2976 perfecti
2821 2950 2835 2971 ,
2867 2924 2971 2963 non
3015 2920 3100 2966 est
3152 2919 3527 2971 assentationis
3551 2961 3566 2984 ,
3600 2921 3694 2975 sed

2121 2992 2397 3045 reverendi
2430 2999 2791 3065 praeceptoris.
2819 3000 2884 3054 Et
2912 3004 3125 3072 repleti,
3156 3007 3344 3075 inquit,
3365 3020 3416 3064 et
3447 3011 3691 3079 perfecti.

2120 3077 2252 3134 Illud
2279 3083 2493 3150 quidem
2540 3085 2729 3151 dedit,
2780 3090 2880 3144 hoc
2909 3102 3090 3147 autem
3144 3096 3275 3149 dixit
3302 3077 3549 3155 deﬁcere.
3585 3101 3696 3157 Nec

2121 3172 2273 3238 dixit,
2301 3173 2369 3229 Ut
2397 3193 2502 3230 non
2537 3178 2727 3233 Iabetis
2752 3222 2766 3246 ,
2793 3182 2886 3235 sed
2911 3225 2927 3249 ,
2963 3184 3030 3238 Ut
3058 3188 3215 3240 stetis.
3247 3188 3395 3253 Quod
3436 3203 3612 3245 autem
3664 3211 3693 3248 a

2120 3264 2301 3319 multis
2326 3267 2640 3332 salutentur,
2662 3271 2762 3324 hoc
2787 3287 2881 3327 eos
2907 3286 3135 3336 recreat.
3154 3281 3365 3346 quando
3394 3298 3496 3334 non
3522 3285 3693 3340 solum

2118 3354 2210 3423 qui
2238 3368 2363 3409 sunt
2393 3373 2459 3411 ex
2502 3359 2581 3413 eis
2628 3359 2991 3419 familiaritate
3022 3375 3075 3419 ct
3129 3372 3525 3426 necessitudine
3563 3389 3692 3428 con-

2115 3445 2321 3513 juncti,
2352 3449 2445 3502 sed
2476 3450 2637 3504 etiam
2690 3453 2777 3506 alii
2814 3469 2999 3509 eorum
3027 3461 3407 3514 meminerunt.
3438 3463 3500 3515 Et
3546 3466 3696 3521 dicite

2117 3537 2376 3607 Archippo
2419 3556 2439 3593 :
2492 3539 2619 3593 Vide
2660 3546 2999 3599 ministerium
3040 3549 3175 3619 quod
3217 3554 3450 3621 accepisti
3492 3556 3543 3607 in
3589 3556 3695 3610 Do-

2120 3631 2277 3683 mino.
2313 3632 2419 3686 Eos
2446 3636 2675 3688 maxime
2707 3637 2805 3704 ipsi
2839 3639 3071 3708 subjicit.
3096 3642 3210 3695 Non
3262 3652 3509 3712 poterant
3547 3651 3691 3703 enim

2119 3723 2345 3790 amplius
2394 3723 2544 3777 illum
2574 3741 2797 3795 arguere
2848 3732 2990 3797 ipsos
3037 3733 3442 3802 increpantem,
3475 3740 3691 3808 quando

2122 3814 2219 3881 ipsi
2279 3814 2583 3869 universum
2631 3822 2989 3886 susceperint.
3018 3820 3132 3876 Non
3178 3834 3261 3879 est
3306 3830 3448 3881 enim
3503 3830 3696 3886 rationi

2120 3917 2537 3961 consentaneum
2564 3948 2578 3972 ,
2611 3918 2667 3962 ιιι
2696 3911 2943 3981 discipuli
2992 3914 3170 3970 dicant
3223 3919 3292 3973 de
3349 3931 3693 3991 przcceptore.

2119 3996 2222 4052 Sed
2254 3998 2332 4052 eis
2355 4013 2416 4052 os
2447 4001 2731 4055 obstruens
2776 4003 2876 4057 hoc
2926 4004 3056 4059 dicit
3086 4025 3099 4060 :
3133 4006 3331 4073 Dicite,
3357 4012 3550 4080 inquit,
3594 4014 3696 4066 Ar-

2122 4090 2306 4157 chippo
2334 4106 2353 4142 :
2394 4090 2534 4144 Vide.
2569 4092 2681 4148 Iloc
2709 4095 2928 4147 verbum
2980 4112 3191 4166 semper
3216 4110 3296 4155 est
3321 4105 3565 4158 terrentis
3597 4124 3609 4157 :
3642 4114 3699 4159 ut

2121 4180 2332 4246 quando
2363 4181 2523 4242 dicit,
2557 4180 2730 4235 Videte
2756 4201 2906 4237 canes
2935 4185 3190 4257 (Philipp.
3217 4191 3268 4242 5.
3296 4190 3352 4261 2)
3377 4210 3389 4245 :
3428 4191 3600 4246 Videte
3637 4211 3700 4248 ne

2122 4272 2232 4338 quis
2260 4288 2343 4324 vos
2365 4273 2566 4324 seducat
2592 4290 2609 4326 :
2650 4272 2823 4328 Videte
2850 4294 2910 4329 ne
2930 4278 3098 4341 aliqua
3127 4280 3273 4332 modo
3297 4282 3394 4334 ista
3436 4294 3598 4337 vestra
3637 4285 3699 4338 li-

2123 4361 2286 4415 bertas
2313 4365 2373 4416 sit
2390 4363 2750 4429 offendiculum
2770 4368 2984 4431 infirmis
3008 4369 3140 4439 (Col.
3168 4371 3220 4424 2.
3242 4372 3294 4425 8.
3329 4374 3381 4426 1.
3401 4373 3517 4427 Cor.
3537 4376 3590 4431 8.
3617 4377 3698 4448 9).

2129 4452 2194 4505 I'It
2223 4469 2434 4522 semper
2460 4455 2535 4509 sic
2562 4455 2691 4509 dicit
2722 4460 2936 4526 quando
2960 4468 3147 4514 terret.
3180 4461 3334 4528 Vide,
3367 4464 3571 4533 inquit,
3605 4470 3702 4520 mia

2126 4548 2387 4599 uistcrium
2418 4548 2553 4613 quod
2583 4550 2823 4617 accepisti
2852 4551 2907 4602 in
2938 4550 3156 4604 Domino
3175 4593 3190 4618 ,
3220 4564 3271 4606 ut
3313 4556 3443 4608 illud
3468 4557 3700 4626 impleas.

2127 4636 2307 4705 Neque
2328 4639 2455 4690 sinit
2481 4654 2604 4690 eum
2629 4653 2747 4691 esse
2774 4638 3053 4694 dominum
3080 4682 3094 4705 ,
3128 4643 3265 4696 sicut
3314 4646 3428 4715 ipse
3452 4646 3701 4703 dicebat:

2130 4732 2190 4783 Si
2216 4748 2345 4783 enim
2372 4730 2541 4783 volens
2582 4730 2676 4783 hoc
2703 4732 2835 4802 facio
2859 4772 2875 4794 ,
2929 4735 3205 4787 mercedem
3232 4736 3429 4800 habeo;
3469 4741 3513 4792 si
3540 4751 3706 4794 autem

2131 4821 2314 4873 int-itus
2336 4863 2351 4886 ,
2383 4821 2698 4889 dispensatio
2724 4822 2847 4874 mihi
2894 4834 2966 4875 est
3010 4824 3205 4876 credita
3250 4827 3330 4895 (I.
3351 4827 3467 4883 Cor.
3500 4830 3554 4887 9.
3594 4831 3703 4901 17).

2136 4914 2203 4968 Ut
2224 4915 2387 4981 ipsum
2413 4914 2624 4982 impleas
2653 4929 2672 4967 :
2701 4928 2914 4982 semper
2935 4915 3112 4968 studio
3139 4927 3293 4971 utens
3323 4935 3336 4971 :
3373 4919 3522 4984 Quod
3564 4938 3708 4974 acce-

2134 5008 2249 5075 pisti
2279 5009 2329 5059 in
2355 5005 2589 5058 Domino.
2622 5006 2826 5060 Rursus
2856 5006 3009 5072 illud,
3043 5009 3115 5069 in,
3145 5016 3246 5070 est,
3281 5024 3375 5078 per
3402 5010 3704 5064 Dominum.

2138 5098 2251 5166 Ipse
2280 5098 2371 5149 tibi
2405 5096 2569 5155 dedit.
2602 5112 2706 5149 non
2737 5112 2853 5151 nos.
2890 5098 2952 5150 Et
2979 5099 3099 5152 illos
3128 5100 3175 5151 ei
3207 5100 3423 5167 subjicit
3448 5140 3464 5165 ,
3491 5102 3711 5168 quando

2136 5188 2369 5243 ostendit
2393 5188 2445 5241 id
2484 5188 2581 5255 ipsi
2633 5186 2795 5240 fuisse
2845 5188 3098 5241 traditum
3127 5204 3154 5240 a
3189 5189 3431 5243 Domino.
3461 5189 3712 5244 Memores

2138 5290 2287 5333 estote
2305 5278 2616 5332 vinculorum
2636 5284 2879 5331 meorum.
2902 5275 3077 5330 Gratia
3097 5278 3365 5332 vobiscum.
3391 5276 3568 5331 Amen.
3593 5278 3710 5331 Sol-

2140 5373 2218 5423 vit
2249 5379 2467 5423 metum.
2500 5368 2609 5422 Etsi
2635 5368 2777 5422 enim
2820 5368 3007 5423 doctor
3034 5378 3114 5421 est
3158 5369 3209 5420 in
3237 5367 3490 5430 vinculis,
3541 5369 3712 5436 gratia

2142 5470 2316 5513 tamen
2357 5476 2477 5515 eum
2505 5459 2678 5513 solvit.
2703 5459 2769 5513 Et
2819 5458 2919 5512 hoc
2946 5474 3158 5528 quoque
3196 5467 3280 5512 est
3330 5458 3515 5527 gratiae
3536 5501 3551 5522 ,
3578 5475 3707 5513 con-

2142 5552 2333 5604 cedere
2353 5562 2406 5604 ut
2428 5553 2540 5619 ipse
2562 5550 2770 5603 vinctus
2802 5566 2817 5601 :
2848 5549 2972 5603 andi
3002 5550 3144 5603 enim
3177 5549 3372 5603 Lucam
3403 5549 3670 5604 dicentem
3696 5566 3711 5605 :

2147 5642 2532 5695 [levertebantur
2551 5644 2770 5713 apostoli
2796 5660 2829 5697 a
2850 5644 2979 5712 facie
3001 5642 3205 5694 concilii
3240 5642 3516 5710 gaudentes
3535 5684 3549 5706 ,
3578 5657 3715 5712 quod

2148 5734 2285 5803 digni
2312 5743 2468 5786 essent
2499 5735 2654 5789 habiti
2683 5753 2777 5806 pro
2806 5735 3002 5789 nomine
3028 5733 3187 5798 ipsius
3216 5734 3574 5787 contumeliam
3602 5740 3716 5805 pati
