4120 6400
406 356 514 412 383

409 472 547 543 (Act.
578 472 632 527 5.
666 471 782 544 ιι).
817 471 1026 528 Revera
1057 470 1200 527 enim
1218 470 1441 542 dignum
1469 483 1591 524 esse
1618 466 1856 521 habitum
1886 471 1988 527 est,

408 574 464 618 et
492 564 879 620 contumeliam
905 580 1026 619 esse
1051 578 1268 637 passum
1300 603 1316 627 ,
1341 572 1396 618 et
1425 562 1658 615 vinctum
1697 573 1839 613 esse.
1863 554 1995 611 Nam

410 656 458 709 si
484 656 575 726 qui
604 664 752 711 amat
777 657 1102 726 quempiam,
1137 656 1345 725 lucrum
1373 668 1493 709 esse
1520 661 1669 723 putat
1702 651 1745 703 si
1780 659 1998 719 propter

409 756 645 801 amatum
682 762 871 817 passus
899 748 989 807 sit,
1042 746 1210 800 multo
1239 745 1407 815 magis
1437 755 1657 814 pr0pter
1698 741 1993 795 Christum.

486 838 684 893 Paulus
724 838 1010 907 exemplum
1054 838 1296 891 virtutum
1340 836 1588 890 omnium.
1616 864 1687 873 ——
1734 832 1813 887 Ne
1867 845 1997 901 ergo

411 946 554 1001 :egre
581 930 814 985 feramus
851 928 1172 984 afﬂictiones
1200 937 1417 997 propter
1435 925 1733 989 Christum,
1765 922 1858 977 sed
1880 923 2016 1003 vin-g

415 1023 657 1077 culorum
687 1020 837 1076 Pauli
880 1035 977 1074 nos
1027 1034 1241 1089 quoque
1267 1020 1435 1073 simus
1466 1030 1771 1080 memores;
1810 1024 1863 1069 et
1896 1014 1996 1067 hoc

420 1116 491 1170 sit
532 1114 685 1168 nobis
709 1113 1030 1168 adhortatio.
1066 1111 1223 1166 Verbi
1256 1111 1444 1180 gratia,
1488 1108 1682 1163 suades
1705 1106 1990 1176 aliquibus,

412 1216 473 1260 ut
522 1206 845 1276 pauperibus
871 1205 998 1259 deut
1030 1214 1246 1273 pr0pter
1286 1201 1593 1257 Christum?
1651 1197 1996 1253 reminiscere

412 1298 750 1351 vinculorum
783 1296 931 1359 Pauli
958 1336 973 1359 ,
1001 1306 1056 1349 et
1084 1304 1136 1349 te
1165 1306 1216 1348 et
1247 1294 1367 1348 illos
1399 1292 1678 1362 pronuntia
1724 1290 1951 1343 miseros
1976 1327 1991 1353 ,

414 1390 459 1441 si
489 1388 575 1441 ille
604 1386 815 1457 quidem
842 1396 897 1441 et
912 1400 1105 1455 corpus
1124 1384 1271 1439 dedit
1300 1383 1527 1438 vinculis
1554 1390 1767 1451 propter
1794 1380 1987 1447 ipsum,

421 1490 479 1533 tu
525 1488 703 1533 autem
734 1494 801 1532 ne
851 1478 1026 1531 cibum
1069 1475 1282 1546 quidem
1323 1473 1664 1544 impertiaris.
1695 1470 1984 1526 Extolleris

413 1579 632 1641 propter
661 1570 797 1624 bona
840 1568 1048 1638 Opera?
1100 1565 1390 1621 recordare
1429 1565 1763 1619 vinculorum
1805 1562 1992 1627 Pauli,

411 1674 467 1717 et
491 1660 633 1732 quod
664 1660 791 1713 nihil
825 1659 927 1713 tale
955 1659 1029 1712 sis
1076 1673 1299 1727 passus,
1328 1671 1426 1711 nec
1470 1657 1608 1710 ultra
1639 1664 1689 1708 te
1746 1652 1992 1708 extolles.

414 1757 557 1810 Bona
608 1754 836 1825 proximi
898 1750 1293 1820 concupivisti?
1340 1758 1611 1804 memento
1659 1745 1994 1801 vinculorum

414 1849 599 1913 Pauli,
632 1856 686 1900 et
736 1844 939 1899 videbis
975 1859 1135 1914 quam
1166 1843 1235 1897 sit
1263 1840 1553 1896 absurdum
1597 1839 1747 1893 illum
1780 1835 1994 1907 quidem

412 1955 533 1995 esse
561 1943 614 1993 in
643 1936 890 2001 vinculis,
923 1945 974 1989 te
998 1947 1178 1989 autem
1210 1933 1263 1987 in
1291 1930 1519 1987 deliciis.
1544 1930 1752 1985 Rursus
1772 1927 1997 2004 delicia-

412 2048 530 2088 rum
558 2031 759 2086 teneris
783 2027 1097 2084 desiderio?
1129 2026 1223 2081 tibi
1252 2025 1433 2081 veniat
1464 2027 1516 2079 in
1542 2032 1778 2081 mentem
1810 2034 1998 2076 carcer

413 2126 563 2181 Pauli
595 2142 608 2178 :
645 2138 705 2179 es
736 2123 880 2178 illius
904 2119 1223 2191 discipulus,
1256 2134 1317 2174 es
1347 2117 1487 2172 illius
1508 2114 1827 2172 commilito.
1854 2115 2000 2180 Quo-

412 2217 575 2272 modo
590 2225 672 2270 est
697 2215 891 2269 rationi
913 2220 1357 2275 consentaneum,
1383 2218 1443 2265 ut
1460 2209 1755 2265 commilito
1780 2206 1995 2277 quidem

411 2311 481 2363 sit
509 2309 560 2362 in
580 2306 824 2371 vinculis,
857 2316 912 2359 tu
940 2315 1119 2358 autem
1150 2303 1204 2357 in
1234 2301 1477 2357 deliciis?
1497 2300 1571 2355 Es
1599 2300 1651 2354 in
1684 2299 1994 2363 afflictione,

409 2400 686 2455 exiStimas
732 2406 783 2453 te
826 2412 947 2452 esse
975 2395 1291 2451 derelictum
1316 2394 1340 2448 ?
1381 2392 1506 2447 audi
1530 2392 1693 2448 verba
1724 2390 1871 2445 Pauli
1898 2433 1912 2455 ,
1942 2400 1997 2445 et

410 2492 619 2548 videbis
644 2490 787 2561 quod
833 2504 956 2544 esse
1012 2490 1065 2543 in
1095 2488 1427 2552 afﬂictione,
1461 2501 1570 2540 non
1618 2492 1702 2540 est
1742 2483 1995 2537 indicium

414 2585 800 2641 derelictionis.
831 2583 920 2637 Vis
949 2592 1126 2637 vestes
1155 2580 1294 2635 ferre
1315 2579 1551 2635 sericas?
1582 2577 1867 2634 recordare
1882 2578 1999 2632 vin-

409 2679 653 2733 culorum
687 2676 856 2742 Pauli,
890 2684 945 2731 et
972 2690 1033 2730 ea
1062 2674 1387 2729 videbuntur
1416 2672 1606 2727 viliora
1643 2672 1833 2741 pannis
1880 2685 1999 2725 sor-

413 2769 555 2825 didis
600 2777 655 2824 et
683 2767 937 2824 caenosis.
965 2767 1056 2821 Vis
1098 2765 1276 2820 aureis
1308 2763 1502 2817 indui?
1533 2762 1627 2817 tibi
1679 2763 1899 2817 veniant
1941 2762 1996 2817 in

415 2870 655 2917 mentem
686 2858 896 2914 vincula
930 2857 1100 2921 Pauli,
1136 2867 1190 2911 et
1218 2855 1386 2910 nihilo
1418 2853 1512 2909 tibi
1530 2854 1857 2909 videbuntur
1885 2870 1997 2909 me-

414 2953 551 3007 liora
581 2966 727 3013 esse,
752 2964 911 3018 quam
944 2958 1099 3003 vetus
1126 2948 1343 3017 juncus.
1383 2947 1473 3001 Vis
1511 2947 1735 3015 capillos
1760 2961 1956 3002 ornare
1978 2988 1994 3010 ,

409 3052 467 3100 et
484 3044 651 3097 videri
679 3040 932 3112 pulchra?
955 3039 1127 3110 cogita
1156 3039 1459 3109 squalorem
1488 3039 1635 3093 Pauli
1669 3041 1718 3093 in
1749 3054 1992 3106 carcere,

409 3148 466 3195 et
503 3135 571 3191 ad
603 3136 745 3190 illam
795 3133 1102 3189 accenderis
1144 3132 1591 3203 pulchritudinem
1613 3174 1628 3198 ,
1657 3141 1711 3187 et
1740 3131 1843 3187 hoe
1883 3133 1996 3186 exi-

412 3230 658 3287 stimabis
674 3243 793 3284 esse
815 3227 1231 3290 deformitatem,
1250 3235 1411 3295 atque
1432 3227 1626 3280 acriter
1652 3226 1994 3295 ingeniisces,

415 3325 509 3379 illa
540 3322 747 3377 vincula
776 3321 1018 3389 cupiens.
1039 3318 1132 3372 Vis
1160 3321 1314 3373 tritos
1345 3318 1495 3373 fucos
1521 3328 1575 3372 et
1603 3318 1869 3388 pigmenta
1901 3317 1993 3372 tibi

412 3418 633 3484 illinire,
657 3425 714 3471 et
733 3413 962 3469 similia?
992 3414 1163 3482 cogita
1188 3411 1333 3467 illius
1364 3410 1629 3480 lacrymas
1656 3428 1668 3463 :
1705 3411 1994 3464 triennium

415 3519 578 3566 noctu
627 3519 677 3563 et
723 3507 815 3562 diu
861 3521 964 3561 non
995 3505 1243 3560 cessabat
1271 3502 1419 3559 ﬂere.
1453 3503 1565 3559 Hoc
1615 3504 1821 3558 mundo
1863 3519 1995 3557 orna

411 3613 531 3659 tuas
555 3617 719 3671 genas
750 3618 764 3655 :
801 3600 883 3654 ha:
915 3600 1167 3669 lacrymze
1215 3596 1337 3651 illas
1377 3595 1610 3651 reddunt
1658 3595 1992 3666 splendidas.

413 3696 529 3752 Non
559 3694 682 3749 dico
732 3703 789 3746 ut
833 3706 930 3762 pro
960 3690 1079 3745 aliis
1107 3688 1271 3750 ﬂeas;
1301 3688 1424 3742 volo
1470 3686 1722 3755 quidem,
1751 3686 1844 3741 sed
1893 3686 1996 3741 hoc

410 3800 493 3845 est
521 3797 574 3842 te
600 3786 794 3849 altius;
824 3799 1007 3837 verum
1031 3781 1231 3836 suadeo
1269 3790 1323 3834 ut
1354 3780 1455 3834 hoc
1486 3779 1646 3834 facias
1677 3796 1773 3849 pro
1806 3795 1996 3849 pecca-

410 3882 478 3935 tis
508 3876 855 3934 tuisJussisti
878 3874 1063 3929 vinciri
1094 3888 1339 3943 puerum,
1359 3882 1412 3926 et
1442 3871 1573 3926 irata
1595 3871 1696 3927 es?
1722 3882 1994 3926 memento

409 3972 746 4027 vinculorum
773 3967 941 4033 Pauli,
971 3976 1025 4022 et
1050 3966 1229 4022 statim
1259 3967 1415 4021 sistes
1445 3966 1613 4020 iram:
1645 3966 1995 4021 reminiscere

409 4078 510 4118 nos
548 4076 669 4117 esse
725 4076 792 4115 ex
837 4060 902 4113 iis
959 4059 1049 4128 qui
1106 4058 1270 4112 vincti
1323 4065 1487 4122 sunt,
1544 4072 1651 4111 non
1699 4072 1765 4112 ex
1808 4056 1874 4113 iis
1902 4058 1993 4127 qui

407 4154 694 4217 vinciunt;
754 4166 818 4204 ex
864 4150 930 4204 iis
984 4150 1075 4220 qui
1148 4156 1274 4203 sunt
1334 4148 1552 4203 contriti
1625 4150 1829 4214 corde,
1883 4164 1993 4204 non

406 4256 590 4300 autem
644 4259 711 4299 ex
762 4242 826 4297 iis
882 4241 972 4312 qui
1018 4249 1323 4297 conterunt.
1376 4240 1575 4295 Diﬂ‘usa
1630 4256 1734 4309 es,
1772 4251 1828 4297 et
1879 4258 1995 4298 ma-

408 4352 569 4407 gnum
597 4334 812 4390 edidisti
843 4333 1204 4388 cachinnum?
1252 4331 1347 4388 tibi
1390 4332 1612 4387 veniant
1650 4333 1703 4387 in
1753 4344 1990 4390 mentem

409 4429 551 4482 illius
594 4427 790 4492 ﬂetus,
836 4434 891 4480 et
945 4426 1311 4495 ingemisces:
1353 4425 1520 4478 multo
1570 4423 1988 4493 splendidiorem

406 4530 459 4573 te
485 4519 715 4575 reddunt
743 4518 827 4572 lue
872 4518 1143 4589 lacrymae.
1177 4515 1372 4570 Vidisti
1404 4530 1461 4571 se
1491 4515 1699 4572 deliciis
1727 4517 1991 4575 dedentes

403 4622 459 4667 et
483 4612 771 4666 saltantes?
798 4610 1081 4665 recordare
1104 4608 1221 4679 eius
1244 4610 1623 4680 lacrymarum.
1657 4610 1736 4664 Ex
1757 4626 1989 4681 quonam

405 4702 552 4757 fonte
583 4710 727 4755 tanta
770 4710 1089 4755 emanarunt
1134 4700 1333 4755 ﬂuenta
1362 4741 1378 4766 ,
1408 4709 1465 4753 ut
1508 4715 1575 4755 ex
1624 4701 1770 4756 illius
1818 4704 1991 4759 oculis

406 4793 694 4866 lacrymze?
718 4792 967 4847 Memores
994 4802 1169 4858 estote,
1185 4793 1375 4863 inquit,
1397 4794 1741 4865 lacrymarum
1764 4812 1992 4850 mearum

403 4885 753 4957 (Act.‘20.'51),
785 4885 921 4939 sicut
948 4886 1032 4940 hic
1062 4886 1417 4941 vinculorum.
1448 4886 1514 4940 Et
1543 4888 1735 4942 merito
1755 4888 1860 4943 illis
1877 4889 1991 4946 hare

404 4978 638 5045 dicebat,
660 4994 779 5033 cum
803 4994 897 5032 eos
919 4977 1129 5047 Epheso
1152 4978 1389 5033 Miletum
1419 4980 1809 5036 accersivisset.
1839 4983 1992 5039 Dice-

402 5071 493 5126 bat
512 5072 653 5126 enim
683 5070 991 5126 doctoribus
1016 5086 1031 5136 ;
1060 5071 1128 5125 ab
1144 5071 1247 5125 illis
1271 5072 1485 5142 quidem
1505 5073 1726 5143 exigens
1745 5075 1906 5130 etiam
1933 5086 1991 5132 ut

400 5171 747 5232 congregem,
777 5161 845 5218 ab
874 5160 957 5216 his
986 5169 1165 5217 autem
1190 5162 1362 5217 solum
1395 5171 1452 5219 ut
1475 5165 1713 5234 pericula
1740 5167 1986 5225 subeant.

476 5256 533 5311 5.
557 5255 852 5323 Quemnam
883 5254 1083 5309 fontem
1110 5254 1192 5309 vis
1207 5269 1522 5325 comparare
1542 5272 1667 5311 cum
1704 5258 1788 5313 his
1814 5258 1987 5332 lacry-

401 5348 545 5404 mis?
574 5362 771 5403 eumne
796 5346 887 5418 qui
917 5355 1034 5401 erat
1070 5346 1125 5400 in
1174 5346 1440 5415 paradiso,
1466 5348 1560 5417 qui
1589 5348 1847 5418 irrigabat
1871 5351 1989 5405 uni-

402 5458 609 5499 versam
655 5439 896 5495 terram?
923 5438 1029 5495 Sed
1072 5438 1206 5492 nihil
1256 5438 1402 5493 dices
1427 5439 1635 5509 mquale
1667 5460 1681 5495 :
1714 5440 1800 5495 hic
1842 5442 1984 5497 enim

398 5534 519 5589 fons
565 5535 919 5605 Iacrymarum
955 5531 1163 5585 animas
1215 5529 1493 5601 irrigabat,
1524 5546 1630 5585 non
1679 5542 1898 5588 terram.
1929 5534 1983 5588 Si

399 5629 666 5698 quiSpiam
694 5626 851 5683 nobis
900 5625 1199 5681 ostenderit
1238 5625 1461 5681 Paulum
1495 5626 1880 5698 lacrymantem
1931 5637 1987 5683 et

398 5727 700 5788 gementem
723 5758 741 5787 ,
768 5734 948 5772 annon
999 5717 1169 5773 multo
1211 5729 1353 5774 esset
1385 5720 1576 5774 melius
1603 5736 1725 5775 eum
1756 5720 1942 5776 videre
1966 5763 1981 5789 ,

400 5825 559 5882 quam
591 5810 1011 5869 innumerabiles
1037 5810 1231 5868 choros
1258 5812 1532 5881 eleganter
1558 5820 1611 5868 ct
1658 5812 1795 5870 belle
1821 5828 1979 5870 coro-

1203 352 1262 412 8.
1300 350 1582 411 JOANNIS
1615 342 2085 405 CHRYSOSTOMI
2124 346 2441 421 ARCHIEP.
2480 301 3013 411 οοιλᾶετΑΝτιΝοΡ.

3580 350 3687 411 384

2108 471 2260 519 natos
2287 466 2311 519 ?
2360 466 2435 522 De
2463 468 2615 523 vobis
2646 484 2750 525 non
2778 470 2970 541 loquor
2999 489 3011 525 :
3049 470 3144 527 sed
3198 472 3241 527 si
3269 473 3389 544 quis
3418 488 3447 526 a
3478 474 3686 529 theatro

2103 562 2156 607 et
2183 569 2213 608 a
2238 569 2400 610 scena
2434 558 2665 616 abducto
2695 562 2879 628 aliquo
2908 562 3273 619 incontinente
3315 574 3370 619 et
3394 565 3683 635 impudico,

2102 646 2190 715 qui
2217 661 2401 702 amore
2426 664 2714 721 corporum
2746 652 2935 724 ﬂagret
2961 662 3016 709 et
3038 654 3347 722 bacchetur,
3379 656 3688 712 ostenderet

2102 736 2331 806 puellam
2364 741 2620 812 virginem
2648 744 2700 798 in
2730 744 2849 815 ipso
2868 745 3001 803 ﬂore
3030 749 3221 814 aetatis,
3255 758 3310 804 et
3336 765 3457 821 quae
3486 765 3607 805 eum
3631 753 3685 806 in

2103 827 2223 882 aliis
2267 841 2485 900 superet
2510 835 2747 904 aequales
2770 877 2787 902 ,
2815 845 2870 892 et
2898 839 3045 893 vultu
3076 840 3194 908 plus
3223 856 3381 910 quam
3430 842 3687 897 membris

2102 920 2329 985 caeteris,
2373 930 2427 976 et
2469 940 2588 993 quae
2630 934 2842 983 teneros
2888 928 3183 1000 mollesque
3224 930 3417 987 habeat
3460 933 3648 989 oculos
3677 977 3692 999 ,

2102 1006 2294 1063 leniter
2338 1011 2633 1070 insidentes
2656 1057 2672 1083 ,
2722 1016 2914 1073 leniter
2940 1034 3000 1075 se
3030 1020 3304 1077 volventes
3330 1063 3346 1088 ,
3378 1022 3641 1078 ﬂexibiles
3669 1065 3685 1087 ,

2101 1099 2281 1163 mites,
2314 1116 2561 1171 serenos,
2592 1106 2952 1177 subridentes,
2985 1112 3154 1164 multo
3187 1111 3390 1181 pudore
3418 1114 3689 1185 composi-

2102 1197 2187 1243 tos
2222 1200 2275 1244 et
2305 1194 2465 1247 multa
2509 1196 2716 1266 gratia;
2752 1200 2916 1269 nigris
2950 1201 3218 1271 palpebris
3258 1203 3464 1260 inferne
3489 1214 3543 1261 et
3592 1220 3686 1260 su-

2104 1294 2266 1349 perno
2283 1283 2354 1337 sit
2378 1296 2652 1353 coronata,
2682 1299 2736 1343 et
2752 1292 3061 1359 animatam,
3087 1304 3145 1348 ut
3171 1295 3242 1349 ita
3268 1295 3465 1365 dicam,
3492 1298 3687 1355 habeat

2102 1374 2353 1441 pupillam
2380 1417 2393 1437 ,
2425 1378 2645 1433 nitidam
2692 1381 2964 1441 frontem:
3003 1384 3211 1441 inferne
3257 1397 3439 1444 autem
3484 1404 3678 1459 genam

2101 1465 2167 1516 ad
2197 1469 2515 1522 concinnum
2550 1473 2797 1529 ruborem
2847 1476 3169 1545 venientem,
3202 1479 3371 1536 instar
3400 1484 3685 1539 marmoris

2102 1557 2399 1627 subjectam
2432 1563 2643 1631 planam
2673 1576 2726 1620 et
2752 1584 2959 1639 mquam
2984 1589 2997 1625 :
3026 1571 3218 1629 deinde
3234 1574 3366 1630 mihi
3388 1577 3687 1632 ostenderit

2102 1647 2323 1704 Paulum
2356 1652 2762 1725 Iacrymantem,
2793 1675 2855 1715 ea
2886 1660 3105 1717 dimissa
3133 1664 3201 1719 ad
3228 1666 3401 1735 ipsum
3430 1677 3685 1739 spectan-

2101 1738 2227 1794 dum
2283 1744 2555 1800 exsilirem
2590 1748 2696 1803 :ab
2726 1750 2842 1819 ejus
2883 1752 3027 1806 enim
3078 1755 3251 1811 oculis
3308 1738 3687 1827 resplendebat

2102 1833 2449 1900 pulchritudo
2490 1839 2810 1905 spiritualis.
2840 1841 2973 1897 Nam
3034 1845 3121 1900 illa
3174 1847 3388 1917 quidem
3425 1849 3683 1920 juvenum

2101 1926 2259 1997 erigit
2282 1929 2510 1997 animos,
2538 1932 2892 2004 accenditque
2912 1944 2968 1991 et
2994 1938 3128 2002 urit;
3151 1938 3264 1994 haec
3289 1950 3468 1996 autem
3497 1951 3683 1997 contra

2100 2019 2425 2087 comprimit.
2454 2021 2623 2092 Hujus
2651 2024 2742 2095 qui
2796 2026 2941 2082 videt
2983 2029 3202 2096 oculos,
3234 2032 3448 2087 oculum
3493 2035 3685 2089 aniuue

2102 2107 2269 2163 ellicit
2298 2111 2685 2182 pulchriorem,
2725 2125 2965 2173 ventrem
2996 2121 3319 2190 comprimit,
3347 2125 3519 2193 replet
3563 2126 3683 2194 phi-

2103 2200 2344 2271 l050p|iia
2374 2214 2430 2260 et
2460 2207 2623 2261 multa
2670 2212 3161 2280 commiseratione,
3187 2223 3243 2270 et
3290 2215 3685 2271 adamantinam

2103 2294 2315 2351 mollire
2338 2304 2513 2366 potest
2532 2299 2784 2356 animam.
2802 2302 2893 2356 His
2914 2304 3165 2376 lacrymis
3192 2308 3395 2377 rigatur
3422 2308 3681 2377 Ecclesia,

2104 2384 2188 2439 Itis
2218 2387 2531 2455 plantantur
2559 2390 2773 2446 animae.
2794 2394 3014 2450 Etiamsi
3041 2396 3113 2450 sit
3138 2397 3295 2467 ignis,
3326 2398 3408 2453 hze
3436 2400 3685 2472 lacrytnm

2103 2488 2325 2545 possunt
2354 2481 2728 2552 exstinguere,
2771 2496 2826 2539 et
2866 2488 3177 2543 sensibilem
3207 2500 3263 2544 et
3306 2494 3638 2560 corporalem
3668 2512 3680 2546 :

2104 2568 2187 2623 hic
2213 2570 2461 2644 lacrymze
2486 2576 2706 2645 sagittas
2734 2578 2952 2647 maligni
2982 2580 3174 2649 ignitas
3196 2583 3559 2655 exstinguunt.
3580 2584 3686 2638 Me-

2103 2662 2418 2719 minerimus
2462 2681 2591 2737 ergo
2636 2668 2752 2738 ejus
2801 2670 3199 2741 lacrymarum,
3242 2683 3297 2728 et
3345 2675 3685 2730 irridebimus

2102 2757 2281 2810 omnia
2316 2759 2617 2825 praisentia.
2652 2760 2758 2815 Has
2787 2760 3052 2834 laerymas
3075 2763 3321 2821 Christus
3351 2766 3533 2822 beatas
3563 2784 3687 2838 pro-

2105 2849 2408 2917 nuntiabat,
2440 2851 2649 2917 dicens,
2683 2852 2827 2906 Beati
2848 2857 2934 2921 qui
2962 2856 3157 2926 lugent,
3188 2868 3236 2911 et
3255 2857 3386 2912 beati
3410 2862 3497 2926 qui
3521 2862 3645 2929 flent
3667 2903 3681 2927 ,

2100 2940 2341 3007 quoniam
2394 2942 2494 3011 ipsi
2545 2944 2777 2997 ridebunt
2805 2944 2825 3017 (
2844 2944 3034 2998 Matt/1.
3059 2948 3111 3002 5.
3140 2947 3227 3017 5).
3262 2948 3369 3003 Has
3423 2950 3686 3022 laerymas

2102 3030 2422 3086 emittebant
2450 3041 2504 3087 et
2531 3032 2696 3089 Isaias
2721 3044 2771 3089 et
2804 3035 3086 3092 Jeremias.
3120 3040 3181 3093 Et
3215 3040 3301 3095 ille
3351 3042 3567 3111 quidem
3599 3045 3681 3099 di-

2102 3123 2262 3179 cebat
2286 3166 2301 3190 ,
2342 3125 2590 3180 Dimittite
2637 3144 2716 3182 me
2739 3170 2752 3192 ,
2782 3129 2911 3199 ﬂebo
2956 3148 3129 3186 amare
3180 3132 3331 3206 (Irai.
3357 3135 3448 3189 22.
3472 3137 3526 3205 4)
3557 3155 3571 3193 ;
3602 3138 3687 3194 hic

2100 3227 2281 3270 autem
2310 3216 2555 3275 dicebat.
2586 3219 2713 3286 Quis
2742 3222 2881 3275 dabit
2901 3224 3060 3292 capiti
3084 3242 3193 3279 meo
3220 3242 3426 3297 aquam,
3456 3239 3501 3283 et
3522 3232 3684 3285 oculis

2102 3309 2225 3361 meis
2252 3308 2417 3376 fontes
2458 3310 2799 3381 lacrymarum
2829 3313 2961 3383 (Jer.
2985 3316 3039 3371 9.
3068 3316 3120 3389 1)
3142 3317 3164 3371 ?
3189 3333 3251 3373 ac
3302 3321 3347 3375 si
3397 3337 3503 3377 non
3532 3323 3683 3378 sufli-

2101 3399 2208 3453 ciat
2236 3399 2352 3454 fons
2379 3403 2656 3458 naturalis.
2684 3403 2826 3459 Nihil
2856 3416 2937 3461 est
2970 3406 3053 3463 his
3082 3408 3331 3481 lacrymis
3353 3412 3638 3483 jucundius
3670 3414 3707 3471 εΔ

2102 3493 2293 3560 quovis
2320 3494 2430 3547 risu
2453 3503 2578 3548 sunt
2605 3494 2689 3550 hae
2724 3496 3095 3565 jucundiores.
3123 3501 3310 3557 Sciunt
3336 3506 3425 3575 qui
3458 3506 3679 3577 lugent,

2102 3592 2359 3650 quantam
2388 3584 2502 3639 haec
2543 3600 2632 3641 res
2673 3585 2868 3643 habeat
2906 3593 3350 3649 consolationem.
3378 3595 3455 3651 Ne
3495 3598 3684 3653 existi-

2103 3690 2312 3729 memus
2343 3692 2457 3731 rem
2486 3692 2608 3733 esse
2636 3678 3051 3751 deprecandam,
3086 3683 3179 3739 sed
3205 3685 3365 3741 etiam
3399 3688 3553 3744 valde
3581 3705 3683 3759 op-

2104 3767 2341 3821 tandam.
2378 3768 2492 3823 Non
2520 3770 2679 3824 utalii
2710 3780 2953 3840 peccent,
2978 3775 3072 3829 sed
3101 3786 3156 3828 ut
3187 3777 3314 3846 ipsis
3338 3782 3683 3847 peccantibus

2102 3874 2201 3913 nos
2253 3870 2632 3929 conteramur,
2681 3863 2870 3919 harum
2918 3868 3265 3924 recordemur
3293 3872 3680 3944 lacryniarum,

2102 3952 2297 4007 horum
2328 3956 2683 4010 vinculorum.
2717 3956 2860 4029 Ergo
2882 3970 2934 4014 et
2961 3976 3122 4031 super
3148 3964 3351 4019 vincula
3384 3967 3679 4025 descende-

2102 4048 2230 4101 bant
2261 4048 2512 4118 lacryma:
2548 4066 2560 4101 :
2594 4066 2713 4120 qua:
2762 4061 2939 4108 autem
2990 4070 3056 4109 ex
3084 4057 3310 4125 vinculis
3341 4062 3664 4131 percipitur,

2100 4139 2427 4209 voluptatem
2470 4157 2574 4195 non
2630 4143 2843 4199 sinebat
2890 4148 3090 4202 sentire
3136 4165 3282 4204 mors
3332 4168 3559 4220 eorum,
3589 4160 3679 4227 qui

2100 4230 2366 4300 peribant,
2399 4233 2764 4289 vincientiutn.
2791 4235 2895 4290 Pro
2925 4238 3031 4292 illis
3052 4240 3249 4310 quippe
3275 4243 3491 4300 dolebat
3519 4264 3534 4301 :
3566 4259 3683 4304 erat

2098 4322 2241 4376 enim
2268 4322 2559 4392 discipulus
2591 4324 2732 4379 illius
2776 4326 2865 4395 qui
2895 4326 3058 4383 llebat
3110 4332 3417 4388 sacerdotes
3463 4335 3680 4392 Judaeu-

2102 4429 2242 4480 rum,
2278 4431 2381 4467 non
2412 4416 2553 4484 quod
2586 4416 2759 4485 ipsum
2788 4428 2973 4473 essent
3003 4420 3055 4474 in
3103 4437 3317 4479 crucem
3344 4429 3549 4493 acturi,
3583 4431 3680 4485 sed

2098 4509 2240 4579 quod
2272 4511 2367 4579 ipsi
2390 4514 2646 4581 perirent.
2676 4513 2783 4568 Nec
2815 4516 2926 4585 ipse
2946 4518 3090 4570 solus
3121 4518 3221 4573 hoc
3243 4518 3388 4586 facit,
3408 4523 3500 4577 sed
3519 4526 3678 4579 etiam

2098 4605 2233 4658 alios
2253 4605 2331 4658 sic
2356 4605 2690 4671 exhortatur,
2714 4608 2920 4675 dicens,
2948 4608 3143 4677 Nolite,
3175 4612 3362 4682 inquit,
3382 4615 3505 4683 flere
3529 4634 3679 4687 super

2098 4712 2178 4749 me
2202 4737 2216 4761 ,
2252 4696 2374 4765 [ilice
2401 4698 2686 4754 Jerusalem
2713 4698 2864 4769 (Luc.
2893 4700 2984 4755 23.
3008 4700 3125 4771 28).
3153 4702 3415 4760 Viderunt
3460 4711 3678 4777 paradi-

2098 4804 2217 4845 sum
2249 4790 2335 4844 isti
2356 4792 2521 4857 oculi,
2554 4791 2808 4847 viderunt
2834 4794 3047 4849 tertium
3079 4796 3302 4863 cazlum;
3332 4800 3425 4853 sed
3452 4816 3545 4855 eos
3570 4819 3677 4856 non

2097 4893 2206 4939 tam
2236 4900 2436 4940 censeo
2478 4886 2665 4941 beatos
2696 4897 2914 4956 propter
2943 4886 3046 4943 hoc
3084 4893 3485 4960 spectaculum,
3518 4912 3677 4965 quam

2098 4990 2315 5048 propter
2340 4976 2605 5047 lacrymas
2649 4992 2743 5047 per
2788 4993 2920 5047 quas
2949 4980 3198 5036 viderunt
3244 4983 3533 5040 Christum.
3568 4989 3679 5044 Iloe

2095 5072 2312 5143 quidem
2355 5086 2544 5126 revera
2572 5079 2655 5127 est
2708 5073 2921 5127 beatum
2954 5089 2968 5127 :
2999 5089 3119 5129 nam
3147 5075 3259 5145 ipse
3280 5093 3492 5148 quoque
3517 5080 3585 5136 de
3611 5098 3679 5136 eo

2094 5164 2373 5235 gloriatur,
2397 5163 2582 5218 dicens
2605 5180 2618 5217 :
2641 5161 2828 5217 Nonne
2838 5163 2870 5217 J
2877 5180 3015 5218 esum
3031 5164 3286 5221 Christum
3310 5167 3580 5224 Dominum
3595 5190 3681 5227 no-

2094 5252 2762 5323 strumvidi(l.Cor.9.l)?
2794 5254 2886 5309 sed
2914 5264 2997 5309 est
3016 5256 3225 5313 beatius
3256 5261 3323 5312 ita
3348 5259 3499 5316 ﬂere.
3534 5262 3679 5321 Illius

2094 5344 2383 5415 spectaculi
2430 5344 2583 5398 multi
2612 5344 2826 5399 fuerunt
2855 5346 3178 5417 participes;
3207 5358 3262 5403 et
3304 5365 3399 5404 eos
3447 5353 3537 5421 qui
3569 5369 3677 5409 non

2094 5438 2307 5493 fuerunt
2335 5438 2655 5507 participes,
2687 5453 2873 5492 rursus
2921 5438 3107 5494 beatos
3171 5445 3479 5512 pronuntiat
3526 5447 3679 5501 Chri-

2093 5541 2213 5586 stus
2235 5572 2250 5595 ,
2277 5530 2465 5586 dicens
2488 5569 2504 5597 ,
2532 5528 2677 5584 Beati
2720 5531 2809 5601 qui
2847 5546 2948 5585 non
2999 5532 3233 5587 viderunt
3281 5545 3327 5588 ct
3357 5538 3679 5593 crediderunt

2098 5627 2276 5698 (Joan.
2305 5624 2397 5680 20.
2425 5626 2521 5694 29)
2551 5642 2564 5678 :
2598 5624 2699 5679 hoc
2743 5633 2929 5679 autem
2984 5641 3093 5681 non
3148 5628 3300 5682 multi
3351 5640 3474 5684 sunt
3522 5646 3676 5688 asse-

2093 5719 2265 5789 quuti.
2292 5718 2347 5775 Si
2393 5718 2535 5773 enim
2583 5717 2671 5774 hic
2719 5733 2939 5774 manere
2972 5730 3193 5790 pmpter
3240 5722 3510 5778 Christum
3537 5767 3551 5790 ,
3592 5736 3676 5781 est

2099 5810 2266 5882 magis
2295 5810 2656 5870 necessarium
2695 5825 2853 5881 quam
2879 5810 3101 5869 dissolvi
3153 5824 3209 5871 ut
3256 5816 3323 5872 sit
3363 5831 3485 5873 cum
3516 5818 3631 5890 ipso
3655 5857 3677 5886 .
