4120 6400
473 322 580 382 883

471 439 557 492 λιν
585 435 670 501 τδ,
702 436 827 503 Ἐν,
852 432 941 489 διά
959 432 1190 507 Κυρίου,
1220 436 1385 490 ἐστίν·
1406 436 1575 500 Αὐτός
1597 453 1680 489 σοι
1706 434 1927 499 ἔδωκεν,
1949 434 2047 502 οὐχ

469 527 654 597 ἡμεῖς.
711 524 1012 588 Κάκείνους
1068 523 1358 577 ύποτάττει
1435 523 1602 593 αὐτῷ,
1653 522 1729 592 τῷ
1784 520 2051 574 δεικνύειν

471 614 623 685 παρά
662 612 798 667 Θεοῦ
837 612 1043 676 αὐτοὺς
1085 613 1580 685 ἐγκεχειρισμένον·
1632 605 2051 678 Μνημονεύει-τέ

466 722 584 771 μου
624 702 744 757 τῶν
796 700 1052 772 δεσμῶν.
1097 701 1170 755 Ἠ
1216 700 1388 771 χάρις
1445 702 1573 770 μεθ’
1610 698 1798 769 ὑμῶν.
1839 695 2047 765 Ἀμήν.

471 791 576 844 Τὸν
603 790 767 859 φόϐον
782 789 989 844 ἔλυσεν.
1014 790 1075 843 EI
1098 788 1207 860 γὰρ
1226 789 1319 843 καὶ
1336 791 1363 841 ό
1386 788 1701 850 διδάσκαλος
1720 789 1777 840 ἐν
1810 785 2046 855 δεσμοῖς,

471 879 586 933 ἀλλ’
635 879 668 949 ἡ
695 878 853 949 χάρις
884 876 1048 930 αὑτὸν
1095 877 1233 929 λύει.
1266 877 1377 929 Καὶ
1409 875 1565 929 τοῦτο
1602 876 1700 944 τῆς
1740 873 1958 943 χάριτος
1986 869 2049 922 τὸ

472 968 776 1036 συγχωρεῖν
836 964 997 1018 αὐτὸν
1039 964 1257 1034 δεθῆναι
1288 981 1303 995 ·
1351 962 1513 1016 ἄκουε
1555 960 1664 1030 γάρ
1705 958 1799 1012 τοῦ
1864 958 2051 1012 Λουκᾶ

471 1053 738 1123 λέγοντος,
762 1052 843 1106 ὅτι
874 1051 1283 1121 Ὑπέστρεερον
1305 1052 1359 1104 οί
1383 1049 1709 1104 ἀπόστολοι
1733 1045 1851 1100 ἀπὸ
1870 1058 2052 1111 προσ-

470 1141 636 1195 ώπου
700 1139 806 1195 τοῦ
846 1138 1171 1206 συνεδρίου
1200 1138 1513 1207 χαίροντες
1543 1134 1632 1187 ὅτι
1686 1130 2050 1199 κατηξιώθη-

477 1245 599 1282 σαν
622 1228 774 1295 ὑπὲρ
796 1226 901 1281 τοῦ
927 1228 1220 1296 ὀνόματος
1243 1223 1429 1280 αὐτοῦ
1458 1218 1874 1290 ἀτιμασθῆναι.
1904 1221 2051 1272 Κατ-

478 1316 776 1386 αξιωθῆναι
796 1316 904 1385 γὰρ
920 1316 1087 1378 ὅντως
1134 1315 1269 1378 ἐστὶ,
1291 1314 1384 1365 καὶ
1401 1312 1461 1364 τὺ
1485 1309 1851 1379 ἀτιμασθῆναι
1879 1308 1973 1360 καὶ
1988 1306 2051 1360 τὸ

480 1404 919 1476 δεθῆναι.Είγάρ
947 1402 1223 1474 ἐρώμενόν
1246 1419 1329 1465 τις
1357 1401 1516 1472 ἔχων,
1537 1399 1725 1469 κέρδος
1754 1398 1965 1468 ἡγεῖται
1988 1395 2051 1448 τὸ

469 1492 536 1545 δι’
556 1492 760 1546 ἐκεῖνόν
776 1508 826 1545 τι
848 1491 1061 1557 παθεῖν,
1088 1490 1265 1561 πολλῷ
1285 1489 1484 1561 μᾶλλον
1506 1488 1565 1540 τὸ
1579 1486 1668 1539 διὰ
1683 1484 1774 1539 τὸν
1794 1484 2047 1555 Χριστόν.

543 1580 634 1649 Μὴ
684 1580 862 1633 τοίνυν
925 1577 1287 1649 ἀσχάλλωμεν
1347 1575 1478 1647 περὶ
1531 1574 1629 1637 τὰς
1706 1573 1911 1642 θλίψεις
1962 1572 2051 1625 διὰ

470 1667 725 1738 Χριστὸν,
756 1668 894 1721 ἀλλά
946 1665 1378 1737 μνημονεύωμεν
1411 1664 1519 1717 τῶν
1549 1661 1765 1732 δεσμῶν
1831 1659 2048 1713 Παύλου

470 1757 563 1808 καὶ
596 1759 772 1826 ἡμεῖς,
802 1758 895 1811 καὶ
918 1755 1077 1809 τοῦτο
1104 1756 1244 1807 ἔστω
1262 1754 1419 1824 ἡμῶν
1448 1752 1755 1823 προτροπήο
1787 1745 1917 1815 οἷον,
1938 1766 2046 1802 πα-

475 1847 674 1913 ραινεῖς
696 1862 825 1907 τισι,
876 1845 1068 1915 πένησι
1100 1842 1397 1897 δοῦναιδιά
1430 1840 1663 1912 Χριστόν
1690 1856 1705 1905 ;
1743 1839 2052 1908 ἀνάμνησον

470 1932 665 1993 αὐτοὺς
698 1932 805 1983 τῶν
838 1931 1048 1985 Παύλου
1095 1931 1333 2001 δεσμῶν,
1365 1929 1464 1983 καὶ
1516 1926 1712 1980 σαυτὸν
1767 1925 2053 1987 κάκείνους

469 2018 779 2084 ταλάνισον,
807 2020 856 2070 εί
890 2019 1095 2080 ἐκεῖνος
1129 2018 1227 2088 μὲν
1254 2017 1435 2073 καὶτὸ
1488 2015 1647 2085 σῶμα
1679 2014 1909 2080 ἐξέδωκε
1964 2012 2053 2064 δε-

472 2108 630 2176 σμοῖς
660 2107 727 2158 δι⁹
752 2105 936 2169 αὑτὸν,
978 2107 1041 2159 σὺ
1070 2106 1126 2159 δὲ
1175 2105 1296 2158 ούδέ
1327 2106 1533 2175 τροφῆς
1577 2100 1891 2173 μεταδίδως.
1931 2100 2057 2152 Ἐπ-

469 2193 644 2263 ήρθης
689 2193 785 2246 ἐπὶ
822 2192 1248 2263 κατορθώμασι;
1290 2192 1659 2263 μνημόνευσον
1708 2187 1818 2241 τῶν
1842 2185 2052 2240 Παύλου

467 2281 705 2351 δεσμῶν,
734 2282 829 2334 καί
858 2282 941 2335 ὅτι
963 2281 1117 2333 οὐδὲν
1174 2280 1417 2333 τοιοῦτον
1464 2278 1684 2342 ἔπαθες,
1730 2276 1826 2329 καὶ
1870 2274 2054 2329 οὐκέτι

471 2368 782 2439 ἐπαρθήσῃ.
834 2367 1213 2439 Ἐπεθύμησας
1243 2366 1352 2420 τῶν
1381 2366 1477 2419 τοῦ
1520 2365 1781 2437 πλησίον;
1844 2362 2055 2435 μνημό⁴

468 2473 657 2508 νευσον
695 2455 804 2509 τῶν
838 2455 1054 2508 Παύλου
1086 2454 1323 2526 δεσμῶν,
1372 2455 1467 2508 καὶ
1493 2453 1613 2523 ὄψει
1672 2452 1789 2516 πῶς
1852 2451 2054 2505 ἄτοπον

469 2544 674 2597 ἐκεῖνον
741 2543 842 2614 μὲν
901 2545 960 2597 ἐν
1003 2542 1271 2606 κινδύνοις
1322 2538 1463 2596 εἶναι
1490 2582 1505 2607 ,
1560 2542 1620 2594 σὲ
1675 2539 1733 2593 δὲ
1817 2541 2051 2611 τρυφᾷν.

489 2631 875 2703 Ἐπεθύμησας
922 2630 1089 2684 πάλιν
1149 2629 1400 2701 τρυφῆς;
1453 2631 1511 2684 ἐν
1541 2628 1617 2699 νῷ
1670 2627 1804 2682 λάϐε
1834 2627 1895 2680 τὸ
1964 2628 2053 2680 δε-

475 2723 793 2791 σμωτήριον
844 2718 1058 2773 Παύλου
1086 2736 1101 2751 °
1158 2718 1367 2771 ἐκείνου
1423 2718 1669 2788 μαθητὴς
1710 2714 1781 2783 εἴ,
1843 2715 2053 2769 ἐκείνου

476 2806 911 2877 συστρατιώτης.
954 2806 1080 2868 Πῶς
1135 2806 1249 2875 ἔχει
1315 2803 1491 2869 λόγον,
1558 2803 1649 2855 τὸν
1688 2819 1787 2873 μεν
1817 2818 2048 2871 συστρα·

484 2896 687 2968 τιώτην
739 2897 796 2948 ἐν
832 2897 1050 2966 δεσμοῖς
1103 2891 1277 2960 εἶναι,
1340 2893 1401 2945 σὲ
1457 2892 1514 2945 δὲ
1574 2893 1632 2942 ἐν
1694 2893 1908 2962 τρυφῇς
1966 2888 2054 2941 Ἐν

468 2983 645 3054 θλίψει
685 2983 943 3053 γέγονας,
998 2982 1256 3053 ἐνόμισας
1301 2978 1825 3048 ἐγκαταλελεῖφθαι;
1888 2979 2053 3032 ἀκουε

464 3073 574 3126 τῶν
629 3072 841 3126 Παύλου
916 3071 1113 3138 λόγων,
1191 3070 1287 3122 καὶ
1344 3067 1465 3136 ὕψει
1528 3064 1714 3119 ὅτιτὸ
1771 3066 1829 3116 ἐν
1876 3062 2053 3131 θλίψει

467 3157 611 3215 εἶναι
661 3163 761 3215 οὐκ
816 3157 1258 3230 ἐγκαταλείψεώς
1318 3158 1435 3210 ἐστι
1503 3154 1824 3225 τεκμήριον.
1868 3152 2052 3216 Θέλεις

468 3247 673 3319 σηρικὰ
705 3249 891 3317 φορεῖν
933 3248 1126 3316 ίμάτια
1154 3261 1169 3310 ;
1226 3243 1536 3313 μνημόνευε
1565 3240 1675 3294 τῶν
1725 3238 1936 3292 Παύλου
1968 3239 2055 3291 δε-

469 3337 644 3407 σμῶν,
700 3337 795 3389 καὶ
824 3336 997 3390 ταῦτά
1049 3352 1131 3387 σοι
1162 3336 1414 3403 φανεῖται
1465 3330 1574 3384 τῶν
1623 3329 1829 3401 ῥακίων
1901 3329 2051 3381 ἀτι--

471 3425 674 3495 μότερα
699 3424 808 3477 τῶν
841 3421 1358 3493 βεϐορϐορωμένων.
1382 3418 1571 3480 Θέλεις
1601 3416 1802 3487 χρυσία
1832 3413 2053 3486 περιθέ-

469 3513 628 3579 σθαι;
687 3514 744 3565 ἐν
777 3511 855 3581 νῷ
889 3510 1023 3564 λάϐε
1058 3512 1128 3563 τὰ
1179 3507 1391 3562 Παύλου
1452 3505 1648 3575 δεσμά,
1698 3503 1793 3557 καὶ
1840 3503 2051 3573 σχοίνου

469 3601 703 3664 παλαιᾶς
748 3600 900 3652 οὐδὲν
930 3598 1155 3669 ἄμεινόν
1215 3613 1297 3649 σοι
1326 3594 1467 3661 δόξει
1520 3592 1693 3646 ταῦτα
1727 3592 2048 3646 διακεῖσθαι.

466 3689 654 3752 Θέλεις
678 3686 940 3742 διαθεῖναι
984 3686 1085 3747 τάς
1125 3684 1335 3755 τρίχας,
1367 3684 1463 3735 καὶ
1520 3680 1661 3752 καλὴ
1719 3680 2047 3750 φαίνεσθαι;

467 3773 718 3843 ἐννόησον
742 3770 832 3824 τὸν
863 3769 1076 3841 αὐχμὸν
1119 3768 1215 3821 τοῦ
1252 3766 1466 3821 Παύλου
1507 3766 1599 3818 τὸν
1628 3766 1686 3817 ἐν
1717 3764 1795 3834 τῷ
1841 3764 2052 3833 δεσμω-

466 3862 660 3931 τηρίῳ,
704 3858 798 3914 καὶ
848 3858 1096 3929 ἐκκαὴσῃ
1153 3856 1294 3927 πρὸς
1351 3855 1528 3907 ἐκεῖνο
1573 3852 1635 3906 τὺ
1683 3852 1896 3915 κάλλος,
1954 3851 2051 3903 καὶ

466 3950 625 4002 τοῦτο
655 3948 888 4017 ἐσχάτην
917 3944 1068 4018 [415]
1096 3945 1279 4017 ἡγήσῃ
1302 3942 1621 4006 δυσείδειαν,
1653 3940 1751 3993 καὶ
1776 3938 2050 4005 στενάξεις

469 4039 683 4109 πικρῶς
710 4036 1052 4106 ἐπιθυμοῦσα
1081 4036 1305 4088 ἐκείνων
1324 4033 1433 4086 τῶν
1453 4030 1690 4101 δεσμῶν.
1719 4029 1905 4092 Θέλεις
1926 4031 2049 4082 ἐπι-

468 4129 753 4199 τρίμματα
791 4125 885 4178 καὶ
916 4121 1241 4195 ὑπογραφάς
1270 4123 1436 4191 ἐαυτῇ
1468 4118 1793 4187 περιθεῖναι,
1834 4117 1930 4171 καὶ
1948 4118 2049 4170 ὃσα

465 4215 732 4280 τοιαῦτα;
787 4216 1040 4283 ἐννόησον
1092 4210 1161 4264 τὰ
1218 4210 1429 4263 ἐκείνου
1479 4208 1691 4277 δάκρυα
1718 4220 1732 4233 ⁶
1782 4207 2044 4276 τριετίαν,

467 4303 638 4357 νύκτα
685 4303 779 4355 καὶ
806 4302 1023 4372 ἡμέραν
1050 4301 1149 4352 οὐκ
1179 4297 1414 4351 ἐπαύετο
1443 4295 1714 4366 δακρύων.
1760 4294 1948 4364 Τούτῳ
1970 4292 2048 4365 τῷ

468 4394 657 4463 κόσμῳ
710 4390 1022 4453 κσλλῶπιζε
1046 4389 1146 4459 τὴν
1196 4386 1473 4459 παρειάν’
1520 4384 1695 4437 ταῦτα
1719 4383 1789 4436 τὰ
1836 4383 2047 4454 δάκρυα

466 4480 727 4551 λαμπρὰν
767 4479 939 4549 αὐτὴν
980 4477 1292 4547 ἐργάζεται.
1331 4475 1405 4529 Ού
1429 4473 1572 4541 λέγω
1607 4472 1695 4526 ἵνα
1751 4472 1893 4542 ὑπὲρ
1938 4471 2046 4524 τῶν

466 4568 640 4622 ἀλλων
687 4565 928 4639 δακρύῃς
984 4564 1286 4637 (βούλομαι
1330 4563 1427 4633 μὲν
1466 4561 1575 4631 γὰρ
1608 4559 1901 4624 καὶτοῦτο,
1931 4559 2046 4611 ἀλλ’

465 4656 733 4725 ἀνώτερόν
782 4653 874 4706 σού
912 4655 1025 4705 ἐστι
1057 4651 1259 4721 τοῦτο),
1284 4650 1397 4703 ἀλλ’
1426 4650 1563 4719 ὑπὲρ
1593 4648 1699 4701 τῶν
1729 4648 1837 4700 σῶν
1868 4648 2047 4718 ἁμαρ-

466 4744 727 4812 τημάτων
765 4740 924 4793 τοῦτο
953 4738 1201 4809 παραινῶ
1232 4740 1425 4791 ποιεῖν.
1463 4735 1786 4797 Ἐκέλευσας
1813 4734 2045 4805 δεσμευο

467 4831 628 4901 θῆναι
663 4828 848 4890 παῖδα,
882 4828 976 4881 καὶ
1003 4826 1278 4897 ῶργίσθης
1307 4827 1399 4879 καὶ
1456 4822 1846 4895 παρωξύνθηςς
1906 4840 2046 4893 μνη-

469 4922 662 4991 μόνευε
689 4918 798 4972 τῶν
854 4917 1062 4971 Παύλου
1102 4914 1338 4985 δεσμῶν.
1400 4914 1493 4967 καὶ
1552 4912 1755 4974 εὐθέως
1817 4911 2045 4976 παύσεις

465 5010 565 5078 τὴν
600 5009 769 5078 ὀργήν
794 5024 809 5039 ·
843 5004 1221 5075 ἀναμνήσθητι
1245 5004 1326 5056 ὃτι
1372 5001 1483 5055 τῶν
1520 5000 1817 5071 δεδεμένων
1860 5002 2042 5070 ἡμεῖς,

465 5095 651 5149 ἀλλὀὐ
679 5094 786 5146 τῶν
815 5094 1041 5147 δεόντων
1067 5102 1110 5156 ⁸,
1138 5091 1245 5144 τῶν
1268 5088 1743 5161 συντετριμμένων
1769 5087 1867 5158 τὴν
1894 5104 2044 5159 καρ-

466 5184 605 5247 δίαν,
642 5181 756 5235 ἀλλ’
790 5183 851 5235 οὐ
906 5180 1015 5233 τῶν
1068 5178 1480 5249 συντριϐόντων.
1514 5174 1777 5246 Διεχύθης
1816 5175 1909 5228 καὶ
1949 5176 2043 5228 ἀν-

467 5272 775 5340 εκάγχασας
836 5269 1016 5339 μέγας
1065 5267 1273 5320 ἔννοιαν
1311 5265 1442 5317 λάϐε
1470 5264 1580 5316 τῶν
1628 5264 1837 5316 ἐκείνου
1885 5262 2042 5331 ὀδυρ-

469 5358 607 5428 μῶν,
676 5358 770 5410 καὶ
830 5355 1138 5422 στενάξειςο
1203 5352 1381 5422 πολλῷ
1434 5369 1494 5405 σε
1548 5351 1933 5423 λαμπροτέραν
1970 5349 2039 5402 τά

463 5446 676 5515 δάκρυα
704 5444 877 5497 ταῦτα
913 5444 1204 5496 δείκνυσιν.
1237 5438 1388 5503 Εἶδες
1418 5440 1740 5510 τρυφῶντας
1790 5440 1885 5491 καὶ
1940 5437 2038 5508 ὀρ-

466 5536 796 5604 χουμένους;
857 5534 1225 5604 μνημόνευσον
1267 5530 1428 5583 αὑτοῦ
1460 5532 1569 5583 τῶν
1598 5528 1866 5601 δακρύων.
1905 5527 2038 5581 Ποία

467 5622 617 5693 πηγὴ
640 5621 875 5675 τοσαῦτα
929 5619 1189 5674 ἀνέϐλυσε
1245 5619 1481 5688 νάματα,
1539 5617 1615 5681 ὡς
1668 5618 1718 5670 οξ
1770 5617 2038 5687 ὀφθαλμοὶ

529 5766 554 5789 ⁸
582 5766 717 5817 Unus
732 5768 837 5817 cod.
860 5775 908 5819 et
935 5781 1087 5831 marg.
1114 5763 1264 5817 Savil.
1292 5763 1607 5826 δεσμούντων.

1360 322 1425 378 IN
1463 321 1682 380 EPIST.
1714 321 1803 376 AD
1838 313 2128 376 COLOSS.
2158 316 2312 377 CAP.
2352 320 2444 378 IV.
2481 321 2715 379 HOMIL.
2756 321 2873 378 XII.

3613 321 3722 379 384

2160 432 2357 488 ἐκεῖνοι
2388 436 2456 490 τά
2480 437 2692 505 δάκρυα
2717 455 2731 499 ;
2802 432 3216 505 Μνημονεύετέ
3235 451 3376 504 μου,
3404 434 3556 504 φησὶ,
3606 435 3727 488 τῶν

2157 521 2451 590 δακρύων,
2511 524 2699 595 ὥσπερ
2725 525 2833 578 τῶν
2857 524 3071 595 δεσμῶν
3098 523 3349 577 ἐνταῦθα.
3400 522 3510 576 Καὶ
3579 523 3727 576 είκόο

2156 625 2265 673 τως
2317 612 2539 675 ἐκείνοις
2566 614 2738 667 ταῦτα
2776 608 2947 676 εἶπεν,
2978 612 3141 683 ἡνίκα
3175 611 3283 664 ἀπὸ
3326 614 3425 683 τῆς
3498 610 3727 679 Ἐφέσου

2156 699 2353 762 αὐτοὺς
2389 701 2770 770 μετεστείλατο
2794 703 2873 765 εἰς
2905 700 3003 772 τὴν
3057 698 3319 770 Μίλητον.
3380 698 3728 761 Διδασκάλοις

2156 785 2266 855 γὰρ
2312 786 2515 856 ἔλεγεν·
2575 787 2714 841 ὥστε
2766 788 3007 848 ἐκείνους
3052 786 3151 859 μὲν
3203 785 3298 839 καὶ
3348 785 3411 838 τὸ
3474 785 3728 855 συνάγειν

2155 875 2398 940 ἀπαιτεῖ,
2437 874 2659 940 τούτους
2690 876 2748 929 δέ
2784 877 2844 929 τὸ
2883 874 3215 930 κινδυνεύειν
3238 874 3396 945 μόνον
3431 873 3481 927 b.

2226 967 2297 1030 γ’.
2319 962 2485 1017 Ποίαν
2502 963 2681 1033 βούλει
2696 964 3032 1035 παραϐαλεῖν
3048 963 3231 1035 πηγὴν
3248 964 3359 1025 τοῖς
3371 959 3731 1031 δάκρυσιτού-

2153 1067 2302 1117 τοις;
2332 1051 2430 1122 τὴν
2463 1053 2520 1104 ἐν
2548 1053 2625 1122 τῷ
2664 1053 2996 1124 παραδείσῳ,
3025 1053 3124 1122 τὴν
3153 1049 3477 1115 ποτίζουσαν
3498 1050 3596 1121 τὴν
3625 1051 3731 1120 γῆν

2155 1136 2403 1203 ἆπασανς
2451 1137 2591 1190 Ἀλλ’
2623 1139 2778 1192 οὐδὲν
2804 1140 2915 1193 ἴσον
2948 1141 3091 1211 ἐρεῖς
3111 1156 3125 1168 ο
3152 1137 3291 1209 αῦτη
3322 1138 3429 1210 γάρ
3454 1140 3486 1209 ἡ
3512 1138 3619 1190 τῶν
3645 1138 3734 1191 δα-

2155 1223 2339 1293 κρύων
2368 1225 2520 1295 πηγὴ
2565 1225 2743 1296 ψυχὰς
2792 1226 3072 1291 ἐπότιζεν,
3116 1226 3177 1279 ού
3220 1226 3341 1296 γῆν.
3392 1225 3459 1279 Εἴ
3484 1242 3567 1288 τις
3599 1227 3732 1296 ἡμῖν

2154 1311 2553 1384 δεδακρυμένον
2604 1314 2771 1379 ἔδειξε
2827 1313 3038 1368 Παῦλον
3095 1315 3191 1368 καὶ
3250 1313 3608 1378 στενάζοντα,
3667 1313 3729 1366 οὐ

2156 1399 2338 1469 πολλῷ
2383 1396 2452 1472 ῆν
2497 1402 2701 1472 βέλτιον
2730 1403 2885 1466 ἰδεῖν,
2916 1403 2949 1474 ἡ
2982 1405 3175 1475 χοροὺς
3224 1403 3451 1475 μυρίους
3493 1402 3731 1474 φαιδρῶς

2159 1489 2674 1559 ἐστεφανωμένουςς
2730 1491 2805 1544 Ού
2853 1491 2995 1561 λέγω
3040 1492 3167 1563 περὶ
3207 1492 3395 1563 ὑμῶν·
3429 1490 3543 1545 ἀλλ’
3578 1491 3630 1543 εῐ
3649 1507 3732 1552 τις

2156 1575 2264 1629 ἀπὸ
2287 1576 2383 1629 τοῦ
2406 1576 2634 1649 θεάτρου
2659 1578 2751 1632 καὶ
2771 1578 2869 1649 τῆς
2892 1578 3097 1648 σκηνῆς
3123 1577 3448 1640 ἀποσπάσας
3470 1574 3594 1629 τινά
3620 1575 3733 1628 τῶν

2157 1665 2471 1719 ἀκολάστων
2503 1656 2859 1735 ἐκκαιόμενον
2908 1668 3003 1721 καὶ
3052 1667 3452 1739 βακχευόμενον
3502 1664 3580 1734 τῷ
3624 1664 3733 1717 τῶν

2160 1753 2428 1822 σωμάτων
2452 1752 2636 1824 ἔρωτι,
2664 1753 2872 1808 ἐδείκνυ
2896 1756 3067 1827 κόρην
3091 1754 3357 1826 παρθένον
3381 1755 3439 1806 ἐν
3460 1752 3608 1822 αύτῷ
3633 1752 3734 1822 τῆς

2158 1839 2377 1909 ἡλικίας
2406 1841 2485 1911 τῷ
2517 1841 2665 1894 ἄνθει
2692 1840 2762 1894 τά
2790 1858 2849 1895 τε
2883 1842 3020 1895 ἀλλα
3045 1841 3283 1895 νικῶσαν
3317 1842 3416 1904 τὰς
3443 1841 3732 1911 ὁμήλικας,

2159 1928 2254 1980 καὶ
2284 1931 2351 2000 τῇ
2384 1929 2504 2000 ὄψει
2540 1931 2679 2003 ὑπὲρ
2713 1931 2781 1984 τὰ
2808 1931 2970 1985 λοιπὰ
3011 1931 3170 2003 μέλη,
3208 1931 3485 2002 ὀφθαλμὸν
3508 1930 3733 2001 ἔχουσαν

2160 2015 2366 2070 ἀπαλὸν
2390 2017 2485 2070 καὶ
2530 2018 2771 2089 μαλακὸν
2806 2019 3180 2090 ἐγκαθήμενον
3209 2019 3412 2090 ἡρέμα,
3448 2035 3736 2090 περιστρε-

2160 2104 2393 2175 φόμενον
2430 2106 2638 2176 ἡρέμα,
2677 2107 2865 2177 ὑγρὸν,
2900 2108 3127 2179 ἥμερον,
3154 2108 3388 2180 γαληνὸν
3420 2108 3732 2178 μειδιῶντα,

2159 2193 2253 2245 καὶ
2306 2194 2473 2265 πολλῇ
2525 2195 2623 2264 μὲν
2661 2195 3121 2263 περιεπαλμένον
3162 2199 3230 2268 τῇ
3266 2196 3431 2263 αἰδοῖ,
3477 2194 3645 2266 πολλῇ
3676 2194 3734 2247 δὲ

2159 2282 2224 2349 τῇ
2255 2279 2472 2351 χάριτι,
2524 2281 2807 2353 βλεφαρίσι
2850 2286 3077 2344 κυαναῖς
3113 2284 3354 2337 κάτωθεν
3390 2286 3484 2338 καὶ
3529 2284 3735 2336 ἀνωθεν

2160 2368 2632 2440 ἐστεφανωμένην,
2689 2371 2786 2440 τὴν
2848 2370 3015 2442 κόρην
3068 2370 3338 2442 ἔμψυχον,
3395 2372 3470 2437 ῶς
3522 2374 3733 2435 εἰπεῖν,

2160 2456 2391 2526 ἔχουσαν
2421 2500 2436 2523 ,
2484 2458 2704 2528 λάμπον
2742 2458 2803 2513 τὸ
2848 2460 3132 2529 μέτωπον,
3165 2459 3408 2513 κάτωθεν
3447 2459 3609 2512 πάλιν
3637 2459 3735 2529 τὴν

2161 2543 2394 2615 παρειὰν
2424 2546 2503 2609 εἰς
2532 2546 2733 2614 ἀκριϐῆ
2770 2547 3108 2617 ἐρυθρότητα
3136 2548 3559 2617 ἀφικνουμένην,
3593 2565 3734 2617 μαρ-

2164 2632 2339 2701 μάρου
2368 2631 2524 2701 δίκην
2572 2632 2721 2686 λείαν
2761 2634 3127 2704 ὑποκειμένην
3150 2675 3164 2696 ,
3191 2636 3398 2707 ὁμαλήν
3420 2654 3433 2668 ο
3481 2630 3601 2687 εἶτά
3646 2653 3735 2704 μοι

2161 2716 2329 2782 ἔδειξε
2374 2718 2583 2774 Παῦλον
2621 2719 2945 2791 δακρύοντα,
2980 2722 3187 2793 ταύτην
3217 2724 3282 2776 ἂν
3329 2724 3485 2792 ἀφεὶς
3524 2727 3736 2793 ἐπεπή-

2161 2806 2299 2877 δησα
2344 2808 2410 2877 τῇ
2461 2807 2650 2860 τούτου
2701 2808 2829 2879 θέᾳ⁸
2879 2809 3071 2871 κάλλος
3117 2810 3225 2881 γάρ
3260 2811 3583 2880 ἀπέλαμπεν
3628 2811 3739 2865 ἀπὸ

2159 2895 2364 2949 τούτων
2385 2898 2493 2951 τῶν
2519 2896 2813 2966 ὀφθαλμῶν
2836 2900 3230 2968 πνευματικόν.
3269 2900 3474 2953 Ἐκεῖνο
3502 2900 3600 2970 μέν
3627 2900 3737 2971 γάρ

2162 2986 2308 3035 ποιεῖ
2351 2983 2661 3047 ἐξίστασθαι
2704 2983 2839 3037 νέων
2892 2984 3087 3053 ψυχὰς,
3130 2986 3342 3039 ἐκκαίει
3375 2986 3469 3038 καὶ
3513 2987 3733 3055 φλέγεν

2159 3070 2321 3125 τοῦτο
2348 3072 2405 3125 δὲ
2435 3072 2742 3125 τούναντίον
2772 3073 3140 3127 καταστέλλει.
3167 3074 3368 3127 Τούτου
3394 3077 3519 3138 τοὺς
3540 3077 3737 3145 ὀφθαλ-

2163 3161 2298 3231 μοὺς
2322 3161 2351 3213 ὁ
2388 3159 2528 3229 ὀρῶν
2563 3160 2892 3231 ὡραιότερον
2934 3161 3025 3213 τὸν
3049 3162 3149 3232 τῆς
3190 3162 3367 3233 ψυχῆς
3406 3165 3735 3232 ἐργάζεται,

2160 3248 2421 3318 κατασπᾷ
2462 3247 2739 3317 γαστέρα,
2786 3247 3102 3317 φιλοσοφίας
3143 3250 3466 3321 ἐμπίπλησι,
3516 3269 3736 3323 συμπα-

2160 3334 2314 3397 θείας
2365 3334 2603 3404 πολλῆς,
2659 3336 2751 3389 καὶ
2806 3336 3172 3406 ἀδαμαντίνην
3230 3337 3465 3407 μαλάξαι
3515 3340 3735 3394 δύναται

2158 3422 2357 3493 ψυχήν.
2390 3422 2613 3486 Τούτοις
2640 3424 2860 3494 ἄρδεται
2894 3425 2928 3495 ἡ
2972 3422 3268 3494 Ἐκκλησία
3287 3466 3301 3488 ,
3332 3426 3543 3491 τούτοις
3566 3428 3735 3498 ψυχαὶ

2160 3512 2479 3578 φυτεύονται
2514 3509 2663 3581 [416]
2685 3512 2797 3572 τοῖς
2828 3510 3059 3580 δάκρυσι
3079 3525 3090 3537 ·
3121 3511 3226 3564 κᾶν
3254 3510 3365 3583 πῦρ
3388 3509 3443 3586 ᾖ,
3464 3515 3636 3569 ταῦτα
3666 3518 3735 3571 τά

2157 3598 2372 3670 δάκρυα
2416 3598 2608 3651 σϐέσαι
2637 3597 2879 3663 δύναται,
2913 3601 3005 3651 καὶ
3036 3598 3292 3669 αἰσθητὸν
3316 3612 3337 3639 ο
3370 3604 3462 3655 καὶ
3494 3622 3734 3675 σωματι.

2158 3687 2273 3741 κόν⁹
2297 3686 2470 3742 ταῦτα
2492 3688 2562 3742 τὰ
2586 3687 2796 3757 δάκρυα
2820 3686 2890 3739 τά
2914 3685 3043 3755 βέλη
3073 3686 3167 3740 τοῦ
3192 3688 3436 3760 Πονηροῦ
3456 3691 3525 3743 τά
3552 3709 3733 3745 πεπυο

2161 3774 2380 3845 ρωμένα
2402 3774 2672 3829 σϐέννυσι.
2692 3776 2814 3845 Μνη
2823 3772 3138 3845 μονεύωμεν
3158 3775 3336 3829 τοίνυν
3354 3778 3465 3830 τῶν
3479 3778 3733 3851 δακρύων

2157 3860 2345 3926 αὑτοῦ,
2377 3862 2473 3915 καὶ
2514 3861 2731 3915 πάντων
2763 3861 3249 3931 καταγελασόμεθα
3282 3864 3392 3917 τῶν
3422 3867 3729 3936 παρόντων.

2156 3948 2345 4003 Ταῦτα
2392 3947 2731 4020 ἐμακάριζεν
2782 3951 2811 4002 ό
2850 3949 3085 4020 Χριστὸς
3130 3948 3199 4002 τὰ
3237 3950 3467 4023 δάκρυα,
3522 3953 3727 4021 λέγων’

2155 4036 2445 4105 Μακάριοι
2477 4038 2533 4091 οί
2560 4036 2943 4102 πενθοῦντες,
2974 4036 3072 4089 καὶ
3099 4036 3374 4106 μακάριοι
3406 4042 3458 4092 οἱ
3491 4041 3732 4094 κλαίον-

2154 4141 2274 4190 τες,
2293 4124 2383 4178 ὅτι
2407 4124 2576 4178 αὐτοὶ
2593 4122 2974 4193 γελάσονται.
2993 4123 3228 4177 Τοιαῦτα
3248 4125 3342 4178 καὶ
3368 4126 3615 4193 Ἡσαΐας,
3636 4129 3731 4181 καὶ

2166 4212 2435 4284 Ἱερεμίας
2467 4210 2616 4281 ἠφίει
2657 4211 2901 4281 δάκρυα·
2938 4211 3032 4264 καὶ
3070 4213 3099 4264 ό
3131 4212 3231 4279 μὲν
3262 4212 3480 4280 ἔλεγεν⁸
3514 4214 3728 4283 Ἀφετέ

2149 4318 2225 4370 με
2243 4342 2257 4366 ,
2286 4300 2510 4368 πικρῶς
2541 4299 2881 4369 κλαύσομαι
2902 4315 2914 4328 ·
2958 4301 2987 4352 ὁ
3023 4300 3079 4351 δὲ
3108 4299 3281 4369 ἔλεγε·
3323 4303 3418 4367 Τίς
3448 4302 3623 4357 δώσει
3652 4304 3727 4374 τῇ

2153 4388 2388 4457 κείραλῇ
2420 4406 2540 4457 μου
2580 4387 2767 4457 ὕδωρ,
2810 4387 2907 4441 καί
2945 4386 3069 4453 τοῖς
3101 4390 3433 4459 ὀφθαλμοῖς
3463 4410 3585 4460 μου
3612 4408 3727 4463 πη-

2152 4479 2259 4546 γὰς
2290 4477 2595 4543 δακρύων;
2633 4476 2709 4540 ὡς
2740 4476 2841 4528 οὐκ
2873 4476 3147 4547 ἀρκούσης
3186 4479 3285 4544 τῆς
3329 4481 3582 4551 φυσικῆς.
3620 4483 3726 4537 Οὐ-

2151 4564 2240 4617 δὲν
2293 4564 2401 4617 τῶν
2445 4562 2697 4634 δακρύων
2752 4563 2955 4616 τούτων
3005 4565 3189 4634 ἥδιον·
3241 4566 3444 4629 παντὸς
3491 4568 3728 4635 γέλωτος

2150 4653 2324 4705 ταῦτα
2354 4651 2611 4723 ἡδύτερα.
2648 4653 2857 4705 Ἴσασιν
2900 4654 2949 4706 oi
2995 4652 3353 4719 πενθοῦντες,
3393 4658 3567 4728 πόσην
3611 4658 3725 4729 ἔχει

2150 4741 2212 4793 τὸ
2257 4742 2488 4811 πρᾶγμα
2538 4740 2913 4811 παραμυθίαν.
2960 4742 3050 4813 Μὴ
3101 4742 3373 4797 ἀπευκτὸν
3415 4747 3547 4798 αὐτὸ
3585 4742 3725 4801 εἶναι

2152 4829 2495 4899 νομίζωμεν,
2549 4828 2685 4882 ἀλλά
2742 4826 2837 4881 καὶ
2893 4828 3096 4898 σφόδρα
3147 4831 3360 4883 εὐκτόν.
3417 4834 3527 4903 Ούχ
3583 4834 3724 4888 ὥστε

2152 4916 2373 4987 ἐτέρους
2406 4915 2761 4987 ἁμαρτάνειν,
2812 4915 2929 4969 ἀλλ’
2966 4915 3109 4969 ὥστε
3160 4919 3584 4988 ἁμαρτανόντων
3622 4921 3722 4976 αύ-

2149 5004 2256 5057 τῶν
2299 5006 2445 5074 ἡμᾶς
2474 5003 2843 5057 κατακλᾶσθαι
2863 5044 2877 5065 ,
2910 5005 3116 5058 τούτων
3163 5006 3591 5078 μνημονεύωμεν
3615 5008 3724 5061 τῶν

2148 5091 2421 5161 δακρύων,
2451 5091 2655 5145 τούτων
2686 5091 2794 5145 τῶν
2820 5093 3053 5163 δεσμῶν.
3087 5093 3229 5163 Ἀρα
3260 5095 3357 5146 καὶ
3389 5096 3481 5147 ἐπὶ
3509 5095 3619 5147 τῶν
3641 5096 3724 5148 δε-

2150 5177 2303 5243 σμῶν
2330 5178 2542 5249 δάκρυα
2564 5177 2884 5231 κατέϐαινεν
2902 5196 2915 5210 ο
2937 5179 3038 5232 ούκ
3064 5179 3213 5249 ἠφίει
3235 5180 3291 5232 δὲ
3312 5180 3472 5233 αὐτὸν
3493 5181 3591 5251 τῆς
3613 5183 3723 5235 ἀπὸ

2148 5264 2255 5318 τῶν
2287 5265 2501 5335 δεσμῶν
2535 5265 2727 5336 ἡδονῆς
2756 5266 3109 5321 αἰσθάνεσθαι
3137 5268 3246 5320 τῶν
3275 5267 3663 5339 ἀπολλυμένων
3694 5272 3724 5323 ὁ

2148 5352 2395 5417 θάνατος,
2446 5352 2557 5406 τῶν
2602 5353 2965 5423 δεσμούντων.
3010 5356 3121 5407 Καὶ
3165 5354 3275 5426 γὰρ
3317 5354 3458 5425 ὑπὲρ
3499 5357 3723 5410 ἐκείναιν

2148 5442 2301 5513 ἡλγει
2321 5459 2335 5473 ·
2366 5442 2616 5515 μαθητὴς
2639 5444 2748 5513 γὰρ
2776 5440 2843 5516 ἦν
2868 5445 3079 5499 ἐκείνου
3110 5445 3204 5499 τοῦ
3236 5445 3566 5517 δακρύοντος
3595 5448 3722 5513 τοὺς

2180 5635 2236 5709 ‘b
2259 5636 2311 5682 Si
2335 5633 2455 5707 ﬁdeg
2477 5632 2699 5707 Halgsio,
2742 5634 2815 5684 sic
2847 5632 3099 5697 scripserit
3120 5635 3312 5699 Chrys,
3334 5637 3389 5685 τὸ
3413 5636 3701 5699 συναλγεῖν..

2146 5715 2199 5746 το
2221 5713 2523 5755 μνημονεύειν
2545 5713 2700 5757 μονον.

2210 5762 2231 5789 ο
2248 5758 2432 5808 Mavult
2455 5760 2668 5809 Duuaeus
2688 5758 2986 5817 ἀναίσθητον.
