4120 6400
391 357 497 412 583

395 471 575 536 ἱερέας
605 469 713 523 τῶν
771 463 1059 529 Ἰουδαίων,
1103 463 1201 532 οὐχ
1239 462 1320 514 ὃτι
1350 461 1514 514 αὑτὸν
1552 457 1782 528 ἔμελλον
1826 473 1985 508 σταυο

395 559 542 628 ροῦν,
583 557 699 610 ἀλλ’
733 556 818 609 ὅτι
844 553 1002 608 αὐτοὶ
1032 550 1370 606 ἀπώλλυντο.
1406 549 1516 601 Καὶ
1555 548 1656 598 οὐκ
1687 545 1853 608 αὐτὸς
1889 545 1988 615 μό-

392 663 481 709 νος
512 644 645 698 αὐτὸ
686 644 852 707 ποιεῖ,
889 639 1028 694 ἀλλὰ
1062 639 1156 692 καὶ
1182 639 1310 700 τοὺς
1336 636 1530 698 ἄλλους
1559 632 1704 688 οὕτω
1732 649 1988 702 παρακα-

392 733 499 794 λεῖ,
518 733 692 800 λέγων
718 747 734 762 ο
758 730 856 797 Μὴ
881 727 1120 782 κλαίετε
1144 727 1236 778 ἐπ’
1262 725 1387 794 ἐμὲ.
1419 721 1742 792 θυγατέρες
1775 721 1989 788 Ἰερου-

392 819 623 888 σαλήμ.
649 815 805 871 Εἶδον
823 817 916 869 τὸν
943 815 1270 885 παράδεισον
1290 807 1438 866 οὗτοι
1458 814 1506 864 οἱ
1529 811 1822 881 ὀφθαλμοὶ,
1847 807 1990 862 εἶδον

391 909 484 962 τὸν
527 907 711 978 τρίτον
747 903 978 976 οὐρανόν
1000 918 1016 933 ·
1048 902 1165 955 ἀλλ’
1209 901 1272 953 οὐ
1307 899 1601 972 μακαρίζω
1635 899 1838 961 αὐτοὺς
1887 897 1989 967 τῆς

395 998 524 1061 θέας
550 995 754 1066 ταύτης
782 996 972 1048 ἕνεκεν
995 991 1191 1056 οὕτως,
1220 992 1296 1055 ὡς
1319 991 1430 1043 τῶν
1461 989 1717 1059 δακρύων
1739 987 1986 1049 ἐκείνων,

394 1088 464 1140 δι’
487 1079 562 1140 ὧν
588 1082 727 1139 εἶδον
749 1084 841 1136 τὸν
871 1082 1128 1151 Χριστόν.
1152 1080 1444 1153 Μακάριον
1469 1081 1569 1151 μὲν
1597 1079 1768 1142 ὅντως
1788 1076 1949 1130 τοῦτο
1971 1090 1985 1105 ·

396 1175 621 1244 καὶγὰρ
648 1175 740 1227 καὶ
763 1170 925 1234 αὐτὸς
957 1171 1045 1224 ἐπ’
1068 1169 1219 1241 αὐτῷ
1251 1169 1578 1239 σεμνύνεται
1609 1167 1806 1236 λέγων’
1838 1163 1987 1233 οὐχί

408 1263 653 1331 Ἰησοῦν
686 1262 947 1331 Χριστὸν
979 1265 1086 1316 τόν
1113 1264 1335 1330 Κύριον
1361 1257 1532 1327 ἡμῶν
1557 1256 1823 1324 ἐώρακα;
1851 1253 1989 1308 ἀλλά

401 1350 819 1424 μακαριώτερον
851 1350 912 1403 τὸ
957 1349 1228 1419 δακρῦσαι
1261 1347 1456 1408 οὕτως.
1515 1346 1758 1398 Ἐκείνου
1800 1341 1987 1397 πολλοὶ

397 1444 826 1512 κεκοινωνήκασι
862 1439 958 1492 τοῦ
991 1439 1283 1508 θεάματος,
1319 1437 1416 1490 κα)⁸
1455 1436 1580 1498 τοὺς
1615 1433 1690 1504 μὴ
1723 1432 1987 1501 κοινωνή-

398 1547 599 1594 σαντας
636 1527 932 1598 μακαρίζει
981 1527 1145 1580 πάλιν
1175 1524 1431 1596 Χριστὸς,
1454 1524 1661 1591 λέγων·
1695 1519 1988 1588 Μακάριοι

397 1623 452 1673 οἱ
494 1617 581 1687 μὴ
615 1617 878 1681 ἰδόντες,
931 1614 1034 1667 καὶ
1079 1614 1561 1677 πιστεύσαντες*
1591 1609 1785 1662 τούτου
1832 1607 1890 1660 δέ
1926 1606 1985 1660 ού

399 1706 586 1760 πολλοὶ
626 1705 910 1774 ἐπέτυχον.
952 1703 1010 1755 Εἰ
1044 1705 1153 1774 γὰρ
1180 1701 1242 1756 τὸ
1284 1700 1463 1771 μένειν
1506 1699 1592 1752 διὰ
1624 1695 1862 1768 Χριστὸν
1905 1697 1991 1747 ἐν-

397 1797 572 1852 ταῦθα
601 1796 696 1849 105
741 1793 1003 1849 ἀναλῦσαι
1053 1792 1190 1863 πρὸς
1229 1790 1391 1842 αὑτὸν
1429 1787 1858 1856 ἀναγκαιότερον
1901 1784 1990 1836 διά

397 1885 496 1956 τὴν
527 1884 802 1954 σωτηρίαν
837 1882 945 1936 τῶν
974 1879 1172 1943 ἄλλων,
1196 1879 1304 1950 ἄρα
1334 1877 1430 1931 καὶ
1459 1876 1553 1930 τοῦ
1583 1877 1710 1929 ἰδεῖν
1739 1874 1902 1927 αύτόν
1929 1871 1990 1924 16

398 1974 466 2027 δι’
505 1971 706 2036 αὐτοὺς
752 1971 1004 2036 στενάξαι
1039 1966 1490 2036 ἀναγκαιότερον.
1531 1965 1595 2017 Εἰ
1625 1961 1737 2033 γὰρ
1761 1961 1858 2015 τοῦ
1893 1961 1990 2014 σὺν

401 2061 551 2132 αὐτῷ
578 2056 717 2114 εἶναι
744 2059 804 2110 16
835 2058 902 2110 δι’
939 2056 1101 2109 αὐτὸν
1143 2057 1224 2118 είς
1251 2054 1477 2124 γέενναν
1508 2049 1651 2105 εῖναι
1680 2049 1990 2103 ποθεινότε-

403 2167 516 2220 ρον,
549 2147 642 2200 καὶ¹
682 2146 776 2199 τοῦ
810 2147 1048 2198 συνεῖναι
1089 2141 1239 2212 αύτῷ
1264 2142 1326 2194 τὸ
1363 2139 1695 2212 χωρίζεσθαι
1726 2136 1892 2190 αὐτοῦ
1922 2135 1990 2189 δι’

401 2236 564 2289 αὐτὸν
603 2233 982 2304 ποθεινότερον
1014 2229 1205 2298 (τοῦτο
1247 2231 1356 2300 γάρ
1408 2231 1557 2282 ἐστιν
1596 2228 1734 2297 ὅπερ
1769 2226 1988 2294 ἔλεγεν·

401 2325 690 2393 Ιιὺχόμην
711 2321 977 2389 ἀνάθεμα
1005 2316 1158 2373 εἷναι
1188 2318 1371 2384 αὐτὸς
1386 2316 1501 2387 ἐγὼ
1521 2316 1641 2371 ἀπὸ
1661 2315 1955 2384 Χριστοῦ)
1975 2331 1988 2344 ’

403 2411 582 2483 πολλῷ
615 2411 815 2482 μᾶλλον
844 2411 936 2462 καὶ
957 2408 1018 2461 τὸ
1045 2407 1305 2479 δακρύειν
1335 2407 1403 2460 δι’
1447 2405 1633 2460 αὐτόν.
1662 2407 1785 2458 Οὐκ
1815 2403 1996 2456 ἐπαυ-

401 2501 635 2571 σάμην,
668 2501 830 2570 φησὶ,
862 2499 1014 2568 μετὰ
1058 2497 1337 2567 δακρύων
1377 2495 1681 2551 νουθετῶν
1712 2493 1822 2547 ἕνα
1862 2492 1997 2546 ἕκα-

403 2606 573 2643 στον.
613 2588 712 2641 Διά
747 2586 836 2651 τί;
869 2587 1005 2656 Οὐχὶ
1047 2586 1174 2648 τοὺς
1221 2583 1504 2646 κινδύνους
1545 2579 1836 2645 δεδοικώς·
1878 2577 1994 2634 ἀλλ’

398 2676 596 2748 ὥσπερ
645 2675 710 2728 ἄν
743 2692 829 2737 τις
870 2672 1186 2727 ἀσθενοῦντι
1229 2670 1720 2742 παρακαθήμενος,
1764 2669 1860 2722 καὶ
1921 2667 1995 2739 μὴ

404 2767 563 2831 εἰδὼς
579 2767 639 2820 τὸ
655 2767 827 2832 τέλος,
851 2763 1078 2836 δακρύοι
1095 2764 1181 2816 διά
1208 2762 1394 2825 πόθον,
1412 2760 1666 2824 δεδοικὼς
1689 2761 1764 2830 μὴ
1786 2759 1995 2829 ἐκπέσῃ

405 2856 506 2927 τῆς
534 2854 680 2924 ζωῆς
705 2869 718 2883 °
750 2852 893 2906 οὕτω
929 2853 1024 2905 καὶ
1056 2851 1241 2916 αὐτὸς,
1281 2851 1411 2903 ὅταν
1450 2847 1592 2902 εἶδεν
1629 2847 1995 2912 ἀσθενοῦντα,

405 2944 502 2996 καὶ
545 2941 844 3012 ἐπιπλῆξαι
876 2941 977 2993 οὐκ
1020 2941 1273 3008 ῐσχυσεν,
1301 2936 1532 3007 ἐδάκρυε
1565 2936 1774 2990 λοιπόν.
1825 2933 1998 2987 Τοῦτο

406 3031 502 3084 καὶ
523 3032 551 3082 6
581 3029 816 3100 Χριστὸς
846 3028 1124 3097 ἐποίησεν,
1153 3027 1238 3078 ἵνα
1262 3023 1364 3078 κᾶν
1393 3024 1463 3076 τά
1492 3022 1704 3092 δάκρυα
1730 3021 1994 3074 αἰδεσθῶ-

409 3136 494 3171 σιν
521 3135 535 3148 ·
563 3112 694 3179 οἷον,
725 3116 1010 3187 ἡμάρτανέ
1040 3131 1157 3178 τις;
1191 3114 1428 3183 ἐπετίμα
1451 3127 1466 3141 ⁸
1497 3111 1800 3165 κατέπτυεν
1828 3108 1994 3164 αὐτοῦ

407 3208 436 3260 6
467 3205 893 3275 ἐπιτιμῶμενος,
943 3203 1036 3256 καὶ
1088 3200 1379 3272 άπεπήδα;
1433 3199 1717 3268 ἐδάκρυεν,
1761 3198 1849 3250 ἵνα
1890 3196 1996 3251 κᾶν

407 3293 582 3358 οὕτως
609 3292 1002 3363 ἐπισπάσηται.

482 3412 632 3486 [M7]
655 3411 715 3466 δ’.
741 3411 961 3465 Τούτων
981 3407 1412 3481 μνημονεύωμεν
1441 3405 1549 3460 τῶν
1565 3403 1835 3476 δακρύων·
1853 3403 1998 3456 οὕτω

409 3501 509 3565 τάς
541 3501 848 3571 θυγατέρας
877 3499 1274 3570 ἀνατρέφωμεν
1311 3495 1411 3558 τάς
1437 3494 1667 3560 ἑαυτῶν,
1695 3495 1838 3548 οὕτω
1871 3493 1998 3556 τοὺς

411 3591 631 3654 παῖδας,
653 3587 979 3661 δακρύοντες
991 3589 1118 3641 ὅταν
1136 3586 1334 3655 ἴδωμεν
1355 3585 1412 3638 ἐν
1431 3587 1620 3647 κακοῖς
1636 3583 1815 3643 ὄντας.
1835 3582 1997 3634 Ὅσαι

411 3677 641 3749 ἐρᾶσθαι
685 3675 1002 3746 βούλονται,
1051 3674 1542 3745 μνημονευέτωσαν
1585 3672 1697 3724 τῶν
1743 3671 1997 3742 δακρύων

414 3767 629 3820 Παύλου
648 3803 665 3829 ,
693 3765 788 3818 καὶ¹
816 3763 1224 3828 στεναζέτωσαν
1245 3778 1258 3790 ·
1287 3762 1411 3816 ὅσαι
1443 3759 1812 3832 μακαρίζεσθε
1831 3799 1848 3821 ,
1875 3760 1997 3813 ὅσαι

413 3858 473 3909 ἐν
488 3854 754 3922 θαλάμοις
776 3851 922 3915 ἐστὲ,
943 3851 1064 3904 ὅσαι
1083 3851 1140 3904 ἐν
1162 3849 1346 3921 ἡδονῇ,
1363 3849 1570 3902 τούτων
1592 3847 1960 3918 μνημονεύετε
1981 3864 1995 3878 ο

413 3943 528 3995 ὅσοι
561 3943 619 3994 ἐν
650 3941 861 4003 πένθει,
891 3938 1220 3992 ἀλλάττεσθε
1245 3937 1453 4007 δάκρυα
1480 3936 1850 4008 δακρύων.οὑ
1871 3936 1999 3998 τοὺς

413 4029 723 4091 τεθνεῶτας
756 4029 964 4090 ἐκεῖνος
993 4025 1231 4082 ἐπένθει.
1262 4024 1399 4077 ἀλλά
1429 4024 1557 4087 τοὺς
1594 4023 2000 4094 ἀπολλυμένους

417 4119 515 4172 καὶ
549 4116 781 4182 ζῶντας.
818 4114 972 4168 Εἴπω
1016 4114 1110 4166 καὶ
1133 4113 1295 4182 ἕτερα
1327 4111 1568 4182 δάκρυα;
1603 4112 1714 4164 Καὶ
1740 4111 2002 4182 Τιμόθεος

413 4203 638 4255 hiate’
693 4197 939 4269 μαθητὴς
982 4197 1091 4267 γὰρ
1125 4193 1193 4268 ἧν
1243 4194 1468 4249 τούτου·
1515 4195 1594 4248 διὸ
1643 4197 1738 4248 καὶ
1773 4195 2002 4266 γράφων

416 4289 568 4359 αύτῷ
613 4288 770 4357 έλεγε
793 4303 807 4316 ο
852 4284 1244 4355 Μεμνημένος
1267 4301 1384 4339 σου
1416 4283 1539 4337 τῶν
1569 4283 1866 4352 δακρύων,
1901 4285 2004 4338 ἵνα

417 4377 609 4448 χαρᾶς
641 4373 955 4443 πληρωθῶ.
1012 4371 1204 4425 Πολλοὶ
1234 4373 1328 4425 καὶ
1371 4370 1432 4438 ἐξ
1467 4371 1664 4442 ἡδονῆς
1697 4371 1999 4442 ὀδύρονται.

419 4466 578 4520 Οὕτω
627 4466 723 4519 καὶ
755 4464 950 4535 ἡδονῆς
999 4463 1116 4515 ἐστι
1148 4461 1210 4514 τὸ
1255 4463 1509 4532 πρᾶγμα,
1543 4464 1639 4515 καὶ
1670 4459 2006 4531 ἡδονῆς’μὰ-

420 4556 580 4608 λιστα
601 4553 1028 4622 ἐπιτεταμένηςο
1060 4549 1232 4614 οὕτως
1252 4550 1313 4602 ού
1343 4549 1578 4619 φορτικά
1607 4548 1677 4601 16
1696 4549 1907 4618 δάκρυα
1936 4550 2006 4603 τά

421 4642 484 4706 ἐξ
506 4641 698 4710 ὀδύνης
721 4638 1002 4710 τοιαύτης,
1034 4637 1169 4691 ἀλλά
1188 4639 1284 4692 καὶ
1309 4638 1534 4691 ἐκείνων
1559 4635 1736 4706 πολλῷ
1763 4635 2006 4707 βελτίονα

421 4729 531 4784 τῶν
565 4729 633 4781 δι’
686 4728 885 4798 ἡδονὴν
916 4728 1210 4798 κοσμικήν.
1249 4728 1449 4780 Ἀκουε
1472 4726 1567 4780 105
1610 4728 1899 4800 Προφήτου
1927 4726 2009 4780 λέ-

421 4833 640 4888 γοντος·
699 4818 960 4871 ’Ἡκουσε
1000 4819 1216 4885 Κύριος
1245 4815 1356 4886 τῆς
1383 4815 1593 4886 φωνῆς
1651 4816 1759 4870 τοῦ
1811 4820 2009 4871 κλαυ-

422 4907 576 4976 θμοῦ
623 4923 766 4976 μου.
817 4905 926 4958 Ποῦ
978 4907 1086 4974 γὰρ
1123 4905 1185 4958 οὐ
1235 4907 1503 4974 χρήσιμον
1550 4904 1612 4957 τὸ
1639 4904 1905 4975 δάκρυον;
1953 4907 2010 4958 ἐν

425 4991 634 5060 εὐχαῖς,
669 4991 727 5041 ἐν
766 4989 1188 5058 παραινέσεσινς
1230 4988 1422 5057 Ἡμεῖς
1455 4987 1513 5040 δέ
1552 4987 1692 5041 αύτά
1728 4987 2011 5042 διαϐάλλο-

431 5097 554 5150 μεν,
600 5077 702 5130 οὐκ
745 5077 824 5141 είς
856 5075 892 5128 6
919 5075 1125 5128 δέδοται
1174 5075 1527 5145 κεχρημένοι.
1579 5075 1748 5129 Ὅταν
1787 5075 2012 5145 ἀδελφὸν

431 5163 844 5236 παρακαλῶμεν
891 5162 1294 5232 ἁμαρτάνοντα,
1323 5161 1531 5215 κλαίειν
1556 5163 1637 5215 δεῖ
1678 5163 2013 5234 κοπτόμενον

431 5255 526 5308 καὶ
545 5252 889 5316 στενάζονταο
918 5251 1044 5303 ὅταν
1070 5248 1424 5318 παραινῶμέν
1451 5267 1579 5314 τινι,
1610 5252 1638 5303 6
1663 5250 1719 5303 δέ
1749 5251 1825 5322 μὴ
1854 5269 2015 5321 προσ-

433 5344 535 5413 έχῃ
564 5384 579 5407 ,
614 5341 732 5394 ἀλλ’
784 5337 1146 5407 ἀπολλύηται,
1199 5337 1408 5392 κλαίειν
1442 5339 1540 5392 δεῖ.
1576 5340 1762 5394 Ταῦτα
1808 5341 2015 5410 φιλοσο-

433 5431 560 5500 φίας
584 5431 653 5482 16
677 5430 916 5500 δάκρυα·
947 5427 1074 5480 ὅταν
1100 5426 1280 5496 μέντοι
1316 5426 1484 5498 πένης
1503 5445 1589 5489 τις
1617 5427 1861 5498 γένηται,
1889 5430 2016 5482 ὅταν

433 5520 492 5570 ἐν
535 5518 677 5587 νόσῳ
782 5518 1090 5587 σωματικῇ,
1126 5515 1254 5568 ὅταν
1293 5515 1562 5588 ἀποθάνῃ,
1593 5516 1808 5570 ούκέτι⁸
1842 5516 2016 5570 ταῦτα

436 5605 546 5674 γάρ
597 5605 658 5656 ού
714 5604 964 5676 δακρύων
993 5603 1140 5670 ἄξια.
1177 5604 1388 5672 Ὥσπερ
1417 5598 1510 5655 οὖν
1548 5605 1644 5655 καὶ
1685 5607 1776 5657 τὸν
1805 5605 2018 5672 γέλωτα

432 5691 815 5760 διαϐάλλομεν,
857 5693 1101 5762 ἀκαίρως
1131 5691 1280 5760 αύτῷ
1328 5692 1697 5761 κεχρημένοι·
1735 5693 1878 5746 οὕτω
1925 5694 2019 5747 καὶ

437 5780 506 5834 τὰ
542 5779 772 5850 δάκρυα,
811 5779 1057 5852 ἀκαίρως
1096 5777 1240 5832 αύτά
1282 5779 1766 5850 μεταχειρίζοντες.
1815 5781 1876 5833 Ἦ
1907 5780 2015 5851 γάρ

1116 348 1174 403 S.
1217 343 1512 402 JOANNIS
1549 338 2047 398 CIIRYSOSTOMI
2089 339 2414 400 ARCHIEP.
2456 340 3018 400 CONSTANTINOP.

3577 347 3685 404 386

2098 456 2335 510 ἑκάστου
2362 457 2532 529 ἀρετὴ
2553 457 2675 511 τότε
2699 459 2967 528 φαίνεται,
2993 459 3122 513 ὅταν
3145 458 3282 530 πρὸς
3299 458 3361 512 τὸ
3387 460 3687 530 ἐπιτήδειον

2102 544 2264 615 ἔργον
2298 546 2500 615 ἄγηται
2524 560 2538 574 ’
2592 548 2722 600 ὅταν
2747 549 2804 602 δὲ
2858 548 2995 617 πρὸς
3025 548 3085 600 τὸ
3132 547 3443 617 ἀλλότριον,
3477 547 3684 602 οὐκέτι.

2093 624 2240 693 υἷον,
2273 630 2302 681 6
2329 627 2472 693 οἶνος
2497 630 2636 701 πρὸς
2658 631 3000 702 εὐφροσύνην
3025 630 3239 684 δέδοται
3263 670 3279 694 ,
3306 629 3420 683 ἀλλ’
3457 631 3520 683 οὐ
3551 631 3687 703 πρὸς

2096 715 2308 786 μέθηνο
2337 718 2367 770 6
2407 717 2573 788 ἄρτος
2614 717 2756 789 πρὸς
2797 717 3086 789 τροφὴν,ἡ
3123 717 3271 788 μίξις
3313 717 3451 788 πρὸς
3501 719 3687 772 παιδο-

2093 805 2521 877 ποιίαν.”Ωσπερ
2547 802 2640 860 οὖν
2663 804 2852 861 ταῦτα’
2871 807 3221 877 διαϐέϐληται
3251 806 3684 878 παραχρώμενα.

2091 894 2238 948 οὕτω
2285 895 2382 947 καὶ
2417 895 2486 949 τὰ
2520 895 2752 966 δάκρυα.
2797 894 3126 950 Ἐπικείσθω
3167 895 3355 964 νόμος,
3405 896 3464 949 ἐν
3499 895 3688 965 εὐχαῖς

2100 981 2293 1050 μόναις
2318 981 2413 1036 x61
2446 982 2805 1054 παραινέσεσι
2836 984 3142 1054 κεχρῆσθαι
3167 982 3380 1046 τούτοις
3406 1000 3419 1014 ·
3458 982 3555 1036 καὶ
3582 981 3684 1053 ὅρα

2091 1068 2210 1131 πῶς
2257 1068 2354 1122 καὶ
2399 1069 2651 1124 ποθεινὸν
2694 1069 2848 1123 ἔσται
2893 1069 2957 1123 τὸ
2998 1072 3252 1140 πρᾶγμα.
3285 1070 3452 1124 Οὐδὲν
3505 1069 3679 1134 οὕτως

2091 1157 2402 1227 ἀποσμήχει
2431 1156 2501 1209 τὰ
2523 1157 2901 1228 ἁμαρτήματα
2922 1195 2937 1218 ,
2966 1157 3042 1220 ὡς
3073 1157 3314 1228 δάκρυα.
3343 1158 3455 1211 Καὶ
3480 1157 3686 1228 ταύτην

2088 1243 2190 1314 τὴν
2226 1244 2546 1315 σωματικὴν
2586 1244 2710 1315 ὄψιν
2747 1244 2958 1316 ὡραίαν
3013 1245 3257 1299 δείκνυσι
3311 1245 3382 1300 τὰ
3429 1244 3680 1316 δάκρυα·

2093 1330 2233 1400 πρὸς
2268 1330 2418 1384 ἐλεον
2446 1331 2557 1402 γάρ
2589 1332 2894 1387 ἐπισπᾶται
2921 1347 3013 1386 τον
3037 1333 3273 1402 ὁρῶντα,
3307 1333 3513 1405 σεμνὴν
3542 1335 3686 1387 ποιεῖ

2092 1420 2227 1487 ἡμῖν
2255 1419 2448 1489 αύτήν.
2497 1419 2667 1473 Οὐδὲν
2710 1419 2862 1491 ἥδιον
2895 1419 3192 1490 ὀφθαλμῶν
3238 1421 3679 1493 δεδακρυμένων.

2091 1507 2164 1558 Τὸ
2195 1505 2306 1576 γάρ
2352 1505 2740 1577 εὐγενέστερον
2769 1508 2827 1562 ἐν
2859 1509 2992 1578 ἡμῖν
3025 1507 3185 1578 μέλος
3223 1507 3318 1562 καὶ
3351 1507 3683 1580 ὡραιότερον

2089 1595 2184 1647 καὶ
2226 1593 2329 1664 τῆς
2369 1595 2551 1666 ψυχῆς
2591 1594 2751 1649 τοῦτό
2787 1597 2957 1652 ἐστιν.
2988 1597 3119 1650 ’Ἂτε
3153 1593 3245 1650 οὖν
3273 1597 3345 1659 ὡς
3373 1599 3545 1668 αὐτὴν
3585 1599 3685 1668 τὴν

2087 1680 2270 1753 ψυχὴν
2318 1681 2556 1753 ὁρῶντες
2599 1683 3052 1756 ἀποδυρομένην,
3107 1683 3250 1738 οὕτω
3291 1685 3678 1756 καμπτόμεθα.

2091 1769 2280 1823 Ταῦτα
2320 1769 2449 1840 ὑμῖν
2485 1770 2585 1840 οὐχ
2617 1770 2804 1834 ἁπλῶς
2835 1771 3075 1842 εἴρηται,
3105 1771 3222 1824 ἀλλ’
3259 1770 3400 1826 ὥστε
3429 1774 3574 1842 ὑμᾶς
3607 1773 3680 1844 μὴ

2090 1857 2314 1926 γάμοις,
2343 1855 2418 1928 μὴ
2441 1857 2744 1930 ὀρχήμασι,
2776 1858 2850 1931 μὴ
2875 1862 3055 1931 χοροῖς
3082 1860 3485 1932 παραγίνεσθαι
3517 1878 3682 1914 σατα-

2092 1947 2284 2007 νικοίς.
2327 1944 2470 2012 Ὅρα
2508 1943 2620 2016 γὰρ
2665 1945 2720 1998 τί
2745 1940 2906 2016 εὗρεν
2953 1947 2981 1997 6
3010 1947 3293 2011 διάϐολος·
3331 1947 3548 2018 Ἐπειδὴ
3581 1948 3682 2014 τῆς

2094 2031 2301 2100 σκηνῆς
2325 2031 2421 2084 καὶ¹
2446 2029 2555 2086 τῶν
2588 2032 2845 2102 ὰσέμνων
2873 2032 2984 2086 τῶν
3008 2035 3126 2086 ἐκεῖ
3158 2036 3191 2104 ἡ
3225 2034 3389 2103 φύσις
3416 2035 3554 2106 αὑτὴ
3585 2037 3683 2096 τὰς

2091 2122 2356 2188 γυναῖκας
2396 2120 2708 2191 ἀπήγαγεν,
2754 2123 2836 2185 είς
2869 2121 2969 2194 τὴν
3002 2127 3388 2192 γυναικωνῖτιν
3420 2126 3684 2195 είσήγαγε

2091 2207 2162 2259 16
2188 2207 2282 2260 105
2306 2207 2559 2280 θεάτρου,
2597 2208 2878 2278 μαλακοὺς
2907 2210 3055 2279 λέγω
3082 2211 3177 2264 καὶ⁵
3206 2213 3432 2282 πόρνας.
3463 2212 3684 2282 Ταύτην

2091 2295 2191 2367 τὴν
2219 2294 2400 2368 λύμην
2424 2298 2453 2349 6
2484 2296 2594 2348 τῶν
2629 2297 2826 2368 γάμων
2875 2299 3212 2369 ἐπεισήγαγε
3246 2301 3410 2371 νόμος
3434 2318 3446 2330 ·
3483 2302 3683 2372 μᾶλλον

2093 2384 2149 2438 δὲ
2177 2385 2277 2455 οὐχ
2301 2387 2330 2437 ὀ
2369 2385 2464 2438 τοῦ
2493 2386 2698 2455 γάμου,
2741 2387 2815 2458 μὴ
2855 2389 3088 2456 γένοιτο,
3117 2390 3252 2443 ἀλλά
3280 2391 3380 2462 τῆς
3407 2393 3684 2463 ἡμετέρας

2095 2472 2375 2542 βλακείας.
2420 2474 2486 2526 Τί
2525 2477 2720 2538 ποιεῖς,
2768 2475 3058 2546 ἄνθρωπε;
3103 2478 3206 2531 οὐκ
3233 2473 3383 2542 οῖδας
3416 2480 3469 2532 τί
3509 2481 3684 2552 πράτ-

2093 2577 2225 2623 τεις.
2259 2560 2499 2613 Γυναῖκα
2541 2559 2693 2634 [418]
2729 2562 2840 2633 ἄγῃ
2869 2564 2962 2616 ἐπὶ
2993 2563 3317 2635 σωφροσύνῃ
3358 2565 3455 2618 καὶ
3492 2567 3684 2620 παιδο-

2095 2649 2249 2720 ποιίᾳ
2269 2668 2281 2679 ·
2307 2649 2360 2701 τί
2381 2645 2477 2702 οῦν
2500 2652 2557 2703 αἱ
2583 2650 2781 2720 πόρναι
2810 2650 3092 2720 βούλονται
3113 2668 3128 2717 ;
3154 2652 3271 2706 Ἵνα
3294 2654 3327 2723 ή
3351 2651 3685 2724 εὐφροσύνη,

2094 2737 2251 2807 φησὶ,
2303 2737 2530 2808 γένηται
2567 2738 2788 2808 μείζων.
2823 2740 2933 2792 Καὶ
2974 2740 3083 2809 μὴν
3105 2740 3279 2794 ταῦτα
3319 2742 3422 2794 οὐκ
3445 2743 3687 2813 ἀφροσύ-

2093 2843 2227 2896 νης;
2261 2826 2508 2898 ὑϐρίζεις
2527 2828 2628 2898 τὴν
2653 2828 2894 2899 νύμφην,
2921 2829 3166 2901 ὑϐρίξεις
3193 2830 3293 2894 τὰς
3319 2830 3484 2902 κεκλη
3495 2831 3684 2901 μένας.

2095 2915 2158 2967 EE
2191 2914 2300 2986 γάρ
2348 2915 2615 2979 τοιούτοις
2663 2918 2993 2987 τέρπονται,
3031 2917 3192 2988 ὕϐρις
3229 2917 3294 2972 16
3332 2921 3586 2991 πρᾶγμα.
3625 2922 3685 2972 Et

2093 2993 2156 3046 16
2194 2995 2462 3062 γυναῖκας
2502 2994 2713 3066 πόρνας
2741 2997 2875 3067 όρᾷν
2915 2996 3338 3068 ἀσχημονούσας
3372 2998 3528 3070 φέρει
3562 2999 3686 3052 τινὰ

2095 3081 2445 3149 φιλοτιμίαν,
2476 3082 2565 3135 διὰ
2592 3083 2645 3135 τί
2693 3083 2768 3153 μὴ
2799 3083 2896 3137 καὶ
2933 3085 3034 3156 τὴν
3075 3083 3297 3156 νύμφην
3347 3085 3560 3151 ἕλκεις,
3599 3087 3687 3142 ἴνα

2094 3167 2321 3240 κάκείνη
2353 3169 2572 3242 θεωρῇς
2609 3170 2834 3235 Πάντως
2865 3172 3116 3242 ἄσχημον
3151 3173 3248 3226 καὶ
3289 3174 3538 3245 αἰσχρὸν,
3582 3193 3684 3244 μα-

2093 3255 2298 3318 λακοὺς
2349 3255 2551 3327 ἄνδρας
2607 3257 2702 3310 καὶ
2753 3256 3154 3329 ὀρχουμένους,
3203 3259 3299 3312 καὶ
3351 3261 3534 3313 πᾶσαν
3585 3261 3684 3333 τὴν

2096 3345 2324 3414 πομπὴν
2352 3345 2451 3415 τὴν
2479 3347 2779 3415 σατανικὴν
2805 3345 3120 3415 ἐπεισάγειν
3147 3349 3214 3418 τῇ
3245 3346 3414 3419 οἰκίᾳ.
3447 3352 3687 3420 Μνημο-

2094 3431 2303 3486 νεύετέ
2347 3449 2468 3500 μου
2493 3473 2508 3499 ,
2558 3433 2722 3503 φησὶ,
2765 3433 2886 3486 τῶν
2927 3431 3188 3502 δεσμῶν.
3236 3435 3447 3505 Δεσμός
3476 3437 3624 3490 ἐστιν
3657 3441 3687 3492 6

2094 3523 2296 3592 γάμος,
2326 3521 2528 3594 δεσμὸς
2552 3522 2862 3594 ὡρισμένος
2898 3523 3048 3596 παρὰ
3077 3524 3214 3578 Θεοῦ
3238 3542 3251 3555 ·
3278 3525 3431 3590 λύσις
3454 3529 3487 3598 ή
3510 3528 3685 3599 πόρνη

2097 3614 2192 3665 καὶ
2215 3611 2480 3675 διάλυσις.
2513 3614 2762 3679 Ἔξεστιν
2793 3615 3004 3684 ἑτέροις
3025 3614 3339 3686 φαιδρύνειν
3359 3616 3451 3670 τὸν
3481 3617 3683 3686 γάμον.

2097 3696 2212 3754 οἷον
2252 3701 2555 3772 τραπέζαις
2587 3701 2946 3772 πληθούσαις,
2983 3704 3080 3757 καὶ
3115 3705 3386 3774 ἱματίοις·
3424 3707 3487 3758 ού
3531 3723 3683 3776 περι-

2099 3789 2291 3842 κόπτω
2339 3789 2548 3855 ταῦτα,
2597 3789 2687 3843 ἵνα
2744 3791 2817 3862 μὴ
2855 3791 2993 3857 δόξω
3037 3791 3248 3862 σφόδρα
3287 3786 3427 3845 εἶναι
3460 3793 3681 3862 ἄγριος·

2100 3879 2280 3932 καίτοι
2324 3879 2529 3950 ἢρκεσε
2572 3882 2638 3952 τῇ
2698 3879 2971 3951 Ῥεϐέκκα
3017 3881 3303 3953 θέριστρον
3335 3883 3534 3953 μόνον’
3569 3883 3686 3936 ἀλλ’

2098 3967 2162 4018 οὐ
2228 3967 2571 4036 περικόπτω.
2648 3967 2898 4032 Ἔξεστιν
2959 3969 3198 4040 ἱματίοις
3261 3969 3684 4042 φαιδρύνεσθαι,

2099 4051 2279 4117 ἔξεστι
2307 4054 2634 4124 παρουσίαις
2665 4054 2968 4123 αἰδεσίμων
2994 4055 3224 4126 ἀνδρῶν,
3258 4056 3555 4128 αἰδεσίμων
3585 4074 3686 4126 γυ-

2097 4140 2322 4195 ναικῶν.
2351 4140 2497 4194 Τίτὰ
2513 4140 2868 4211 ἐπιχάρματα
2888 4144 3092 4209 ἐκεῖνα,
3115 4142 3168 4195 τί
3190 4142 3258 4196 τὰ
3278 4144 3480 4216 τέρατα
3502 4147 3688 4198 ἐπεισ-

2100 4227 2288 4295 άγεις;
2326 4229 2461 4281 Εἰπὲ
2531 4229 2567 4282 ἃ.
2597 4228 2818 4292 ἀκούεις
2849 4230 2980 4301 παρ’
3009 4230 3212 4284 αὐτῶν.
3259 4231 3400 4284 Ἀλλ’
3430 4233 3688 4303 ἐρυθριᾷς

2101 4311 2306 4374 είπεῖν;
2348 4311 2421 4364 Σὺ
2455 4310 2748 4381 ἐρυθριᾷς,
2786 4312 3075 4376 κάκείνους
3113 4313 3449 4381 ἀναγκάζεις
3479 4318 3682 4380 ποιεῖν;

2105 4399 2170 4450 EE
2203 4397 2389 4461 καλὸν,
2419 4397 2508 4450 διά
2537 4399 2588 4450 τί
2620 4399 2695 4468 μὴ
2723 4400 2816 4451 καὶ
2845 4399 3010 4463 αὐτὸς
3043 4403 3246 4466 ποιεῖς;
3281 4404 3331 4454 εί
3359 4402 3412 4455 δὲ
3440 4403 3682 4473 αἰσχρὸν,

2103 4485 2193 4538 διά
2230 4483 2282 4537 τί
2325 4485 2513 4555 ἕτερον
2551 4485 2922 4553 ἁναγκάζεις;
2966 4487 3152 4541 Πάντα
3193 4489 3551 4559 σωφροσύνης
3591 4492 3690 4560 ἐμ·

2108 4571 2424 4641 πεπλῆσθαι
2458 4574 2572 4636 δεῖ,
2616 4573 2795 4626 πάντα
2837 4575 3197 4645 σεμνότητος,
3241 4577 3420 4629 πάντα
3463 4580 3689 4647 κοσμιό-

2105 4676 2302 4730 τητος·
2364 4659 2460 4712 νῦν
2509 4659 2568 4714 δέ
2607 4661 2914 4714 τούναντίον
2969 4663 3112 4734 ὁρῶ,
3165 4664 3497 4733 σκιρτῶντας
3529 4666 3603 4727 ῶς
3634 4668 3689 4720 αἱ

2111 4749 2368 4820 κάμηλοι,
2417 4748 2494 4812 ῶς
2524 4751 2582 4802 αί
2620 4749 2856 4820 ἡμίονοι.
2887 4751 2966 4820 Τῇ
3008 4750 3263 4822 παρθένῳ
3295 4747 3535 4824 θάλαμος
3565 4756 3688 4806 ἐπι-

2110 4836 2322 4907 τήδειον
2363 4836 2545 4905 μόνον.
2590 4836 2754 4891 Ἀλλά
2797 4838 3031 4912 πενιχρά
3068 4840 3206 4901 ἐστι,
3243 4840 3427 4908 φησίν.
3472 4841 3692 4910 Ἐπειδὴ

2111 4924 2344 4993 πενιχρά
2373 4925 2511 4986 ἐστι,
2543 4926 2640 4978 καὶ
2669 4925 2895 4995 κόσμιος
2926 4927 3133 4996 ὀφείλει
3174 4923 3346 4982 εἶναι·
3385 4929 3557 4998 ἐχέτω
3603 4929 3694 4981 τὶν

2115 5013 2320 5080 τρόπον
2350 5012 2473 5064 ἀντὶ
2498 5011 2753 5066 πλούτου.
2781 5013 2894 5067 Οὐκ
2920 5014 3032 5085 ἔχει
3063 5018 3266 5083 προῖκα
3297 5015 3569 5068 ἐπιδοῦναι
3594 5034 3608 5081 ;
3643 5016 3695 5068 τί

2112 5099 2283 5169 αὐτὴν
2319 5099 2414 5152 καὶ
2463 5099 2667 5170 ἑτέρως
2704 5100 3184 5171 εὐκαταφρόνητον
3231 5103 3406 5164 ποιεῖς
3435 5102 3545 5154 ἀπὸ
3595 5104 3694 5172 τῆς

2114 5187 2495 5257 ἀναστροφῆςς
2562 5187 2801 5240 Ἐπαινῶ
2849 5189 2931 5241 ὅτι
2986 5188 3245 5260 παρθένοι
3300 5190 3696 5260 παραγίνονται

2113 5273 2213 5344 τὴν
2265 5275 2504 5346 ὁμήλικα
2551 5275 2825 5345 τιμῶσαι,
2875 5276 2958 5329 ὅτι
3006 5276 3401 5346 παραγίνονται
3440 5279 3698 5345 γυναῖκες

2114 5365 2215 5433 τὴν
2258 5365 2335 5425 είς
2365 5363 2536 5426 αύτάς
2565 5365 2931 5434 καταχθείσαν
2977 5367 3216 5436 τιμῶσαι
3244 5381 3258 5396 ⁸
3305 5365 3486 5429 καλῶς
3538 5366 3697 5419 τοῦτο

2118 5448 2370 5519 ὥρισται.
2404 5450 2506 5503 Δύο
2526 5451 2635 5521 γάρ
2660 5453 2797 5504 εἰσιν
2828 5447 2971 5506 οὗτοι
2998 5455 3170 5525 χοροὶ,
3199 5454 3227 5506 ὀ
3256 5454 3362 5508 τῶν
3389 5455 3694 5524 παρθένων,

2120 5538 2217 5592 καὶ
2250 5540 2279 5592 ὁ
2306 5538 2414 5591 τῶν
2451 5539 2857 5609 γεγαμημένων
2877 5556 2891 5571 ο
2921 5535 3082 5595 αὗται
3112 5541 3514 5612 παραδιδόασιν,
3553 5545 3698 5596 ἐκεῖ-

2120 5642 2209 5679 ναι
2246 5619 2512 5696 δέχονται.
2567 5626 2634 5679 Ἦ
2663 5629 2848 5698 νύμφη
2897 5629 3104 5698 μεταξὺ
3137 5629 3342 5683 τούτων
3373 5631 3543 5699 ἐστὶν,
3573 5628 3698 5684 οὔτε

2120 5715 2422 5783 παρθένος,
2449 5713 2576 5767 οὔτε
2627 5716 2763 5786 γυνή
2790 5733 2803 5746 °
2858 5716 3071 5769 ἐκεῖθεν
3121 5721 3220 5787 μὲν
3250 5716 3357 5790 γάρ
3397 5716 3698 5789 ἐξέρχεται,

2126 5802 2328 5871 ταύτης
2353 5803 2408 5857 δὲ
2438 5803 2705 5858 ἐπιϐαίνει
2733 5803 2833 5874 τῆς
2859 5804 3190 5875 συμμορίας.
