4120 6400
446 339 551 396 385

454 462 671 523 propter
696 452 920 508 aliorum
947 452 1209 519 salutem;
1241 466 1370 522 ergo
1399 460 1455 505 et
1500 457 1720 520 propter
1748 450 1893 516 ipsos
1945 448 2016 495 in-

448 544 767 612 gemiscere,
791 554 875 597 est
915 543 1085 613 magis
1113 542 1480 597 necessarium
1529 553 1686 609 quam
1731 538 1905 607 ipsum
1952 537 2028 587 vi-

453 634 601 687 dere.
630 633 762 687 Nam
808 633 853 686 si
910 643 1129 703 propter
1183 633 1329 702 ipsos
1375 632 1576 686 essein
1629 629 1872 699 gehenna
1899 669 1915 694 ,
1946 635 2031 680 est

449 726 618 796 magis
643 725 1056 780 desiderandum
1076 740 1233 794 quam
1261 739 1380 779 esse
1407 738 1530 779 cum
1561 724 1712 792 ipso;
1734 733 1789 776 et
1812 729 2032 790 propter

453 817 599 886 ipsos
624 825 708 871 est
729 817 897 887 magis
923 816 1335 872 desiderandum
1357 815 1425 869 ab
1448 815 1564 884 ipso
1585 813 1842 882 separari,
1869 824 2027 880 quam

456 924 578 963 esse
601 923 721 962 cum
755 908 871 977 ipso
905 907 1031 978 (huc
1056 909 1198 962 enim
1231 916 1315 961 est
1340 906 1482 974 quod
1504 904 1738 968 dicebat,
1774 900 2029 970 Optabam

447 1002 556 1071 ipse
595 1018 685 1072 ego
714 1001 984 1054 anathema
1013 1016 1118 1054 esse
1144 1017 1176 1053 a
1215 998 1413 1054 Christo
1444 997 1619 1069 [Rom.
1638 998 1692 1052 9.
1718 994 1795 1066 5])
1823 1012 1835 1046 :
1864 993 2055 1047 multo'

450 1094 617 1162 magis
643 1091 774 1145 ﬂere
806 1101 1023 1161 propter
1054 1092 1248 1160 ipsum.
1284 1089 1408 1143 Non
1429 1088 1649 1149 cessavi,
1685 1086 1882 1154 inquit,
1914 1100 2031 1137 cum

452 1185 689 1255 lacrymis
714 1201 1112 1255 unumquemque
1127 1185 1400 1236 admonens
1423 1182 1560 1249 (Act.
1574 1180 1664 1235 20.
1682 1181 1741 1235 5|
1755 1178 1795 1249 ).
1818 1176 2030 1243 Quare?

452 1276 567 1330 Non
602 1276 795 1329 timens
826 1276 1064 1345 pericula
1091 1291 1105 1339 ;
1138 1272 1254 1335 sed,
1285 1284 1342 1327 ut
1367 1274 1410 1326 si
1442 1271 1563 1341 quis
1586 1270 1865 1340 aegrotanti
1894 1267 2031 1322 assi-

450 1367 584 1422 dens
608 1410 623 1433 ,
657 1376 707 1421 et
742 1368 990 1422 nesciens
1020 1365 1190 1420 morbi
1217 1365 1377 1420 linem
1404 1404 1419 1427 ,
1451 1363 1771 1434 lactymetur
1816 1370 2035 1429 propter

451 1462 809 1528 desiderium,
868 1470 1112 1515 metuens
1165 1474 1233 1514 ne
1286 1474 1317 1513 e
1363 1459 1470 1511 vita
1514 1454 1725 1511 excidat
1758 1472 1771 1508 :
1804 1454 1875 1507 ita
1920 1452 2034 1521 ipse

452 1570 667 1624 quoque
697 1569 817 1607 cum
836 1552 1041 1607 videret
1071 1552 1363 1617 inﬁrmum,
1397 1564 1498 1604 nec
1527 1555 1708 1618 posset
1733 1547 2030 1614 increpare,

452 1649 519 1703 de
549 1659 744 1703 caetero
774 1644 1190 1717 lacrymabatur.
1226 1643 1339 1697 Hoc
1360 1656 1571 1712 quoque
1599 1638 1728 1694 fecit
1755 1636 2031 1705 Christus,

458 1749 516 1792 ut
547 1739 629 1793 vel
678 1750 1051 1792 revererentur
1103 1737 1367 1807 lacrymas
1393 1750 1407 1787 :
1440 1733 1588 1788 verbi
1615 1746 1774 1786 causa
1800 1770 1817 1797 ,
1849 1744 2038 1801 pecca-

454 1832 544 1884 hat
585 1829 815 1899 aliquis,
849 1827 1165 1897 increpabat
1211 1845 1224 1880 :
1256 1825 1588 1894 conspuebat
1635 1838 1758 1878 eum
1787 1830 1840 1877 et
1896 1821 2035 1876 resi-

454 1921 617 1977 liebat
645 1920 733 1990 qui
768 1919 1172 1989 increpabatur:
1206 1916 1599 1990 lacrymabatur
1621 1915 1734 1982 ille,
1768 1922 1825 1969 ut
1850 1914 1933 1969 vel
1959 1913 2038 1969 sic

454 2013 769 2067 attraheret.

524 2106 576 2159 4.
622 2095 1014 2159 Meminerimus
1042 2102 1229 2157 harum
1268 2102 1671 2173 lacrymarum:
1714 2100 1794 2155 sic
1825 2108 2037 2154 nostras

454 2196 743 2250 educemus
769 2196 936 2261 lilias,
983 2195 1060 2250 sic
1088 2194 1223 2248 lilios
1241 2236 1256 2259 ,
1287 2195 1647 2265 lacrymantes
1675 2207 1796 2247 cum
1836 2192 2038 2246 videri-

456 2305 575 2343 mus
602 2303 697 2343 eos
726 2303 848 2342 esse
878 2288 930 2341 in
976 2286 1152 2341 malis.
1206 2285 1568 2355 Quaecumque
1608 2284 1794 2339 volunt
1831 2284 2039 2347 amari,

456 2380 801 2434 meminerint
829 2379 1188 2449 lacrymarum
1218 2377 1387 2442 Pauli,
1411 2384 1465 2431 et
1491 2384 1742 2447 gemant:
1773 2390 2043 2445 quatcum-

456 2488 561 2542 que
592 2471 762 2526 beatae
790 2471 1109 2535 censemini,
1142 2485 1499 2541 quaecumque
1526 2470 1659 2525 estis
1687 2471 1739 2524 in
1764 2469 2041 2533 thalamis,

457 2578 808 2632 quaecumque
838 2563 889 2616 in
920 2562 1213 2632 voluptate,
1262 2577 1447 2616 earum
1476 2560 1833 2615 recordemini
1866 2578 1879 2614 :
1922 2559 2044 2629 qui-

456 2669 685 2725 cumque
711 2653 841 2707 estis
867 2653 919 2707 in
940 2653 1107 2720 luctu,
1137 2653 1401 2723 lacrymas
1421 2653 1676 2723 lacrymis
1692 2660 2041 2707 commutate.

460 2744 553 2798 Ille
579 2760 683 2797 non
716 2744 929 2814 lugebat
959 2754 1223 2810 mortuos,
1250 2742 1350 2799 sed
1376 2758 1471 2798 eos
1496 2744 1587 2813 qui
1613 2744 1860 2812 peribant
1887 2752 1944 2798 et
1970 2743 2049 2797 vi-

457 2834 673 2888 vehant.
701 2834 882 2888 Dicam
924 2834 1086 2889 etiam
1112 2834 1246 2888 alias
1273 2835 1581 2905 lacrymas?
1607 2834 1795 2889 Flebat
1832 2848 2045 2903 quoque

459 2923 773 2979 Timotheus
804 2941 817 2977 :
848 2932 966 2979 erat
1005 2925 1151 2979 enim
1191 2923 1312 2993 ejus
1341 2924 1637 2995 discipulus
1669 2943 1683 2979 :
1729 2934 1784 2980 et
1812 2924 1935 2980 ideo
1982 2926 2049 2980 ad

463 3032 585 3070 eum
619 3017 863 3071 scribens
889 3016 1102 3071 dicebat
1130 3033 1146 3071 :
1190 3014 1392 3071 Memor
1430 3018 1773 3089 lacrymarum
1811 3029 2046 3087 tuarum,

460 3120 518 3162 ut
542 3110 730 3180 gaudio
760 3109 1047 3178 odimplear
1083 3110 1159 3181 (2.
1195 3109 1327 3164 Tim.
1359 3111 1413 3166 1.
1451 3110 1530 3183 4).
1556 3111 1705 3165 Multi
1732 3112 1893 3166 etiam
1922 3110 2051 3167 ﬂent

461 3216 525 3253 ex
554 3201 841 3269 voluptate.
872 3200 946 3254 Ita
976 3200 1138 3254 etiam
1158 3214 1246 3255 res
1272 3208 1355 3255 est
1375 3200 1693 3271 voluptatis,
1722 3211 1777 3256 et
1802 3202 2051 3270 volupta-

464 3293 532 3346 tis
558 3292 789 3362 ingentis
820 3310 833 3345 :
868 3293 939 3345 ita
970 3308 1077 3347 non
1102 3301 1229 3348 sunt
1258 3307 1451 3363 graves
1490 3308 1555 3348 ac
1599 3294 1838 3349 molesta:
1874 3296 2050 3362 lacry-

466 3400 568 3437 ma:
596 3400 714 3453 qua:
760 3385 1170 3453 proliciscuntur
1209 3400 1275 3440 ex
1308 3385 1413 3440 hoc
1439 3401 1709 3452 mterore;
1740 3387 1833 3442 sed
1882 3387 2051 3442 multo

467 3478 723 3531 meliores
751 3477 860 3531 illis
883 3492 1001 3547 quae
1033 3486 1161 3533 sunt
1202 3487 1426 3548 propter
1454 3479 1779 3534 mundanam
1806 3482 2050 3549 volupta-

468 3581 597 3624 tem.
630 3568 764 3623 Audi
790 3569 1110 3639 prophetam
1139 3569 1430 3635 dicentem,
1462 3571 1667 3626 Audiuit
1693 3571 1943 3627 Dominus
1964 3590 2051 3627 vo-

465 3677 570 3712 cem
591 3661 739 3729 ﬂetus
764 3660 863 3712 mei
894 3658 1062 3730 (Psal.
1095 3661 1147 3714 6.
1174 3658 1256 3730 9).
1284 3660 1388 3717 Ubi
1407 3676 1513 3716 non
1544 3672 1668 3716 sunt
1693 3664 1848 3717 utiles
1876 3664 2051 3735 lacry-

468 3753 612 3805 nne?
643 3754 693 3805 in
726 3753 995 3821 precibus,
1021 3754 1073 3808 in
1100 3754 1602 3810 admonitionibus?
1627 3755 1735 3810 Nos
1760 3766 1936 3810 autem
1959 3772 2051 3811 eas

468 3844 933 3914 reprehendimus,
984 3855 1044 3900 ut
1082 3847 1170 3915 qui
1203 3862 1309 3901 non
1356 3858 1569 3902 utamur
1611 3847 1679 3902 ad
1720 3863 1781 3903 ea
1817 3848 1884 3902 ad
1935 3864 2053 3916 quae

468 3934 606 3989 data:
634 3944 778 3990 sunt.
815 3936 1039 4001 Quando
1080 3936 1298 3992 fratrem
1330 3946 1640 4007 peccantem
1687 3940 2050 4014 consolamur,

469 4028 597 4080 llere
630 4036 679 4081 te
700 4035 913 4096 oportet
937 4029 1204 4098 lugentem
1240 4037 1296 4084 et
1324 4029 1761 4098 ingemiscentem
1796 4048 1809 4083 :
1841 4030 2055 4099 quando

469 4117 625 4172 alicui
654 4118 963 4184 suademus,
986 4119 1073 4174 ille
1100 4127 1281 4174 autem
1305 4129 1541 4175 mentem
1569 4135 1673 4176 non
1699 4121 1937 4183 adhibet,
1961 4120 2054 4176 sed

472 4208 629 4278 perit,
664 4207 895 4263 ﬂendum
939 4218 1041 4264 est.
1092 4211 1186 4265 lla:
1226 4219 1351 4265 sunt
1384 4211 1635 4282 lacrymze
1678 4212 2053 4282 pltilusophitu.

471 4301 696 4368 Quando
741 4312 918 4357 autem
962 4304 1225 4373 quispiam
1266 4319 1468 4375 pauper
1512 4304 1698 4368 fuerit,
1747 4305 1962 4375 quando
2006 4306 2057 4360 in

475 4394 665 4448 morbo
711 4396 1010 4463 corporali,
1061 4396 1277 4464 quando
1336 4405 1579 4451 mortuus
1619 4396 1807 4463 fuerit,
1859 4413 2060 4467 nequa-

475 4502 679 4555 quam:
726 4485 843 4541 haec
871 4488 1013 4541 enim
1061 4504 1166 4541 non
1217 4498 1344 4543 sunt
1386 4490 1546 4559 digna
1587 4490 1856 4560 lacrymis.
1911 4488 2061 4544 Sicut

480 4595 609 4649 ergo
637 4580 801 4634 risum
833 4581 1277 4648 reprehendimus
1302 4621 1318 4646 ,
1362 4597 1429 4636 eo
1472 4583 1775 4652 importune
1801 4592 2009 4637 utentes
2043 4599 2057 4636 :

478 4673 558 4725 sic
600 4670 760 4727 etiam
800 4672 1100 4742 lacrymas,
1153 4674 1529 4742 intempestive
1581 4689 1673 4729 eas
1717 4684 2057 4745 usurpantes.

478 4762 631 4817 Tunc
649 4762 792 4817 enim
817 4763 1053 4816 cernitur
1075 4763 1494 4834 uniuscujusque
1512 4765 1698 4827 virtus,
1726 4766 1940 4836 quando
1964 4767 2061 4820 du-

481 4854 623 4908 citur
641 4853 707 4908 ad
730 4863 1084 4924 opportunam
1111 4854 1191 4908 sui
1211 4857 1445 4909 muneris
1464 4855 1784 4911 iunctionem
1807 4874 1820 4911 :
1848 4858 2061 4927 quando

480 4952 659 4998 autem
681 4943 746 4997 ad
761 4944 1012 5007 alienam,
1030 4960 1386 5016 nequaquam.
1410 4946 1655 5016 Exempli
1673 4962 1854 5015 causa,
1877 4949 2058 5003 vinmn

479 5035 663 5090 datum
688 5034 862 5090 estad
893 5036 1151 5103 lmtitiam,
1185 5052 1290 5090 non
1339 5047 1521 5092 autem
1570 5038 1635 5091 ad
1680 5039 1997 5093 ebrietatem
2044 5056 2057 5092 :

482 5127 636 5197 panis
664 5126 731 5181 ad
762 5128 1141 5193 nutritionem,
1183 5128 1356 5182 coitus
1397 5128 1463 5182 ad
1493 5129 1781 5183 liberorum
1813 5144 2063 5198 procrea-

482 5223 707 5275 tionem.
737 5220 889 5276 Sicut
914 5236 1042 5289 ergo
1071 5236 1133 5276 ea
1156 5221 1544 5290 vituperantur,
1577 5221 1619 5273 si
1643 5220 1841 5276 abusus
1863 5220 2024 5275 fuerit
2048 5238 2061 5275 :

481 5311 553 5366 ita
583 5312 743 5366 etiam
776 5311 1043 5381 lacrymzc.
1096 5310 1204 5365 Lex
1236 5310 1437 5365 feratur
1464 5320 1523 5366 ut
1562 5312 1613 5365 in
1646 5311 1775 5366 solis
1820 5311 2066 5381 precibus

483 5413 539 5459 et
567 5403 1020 5459 admonitionibus
1048 5404 1112 5458 iis
1138 5404 1213 5457 uti
1240 5403 1400 5458 liceat
1423 5421 1435 5459 :
1461 5412 1515 5458 et
1543 5402 1665 5459 vide
1684 5403 1953 5474 quomodo
1980 5419 2066 5460 res

483 5496 588 5549 erit
610 5496 771 5550 etiam
795 5495 1048 5565 optanda.
1075 5494 1223 5549 Nihil
1248 5495 1319 5549 ita
1345 5504 1534 5566 purgat
1554 5506 1790 5565 peccata,
1809 5505 1867 5551 ut
1896 5497 2071 5568 lacry-

486 5602 607 5641 mm.
638 5588 708 5643 Et
745 5590 1019 5658 pulchram
1047 5590 1281 5645 ostendit
1323 5589 1510 5645 faciem
1542 5605 1852 5661 corpoream
1884 5609 1897 5646 :
1938 5608 2059 5647 eum

488 5680 633 5763 enim
676 5681 763 5748 qui
811 5680 956 5733 videt
1001 5680 1276 5735 attrahunt
1327 5680 1393 5735 ad
1444 5681 1863 5736 misericordiam
1902 5701 1916 5737 :
1950 5698 2067 5737 eam

492 5770 643 5825 nobis
666 5770 861 5829 iaciunt
885 5789 1099 5844 gravem
1126 5782 1181 5831 et
1202 5774 1499 5831 honestam.
1518 5774 1657 5830 Nihil
1684 5784 1766 5832 est
1784 5775 2068 5846 jucundius

1296 335 1361 391 IN
1401 334 1616 391 EPIST.
1660 331 1753 386 AD
1789 326 2062 387 COLOSS.
2105 324 2257 381 CAP.
2301 325 2389 381 IV.
2432 327 2659 382 HOMIL.
2703 327 2815 383 XII.

3618 334 3724 391 586

2134 440 2302 493 oculis
2329 440 2770 511 lacrymantibus.
2808 441 2918 496 Hoc
2958 444 3098 497 enim
3142 453 3224 499 est
3260 445 3559 502 membrum
3599 463 3721 503 (mi-

2136 535 2280 585 nium
2310 533 2361 585 in
2383 534 2537 586 nobis
2558 533 2951 587 nobilissimum
2981 546 3035 588 et
3064 538 3723 611 speciosissimum,atque

2135 622 2270 676 adeo
2299 623 2464 691 ipsius
2494 623 2689 677 anima:
2714 624 3037 678 membrum.
3065 625 3358 694 Tamquam
3396 643 3525 698 ergo
3550 630 3722 700 ipsam

2139 713 2380 767 videntes
2403 714 2689 768 deﬂentem
2720 718 2974 781 animam,
3006 717 3076 771 ita
3107 718 3390 773 ﬂeetimur.
3417 720 3541 776 llaec
3570 738 3598 774 a
3626 739 3722 777 no-

2138 807 2219 861 bis
2251 824 2355 861 uon
2404 818 2604 862 temere
2644 808 2783 863 dicta
2829 820 2993 876 sunt,
3020 811 3114 865 sed
3145 820 3203 864 ut
3229 828 3324 866 vos
3364 829 3463 869 nec
3489 816 3717 884 nuptiis,

2139 912 2238 951 nec
2265 898 2639 952 saltationibus
2658 940 2676 964 ,
2719 916 2816 954 nec
2842 900 3024 954 choris
3050 902 3234 956 adsitis
3270 905 3538 959 Satanicis.
3593 907 3721 963 Vide

2136 987 2277 1041 enim
2306 989 2433 1057 quid
2456 989 2717 1044 invenerit
2744 990 3010 1046 diabolus.
3042 991 3173 1046 Nam
3204 995 3455 1063 quoniam
3483 1012 3513 1051 a
3534 1012 3716 1061 scena,

2137 1088 2191 1133 et
2232 1080 2296 1132 iis
2325 1096 2443 1148 quae
2472 1080 2579 1135 illic
2605 1090 2732 1135 sunt
2775 1083 2947 1151 turpia
2978 1094 3032 1137 et
3059 1084 3343 1149 indecora,
3390 1088 3501 1157 ipsa
3534 1100 3720 1145 natura

2137 1170 2357 1224 abduxit
2379 1172 2651 1239 mulieres,
2681 1169 2799 1243 quae
2824 1184 2949 1229 sunt
2984 1174 3175 1229 theatri
3205 1177 3428 1233 abduxit
3461 1180 3512 1234 in
3535 1196 3719 1253 gynar-

2138 1277 2313 1327 cemn,
2342 1265 2554 1331 molles,
2588 1266 2802 1336 inquam
2827 1308 2842 1333 ,
2882 1275 2937 1322 et
2963 1270 3292 1323 meretrices.
3341 1270 3488 1325 lianc
3515 1284 3718 1342 pestem

2140 1355 2340 1409 invexit
2369 1356 2453 1410 lex
2499 1359 2784 1428 nuptialis,
2818 1358 2926 1413 imo
2972 1374 3101 1413 vero
3145 1375 3248 1413 non
3295 1361 3382 1415 lex
3426 1364 3719 1433 nuptialis,

2137 1448 2294 1513 absit,
2322 1449 2416 1504 sed
2445 1451 2529 1505 lex
2557 1463 2755 1505 nostra:
2785 1453 3052 1506 mollitiei.
3078 1454 3215 1521 Quid
3247 1455 3375 1509 facis
3398 1494 3415 1521 ,
3456 1470 3490 1509 o
3518 1459 3722 1512 homo?

2139 1540 2317 1595 nescis
2336 1541 2462 1610 quid
2489 1556 2637 1612 agas.
2668 1542 2940 1599 Mulierem
2966 1544 3116 1598 ducis
3144 1544 3209 1598 ad
3233 1547 3639 1614 temperantiam
3668 1557 3724 1603 et

2142 1631 2431 1686 liberorum
2462 1635 2887 1701 procreationem
2921 1652 2933 1686 :
2964 1635 3091 1701 quid
3121 1651 3249 1705 ergo
3272 1636 3369 1690 sibi
3397 1637 3580 1691 volunt
3608 1654 3719 1693 me—

2138 1725 2401 1779 retrices?
2427 1724 2499 1780 Ut
2542 1725 2647 1789 sit,
2686 1726 2891 1795 inquit,
2922 1727 3093 1796 major
3123 1729 3323 1782 lmtilia.
3374 1730 3564 1785 Annon
3607 1730 3725 1787 haec

2139 1826 2264 1871 sunt
2289 1817 2608 1886 insipientiae
2632 1818 2654 1871 ἲ
2682 1818 2891 1874 Probro
2917 1819 3088 1874 amcis
3115 1835 3391 1889 sponsam,
3418 1823 3619 1893 probro
3641 1825 3723 1879 af-

2140 1906 2256 1962 ficis
2284 1909 2552 1962 invitatas.
2584 1909 2716 1963 Nam
2755 1910 2798 1963 si
2848 1911 2931 1965 his
2968 1911 3326 1976 delectantur,
3358 1929 3444 1968 res
3485 1924 3570 1969 est
3596 1930 3723 1984 pro-

2143 2000 2297 2053 brum
2341 2011 2396 2054 et
2434 2001 2781 2055 contumelia.
2825 2001 2957 2056 Nam
2997 2004 3041 2057 si
3079 2004 3261 2058 videre
3311 2007 3620 2061 meretrices
3666 2024 3727 2066 se

2141 2091 2367 2159 turpiter
2391 2098 2447 2145 et
2474 2089 2725 2146 indecore
2749 2103 2998 2160 gerentes
3025 2094 3254 2162 aliquam
3300 2095 3456 2150 affert
3484 2101 3728 2168 magniﬁ-

2141 2183 2393 2245 centiam,
2441 2197 2538 2236 cur
2568 2198 2675 2237 non
2713 2182 2938 2239 attrahis
2984 2200 3238 2253 sponsam
3278 2196 3337 2241 ut
3386 2190 3470 2242 illa
3517 2205 3729 2261 quoque

2141 2276 2634 2346 Spectat?0mnino
2665 2288 2818 2347 turpe
2853 2288 2936 2333 est
2975 2288 3029 2333 et
3054 2280 3383 2343 indecorum,
3419 2285 3564 2338 viros
3595 2286 3728 2339 mul-

2145 2370 2223 2423 les
2248 2378 2305 2424 et
2339 2369 2617 2434 saltantes,
2665 2378 2721 2425 et
2758 2385 2971 2424 omnem
3015 2386 3258 2441 pompam
3302 2376 3588 2430 satanicam
3627 2379 3728 2432 do-

2148 2479 2292 2517 mum
2321 2463 2683 2520 introducere.
2716 2465 2966 2520 Memores
2992 2479 3168 2535 estote,
3202 2470 3389 2539 inquit,
3416 2473 3729 2525 vinculorum

2146 2571 2391 2609 meorum.
2419 2555 2811 2611 Matrimonium
2845 2569 2927 2612 est
2950 2559 3242 2624 vinculum,
3276 2560 3539 2616 vinculum
3565 2578 3594 2615 a
3623 2563 3732 2617 Deo

2147 2644 2492 2699 constitutum
2518 2662 2533 2700 :
2562 2646 2757 2702 solutio
2780 2658 2862 2703 est
2888 2649 3141 2703 meretrix
3164 2660 3220 2705 et
3245 2652 3545 2709 dissolutio.
3584 2653 3734 2708 Licet

2147 2737 2266 2791 aliis
2288 2736 2590 2791 exhilarare
2615 2738 2851 2806 nuptias,
2880 2752 2937 2792 ut
2962 2739 3117 2794 lautis
3141 2743 3340 2796 mensis
3364 2751 3420 2797 et
3444 2745 3728 2799 vestimen-

2151 2829 2218 2881 tis
2242 2844 2255 2879 :
2293 2831 2405 2882 haec
2430 2844 2535 2883 non
2563 2839 2801 2898 amputo,
2836 2846 2903 2885 ne
2932 2832 3112 2886 videar
3138 2848 3259 2888 esse
3284 2835 3436 2890 valde
3460 2837 3683 2905 agrestis
3715 2852 3732 2891 :

2149 2934 2467 2989 quamquam
2493 2921 2750 2977 Rebecca:
2776 2924 2904 2976 satis
2931 2922 3033 2978 fuit
3058 2925 3232 2979 solum
3255 2926 3561 2982 theristrum
3595 2932 3733 2985 :sed

2152 3025 2256 3064 non
2273 3021 2511 3081 amputo.
2531 3012 2679 3067 Licet
2700 3012 2985 3069 cxhilarari
3006 3016 3264 3081 vestibus;
3291 3018 3415 3073 licet
3432 3020 3482 3073 in
3503 3036 3735 3091 praesen-

2153 3103 2221 3156 tia
2264 3104 2686 3160 venerandorum
2717 3108 2948 3161 virorum
2997 3119 3049 3163 et
3088 3112 3505 3167 reverendarum
3549 3118 3738 3170 mulie-

2150 3210 2290 3249 rum.
2318 3196 2455 3261 Quid
2485 3197 2708 3251 ludibria
2754 3198 2839 3251 illa
2867 3240 2882 3263 ,
2914 3200 3040 3268 quid
3073 3213 3313 3256 monstra
3356 3203 3602 3259 inducis?
3644 3206 3738 3261 Dic

2152 3302 2272 3357 quae
2300 3288 2453 3342 audis
2483 3289 2551 3343 ab
2580 3290 2730 3358 ipsis.
2758 3291 2827 3343 At
2855 3291 3133 3346 erubescis
3167 3294 3347 3349 dicere
3367 3298 3392 3350 ἲ
3419 3297 3496 3351 Tu
3540 3300 3738 3354 erube-

2151 3382 2258 3437 scis
2278 3423 2293 3447 ,
2327 3392 2383 3437 et
2409 3382 2529 3437 illos
2565 3384 2713 3452 cogis
2742 3384 2794 3438 id
2822 3383 3034 3439 facere?
3059 3385 3111 3440 Si
3144 3387 3424 3455 pulchrum
3453 3400 3532 3444 est
3558 3403 3610 3445 et
3639 3392 3732 3444 ho-

2150 3483 2383 3540 nestum,
2435 3489 2531 3528 cur
2574 3490 2677 3528 non
2733 3475 2847 3545 ipse
2889 3491 3100 3545 quoque
3128 3478 3297 3532 facis?
3342 3481 3387 3534 si
3435 3490 3611 3536 autem
3657 3494 3740 3538 est

2150 3572 2324 3634 turpe,
2368 3579 2464 3618 cur
2503 3564 2665 3618 alium
2710 3566 2890 3635 cogis?
2926 3567 3115 3621 Omnia
3156 3579 3369 3638 oportet
3411 3587 3533 3626 esse
3583 3575 3738 3643 plena

2153 3657 2502 3725 temperantia
2543 3672 2607 3712 ac
2652 3657 2946 3723 modestia,
2996 3659 3258 3729 gravitate
3311 3670 3365 3715 et
3414 3663 3693 3720 honestate
3721 3709 3736 3720 .

2152 3764 2293 3803 nunc
2328 3764 2454 3803 vero
2483 3749 2810 3803 contrarium
2846 3750 3023 3812 video,
3057 3751 3313 3806 saltantes
3356 3763 3620 3824 tamquam
3648 3773 3743 3811 ca-

2154 3840 2350 3903 melos,
2377 3849 2647 3908 tamquam
2669 3839 2864 3893 mulos.
2898 3841 3095 3910 Virgini
3117 3842 3264 3897 Solus
3288 3855 3373 3899 est
3391 3854 3545 3914 aptus
3568 3850 3735 3901 thala-

2153 3948 2293 3986 mus.
2326 3933 2396 3985 At
2443 3941 2546 3995 est,
2578 3932 2782 4002 inquit,
2815 3949 3035 4002 pauper.
3086 3935 3348 4000 Quoniam
3396 3948 3478 3992 est
3517 3955 3739 4010 pauper,

2155 4022 2317 4078 debet
2344 4024 2505 4078 etiam
2537 4039 2657 4078 esse
2681 4023 2923 4079 modesta
2953 4034 3008 4079 et
3030 4025 3255 4082 honesta
3283 4045 3296 4081 :
3339 4028 3533 4085 habeat
3568 4048 3744 4089 mores

2156 4130 2256 4185 pro
2285 4114 2506 4169 divitiis.
2539 4115 2656 4169 Non
2684 4125 2862 4186 potest
2891 4115 3021 4170 dare
3048 4117 3269 4172 dotem?
3299 4135 3394 4173 cur
3435 4136 3553 4175 eam
3583 4133 3745 4178 etiam

2157 4207 2291 4260 alias
2343 4206 2525 4261 reddis
2576 4208 3022 4262 contemnendam
3080 4225 3144 4263 ex
3210 4211 3311 4265 hac
3358 4214 3747 4280 ρει-νενεωηυῖ

2159 4299 2343 4354 Laudo
2369 4299 2511 4369 quod
2541 4299 2719 4354 adsint
2748 4300 2984 4370 virgines
3009 4302 3269 4372 arqualem
3296 4318 3444 4358 suam
3474 4304 3740 4361 honoran-

2170 4401 2289 4451 tes;
2324 4392 2467 4461 quod
2499 4391 2675 4446 adsint
2702 4392 2957 4447 mulieres
2991 4408 3110 4447 eam
3155 4394 3477 4450 honorantes
3497 4437 3511 4461 ,
3543 4413 3663 4466 qua:
3694 4416 3745 4453 m

2161 4498 2315 4537 suum
2347 4499 2627 4537 numerum
2663 4492 2746 4538 est
2789 4484 2956 4537 relata
2989 4484 3133 4539 :hoc
3162 4496 3311 4540 recte
3354 4497 3438 4541 est
3483 4499 3744 4545 constitu-

2165 4585 2299 4629 tum.
2328 4573 2462 4630 Sunt
2500 4575 2642 4628 enim
2674 4574 2725 4628 hi
2753 4573 2862 4628 duo
2890 4576 3041 4629 chori
3075 4594 3088 4628 :
3118 4575 3317 4631 chorus
3357 4579 3622 4649 virginum
3643 4622 3659 4647 ,
3689 4592 3744 4635 et

2162 4666 2360 4722 chorus
2410 4681 2594 4720 carum
2641 4682 2760 4736 qua:
2816 4676 3160 4736 nupserunt:
3200 4669 3309 4724 illa:
3358 4671 3612 4737 tradunt,
3662 4673 3747 4726 hzc

2163 4760 2478 4829 suscipiunt.
2506 4758 2714 4828 Sponsa
2741 4767 2826 4814 est
2851 4760 2991 4813 inter
3014 4774 3127 4823 eas,
3156 4776 3331 4831 neque
3379 4762 3548 4833 virgo,
3575 4780 3752 4836 neque

2165 4853 2357 4907 mulier
2388 4868 2402 4905 :
2437 4867 2559 4906 nam
2596 4853 2741 4907 illinc
2769 4852 2981 4921 quidem
3010 4854 3301 4924 egreditur,
3326 4855 3378 4910 in
3410 4855 3547 4912 hanc
3570 4869 3749 4915 autem

2164 4946 2407 5001 ascendit
2426 4946 2675 5000 classem.

2239 5038 2291 5090 Μ
2300 5038 2530 5091 eretrices
2555 5038 2610 5091 in
2638 5038 2835 5107 nuptiis
2857 5038 3117 5093 admixtw.
3136 5069 3206 5079 —
3222 5038 3330 5094 Cur
3362 5051 3541 5096 autem
3569 5058 3751 5097 merc-

2169 5130 2371 5184 trices?
2416 5131 2547 5185 Cum
2595 5139 2869 5201 oporteret
2911 5146 3003 5186 eas
3031 5147 3140 5200 pra:
3184 5132 3387 5201 pudore
3422 5134 3567 5202 tegi,
3625 5135 3752 5189 dum

2170 5222 2368 5290 tiuptiae
2389 5221 2747 5286 celebrantur,
2777 5237 2899 5277 cum
2921 5232 3197 5291 oporteret
3228 5239 3320 5279 eas
3346 5225 3508 5279 inlodi
3541 5226 3754 5294 (matri-

2173 5316 2342 5371 monii
2371 5317 2516 5372 enim
2548 5316 2824 5385 corruptio
2862 5325 2945 5371 est
2992 5317 3291 5387 scortatio),
3321 5334 3417 5373 nos
3446 5331 3621 5374 autem
3666 5339 3759 5377 cas

2170 5409 2415 5463 ducimus
2442 5409 2510 5464 ad
2537 5408 2770 5479 nuptias.
2799 5408 2866 5463 Et
2894 5408 3112 5478 quando
3151 5408 3350 5478 aliquid
3377 5408 3591 5478 quidem
3628 5409 3751 5463 fari-

2172 5502 2261 5565 tis,
2289 5501 2449 5555 etiam
2470 5501 2652 5555 verbis
2683 5509 2839 5555 tenus
2858 5501 3125 5556 contraria
3147 5501 3325 5555 omnia
3352 5500 3712 5570 deprecamini
3738 5522 3754 5555 :

2173 5603 2231 5645 ut
2256 5592 2470 5662 quando
2498 5593 2753 5657 seminas,
2776 5592 2991 5662 quando
3010 5593 3194 5647 vinum
3218 5592 3400 5649 hauris
3425 5608 3493 5649 ex
3520 5596 3753 5651 torcula-

2172 5686 2341 5751 ribus,
2371 5700 2439 5740 ne
2483 5684 2823 5754 responderis
2864 5683 3079 5754 quidem
3117 5700 3238 5755 qua:
3280 5700 3504 5757 vappam
3549 5686 3753 5755 signiﬁ-

2173 5786 2300 5835 cant
2330 5795 2343 5832 :
2379 5778 2463 5834 hic
2492 5789 2694 5846 autem,
2728 5776 2814 5833 ubi
2843 5776 3039 5835 decent
3064 5777 3361 5835 moderatio
3382 5787 3435 5833 et
3460 5786 3754 5847 temperan.
