4120 6400
399 353 503 410 587

401 467 506 531 tia,
548 475 776 533 vappam
821 460 1192 527 introducitis;
1246 459 1349 515 hoc
1372 459 1516 514 enim
1568 464 1653 511 est
1693 450 1978 509 meretrix.

400 556 625 625 Quando
649 563 973 627 unguentum
1004 552 1328 622 componitis
1356 591 1371 615 ,
1404 548 1539 605 nihil
1564 547 1705 603 male
1730 545 1882 601 olens
1914 539 1987 596 si-

403 649 529 702 nitis
544 646 989 718 appropinquare.
1008 642 1399 698 Matrimonium
1414 650 1495 695 est
1509 645 1839 708 unguentum
1858 652 1870 686 :
1886 647 1984 689 cur

402 739 541 795 casui
591 738 831 793 fauorem
881 735 1089 790 inducis
1116 735 1170 791 in
1195 732 1637 803 compositionem
1683 731 1982 801 unguenti?

403 831 540 898 Quid
560 830 723 885 dicis?
750 830 905 884 saltat
934 829 1105 897 virgo,
1128 836 1183 881 et
1208 841 1311 879 non
1340 840 1457 879 eam
1482 822 1647 893 pudet
1673 836 1783 877 sua:
1805 837 1984 891 aequa-

405 925 510 979 lis?
537 924 759 994 Oportet
786 922 928 976 enim
956 920 1121 989 ipsam
1144 919 1243 975 hac
1261 933 1380 974 esse
1408 918 1766 972 honestiorem
1794 926 1848 971 et
1866 931 1986 986 gra-

404 1016 610 1070 viorem
631 1033 644 1068 :
667 1028 735 1068 ex
760 1014 881 1068 uiua
915 1012 1114 1081 quippe
1141 1025 1353 1079 egressa
1380 1017 1482 1075 est,
1506 1024 1610 1063 non
1630 1024 1695 1063 ex
1718 1008 1981 1077 palaestra.

405 1106 522 1161 Non
569 1111 779 1176 oportet
829 1102 973 1157 enim
1031 1100 1250 1155 omnino
1302 1100 1561 1170 virginem
1616 1112 1877 1169 apparere
1930 1098 1983 1152 in

407 1198 624 1267 nuptiis.

478 1289 531 1343 5.
571 1286 686 1341 Non
718 1285 867 1339 vides
889 1282 1031 1354 quod
1063 1283 1115 1336 in
1144 1281 1287 1351 regia
1312 1280 1399 1351 qui
1427 1289 1548 1335 sunt
1574 1279 1785 1350 quidem
1818 1280 1986 1334 hono-

412 1380 554 1445 rati,
588 1387 716 1432 sunt
743 1378 884 1430 intus
909 1377 1051 1429 circa
1097 1389 1317 1443 regem;
1361 1374 1393 1426 ii
1425 1381 1600 1427 autem
1649 1373 1740 1443 qui
1772 1382 1877 1427 non
1930 1374 1985 1428 in

408 1473 613 1527 honore
640 1480 783 1535 sunt,
808 1477 951 1522 stant
978 1467 1149 1521 foris?
1177 1466 1262 1520 Sis
1290 1467 1466 1535 itaque
1496 1466 1634 1519 intus
1657 1466 1796 1519 circa
1826 1480 1986 1535 spon-

408 1578 543 1617 sam.
574 1560 681 1616 Sed
711 1570 855 1614 casta
888 1572 1044 1612 mane
1088 1557 1274 1610 domi:
1316 1572 1384 1611 ne
1432 1556 1485 1610 in
1529 1571 1775 1625 pompam
1823 1556 1984 1611 ducas

406 1655 790 1725 virginitatem.
844 1650 1035 1705 Adstat
1095 1658 1317 1718 uterque
1361 1647 1591 1715 chorus;
1636 1649 1724 1702 ille
1770 1647 1984 1719 quidem

408 1747 619 1816 qualem
647 1743 737 1798 det
760 1741 1070 1801 ostendens,
1104 1740 1190 1794 hic
1212 1750 1412 1803 autem,
1441 1748 1497 1792 ut
1517 1754 1633 1793 eam
1660 1746 1942 1793 conservet
1968 1754 1984 1791 :

407 1852 503 1892 cur
528 1834 789 1889 dedecore
812 1830 983 1886 afficis
1014 1830 1412 1900 virginitatem?
1441 1829 1571 1885 Nam
1602 1831 1644 1884 si
1678 1841 1731 1884 tu
1760 1846 1820 1885 es
1844 1830 1984 1896 talis,

409 1928 534 1982 talia
563 1939 793 1994 sponsus
816 1923 884 1977 de
919 1922 1005 1976 illa
1043 1921 1400 1991 suspicabitur
1430 1939 1442 1975 :
1472 1922 1517 1976 si
1548 1929 1602 1975 tu
1631 1922 1763 1977 velis
1795 1922 1984 1987 amari,

406 2033 471 2073 ea
498 2023 624 2070 sunt
646 2029 794 2083 cepa:
818 2054 832 2077 ,
865 2013 1072 2066 olerum
1112 2011 1419 2068 venditrieis
1445 2022 1499 2067 et
1523 2012 1748 2081 cpiticis.
1792 2013 1987 2067 Annon

408 2118 532 2165 sunt
566 2108 678 2162 haec
704 2106 955 2177 probrum
983 2113 1037 2159 et
1065 2102 1337 2160 dedecus?
1363 2104 1622 2159 Probrum
1650 2104 1792 2158 enim
1823 2114 1905 2158 est
1934 2112 1989 2158 et

407 2204 640 2257 dedecus
669 2215 727 2254 se
755 2198 1008 2253 indecore
1036 2211 1246 2267 gerere,
1280 2197 1443 2251 etiam
1483 2196 1526 2251 si
1568 2196 1637 2249 sit
1670 2195 1777 2250 ﬁlia
1824 2195 1984 2265 regis.

408 2294 542 2349 Num
569 2291 817 2362 prohibet
847 2288 1171 2360 paupertas?
1198 2303 1324 2343 num
1351 2288 1473 2342 vita:
1499 2286 1733 2341 studium
1756 2294 1812 2341 et
1837 2287 1990 2340 insti-

406 2384 619 2442 tutum?
646 2382 861 2438 Etiamsi
888 2395 1043 2437 serva
1064 2380 1134 2434 sit
1165 2379 1335 2448 virgo,
1360 2386 1573 2432 maneat
1603 2378 1653 2430 in
1681 2376 1940 2447 pudicitia
1967 2394 1981 2431 :

408 2479 477 2534 In
506 2478 704 2534 Christo
732 2477 873 2532 enim
895 2472 1022 2528 Iesu
1048 2489 1149 2526 non
1174 2482 1246 2526 est
1267 2487 1456 2535 servus,
1497 2487 1586 2524 nec
1612 2470 1735 2525 liber
1761 2469 1902 2541 (Gal.
1930 2470 1985 2525 5.

406 2572 522 2640 28).
550 2569 906 2623 Theatrumne
935 2574 1018 2620 est
1052 2562 1492 2617 matrimonium?
1546 2562 1642 2617 Est
1668 2562 1983 2633 mysterium

406 2672 462 2717 et
484 2662 560 2716 rei
584 2673 788 2727 magum
810 2667 965 2727 typus
992 2671 1006 2707 :
1033 2663 1085 2708 et
1107 2654 1151 2708 si
1170 2653 1343 2722 ipsum
1362 2668 1467 2707 non
1486 2654 1807 2719 reverearis,
1832 2667 1989 2708 reve-

408 2767 528 2807 rere
544 2749 595 2804 id
612 2748 763 2818 cnjus
788 2758 871 2801 est
901 2755 1077 2816 typus.
1110 2744 1513 2809 Sacramentum,
1538 2745 1728 2815 inquit,
1754 2744 1851 2798 hoc
1877 2760 1988 2797 ma-

407 2859 561 2914 gnum
578 2852 651 2897 est
675 2858 693 2894 :
713 2856 803 2910 ego
822 2847 988 2892 autem
1008 2836 1122 2891 dico
1143 2837 1195 2890 in
1211 2835 1411 2891 Christo
1436 2846 1483 2890 et
1508 2835 1737 2890 Ecclesia
1763 2835 1982 2907 (Ephcs.

409 2940 465 2996 5.
485 2937 605 3005 ΞΩ).
624 2935 875 2991 Ecclesia:
899 2943 982 2989 est
1005 2940 1163 3003 typus
1183 2941 1237 2987 et
1251 2932 1470 2998 Christi,
1498 2941 1551 2987 et
1578 2933 1891 2988 meretrices
1907 2935 1989 2988 in-

410 3028 667 3086 troducis?
682 3026 736 3082 Si
754 3040 904 3095 ergo,
924 3025 1115 3094 inquit,
1137 3039 1309 3093 neque
1325 3024 1554 3093 virgines
1573 3024 1795 3091 saltant,
1812 3040 1987 3094 neque

409 3136 528 3191 qua:
570 3126 904 3187 nupserunt,
948 3116 1069 3186 quis
1115 3115 1372 3170 saltabit?
1416 3115 1646 3170 Nullus:
1692 3116 1990 3172 saltationis

411 3214 552 3267 cnim
579 3224 821 3280 quamam
851 3216 934 3263 est
959 3207 1287 3261 necessitas?
1309 3206 1365 3260 In
1394 3206 1659 3280 mysteriis
1676 3206 1986 3262 Grai-corum

412 3312 538 3357 sunt
562 3299 916 3363 saltationes;
968 3297 1020 3352 in
1051 3298 1249 3352 nostris
1291 3306 1467 3353 autem
1504 3298 1776 3353 silentium
1804 3309 1859 3353 et
1893 3299 1990 3353 ho-

413 3403 563 3449 nesta
585 3392 835 3462 gravitas,
862 3388 1031 3458 pudor
1055 3398 1104 3443 et
1136 3388 1413 3443 modestia.
1442 3388 1686 3459 Magnum
1721 3390 1989 3460 peragitur

414 3485 751 3557 mysterium,
773 3481 915 3535 foras
941 3479 1271 3546 meretrices,
1301 3478 1442 3534 foras
1467 3479 1692 3549 profani.
1711 3480 1989 3545 Quomodo

410 3587 495 3633 est
524 3573 877 3647 mysterium?
919 3571 1279 3636 Conveniunt,
1326 3579 1379 3625 et
1413 3570 1520 3625 duo
1547 3569 1750 3626 faciunt
1798 3588 1985 3628 unum.

414 3671 521 3726 Cur
577 3667 790 3738 quando
836 3663 1132 3733 ingreditur
1183 3664 1428 3733 quidem,
1479 3679 1584 3719 non
1626 3673 1707 3719 est
1753 3666 1983 3731 saltatio,

412 3778 517 3818 non
563 3771 688 3815 sunt
730 3757 1007 3829 cymbala,
1050 3754 1144 3811 sed
1190 3755 1411 3809 multum
1461 3756 1765 3823 silentium,
1822 3757 1986 3812 multa

410 3854 593 3922 quies;
625 3848 837 3921 quando
881 3856 1058 3900 autem
1113 3845 1454 3911 conveniunt,
1506 3862 1612 3901 non
1645 3848 1983 3903 inanimatam

411 3944 718 4012 imaginem,
749 3954 853 3993 non
885 3936 1114 4006 alicujus
1142 3951 1210 3990 ex
1242 3937 1307 3990 iis
1336 3952 1453 4006 quae
1482 3948 1606 3992 sunt
1627 3939 1678 3993 in
1705 3950 1862 4007 terra,
1888 3941 1984 3996 sed

410 4036 575 4104 ipsius
605 4031 696 4085 Dei
726 4028 982 4084 facientes
1023 4027 1306 4096 imaginem
1328 4037 1379 4081 et
1416 4029 1837 4097 similitudinem,
1866 4040 1983 4085 tan-

410 4136 520 4180 tutn
546 4121 835 4179 introducis
854 4119 1157 4182 tumultum,
1176 4129 1230 4174 et
1247 4134 1340 4174 eos
1362 4121 1450 4188 qui
1471 4120 1982 4191 adsuntperturbas,

409 4227 465 4272 et
502 4215 765 4271 dedecore
792 4212 1026 4266 animam
1074 4208 1245 4265 afficis
1293 4219 1349 4265 et
1387 4211 1710 4267 conturbas?
1752 4212 1985 4270 Veniunt

408 4308 572 4364 futuri
602 4322 762 4359 unum
790 4317 987 4372 corpus
1017 4318 1029 4355 :
1057 4316 1185 4357 ecce
1211 4316 1397 4357 rursus
1440 4304 1750 4374 mysterium
1791 4308 1984 4361 carita-

412 4401 499 4454 tis.
522 4399 578 4454 Si
609 4397 714 4451 duo
741 4410 847 4449 non
877 4392 1003 4447 facti
1036 4391 1240 4447 fuerint
1265 4408 1453 4460 unum,
1479 4410 1584 4449 non
1614 4395 1813 4451 faciunt
1844 4399 1984 4452 mul-

409 4504 516 4557 tos,
547 4489 800 4561 quamdiu
819 4488 923 4541 duo
949 4487 1280 4551 manserint;
1310 4487 1522 4556 quando
1546 4498 1721 4543 autem
1745 4493 1986 4545 venerint

410 4583 479 4635 ad
506 4583 784 4642 unitatem,
838 4585 964 4630 tunc
1013 4576 1230 4630 faciunt.
1264 4576 1398 4643 Quid
1437 4592 1502 4631 ex
1549 4578 1649 4632 hoc
1692 4579 1986 4636 discimus?

411 4671 562 4739 Quod
602 4670 813 4723 unionis
844 4681 1035 4736 magna
1085 4666 1154 4720 sit
1180 4667 1279 4720 vis.
1326 4667 1509 4721 Solers
1559 4668 1652 4723 Dei
1697 4671 1982 4727 artificium

412 4776 573 4817 unum
603 4760 656 4812 in
705 4760 811 4812 duo
836 4756 1018 4809 divisit
1055 4756 1124 4810 ab
1157 4756 1336 4820 initio;
1368 4767 1422 4812 ct
1470 4758 1657 4813 volens
1701 4763 1985 4819 ostendere

414 4851 554 4922 quod
584 4849 741 4904 etiam
776 4857 1054 4917 postquam
1101 4848 1168 4901 sit
1192 4849 1398 4902 divisus
1432 4861 1610 4906 manet
1642 4868 1835 4919 unum,
1878 4870 1983 4911 non

411 4944 541 4997 sinit
568 4955 729 4994 unum
756 4937 1003 4992 sufficere
1028 4937 1092 4991 ad
1139 4940 1558 5007 generationem.
1587 4942 1700 4997 Non
1727 4955 1811 4999 est
1838 4949 1979 5002 enim

415 5048 568 5099 unus,
597 5031 685 5100 qui
712 5029 944 5083 nondum
973 5036 1055 5082 est
1090 5028 1324 5098 junctus,
1353 5030 1447 5085 sed
1472 5032 1749 5088 dimidium
1780 5038 1935 5092 unius
1960 5056 1974 5093 :

412 5136 469 5179 et
525 5124 647 5178 hinc
690 5120 867 5192 palam
925 5126 1009 5173 est
1062 5120 1202 5189 quod
1257 5120 1398 5175 filios
1439 5123 1672 5178 nondum
1714 5137 1980 5195 procreet.

418 5216 604 5270 Vidisti
628 5213 935 5284 mysterium
964 5212 1305 5280 nuptiarum?
1345 5214 1493 5268 Fecit
1531 5230 1596 5269 ex
1642 5231 1749 5271 uno
1778 5234 1938 5272 unum
1963 5259 1980 5285 ,

414 5317 470 5362 et
515 5322 703 5362 rursus
741 5319 862 5359 cum
907 5304 1006 5357 bos
1052 5302 1187 5358 duos
1237 5305 1451 5359 fecisset
1500 5322 1685 5376 unum,
1734 5310 1811 5364 sic
1858 5311 1986 5367 facit

415 5416 597 5454 unum.
627 5398 982 5465 Quamobrem
1011 5412 1079 5449 ex
1115 5412 1219 5450 uno
1261 5413 1472 5466 quoque
1520 5401 1754 5455 nascitur
1800 5402 1979 5461 homo.

415 5492 602 5546 Mulier
628 5490 770 5545 enim
796 5499 850 5543 et
879 5488 957 5543 vir
982 5504 1089 5543 non
1132 5501 1256 5545 sunt
1282 5490 1387 5545 duo
1413 5490 1676 5558 homines,
1702 5495 1795 5549 sed
1824 5495 1985 5550 homo

417 5599 554 5636 unus
579 5604 592 5639 :
627 5583 783 5651 idque
811 5590 987 5651 potest
1013 5581 1222 5650 probari
1251 5597 1315 5635 ex
1343 5583 1554 5637 multis:
1586 5599 1650 5639 ex
1680 5585 1900 5652 Jacobo,
1930 5597 1984 5642 et

418 5688 483 5725 ex
513 5672 674 5725 Maria
706 5682 873 5726 matre
894 5672 1110 5739 Christi,
1140 5689 1204 5727 ex
1227 5688 1290 5727 eo
1317 5674 1455 5743 quod
1496 5676 1659 5739 dicat,
1698 5676 1982 5733 Masculam

405 5760 722 5829 afeutmam
757 5767 875 5836 fecit
900 5780 987 5821 eos
1013 5766 1164 5840 (Gen.
1199 5769 1389 5843 1.27).
1434 5769 1488 5823 Si
1527 5767 1617 5823 ille
1657 5770 1870 5840 quidem
1900 5781 1982 5828 est

1198 348 1258 405 S.
1308 341 1584 405 JOANNIS
1620 335 2095 397 CHRYSOSTOMI
2133 334 2449 392 AllClllEP.
2487 332 3020 392 CONSTANTINOP.

3557 337 3663 395 388

2089 457 2267 519 caput,
2325 447 2414 502 illa
2454 462 2585 502 vero
2624 462 2838 517 corpus,
2869 447 3137 523 quomodo
3181 446 3326 502 duo?
3374 448 3663 519 Propterea

2089 538 2204 593 haec
2228 539 2441 609 quidem
2465 539 2728 608 discipuli,
2758 539 2846 593 ille
2866 554 2993 593 vero
3017 539 3189 593 locum
3216 548 3359 595 tenet
3390 543 3625 611 magistri
3646 556 3661 595 τ

2088 629 2178 684 ille
2205 630 2479 699 principis,
2509 630 2623 687 ha'c
2658 631 2777 698 ejus
2804 646 2922 699 quae
2950 639 3100 699 paret
3141 631 3386 701 principi.
3440 632 3518 687 Ex
3551 635 3663 703 ipsa

2087 738 2299 793 quoque
2319 724 2563 792 corporis
2587 723 2905 777 formatione
2932 723 3130 778 videris
3148 738 3266 779 esse
3294 740 3455 779 unum
3480 743 3492 779 :
3526 725 3665 781 facta

2087 823 2170 868 est
2189 815 2330 868 enim
2362 829 2428 869 ex
2459 815 2625 868 latere
2644 854 2659 879 ,
2693 823 2748 867 et
2788 824 3055 884 tamquam
3078 814 3184 869 duo
3211 831 3279 870 ex
3308 815 3528 870 dimidio
3556 817 3667 871 dis-

2086 915 2232 959 seCIa
2248 913 2393 959 sunt.
2416 904 2703 975 Propterea
2725 920 3069 975 eamqueque
3083 913 3238 960 vocat
3255 906 3587 976 adjutricem,
3608 918 3664 961 ut

2086 995 2334 1051 ostendat
2358 1010 2451 1050 eos
2472 1012 2592 1051 esse
2615 1012 2797 1051 unum.
2825 996 2950 1051 Ideo
2970 1006 3024 1051 et
3046 996 3178 1066 patri
3205 1006 3260 1052 et
3282 998 3437 1051 matri
3465 998 3666 1067 profert

2086 1089 2516 1159 conjunctionem
2545 1100 2600 1145 et
2641 1089 3111 1153 cohabitationem,
3159 1097 3217 1144 ut
3247 1090 3496 1145 ostendat
3523 1091 3662 1161 quod

2086 1182 2193 1235 sint
2218 1196 2401 1235 unum.
2434 1182 2496 1236 Et
2540 1191 2693 1251 pater
2718 1181 2969 1236 similiter
2997 1182 3206 1236 laetatur
3239 1191 3292 1237 et
3322 1182 3429 1237 filia
3473 1194 3528 1238 et
3556 1184 3664 1238 lilio

2083 1272 2281 1341 junctis
2307 1273 2665 1336 matrimonio,
2694 1272 2836 1343 quod
2865 1288 3060 1342 corpus
3104 1283 3357 1343 properet
3405 1274 3469 1328 ad
3510 1291 3663 1331 suum

2087 1364 2387 1419 membrum
2418 1383 2432 1419 :
2461 1365 2626 1436 ﬁtque
2654 1374 2833 1420 tantus
2863 1375 3105 1435 sumptus
3130 1376 3184 1422 et
3215 1366 3452 1436 pecuniae
3500 1369 3666 1423 detri-

2087 1465 2348 1521 mentum,
2377 1465 2434 1512 et
2461 1465 2642 1513 tamen
2686 1457 2742 1512 id
2773 1458 2913 1513 ferre
2946 1458 3145 1528 nequit,
3181 1467 3237 1512 ut
3279 1474 3384 1514 non
3412 1460 3665 1530 conjuga-

2088 1558 2198 1603 tum
2241 1548 2437 1604 videat.
2492 1549 2788 1619 Tamquam
2829 1550 2971 1605 enim
3025 1550 3138 1620 ipsa
3181 1550 3415 1606 abscissa
3462 1567 3662 1616 carne,

2086 1650 2311 1712 uterque
2330 1650 2413 1697 est
2437 1638 2786 1712 imperfectus
2810 1642 2875 1697 ad
2899 1643 3189 1699 liberorum
3218 1644 3662 1712 procreationem,

2088 1744 2311 1804 uterque
2336 1743 2420 1791 est
2450 1735 2797 1805 imperfectus
2823 1735 2889 1790 ad
2923 1737 3204 1806 praesentis
3236 1737 3361 1792 vitae
3406 1738 3667 1791 constitu-

2088 1826 2307 1881 tionem.
2358 1825 2648 1896 Propterea
2676 1826 2806 1882 dicit
2843 1827 3005 1882 etiam
3050 1827 3307 1897 propheta
3332 1869 3350 1896 ,
3396 1827 3665 1898 Reliquum

2087 1917 2297 1987 spiritus
2333 1918 2408 1971 tui
2453 1917 2710 1990 (Malach.
2749 1918 2804 1972 ἓ.
2849 1917 2960 1989 15).
3000 1919 3277 1987 Quomodo
3327 1930 3504 1976 autem
3542 1930 3666 1975 sunt

2088 2008 2247 2063 etiam
2279 2008 2336 2063 in
2381 2024 2544 2065 carne
2580 2010 2732 2064 una?
2770 2008 2909 2065 Utsi
2954 2010 3070 2064 auri
3097 2010 3363 2065 ademeris
3402 2010 3543 2081 quod
3584 2021 3667 2065 est

2089 2102 2456 2173 purissimum,
2479 2110 2535 2158 et
2559 2102 2716 2158 alteri
2742 2117 2873 2159 auro
2901 2102 3252 2159 admiscueris
3283 2120 3297 2156 :
3328 2105 3398 2159 ita
3425 2103 3511 2158 hic
3533 2120 3664 2174 quo-

2088 2206 2214 2262 que,
2241 2191 2295 2247 id
2338 2192 2480 2263 quod
2511 2202 2593 2249 est
2636 2194 3073 2265 pinguissimum,
3102 2204 3366 2265 tamquam
3409 2195 3665 2250 fundente

2087 2282 2377 2353 voluptate,
2405 2283 2701 2353 suscipiens
2728 2284 2922 2340 mulier
2943 2284 3038 2339 alit
3070 2294 3124 2339 et
3156 2284 3335 2350 fovet,
3364 2294 3418 2340 et
3454 2300 3572 2339 cum
3601 2301 3664 2340 ea

2087 2390 2205 2446 qua:
2230 2385 2355 2432 sunt
2380 2391 2474 2432 sua
2500 2379 2804 2444 contulerit,
2853 2379 2967 2433 viro
3001 2377 3196 2434 reddit.
3247 2378 3316 2433 Et
3355 2387 3437 2434 est
3490 2378 3664 2433 infans

2088 2469 2255 2524 instar
2278 2469 2473 2540 pontis.
2501 2469 2853 2538 Quamobrem
2878 2478 2985 2525 tres
3002 2470 3137 2525 fiunt
3160 2485 3259 2525 una
3289 2484 3437 2537 caro,
3468 2469 3667 2524 infante

2087 2563 2355 2634 utrimque
2394 2572 2646 2634 utrosque
2675 2565 3050 2634 conjungente.
3089 2563 3236 2621 Sicut
3277 2565 3419 2619 enim
3458 2565 3503 2619 si
3545 2579 3664 2619 cum

2086 2658 2208 2711 duae
2235 2657 2344 2711 sint
2364 2656 2624 2721 civitates,
2657 2665 2712 2711 et
2736 2654 2925 2710 ﬂuvius
2949 2670 3040 2711 eas
3068 2656 3287 2711 omnino
3314 2655 3532 2719 dividat,
3565 2672 3665 2710 una

2090 2749 2148 2804 fit
2172 2750 2361 2805 civitas
2388 2758 2549 2820 ponte
2590 2749 2857 2819 utrimque
2898 2749 3252 2818 conjungente
3287 2767 3300 2803 :
3334 2749 3405 2803 ita
3456 2757 3537 2802 est
3580 2748 3666 2804 hic

2087 2856 2324 2912 quoque,
2354 2849 2408 2896 et
2435 2843 2621 2913 magis,
2657 2840 2868 2911 quando
2896 2841 3008 2911 ipse
3040 2855 3172 2911 pons
3197 2852 3277 2896 est
3302 2856 3368 2896 ex
3395 2842 3668 2913 utriusque

2088 2933 2353 2999 essentia,
2384 2947 2448 2987 ea
2486 2933 2691 2988 ratione
2734 2942 2792 2987 ut
2817 2946 3011 3002 corpus
3050 2944 3104 2987 et
3145 2943 3302 3002 caput
3346 2933 3454 2987 sint
3504 2949 3665 2989 unum

2086 3040 2283 3094 corpus
2313 3042 2325 3078 :
2355 3026 2496 3080 collo
2521 3025 2661 3079 enim
2709 3025 2996 3091 dividitur;
3044 3024 3138 3079 sed
3182 3040 3287 3079 non
3316 3026 3482 3095 magis
3528 3026 3664 3081 divi-

2089 3118 2290 3171 duntur
2312 3132 2469 3187 quam
2496 3119 2888 3187 eonjuuguntur
2914 3118 2930 3149 ¹
2962 3138 2976 3174 :
3006 3133 3129 3171 natn
3149 3134 3267 3171 cum
3289 3120 3359 3172 sit
3387 3118 3617 3172 medium
3646 3159 3664 3184 ,

2090 3221 2374 3278 utrumque
2402 3208 2694 3278 coniungit.
2728 3209 2796 3262 Et
2822 3208 3041 3277 perinde
3071 3208 3128 3261 ﬁt
3156 3219 3210 3262 ut
3250 3210 3294 3263 si
3333 3210 3526 3265 chorus
3552 3211 3665 3265 dis-

2093 3309 2323 3362 tractus,
2369 3314 2471 3353 una
2518 3298 2733 3369 quidem
2772 3300 2886 3369 ejus
2920 3308 3071 3366 parte
3123 3300 3247 3355 hinc
3296 3312 3535 3370 accepta,
3584 3302 3664 3355 al-

2094 3400 2205 3445 tera
2253 3398 2431 3444 autem
2474 3404 2505 3444 a
2572 3389 2830 3455 dextera,
2887 3406 3050 3444 unum
3105 3391 3290 3446 fecerit
3334 3409 3347 3447 :
3392 3403 3483 3447 aut
3529 3394 3664 3449 sicut

2089 3482 2178 3552 qui
2224 3481 2418 3537 fuerint
2487 3483 2543 3537 in
2592 3498 2755 3537 unum
2807 3483 3102 3549 contracti,
3133 3485 3291 3539 etiam
3342 3499 3532 3539 manus
3572 3501 3663 3539 ex-

2092 3575 2370 3630 tendentes
2420 3584 2545 3630 sunt
2592 3590 2754 3629 unum
2798 3593 2812 3627 :
2851 3590 3042 3630 manus
3092 3576 3235 3630 enim
3277 3585 3510 3630 extensa:
3558 3592 3662 3629 non

2088 3668 2271 3723 sinunt
2298 3681 2419 3723 esse
2445 3667 2599 3722 duos.
2629 3666 2917 3738 Propterea
2948 3677 3135 3723 exacte
3162 3678 3216 3722 et
3239 3676 3483 3723 accurate
3508 3668 3661 3733 dixit,

2088 3776 2218 3827 non,
2248 3762 2416 3815 Erunt
2442 3774 2546 3814 una
2574 3774 2724 3825 caro,
2752 3760 2871 3827 sed,
2903 3759 2971 3813 1η
3008 3776 3161 3814 unam
3195 3777 3395 3815 carnem
3421 3802 3436 3827 ,
3471 3776 3664 3830 nempe

2086 3856 2154 3909 ab
2180 3854 2379 3909 infante
2425 3852 2716 3921 conjuncti.
2754 3852 2890 3920 Quid
2918 3868 3076 3919 vero,
3104 3853 3313 3922 quando
3359 3869 3461 3909 non
3507 3854 3664 3908 fuerit

2088 3946 2284 4010 infans,
2307 3962 2410 4000 non
2434 3956 2592 4000 erunt
2616 3945 2759 4000 duo?
2781 3946 2984 4011 Erunt;
3015 3947 3115 4001 hoc
3132 3947 3273 4001 enim
3301 3947 3425 4001 facit
3446 3948 3618 4001 coitus
3645 3964 3662 4003 ε

2084 4035 2364 4091 confundit
2398 4043 2454 4089 et;
2478 4037 2788 4090 commiscet
2829 4037 3107 4091 amborum
3152 4052 3398 4107 corpora,
3430 4047 3485 4091 et
3527 4039 3664 4092 sicut

2086 4128 2176 4198 qui
2205 4128 2256 4182 in
2279 4128 2454 4183 oleum
2490 4127 2671 4198 injecit
2696 4137 3044 4198 unguentum,
3087 4138 3254 4183 totum
3296 4128 3423 4183 facit
3451 4145 3615 4183 unum
3642 4145 3658 4182 ;

2087 4222 2158 4276 ita
2191 4221 2276 4276 hic
2302 4236 2532 4292 quoque.

2157 4314 2210 4368 6.
2252 4312 2375 4367 Scio
2426 4312 2621 4366 multos
2668 4311 2874 4382 pudore
2916 4310 3058 4366 afﬁci
3105 4312 3170 4367 iis
3199 4327 3317 4383 quae
3356 4311 3651 4377 dicuntur;

2089 4418 2245 4461 causa
2272 4414 2452 4461 autem
2483 4419 2673 4460 eorum
2716 4420 2836 4475 qua:
2866 4404 2975 4459 dixi
2999 4413 3082 4459 est
3110 4405 3276 4459 libido
3303 4414 3357 4459 et
3383 4404 3661 4473 impudici-

2088 4498 2182 4551 tia.
2224 4495 2377 4563 Quod
2422 4496 2501 4550 sic
2543 4495 2671 4549 fiant
2721 4497 2950 4564 nuptize,
2994 4497 3135 4565 quod
3174 4506 3584 4565 corrumpantur
3606 4505 3662 4549 et

2088 4589 2464 4658 depraventur,
2493 4586 2546 4641 id
2584 4602 2697 4641 rem
2727 4586 2901 4641 reddit
2934 4586 3173 4640 odiosam
3202 4602 3216 4639 :
3246 4586 3376 4640 Nam
3415 4585 3656 4639 Honora-

2088 4680 2209 4734 biles
2235 4688 2351 4734 sunt
2378 4680 2568 4749 nuptiae
2587 4718 2601 4745 ,
2634 4688 2679 4731 et
2718 4678 2884 4731 cubile
2911 4677 3299 4731 immaculatum
3348 4676 3536 4747 (Hebr.
3567 4678 3655 4731 l3.

2087 4770 2166 4842 4).
2195 4769 2331 4838 Quid
2374 4778 2427 4824 te
2475 4768 2635 4839 pudet
2674 4768 2788 4837 ejus
2833 4769 2973 4834 quod
3023 4779 3106 4823 est
3150 4769 3505 4824 honorabile?
3531 4770 3657 4839 quid

2088 4859 2361 4915 erubescis
2405 4859 2474 4913 ob
2518 4857 2571 4912 id
2603 4858 2745 4927 quod
2774 4867 2857 4912 est
2883 4859 3321 4912 immaculatum?
3371 4858 3495 4912 Haec
3537 4867 3661 4913 sunt

2090 4952 2495 5015 hereticorum;
2526 4950 2641 5003 huic
2669 4958 2794 5003 sunt
2822 4965 3009 5003 eorum
3047 4950 3139 5019 qui
3172 4949 3511 5005 introducunt
3549 4964 3662 5003 me-

2089 5046 2328 5100 retrices.
2379 5043 2672 5112 Propterea
2701 5041 2826 5095 volo
2855 5043 3030 5111 ipsum
3058 5055 3357 5111 expurgare
3386 5040 3661 5095 matrimo-

2089 5140 2257 5203 nium,
2292 5146 2348 5191 ut
2373 5136 2624 5190 reducam
2651 5138 2718 5190 ad
2740 5150 2889 5190 suam
2922 5137 3249 5192 nobilitatem
3270 5178 3287 5203 ,
3328 5146 3385 5191 ut
3412 5138 3658 5192 obturem

2089 5245 2182 5283 ora
2214 5229 2605 5283 haereticorum.
2659 5227 2865 5282 Probro
2895 5227 3142 5283 affectum
3185 5237 3267 5283 est
3303 5228 3395 5283 Dei
3425 5229 3657 5295 donum,

2089 5322 2243 5377 radix
2292 5330 2489 5375 nostra:
2541 5320 2903 5390 generationis
2955 5338 2969 5373 :
3020 5336 3143 5375 nam
3188 5322 3412 5376 multum
3459 5324 3566 5376 limi
3608 5332 3662 5377 et

2089 5414 2230 5468 casui
2262 5413 2510 5481 injectum
2535 5422 2619 5467 est
2642 5413 2825 5467 radici.
2868 5412 2980 5466 Hoc
3006 5429 3135 5483 ergo
3160 5415 3367 5470 ratione
3394 5430 3659 5485 expurge-

2090 5522 2208 5561 ntus
2252 5523 2265 5559 :
2305 5507 2564 5560 sustinete
2605 5507 2762 5576 igitur
2786 5522 3012 5577 parum;
3057 5523 3178 5562 nam
3219 5518 3273 5562 ct
3315 5509 3406 5578 qui
3448 5525 3658 5563 cmnum

2156 5619 2170 5647 ¹
2196 5616 2291 5685 Hic
2314 5616 2449 5666 locus
2465 5616 2535 5685 sic
2556 5615 2764 5685 habetur
2783 5619 2832 5685 in
2849 5619 3068 5685 margine
3092 5616 3367 5671 Savil.......
3404 5634 3464 5671 ea
3481 5621 3661 5671 ratione

2089 5686 2141 5729 ut
2164 5680 2323 5728 omnia
2363 5682 2575 5731 membra
2609 5680 2660 5731 in
2679 5682 2851 5733 ordine
2887 5682 2956 5731 ad
2978 5693 3119 5742 caput
3141 5690 3357 5743 cooptata
3392 5696 3537 5732 unum
3555 5687 3659 5743 sunt

2092 5754 2266 5811 corpus
2287 5744 2535 5811 ,quamvis
2555 5745 2678 5811 collo
2702 5744 3017 5794 dividantur:
3038 5741 3281 5805 siquidem
3305 5758 3396 5795 non
3422 5745 3576 5809 inagis
3613 5741 3657 5793 'ti

2096 5803 2375 5854 dividuntur
2398 5818 2543 5872 quam
2568 5803 2939 5870 eonjuuguntur,
2988 5812 3085 5856 etc.
