4128 6398
439 322 550 378 38'!

511 436 576 487 Δί
622 433 680 486 δέ
728 433 946 502 πόρναι,
972 430 1061 485 διὰ
1090 430 1175 497 τί;
1208 430 1337 484 Δέον
1365 430 1536 495 αὐτάς
1585 430 2026 500 ἐγκαλύπτεσθαι

437 526 567 578 ὅταν
590 523 768 593 γάμος
791 519 849 594 ᾗ,
885 520 1003 573 δέον
1027 520 1199 584 αύτάς
1227 520 1659 592 κατορύττεσθαι
1695 520 1895 590 (φθορά
1922 519 2031 591 γὰρ

417 614 621 681 ογάμου
648 610 917 681 πορνεία),
942 610 1106 680 ἡμεῖς
1148 608 1203 662 δὲ
1250 608 1459 678 ἄγομεν
1486 607 1657 671 αύτάς
1689 610 1768 672 εἰς
1794 608 2028 678 γάμους.

440 700 553 753 Καὶ
594 701 724 753 ὅταν
761 699 860 770 μέν
892 715 945 752 τι
982 696 1196 767 ποιῆτε,
1228 697 1324 750 καὶ
1355 695 1520 767 μέχρι
1572 697 1821 767 ῥήματος
1854 695 2033 748 οἰωνί-

441 788 601 854 ζεσθε
622 787 691 840 τά
721 786 971 842 ἐναντίαο
999 780 1131 849 οἷον,
1157 785 1286 838 ὅταν
1318 784 1571 858 σπείρης,
1594 785 1723 837 ὅταν
1752 782 2034 853 ἀπαντλῇς

440 877 552 929 τῶν
578 874 886 946 ὑποληνίων
915 874 1005 927 τὸν
1037 869 1204 938 οἶνον,
1241 871 1313 925 τά
1339 872 1523 943 ὀξίνην
1559 870 1897 943 σημαίνοντα
1920 869 2031 924 οὐδ’

441 965 509 1020 ἂν
555 963 900 1037 ἀποκρίνοιο·
930 961 1165 1016 ἐνταῦθα
1210 960 1267 1014 δὲ
1332 958 1689 1033 σωφροσύνης
1719 958 2032 1029 γινομένης,

443 1053 766 1122 ἐπεισάγετε
803 1051 903 1123 τὴν
945 1051 1163 1121 όξίνηνς
1195 1051 1354 1103 τοῦτο
1386 1048 1495 1120 γάρ
1544 1050 1578 1119 ἡ
1634 1048 1834 1121 πόρνη.
1863 1047 2034 1100 Ὅταν

447 1140 618 1213 μύρον
670 1137 1140 1208 κατασκευάζητε,
1184 1136 1338 1190 οὐδὲν
1384 1136 1619 1199 δυσῶδες
1658 1135 1851 1205 ἀφίετε
1895 1134 2034 1204 πλη-

447 1212 675 1293 σιάζειν.
722 1227 911 1297 Μύρον
967 1226 1115 1280 ἐστὶν
1165 1225 1194 1277 6
1228 1225 1437 1294 γάμος’
1465 1225 1520 1278 τί
1558 1222 1741 1278 τοίνυν
1784 1224 1884 1296 τὴν
1937 1212 2034 1276 τοῦ

447 1316 711 1390 βορϐόρου
760 1315 1025 1370 δυσωδίαν
1072 1314 1393 1384 ὲπεισάγεις
1432 1315 1499 1385 τῇ
1556 1313 1653 1367 τοῦ
1709 1313 1882 1385 μύρου
1934 1330 2035 1367 κα·-

444 1408 724 1477 τασκευῇ;
759 1405 824 1456 Τί
870 1405 1084 1473 λέγεις;
1117 1404 1361 1475 ὀρχεῖται
1393 1405 1426 1474 ἡ
1476 1403 1763 1473 παρθένος,
1798 1402 1891 1455 καὶ
1935 1402 2037 1455 οὐκ

446 1492 767 1563 αἰσχύνεται
805 1490 905 1562 τὴν
957 1490 1227 1561 ὁμήλικα;
1265 1490 1486 1562 Ταύτης
1539 1490 1649 1561 γάρ
1702 1489 2037 1561 σεμνοτέραν

447 1582 618 1652 αὐτὴν
647 1576 789 1634 εἶναι
819 1581 929 1633 δεῖσ
958 1581 1018 1644 ἐξ
1063 1580 1311 1648 ἀγκάλης
1355 1596 1442 1647 γε,
1468 1579 1569 1631 οὐκ
1602 1580 1665 1630 ἐκ
1698 1577 2037 1648 παλαίστρας

447 1669 660 1738 ἐξῆλθε.
691 1668 983 1722 Φαίνεσθαι
1026 1667 1132 1740 γὰρ
1157 1667 1297 1730 ὅλως
1323 1668 1381 1720 ἐν
1404 1668 1605 1737 γάμοις
1638 1664 1738 1736 τὴν
1768 1663 2038 1737 παρθένον

447 1756 511 1809 οὐ
532 1756 633 1809 δεῖ.

524 1842 673 1917 [419]
695 1848 758 1898 ε’.
790 1842 1048 1914 Ούχόρᾲς
1077 1842 1136 1894 ἐν
1169 1844 1281 1904 τοῖς
1303 1840 1616 1911 βασιλείοις,
1638 1841 1721 1894 ὃτι
1753 1841 1801 1893 οἰ
1822 1839 1920 1911 μὲν
1945 1857 2036 1893 τε·-

449 1932 741 2003 τιμημένοι
769 1929 916 1984 ἔνδον
944 1931 1075 2001 ’περί⁵
1102 1929 1195 1984 τὸν
1227 1929 1453 2001 βασιλέα
1490 1929 1651 1994 εἰσὶν,
1681 1929 1731 1980 οἱ
1762 1928 1820 1981 δὲ
1851 1927 2039 1999 ἄτιμοι

451 2021 583 2085 ἔξω;
602 2020 712 2073 Καὶ
739 2021 802 2073 σὺ
832 2018 981 2072 ένδον
1013 2018 1104 2072 έσο
1128 2020 1258 2091 περί⁵
1282 2017 1382 2089 τὴν
1411 2015 1652 2087 νύμφην.
1684 2015 1845 2068 Ἀλλά
1878 2016 2039 2084 ἁγνὸς

454 2110 586 2180 μένε
616 2108 712 2163 ἐπὶ
738 2108 838 2179 τῆς
883 2108 1093 2172 οἰκίας·
1127 2107 1202 2179 μὴ
1232 2109 1553 2175 ἐκπόμπευε
1586 2106 1688 2175 τὴν
1717 2104 2036 2174 παρθενίαν.

451 2197 812 2268 Παρέστηκεν
863 2196 1128 2267 ἑκάτερος
1168 2196 1197 2246 6
1242 2195 1424 2265 χορὸς,
1459 2196 1488 2247 ὁ
1535 2193 1634 2264 μὲν
1675 2192 1794 2246 οἵαν
1838 2192 2043 2245 διδόασι

451 2285 686 2347 δεικνὺς,
715 2284 744 2336 6
769 2283 825 2335 δέ
858 2282 945 2336 ἴνα
972 2281 1177 2352 ταύτην
1209 2281 1548 2351 φυλάττωσι·
1573 2281 1626 2334 τί
1660 2279 2044 2351 καταισχύνεις

452 2371 551 2442 τὴν
584 2369 884 2442 παρθενίαν
906 2386 920 2435 ;
946 2371 1007 2422 Εἰ
1035 2370 1144 2439 γὰρ
1178 2370 1242 2421 σὺ
1272 2368 1518 2439 τοιαύτη,
1549 2367 1776 2421 τοιαῦτα
1800 2368 2046 2439 καὶπερὶ

455 2458 673 2529 ἐκείνης
700 2461 727 2511 6
755 2458 985 2528 νυμφίος
1016 2455 1378 2510 ὑποπτεύσειο
1407 2458 1456 2509 εἰ
1486 2456 1551 2508 σὺ
1584 2455 1814 2527 ἐρᾶσθαι
1846 2454 2041 2518 θέλεις,

458 2547 864 2611 παντοπώλιδος
914 2549 1009 2601 καὶ
1064 2545 1497 2617 λαχανοπώλιδος
1561 2546 1657 2598 καὶ
1712 2544 2045 2616 δημιουργοῦ

457 2637 650 2691 ταῦτα.
690 2637 803 2690 Ούκ
850 2635 966 2689 ἐστι
1019 2634 1196 2688 ταῦτα
1242 2632 1509 2704 αἰσχύνης
1543 2632 1785 2703 Αἰσχύνη
1836 2635 1954 2687 ἐστὶ
1986 2633 2048 2686 :6

458 2726 809 2795 ἀσχημονεῖν,
850 2724 954 2776 κάν
976 2721 1240 2792 βασιλέως
1263 2717 1581 2795 θυγάτηρ
1596 2722 1687 2791 Μὴ
1703 2722 1812 2793 γὰρ
1832 2723 1866 2793 ἡ
1890 2721 2051 2775 πενία

459 2813 688 2879 κωλύει;
718 2813 793 2883 μὴ
816 2810 926 2883 γὰρ
951 2811 1012 2864 τὸ
1039 2809 1407 2882 ἐπιτήδευμα;
1431 2809 1554 2863 Κᾶν
1574 2809 1735 2882 δούλη
1758 2805 1893 2882 τιςῇ
1915 2826 2051 2880 παρ-

461 2901 634 2965 θένος,
654 2901 710 2953 ἐν
728 2899 1054 2971 σωφροσύνῃ
1074 2898 1311 2969 μενέτωο
1342 2898 1439 2951 Ἐν
1454 2896 1563 2969 γὰρ
1588 2896 1818 2968 Χριστῷ
1847 2897 2050 2967 Ἰησοῦ

460 2990 599 3043 οὔτε
625 2988 869 3053 δοῦλος,
891 2987 1030 3042 οὔτε
1050 2987 1389 3056 ἐλεύθερος.
1407 2984 1500 3057 Μὴ
1528 2985 1636 3057 γὰρ
1659 2985 1883 3055 θέατρόν
1905 2987 2052 3038 ἐστιν

384 3110 389 3111 ν
460 3080 489 3132 6
518 3079 723 3149 γάμος;
754 3076 1073 3149 Μυστήριόν
1116 3078 1256 3139 ἐστι,
1285 3076 1381 3129 καὶ
1419 3075 1589 3138 τύπος
1636 3074 1876 3146 μεγάλου
1907 3075 2052 3145 πρά-

461 3183 703 3237 γματος·
735 3165 837 3219 κᾶν
879 3164 1012 3217 αὐτὸ
1040 3163 1115 3236 μὴ
1143 3163 1287 3235 αἰδῇ,
1316 3161 1598 3233 αἰδέσθητι
1627 3156 1687 3217 οὗ
1708 3162 1878 3225 τύπος
1912 3162 2049 3216 ἐστί.

468 3255 542 3307 T6
577 3251 916 3324 μυστήριον
958 3251 1157 3316 τοῦτο,
1194 3251 1349 3322 φησὶ,
1392 3250 1549 3320 μέγα
1590 3250 1796 3304 ἐστίν·
1827 3249 1942 3320 ἐγὼ
1985 3248 2055 3302 δὲ

462 3344 619 3411 λέγω
672 3343 759 3407 εὶς
815 3342 1097 3409 Χριστὸν,
1123 3338 1221 3393 καὶ
1250 3341 1337 3405 εἰς
1370 3338 1488 3406 τὴν
1529 3338 1915 3407 Ἐκκλησίαν.
1943 3338 2056 3408 Τῆς

478 3430 805 3500 Ἐκκλησίας
834 3429 1005 3492 τύπος
1034 3430 1154 3481 ἐστὶ
1184 3429 1282 3482 καὶ
1308 3426 1402 3480 τοῦ
1435 3425 1697 3496 Χριστοῦ,
1726 3427 1821 3481 καὶ
1851 3426 2057 3498 πόρνας

468 3520 739 3587 εἰσάγεις;
761 3519 857 3570 Ἂν
879 3516 1087 3579 τοίνυν,
1117 3515 1274 3586 φησι,
1309 3516 1447 3586 μήτε
1476 3513 1735 3586 παρθένοι
1760 3513 2053 3585 ὀρχῶνται,

473 3611 609 3679 μήτε
634 3606 1044 3677 γεγαμημέναι,
1067 3605 1151 3668 τίς
1176 3605 1476 3676 ὀρχήσεται
1497 3621 1511 3669 ;
1530 3604 1735 3672 Μηδείς
1756 3619 1769 3632 ·
1798 3604 1925 3655 ποία
1947 3602 2056 3674 γὰρ

467 3698 750 3770 ὀρχήσεως
777 3696 990 3764 ἀνάγκη
1012 3710 1027 3759 ;
1056 3693 1145 3746 Ἐν
1168 3694 1282 3756 τοῖς
1300 3687 1410 3745 τῶν
1434 3691 1703 3761 Ἑλλήνων
1736 3690 2058 3761 μυστηρίοις

469 3786 531 3839 αἰ·
553 3785 829 3857 ὀρχήσεις,
850 3785 907 3835 ἐν
934 3782 993 3835 δὲ
1012 3783 1127 3845 τοῖς
1152 3779 1445 3851 ἡμετέροις
1482 3779 1609 3849 σιγὴ
1640 3778 1736 3831 καὶ
1762 3777 2053 3847 εὐκοσμία,

470 3874 635 3938 αἰδὼς
664 3873 759 3927 καὶ
783 3870 1116 3939 καταστολὴ.
1143 3869 1337 3939 Μυστή
1348 3884 1460 3939 ριον
1488 3866 1721 3920 τελεῖται
1754 3866 1925 3936 μέγα·
1951 3864 2056 3928 ἔξω

472 3966 529 4019 αἰ
559 3962 778 4033 πόρναι,
796 3958 902 4023 ἔξω
923 3960 973 4011 οἰ
1001 3956 1242 4030 βέϐηλοι.
1274 3956 1402 4019 Πῶς
1429 3953 1730 4026 μυστήριόν
1748 3955 1892 4020 ἐστι;
1924 3954 2057 4005 Συν-

472 4050 760 4121 έρχονται,
817 4045 911 4099 καὶ
951 4043 1201 4099 ποιοῦσιν
1240 4045 1292 4096 οἰ
1324 4042 1417 4095 δύο
1446 4042 1562 4097 ἕνα.
1599 4040 1700 4095 Διά
1724 4041 1801 4105 τί,
1840 4041 1929 4094 ὅτε
1959 4040 2058 4111 μὲν

472 4138 667 4208 εἰσῄει,
703 4134 804 4188 οὐκ
836 4133 1088 4204 ὀρχησις,
1118 4132 1181 4185 οὐ
1211 4130 1494 4202 κύμϐαλα,
1527 4130 1665 4185 ἀλλά
1699 4127 1869 4200 πολλὴ
1908 4128 2055 4200 σιγὴ,

473 4225 646 4298 πολλὴ
673 4222 900 4296 ἡσυχία·
930 4223 1059 4275 ὅταν
1086 4220 1143 4275 δὲ
1178 4219 1452 4287 συνίωσιν,
1484 4220 1586 4273 οὐκ
1614 4219 1800 4273 είκόνα
1829 4216 2055 4289 ἄψυχον,

471 4314 595 4369 οὐδὲ
623 4313 809 4367 εἰκόνα
848 4311 995 4374 τινὸς
1018 4310 1128 4365 τῶν
1158 4309 1253 4362 ἐπὶ
1282 4307 1408 4379 γῆς,
1437 4306 1553 4362 ἀλλ’
1590 4304 1754 4360 αὐτοῦ
1781 4304 2060 4367 ποιοῦντες

472 4403 570 4458 τοῦ
604 4402 762 4467 Θεοῦ,
789 4400 1045 4454 τοσοῦτον
1090 4397 1409 4465 ἐπεισάγεις
1448 4394 1697 4467 θόρυϐον,
1730 4394 1825 4448 καὶ
1860 4392 2063 4463 ταράτ-

475 4510 589 4557 τεις
612 4493 740 4556 τοὺς
772 4491 933 4555 ὄντας
953 4502 1003 4556 α,
1031 4488 1128 4543 κα)⁹
1163 4486 1442 4558 αἰσχύνεις
1470 4486 1571 4556 τὴν
1615 4482 1815 4555 ψυχὴν,
1842 4482 1938 4537 καὶ
1969 4482 2060 4536 θο-

478 4581 690 4652 ρυϐεῖς;
719 4579 1013 4651 Ἔρχονται
1043 4575 1101 4629 ἓν
1124 4575 1283 4647 σῶμα
1315 4573 1694 4645 γενησόμενοι.
1731 4571 1862 4625 Ἰδοὺ
1898 4570 2060 4624 πάλιν

473 4670 697 4740 ἀγάπης
735 4670 1053 4740 μυστήριον.
1091 4667 1187 4720 “Av
1214 4666 1264 4717 οἰ
1300 4664 1394 4717 δύο
1426 4663 1501 4734 μὴ
1547 4661 1812 4730 γένωνται
1852 4659 1931 4725 ἓν,
1958 4659 2060 4713 οὐκ

475 4758 801 4830 ἐργάζονται
832 4754 1083 4819 πολλοὺς,
1107 4752 1212 4816 ἕως
1241 4749 1308 4805 ἂν
1334 4750 1428 4803 δύο
1462 4748 1694 4820 μένωσιν
1711 4763 1725 4777 ·
1747 4748 1875 4800 ὅταν
1902 4746 1959 4799 δὲ
1980 4748 2059 4810 εἰς

476 4846 704 4917 ἑνότητα
735 4843 951 4905 ἔλθωσι,
975 4840 1099 4893 τότε
1129 4839 1472 4911 ἐργάζονται.
1491 4836 1556 4889 Τί
1583 4834 1926 4906 μανθάνομεν
1951 4833 2061 4888 ἀπὸ

475 4938 698 5001 τούτου;
733 4934 857 4985 Ὅτι
892 4929 1063 5001 πολλὴ
1091 4930 1189 5001 τῆς
1217 4929 1463 4991 ένώσεως
1506 4929 1540 4997 ἡ
1573 4924 1745 4995 ἰσχύς.
1779 4924 1852 4977 Τὸ
1885 4924 2059 4995 εύμή-

477 5041 640 5095 χανον
665 5020 759 5075 τοῦ
788 5018 923 5073 Θεοῦ
946 5018 1037 5071 τὸν
1059 5016 1156 5069 ἕνα
1185 5018 1263 5080 εἰς
1284 5015 1377 5068 δύο
1391 5014 1552 5068 διεῖλε
1570 5014 1722 5084 παρά
1735 5013 1834 5083 τὴν
1860 5012 2055 5082 ἀρχὴν,

475 5114 569 5167 καὶ
597 5111 767 5165 θέλων
788 5108 957 5172 δεῖξαι
972 5106 1053 5159 ὅτι
1079 5105 1215 5176 μετὰ
1237 5106 1296 5157 τὸ
1310 5103 1653 5173 διαιρεθῆναι
1670 5103 1763 5156 καί
1778 5096 1860 5165 εἷς
1886 5101 2057 5171 μένει,

476 5201 577 5254 οὐκ
606 5200 818 5269 ἀφῆκεν
847 5197 944 5249 ἕνα
978 5194 1170 5265 ἀρκεῖν
1204 5192 1340 5265 πρὸς
1387 5192 1484 5263 τὴν
1513 5192 1789 5262 γέννησιν.
1840 5190 1915 5242 Ού
1950 5187 2062 5259 γὰρ

478 5291 626 5341 ἐστιν
660 5280 737 5349 εἷς
770 5282 845 5356 [6]
869 5282 1101 5345 ούδέπω,
1132 5280 1248 5334 ἀλλ’
1276 5281 1445 5351 ἣμισυ
1469 5278 1561 5332 τοῦ
1593 5279 1731 5342 ἐνός·
1758 5278 1851 5332 καὶ
1880 5276 2060 5350 δῆλον,

475 5376 557 5429 ὅτι
592 5374 653 5427 οὐ
685 5372 1013 5434 παιδοποιεῖ,
1041 5368 1296 5438 καθάπερ
1325 5368 1421 5421 καὶ
1451 5367 1740 5440 πρότερον.
1779 5361 1933 5428 Εἶδες
1964 5364 2061 5418 τοῦ

477 5464 659 5531 γάμου
681 5460 742 5514 :6
773 5459 1097 5530 μυστήριον;
1126 5455 1410 5527 Ἐποίησεν
1434 5455 1493 5519 ἐξ
1513 5454 1629 5516 ἐνὸς
1653 5454 1768 5519 ἕνα,
1786 5455 1879 5507 καὶ
1900 5452 2063 5506 πάλιν

481 5552 608 5612 τοὺς
638 5549 732 5602 δύο
760 5546 982 5609 τούτους
1012 5544 1109 5597 ἕνα
1141 5543 1380 5615 ποιήσας
1421 5540 1566 5595 οὕτω
1594 5544 1741 5595 ποιεῖ
1767 5541 1892 5594 ἒναο
1921 5541 2063 5595 ὥστε

481 5638 576 5693 καὶ
619 5636 714 5690 νῦν
756 5635 816 5700 ἐξ
863 5634 981 5696 ἐνὸς
1007 5633 1249 5687 τίκτεται
1279 5630 1584 5703 ἄνθρωπος.
1618 5630 1762 5701 Γυνὴ
1802 5631 1911 5703 γὰρ
1967 5628 2064 5683 καὶ⁴

549 5778 574 5808 ⁶
598 5774 786 5827 Damno
807 5772 1076 5838 legendum
1096 5770 1294 5824 videtur
1320 5769 1428 5827 τοὺς
1448 5767 1693 5823 συνόντας.

1317 312 1383 368 ΙΝ
1426 311 1647 370 EPIST.
1672 300 1767 367 AD
1803 312 2093 374 COLOSS.
2125 317 2281 376 CAP.
2322 315 2414 375 IV.
2445 317 2680 374 IIOMIL.
2722 318 2839 375 XII.

3618 312 3723 371 588

2138 432 2279 505 ἀνὴρ
2311 434 2413 487 ούκ
2450 434 2589 488 εἰσὶν
2624 433 2903 506 ἅνθρωποι
2949 431 3063 494 δύο,
3114 430 3233 486 ἀλλ’
3282 428 3569 500 ἄνθρωπος
3605 423 3722 489 εἶς’

2137 522 2231 574 καὶ
2262 522 2438 594 παρὸν
2473 522 2568 576 καὶ
2617 521 2949 592 πολλαχόθεν
2996 520 3129 575 αὐτὸ
3176 515 3579 582 πιστώσασθαι,
3609 509 3723 568 οἷον

2135 610 2244 664 ἀπὸ
2293 611 2386 664 τοῦ
2429 610 2711 676 Ἰακώϐου,
2743 612 2852 665 ἀπὸ
2888 612 2987 681 τῆς
3014 609 3234 681 Μαρίας
3266 608 3365 677 τῆς
3394 604 3599 678 μητρὸς
3626 601 3723 657 τοῦ

2135 698 2394 769 Χριστοῦ,
2410 698 2517 751 ἀπὸ
2536 698 2631 752 τοῦ
2658 699 2860 769 λέγειν·
2882 700 3107 768 Ἀρσεν
3129 698 3226 751 καὶ
3245 694 3401 763 θῆλυ
3430 695 3726 761 ἐποίησεν

2135 788 2377 850 αὐτούς.
2402 788 2465 840 Εἰ
2496 789 2525 840 6
2563 788 2662 857 μὲν
2693 787 2926 858 κεφαλὴ,
2952 790 2986 858 ἡ
3018 787 3074 841 δέ
3107 786 3285 856 σῶμα,
3319 783 3437 846 πῶς
3469 782 3595 848 δύο;
3625 780 3724 834 Διά

2135 875 2294 929 τοῦτο
2322 878 2355 947 ἠ
2398 876 2497 947 μὲν
2533 876 2798 948 μαθητοῦ,
2829 879 2856 929 6
2884 877 2941 929 δέ
2970 875 3293 929 διδασκάλου
3324 873 3478 939 τάξιν
3504 871 3722 941 ἐπέχει’

2136 967 2164 1019 6
2196 966 2295 1036 μὲν
2341 966 2621 1036 ἄρχοντος,
2651 967 2684 1036 ἡ
2715 967 2772 1019 δὲ
2804 965 3135 1035 ἀρχομένης.
3169 965 3278 1017 Καὶ
3311 963 3404 1016 ἀπ’
3454 961 3626 1032 αὐτῆς
3666 958 3725 1012 δέ

2135 1056 2235 1125 τῆς
2262 1054 2356 1109 τοῦ
2380 1054 2630 1126 σώματος
2659 1055 3000 1119 διαπλάσεως
3021 1057 3123 1109 ῖδοι
3144 1072 3226 1118 τις
3246 1054 3332 1116 ἂν,
3349 1054 3431 1105 ὅτι
3450 1052 3508 1104 ’ἐν
3547 1051 3687 1103 εἰσιν
3704 1063 3721 1080 ·

2137 1143 2247 1197 ἀπὸ
2271 1144 2380 1214 γὰρ
2406 1144 2505 1213 τῆς
2544 1142 2694 1215 [4‘20]
2733 1144 2974 1215 πλευρᾶς
3006 1144 3215 1211 γέγονε,
3244 1142 3336 1194 καὶ
3368 1136 3724 1211 ῶσπερ’ήμί-

2138 1249 2282 1300 τομα
2317 1231 2411 1285 δύο
2441 1232 2567 1285 είσί,
2591 1232 2689 1285 Διά
2713 1231 2870 1285 τοῦτο
2900 1231 2994 1284 καὶ
3023 1230 3215 1301 βοηθὸν
3251 1229 3427 1291 καλεῖ,
3463 1228 3550 1280 ἵνα
3573 1224 3726 1296 δείξῃ

2138 1321 2220 1373 ὃτι
2246 1320 2305 1371 ’έν
2327 1321 2433 1371 εἰσι
2455 1335 2468 1349 ⁸
2501 1319 2590 1372 διὰ
2616 1318 2772 1373 τοῦτο
2793 1320 2887 1373 καὶ
2919 1319 3124 1389 πατρὸς
3147 1318 3240 1371 καὶ
3261 1317 3467 1388 μητρὸς
3482 1314 3728 1385 προτιμᾷ

2138 1412 2237 1479 τὴν
2272 1410 2606 1479 συνοίκησιν,
2638 1410 2727 1463 ἵνα
2756 1409 2906 1482 δείξῃ
2943 1409 3023 1461 ὅτι
3054 1408 3109 1459 ἓν
3144 1409 3272 1460 εἰσι.
3325 1406 3433 1459 Καὶ
3485 1405 3514 1456 6
3545 1403 3726 1473 πατὴρ

2139 1497 2341 1568 ὁμοίως
2370 1498 2552 1568 χαίρει
2581 1499 2675 1551 καὶ
2708 1497 2977 1569 θυγατρὸς
3018 1497 3113 1549 καὶ
3138 1494 3256 1548 υίοῦ
3283 1492 3627 1564 γαμούντων,
3650 1490 3727 1554 ὡς

2140 1564 2279 1656 πρὸς
2324 1564 2521 1638 οἰκεῖον
2569 1585 2728 1656 μέλος
2772 1564 3134 1655 ἐπειγομένου
3172 1582 3267 1636 τοῦ
3319 1579 3605 1650 σώματος·
3631 1564 3769 1631 καὶί

2138 1672 2375 1743 τοσαύτη
2413 1674 2625 1745 δαπάνη
2662 1673 2867 1743 γίνεται
2912 1673 3008 1726 καὶ
3054 1672 3357 1744 χρημάτων
3405 1667 3727 1730 ἐλάττωσις,

2140 1762 2236 1814 καὶ
2283 1762 2433 1832 ὅμως
2479 1761 2581 1815 οὐκ
2631 1762 2886 1832 ἀνέχεται
2932 1761 3147 1831 ἄγαμον
3200 1757 3482 1829 περιορᾷν.
3516 1756 3731 1824 Ὥσπερ

2141 1852 2252 1920 γάρ
2301 1849 2713 1921 ἀπεσχισμένης
2752 1850 2889 1920 αὐτῇ
2936 1850 3037 1919 τῆς
3086 1846 3311 1916 σαρκὸς,
3346 1842 3541 1915 ἀτελὴς
3592 1842 3730 1912 πρὸς

2143 1935 2490 1991 παιδοποιίαν
2521 1936 2801 2005 ἑκάτερος,
2832 1936 3030 2005 ἀτελής
3061 1936 3179 1987 ἐστι
3213 1933 3347 2005 πρὸς
3378 1931 3493 2002 βίου
3529 1928 3729 1983 σύστα-

2145 2041 2229 2077 σιν
2250 2023 2344 2077 τοῦ
2377 2026 2644 2094 παρόντος
2671 2024 2953 2093 ἑκάτερος.
2973 2021 3072 2075 Διά
3094 2020 3253 2074 τοῦτο
3277 2018 3369 2072 καὶ
3394 2021 3422 2071 6
3442 2016 3731 2088 προφήτης

2142 2112 2330 2184 φησίψ
2362 2112 2733 2180 ’Υπόλειμμα
2781 2111 3123 2179 πνεύματός
3173 2123 3311 2161 σου.
3346 2105 3470 2167 Πῶς
3530 2103 3589 2157 δὲ
3636 2101 3733 2157 καὶ

2142 2200 2387 2269 γίνονται
2431 2200 2511 2264 είς
2563 2199 2746 2269 σάρκα
2798 2197 2960 2268 μίαν;
2993 2196 3262 2263 Καθάπερ
3292 2190 3497 2265 χρυσοῦ
3535 2190 3597 2244 :6
3632 2207 3733 2244 κα-

2145 2287 2459 2359 θαρώτατον
2509 2285 2575 2341 ἂν
2608 2286 2815 2359 ἀφέλῃς
2846 2284 2940 2339 καὶ
2986 2284 3162 2353 ἑτέρῳ
3208 2280 3482 2353 ἀναμίξῃς
3521 2277 3732 2349 χρυσῷ,

2143 2375 2288 2431 οὕτω
2316 2376 2382 2448 δὴ
2423 2374 2518 2429 καί⁵
2559 2373 2818 2437 ἐνταῦθα,
2847 2373 2910 2425 :6
2958 2373 3216 2426 πιότατον
3264 2371 3361 2438 τῆς
3387 2370 3583 2439 ἡδονῆς
3622 2385 3735 2438 χω-

2144 2466 2409 2536 νευούσης
2456 2467 2490 2536 ἡ
2524 2467 2663 2537 γυνὴ
2713 2462 2981 2535 δεχομένη
3014 2463 3204 2532 τρέφει
3254 2461 3350 2529 καὶ
3388 2458 3605 2522 θάλπει,
3639 2456 3736 2509 καὶ

2144 2554 2215 2609 τά
2247 2555 2379 2625 παρ’
2420 2553 2622 2622 ἑαυτῆς
2650 2551 3177 2621 συνεισενεγκαμένη
3216 2548 3386 2620 ἄνδρα
3418 2545 3733 2600 ἀποδίδωσι.

2146 2644 2260 2698 Καὶ
2287 2642 2504 2717 γέφυρά
2527 2640 2611 2705 τίς
2643 2642 2761 2693 ἐστι
2793 2641 2855 2693 :6
2883 2639 3115 2692 παιδίον.
3151 2639 3313 2693 Ὥστε
3343 2636 3393 2688 οἱ
3420 2637 3569 2705 τρεῖς
3599 2632 3735 2704 σὰρξ

2147 2736 2387 2807 γίνονται
2418 2736 2539 2807 μία,
2568 2733 2665 2788 τοῦ
2697 2731 2885 2794 παιδὸς
2923 2726 3264 2798 ἑκατέρωθεν
3288 2722 3584 2794 ἑκατέρους
3614 2739 3737 2775 συν-

2151 2825 2438 2887 ἅπτοντος.
2473 2823 2687 2891 Ὥσπερ
2730 2819 2839 2891 γὰρ
2899 2819 2948 2870 εἰ
2997 2816 3092 2870 δύο
3136 2814 3345 2867 πόλεων
3394 2809 3591 2875 οὐσῶν,
3638 2808 3737 2863 καὶ

2151 2911 2398 2984 ποταμοῦ
2437 2909 2610 2964 διόλου
2642 2907 3003 2979 διαιροῦντος,
3052 2903 3149 2974 μία
3187 2901 3397 2970 γίνεται
3432 2899 3607 2965 πόλις,
3631 2914 3737 2984 ,γε-

2151 2976 2331 3074 φύρας
2361 3000 2702 3072 ἑκατέρωθεν
2733 2976 3044 3065 ἀπτομένης
3068 3010 3080 3021 ·
3104 2990 3277 3055 οὕτως
3308 2990 3457 3043 ἐστίν
3479 2976 3734 3050 ἐνταῦθα,

2150 3091 2248 3144 καὶ
2299 3089 2494 3142 πλέον·
2532 3086 2671 3157 αὐτὴ
2719 3084 2829 3153 γὰρ
2870 3081 3151 3152 ἡγέφυρα
3204 3079 3268 3130 ἐκ
3311 3075 3412 3143 τῆς
3462 3074 3738 3144 ἑκατέρων

2150 3178 2360 3240 οὐσίας.
2394 3176 2503 3228 Καὶ
2545 3174 2623 3244 τῷ
2671 3173 2816 3242 λόγῳ
2863 3172 3038 3236 τούτῳ
3071 3167 3130 3219 ἓν
3166 3168 3326 3226 εἰσιν,
3360 3164 3435 3225 ὡς
3479 3164 3538 3215 τὸ
3578 3163 3739 3232 σῶμα

2151 3266 2246 3320 καὶ
2275 3261 2487 3333 κεφαλὴ
2522 3260 2581 3313 ἓν
2627 3260 2787 3327 σῶμα
2808 3275 2820 3288 ο
2850 3256 2928 3326 τῷ
2960 3257 3070 3326 γάρ
3117 3253 3371 3325 τραχήλῳ
3410 3250 3700 3323 διαιρεῖται
3720 3265 3733 3276 ·

2153 3355 2270 3410 ἀλλ’
2298 3354 2358 3406 οὐ
2402 3348 2735 3420 διαιροῦνται
2761 3346 2790 3386 ι)
2822 3346 3041 3415 μᾶλλον,
3076 3343 3109 3413 ἢ
3144 3342 3538 3394 συνάπτονται·
3575 3338 3739 3408 μέσος

2154 3444 2263 3515 γάρ
2280 3441 2355 3494 ῶν
2368 3439 2662 3511 ἑκατέρους
2685 3435 2906 3502 συνάγει
2928 3449 2941 3463 ’
2966 3432 3059 3486 καὶ
3083 3431 3279 3483 ταυτὸν
3298 3429 3531 3497 γίνεται,
3549 3426 3737 3498 ὥσπερ

2155 3532 2222 3586 ἂν
2253 3532 2302 3583 εἰ
2354 3526 2515 3599 χορὸς
2556 3522 2956 3591 διεσπασμένος
3001 3519 3062 3572 :6
3113 3518 3212 3589 μὲν
3242 3518 3299 3569 ἓν
3348 3515 3514 3569 αὐτοῦ
3574 3517 3738 3586 μέρος

2156 3616 2405 3673 ἐντεῦθεν
2461 3611 2663 3677 λαϐὼν,
2713 3610 2775 3663 τὸ
2820 3609 2877 3662 δὲ
2920 3608 3106 3677 ἕτερον
3157 3607 3222 3658 ἐκ
3268 3604 3369 3674 τῆς
3410 3602 3612 3667 δεξιᾶς,
3642 3602 3740 3655 ἕνα

2158 3710 2467 3778 ποιήσειεν·
2496 3705 2529 3776 ἢ
2559 3704 2749 3772 ὥσπερ
2776 3702 2825 3753 οί
2877 3696 3298 3766 συνεσταλμένοι
3331 3687 3479 3747 οῦτοι
3515 3693 3611 3745 καὶ
3640 3692 3741 3753 τάς

2156 3800 2343 3869 χεῖρας
2378 3792 2712 3852 ἐκτείνοντες
2744 3788 2801 3842 ἓν
2855 3787 3125 3856 γίνονται·
3164 3785 3220 3837 αί
3268 3784 3377 3854 γὰρ
3417 3785 3599 3869 χεῖρες
3649 3782 3740 3869 ἐκί-

2156 3867 2427 3947 ταθεῖσαι,
2458 3881 2560 3934 οὐκ
2595 3878 2819 3946 ἀφιᾶσιν
2849 3871 2991 3927 εἶναι
3020 3872 3132 3925 δύο.
3168 3871 3267 3924 Διά
3298 3869 3458 3923 τοῦτο
3485 3867 3616 3937 γοῦν
3647 3868 3742 3921 καὶ

2157 3969 2403 4043 ἀκριϐῶς
2436 3964 2611 4030 εἶπεν,
2643 3964 2766 4030 οὐκ,
2816 3964 3071 4015 Ἔσονται
3126 3960 3226 4030 μία
3276 3958 3434 4029 σὰρξ,
3470 3956 3607 4021 ἀλλ’,
3639 3958 3743 4021 Εἰς

2159 4060 2360 4128 σάρκα
2386 4059 2555 4128 μίαν,
2584 4054 2684 4125 τὴν
2710 4050 2805 4105 τοῦ
2830 4050 3021 4113 παιδὸς
3052 4047 3449 4119 συναπτόμενοι
3475 4046 3739 4116 δηλονότι.

2159 4150 2225 4202 Τί
2271 4143 2386 4211 οὖν,
2429 4146 2556 4199 ὅταν
2612 4140 2828 4195 παιδίον
2862 4139 2938 4210 μὴ
2971 4134 3028 4211 ᾖ,
3062 4139 3163 4190 οὐκ
3208 4136 3424 4189 ἔσονται
3467 4134 3561 4187 δύο
3591 4146 3613 4173 ε
3648 4133 3744 4187 καὶ

2159 4238 2311 4302 τότε;
2344 4232 2616 4303 Εὔδηλονο
2650 4232 2682 4301 ἡ
2720 4228 2865 4299 μίξις
2908 4227 3019 4297 γὰρ
3060 4226 3219 4279 τοῦτο
3268 4224 3581 4295 ἐργάζεται,
3611 4223 3745 4276 ἀνα-

2159 4327 2331 4398 χέασα
2382 4321 2477 4375 καὶ
2510 4317 2826 4389 ἀναμίξασα
2868 4314 3193 4387 ἀμφοτέρων
3235 4313 3305 4365 τά
3352 4311 3599 4382 σώματα.
3634 4312 3746 4365 Καὶ

2160 4414 2347 4483 ὥσπερ
2396 4412 2475 4474 εἰς
2523 4409 2703 4461 ἔλαιον
2737 4406 2908 4477 μύρον
2939 4401 3214 4474 ἐμϐαλὼν,
3247 4400 3309 4453 :6
3338 4400 3448 4454 πᾶν
3488 4401 3746 4472 ἐποίησεν

2160 4500 2239 4567 ἓν,
2264 4497 2408 4551 οῦτω
2435 4495 2499 4565 δὴ
2532 4494 2628 4548 καὶ
2652 4491 2907 4547 ἐνταῦθα.

2234 4592 2285 4651 ς’
2293 4629 2306 4641 .
2335 4579 2552 4636 Οἶδαὸτι
2575 4580 2762 4635 πολλοί⁵
2791 4578 3136 4650 αἰσχύνονται
3157 4578 3270 4641 τοῖς
3289 4576 3624 4648 λεγομένοις
3652 4578 3747 4630 καὶ

2161 4675 2350 4730 τούτου
2382 4674 2553 4726 αἴτιον
2585 4673 2619 4743 ἡ
2657 4669 2917 4739 ἀσέλγεια
2961 4668 3054 4723 καὶ
3092 4670 3125 4738 ἡ
3177 4667 3467 4722 ἀκολασία.
3500 4668 3573 4721 T6
3605 4667 3749 4720 οὕτω

2161 4765 2286 4827 τοὺς
2329 4763 2542 4831 γάμους
2573 4757 2841 4829 γίνεσθαι,
2871 4757 2934 4811 :6
2982 4754 3477 4828 παραφθείρεσθαι,
3504 4756 3581 4809 τὸν
3603 4757 3749 4827 πρᾶ-

2161 4868 2282 4922 γμα
2310 4849 2590 4904 διέϐαλεν·
2637 4846 2761 4900 ἐπεὶ
2808 4846 3005 4916 Τίμιος
3050 4848 3082 4899 ό
3115 4842 3324 4913 γάμος,
3362 4844 3461 4897 καὶ
3489 4845 3528 4912 ’ἡ
3578 4845 3748 4914 κοίτη

2162 4941 2472 5010 ἀμίαντος.
2493 4936 2561 4990 Τί
2591 4937 2827 5007 αἰσχύνῃ
2848 4934 2927 5005 τῷ
2954 4932 3156 5004 τιμίῳ;
3184 4933 3237 4985 τί
3265 4931 3524 5004 ἐρυθριᾷς
3548 4934 3640 4985 ἐπὶ
3670 4932 3750 5003 τῷ

2162 5027 2449 5099 ἀμιάντῳ;
2495 5024 2681 5078 Ταῦτα
2730 5020 3025 5094 αἰρετικῶν
3077 5022 3216 5085 ἐστι,
3272 5020 3447 5073 ταῦτα
3491 5018 3603 5072 τῶν
3650 5021 3750 5082 τὰς

2163 5116 2368 5186 πόρνας
2388 5112 2813 5181 ἐπεισαγόντων.
2838 5109 2937 5162 Διά
2954 5108 3117 5162 τοῦτο
3141 5109 3304 5161 αὑτὸν
3324 5106 3750 5177 ἐκκαθαίρεσθαι

2166 5203 2451 5275 βούλομαι,
2471 5201 2610 5255 ὥστε
2635 5201 2728 5253 ἐπὶ
2756 5199 2854 5271 τὴν
2883 5198 3091 5252 οἰκείαν
3121 5198 3404 5265 εὐγένειαν
3430 5196 3749 5263 ἀναγαγεῖν,

2163 5289 2305 5345 ὥστε
2336 5291 2445 5345 τῶν
2475 5288 2763 5361 αἰρετικῶν
2780 5286 3060 5359 ἐμφράξαι
3076 5286 3145 5357 τά
3166 5284 3432 5355 στόματα.
3458 5281 3752 5353 ’Ύϐρισται

2163 5380 2226 5435 :6
2250 5379 2345 5434 τοῦ
2372 5379 2508 5433 Θεοῦ
2537 5379 2729 5449 δῶρον,
2772 5378 2808 5448 ἡ
2837 5373 2963 5446 ῥίζα
2994 5373 3096 5445 τῆς
3136 5372 3412 5444 ἡμετέρας
3449 5370 3749 5440 γενέσεως·

2230 5517 2259 5557 ὶ)
2294 5516 2429 5566 Unus
2450 5516 2628 5564 cod.et.
2658 5528 2811 5576 marg.
2840 5510 3014 5571 Savil.,
3051 5513 3102 5559 ἓν
3124 5513 3261 5576 εἰσιν,
3301 5513 3366 5566 ὡς
3402 5507 3490 5576 τοῦ
3529 5510 3753 5576 σῶματος

2164 5579 2319 5626 πάντα
2335 5580 2396 5625 τά
2421 5580 2538 5639 μέλη
2568 5572 3044 5640 συναρμόλογούμενα
3061 5574 3178 5646 πρὸς
3198 5576 3286 5631 τήν
3308 5573 3538 5644 κεφαλὴν,
3562 5573 3610 5620 ἓν
3628 5572 3753 5683 Eiu-

2165 5657 2243 5683 ται
2269 5643 2430 5683 mima-
2454 5641 2493 5683 εἰ
2518 5639 2599 5683 καὶ
2618 5642 2687 5683 τῶ
2713 5639 2937 5683 τοαγήλω
2960 5638 3205 5683 διαιοειται
3243 5636 3443 5683 ἐνταῦθα
3468 5635 3518 5683 δὲ
3546 5634 3601 5682 οὺ
3661 5650 3753 5683 ιω-

2165 5657 2246 5709 ται
2269 5635 2431 5700 σῶμα,
2454 5641 2493 5688 εἰ
2518 5639 2599 5686 καὶ
2618 5635 2937 5702 τῷτραχήλφ
2960 5635 3205 5699 διαιρεῖται
3243 5635 3443 5685 ἐνταῦθα
3468 5635 3518 5683 δὲ
3546 5635 3601 5682 οὺ
3631 5635 3756 5683 διαι-

2167 5718 2376 5765 ρουνται.

2233 5765 2255 5794 ο
2280 5762 2570 5826 Legendum
2593 5761 2789 5814 videtur
2812 5762 2875 5818 είς
2898 5764 2942 5810 οἰ
2962 5760 3063 5811 δύο.
