4120 6400
388 332 497 390 689

388 448 559 520 πολλὴ
584 448 693 519 γάρ
724 449 850 518 περὶ
876 450 976 519 τὴν
1006 448 1163 521 ῥίζαν
1192 453 1224 521 ἡ
1265 452 1471 522 κόπρος
1505 453 1601 505 καὶ
1639 452 1667 504 6
1698 449 1981 520 βόρϐορος.

386 537 593 589 Τοῦτον
626 532 719 588 οῦν
746 535 1148 607 ἐκκαθάρωμεν
1181 536 1261 607 τῷ
1284 538 1450 609 λόγῳ.
1490 536 1777 607 Ἀνέχεσθε
1805 537 1985 588 τοίνυν

387 626 585 697 μικρὸν
613 625 736 676 ἐπεὶ
768 625 863 677 καὶ
900 626 929 678 6
973 626 1233 695 βόρϐορον
1281 627 1532 696 κατέχων
1577 624 1844 687 δυσωδίας
1884 625 1983 676 ἀν-

389 714 593 783 έχεται.
623 711 896 782 Βούλομαι
925 712 1090 776 δεῖξαι
1115 714 1197 766 ὅτι
1226 716 1287 767 οὐ
1319 716 1423 785 χρὴ
1453 714 1548 767 ἐπὶ
1562 713 1772 778 τούτοις
1792 711 1985 782 αἰσχύ-

382 803 590 865 νεσθαι,
611 800 763 873 [ιει]
792 801 927 855 άλλά
948 801 1159 866 τούτοις
1173 796 1256 866 οἷς
1281 806 1513 857 ποιεῖτε·
1540 803 1603 857 σὺ
1629 803 1686 856 δὲ
1732 803 1819 855 ἐπ’
1842 802 1985 855 ἐκεί-

382 907 495 953 νοις
532 889 883 959 αἰσχύνεσθαι
934 890 1113 959 ἀφεὶς,
1129 891 1340 955 τούτοις
1368 891 1600 963 αἰσχύνῃ
1620 908 1634 921 °
1658 890 1856 945 οὐκοῦν
1886 890 1983 944 τοῦ

380 976 517 1029 Θεοῦ
540 976 971 1045 καταγινώσκεις
988 978 1082 1030 τοῦ
1111 978 1254 1032 οὕτω
1282 979 1663 1041 θεσπίσαντος.
1684 978 1840 1032 Εἴπω
1864 978 1983 1042 πῶς

382 1067 475 1118 καὶ
508 1067 807 1137 μυστήριον
832 1067 932 1137 τῆς
959 1066 1285 1137 Ἐκκλησίας
1308 1068 1478 1122 ἐστίν’
1514 1067 1574 1121 Ὀ
1593 1067 1825 1139 Χριστὸς
1850 1062 1981 1138 ἦλθε

382 1154 519 1221 πρὸς
548 1155 647 1224 τὴν
689 1154 1041 1225 Ἐκκλησίαν,
1063 1157 1157 1208 καὶ
1188 1154 1249 1219 ἐξ
1274 1155 1448 1224 αὐτῆς
1472 1155 1689 1224 γέγονε,
1717 1154 1812 1208 καὶ
1841 1155 1977 1226 αὐτῇ

382 1242 699 1312 συνεισῆλθε
724 1254 751 1283 ι
778 1242 1036 1314 συνουσίᾳ
1058 1246 1429 1315 πνευματικῇ.
1459 1242 1850 1312 Ἦρμοσάμην
1869 1244 1980 1312 γὰρ

379 1326 557 1396 ὑμᾶς.
577 1330 762 1399 φησὶν,
784 1329 875 1381 ἐν),
904 1329 1078 1397 ἀνδρί
1108 1330 1414 1398 παρθένον
1444 1329 1659 1399 ἁγνήν.
1685 1331 1814 1384 Ὀτι
1840 1330 1899 1382 δὲ
1919 1330 1979 1397 ἐξ

378 1415 545 1467 αὐτοῦ
571 1417 759 1486 ἐσμεν,
780 1415 945 1470 ἄκουε
964 1417 1082 1480 πῶς
1106 1435 1271 1487 φησιν
1288 1435 1301 1449 ·
1336 1419 1433 1473 Ἐκ
1460 1418 1569 1470 τῶν
1590 1419 1765 1489 μελῶν
1787 1418 1975 1480 αὐτοῦ,

378 1501 475 1554 καὶ
512 1504 577 1555 ἐκ
608 1503 711 1573 τῆς
756 1505 962 1575 σαρκὸς
1015 1505 1184 1558 αὐτοῦ
1223 1506 1430 1569 πάντες
1458 1508 1645 1576 ἡμεῖς.
1686 1505 1875 1559 Ταῦτα
1909 1506 1976 1577 δὴ

376 1589 556 1643 πάντα
584 1590 914 1655 ἐννοοῦντες,
954 1592 1029 1665 μὴ
1054 1594 1402 1664 αἰσχύνωμεν
1426 1594 1488 1647 τὸ
1516 1594 1837 1664 τηλικοῦτον
1873 1612 1976 1663 μυ-

379 1679 622 1749 στήριον.
657 1680 839 1744 Τύπος
883 1682 986 1752 τῆς
1028 1682 1124 1735 τοῦ
1154 1682 1396 1753 Χριστοῦ
1427 1684 1733 1754 παρουσίας
1772 1684 1920 1736 ἐστὶν
1947 1684 1977 1736 6

375 1767 576 1836 γάμος,
606 1768 670 1820 σὺ
701 1767 755 1820 δὲ
785 1767 1044 1835 μεθύεις;
1076 1772 1214 1823 Εἰπέ
1246 1788 1359 1841 μοι,
1406 1772 1455 1824 εί
1485 1771 1672 1823 εἰκόνα
1707 1771 1847 1834 εἶδες
1877 1770 1972 1824 τοῦ

380 1854 665 1923 βασιλέως.
709 1851 818 1925 ἆρα
850 1856 916 1910 ἂν
951 1858 1124 1929 αὐτὴν
1170 1858 1439 1929 ᾗσχυνεςς
1472 1858 1761 1929 Οὐδαμῶς.
1816 1862 1976 1912 Δοκεῖ

394 1944 494 2011 μὲν
521 1940 616 1995 οὖν
643 1944 916 2017 ἀδιάφορα
944 1942 1088 2000 εἶναι
1119 1948 1188 1999 τά
1215 1949 1348 2018 περὶ
1373 1948 1463 2000 τδν
1485 1948 1665 2018 γάμον
1690 1948 1971 2019 γινόμενα,

377 2029 496 2082 ἐστι
547 2029 605 2083 δὲ
644 2032 896 2099 μεγάλων
935 2034 1085 2086 αἴτια
1134 2035 1342 2087 κακῶν.
1390 2036 1577 2088 Πάντα
1625 2037 1972 2106 παρανομίας

376 2116 556 2187 γέμει.
597 2120 938 2188 Αἰσχρότης
976 2121 1076 2174 καὶ
1104 2124 1449 2192 μωρολογία
1474 2123 1573 2177 καί
1607 2125 1973 2191 εὐτραπελία

376 2205 459 2275 μὴ
502 2205 942 2275 ἐκπορευέσθω,
974 2211 1162 2280 φησὶν,
1205 2210 1275 2263 ἐκ
1309 2211 1415 2265 τοῦ
1444 2212 1744 2279 στόματος
1780 2211 1968 2281 ὑμῶν.

376 2297 563 2349 Πάντα
593 2298 652 2350 δὲ
686 2299 892 2361 ἐκεῖνα,
919 2299 1217 2371 αἰσχρότης
1264 2301 1361 2353 καὶ
1395 2300 1708 2372 μωρολογία
1740 2303 1835 2355 καὶ
1877 2302 1973 2354 εὐ-

375 2384 668 2456 τραπελία,
711 2387 812 2457 οὐχ
850 2388 1059 2452 ἁπλῶς,
1094 2389 1234 2443 ἀλλά
1266 2390 1405 2459 μετά
1440 2390 1776 2453 ἐπιτάσεως·
1808 2390 1970 2461 τέχνη

375 2474 485 2544 γὰρ
506 2475 569 2526 τὸ
599 2475 837 2547 πρᾶγμά
861 2478 999 2540 ἐστι,
1017 2476 1110 2529 καὶ
1141 2477 1395 2548 ἐγκώμια
1422 2479 1638 2548 μεγάλα
1666 2481 1778 2541 τοῖς
1803 2478 1974 2547 αὐτὴν

379 2562 656 2633 μετιοῦσι·
682 2563 750 2616 τά
775 2565 1152 2635 ἁμαρτήματα
1182 2566 1345 2637 τέχνη
1373 2567 1618 2635 γέγονεν.
1645 2567 1759 2637 Οὐχ
1785 2566 1974 2630 ἁπλῶς

374 2650 519 2703 αὐτὰ
567 2652 966 2722 μετερχόμεθα,
1000 2652 1141 2705 ἀλλὰ
1176 2652 1318 2723 μετά
1362 2653 1622 2723 σπουδῆς,
1664 2653 1803 2723 μετά
1846 2654 1972 2707 ἐπι-

378 2741 623 2810 στήμης·
654 2742 749 2793 καί⁵
783 2744 1086 2813 στρατηγεῖ
1118 2742 1307 2795 λοιπὸν
1336 2744 1366 2795 ό
1388 2743 1638 2807 διάϐολος
1666 2743 1777 2796 τῶν
1806 2743 1973 2798 αὑτοῦ

374 2828 694 2896 ταγμάτων.
725 2829 903 2881 Ὅπου
936 2828 1046 2899 γὰρ
1084 2828 1246 2900 μέθη,
1275 2829 1575 2884 ἀκολασίαο
1596 2832 1731 2884 ὅπου
1754 2832 1976 2901 αἰσχρο-

375 2910 555 2980 λογία,
590 2916 618 2966 6
643 2914 889 2979 διάϐολος
930 2917 1163 2985 πάρεστι
1191 2917 1262 2970 τὰ
1296 2920 1426 2988 παρ’
1458 2919 1652 2971 ἐαυτοῦ
1681 2918 1970 2989 εἰσφέρων.

378 2999 601 3064 Τούτοις
645 3001 999 3072 ἑστιώμενος,
1047 3004 1170 3058 είπέ
1215 3022 1326 3075 μοι,
1380 3006 1683 3077 μυστήριον
1733 3004 1972 3076 Χριστοῦ

374 3089 572 3153 τελεῖς,
600 3090 694 3141 καὶ
734 3090 825 3141 τὸν
866 3090 1112 3144 διάϐολον
1160 3092 1380 3159 καλεῖς;
1425 3092 1578 3162 Τάχα
1610 3109 1678 3163 με
1716 3092 1975 3162 φορτικὸν

376 3172 515 3229 εἶναι
546 3176 820 3246 νομίζετε.
844 3178 1074 3250 Καὶγάρ
1102 3180 1371 3233 καὶτοῦτο
1392 3179 1492 3248 τῆς
1512 3180 1847 3249 διαστροφῆς
1875 3179 1975 3249 τῆς

377 3263 602 3334 πολλῆς,
631 3264 714 3317 ὃτι
763 3265 861 3318 καὶ
905 3267 934 3319 6
966 3268 1260 3336 ἐπιτιμῶν,
1292 3267 1506 3335 γέλωτα
1548 3266 1866 3337 ὀφλισκάνει
1898 3266 1976 3329 ὠς

381 3351 680 3421 αὐστηρός.
716 3353 832 3405 Οὐκ
863 3352 1095 3408 ἀκούετε
1136 3354 1353 3409 Παύλου
1392 3355 1664 3424 λέγοντος,
1691 3352 1823 3411 Πᾶν
1852 3354 1885 3407 ὅ
1921 3370 1978 3408 τι

378 3439 458 3493 ἂν
472 3438 704 3507 ποιῆτε,
722 3440 776 3494 εἴ
780 3458 842 3494 τε
856 3440 1112 3510 ἐσθίετε,
1129 3442 1251 3497 εἴτε
1279 3443 1506 3508 πίνετε,
1523 3442 1644 3497 εἴτε
1661 3460 1717 3496 τι
1731 3441 1973 3509 ποιεῖτε,

378 3527 575 3581 πάντα
597 3532 683 3595 είς
710 3529 899 3594 δόξαν
913 3531 1063 3584 Θεοῦ
1092 3535 1351 3596 nomine;
1386 3533 1575 3602 Ὑμεῖς
1595 3533 1652 3586 δὲ
1675 3534 1754 3594 εἰς
1769 3532 1975 3603 δυσφη-

383 3616 514 3685 μίαν
546 3617 640 3670 καὶ
670 3617 909 3682 ἀδοξίαν.
936 3620 1052 3673 Οὐκ
1081 3620 1309 3673 ἀκούετε
1342 3620 1437 3673 τοῦ
1470 3621 1757 3692 Προφήτου
1788 3619 1973 3688 λέγον-

376 3720 493 3767 τος,
526 3707 907 3760 Δουλεύσατε
934 3705 1016 3773 τῷ
1068 3710 1268 3775 Κυρίῳ
1312 3709 1383 3761 ἐν
1427 3710 1607 3777 φόϐῳ.
1643 3707 1743 3761 καὶ
1790 3709 1977 3778 ἀγαλ-

378 3790 771 3860 λιᾶσθεαὺτῷ
793 3796 865 3849 ἐν
884 3798 1108 3866 τρόμφ;
1143 3797 1332 3868 Ὑμεῖς
1348 3797 1406 3850 δὲ
1440 3796 1740 3866 διαχεῖσθε.
1760 3797 1852 3865 Μὴ
1868 3797 1975 3866 γὰρ

379 3880 481 3932 οὐκ
516 3880 632 3933 ἐστι
663 3883 759 3934 καὶ
791 3883 1040 3951 ἥδεσθαι,
1087 3887 1183 3938 καὶ⁵
1232 3886 1373 3955 μετά
1401 3885 1737 3954 άσφαλείας;
1787 3885 1975 3938 Βούλει

385 3968 568 4038 μελῶν
597 3969 830 4023 ἀκοῦσαι
858 3971 1070 4039 καλῶν;
1094 3973 1351 4026 Μάλιστα
1391 3974 1489 4042 μὲν
1526 3972 1647 4024 ούδέ
1675 3972 1780 4025 ἔδει
1798 3990 1811 4001 ·
1838 3974 1977 4046 πλὴν

384 4057 829 4125 συγκαταϐαίνω,
858 4059 908 4111 εί
940 4058 1154 4130 βούλειο
1187 4060 1263 4129 μὴ
1298 4059 1406 4113 τῶν
1452 4059 1760 4114 σατανικῶν
1806 4060 1977 4114 ἀκού-

384 4161 505 4216 σῃς,
525 4145 662 4198 ἀλλά
682 4146 791 4199 τῶν
818 4147 1233 4218 πνευματικῶν.
1253 4147 1446 4200 Βούλει
1467 4146 1794 4218 χορεύοντας
1815 4149 1972 4213 ἱδεῖν;

382 4234 487 4305 ὅρα
507 4233 616 4287 τῶν
645 4234 894 4303 ἀγγέλων
923 4235 1014 4289 τὸν
1039 4235 1222 4305 χορόν.
1245 4236 1357 4288 Καὶ
1380 4234 1498 4298 πῶς
1520 4235 1766 4299 δυνατὸν,
1787 4236 1971 4306 φησὶν,

387 4324 544 4389 ίδεῖν;
577 4324 705 4377 Ἐάν
725 4324 900 4378 ταῦτα
926 4325 1228 4398 ἀπελάσῃς,
1248 4323 1527 4377 ἐλεύσεται
1561 4326 1656 4377 καὶ
1692 4326 1720 4377 6
1740 4326 1974 4396 Χριστὸς

384 4409 468 4472 είς
498 4410 724 4474 τούτους
750 4413 879 4475 τοὺς
912 4414 1155 4482 γάμους·
1183 4413 1277 4464 τοῦ
1309 4412 1366 4465 δέ
1400 4411 1637 4483 Χριστοῦ
1683 4414 1972 4483 παρόντος,

385 4499 481 4550 καὶ
509 4500 537 4551 6
569 4500 678 4552 τῶν
721 4501 970 4569 ἀγγέλων
1024 4501 1255 4572 πάρεστι
1300 4501 1481 4573 χορός.
1513 4503 1610 4553 Ἂν
1658 4502 1839 4574 θέλῃς,
1879 4503 1974 4555 καὶ

385 4584 483 4638 νῦν
515 4586 771 4659 θαύματα
800 4591 1118 4660 ἐργάσεται,
1150 4590 1399 4662 καθάπερ
1446 4592 1541 4642 καὶ
1574 4589 1728 4643 τότε·
1759 4592 1974 4660 ποιήσει

385 4680 483 4732 καὶ
509 4679 607 4733 νῦν
655 4682 719 4734 τὸ
752 4683 896 4753 ὓδωρ
927 4680 1070 4738 οἶνον
1092 4701 1104 4713 ·
1134 4685 1227 4736 καὶ
1277 4683 1459 4753 πολλῴ
1507 4682 1972 4754 θαυμασιώτερον,

386 4769 486 4841 τὴν
509 4769 757 4840 διάχυσιν
786 4774 1107 4844 ἐπιστρέψει
1132 4775 1232 4844 τὴν
1260 4774 1619 4844 διαρῥέουσαν
1649 4773 1742 4825 καὶ
1760 4772 1974 4844 ψυχρὰν

388 4856 706 4927 ἐπιθυμίαν,
749 4860 846 4911 καὶ
892 4862 987 4913 ἐπὶ
1037 4863 1138 4930 τὴν
1190 4861 1570 4930 πνευματικὴν
1621 4863 1972 4932 μεταστήσει.

388 4944 562 4997 Τοῦτό
595 4947 742 4998 ἐστιν
773 4946 832 5009 ἐξ
860 4945 1056 5010 ὓδατος
1086 4944 1228 5000 οἶνον
1252 4949 1500 5017 ποιῆσαι.
1523 4947 1694 4999 Ἔνθα
1721 4947 1973 5017 αὐληταὶ,

388 5032 627 5101 οὐδαμοῦ
666 5033 695 5084 6
743 5035 1009 5103 Χριστός’
1044 5036 1181 5089 ἀλλὰ
1228 5037 1330 5089 κᾶν
1382 5034 1620 5108 εἰσέλθῃ,
1652 5035 1713 5087 τὸ
1757 5034 1975 5105 πρῶτον

389 5121 643 5174 ἐκϐάλλει
687 5121 932 5189 τούτους,
984 5125 1077 5176 καὶ
1126 5123 1249 5175 τότε
1298 5122 1721 5193 θαυματουργεῖ.
1762 5123 1805 5174 Τ
1813 5122 1975 5193 ίλτῆς

392 5209 691 5277 σατανικῆς
721 5188 945 5280 πομπῆς
970 5210 1195 5279 άηδέστε
1206 5229 1317 5282 ρον,
1343 5188 1469 5262 ἔνθα
1502 5188 1749 5281 ἄναρθρα
1773 5188 1972 5277 πάντα,

393 5295 543 5367 [622]
578 5296 707 5350 ἔνθα
751 5300 931 5351 πάντα
979 5298 1201 5368 άσημα;
1238 5301 1302 5351 ἂν
1350 5298 1408 5350 δέ
1445 5316 1499 5350 τι
1550 5299 1646 5353 καὶ
1691 5298 1972 5369 ἔναρθρον,

390 5385 553 5438 πάλιν
581 5385 757 5439 πάντα
795 5387 1020 5458 αἰσχρά,
1051 5388 1230 5439 πάντα
1261 5386 1425 5456 ἀηδῆ.

462 5474 525 5537 ζ’.
551 5473 716 5526 Οὐδὲν
734 5474 832 5545 τῆς
860 5475 1060 5547 ἀρετῆς
1090 5475 1261 5545 ἥδιον,
1291 5476 1442 5527 οὐδὲν
1462 5474 1821 5546 κοσμιότητος
1846 5475 1976 5544 γλυ-

393 5561 643 5631 κύτερον,
677 5563 828 5614 οὐδὲν
850 5564 1178 5635 σεμνότητος
1204 5563 1604 5634 ποθεινότερον.
1636 5563 1869 5616 Ποιείτω
1889 5582 1974 5627 τις

392 5651 635 5721 γάμους,
678 5653 823 5719 οἵους
877 5655 987 5722 ἐγὼ
1021 5655 1184 5725 λέγω,
1234 5656 1328 5710 καὶ
1370 5653 1560 5724 ὄψεται
1610 5654 1709 5725 τὴν
1746 5654 1969 5727 ἡδονήν

455 5804 482 5831 ⁸
505 5803 651 5852 Sam.
679 5804 803 5866 conj.
827 5807 1040 5867 συνῆλθε.

1090 337 1154 393 s.
1192 334 1483 393 .IOANNIS
1520 329 2021 391 cumsum‘om
2062 294 2383 385 Ancnmb.
2425 328 2974 386 CONSTANTINOP.

3549 327 3655 383 590

2092 445 2275 507 ποίους
2303 444 2361 497 δὲ
2394 446 2623 514 γάμους,
2653 445 2973 516 προσέχετε.
3004 441 3226 514 Πρῶτον
3252 441 3353 513 μὲν
3380 441 3551 514 ἄνδρα
3576 444 3673 512 ζή-

2087 551 2167 585 τει
2198 536 2262 603 τῇ
2293 534 2547 603 παρθένῳ
2575 534 2745 596 ὅντως
2775 532 2944 602 ἄνδρα
2981 532 3077 584 καὶ
3101 531 3437 602 προστάτην,
3470 531 3545 592 ὡς
3569 532 3672 584 σώ-

2090 637 2221 689 ματι
2254 620 2462 690 μέλλων
2490 621 2768 691 ἐπιθήσειν
2790 620 3054 690 κεφαλὴν,
3085 618 3161 681 ὡς
3191 619 3289 670 οὐκ
3316 618 3669 687 ἀνδράποδον,

2085 708 2222 762 άλλά
2265 709 2546 779 Θυγατέρα
2594 708 2743 779 αύτῷ
2782 708 2991 779 μέλλων
3020 706 3400 779 παραδώσειν
3432 706 3508 777 μὴ
3535 709 3671 777 χρήο

2089 814 2235 866 ματα
2266 797 2438 868 ζήτει,
2480 798 2553 867 μὴ
2601 796 2793 866 γένους
2842 795 3225 867 λαμπρότητα,
3283 795 3359 865 μὴ
3417 795 3673 864 πατρίδος

2088 884 2340 955 μέγεθος,
2405 886 2586 938 πάντα
2612 884 2786 938 ταῦτα
2827 883 3080 954 περιττὰ,
3127 881 3262 935 ἀλλὰ
3296 882 3475 951 ψυχῆς
3513 882 3675 935 εὐλά-

2084 972 2259 1035 ϐειαν,
2296 972 2619 1033 ἐπιείκειαν,
2661 973 2760 1042 τὴν
2791 970 2965 1042 ἀληθῆ
3013 969 3255 1033 σύνεσιν,
3291 969 3385 1022 τοῦ
3416 970 3553 1022 Θεοῦ
3582 971 3671 1021 τὸν

2084 1060 2270 1128 φόϐον,
2299 1062 2347 1113 εἰ
2373 1060 2552 1131 βούλει
2583 1059 2701 1131 μεθ’
2730 1059 2927 1129 ἡδονῆς
2956 1060 3016 1111 τὸ
3039 1059 3333 1129 θυγάτριον
3356 1057 3477 1128 ζῇν.
3508 1058 3672 1111 Πλου-

2086 1147 2344 1220 σιώτερον
2376 1149 2487 1220 γὰρ
2517 1149 2780 1219 ζητοῦσα,
2822 1148 2883 1201 οὐ
2936 1148 3097 1218 μόνον
3130 1148 3300 1217 αὐτὴν
3329 1148 3429 1200 οὐκ
3453 1147 3669 1216 ὠφελή-

2086 1255 2221 1301 σεις,
2253 1238 2391 1291 ἀλλά
2420 1239 2514 1291 καὶ
2543 1238 2786 1309 βλάψεις,
2817 1237 3010 1307 δούλην
3032 1238 3146 1290 ἀντ’
3176 1236 3466 1307 ἐλευθέρας
3486 1236 3670 1288 ποιοῦ-

2084 1342 2171 1377 σα.
2207 1327 2281 1379 Οὐ
2312 1328 2583 1397 τοσαύτην
2613 1329 2722 1400 γὰρ
2754 1329 2863 1381 61:6
2901 1327 3011 1379 τῶν
3039 1327 3282 1397 χρυσίων
3315 1326 3668 1397 καρπώσεται

2080 1414 2182 1483 τὴν
2230 1414 2447 1486 ήδονὴν,
2508 1417 2641 1487 ὅσην
2691 1416 2799 1468 ἀπὸ
2846 1414 2941 1468 τοῦ
2984 1413 3257 1468 δουλεύειν
3304 1414 3422 1481 τὴνι
3452 1413 3663 1483 ἀηδίαν.
3734 1447 3739 1452 -

2094 1501 2254 1556 Ἀλλά
2292 1503 2366 1574 μὴ
2388 1504 2540 1574 ζήτει
2573 1504 2765 1570 ταῦτα,
2797 1505 2933 1557 ἀλλά
2968 1503 3204 1573 μάλιστα
3245 1503 3344 1574 μὲν
3365 1502 3629 1571 ὁμότιμον
3649 1518 3664 1532 ⁸

2079 1591 2207 1642 εἰδὲ
2237 1590 2312 1661 μὴ
2371 1589 2617 1656 δυνατὸν,
2657 1590 2978 1663 πενέστερον
3025 1591 3311 1662 μᾶλλον,ῆ
3362 1590 3668 1660 εὐπορώτε-

2081 1695 2194 1748 ρον,
2222 1679 2359 1747 εἴγε
2382 1679 2456 1750 μὴ
2481 1679 2776 1733 ἀποδόσθαι
2804 1679 3062 1751 δεσπότῃ,
3094 1679 3210 1732 ἀλλ’
3240 1678 3487 1732 ἐκδοῦναι
3515 1679 3669 1751 ἀνδρὶ

2080 1767 2380 1839 βούλειτὴν
2406 1767 2702 1840 θυγατέρα.
2749 1768 2920 1822 Ὅταν
2963 1767 3209 1838 ἀκριϐῶς
3239 1767 3502 1839 ἐξετάσῃς
3539 1768 3670 1821 τάν-

2076 1854 2202 1924 δρὸς
2226 1854 2325 1925 τὴν
2347 1856 2569 1926 ἀρετὴν,
2595 1856 2688 1909 καὶ
2724 1855 2925 1927 μέλλῃς
2965 1855 3254 1917 ἐκδιδόναι,
3286 1855 3668 1929 παρακάλεσον

2076 1941 2168 1995 τὸν
2186 1943 2422 2012 Χριστὸν
2448 1942 2887 2012 παραγενέσθαι·
2922 1944 2982 1995 οὐ
3005 1942 3112 2013 γάρ
3139 1943 3663 2013 ἐπαισχυνθήσεται·

2080 2032 2381 2102 μυστήριόν
2412 2032 2529 2084 ἐστι
2573 2032 2674 2101 τῆς
2707 2031 2875 2085 αὐτοῦ
2903 2033 3228 2103 παρουσίας.
3272 2032 3520 2086 Μάλιστα
3569 2033 3667 2103 μὲν

2075 2115 2169 2172 οῦν
2212 2120 2306 2173 καὶ
2357 2120 2481 2173 τότε
2533 2121 2862 2192 παρακάλει,
2915 2120 3059 2175 ὥστε
3103 2121 3389 2191 μνηστῆρα
3426 2121 3667 2174 τοιοῦτον

2074 2207 2278 2261 δοῦναι.
2335 2208 2429 2278 Μὴ
2457 2207 2589 2279 γένῃ
2642 2208 2737 2262 τοῦ
2772 2209 2962 2271 παιδὸς
2996 2207 3091 2262 τοῦ
3148 2208 3402 2279 Ἀϐραάμ
3444 2208 3663 2279 χείρων,

2076 2296 2136 2360 ὃς
2171 2298 2251 2361 εἰς
2277 2297 2548 2369 τοσαύτην
2597 2297 2910 2369 ἀποδημίαν
2963 2297 3339 2368 πεμπόμενος,
3391 2298 3507 2369 ᾔδει
3536 2298 3666 2351 ἔνθα

2073 2384 2179 2455 χρὴ
2215 2388 2552 2456 καταφυγεῖν
2578 2404 2593 2422 ο
2641 2386 2721 2439 διὸ
2745 2387 2841 2440 καὶ
2891 2388 3109 2440 πάντων
3156 2385 3442 2456 ἐπέτυχεν.
3495 2386 3667 2439 Ὅταν

2074 2474 2415 2546 περιεργάζῃ
2466 2477 2562 2528 καὶ
2607 2475 2778 2545 ζητῇς
2816 2474 2907 2528 τδν
2937 2475 3128 2545 ἄνδρα,
3182 2473 3346 2544 εὔχου
3372 2490 3387 2507 ·
3427 2475 3549 2528 εἰπέ
3584 2475 3666 2545 τῷ

2074 2561 2217 2632 Θεῷο
2254 2565 2353 2616 ’Ὀν
2385 2563 2450 2617 ἂν
2481 2562 2641 2634 θέλῃς
2669 2563 2734 2615 σὺ
2764 2561 3120 2632 οἰκονόμησον
3140 2577 3155 2593 ⁸
3184 2562 3487 2633 ἐγχείρισον
3518 2562 3666 2632 αὐτῷ

2073 2650 2135 2704 τὸ
2165 2652 2420 2719 πρᾶγμα,
2452 2652 2546 2703 καὶ
2576 2649 2834 2720 τιμηθεὶς
2881 2650 3055 2720 ταύτῃ
3111 2651 3264 2721 παρά
3295 2649 3388 2703 σοῦ
3435 2653 3502 2722 τῇ
3531 2654 3665 2723 τιμῇ

2076 2738 2370 2809 ἀμείψεταί
2395 2756 2476 2791 σε.
2523 2738 2625 2791 Δύο
2653 2737 2717 2808 δὴ
2752 2738 2926 2791 ποιεῖν
2966 2737 3095 2809 χρὴ,
3129 2738 3279 2808 αὐτῷ
3322 2756 3384 2792 τε
3430 2740 3666 2812 ἐγχειρί-

2078 2826 2212 2892 ζειν,
2250 2828 2346 2880 καὶ
2385 2827 2627 2880 τοιοῦτον
2678 2825 2885 2897 ζητεῖν,
2929 2822 3041 2880 οἷον
3082 2824 3147 2881 ἂν
3188 2828 3351 2892 αὐτὸς
3384 2828 3664 2898 βούληται,

2075 2918 2323 2988 κόσμιον,
2350 2916 2621 2988 σώφρονα.
2649 2916 2819 2970 Ὅταν
2842 2912 2936 2970 οῦν
2975 2917 3103 2981 τοὺς
3129 2917 3343 2987 γάμους
3374 2921 3553 2990 ποιῇς.
3590 2918 3666 2989 μὴ

2075 3006 2367 3079 περιέλθῃς
2395 3005 2594 3068 οἰκίας,
2633 3006 2920 3075 κάτοπτρα
2957 3007 3052 3058 καὶ
3087 3005 3282 3072 ἱμάτια
3319 3006 3577 3077 χρωμένη
3610 3005 3664 3044 h-

2074 3093 2136 3145 ού
2174 3092 2283 3163 γὰρ
2321 3092 2459 3162 πρὸς
2510 3092 2773 3157 ἐπίδειξιν
2810 3093 2873 3146 τὸ
2916 3093 3150 3164 πρᾶγμά
3202 3094 3371 3158 ἐστιν,
3424 3094 3546 3147 οὐδὲ
3584 3094 3667 3156 είς

2076 3179 2301 3250 πομπὴν
2340 3181 2581 3247 εἰσάγεις
2629 3181 2692 3234 τὸ
2744 3179 3077 3251 θυγάτριον·
3113 3180 3252 3234 άλλά
3294 3180 3662 3250 φαιδρύνουσα

2074 3268 2174 3339 τὴν
2197 3268 2376 3321 οἰκίαν
2402 3271 2514 3331 τοῖς
2541 3269 2742 3333 ἐνοῦσι,
2768 3269 2924 3321 κάλει
2946 3269 3197 3338 γείτονας
3223 3269 3316 3322 καὶ
3344 3268 3533 3337 φίλους
3565 3269 3660 3321 καὶ

2078 3359 2383 3426 συγγενεῖς.
2431 3357 2631 3421 Ὅσους
2658 3355 2725 3410 ἂν
2745 3353 2889 3419 οἶδας
2910 3357 3192 3421 ἐπιεικεῖς,
3226 3356 3448 3420 τούτους
3479 3356 3657 3422 κάλει,

2077 3449 2173 3499 καὶ
2219 3447 2335 3509 τοῖς
2375 3440 2527 3498 οὖσιν
2571 3444 2935 3516 ἐπαρκεῖσθαι
2976 3445 3254 3517 παραίνει.
3300 3446 3507 3515 Μηδεὶς
3549 3445 3659 3497 τῶν

2078 3533 2188 3587 ἀπὸ
2229 3534 2332 3604 τῆς
2387 3534 2700 3605 ὀρχήστρας
2747 3533 3009 3604 παρέστω
3042 3549 3056 3563 ·
3116 3534 3234 3586 ἐκεῖ
3281 3534 3390 3603 γὰρ
3442 3533 3661 3603 δαπάνη

2077 3621 2310 3694 περιττὴ
2344 3622 2436 3675 καὶ
2468 3622 2715 3692 ἄσχημος
2733 3639 2750 3655 ο
2779 3620 3009 3674 κάλεσον
3037 3620 3129 3674 τὸν
3156 3621 3393 3691 Χριστὸν
3424 3621 3531 3691 πρὸ
3558 3620 3667 3674 τῶν

2078 3712 2255 3767 ἄλλων
2306 3710 2587 3765 ἁπάντων.
2641 3708 2804 3775 Οἶδας
2846 3709 2937 3763 διά
2977 3711 3122 3773 τίνος
3168 3710 3331 3763 αὑτὸν
3375 3709 3663 3775 καλέσεις;

2083 3803 2183 3864 Ὃς
2211 3800 2277 3854 ἂν
2302 3801 2529 3871 ποιήσῃ,
2596 3800 2782 3869 φησίν,
2820 3799 2902 3851 ἐνὶ
2956 3797 3164 3851 τούτων
3207 3799 3316 3852 τῶν
3341 3798 3663 3868 ἐλαχίστων,

2078 3890 2204 3958 ἐμοὶ
2228 3888 2473 3959 ἐποίησε.
2542 3887 2637 3957 Μὴ
2686 3887 2920 3959 νομίσῃς
2966 3886 3027 3939 τὸ
3073 3888 3309 3957 πρᾶγμα
3333 3886 3666 3957 δυσάρεστον

2078 3975 2239 4041 εἶναι,
2261 3977 2323 4030 τὸ
2345 3977 2585 4045 πένητας
2607 3975 2792 4030 καλεῖν
2814 3975 2902 4028 διὰ
2921 3974 3012 4029 τὸν
3032 3975 3267 4053 Χριστόν
3294 3990 3310 4006 ο
3333 3973 3664 4045 δυσάρεστον

2076 4065 2138 4120 τὸ
2180 4065 2388 4136 πόρνας
2434 4064 2641 4119 καλεῖν.
2689 4065 2763 4116 T6
2817 4062 2927 4135 γὰρ
2961 4062 3198 4130 πένητας
3248 4062 3454 4125 καλεῖν,
3505 4061 3664 4115 τοῦτο
3734 4082 3735 4085 η

2077 4155 2302 4226 ἀφορμὴ
2346 4153 2603 4218 πλούτου,
2651 4154 2828 4207 ἐκεῖνο
2866 4152 2923 4206 δὲ
2959 4152 3294 4223 ἀνατροπῆς.
3327 4152 3537 4221 Κόσμει
3561 4151 3664 4221 τὴν

2076 4243 2296 4315 νύμφην
2321 4243 2395 4316 μὴ
2426 4242 2637 4307 τούτοις
2653 4244 2764 4304 τοῖς
2786 4242 3033 4313 κοσμίοις
3060 4244 3173 4304 τοῖς
3197 4241 3304 4293 61:6
3322 4239 3415 4295 τοῦ
3436 4239 3659 4310 χρυσοῦ,

2077 4332 2191 4385 ἀλλ’
2211 4332 2484 4403 ἐπιεικείᾳ
2513 4331 2607 4386 καὶ
2638 4332 2779 4384 αἰδοῖ
2803 4330 2898 4384 καὶ
2925 4332 3037 4394 τοῖς
3069 4329 3358 4399 συνήθεσιν
3404 4329 3657 4398 ἱματίοις,

2075 4421 2197 4473 ἀντὶ
2224 4420 2427 4482 παντὸς
2474 4419 2681 4489 κόσμου
2728 4416 2932 4489 χρυσοῦ
2963 4419 3058 4472 καὶ
3106 4417 3551 4488 ἐμπλεγμάτων,
3598 4418 3661 4470 τὸ

2076 4508 2360 4580 ἐρυθριᾷν,
2377 4508 2439 4560 τὸ
2454 4507 2806 4577 αἰσχύνεσθαι
2825 4506 3111 4578 περιθεῖσα
3133 4548 3146 4569 ,
3171 4507 3266 4559 καὶ
3288 4507 3349 4558 τὸ
3377 4506 3452 4577 μὴ
3476 4504 3660 4574 ζητεῖν

2077 4600 2283 4651 ἐκεῖνα.
2314 4597 2523 4666 Μηδεὶς
2550 4596 2691 4649 ἔστω
2720 4594 2966 4666 θόρυϐος,
3002 4595 3243 4664 μηδεμία
3272 4595 3486 4665 ταραχή
3512 4610 3526 4624 ’
3563 4612 3660 4646 κα-

2076 4685 2277 4738 λείσθω
2299 4687 2328 4738 6
2360 4684 2614 4754 νυμφίος,
2657 4683 2897 4753 δεχέσθω
2922 4684 3022 4752 τὴν
3044 4680 3334 4752 παρθένον.
3359 4681 3441 4734 Τὰ
3461 4682 3657 4753 ἄριστα

2076 4774 2169 4827 καὶ
2220 4773 2291 4825 τά
2340 4772 2529 4825 δεῖπνα
2579 4770 2654 4842 μὴ
2684 4769 2854 4841 μέθης
2901 4769 3042 4822 ἔστω
3073 4770 3278 4841 πλήρη,
3315 4769 3450 4823 ἀλλά
3493 4786 3658 4823 πνευ-

2080 4861 2318 4931 ματικῆς
2346 4860 2560 4930 ήδονῆς.
2601 4858 2790 4930 Μυρία
2813 4858 2921 4929 γάρ
2951 4859 3017 4911 ἐκ
3053 4856 3149 4910 τοῦ
3178 4856 3424 4910 τοιούτου
3477 4857 3659 4927 γάμου

2076 4952 2232 5007 ἐσται
2259 4951 2327 5003 τά
2357 4950 2519 5012 καλὰ,
2551 4951 2647 5003 καὶ
2689 4948 2759 5000 τὰ
2795 4947 2891 5000 τοῦ
2926 4947 3042 5017 βίου
3074 4951 3132 5000 ἐν
3164 4946 3472 5017 ἀσφαλείᾳ·
3509 4948 3573 4999 ἐκ
3600 4947 3659 4999 δὲ

2074 5037 2186 5091 τῶν
2217 5037 2312 5089 νῦν
2351 5037 2653 5107 γινομένων
2699 5036 2895 5105 γάμων
2943 5036 3018 5105 (εἴ
3044 5052 3109 5104 γε
3136 5035 3370 5104 γάμους,
3403 5033 3539 5087 άλλέι
3582 5035 3656 5104 μὴ

2076 5122 2304 5194 πομπὰς
2328 5124 2468 5177 αὐτὰ
2497 5124 2578 5175 δεῖ
2609 5123 2838 5189 καλεῖν),
2875 5122 3025 5195 [425]
3055 5124 3158 5193 δρα
3186 5132 3209 5159 ο
3245 5122 3347 5175 ὅσα
3390 5121 3459 5174 τὰ
3489 5123 3653 5175 κακά,

2076 5211 2411 5281 Διελύθησαν
2466 5212 2522 5263 αἱ
2563 5211 2857 5275 παστάδες,
2908 5211 3005 5264 καὶ
3062 5210 3266 5273 εὐθέως
3301 5210 3541 5280 μέριμνα
3567 5211 3660 5262 καὶ

2076 5301 2262 5373 φόϐος,
2296 5300 2371 5372 μή
2402 5317 2455 5352 τι
2489 5297 2784 5370 παραπέσῃ
2818 5298 2927 5351 τῶν
2960 5299 3335 5369 κεχρημένων,
3371 5299 3465 5350 καὶ
3495 5298 3661 5350 διαδέ-

2076 5407 2229 5462 χεται
2263 5388 2363 5459 τὴν
2393 5386 2586 5458 ἡδονὴν
2613 5383 2822 5456 ἀθυμία
2863 5387 3160 5456 ἀφόρητος.
3225 5385 3363 5437 Ἀλλ’
3386 5384 3525 5453 αῦτη
3563 5385 3660 5453 μὲν

2074 5480 2173 5549 τῆς
2208 5475 2532 5547 κηδεστρίας
2559 5473 2817 5545 ήάγωνία
2837 5489 2850 5503 ·
2876 5472 3074 5545 μᾶλλον
3102 5473 3158 5525 δέ
3178 5472 3300 5527 οὐδὲ
3321 5473 3458 5543 αὐτὴ
3485 5471 3668 5543 ἀπήλ-

2137 5678 2164 5717 1)
2188 5679 2334 5745 Buta:
2350 5680 2617 5745 legendum
2643 5680 2859 5745 Dungnus
2878 5683 3165 5745 κιχρωμένη.

2082 5741 2373 5855 [εἰτνοεειη
2407 5739 2515 5806 δρα,
2556 5757 2703 5805 quam
2756 5739 2985 5807 iguoraii't
3023 5739 3159 5807 édd.,
3202 5741 3339 5796 dedit
3381 5755 3508 5793 unus
3548 5739 3653 5791 cod.

2100 5820 2150 5852 ‘D
2200 5836 2214 5852 ο

2100 5820 2214 5852 ιῡιτ.
