  <div class='ocr_page' id='page_1' title='image "/cluster/home/n/w/nwhite01/storage/ocr_20150623/62/nnc1.0046979654/396.png"; bbox 0 0 4128 6398; ppageno 0'>
   <div class='ocr_carea' id='block_1_1' title="bbox 399 360 506 418">
    <p class='ocr_par' dir='ltr' id='par_1_1' title="bbox 399 360 506 418">
     <span class='ocr_line' id='line_1_1' title="bbox 399 360 506 418; baseline 0 -1"><span class='ocrx_word' id='word_1_1' title='bbox 399 360 506 418; x_wconf 76' lang='grc'><strong>589</strong></span> 
     </span>
    </p>
   </div>
   <div class='ocr_carea' id='block_1_2' title="bbox 402 458 1981 547">
    <p class='ocr_par' dir='ltr' id='par_1_2' title="bbox 402 458 1981 547">
     <span class='ocr_line' id='line_1_2' title="bbox 402 458 1981 547; baseline -0.018 -8"><span class='ocrx_word' id='word_1_2' title='bbox 402 490 571 547; x_wconf 90' lang='lat' dir='ltr'><strong>tenet,</strong></span> <span class='ocrx_word' id='word_1_3' title='bbox 604 479 848 533; x_wconf 68' lang='lat' dir='ltr'><strong>faetorem</strong></span> <span class='ocrx_word' id='word_1_4' title='bbox 891 471 1139 527; x_wconf 91' lang='lat' dir='ltr'><strong>sustinet.</strong></span> <span class='ocrx_word' id='word_1_5' title='bbox 1186 466 1321 523; x_wconf 84' lang='lat' dir='ltr'><strong>Volo</strong></span> <span class='ocrx_word' id='word_1_6' title='bbox 1365 462 1651 520; x_wconf 87' lang='lat' dir='ltr'><strong>ostendere</strong></span> <span class='ocrx_word' id='word_1_7' title='bbox 1703 458 1846 531; x_wconf 90' lang='lat' dir='ltr'><strong>quod</strong></span> <span class='ocrx_word' id='word_1_8' title='bbox 1871 471 1981 511; x_wconf 93' lang='lat' dir='ltr'><strong>non</strong></span> 
     </span>
    </p>
   </div>
   <div class='ocr_carea' id='block_1_3' title="bbox 404 552 1986 645">
    <p class='ocr_par' dir='ltr' id='par_1_3' title="bbox 404 552 1986 645">
     <span class='ocr_line' id='line_1_3' title="bbox 404 552 1986 645; baseline -0.017 -17"><span class='ocrx_word' id='word_1_9' title='bbox 404 583 622 645; x_wconf 77' lang='lat' dir='ltr'><strong>propter</strong></span> <span class='ocrx_word' id='word_1_10' title='bbox 665 570 779 621; x_wconf 88' lang='lat' dir='ltr'><strong>haec</strong></span> <span class='ocrx_word' id='word_1_11' title='bbox 807 570 1053 637; x_wconf 89' lang='lat' dir='ltr'><strong>oporteat</strong></span> <span class='ocrx_word' id='word_1_12' title='bbox 1078 559 1281 631; x_wconf 88' lang='lat' dir='ltr'><strong>pudore</strong></span> <span class='ocrx_word' id='word_1_13' title='bbox 1327 555 1591 621; x_wconf 85' lang='lat' dir='ltr'><strong>suffundi,</strong></span> <span class='ocrx_word' id='word_1_14' title='bbox 1627 552 1721 609; x_wconf 88' lang='lat' dir='ltr'><strong>sed</strong></span> <span class='ocrx_word' id='word_1_15' title='bbox 1767 558 1986 645; x_wconf 86' lang='lat' dir='ltr'><strong>propter</strong></span> 
     </span>
    </p>
   </div>
   <div class='ocr_carea' id='block_1_4' title="bbox 402 641 1980 731">
    <p class='ocr_par' dir='ltr' id='par_1_4' title="bbox 402 641 1980 731">
     <span class='ocr_line' id='line_1_4' title="bbox 402 641 1980 731; baseline -0.016 -12"><span class='ocrx_word' id='word_1_16' title='bbox 402 641 466 721; x_wconf 79' lang='lat' dir='ltr'><strong>ea</strong></span> <span class='ocrx_word' id='word_1_17' title='bbox 505 641 622 731; x_wconf 66' lang='lat' dir='ltr'><strong>qua:</strong></span> <span class='ocrx_word' id='word_1_18' title='bbox 667 659 798 713; x_wconf 87' lang='lat' dir='ltr'><strong>facis</strong></span> <span class='ocrx_word' id='word_1_19' title='bbox 829 675 842 709; x_wconf 84' lang='lat'><strong>:</strong></span> <span class='ocrx_word' id='word_1_20' title='bbox 877 666 933 709; x_wconf 92' lang='lat' dir='ltr'><strong>tu</strong></span> <span class='ocrx_word' id='word_1_21' title='bbox 964 668 1116 719; x_wconf 91' lang='lat' dir='ltr'><strong>vero,</strong></span> <span class='ocrx_word' id='word_1_22' title='bbox 1141 652 1288 706; x_wconf 89' lang='lat' dir='ltr'><strong>illum</strong></span> <span class='ocrx_word' id='word_1_23' title='bbox 1319 650 1540 702; x_wconf 91' lang='lat' dir='ltr'><strong>mittens</strong></span> <span class='ocrx_word' id='word_1_24' title='bbox 1569 645 1849 716; x_wconf 84' lang='lat' dir='ltr'><strong>pudorem,</strong></span> <span class='ocrx_word' id='word_1_25' title='bbox 1876 641 1980 693; x_wconf 90' lang='lat' dir='ltr'><strong>hoc</strong></span> 
     </span>
    </p>
   </div>
   <div class='ocr_carea' id='block_1_5' title="bbox 410 734 1977 815">
    <p class='ocr_par' dir='ltr' id='par_1_5' title="bbox 410 734 1977 815">
     <span class='ocr_line' id='line_1_5' title="bbox 410 734 1977 815; baseline -0.016 -6"><span class='ocrx_word' id='word_1_26' title='bbox 410 751 748 809; x_wconf 65' lang='lat' dir='ltr'><strong>suffunderis.</strong></span> <span class='ocrx_word' id='word_1_27' title='bbox 793 749 955 802; x_wconf 91' lang='lat' dir='ltr'><strong>Deum</strong></span> <span class='ocrx_word' id='word_1_28' title='bbox 988 760 1116 815; x_wconf 90' lang='lat' dir='ltr'><strong>ergo</strong></span> <span class='ocrx_word' id='word_1_29' title='bbox 1143 742 1472 798; x_wconf 81' lang='lat' dir='ltr'><strong>condemnas</strong></span> <span class='ocrx_word' id='word_1_30' title='bbox 1497 739 1584 806; x_wconf 92' lang='lat' dir='ltr'><strong>qui</strong></span> <span class='ocrx_word' id='word_1_31' title='bbox 1614 738 1690 790; x_wconf 85' lang='lat' dir='ltr'><strong>sic</strong></span> <span class='ocrx_word' id='word_1_32' title='bbox 1720 734 1977 788; x_wconf 84' lang='lat' dir='ltr'><strong>decrevit.</strong></span> 
     </span>
    </p>
   </div>
   <div class='ocr_carea' id='block_1_6' title="bbox 407 825 1983 909">
    <p class='ocr_par' dir='ltr' id='par_1_6' title="bbox 407 825 1983 909">
     <span class='ocr_line' id='line_1_6' title="bbox 407 825 1983 909; baseline -0.014 -9"><span class='ocrx_word' id='word_1_33' title='bbox 407 845 588 900; x_wconf 85' lang='lat' dir='ltr'><strong>Dicam</strong></span> <span class='ocrx_word' id='word_1_34' title='bbox 616 840 885 909; x_wconf 90' lang='lat' dir='ltr'><strong>quomodo</strong></span> <span class='ocrx_word' id='word_1_35' title='bbox 907 847 986 891; x_wconf 89' lang='lat' dir='ltr'><strong>est</strong></span> <span class='ocrx_word' id='word_1_36' title='bbox 1011 842 1402 890; x_wconf 77' lang='lat' dir='ltr'><strong>sacramentum</strong></span> <span class='ocrx_word' id='word_1_37' title='bbox 1431 829 1719 884; x_wconf 74' lang='lat' dir='ltr'><strong>Ecclesize?</strong></span> <span class='ocrx_word' id='word_1_38' title='bbox 1740 825 1983 879; x_wconf 83' lang='lat' dir='ltr'><strong>Christus</strong></span> 
     </span>
    </p>
   </div>
   <div class='ocr_carea' id='block_1_7' title="bbox 409 926 1981 995">
    <p class='ocr_par' dir='ltr' id='par_1_7' title="bbox 409 926 1981 995">
     <span class='ocr_line' id='line_1_7' title="bbox 409 926 1981 995; baseline -0.012 -4"><span class='ocrx_word' id='word_1_39' title='bbox 409 937 557 992; x_wconf 84' lang='lat' dir='ltr'><strong>venit</strong></span> <span class='ocrx_word' id='word_1_40' title='bbox 586 934 655 989; x_wconf 88' lang='lat' dir='ltr'><strong>ad</strong></span> <span class='ocrx_word' id='word_1_41' title='bbox 690 932 1004 995; x_wconf 69' lang='lat' dir='ltr'><strong>Ecclesium,</strong></span> <span class='ocrx_word' id='word_1_42' title='bbox 1053 930 1141 983; x_wconf 90' lang='lat' dir='ltr'><strong>illa</strong></span> <span class='ocrx_word' id='word_1_43' title='bbox 1171 943 1237 982; x_wconf 83' lang='lat' dir='ltr'><strong>ex</strong></span> <span class='ocrx_word' id='word_1_44' title='bbox 1265 926 1381 995; x_wconf 90' lang='lat' dir='ltr'><strong>ipso</strong></span> <span class='ocrx_word' id='word_1_45' title='bbox 1409 933 1492 979; x_wconf 92' lang='lat' dir='ltr'><strong>est</strong></span> <span class='ocrx_word' id='word_1_46' title='bbox 1516 932 1653 984; x_wconf 88' lang='lat' dir='ltr'><strong>orta,</strong></span> <span class='ocrx_word' id='word_1_47' title='bbox 1679 930 1733 975; x_wconf 92' lang='lat' dir='ltr'><strong>et</strong></span> <span class='ocrx_word' id='word_1_48' title='bbox 1771 935 1889 972; x_wconf 90' lang='lat' dir='ltr'><strong>cum</strong></span> <span class='ocrx_word' id='word_1_49' title='bbox 1919 933 1981 972; x_wconf 90' lang='lat' dir='ltr'><strong>ea</strong></span> 
     </span>
    </p>
   </div>
   <div class='ocr_carea' id='block_1_8' title="bbox 406 1008 1982 1099">
    <p class='ocr_par' dir='ltr' id='par_1_8' title="bbox 406 1008 1982 1099">
     <span class='ocr_line' id='line_1_8' title="bbox 406 1008 1982 1099; baseline -0.014 -15"><span class='ocrx_word' id='word_1_50' title='bbox 406 1044 728 1099; x_wconf 81' lang='lat' dir='ltr'><strong>Congressus</strong></span> <span class='ocrx_word' id='word_1_51' title='bbox 771 1022 854 1080; x_wconf 81' lang='lat' dir='ltr'><strong>est</strong></span> <span class='ocrx_word' id='word_1_52' title='bbox 893 1035 1184 1093; x_wconf 86' lang='lat' dir='ltr'><strong>congressu</strong></span> <span class='ocrx_word' id='word_1_53' title='bbox 1229 1008 1515 1088; x_wconf 79' lang='lat' dir='ltr'><strong>spirituali.</strong></span> <span class='ocrx_word' id='word_1_54' title='bbox 1556 1013 1817 1083; x_wconf 81' lang='lat' dir='ltr'><strong>Despondi</strong></span> <span class='ocrx_word' id='word_1_55' title='bbox 1848 1013 1982 1065; x_wconf 87' lang='lat' dir='ltr'><strong>enim</strong></span> 
     </span>
    </p>
   </div>
   <div class='ocr_carea' id='block_1_9' title="bbox 407 1103 1978 1185">
    <p class='ocr_par' dir='ltr' id='par_1_9' title="bbox 407 1103 1978 1185">
     <span class='ocr_line' id='line_1_9' title="bbox 407 1103 1978 1185; baseline -0.011 -12"><span class='ocrx_word' id='word_1_56' title='bbox 407 1136 513 1183; x_wconf 78' lang='lat' dir='ltr'><strong>vos,</strong></span> <span class='ocrx_word' id='word_1_57' title='bbox 543 1118 730 1185; x_wconf 81' lang='lat' dir='ltr'><strong>inquit,</strong></span> <span class='ocrx_word' id='word_1_58' title='bbox 780 1116 867 1168; x_wconf 87' lang='lat' dir='ltr'><strong>uni</strong></span> <span class='ocrx_word' id='word_1_59' title='bbox 892 1116 999 1167; x_wconf 85' lang='lat' dir='ltr'><strong>viro</strong></span> <span class='ocrx_word' id='word_1_60' title='bbox 1026 1113 1268 1181; x_wconf 75' lang='lat' dir='ltr'><strong>virginem</strong></span> <span class='ocrx_word' id='word_1_61' title='bbox 1297 1118 1489 1163; x_wconf 82' lang='lat' dir='ltr'><strong>castam</strong></span> <span class='ocrx_word' id='word_1_62' title='bbox 1536 1106 1610 1177; x_wconf 75' lang='lat'><strong>(9...</strong></span> <span class='ocrx_word' id='word_1_63' title='bbox 1638 1106 1753 1159; x_wconf 82' lang='lat' dir='ltr'><strong>Cor.</strong></span> <span class='ocrx_word' id='word_1_64' title='bbox 1787 1105 1873 1157; x_wconf 82' lang='grc' dir='ltr'><strong>Η.</strong></span> <span class='ocrx_word' id='word_1_65' title='bbox 1899 1103 1978 1174; x_wconf 72' lang='grc'><strong>2).</strong></span> 
     </span>
    </p>
   </div>
   <div class='ocr_carea' id='block_1_10' title="bbox 407 1198 1982 1278">
    <p class='ocr_par' dir='ltr' id='par_1_10' title="bbox 407 1198 1982 1278">
     <span class='ocr_line' id='line_1_10' title="bbox 407 1198 1982 1278; baseline -0.01 -13"><span class='ocrx_word' id='word_1_66' title='bbox 407 1209 560 1278; x_wconf 85' lang='lat' dir='ltr'><strong>Quod</strong></span> <span class='ocrx_word' id='word_1_67' title='bbox 583 1219 757 1262; x_wconf 89' lang='lat' dir='ltr'><strong>autem</strong></span> <span class='ocrx_word' id='word_1_68' title='bbox 785 1223 848 1260; x_wconf 83' lang='lat' dir='ltr'><strong>ex</strong></span> <span class='ocrx_word' id='word_1_69' title='bbox 881 1207 996 1275; x_wconf 88' lang='lat' dir='ltr'><strong>ipso</strong></span> <span class='ocrx_word' id='word_1_70' title='bbox 1023 1206 1211 1267; x_wconf 91' lang='lat' dir='ltr'><strong>simus,</strong></span> <span class='ocrx_word' id='word_1_71' title='bbox 1242 1210 1297 1256; x_wconf 89' lang='lat' dir='ltr'><strong>et</strong></span> <span class='ocrx_word' id='word_1_72' title='bbox 1317 1218 1381 1255; x_wconf 82' lang='lat' dir='ltr'><strong>ex</strong></span> <span class='ocrx_word' id='word_1_73' title='bbox 1415 1199 1668 1255; x_wconf 82' lang='lat' dir='ltr'><strong>membris</strong></span> <span class='ocrx_word' id='word_1_74' title='bbox 1694 1198 1810 1278; x_wconf 76' lang='lat' dir='ltr'><strong>ejus</strong></span> <span class='ocrx_word' id='word_1_75' title='bbox 1836 1206 1889 1250; x_wconf 92' lang='lat' dir='ltr'><strong>et</strong></span> <span class='ocrx_word' id='word_1_76' title='bbox 1917 1212 1982 1251; x_wconf 82' lang='lat' dir='ltr'><strong>ex</strong></span> 
     </span>
    </p>
   </div>
   <div class='ocr_carea' id='block_1_11' title="bbox 407 1291 1984 1368">
    <p class='ocr_par' dir='ltr' id='par_1_11' title="bbox 407 1291 1984 1368">
     <span class='ocr_line' id='line_1_11' title="bbox 407 1291 1984 1368; baseline -0.01 -12"><span class='ocrx_word' id='word_1_77' title='bbox 407 1316 570 1356; x_wconf 90' lang='lat' dir='ltr'><strong>carne</strong></span> <span class='ocrx_word' id='word_1_78' title='bbox 624 1299 761 1368; x_wconf 85' lang='lat' dir='ltr'><strong>ejus,</strong></span> <span class='ocrx_word' id='word_1_79' title='bbox 793 1297 915 1350; x_wconf 89' lang='lat' dir='ltr'><strong>audi</strong></span> <span class='ocrx_word' id='word_1_80' title='bbox 965 1294 1233 1365; x_wconf 91' lang='lat' dir='ltr'><strong>quomodo</strong></span> <span class='ocrx_word' id='word_1_81' title='bbox 1277 1293 1437 1347; x_wconf 81' lang='lat' dir='ltr'><strong>dicat.</strong></span> <span class='ocrx_word' id='word_1_82' title='bbox 1484 1291 1607 1345; x_wconf 78' lang='lat' dir='ltr'><strong>llaec</strong></span> <span class='ocrx_word' id='word_1_83' title='bbox 1649 1300 1825 1343; x_wconf 91' lang='lat' dir='ltr'><strong>autem</strong></span> <span class='ocrx_word' id='word_1_84' title='bbox 1866 1303 1984 1341; x_wconf 81' lang='lat' dir='ltr'><strong>om-</strong></span> 
     </span>
    </p>
   </div>
   <div class='ocr_carea' id='block_1_12' title="bbox 408 1379 1981 1453">
    <p class='ocr_par' dir='ltr' id='par_1_12' title="bbox 408 1379 1981 1453">
     <span class='ocr_line' id='line_1_12' title="bbox 408 1379 1981 1453; baseline -0.008 -6"><span class='ocrx_word' id='word_1_85' title='bbox 408 1394 493 1447; x_wconf 90' lang='lat' dir='ltr'><strong>nia</strong></span> <span class='ocrx_word' id='word_1_86' title='bbox 516 1400 695 1445; x_wconf 87' lang='lat' dir='ltr'><strong>mente</strong></span> <span class='ocrx_word' id='word_1_87' title='bbox 720 1398 1017 1451; x_wconf 77' lang='lat' dir='ltr'><strong>versantes,</strong></span> <span class='ocrx_word' id='word_1_88' title='bbox 1066 1401 1136 1440; x_wconf 89' lang='lat' dir='ltr'><strong>ne</strong></span> <span class='ocrx_word' id='word_1_89' title='bbox 1166 1394 1368 1438; x_wconf 90' lang='lat' dir='ltr'><strong>tantum</strong></span> <span class='ocrx_word' id='word_1_90' title='bbox 1405 1383 1715 1453; x_wconf 83' lang='lat' dir='ltr'><strong>mysterium</strong></span> <span class='ocrx_word' id='word_1_91' title='bbox 1776 1379 1981 1450; x_wconf 92' lang='lat' dir='ltr'><strong>pudore</strong></span> 
     </span>
    </p>
   </div>
   <div class='ocr_carea' id='block_1_13' title="bbox 406 1474 1985 1548">
    <p class='ocr_par' dir='ltr' id='par_1_13' title="bbox 406 1474 1985 1548">
     <span class='ocr_line' id='line_1_13' title="bbox 406 1474 1985 1548; baseline -0.009 -10"><span class='ocrx_word' id='word_1_92' title='bbox 406 1486 719 1540; x_wconf 83' lang='lat' dir='ltr'><strong>afﬁciamus.</strong></span> <span class='ocrx_word' id='word_1_93' title='bbox 769 1480 967 1536; x_wconf 87' lang='lat' dir='ltr'><strong>Christi</strong></span> <span class='ocrx_word' id='word_1_94' title='bbox 1020 1479 1317 1548; x_wconf 70' lang='lat' dir='ltr'><strong>prtesentiae</strong></span> <span class='ocrx_word' id='word_1_95' title='bbox 1366 1487 1520 1544; x_wconf 75' lang='lat' dir='ltr'><strong>typus</strong></span> <span class='ocrx_word' id='word_1_96' title='bbox 1571 1483 1653 1528; x_wconf 89' lang='lat' dir='ltr'><strong>est</strong></span> <span class='ocrx_word' id='word_1_97' title='bbox 1705 1474 1985 1527; x_wconf 90' lang='lat' dir='ltr'><strong>matrimo-</strong></span> 
     </span>
    </p>
   </div>
   <div class='ocr_carea' id='block_1_14' title="bbox 406 1565 1983 1642">
    <p class='ocr_par' dir='ltr' id='par_1_14' title="bbox 406 1565 1983 1642">
     <span class='ocr_line' id='line_1_14' title="bbox 406 1565 1983 1642; baseline -0.01 -10"><span class='ocrx_word' id='word_1_98' title='bbox 406 1579 574 1642; x_wconf 86' lang='lat' dir='ltr'><strong>nium,</strong></span> <span class='ocrx_word' id='word_1_99' title='bbox 610 1587 664 1630; x_wconf 91' lang='lat' dir='ltr'><strong>tu</strong></span> <span class='ocrx_word' id='word_1_100' title='bbox 691 1590 819 1629; x_wconf 88' lang='lat' dir='ltr'><strong>vero</strong></span> <span class='ocrx_word' id='word_1_101' title='bbox 848 1572 1170 1627; x_wconf 90' lang='lat' dir='ltr'><strong>inebriaris?</strong></span> <span class='ocrx_word' id='word_1_102' title='bbox 1202 1572 1295 1624; x_wconf 90' lang='lat' dir='ltr'><strong>Dic</strong></span> <span class='ocrx_word' id='word_1_103' title='bbox 1336 1570 1464 1622; x_wconf 92' lang='lat' dir='ltr'><strong>mihi</strong></span> <span class='ocrx_word' id='word_1_104' title='bbox 1485 1609 1500 1633; x_wconf 96' lang='lat'><strong>,</strong></span> <span class='ocrx_word' id='word_1_105' title='bbox 1534 1567 1577 1621; x_wconf 88' lang='lat' dir='ltr'><strong>si</strong></span> <span class='ocrx_word' id='word_1_106' title='bbox 1610 1568 1750 1635; x_wconf 86' lang='lat' dir='ltr'><strong>regis</strong></span> <span class='ocrx_word' id='word_1_107' title='bbox 1773 1565 1983 1619; x_wconf 75' lang='lat' dir='ltr'><strong>videres</strong></span> 
     </span>
    </p>
   </div>
   <div class='ocr_carea' id='block_1_15' title="bbox 408 1659 1979 1737">
    <p class='ocr_par' dir='ltr' id='par_1_15' title="bbox 408 1659 1979 1737">
     <span class='ocr_line' id='line_1_15' title="bbox 408 1659 1979 1737; baseline -0.008 -15"><span class='ocrx_word' id='word_1_108' title='bbox 408 1669 724 1737; x_wconf 81' lang='lat' dir='ltr'><strong>imaginem,</strong></span> <span class='ocrx_word' id='word_1_109' title='bbox 775 1681 900 1719; x_wconf 92' lang='lat' dir='ltr'><strong>num</strong></span> <span class='ocrx_word' id='word_1_110' title='bbox 929 1680 1045 1719; x_wconf 86' lang='lat' dir='ltr'><strong>eam</strong></span> <span class='ocrx_word' id='word_1_111' title='bbox 1081 1663 1277 1732; x_wconf 89' lang='lat' dir='ltr'><strong>probro</strong></span> <span class='ocrx_word' id='word_1_112' title='bbox 1302 1660 1586 1714; x_wconf 86' lang='lat' dir='ltr'><strong>afliceres?</strong></span> <span class='ocrx_word' id='word_1_113' title='bbox 1615 1659 1979 1727; x_wconf 76' lang='lat' dir='ltr'><strong>Nequaquam.</strong></span> 
     </span>
    </p>
   </div>
   <div class='ocr_carea' id='block_1_16' title="bbox 408 1750 1985 1828">
    <p class='ocr_par' dir='ltr' id='par_1_16' title="bbox 408 1750 1985 1828">
     <span class='ocr_line' id='line_1_16' title="bbox 408 1750 1985 1828; baseline -0.007 -14"><span class='ocrx_word' id='word_1_114' title='bbox 408 1760 667 1815; x_wconf 83' lang='lat' dir='ltr'><strong>Videntur</strong></span> <span class='ocrx_word' id='word_1_115' title='bbox 708 1758 923 1828; x_wconf 90' lang='lat' dir='ltr'><strong>quidem</strong></span> <span class='ocrx_word' id='word_1_116' title='bbox 970 1773 1056 1810; x_wconf 89' lang='lat' dir='ltr'><strong>res</strong></span> <span class='ocrx_word' id='word_1_117' title='bbox 1113 1770 1232 1809; x_wconf 89' lang='lat' dir='ltr'><strong>esse</strong></span> <span class='ocrx_word' id='word_1_118' title='bbox 1276 1753 1640 1808; x_wconf 87' lang='lat' dir='ltr'><strong>indifferentes</strong></span> <span class='ocrx_word' id='word_1_119' title='bbox 1683 1768 1803 1822; x_wconf 65' lang='lat' dir='ltr'><strong>qua:</strong></span> <span class='ocrx_word' id='word_1_120' title='bbox 1851 1750 1985 1803; x_wconf 82' lang='lat' dir='ltr'><strong>fiunt</strong></span> 
     </span>
    </p>
   </div>
   <div class='ocr_carea' id='block_1_17' title="bbox 403 1848 1981 1913">
    <p class='ocr_par' dir='ltr' id='par_1_17' title="bbox 403 1848 1981 1913">
     <span class='ocr_line' id='line_1_17' title="bbox 403 1848 1981 1913; baseline -0.006 -8"><span class='ocrx_word' id='word_1_121' title='bbox 403 1852 544 1905; x_wconf 83' lang='lat' dir='ltr'><strong>circa</strong></span> <span class='ocrx_word' id='word_1_122' title='bbox 594 1848 1023 1911; x_wconf 87' lang='lat' dir='ltr'><strong>matrimonium;</strong></span> <span class='ocrx_word' id='word_1_123' title='bbox 1071 1857 1194 1899; x_wconf 91' lang='lat' dir='ltr'><strong>sunt</strong></span> <span class='ocrx_word' id='word_1_124' title='bbox 1239 1855 1417 1900; x_wconf 89' lang='lat' dir='ltr'><strong>autem</strong></span> <span class='ocrx_word' id='word_1_125' title='bbox 1460 1859 1776 1913; x_wconf 86' lang='lat' dir='ltr'><strong>magnorum</strong></span> <span class='ocrx_word' id='word_1_126' title='bbox 1801 1858 1981 1897; x_wconf 75' lang='lat' dir='ltr'><strong>causa:</strong></span> 
     </span>
    </p>
   </div>
   <div class='ocr_carea' id='block_1_18' title="bbox 404 1934 1984 2007">
    <p class='ocr_par' dir='ltr' id='par_1_18' title="bbox 404 1934 1984 2007">
     <span class='ocr_line' id='line_1_18' title="bbox 404 1934 1984 2007; baseline -0.007 -11"><span class='ocrx_word' id='word_1_127' title='bbox 404 1942 687 1996; x_wconf 88' lang='lat' dir='ltr'><strong>malorum.</strong></span> <span class='ocrx_word' id='word_1_128' title='bbox 724 1940 914 1994; x_wconf 85' lang='lat' dir='ltr'><strong>Omnia</strong></span> <span class='ocrx_word' id='word_1_129' title='bbox 948 1949 1075 1993; x_wconf 84' lang='lat' dir='ltr'><strong>sunt</strong></span> <span class='ocrx_word' id='word_1_130' title='bbox 1104 1938 1256 2007; x_wconf 90' lang='lat' dir='ltr'><strong>plena</strong></span> <span class='ocrx_word' id='word_1_131' title='bbox 1289 1936 1591 2005; x_wconf 82' lang='lat' dir='ltr'><strong>iniquitate.</strong></span> <span class='ocrx_word' id='word_1_132' title='bbox 1623 1934 1906 2003; x_wconf 84' lang='lat' dir='ltr'><strong>Turpitudo</strong></span> <span class='ocrx_word' id='word_1_133' title='bbox 1934 1945 1984 1986; x_wconf 81' lang='lat' dir='ltr'><strong>et</strong></span> 
     </span>
    </p>
   </div>
   <div class='ocr_carea' id='block_1_19' title="bbox 402 2028 1981 2100">
    <p class='ocr_par' dir='ltr' id='par_1_19' title="bbox 402 2028 1981 2100">
     <span class='ocr_line' id='line_1_19' title="bbox 402 2028 1981 2100; baseline -0.004 -14"><span class='ocrx_word' id='word_1_134' title='bbox 402 2032 791 2100; x_wconf 69' lang='lat' dir='ltr'><strong>stultiloquium,</strong></span> <span class='ocrx_word' id='word_1_135' title='bbox 822 2038 867 2082; x_wconf 86' lang='lat' dir='ltr'><strong>et</strong></span> <span class='ocrx_word' id='word_1_136' title='bbox 890 2031 1105 2082; x_wconf 81' lang='lat' dir='ltr'><strong>scurrile</strong></span> <span class='ocrx_word' id='word_1_137' title='bbox 1131 2028 1363 2093; x_wconf 85' lang='lat' dir='ltr'><strong>verbum,</strong></span> <span class='ocrx_word' id='word_1_138' title='bbox 1400 2028 1591 2097; x_wconf 90' lang='lat' dir='ltr'><strong>inquit,</strong></span> <span class='ocrx_word' id='word_1_139' title='bbox 1615 2043 1677 2079; x_wconf 85' lang='lat' dir='ltr'><strong>ea:</strong></span> <span class='ocrx_word' id='word_1_140' title='bbox 1703 2043 1788 2080; x_wconf 90' lang='lat' dir='ltr'><strong>ore</strong></span> <span class='ocrx_word' id='word_1_141' title='bbox 1814 2036 1981 2079; x_wconf 74' lang='lat' dir='ltr'><strong>vestro</strong></span> 
     </span>
    </p>
   </div>
   <div class='ocr_carea' id='block_1_20' title="bbox 406 2119 1981 2191">
    <p class='ocr_par' dir='ltr' id='par_1_20' title="bbox 406 2119 1981 2191">
     <span class='ocr_line' id='line_1_20' title="bbox 406 2119 1981 2191; baseline -0.002 -16"><span class='ocrx_word' id='word_1_142' title='bbox 406 2138 507 2175; x_wconf 86' lang='lat' dir='ltr'><strong>non</strong></span> <span class='ocrx_word' id='word_1_143' title='bbox 535 2130 675 2173; x_wconf 76' lang='lat' dir='ltr'><strong>exeat</strong></span> <span class='ocrx_word' id='word_1_144' title='bbox 726 2120 943 2191; x_wconf 77' lang='lat' dir='ltr'><strong>(Ephes.</strong></span> <span class='ocrx_word' id='word_1_145' title='bbox 973 2120 1028 2175; x_wconf 85' lang='lat'><strong>5.</strong></span> <span class='ocrx_word' id='word_1_146' title='bbox 1060 2122 1135 2184; x_wconf 73' lang='grc'><strong>4).</strong></span> <span class='ocrx_word' id='word_1_147' title='bbox 1168 2120 1357 2174; x_wconf 81' lang='lat' dir='ltr'><strong>Omnia</strong></span> <span class='ocrx_word' id='word_1_148' title='bbox 1386 2129 1563 2173; x_wconf 90' lang='lat' dir='ltr'><strong>autem</strong></span> <span class='ocrx_word' id='word_1_149' title='bbox 1596 2119 1687 2173; x_wconf 82' lang='lat' dir='ltr'><strong>illa</strong></span> <span class='ocrx_word' id='word_1_150' title='bbox 1717 2127 1841 2172; x_wconf 92' lang='lat' dir='ltr'><strong>sunt</strong></span> <span class='ocrx_word' id='word_1_151' title='bbox 1870 2127 1981 2172; x_wconf 94' lang='lat' dir='ltr'><strong>tur-</strong></span> 
     </span>
    </p>
   </div>
   <div class='ocr_carea' id='block_1_21' title="bbox 402 2212 1978 2283">
    <p class='ocr_par' dir='ltr' id='par_1_21' title="bbox 402 2212 1978 2283">
     <span class='ocr_line' id='line_1_21' title="bbox 402 2212 1978 2283; baseline -0.002 -17"><span class='ocrx_word' id='word_1_152' title='bbox 402 2213 587 2282; x_wconf 90' lang='lat' dir='ltr'><strong>pitudo</strong></span> <span class='ocrx_word' id='word_1_153' title='bbox 627 2221 682 2268; x_wconf 90' lang='lat' dir='ltr'><strong>et</strong></span> <span class='ocrx_word' id='word_1_154' title='bbox 701 2214 1096 2283; x_wconf 88' lang='lat' dir='ltr'><strong>stultiloquium</strong></span> <span class='ocrx_word' id='word_1_155' title='bbox 1140 2221 1195 2268; x_wconf 91' lang='lat' dir='ltr'><strong>et</strong></span> <span class='ocrx_word' id='word_1_156' title='bbox 1237 2214 1570 2279; x_wconf 87' lang='lat' dir='ltr'><strong>scurrilitas,</strong></span> <span class='ocrx_word' id='word_1_157' title='bbox 1621 2228 1727 2266; x_wconf 92' lang='lat' dir='ltr'><strong>non</strong></span> <span class='ocrx_word' id='word_1_158' title='bbox 1770 2212 1978 2275; x_wconf 83' lang='lat' dir='ltr'><strong>leviter,</strong></span> 
     </span>
    </p>
   </div>
   <div class='ocr_carea' id='block_1_22' title="bbox 402 2304 1982 2374">
    <p class='ocr_par' dir='ltr' id='par_1_22' title="bbox 402 2304 1982 2374">
     <span class='ocr_line' id='line_1_22' title="bbox 402 2304 1982 2374; baseline -0.002 -14"><span class='ocrx_word' id='word_1_159' title='bbox 402 2306 496 2360; x_wconf 88' lang='lat' dir='ltr'><strong>sed</strong></span> <span class='ocrx_word' id='word_1_160' title='bbox 522 2321 679 2374; x_wconf 88' lang='lat' dir='ltr'><strong>supra</strong></span> <span class='ocrx_word' id='word_1_161' title='bbox 706 2305 945 2360; x_wconf 91' lang='lat' dir='ltr'><strong>modum.</strong></span> <span class='ocrx_word' id='word_1_162' title='bbox 972 2308 1074 2360; x_wconf 89' lang='lat' dir='ltr'><strong>Ars</strong></span> <span class='ocrx_word' id='word_1_163' title='bbox 1111 2308 1253 2360; x_wconf 89' lang='lat' dir='ltr'><strong>enim</strong></span> <span class='ocrx_word' id='word_1_164' title='bbox 1282 2316 1364 2359; x_wconf 89' lang='lat' dir='ltr'><strong>est</strong></span> <span class='ocrx_word' id='word_1_165' title='bbox 1392 2305 1514 2369; x_wconf 93' lang='lat' dir='ltr'><strong>hoc,</strong></span> <span class='ocrx_word' id='word_1_166' title='bbox 1545 2314 1598 2359; x_wconf 90' lang='lat' dir='ltr'><strong>et</strong></span> <span class='ocrx_word' id='word_1_167' title='bbox 1630 2320 1872 2372; x_wconf 86' lang='lat' dir='ltr'><strong>magnam</strong></span> <span class='ocrx_word' id='word_1_168' title='bbox 1902 2304 1982 2357; x_wconf 85' lang='lat' dir='ltr'><strong>af-</strong></span> 
     </span>
    </p>
   </div>
   <div class='ocr_carea' id='block_1_23' title="bbox 402 2396 1983 2467">
    <p class='ocr_par' dir='ltr' id='par_1_23' title="bbox 402 2396 1983 2467">
     <span class='ocr_line' id='line_1_23' title="bbox 402 2396 1983 2467; baseline -0.001 -15"><span class='ocrx_word' id='word_1_169' title='bbox 402 2398 505 2452; x_wconf 90' lang='lat' dir='ltr'><strong>fert</strong></span> <span class='ocrx_word' id='word_1_170' title='bbox 549 2398 757 2452; x_wconf 89' lang='lat' dir='ltr'><strong>laudem</strong></span> <span class='ocrx_word' id='word_1_171' title='bbox 805 2400 870 2451; x_wconf 91' lang='lat' dir='ltr'><strong>iis</strong></span> <span class='ocrx_word' id='word_1_172' title='bbox 914 2397 1004 2467; x_wconf 88' lang='lat' dir='ltr'><strong>qui</strong></span> <span class='ocrx_word' id='word_1_173' title='bbox 1031 2414 1147 2452; x_wconf 88' lang='lat' dir='ltr'><strong>eam</strong></span> <span class='ocrx_word' id='word_1_174' title='bbox 1193 2407 1449 2453; x_wconf 75' lang='lat' dir='ltr'><strong>exercent</strong></span> <span class='ocrx_word' id='word_1_175' title='bbox 1491 2416 1504 2451; x_wconf 89' lang='lat'><strong>:</strong></span> <span class='ocrx_word' id='word_1_176' title='bbox 1547 2413 1634 2452; x_wconf 89' lang='lat' dir='ltr'><strong>ars</strong></span> <span class='ocrx_word' id='word_1_177' title='bbox 1678 2396 1812 2451; x_wconf 88' lang='lat' dir='ltr'><strong>facta</strong></span> <span class='ocrx_word' id='word_1_178' title='bbox 1857 2405 1983 2451; x_wconf 90' lang='lat' dir='ltr'><strong>sunt</strong></span> 
     </span>
    </p>
   </div>
   <div class='ocr_carea' id='block_1_24' title="bbox 401 2490 1981 2569">
    <p class='ocr_par' dir='ltr' id='par_1_24' title="bbox 401 2490 1981 2569">
     <span class='ocr_line' id='line_1_24' title="bbox 401 2490 1981 2569; baseline 0.001 -25"><span class='ocrx_word' id='word_1_179' title='bbox 401 2500 639 2559; x_wconf 87' lang='lat' dir='ltr'><strong>peccata.</strong></span> <span class='ocrx_word' id='word_1_180' title='bbox 667 2490 785 2545; x_wconf 89' lang='lat' dir='ltr'><strong>Non</strong></span> <span class='ocrx_word' id='word_1_181' title='bbox 820 2492 1010 2546; x_wconf 83' lang='lat' dir='ltr'><strong>leviter</strong></span> <span class='ocrx_word' id='word_1_182' title='bbox 1034 2506 1095 2545; x_wconf 87' lang='lat' dir='ltr'><strong>ea</strong></span> <span class='ocrx_word' id='word_1_183' title='bbox 1134 2500 1448 2569; x_wconf 80' lang='lat' dir='ltr'><strong>tractamus,</strong></span> <span class='ocrx_word' id='word_1_184' title='bbox 1476 2493 1571 2547; x_wconf 93' lang='lat' dir='ltr'><strong>sed</strong></span> <span class='ocrx_word' id='word_1_185' title='bbox 1603 2492 1843 2546; x_wconf 89' lang='lat' dir='ltr'><strong>adhibito</strong></span> <span class='ocrx_word' id='word_1_186' title='bbox 1869 2502 1981 2545; x_wconf 87' lang='lat' dir='ltr'><strong>stu-</strong></span> 
     </span>
    </p>
   </div>
   <div class='ocr_carea' id='block_1_25' title="bbox 402 2583 1979 2655">
    <p class='ocr_par' dir='ltr' id='par_1_25' title="bbox 402 2583 1979 2655">
     <span class='ocr_line' id='line_1_25' title="bbox 402 2583 1979 2655; baseline 0.002 -18"><span class='ocrx_word' id='word_1_187' title='bbox 402 2583 493 2637; x_wconf 90' lang='lat' dir='ltr'><strong>dio</strong></span> <span class='ocrx_word' id='word_1_188' title='bbox 537 2592 591 2637; x_wconf 91' lang='lat' dir='ltr'><strong>et</strong></span> <span class='ocrx_word' id='word_1_189' title='bbox 630 2585 851 2639; x_wconf 85' lang='lat' dir='ltr'><strong>scientia</strong></span> <span class='ocrx_word' id='word_1_190' title='bbox 871 2626 883 2647; x_wconf 93' lang='lat'><strong>,</strong></span> <span class='ocrx_word' id='word_1_191' title='bbox 918 2594 972 2638; x_wconf 90' lang='lat' dir='ltr'><strong>et</strong></span> <span class='ocrx_word' id='word_1_192' title='bbox 1001 2585 1067 2639; x_wconf 89' lang='lat' dir='ltr'><strong>de</strong></span> <span class='ocrx_word' id='word_1_193' title='bbox 1093 2596 1291 2640; x_wconf 85' lang='lat' dir='ltr'><strong>caetero</strong></span> <span class='ocrx_word' id='word_1_194' title='bbox 1320 2586 1566 2640; x_wconf 83' lang='lat' dir='ltr'><strong>diabolus</strong></span> <span class='ocrx_word' id='word_1_195' title='bbox 1596 2596 1675 2641; x_wconf 89' lang='lat' dir='ltr'><strong>est</strong></span> <span class='ocrx_word' id='word_1_196' title='bbox 1707 2586 1979 2655; x_wconf 83' lang='lat' dir='ltr'><strong>copiarum</strong></span> 
     </span>
    </p>
   </div>
   <div class='ocr_carea' id='block_1_26' title="bbox 401 2674 1983 2745">
    <p class='ocr_par' dir='ltr' id='par_1_26' title="bbox 401 2674 1983 2745">
     <span class='ocr_line' id='line_1_26' title="bbox 401 2674 1983 2745; baseline 0.004 -18"><span class='ocrx_word' id='word_1_197' title='bbox 401 2690 619 2728; x_wconf 90' lang='lat' dir='ltr'><strong>suarum</strong></span> <span class='ocrx_word' id='word_1_198' title='bbox 647 2674 755 2729; x_wconf 78' lang='lat' dir='ltr'><strong>dux</strong></span> <span class='ocrx_word' id='word_1_199' title='bbox 793 2676 1176 2745; x_wconf 89' lang='lat' dir='ltr'><strong>etimperator.</strong></span> <span class='ocrx_word' id='word_1_200' title='bbox 1208 2677 1303 2732; x_wconf 85' lang='lat' dir='ltr'><strong>Ubi</strong></span> <span class='ocrx_word' id='word_1_201' title='bbox 1330 2688 1413 2732; x_wconf 77' lang='lat' dir='ltr'><strong>est</strong></span> <span class='ocrx_word' id='word_1_202' title='bbox 1446 2678 1588 2732; x_wconf 89' lang='lat' dir='ltr'><strong>enim</strong></span> <span class='ocrx_word' id='word_1_203' title='bbox 1628 2679 1878 2743; x_wconf 87' lang='lat' dir='ltr'><strong>ebrietas,</strong></span> <span class='ocrx_word' id='word_1_204' title='bbox 1900 2688 1983 2733; x_wconf 82' lang='lat' dir='ltr'><strong>est</strong></span> 
     </span>
    </p>
   </div>
   <div class='ocr_carea' id='block_1_27' title="bbox 401 2766 1979 2833">
    <p class='ocr_par' dir='ltr' id='par_1_27' title="bbox 401 2766 1979 2833">
     <span class='ocr_line' id='line_1_27' title="bbox 401 2766 1979 2833; baseline 0.003 -14"><span class='ocrx_word' id='word_1_205' title='bbox 401 2776 456 2819; x_wconf 91' lang='lat' dir='ltr'><strong>ct</strong></span> <span class='ocrx_word' id='word_1_206' title='bbox 487 2766 698 2820; x_wconf 75' lang='lat' dir='ltr'><strong>lascivia</strong></span> <span class='ocrx_word' id='word_1_207' title='bbox 724 2783 738 2831; x_wconf 88' lang='lat'><strong>;</strong></span> <span class='ocrx_word' id='word_1_208' title='bbox 776 2766 867 2820; x_wconf 89' lang='lat' dir='ltr'><strong>ubi</strong></span> <span class='ocrx_word' id='word_1_209' title='bbox 896 2782 1073 2821; x_wconf 89' lang='lat' dir='ltr'><strong>sermo</strong></span> <span class='ocrx_word' id='word_1_210' title='bbox 1095 2768 1404 2833; x_wconf 73' lang='lat' dir='ltr'><strong>obscmnus,</strong></span> <span class='ocrx_word' id='word_1_211' title='bbox 1435 2770 1587 2823; x_wconf 85' lang='lat' dir='ltr'><strong>adest</strong></span> <span class='ocrx_word' id='word_1_212' title='bbox 1613 2770 1858 2823; x_wconf 85' lang='lat' dir='ltr'><strong>diabolus</strong></span> <span class='ocrx_word' id='word_1_213' title='bbox 1884 2784 1979 2823; x_wconf 87' lang='lat' dir='ltr'><strong>sua</strong></span> 
     </span>
    </p>
   </div>
   <div class='ocr_carea' id='block_1_28' title="bbox 400 2858 1977 2932">
    <p class='ocr_par' dir='ltr' id='par_1_28' title="bbox 400 2858 1977 2932">
     <span class='ocr_line' id='line_1_28' title="bbox 400 2858 1977 2932; baseline 0.001 -19"><span class='ocrx_word' id='word_1_214' title='bbox 400 2858 647 2913; x_wconf 73' lang='lat' dir='ltr'><strong>efferens.</strong></span> <span class='ocrx_word' id='word_1_215' title='bbox 676 2858 807 2913; x_wconf 89' lang='lat' dir='ltr'><strong>Ctnn</strong></span> <span class='ocrx_word' id='word_1_216' title='bbox 837 2859 921 2913; x_wconf 86' lang='lat' dir='ltr'><strong>his</strong></span> <span class='ocrx_word' id='word_1_217' title='bbox 946 2861 1254 2926; x_wconf 87' lang='lat' dir='ltr'><strong>convivans,</strong></span> <span class='ocrx_word' id='word_1_218' title='bbox 1287 2862 1605 2932; x_wconf 68' lang='lat' dir='ltr'><strong>dic,qnaaso,</strong></span> <span class='ocrx_word' id='word_1_219' title='bbox 1635 2860 1831 2916; x_wconf 86' lang='lat' dir='ltr'><strong>Christi</strong></span> <span class='ocrx_word' id='word_1_220' title='bbox 1860 2879 1977 2932; x_wconf 89' lang='lat' dir='ltr'><strong>my-</strong></span> 
     </span>
    </p>
   </div>
   <div class='ocr_carea' id='block_1_29' title="bbox 400 2953 1980 3037">
    <p class='ocr_par' dir='ltr' id='par_1_29' title="bbox 400 2953 1980 3037">
     <span class='ocr_line' id='line_1_29' title="bbox 400 2953 1980 3037; baseline 0.004 -33"><span class='ocrx_word' id='word_1_221' title='bbox 400 2953 619 3005; x_wconf 86' lang='lat' dir='ltr'><strong>sterium</strong></span> <span class='ocrx_word' id='word_1_222' title='bbox 653 2953 861 3022; x_wconf 83' lang='lat' dir='ltr'><strong>peragis</strong></span> <span class='ocrx_word' id='word_1_223' title='bbox 881 2993 896 3016; x_wconf 96' lang='lat'><strong>,</strong></span> <span class='ocrx_word' id='word_1_224' title='bbox 926 2961 982 3007; x_wconf 88' lang='lat' dir='ltr'><strong>et</strong></span> <span class='ocrx_word' id='word_1_225' title='bbox 1008 2953 1277 3008; x_wconf 89' lang='lat' dir='ltr'><strong>diabolum</strong></span> <span class='ocrx_word' id='word_1_226' title='bbox 1307 2954 1564 3009; x_wconf 83' lang='lat' dir='ltr'><strong>invocas?</strong></span> <span class='ocrx_word' id='word_1_227' title='bbox 1593 2954 1676 3010; x_wconf 82' lang='lat' dir='ltr'><strong>Me</strong></span> <span class='ocrx_word' id='word_1_228' title='bbox 1702 2956 1845 3037; x_wconf 67' lang='lat' dir='ltr'><strong>forte</strong></span> <span class='ocrx_word' id='word_1_229' title='bbox 1867 2958 1980 3011; x_wconf 79' lang='lat' dir='ltr'><strong>exi-</strong></span> 
     </span>
    </p>
   </div>
   <div class='ocr_carea' id='block_1_30' title="bbox 400 3044 1980 3118">
    <p class='ocr_par' dir='ltr' id='par_1_30' title="bbox 400 3044 1980 3118">
     <span class='ocr_line' id='line_1_30' title="bbox 400 3044 1980 3118; baseline 0.004 -22"><span class='ocrx_word' id='word_1_230' title='bbox 400 3044 630 3097; x_wconf 72' lang='lat' dir='ltr'><strong>Stimatis</strong></span> <span class='ocrx_word' id='word_1_231' title='bbox 654 3058 869 3114; x_wconf 81' lang='lat' dir='ltr'><strong>gravem</strong></span> <span class='ocrx_word' id='word_1_232' title='bbox 896 3055 949 3099; x_wconf 91' lang='lat' dir='ltr'><strong>et</strong></span> <span class='ocrx_word' id='word_1_233' title='bbox 971 3045 1351 3115; x_wconf 90' lang='lat' dir='ltr'><strong>importunum.</strong></span> <span class='ocrx_word' id='word_1_234' title='bbox 1376 3045 1508 3099; x_wconf 86' lang='lat' dir='ltr'><strong>Nam</strong></span> <span class='ocrx_word' id='word_1_235' title='bbox 1539 3045 1641 3101; x_wconf 92' lang='lat' dir='ltr'><strong>hoc</strong></span> <span class='ocrx_word' id='word_1_236' title='bbox 1665 3062 1877 3118; x_wconf 92' lang='lat' dir='ltr'><strong>quoque</strong></span> <span class='ocrx_word' id='word_1_237' title='bbox 1898 3056 1980 3103; x_wconf 89' lang='lat' dir='ltr'><strong>est</strong></span> 
     </span>
    </p>
   </div>
   <div class='ocr_carea' id='block_1_31' title="bbox 398 3133 1980 3206">
    <p class='ocr_par' dir='ltr' id='par_1_31' title="bbox 398 3133 1980 3206">
     <span class='ocr_line' id='line_1_31' title="bbox 398 3133 1980 3206; baseline 0.004 -19"><span class='ocrx_word' id='word_1_238' title='bbox 398 3133 583 3188; x_wconf 77' lang='lat' dir='ltr'><strong>multa:</strong></span> <span class='ocrx_word' id='word_1_239' title='bbox 628 3136 1007 3204; x_wconf 83' lang='lat' dir='ltr'><strong>pervcrsitatis,</strong></span> <span class='ocrx_word' id='word_1_240' title='bbox 1053 3136 1192 3204; x_wconf 91' lang='lat' dir='ltr'><strong>quod</strong></span> <span class='ocrx_word' id='word_1_241' title='bbox 1235 3136 1321 3205; x_wconf 91' lang='lat' dir='ltr'><strong>qui</strong></span> <span class='ocrx_word' id='word_1_242' title='bbox 1357 3137 1594 3206; x_wconf 84' lang='lat' dir='ltr'><strong>increpat</strong></span> <span class='ocrx_word' id='word_1_243' title='bbox 1625 3138 1852 3192; x_wconf 90' lang='lat' dir='ltr'><strong>ludibrio</strong></span> <span class='ocrx_word' id='word_1_244' title='bbox 1882 3139 1980 3193; x_wconf 87' lang='lat' dir='ltr'><strong>ha-</strong></span> 
     </span>
    </p>
   </div>
   <div class='ocr_carea' id='block_1_32' title="bbox 401 3224 1982 3295">
    <p class='ocr_par' dir='ltr' id='par_1_32' title="bbox 401 3224 1982 3295">
     <span class='ocr_line' id='line_1_32' title="bbox 401 3224 1982 3295; baseline 0.003 -17"><span class='ocrx_word' id='word_1_245' title='bbox 401 3224 589 3279; x_wconf 90' lang='lat' dir='ltr'><strong>beatur</strong></span> <span class='ocrx_word' id='word_1_246' title='bbox 618 3235 882 3295; x_wconf 86' lang='lat' dir='ltr'><strong>tamquam</strong></span> <span class='ocrx_word' id='word_1_247' title='bbox 912 3238 1173 3281; x_wconf 83' lang='lat' dir='ltr'><strong>austeros.</strong></span> <span class='ocrx_word' id='word_1_248' title='bbox 1201 3227 1312 3280; x_wconf 81' lang='lat' dir='ltr'><strong>Non</strong></span> <span class='ocrx_word' id='word_1_249' title='bbox 1341 3228 1531 3283; x_wconf 89' lang='lat' dir='ltr'><strong>auditis</strong></span> <span class='ocrx_word' id='word_1_250' title='bbox 1555 3229 1771 3283; x_wconf 86' lang='lat' dir='ltr'><strong>Paulum</strong></span> <span class='ocrx_word' id='word_1_251' title='bbox 1800 3229 1982 3284; x_wconf 88' lang='lat' dir='ltr'><strong>dicen-</strong></span> 
     </span>
    </p>
   </div>
   <div class='ocr_carea' id='block_1_33' title="bbox 403 3318 1974 3388">
    <p class='ocr_par' dir='ltr' id='par_1_33' title="bbox 403 3318 1974 3388">
     <span class='ocr_line' id='line_1_33' title="bbox 403 3318 1974 3388; baseline 0.003 -17"><span class='ocrx_word' id='word_1_252' title='bbox 403 3327 533 3383; x_wconf 87' lang='lat' dir='ltr'><strong>tem,</strong></span> <span class='ocrx_word' id='word_1_253' title='bbox 564 3318 827 3388; x_wconf 88' lang='lat' dir='ltr'><strong>Quidquid</strong></span> <span class='ocrx_word' id='word_1_254' title='bbox 858 3322 1095 3385; x_wconf 79' lang='lat' dir='ltr'><strong>faciatis,</strong></span> <span class='ocrx_word' id='word_1_255' title='bbox 1126 3321 1243 3375; x_wconf 82' lang='lat' dir='ltr'><strong>Sive</strong></span> <span class='ocrx_word' id='word_1_256' title='bbox 1283 3323 1553 3375; x_wconf 76' lang='lat' dir='ltr'><strong>comedatis</strong></span> <span class='ocrx_word' id='word_1_257' title='bbox 1573 3364 1586 3387; x_wconf 93' lang='lat'><strong>,</strong></span> <span class='ocrx_word' id='word_1_258' title='bbox 1619 3324 1721 3375; x_wconf 78' lang='lat' dir='ltr'><strong>sive</strong></span> <span class='ocrx_word' id='word_1_259' title='bbox 1763 3324 1974 3388; x_wconf 80' lang='lat' dir='ltr'><strong>bibatis,</strong></span> 
     </span>
    </p>
   </div>
   <div class='ocr_carea' id='block_1_34' title="bbox 401 3411 1977 3485">
    <p class='ocr_par' dir='ltr' id='par_1_34' title="bbox 401 3411 1977 3485">
     <span class='ocr_line' id='line_1_34' title="bbox 401 3411 1977 3485; baseline 0.004 -21"><span class='ocrx_word' id='word_1_260' title='bbox 401 3411 505 3465; x_wconf 77' lang='lat' dir='ltr'><strong>sive</strong></span> <span class='ocrx_word' id='word_1_261' title='bbox 563 3413 759 3481; x_wconf 85' lang='lat' dir='ltr'><strong>aliquid</strong></span> <span class='ocrx_word' id='word_1_262' title='bbox 802 3415 1025 3483; x_wconf 78' lang='lat' dir='ltr'><strong>faciatis,</strong></span> <span class='ocrx_word' id='word_1_263' title='bbox 1082 3415 1251 3467; x_wconf 84' lang='lat' dir='ltr'><strong>omnia</strong></span> <span class='ocrx_word' id='word_1_264' title='bbox 1294 3416 1360 3468; x_wconf 88' lang='lat' dir='ltr'><strong>ad</strong></span> <span class='ocrx_word' id='word_1_265' title='bbox 1412 3417 1629 3484; x_wconf 83' lang='lat' dir='ltr'><strong>gloriam</strong></span> <span class='ocrx_word' id='word_1_266' title='bbox 1674 3415 1773 3470; x_wconf 88' lang='lat' dir='ltr'><strong>Dei</strong></span> <span class='ocrx_word' id='word_1_267' title='bbox 1825 3419 1977 3485; x_wconf 80' lang='lat' dir='ltr'><strong>facile</strong></span> 
     </span>
    </p>
   </div>
   <div class='ocr_carea' id='block_1_35' title="bbox 403 3502 1977 3574">
    <p class='ocr_par' dir='ltr' id='par_1_35' title="bbox 403 3502 1977 3574">
     <span class='ocr_line' id='line_1_35' title="bbox 403 3502 1977 3574; baseline 0.004 -18"><span class='ocrx_word' id='word_1_268' title='bbox 403 3503 497 3570; x_wconf 79' lang='lat' dir='ltr'><strong>(L</strong></span> <span class='ocrx_word' id='word_1_269' title='bbox 531 3502 645 3557; x_wconf 83' lang='lat' dir='ltr'><strong>Cor.</strong></span> <span class='ocrx_word' id='word_1_270' title='bbox 676 3503 762 3557; x_wconf 74' lang='lat'><strong>10.</strong></span> <span class='ocrx_word' id='word_1_271' title='bbox 788 3504 929 3574; x_wconf 80' lang='lat'><strong>5|)?</strong></span> <span class='ocrx_word' id='word_1_272' title='bbox 975 3505 1080 3557; x_wconf 74' lang='lat' dir='ltr'><strong>Vos</strong></span> <span class='ocrx_word' id='word_1_273' title='bbox 1124 3516 1299 3558; x_wconf 87' lang='lat' dir='ltr'><strong>autem</strong></span> <span class='ocrx_word' id='word_1_274' title='bbox 1344 3506 1409 3559; x_wconf 91' lang='lat' dir='ltr'><strong>ad</strong></span> <span class='ocrx_word' id='word_1_275' title='bbox 1453 3506 1875 3561; x_wconf 84' lang='lat' dir='ltr'><strong>maledicentiam</strong></span> <span class='ocrx_word' id='word_1_276' title='bbox 1928 3520 1977 3563; x_wconf 92' lang='lat' dir='ltr'><strong>et</strong></span> 
     </span>
    </p>
   </div>
   <div class='ocr_carea' id='block_1_36' title="bbox 406 3594 1979 3665">
    <p class='ocr_par' dir='ltr' id='par_1_36' title="bbox 406 3594 1979 3665">
     <span class='ocr_line' id='line_1_36' title="bbox 406 3594 1979 3665; baseline 0.003 -20"><span class='ocrx_word' id='word_1_277' title='bbox 406 3594 769 3664; x_wconf 80' lang='lat' dir='ltr'><strong>ignmniniam.</strong></span> <span class='ocrx_word' id='word_1_278' title='bbox 802 3595 916 3647; x_wconf 85' lang='lat' dir='ltr'><strong>Non</strong></span> <span class='ocrx_word' id='word_1_279' title='bbox 947 3596 1141 3649; x_wconf 84' lang='lat' dir='ltr'><strong>auditis</strong></span> <span class='ocrx_word' id='word_1_280' title='bbox 1169 3596 1479 3665; x_wconf 81' lang='lat' dir='ltr'><strong>prophetam</strong></span> <span class='ocrx_word' id='word_1_281' title='bbox 1511 3598 1806 3660; x_wconf 88' lang='lat' dir='ltr'><strong>dicentem,</strong></span> <span class='ocrx_word' id='word_1_282' title='bbox 1855 3600 1979 3652; x_wconf 84' lang='lat' dir='ltr'><strong>Ser-</strong></span> 
     </span>
    </p>
   </div>
   <div class='ocr_carea' id='block_1_37' title="bbox 404 3684 1976 3761">
    <p class='ocr_par' dir='ltr' id='par_1_37' title="bbox 404 3684 1976 3761">
     <span class='ocr_line' id='line_1_37' title="bbox 404 3684 1976 3761; baseline 0.003 -23"><span class='ocrx_word' id='word_1_283' title='bbox 404 3687 502 3738; x_wconf 84' lang='lat' dir='ltr'><strong>vite</strong></span> <span class='ocrx_word' id='word_1_284' title='bbox 528 3684 752 3737; x_wconf 88' lang='lat' dir='ltr'><strong>Domino</strong></span> <span class='ocrx_word' id='word_1_285' title='bbox 782 3687 833 3738; x_wconf 85' lang='lat' dir='ltr'><strong>in</strong></span> <span class='ocrx_word' id='word_1_286' title='bbox 861 3687 1055 3748; x_wconf 88' lang='lat' dir='ltr'><strong>timore,</strong></span> <span class='ocrx_word' id='word_1_287' title='bbox 1080 3697 1125 3739; x_wconf 82' lang='lat' dir='ltr'><strong>et</strong></span> <span class='ocrx_word' id='word_1_288' title='bbox 1149 3688 1396 3741; x_wconf 70' lang='lat' dir='ltr'><strong>exsatiate</strong></span> <span class='ocrx_word' id='word_1_289' title='bbox 1422 3689 1466 3741; x_wconf 87' lang='lat' dir='ltr'><strong>ei</strong></span> <span class='ocrx_word' id='word_1_290' title='bbox 1486 3689 1540 3741; x_wconf 84' lang='lat' dir='ltr'><strong>in</strong></span> <span class='ocrx_word' id='word_1_291' title='bbox 1566 3700 1778 3742; x_wconf 85' lang='lat' dir='ltr'><strong>tremore</strong></span> <span class='ocrx_word' id='word_1_292' title='bbox 1806 3688 1976 3761; x_wconf 78' lang='lat' dir='ltr'><strong>(Psal.</strong></span> 
     </span>
    </p>
   </div>
   <div class='ocr_carea' id='block_1_38' title="bbox 401 3775 1981 3846">
    <p class='ocr_par' dir='ltr' id='par_1_38' title="bbox 401 3775 1981 3846">
     <span class='ocr_line' id='line_1_38' title="bbox 401 3775 1981 3846; baseline 0.003 -18"><span class='ocrx_word' id='word_1_293' title='bbox 401 3776 457 3829; x_wconf 73' lang='grc'><strong>2.</strong></span> <span class='ocrx_word' id='word_1_294' title='bbox 485 3776 612 3846; x_wconf 78' lang='lat' dir='ltr'><strong>il)?</strong></span> <span class='ocrx_word' id='word_1_295' title='bbox 641 3775 744 3829; x_wconf 78' lang='lat' dir='ltr'><strong>Vos</strong></span> <span class='ocrx_word' id='word_1_296' title='bbox 772 3786 947 3829; x_wconf 88' lang='lat' dir='ltr'><strong>autem</strong></span> <span class='ocrx_word' id='word_1_297' title='bbox 976 3778 1325 3831; x_wconf 77' lang='lat' dir='ltr'><strong>dilfunditnini</strong></span> <span class='ocrx_word' id='word_1_298' title='bbox 1350 3789 1401 3831; x_wconf 87' lang='lat' dir='ltr'><strong>et</strong></span> <span class='ocrx_word' id='word_1_299' title='bbox 1429 3780 1553 3832; x_wconf 83' lang='lat' dir='ltr'><strong>luxu</strong></span> <span class='ocrx_word' id='word_1_300' title='bbox 1584 3778 1841 3833; x_wconf 80' lang='lat' dir='ltr'><strong>diffluitis.</strong></span> <span class='ocrx_word' id='word_1_301' title='bbox 1872 3782 1981 3834; x_wconf 87' lang='lat' dir='ltr'><strong>An-</strong></span> 
     </span>
    </p>
   </div>
   <div class='ocr_carea' id='block_1_39' title="bbox 406 3868 1979 3939">
    <p class='ocr_par' dir='ltr' id='par_1_39' title="bbox 406 3868 1979 3939">
     <span class='ocr_line' id='line_1_39' title="bbox 406 3868 1979 3939; baseline 0.003 -19"><span class='ocrx_word' id='word_1_302' title='bbox 406 3883 511 3920; x_wconf 93' lang='lat' dir='ltr'><strong>non</strong></span> <span class='ocrx_word' id='word_1_303' title='bbox 540 3883 667 3921; x_wconf 85' lang='lat' dir='ltr'><strong>vero</strong></span> <span class='ocrx_word' id='word_1_304' title='bbox 696 3868 818 3921; x_wconf 91' lang='lat' dir='ltr'><strong>licet</strong></span> <span class='ocrx_word' id='word_1_305' title='bbox 842 3870 999 3921; x_wconf 87' lang='lat' dir='ltr'><strong>etiam</strong></span> <span class='ocrx_word' id='word_1_306' title='bbox 1034 3878 1146 3922; x_wconf 93' lang='lat' dir='ltr'><strong>tuto</strong></span> <span class='ocrx_word' id='word_1_307' title='bbox 1176 3870 1345 3923; x_wconf 70' lang='lat' dir='ltr'><strong>laetari</strong></span> <span class='ocrx_word' id='word_1_308' title='bbox 1367 3872 1388 3922; x_wconf 87' lang='lat'>?</span> <span class='ocrx_word' id='word_1_309' title='bbox 1413 3871 1498 3923; x_wconf 55' lang='lat' dir='ltr'><strong>\‘is</strong></span> <span class='ocrx_word' id='word_1_310' title='bbox 1524 3871 1707 3925; x_wconf 89' lang='lat' dir='ltr'><strong>audire</strong></span> <span class='ocrx_word' id='word_1_311' title='bbox 1732 3872 1979 3939; x_wconf 87' lang='lat' dir='ltr'><strong>pulchros</strong></span> 
     </span>
    </p>
   </div>
   <div class='ocr_carea' id='block_1_40' title="bbox 405 3957 1981 4030">
    <p class='ocr_par' dir='ltr' id='par_1_40' title="bbox 405 3957 1981 4030">
     <span class='ocr_line' id='line_1_40' title="bbox 405 3957 1981 4030; baseline 0.003 -18"><span class='ocrx_word' id='word_1_312' title='bbox 405 3957 636 4012; x_wconf 78' lang='lat' dir='ltr'><strong>modos?</strong></span> <span class='ocrx_word' id='word_1_313' title='bbox 675 3957 832 4012; x_wconf 76' lang='lat' dir='ltr'><strong>Certe</strong></span> <span class='ocrx_word' id='word_1_314' title='bbox 859 3975 924 4013; x_wconf 90' lang='lat' dir='ltr'><strong>ne</strong></span> <span class='ocrx_word' id='word_1_315' title='bbox 951 3970 1219 4029; x_wconf 80' lang='lat' dir='ltr'><strong>Oporteret</strong></span> <span class='ocrx_word' id='word_1_316' title='bbox 1253 3962 1501 4030; x_wconf 83' lang='lat' dir='ltr'><strong>quidem;</strong></span> <span class='ocrx_word' id='word_1_317' title='bbox 1532 3961 1624 4014; x_wconf 88' lang='lat' dir='ltr'><strong>sed</strong></span> <span class='ocrx_word' id='word_1_318' title='bbox 1656 3978 1740 4014; x_wconf 81' lang='lat' dir='ltr'><strong>me</strong></span> <span class='ocrx_word' id='word_1_319' title='bbox 1769 3962 1860 4015; x_wconf 86' lang='lat' dir='ltr'><strong>tibi</strong></span> <span class='ocrx_word' id='word_1_320' title='bbox 1891 3979 1981 4017; x_wconf 79' lang='lat' dir='ltr'><strong>ac-</strong></span> 
     </span>
    </p>
   </div>
   <div class='ocr_carea' id='block_1_41' title="bbox 404 4051 1978 4119">
    <p class='ocr_par' dir='ltr' id='par_1_41' title="bbox 404 4051 1978 4119">
     <span class='ocr_line' id='line_1_41' title="bbox 404 4051 1978 4119; baseline 0.003 -14"><span class='ocrx_word' id='word_1_321' title='bbox 404 4051 720 4116; x_wconf 87' lang='lat' dir='ltr'><strong>commodo,</strong></span> <span class='ocrx_word' id='word_1_322' title='bbox 748 4053 791 4105; x_wconf 89' lang='lat' dir='ltr'><strong>si</strong></span> <span class='ocrx_word' id='word_1_323' title='bbox 828 4052 905 4105; x_wconf 85' lang='lat' dir='ltr'><strong>vis</strong></span> <span class='ocrx_word' id='word_1_324' title='bbox 945 4071 957 4106; x_wconf 92' lang='lat'><strong>:</strong></span> <span class='ocrx_word' id='word_1_325' title='bbox 990 4069 1094 4107; x_wconf 89' lang='lat' dir='ltr'><strong>non</strong></span> <span class='ocrx_word' id='word_1_326' title='bbox 1117 4054 1300 4107; x_wconf 84' lang='lat' dir='ltr'><strong>audias</strong></span> <span class='ocrx_word' id='word_1_327' title='bbox 1330 4054 1598 4107; x_wconf 83' lang='lat' dir='ltr'><strong>satanicos</strong></span> <span class='ocrx_word' id='word_1_328' title='bbox 1630 4055 1838 4119; x_wconf 91' lang='lat' dir='ltr'><strong>modos,</strong></span> <span class='ocrx_word' id='word_1_329' title='bbox 1884 4057 1978 4110; x_wconf 81' lang='lat' dir='ltr'><strong>Sed</strong></span> 
     </span>
    </p>
   </div>
   <div class='ocr_carea' id='block_1_42' title="bbox 408 4142 1979 4216">
    <p class='ocr_par' dir='ltr' id='par_1_42' title="bbox 408 4142 1979 4216">
     <span class='ocr_line' id='line_1_42' title="bbox 408 4142 1979 4216; baseline 0.004 -23"><span class='ocrx_word' id='word_1_330' title='bbox 408 4142 733 4208; x_wconf 88' lang='lat' dir='ltr'><strong>spirituales.</strong></span> <span class='ocrx_word' id='word_1_331' title='bbox 768 4143 855 4196; x_wconf 77' lang='lat' dir='ltr'><strong>\‘is</strong></span> <span class='ocrx_word' id='word_1_332' title='bbox 882 4144 1062 4197; x_wconf 89' lang='lat' dir='ltr'><strong>videre</strong></span> <span class='ocrx_word' id='word_1_333' title='bbox 1087 4144 1383 4197; x_wconf 79' lang='lat' dir='ltr'><strong>saltantes“!</strong></span> <span class='ocrx_word' id='word_1_334' title='bbox 1416 4144 1537 4198; x_wconf 83' lang='lat' dir='ltr'><strong>vide</strong></span> <span class='ocrx_word' id='word_1_335' title='bbox 1564 4144 1783 4199; x_wconf 88' lang='lat' dir='ltr'><strong>chorum</strong></span> <span class='ocrx_word' id='word_1_336' title='bbox 1815 4162 1979 4216; x_wconf 87' lang='lat' dir='ltr'><strong>ange-</strong></span> 
     </span>
    </p>
   </div>
   <div class='ocr_carea' id='block_1_43' title="bbox 408 4234 1983 4304">
    <p class='ocr_par' dir='ltr' id='par_1_43' title="bbox 408 4234 1983 4304">
     <span class='ocr_line' id='line_1_43' title="bbox 408 4234 1983 4304; baseline 0.005 -19"><span class='ocrx_word' id='word_1_337' title='bbox 408 4234 600 4286; x_wconf 90' lang='lat' dir='ltr'><strong>lorum.</strong></span> <span class='ocrx_word' id='word_1_338' title='bbox 647 4234 713 4287; x_wconf 82' lang='lat' dir='ltr'><strong>Et</strong></span> <span class='ocrx_word' id='word_1_339' title='bbox 758 4234 1027 4303; x_wconf 90' lang='lat' dir='ltr'><strong>quomodo</strong></span> <span class='ocrx_word' id='word_1_340' title='bbox 1058 4236 1171 4289; x_wconf 86' lang='lat' dir='ltr'><strong>fieri</strong></span> <span class='ocrx_word' id='word_1_341' title='bbox 1204 4245 1380 4304; x_wconf 86' lang='lat' dir='ltr'><strong>potest</strong></span> <span class='ocrx_word' id='word_1_342' title='bbox 1408 4245 1464 4289; x_wconf 93' lang='lat' dir='ltr'><strong>ut</strong></span> <span class='ocrx_word' id='word_1_343' title='bbox 1492 4236 1740 4290; x_wconf 76' lang='lat' dir='ltr'><strong>videam?</strong></span> <span class='ocrx_word' id='word_1_344' title='bbox 1785 4238 1839 4293; x_wconf 90' lang='lat' dir='ltr'><strong>Si</strong></span> <span class='ocrx_word' id='word_1_345' title='bbox 1867 4238 1983 4293; x_wconf 57' lang='lat' dir='ltr'><strong>haec</strong></span> 
     </span>
    </p>
   </div>
   <div class='ocr_carea' id='block_1_44' title="bbox 410 4326 1980 4398">
    <p class='ocr_par' dir='ltr' id='par_1_44' title="bbox 410 4326 1980 4398">
     <span class='ocr_line' id='line_1_44' title="bbox 410 4326 1980 4398; baseline 0.004 -20"><span class='ocrx_word' id='word_1_346' title='bbox 410 4326 672 4395; x_wconf 87' lang='lat' dir='ltr'><strong>abegeris,</strong></span> <span class='ocrx_word' id='word_1_347' title='bbox 703 4327 883 4380; x_wconf 85' lang='lat' dir='ltr'><strong>veniet</strong></span> <span class='ocrx_word' id='word_1_348' title='bbox 925 4327 1166 4381; x_wconf 80' lang='lat' dir='ltr'><strong>Christus</strong></span> <span class='ocrx_word' id='word_1_349' title='bbox 1189 4342 1402 4397; x_wconf 89' lang='lat' dir='ltr'><strong>quoque</strong></span> <span class='ocrx_word' id='word_1_350' title='bbox 1428 4327 1494 4382; x_wconf 83' lang='lat' dir='ltr'><strong>ad</strong></span> <span class='ocrx_word' id='word_1_351' title='bbox 1524 4329 1615 4383; x_wconf 82' lang='lat' dir='ltr'><strong>has</strong></span> <span class='ocrx_word' id='word_1_352' title='bbox 1646 4330 1857 4398; x_wconf 87' lang='lat' dir='ltr'><strong>nuptias</strong></span> <span class='ocrx_word' id='word_1_353' title='bbox 1891 4348 1903 4384; x_wconf 90' lang='lat'>:</span> <span class='ocrx_word' id='word_1_354' title='bbox 1936 4331 1980 4385; x_wconf 89' lang='lat' dir='ltr'><strong>si</strong></span> 
     </span>
    </p>
   </div>
   <div class='ocr_carea' id='block_1_45' title="bbox 408 4418 1976 4492">
    <p class='ocr_par' dir='ltr' id='par_1_45' title="bbox 408 4418 1976 4492">
     <span class='ocr_line' id='line_1_45' title="bbox 408 4418 1976 4492; baseline 0.004 -21"><span class='ocrx_word' id='word_1_355' title='bbox 408 4418 546 4473; x_wconf 89' lang='lat' dir='ltr'><strong>adsit</strong></span> <span class='ocrx_word' id='word_1_356' title='bbox 576 4430 750 4473; x_wconf 90' lang='lat' dir='ltr'><strong>autem</strong></span> <span class='ocrx_word' id='word_1_357' title='bbox 776 4420 1035 4483; x_wconf 89' lang='lat' dir='ltr'><strong>Christus,</strong></span> <span class='ocrx_word' id='word_1_358' title='bbox 1070 4422 1221 4473; x_wconf 88' lang='lat' dir='ltr'><strong>adest</strong></span> <span class='ocrx_word' id='word_1_359' title='bbox 1244 4422 1401 4475; x_wconf 89' lang='lat' dir='ltr'><strong>etiam</strong></span> <span class='ocrx_word' id='word_1_360' title='bbox 1428 4422 1624 4475; x_wconf 89' lang='lat' dir='ltr'><strong>chorus</strong></span> <span class='ocrx_word' id='word_1_361' title='bbox 1647 4424 1976 4492; x_wconf 78' lang='lat' dir='ltr'><strong>angelorum.</strong></span> 
     </span>
    </p>
   </div>
   <div class='ocr_carea' id='block_1_46' title="bbox 409 4511 1977 4581">
    <p class='ocr_par' dir='ltr' id='par_1_46' title="bbox 409 4511 1977 4581">
     <span class='ocr_line' id='line_1_46' title="bbox 409 4511 1977 4581; baseline 0.003 -16"><span class='ocrx_word' id='word_1_362' title='bbox 409 4511 465 4565; x_wconf 90' lang='lat' dir='ltr'><strong>Si</strong></span> <span class='ocrx_word' id='word_1_363' title='bbox 498 4511 651 4578; x_wconf 86' lang='lat' dir='ltr'><strong>velis,</strong></span> <span class='ocrx_word' id='word_1_364' title='bbox 685 4527 825 4565; x_wconf 89' lang='lat' dir='ltr'><strong>nunc</strong></span> <span class='ocrx_word' id='word_1_365' title='bbox 860 4526 1069 4581; x_wconf 89' lang='lat' dir='ltr'><strong>quoque</strong></span> <span class='ocrx_word' id='word_1_366' title='bbox 1107 4511 1264 4566; x_wconf 82' lang='lat' dir='ltr'><strong>faciet</strong></span> <span class='ocrx_word' id='word_1_367' title='bbox 1288 4513 1540 4566; x_wconf 89' lang='lat' dir='ltr'><strong>miracula</strong></span> <span class='ocrx_word' id='word_1_368' title='bbox 1568 4517 1704 4568; x_wconf 86' lang='lat' dir='ltr'><strong>sicut</strong></span> <span class='ocrx_word' id='word_1_369' title='bbox 1727 4524 1781 4569; x_wconf 90' lang='lat' dir='ltr'><strong>et</strong></span> <span class='ocrx_word' id='word_1_370' title='bbox 1806 4524 1929 4569; x_wconf 89' lang='lat' dir='ltr'><strong>tunc</strong></span> <span class='ocrx_word' id='word_1_371' title='bbox 1961 4531 1977 4570; x_wconf 89' lang='lat'><strong>:</strong></span> 
     </span>
    </p>
   </div>
   <div class='ocr_carea' id='block_1_47' title="bbox 408 4604 1980 4673">
    <p class='ocr_par' dir='ltr' id='par_1_47' title="bbox 408 4604 1980 4673">
     <span class='ocr_line' id='line_1_47' title="bbox 408 4604 1980 4673; baseline 0.003 -17"><span class='ocrx_word' id='word_1_372' title='bbox 408 4604 566 4657; x_wconf 87' lang='lat' dir='ltr'><strong>faciet</strong></span> <span class='ocrx_word' id='word_1_373' title='bbox 592 4618 731 4657; x_wconf 92' lang='lat' dir='ltr'><strong>nunc</strong></span> <span class='ocrx_word' id='word_1_374' title='bbox 756 4618 966 4673; x_wconf 88' lang='lat' dir='ltr'><strong>quoque</strong></span> <span class='ocrx_word' id='word_1_375' title='bbox 991 4618 1180 4673; x_wconf 90' lang='lat' dir='ltr'><strong>aquam</strong></span> <span class='ocrx_word' id='word_1_376' title='bbox 1212 4606 1391 4659; x_wconf 91' lang='lat' dir='ltr'><strong>vinum</strong></span> <span class='ocrx_word' id='word_1_377' title='bbox 1412 4646 1427 4671; x_wconf 93' lang='lat'><strong>,</strong></span> <span class='ocrx_word' id='word_1_378' title='bbox 1460 4616 1513 4660; x_wconf 93' lang='lat' dir='ltr'><strong>et</strong></span> <span class='ocrx_word' id='word_1_379' title='bbox 1540 4608 1708 4659; x_wconf 90' lang='lat' dir='ltr'><strong>multo</strong></span> <span class='ocrx_word' id='word_1_380' title='bbox 1744 4607 1980 4661; x_wconf 85' lang='lat' dir='ltr'><strong>admira-</strong></span> 
     </span>
    </p>
   </div>
   <div class='ocr_carea' id='block_1_48' title="bbox 408 4693 1980 4767">
    <p class='ocr_par' dir='ltr' id='par_1_48' title="bbox 408 4693 1980 4767">
     <span class='ocr_line' id='line_1_48' title="bbox 408 4693 1980 4767; baseline 0.003 -19"><span class='ocrx_word' id='word_1_381' title='bbox 408 4694 981 4748; x_wconf 87' lang='lat' dir='ltr'><strong>biliora:dissolutam</strong></span> <span class='ocrx_word' id='word_1_382' title='bbox 1023 4706 1301 4751; x_wconf 85' lang='lat' dir='ltr'><strong>convertet</strong></span> <span class='ocrx_word' id='word_1_383' title='bbox 1349 4698 1582 4750; x_wconf 73' lang='lat' dir='ltr'><strong>lmtitiain</strong></span> <span class='ocrx_word' id='word_1_384' title='bbox 1630 4706 1684 4752; x_wconf 89' lang='lat' dir='ltr'><strong>et</strong></span> <span class='ocrx_word' id='word_1_385' title='bbox 1736 4693 1980 4767; x_wconf 80' lang='lat' dir='ltr'><strong>frigidam</strong></span> 
     </span>
    </p>
   </div>
   <div class='ocr_carea' id='block_1_49' title="bbox 408 4785 1983 4856">
    <p class='ocr_par' dir='ltr' id='par_1_49' title="bbox 408 4785 1983 4856">
     <span class='ocr_line' id='line_1_49' title="bbox 408 4785 1983 4856; baseline 0.003 -17"><span class='ocrx_word' id='word_1_386' title='bbox 408 4785 749 4854; x_wconf 89' lang='lat' dir='ltr'><strong>cupiditatem</strong></span> <span class='ocrx_word' id='word_1_387' title='bbox 770 4826 785 4851; x_wconf 94' lang='lat'><strong>,</strong></span> <span class='ocrx_word' id='word_1_388' title='bbox 813 4797 867 4840; x_wconf 91' lang='lat' dir='ltr'><strong>et</strong></span> <span class='ocrx_word' id='word_1_389' title='bbox 896 4786 1180 4842; x_wconf 84' lang='lat' dir='ltr'><strong>transferet</strong></span> <span class='ocrx_word' id='word_1_390' title='bbox 1204 4788 1270 4841; x_wconf 91' lang='lat' dir='ltr'><strong>ad</strong></span> <span class='ocrx_word' id='word_1_391' title='bbox 1296 4788 1651 4856; x_wconf 82' lang='lat' dir='ltr'><strong>Spiritualem.</strong></span> <span class='ocrx_word' id='word_1_392' title='bbox 1680 4789 1791 4843; x_wconf 90' lang='lat' dir='ltr'><strong>lloc</strong></span> <span class='ocrx_word' id='word_1_393' title='bbox 1815 4799 1983 4844; x_wconf 78' lang='lat' dir='ltr'><strong>estex</strong></span> 
     </span>
    </p>
   </div>
   <div class='ocr_carea' id='block_1_50' title="bbox 408 4875 1976 4949">
    <p class='ocr_par' dir='ltr' id='par_1_50' title="bbox 408 4875 1976 4949">
     <span class='ocr_line' id='line_1_50' title="bbox 408 4875 1976 4949; baseline 0.003 -21"><span class='ocrx_word' id='word_1_394' title='bbox 408 4890 544 4944; x_wconf 88' lang='lat' dir='ltr'><strong>aqua</strong></span> <span class='ocrx_word' id='word_1_395' title='bbox 590 4875 767 4928; x_wconf 87' lang='lat' dir='ltr'><strong>vinum</strong></span> <span class='ocrx_word' id='word_1_396' title='bbox 795 4875 988 4930; x_wconf 88' lang='lat' dir='ltr'><strong>facere.</strong></span> <span class='ocrx_word' id='word_1_397' title='bbox 1036 4876 1134 4932; x_wconf 89' lang='lat' dir='ltr'><strong>Ubi</strong></span> <span class='ocrx_word' id='word_1_398' title='bbox 1175 4887 1299 4930; x_wconf 91' lang='lat' dir='ltr'><strong>sunt</strong></span> <span class='ocrx_word' id='word_1_399' title='bbox 1347 4878 1614 4944; x_wconf 86' lang='lat' dir='ltr'><strong>tibicines,</strong></span> <span class='ocrx_word' id='word_1_400' title='bbox 1641 4894 1976 4949; x_wconf 83' lang='lat' dir='ltr'><strong>nequaquam</strong></span> 
     </span>
    </p>
   </div>
   <div class='ocr_carea' id='block_1_51' title="bbox 410 4968 1977 5040">
    <p class='ocr_par' dir='ltr' id='par_1_51' title="bbox 410 4968 1977 5040">
     <span class='ocr_line' id='line_1_51' title="bbox 410 4968 1977 5040; baseline 0.003 -19"><span class='ocrx_word' id='word_1_401' title='bbox 410 4978 493 5021; x_wconf 66' lang='lat' dir='ltr'><strong>est</strong></span> <span class='ocrx_word' id='word_1_402' title='bbox 512 4968 790 5032; x_wconf 79' lang='lat' dir='ltr'><strong>Christus;</strong></span> <span class='ocrx_word' id='word_1_403' title='bbox 830 4969 926 5023; x_wconf 90' lang='lat' dir='ltr'><strong>sed</strong></span> <span class='ocrx_word' id='word_1_404' title='bbox 952 4978 1007 5023; x_wconf 91' lang='lat' dir='ltr'><strong>et</strong></span> <span class='ocrx_word' id='word_1_405' title='bbox 1040 4970 1081 5023; x_wconf 92' lang='lat' dir='ltr'><strong>si</strong></span> <span class='ocrx_word' id='word_1_406' title='bbox 1107 4968 1265 5023; x_wconf 89' lang='lat' dir='ltr'><strong>fuerit</strong></span> <span class='ocrx_word' id='word_1_407' title='bbox 1291 4970 1592 5038; x_wconf 87' lang='lat' dir='ltr'><strong>ingressus,</strong></span> <span class='ocrx_word' id='word_1_408' title='bbox 1623 4988 1714 5025; x_wconf 91' lang='lat' dir='ltr'><strong>eos</strong></span> <span class='ocrx_word' id='word_1_409' title='bbox 1753 4974 1977 5040; x_wconf 86' lang='lat' dir='ltr'><strong>primum</strong></span> 
     </span>
    </p>
   </div>
   <div class='ocr_carea' id='block_1_52' title="bbox 410 5058 1980 5132">
    <p class='ocr_par' dir='ltr' id='par_1_52' title="bbox 410 5058 1980 5132">
     <span class='ocr_line' id='line_1_52' title="bbox 410 5058 1980 5132; baseline 0.003 -19"><span class='ocrx_word' id='word_1_410' title='bbox 410 5059 583 5128; x_wconf 89' lang='lat' dir='ltr'><strong>ejicit,</strong></span> <span class='ocrx_word' id='word_1_411' title='bbox 626 5070 680 5113; x_wconf 92' lang='lat' dir='ltr'><strong>et</strong></span> <span class='ocrx_word' id='word_1_412' title='bbox 716 5068 844 5113; x_wconf 93' lang='lat' dir='ltr'><strong>tunc</strong></span> <span class='ocrx_word' id='word_1_413' title='bbox 874 5058 1001 5113; x_wconf 87' lang='lat' dir='ltr'><strong>facit</strong></span> <span class='ocrx_word' id='word_1_414' title='bbox 1026 5060 1298 5113; x_wconf 91' lang='lat' dir='ltr'><strong>miracula.</strong></span> <span class='ocrx_word' id='word_1_415' title='bbox 1344 5061 1479 5127; x_wconf 84' lang='lat' dir='ltr'><strong>Quid</strong></span> <span class='ocrx_word' id='word_1_416' title='bbox 1517 5063 1749 5115; x_wconf 90' lang='lat' dir='ltr'><strong>satanica</strong></span> <span class='ocrx_word' id='word_1_417' title='bbox 1789 5079 1980 5132; x_wconf 83' lang='lat' dir='ltr'><strong>pompa</strong></span> 
     </span>
    </p>
   </div>
   <div class='ocr_carea' id='block_1_53' title="bbox 411 5149 1981 5217">
    <p class='ocr_par' dir='ltr' id='par_1_53' title="bbox 411 5149 1981 5217">
     <span class='ocr_line' id='line_1_53' title="bbox 411 5149 1981 5217; baseline 0.002 -14"><span class='ocrx_word' id='word_1_418' title='bbox 411 5159 495 5203; x_wconf 89' lang='lat' dir='ltr'><strong>est</strong></span> <span class='ocrx_word' id='word_1_419' title='bbox 538 5149 894 5217; x_wconf 71' lang='lat' dir='ltr'><strong>iniucundius,</strong></span> <span class='ocrx_word' id='word_1_420' title='bbox 918 5149 1006 5203; x_wconf 91' lang='lat' dir='ltr'><strong>ubi</strong></span> <span class='ocrx_word' id='word_1_421' title='bbox 1032 5159 1155 5203; x_wconf 88' lang='lat' dir='ltr'><strong>sunt</strong></span> <span class='ocrx_word' id='word_1_422' title='bbox 1182 5151 1358 5203; x_wconf 85' lang='lat' dir='ltr'><strong>omnia</strong></span> <span class='ocrx_word' id='word_1_423' title='bbox 1398 5151 1635 5205; x_wconf 91' lang='lat' dir='ltr'><strong>articulis</strong></span> <span class='ocrx_word' id='word_1_424' title='bbox 1657 5167 1760 5205; x_wconf 93' lang='lat' dir='ltr'><strong>non</strong></span> <span class='ocrx_word' id='word_1_425' title='bbox 1787 5153 1981 5206; x_wconf 91' lang='lat' dir='ltr'><strong>distin-</strong></span> 
     </span>
    </p>
   </div>
   <div class='ocr_carea' id='block_1_54' title="bbox 411 5240 1976 5313">
    <p class='ocr_par' dir='ltr' id='par_1_54' title="bbox 411 5240 1976 5313">
     <span class='ocr_line' id='line_1_54' title="bbox 411 5240 1976 5313; baseline 0.002 -18"><span class='ocrx_word' id='word_1_426' title='bbox 411 5250 517 5302; x_wconf 86' lang='lat' dir='ltr'><strong>cta,</strong></span> <span class='ocrx_word' id='word_1_427' title='bbox 545 5241 635 5294; x_wconf 87' lang='lat' dir='ltr'><strong>ubi</strong></span> <span class='ocrx_word' id='word_1_428' title='bbox 659 5241 836 5294; x_wconf 87' lang='lat' dir='ltr'><strong>omnia</strong></span> <span class='ocrx_word' id='word_1_429' title='bbox 865 5256 969 5293; x_wconf 93' lang='lat' dir='ltr'><strong>non</strong></span> <span class='ocrx_word' id='word_1_430' title='bbox 996 5240 1198 5311; x_wconf 84' lang='lat' dir='ltr'><strong>signata</strong></span> <span class='ocrx_word' id='word_1_431' title='bbox 1220 5282 1234 5305; x_wconf 93' lang='lat'><strong>,</strong></span> <span class='ocrx_word' id='word_1_432' title='bbox 1283 5257 1381 5297; x_wconf 87' lang='lat' dir='ltr'><strong>nec</strong></span> <span class='ocrx_word' id='word_1_433' title='bbox 1421 5244 1640 5296; x_wconf 89' lang='lat' dir='ltr'><strong>notata?</strong></span> <span class='ocrx_word' id='word_1_434' title='bbox 1685 5245 1727 5297; x_wconf 89' lang='lat' dir='ltr'><strong>si</strong></span> <span class='ocrx_word' id='word_1_435' title='bbox 1756 5244 1881 5313; x_wconf 90' lang='lat' dir='ltr'><strong>quid</strong></span> <span class='ocrx_word' id='word_1_436' title='bbox 1909 5246 1976 5298; x_wconf 90' lang='lat' dir='ltr'><strong>sit</strong></span> 
     </span>
    </p>
   </div>
   <div class='ocr_carea' id='block_1_55' title="bbox 414 5334 1976 5401">
    <p class='ocr_par' dir='ltr' id='par_1_55' title="bbox 414 5334 1976 5401">
     <span class='ocr_line' id='line_1_55' title="bbox 414 5334 1976 5401; baseline 0.004 -16"><span class='ocrx_word' id='word_1_437' title='bbox 414 5342 591 5386; x_wconf 86' lang='lat' dir='ltr'><strong>autem</strong></span> <span class='ocrx_word' id='word_1_438' title='bbox 624 5335 782 5387; x_wconf 87' lang='lat' dir='ltr'><strong>etiam</strong></span> <span class='ocrx_word' id='word_1_439' title='bbox 812 5334 1050 5389; x_wconf 89' lang='lat' dir='ltr'><strong>articulis</strong></span> <span class='ocrx_word' id='word_1_440' title='bbox 1079 5335 1405 5401; x_wconf 89' lang='lat' dir='ltr'><strong>distinctum,</strong></span> <span class='ocrx_word' id='word_1_441' title='bbox 1441 5352 1626 5391; x_wconf 84' lang='lat' dir='ltr'><strong>rursus</strong></span> <span class='ocrx_word' id='word_1_442' title='bbox 1661 5338 1836 5391; x_wconf 86' lang='lat' dir='ltr'><strong>omnia</strong></span> <span class='ocrx_word' id='word_1_443' title='bbox 1868 5350 1976 5392; x_wconf 91' lang='lat' dir='ltr'><strong>tur-</strong></span> 
     </span>
    </p>
   </div>
   <div class='ocr_carea' id='block_1_56' title="bbox 415 5424 1067 5493">
    <p class='ocr_par' dir='ltr' id='par_1_56' title="bbox 415 5424 1067 5493">
     <span class='ocr_line' id='line_1_56' title="bbox 415 5424 1067 5493; baseline 0.005 -17"><span class='ocrx_word' id='word_1_444' title='bbox 415 5425 521 5492; x_wconf 87' lang='lat' dir='ltr'><strong>pia,</strong></span> <span class='ocrx_word' id='word_1_445' title='bbox 554 5424 729 5477; x_wconf 78' lang='lat' dir='ltr'><strong>omnia</strong></span> <span class='ocrx_word' id='word_1_446' title='bbox 762 5425 1067 5493; x_wconf 89' lang='lat' dir='ltr'><strong>injucunda.</strong></span> 
     </span>
    </p>
   </div>
   <div class='ocr_carea' id='block_1_57' title="bbox 485 5516 1982 5587">
    <p class='ocr_par' dir='ltr' id='par_1_57' title="bbox 485 5516 1982 5587">
     <span class='ocr_line' id='line_1_57' title="bbox 485 5516 1982 5587; baseline 0.002 -18"><span class='ocrx_word' id='word_1_447' title='bbox 485 5516 539 5569; x_wconf 88' lang='lat'><strong>7.</strong></span> <span class='ocrx_word' id='word_1_448' title='bbox 582 5516 758 5579; x_wconf 80' lang='lat' dir='ltr'><strong>Qualis</strong></span> <span class='ocrx_word' id='word_1_449' title='bbox 808 5532 1020 5583; x_wconf 76' lang='lat' dir='ltr'><strong>sponsus</strong></span> <span class='ocrx_word' id='word_1_450' title='bbox 1067 5518 1362 5583; x_wconf 79' lang='lat' dir='ltr'><strong>quterendus</strong></span> <span class='ocrx_word' id='word_1_451' title='bbox 1401 5519 1602 5587; x_wconf 83' lang='lat' dir='ltr'><strong>virgini.</strong></span> <span class='ocrx_word' id='word_1_452' title='bbox 1631 5520 1857 5575; x_wconf 89' lang='lat' dir='ltr'><strong>—Nihil</strong></span> <span class='ocrx_word' id='word_1_453' title='bbox 1900 5530 1982 5574; x_wconf 85' lang='lat' dir='ltr'><strong>est</strong></span> 
     </span>
    </p>
   </div>
   <div class='ocr_carea' id='block_1_58' title="bbox 414 5605 1985 5676">
    <p class='ocr_par' dir='ltr' id='par_1_58' title="bbox 414 5605 1985 5676">
     <span class='ocr_line' id='line_1_58' title="bbox 414 5605 1985 5676; baseline 0.006 -20"><span class='ocrx_word' id='word_1_454' title='bbox 414 5605 610 5660; x_wconf 80' lang='lat' dir='ltr'><strong>virtute</strong></span> <span class='ocrx_word' id='word_1_455' title='bbox 643 5606 953 5676; x_wconf 81' lang='lat' dir='ltr'><strong>jucundius,</strong></span> <span class='ocrx_word' id='word_1_456' title='bbox 1003 5607 1134 5660; x_wconf 90' lang='lat' dir='ltr'><strong>nihil</strong></span> <span class='ocrx_word' id='word_1_457' title='bbox 1180 5609 1544 5664; x_wconf 88' lang='lat' dir='ltr'><strong>moderatione</strong></span> <span class='ocrx_word' id='word_1_458' title='bbox 1572 5613 1806 5675; x_wconf 87' lang='lat' dir='ltr'><strong>suavius,</strong></span> <span class='ocrx_word' id='word_1_459' title='bbox 1852 5610 1985 5665; x_wconf 90' lang='lat' dir='ltr'><strong>nihil</strong></span> 
     </span>
    </p>
   </div>
   <div class='ocr_carea' id='block_1_59' title="bbox 418 5696 1989 5773">
    <p class='ocr_par' dir='ltr' id='par_1_59' title="bbox 418 5696 1989 5773">
     <span class='ocr_line' id='line_1_59' title="bbox 418 5696 1989 5773; baseline 0.006 -25"><span class='ocrx_word' id='word_1_460' title='bbox 418 5696 691 5751; x_wconf 77' lang='lat' dir='ltr'><strong>honestate</strong></span> <span class='ocrx_word' id='word_1_461' title='bbox 716 5697 1137 5752; x_wconf 87' lang='lat' dir='ltr'><strong>desiderabilius.</strong></span> <span class='ocrx_word' id='word_1_462' title='bbox 1165 5698 1343 5751; x_wconf 87' lang='lat' dir='ltr'><strong>Faciat</strong></span> <span class='ocrx_word' id='word_1_463' title='bbox 1357 5702 1617 5769; x_wconf 82' lang='lat' dir='ltr'><strong>quispiam</strong></span> <span class='ocrx_word' id='word_1_464' title='bbox 1637 5705 1847 5771; x_wconf 89' lang='lat' dir='ltr'><strong>nuptias</strong></span> <span class='ocrx_word' id='word_1_465' title='bbox 1864 5718 1989 5773; x_wconf 90' lang='lat' dir='ltr'><strong>qua-</strong></span> 
     </span>
    </p>
   </div>
   <div class='ocr_carea' id='block_1_60' title="bbox 416 5788 1987 5863">
    <p class='ocr_par' dir='ltr' id='par_1_60' title="bbox 416 5788 1987 5863">
     <span class='ocr_line' id='line_1_60' title="bbox 416 5788 1987 5863; baseline 0.006 -22"><span class='ocrx_word' id='word_1_466' title='bbox 416 5788 495 5843; x_wconf 81' lang='lat' dir='ltr'><strong>lcs</strong></span> <span class='ocrx_word' id='word_1_467' title='bbox 540 5803 639 5858; x_wconf 82' lang='lat' dir='ltr'><strong>ego</strong></span> <span class='ocrx_word' id='word_1_468' title='bbox 680 5788 820 5847; x_wconf 78' lang='lat' dir='ltr'><strong>dim.</strong></span> <span class='ocrx_word' id='word_1_469' title='bbox 864 5798 918 5842; x_wconf 93' lang='lat' dir='ltr'><strong>et</strong></span> <span class='ocrx_word' id='word_1_470' title='bbox 964 5788 1162 5843; x_wconf 84' lang='lat' dir='ltr'><strong>videbit</strong></span> <span class='ocrx_word' id='word_1_471' title='bbox 1202 5791 1525 5854; x_wconf 73' lang='lat' dir='ltr'><strong>Voluptatem</strong></span> <span class='ocrx_word' id='word_1_472' title='bbox 1560 5811 1571 5847; x_wconf 90' lang='lat'><strong>:</strong></span> <span class='ocrx_word' id='word_1_473' title='bbox 1602 5796 1784 5863; x_wconf 89' lang='lat' dir='ltr'><strong>quales</strong></span> <span class='ocrx_word' id='word_1_474' title='bbox 1811 5806 1987 5851; x_wconf 89' lang='lat' dir='ltr'><strong>autem</strong></span> 
     </span>
    </p>
   </div>
   <div class='ocr_carea' id='block_1_61' title="bbox 723 5872 1413 5953">
    <p class='ocr_par' dir='ltr' id='par_1_61' title="bbox 723 5872 1413 5953">
     <span class='ocr_line' id='line_1_61' title="bbox 723 5872 1413 5953; baseline 0.001 -21"><span class='ocrx_word' id='word_1_475' title='bbox 723 5874 989 5934; x_wconf 65' lang='lat' dir='ltr'><strong>Parant.</strong></span> <span class='ocrx_word' id='word_1_476' title='bbox 1036 5874 1150 5935; x_wconf 79' lang='lat' dir='ltr'><strong>Cn.</strong></span> <span class='ocrx_word' id='word_1_477' title='bbox 1203 5872 1413 5953; x_wconf 16' lang='lat' dir='ltr'><strong>LXll.‘</strong></span> 
     </span>
    </p>
   </div>
   <div class='ocr_carea' id='block_1_62' title="bbox 389 5936 476 5968">
    <p class='ocr_par' dir='ltr' id='par_1_62' title="bbox 389 5936 476 5968">
     <span class='ocr_line' id='line_1_62' title="bbox 389 5936 476 5968; baseline 0 0"><span class='ocrx_word' id='word_1_478' title='bbox 389 5957 392 5961; x_wconf 90' lang='lat'><strong><em>-</em></strong></span> <span class='ocrx_word' id='word_1_479' title='bbox 427 5936 476 5968; x_wconf 67' lang='grc' dir='ltr'><strong>ἱ»</strong></span> 
     </span>
    </p>
   </div>
   <div class='ocr_carea' id='block_1_63' title="bbox 1265 311 2779 403">
    <p class='ocr_par' dir='ltr' id='par_1_63' title="bbox 1265 311 2779 403">
     <span class='ocr_line' id='line_1_63' title="bbox 1265 311 2779 403; baseline -0.011 1"><span class='ocrx_word' id='word_1_480' title='bbox 1265 348 1332 403; x_wconf 84' lang='lat' dir='ltr'><strong>IN</strong></span> <span class='ocrx_word' id='word_1_481' title='bbox 1370 346 1586 403; x_wconf 83' lang='lat' dir='ltr'><strong>EPIST.</strong></span> <span class='ocrx_word' id='word_1_482' title='bbox 1628 344 1719 399; x_wconf 82' lang='lat' dir='ltr'><strong>AD</strong></span> <span class='ocrx_word' id='word_1_483' title='bbox 1756 336 2035 397; x_wconf 85' lang='lat' dir='ltr'><strong>COLOSS.</strong></span> <span class='ocrx_word' id='word_1_484' title='bbox 2067 335 2222 392; x_wconf 82' lang='lat' dir='ltr'><strong>CAP.</strong></span> <span class='ocrx_word' id='word_1_485' title='bbox 2265 335 2355 389; x_wconf 83' lang='lat' dir='ltr'><strong>tv.</strong></span> <span class='ocrx_word' id='word_1_486' title='bbox 2395 335 2623 391; x_wconf 83' lang='lat' dir='ltr'><strong>llOMIL.</strong></span> <span class='ocrx_word' id='word_1_487' title='bbox 2668 311 2779 391; x_wconf 71' lang='lat' dir='ltr'><strong>xui</strong></span> 
     </span>
    </p>
   </div>
   <div class='ocr_carea' id='block_1_64' title="bbox 3561 350 3667 405">
    <p class='ocr_par' dir='ltr' id='par_1_64' title="bbox 3561 350 3667 405">
     <span class='ocr_line' id='line_1_64' title="bbox 3561 350 3667 405; baseline 0 0"><span class='ocrx_word' id='word_1_488' title='bbox 3561 350 3667 405; x_wconf 76' lang='lat'><strong>590</strong></span> 
     </span>
    </p>
   </div>
   <div class='ocr_carea' id='block_1_65' title="bbox 2090 449 3669 531">
    <p class='ocr_par' dir='ltr' id='par_1_65' title="bbox 2090 449 3669 531">
     <span class='ocr_line' id='line_1_65' title="bbox 2090 449 3669 531; baseline 0.009 -27"><span class='ocrx_word' id='word_1_489' title='bbox 2090 449 2334 517; x_wconf 86' lang='lat' dir='ltr'><strong>nuptias,</strong></span> <span class='ocrx_word' id='word_1_490' title='bbox 2384 450 2663 505; x_wconf 88' lang='lat' dir='ltr'><strong>attendite.</strong></span> <span class='ocrx_word' id='word_1_491' title='bbox 2715 451 2950 506; x_wconf 90' lang='lat' dir='ltr'><strong>Primum</strong></span> <span class='ocrx_word' id='word_1_492' title='bbox 2995 455 3212 524; x_wconf 87' lang='lat' dir='ltr'><strong>quidem</strong></span> <span class='ocrx_word' id='word_1_493' title='bbox 3260 458 3431 513; x_wconf 77' lang='lat' dir='ltr'><strong>virum</strong></span> <span class='ocrx_word' id='word_1_494' title='bbox 3486 477 3669 531; x_wconf 64' lang='lat' dir='ltr'><strong>quaero</strong></span> 
     </span>
    </p>
   </div>
   <div class='ocr_carea' id='block_1_66' title="bbox 2087 541 3664 617">
    <p class='ocr_par' dir='ltr' id='par_1_66' title="bbox 2087 541 3664 617">
     <span class='ocr_line' id='line_1_66' title="bbox 2087 541 3664 617; baseline 0.009 -24"><span class='ocrx_word' id='word_1_495' title='bbox 2087 542 2311 610; x_wconf 84' lang='lat' dir='ltr'><strong>virgini,</strong></span> <span class='ocrx_word' id='word_1_496' title='bbox 2345 541 2432 611; x_wconf 87' lang='lat' dir='ltr'><strong>qui</strong></span> <span class='ocrx_word' id='word_1_497' title='bbox 2481 557 2605 595; x_wconf 89' lang='lat' dir='ltr'><strong>vere</strong></span> <span class='ocrx_word' id='word_1_498' title='bbox 2653 542 2723 595; x_wconf 91' lang='lat' dir='ltr'><strong>sit</strong></span> <span class='ocrx_word' id='word_1_499' title='bbox 2766 544 2846 595; x_wconf 83' lang='lat' dir='ltr'><strong>vir</strong></span> <span class='ocrx_word' id='word_1_500' title='bbox 2889 553 3134 613; x_wconf 88' lang='lat' dir='ltr'><strong>tutorque</strong></span> <span class='ocrx_word' id='word_1_501' title='bbox 3171 546 3287 615; x_wconf 89' lang='lat' dir='ltr'><strong>ejus</strong></span> <span class='ocrx_word' id='word_1_502' title='bbox 3311 559 3366 603; x_wconf 88' lang='lat' dir='ltr'><strong>et</strong></span> <span class='ocrx_word' id='word_1_503' title='bbox 3390 549 3664 617; x_wconf 88' lang='lat' dir='ltr'><strong>defensor,</strong></span> 
     </span>
    </p>
   </div>
   <div class='ocr_carea' id='block_1_67' title="bbox 2088 635 3666 710">
    <p class='ocr_par' dir='ltr' id='par_1_67' title="bbox 2088 635 3666 710">
     <span class='ocr_line' id='line_1_67' title="bbox 2088 635 3666 710; baseline 0.008 -25"><span class='ocrx_word' id='word_1_504' title='bbox 2088 641 2353 702; x_wconf 81' lang='lat' dir='ltr'><strong>tamquam</strong></span> <span class='ocrx_word' id='word_1_505' title='bbox 2402 635 2609 701; x_wconf 91' lang='lat' dir='ltr'><strong>corpori</strong></span> <span class='ocrx_word' id='word_1_506' title='bbox 2652 647 2809 699; x_wconf 87' lang='lat' dir='ltr'><strong>caput</strong></span> <span class='ocrx_word' id='word_1_507' title='bbox 2860 636 3245 705; x_wconf 88' lang='lat' dir='ltr'><strong>impositurus,</strong></span> <span class='ocrx_word' id='word_1_508' title='bbox 3294 649 3352 692; x_wconf 93' lang='lat' dir='ltr'><strong>ut</strong></span> <span class='ocrx_word' id='word_1_509' title='bbox 3405 644 3495 710; x_wconf 90' lang='lat' dir='ltr'><strong>qui</strong></span> <span class='ocrx_word' id='word_1_510' title='bbox 3557 660 3666 699; x_wconf 91' lang='lat' dir='ltr'><strong>non</strong></span> 
     </span>
    </p>
   </div>
   <div class='ocr_carea' id='block_1_68' title="bbox 2089 726 3669 804">
    <p class='ocr_par' dir='ltr' id='par_1_68' title="bbox 2089 726 3669 804">
     <span class='ocr_line' id='line_1_68' title="bbox 2089 726 3669 804; baseline 0.008 -26"><span class='ocrx_word' id='word_1_511' title='bbox 2089 726 2406 795; x_wconf 87' lang='lat' dir='ltr'><strong>mancipium</strong></span> <span class='ocrx_word' id='word_1_512' title='bbox 2430 766 2445 791; x_wconf 93' lang='lat'><strong>,</strong></span> <span class='ocrx_word' id='word_1_513' title='bbox 2477 726 2568 779; x_wconf 92' lang='lat' dir='ltr'><strong>sed</strong></span> <span class='ocrx_word' id='word_1_514' title='bbox 2600 726 2762 780; x_wconf 82' lang='lat' dir='ltr'><strong>tiliam</strong></span> <span class='ocrx_word' id='word_1_515' title='bbox 2795 729 2841 781; x_wconf 87' lang='lat' dir='ltr'><strong>ei</strong></span> <span class='ocrx_word' id='word_1_516' title='bbox 2868 730 2942 782; x_wconf 90' lang='lat' dir='ltr'><strong>sis</strong></span> <span class='ocrx_word' id='word_1_517' title='bbox 2973 730 3279 784; x_wconf 89' lang='lat' dir='ltr'><strong>traditurus.</strong></span> <span class='ocrx_word' id='word_1_518' title='bbox 3330 731 3407 785; x_wconf 84' lang='lat' dir='ltr'><strong>Ne</strong></span> <span class='ocrx_word' id='word_1_519' title='bbox 3457 750 3669 804; x_wconf 64' lang='lat' dir='ltr'><strong>quasras</strong></span> 
     </span>
    </p>
   </div>
   <div class='ocr_carea' id='block_1_69' title="bbox 2087 819 3669 893">
    <p class='ocr_par' dir='ltr' id='par_1_69' title="bbox 2087 819 3669 893">
     <span class='ocr_line' id='line_1_69' title="bbox 2087 819 3669 893; baseline 0.006 -22"><span class='ocrx_word' id='word_1_520' title='bbox 2087 819 2383 887; x_wconf 88' lang='lat' dir='ltr'><strong>pecuniam,</strong></span> <span class='ocrx_word' id='word_1_521' title='bbox 2417 833 2520 871; x_wconf 91' lang='lat' dir='ltr'><strong>non</strong></span> <span class='ocrx_word' id='word_1_522' title='bbox 2559 820 2770 887; x_wconf 88' lang='lat' dir='ltr'><strong>generis</strong></span> <span class='ocrx_word' id='word_1_523' title='bbox 2800 821 3163 889; x_wconf 77' lang='lat' dir='ltr'><strong>Splendorem,</strong></span> <span class='ocrx_word' id='word_1_524' title='bbox 3210 840 3314 876; x_wconf 88' lang='lat' dir='ltr'><strong>non</strong></span> <span class='ocrx_word' id='word_1_525' title='bbox 3342 827 3526 893; x_wconf 72' lang='lat' dir='ltr'><strong>patria:</strong></span> <span class='ocrx_word' id='word_1_526' title='bbox 3551 843 3669 881; x_wconf 52' lang='lat' dir='ltr'><strong>ma.</strong></span> 
     </span>
    </p>
   </div>
   <div class='ocr_carea' id='block_1_70' title="bbox 2085 910 3668 984">
    <p class='ocr_par' dir='ltr' id='par_1_70' title="bbox 2085 910 3668 984">
     <span class='ocr_line' id='line_1_70' title="bbox 2085 910 3668 984; baseline 0.008 -23"><span class='ocrx_word' id='word_1_527' title='bbox 2085 910 2451 979; x_wconf 87' lang='lat' dir='ltr'><strong>gnitudinem;</strong></span> <span class='ocrx_word' id='word_1_528' title='bbox 2500 922 2624 964; x_wconf 91' lang='lat' dir='ltr'><strong>sunt</strong></span> <span class='ocrx_word' id='word_1_529' title='bbox 2682 912 2796 964; x_wconf 72' lang='lat' dir='ltr'><strong>hmc</strong></span> <span class='ocrx_word' id='word_1_530' title='bbox 2856 914 3031 966; x_wconf 87' lang='lat' dir='ltr'><strong>omnia</strong></span> <span class='ocrx_word' id='word_1_531' title='bbox 3086 930 3516 984; x_wconf 60' lang='lat' dir='ltr'><strong>supervacanea;</strong></span> <span class='ocrx_word' id='word_1_532' title='bbox 3574 920 3668 974; x_wconf 91' lang='lat' dir='ltr'><strong>sed</strong></span> 
     </span>
    </p>
   </div>
   <div class='ocr_carea' id='block_1_71' title="bbox 2085 1003 3664 1075">
    <p class='ocr_par' dir='ltr' id='par_1_71' title="bbox 2085 1003 3664 1075">
     <span class='ocr_line' id='line_1_71' title="bbox 2085 1003 3664 1075; baseline 0.005 -21"><span class='ocrx_word' id='word_1_533' title='bbox 2085 1003 2246 1055; x_wconf 90' lang='lat' dir='ltr'><strong>animi</strong></span> <span class='ocrx_word' id='word_1_534' title='bbox 2277 1004 2549 1073; x_wconf 88' lang='lat' dir='ltr'><strong>pietatem,</strong></span> <span class='ocrx_word' id='word_1_535' title='bbox 2581 1005 3060 1063; x_wconf 85' lang='lat' dir='ltr'><strong>mansuetudinem,</strong></span> <span class='ocrx_word' id='word_1_536' title='bbox 3093 1022 3269 1059; x_wconf 85' lang='lat' dir='ltr'><strong>veram</strong></span> <span class='ocrx_word' id='word_1_537' title='bbox 3304 1008 3664 1075; x_wconf 87' lang='lat' dir='ltr'><strong>prudentiam,</strong></span> 
     </span>
    </p>
   </div>
   <div class='ocr_carea' id='block_1_72' title="bbox 2087 1092 3669 1166">
    <p class='ocr_par' dir='ltr' id='par_1_72' title="bbox 2087 1092 3669 1166">
     <span class='ocr_line' id='line_1_72' title="bbox 2087 1092 3669 1166; baseline 0.004 -20"><span class='ocrx_word' id='word_1_538' title='bbox 2087 1092 2180 1147; x_wconf 83' lang='lat' dir='ltr'><strong>Dei</strong></span> <span class='ocrx_word' id='word_1_539' title='bbox 2228 1093 2494 1159; x_wconf 87' lang='lat' dir='ltr'><strong>timorem,</strong></span> <span class='ocrx_word' id='word_1_540' title='bbox 2540 1094 2583 1147; x_wconf 92' lang='lat' dir='ltr'><strong>si</strong></span> <span class='ocrx_word' id='word_1_541' title='bbox 2626 1096 2705 1147; x_wconf 92' lang='lat' dir='ltr'><strong>vis</strong></span> <span class='ocrx_word' id='word_1_542' title='bbox 2743 1096 2902 1147; x_wconf 87' lang='lat' dir='ltr'><strong>tiliam</strong></span> <span class='ocrx_word' id='word_1_543' title='bbox 2933 1096 3114 1149; x_wconf 89' lang='lat' dir='ltr'><strong>vivere</strong></span> <span class='ocrx_word' id='word_1_544' title='bbox 3153 1112 3272 1149; x_wconf 89' lang='lat' dir='ltr'><strong>cum</strong></span> <span class='ocrx_word' id='word_1_545' title='bbox 3304 1100 3571 1166; x_wconf 78' lang='lat' dir='ltr'><strong>voluptate</strong></span> <span class='ocrx_word' id='word_1_546' title='bbox 3614 1112 3669 1153; x_wconf 88' lang='lat' dir='ltr'><strong>et</strong></span> 
     </span>
    </p>
   </div>
   <div class='ocr_carea' id='block_1_73' title="bbox 2086 1188 3665 1270">
    <p class='ocr_par' dir='ltr' id='par_1_73' title="bbox 2086 1188 3665 1270">
     <span class='ocr_line' id='line_1_73' title="bbox 2086 1188 3665 1270; baseline 0.003 -29"><span class='ocrx_word' id='word_1_547' title='bbox 2086 1188 2289 1242; x_wconf 70' lang='lat' dir='ltr'><strong>lmtitia.</strong></span> <span class='ocrx_word' id='word_1_548' title='bbox 2315 1189 2571 1255; x_wconf 64' lang='lat' dir='ltr'><strong>Quaereris</strong></span> <span class='ocrx_word' id='word_1_549' title='bbox 2594 1189 2733 1241; x_wconf 90' lang='lat' dir='ltr'><strong>cnim</strong></span> <span class='ocrx_word' id='word_1_550' title='bbox 2762 1188 3034 1255; x_wconf 87' lang='lat' dir='ltr'><strong>ditiorem,</strong></span> <span class='ocrx_word' id='word_1_551' title='bbox 3066 1206 3170 1242; x_wconf 91' lang='lat' dir='ltr'><strong>non</strong></span> <span class='ocrx_word' id='word_1_552' title='bbox 3200 1190 3377 1270; x_wconf 80' lang='lat' dir='ltr'><strong>solum</strong></span> <span class='ocrx_word' id='word_1_553' title='bbox 3410 1208 3527 1245; x_wconf 90' lang='lat' dir='ltr'><strong>eam</strong></span> <span class='ocrx_word' id='word_1_554' title='bbox 3561 1208 3665 1246; x_wconf 93' lang='lat' dir='ltr'><strong>non</strong></span> 
     </span>
    </p>
   </div>
   <div class='ocr_carea' id='block_1_74' title="bbox 2081 1281 3661 1354">
    <p class='ocr_par' dir='ltr' id='par_1_74' title="bbox 2081 1281 3661 1354">
     <span class='ocr_line' id='line_1_74' title="bbox 2081 1281 3661 1354; baseline 0.003 -20"><span class='ocrx_word' id='word_1_555' title='bbox 2081 1281 2323 1349; x_wconf 85' lang='lat' dir='ltr'><strong>juvabis,</strong></span> <span class='ocrx_word' id='word_1_556' title='bbox 2357 1281 2449 1335; x_wconf 89' lang='lat' dir='ltr'><strong>sed</strong></span> <span class='ocrx_word' id='word_1_557' title='bbox 2477 1282 2634 1335; x_wconf 91' lang='lat' dir='ltr'><strong>etiam</strong></span> <span class='ocrx_word' id='word_1_558' title='bbox 2669 1281 2866 1347; x_wconf 64' lang='lat' dir='ltr'><strong>laedes;</strong></span> <span class='ocrx_word' id='word_1_559' title='bbox 2898 1298 3108 1335; x_wconf 88' lang='lat' dir='ltr'><strong>servam</strong></span> <span class='ocrx_word' id='word_1_560' title='bbox 3142 1283 3307 1338; x_wconf 85' lang='lat' dir='ltr'><strong>facies</strong></span> <span class='ocrx_word' id='word_1_561' title='bbox 3348 1300 3445 1354; x_wconf 91' lang='lat' dir='ltr'><strong>pro</strong></span> <span class='ocrx_word' id='word_1_562' title='bbox 3477 1286 3661 1338; x_wconf 90' lang='lat' dir='ltr'><strong>libera.</strong></span> 
     </span>
    </p>
   </div>
   <div class='ocr_carea' id='block_1_75' title="bbox 2084 1374 3665 1444">
    <p class='ocr_par' dir='ltr' id='par_1_75' title="bbox 2084 1374 3665 1444">
     <span class='ocr_line' id='line_1_75' title="bbox 2084 1374 3665 1444; baseline 0.002 -15"><span class='ocrx_word' id='word_1_563' title='bbox 2084 1374 2200 1429; x_wconf 78' lang='lat' dir='ltr'><strong>Non</strong></span> <span class='ocrx_word' id='word_1_564' title='bbox 2232 1383 2371 1427; x_wconf 89' lang='lat' dir='ltr'><strong>tanta</strong></span> <span class='ocrx_word' id='word_1_565' title='bbox 2402 1376 2541 1427; x_wconf 89' lang='lat' dir='ltr'><strong>enim</strong></span> <span class='ocrx_word' id='word_1_566' title='bbox 2579 1391 2645 1428; x_wconf 78' lang='lat' dir='ltr'><strong>ex</strong></span> <span class='ocrx_word' id='word_1_567' title='bbox 2685 1375 2860 1428; x_wconf 87' lang='lat' dir='ltr'><strong>aureis</strong></span> <span class='ocrx_word' id='word_1_568' title='bbox 2899 1374 3104 1429; x_wconf 87' lang='lat' dir='ltr'><strong>fruetur</strong></span> <span class='ocrx_word' id='word_1_569' title='bbox 3148 1376 3434 1444; x_wconf 86' lang='lat' dir='ltr'><strong>voluptate,</strong></span> <span class='ocrx_word' id='word_1_570' title='bbox 3468 1389 3665 1444; x_wconf 80' lang='lat' dir='ltr'><strong>quanta</strong></span> 
     </span>
    </p>
   </div>
   <div class='ocr_carea' id='block_1_76' title="bbox 2086 1468 3664 1538">
    <p class='ocr_par' dir='ltr' id='par_1_76' title="bbox 2086 1468 3664 1538">
     <span class='ocr_line' id='line_1_76' title="bbox 2086 1468 3664 1538; baseline 0.003 -17"><span class='ocrx_word' id='word_1_571' title='bbox 2086 1468 2329 1521; x_wconf 89' lang='lat' dir='ltr'><strong>molestia</strong></span> <span class='ocrx_word' id='word_1_572' title='bbox 2356 1484 2422 1522; x_wconf 81' lang='lat' dir='ltr'><strong>ex</strong></span> <span class='ocrx_word' id='word_1_573' title='bbox 2449 1470 2724 1522; x_wconf 89' lang='lat' dir='ltr'><strong>servitute.</strong></span> <span class='ocrx_word' id='word_1_574' title='bbox 2753 1469 2856 1523; x_wconf 89' lang='lat' dir='ltr'><strong>Sed</strong></span> <span class='ocrx_word' id='word_1_575' title='bbox 2884 1470 2997 1523; x_wconf 81' lang='lat' dir='ltr'><strong>haec</strong></span> <span class='ocrx_word' id='word_1_576' title='bbox 3026 1485 3092 1523; x_wconf 93' lang='lat' dir='ltr'><strong>ne</strong></span> <span class='ocrx_word' id='word_1_577' title='bbox 3122 1486 3354 1538; x_wconf 77' lang='lat' dir='ltr'><strong>quaeras,</strong></span> <span class='ocrx_word' id='word_1_578' title='bbox 3388 1470 3482 1525; x_wconf 90' lang='lat' dir='ltr'><strong>sed</strong></span> <span class='ocrx_word' id='word_1_579' title='bbox 3512 1471 3664 1525; x_wconf 86' lang='lat' dir='ltr'><strong>illum</strong></span> 
     </span>
    </p>
   </div>
   <div class='ocr_carea' id='block_1_77' title="bbox 2085 1558 3659 1631">
    <p class='ocr_par' dir='ltr' id='par_1_77' title="bbox 2085 1558 3659 1631">
     <span class='ocr_line' id='line_1_77' title="bbox 2085 1558 3659 1631; baseline 0.003 -21"><span class='ocrx_word' id='word_1_580' title='bbox 2085 1559 2173 1626; x_wconf 92' lang='lat' dir='ltr'><strong>qui</strong></span> <span class='ocrx_word' id='word_1_581' title='bbox 2202 1559 2269 1612; x_wconf 91' lang='lat' dir='ltr'><strong>sit</strong></span> <span class='ocrx_word' id='word_1_582' title='bbox 2310 1559 2453 1626; x_wconf 93' lang='lat' dir='ltr'><strong>paris</strong></span> <span class='ocrx_word' id='word_1_583' title='bbox 2482 1558 2803 1612; x_wconf 92' lang='lat' dir='ltr'><strong>conditionis</strong></span> <span class='ocrx_word' id='word_1_584' title='bbox 2834 1578 2847 1614; x_wconf 91' lang='lat'><strong>:</strong></span> <span class='ocrx_word' id='word_1_585' title='bbox 2880 1560 2923 1613; x_wconf 91' lang='lat' dir='ltr'><strong>si</strong></span> <span class='ocrx_word' id='word_1_586' title='bbox 2952 1559 3067 1614; x_wconf 85' lang='lat' dir='ltr'><strong>ﬁeri</strong></span> <span class='ocrx_word' id='word_1_587' title='bbox 3099 1571 3276 1615; x_wconf 91' lang='lat' dir='ltr'><strong>autem</strong></span> <span class='ocrx_word' id='word_1_588' title='bbox 3320 1577 3423 1615; x_wconf 94' lang='lat' dir='ltr'><strong>non</strong></span> <span class='ocrx_word' id='word_1_589' title='bbox 3456 1563 3659 1631; x_wconf 86' lang='lat' dir='ltr'><strong>possit,</strong></span> 
     </span>
    </p>
   </div>
   <div class='ocr_carea' id='block_1_78' title="bbox 2087 1652 3663 1722">
    <p class='ocr_par' dir='ltr' id='par_1_78' title="bbox 2087 1652 3663 1722">
     <span class='ocr_line' id='line_1_78' title="bbox 2087 1652 3663 1722; baseline 0.006 -20"><span class='ocrx_word' id='word_1_590' title='bbox 2087 1652 2454 1721; x_wconf 87' lang='lat' dir='ltr'><strong>pauperiorem</strong></span> <span class='ocrx_word' id='word_1_591' title='bbox 2503 1654 2672 1722; x_wconf 85' lang='lat' dir='ltr'><strong>magis</strong></span> <span class='ocrx_word' id='word_1_592' title='bbox 2716 1669 2876 1722; x_wconf 92' lang='lat' dir='ltr'><strong>quam</strong></span> <span class='ocrx_word' id='word_1_593' title='bbox 2917 1654 3198 1719; x_wconf 91' lang='lat' dir='ltr'><strong>ditiorem,</strong></span> <span class='ocrx_word' id='word_1_594' title='bbox 3228 1655 3272 1708; x_wconf 88' lang='lat' dir='ltr'><strong>si</strong></span> <span class='ocrx_word' id='word_1_595' title='bbox 3306 1673 3412 1710; x_wconf 89' lang='lat' dir='ltr'><strong>non</strong></span> <span class='ocrx_word' id='word_1_596' title='bbox 3442 1656 3663 1711; x_wconf 93' lang='lat' dir='ltr'><strong>domino</strong></span> 
     </span>
    </p>
   </div>
   <div class='ocr_carea' id='block_1_79' title="bbox 2089 1743 3665 1814">
    <p class='ocr_par' dir='ltr' id='par_1_79' title="bbox 2089 1743 3665 1814">
     <span class='ocr_line' id='line_1_79' title="bbox 2089 1743 3665 1814; baseline 0.006 -21"><span class='ocrx_word' id='word_1_597' title='bbox 2089 1743 2324 1798; x_wconf 91' lang='lat' dir='ltr'><strong>vendere</strong></span> <span class='ocrx_word' id='word_1_598' title='bbox 2344 1785 2358 1808; x_wconf 94' lang='lat'><strong>,</strong></span> <span class='ocrx_word' id='word_1_599' title='bbox 2388 1743 2481 1797; x_wconf 87' lang='lat' dir='ltr'><strong>sed</strong></span> <span class='ocrx_word' id='word_1_600' title='bbox 2508 1744 2700 1798; x_wconf 90' lang='lat' dir='ltr'><strong>marito</strong></span> <span class='ocrx_word' id='word_1_601' title='bbox 2731 1745 2810 1797; x_wconf 87' lang='lat' dir='ltr'><strong>vis</strong></span> <span class='ocrx_word' id='word_1_602' title='bbox 2840 1744 3050 1800; x_wconf 89' lang='lat' dir='ltr'><strong>tradere</strong></span> <span class='ocrx_word' id='word_1_603' title='bbox 3080 1745 3266 1799; x_wconf 85' lang='lat' dir='ltr'><strong>ﬁliam.</strong></span> <span class='ocrx_word' id='word_1_604' title='bbox 3313 1746 3537 1814; x_wconf 83' lang='lat' dir='ltr'><strong>Quando</strong></span> <span class='ocrx_word' id='word_1_605' title='bbox 3565 1751 3665 1803; x_wconf 88' lang='lat' dir='ltr'><strong>viri</strong></span> 
     </span>
    </p>
   </div>
   <div class='ocr_carea' id='block_1_80' title="bbox 2084 1834 3661 1905">
    <p class='ocr_par' dir='ltr' id='par_1_80' title="bbox 2084 1834 3661 1905">
     <span class='ocr_line' id='line_1_80' title="bbox 2084 1834 3661 1905; baseline 0.004 -20"><span class='ocrx_word' id='word_1_606' title='bbox 2084 1834 2336 1887; x_wconf 86' lang='lat' dir='ltr'><strong>virtutem</strong></span> <span class='ocrx_word' id='word_1_607' title='bbox 2368 1842 2553 1888; x_wconf 79' lang='lat' dir='ltr'><strong>exacte</strong></span> <span class='ocrx_word' id='word_1_608' title='bbox 2582 1834 2996 1902; x_wconf 81' lang='lat' dir='ltr'><strong>examinaveris,</strong></span> <span class='ocrx_word' id='word_1_609' title='bbox 3031 1844 3086 1890; x_wconf 89' lang='lat' dir='ltr'><strong>et</strong></span> <span class='ocrx_word' id='word_1_610' title='bbox 3113 1851 3230 1890; x_wconf 85' lang='lat' dir='ltr'><strong>eam</strong></span> <span class='ocrx_word' id='word_1_611' title='bbox 3258 1852 3316 1891; x_wconf 90' lang='lat' dir='ltr'><strong>es</strong></span> <span class='ocrx_word' id='word_1_612' title='bbox 3348 1837 3661 1905; x_wconf 89' lang='lat' dir='ltr'><strong>traditurus,</strong></span> 
     </span>
    </p>
   </div>
   <div class='ocr_carea' id='block_1_81' title="bbox 2085 1925 3663 1998">
    <p class='ocr_par' dir='ltr' id='par_1_81' title="bbox 2085 1925 3663 1998">
     <span class='ocr_line' id='line_1_81' title="bbox 2085 1925 3663 1998; baseline 0.002 -17"><span class='ocrx_word' id='word_1_613' title='bbox 2085 1941 2211 1997; x_wconf 89' lang='lat' dir='ltr'><strong>roga</strong></span> <span class='ocrx_word' id='word_1_614' title='bbox 2254 1925 2525 1987; x_wconf 87' lang='lat' dir='ltr'><strong>Christum</strong></span> <span class='ocrx_word' id='word_1_615' title='bbox 2571 1938 2628 1981; x_wconf 92' lang='lat' dir='ltr'><strong>ut</strong></span> <span class='ocrx_word' id='word_1_616' title='bbox 2666 1927 2838 1988; x_wconf 88' lang='lat' dir='ltr'><strong>adsit;</strong></span> <span class='ocrx_word' id='word_1_617' title='bbox 2890 1944 2997 1983; x_wconf 91' lang='lat' dir='ltr'><strong>non</strong></span> <span class='ocrx_word' id='word_1_618' title='bbox 3042 1929 3187 1984; x_wconf 91' lang='lat' dir='ltr'><strong>enim</strong></span> <span class='ocrx_word' id='word_1_619' title='bbox 3237 1929 3383 1983; x_wconf 89' lang='lat' dir='ltr'><strong>illum</strong></span> <span class='ocrx_word' id='word_1_620' title='bbox 3415 1930 3663 1998; x_wconf 86' lang='lat' dir='ltr'><strong>pudebit;</strong></span> 
     </span>
    </p>
   </div>
   <div class='ocr_carea' id='block_1_82' title="bbox 2084 2018 3665 2091">
    <p class='ocr_par' dir='ltr' id='par_1_82' title="bbox 2084 2018 3665 2091">
     <span class='ocr_line' id='line_1_82' title="bbox 2084 2018 3665 2091; baseline 0.004 -20"><span class='ocrx_word' id='word_1_621' title='bbox 2084 2018 2395 2090; x_wconf 90' lang='lat' dir='ltr'><strong>mysterium</strong></span> <span class='ocrx_word' id='word_1_622' title='bbox 2425 2020 2620 2089; x_wconf 86' lang='lat' dir='ltr'><strong>quippe</strong></span> <span class='ocrx_word' id='word_1_623' title='bbox 2648 2030 2731 2075; x_wconf 91' lang='lat' dir='ltr'><strong>est</strong></span> <span class='ocrx_word' id='word_1_624' title='bbox 2774 2036 2885 2074; x_wconf 72' lang='lat' dir='ltr'><strong>suae</strong></span> <span class='ocrx_word' id='word_1_625' title='bbox 2932 2022 3251 2090; x_wconf 70' lang='lat' dir='ltr'><strong>prmsentize.</strong></span> <span class='ocrx_word' id='word_1_626' title='bbox 3307 2022 3484 2091; x_wconf 83' lang='lat' dir='ltr'><strong>Atque</strong></span> <span class='ocrx_word' id='word_1_627' title='bbox 3536 2032 3665 2078; x_wconf 92' lang='lat' dir='ltr'><strong>tunc</strong></span> 
     </span>
    </p>
   </div>
   <div class='ocr_carea' id='block_1_83' title="bbox 2083 2112 3665 2183">
    <p class='ocr_par' dir='ltr' id='par_1_83' title="bbox 2083 2112 3665 2183">
     <span class='ocr_line' id='line_1_83' title="bbox 2083 2112 3665 2183; baseline 0.006 -18"><span class='ocrx_word' id='word_1_628' title='bbox 2083 2126 2211 2181; x_wconf 85' lang='lat' dir='ltr'><strong>roga</strong></span> <span class='ocrx_word' id='word_1_629' title='bbox 2256 2121 2315 2167; x_wconf 91' lang='lat' dir='ltr'><strong>ut</strong></span> <span class='ocrx_word' id='word_1_630' title='bbox 2355 2112 2517 2167; x_wconf 89' lang='lat' dir='ltr'><strong>talem</strong></span> <span class='ocrx_word' id='word_1_631' title='bbox 2563 2113 2654 2167; x_wconf 90' lang='lat' dir='ltr'><strong>det</strong></span> <span class='ocrx_word' id='word_1_632' title='bbox 2696 2128 2975 2183; x_wconf 90' lang='lat' dir='ltr'><strong>sponsum.</strong></span> <span class='ocrx_word' id='word_1_633' title='bbox 3019 2113 3098 2169; x_wconf 83' lang='lat' dir='ltr'><strong>Ne</strong></span> <span class='ocrx_word' id='word_1_634' title='bbox 3139 2116 3213 2169; x_wconf 88' lang='lat' dir='ltr'><strong>sis</strong></span> <span class='ocrx_word' id='word_1_635' title='bbox 3252 2130 3409 2170; x_wconf 87' lang='lat' dir='ltr'><strong>servo</strong></span> <span class='ocrx_word' id='word_1_636' title='bbox 3436 2117 3665 2174; x_wconf 78' lang='lat' dir='ltr'><strong>Abrahae</strong></span> 
     </span>
    </p>
   </div>
   <div class='ocr_carea' id='block_1_84' title="bbox 2084 2203 3663 2279">
    <p class='ocr_par' dir='ltr' id='par_1_84' title="bbox 2084 2203 3663 2279">
     <span class='ocr_line' id='line_1_84' title="bbox 2084 2203 3663 2279; baseline 0.004 -22"><span class='ocrx_word' id='word_1_637' title='bbox 2084 2203 2341 2271; x_wconf 88' lang='lat' dir='ltr'><strong>deterior,</strong></span> <span class='ocrx_word' id='word_1_638' title='bbox 2386 2205 2477 2275; x_wconf 88' lang='lat' dir='ltr'><strong>qui</strong></span> <span class='ocrx_word' id='word_1_639' title='bbox 2529 2205 2598 2261; x_wconf 88' lang='lat' dir='ltr'><strong>ad</strong></span> <span class='ocrx_word' id='word_1_640' title='bbox 2647 2216 2845 2261; x_wconf 90' lang='lat' dir='ltr'><strong>tantam</strong></span> <span class='ocrx_word' id='word_1_641' title='bbox 2897 2207 3093 2262; x_wconf 88' lang='lat' dir='ltr'><strong>missus</strong></span> <span class='ocrx_word' id='word_1_642' title='bbox 3138 2210 3663 2279; x_wconf 89' lang='lat' dir='ltr'><strong>peregrinationem,</strong></span> 
     </span>
    </p>
   </div>
   <div class='ocr_carea' id='block_1_85' title="bbox 2085 2297 3666 2368">
    <p class='ocr_par' dir='ltr' id='par_1_85' title="bbox 2085 2297 3666 2368">
     <span class='ocr_line' id='line_1_85' title="bbox 2085 2297 3666 2368; baseline 0.004 -19"><span class='ocrx_word' id='word_1_643' title='bbox 2085 2297 2236 2350; x_wconf 89' lang='lat' dir='ltr'><strong>novit</strong></span> <span class='ocrx_word' id='word_1_644' title='bbox 2280 2312 2389 2367; x_wconf 92' lang='lat' dir='ltr'><strong>quo</strong></span> <span class='ocrx_word' id='word_1_645' title='bbox 2433 2307 2577 2352; x_wconf 90' lang='lat' dir='ltr'><strong>esset</strong></span> <span class='ocrx_word' id='word_1_646' title='bbox 2615 2297 3053 2368; x_wconf 90' lang='lat' dir='ltr'><strong>confugiendum,</strong></span> <span class='ocrx_word' id='word_1_647' title='bbox 3103 2308 3159 2353; x_wconf 88' lang='lat' dir='ltr'><strong>et</strong></span> <span class='ocrx_word' id='word_1_648' title='bbox 3207 2299 3327 2354; x_wconf 90' lang='lat' dir='ltr'><strong>ideo</strong></span> <span class='ocrx_word' id='word_1_649' title='bbox 3364 2301 3542 2353; x_wconf 91' lang='lat' dir='ltr'><strong>omnia</strong></span> <span class='ocrx_word' id='word_1_650' title='bbox 3582 2310 3666 2355; x_wconf 89' lang='lat' dir='ltr'><strong>est</strong></span> 
     </span>
    </p>
   </div>
   <div class='ocr_carea' id='block_1_86' title="bbox 2083 2389 3666 2461">
    <p class='ocr_par' dir='ltr' id='par_1_86' title="bbox 2083 2389 3666 2461">
     <span class='ocr_line' id='line_1_86' title="bbox 2083 2389 3666 2461; baseline 0.005 -20"><span class='ocrx_word' id='word_1_651' title='bbox 2083 2397 2463 2459; x_wconf 90' lang='lat' dir='ltr'><strong>consequutus.</strong></span> <span class='ocrx_word' id='word_1_652' title='bbox 2494 2389 2719 2455; x_wconf 90' lang='lat' dir='ltr'><strong>Quando</strong></span> <span class='ocrx_word' id='word_1_653' title='bbox 2749 2399 2802 2444; x_wconf 92' lang='lat' dir='ltr'><strong>tu</strong></span> <span class='ocrx_word' id='word_1_654' title='bbox 2832 2404 2893 2443; x_wconf 92' lang='lat' dir='ltr'><strong>es</strong></span> <span class='ocrx_word' id='word_1_655' title='bbox 2918 2390 3199 2456; x_wconf 82' lang='lat' dir='ltr'><strong>sollicitus,</strong></span> <span class='ocrx_word' id='word_1_656' title='bbox 3229 2401 3283 2445; x_wconf 90' lang='lat' dir='ltr'><strong>et</strong></span> <span class='ocrx_word' id='word_1_657' title='bbox 3313 2391 3495 2444; x_wconf 90' lang='lat' dir='ltr'><strong>virum</strong></span> <span class='ocrx_word' id='word_1_658' title='bbox 3525 2407 3666 2461; x_wconf 71' lang='lat' dir='ltr'><strong>qna:-</strong></span> 
     </span>
    </p>
   </div>
   <div class='ocr_carea' id='block_1_87' title="bbox 2083 2480 3661 2551">
    <p class='ocr_par' dir='ltr' id='par_1_87' title="bbox 2083 2480 3661 2551">
     <span class='ocr_line' id='line_1_87' title="bbox 2083 2480 3661 2551; baseline 0.002 -17"><span class='ocrx_word' id='word_1_659' title='bbox 2083 2480 2178 2545; x_wconf 84' lang='lat' dir='ltr'><strong>ris,</strong></span> <span class='ocrx_word' id='word_1_660' title='bbox 2212 2495 2430 2549; x_wconf 88' lang='lat' dir='ltr'><strong>precare</strong></span> <span class='ocrx_word' id='word_1_661' title='bbox 2450 2522 2465 2543; x_wconf 93' lang='lat'><strong>,</strong></span> <span class='ocrx_word' id='word_1_662' title='bbox 2493 2480 2581 2535; x_wconf 90' lang='lat' dir='ltr'><strong>dic</strong></span> <span class='ocrx_word' id='word_1_663' title='bbox 2623 2482 2763 2547; x_wconf 90' lang='lat' dir='ltr'><strong>Deo,</strong></span> <span class='ocrx_word' id='word_1_664' title='bbox 2793 2482 2962 2548; x_wconf 90' lang='lat' dir='ltr'><strong>Quem</strong></span> <span class='ocrx_word' id='word_1_665' title='bbox 2993 2492 3045 2535; x_wconf 92' lang='lat' dir='ltr'><strong>tu</strong></span> <span class='ocrx_word' id='word_1_666' title='bbox 3078 2482 3209 2536; x_wconf 89' lang='lat' dir='ltr'><strong>velis</strong></span> <span class='ocrx_word' id='word_1_667' title='bbox 3240 2482 3502 2551; x_wconf 89' lang='lat' dir='ltr'><strong>provide;</strong></span> <span class='ocrx_word' id='word_1_668' title='bbox 3549 2498 3661 2538; x_wconf 89' lang='lat' dir='ltr'><strong>rem</strong></span> 
     </span>
    </p>
   </div>
   <div class='ocr_carea' id='block_1_88' title="bbox 2084 2572 3665 2628">
    <p class='ocr_par' dir='ltr' id='par_1_88' title="bbox 2084 2572 3665 2628">
     <span class='ocr_line' id='line_1_88' title="bbox 2084 2572 3665 2628; baseline 0.003 -4"><span class='ocrx_word' id='word_1_669' title='bbox 2084 2580 2247 2625; x_wconf 90' lang='lat' dir='ltr'><strong>totam</strong></span> <span class='ocrx_word' id='word_1_670' title='bbox 2277 2572 2326 2626; x_wconf 89' lang='lat' dir='ltr'><strong>ei</strong></span> <span class='ocrx_word' id='word_1_671' title='bbox 2355 2572 2503 2627; x_wconf 88' lang='lat' dir='ltr'><strong>trade</strong></span> <span class='ocrx_word' id='word_1_672' title='bbox 2531 2582 2586 2626; x_wconf 93' lang='lat' dir='ltr'><strong>et</strong></span> <span class='ocrx_word' id='word_1_673' title='bbox 2614 2574 2887 2628; x_wconf 89' lang='lat' dir='ltr'><strong>committe</strong></span> <span class='ocrx_word' id='word_1_674' title='bbox 2920 2591 2931 2625; x_wconf 90' lang='lat'><strong>:</strong></span> <span class='ocrx_word' id='word_1_675' title='bbox 2970 2573 3071 2628; x_wconf 90' lang='lat' dir='ltr'><strong>hoc</strong></span> <span class='ocrx_word' id='word_1_676' title='bbox 3097 2583 3275 2627; x_wconf 90' lang='lat' dir='ltr'><strong>autem</strong></span> <span class='ocrx_word' id='word_1_677' title='bbox 3309 2590 3339 2627; x_wconf 91' lang='lat' dir='ltr'><strong>a</strong></span> <span class='ocrx_word' id='word_1_678' title='bbox 3369 2585 3418 2628; x_wconf 90' lang='lat' dir='ltr'><strong>te</strong></span> <span class='ocrx_word' id='word_1_679' title='bbox 3444 2585 3665 2628; x_wconf 91' lang='lat' dir='ltr'><strong>ornatus</strong></span> 
     </span>
    </p>
   </div>
   <div class='ocr_carea' id='block_1_89' title="bbox 2083 2661 3660 2732">
    <p class='ocr_par' dir='ltr' id='par_1_89' title="bbox 2083 2661 3660 2732">
     <span class='ocr_line' id='line_1_89' title="bbox 2083 2661 3660 2732; baseline 0.003 -18"><span class='ocrx_word' id='word_1_680' title='bbox 2083 2661 2310 2728; x_wconf 92' lang='lat' dir='ltr'><strong>honore,</strong></span> <span class='ocrx_word' id='word_1_681' title='bbox 2336 2671 2391 2717; x_wconf 91' lang='lat' dir='ltr'><strong>te</strong></span> <span class='ocrx_word' id='word_1_682' title='bbox 2419 2664 2870 2717; x_wconf 89' lang='lat' dir='ltr'><strong>remunerabitur.</strong></span> <span class='ocrx_word' id='word_1_683' title='bbox 2899 2664 3012 2717; x_wconf 89' lang='lat' dir='ltr'><strong>Duo</strong></span> <span class='ocrx_word' id='word_1_684' title='bbox 3044 2672 3191 2718; x_wconf 91' lang='lat' dir='ltr'><strong>certe</strong></span> <span class='ocrx_word' id='word_1_685' title='bbox 3222 2673 3437 2732; x_wconf 90' lang='lat' dir='ltr'><strong>oportet</strong></span> <span class='ocrx_word' id='word_1_686' title='bbox 3464 2665 3660 2730; x_wconf 87' lang='lat' dir='ltr'><strong>facere,</strong></span> 
     </span>
    </p>
   </div>
   <div class='ocr_carea' id='block_1_90' title="bbox 2082 2760 3663 2834">
    <p class='ocr_par' dir='ltr' id='par_1_90' title="bbox 2082 2760 3663 2834">
     <span class='ocr_line' id='line_1_90' title="bbox 2082 2760 3663 2834; baseline 0.003 -21"><span class='ocrx_word' id='word_1_687' title='bbox 2082 2774 2277 2828; x_wconf 91' lang='lat' dir='ltr'><strong>nempe</strong></span> <span class='ocrx_word' id='word_1_688' title='bbox 2301 2776 2413 2815; x_wconf 90' lang='lat' dir='ltr'><strong>rem</strong></span> <span class='ocrx_word' id='word_1_689' title='bbox 2448 2760 2518 2814; x_wconf 92' lang='lat' dir='ltr'><strong>illi</strong></span> <span class='ocrx_word' id='word_1_690' title='bbox 2543 2762 2901 2828; x_wconf 86' lang='lat' dir='ltr'><strong>committere,</strong></span> <span class='ocrx_word' id='word_1_691' title='bbox 2922 2771 2976 2817; x_wconf 87' lang='lat' dir='ltr'><strong>et</strong></span> <span class='ocrx_word' id='word_1_692' title='bbox 3000 2763 3156 2818; x_wconf 88' lang='lat' dir='ltr'><strong>talem</strong></span> <span class='ocrx_word' id='word_1_693' title='bbox 3180 2779 3421 2833; x_wconf 74' lang='lat' dir='ltr'><strong>quaerere</strong></span> <span class='ocrx_word' id='word_1_694' title='bbox 3449 2767 3663 2834; x_wconf 90' lang='lat' dir='ltr'><strong>qualem</strong></span> 
     </span>
    </p>
   </div>
   <div class='ocr_carea' id='block_1_91' title="bbox 2081 2851 3663 2923">
    <p class='ocr_par' dir='ltr' id='par_1_91' title="bbox 2081 2851 3663 2923">
     <span class='ocr_line' id='line_1_91' title="bbox 2081 2851 3663 2923; baseline 0.004 -18"><span class='ocrx_word' id='word_1_695' title='bbox 2081 2851 2194 2921; x_wconf 90' lang='lat' dir='ltr'><strong>ipse</strong></span> <span class='ocrx_word' id='word_1_696' title='bbox 2240 2853 2371 2918; x_wconf 89' lang='lat' dir='ltr'><strong>vult,</strong></span> <span class='ocrx_word' id='word_1_697' title='bbox 2403 2868 2594 2922; x_wconf 87' lang='lat' dir='ltr'><strong>nempe</strong></span> <span class='ocrx_word' id='word_1_698' title='bbox 2641 2854 2862 2923; x_wconf 88' lang='lat' dir='ltr'><strong>probum</strong></span> <span class='ocrx_word' id='word_1_699' title='bbox 2908 2864 2961 2909; x_wconf 92' lang='lat' dir='ltr'><strong>et</strong></span> <span class='ocrx_word' id='word_1_700' title='bbox 2991 2854 3292 2909; x_wconf 89' lang='lat' dir='ltr'><strong>honestum.</strong></span> <span class='ocrx_word' id='word_1_701' title='bbox 3339 2856 3563 2922; x_wconf 88' lang='lat' dir='ltr'><strong>Quando</strong></span> <span class='ocrx_word' id='word_1_702' title='bbox 3604 2873 3663 2912; x_wconf 83' lang='lat' dir='ltr'><strong>es</strong></span> 
     </span>
    </p>
   </div>
   <div class='ocr_carea' id='block_1_92' title="bbox 2082 2946 3663 3018">
    <p class='ocr_par' dir='ltr' id='par_1_92' title="bbox 2082 2946 3663 3018">
     <span class='ocr_line' id='line_1_92' title="bbox 2082 2946 3663 3018; baseline 0.004 -18"><span class='ocrx_word' id='word_1_703' title='bbox 2082 2946 2320 3001; x_wconf 85' lang='lat' dir='ltr'><strong>factnrus</strong></span> <span class='ocrx_word' id='word_1_704' title='bbox 2348 2948 2558 3015; x_wconf 84' lang='lat' dir='ltr'><strong>nuptias</strong></span> <span class='ocrx_word' id='word_1_705' title='bbox 2578 2988 2592 3012; x_wconf 93' lang='lat'><strong>,</strong></span> <span class='ocrx_word' id='word_1_706' title='bbox 2625 2963 2690 3002; x_wconf 88' lang='lat' dir='ltr'><strong>ne</strong></span> <span class='ocrx_word' id='word_1_707' title='bbox 2720 2947 2908 3002; x_wconf 85' lang='lat' dir='ltr'><strong>domos</strong></span> <span class='ocrx_word' id='word_1_708' title='bbox 2933 2948 3099 3003; x_wconf 90' lang='lat' dir='ltr'><strong>obeas</strong></span> <span class='ocrx_word' id='word_1_709' title='bbox 3117 2990 3132 3015; x_wconf 91' lang='lat'><strong>,</strong></span> <span class='ocrx_word' id='word_1_710' title='bbox 3162 2949 3377 3018; x_wconf 86' lang='lat' dir='ltr'><strong>specula</strong></span> <span class='ocrx_word' id='word_1_711' title='bbox 3405 2960 3460 3005; x_wconf 91' lang='lat' dir='ltr'><strong>et</strong></span> <span class='ocrx_word' id='word_1_712' title='bbox 3486 2960 3663 3007; x_wconf 87' lang='lat' dir='ltr'><strong>vestes</strong></span> 
     </span>
    </p>
   </div>
   <div class='ocr_carea' id='block_1_93' title="bbox 2081 3041 3665 3113">
    <p class='ocr_par' dir='ltr' id='par_1_93' title="bbox 2081 3041 3665 3113">
     <span class='ocr_line' id='line_1_93' title="bbox 2081 3041 3665 3113; baseline 0.001 -18"><span class='ocrx_word' id='word_1_713' title='bbox 2081 3041 2419 3095; x_wconf 90' lang='lat' dir='ltr'><strong>commodato</strong></span> <span class='ocrx_word' id='word_1_714' title='bbox 2445 3041 2714 3107; x_wconf 88' lang='lat' dir='ltr'><strong>accipiens</strong></span> <span class='ocrx_word' id='word_1_715' title='bbox 2749 3058 2761 3094; x_wconf 89' lang='lat'><strong>:</strong></span> <span class='ocrx_word' id='word_1_716' title='bbox 2794 3056 2881 3095; x_wconf 88' lang='lat' dir='ltr'><strong>res</strong></span> <span class='ocrx_word' id='word_1_717' title='bbox 2905 3042 3045 3113; x_wconf 89' lang='lat' dir='ltr'><strong>enim</strong></span> <span class='ocrx_word' id='word_1_718' title='bbox 3074 3057 3179 3095; x_wconf 93' lang='lat' dir='ltr'><strong>non</strong></span> <span class='ocrx_word' id='word_1_719' title='bbox 3221 3042 3278 3095; x_wconf 85' lang='lat' dir='ltr'><strong>fit</strong></span> <span class='ocrx_word' id='word_1_720' title='bbox 3321 3043 3387 3097; x_wconf 89' lang='lat' dir='ltr'><strong>ad</strong></span> <span class='ocrx_word' id='word_1_721' title='bbox 3428 3052 3665 3098; x_wconf 80' lang='lat' dir='ltr'><strong>ostenta-</strong></span> 
     </span>
    </p>
   </div>
   <div class='ocr_carea' id='block_1_94' title="bbox 2083 3133 3664 3206">
    <p class='ocr_par' dir='ltr' id='par_1_94' title="bbox 2083 3133 3664 3206">
     <span class='ocr_line' id='line_1_94' title="bbox 2083 3133 3664 3206; baseline 0.001 -17"><span class='ocrx_word' id='word_1_722' title='bbox 2083 3135 2304 3201; x_wconf 90' lang='lat' dir='ltr'><strong>tionem,</strong></span> <span class='ocrx_word' id='word_1_723' title='bbox 2338 3149 2510 3203; x_wconf 89' lang='lat' dir='ltr'><strong>neque</strong></span> <span class='ocrx_word' id='word_1_724' title='bbox 2560 3134 2721 3187; x_wconf 87' lang='lat' dir='ltr'><strong>tiliam</strong></span> <span class='ocrx_word' id='word_1_725' title='bbox 2751 3133 2972 3189; x_wconf 88' lang='lat' dir='ltr'><strong>adducis</strong></span> <span class='ocrx_word' id='word_1_726' title='bbox 3018 3135 3084 3189; x_wconf 87' lang='lat' dir='ltr'><strong>ad</strong></span> <span class='ocrx_word' id='word_1_727' title='bbox 3129 3150 3413 3206; x_wconf 88' lang='lat' dir='ltr'><strong>pompam;</strong></span> <span class='ocrx_word' id='word_1_728' title='bbox 3460 3136 3552 3189; x_wconf 86' lang='lat' dir='ltr'><strong>sed</strong></span> <span class='ocrx_word' id='word_1_729' title='bbox 3599 3137 3664 3190; x_wconf 89' lang='lat' dir='ltr'><strong>iis</strong></span> 
     </span>
    </p>
   </div>
   <div class='ocr_carea' id='block_1_95' title="bbox 2081 3224 3665 3295">
    <p class='ocr_par' dir='ltr' id='par_1_95' title="bbox 2081 3224 3665 3295">
     <span class='ocr_line' id='line_1_95' title="bbox 2081 3224 3665 3295; baseline 0.003 -18"><span class='ocrx_word' id='word_1_730' title='bbox 2081 3240 2200 3295; x_wconf 76' lang='lat' dir='ltr'><strong>quze</strong></span> <span class='ocrx_word' id='word_1_731' title='bbox 2229 3225 2281 3277; x_wconf 95' lang='lat' dir='ltr'><strong>in</strong></span> <span class='ocrx_word' id='word_1_732' title='bbox 2312 3239 2372 3278; x_wconf 91' lang='lat' dir='ltr'><strong>ea</strong></span> <span class='ocrx_word' id='word_1_733' title='bbox 2400 3234 2521 3277; x_wconf 89' lang='lat' dir='ltr'><strong>sunt</strong></span> <span class='ocrx_word' id='word_1_734' title='bbox 2548 3226 2763 3277; x_wconf 91' lang='lat' dir='ltr'><strong>domum</strong></span> <span class='ocrx_word' id='word_1_735' title='bbox 2795 3224 3099 3280; x_wconf 81' lang='lat' dir='ltr'><strong>cxhilarans</strong></span> <span class='ocrx_word' id='word_1_736' title='bbox 3126 3269 3139 3291; x_wconf 94' lang='lat'><strong>,</strong></span> <span class='ocrx_word' id='word_1_737' title='bbox 3184 3242 3316 3280; x_wconf 90' lang='lat' dir='ltr'><strong>voca</strong></span> <span class='ocrx_word' id='word_1_738' title='bbox 3366 3229 3569 3282; x_wconf 91' lang='lat' dir='ltr'><strong>vicinos</strong></span> <span class='ocrx_word' id='word_1_739' title='bbox 3610 3238 3665 3282; x_wconf 90' lang='lat' dir='ltr'><strong>ct</strong></span> 
     </span>
    </p>
   </div>
   <div class='ocr_carea' id='block_1_96' title="bbox 2080 3316 3663 3388">
    <p class='ocr_par' dir='ltr' id='par_1_96' title="bbox 2080 3316 3663 3388">
     <span class='ocr_line' id='line_1_96' title="bbox 2080 3316 3663 3388; baseline 0.002 -20"><span class='ocrx_word' id='word_1_740' title='bbox 2080 3316 2283 3369; x_wconf 89' lang='lat' dir='ltr'><strong>amicos</strong></span> <span class='ocrx_word' id='word_1_741' title='bbox 2308 3324 2360 3368; x_wconf 89' lang='lat' dir='ltr'><strong>et</strong></span> <span class='ocrx_word' id='word_1_742' title='bbox 2386 3324 2641 3384; x_wconf 88' lang='lat' dir='ltr'><strong>cognatos</strong></span> <span class='ocrx_word' id='word_1_743' title='bbox 2666 3332 2680 3380; x_wconf 89' lang='lat'><strong>;</strong></span> <span class='ocrx_word' id='word_1_744' title='bbox 2712 3329 2848 3385; x_wconf 92' lang='lat' dir='ltr'><strong>quos</strong></span> <span class='ocrx_word' id='word_1_745' title='bbox 2876 3317 3014 3369; x_wconf 90' lang='lat' dir='ltr'><strong>nosti</strong></span> <span class='ocrx_word' id='word_1_746' title='bbox 3037 3316 3248 3386; x_wconf 90' lang='lat' dir='ltr'><strong>quidem</strong></span> <span class='ocrx_word' id='word_1_747' title='bbox 3271 3318 3441 3373; x_wconf 90' lang='lat' dir='ltr'><strong>honos</strong></span> <span class='ocrx_word' id='word_1_748' title='bbox 3463 3329 3515 3372; x_wconf 89' lang='lat' dir='ltr'><strong>et</strong></span> <span class='ocrx_word' id='word_1_749' title='bbox 3543 3336 3663 3388; x_wconf 85' lang='lat' dir='ltr'><strong>pro-</strong></span> 
     </span>
    </p>
   </div>
   <div class='ocr_carea' id='block_1_97' title="bbox 2082 3408 3665 3478">
    <p class='ocr_par' dir='ltr' id='par_1_97' title="bbox 2082 3408 3665 3478">
     <span class='ocr_line' id='line_1_97' title="bbox 2082 3408 3665 3478; baseline 0.003 -17"><span class='ocrx_word' id='word_1_750' title='bbox 2082 3408 2210 3472; x_wconf 91' lang='lat' dir='ltr'><strong>bos,</strong></span> <span class='ocrx_word' id='word_1_751' title='bbox 2258 3423 2352 3462; x_wconf 76' lang='lat' dir='ltr'><strong>eos</strong></span> <span class='ocrx_word' id='word_1_752' title='bbox 2393 3425 2519 3460; x_wconf 84' lang='lat' dir='ltr'><strong>voca</strong></span> <span class='ocrx_word' id='word_1_753' title='bbox 2544 3449 2557 3471; x_wconf 90' lang='lat'><strong>,</strong></span> <span class='ocrx_word' id='word_1_754' title='bbox 2599 3418 2653 3461; x_wconf 87' lang='lat' dir='ltr'><strong>et</strong></span> <span class='ocrx_word' id='word_1_755' title='bbox 2698 3420 2753 3461; x_wconf 92' lang='lat' dir='ltr'><strong>ut</strong></span> <span class='ocrx_word' id='word_1_756' title='bbox 2793 3410 2858 3463; x_wconf 91' lang='lat' dir='ltr'><strong>iis</strong></span> <span class='ocrx_word' id='word_1_757' title='bbox 2899 3425 3017 3478; x_wconf 83' lang='lat' dir='ltr'><strong>quae</strong></span> <span class='ocrx_word' id='word_1_758' title='bbox 3060 3410 3254 3464; x_wconf 89' lang='lat' dir='ltr'><strong>adsunt</strong></span> <span class='ocrx_word' id='word_1_759' title='bbox 3282 3414 3515 3466; x_wconf 90' lang='lat' dir='ltr'><strong>contenti</strong></span> <span class='ocrx_word' id='word_1_760' title='bbox 3557 3413 3665 3467; x_wconf 90' lang='lat' dir='ltr'><strong>sint</strong></span> 
     </span>
    </p>
   </div>
   <div class='ocr_carea' id='block_1_98' title="bbox 2081 3502 3658 3573">
    <p class='ocr_par' dir='ltr' id='par_1_98' title="bbox 2081 3502 3658 3573">
     <span class='ocr_line' id='line_1_98' title="bbox 2081 3502 3658 3573; baseline 0.004 -19"><span class='ocrx_word' id='word_1_761' title='bbox 2081 3502 2327 3555; x_wconf 89' lang='lat' dir='ltr'><strong>admone.</strong></span> <span class='ocrx_word' id='word_1_762' title='bbox 2383 3502 2459 3554; x_wconf 76' lang='lat' dir='ltr'><strong>Ex</strong></span> <span class='ocrx_word' id='word_1_763' title='bbox 2505 3502 2567 3554; x_wconf 86' lang='lat' dir='ltr'><strong>iis</strong></span> <span class='ocrx_word' id='word_1_764' title='bbox 2597 3503 2685 3569; x_wconf 93' lang='lat' dir='ltr'><strong>qui</strong></span> <span class='ocrx_word' id='word_1_765' title='bbox 2726 3510 2937 3555; x_wconf 81' lang='lat' dir='ltr'><strong>suntex</strong></span> <span class='ocrx_word' id='word_1_766' title='bbox 2973 3502 3248 3557; x_wconf 89' lang='lat' dir='ltr'><strong>orchestra</strong></span> <span class='ocrx_word' id='word_1_767' title='bbox 3275 3504 3414 3558; x_wconf 89' lang='lat' dir='ltr'><strong>adsit</strong></span> <span class='ocrx_word' id='word_1_768' title='bbox 3443 3507 3658 3573; x_wconf 77' lang='lat' dir='ltr'><strong>nullus;</strong></span> 
     </span>
    </p>
   </div>
   <div class='ocr_carea' id='block_1_99' title="bbox 2083 3592 3658 3662">
    <p class='ocr_par' dir='ltr' id='par_1_99' title="bbox 2083 3592 3658 3662">
     <span class='ocr_line' id='line_1_99' title="bbox 2083 3592 3658 3662; baseline 0.006 -17"><span class='ocrx_word' id='word_1_769' title='bbox 2083 3593 2188 3647; x_wconf 92' lang='lat' dir='ltr'><strong>illic</strong></span> <span class='ocrx_word' id='word_1_770' title='bbox 2232 3592 2373 3646; x_wconf 89' lang='lat' dir='ltr'><strong>enim</strong></span> <span class='ocrx_word' id='word_1_771' title='bbox 2414 3603 2495 3646; x_wconf 80' lang='lat' dir='ltr'><strong>est</strong></span> <span class='ocrx_word' id='word_1_772' title='bbox 2540 3603 2781 3661; x_wconf 90' lang='lat' dir='ltr'><strong>sumptus</strong></span> <span class='ocrx_word' id='word_1_773' title='bbox 2822 3596 3245 3662; x_wconf 84' lang='lat' dir='ltr'><strong>supervacaneus</strong></span> <span class='ocrx_word' id='word_1_774' title='bbox 3273 3606 3327 3649; x_wconf 84' lang='lat' dir='ltr'><strong>et</strong></span> <span class='ocrx_word' id='word_1_775' title='bbox 3353 3597 3658 3654; x_wconf 90' lang='lat' dir='ltr'><strong>indecorus.</strong></span> 
     </span>
    </p>
   </div>
   <div class='ocr_carea' id='block_1_100' title="bbox 2081 3684 3661 3757">
    <p class='ocr_par' dir='ltr' id='par_1_100' title="bbox 2081 3684 3661 3757">
     <span class='ocr_line' id='line_1_100' title="bbox 2081 3684 3661 3757; baseline 0.004 -18"><span class='ocrx_word' id='word_1_776' title='bbox 2081 3688 2221 3739; x_wconf 89' lang='lat' dir='ltr'><strong>Ante</strong></span> <span class='ocrx_word' id='word_1_777' title='bbox 2241 3686 2375 3738; x_wconf 91' lang='lat' dir='ltr'><strong>alios</strong></span> <span class='ocrx_word' id='word_1_778' title='bbox 2396 3700 2583 3738; x_wconf 90' lang='lat' dir='ltr'><strong>omnes</strong></span> <span class='ocrx_word' id='word_1_779' title='bbox 2606 3701 2734 3738; x_wconf 88' lang='lat' dir='ltr'><strong>voca</strong></span> <span class='ocrx_word' id='word_1_780' title='bbox 2759 3684 3029 3739; x_wconf 85' lang='lat' dir='ltr'><strong>Christum</strong></span> <span class='ocrx_word' id='word_1_781' title='bbox 3058 3704 3071 3737; x_wconf 86' lang='lat'><strong>:</strong></span> <span class='ocrx_word' id='word_1_782' title='bbox 3102 3686 3208 3740; x_wconf 91' lang='lat' dir='ltr'><strong>scis</strong></span> <span class='ocrx_word' id='word_1_783' title='bbox 3236 3702 3332 3755; x_wconf 88' lang='lat' dir='ltr'><strong>per</strong></span> <span class='ocrx_word' id='word_1_784' title='bbox 3354 3705 3510 3757; x_wconf 92' lang='lat' dir='ltr'><strong>quem</strong></span> <span class='ocrx_word' id='word_1_785' title='bbox 3537 3707 3661 3746; x_wconf 90' lang='lat' dir='ltr'><strong>eum</strong></span> 
     </span>
    </p>
   </div>
   <div class='ocr_carea' id='block_1_101' title="bbox 2081 3775 3661 3843">
    <p class='ocr_par' dir='ltr' id='par_1_101' title="bbox 2081 3775 3661 3843">
     <span class='ocr_line' id='line_1_101' title="bbox 2081 3775 3661 3843; baseline 0.006 -17"><span class='ocrx_word' id='word_1_786' title='bbox 2081 3776 2316 3829; x_wconf 83' lang='lat' dir='ltr'><strong>vocabis.</strong></span> <span class='ocrx_word' id='word_1_787' title='bbox 2353 3776 2450 3842; x_wconf 91' lang='lat' dir='ltr'><strong>Qui</strong></span> <span class='ocrx_word' id='word_1_788' title='bbox 2486 3775 2694 3840; x_wconf 88' lang='lat' dir='ltr'><strong>fecerit,</strong></span> <span class='ocrx_word' id='word_1_789' title='bbox 2723 3776 2912 3843; x_wconf 90' lang='lat' dir='ltr'><strong>inquit,</strong></span> <span class='ocrx_word' id='word_1_790' title='bbox 2958 3775 3047 3827; x_wconf 92' lang='lat' dir='ltr'><strong>uni</strong></span> <span class='ocrx_word' id='word_1_791' title='bbox 3106 3792 3171 3829; x_wconf 82' lang='lat' dir='ltr'><strong>ex</strong></span> <span class='ocrx_word' id='word_1_792' title='bbox 3221 3778 3477 3840; x_wconf 89' lang='lat' dir='ltr'><strong>minimis.</strong></span> <span class='ocrx_word' id='word_1_793' title='bbox 3530 3781 3661 3836; x_wconf 89' lang='lat' dir='ltr'><strong>mihi</strong></span> 
     </span>
    </p>
   </div>
   <div class='ocr_carea' id='block_1_102' title="bbox 2084 3867 3663 3940">
    <p class='ocr_par' dir='ltr' id='par_1_102' title="bbox 2084 3867 3663 3940">
     <span class='ocr_line' id='line_1_102' title="bbox 2084 3867 3663 3940; baseline 0.004 -18"><span class='ocrx_word' id='word_1_794' title='bbox 2084 3870 2207 3923; x_wconf 88' lang='lat' dir='ltr'><strong>fecit</strong></span> <span class='ocrx_word' id='word_1_795' title='bbox 2241 3868 2450 3939; x_wconf 68' lang='lat' dir='ltr'><strong>(Matt/1.</strong></span> <span class='ocrx_word' id='word_1_796' title='bbox 2475 3867 2563 3920; x_wconf 72' lang='lat'><strong>25.</strong></span> <span class='ocrx_word' id='word_1_797' title='bbox 2595 3867 2708 3937; x_wconf 68' lang='grc'><strong>45).</strong></span> <span class='ocrx_word' id='word_1_798' title='bbox 2740 3867 2816 3920; x_wconf 91' lang='lat' dir='ltr'><strong>Ne</strong></span> <span class='ocrx_word' id='word_1_799' title='bbox 2854 3878 3007 3935; x_wconf 88' lang='lat' dir='ltr'><strong>putes</strong></span> <span class='ocrx_word' id='word_1_800' title='bbox 3052 3884 3161 3920; x_wconf 91' lang='lat' dir='ltr'><strong>rem</strong></span> <span class='ocrx_word' id='word_1_801' title='bbox 3192 3884 3311 3924; x_wconf 85' lang='lat' dir='ltr'><strong>esse</strong></span> <span class='ocrx_word' id='word_1_802' title='bbox 3348 3887 3562 3940; x_wconf 89' lang='lat' dir='ltr'><strong>gravem</strong></span> <span class='ocrx_word' id='word_1_803' title='bbox 3606 3884 3663 3928; x_wconf 90' lang='lat' dir='ltr'><strong>et</strong></span> 
     </span>
    </p>
   </div>
   <div class='ocr_carea' id='block_1_103' title="bbox 2083 3962 3662 4027">
    <p class='ocr_par' dir='ltr' id='par_1_103' title="bbox 2083 3962 3662 4027">
     <span class='ocr_line' id='line_1_103' title="bbox 2083 3962 3662 4027; baseline 0.004 -14"><span class='ocrx_word' id='word_1_804' title='bbox 2083 3962 2387 4023; x_wconf 82' lang='lat' dir='ltr'><strong>molestam,</strong></span> <span class='ocrx_word' id='word_1_805' title='bbox 2434 3973 2696 4027; x_wconf 91' lang='lat' dir='ltr'><strong>pauperes</strong></span> <span class='ocrx_word' id='word_1_806' title='bbox 2742 3974 2939 4012; x_wconf 82' lang='lat' dir='ltr'><strong>vocare</strong></span> <span class='ocrx_word' id='word_1_807' title='bbox 2982 3969 3199 4027; x_wconf 89' lang='lat' dir='ltr'><strong>propter</strong></span> <span class='ocrx_word' id='word_1_808' title='bbox 3224 3962 3493 4017; x_wconf 82' lang='lat' dir='ltr'><strong>Christum</strong></span> <span class='ocrx_word' id='word_1_809' title='bbox 3527 3982 3539 4016; x_wconf 95' lang='lat'>:</span> <span class='ocrx_word' id='word_1_810' title='bbox 3574 3981 3662 4019; x_wconf 88' lang='lat' dir='ltr'><strong>res</strong></span> 
     </span>
    </p>
   </div>
   <div class='ocr_carea' id='block_1_104' title="bbox 2083 4052 3662 4125">
    <p class='ocr_par' dir='ltr' id='par_1_104' title="bbox 2083 4052 3662 4125">
     <span class='ocr_line' id='line_1_104' title="bbox 2083 4052 3662 4125; baseline 0.003 -17"><span class='ocrx_word' id='word_1_811' title='bbox 2083 4065 2166 4109; x_wconf 89' lang='lat' dir='ltr'><strong>est</strong></span> <span class='ocrx_word' id='word_1_812' title='bbox 2204 4054 2379 4121; x_wconf 81' lang='lat' dir='ltr'><strong>gravis</strong></span> <span class='ocrx_word' id='word_1_813' title='bbox 2429 4061 2484 4106; x_wconf 88' lang='lat' dir='ltr'><strong>et</strong></span> <span class='ocrx_word' id='word_1_814' title='bbox 2522 4052 2745 4106; x_wconf 89' lang='lat' dir='ltr'><strong>molesta</strong></span> <span class='ocrx_word' id='word_1_815' title='bbox 2790 4066 2981 4106; x_wconf 88' lang='lat' dir='ltr'><strong>vocare</strong></span> <span class='ocrx_word' id='word_1_816' title='bbox 3023 4054 3349 4108; x_wconf 89' lang='lat' dir='ltr'><strong>meretrices.</strong></span> <span class='ocrx_word' id='word_1_817' title='bbox 3396 4056 3662 4125; x_wconf 69' lang='lat' dir='ltr'><strong>Pauper-es</strong></span> 
     </span>
    </p>
   </div>
   <div class='ocr_carea' id='block_1_105' title="bbox 2082 4144 3663 4211">
    <p class='ocr_par' dir='ltr' id='par_1_105' title="bbox 2082 4144 3663 4211">
     <span class='ocr_line' id='line_1_105' title="bbox 2082 4144 3663 4211; baseline 0.001 -12"><span class='ocrx_word' id='word_1_818' title='bbox 2082 4146 2225 4199; x_wconf 90' lang='lat' dir='ltr'><strong>enim</strong></span> <span class='ocrx_word' id='word_1_819' title='bbox 2258 4158 2472 4207; x_wconf 90' lang='lat' dir='ltr'><strong>vocare,</strong></span> <span class='ocrx_word' id='word_1_820' title='bbox 2500 4158 2563 4198; x_wconf 89' lang='lat' dir='ltr'><strong>ea</strong></span> <span class='ocrx_word' id='word_1_821' title='bbox 2591 4158 2678 4198; x_wconf 88' lang='lat' dir='ltr'><strong>res</strong></span> <span class='ocrx_word' id='word_1_822' title='bbox 2705 4152 2788 4197; x_wconf 89' lang='lat' dir='ltr'><strong>est</strong></span> <span class='ocrx_word' id='word_1_823' title='bbox 2816 4145 3027 4198; x_wconf 87' lang='lat' dir='ltr'><strong>occasio</strong></span> <span class='ocrx_word' id='word_1_824' title='bbox 3054 4144 3378 4211; x_wconf 86' lang='lat' dir='ltr'><strong>divitiarum,</strong></span> <span class='ocrx_word' id='word_1_825' title='bbox 3416 4148 3543 4201; x_wconf 88' lang='lat' dir='ltr'><strong>illud</strong></span> <span class='ocrx_word' id='word_1_826' title='bbox 3569 4164 3663 4201; x_wconf 89' lang='lat' dir='ltr'><strong>au-</strong></span> 
     </span>
    </p>
   </div>
   <div class='ocr_carea' id='block_1_106' title="bbox 2084 4235 3661 4304">
    <p class='ocr_par' dir='ltr' id='par_1_106' title="bbox 2084 4235 3661 4304">
     <span class='ocr_line' id='line_1_106' title="bbox 2084 4235 3661 4304; baseline 0.002 -14"><span class='ocrx_word' id='word_1_827' title='bbox 2084 4247 2189 4292; x_wconf 90' lang='lat' dir='ltr'><strong>tem</strong></span> <span class='ocrx_word' id='word_1_828' title='bbox 2231 4236 2525 4291; x_wconf 89' lang='lat' dir='ltr'><strong>eversionis</strong></span> <span class='ocrx_word' id='word_1_829' title='bbox 2573 4246 2629 4290; x_wconf 90' lang='lat' dir='ltr'><strong>et</strong></span> <span class='ocrx_word' id='word_1_830' title='bbox 2664 4235 2837 4289; x_wconf 82' lang='lat' dir='ltr'><strong>exitii.</strong></span> <span class='ocrx_word' id='word_1_831' title='bbox 2882 4236 3021 4291; x_wconf 88' lang='lat' dir='ltr'><strong>Orna</strong></span> <span class='ocrx_word' id='word_1_832' title='bbox 3054 4252 3303 4304; x_wconf 90' lang='lat' dir='ltr'><strong>sponsam</strong></span> <span class='ocrx_word' id='word_1_833' title='bbox 3353 4253 3455 4291; x_wconf 92' lang='lat' dir='ltr'><strong>non</strong></span> <span class='ocrx_word' id='word_1_834' title='bbox 3485 4240 3661 4293; x_wconf 87' lang='lat' dir='ltr'><strong>aureis</strong></span> 
     </span>
    </p>
   </div>
   <div class='ocr_carea' id='block_1_107' title="bbox 2092 4325 3663 4394">
    <p class='ocr_par' dir='ltr' id='par_1_107' title="bbox 2092 4325 3663 4394">
     <span class='ocr_line' id='line_1_107' title="bbox 2092 4325 3663 4394; baseline 0.001 -13"><span class='ocrx_word' id='word_1_835' title='bbox 2092 4328 2448 4392; x_wconf 88' lang='lat' dir='ltr'><strong>ornamentis,</strong></span> <span class='ocrx_word' id='word_1_836' title='bbox 2480 4325 2573 4380; x_wconf 87' lang='lat' dir='ltr'><strong>sed</strong></span> <span class='ocrx_word' id='word_1_837' title='bbox 2603 4326 3011 4379; x_wconf 90' lang='lat' dir='ltr'><strong>mansuetudine</strong></span> <span class='ocrx_word' id='word_1_838' title='bbox 3038 4336 3092 4379; x_wconf 91' lang='lat' dir='ltr'><strong>et</strong></span> <span class='ocrx_word' id='word_1_839' title='bbox 3122 4326 3322 4394; x_wconf 89' lang='lat' dir='ltr'><strong>pudore</strong></span> <span class='ocrx_word' id='word_1_840' title='bbox 3350 4338 3404 4379; x_wconf 90' lang='lat' dir='ltr'><strong>et</strong></span> <span class='ocrx_word' id='word_1_841' title='bbox 3434 4343 3663 4383; x_wconf 90' lang='lat' dir='ltr'><strong>consue-</strong></span> 
     </span>
    </p>
   </div>
   <div class='ocr_carea' id='block_1_108' title="bbox 2085 4416 3662 4487">
    <p class='ocr_par' dir='ltr' id='par_1_108' title="bbox 2085 4416 3662 4487">
     <span class='ocr_line' id='line_1_108' title="bbox 2085 4416 3662 4487; baseline 0.001 -15"><span class='ocrx_word' id='word_1_842' title='bbox 2085 4418 2153 4472; x_wconf 85' lang='lat' dir='ltr'><strong>tis</strong></span> <span class='ocrx_word' id='word_1_843' title='bbox 2181 4418 2445 4481; x_wconf 85' lang='lat' dir='ltr'><strong>vestibus;</strong></span> <span class='ocrx_word' id='word_1_844' title='bbox 2475 4431 2573 4487; x_wconf 89' lang='lat' dir='ltr'><strong>pro</strong></span> <span class='ocrx_word' id='word_1_845' title='bbox 2597 4416 2786 4485; x_wconf 89' lang='lat' dir='ltr'><strong>quovis</strong></span> <span class='ocrx_word' id='word_1_846' title='bbox 2818 4416 3014 4469; x_wconf 91' lang='lat' dir='ltr'><strong>mundo</strong></span> <span class='ocrx_word' id='word_1_847' title='bbox 3042 4432 3203 4470; x_wconf 89' lang='lat' dir='ltr'><strong>aureo</strong></span> <span class='ocrx_word' id='word_1_848' title='bbox 3229 4425 3285 4469; x_wconf 93' lang='lat' dir='ltr'><strong>et</strong></span> <span class='ocrx_word' id='word_1_849' title='bbox 3315 4417 3662 4486; x_wconf 88' lang='lat' dir='ltr'><strong>implicaturis</strong></span> 
     </span>
    </p>
   </div>
   <div class='ocr_carea' id='block_1_109' title="bbox 2084 4506 3663 4576">
    <p class='ocr_par' dir='ltr' id='par_1_109' title="bbox 2084 4506 3663 4576">
     <span class='ocr_line' id='line_1_109' title="bbox 2084 4506 3663 4576; baseline 0.001 -13"><span class='ocrx_word' id='word_1_850' title='bbox 2084 4518 2138 4563; x_wconf 91' lang='lat' dir='ltr'><strong>et</strong></span> <span class='ocrx_word' id='word_1_851' title='bbox 2186 4509 2467 4562; x_wconf 82' lang='lat' dir='ltr'><strong>intexturis</strong></span> <span class='ocrx_word' id='word_1_852' title='bbox 2516 4507 2742 4560; x_wconf 89' lang='lat' dir='ltr'><strong>indueus</strong></span> <span class='ocrx_word' id='word_1_853' title='bbox 2792 4506 3049 4576; x_wconf 88' lang='lat' dir='ltr'><strong>pudorem</strong></span> <span class='ocrx_word' id='word_1_854' title='bbox 3091 4516 3145 4559; x_wconf 88' lang='lat' dir='ltr'><strong>et</strong></span> <span class='ocrx_word' id='word_1_855' title='bbox 3171 4509 3575 4575; x_wconf 85' lang='lat' dir='ltr'><strong>verecundiam,</strong></span> <span class='ocrx_word' id='word_1_856' title='bbox 3608 4522 3663 4565; x_wconf 91' lang='lat' dir='ltr'><strong>et</strong></span> 
     </span>
    </p>
   </div>
   <div class='ocr_carea' id='block_1_110' title="bbox 2084 4595 3661 4668">
    <p class='ocr_par' dir='ltr' id='par_1_110' title="bbox 2084 4595 3661 4668">
     <span class='ocr_line' id='line_1_110' title="bbox 2084 4595 3661 4668; baseline 0 -14"><span class='ocrx_word' id='word_1_857' title='bbox 2084 4600 2172 4654; x_wconf 89' lang='lat' dir='ltr'><strong>illa</strong></span> <span class='ocrx_word' id='word_1_858' title='bbox 2204 4609 2255 4652; x_wconf 89' lang='lat' dir='ltr'><strong>ut</strong></span> <span class='ocrx_word' id='word_1_859' title='bbox 2286 4614 2354 4653; x_wconf 91' lang='lat' dir='ltr'><strong>ne</strong></span> <span class='ocrx_word' id='word_1_860' title='bbox 2387 4608 2611 4668; x_wconf 71' lang='lat' dir='ltr'><strong>qumrat.</strong></span> <span class='ocrx_word' id='word_1_861' title='bbox 2638 4595 2826 4650; x_wconf 89' lang='lat' dir='ltr'><strong>Nullus</strong></span> <span class='ocrx_word' id='word_1_862' title='bbox 2853 4597 2921 4648; x_wconf 87' lang='lat' dir='ltr'><strong>sit</strong></span> <span class='ocrx_word' id='word_1_863' title='bbox 2951 4596 3232 4661; x_wconf 88' lang='lat' dir='ltr'><strong>tumultus,</strong></span> <span class='ocrx_word' id='word_1_864' title='bbox 3275 4598 3417 4651; x_wconf 90' lang='lat' dir='ltr'><strong>nulla</strong></span> <span class='ocrx_word' id='word_1_865' title='bbox 3447 4610 3661 4668; x_wconf 89' lang='lat' dir='ltr'><strong>pertur-</strong></span> 
     </span>
    </p>
   </div>
   <div class='ocr_carea' id='block_1_111' title="bbox 2083 4686 3664 4757">
    <p class='ocr_par' dir='ltr' id='par_1_111' title="bbox 2083 4686 3664 4757">
     <span class='ocr_line' id='line_1_111' title="bbox 2083 4686 3664 4757; baseline 0.003 -14"><span class='ocrx_word' id='word_1_866' title='bbox 2083 4690 2228 4743; x_wconf 88' lang='lat' dir='ltr'><strong>batio</strong></span> <span class='ocrx_word' id='word_1_867' title='bbox 2258 4707 2271 4741; x_wconf 87' lang='lat'>:</span> <span class='ocrx_word' id='word_1_868' title='bbox 2306 4698 2528 4743; x_wconf 88' lang='lat' dir='ltr'><strong>vocetur</strong></span> <span class='ocrx_word' id='word_1_869' title='bbox 2552 4702 2782 4757; x_wconf 92' lang='lat' dir='ltr'><strong>sponsus</strong></span> <span class='ocrx_word' id='word_1_870' title='bbox 2802 4728 2814 4750; x_wconf 91' lang='lat'><strong>,</strong></span> <span class='ocrx_word' id='word_1_871' title='bbox 2846 4686 3072 4754; x_wconf 89' lang='lat' dir='ltr'><strong>accipiat</strong></span> <span class='ocrx_word' id='word_1_872' title='bbox 3116 4687 3398 4756; x_wconf 87' lang='lat' dir='ltr'><strong>virginem.</strong></span> <span class='ocrx_word' id='word_1_873' title='bbox 3431 4690 3664 4748; x_wconf 89' lang='lat' dir='ltr'><strong>Prandia</strong></span> 
     </span>
    </p>
   </div>
   <div class='ocr_carea' id='block_1_112' title="bbox 2084 4778 3669 4848">
    <p class='ocr_par' dir='ltr' id='par_1_112' title="bbox 2084 4778 3669 4848">
     <span class='ocr_line' id='line_1_112' title="bbox 2084 4778 3669 4848; baseline 0.002 -13"><span class='ocrx_word' id='word_1_874' title='bbox 2084 4790 2139 4836; x_wconf 93' lang='lat' dir='ltr'><strong>et</strong></span> <span class='ocrx_word' id='word_1_875' title='bbox 2166 4796 2333 4835; x_wconf 69' lang='lat' dir='ltr'><strong>coenae</strong></span> <span class='ocrx_word' id='word_1_876' title='bbox 2357 4794 2461 4833; x_wconf 92' lang='lat' dir='ltr'><strong>non</strong></span> <span class='ocrx_word' id='word_1_877' title='bbox 2489 4779 2595 4833; x_wconf 90' lang='lat' dir='ltr'><strong>sint</strong></span> <span class='ocrx_word' id='word_1_878' title='bbox 2620 4778 2772 4847; x_wconf 88' lang='lat' dir='ltr'><strong>plena</strong></span> <span class='ocrx_word' id='word_1_879' title='bbox 2801 4778 3077 4841; x_wconf 83' lang='lat' dir='ltr'><strong>ebrietate,</strong></span> <span class='ocrx_word' id='word_1_880' title='bbox 3101 4778 3196 4833; x_wconf 92' lang='lat' dir='ltr'><strong>sed</strong></span> <span class='ocrx_word' id='word_1_881' title='bbox 3226 4781 3483 4848; x_wconf 87' lang='lat' dir='ltr'><strong>spirituali</strong></span> <span class='ocrx_word' id='word_1_882' title='bbox 3515 4784 3669 4838; x_wconf 89' lang='lat' dir='ltr'><strong>volu-</strong></span> 
     </span>
    </p>
   </div>
   <div class='ocr_carea' id='block_1_113' title="bbox 2090 4868 3667 4942">
    <p class='ocr_par' dir='ltr' id='par_1_113' title="bbox 2090 4868 3667 4942">
     <span class='ocr_line' id='line_1_113' title="bbox 2090 4868 3667 4942; baseline 0.003 -17"><span class='ocrx_word' id='word_1_883' title='bbox 2090 4879 2255 4942; x_wconf 91' lang='lat' dir='ltr'><strong>ptate.</strong></span> <span class='ocrx_word' id='word_1_884' title='bbox 2289 4870 2568 4924; x_wconf 90' lang='lat' dir='ltr'><strong>lnnumera</strong></span> <span class='ocrx_word' id='word_1_885' title='bbox 2599 4869 2739 4922; x_wconf 89' lang='lat' dir='ltr'><strong>enim</strong></span> <span class='ocrx_word' id='word_1_886' title='bbox 2772 4868 2908 4920; x_wconf 90' lang='lat' dir='ltr'><strong>bona</strong></span> <span class='ocrx_word' id='word_1_887' title='bbox 2939 4882 3003 4921; x_wconf 80' lang='lat' dir='ltr'><strong>ex</strong></span> <span class='ocrx_word' id='word_1_888' title='bbox 3034 4869 3227 4923; x_wconf 88' lang='lat' dir='ltr'><strong>talibus</strong></span> <span class='ocrx_word' id='word_1_889' title='bbox 3265 4873 3461 4940; x_wconf 90' lang='lat' dir='ltr'><strong>nuptiis</strong></span> <span class='ocrx_word' id='word_1_890' title='bbox 3490 4889 3667 4929; x_wconf 81' lang='lat' dir='ltr'><strong>emer-</strong></span> 
     </span>
    </p>
   </div>
   <div class='ocr_carea' id='block_1_114' title="bbox 2087 4960 3667 5033">
    <p class='ocr_par' dir='ltr' id='par_1_114' title="bbox 2087 4960 3667 5033">
     <span class='ocr_line' id='line_1_114' title="bbox 2087 4960 3667 5033; baseline 0.003 -16"><span class='ocrx_word' id='word_1_891' title='bbox 2087 4973 2232 5033; x_wconf 87' lang='lat' dir='ltr'><strong>gent,</strong></span> <span class='ocrx_word' id='word_1_892' title='bbox 2261 4970 2316 5017; x_wconf 91' lang='lat' dir='ltr'><strong>et</strong></span> <span class='ocrx_word' id='word_1_893' title='bbox 2339 4976 2458 5031; x_wconf 70' lang='lat' dir='ltr'><strong>qua:</strong></span> <span class='ocrx_word' id='word_1_894' title='bbox 2487 4961 2553 5014; x_wconf 91' lang='lat' dir='ltr'><strong>ad</strong></span> <span class='ocrx_word' id='word_1_895' title='bbox 2584 4960 2746 5013; x_wconf 89' lang='lat' dir='ltr'><strong>vitam</strong></span> <span class='ocrx_word' id='word_1_896' title='bbox 2774 4960 3040 5029; x_wconf 91' lang='lat' dir='ltr'><strong>pertinent</strong></span> <span class='ocrx_word' id='word_1_897' title='bbox 3072 4962 3122 5014; x_wconf 91' lang='lat' dir='ltr'><strong>in</strong></span> <span class='ocrx_word' id='word_1_898' title='bbox 3152 4971 3263 5016; x_wconf 87' lang='lat' dir='ltr'><strong>tuto</strong></span> <span class='ocrx_word' id='word_1_899' title='bbox 3288 4975 3465 5018; x_wconf 91' lang='lat' dir='ltr'><strong>erunt.</strong></span> <span class='ocrx_word' id='word_1_900' title='bbox 3500 4966 3577 5020; x_wconf 83' lang='lat' dir='ltr'><strong>Ex</strong></span> <span class='ocrx_word' id='word_1_901' title='bbox 3604 4968 3667 5021; x_wconf 91' lang='lat' dir='ltr'><strong>iis</strong></span> 
     </span>
    </p>
   </div>
   <div class='ocr_carea' id='block_1_115' title="bbox 2086 5053 3669 5126">
    <p class='ocr_par' dir='ltr' id='par_1_115' title="bbox 2086 5053 3669 5126">
     <span class='ocr_line' id='line_1_115' title="bbox 2086 5053 3669 5126; baseline 0.001 -16"><span class='ocrx_word' id='word_1_902' title='bbox 2086 5066 2262 5110; x_wconf 90' lang='lat' dir='ltr'><strong>autem</strong></span> <span class='ocrx_word' id='word_1_903' title='bbox 2280 5070 2399 5125; x_wconf 60' lang='lat' dir='ltr'><strong>quae</strong></span> <span class='ocrx_word' id='word_1_904' title='bbox 2428 5067 2569 5108; x_wconf 91' lang='lat' dir='ltr'><strong>nunc</strong></span> <span class='ocrx_word' id='word_1_905' title='bbox 2592 5054 2724 5105; x_wconf 83' lang='lat' dir='ltr'><strong>fiunt</strong></span> <span class='ocrx_word' id='word_1_906' title='bbox 2744 5053 2941 5120; x_wconf 90' lang='lat' dir='ltr'><strong>nuptiis</strong></span> <span class='ocrx_word' id='word_1_907' title='bbox 2971 5054 3035 5121; x_wconf 89' lang='lat' dir='ltr'><strong>(si</strong></span> <span class='ocrx_word' id='word_1_908' title='bbox 3063 5056 3260 5123; x_wconf 72' lang='lat' dir='ltr'><strong>nuptia:</strong></span> <span class='ocrx_word' id='word_1_909' title='bbox 3284 5064 3339 5110; x_wconf 90' lang='lat' dir='ltr'><strong>et</strong></span> <span class='ocrx_word' id='word_1_910' title='bbox 3360 5072 3465 5111; x_wconf 93' lang='lat' dir='ltr'><strong>non</strong></span> <span class='ocrx_word' id='word_1_911' title='bbox 3491 5058 3669 5126; x_wconf 92' lang='lat' dir='ltr'><strong>potius</strong></span> 
     </span>
    </p>
   </div>
   <div class='ocr_carea' id='block_1_116' title="bbox 2086 5141 3667 5217">
    <p class='ocr_par' dir='ltr' id='par_1_116' title="bbox 2086 5141 3667 5217">
     <span class='ocr_line' id='line_1_116' title="bbox 2086 5141 3667 5217; baseline 0 -16"><span class='ocrx_word' id='word_1_912' title='bbox 2086 5162 2297 5217; x_wconf 68' lang='lat' dir='ltr'><strong>pompa:</strong></span> <span class='ocrx_word' id='word_1_913' title='bbox 2322 5153 2446 5198; x_wconf 91' lang='lat' dir='ltr'><strong>sunt</strong></span> <span class='ocrx_word' id='word_1_914' title='bbox 2475 5141 2758 5212; x_wconf 62' lang='lat' dir='ltr'><strong>dicendae),</strong></span> <span class='ocrx_word' id='word_1_915' title='bbox 2796 5142 2917 5195; x_wconf 88' lang='lat' dir='ltr'><strong>vide</strong></span> <span class='ocrx_word' id='word_1_916' title='bbox 2948 5154 3075 5211; x_wconf 90' lang='lat' dir='ltr'><strong>quot</strong></span> <span class='ocrx_word' id='word_1_917' title='bbox 3104 5145 3263 5198; x_wconf 90' lang='lat' dir='ltr'><strong>mala.</strong></span> <span class='ocrx_word' id='word_1_918' title='bbox 3312 5146 3495 5201; x_wconf 83' lang='lat' dir='ltr'><strong>Soluta</strong></span> <span class='ocrx_word' id='word_1_919' title='bbox 3542 5159 3667 5201; x_wconf 87' lang='lat' dir='ltr'><strong>sunt</strong></span> 
     </span>
    </p>
   </div>
   <div class='ocr_carea' id='block_1_117' title="bbox 2087 5234 3664 5307">
    <p class='ocr_par' dir='ltr' id='par_1_117' title="bbox 2087 5234 3664 5307">
     <span class='ocr_line' id='line_1_117' title="bbox 2087 5234 3664 5307; baseline -0.001 -14"><span class='ocrx_word' id='word_1_920' title='bbox 2087 5237 2380 5299; x_wconf 63' lang='lat' dir='ltr'><strong>cenacula,</strong></span> <span class='ocrx_word' id='word_1_921' title='bbox 2422 5245 2478 5290; x_wconf 92' lang='lat' dir='ltr'><strong>et</strong></span> <span class='ocrx_word' id='word_1_922' title='bbox 2517 5234 2695 5288; x_wconf 88' lang='lat' dir='ltr'><strong>statim</strong></span> <span class='ocrx_word' id='word_1_923' title='bbox 2725 5234 2945 5287; x_wconf 90' lang='lat' dir='ltr'><strong>incessit</strong></span> <span class='ocrx_word' id='word_1_924' title='bbox 2966 5249 3093 5287; x_wconf 88' lang='lat' dir='ltr'><strong>cura</strong></span> <span class='ocrx_word' id='word_1_925' title='bbox 3126 5246 3181 5289; x_wconf 89' lang='lat' dir='ltr'><strong>et</strong></span> <span class='ocrx_word' id='word_1_926' title='bbox 3210 5247 3407 5300; x_wconf 90' lang='lat' dir='ltr'><strong>metus,</strong></span> <span class='ocrx_word' id='word_1_927' title='bbox 3439 5252 3506 5290; x_wconf 92' lang='lat' dir='ltr'><strong>ne</strong></span> <span class='ocrx_word' id='word_1_928' title='bbox 3537 5239 3664 5307; x_wconf 89' lang='lat' dir='ltr'><strong>quid</strong></span> 
     </span>
    </p>
   </div>
   <div class='ocr_carea' id='block_1_118' title="bbox 2088 5328 3667 5398">
    <p class='ocr_par' dir='ltr' id='par_1_118' title="bbox 2088 5328 3667 5398">
     <span class='ocr_line' id='line_1_118' title="bbox 2088 5328 3667 5398; baseline 0 -13"><span class='ocrx_word' id='word_1_929' title='bbox 2088 5329 2423 5386; x_wconf 89' lang='lat' dir='ltr'><strong>interciderit</strong></span> <span class='ocrx_word' id='word_1_930' title='bbox 2455 5344 2521 5381; x_wconf 75' lang='lat' dir='ltr'><strong>ex</strong></span> <span class='ocrx_word' id='word_1_931' title='bbox 2547 5328 2611 5380; x_wconf 90' lang='lat' dir='ltr'><strong>iis</strong></span> <span class='ocrx_word' id='word_1_932' title='bbox 2635 5343 2753 5396; x_wconf 60' lang='lat' dir='ltr'><strong>qua:</strong></span> <span class='ocrx_word' id='word_1_933' title='bbox 2778 5328 3117 5381; x_wconf 82' lang='lat' dir='ltr'><strong>eotnmodato</strong></span> <span class='ocrx_word' id='word_1_934' title='bbox 3144 5340 3360 5398; x_wconf 89' lang='lat' dir='ltr'><strong>accepta</strong></span> <span class='ocrx_word' id='word_1_935' title='bbox 3393 5340 3546 5384; x_wconf 91' lang='lat' dir='ltr'><strong>erant</strong></span> <span class='ocrx_word' id='word_1_936' title='bbox 3570 5372 3584 5397; x_wconf 89' lang='lat'><strong>,</strong></span> <span class='ocrx_word' id='word_1_937' title='bbox 3615 5344 3667 5385; x_wconf 82' lang='lat' dir='ltr'><strong>ct</strong></span> 
     </span>
    </p>
   </div>
   <div class='ocr_carea' id='block_1_119' title="bbox 2087 5418 3667 5492">
    <p class='ocr_par' dir='ltr' id='par_1_119' title="bbox 2087 5418 3667 5492">
     <span class='ocr_line' id='line_1_119' title="bbox 2087 5418 3667 5492; baseline 0.001 -16"><span class='ocrx_word' id='word_1_938' title='bbox 2087 5424 2413 5492; x_wconf 86' lang='lat' dir='ltr'><strong>voluptatem</strong></span> <span class='ocrx_word' id='word_1_939' title='bbox 2442 5421 2641 5489; x_wconf 75' lang='lat' dir='ltr'><strong>excipit</strong></span> <span class='ocrx_word' id='word_1_940' title='bbox 2680 5418 3034 5473; x_wconf 83' lang='lat' dir='ltr'><strong>intolerabilis</strong></span> <span class='ocrx_word' id='word_1_941' title='bbox 3063 5420 3225 5472; x_wconf 90' lang='lat' dir='ltr'><strong>animi</strong></span> <span class='ocrx_word' id='word_1_942' title='bbox 3265 5420 3543 5489; x_wconf 71' lang='lat' dir='ltr'><strong>mgritudo.</strong></span> <span class='ocrx_word' id='word_1_943' title='bbox 3598 5429 3667 5477; x_wconf 71' lang='lat' dir='ltr'><strong>At</strong></span> 
     </span>
    </p>
   </div>
   <div class='ocr_carea' id='block_1_120' title="bbox 2089 5511 3670 5582">
    <p class='ocr_par' dir='ltr' id='par_1_120' title="bbox 2089 5511 3670 5582">
     <span class='ocr_line' id='line_1_120' title="bbox 2089 5511 3670 5582; baseline 0 -14"><span class='ocrx_word' id='word_1_944' title='bbox 2089 5514 2177 5569; x_wconf 89' lang='lat' dir='ltr'><strong>hic</strong></span> <span class='ocrx_word' id='word_1_945' title='bbox 2222 5528 2390 5582; x_wconf 79' lang='lat' dir='ltr'><strong>angor</strong></span> <span class='ocrx_word' id='word_1_946' title='bbox 2433 5522 2489 5566; x_wconf 89' lang='lat' dir='ltr'><strong>et</strong></span> <span class='ocrx_word' id='word_1_947' title='bbox 2534 5512 2651 5565; x_wconf 75' lang='lat' dir='ltr'><strong>lucc</strong></span> <span class='ocrx_word' id='word_1_948' title='bbox 2699 5511 2947 5564; x_wconf 88' lang='lat' dir='ltr'><strong>molestia</strong></span> <span class='ocrx_word' id='word_1_949' title='bbox 2988 5523 3069 5563; x_wconf 75' lang='grc' dir='ltr'><strong>ρει</strong></span> <span class='ocrx_word' id='word_1_950' title='bbox 3101 5511 3511 5577; x_wconf 83' lang='lat' dir='ltr'><strong>procttratricis;</strong></span> <span class='ocrx_word' id='word_1_951' title='bbox 3558 5514 3670 5569; x_wconf 80' lang='lat' dir='ltr'><strong>into</strong></span> 
     </span>
    </p>
   </div>
   <div class='ocr_carea' id='block_1_121' title="bbox 2088 5601 3667 5674">
    <p class='ocr_par' dir='ltr' id='par_1_121' title="bbox 2088 5601 3667 5674">
     <span class='ocr_line' id='line_1_121' title="bbox 2088 5601 3667 5674; baseline 0 -14"><span class='ocrx_word' id='word_1_952' title='bbox 2088 5623 2218 5662; x_wconf 90' lang='lat' dir='ltr'><strong>vero</strong></span> <span class='ocrx_word' id='word_1_953' title='bbox 2254 5624 2319 5660; x_wconf 93' lang='lat' dir='ltr'><strong>ne</strong></span> <span class='ocrx_word' id='word_1_954' title='bbox 2367 5606 2477 5674; x_wconf 88' lang='lat' dir='ltr'><strong>ipsa</strong></span> <span class='ocrx_word' id='word_1_955' title='bbox 2526 5604 2737 5673; x_wconf 90' lang='lat' dir='ltr'><strong>quidem</strong></span> <span class='ocrx_word' id='word_1_956' title='bbox 2787 5617 2984 5672; x_wconf 89' lang='lat' dir='ltr'><strong>sponsa</strong></span> <span class='ocrx_word' id='word_1_957' title='bbox 3030 5610 3112 5655; x_wconf 89' lang='lat' dir='ltr'><strong>est</strong></span> <span class='ocrx_word' id='word_1_958' title='bbox 3138 5601 3205 5654; x_wconf 89' lang='lat' dir='ltr'><strong>ah</strong></span> <span class='ocrx_word' id='word_1_959' title='bbox 3235 5601 3316 5654; x_wconf 91' lang='lat' dir='ltr'><strong>his</strong></span> <span class='ocrx_word' id='word_1_960' title='bbox 3356 5602 3522 5659; x_wconf 88' lang='lat' dir='ltr'><strong>libera</strong></span> <span class='ocrx_word' id='word_1_961' title='bbox 3557 5622 3568 5656; x_wconf 91' lang='lat'>:</span> <span class='ocrx_word' id='word_1_962' title='bbox 3601 5622 3667 5660; x_wconf 87' lang='lat' dir='ltr'><strong>eo</strong></span> 
     </span>
    </p>
   </div>
   <div class='ocr_carea' id='block_1_122' title="bbox 2089 5693 3670 5769">
    <p class='ocr_par' dir='ltr' id='par_1_122' title="bbox 2089 5693 3670 5769">
     <span class='ocr_line' id='line_1_122' title="bbox 2089 5693 3670 5769; baseline -0.001 -17"><span class='ocrx_word' id='word_1_963' title='bbox 2089 5698 2304 5769; x_wconf 88' lang='lat' dir='ltr'><strong>quidem</strong></span> <span class='ocrx_word' id='word_1_964' title='bbox 2355 5705 2503 5749; x_wconf 89' lang='lat' dir='ltr'><strong>certe</strong></span> <span class='ocrx_word' id='word_1_965' title='bbox 2544 5712 2666 5755; x_wconf 75' lang='lat' dir='ltr'><strong>qua:</strong></span> <span class='ocrx_word' id='word_1_966' title='bbox 2710 5693 3003 5748; x_wconf 90' lang='lat' dir='ltr'><strong>succedunt</strong></span> <span class='ocrx_word' id='word_1_967' title='bbox 3052 5701 3234 5761; x_wconf 82' lang='lat' dir='ltr'><strong>postea</strong></span> <span class='ocrx_word' id='word_1_968' title='bbox 3285 5707 3497 5762; x_wconf 75' lang='lat' dir='ltr'><strong>sponsa:</strong></span> <span class='ocrx_word' id='word_1_969' title='bbox 3544 5705 3670 5751; x_wconf 85' lang='lat' dir='ltr'><strong>sunt</strong></span> 
     </span>
    </p>
   </div>
   <div class='ocr_carea' id='block_1_123' title="bbox 2092 5784 3672 5858">
    <p class='ocr_par' dir='ltr' id='par_1_123' title="bbox 2092 5784 3672 5858">
     <span class='ocr_line' id='line_1_123' title="bbox 2092 5784 3672 5858; baseline -0.003 -11"><span class='ocrx_word' id='word_1_970' title='bbox 2092 5790 2291 5847; x_wconf 84' lang='lat' dir='ltr'><strong>omnia.</strong></span> <span class='ocrx_word' id='word_1_971' title='bbox 2324 5787 2518 5843; x_wconf 68' lang='lat' dir='ltr'><strong>Videre</strong></span> <span class='ocrx_word' id='word_1_972' title='bbox 2568 5788 2709 5842; x_wconf 82' lang='lat' dir='ltr'><strong>enim</strong></span> <span class='ocrx_word' id='word_1_973' title='bbox 2756 5784 2974 5841; x_wconf 70' lang='lat' dir='ltr'><strong>dissolvi</strong></span> <span class='ocrx_word' id='word_1_974' title='bbox 3011 5785 3211 5851; x_wconf 88' lang='lat' dir='ltr'><strong>omnia,</strong></span> <span class='ocrx_word' id='word_1_975' title='bbox 3260 5796 3342 5839; x_wconf 89' lang='lat' dir='ltr'><strong>est</strong></span> <span class='ocrx_word' id='word_1_976' title='bbox 3388 5802 3672 5858; x_wconf 82' lang='lat' dir='ltr'><strong>argumen-</strong></span> 
     </span>
    </p>
   </div>
   <div class='ocr_carea' id='block_1_124' title="bbox 3226 5871 3307 5931">
    <p class='ocr_par' dir='ltr' id='par_1_124' title="bbox 3226 5871 3307 5931">
     <span class='ocr_line' id='line_1_124' title="bbox 3226 5871 3307 5931; baseline 0.025 -2"><span class='ocrx_word' id='word_1_977' title='bbox 3226 5871 3307 5931; x_wconf 72' lang='lat'><strong>25</strong></span> 
     </span>
    </p>
   </div>
  </div>
