4120 6400
465 328 570 383 δεῖ]
1197 320 1252 376 S.
1285 317 1558 375 JOANNIS
1585 312 2065 371 CHRYSOSTOMI
2101 310 2419 367 ARCII‘IEP.
2462 308 2996 365 CONSTANTINOP.
3112 377 3117 381 _
3619 302 3727 358 392

472 452 584 496 tum
615 438 843 495 tristitiae
875 454 887 490 :
922 435 1104 491 videre
1132 434 1348 490 domum
1386 434 1689 496 desertam,
1731 440 1815 486 est
1843 445 2043 485 tmere-
2147 444 2285 493 mus.
2315 440 2372 483 ut
2400 429 2510 483 Deo
2540 429 2863 499 placeamus,
2895 435 2950 480 et
2984 424 3130 493 digni
3157 423 3451 477 liaboamur
3480 424 3570 491 qui
3593 438 3725 475 eon-

470 549 549 588 ris
590 530 822 586 occasio.
854 528 964 584 Illic
993 527 1256 591 Christus,
1298 526 1385 579 hic
1425 531 1677 589 satanas;
1708 523 1814 576 illic
1840 522 2042 586 laetitia,
2148 534 2433 589 sequamur
2472 518 2610 573 bona
2653 533 2773 585 qua:
2818 524 2943 570 sunt
2991 515 3252 584 promissa
3305 514 3369 566 iis
3413 514 3502 582 qui
3550 516 3722 582 ipsum

469 627 557 680 hic
598 638 760 686 cura;
812 622 921 675 illic
972 620 1237 687 voluptas,
1271 618 1358 671 hic
1404 617 1593 675 dolor;
1622 615 1731 668 illic
1757 622 2038 682 sumptus,
2148 612 2395 682 diligunt,
2440 612 2612 680 gratia
2661 619 2715 663 et
2764 608 3093 678 benignitate
3137 606 3345 660 Domini
3390 608 3556 659 nostri
3597 604 3745 659 Jesu.

471 716 558 769 hic
603 713 736 767 nihil
764 710 907 775 tale;
937 710 1044 763 illic
1071 708 1325 777 probrum
1351 716 1406 759 et
1431 704 1695 763 dedecus,
1734 702 1820 756 hic
1862 701 2044 755 mode—
2145 702 2369 765 Christi,
2396 702 2480 756 cui
2508 716 2630 754 cum
2661 702 2820 755 Patre
2843 709 2896 753 et
2919 698 3119 767 Spiritu
3160 706 3346 751 sancto
3388 696 3578 765 gloria,
3618 697 3719 747 im.

466 806 598 868 stia;
630 803 739 857 illic
765 801 990 864 invidia,
1024 798 1112 853 hic
1150 797 1293 851 nulla
1338 795 1494 865 plane
1537 805 1620 848 est
1646 790 1841 848 invidia
1872 807 1885 855 ;
1936 790 2045 844 illic
2148 796 2375 865 perium,
2406 794 2598 860 honor,
2628 808 2771 848 nunc
2797 804 2850 848 et
2876 806 3109 862 semper,
3149 802 3205 846 ei
3235 791 3290 845 in
3320 790 3516 846 saecula
3543 802 3720 844 εωω.

474 898 729 960 ebrietas,
780 894 867 949 hic
909 893 1174 946 sobrietas
1203 888 1328 957 ;hic
1355 888 1523 948 salus,
1554 886 1640 940 hic
1668 884 2038 954 temperantia.
2145 888 2337 943 lorum.
2383 890 2572 942 Amen.

473 988 596 1041 Haec
620 995 795 1039 autem
832 984 1009 1038 omnia
1034 982 1350 1050 cogitantes,
1376 978 1636 1033 hactenus
1666 976 1862 1031 malum
1886 975 2042 1030 sista-

470 1246 3687 1287 Μ

1078 1536 1479 1597 ’MONI'PUM
1525 1538 1631 1617 AD
1678 1535 2070 1598 HOMILIAS
2102 1534 2164 1597 S.
2196 1534 2529 1596 JOANNIS
2567 1535 2705 1596 CHF

1525 1538 1631 1617 AD
1678 1535 2070 1598 HOMILIAS
2102 1534 2164 1597 S.
2196 1534 2529 1596 JOANNIS
2567 1533 3134 1596 CHRYSOSTOMI

540 1774 651 1829 Has
679 1787 900 1843 quoque
933 1772 1306 1843 Chrysostomi
1338 1772 1391 1827 in
1424 1771 1691 1843 Epistolas
1717 1772 1783 1826 ad
1814 1772 2331 1829 Thessalonicenses
2360 1773 2614 1828 homilias
2645 1772 3115 1844 Constantinopoli
3154 1772 3371 1829 habitas
3396 1773 3566 1830 fuisse
3596 1775 3712 1846 ipse

468 1915 821 1971 eoneionator
856 1913 1099 1969 insinuat
1131 1928 1256 1967 cum
1293 1912 1429 1967 dicit
1460 1912 1689 1968 homilia
1728 1922 1918 1967 octava
1952 1913 2007 1966 in
2040 1913 2276 1983 primam
2309 1913 2609 1983 Epistolam
2646 1912 2792 1967 circa
2835 1911 2999 1968 linem
3036 1930 3049 1967 :
3091 1914 3204 1986 Ego
3242 1924 3421 1971 autem
3458 1917 3715 1973 obnoxius

466 2079 583 2117 sum
611 2061 887 2115 reddenda:
916 2060 1114 2113 rationi
1141 2059 1296 2129 hujus
1326 2059 1689 2129 pra'fecturw;
1722 2060 1800 2113 ita
1828 2068 1885 2114 ut
1911 2076 2003 2130 ego
2033 2062 2269 2115 omnium
2293 2061 2523 2115 maxime
2547 2060 2770 2131 eﬁ‘ugere
2798 2077 3075 2132 nequeam.
3106 2060 3340 2115 Homilia
3367 2078 3499 2116 vero
3523 2073 3715 2129 quarta

465 2207 535 2261 ad
566 2207 865 2261 secundam
889 2207 957 2261 ad
984 2207 1504 2263 Thessalonicenses
1528 2206 1825 2276 Epistolam
1853 2207 2091 2277 idipsum
2118 2208 2263 2263 clare
2286 2208 2538 2262 enuntiat
2557 2208 2641 2263 his
2670 2207 2857 2263 verbis
2884 2225 2897 2260 :
2922 2206 3211 2263 Adversum
3238 2223 3329 2260 nos
3360 2206 3600 2261 diabolus
3626 2223 3716 2259 ar-

466 2362 643 2407 matur
670 2356 1018 2408 vehementius
1043 2372 1061 2409 :
1090 2356 1145 2408 in
1172 2354 1321 2409 bellis
1354 2354 1494 2407 enim
1526 2364 1647 2407 ante
1676 2350 2019 2408 alios'omnes
2040 2354 2163 2408 belli
2186 2355 2369 2408 ducem
2395 2362 2624 2409 sternere
2653 2362 2875 2408 conatur
2903 2352 3253 2407 adversarius.

530 2488 1265 2561 Constantinopolitanorum
1288 2505 1421 2559 ergo
1440 2491 1572 2544 vitia
1598 2488 1800 2558 passim
1826 2489 2163 2560 perstringit,
2185 2489 2245 2543 in
2271 2488 2501 2559 illosque
2525 2489 2758 2543 maxime
2786 2489 3081 2553 invehitur,
3105 2488 3198 2556 qui
3230 2487 3710 2553 incantationibus,

460 2622 813 2694 ligaminibus
831 2638 903 2677 ac.
924 2622 1251 2676 divinationi
1278 2637 1503 2691 Operam
1532 2621 1756 2675 dabant.
1786 2621 2097 2676 Theatralia
2127 2623 2436 2691 spectacula
2464 2623 2788 2691 proscribit;
2824 2638 2926 2678 nec
2960 2624 3159 2695 injuria
3185 2634 3335 2679 certe
3362 2642 3375 2676 :
3406 2624 3531 2679 talia
3556 2625 3702 2677 enim

458 2760 861 2815 oblectamenta
886 2761 941 2815 in
962 2762 1265 2832 perniciem
1293 2773 1345 2817 et
1364 2763 1629 2834 juvenum
1651 2774 1707 2818 et
1725 2764 1968 2818 virorum
1994 2779 2211 2834 semper
2231 2764 2466 2831 cedunt;
2492 2766 2726 2820 maxime
2748 2781 2881 2821 vero
2905 2764 3398 2834 Constantinopoli,
3427 2764 3519 2818 ubi
3548 2763 3706 2817 nudae

456 2900 716 2956 mulieres
748 2901 805 2955 in
837 2916 999 2957 scena
1029 2904 1441 2973 comparebant.
1463 2902 1644 2970 ,Quam
1675 2913 1884 2973 pestem
1915 2912 1973 2958 ut
2003 2915 2271 2970 amoveat,
2304 2905 2439 2959 nihil
2468 2920 2577 2961 non
2611 2906 2721 2976 agit
2748 2913 2970 2960 sanctus
2997 2907 3227 2959 antistes
3257 2903 3479 2957 homilia
3508 2903 3699 2972 quinta

450 3045 509 3091 et
540 3038 595 3093 in
631 3039 752 3094 aliis
778 3039 943 3094 etiam
968 3055 1089 3109 qua:
1121 3039 1419 3110 prmmissa:
1448 3038 1602 3095 fuere
1633 3039 2011 3095 concionibus.

521 3172 709 3245 Carpit
734 3178 900 3232 etiam
924 3178 1072 3244 illos,
1106 3178 1203 3248 qui
1227 3179 1401 3233 nimio
1426 3178 1577 3233 luctu
1604 3177 1893 3232 defunctos
1918 3175 2393 3246 prosequebantur
2417 3195 2431 3231 :
2455 3177 2579 3232 illos
2601 3192 2734 3232 vero
2759 3190 2884 3230 cum
2905 3174 3217 3246 primis‘qui
3240 3176 3699 3232 resurrectionem

442 3313 657 3369 nullam
689 3311 810 3370 fore
843 3315 1165 3373 credebant.
1192 3316 1349 3383 Quos
1382 3315 1513 3371 alibi
1545 3316 1735 3378 etiam,
1769 3314 1945 3371 sicubi
1972 3315 2188 3371 occasio
2216 3315 2445 3381 feratur,
2477 3313 2738 3385 exagitat.
2772 3314 3083 3371 Verisimile
3116 3331 3352 3388 namque
3380 3327 3465 3374 est
3496 3319 3698 3373 multos

449 3684 3085 3726 ...ξ-..Ἥ-

2578 3698 3672 3745 Μ

1386 3897 1796 3985 SANCTI
1847 3905 2253 3991 PATRIS
2318 3910 2743 3994 NOSTRI

793 4063 1668 4217 ,JOANNIS
1766 4073 2420 4230 CHRYS

1766 4073 3232 4230 CHRYSOSTOMI
3275 4191 3319 4255 .,

1268 4291 1866 4358 ARCHIEPISCOPI
1908 4298 2864 4383 CONSTANTINOPOLITANI,

667 4448 798 4520 ,ΙΝ
854 4450 1477 4523 .EPISTOLAM
1575 4456 2017 4529 ΡΒΙΜΑΜ
2115 4463 2264 4534 AD
2359 4468 3424 4545 THESSALONICENSES

1494 4596 2424 4695 COMMENTARIUS
2470 4601 2555 4683 (α)
2570 4677 2587 4694 .

1751 4760 2374 4820 ηθι-Ὀο-ίενα

1826 4878 2180 4945 ‘HOMILIA
2221 4887 2271 4947 Ι.

429 5021 558 5115 Cu:
593 5020 645 5073 1.
677 5035 729 5071 ν.
763 5020 813 5115 ‘l.
846 5020 1043 5115 Paulus
1072 5028 1116 5115 et
1137 5019 1379 5115 "Silvanus
1399 5030 1443 5071 et
1464 5018 2020 5115 ~TimotlteusEcclesiw
2198 5030 2419 5087 Domino
2441 5033 2565 5089 Iesu
2591 5037 2810 5091 Christo.
2840 5038 2892 5092 2.
2924 5039 3130 5093 Gratias
3149 5041 3345 5110 agimus
3368 5041 3474 5096 Deo
3496 5062 3693 5115 semper

509 5112 1032 5166 Thessmonicensium
1078 5113 1135 5165 in
1189 5110 1291 5165 Deo
1331 5112 1488 5164 Patre
1539 5124 1585 5166 et
1624 5112 1841 5166 Domino
1888 5111 2015 5168 Iesu

2193 5143 2285 5195 pro
2309 5128 2540 5181 omnibus
2561 5128 2718 5193 vobis,
2758 5133 3050 5183 memoriam
3068 5135 3218 5185 vestri
3238 5136 3475 5203 facientes
3496 5136 3548 5187 in
3569 5154 3687 5188 ora-

505 5204 726 5271 Christo,
767 5204 931 5270 gratia
967 5204 1102 5257 vobis
1128 5212 1175 5258 et
1200 5220 1302 5273 pax
1339 5220 1369 5255 a
1421 5202 1529 5256 Deo
1578 5202 1733 5257 Patre
1768 5216 1939 5258 nostro
1967 5216 2015 5259 et

2190 5218 2406 5271 tionibus
2434 5221 2637 5281 nostris,
2662 5220 2715 5273 ’5.
2744 5221 2854 5274 sine
2872 5222 3237 5276 intermissione
3258 5240 3500 5278 memores
3527 5229 3689 5294 operis

981 5375 1012 5389 η
1050 5385 1058 5389 _
1134 5377 1155 5389 Α
1434 5381 1443 5389 ⁸
1483 5376 1513 5389 η
1606 5375 1636 5389 η
1670 5375 1701 5389 η
1785 5378 1813 5389 Α
1856 5378 1867 5389 1
1924 5378 1955 5389 ﬂ
2191 5310 2311 5377 ﬁdei
2344 5321 2521 5364 vestra:
2547 5354 2560 5375 ,
2596 5312 2862 5367 etlaboris
2887 5316 3147 5379 caritatis,
3188 5325 3236 5368 et
3261 5318 3567 5371 sustinentia
3583 5322 3693 5387 spei

491 5381 563 5442 (a)
583 5378 671 5429 Hae
695 5376 904 5428 homiliae
924 5375 1109 5427 collatae
1131 5377 1274 5426 fuere
1300 5389 1407 5426 cum
1431 5376 1592 5426 tribus
1604 5375 1897 5428 Colbertinis
1921 5378 2009 5429 Co-

422 5444 629 5495 dicihus.
655 5443 704 5489 in
720 5442 896 5502 quibus
911 5441 1139 5502 omnibus
1161 5440 1348 5502 initium
1360 5438 1609 5502 ideestLIn
1630 5438 1820 5488 duobus
1841 5447 2007 5489 autem

2186 5399 2394 5455 Domini
2431 5405 2587 5457 nostri
2622 5403 2746 5458 Jesu
2796 5406 3002 5473 Christi,
3048 5416 3162 5460 ante
3198 5406 3362 5461 Deum
3396 5418 3446 5462 et
3484 5375 3687 5461 Patrem

423 5503 533 5551 linis
553 5499 876 5563 desideratur.
904 5501 1049 5563 Initio
1068 5502 1298 5550 memoria
1311 5499 1485 5563 labitur
1496 5499 1877 5563 Chrysostomus,
1895 5514 2006 5550 cum
2186 5502 2431 5546 nostrum.

421 5566 555 5621 dicit,
577 5566 642 5612 ad
666 5562 891 5625 Ephesiis
924 5562 1137 5612 scribens
1167 5575 1300 5610 :non
1336 5562 1465 5609 enim
1511 5574 1570 5610 ea
1596 5562 1721 5623 quae
1756 5563 2006 5624 subjungit

423 5625 649 5687 Ephesiis
671 5627 814 5677 scrib:
853 5659 865 5683 ,
881 5624 971 5674 sed
988 5623 1396 5686 Philippensibus,
1420 5631 1473 5673 ut
1504 5622 1686 5673 ibidem
1709 5624 1759 5671 in
1783 5626 2002 5687 margine

2185 5587 2238 5639 1.
2269 5584 2563 5650 Quamnam
2592 5585 2663 5640 ob
2689 5601 2904 5641 causam
2933 5587 2998 5641 ad
3029 5588 3293 5656 Ephesios
3322 5588 3533 5659 quidem
3557 5589 3689 5643 scri-

414 5677 639 5737 ιιιὸυιιιιιι.
853 5677 863 5683 ’
1114 5677 1162 5686 ’“
1382 5677 1394 5684 ’
1885 5677 1914 5687 ⁷
2111 5677 2262 5744 hens,
2295 5687 2347 5732 et
2376 5692 2555 5733 secum
2580 5678 2785 5734 habens
2817 5679 3156 5735 Timotheum
3175 5720 3193 5747 ,
3221 5696 3343 5735 eum
3372 5695 3549 5735 secqu
3580 5694 3685 5734 non
